4086 6442
444 3399 449 3408 ,
563 3347 795 3400 ritarent
822 3355 877 3400 et
899 3350 1311 3414 exasperarent,
1342 3343 1488 3414 quod
1518 3343 1721 3397 donum
1752 3358 1863 3397 non
1891 3341 2147 3398 admitte-

548 341 652 398 655
731 383 742 394 .
1255 335 1527 393 EUSEBII
1564 334 2043 396 CASSARIENSIS
2083 335 2233 392 OPP.
2276 334 2456 393 PARS
2495 336 2586 392 lll.
2616 364 2686 377 ——
2711 333 3122 394 EXEGETICA.
3795 333 3888 390 6'56

551 455 936 528 principatum,
987 461 1310 524 potestatem
1363 461 1418 510 et
1459 454 1742 519 virtutem,
1797 453 1917 525 ipse
1972 455 2124 511 solus

2254 455 2412 509 πείαν
2458 455 2606 528 παρὰ
2639 455 2732 509 τοῦ
2763 454 2977 526 Πατρός
3027 451 3342 526 εἰληφώς;
3392 448 3530 503 Νυν
3563 446 3673 518 μὲν
3701 447 3805 519 γὰρ
3843 452 3918 508 ἐν,

551 547 837 619 imperium
876 545 1145 601 obtinebit
1195 545 1250 599 in
1301 546 1562 601 saeculum
1607 546 1762 611 illud,
1797 547 1852 601 in
1887 561 1997 617 quo
2040 545 2131 601 lae.

2254 547 2318 618 τῷ
2352 549 2580 620 παρόντι
2619 549 2778 603 αἰῶνι
2822 549 2990 619 ἀρχαὶ
3028 546 3238 601 πολλαὶ
3262 585 3282 608 ,
3341 543 3458 596 καὶ
3519 539 3776 606 ἐξουσίαι
3815 547 3898 598 καὶ

552 641 728 694 titiam
763 637 922 694 nobis
945 637 1035 692 hic
1069 652 1251 692 sermo
1283 638 1596 708 pollicetur.

2254 640 2596 712 ιυριότητες,
2643 641 2738 694 καὶ
2770 639 3121 711 πνευματικά
3170 633 3508 708 πονηρίας
3560 633 3669 686 καὶ
3712 649 3898 704 maps.

550 735 848 809 κράτορεςο
884 735 1004 788 τότε
1025 735 1102 798 δὲ,
1135 733 1223 787 ὅτε
1288 735 1614 806 καταργήσῃ
1651 735 1829 787 πᾶσαν
1864 733 2040 806 ἀρχὴν
2103 735 2198 788 καὶ
2237 735 2486 801 ἐξουσίαν
2539 737 2636 791 καὶ
2685 735 2946 808 δύναμιν,
2995 735 3156 807 μόνος
3211 732 3426 795 αὐτὸς
3463 727 3786 802 ὲξουσιὰσῃ
3817 730 3897 786 τοῦ

552 832 766 897 αἰῶνος,
798 833 856 886 ὲν
884 824 930 900 ᾧ
966 830 1361 900 ἐπαγγέλλεται
1402 833 1530 902 ἡμῖν
1563 833 1591 884 ό
1619 831 1808 902 παρὼν
1840 830 1998 900 λόγος
2037 833 2136 903 τὴν
2176 832 2535 906 εὐφροσύνην.

624 946 792 1003 Vens.
825 946 941 1003 7-9.
987 966 1006 998 ι
1030 945 1194 1002 Oculi
1223 947 1345 1016 ejus
1380 962 1550 1018 super
1574 957 1764 1020 gentes
1797 948 2132 1018 respiciunt:

2310 971 2329 1004 ι
2369 953 2433 1006 Οἱ
2462 952 2733 1024 ὀφθαλμοὶ
2769 951 2936 1006 αὐτοῦ
2967 952 3062 1005 ἐπὶ
3091 951 3160 1006 τά
3184 950 3344 1021 ἔθνη
3388 943 3838 1009 ἐπιϐλέπουσιν,
3857 948 3900 1001 0!

554 1041 649 1112 qui
695 1047 1020 1110 exasperant
1057 1054 1167 1094 non
1195 1041 1510 1094 exaltentur
1547 1039 1601 1094 in
1637 1041 1970 1111 semetipsis.
2013 1039 2140 1096 Dia-

2254 1045 2768 1116 ταραπικραίνοντες
2785 1043 2861 1116 μὴ
2873 1043 3228 1114 ὑψούσθωσαν
3258 1046 3338 1098 ὲν
3371 1042 3656 1104 ἑαυτοῖς.
3675 1041 3904 1110 Anima).-

553 1135 786 1206 psalma.
814 1154 834 1186 ι
863 1133 1000 1190 Cum
1035 1134 1290 1205 superius
1311 1135 1555 1206 gentium
1584 1133 1924 1189 vocationem
1957 1133 2144 1189 adum-

2254 1154 2336 1192 ια.
2361 1135 2486 1190 »Διά
2513 1137 2621 1190 τῶν
2639 1136 2948 1210 ἔμπροσθεν
2963 1136 3466 1208 ὲπεσκιασμένως
3479 1133 3600 1204 τὴν
3611 1131 3732 1186 τῶν
3745 1131 3902 1188 ἐθνῶν

552 1226 758 1289 braret,
803 1226 1117 1281 universam
1163 1235 1364 1281 terram
1409 1227 1715 1282 evocabat:
1744 1242 1922 1296 neque
1959 1235 2138 1280 tamen

2254 1227 2428 1299 ιλῆσιν
2461 1227 2840 1300 αἰνιξάμενος,
2875 1231 3056 1284 πᾶσαν
3084 1230 3182 1301 τὴν
3211 1229 3338 1301 γῆν
3389 1226 3617 1281 ἐκάλει
3637 1242 3653 1256 ’
3686 1227 3752 1278 οὐ
3807 1228 3902 1298 μὴν

553 1327 743 1391 gentes
779 1319 984 1375 diserte
1024 1319 1387 1376 memoravit:
1417 1335 1564 1374 nunc
1614 1335 1744 1374 vero
1798 1319 2145 1392 apertissime

2254 1321 2429 1391 ταφῶς
2457 1321 2528 1376 τά
2547 1321 2676 1390 ἔθνη
2696 1338 2709 1351 ·
2738 1323 2857 1376 νυνὶ
2876 1323 2934 1377 δὲ
2956 1323 3257 1376 λευκότατα
3288 1320 3434 1374 τῶν
3463 1317 3668 1372 ἐθνῶν
3704 1318 3902 1391 μέμνῃ.

553 1413 810 1477 easdem,
877 1427 1089 1468 necnon
1149 1411 1244 1468 Dei
1297 1413 1804 1470 reconciliationem
1863 1415 2133 1470 meminit.

2254 1429 2324 1466 ται
2350 1413 2446 1467 καὶ
2480 1411 2580 1483 τῆς
2619 1410 2712 1466 τοῦ
2736 1411 2872 1465 Θεοῦ
2893 1411 3205 1483 διαλλαγῆς.
3248 1408 3407 1464 Ἐπὶ
3439 1407 3564 1479 μὲν
3625 1406 3743 1476 γὰρ
3799 1406 3900 1458 τῶν

554 1504 689 1559 Nam
719 1504 787 1560 de
818 1504 1200 1576 peccatoribus
1222 1503 1443 1574 quidem
1479 1504 1684 1559 dictum
1717 1511 1801 1560 est
1834 1523 1850 1560 :
1893 1523 1912 1556 ι
1942 1503 2141 1560 Averte

2254 1503 2655 1576 ὶμαρτανόντων
2683 1502 2928 1574 εἴρηταιο
2963 1520 2982 1553 ι
3022 1501 3426 1572 Ἀπόστρεψον
3479 1498 3559 1550 τὸ
3605 1496 3900 1568 πρόσωπόν

556 1599 749 1654 faciem
805 1607 956 1652 tuam
1011 1613 1040 1652 a
1104 1597 1346 1668 peccatis
1400 1598 1640 1664 meis“;
1680 1617 1698 1650 ι
1754 1612 1819 1652 ac
1873 1612 2136 1653 rursum:

2254 1615 2333 1650 mu
2379 1597 2488 1651 ἀπὸ
2518 1597 2628 1650 τῶν
2661 1596 2947 1668 ἁμαρτιῶν
2982 1611 3111 1668 μου·
3146 1613 3164 1647 ι
3199 1595 3300 1648 καὶ
3339 1590 3547 1646 πάλιν
3569 1607 3586 1620 ο
3647 1607 3669 1641 ι
3708 1589 3824 1642 Ἵνα
3849 1592 3896 1642 τί

560 1709 578 1742 ι
615 1692 797 1758 Quare
853 1691 1046 1746 faciem
1099 1700 1272 1753 tuam,
1342 1699 1396 1746 et
1442 1690 1724 1746 dexteram
1779 1697 1931 1746 tuam
1985 1705 2142 1745 aver-

2254 1689 2602 1760 ὶποστρέφεις
2631 1689 2691 1742 τὸ
2720 1687 3010 1760 πρόσωπόν
3047 1704 3140 1741 σου
3182 1685 3278 1739 καὶ
3307 1685 3439 1758 τὴν
3481 1680 3696 1746 δεξιάν
3725 1697 3850 1739 σου;
3877 1700 3892 1729 ι

557 1787 628 1842 tis
646 1786 731 1840 "?
761 1805 777 1836 ι
819 1795 868 1840 et
907 1786 1145 1840 iterum:
1179 1803 1196 1836 ι
1228 1783 1490 1839 Avertisti
1531 1790 1715 1838 autem
1749 1781 1948 1838 faciem
1986 1789 2137 1836 tuam

2254 1782 2336 1834 ιιαὶ
2359 1779 2519 1834 πάλιν
2539 1797 2552 1810 ·
2588 1800 2606 1831 ι
2649 1779 3021 1852 Ἀπέστρεψας
3048 1779 3107 1832 δὲ
3136 1778 3197 1832 τὸ
3229 1774 3582 1849 πρόσωπόν
3633 1788 3770 1836 σου,
3805 1773 3894 1825 καὶ

558 1895 588 1931 a
620 1894 726 1942 me,
772 1885 828 1934 et
868 1875 1044 1932 factus
1094 1891 1214 1931 sum
1261 1874 1628 1930 conturbatus
1650 1875 1718 1929 ".
1757 1893 1774 1926 ι
1811 1872 1887 1928 De
1909 1873 1978 1929 iis
2011 1889 2142 1928 vero

2254 1874 2508 1946 ἐγενήθην
2538 1873 2960 1945 τεταραγμένος.
2984 1891 3002 1924 ι
3050 1871 3175 1925 Ἐπὶ
3205 1871 3265 1925 δὲ
3301 1869 3441 1925 τῶν
3477 1865 3723 1936 ἀγαθὰς
3750 1865 3896 1918 ἑλπί-

557 1971 650 2040 qui
685 1970 827 2026 bona
880 1984 978 2039 spe
1026 1968 1284 2025 instructi
1339 1977 1469 2023 sunt
1515 1967 1725 2022 dictum
1778 1975 1863 2022 est
1890 1985 1902 2021 :
1934 1985 1955 2018 ο
1985 1966 2141 2022 Oculi

2254 1968 2337 2031 δας
2385 1968 2619 2039 ἐχόντων
2677 1965 2924 2020 λέλεκται
2950 1983 2962 1996 ·
3019 1985 3037 2018 ι
3088 1964 3408 2036 Ὀφθαλμοὶ
3487 1959 3724 2032 Κυρίου
3802 1960 3889 2011 ἐπι

561 2063 774 2119 Domini
818 2075 984 2131 super
1010 2059 1214 2130 justos,
1261 2067 1315 2112 et
1355 2072 1519 2114 aures
1566 2057 1687 2127 ejus
1726 2057 1778 2111 in
1821 2071 2011 2127 preces
2055 2071 2146 2111 eo-

2254 2053 2507 2118 δικαίους,
2566 2054 2661 2108 καὶ
2710 2047 2825 2108 ὦτα
2873 2053 3038 2108 αὐτοῦ
3089 2054 3168 2118 εἰς
3210 2053 3417 2125 δέησιν
3456 2049 3710 2104 αὐτῶν·
3745 2067 3766 2097 ι
3801 2047 3890 2100 καὶ

560 2171 679 2209 rum
700 2154 783 2222 5‘;
821 2173 838 2206 ›
873 2162 929 2208 et
971 2167 1236 2208 rursum:
1272 2169 1289 2200 ι
1325 2149 1483 2204 Oculi
1532 2150 1611 2204 tui
1644 2149 1867 2204 videant
1908 2149 2142 2218 aequita—

2254 2146 2434 2202 πάλιν⁸
2465 2167 2482 2199 ι
2509 2148 2572 2201 Οἱ
2591 2146 2860 2218 ὀφθαλμοί
2895 2164 2990 2200 σου
3019 2147 3278 2200 ίδέτωσαν
3314 2144 3680 2212 εὐθύτητας
3701 2157 3716 2169 ο
3749 2159 3769 2191 ι
3797 2138 3884 2192 καὶ

559 2257 641 2301 tes
662 2247 745 2314 ‘5;
779 2267 797 2298 ι
847 2253 902 2300 et
948 2244 1147 2299 iterum
1190 2259 1269 2296 ιι(
1303 2240 1562 2312 Signetur
1607 2255 1775 2311 super
1821 2254 1924 2294 nos
1962 2239 2142 2294 lumen

2254 2234 2432 2302 αὖθις·
2468 2257 2486 2288 ‹
2518 2237 2890 2308 Σημειωθήτω
2931 2239 3016 2306 ἐφ’
3059 2239 3207 2308 ἡμᾶς
3248 2236 3309 2289 τὸ
3355 2234 3501 2306 φῶς
3552 2231 3662 2286 τοῦ
3716 2246 3884 2301 προσ-

561 2338 742 2392 γυιιυε
777 2338 877 2400 tui,
922 2333 1152 2389 Domine
1171 2333 1237 2386 ".
1275 2352 1294 2384 ι
1335 2332 1541 2403 Magna:
1589 2333 1756 2404 igitur
1797 2332 2142 2404 pollicitatio-

2254 2329 2393 2384 ὥπου
2438 2347 2553 2397 σου,
2586 2329 2780 2402 Κύριε.
2807 2351 2824 2382 ι
2865 2329 3115 2399 Μεγάλαι
3155 2330 3336 2383 τοίνυν
3393 2325 3766 2396 ἐπαγγελίαι
3796 2324 3878 2376 διὰ

562 2443 658 2483 nes
688 2426 943 2498 gentibus
982 2426 1035 2480 in
1065 2425 1323 2494 prassenti
1353 2425 1493 2479 datae
1525 2432 1672 2480 sunt.
1705 2422 1822 2483 Jam
1847 2425 1991 2477 oeuli
2022 2423 2143 2492 ejus

2254 2425 2350 2480 τῶν
2385 2423 2760 2496 προκειμένων
2794 2427 2903 2489 τοῖς
2929 2424 3106 2478 ἔθνεσι
3135 2424 3376 2479 δέδονται
3395 2441 3414 2456 ο
3453 2422 3577 2494 ἤδη
3602 2418 3878 2490 ὀφθαλμοὶ

560 2537 726 2590 super
768 2526 958 2591 gentes
1003 2517 1327 2588 respiciunt.
1373 2516 1552 2587 Atque
1595 2515 2002 2571 animadvertas
2052 2532 2145 2569 ve-

2254 2515 2409 2572 ιὺτοῦ
2436 2519 2528 2572 ἐπὶ
2559 2519 2626 2572 τά
2659 2517 2788 2590 ἔθνη
2818 2517 3189 2572 ὲπιόλέπουσι.
3223 2519 3332 2571 Καὶ
3366 2517 3486 2571 θέα
3520 2517 3694 2576 ὅπως
3723 2509 3874 2565 οὐδα-

562 2610 655 2662 lim
711 2608 765 2662 in
803 2607 955 2662 hisce
989 2621 1260 2676 nusquam
1295 2603 1606 2661 Judaeornm
1663 2606 1994 2662 mentionem
2044 2607 2142 2660 ha-

2254 2609 2351 2681 μοῦ
2394 2609 2502 2664 τῶν
2533 2610 2909 2682 προκειμένων
2946 2609 3217 2664 Ἰουδαίων
3262 2609 3608 2682 μέμνηται,
3643 2604 3717 2658 δι’
3754 2602 3868 2655 ὅλου

561 2701 710 2768 beri;
761 2700 858 2756 sed
892 2716 988 2772 per
1018 2708 1192 2754 totum
1243 2700 1516 2770 psalmum
1565 2699 1708 2754 bona
1752 2698 2010 2770 gentibus
2047 2715 2145 2752 an-

2254 2699 2301 2753 5ὲ
2327 2703 2438 2764 τοῖς
2469 2699 2645 2753 ἔθνεσι
2674 2699 2741 2754 τὰ
2772 2699 2981 2771 χρηστά
3009 2697 3454 2768 εὐαγγελίζεται.
3510 2697 3579 2749 '0
3632 2694 3740 2764 μὲν
3782 2686 3870 2744 οὖν

561 2794 826 2848 nuntiari.
874 2792 1258 2848 Perhumanus
1297 2807 1430 2864 ergo
1459 2792 1549 2848 ille
1583 2791 1828 2864 gentium
1884 2791 2146 2846 Servatur

2254 2791 2625 2863 φιλάνθρωπος
2649 2792 2758 2845 τῶν
2789 2791 2959 2846 ἐθνῶν
2997 2791 3190 2864 Σωτὴρ
3218 2793 3343 2856 τοὺς
3375 2789 3730 2861 ὀφθαλμοὺς
3767 2786 3862 2838 αὖ·

561 2885 754 2940 oculos
796 2899 949 2946 suos.
988 2883 1200 2939 scilicet
1235 2880 1563 2953 inspiciendi
1596 2882 1849 2944 virtutes,
1884 2884 2145 2953 expandit

2254 2881 2373 2946 τοῦ,
2409 2882 2509 2946 τὰς
2536 2883 2899 2946 ὲπισκοπικὰς
2941 2882 3141 2955 δηλαδὴ
3183 2883 3448 2954 δυνάμεις
3477 2923 3494 2946 ,
3535 2880 3864 2952 ἐξὴπλωσειν

563 2979 618 3033 in
646 2992 840 3033 omnes
869 2983 1081 3049 gentes.
1115 2975 1280 3031 Lucis
1323 2983 1508 3029 autem
1537 2972 1677 3029 radii
1709 2989 1776 3030 ex
1821 2974 1998 3030 oculis
2024 2975 2145 3044 ejus

2254 2975 2340 3027 ἐπὶ
2367 2975 2546 3029 πάντα
2580 2975 2647 3028 τά
2674 2975 2822 3047 ἔθνη.
2846 2975 3026 3040 Φωτὸς
3052 2975 3109 3028 δὲ
3153 2977 3370 3040 ἀκτῖνες
3400 2978 3472 3030 ὲκ
3504 2974 3632 3028 τῶν
3662 2971 3858 3041 ὀφθαλ-

560 3069 770 3134 emissi,
817 3069 1033 3125 animas
1093 3068 1180 3123 sui
1238 3081 1471 3138 capaces
1524 3065 1826 3122 illustrant.
1873 3064 2142 3132 Quoniam

2254 3062 2366 3133 μῶν
2397 3063 2562 3117 αὐτοῦ
2594 3065 2942 3136 πεμπόμεναι
2973 3065 3072 3129 τάς
3098 3066 3414 3138 χωρητικάς
3445 3065 3655 3119 αὐτῶν
3681 3062 3858 3133 ψυχὰς

563 3176 694 3216 vero
726 3160 972 3215 futurum
1017 3166 1135 3214 erat
1172 3166 1234 3212 ut
1274 3171 1385 3211 non
1433 3169 1627 3212 omnes
1658 3156 1890 3227 gratiam
1935 3158 2145 3226 recipe-

2254 3156 2715 3228 καταλάμπουσιν.
2735 3157 2885 3211 Ἐπεὶ
2905 3157 2961 3210 δὲ
2983 3157 3214 3230 ἤμελλον
3238 3158 3312 3230 μὴ
3331 3159 3550 3223 πάντες
3568 3158 3677 3229 τὴν
3701 3156 3853 3228 χάριν

562 3263 706 3318 rent,
737 3254 830 3310 sed
864 3261 1070 3307 tantam
1113 3251 1236 3320 ejus
1257 3264 1384 3322 erga
1414 3249 1664 3306 homines
1693 3249 2040 3305 clementiam
2071 3250 2144 3303 ir-

2254 3248 2628 3320 ὑποδέχεσθαι,
2666 3250 3017 3322 παροργίζειν
3045 3250 3102 3304 δὲ
3144 3249 3204 3304 τὸ
3241 3251 3364 3304 ὅσον
3396 3253 3486 3306 ἐπ’
3535 3250 3738 3312 αὐτοῖς
3769 3248 3855 3300 καὶ

2249 3342 2712 3414 παραπικραίνειν
2737 3342 2835 3414 τὴν
2878 3343 3146 3416 τοσαύτην
3189 3343 3638 3416 φιλανθρωπίαν,
3678 3341 3767 3394 διὰ
3791 3339 3848 3391 τὸ

2253 3434 2328 3506 μὴ
2378 3433 2778 3506 παραδέχεσθαι
2827 3435 2887 3490 τὸ
2914 3435 3116 3508 δῶρον,
3167 3439 3391 3502 εἰκότως
3451 3438 3846 3492 ὲπιλέλεκται·

2255 3544 2273 3576 ι
2302 3525 2364 3578 0i
2393 3527 2925 3597 παραπικραίνοντες
2961 3528 3035 3600 μὴ
3060 3528 3418 3598 ὑψούσθωσαν
3448 3532 3514 3585 ἐν
3555 3531 3795 3590 ἑαυτοῖς.
3820 3545 3838 3577 ι

2250 3615 2509 3686 Σημαίνει
2547 3616 2605 3670 δὲ
2650 3617 2739 3672 διὰ
2791 3619 2994 3673 τούτων
3042 3622 3137 3674 καὶ
3177 3623 3302 3686 τοὺς
3350 3623 3407 3677 ὲν
3465 3625 3590 3686 τοῖς
3637 3619 3846 3674 ἔθνεσιν

2251 3705 2496 3770 ἀπειθεῖς
2523 3707 2617 3762 καὶ
2640 3709 3046 3774 ἀνυποτάκτους
3073 3711 3150 3782 τῷ
3187 3713 3533 3785 εὐαγγελικῷ
3561 3713 3729 3783 λόγῳ.
3757 3708 3840 3762 Διὸ

2249 3799 2496 3854 λέλεκται
2536 3801 2688 3874 παρὰ
2729 3802 2808 3873 τῷ
2847 3803 3130 3876 Συμμάχῳ
3155 3821 3168 3834 ·
3213 3821 3234 3858 ι
3269 3807 3332 3858 Οἱ
3367 3806 3650 3879 ὀφθαλμοὶ
3681 3801 3838 3859 αὐτοῦ

2250 3893 2318 3945 τὰ
2371 3893 2497 3965 ἔθνη
2565 3895 3017 3950 ἐπισκοπεύουσι·
3066 3898 3115 3950 οἱ
3167 3897 3414 3963 ἀπειθεῖς
3463 3900 3544 3972 μὴ
3596 3896 3835 3970 ὑψούτω-

2253 4002 2350 4039 σαν
2399 3985 2644 4050 ἑαυτούς.
2669 4007 2686 4038 ι
2731 3987 2992 4059 Σημαίνει
3031 3987 3087 4042 δὲ
3122 3991 3218 4042 καὶ
3261 3989 3436 4054 ἄλλως
3466 3993 3604 4056 τοὺς
3646 3992 3712 4043 ὲκ
3746 4003 3835 4040 πε·

2253 4079 2481 4151 ριτομῆς
2512 4079 2884 4151 ἀθετήσαντας
2910 4080 3008 4152 τὴν
3031 4081 3190 4154 χάριν
3213 4083 3306 4136 καὶ
3329 4083 3430 4154 τὴν
3461 4084 3559 4138 τοῦ
3586 4081 3836 4154 Σωτῆρος

2252 4169 2444 4240 κλῆσιν
2466 4170 2987 4241 ὑπερφρονήσαντας
3005 4186 3019 4201 ·
3045 4170 3124 4223 διὸ
3148 4172 3285 4242 πρὸς
3307 4173 3504 4238 αὐτοὺς
3527 4175 3592 4228 τὺ
3615 4170 3831 4240 Πνεῦμα

573 4285 590 4314 ι
621 4266 767 4320 Aure
805 4264 1068 4329 audiatis,
1104 4272 1160 4318 et
1202 4277 1270 4318 ne
1302 4264 1654 4334 intelligatis;
1707 4270 1762 4318 et
1793 4262 2038 4320 videntes
2070 4264 2150 4319 vi-

2254 4263 2313 4316 τὸ
2345 4263 2498 4331 ἆγιον
2531 4261 2623 4316 καὶ
2649 4261 2738 4316 διὰ
2781 4264 2999 4318 Ἡσαΐου
3032 4265 3343 4320 ἀπετείνετο
3374 4268 3556 4338 φῆσαν
3579 4286 3593 4299 ·
3627 4286 3646 4318 r
3678 4263 3829 4332 Ἀκοῇ

569 4356 768 4420 deatis,
807 4365 861 4413 et
887 4373 956 4412 ne
991 4357 1182 4414 sciatis
1204 4357 1271 4410 ".
1307 4375 1326 4409 ι
1359 4355 1550 4412 Merito
1590 4358 1757 4427 igitur
1789 4357 1935 4412 viros
1967 4358 2143 4411 incre-

2254 4355 2543 4426 ἀκούσητε,
2576 4355 2671 4410 καὶ
2695 4355 2755 4410 ού
2785 4356 2860 4428 μὴ
2893 4358 3110 4430 συνῆτε,
3144 4360 3238 4414 καὶ
3260 4359 3545 4428 βλέποντες
3581 4359 3825 4432 βλέψητεο

573 4464 710 4518 pans
738 4463 980 4519 presens
1027 4463 1232 4511 sermo,
1269 4455 1458 4519 utpote
1500 4448 1620 4502 sine
1650 4461 1819 4502 causa
1863 4447 1932 4502 de
1973 4456 2150 4500 atavo-

2255 4447 2349 4499 xa‘l
2375 4447 2436 4500 οὐ
2475 4449 2550 4519 μὴ
2581 4445 2753 4517 ἴδητε.
2788 4467 2808 4499 ι
2844 4449 3085 4512 Εἰκότως
3131 4450 3420 4521 τοιγαροῦν
3456 4449 3827 4523 ὲπιρραπίζων

573 4553 694 4594 rum
727 4539 988 4609 dignitate
1031 4539 1272 4602 inﬂatos,
1327 4547 1382 4596 et
1432 4537 1501 4595 de
1543 4539 1948 4610 progenitorum
1976 4539 2150 4608 gloria

2254 4540 2450 4604 αὐτοὺς
2481 4543 2510 4595 ό
2540 4540 2734 4612 παρὼν
2774 4541 2952 4611 λόγος,
2981 4543 3103 4615 εἰκῆ
3148 4543 3544 4614 φυσιουμένους
3588 4543 3683 4598 ἐπὶ
3722 4541 3822 4601 τοῖς

570 4631 740 4686 altum
769 4632 1070 4702 sapientes,
1092 4633 1228 4688 dicit
1255 4651 1267 4688 :
1299 4651 1320 4682 ‹
1351 4631 1457 4699 Qui
1495 4639 1825 4704 exasperant
1853 4647 1965 4686 non
2007 4631 2150 4686 exal-

2259 4632 2565 4705 προγόνοις,
2602 4635 2697 4688 καὶ
2724 4635 2869 4706 μέγα
2896 4635 3226 4705 φρονοῦντας
3261 4637 3354 4690 ἐπὶ
3382 4640 3448 4709 τῇ
3480 4636 3592 4691 τῶν
3623 4649 3824 4709 προπα-

571 4733 758 4779 tentur
789 4725 844 4780 in
874 4725 1203 4795 semetipsis.
1238 4745 1256 4776 ι
1279 4723 1459 4781 Heus!
1494 4740 1611 4790 vos,
1649 4725 1848 4794 inquit,
1880 4724 2150 4794 superbia:

2255 4725 2429 4796 τόρων
2457 4725 2838 4798 εὐδοκιμήσει,
2893 4727 3091 4798 φησίνο
3139 4747 3158 4780 ι
3198 4730 3261 4783 Oi
3307 4728 3820 4802 παραπικραίνοντες

571 4825 627 4871 et
657 4832 798 4872 vano
829 4819 1030 4872 tumori
1076 4827 1262 4874 vestro
1290 4817 1452 4874 ﬁnem
1497 4819 1645 4885 date,
1700 4819 1940 4874 scientes
1981 4817 2150 4873 Deum

2261 4819 2337 4890 μὴ
2372 4818 2725 4890 ὑψούσθωσαν
2760 4821 2818 4874 ἐν
2872 4822 3102 4885 ἑαυτοῖς.
3135 4841 3154 4872 ι
3187 4821 3478 4876 Παύσασθε
3511 4823 3650 4894 γὰρ,
3681 4817 3820 4890 φησὶν

563 3443 721 3502 rent;
749 3436 875 3506 jure
907 3434 1128 3490 additur
1156 3452 1170 3487 :
1201 3453 1222 3484 ‹
1253 3431 1357 3499 Qui
1389 3440 1716 3502 exasperant
1756 3447 1868 3488 non
1903 3433 2148 3488 exalten-

567 3538 660 3584 tur
683 3528 739 3583 in
773 3527 1107 3598 semetipsis.
1143 3545 1162 3580 ι
1207 3525 1302 3583 llis
1324 3541 1490 3598 porro
1517 3525 1794 3597 signiﬁcat
1813 3540 1910 3582 eos
1933 3541 2000 3581 ex
2024 3541 2149 3596 gen-

563 3621 735 3686 tibus,
775 3619 870 3690 qui
917 3619 1253 3690 immorigeri
1301 3627 1357 3676 et
1397 3619 1823 3690 inobsequentes
1852 3615 2148 3688 Evangelio

565 3724 714 3770 sunt.
768 3713 952 3780 Quare
1007 3712 1151 3782 apud
1208 3711 1599 3785 Symmachum
1652 3712 1856 3768 dicitur
1889 3730 1904 3766 :
1937 3731 1955 3764 ι
1988 3709 2146 3766 Oculi

565 3809 690 3880 ejus
717 3815 908 3880 gentes
955 3807 1294 3877 inspiciunt;
1343 3807 1765 3876 inobsequentes
1802 3821 1872 3860 ne
1905 3807 2148 3862 exaltent

566 3901 913 3972 semetipsos.
958 3919 976 3952 ι
1014 3899 1135 3953 Alio
1170 3899 1296 3954 item
1351 3914 1518 3955 sensu
1550 3899 1754 3955 indicat
1791 3914 1888 3956 eos
1939 3914 2004 3954 ex
2049 3899 2150 3953 cir-

566 3990 926 4054 cumcisione,
955 3991 1048 4060 qui
1082 3989 1314 4059 gratiam
1343 3995 1816 4058 contempserunt,
1866 3997 1922 4044 et
1959 3988 2150 4044 Serva-

567 4083 706 4139 tnris
753 4082 1097 4137 vocationem
1139 4079 1298 4135 nihili
1357 4079 1626 4136 fecerunt.
1668 4083 1851 4148 Quare
1910 4079 2148 4151 Spiritus

568 4184 796 4230 sanctus
858 4189 957 4245 per
1007 4173 1204 4229 Isaiam
1259 4172 1328 4228 ad
1379 4187 1478 4228 eos
1543 4173 1844 4244 respiciens
1891 4173 2144 4229 dicebat:

573 4925 683 4964 non
727 4911 922 4981 magis,
954 4925 1121 4981 quam
1161 4911 1392 4981 reliquis
1420 4911 1698 4982 gentibus,
1743 4911 1899 4966 vobis
1934 4913 2152 4981 prospi-

574 5015 719 5056 cere.
755 4998 912 5056 Oculi
939 5017 1072 5073 ergo
1111 5003 1261 5059 illius
1296 5004 1564 5058 lustrandi
1591 5004 1645 5057 vi
1672 5002 1906 5074 pmditi,
1946 5006 2156 5058 univer-

576 5108 763 5148 sorum
791 5093 1074 5150 hominum
1109 5095 1506 5166 providentiam
1535 5105 1808 5167 gerentes,
1840 5110 2005 5167 super
2031 5111 2159 5167 gen-

577 5195 660 5241 tes
693 5187 1015 5258 respiciunt.
1053 5187 1195 5254 Quid
1237 5188 1406 5259 igitur
1441 5203 1560 5252 vos,
1603 5203 1667 5242 ac
1694 5187 1742 5243 si
1775 5189 2156 5258 praestantiora

576 5280 892 5344 obtineatis,
909 5281 1224 5337 exaltamini
1244 5283 1298 5336 in
1317 5282 1748 5352 vobismetipsis,
1767 5297 1891 5338 cum
1917 5283 2152 5338 maxime

577 5371 681 5427 viri
724 5381 1115 5443 exasperantes
1163 5374 1324 5430 sitis?
1357 5373 1512 5439 Quod
1564 5383 1748 5430 autem
1787 5375 1936 5445 ipsos
1969 5390 2152 5430 sermo

578 5465 906 5533 subindicet,
937 5475 1123 5538 aperte
1153 5467 1395 5522 declarat
1427 5468 1668 5536 Spiritus
1694 5484 1790 5540 per
1813 5468 2152 5524 Ezechielem

577 5557 811 5614 dicens:
842 5577 861 5608 ι
893 5555 995 5612 Fili
1041 5557 1296 5624 hominis,
1339 5557 1550 5614 mittam
1585 5566 1639 5614 te
1669 5574 1771 5629 ego
1814 5559 1883 5614 ad
1927 5559 2149 5614 domum

654 5715 695 5746 ⁶¹
730 5713 874 5772 Psal.
908 5717 1068 5783 1.,ll.
1140 5717 1190 5750 ⁵³
1212 5714 1358 5772 Psal.
1380 5731 1535 5783 xuii,
1556 5714 1645 5769 ‘24.

1723 5715 1770 5747 ⁵³
1799 5713 1944 5771 Psal.
1979 5731 2128 5779 xxxx,
2148 5714 2203 5770 8.

578 5785 626 5820 ⁸⁷
653 5786 757 5841 lsa.
788 5805 862 5850 v1,
891 5788 943 5842 9.

2260 4907 2670 4980 βρενθυνόμενοι
2698 4910 2791 4963 καὶ
2824 4912 2942 4982 εξκῆ
2973 4911 3320 4982 τυφούμενοι,
3339 4905 3385 4965 ὧ
3407 4906 3571 4973 οὗτοι,
3595 4912 3814 4982 γνόντες.

2255 5003 2341 5055 ὅτι
2385 5003 2448 5056 οὑ
2485 5003 2684 5073 μᾶλλον
2717 5002 2847 5074 ὑμῖν
2897 5004 3179 5058 ὲπιϐλέπει
3203 5007 3232 5059 ό
3267 5006 3398 5070 Θεὸς
3428 5003 3461 5076 ἦ
3494 5007 3606 5068 τοῖς
3635 5002 3816 5066 λοιποῖς

2257 5093 2489 5148 ἔθνεσιν.
2529 5095 2593 5148 Οί
2634 5093 2765 5164 γοῦν
2799 5095 2896 5166 τῆς
2931 5097 3292 5168 ὲπισκοπικῆς
3340 5098 3506 5152 αὑτοῦ
3557 5097 3815 5168 δυνάμεως

2259 5186 2528 5257 ὀφθαλμοὶ
2552 5226 2568 5250 ,
2616 5187 2834 5242 πάντων
2867 5187 3168 5262 ἀνθρώπιον
3201 5189 3459 5261 πρόνοιαν
3491 5189 3813 5262 ποιούμενοι.

2262 5281 2356 5333 ἐπὶ
2409 5280 2481 5333 τά
2531 5279 2658 5352 ἔθνη
2699 5280 3073 5336 ὲπιὸλέπουσι.
3115 5283 3180 5336 Τί
3212 5279 3306 5338 οὖν
3337 5286 3526 5356 ὑμεῖς,
3555 5284 3737 5355 ὥσπερ
3771 5295 3812 5330 τι

2260 5373 2540 5443 ἐξαίρετον
2569 5374 2915 5445 κεκτημένοι,
2941 5375 3173 5446 ὑψούσθε
3207 5378 3264 5430 ὲν
3294 5379 3522 5445 ἑαυτοῖς,
3552 5379 3646 5431 καὶ
3665 5375 3814 5430 ταῦτα

2260 5465 2453 5536 ἄνδρες
2484 5465 2637 5530 ὄντες
2694 5467 2780 5519 ἀεὶ
2808 5469 3371 5540 παραπικραίνοντες;
3406 5471 3525 5523 Ὅτι
3550 5469 3607 5523 δὲ
3642 5468 3814 5526 αὐτοὺς

2259 5558 2554 5612 αἰνίττεται
2577 5560 2604 5612 ό
2638 5559 2814 5629 λόγος,
2852 5560 3040 5631 σαφῶς
3079 5563 3374 5634 παρίστησι
3398 5563 3457 5616 τὸ
3486 5563 3709 5635 Πνεῦμα
3745 5559 3814 5612 διὰ

2279 5715 2326 5745 ³⁸
2356 5713 2503 5772 Psal.
2541 5731 2736 5781 xum,
2761 5717 2844 5772 16.
2913 5717 2957 5750 ³⁸
2989 5717 3132 5774 Psal.
3169 5734 3278 5782 xvi,
3301 5717 3353 5773 2.
3435 5721 3480 5752 ³⁸
3504 5718 3648 5776 Psal.
3681 5717 3799 5788 iv,7
