4086 6442
276 426 388 484 657

1389 437 1677 494 COMMEN
1695 439 1893 494 I‘ARIA
1935 438 2004 493 IN
2041 439 2380 496 PSALMOS.

3432 442 3536 499 658

291 543 554 619 Ἰεζεκιὴλ
579 546 736 617 λέγον
753 565 766 580 ·
795 570 813 600 ι
841 550 935 604 Υίὲ
960 552 1268 624 ἀνθρώπου,
1295 555 1636 623 ἐξαποστελῶ
1668 576 1726 611 σε
1753 557 1862 628 ἐγὼ

1970 559 2154 619 Israel.
2182 559 2246 614 ad
2275 568 2684 630 exasperantes.
2711 560 2801 630 qui
2832 569 3293 630 exasperaverunt
3321 573 3406 614 me
3433 541 3536 628 ipsi

277 637 421 708 πρὸς
467 637 556 692 τὸν
607 634 756 693 οἰκον
818 643 1064 715 Ἰσραὴλ,
1114 647 1241 710 τοὺς
1289 649 1822 720 παραπικραίνοντας
1845 689 1859 713 ,

275 729 479 795 οἵτινες
509 733 927 805 παρεπίκρανάν
949 755 1015 808 με
1047 738 1201 792 αὐτοὶ
1235 742 1328 793 καὶ
1355 743 1403 794 oi
1431 741 1664 814 πατέρες
1684 740 1861 796 αὐτῶν

278 821 389 886 ἓως
430 823 529 896 τῆς
571 829 810 899 σήμερον
855 829 1100 902 ἡμέρας·
1149 851 1166 883 ι
1208 833 1302 886 καὶ
1337 833 1492 904 ἑξῆς·
1539 854 1557 886 ‹
1591 833 1715 888 Ἐὰν
1756 835 1863 906 ἄρα

278 914 616 984 ἀκούσωσιν,
652 917 684 990 ἢ
720 920 1060 993 πτοηθῶσιν,
1109 923 1243 978 διότι
1285 922 1431 991 οἶκος
1487 944 1862 999 παραπικραι-

279 1007 480 1061 νόντων
505 1011 655 1063 ἐστί·
689 1034 708 1064 ι
742 1014 834 1066 καὶ
868 1013 1027 1068 πάλιν
1045 1032 1058 1046 ο
1089 1035 1106 1066 ι
1136 1018 1246 1070 Kal
1276 1017 1495 1090 λαλήσω
1516 1020 1644 1082 τοὺς
1671 1019 1862 1088 λόγους

283 1119 389 1172 μου
419 1103 555 1175 πρὸς
585 1104 802 1170 αὐτοὺς,
839 1107 934 1160 ἐὰν
965 1108 1072 1179 ἄρα
1099 1108 1434 1176 ἀκούσωσιν,
1465 1111 1498 1182 ἢ
1532 1111 1857 1182 πτοηθῶσιν,

277 1195 363 1247 ὅτι
405 1191 551 1260 οἶκος
589 1200 1138 1270 παραπικραινόντων
1187 1203 1322 1256 ἐστί.
1375 1223 1391 1252 ι
1442 1203 1552 1256 Kal
1587 1205 1644 1256 ἐν
1695 1210 1765 1275 ρε⁹
1803 1203 1861 1257 δὲ

278 1287 480 1360 ψαλμῷ
528 1288 802 1344 λέλεκται·
850 1311 868 1342 ι
904 1292 1026 1346 Ὅτι
1067 1295 1484 1367 παρεπίκραναν
1529 1296 1590 1349 τὸ
1645 1295 1858 1368 πνεῦμα

281 1380 478 1434 αὐτοῦ’
511 1400 530 1433 ι
573 1382 667 1435 καί⁸
712 1383 874 1437 πάλιν
895 1401 908 1414 ο
946 1403 966 1437 ί
997 1384 1294 1450 Πλεονάκις
1327 1387 1594 1459 ἐρρύσατο
1627 1388 1854 1452 αὐτούς·

283 1473 437 1551 αύτοὶ
468 1473 525 1527 δέ
558 1476 971 1548 παρεπίκραναν
1014 1478 1174 1531 αὐτὸν
1205 1480 1261 1532 ἐν
1293 1482 1359 1551 τῇ
1399 1480 1560 1552 βουλῇ
1601 1480 1802 1535 αὐτῶν.
1836 1501 1853 1532 ι

283 1565 391 1619 Ναὶ
431 1566 536 1638 μὴν
582 1569 674 1621 καί
702 1570 942 1640 Μωῦσῆς
969 1570 1067 1642 τὴν
1093 1572 1314 1643 πικρίαν
1347 1573 1528 1626 αὐτῶν
1567 1573 1857 1646 παρίστησι

283 1657 486 1727 λέγων’
545 1678 564 1710 ι
601 1659 695 1712 Ἐκ
743 1660 852 1733 γὰρ
924 1662 1188 1734 ἀμπέλου,
1218 1664 1465 1736 Σοδόμων
1522 1667 1556 1736 ἡ
1618 1664 1859 1735 ἄμπελος

282 1751 484 1816 αὐτῶν,
517 1752 612 1806 καὶ
644 1756 678 1824 η
706 1752 975 1825 κληματίς
1005 1756 1186 1810 αὐτῶν
1224 1758 1289 1810 ἐκ
1318 1757 1633 1830 Γομόρραςο
1671 1760 1704 1829 ἠ
1735 1775 1859 1811 στα-

282 1841 423 1913 ipsi!)
453 1841 628 1896 αὐτῶν
663 1843 906 1916 σταφυλὴ
939 1845 1123 1916 χολῆς,
1152 1845 1346 1919 βότρυς
1372 1848 1595 1919 πικρίας
1621 1846 1817 1901 αὐτῶν.
1835 1865 1853 1899 ι

282 1936 392 1989 Kal
441 1938 498 1990 ἐν
530 1936 606 2008 τῷ
657 1937 897 2010 Ἱερεμίᾳ
943 1938 1001 1992 δέ
1033 1939 1246 2012 εἴρηται
1288 1940 1424 2012 πρὸς
1471 1941 1598 2004 τοὺς
1636 1939 1859 2003 αὐτούς’
1900 1930 1938 1984 Β

283 2047 303 2078 τι
333 2026 456 2092 Πῶς
484 2029 728 2101 ἐστράφη
753 2031 835 2095 είς
860 2030 1086 2103 πικρίαν
1115 2033 1149 2103 ή
1182 2031 1426 2103 ἄμπελος
1454 2032 1488 2103 ή
1521 2031 1776 2103 ἀλλοτρία
1801 2047 1815 2097 ;
1839 2050 1857 2081 ι

282 2123 521 2186 Εἰκότως
555 2123 731 2177 τοίνυν
763 2125 856 2179 καί
890 2124 1126 2179 ἐνταῦθα
1166 2124 1699 2198 παραπικραίνοντες
1729 2123 1864 2178 ὠνο-

282 2213 590 2285 μάσθησαν.
644 2215 738 2269 Ἐκ
793 2216 1138 2289 παραλλήλου
1190 2217 1247 2270 δὲ
1317 2215 1697 2288 μνημονεύσας
1757 2214 1866 2268 τῶν

279 2305 452 2363 ἐθνῶν
479 2307 575 2361 καὶ
604 2307 701 2379 τῆς
736 2308 940 2364 τούτων
972 2310 1246 2382 σωτηρίας
1277 2312 1306 2364 ό
1359 2309 1534 2378 λόγος,
1567 2307 1866 2380 παράθεσιν

277 2397 388 2450 τῶν
425 2398 491 2451 ἐκ
519 2399 822 2470 περιτομῆς
867 2399 1162 2471 πεποίηται
1197 2397 1365 2452 είπών
1387 2415 1400 2428 ·
1442 2417 1460 2449 ι
1502 2399 1565 2452 Oi
1594 2397 1865 2468 ὀφθαλμοὶ

279 2490 446 2544 αὐτοῦ
467 2489 562 2544 ἐπὶ
582 2489 648 2544 τά
673 2489 801 2564 ἔθνη
826 2491 1208 2545 ἐπιϐλέπουσιν
1226 2533 1240 2554 ,
1261 2491 1311 2544 oi
1335 2490 1865 2562 παραπικραίνοντες

284 2583 362 2654 μὴ
392 2581 744 2652 ὐψούσθωσαν
768 2584 827 2636 ἐν
848 2583 1079 2648 ἑαυτοῖς.
1109 2582 1416 2651 Εὑλογεῖτε,
1444 2582 1594 2653 ἐθνη,
1615 2582 1710 2635 τὸν
1733 2580 1866 2635 Θεὸν

283 2674 464 2745 ἡμῶν,
498 2675 591 2727 καὶ
631 2673 951 2728 ἀκουτίσατε
989 2675 1086 2746 τὴν
1118 2673 1300 2746 φωνὴν
1332 2674 1433 2745 τῆς
1463 2673 1722 2737 αἰνέσεως
1770 2673 1868 2727 a6-

283 2765 403 2821 τοῦ.
435 2787 455 2820 ι
492 2766 861 2836 Εὐαγγελικὸν
900 2763 1039 2822 εἶναι
1066 2767 1158 2821 τὸν
1194 2767 1405 2838 ψαλμὸν
1433 2767 1526 2821 καὶ
1571 2766 1866 2839 ἀρχόμενοι

280 2858 380 2914 τοῦ
407 2859 566 2929 λόγου
592 2861 973 2933 τετηρήκαμεν
995 2877 1008 2890 δ
1041 2859 1069 2914 ὃ
1091 2861 1185 2914 καὶ
1209 2861 1278 2914 δι’
1298 2860 1422 2914 ὃλου
1448 2859 1544 2914 τοῦ
1571 2858 1743 2928 ὕφους
1770 2859 1867 2932 τῆς

286 2953 626 3025 προφητείας
678 2952 1029 3026 παρίσταται.
1087 2952 1302 3008 Ἐκάλει
1339 2953 1436 3023 μὲν
1477 2951 1586 3024 γὰρ
1633 2953 1692 3004 ἐν
1723 2951 1865 3023 ἀρχῇ

286 3046 469 3099 πᾶσαν
495 3045 593 3116 τὴν
620 3044 724 3115 γῆν
745 3060 758 3074 °
789 3041 907 3098 εἶτα
932 3046 989 3098 ἐν
1018 3044 1096 3117 τῷ
1139 3043 1341 3116 μεταξὺ
1382 3042 1602 3098 πλείονα
1628 3041 1864 3108 διδάξας,

287 3137 623 3209 σαφέστερον
653 3138 778 3207 περὶ
810 3137 918 3190 τῶν
951 3135 1118 3190 ἐθνῶν
1147 3139 1381 3190 ποιεῖται
1411 3135 1744 3208 προφητείαν
1776 3135 1862 3188 λέ-

285 3247 398 3298 γων
416 3247 428 3259 ·
459 3249 478 3281 ί
502 3231 566 3282 οι
586 3227 854 3300 ὀφθαλμοὶ
879 3227 1043 3282 αὑτοῦ
1070 3229 1162 3282 ἐπὶ
1183 3229 1250 3283 τὰ
1277 3229 1402 3299 ἔθνη
1426 3225 1860 3280 ἐπιϐλέπουσιν.»

285 3294 442 3378 Πετά
469 3323 533 3394 δὴ
554 3294 647 3376 οὖν
672 3294 776 3393 τὴν
793 3321 998 3375 τούτων
1025 3321 1370 3376 διδασκαλίαν
1390 3294 1705 3383 ’ἀκολούθως
1731 3320 1865 3373 πᾶσι
1896 3294 1938 3351 C

282 3417 398 3486 τοῖς
427 3413 668 3479 ἔθνεσιν,
705 3411 784 3476 ῶς
826 3410 891 3465 ἂν
922 3411 1292 3483 ῶφελημένοις
1340 3413 1406 3464 ἐκ
1438 3410 1533 3464 τοῦ
1581 3427 1867 3483 προμεμα-

287 3505 515 3579 θηκέναι
560 3505 630 3560 τά
674 3504 1040 3578 προλεχθέντα
1070 3544 1084 3569 ,
1146 3503 1386 3572 εὐλογεῖν
1435 3501 1542 3556 τῶν
1596 3500 1867 3556 τοσούτων

287 3599 586 3671 θαυμάτων
611 3600 716 3653 τῶν
745 3616 806 3652 τε
851 3596 1098 3669 φοϐερῶν
1129 3596 1307 3669 ἔργων
1347 3596 1574 3668 ποιητὴν
1620 3611 1860 3667 παρακε-

285 3692 503 3746 λεύεται
524 3691 696 3762 λέγων
716 3709 728 3722 ·
764 3710 782 3744 ι
811 3690 1118 3759 Εὑλογεῖτε,
1149 3689 1275 3761 ἔθνη
1295 3727 1310 3754 ,
1345 3689 1435 3742 τὸν
1468 3687 1601 3742 Θεὸν
1627 3687 1802 3759 ἡμῶν.
1845 3707 1862 3737 ι

288 3787 382 3857 Μὴ
409 3785 519 3858 γὰρ
547 3787 674 3850 τοὺς
705 3785 1024 3857 ὑμετέρους,
1053 3783 1208 3856 φησί,
1239 3783 1365 3846 τοὺς
1399 3782 1568 3837 πάλαι
1589 3781 1867 3852 πεπλανη-

288 3877 469 3950 μένως
491 3876 877 3949 νομιζομένους
905 3875 1090 3940 θεοὺς.
1118 3873 1254 3929 ἀλλά
1277 3873 1366 3928 τὸν
1399 3874 1686 3946 ἡμέτερον,
1718 3873 1778 3927 ὂν
1807 3874 1871 3925 ἐκ

288 3970 542 4042 πατέρων
585 3973 745 4043 ἡμεῖς
771 3969 1224 4042 ἐπεγραψάμεθα,
1256 3967 1443 4022 τοῦτον
1478 3965 1693 4036 γνόντες
1731 3959 1868 4018 εἶναι

287 4061 381 4116 τὸν
429 4061 680 4134 ἀληθινὸν
709 4061 861 4116 Θεόν.
909 4061 1023 4116 Νῦν
1048 4060 1201 4131 γοῦν,
1231 4062 1280 4114 εἰ
1327 4061 1421 4114 καί⁵
1465 4058 1541 4131 μὴ
1585 4059 1870 4130 πρότερον,

288 4155 387 4210 καὶ
438 4155 596 4227 ὑμεῖς
647 4155 938 4225 εὐλογεῖτε.
991 4152 1380 4226 Εὑφημοῦντες
1425 4152 1482 4205 δὲ
1530 4153 1715 4217 αὐτὸν,
1778 4151 1872 4204 καὶ

287 4248 640 4316 εὐλογοῦντες
677 4247 753 4312 ὡς
794 4248 952 4319 μόνον
986 4247 1236 4319 ἀληθινὸν
1281 4245 1376 4300 καὶ
1411 4244 1588 4300 κοινὸν
1617 4244 1872 4299 ἁπάντων

289 4337 450 4409 ἡμῶν
481 4355 539 4391 τε
582 4337 676 4392 καὶ
701 4336 854 4410 ὑμῶν
886 4336 1020 4392 Θεὸν
1046 4379 1060 4404 ,
1097 4337 1172 4409 μὴ
1221 4334 1648 4406 σεσιωπημένως
1672 4375 1686 4400 ,
1738 4332 1874 4404 μηδέ

290 4429 506 4502 ήρεμέᾳ
535 4429 654 4500 (sic)
697 4432 765 4502 τῇ
797 4432 947 4501 φωνῇ
1002 4427 1161 4482 τοῦτο
1214 4427 1481 4500 πράττετε
1504 4443 1517 4456 ·
1555 4427 1652 4480 σὺν
1702 4424 1871 4496 πολλῇ

290 4522 347 4575 δέ
379 4521 664 4595 παρρησίᾳ
715 4522 808 4576 καὶ
847 4521 1079 4594 θάρσει,
1119 4523 1322 4592 φωναῖς
1358 4537 1417 4573 τε
1466 4519 1726 4588 γεγωνοῖς
1778 4517 1872 4572 καὶ

292 4615 444 4686 βοαῖς
485 4616 761 4688 χρήσασθε
811 4615 1106 4688 μεγάλαις
1163 4614 1238 4678 ῶς
1279 4614 1374 4667 καί⁵
1415 4614 1528 4676 τοῖς
1571 4611 1870 4683 ἀλλοτρίοις

292 4707 586 4762 ἀκούεσθαι
639 4708 739 4780 τὴν
789 4708 1256 4780 ἀναπεμπομένην
1314 4708 1393 4770 εἰς
1423 4705 1557 4760 Θεὸν
1587 4706 1676 4774 ὑφ’
1718 4703 1872 4775 ὑμῶν

293 4801 526 4854 αῖνεσιν·
555 4800 584 4854 ὃ
607 4800 672 4873 δὴ
709 4801 802 4854 καὶ
826 4802 854 4854 ὁ
885 4800 1075 4873 Σωτὴρ
1113 4799 1301 4871 ἐδήλου
1345 4798 1548 4868 λέγων·
1580 4815 1598 4848 ι
1645 4798 1710 4850 ’Ὀ
1731 4795 1874 4864 λέγω

292 4894 420 4968 ὑμῖν
447 4895 505 4947 ἐν
524 4896 590 4965 τῇ
616 4894 806 4966 σκοτίᾳ
829 4892 1018 4948 εἴπατε
1043 4895 1100 4946 ἐν
1121 4893 1200 4966 τῷ
1225 4893 1382 4962 φωτὶ,
1413 4892 1508 4946 καὶ
1533 4890 1562 4944 δ
1592 4890 1671 4954 εἰς
1699 4887 1760 4943 τὸ
1781 4883 1873 4950 οὖς

292 4986 542 5054 ἀκούετε,
569 4985 873 5059 κηρύσσετε
897 4986 1121 5040 ἐπὶτῶν
1155 4986 1440 5058 δωμάτων.
1477 5004 1494 5036 ι
1534 4983 1750 5054 Ταύτης
1778 4976 1872 5034 οὖν

289 5074 474 5148 ἔχεται
505 5079 604 5148 τῆς
635 5076 873 5140 διανοίας
903 5077 963 5130 τὸ
1001 5077 1210 5146 φάσκον
1257 5075 1465 5146 λόγιον·
1517 5094 1536 5126 ι
1569 5075 1682 5128 Καὶ
1708 5075 1866 5128 ἀκου-

291 5167 476 5221 τίσατε
508 5167 608 5240 τὴν
641 5165 822 5238 φωνὴν
846 5167 945 5236 τῆς
971 5167 1228 5230 αἰνέσεως
1258 5165 1454 5220 αὐτοῦ’
1496 5185 1514 5218 ι
1549 5165 1582 5235 ἢ
1619 5164 1760 5219 κατά
1784 5163 1874 5216 τὸν

294 5260 606 5331 Σύμμαχονο
633 5279 650 5310 ‹
676 5257 1027 5324 Ἐξάκουστον
1051 5261 1252 5311 ποιεῖτε
1267 5259 1365 5330 τὴν
1382 5258 1564 5329 φωνὴν
1588 5256 1682 5310 τοῦ
1705 5256 1876 5327 ὓμνου

295 5353 479 5407 αὑτοῦ.
506 5371 525 5405 ι
560 5351 849 5423 Θαυμάσαι
873 5350 930 5403 δὲ
960 5350 1075 5403 ἐστι
1107 5350 1202 5404 τοῦ
1230 5350 1388 5419 λόγου
1417 5351 1478 5404 τὸ
1507 5350 1876 5420 ἀποτέλεσμα,

1961 659 2016 707 et
2051 663 2228 722 patres
2259 652 2502 721 ipsorum
2548 667 2723 722 usque
2751 652 2816 705 ad
2868 660 3188 722 praesentem
3224 653 3364 708 diem
3384 652 3430 683 "'
3462 670 3476 707 :
3512 671 3530 704 ι

1960 752 2014 798 et
2057 754 2242 814 postea
2271 763 2284 798 :
2314 763 2332 795 ι
2365 744 2419 798 Si
2447 744 2586 800 forte
2631 745 2856 800 audiam
2879 754 2934 801 et
2975 743 3376 807 deterreantur.
3408 745 3536 815 quia

1961 835 2158 890 domus
2196 837 2638 906 exasperantium
2669 847 2754 892 est
2775 837 2857 902 ";
2895 857 2912 888 ι
2946 845 3000 892 et
3041 841 3237 892 iterum
3265 856 3277 890 :
3312 855 3330 886 ι
3362 836 3428 890 Et
3459 837 3539 890 lo-

1962 943 2101 998 quar
2147 943 2431 985 sermones
2465 944 2616 986 meos
2661 930 2730 985 ad
2767 930 2912 995 illos,
2953 931 3000 986 si
3049 930 3188 986 forte
3232 929 3456 984 audiant
3487 937 3540 983 et

1961 1017 2362 1103 deterreantur,
2412 1021 2540 1092 quia
2579 1020 2776 1075 domus
2831 1020 3270 1090 exasperantium
3315 1024 3399 1073 est
3421 1017 3491 1074 ⁸ο.
3517 1035 3537 1069 ι

1960 1110 2025 1165 Et
2058 1112 2111 1166 in
2143 1127 2210 1167 cv
2231 1113 2441 1184 psalmo
2474 1113 2680 1168 dictum
2711 1122 2836 1169 est:
2867 1132 2884 1164 ι
2915 1112 3054 1180 Quia
3075 1109 3542 1168 exacerbaverunt

1961 1203 2216 1273 spiritum
2266 1203 2386 1274 ejus
2409 1205 2487 1267 ";
2522 1223 2540 1255 ι
2600 1219 2665 1258 ac
2719 1219 2940 1260 rursum
2981 1222 2993 1256 :
3037 1221 3054 1254 ι
3089 1201 3244 1273 διξερε
3291 1201 3544 1256 liberavit

1959 1311 2074 1351 eos.
2121 1295 2230 1368 lpsi
2287 1304 2472 1351 autem
2522 1295 2994 1351 exacerbaveruut
3047 1309 3173 1348 eum
3213 1293 3268 1347 in
3311 1291 3545 1348 consilio

1961 1401 2064 1442 suo
2093 1387 2160 1442 “.
2193 1407 2212 1437 ι
2260 1387 2375 1441 lmo
2405 1386 2570 1442 etiam
2596 1385 2813 1456 Moyses
2847 1385 3200 1441 acerbitatem
3230 1400 3421 1440 eorum
3447 1384 3545 1438 deo

1961 1481 2134 1534 clarat
2176 1480 2262 1535 bis
2304 1481 2524 1537 verbis:
2557 1499 2574 1530 ι
2609 1478 2744 1540 Nam
2768 1495 2834 1534 ex
2868 1479 3026 1535 vinea
3063 1476 3424 1533 Sodomorum
3471 1477 3546 1532 vi-

1961 1590 2063 1626 nea
2111 1589 2325 1638 eorum,
2379 1580 2434 1629 et
2467 1573 2676 1643 palmes
2715 1588 2904 1628 eorum
2947 1588 3014 1627 ex
3060 1569 3385 1626 Gomorrha.
3430 1569 3544 1626 Uva

1959 1682 2150 1720 eorum
2183 1681 2288 1721 uva
2323 1664 2488 1729 fellis,
2524 1666 2718 1722 botrus
2758 1665 3076 1720 acerbitatis
3109 1679 3299 1719 eorum
3325 1663 3390 1718 ⁸⁸.
3430 1683 3450 1714 ι
3485 1665 3542 1717 lu

1959 1758 2197 1815 Ieremia
2227 1767 2411 1815 autem
2445 1761 2513 1812 ad
2537 1757 2756 1814 eosdem
2784 1757 2990 1812 dicitur
3015 1777 3028 1811 :
3062 1775 3081 1808 ι
3113 1754 3399 1824 Quomodo
3421 1771 3549 1810 con-

1961 1867 2120 1908 versa
2173 1851 2345 1907 estin
2396 1849 2820 1904 amaritudinem
2861 1849 2990 1904 vitis
3036 1848 3214 1903 aliena
3241 1846 3328 1900 “Y
3359 1867 3376 1898 ι
3415 1844 3548 1903 Jure

1967 1944 2131 2016 igitur
2201 1944 2293 1998 hic
2362 1957 2582 2014 quoque
2631 1947 3024 2011 exasperantes
3073 1948 3357 1995 vocantur.
3407 1937 3547 1994 Dum

1967 2044 2149 2091 autem
2168 2051 2234 2091 ex
2261 2033 2492 2090 adverso
2514 2033 2754 2104 gentium
2779 2040 2834 2087 et
2864 2031 3061 2088 salutis
3090 2046 3279 2086 eorum
3309 2030 3546 2086 mentio-

1966 2143 2090 2183 nem
2125 2141 2305 2182 sermo
2336 2124 2488 2192 facit,
2523 2123 2985 2194 comparationem
3031 2121 3265 2181 inducit.
3305 2137 3429 2175 cum
3480 2121 3548 2176 iis

1965 2219 2150 2294 quicx
2179 2215 2601 2272 circumcisione
2634 2220 2786 2280 sunt,
2815 2213 3005 2268 dicens
3032 2231 3046 2266 :
3077 2231 3095 2265 ε
3127 2209 3280 2268 Oculi
3297 2214 3418 2282 ejus
3451 2228 3546 2268 su-

1967 2325 2072 2386 per
2091 2316 2280 2381 gentes
2312 2307 2635 2378 respiciunt,
2666 2306 2759 2377 qui
2788 2315 3117 2378 exasperant
3144 2319 3255 2361 non
3294 2305 3542 2360 exalten-

1967 2411 2058 2454 tur
2107 2401 2162 2455 in
2212 2400 2544 2470 semetipsis.
2593 2397 2930 2463 Benedicite,
2977 2403 3190 2468 gentes,
3245 2394 3412 2453 Deum
3455 2414 3549 2453 no-

1967 2503 2167 2557 strum,
2196 2500 2250 2548 et
2271 2491 2512 2546 auditam
2545 2489 2709 2546 facite
2730 2504 2919 2546 vocem
2943 2489 3122 2545 laudis
3145 2489 3285 2561 ejus.
3321 2508 3340 2542 ι
3369 2488 3549 2544 Evan-

1967 2585 2201 2656 gelicum
2235 2597 2356 2639 esse
2387 2581 2658 2652 psalmum
2688 2579 2800 2651 jam
2850 2579 2955 2636 sub
2994 2579 3208 2635 initium
3233 2580 3549 2636 observavi-

1967 2693 2126 2733 mus:
2153 2675 2301 2746 quod
2330 2676 2496 2731 etiam
2526 2688 2593 2729 ex
2626 2681 2740 2727 tota
2781 2672 3083 2744 prophetiae
3123 2673 3264 2728 serie
3291 2687 3546 2742 compro-

1969 2772 2150 2826 batur.
2199 2767 2336 2824 Nam
2390 2767 2547 2823 initio
2594 2781 2812 2821 omnem
2875 2774 3078 2822 terram
3131 2765 3544 2835 compellabat:

1967 2863 2274 2934 deindeque
2303 2860 2460 2932 plura
2503 2860 2731 2926 docens,
2768 2859 2977 2915 clarius
3009 2857 3076 2914 de
3105 2859 3359 2931 gentibus
3407 2858 3548 2911 vati-

1968 2959 2188 3014 cinatur
2233 2954 2466 3010 dicens:
2508 2972 2526 3004 ‹
2559 2952 2716 3008 Oculi
2756 2953 2876 3023 ejus
2923 2967 3089 3022 super
3140 2958 3330 3022 gentes
3371 2951 3548 3019 respi-

1968 3053 2144 3108 ciunt.
2177 3069 2196 3102 ι
2237 3047 2370 3105 Post
2411 3046 2731 3117 hujusmodi
2789 3045 2972 3116 itaque
3018 3043 3324 3098 doctrinam
3361 3057 3551 3097 conse-

1969 3151 2204 3215 quenter
2240 3140 2500 3196 omnihus
2549 3138 2830 3211 gentibus,
2863 3144 3052 3206 utpote
3077 3149 3197 3206 quae
3230 3146 3397 3203 supra
3435 3145 3550 3187 me-

1972 3247 2183 3291 morata
2219 3232 2590 3290 edidicerunt.
2620 3237 2675 3285 et
2708 3229 2838 3282 hinc
2879 3227 3169 3281 utilitatem
3199 3232 3376 3280 nacta
3397 3235 3550 3290 sunt,

1972 3329 2216 3400 praecipit
2245 3334 2303 3380 ut
2326 3333 2408 3380 tot
2435 3322 2823 3378 miraculorum
2851 3318 3288 3388 terribiliumque
3321 3331 3548 3387 operum

1972 3420 2236 3475 artiﬁcem
2275 3416 2621 3473 benedicant.
2685 3432 2703 3464 ι
2739 3412 3069 3477 Benedicite,
3117 3410 3317 3480 inquit.
3360 3419 3552 3481 gentes

1972 3511 2142 3568 Deum
2181 3487 2450 3565 nostr'um.
2486 3529 2506 3560 ι
2540 3505 2657 3562 Non
2691 3504 2974 3576 pristinos,
3005 3503 3103 3567 ait,
3134 3510 3373 3566 vestros,
3411 3516 3552 3572 quos

1971 3603 2105 3658 deos
2131 3615 2257 3656 esse
2281 3605 2533 3655 errantes
2563 3596 2878 3669 putabatis;
2925 3594 3021 3649 scd
3065 3600 3342 3656 nostrum,
3383 3608 3549 3662 quem

1971 3696 2040 3752 ab
2069 3695 2186 3750 avis
2220 3707 2395 3764 usque
2434 3691 2640 3748 nostris
2671 3688 2842 3744 Deum
2891 3687 3274 3757 ascripsimus,
3313 3686 3552 3741 scientes

1973 3787 2122 3842 hunc
2163 3800 2351 3841 verum
2394 3799 2517 3840 esse
2565 3780 2756 3836 Deum.
2810 3777 2966 3833 Nunc
2993 3778 3178 3848 igitur,
3237 3777 3451 3832 etiamsi
3498 3777 3550 3830 id

1973 3881 2129 3952 prius
2153 3893 2262 3934 non
2296 3877 2558 3940 feceritis,
2588 3890 2686 3930 vos
2707 3888 2925 3943 quoque
2959 3870 3284 3928 benedicite.
3316 3867 3550 3924 Benedi-

1973 3983 2161 4028 centes
2192 3978 2373 4026 autem
2397 3976 2452 4024 et
2488 3966 2777 4022 laudantes
2809 3966 2959 4019 illum
2994 3972 3051 4017 ut
3080 3963 3257 4018 solum
3282 3976 3468 4016 verum
3499 3969 3554 4015 et

1973 4076 2323 4118 communem
2371 4062 2618 4113 omnium
2662 4063 2774 4109 tam
2819 4062 3069 4108 nostrum
3103 4064 3267 4120 quam
3310 4053 3550 4105 vestrum

1974 4153 2169 4216 Deum,
2218 4167 2288 4207 ne
2333 4150 2523 4214 tacite,
2565 4163 2673 4203 neu
2702 4145 2943 4201 demissa
2984 4157 3119 4197 voce
3155 4140 3209 4196 id
3253 4140 3425 4211 agite;
3457 4138 3553 4195 sed

1973 4260 2100 4300 cum
2151 4243 2322 4297 multa
2369 4239 2566 4296 ﬁducia
2611 4245 2666 4294 et
2716 4235 3068 4294 conﬁdentia.
3111 4232 3221 4286 alta
3255 4246 3388 4285 voce
3435 4244 3551 4283 ma-

1973 4335 2205 4407 gnisque
2255 4330 2588 4386 clamoribus
2651 4325 2910 4391 utimini,
2963 4333 3023 4378 ut
3081 4323 3272 4377 laudes
3321 4335 3350 4374 a
3403 4317 3556 4375 vobis

1975 4425 2088 4479 Deo
2137 4423 2353 4480 emissae
2403 4421 2568 4476 etiam
2606 4419 2676 4474 ab
2723 4417 2999 4472 extraneis
3046 4414 3360 4477 audiantur,
3405 4410 3554 4482 quod

1975 4519 2140 4573 etiam
2203 4513 2461 4569 Servator
2527 4511 2614 4566 his
2672 4509 2855 4566 verbis
2919 4505 3272 4563 declarabat:
3346 4523 3364 4555 ι
3395 4502 3556 4572 Quod

1977 4609 2102 4666 dico
2148 4606 2306 4663 vobis
2343 4605 2398 4660 in
2426 4601 2692 4670 tenebris,
2735 4601 2900 4655 dicite
2941 4599 2996 4652 in
3036 4598 3264 4662 lumine,
3312 4607 3366 4652 et
3409 4596 3557 4666 quod

1980 4704 2034 4757 in
2071 4716 2204 4756 aure
2252 4699 2475 4758 auditis,
2530 4694 2822 4768 praedicate
2867 4707 3031 4762 super
3074 4697 3218 4744 tecta
3241 4690 3305 4741 ⁸⁸.
3339 4708 3358 4740 ι
3421 4687 3558 4742 liuic

1981 4795 2148 4867 igitur
2203 4791 2492 4848 sententiae
2557 4786 2714 4842 aliine
2770 4785 2877 4840 hoc
2937 4784 3144 4840 dictum
3218 4791 3304 4837 est
3358 4800 3371 4835 :
3433 4801 3451 4832 ι
3494 4779 3558 4832 Et

1981 4886 2220 4942 auditam
2275 4883 2438 4938 facile
2485 4896 2671 4936 vocem
2708 4878 2886 4934 laudis
2915 4878 3072 4947 ejus;
3117 4895 3135 4927 ι
3180 4876 3316 4940 sive,
3354 4887 3556 4929 secun-

1980 4980 2108 5036 dum
2144 4975 2533 5049 Symmachum
2572 4993 2584 5027 :
2625 4993 2642 5023 ι
2672 4971 2926 5026 Auditam
2959 4969 3123 5022 facite
3151 4981 3339 5022 vocem
3371 4965 3559 5038 hymni

1979 5073 2117 5144 ejus.
2161 5089 2180 5122 ι
2221 5069 2404 5124 Mirari
2443 5082 2608 5138 porro
2631 5065 2781 5120 subit
2813 5064 2906 5133 qui
2957 5061 3216 5131 impletus
3248 5059 3338 5112 hic
3377 5074 3561 5114 sermo

1981 5160 2168 5222 fuerit,
2194 5156 2414 5230 quando
2443 5171 2538 5226 per
2572 5156 2890 5209 universum
2922 5151 3133 5214 orbem,
3162 5151 3216 5204 in
3237 5149 3433 5205 mediis
3466 5166 3560 5202 ur-

1985 5253 2165 5310 bibus.
2203 5251 2257 5304 in
2283 5249 2452 5315 vicis,
2485 5248 2540 5302 in
2583 5248 2729 5318 agris
2776 5261 2873 5315 per
2919 5244 3206 5300 universas
3249 5241 3343 5297 Dei
3375 5241 3564 5296 Eccle-

1990 5345 2124 5411 sias,
2154 5341 2363 5399 Christi
2396 5340 2584 5411 populi
2625 5354 2691 5396 ex
2735 5337 3013 5393 universis
3046 5335 3299 5408 gentibus
3340 5332 3558 5396 delecti,

297 5444 382 5499 δτι
429 5445 550 5501 καθ’
577 5421 704 5516 ὅλης
755 5445 856 5516 τῆς
886 5441 1188 5514 ἀνθρώπων
1212 5443 1558 5515 οἰκουμένης,
1593 5443 1651 5496 ἐν
1687 5442 1868 5513 μέσαις

1993 5437 2226 5508 hymnos
2246 5447 2302 5488 et
2336 5432 2598 5502 psalmos,
2634 5445 2742 5485 non
2770 5429 2963 5500 patriis
2997 5428 3106 5484 diis
3128 5466 3144 5490 ,
3187 5440 3294 5480 non
3333 5423 3428 5479 Dei
3459 5421 3566 5476 ini-

296 5542 416 5604 ταῖς
458 5539 666 5603 πόλεσι,
702 5539 759 5593 ἐν
798 5554 858 5590 τε
911 5536 1124 5607 κώμαις
1163 5535 1258 5590 καὶ
1288 5535 1494 5608 χώραις
1527 5533 1667 5588 κατὰ
1705 5533 1883 5597 πάσας

297 5633 394 5697 τὰς
417 5632 742 5705 Ἐκκλησίας
763 5631 856 5686 τοῦ
873 5629 1030 5696 Θεοῦ,
1050 5630 1100 5682 οί
1120 5627 1213 5682 τοῦ
1230 5627 1468 5700 Χριστοῦ
1485 5628 1605 5682 λαοὶ
1629 5627 1688 5696 ἐξ
1711 5628 1887 5681 ἀπάν-

370 5816 415 5847 ⁸⁸
439 5814 634 5870 Ezech.
669 5831 730 5878 II,
759 5815 814 5870 5.
888 5815 932 5846 ”
963 5811 1094 5866 Ibid.
1139 5810 1191 5866 5.
1270 5811 1313 5842 "
1341 5809 1478 5864 Ibid.
1529 5808 1578 5862 7.
1656 5810 1696 5841 ⁶¹
1727 5807 1871 5864 Psal.
1924 5824 2010 5873 ω’,
2046 5807 2137 5862 55.

308 5903 369 5943 lt.
397 5889 486 5943 “Al.
565 5887 608 5918 "
639 5885 826 5941 Matth.
864 5883 1025 5950 x,27.

1992 5527 2150 5583 micis
2170 5525 2548 5592 daemonibus;
2580 5523 2674 5580 sed
2704 5523 2797 5577 uni
2837 5520 2947 5578 Deo
2993 5538 3023 5575 a
3058 5517 3338 5591 prophetis
3373 5514 3566 5588 praedi-

1994 5629 2139 5688 cato,
2170 5621 2277 5676 alta
2311 5619 2568 5675 emittunt
2599 5633 2750 5681 voce,
2781 5616 2855 5670 ita
2895 5624 2955 5670 ut
2983 5613 3330 5685 psallentium
3349 5625 3452 5665 vox
3480 5625 3564 5694 vet

2650 5800 2694 5832 ⁸³
2723 5797 2880 5853 Deut.
2922 5810 3096 5858 xxxtt,
3121 5791 3210 5848 39..
3289 5792 3331 5822 “
3362 5788 3576 5847 Jerem»

2212 5805 2257 5836 "
2292 5801 2426 5860 Ibid.
2484 5801 2570 5858 ιδ.
