4086 6442
604 349 702 404 1559

1339 353 1612 409 MJSEBH
1648 354 2131 412 CESARIILNSIS
2164 358 2311 416 OPP.
2355 360 2536 415 PARS
2577 362 2664 415 ΙΙΙ.
2705 391 2775 403 -
2807 359 3218 416 EXEGE'I‘ICA.
3774 365 3856 419 (ilic

603 469 668 528 ab
713 469 783 527 iis
820 470 914 540 qui
960 470 1094 526 foris
1132 472 1443 527 consistunt
1491 474 1783 543 audiatur;
1819 485 1876 529 ut
1930 494 2167 548 pnesens

2270 497 2378 534 των
2441 481 2549 534 τῶν
2613 480 2782 536 ἐθνῶν
2842 481 3264 551 συνειλεγμένοι,
3322 479 3472 541 τούς
3529 477 3732 548 ὕμνους
3789 487 3859 536 11‘:

603 577 781 618 sermo
827 578 992 634 Opere
1041 565 1424 633 compleatur:
1467 585 1481 612 ι
1524 565 1875 632 Benedicite,
1934 578 2122 638 gentes
2152 611 2167 634 ,

602 652 770 709 Deum
813 664 1101 721 nostrum,
1145 663 1199 710 et
1237 656 1477 711 auditam
1541 657 1703 714 facite
1758 675 1945 715 vocem
1997 662 2174 718 laudis

601 745 735 814 ejus.
779 767 798 797 ι
828 746 1062 800 Additur
1083 754 1271 817 postea
1303 767 1315 802 :
1351 765 1369 799 t
1401 747 1502 814 Qui
1523 750 1704 818 posuit
1735 751 1971 804 animam
1997 767 2173 807 meam

600 837 660 890 ad
723 837 925 901 vitam,
961 843 1016 892 et
1067 852 1174 892 non
1222 837 1371 893 dedit
1425 840 1481 894 in
1534 841 1955 898 commotionem
2007 844 2172 913 pedes

599 942 765 982 meos.
812 947 832 979 ι
872 926 980 982 Pro
1014 927 1108 989 illo
1137 937 1345 992 autem,
1383 950 1401 980 t
1441 931 1685 985 animam
1710 948 1908 998 meam,
1933 933 2170 990 animam

600 1029 930 1086 nostram,»
978 1021 1174 1090 reliqui
1237 1037 1430 1078 omnes
1479 1023 1806 1093 interpretes
1843 1024 2169 1084 ediderunt:

599 1122 660 1162 ac
694 1125 910 1165 rursum
943 1125 1040 1181 pro
1066 1111 1177 1178 illo,
1215 1130 1234 1162 ι
1279 1113 1443 1182 pedes
1476 1129 1651 1181 meos,
1701 1117 1869 1186 pedes
1888 1127 2108 1174 nostros
2149 1139 2167 1172 ι

598 1201 723 1256 item
752 1216 942 1257 omnes
976 1205 1316 1274 interpretati
1353 1215 1501 1260 sunt.
1533 1205 1652 1262 Non
1685 1216 1928 1273 tantum,
1963 1210 2170 1281 inquit,

598 1306 696 1360 pro
725 1292 969 1362 antiquis
1003 1294 1112 1348 illis
1158 1295 1248 1350 Dei
1304 1298 1584 1366 operibus,
1615 1314 1737 1368 qua:
1785 1317 1951 1371 supra
1985 1301 2172 1358 decla-

601 1392 716 1438 rata
751 1393 902 1448 sunt,
942 1386 1203 1457 hymnum
1247 1389 1350 1457 ipsi
1387 1399 1438 1444 et
1471 1391 1662 1448 laudes
1689 1396 1953 1461 emittite;
1986 1397 2082 1452 sed
2103 1398 2175 1452 ob

598 1476 858 1531 beneﬁcia
912 1479 1073 1534 nobis
1118 1479 1272 1549 ipsis,
1305 1481 1401 1551 qui
1443 1483 1573 1537 talia
1621 1484 1918 1556 loquimur,
1954 1489 2169 1544 collata.

597 1567 1043 1640 Quandoquidem
1083 1573 1229 1627 enim
1263 1574 1430 1643 pedes
1464 1585 1704 1642 nostros,
1743 1579 1900 1636 valde
1944 1597 2173 1637 curren—

596 1665 700 1720 ιιηε.
753 1669 938 1732 utpote
974 1662 1067 1732 qui
1112 1665 1267 1720 vobis
1321 1667 1590 1724 omnibus
1625 1672 1880 1741 gentibus
1933 1675 2173 1733 salutare

597 1749 947 1823 Evangelittm
1007 1756 1393 1826 przedicemus,
1449 1760 1800 1830 conl'ortavit,
1839 1775 1894 1820 et
1939 1767 1994 1821 in
2047 1769 2172 1824 vitae

2276 572 2375 636 τὰς
2427 573 2766 644 ψαλμῳδίας.
2795 575 2894 627 οὐκ
2938 574 3029 626 ἐπὶ
3059 576 3169 637 τοῖς
3219 570 3522 644 πατρῴοις
3571 569 3732 634 θεοῖς,
3764 575 3861 627 οὐδὲ

2274 669 2387 730 τοῖς
2443 665 2732 737 θεομάχοις
2781 665 3019 737 δαίμοσι,
3053 666 3199 738 μόνῳ
3218 666 3272 718 δὲ
3296 665 3382 736 τῷ
3414 661 3582 734 παρὰ
3617 665 3729 728 τοῖς
3761 683 3865 733 προ

2275 761 2476 831 φήταις
2536 759 2939 830 θεολογουμένῳ
2991 758 3130 830 μετὰ
3179 759 3436 830 μεγάλης
3500 756 3866 826 ἀναπέμπουσι

2275 853 2428 923 βοῆς,
2451 852 2527 916 ὡς
2558 853 2789 917 καὶτοῖς
2812 853 2967 917 ἐκτὸς
2994 852 3219 906 ἑστῶσιν
3245 853 3602 919 ἐξάκουστον
3627 843 3765 902 εἶναι
3784 849 3875 902 τῶν

2273 943 2582 1015 ψαλλόντων
2630 944 2728 1016 τὴν
2779 947 2962 1017 φωνήν
2981 963 2994 975 ο
3030 945 3176 1017 ἔργῳ
3207 942 3618 1016 πληρουμένου
3673 941 3763 994 τοῦ
3791 944 3878 1012 9d-

2277 1055 2496 1098 σκοντος
2528 1037 2764 1092 ἐνταῦθα
2796 1037 2975 1106 λογίου
2994 1055 3005 1066 °
3043 1061 3058 1090 ι
3093 1037 3411 1106 Εὐλογεῖτε,
3448 1034 3616 1106 ἔθνη,
3643 1033 3735 1088 τὸν
3764 1036 3880 1090 Θεὸν

2275 1127 2453 1199 ἡμῶν,
2487 1128 2580 1181 καὶ
2613 1128 2933 1181 ἀκουτίσατε
2977 1127 3076 1200 τὴν
3125 1127 3308 1197 φωνὴν
3340 1126 3455 1196 τῆς
3502 1125 3774 1185 αἰνέσεως
3799 1127 3883 1178 αὐ-

2273 1218 2389 1272 τοῦ.
2423 1238 2440 1270 t
2479 1215 2594 1272 Εἶθ’
2623 1218 2751 1291 ἑξῆς
2779 1220 3070 1292 συνῆπταν
3117 1237 3133 1270 t
3164 1217 3272 1272 Τοῦ
3302 1218 3558 1290 θεμένου
3591 1216 3695 1286 τὴν
3722 1216 3883 1288 ψυχῃν

2278 1327 2379 1381 μου
2423 1312 2502 1375 εἰς
2553 1310 2719 1383 ζωὴν,
2748 1312 2842 1366 καὶ
2880 1310 2955 1382 μὴ
2981 1310 3163 1374 δόντος
3206 1313 3284 1375 εἰς
3320 1309 3502 1366 σάλον
3554 1310 3690 1372 τοὺς
3735 1309 3884 1371 πόδας

2278 1420 2431 1473 μου.»
2453 1403 2597 1456 Ἀντὶ
2620 1402 2675 1455 δὲ
2699 1401 2816 1466 τοῦ,
2840 1422 2857 1453 t
2877 1403 2976 1474 τὴν
2989 1402 3167 1474 ψυχήν
3188 1401 3430 1474 μου,τὴν
3455 1401 3658 1473 ψυχὴν
3685 1401 3880 1472 ἡμῶνρ

2273 1491 2322 1542 οἰ
2349 1490 2525 1545 λοιποὶ
2557 1492 2757 1556 πάντες
2788 1493 3120 1564 ἐρμηνευταῖ
3152 1492 3499 1546 ὲκδεδώκασι
3521 1511 3534 1520 ·
3603 1493 3705 1544 καὶ
3737 1493 3885 1545 πάλιν

2274 1583 2413 1647 ἀντὶ,
2454 1603 2470 1636 t
2493 1585 2618 1647 τούς
2639 1584 2803 1648 πόδας
2821 1602 2944 1656 μου,
2979 1585 3104 1648 τοὺς
3133 1585 3298 1648 πόδας
3330 1584 3531 1656 ἡμῶν,
3557 1602 3578 1634 ι
3622 1583 3824 1654 ὁμοίως
3843 1586 3884 1637 οἱ

2276 1677 2475 1741 πάντες
2512 1679 2887 1750 ἡρμήνευσαν.
2923 1677 3013 1749 Μὴ
3042 1676 3151 1748 γὰρ
3183 1678 3275 1730 ἐπὶ
3300 1681 3414 1742 τοῖς
3457 1677 3758 1741 παλαιοῖςν
3787 1694 3885 1747 φη-

2278 1771 2352 1831 σὶ,
2385 1770 2565 1842 μόνοις
2600 1769 2782 1841 ἔργοις
2808 1769 2902 1823 τοῦ
2931 1769 3088 1832 Θεοῦ,
3116 1768 3152 1823 ἂ
3171 1768 3259 1822 διὰ
3277 1770 3385 1822 τῶν
3408 1767 3755 1841 ἔμπροσθεν
3777 1767 3888 1839 ὲδη-

595 1842 833 1906 delluxu,
892 1847 1080 1902 obices
1125 1862 1407 1916 amovens,
1467 1855 1704 1908 servavit
1761 1857 2167 1930 inconcussas;

2275 1863 2450 1926 λοῦτο,
2490 1861 2582 1916 τὸν
2611 1861 2778 1933 ὕμνον
2801 1861 2948 1933 αὐτῷ
2974 1861 3068 1913 καὶ
3097 1861 3196 1925 τὰς
3223 1861 3465 1925 αἰνέσεις
3499 1861 3885 1932 ἀναπέμπετε·

595 1936 892 2007 multisque
930 1940 1129 1996 animae
1183 1952 1386 1999 nostrae
1431 1945 1843 2016 insidiantibus,
1887 1954 2004 2021 ipse
2051 1955 2171 2023 ejus

599 2036 848 2083 servator
881 2039 935 2086 et
956 2042 1145 2093 custos
1181 2032 1284 2089 fuit
1313 2053 1326 2090 :
1362 2051 1553 2092 eorum
1607 2039 1790 2111 itaque
1825 2042 1996 2111 gratia
2032 2062 2051 2093 σ
2079 2045 2173 2100 be-

595 2119 847 2185 nedicite,
873 2132 1085 2192 gentes,
1116 2124 1289 2182 Deum
1319 2138 1594 2200 nostrum,
1621 2141 1677 2188 et
1714 2134 1956 2191 auditam
2008 2137 2172 2205 facite

595 2225 778 2267 vocem
809 2214 984 2272 laudis
1015 2217 1157 2287 ejus.
1198 2239 1216 2270 ι
1252 2218 1377 2299 [iam
1411 2237 1576 2292 porro
1605 2239 1670 2280 ex
1701 2241 1936 2296 persona
1963 2245 2172 2299 praeco-

593 2319 722 2362 num
775 2307 1050 2380 Evangelii
1099 2293 1390 2372 manifeste
1436 2293 1879 2386 pradicta‘sunt,
1933 2293 2168 2393 quorum

594 2417 811 2456 cursum
839 2403 1148 2474 pedumque
1180 2406 1437 2462 virtutem
1474 2410 1664 2478 Isaias,
1691 2412 1802 2470 imo
1824 2417 2006 2485 potius
2044 2417 2167 2489 Spi-

594 2494 733 2547 ritus
785 2502 1009 2549 sanctus
1067 2511 1163 2566 per
1214 2497 1391 2568 ipsum
1440 2501 1750 2567 declarans,
1812 2507 2170 2564 mirabundus

593 2583 931 2639 acclamabat
968 2605 980 2640 :
1019 2606 1036 2637 ι
1076 2586 1249 2654 Quam
1297 2591 1527 2660 speciosi
1583 2593 1750 2664 pedes
1791 2600 2171 2669 evangelizan-

593 2676 723 2728 tiutn
774 2675 937 2741 bona,
964 2681 1456 2750 evangelizantium
1495 2700 1681 2755 pacem
1707 2688 1751 2719 ⁸⁸
1780 2690 1792 2742 !
1827 2709 1844 2740 ι
1899 2690 2168 2757 Quoniam

593 2768 758 2838 igitur
799 2770 989 2826 multis
1041 2771 1323 2830 laboribus
1349 2775 1641 2846 perfuncti,
1671 2788 1724 2835 et
1765 2782 1833 2836 ab
1870 2783 2169 2841 incredulis

592 2860 843 2930 gentibus
885 2864 1232 2921 vexationem
1260 2907 1274 2930 ,
1323 2869 1562 2932 vincula,
1609 2888 1861 2930 carceres
1911 2886 1965 2932 et
2009 2892 2171 2935 omne

593 2951 914 3007 insidiarum
960 2972 1132 3024 genus
1172 2963 1438 3030 perpessi,
1498 2962 1868 3023 immutabiles
1914 2985 2169 3039 perman-

591 3059 740 3109 sere;
772 3045 897 3115 jure
925 3063 1052 3100 eum
1083 3049 1176 3118 qui
1217 3051 1352 3120 ipsis
1393 3053 1538 3109 vires
1578 3057 1886 3123 addiderat,
1922 3061 2014 3130 qui
2051 3064 2170 3114 ani-

591 3151 733 3189 mant
761 3137 1004 3208 ipsorum
1033 3141 1100 3195 ad
1130 3143 1296 3196 vitam
1338 3148 1697 3212 custodierat,
1731 3161 1789 3204 ut
1818 3167 1888 3206 ne
1935 3153 1989 3207 in
2040 3169 2166 3223 pec-

590 3229 696 3282 cati
730 3237 959 3286 mortem
993 3232 1302 3302 laberetur;
1337 3239 1427 3308 qui
1460 3239 1627 3308 pedes
1654 3210 1841 3298 ll-rmos
1863 3210 2162 3308 statuerat,
2193 3210 2234 3265 ε

592 3339 658 3378 ue
685 3326 1131 3393 commotionem,
1165 3345 1268 3383 neu
1301 3330 1512 3401 lapsum
1561 3333 1644 3388 vel
1677 3334 1891 3390 ruinam
1923 3345 2173 3407 pateren-

555 3412 558 3414 ⁷
592 3423 700 3478 tur,
733 3431 925 3473 omnes
976 3428 1166 3488 gentes
1205 3420 1528 3479 benedicere
1559 3423 1776 3494 jubent,
1815 3433 1881 3484 et
1926 3429 2168 3484 auditam

594 3507 770 3562 facere
807 3523 995 3564 vocem
1039 3510 1216 3567 laudis
1247 3513 1406 3582 ejus;
1439 3530 1547 3569 non
1579 3525 1788 3572 tantum
1827 3535 1924 3590 pro
1950 3521 2170 3576 mirabi-

592 3599 738 3656 libus
797 3601 1247 3674 terribilibusnue
1296 3606 1406 3662 illis
1454 3609 1698 3681 antiquis
1743 3612 2040 3684 operibus;
2073 3615 2167 3670 sed

589 3694 754 3747 etiam
783 3710 883 3764 pro
918 3699 1231 3756 recentibus
1262 3700 1574 3768 beneﬁciis,
1611 3705 1769 3774 queis
1807 3705 2046 3760 animam
2075 3722 2169 3761 eo—

595 3805 711 3841 rum
739 3790 833 3860 qui
861 3790 988 3846 talia
1021 3793 1377 3862 loquerentur
1419 3796 1486 3850 ad
1526 3798 1694 3851 vitam
1735 3799 1954 3870 posuit,
1993 3816 2168 3870 neque

588 3879 732 3934 dedit
756 3882 809 3934 in
843 3885 1262 3939 commotionem
1290 3887 1458 3956 pedes
1480 3887 1742 3957 ipsorum.
1767 3888 1948 3956 Quare
1971 3906 2167 3945 secun-

589 3970 718 4023 dum
747 3967 1134 4041 Symmachum
1164 3975 1448 4044 pluraliter
1473 3977 1679 4033 dicitur
1704 3998 1717 4034 :
1757 3997 1775 4030 ι
1801 3979 1906 4047 Qui
1941 3981 2165 4036 ordina-

590 4063 666 4116 vit
709 4065 946 4120 animam
985 4076 1231 4124 nostram
1277 4069 1345 4124 ad
1399 4070 1591 4140 vitam,
1646 4083 1700 4128 et
1739 4089 1851 4128 non
1877 4073 2027 4129 dedit
2059 4075 2164 4131 labi

591 4156 755 4224 pedes
789 4167 1026 4215 nostros.
1073 4180 1092 4212 ι

2273 1955 2407 2010 ἀλλὰ
2440 1955 2532 2009 καὶ
2563 1955 2652 2010 διὰ
2678 1955 2776 2019 τὰς
2805 1957 2886 2018 εἰς
2917 1956 3068 2026 ἡμᾶς
3101 1955 3298 2019 αὐτοὺς
3325 1957 3457 2019 τοὺς
3490 1953 3687 2008 ταῦτα
3707 1954 3887 2022 λέγον-

2272 2064 2370 2109 τας
2403 2046 2740 2117 εὐεργεσίας.
2760 2043 2977 2115 Ἐπειδὴ
3021 2043 3129 2115 γὰρ
3159 2045 3286 2109 τούς
3313 2045 3644 2116 ἡμετέρους
3703 2043 3882 2107 πόὸίις,

2272 2138 2440 2192 πολλὰ
2473 2138 2800 2211 δραμόντας,
2834 2137 2973 2190 ὥστε
3001 2139 3163 2191 πᾶσιν
3185 2138 3313 2208 ὐμῖν
3343 2140 3458 2200 τοῖς
3495 2136 3693 2190 ἔθνεσι
3721 2135 3885 2206 κηρύ-

2273 2226 2359 2292 ξαι
2384 2227 2444 2281 τὸ
2474 2228 2738 2298 σωτήριον
2771 2226 3123 2295 Εὐαγγέλιον,
3148 2226 3528 2297 ὲδυνὰμωσεν,
3557 2224 3804 2297 ὲςςύλαξέ
3827 2241 3880 2277 τε

2271 2318 2664 2390 ἁδιατρέπτους
2697 2320 2754 2372 ὲν
2783 2322 2894 2382 τοῖς
2938 2318 3034 2372 τοῦ
3071 2318 3185 2390 βίου
3221 2318 3459 2390 ῥεύμασι
3513 2317 3595 2371 τὰ
3631 2314 3882 2388 ἐμποδὼν

2271 2410 2567 2481 κωλύματα
2608 2408 2902 2481 περιελών·
2949 2410 3160 2464 πολλῶν
3202 2427 3260 2464 τε
3292 2413 3356 2482 τῇ
3381 2409 3540 2482 ψυχῇ
3573 2413 3608 2480 ἡ
3620 2410 3744 2480 μῶν
3772 2413 3878 2461 ἐπι-

2271 2504 2653 2568 ϐουλευόντων,
2675 2503 2837 2566 αὐτὸς
2859 2502 3064 2574 ταύτης
3093 2503 3277 2575 σωτὴρ
3305 2503 3399 2556 καὶ
3423 2501 3616 2572 φύλαξ
3643 2503 3876 2570 ἐγένετο·

2271 2595 2364 2647 καὶ
2378 2593 2582 2648 τούτων
2633 2593 2808 2647 αὐτῶν
2845 2594 3007 2648 ἕνεκα
3046 2613 3063 2644 t
3114 2593 3406 2663 εὐλογεῖτε,
3442 2593 3724 2665 ἔθνη.τδν
3753 2591 3872 2646 Θεὸν

2269 2686 2445 2758 ἡμῶν,
2477 2689 2572 2740 καὶ
2618 2687 2939 2741 ἁκουτίσατε
2983 2687 3082 2758 τὴν
3131 2687 3314 2756 φωνὴν
3347 2686 3446 2757 τῆς
3472 2686 3762 2747 αἰνέσεως
3791 2684 3870 2737 αὐ-

2270 2777 2384 2833 τοῦ.
2420 2797 2438 2830 ι
2473 2777 2656 2832 Ταῦτα
2681 2778 2738 2832 δὲ
2762 2778 3021 2850 ἄντικρυς
3045 2779 3108 2832 εκ
3137 2778 3431 2850 προσώπου
3458 2779 3580 2831 τῶν
3613 2795 3688 2847 κη
3697 2775 3867 2848 pum

2269 2873 2362 2925 τοῦ
2391 2870 2724 2941 Εὐαγγελίου
2772 2874 3226 2943 προανεφωνεῖτο,
3251 2863 3326 2924 ὧν
3374 2869 3468 2922 τὸν
3522 2870 3743 2941 δρόμον
3783 2868 3864 2922 κατ

2268 2963 2376 3016 τῶν
2405 2963 2580 3017 ποδῶν
2600 2964 2700 3034 τὴν
2720 2963 2922 3035 ἀρετὴν
2961 2964 3214 3027 Ἡσαΐας,
3248 2961 3448 3034 μᾶλλον
3467 2962 3528 3016 δὲ
3554 2962 3621 3015 τὸ
3651 2961 3864 3031 Πνεῦμα

2269 3057 2329 3108 τὸ
2358 3055 2512 3123 ἅγιον
2539 3054 2606 3108 δι’
2629 3055 2793 3108 αὐτοῦ
2827 3055 3214 3128 ἀποθαυμάζον
3239 3054 3368 3108 ὲὸόα
3385 3073 3398 3085 ·
3428 3074 3446 3106 t
3470 3055 3566 3118 Ὦς
3593 3053 3794 3125 ὡραῖοι
3820 3051 3861 3102 οἳ

2273 3150 2432 3212 πόδες
2467 3150 2575 3205 τῶν
2613 3147 3114 3219 εὐαγγελιζομένων
3141 3145 3342 3216 ἀγαθὰ,
3377 3146 3484 3199 τῶν
3512 3139 3848 3215 εὐαγγελιζο

2273 3242 2447 3314 μένων
2483 3244 2737 3316 εἰρήνηνί
2780 3263 2798 3295 ι
2837 3243 2990 3296 Ἐπει
3037 3240 3236 3303 τοίνυν,
3271 3238 3441 3294 πολλὰ
3485 3237 3856 3310 κεκμηκότες.

2271 3338 2367 3390 καὶ
2404 3338 2530 3402 τούς
2564 3337 2628 3391 ὲκ
2675 3336 2785 3390 τῶν
2815 3335 3060 3390 ἀπίστων
3093 3333 3261 3388 ἐθνῶν
3302 3333 3582 3404 διωγμοὺς
3637 3326 3848 3400 ὑπομεί-

2267 3448 2476 3496 ναντες,
2499 3430 2676 3502 δεσμά
2705 3447 2764 3484 τε
2805 3430 2898 3483 καὶ
2939 3427 3186 3499 φυλακὰς
3210 3426 3304 3482 καὶ
3331 3426 3600 3490 παντοίας
3639 3422 3834 3476 ἑπιϐου

2267 3521 2382 3586 λὰς,
2419 3521 2765 3593 ἀδιάτρεπτοι
2794 3521 3162 3592 μεμενήκασιν
3184 3535 3199 3550 ·
3226 3518 3452 3582 εἰκότως
3477 3517 3575 3570 τὸν
3610 3510 3852 3583 δυναμώ·

2270 3630 2438 3667 σαντα
2457 3613 2674 3676 αὐτοὺς,
2696 3613 2791 3666 καὶ
2812 3612 2911 3683 τὴν
2938 3612 3036 3682 μὲν
3055 3611 3233 3684 ψυχὴν
3257 3614 3334 3676 εἰς
3355 3611 3497 3683 ζωὴν
3520 3610 3850 3682 φυλάξαντα.

2265 3703 2342 3765 ὠς
2393 3701 2468 3772 μὴ
2517 3703 2768 3755 ἐκπεσεῖν
2815 3701 2985 3772 αὐτὴν
3013 3702 3094 3767 εἰς
3125 3701 3216 3754 τὸν
3254 3701 3352 3772 τῆς
3381 3702 3665 3773 ἁμαρτίας
3698 3698 3847 3753 θάναο

2263 3811 2375 3859 τον,
2414 3794 2540 3858 τοὺς
2572 3794 2629 3847 δὲ
2661 3794 2828 3858 πόδας
2865 3793 3043 3850 αὐτῶν
3087 3794 3346 3866 στερροὺς
3393 3793 3846 3866 ἀπεργασάμενον

2267 3887 2401 3958 πρὸς
2432 3886 2492 3940 τὸ
2525 3886 2599 3956 μὴ
2627 3885 2786 3939 σάλον
2815 3887 3122 3958 ὑπομεῖναι,
3163 3886 3296 3958 μηδὲ
3340 3886 3554 3940 ὄλισθον
3582 3887 3682 3940 καὶ
3715 3882 3847 3938 πτῶ-

2267 3997 2371 4044 σιν,
2396 3977 2635 4047 εὐλογεῖν
2670 3981 2804 4032 πᾶσι
2837 3982 2948 4043 τοῖς
2988 3979 3164 4032 ἔθνεσι
3211 3979 3705 4052 παρακελεύονται,
3735 3975 3843 4040 £55-

2265 4072 2488 4126 κουστόν
2529 4088 2592 4140 γε
2643 4075 2814 4124 ποιεῖν
2865 4071 2961 4142 τὴν
3011 4073 3195 4144 φωνὴν
3228 4071 3328 4141 τῆς
3361 4073 3623 4137 αἰνέσεως
3666 4065 3844 4130 αὐτοῦ,

2264 4166 2364 4219 οὐκ
2406 4164 2500 4218 ἐπὶ
2550 4164 2730 4235 μόνοις
2779 4166 2890 4228 τοῖς
2937 4163 3189 4227 παλαιοῖς
3214 4163 3378 4218 αὐτοῦ
3405 4165 3734 4235 παραδόξοις
3761 4160 3848 4214 καῖ

589 4258 836 4328 φοϐεροῖς
861 4257 1059 4329 ἔργοις,
1094 4258 1229 4312 ἀλλὰ
1255 4260 1346 4312 καὶ¹
1380 4259 1470 4313 ἐπὶ
1499 4262 1612 4324 τοῖς
1640 4261 1780 4324 νέοις
1804 4262 2050 4330 ἀγαθοῖς,
2081 4262 2167 4332 ἐφ’
2205 4255 2284 4324 οἷς
2346 4261 2445 4332 τὴν
2477 4258 2654 4330 ψυχὴν
2715 4258 2825 4312 τῶν
2856 4255 3030 4311 ταῦτα
3053 4257 3317 4327 λεγόντων
3361 4257 3516 4312 ἔθετο
3557 4262 3639 4323 εἰς
3685 4256 3846 4327 ζωὴν.

591 4355 665 4426 μὴ
706 4354 828 4416 δοὺς
880 4355 958 4417 εἰς
1009 4355 1164 4409 σάλον
1229 4357 1355 4420 τοὺς
1420 4356 1586 4420 πόδας
1615 4357 1812 4412 αὐτῶν.
1848 4359 1939 4412 Διὸ
1972 4357 2112 4412 κατὰ
2139 4356 2229 4410 τὸν
2268 4356 2560 4427 Σύμμαχον
2589 4352 2966 4424 πληθυντικῶς
3000 4353 3237 4424 εἴρηταιο
3281 4371 3300 4405 t
3328 4352 3436 4407 Τοῦ
3465 4353 3731 4421 τάξαντος
3753 4350 3848 4421 τὴν

586 4445 761 4518 ψυχὴν
793 4447 950 4515 ἡμῶν
979 4447 1058 4510 εἰς
1085 4445 1249 4518 ζωὴν,
1278 4450 1372 4502 καὶ
1401 4450 1476 4522 μὴ
1507 4449 1688 4514 δόντος
1737 4451 2002 4522 σφαλῆναι
2033 4452 2158 4514 τοὺς
2199 4450 2364 4513 πόδας

657 4556 823 4616 Vens.
861 4560 1050 4616 10-13.
1085 4580 1104 4613 ι
1135 4561 1401 4629 Quoniam
1432 4565 1673 4636 probasti
1704 4581 1822 4633 nos,
1852 4565 2014 4632 Deus,
2039 4569 2161 4637 igne

2341 4585 2358 4614 ι
2374 4564 2495 4616 Ὅτι
2518 4560 2842 4631 ἐδοκίμασας
2860 4559 3026 4629 ἡμᾶς,
3047 4559 3076 4612 ὁ
3095 4558 3248 4624 Θεὸς,
3266 4557 3557 4630 ὲπύρωσας
3579 4558 3748 4629 ἡμᾶς,
3770 4552 3841 4614 ὡς

587 4668 688 4708 nos
735 4653 1058 4709 evamiuasti
1087 4695 1102 4716 ,
1137 4656 1280 4710 sicut
1315 4658 1659 4712 examinatur
1687 4665 1994 4729 argentum.
2037 4678 2055 4710 ι
2095 4658 2160 4712 Ει

587 4746 701 4800 ιιεεο
731 4755 1131 4816 consequenter
1160 4747 1224 4803 ad
1257 4750 1542 4819 superiora
1573 4751 1718 4806 dicta
1749 4759 1899 4806 sunt.
1932 4749 2160 4818 Oporte-

586 4838 677 4893 bat
703 4839 848 4894 enim
879 4839 1095 4894 edoceri
1133 4857 1235 4895 nos
1263 4857 1373 4911 quo
1414 4853 1573 4912 pacto
1629 4843 1773 4899 Deus
1809 4845 2055 4914 posuerit
2090 4845 2156 4899 ad

585 4931 748 4985 vitam
781 4932 1016 4986 animam
1040 4948 1229 4988 eorum
1261 4935 1353 5002 qui
1381 4934 1492 4989 haec
1515 4934 1780 5000 dicerent,
1809 4943 1862 4989 et
1885 4935 2159 5006 quomodo

521 5025 532 5034 '
586 5024 750 5096 pedes
779 5041 968 5079 eorum
1022 5041 1131 5080 non
1178 5024 1391 5082 dederit
1435 5027 1491 5081 in
1543 5027 1984 5084 commotionem.
2019 5026 2156 5082 Nam

585 5117 714 5186 qttid
749 5117 1107 5181 admiserant,
1142 5128 1202 5173 ut
1237 5136 1344 5175 non
1375 5135 1628 5189 corpore,
1669 5120 1766 5176 sed
1798 5122 1977 5176 anima
2009 5121 2155 5191 peri-

584 5212 690 5265 turi
719 5219 933 5275 essent,
958 5218 1013 5265 et
1045 5227 1151 5281 qua
1185 5211 1252 5267 de
1284 5227 1450 5268 causa
1482 5213 1536 5267 in
1565 5221 1778 5268 tantum
1813 5213 2039 5283 periculi
2063 5213 2158 5267 de-

584 5313 862 5367 venerant,
910 5314 968 5358 ut
1009 5304 1175 5374 pedes
1213 5320 1402 5360 eorum
1447 5305 1827 5361 commovendi
1859 5313 2068 5367 essent,
2104 5305 2157 5359 id

582 5399 894 5469 singulatim
943 5408 1224 5463 enarrant,
1273 5416 1377 5454 una
1423 5399 1532 5455 Deo
1573 5401 1780 5472 gratias
1809 5408 2052 5470 agentes,
2099 5408 2152 5452 et

580 5507 767 5544 eorum
806 5506 927 5560 qua
965 5492 1112 5561 passi
1161 5491 1375 5547 fuerant
1407 5493 1656 5546 notitiam
1685 5491 1988 5563 praebentes
2033 5489 2152 5544 Pri-

581 5599 666 5634 tuo
694 5583 860 5651 igitur
887 5583 1059 5649 aiunt,
1090 5603 1108 5636 ‹
1135 5583 1380 5639 Probasti
1409 5601 1530 5649 nos,
1563 5584 1725 5640 Deus.
1753 5604 1771 5637 ι
1800 5583 2154 5655 thuomodo

584 5675 873 5742 probasti?
911 5674 966 5728 ld
996 5679 1269 5745 explicant
1301 5678 1542 5734 dicentes
1579 5698 1589 5732 :
1632 5698 1648 5729 ι
1691 5677 1814 5750 lgne
1876 5695 1976 5733 nos
2026 5693 2154 5734 exa-

658 5831 698 5864 °"
729 5830 830 5887 Isa.
865 5848 961 5890 ιιι.
995 5833 1052 5892 7.

2269 4657 2535 4729 πυροῦται
2561 4654 2622 4708 τὸ
2655 4652 2936 4726 ἀργύριον.
2972 4673 2990 4704 ι
3026 4653 3134 4708 Καὶ
3165 4651 3337 4706 ταῦτα
3366 4650 3674 4716 ἀκολούθως
3698 4650 3836 4720 εἴρη-
3913 4651 3928 4676 ³

2265 4769 2353 4806 ται
2377 4752 2486 4813 τοῖς
2505 4745 2831 4820 ἔμπροσθεν.
2849 4745 3045 4818 Ἐχρῆν
3070 4745 3177 4817 γὰρ
3203 4747 3348 4818 ἡμᾶς
3369 4743 3701 4815 διδαχθῆναι,
3726 4737 3836 4801 πῶς

2260 4845 2289 4896 ὁ
2315 4842 2446 4904 Θεὸς
2473 4841 2573 4912 τὴν
2603 4839 2781 4911 ψυχὴν
2811 4837 2963 4891 ἔθετο
2985 4839 3064 4900 εἰς
3089 4836 3233 4910 ζωὴν
3267 4837 3375 4890 τῶν
3403 4836 3576 4891 ταῦτα
3607 4831 3835 4905 φασκόν·

2261 4955 2388 5001 των,
2420 4937 2513 4989 καὶ
2540 4934 2654 4998 πῶς
2674 4935 2797 4997 τοὺς
2822 4931 2986 4995 πόδας
3010 4931 3188 4986 αὐτῶν
3215 4933 3277 4984 οὐ
3309 4931 3621 5004 παρέδωκεν
3651 4933 3730 4994 εἰς
3752 4925 3831 4980 σά-

2264 5032 2374 5085 λυν.
2407 5031 2471 5083 Τί
2497 5029 2605 5102 γὰρ
2634 5029 2898 5092 παθόντες
2933 5027 3164 5099 ἤμελλον
3192 5028 3254 5081 οὐ
3284 5028 3348 5081 τὸ
3387 5029 3566 5100 σῶμα,
3593 5027 3708 5082 ἀλλ’
3736 5023 3825 5078 αὐ-

2264 5125 2360 5196 τὴν
2385 5123 2484 5194 τὴν
2513 5122 2689 5193 ψυχὴν
2714 5119 3029 5182 ἀπολλύναι,
3061 5121 3204 5184 τίνος
3239 5120 3297 5173 δὲ
3325 5121 3618 5191 γενομένου
3641 5121 3720 5184 εἰς
3743 5134 3824 5170 το-

2259 5218 2446 5272 σοῦτον
2479 5216 2687 5288 ῆλασαν
2716 5212 2982 5276 κινδύνου,
3010 5211 3085 5277 ὡς
3130 5215 3254 5276 τοὺς
3290 5213 3453 5276 πόδας
3503 5213 3714 5284 μέλλειν
3741 5228 3823 5265 σα-

2257 5307 2528 5368 λεύεσθαι,
2578 5304 2717 5359 κατά
2766 5303 2929 5375 μέρος
2973 5303 3357 5374 διεξέρχονται,
3389 5305 3822 5377 εὐχαριστοῦντες

2261 5401 2377 5470 ἅμα
2402 5396 2480 5464 τῶ
2511 5395 2649 5466 Θεῷ,
2679 5395 2771 5449 καὶ
2802 5392 3146 5448 διδασκαλίαν
3180 5395 3494 5467 ποιούμενοι
3523 5391 3597 5450 ὧν
3624 5397 3818 5466 ὐπομε-

2265 5492 2546 5562 μενήκααι.
2583 5487 2803 5558 Πρῶτον
2818 5481 2912 5540 οῦν
2942 5502 3132 5557 φασινο
3171 5506 3188 5538 t
3211 5487 3570 5559 Ἐδοκίμασας
3607 5489 3770 5559 ὑμᾶς,
3795 5484 3821 5535 δ

2261 5582 2410 5646 Θεός.
2453 5601 2469 5632 .t
2505 5580 2614 5634 Kal.
2664 5579 2780 5644 πῶς
2819 5579 3175 5652 ὲδοκίμασαςς
3215 5580 3602 5652 Ἐρμηνεύουσι
3645 5579 3816 5648 λέγον-

2261 5693 2380 5741 τες·
2419 5694 2434 5725 t
2460 5673 2777 5745 Ἑπύρωσας
2804 5674 2971 5743 ἡμᾶς,
3002 5673 3076 5736 ὡς
3108 5672 3369 5743 πυροῦται
3399 5671 3458 5726 τὸ
3489 5673 3762 5746 ἀργύριον.
3795 5685 3812 5720 t
