4086 6442
305 395 412 452 65!

1402 381 1901 436 COAIMENTARIA
1945 380 2008 434 IN
2047 376 2386 435 PSALMOS.

3458 366 3566 430 662

301 502 490 556 ιθωνα).
533 499 590 552 δέ
627 492 806 562 αὗται,
833 500 908 563 ὼς
939 499 1098 566 ἔφην,
1133 497 1444 552 ἀποστόλων
1494 501 1586 553 καὶ
1631 498 1885 570 μαθητῶν

1992 499 2214 554 minasti
2266 497 2408 552 sicut
2459 493 2807 549 examinatur
2866 496 3172 562 argentum.
3211 507 3229 541 ι
3283 486 3377 544 Hm
3433 489 3565 558 ipsa:

303 595 406 648 καὶ
452 592 852 662 εὐαγγελιστῶν
892 593 1217 663 τυγχάνουσι
1268 591 1362 644 τοῦ
1412 592 1682 664 Σωτῆρος,
1707 585 1780 645 ὧν
1811 594 1888 658 εἰς

305 689 494 742 πᾶσαν
521 688 621 758 τὴν
650 688 753 758 γῆν
781 685 1001 758 ἐξῆλθεν
1029 685 1058 738 6
1085 683 1340 754 φθόγγος,
1364 685 1460 738 καὶ
1488 687 1568 748 εἰς
1586 685 1656 739 τὰ
1680 685 1892 757 πέρατα

303 782 408 850 τῆς
439 779 760 850 οἰκουμένης
787 777 856 832 τά
884 778 1123 850 ῥήματα.
1156 773 1279 832 Εἶεν
1305 777 1349 832 δ’
1375 777 1440 831 ἂν
1466 778 1560 832 καὶ
1580 777 1689 830 τῶν
1717 777 1887 846 ἁγίων

305 872 403 926 τοῦ
438 870 572 925 Θεοῦ
611 870 922 943 μαρτύρων,
955 869 1004 924 οἳ
1050 869 1191 924 κατὰ
1234 868 1464 941 μίμησιν
1505 869 1615 923 τῶν
1658 868 1889 940 πρώτων

304 964 402 1018 τοῦ
436 964 684 1036 Σωτῆρος
731 961 889 1035 ἡμῶν
917 961 1173 1034 κηρύκων
1195 961 1264 1015 τά
1305 961 1396 1015 ἴσα
1438 960 1799 1016 πεπόνθασιν·
1831 963 1889 1014 ἐν

303 1050 391 1118 οἷς
434 1055 560 1119 τοὺς
605 1054 747 1126 ὑπὲρ
777 1053 1084 1117 θεοσεϐείας
1116 1052 1310 1118 ἄθλους
1333 1053 1692 1125 ἠγωνίσαντο.
1721 1053 1890 1106 Φασὶν

302 1143 403 1201 οὖν
429 1144 821 1217 ἑρμηνεύοντες
854 1145 950 1199 καὶ
972 1144 1382 1214 διασαφοῦντες,
1417 1146 1563 1209 ὅπως
1589 1143 1686 1216 τὴν
1713 1143 1890 1215 ψυχὴν

303 1236 490 1292 αὐτῶν
524 1236 677 1292 ἐθετο
707 1237 786 1302 εἰς
814 1236 977 1308 ζωὴν,
1005 1236 1101 1290 καὶ
1129 1236 1278 1300 ὅπως
1321 1237 1448 1300 τοὺς
1496 1236 1663 1300 πόδας
1710 1235 1890 1290 αὐτῶν

302 1330 408 1383 οὐκ
460 1329 657 1383 ἔδωκεν
703 1331 783 1393 εἰς
832 1329 1020 1383 σάλον·
1069 1328 1223 1383 ιὊτι
1272 1328 1603 1400 ἐδοκίμασας
1648 1331 1818 1400 ἡμᾶς,
1862 1332 1890 1383 6

303 1421 458 1487 Θεὸς,
489 1421 564 1486 ὡς
588 1421 850 1493 πυροῦται
866 1421 928 1475 τὸ
953 1421 1232 1493 ἀργύριον.
1260 1439 1277 1472 i
1296 1421 1514 1494 Ἐπειδὴ
1528 1422 1635 1494 γὰρ
1661 1421 1892 1494 ἀπείρα-

307 1529 436 1578 στος
465 1513 605 1584 ἀνὴρ
643 1512 922 1582 ἀδόκιμος,
953 1513 1174 1578 εἰκότως
1204 1513 1561 1584 ἐγγυμνάζων
1609 1515 1721 1578 τοῖς
1766 1529 1890 1566 πει-

307 1606 541 1675 ρασμοῖς
584 1603 916 1676 παραδίδωσι
968 1605 1090 1668 τοὺς
1139 1603 1372 1668 οἰκείους
1401 1605 1430 1656 6
1459 1602 1621 1667 Θεός·
1660 1603 1759 1674 οὐχ
1805 1604 1890 1657 ἵνα

304 1695 475 1759 αὐτὸς
503 1695 616 1766 γνῷ
642 1694 813 1748 ὁποῖοί
844 1695 990 1758 τινές
1019 1696 1177 1758 εἰσιν,
1212 1694 1326 1749 ἀλλ’
1357 1695 1464 1760 ἵνα,
1499 1695 1657 1750 αὐτοὶ
1708 1711 1891 1768 πυρω-

306 1787 494 1851 θέντες
519 1786 888 1859 λαμπρότεροι
913 1788 1004 1840 καὶ
1029 1787 1403 1860 καθαρώτεροι
1430 1787 1886 1842 ἀποτελεσθῶσιν.

1990 599 2142 656 sunt,
2167 599 2228 646 ut
2268 591 2381 660 jam
2431 588 2569 652 dixi,
2616 587 3012 660 apostolorum,
3071 582 3468 655 discipulorum
3509 591 3565 637 et

1987 684 2449 756 evangelistarum
2479 681 2780 738 Salvatoris
2806 694 2992 744 voces,
3017 692 3254 749 quorum
3287 692 3458 733 sonus
3507 676 3561 730 iu

1987 793 2204 834 omnem
2239 785 2443 832 terram
2472 775 2660 840 exivit,
2693 782 2746 829 et
2770 775 2826 829 in
2871 771 3007 828 lines
3029 771 3181 826 orbis
3207 778 3367 826 terra
3399 768 3560 825 ver-ha

1987 882 2199 923 eorum.
2236 863 2464 922 Fuerint
2500 879 2718 934 quoque
2751 871 3065 917 sanctorum
3104 859 3198 916 Dei
3235 869 3557 932 martyrum,

1987 959 2082 1031 qui
2115 959 2180 1014 ad
2216 958 2571 1012 imitationem
2606 957 2847 1028 priorum
2879 955 3184 1010 Servatoris
3214 969 3557 1024 praconum,

1989 1052 2141 1123 paria
2181 1049 2424 1122 perpessi
2457 1057 2607 1115 sunt,
2641 1063 2766 1102 cum
2794 1062 2894 1117 pro
2923 1047 3104 1102 divina
3138 1045 3402 1117 religione
3441 1060 3560 1100 cer-

1989 1143 2196 1198 tamina
2228 1141 2534 1198 subierunt.
2570 1139 2740 1194 Aiunt
2769 1140 2969 1211 itaque,
3002 1139 3338 1210 explicantes
3364 1154 3429 1194 ae
3459 1139 3557 1194 de-

1989 1235 2264 1291 clarantes
2295 1247 2406 1304 quo
2447 1239 2608 1304 pacto
2635 1231 2872 1286 animam
2925 1246 3079 1288 suam
3113 1231 3359 1303 posuerit
3384 1231 3454 1287 ad
3483 1232 3558 1286 vi-

1991 1337 2124 1392 tam,
2146 1337 2199 1384 et
2214 1325 2487 1399 quomodo
2507 1341 2616 1382 non
2641 1324 2852 1380 dederit
2882 1325 2938 1379 in
2961 1323 3381 1380 commotionem
3397 1323 3562 1394 pedes

1989 1437 2122 1478 suos
2155 1439 2168 1476 :
2207 1439 2226 1472 ι
2265 1419 2534 1486 Quoniam
2563 1416 2808 1490 probasti
2848 1432 2972 1482 nos,
3008 1415 3172 1482 Deus,
3193 1422 3253 1470 ut
3282 1415 3406 1486 igne
3431 1429 3560 1470 exa-

1991 1515 2230 1569 minator
2261 1521 2572 1584 argentum.
2609 1530 2628 1562 ι
2667 1509 2806 1577 Quia
2835 1509 2982 1564 enim
3017 1508 3268 1579 quisquis
3294 1522 3404 1562 non
3432 1521 3560 1577 pro-

1991 1607 2155 1662 batur
2179 1605 2450 1676 inglorius
2481 1609 2588 1668 est,
2612 1603 2736 1675 jure
2761 1601 2904 1658 Deus
2931 1599 3224 1656 familiares
3250 1613 3383 1655 suos
3401 1614 3559 1656 exer-

1991 1713 2147 1761 cens,
2199 1695 2596 1752 tentationibus
2625 1693 2835 1759 tradit;
2866 1707 2974 1746 non
3009 1698 3070 1746 ut
3105 1677 3402 1762 c0gnoscat
3444 1689 3562 1761 ipse

1993 1790 2215 1861 quinam
2251 1789 2330 1843 illi
2358 1787 2490 1852 sint,
2521 1786 2618 1842 sed
2641 1795 2702 1840 ut
2732 1787 2834 1857 ipsi
2858 1785 2979 1856 igne
3007 1783 3340 1848 examinati,
3374 1783 3559 1854 splen-

307 1879 519 1951 Ὠσπερ
552 1878 660 1950 γάρ
688 1880 746 1931 ἐν
775 1879 1001 1951 ἀργύρῳ
1026 1878 1286 1944 πολλάκις
1317 1880 1626 1953 εὑρίσκεται
1646 1879 1775 1945 ῦλης
1795 1880 1882 1934 ἀλ-

1989 1882 2233 1938 didiores
2265 1895 2326 1935 ac
2353 1879 2614 1952 puriores
2631 1878 2881 1934 evadant.
2912 1875 3380 1946 Quemadmodum
3409 1876 3556 1931 enim

305 1971 524 2044 λοτρίας
553 1972 752 2043 μίγμα,
775 1971 805 2024 6
823 1973 960 2035 τέως
988 1971 1086 2042 μὲν
1109 1971 1364 2026 λανθάνει
1390 1972 1498 2045 πρὸ
1518 1973 1616 2044 τῆς
1636 1973 1885 2044 χωνείας,

304 2063 364 2117 ἐν
386 2064 444 2117 δέ
473 2066 540 2135 τῇ
567 2062 807 2134 πυρώσει
839 2064 1178 2135 διελέγχεται
1210 2067 1304 2119 καὶ
1332 2065 1668 2136 διακρίνεται
1689 2083 1701 2098 ·
1739 2065 1887 2136 μένει

306 2171 366 2209 τε
416 2154 599 2209 λοιπὸν
647 2156 809 2218 αὐτὸς
863 2156 1102 2228 καθαρὸς
1141 2157 1172 2208 6
1208 2157 1468 2229 ἄργυρος,
1501 2155 1762 2228 κρείττων
1794 2157 1888 2209 καὶ¹

308 2246 684 2319 λαμπρότερος
711 2246 952 2316 γεγονὼς
988 2251 1052 2301 ἐκ
1094 2249 1194 2319 τῆς
1227 2247 1547 2321 καθάρσεως
1567 2265 1581 2279 ⁸
1607 2248 1700 2302 τὸν
1726 2247 1886 2301 αὐτὸν

307 2338 508 2408 τρόπον
539 2339 633 2392 καὶ
657 2339 706 2391 οἰ
733 2338 827 2391 τοῦ
855 2338 990 2392 Θεοῦ
1021 2339 1232 2412 ἄνδρες,
1259 2340 1382 2394 ὅσον
1407 2338 1685 2410 ἀλλότριον
1722 2339 1780 2391 ἐν
1819 2341 1884 2409 τῇ

306 2428 520 2484 ἑαυτῶν
563 2429 708 2501 ψυχῇ
757 2430 821 2482 ἐκ
865 2429 964 2499 τῆς
1020 2431 1148 2504 περὶ
1195 2431 1294 2503 τὴν
1345 2431 1522 2502 σάρκα
1571 2429 1888 2502 συμπλοκῆς

307 2521 716 2592 ἐφειλκύσαντο,
739 2520 900 2574 τοῦτο
928 2525 1034 2577 πᾶν
1063 2523 1122 2576 ἐν
1148 2525 1262 2588 τοῖς
1291 2523 1637 2594 πειρασμοῖς.
1663 2521 1888 2585 καὶτοῖς

309 2616 426 2667 κατ’
463 2613 644 2668 αὐτῶν
677 2613 1130 2685 ἐπανισταμένοις
1175 2613 1432 2687 διωγμοῖς
1464 2613 1886 2686 ἀπορύπτονται.

309 2703 432 2774 (sic)
466 2702 800 2775 πυρούμενοι
845 2705 938 2758 καὶ
980 2705 1362 2777 καθαιρόμενοι
1405 2705 1493 2759 διὰ
1537 2705 1639 2776 τῆς
1677 2703 1886 2759 τοιᾶσδε

307 2796 555 2864 χωνείας,
588 2795 663 2860 ὡς
691 2799 872 2850 πᾶσαν
903 2796 1200 2851 ἁποὸαλεῖν
1242 2797 1518 2870 ἁμαρτίας
1542 2797 1755 2868 κηλίδα,
1793 2797 1888 2867 ῆν-

306 2885 428 2938 τινά
469 2903 620 2951 ποτε,
648 2886 724 2951 ὡς
755 2886 1052 2959 ἄνθρωποι,
1084 2886 1142 2940 ἐν
1177 2905 1318 2942 τισιν
1353 2888 1697 2960 ἐλαττώμασι
1737 2888 1890 2958 γενό-

311 2993 461 3046 μενοι
507 2981 968 3051 προσεκτήσαντο.
987 2981 1110 3033 Ἐπὶ
1141 2980 1348 3046 τούτοις
1388 2976 1482 3036 οὖν
1510 2980 1890 3054 εὐχαριστοῦν-

306 3087 419 3133 τες,
445 3071 634 3139 φασίψ
673 3075 826 3128 ιὊτι
865 3073 1194 3146 ἐδοκίμασας
1223 3074 1390 3146 ἡμᾶς,
1426 3074 1456 3127 6
1497 3074 1648 3138 Θεὸς,
1677 3073 1890 3145 ἐπύρω-

308 3181 408 3228 σας
436 3166 582 3236 ἡμᾶς
607 3165 682 3230 ὡς
714 3165 980 3240 πυροῦται
1007 3165 1069 3220 τὸ
1096 3165 1378 3238 ἀργύριον.
1409 3183 1428 3217 ι
1453 3165 1529 3218 Οὐ
1553 3164 1660 3236 γὰρ
1688 3164 1763 3227 ὡς
1790 3183 1888 3219 κα-

305 3257 507 3329 λάμην,
557 3258 666 3312 οὐδ’
700 3259 776 3323 ὡς
823 3259 1033 3330 χόρτον,
1075 3258 1183 3312 οὐδ’
1209 3258 1284 3322 ὡς
1330 3257 1521 3330 ἑτέραν
1562 3256 1888 3332 εὔθραυστον

307 3350 442 3421 ῦλην
475 3351 763 3424 ἐπύρωσας
794 3354 960 3423 ἡμᾶς,
995 3351 1109 3406 ἀλλ’
1136 3352 1211 3416 ὡς
1237 3350 1518 3424 ἀργύριον,
1553 3350 1614 3404 τὸ
1642 3349 1754 3404 ἀπὸ
1789 3350 1888 3421 τῆς

306 3442 610 3514 πυρώσεως
639 3442 1024 3514 καθαρώτερον
1053 3443 1394 3514 γιγνόμενον.
1438 3442 1563 3506 Πῶς
1589 3442 1645 3496 δέ
1671 3442 1886 3516 ἐπυρώ-

305 3535 479 3605 θησαν
525 3533 860 3608 ὑφηγοῦνται
911 3535 1197 3606 λέγοντεςο
1231 3553 1249 3587 ι
1288 3536 1594 3608 Εἰσήγαγες
1632 3537 1781 3608 ἡμᾶς
1807 3537 1888 3600 εἰς

304 3625 403 3698 τὴν
443 3626 665 3696 παγίδα·
713 3645 731 3678 ι
783 3626 922 3680 κατά
968 3627 1024 3680 δέ
1067 3627 1160 3681 τὸν
1197 3626 1466 3693 Ἀκύλαν,
1526 3647 1543 3678 ι
1580 3627 1887 3699 Εἰσήγαγες

304 3719 477 3790 ἡμᾶς,
513 3719 697 3788 φασὶν,
731 3719 788 3771 ἐν
814 3718 1164 3790 ὀχυρώματι·
1198 3739 1216 3772 ι
1254 3718 1396 3772 κατά
1439 3717 1494 3772 δὲ
1534 3719 1626 3773 τὸν
1659 3718 1889 3789 Σύμμαη

308 3821 436 3875 χον,
475 3824 492 3856 ι
525 3807 829 3876 Εἰσὴγαγες
859 3808 1006 3877 ἡμᾶς
1039 3807 1189 3872 ἐντὸς
1219 3807 1563 3881 πολιορκίαςο
1608 3827 1626 3860 ι
1663 3807 1805 3863 κατά
1830 3807 1886 3860 δὲ

308 3896 411 3967 τὴν
456 3896 712 3969 πέμπτην
754 3897 994 3953 ἔκδοσινο
1029 3918 1048 3951 ι
1080 3901 1389 3972 Εἰσήγαγες
1422 3903 1571 3972 ἡμᾶς
1606 3903 1685 3964 εἰς
1709 3917 1887 3972 περιο-

307 3989 431 4058 χήν.
464 4007 482 4040 ›
518 3988 749 4060 Δηλοίδέ
777 3988 867 4042 διὰ
891 3991 1094 4045 τούτων
1122 3994 1150 4045 6
1172 3993 1324 4063 λόγος
1353 3997 1398 4047 εἰ
1406 3993 1576 4066 ρκτάς
1606 3995 1700 4047 καὶ
1725 3996 1886 4064 φυλα.

308 4080 409 4145 κάς
456 4083 553 4136 καὶ
597 4081 966 4154 δεσμωτήρια,
997 4087 1055 4138 ἐν
1085 4079 1166 4150 οἷς
1199 4086 1304 4158 πρὸ
1329 4085 1422 4139 τοῦ
1453 4085 1684 4139 θανάτου
1714 4087 1883 4140 κατά-

308 4173 545 4228 κλειστοι
577 4174 852 4244 γίγνονται
883 4179 932 4230 οἰ
975 4177 1069 4230 τοῦ
1107 4177 1242 4232 Θεοῦ
1277 4179 1578 4251 μάρτυρεςο
1610 4179 1647 4235 ἃ
1689 4179 1752 4251 δὴ
1781 4199 1886 4234 πα-

308 4266 418 4329 γίδι
447 4267 641 4332 ἔοικεν,
669 4269 797 4322 εἴσω
816 4269 987 4341 αὐτῆς
1014 4271 1359 4344 ἀπολαϐούσῃ
1382 4272 1443 4326 τὸ
1464 4271 1879 4344 τεθηρευμένον.

310 4357 527 4429 Ταύτης
557 4359 613 4413 δὲ
642 4361 739 4432 τῆς
767 4363 990 4432 παγίδος
1016 4362 1316 4434 μέμνηνται
1336 4363 1430 4416 καὶ
1453 4362 1688 4434 ἀλλαχοῦ
1713 4365 1762 4418 οἰ
1784 4366 1882 4418 αύ-

307 4451 392 4505 τοὶ
433 4451 759 4521 φάσκοντες·
799 4472 817 4504 ι
842 4453 904 4506 Ἦ
933 4453 1079 4524 ψυχὴ
1107 4453 1264 4526 ἡμῶν
1301 4455 1378 4518 ὠς
1409 4455 1685 4526 στρουθίον
1723 4455 1882 4528 ἐρρύ-

1989 1975 2044 2028 in
2089 1979 2313 2044 argento
2361 1972 2554 2028 aliena:
2599 1969 2843 2024 materiae
2886 1969 3206 2040 plerumque
3249 1967 3560 2022 commistio

1987 2068 2278 2138 reperitur,
2307 2080 2429 2137 qua:
2457 2079 2591 2121 sane
2628 2063 2760 2120 latet
2787 2070 3079 2133 antequam
3111 2063 3166 2117 in
3199 2061 3556 2117 conﬂaturam

1988 2166 2322 2230 reponatur;
2351 2157 2482 2212 dum
2515 2164 2695 2212 autem
2723 2156 2848 2227 igne
2877 2154 3166 2218 conﬂatur,
3194 2161 3326 2208 tunc
3355 2153 3563 2209 discer-

1988 2255 2139 2308 nitur
2169 2259 2225 2308 et
2249 2251 2548 2323 probatur;
2585 2249 2876 2320 ipsumque
2905 2255 3192 2319 argentum
3219 2247 3437 2302 tandem
3460 2262 3559 2318 pu-

1986 2346 2129 2410 rius,
2162 2343 2510 2416 prastantius
2539 2357 2604 2398 ac
2641 2341 2981 2411 splendidius
3017 2357 3082 2396 ex
3117 2341 3440 2411 purgatione
3467 2355 3558 2396 re-

1988 2445 2171 2494 manet
2211 2455 2226 2492 :
2257 2437 2341 2493 sic
2367 2444 2422 2492 et
2453 2436 2556 2490 viri
2589 2433 2725 2500 Dei,
2759 2434 2804 2490 si
2833 2434 2962 2504 quid
2995 2435 3233 2488 alienum
3282 2433 3339 2487 in
3378 2430 3559 2486 anima

1989 2543 2089 2585 sua
2143 2543 2213 2585 ex
2261 2528 2448 2584 carnis
2496 2525 2882 2584 commistione
2947 2524 3355 2586 contraxerint.
3422 2521 3558 2578 illud

1987 2637 2149 2678 omne
2184 2622 2241 2677 in
2263 2621 2660 2678 tentationibus
2697 2629 2752 2677 et
2791 2620 3125 2676 instantibus
3157 2618 3556 2689 persecutioni-

1986 2714 2091 2770 bus
2111 2714 2454 2787 ahstergunt,
2486 2715 2608 2786 igne
2634 2713 2927 2770 examinati
2956 2720 3014 2768 et
3041 2727 3140 2782 per
3166 2711 3332 2767 talem
3355 2708 3560 2765 conﬂa-

1988 2815 2167 2862 turam
2206 2809 2442 2880 purgati,
2475 2808 2549 2862 ita
2582 2813 2640 2860 ut
2679 2819 2896 2862 omnem
2943 2803 3152 2874 peccati
3178 2801 3357 2858 labem
3385 2801 3556 2873 depo-

1989 2908 2146 2962 nant,
2169 2915 2333 2972 quam
2359 2899 2677 2970 aliquando,
2707 2904 2895 2969 utpote
2918 2895 3192 2959 homines,
3226 2894 3281 2948 in
3308 2894 3556 2964 quaedam

1990 2992 2128 3064 lapsi
2170 2991 2386 3053 delicta.
2429 2991 2788 3046 admiserant.
2839 2987 2914 3045 De
2973 2987 3060 3042 his
3113 2986 3297 3056 itaque
3349 2984 3557 3057 gratias

1991 3093 2235 3156 agentes,
2266 3083 2456 3139 dicunt
2487 3101 2502 3137 :
2545 3101 2564 3134 ι
2598 3080 2870 3148 Quoniam
2903 3078 3150 3151 probasti
3179 3092 3282 3133 nos
3309 3115 3324 3139 ,
3371 3076 3514 3134 Deus
3539 3094 3555 3142 ;

1991 3176 2116 3246 igne
2150 3188 2254 3230 nos
2277 3171 2598 3230 examinasti
2625 3171 2767 3228 sicut
2805 3171 3151 3227 examinatur
3179 3180 3484 3241 argentum.
3534 3187 3553 3221 ι

1990 3263 2109 3320 Non
2133 3263 2278 3319 enim
2310 3269 2369 3317 ut
2401 3261 2607 3332 paleam
2629 3268 2682 3316 et
2707 3258 2913 3321 fenum.
2949 3273 3127 3328 neque
3155 3264 3215 3312 ut
3245 3257 3406 3311 aliam
3441 3257 3557 3311 l'ra-

1989 3356 2153 3429 gilem
2185 3355 2472 3412 materiam
2518 3368 2620 3412 nos
2667 3353 2792 3424 igne
2813 3349 3306 3416 examinasti;sed
3364 3359 3423 3404 ut
3469 3364 3558 3404 ar-

1991 3455 2235 3520 gentum,
2267 3447 2412 3520 quod
2444 3447 2512 3503 ab
2537 3447 2661 3520 igne
2692 3447 2884 3518 purius
2914 3445 3117 3501 evadit.
3143 3442 3427 3512 Quomodo
3459 3457 3558 3498 au-

1988 3551 2098 3598 tem
2146 3543 2272 3614 igne
2320 3541 2618 3598 examinati
2655 3541 2880 3601 fuerint.
2913 3539 3000 3595 his
3038 3539 3220 3594 verbis
3251 3547 3556 3594 enarrant:

1994 3655 2012 3686 ι
2051 3633 2320 3691 lnduxisti
2349 3649 2450 3689 nos
2484 3634 2539 3688 in
2571 3634 2868 3705 laqueum;
2916 3652 2934 3685 ι
2971 3629 3274 3688 secundum
3299 3629 3554 3702 Aquilam

1989 3743 2115 3784 vero
2150 3746 2163 3782 :
2198 3746 2217 3780 ι
2253 3725 2520 3782 lnduxisti
2562 3742 2690 3793 nos,
2733 3727 2909 3792 aiunt,
2948 3726 3003 3780 in
3045 3724 3486 3790 munimentum;
3531 3741 3554 3776 ι

1987 3820 2289 3876 secundum
2313 3834 2443 3875 vero
2473 3818 2861 3891 Symmachum
2891 3836 2906 3873 :
2943 3835 2964 3871 ι
2992 3815 3263 3873 lnduxisti
3291 3830 3392 3872 nos
3411 3816 3560 3870 intra

1987 3911 2368 3980 obsidionem;
2399 3929 2419 3963 ι
2454 3909 2754 3967 secundum
2780 3909 3028 3982 quintam
3043 3908 3375 3965 editionem:
3413 3925 3432 3961 ι
3468 3904 3559 3961 ln-

1986 4004 2194 4060 duxisti
2224 4019 2328 4060 nos
2359 4004 2415 4058 in
2444 4003 2824 4059 munitionem.
2862 4020 2881 4054 »
2917 3999 3015 4057 His
3036 4014 3202 4072 porro
3232 3999 3557 4070 signiticano

1987 4106 2076 4150 tur
2104 4096 2410 4168 ergastula,
2438 4094 2732 4157 custodiae,
2761 4108 3013 4149 carceres
3059 4093 3118 4147 in
3156 4091 3358 4156 quibus
3403 4097 3557 4144 ante-

1985 4203 2148 4258 quam
2185 4189 2346 4242 morti
2376 4187 2682 4250 tradantur,
2714 4184 2962 4240 conclusi
2995 4183 3201 4254 degunt
3230 4181 3326 4238 Dei
3349 4191 3556 4252 marty-

1987 4295 2074 4334 res
2107 4298 2121 4334 :
2156 4293 2278 4349 quae
2305 4293 2437 4335 sane
2464 4278 2643 4349 laquei
2677 4278 2875 4334 similia
2910 4285 3061 4342 sunt,
3109 4289 3219 4346 quo
3265 4273 3557 4330 venatione

1985 4378 2140 4440 capta
2164 4369 2497 4428 detinentur.
2527 4369 2768 4440 Hujusce
2800 4369 2979 4440 laquei
3025 4368 3354 4424 mentionem
3393 4365 3554 4422 iidem

1985 4465 2111 4520 alibi
2145 4465 2351 4520 iaciunt
2373 4463 2619 4520 dicentes
2651 4482 2664 4519 :
2705 4482 2722 4515 ι
2757 4463 2952 4518 Anima
2978 4470 3168 4517 nostra
3197 4460 3342 4517 sicut
3367 4472 3555 4530 passer

312 4545 413 4618 σθη
444 4562 509 4600 εκ
534 4547 632 4618 τῆς
664 4547 891 4617 παγίδος
917 4547 1025 4600 τῶν
1053 4547 1390 4618 θηρευόντων
1409 4564 1423 4580 ·
1471 4549 1504 4619 ὴ
1555 4549 1721 4616 παγὶς
1768 4565 1885 4603 συν-

1987 4564 2171 4628 erepta
2199 4564 2284 4612 est
2309 4555 2378 4612 de
2407 4556 2601 4626 laqueo
2632 4555 2945 4611 venantium
2981 4574 2994 4610 :
3031 4555 3259 4623 laqueus
3285 4552 3556 4608 contritus

309 4639 497 4711 ετρίὸη
527 4641 622 4694 καὶ
650 4641 810 4711 ἡμεῖς
839 4639 1203 4712 ἐρῤύσθημεν.
1240 4658 1259 4691 ι
1295 4638 1516 4711 Πρῶτον
1545 4639 1640 4710 μὲν
1691 4635 1785 4693 οὖν
1806 4641 1885 4704 εἰς

308 4730 406 4802 τὴν
435 4731 640 4799 παγίδα
669 4733 718 4785 οἱ
750 4731 1080 4804 πυρούμενοι
1108 4731 1440 4799 εἰσάγονται,
1467 4731 1500 4804 ἢ
1528 4731 1608 4795 εἰς
1649 4732 1712 4785 τὸ
1755 4732 1882 4803 ὀχύ-

315 4841 494 4894 ρωμα,
517 4823 551 4895 ἢ
577 4825 658 4888 εἰς
677 4823 773 4896 τὴν
803 4824 1084 4897 περιοχὴν,
1114 4823 1146 4893 ἢ
1177 4825 1258 4888 εἰς
1277 4824 1376 4894 τὴν
1401 4823 1714 4896 πολιορκίαν
1731 4841 1744 4855 ο
1766 4820 1884 4878 εἶτα

309 4913 560 4987 δεύτερον
585 4911 746 4968 ἆθλον
777 4912 1150 4983 ἀγωνίζονται,
1181 4913 1238 4967 ὃν
1251 4913 1574 4983 διασαφοῦσι
1600 4914 1848 4984 λέγοντες
1866 4933 1879 4946 ο

316 5005 512 5059 «Ἔθου
546 5005 754 5076 θλίψεις
796 5008 888 5060 ἐπὶ
926 5007 1018 5061 τὸν
1055 5006 1221 5060 νῶτον
1253 5006 1428 5078 ἡμῶν.
1463 5026 1480 5058 ι
1523 5008 1677 5061 Κατά
1704 5007 1761 5062 δέ
1792 5008 1884 5062 τὸν

321 5096 554 5151 ’Λκύλαν
568 5100 731 5167 φασίν
746 5115 760 5129 ο
785 5117 803 5149 ι
818 5100 1058 5170 Ἔθηκας
1077 5100 1304 5170 τρισμὸν
1325 5102 1382 5152 ἐν
1404 5099 1481 5170 τῷ
1500 5099 1654 5171 νώτῳ
1667 5101 1842 5172 ήμῶν·
1859 5122 1876 5152 ι

313 5187 454 5240 κατά
485 5187 541 5240 δὲ
567 5189 657 5242 τὸν
688 5189 1000 5260 Σύμμαχον·
1037 5189 1314 5262 «Ἔθηκας
1341 5190 1610 5244 κύκλωσιν
1633 5195 1698 5263 τῇ
1721 5193 1882 5263 ὀσφύϊ

311 5279 489 5348 ἡμῶν.
522 5299 540 5333 ι
571 5279 800 5352 Δηλοῦσι
823 5281 880 5334 δὲ
902 5281 989 5335 διὰ
1013 5281 1214 5335 τούτων
1233 5279 1333 5346 τὰς
1354 5282 1492 5336 κατά
1511 5283 1605 5336 τοῦ
1633 5283 1881 5355 σώματος

316 5371 548 5442 πληγὰς,
580 5372 646 5437 ἃς
677 5373 862 5445 ἐδήλου
895 5373 1223 5445 σαφέστερον
1258 5375 1288 5426 6
1323 5375 1642 5440 ’Δπόστολος
1667 5378 1840 5446 λέγων
1864 5397 1877 5409 ·

319 5480 338 5513 ι
370 5461 504 5533 Τρὶς
544 5463 922 5535 ἐρραὁδίσθην,
950 5463 1095 5528 ἅπαξ
1135 5465 1442 5538 ἐλιθάσθην,
1477 5468 1582 5521 ὑπὸ
1615 5469 1880 5524 Ἰουδαίων

312 5556 722 5627 τεσσαράκοντα
750 5556 900 5628 παρά
925 5557 1053 5628 μίαν
1081 5556 1289 5611 ἔλαϐον.
1323 5579 1340 5609 ι
1374 5559 1526 5612 Μετά
1561 5559 1616 5614 δὲ
1653 5559 1751 5624 τὰς
1778 5563 1883 5634 εἰρ-

312 5646 450 5710 κτάς
480 5649 574 5701 καὶ
604 5647 702 5712 τὰς
745 5647 884 5702 κατά
931 5649 1038 5702 τῶν
1083 5648 1265 5703 νώτων
1295 5650 1326 5720 ἢ
1362 5651 1502 5704 κατά
1531 5652 1640 5706 τῶν
1669 5653 1882 5722 όσφύων

416 5828 457 5860 ⁸⁷
489 5826 632 5886 Psal.
665 5846 854 5896 cxxm,
884 5832 934 5889 7.
1011 5831 1055 5863 ⁸⁸
1096 5831 1136 5886 ll
1168 5832 1296 5890 Cor.
1331 5850 1405 5900 xi,
1441 5835 1532 5892 25.

1987 4657 2093 4710 est,
2124 4654 2181 4701 et
2207 4661 2310 4702 nos
2339 4647 2554 4702 liberati
2586 4661 2778 4702 sumus
2801 4646 2870 4703 "'.
2915 4664 2934 4698 ι
2968 4628 3155 4700 Primo
3185 4644 3404 4715 quidem
3460 4644 3553 4714 qui

1987 4738 2112 4808 igne
2140 4739 2547 4803 examinantur,
2589 4739 2646 4792 in
2694 4737 2948 4809 laqueum
2985 4736 3320 4792 inducuntur
3354 4736 3470 4792 sive
3499 4737 3555 4791 in

1985 4831 2322 4901 prmsidium,
2373 4833 2429 4887 in
2478 4832 2839 4887 munitionem
2896 4839 2991 4886 aut
3049 4831 3104 4885 in
3165 4829 3551 4895 obsidionem;

1985 4923 2228 4980 secundo
2256 4932 2531 4981 certamen
2559 4926 2796 4994 obeunt;
2824 4927 2968 4997 quod
2997 4924 3306 4996 signiﬁcant
3337 4924 3422 4980 his
3445 4937 3556 4979 ver-

1985 5015 2071 5070 bis
2107 5033 2121 5069 :
2159 5034 2178 5068 ι
2217 5015 2457 5072 Posuisti
2508 5017 2892 5073 tn'bulationes
2936 5018 2990 5072 in
3043 5018 3210 5072 dorso
3272 5027 3500 5083 nostro;
3530 5035 3549 5069 ι

1983 5108 2287 5164 secundum
2319 5109 2570 5180 Aquilam
2601 5125 2732 5165 vero
2760 5109 2985 5165 dicunt:
3022 5127 3046 5162 ι’
3075 5108 3312 5166 Posuisti
3343 5109 3554 5164 contri-

1984 5200 2188 5256 tionem
2216 5203 2273 5257 in
2303 5202 2469 5259 dorso
2488 5212 2713 5269 nostro;
2746 5222 2765 5255 υ
2802 5203 3102 5259 secundum
3125 5201 3511 5273 Symmachum
3536 5222 3549 5256 :

1988 5313 2006 5346 ι
2041 5292 2285 5350 Posuisti
2317 5295 2583 5350 circulum
2617 5293 2820 5350 lumbis
2860 5295 3085 5350 nostris.
3126 5313 3145 5345 ι
3183 5292 3280 5349 His
3303 5307 3432 5348 vero
3461 5293 3556 5347 de-

1983 5386 2198 5441 clarant
2224 5384 2460 5442 inﬂictas
2495 5387 2708 5456 corpori
2736 5385 2942 5456 plagas,
2964 5400 3102 5455 quas
3132 5383 3375 5456 apertius
3390 5397 3552 5438 enar-

1983 5479 2127 5532 ravit
2176 5478 2472 5549 Apostolus
2516 5479 2706 5535 dicens
2737 5497 2750 5534 :
2789 5497 2808 5530 ι
2839 5479 2948 5534 Ter
2977 5478 3147 5548 virgis
3180 5490 3358 5532 caesus
3403 5490 3547 5536 sum,

1985 5570 2154 5626 semel
2182 5570 2454 5640 lapidatus
2485 5585 2629 5631 sum.
2674 5587 2706 5626 a
2749 5569 2952 5626 Iudaeis
3007 5567 3387 5640 quadragenas
3448 5582 3552 5620 una

1983 5663 2170 5720 minus
2200 5664 2467 5721 accepi“.
2506 5682 2525 5717 ι
2561 5663 2690 5720 Post
2712 5678 2983 5727 carceres,
3013 5670 3135 5732 post
3165 5661 3350 5731 plagas
3391 5659 3556 5716 dorso
