4086 6442
557 357 665 418 665

1277 359 1548 419 EUSEBll
1582 362 2067 422 CESARIENSIS
2097 366 2249 424 opp.
2290 366 2472 424 mus
2510 369 2674 424 lll.—
2709 355 3122 427 EXEGETI‘C‘A.
3728 372 3818 428 est

555 493 651 540 aut
713 483 912 539 lumbis
963 483 1214 539 incussas
1269 483 1384 538 haec
1451 483 1710 538 addunt:
1749 503 1768 536 ι
1809 484 2120 557 imposuisti

2229 489 2461 560 πληγάςο
2498 509 2515 539 ι
2539 487 2897 552 Ἐπεόίὸασας
2927 487 3244 560 ἀνθρώπους
3274 487 3383 542 ἐπὶ
3451 487 3560 550 τὰς
3603 491 3826 557 regali;

558 577 808 631 homines
842 591 1009 645 super
1029 576 1208 644 capita
1230 584 1438 630 nostra.
1479 594 1497 626 ι
1547 573 1673 630 Haec
1716 583 1896 630 autem
1923 577 2126 632 intelli-

552 684 669 739 ges,
701 682 825 721 cum
859 666 1047 722 videas
1074 667 1263 722 atheos
1292 676 1348 722 et
1377 667 1578 737 impios
1602 667 1751 723 viros
1787 671 2128 738 persecutio-

553 777 682 815 num
721 768 966 829 tempore
993 760 1339 830 insurgentes
1366 774 1429 814 ac
1470 769 1664 814 contra
1687 760 1886 814 divinae
1911 761 2126 832 religio-

553 853 640 908 nis
669 853 901 908 athletas
926 868 1048 908 sese
1071 852 1430 917 extollentes;
1464 853 1566 908 hos
1603 868 1732 908 vero
1784 853 2031 924 abjectos
2062 869 2127 909 ac

550 944 706 998 vultu
759 943 1000 999 demisso
1042 943 1114 998 ob
1152 944 1470 1014 blasphema
1515 945 1661 1000 dicta
1711 952 1765 1000 et
1801 945 2123 1015 iactantiam

553 1035 857 1090 atheorum.
889 1033 954 1090 Et
983 1050 1114 1090 vero
1144 1035 1468 1106 plerumque
1516 1037 1601 1092 vel
1648 1037 1885 1107 pupillas
1931 1039 2124 1093 oculo-

551 1141 670 1179 rum
703 1125 1084 1188 verberabant,
1110 1125 1240 1180 dum
1275 1126 1452 1196 capita
1481 1125 1810 1181 athletarum
1833 1125 1926 1182 Dei
1949 1128 2124 1199 plagis

549 1217 840 1272 caederent.
869 1215 975 1272 Sed
1005 1217 1122 1272 haec
1153 1218 1338 1272 omnia
1358 1257 1372 1280 ,
1403 1217 1558 1272 aiunt
1601 1217 1695 1274 Dei
1743 1226 2031 1290 martyres,
2063 1227 2122 1273 tu

548 1308 728 1373 nobis,
760 1307 926 1373 Deus,
964 1309 1231 1365 induxisti
1265 1329 1278 1364 :
1313 1326 1414 1365 nec
1456 1317 1640 1365 tamen
1673 1317 1725 1365 te
1755 1309 1966 1366 volente
1993 1311 2124 1382 quid

550 1401 730 1456 simile
754 1402 809 1456 in
844 1417 947 1458 nos
976 1401 1266 1458 admittere
1298 1402 1416 1458 ausi
1450 1410 1600 1468 sunt,
1636 1403 1730 1458 sed
1757 1403 2123 1475 permittente.

550 1493 732 1558 Quare
769 1492 850 1549 sic
888 1507 1011 1554 eum
1043 1493 1439 1564 alloquuntur:
1477 1513 1496 1545 ι
1527 1492 1793 1550 lnduxisti
1827 1509 1928 1549 nos
1961 1494 2015 1549 in
2045 1495 2125 1549 la-

547 1600 769 1654 qucum.
813 1604 832 1638 »
864 1584 946 1639 Tu
982 1586 1127 1641 enim
1179 1601 1282 1642 nos
1326 1601 1547 1642 carcere
1587 1586 1823 1642 detineri
1865 1587 2122 1650 curabas,

548 1679 676 1747 quia
708 1676 760 1730 id
809 1675 922 1731 ﬁeri
955 1677 1335 1748 permittebas.
1375 1678 1455 1733 Tu
1485 1693 1705 1749 quoque
1752 1678 1996 1748 ponebas
2027 1680 2123 1733 tri~

549 1767 858 1824 bulationes
893 1769 949 1823 in
980 1767 1148 1824 dorso
1177 1779 1390 1826 nostro.
1426 1769 1612 1842 Neque
1651 1771 1798 1826 enim
1842 1771 1897 1827 id
1930 1772 2124 1826 adver-

547 1876 669 1915 sum
705 1875 808 1916 nos
846 1860 968 1916 ausi
1011 1870 1218 1924 essent,
1263 1862 1310 1916 si
1362 1877 1464 1918 nos
1500 1876 1664 1916 manu
1704 1869 1995 1934 protegens
2029 1872 2123 1919 tua

546 1952 926 2009 custodiisses.
976 1951 1059 2007 Tu
1107 1967 1238 2009 vero
1279 1954 1469 2010 atheos
1509 1953 1763 2030 homines
1809 1955 2122 2026 imposuisti

547 2055 714 2109 super
749 2042 928 2112 capita
973 2051 1188 2098 nostra.
1214 2043 1294 2097 Ad
1323 2045 1440 2098 haec
1480 2053 1662 2099 autem
1713 2046 1767 2099 in
1817 2055 2122 2102 extremum

549 2131 822 2186 malorum
852 2131 1213 2200 devenimus;
1247 2149 1374 2188 nam
1405 2135 1496 2188 alii
1527 2134 1748 2206 quidem
1793 2135 1904 2206 igni
1935 2137 2123 2192 traditi

546 2229 776 2277 mortem
825 2223 1238 2290 sustinuerunt;
1276 2224 1370 2278 alii
1420 2225 1474 2279 in
1501 2241 1641 2297 aqua
1670 2228 1928 2283 exstincti
1971 2237 2118 2285 sunt.

547 2311 774 2368 Ferrum
815 2315 1038 2386 quippe,
1067 2323 1122 2370 et
1164 2315 1309 2372 ferro
1352 2318 1502 2372 illata
1552 2321 1843 2391 supplicia,
1903 2322 2124 2394 aliaque

546 2406 741 2461 mortis
768 2420 986 2476 genera,
1013 2422 1134 2476 quae
1153 2409 1388 2463 maxima
1412 2425 1540 2480 pars
1563 2420 1811 2467 nostrum
1836 2415 2119 2481 sustinuit,

547 2510 646 2566 pro
679 2496 852 2551 nihilo
877 2505 1200 2569 reputantur
1224 2516 1291 2556 ex
1316 2500 1650 2557 deteriorum
1679 2507 2118 2576 comparatione.

546 2587 909 2654 Quamobrem
938 2591 1052 2646 haec
1081 2592 1301 2662 quidem
1339 2601 1601 2651 tacemus.
1643 2595 1782 2664 Quia
1813 2613 1944 2654 vero
1979 2599 2122 2656 inter

547 2681 778 2747 atrocia,
829 2683 965 2737 nihil
999 2683 1282 2741 crudelius
1317 2701 1452 2742 nece
1489 2703 1585 2758 per
1631 2688 1809 2760 ignem
1840 2697 1894 2746 et
1923 2705 2120 2761 aquam

548 2773 694 2827 illata
716 2773 1084 2838 existimatur,
1113 2775 1228 2830 haec
1266 2791 1368 2832 nos
1397 2793 1687 2849 perpessos
1710 2780 1965 2838 dicimus.
1984 2780 2120 2837 Nam

547 2866 638 2923 alii
670 2877 918 2924 nostrum
952 2869 1008 2924 in
1035 2872 1172 2925 mari
1197 2878 1251 2925 et
1279 2871 1332 2926 in
1358 2870 1674 2929 ﬂuminibus
1691 2873 1928 2932 demersi
1949 2887 2077 2932 sunt
2102 2896 2116 2945 ;

547 2959 642 3014 alii
671 2960 815 3032 ignis
843 2962 1174 3033 supplicium
1197 2963 1438 3020 luerunt.
1481 2963 1580 3021 His
1616 2967 1784 3023 tantis
1835 2969 2120 3039 suppliciis

547 3053 792 3122 probasti
825 3069 947 3122 nos,
975 3054 1140 3120 Deus,
1171 3055 1258 3112 his
1285 3057 1546 3114 omnibus
1589 3059 1712 3130 igne
1752 3076 1853 3117 nos
1913 3064 2120 3118 exami-

547 3147 688 3202 uasti
719 3147 864 3204 sicut
894 3148 1243 3204 examinatur
1281 3160 1584 3222 argentum.

619 3321 726 3378 Sed
766 3339 892 3380 cum
935 3325 1051 3380 haec
1093 3327 1278 3381 omnia
1303 3329 1358 3382 in
1393 3344 1493 3385 nos
1523 3329 1857 3398 induxisses,
1901 3343 1956 3388 tu
2002 3334 2119 3404 ipse

548 3430 766 3470 riusum
797 3416 1034 3470 eduxisti
1067 3431 1167 3469 nos
1203 3415 1255 3469 in
1281 3416 1650 3488 refrigerium.
1691 3419 1808 3474 Non
1842 3423 1987 3476 enim
2019 3437 2120 3478 no-

547 3515 722 3564 strqu
754 3516 871 3562 erat
901 3508 1028 3561 talia
1059 3508 1331 3564 sustinere
1352 3517 1406 3564 et
1436 3510 1565 3563 talia
1605 3510 1862 3582 ell‘ugere,
1908 3513 2004 3568 sed
2037 3514 2118 3567 tui

547 3598 728 3670 magni
762 3596 1103 3665 Servatoris;
1133 3598 1277 3655 sicut
1306 3599 1452 3655 enim
1488 3601 1752 3658 induxisti
1789 3617 1892 3658 nos
1933 3604 1988 3657 in
2039 3603 2119 3656 la-

546 3706 771 3762 queum,
801 3691 881 3746 sic
911 3690 1147 3746 eduxisti
1183 3693 1237 3746 in
1267 3691 1636 3762 refrigerium.
1661 3693 2115 3766 Quandoquidem

548 3796 657 3836 non
683 3780 980 3852 permisisti
1007 3788 1064 3835 ut
1089 3781 1269 3838 tristia
1289 3782 1379 3836 illa
1399 3783 1491 3837 diu
1514 3792 1916 3854 permanerent,
1943 3799 2120 3856 neque

547 3873 604 3928 in
651 3871 925 3927 infinitum
966 3873 1372 3929 tribulationem
1403 3875 1743 3945 protraxisti,
1771 3891 1946 3947 neque
1996 3892 2120 3947 per-

547 3966 748 4024 misisti
780 3973 838 4020 ut
865 3966 1127 4022 diuturno
1151 3975 1397 4038 tempore
1441 3969 1693 4025 homines
1725 3969 1997 4039 capitibus
2035 3971 2121 4022 in-

546 4069 757 4118 starent
815 4060 1060 4128 nostris;
1091 4076 1267 4130 neque
1309 4061 1362 4116 in
1407 4062 1586 4132 ignem
1633 4062 1867 4132 conjecti
1906 4063 2000 4119 diu
2043 4062 2119 4117 ibi

547 4151 770 4216 versati,
806 4166 984 4221 neque
1011 4151 1067 4206 in
1090 4165 1286 4221 aquam
1327 4152 1525 4222 dejecti
1571 4154 1818 4224 absorpti
1866 4153 2115 4221 fuimus;

547 4241 643 4298 sed
672 4257 792 4297 eam
822 4242 1278 4315 pertransivimus
1309 4261 1322 4298 :
1351 4258 1521 4314 quare
1549 4244 1754 4299 dicitur
1786 4267 1796 4300 :
1843 4265 1860 4297 ι
1893 4244 2119 4302 Transi-

549 4331 726 4386 vimus
759 4346 856 4402 per
890 4330 1092 4402 ignem,
1125 4342 1180 4387 et
1200 4331 1533 4403 profundum
1576 4349 1841 4404 aquarum
1897 4347 2121 4406 prater-

547 4424 720 4495 gressi
745 4439 974 4491 sumus;
1016 4443 1035 4476 ι
1073 4423 1196 4478 ideo
1234 4424 1470 4487 dicitur.
1512 4445 1529 4476 ι
1570 4441 1666 4495 per
1696 4441 1914 4496 aquam.
1964 4445 1983 4478 ι
2022 4424 2119 4483 His

2229 579 2403 649 ἡμῶν.
2437 599 2455 631 ι
2487 582 2596 634 Καὶ
2618 580 2775 633 τοῦτο
2821 580 2876 632 δέ
2930 581 3165 651 νοήσεις,
3192 582 3338 652 δρῶν
3378 579 3540 632 κατὰ
3577 582 3706 644 τοὺς
3732 583 3830 639 τῶν

2227 668 2482 740 διωγμῶν
2505 671 2730 742 καιροὺς
2756 669 3188 740 ἐπεμϐαίνοντας
3211 671 3342 736 τοὺς
3371 669 3592 732 ἀθέους
3614 673 3710 724 καὶ
3727 675 3834 727 ἀσερ

2228 761 2344 825 δεῖς
2365 761 2562 833 ἄνδρας
2591 762 2684 815 καὶ
2716 762 3216 833 κατεπαιρομένους
3239 765 3351 818 τῶν
3379 763 3496 833 τῆς
3527 762 3834 831 θεοσεϐείας

2227 850 2495 923 ἀθλητῶν,
2531 853 2656 915 τοὺς
2701 852 2757 905 δέ
2781 875 2784 878 ’
2806 853 3260 923 ταπεινουμένους
3296 853 3406 906 καὶ
3443 851 3525 905 τὰ
3576 852 3838 922 πρόσωπα

2228 943 2688 1014 συνεσταλμένους
2721 943 2814 996 ἐπὶ
2858 946 2976 1006 ταῖς
3006 944 3116 996 τῶν
3145 943 3315 998 ἀθέων
3354 943 3759 1015 βλασφημίαις
3787 963 3837 998 τε

2227 1032 2320 1086 καὶ
2355 1032 2916 1104 μεγαλαυχίαις.Ἤδη
2949 1034 3006 1087 δέ
3039 1033 3296 1099 πολλάκις
3339 1036 3454 1090 καλ⁵
3498 1034 3654 1089 κατὰ
3681 1036 3840 1107 κόρης

2227 1123 2429 1193 ἐτυψαν
2457 1123 2706 1188 παίοντες
2753 1125 2987 1196 πληγαῖς
3011 1127 3109 1190 τὰς
3135 1126 3245 1180 τῶν
3269 1127 3552 1198 ἀθλητῶν
3583 1127 3683 1180 τοῦ
3711 1128 3839 1180 Θεοῦ

2227 1217 2484 1285 κεφαλάς.
2506 1217 2666 1270 Ἀλλὰ
2693 1217 2864 1270 ταῦτα
2885 1219 3082 1282 πάντα,
3107 1220 3269 1288 φασὶν
3301 1222 3348 1273 oi
3384 1219 3500 1274 τοῦ
3537 1218 3686 1272 Θεοῦ
3713 1220 3843 1292 μάρ-

2226 1323 2407 1378 τυρες,
2444 1309 2508 1362 σὺ
2533 1309 2666 1379 ἡμῖν
2693 1310 2990 1380 ἐπήγαγες,
3018 1312 3048 1363 δ
3075 1311 3226 1376 Θεός.
3253 1312 3343 1383 Μὴ
3375 1311 3508 1382 γάρ
3539 1328 3644 1364 σου
3675 1311 3845 1380 βουλο-

2229 1397 2412 1467 μένου,
2439 1398 2541 1453 οὑκ
2565 1399 2631 1455 ἄν
2669 1417 2721 1454 τι
2745 1400 2983 1455 τοιοῦτον
3013 1403 3132 1456 καθ’
3157 1403 3311 1474 ἡμῶν
3337 1403 3643 1474 ἐτολμᾶτο
3670 1421 3684 1434 ·
3717 1420 3844 1474 συγ-

2227 1488 2528 1562 χωροῦντος
2574 1490 2632 1545 δὲ
2678 1508 2794 1556 σου,
2823 1493 2972 1547 ταῦτ’
3003 1495 3230 1563 ἐγίνετο,
3262 1497 3352 1549 Διό
3386 1512 3547 1565 φασι
3577 1497 3724 1566 πρὸς
3755 1497 3846 1550 αὑ-

2225 1581 2315 1636 τόν
2335 1600 2347 1611 ·
2374 1601 2392 1634 ι
2419 1583 2727 1654 Εῑσήγαγες
2755 1584 2902 1654 ἡμᾶς
2925 1587 3005 1648 εἰς
3025 1585 3125 1656 τὴν
3152 1587 3372 1655 παγίδα.
3395 1607 3417 1640 ι
3455 1587 3542 1640 Σὺ
3562 1587 3684 1658 γὰρ
3705 1583 3844 1659 ἦσθα

2225 1672 2254 1724 ὁ
2273 1671 2695 1737 κατακλείστους
2719 1675 2866 1745 ἡμᾶς
2896 1676 3085 1742 ποιῶν,
3118 1679 3423 1749 συγχωρῶν
3453 1679 3522 1732 δὲ
3556 1679 3744 1732 ταῦτα
3765 1680 3842 1748 γίι

2227 1761 2434 1815 νεσθαι.
2471 1761 2582 1814 Καὶ
2616 1763 2680 1814 σὺ
2709 1761 2832 1816 ἐθου
2866 1763 3072 1834 θλίψεις
3098 1766 3190 1820 ἐπὶ
3221 1767 3312 1821 τὸν
3338 1767 3531 1822 νῶτον
3559 1768 3754 1838 ήμῶν.
3772 1768 3845 1824 οὐ

2157 1837 2198 1892 Β
2225 1853 2332 1925 γὰρ
2354 1852 2419 1908 ἂν
2438 1851 2610 1907 ταῦτα
2631 1851 2752 1906 καθ’
2773 1853 2929 1925 ήμῶν
2955 1855 3238 1925 ἐτολμᾶτο,
3264 1858 3312 1909 εί
3335 1859 3400 1927 τῇ
3437 1837 3668 1910 σαυτοῦ
3697 1857 3842 1927 χειρὶ

2228 1943 2506 2007 σκεπάσας
2536 1943 2852 2012 ἐφύλαττες.
2879 1944 2950 1998 Σὺ
2988 1944 3046 1997 δέ
3075 1946 3168 1999 καὶ
3204 1946 3330 2008 τοὺς
3361 1946 3582 2009 ἀθέους
3629 1944 3844 2016 ἀνθρὼ-

2225 2047 2358 2094 πους
2377 2030 2710 2094 ἐπεϐίϐασας
2736 2033 2826 2084 ἐπὶ
2845 2031 2944 2096 τὰς
2969 2031 3210 2102 κεφαλὰς
3232 2033 3584 2105 ἡμῶν.Ἧδη
3612 2034 3672 2086 δέ
3705 2035 3838 2106 πρὸς

2221 2121 2432 2186 τούτοις
2479 2123 2558 2186 είς
2609 2121 2811 2194 ἔσχατα
2863 2125 3050 2178 κακῶν
3080 2125 3336 2197 ήλθομεν,
3366 2128 3416 2180 οί
3457 2127 3576 2198 μὲν
3627 2127 3724 2179 τὸν
3755 2127 3840 2179 διὰ

2225 2213 2396 2284 πυρὸς
2445 2214 2836 2284 ὑπομείναντες
2881 2216 3128 2280 θάνατον,
3158 2220 3205 2271 οἱ
3253 2217 3311 2271 δέ
3352 2219 3443 2273 τὸν
3497 2219 3578 2272 δι’
3618 2217 3834 2282 ὕδατος.

2222 2306 2447 2378 Σίδηρος
2487 2308 2586 2379 μὲν
2616 2307 2725 2379 γὰρ
2757 2311 2850 2362 καὶ
2881 2310 2936 2362 αἱ
2980 2309 3069 2363 διὰ
3115 2311 3334 2382 σιδήρου
3365 2311 3669 2374 κολάσεις,
3703 2311 3760 2363 οἴ
3780 2325 3836 2364 τε

2221 2396 2367 2451 ἄλλοι
2405 2397 2644 2460 θάνατοι,
2675 2397 2769 2462 οὓς
2799 2401 2848 2452 οἱ
2875 2398 3092 2464 πλείους
3121 2403 3153 2470 ἡ
3163 2401 3280 2471 μῶν
3325 2402 3828 2473 ὑπομεμενήκασι,

2220 2495 2282 2546 τὸ
2316 2491 2482 2563 μηθὲν
2509 2490 2874 2564 ἐνομίσθησαν
2912 2491 3212 2564 παραθέσει
3259 2493 3366 2546 τῶν
3407 2493 3713 2567 χειρόνων.
3743 2492 3832 2544 Διὸ

2222 2587 2402 2638 ἐκεῖνα
2435 2583 2534 2655 μέν
2565 2585 2987 2656 σεσιωπήκαμεν
3006 2602 3018 2614 ·
3047 2586 3169 2638 ἐπεὶ
3189 2585 3268 2650 δέ,
3295 2586 3370 2650 ὡς
3401 2587 3458 2638 ἐν
3482 2584 3721 2647 δεινοῖς,
3749 2583 3830 2636 οὑ-

2221 2676 2310 2730 δέν
2339 2679 2518 2747 χεῖρον
2547 2674 2641 2729 τοῦ
2683 2675 2772 2730 διὰ
2811 2678 2981 2748 πυρὸς
3009 2675 3241 2730 θανάτου
3267 2679 3360 2731 καὶ
3384 2677 3482 2730 τοῦ
3528 2675 3606 2730 δι’
3634 2676 3831 2737 ὕδατος

2220 2769 2563 2840 νενόμισται,
2594 2767 2766 2823 ταῦτα
2807 2770 2865 2823 δέ
2913 2771 3052 2824 αὑτά
3091 2788 3269 2840 φαμεν
3300 2771 3822 2843 ὑπομεμενηκέναι.

2222 2861 2380 2924 Τινές
2417 2861 2515 2931 μὲν
2547 2859 2654 2932 γάρ
2683 2860 2839 2933 ἡμῶν
2873 2860 3192 2933 ὑποϐρύχιοι
3222 2859 3458 2932 θαλάττῃ
3511 2861 3614 2914 καὶ
3657 2875 3825 2912 ποτα-

2223 2957 2341 3025 μοῖς
2364 2953 2736 3026 παρεδόθησαν
2757 2969 2770 2981 ’
2799 2955 2849 3008 οἱ
2873 2954 2928 3007 δέ
2950 2955 3048 3024 τὴν
3067 2954 3155 3008 διὰ
3180 2956 3348 3027 πυρὸς
3373 2951 3822 3025 τιμωρίαν,ὑπέο

2223 3060 2440 3114 στησαν.
2471 3042 2570 3097 Διὰ
2591 3043 2857 3097 τοσούτων
2883 3039 2975 3098 οὖν
3020 3043 3348 3115 ἐδοκίμασας
3376 3047 3552 3116 ἡμᾶς,
3589 3046 3623 3097 ό
3657 3042 3815 3104 Θεὸς,

2221 3137 2315 3190 καὶ
2345 3135 2434 3190 διὰ
2465 3135 2666 3189 τούτων
2699 3135 2953 3190 ἁπάντων
2986 3135 3277 3208 ἐπύρωσας
3307 3138 3474 3208 ἡμᾶς,
3495 3137 3579 3200 ὡς
3610 3131 3821 3205 πυροῦ·

2222 3245 2311 3281 ται
2335 3227 2394 3282 τὸ
2423 3226 2705 3299 ἀργύριον.

2305 3318 2463 3372 Ἀλλὰ
2487 3318 2662 3373 ταῦτα
2685 3319 2862 3372 πάντα
2889 3318 3182 3388 ἐπαγαγὼν
3215 3322 3366 3391 ἡμῖν,
3399 3319 3564 3373 πάλιν
3602 3318 3673 3372 σὺ
3718 3316 3816 3369 αὐ-

2220 3410 2310 3474 τὸς
2332 3409 2597 3482 ἐξήγαγες
2628 3412 2774 3482 ἡμᾶς
2793 3413 2873 3475 εἰς
2897 3411 3195 3483 ἀναψυχήν.
3227 3413 3300 3464 Οὑ
3327 3411 3432 3482 γὰρ
3468 3411 3635 3482 ήμῶν
3663 3405 3732 3481 ἦν
3755 3406 3815 3460 τὸ

2223 3506 2509 3577 ὑπομεῖναι
2555 3508 2650 3561 καὶ
2681 3507 2963 3575 διαφυγεῖν
2996 3505 3063 3559 τὰ
3094 3503 3349 3569 τοσαῦτα,
3384 3503 3521 3558 ἀλλὰ
3574 3502 3677 3556 σοῦ
3724 3498 3815 3554 τεῦ

2225 3597 2458 3670 μεγάλου
2493 3599 2742 3670 Σωτῆρος
2759 3614 2774 3628 ο
2804 3597 2878 3662 ὡς
2900 3596 3008 3668 γὰρ
3033 3596 3321 3667 εἰσήγαγες
3345 3597 3422 3658 εἰς
3451 3595 3554 3666 τὴν
3582 3591 3810 3662 παγίδα,

2219 3692 2362 3746 οὑτω
2405 3692 2498 3745 καὶ
2535 3691 2802 3761 ἐξήγαγες
2845 3689 2922 3751 εἰς
2949 3687 3246 3758 ἀναψυχήν.
3265 3685 3482 3757 Ἐπειδὴ
3513 3684 3593 3757 μὴ
3626 3681 3812 3753 παρά⁹

2224 3801 2360 3854 μονα
2411 3782 2598 3846 εῐασας
2647 3782 2801 3852 ήμῶν
2839 3780 2908 3834 τὰ
2938 3779 3256 3850 σκυθρωπά,
3286 3778 3419 3849 μηδέ
3463 3779 3543 3841 είς
3577 3777 3807 3846 ἄπειρον

2221 3876 2543 3948 παρέτεινας
2571 3875 2669 3946 τὴν
2704 3872 2900 3943 θλίψιν,
2935 3871 3068 3944 μηδὲ
3100 3873 3179 3935 είς
3213 3869 3418 3941 μακρὸν
3452 3870 3647 3941 χρόνον
3681 3883 3805 3920 συν-

2220 3966 2502 4039 εχώρησας
2525 3967 2777 4038 ἐπιδῆναι
2799 3965 2895 4020 ἀνθ
2905 3963 3116 4036 ρώπους
3139 3964 3230 4016 ἐπὶ
3247 3963 3343 4026 τὰς
3360 3961 3604 4032 κεφαλὰς
3626 3958 3803 4032 ήμῶν·

2221 4059 2334 4112 ἀλλ’
2359 4058 2482 4112 οὑδὲ
2523 4059 2581 4110 ἐν
2610 4057 2688 4128 τῷ
2729 4057 2862 4128 πυρὶ
2893 4055 3174 4126 γενόμενοι
3203 4054 3660 4124 ἐνυπεμείναμεν,
3685 4048 3803 4103 οὑδέ

2220 4155 2279 4205 ἐν
2309 4151 2386 4223 τῷ
2414 4150 2564 4204 ὕδατι
2590 4148 2950 4222 ἐμϐληθέντες
2977 4147 3382 4218 κατεπόθημεν·
3421 4147 3516 4198 καί
3563 4146 3727 4199 τοῦτο
3746 4141 3800 4194 δὲ

2220 4243 2536 4316 διήλθομεν
2573 4242 2652 4295 διὸ
2685 4241 2963 4300 λέλεκται·
3002 4258 3020 4291 ι
3053 4237 3348 4310 Διήλθομεν
3378 4238 3465 4292 διὰ
3489 4239 3685 4310 πυρὸς,
3709 4235 3802 4289 καὶ

2220 4335 2312 4388 τὸν
2359 4335 2516 4406 βυθὸν
2559 4334 2667 4387 τῶν
2708 4334 2913 4388 ὑδάτων
2961 4333 3336 4406 διεξήλθομεν·
3371 4351 3389 4384 ι
3424 4332 3504 4386 διὸ
3530 4334 3648 4394 καὶ,
3689 4351 3708 4383 ι
3735 4329 3801 4382 δι’

2225 4427 2434 4491 ὓδατος,
2469 4447 2487 4480 ι
2538 4427 2768 4498 εἴρηται.
2813 4428 2922 4480 Καὶ
2950 4426 3014 4497 δὴ
3041 4427 3133 4478 ἐπὶ
3155 4425 3364 4488 τούτοις
3397 4424 3599 4480 ἅπασιν
3633 4427 3799 4492 ἐγγυ-

547 4518 802 4573 omnibus
831 4533 933 4574 nos
969 4517 1234 4588 probasti,
1274 4529 1598 4589 sumptoque
1622 4520 1894 4589 patientiae
1919 4527 1974 4575 et
1999 4535 2120 4590 per-

2232 4523 2440 4594 μνὰσας
2473 4523 2621 4592 ἡμᾶς
2651 4523 2743 4574 καὶ
2771 4522 2868 4592 τῆς
2893 4521 3168 4591 ὑπομονῆς
3189 4519 3346 4590 ήμῶν
3369 4519 3463 4572 καὶ
3484 4519 3582 4588 τῆς
3607 4533 3801 4590 καρτε-

549 4609 870 4666 δθνεηιηιίεε
899 4620 1104 4666 nostra:
1129 4611 1522 4681 experimento,
1555 4613 1795 4668 eduxisti
1831 4630 1930 4669 nos
1951 4614 2007 4668 in
2033 4631 2120 4670 re-

548 4701 868 4773 frigerium;
898 4701 1033 4768 sive,
1061 4703 1363 4758 secundum
1389 4702 1799 4774 Symmachum,
1841 4726 1859 4756 ι
1903 4706 1958 4760 in
1992 4707 2118 4762 lati-

547 4794 814 4850 tudinem.
859 4813 878 4848 ι
915 4792 1032 4850 Hoc
1057 4805 1236 4851 autem
1263 4794 1484 4852 diverso
1509 4796 1670 4851 modo
1702 4796 1982 4867 impletum
2010 4808 2114 4856 est.

546 4883 680 4940 Nam
705 4900 830 4941 cum
859 4901 1027 4940 unum
1057 4886 1128 4942 sit
1157 4885 1540 4958 religiosorum
1571 4887 1855 4943 hominum
1884 4904 2117 4962 corpus;

545 4987 601 5034 et
627 4978 718 5033 alii
743 4977 965 5048 quidem
993 4977 1109 5034 hzec
1134 4979 1283 5049 passi
1326 4980 1458 5046 sint,
1497 4981 1590 5034 alii
1621 4981 1950 5052 supplicium
2000 4983 2113 5039 lue~

548 5073 676 5136 rint,
710 5072 802 5126 alii
831 5073 1008 5128 solum
1039 5073 1242 5127 mulcta
1265 5073 1531 5128 bonorum
1566 5077 1849 5130 exercitati
1878 5075 2116 5143 fuerint;

546 5165 637 5220 alii
674 5165 798 5235 fuga
851 5173 906 5220 et
962 5180 1184 5221 secessu
1219 5164 1570 5220 familiarium
1627 5168 1839 5238 probati
1892 5167 2115 5234 fuerint,

547 5273 656 5312 non
694 5257 786 5312 diu
816 5265 1004 5326 postea
1036 5256 1280 5313 omnium
1324 5257 1448 5313 linis
1490 5260 1744 5314 omnibus
1784 5259 1996 5318 faustus
2023 5277 2117 5315 oc-

544 5348 740 5406 currit.
772 5346 908 5402 Nam
933 5347 1028 5402 Dei
1085 5357 1353 5420 martyres
1391 5357 1568 5404 morte
1609 5352 1993 5416 consummati,
2025 5369 2117 5407 ve-

545 5456 668 5495 rum
723 5439 1064 5512 refrigerium
1118 5441 1483 5504 invenerunt,
1529 5450 1588 5496 ut
1631 5443 1812 5498 dicere
1864 5444 2115 5500 valeant:

551 5552 570 5584 ι
603 5533 951 5598 Convertere,
975 5533 1155 5586 anima
1174 5548 1316 5598 mea,
1337 5534 1389 5587 in
1409 5535 1650 5602 requiem
1671 5544 1840 5600 tuam,
1865 5537 1990 5606 quia
2014 5536 2118 5592 Do-

545 5627 728 5681 minus
750 5625 1019 5680 benefecit
1042 5626 1436 5695 tibi,quoniam
1463 5626 1661 5694 eripuit
1683 5629 1917 5682 animam
1944 5645 2117 5684 meam

546 5714 615 5773 de
650 5726 825 5771 morte
847 5715 914 5780 ",
967 5736 983 5767 ι
1024 5725 1131 5770 etc.
1167 5713 1289 5771 llaec
1315 5716 1514 5786 quippe
1539 5715 1713 5771 afﬁnia
1761 5719 2119 5788 praesentibus

619 5833 664 5870 ”
692 5831 834 5892 Psal.
870 5847 1013 5889 cur.
1043 5833 1091 5889 7.
1128 5831 1181 5885 8.

2232 4615 2351 4686 ρίας
2374 4614 2472 4684 τὴν
2497 4613 2722 4685 δοκιμὴν
2742 4613 2920 4666 λαϐὼν
2942 4612 3204 4684 ἐξήγαγες
3226 4612 3372 4680 ἡμᾶς
3394 4612 3472 4673 εἰς
3492 4609 3792 4680 ἀναψυχήν·

2228 4706 2258 4776 ἢ
2297 4706 2440 4759 κατὰ
2460 4705 2551 4758 τὸν
2582 4705 2896 4776 Σύμμαχον,
2929 4723 2948 4755 ι
2973 4706 3052 4767 εἰς
3079 4702 3438 4774 εὐρυχωρίαν.
3462 4721 3479 4751 ι
3507 4702 3614 4754 Καὶ
3643 4699 3798 4754 τοῦτο

2226 4799 2282 4852 δέ
2317 4797 2617 4870 ἐπληροῦτο
2637 4798 2908 4870 διαφόρως
2927 4813 2940 4826 ·
2973 4795 3090 4859 ἐνὸς
3118 4795 3226 4866 γὰρ
3255 4796 3404 4856 δντος
3428 4792 3522 4846 τοῦ
3553 4793 3660 4845 τῶν
3692 4792 3795 4846 θεο-

2227 4890 2399 4944 σεὸὦν
2441 4890 2708 4962 σώματος,
2739 4890 2833 4944 καὶ
2866 4889 2972 4943 τῶν
3002 4889 3100 4958 μὲν
3134 4887 3260 4941 τάδε
3300 4885 3661 4949 πεπονθότων,
3691 4881 3792 4937 τῶν

2226 4983 2281 5036 δέ
2311 4982 2718 5053 ὑπομεινάντων
2745 4979 3035 5052 τιμωρίαν,
3070 4978 3180 5033 τῶν
3209 4978 3265 5032 δέ
3291 4981 3359 5050 τῇ
3388 4977 3494 5030 τῶν
3522 4976 3788 5050 ὑπαρχόν-

2227 5093 2333 5128 των
2369 5073 2540 5146 ζημία
2587 5074 2724 5148 μόνῃ
2771 5071 3224 5144 δοκιμασθέντων,
3253 5069 3361 5124 τῶν
3404 5071 3460 5125 δέ
3503 5071 3587 5125 διὰ
3621 5070 3790 5142 φυγῆς

2227 5167 2320 5218 καὶ
2346 5165 2444 5236 τῆς
2477 5165 2585 5218 τῶν
2609 5165 2826 5218 οἰκείων
2862 5164 3255 5234 ἀναχωρήσεως
3294 5163 3786 5234 ἐγγυμνασθέντων,

2226 5260 2324 5312 οὑκ
2369 5261 2448 5323 είς
2493 5258 2700 5331 μακρὸν
2743 5258 2809 5311 τδ
2850 5255 3064 5310 πάντων
3100 5255 3251 5320 τέλος
3282 5259 3396 5320 τοῖς
3430 5259 3592 5310 πᾶσιν
3625 5255 3789 5310 αἴσιον

2227 5353 2462 5422 ἀπήντα.
2493 5352 2556 5404 Οἱ
2590 5351 2688 5422 μέν
2715 5350 2821 5420 γὰρ
2853 5349 2946 5402 τοῦ
2981 5347 3116 5404 Θεοῦ
3153 5347 3428 5422 μάρτυρες
3459 5348 3546 5402 διὰ
3577 5348 3670 5401 τοῦ
3699 5346 3787 5400 θα-

2226 5444 2386 5496 νάτου
2420 5442 2813 5506 τελειωθέντες,
2843 5440 2940 5513 τὴν
2968 5439 3183 5511 άληθῶς
3223 5440 3502 5512 ἀναψυχὴν
3543 5440 3785 5511 εὕραντο,

2225 5538 2301 5601 ὼς
2340 5535 2598 5590 δύνασθαι
2635 5536 2829 5606 φάναιο
2865 5556 2883 5586 ι
2907 5532 3280 5605 Ἐπίστρεψον,
3317 5533 3350 5602 ὴ
3382 5532 3526 5602 ψυχή
3562 5549 3685 5602 μου,
3715 5531 3786 5590 εἰς

2224 5630 2323 5700 τὴν
2373 5625 2676 5682 ἀνάπαυσιν
2726 5643 2841 5690 σου,
2873 5625 2954 5678 ὃτι
2996 5625 3196 5696 Κύριος
3236 5622 3571 5694 εὑηργέτησέ
3595 5639 3687 5675 σε·
3713 5623 3788 5676 ὃτι

2225 5721 2466 5796 ἐξείλατο
2510 5720 2605 5773 τὴν
2649 5718 2822 5794 ψυχήν
2869 5737 2968 5790 μου
3009 5720 3070 5771 ἐκ
3106 5717 3351 5779 θανάτου,
3386 5737 3402 5768 ι
3436 5717 3526 5770 καὶ
3550 5716 3618 5770 τά
3647 5714 3786 5786 ἑξῆς.
