4086 6442
344 371 456 430 665

1448 372 1951 432 (ὶΟΜΜΕΝΤΜῖιΑ
1979 373 2057 428 'lN
2095 372 2435 429 PSALMOS.

3499 379 3604 436 666

358 489 588 560 Ἀδελφα
619 507 727 563 γαρ
764 505 828 544 αν
862 490 948 562 εἴη
989 491 1162 546 ταῦτα
1186 508 1296 544 των
1319 489 1405 544 διά
1429 491 1538 545 τῶν
1572 492 1711 563 μετὰ
1737 495 1894 565 χεῖρα

1995 556 1998 564 ι
2029 497 2191 546 sunt:
2219 510 2237 540 ι
2275 489 2378 556 Qui
2417 495 2600 560 posuit
2625 487 2863 542 animam
2890 502 3066 544 meam
3100 488 3165 544 ad
3193 489 3381 552 vitam,
3411 498 3464 545 et
3493 506 3602 544 non

341 584 660 652 φασκόντων
679 602 693 615 ι
729 603 747 636 ι
777 583 882 637 Τοῦ
913 583 1138 656 θεμένου
1170 584 1265 656 τὴν
1292 585 1471 656 ψυχήν
1508 601 1609 657 μου
1643 587 1723 650 είς
1754 585 1919 656 ζωὴν,

2025 583 2174 638 dedit
2234 583 2289 638 in
2350 581 2778 637 commotionem
2837 581 3004 652 pedes
3068 597 3221 637 meos
3263 601 3279 651 ;
3324 603 3341 634 ι
3387 599 3450 638 ac
3480 600 3602 638 rur-

341 672 442 725 καὶ
473 671 548 745 μὴ
587 672 768 737 δόντος
800 674 879 737 είς
915 672 1074 728 σάλον
1119 675 1246 738 τοὺς
1278 673 1443 735 πόδας
1468 689 1568 743 μου
1589 690 1602 703 ·
1645 691 1663 724 ι
1694 672 1789 726 καὶ
1819 672 1894 726 πά

2023 690 2144 730 sum
2184 692 2198 729 :
2241 692 2260 726 ι
2296 673 2362 727 Et
2387 673 2625 728 eduxisti
2654 688 2758 728 nos
2787 673 2842 727 in
2879 673 3246 745 refrigerium.
3289 694 3308 727 ι
3353 675 3455 741 Qui
3503 691 3602 728 au-

339 763 427 818 λιν
445 781 460 796 ο
492 783 512 816 ι
539 765 650 819 Καὶ
680 763 946 836 ἐξήγαγες
976 766 1124 836 ἡμᾶς
1152 767 1231 829 είς
1254 763 1555 836 ἀναψυχήν.
1582 765 1644 818 Οί
1672 763 1730 818 δὲ
1761 764 1820 816 ἑν
1843 762 1922 834 τῷ

344 857 446 930 βίῳ
494 857 896 929 πεφυλαγμένοι
947 858 1039 912 καὶ
1086 858 1186 931 τὴν
1227 856 1321 911 τοῦ
1364 855 1602 928 διωγμοῦ
1645 855 1920 928 πυρκαϊάν

341 948 772 1004 ἀποσϐεσθεῖσαν
809 947 1149 1019 τεθεαμένοι,
1183 949 1240 1001 ἐν
1283 948 1475 1020 εἰρήνῃ
1523 945 1724 1017 φαιδρᾷ
1751 961 1920 998 κατα-

341 1043 586 1107 στάντες,
611 1041 714 1113 τῆς
749 1040 1030 1111 ἀναψυχῆς
1070 1039 1284 1111 ἔτυχον,
1309 1040 1402 1092 καὶ
1426 1041 1505 1102 είς
1532 1036 1703 1090 εῦδιον
1726 1035 1918 1106 λιμένα

337 1134 798 1206 καταντήσαντες,
829 1133 924 1188 καὶ
957 1132 1052 1203 τῆς
1091 1131 1228 1204 μετά
1259 1129 1354 1185 τοῦ
1376 1130 1616 1203 διωγμοῦ
1644 1128 1912 1202 εὐφροσύ-

335 1243 435 1297 νης
463 1225 884 1289 ἀπολαύσαντες.
919 1225 1150 1294 Νοήσεις
1179 1224 1234 1278 δέ
1263 1224 1410 1287 ὅπως
1439 1223 1650 1296 εἴρηται
1682 1221 1914 1276 ἐνταῦθα

338 1319 415 1372 τόδ
434 1338 452 1370 ι
477 1318 841 1382 Ἐπεδίδασας
861 1316 957 1372 ἀνθ
967 1317 1178 1390 ρώπους
1200 1317 1294 1371 ἐπὶ
1317 1315 1416 1380 τάς
1438 1316 1678 1385 κεφαλάς
1695 1315 1874 1388 ἡμῶν,
1888 1335 1905 1367 ι

336 1411 603 1484 παραθεὶς
635 1411 696 1465 τὸ
724 1411 780 1464 ἑν
815 1409 986 1483 ἑτέρῳ
1015 1409 1332 1482 εἰρημένον
1378 1428 1396 1460 ι
1427 1409 1539 1461 Καὶ
1583 1406 1679 1461 νῦν
1729 1407 1908 1476 ὕψωσε

333 1503 577 1575 κεφαλήν
613 1520 714 1574 μου
749 1503 842 1556 ἐπὶ
879 1501 1106 1573 ἐχθρούς
1142 1518 1263 1573 μου.
1283 1499 1600 1554 Ἐκύκλωσα
1626 1501 1719 1554 καὶ
1744 1499 1910 1553 ἔθυσα

332 1598 391 1650 ἐν
416 1599 483 1666 τῇ
509 1598 679 1666 σκηνῇ
712 1611 804 1648 σου
839 1594 1029 1649 θυσίαν
1053 1593 1392 1666 ἀλαλαγμοῦ.
1425 1593 1664 1664 »Ὥσπερ
1683 1591 1792 1664 γὰρ
1817 1611 1912 1647 κα-

330 1688 400 1743 τὰ
444 1689 568 1750 τοὺς
613 1685 720 1740 τῶν
769 1685 1022 1758 διωγμῶν
1064 1687 1289 1759 καιροὺς
1321 1685 1672 1756 ἐπανίστησιν
1716 1686 1744 1737 ό
1776 1685 1908 1750 Θεὸς

326 1780 648 1854 ἀνθρώπους
675 1782 766 1834 ἐπὶ
783 1780 881 1847 τὰς
903 1779 1140 1852 κεφαλάς
1161 1781 1194 1852 ἡ
1203 1779 1339 1852 μῶν,
1362 1778 1504 1833 οὕτω
1539 1777 1676 1848 μετά
1715 1777 1902 1840 ταῦτα,

2021 773 2129 822 tem
2169 769 2498 836 superstites
2522 765 2724 820 servati
2764 774 2915 830 sunt,
2946 767 3382 836 restinctumque
3413 783 3599 838 perse—

2020 859 2260 914 cutionis
2290 857 2605 912 incendium
2629 857 2906 921 viderunt,
2933 859 2986 912 in
3016 859 3257 928 jucunda
3289 875 3424 930 pace
3464 877 3599 916 con-

2018 949 2221 1016 stituti,
2266 947 2615 1018 refrigerium
2663 949 2814 1002 nacti
2850 958 3001 1011 sunt,
3039 959 3095 1005 et
3143 950 3196 1003 in
3239 952 3596 1022 tranquillum

2019 1049 2236 1112 portum
2280 1040 2538 1110 ingressi,
2565 1049 2688 1112 post
2728 1041 3166 1112 persecutionem
3221 1041 3405 1095 laetitia
3448 1041 3597 1097 frue-

2016 1134 2235 1188 bantur.
2281 1130 2424 1188 Sane
2469 1134 2743 1204 intelligas
2802 1149 2907 1203 qua
2963 1135 3174 1188 ratione
3216 1135 3306 1188 hic
3339 1135 3590 1190 dicatur:

2020 1241 2038 1275 ι
2074 1224 2387 1294 lmposuisti
2424 1223 2673 1280 homines
2701 1239 2869 1294 super
2892 1224 3071 1294 capita
3106 1232 3318 1289 nostra,
3353 1245 3371 1277 ι
3403 1225 3448 1280 si
3479 1225 3594 1280 haec

2011 1315 2266 1373 conferas
2301 1332 2425 1372 cum
2457 1317 2560 1372 hoc
2590 1319 2820 1374 alterius
2852 1318 3046 1388 psalmi
3081 1318 3230 1371 dicto
3261 1336 3274 1372 :
3311 1335 3332 1368 ι
3361 1316 3424 1370 Et
3446 1332 3594 1372 nunc

2010 1409 2271 1464 exaltavit
2291 1417 2454 1479 caput
2484 1425 2664 1465 meum
2690 1425 2857 1480 super
2878 1410 3132 1464 inimicos
3163 1408 3592 1464 meos.C.ircuivi

2009 1509 2062 1554 et
2091 1499 2368 1555 immolavi
2424 1500 2481 1554 in
2530 1500 2888 1554 tabernaculo
2919 1509 3014 1555 tuo
3045 1499 3282 1554 hostiam
3311 1499 3593 1572 iubilatio-

2010 1585 2180 1642 nis".
2221 1605 2240 1640 ι
2294 1585 2766 1652 Quemadmodum
2811 1589 2954 1643 enim
3004 1589 3405 1658 persecutionis
3447 1599 3588 1644 tem-

2009 1695 2141 1750 pore
2165 1681 2397 1751 imponit
2427 1679 2571 1736 Deus
2597 1681 2849 1738 homines
2881 1698 3046 1752 super
3070 1683 3248 1754 capita
3271 1691 3478 1747 nostra,
3513 1683 3588 1738 ita

2012 1783 2301 1843 postquam
2328 1773 2516 1828 eduxit
2546 1789 2648 1830 nos
2679 1775 2734 1828 in
2767 1774 3142 1846 refrigerium,
3176 1776 3382 1830 exaltat
3408 1776 3588 1845 capita

325 1875 417 1929 ὅτε
446 1875 711 1946 ἐξήγαγεν
739 1874 886 1944 ἡμᾶς
926 1873 1006 1936 είς
1049 1870 1351 1942 ἀναψυχὴν,
1383 1870 1508 1940 ὑψοῖ
1535 1868 1635 1933 τὰς
1669 1867 1894 1938 κεφαλὰς

2009 1873 2198 1918 nostra
2249 1880 2416 1934 super
2464 1865 2720 1921 inimicos
2765 1873 3006 1921 nostros.
3058 1863 3224 1936 quue
3270 1866 3589 1938 prophetice

323 1967 483 2038 ἡμῶν
505 1967 599 2020 ἐπὶ
625 1966 749 2030 τοὺς
777 1965 1004 2037 ἐχθροὺς
1027 1965 1202 2036 ήμῶν.
1230 1965 1342 2018 Καὶ
1372 1962 1529 2018 τοῦτο
1557 1961 1908 2036 προφητικῶς

323 2061 514 2132 ἐδήλου
540 2063 568 2115 ό
590 2061 793 2132 φήσαςο
837 2078 856 2110 ι
883 2059 995 2112 Καὶ
1022 2058 1115 2113 νῦν
1146 2057 1329 2130 ῦψωσε
1379 2057 1620 2129 κεφαλήν
1669 2073 1769 2128 μου
1812 2056 1906 2110 ἐπὶ

322 2153 550 2225 ἐχθρούς
585 2170 706 2225 μου.
738 2150 1134 2222 Είσελεύσομαι
1165 2153 1245 2214 είς
1270 2149 1363 2203 τὸν
1394 2145 1543 2204 οἶκόν
1577 2167 1670 2203 σου
1697 2151 1754 2203 ἐν
1787 2148 1905 2204 όλο-

321 2244 699 2316 καυτώμασιν.
739 2264 758 2296 ι
795 2246 857 2298 οί
895 2243 994 2316 μὲν
1021 2243 1129 2315 γὰρ
1161 2243 1306 2312 ἅγιοι
1326 2241 1420 2296 τοῦ
1450 2241 1586 2296 Θεοῦ
1631 2242 1904 2315 μάρτυρες

323 2337 464 2408 μετά
493 2335 620 2400 τοὺς
647 2335 913 2407 μεγάλους
941 2333 1151 2397 ἄθλους,
1182 2333 1276 2398 οὓς
1299 2334 1774 2406 ὑπομεμενήκασι,
1815 2333 1902 2388 διά

321 2427 496 2500 πυρὸς
546 2428 640 2480 καί
682 2425 872 2489 ὓδατος
895 2423 1212 2488 διελθόντες,
1239 2425 1319 2488 είς
1343 2422 1620 2495 ἀναψυχὴν
1659 2422 1900 2495 παρελή-

321 2517 555 2589 φθησαν.
593 2513 725 2571 Εἶτα
753 2516 844 2571 τὸν
866 2515 1184 2588 ἐπουράνιον
1213 2513 1306 2567 τοῦ
1333 2512 1468 2568 Θεοῦ
1491 2508 1637 2567 οἷκον
1655 2511 1748 2566 τὸν
1777 2510 1902 2584 ἀλη-

319 2606 466 2661 θινὸν
509 2607 889 2670 ἀπολαϐόντες,
939 2606 1137 2676 φασίν·
1197 2623 1214 2656 ι
1253 2603 1642 2673 Είσελεύσομαι
1689 2603 1770 2666 εἰς
1807 2601 1898 2655 τὸν

319 2693 468 2753 οἶκόν
499 2717 590 2754 σου
632 2701 689 2753 ἐν
733 2698 1166 2770 δλοκαυτώμασι.
1195 2715 1213 2748 ι
1234 2696 1322 2760 Ὠς
1345 2694 1454 2767 γὰρ
1482 2694 1571 2748 διά
1602 2693 1772 2765 πυρὸς
1804 2694 1899 2747 καὶ

319 2791 510 2856 ὕδατος
543 2792 856 2857 διελθόντες,
882 2791 952 2845 τὰ
994 2789 1200 2844 ἑαυτῶν
1243 2787 1685 2858 ὁλοκαυτώματα,
1720 2789 1778 2839 ἐν
1815 2783 1896 2851 οἷς

315 2882 724 2955 ἐμαρτύρησαν,
753 2883 906 2954 δίκην
943 2882 1132 2946 θυσίας
1173 2879 1251 2952 τῷ
1295 2878 1501 2933 ἑαυτῶν
1526 2877 1896 2950 προσφέρουσι

315 2973 456 3043 Θεῷ,
494 2972 660 3045 πολλῇ
692 2974 974 3046 παρρησίᾳ
1004 2972 1275 3044 χρώμενοι
1312 2973 1395 3040 ἐφ’
1417 2965 1506 3034 αἷς
1539 2968 1770 3042 ηὔξαντο
1805 2969 1895 3022 εὐ-

317 3066 460 3133 χαῖς.
477 3061 719 3129 Ηῦξαντο
745 3063 802 3116 δὲ
831 3061 1220 3132 ἀγωνίσασθαι,
1237 3061 1327 3114 καὶ
1348 3059 1551 3132 ταύτην
1570 3060 1894 3132 ἐποιήσαντο

313 3155 411 3224 τὴν
457 3155 808 3224 ἐπαγγελίαν,
840 3155 902 3208 τὺ
940 3154 1102 3226 μέχρι
1151 3153 1382 3207 θανάτου
1431 3152 1574 3225 ὑπὲρ
1611 3151 1892 3217 εὐσεϐείας

309 3251 559 3324 ἀθλῆσαι.
589 3252 676 3315 Ὠς
693 3246 787 3305 οὖν
811 3248 1232 3324 κατωρθωκότες
1264 3247 1406 3320 άπερ
1431 3245 1686 3318 ηὔξαντο,
1705 3245 1888 3317 φασίν’
1918 3242 1962 3300 C

383 3381 404 3416 ι
428 3363 715 3418 ’Δποδώσω
738 3363 931 3427 σοιτάς
945 3362 1110 3433 εὐχάς
1137 3379 1259 3434 μου,
1285 3361 1350 3425 ἃς
1365 3360 1622 3414 διέστειλε
1645 3360 1713 3414 τὰ
1734 3359 1887 3432 χείλη

311 3473 414 3529 μου
434 3474 448 3488 °
485 3458 578 3510 καὶ
609 3457 835 3530 ἐλάλησε
867 3455 928 3511 τὸ
963 3456 1138 3528 στόμα
1171 3473 1273 3528 μου
1308 3457 1366 3510 ἐν
1395 3457 1462 3526 τῇ
1497 3453 1673 3524 θλίψει
1713 3470 1832 3526 μου.
1864 3473 1884 3504 ι

308 3548 448 3600 Κατ’
480 3546 649 3612 αὑτὰς
679 3547 788 3619 γάρ
817 3546 915 3608 τὰς
946 3546 1153 3617 θλίψεις
1172 3585 1186 3610 ,
1221 3545 1351 3619 περὶ
1379 3538 1452 3600 ὧν
1488 3545 1743 3616 ἀνωτέρω
1776 3544 1890 3598 ἔλε-

304 3654 401 3706 γον
423 3654 438 3669 ο
475 3657 494 3690 ι
519 3638 682 3692 Ἔθου
711 3639 916 3709 θλίψεις
947 3639 1040 3692 ἐπὶ
1072 3638 1163 3692 τὸν
1184 3637 1353 3692 νῶτον
1373 3636 1549 3709 ἡμῶν,
1578 3657 1595 3689 ι
1628 3637 1728 3708 τὴν
1753 3636 1888 3708 πρὸς

305 3729 396 3784 τὸν
414 3728 546 3786 Θεὸν
569 3731 788 3802 ἀγάπην
806 3731 1016 3784 τελείαν
1039 3731 1132 3785 καὶ
1152 3731 1344 3802 όλόκλη
1351 3748 1444 3801 ρον
1465 3729 1885 3801 ἐνδεικνύμενοι.

306 3823 469 3894 εὑχάς
493 3824 729 3878 ἐτίθεντο
757 3824 850 3878 καὶ
878 3823 1208 3892 ἐπαγγελίας
1231 3821 1510 3876 ἐποιοῦντο
1538 3822 1698 3894 μέχρι
1719 3821 1885 3875 θανά-

305 3933 395 3970 του
429 3915 683 3987 ἐνστῆναι
703 3956 718 3978 ,
752 3916 1031 3987 μονονουχὶ
1061 3915 1262 3987 ὁμοίως
1287 3914 1366 3986 τῷ
1388 3913 1584 3985 Παύλῳ
1600 3914 1850 3984 λέγοντες
1867 3931 1880 3944 ⁸

308 4029 326 4062 ι
349 4009 445 4074 Τίς
481 4011 629 4082 ἡμᾶς
655 4011 878 4082 χωρίσει
912 4011 1019 4065 ἀπὸ
1047 4011 1145 4082 τῆς
1179 4010 1399 4081 ἀγάπης
1424 4008 1518 4062 τοῦ
1552 4008 1726 4072 Θεοῦ;
1770 4007 1884 4060 θλί-

302 4103 414 4172 ψις,
445 4101 478 4174 ἢ
511 4103 860 4173 στενοχωρία,
893 4103 926 4175 ἢ
960 4103 1219 4174 διωγμὸς,
1253 4103 1286 4174 ἢ
1317 4101 1494 4173 λιμὸς,
1522 4101 1555 4172 ἢ
1586 4101 1881 4173 γυμνότης,

301 4195 335 4268 ἢ
366 4195 660 4260 κίνδυνοςμ
687 4195 798 4248 καί’
826 4195 1161 4267 ιΠέπεισμαι
1189 4197 1320 4267 γὰρ,
1351 4196 1432 4249 ὃτι
1481 4193 1605 4248 οὕτε
1633 4193 1881 4257 θάνατος,

300 4286 424 4342 οὔτε
450 4288 584 4358 ζωὴ,
617 4287 738 4340 οῦτε
771 4277 1042 4342 ἐνεστῶτα
1061 4330 1075 4352 ,
1111 4288 1233 4342 οὔτε
1266 4288 1524 4360 μέλλοντα
1549 4329 1563 4352 ,
1595 4287 1881 4358 δυνήσεται

299 4383 448 4454 ἡμᾶς
471 4380 700 4453 χωρίσαι
731 4380 839 4433 ἀπὸ
870 4381 969 4452 τῆς
1000 4380 1221 4452 ἀγάπης
1252 4379 1347 4435 τοῦ
1379 4381 1514 4434 Θεοῦ
1539 4379 1638 4448 τῆς
1662 4381 1719 4432 ἐν
1745 4378 1881 4449 Χρι-

299 4470 410 4541 στῷ
447 4469 640 4540 Ἰησοῦ.
674 4489 690 4522 ι
716 4470 931 4535 Ταύτας
959 4468 1052 4525 οὖν
1071 4489 1203 4542 φησι
1228 4471 1328 4536 τὰς
1352 4471 1513 4543 εὐχὰς
1540 4469 1877 4524 ἀποδεδωκέ-

297 4579 385 4616 ναι
416 4559 493 4632 τῷ
506 4560 646 4632 Θεῷ,
674 4560 739 4628 ἃς
767 4561 1023 4616 διέστειλε
1043 4562 1111 4616 τὰ
1131 4562 1280 4634 χείλη
1303 4561 1500 4628 αὐτῶν,
1533 4563 1628 4616 καὶ
1648 4560 1877 4632 ἐλάλησε

2007 1953 2318 2008 declarabat
2364 1955 2460 2025 qui
2506 1954 2643 2008 dixit
2681 1973 2694 2008 :
2736 1973 2755 2006 ι
2798 1956 2864 2009 Ει
2907 1971 3056 2010 nunc
3111 1956 3373 2010 exaltavit
3422 1964 3588 2028 caput

2009 2061 2187 2100 meum
2243 2061 2409 2117 super
2454 2047 2711 2102 inimicos
2759 2063 2935 2104 meos.
2985 2047 3228 2104 lntroibo
3265 2051 3320 2103 in
3361 2049 3584 2104 domum

2005 2146 2154 2190 tuam
2203 2138 2258 2191 in
2300 2138 2658 2194 holocaustis.
2697 2158 2716 2191 ι
2753 2137 2889 2192 Nam
2951 2141 3129 2194 sancti
3175 2139 3268 2196 Dei
3314 2148 3586 2212 martyres

2005 2237 2128 2300 post
2179 2245 2398 2301 magna,
2454 2246 2578 2301 qua:
2633 2231 3040 2296 sustinuerunt,
3099 2232 3434 2294 certamina,
3485 2247 3585 2303 per

2001 2323 2184 2395 ignem
2228 2331 2284 2380 et
2335 2338 2534 2395 aquam
2583 2328 2952 2398 transgressi,
3003 2328 3057 2380 in
3103 2326 3452 2396 refrigerium
3494 2341 3584 2382 re-

2001 2416 2146 2486 cepti
2188 2424 2338 2472 sunt.
2371 2415 2578 2473 Deinde
2618 2418 2789 2489 petita
2833 2419 2925 2473 illa
2965 2419 3178 2475 cmlesti
3217 2433 3280 2473 ac
3312 2435 3440 2474 vera
3483 2417 3581 2475 Dei

1977 2507 2186 2572 domo,
2219 2510 2372 2564 aiunt
2406 2528 2419 2564 :
2459 2528 2478 2561 ι
2514 2509 2830 2566 lntroiboin
2863 2511 3085 2565 domum
3123 2519 3274 2566 tuam
3317 2512 3372 2566 in
3421 2512 3581 2566 holo-

1998 2601 2225 2656 caustis.
2267 2619 2286 2653 ι
2347 2599 2542 2672 Utpote
2590 2603 2737 2656 enim
2782 2603 2875 2672 qui
2926 2619 3023 2675 per
3079 2605 3256 2675 ignem
3289 2611 3343 2658 et
3382 2619 3580 2674 aquam

1997 2688 2342 2754 transierint,
2375 2689 2694 2748 holocausta
2730 2707 2851 2758 sua,
2878 2694 3035 2763 queis
3070 2694 3393 2765 martyrium
3425 2696 3577 2764 passi

1997 2788 2125 2835 sunt
2174 2781 2347 2836 instar
2384 2781 2578 2838 hostiae
2620 2785 2732 2839 Deo
2760 2800 2864 2841 suo
2884 2786 3143 2849 oll'erunt,
3177 2785 3349 2840 multa
3397 2786 3480 2841 usi
3520 2787 3577 2842 in

1995 2873 2251 2941 precibus
2279 2871 2578 2930 fundendis
2612 2875 2831 2932 fiducia.
2863 2875 3109 2933 Orabant
3145 2877 3346 2948 quippe
3373 2886 3432 2932 ut
3453 2895 3576 2934 cer-

1996 2963 2200 3018 tamina
2236 2964 2459 3032 inirent,
2487 2965 2590 3020 hac
2629 2968 2756 3022 data
2781 2968 3172 3038 promissione,
3217 2985 3276 3024 se
3302 2985 3476 3040 usque
3505 2972 3574 3024 ad

1994 3064 2222 3111 mortem
2259 3071 2359 3128 pro
2388 3059 2590 3129 pietate
2620 3066 2949 3118 certaturos.
2987 3059 3186 3132 Utpote
3215 3077 3345 3119 vero
3363 3079 3423 3118 re
3440 3065 3577 3120 bene

1992 3159 2144 3220 gesta
2175 3165 2275 3221 pro
2305 3166 2412 3222 qua
2438 3153 2644 3222 precati
2676 3151 2915 3218 fuerant,
2941 3153 3165 3210 dicunt:

2063 3354 2232 3414 Vens.
2269 3357 2356 3422 14,
2400 3358 2486 3413 l5.
2517 3375 2537 3410 ι
2572 3356 2815 3414 Reddam
2846 3358 2947 3414 tibi
2978 3366 3104 3414 vota
3126 3375 3267 3426 mea,
3298 3376 3420 3431 quas
3452 3362 3571 3418 dis-

1990 3449 2270 3504 tinxerunt
2309 3449 2458 3504 labia
2499 3466 2655 3506 mea:
2687 3458 2742 3506 et
2781 3450 3027 3506 locutum
3057 3457 3142 3507 est
3192 3466 3256 3507 os
3305 3467 3487 3507 meum
3513 3454 3570 3507 in

1991 3540 2342 3596 tribulatione
2391 3557 2566 3597 mea.»
2610 3541 2667 3596 In
2721 3542 2860 3613 ipsis
2917 3557 3156 3612 namque
3203 3543 3572 3598 tribulationi-

1990 3629 2114 3695 bus,
2148 3631 2216 3686 de
2237 3631 2438 3702 quibus
2471 3648 2638 3703 supra
2671 3633 2931 3689 dicebant
2958 3652 2970 3688 :
3010 3652 3028 3684 ι
3061 3632 3303 3690 Posuisti
3335 3635 3572 3690 tribula-

1989 3723 2168 3779 tiones
2222 3725 2275 3778 in
2332 3726 2500 3781 dorso
2551 3735 2802 3790 nostro,»
2859 3725 3158 3796 perfectam
3189 3738 3244 3783 et
3293 3721 3563 3799 integram

1987 3830 2113 3888 erga
2145 3815 2314 3872 Deum
2343 3819 2669 3874 charitatem
2703 3819 3050 3885 exhibentes,
3084 3836 3274 3890 preces
3321 3821 3568 3877 effunde—

1988 3918 2120 3972 bant
2155 3929 2208 3972 et
2236 3917 2511 3986 promissa
2541 3916 2766 3980 dabant,
2803 3932 2862 3972 se
2891 3915 2959 3969 ad
2989 3924 3217 3970 mortem
3247 3932 3424 3986 usque
3451 3931 3570 3988 per-

1987 4017 2362 4076 severaturos,
2411 4018 2625 4066 tantum
2695 4025 2803 4066 non
2854 4012 3102 4067 dicentes
3170 4027 3295 4066 cum
3358 4010 3563 4068 Paulo:

1992 4121 2009 4152 ι
2034 4101 2170 4168 Quis
2191 4117 2294 4158 nos
2327 4103 2605 4174 separabit
2635 4119 2663 4157 a
2697 4103 2968 4160 charitate
3002 4103 3134 4159 Dei?
3155 4103 3460 4166 tribulatio,
3495 4118 3567 4159 an

1985 4194 2262 4265 angustia,
2291 4210 2360 4248 an
2390 4196 2723 4265 persecutio,
2760 4212 2832 4249 an
2878 4195 3074 4261 fames,
3109 4211 3180 4250 an
3213 4194 3458 4259 nuditas,
3493 4209 3564 4249 an

1984 4287 2289 4357 periculum
2311 4287 2398 4341 7‘?
2425 4307 2444 4338 ι
2482 4295 2570 4343 et:
2603 4307 2621 4338 ι
2645 4287 2842 4342 Certus
2873 4304 2994 4343 sum
3019 4288 3186 4353 enim,
3221 4288 3366 4358 quod
3387 4302 3564 4357 neque

1984 4393 2154 4443 mors,
2196 4391 2376 4449 neque
2405 4378 2540 4443 vita,
2571 4395 2751 4448 neque
2795 4379 3107 4449 praesentia,
3145 4393 3324 4449 neque
3372 4377 3562 4431 futura

1983 4475 2241 4538 poterunt
2267 4485 2368 4524 nos
2398 4485 2658 4541 separare
2685 4486 2713 4523 a
2747 4469 3016 4525 charitate
3043 4468 3162 4536 Dei,
3209 4485 3332 4540 quae
3375 4475 3461 4524 est
3504 4468 3561 4523 in

1980 4562 2202 4618 Christo
2230 4560 2420 4618 Jesu"
2442 4583 2489 4618 ,ι
2527 4563 2654 4619 Haec
2687 4579 2748 4619 se
2770 4572 2892 4618 vota
2927 4562 3038 4618 Deo
3089 4561 3398 4618 reddidisse
3455 4562 3556 4626 ait,

296 4654 368 4706 τὸ
389 4653 558 4724 στόμα
589 4652 768 4708 αὐτῶν
800 4655 860 4706 ἐν
886 4657 952 4725 τῇ
985 4653 1159 4725 θλίψει
1193 4654 1390 4707 αὐτῶν.
1423 4654 1532 4708 Καὶ
1559 4652 1783 4706 τοιαῦτά
1812 4668 1876 4720 γε

1995 4670 2106 4724 qua
2136 4654 2510 4710 distinxerunt
2538 4655 2684 4709 labia
2722 4670 2845 4719 sua,
2878 4663 2932 4709 et
2978 4655 3221 4710 locutum
3249 4662 3334 4710 est
3365 4669 3426 4708 os
3455 4667 3554 4707 eo-

294 4741 362 4816 ἦν
391 4766 408 4797 ι
431 4745 499 4800 τὰ
521 4744 950 4818 ὁλοκαυτώματα
969 4766 986 4798 i
1015 4747 1195 4800 αὐτῶν
1221 4765 1238 4796 ι
1266 4745 1671 4817 μεμυαλωμένα
1693 4765 1710 4796 ι
1746 4745 1873 4815 ἀλη-

297 4837 425 4902 θῶς.
483 4837 550 4890 Αἱ
599 4835 730 4905 γοῦν
774 4836 945 4908 ψυχαὶ
987 4835 1166 4891 αὐτῶν
1189 4877 1204 4899 ,
1241 4837 1502 4908 φέρουσαι
1537 4835 1597 4888 τὺ
1629 4837 1749 4887 πῖον
1781 4835 1875 4887 καὶ

292 4929 515 4984 δυνατὸν
566 4930 664 5000 τῆς
715 4929 950 4994 πίστεως
975 4969 990 4993 ,
1040 4925 1192 4982 εἶπον
1237 4927 1303 4982 ἂν
1345 4927 1406 4982 τὸ
1442 4929 1500 4981 ἐν
1531 4926 1702 4999 ἑτέρῳ
1729 4926 1875 4980 λελε-

293 5021 493 5093 γμένον
515 5037 526 5051 ·
563 5040 582 5074 ι
613 5022 756 5075 Ὢσεὶ
791 5022 1010 5086 στέατος
1064 5022 1158 5075 καὶ
1185 5021 1436 5092 πιότητος
1467 5019 1806 5092 ἐμπλησθείη
1840 5021 1875 5089 ἡ

294 5114 438 5186 ψυχή
481 5131 616 5184 μου,
651 5115 745 5168 καὶ⁵
783 5113 936 5184 χείλη
971 5113 1342 5183 ἀγαλλιάσεως
1369 5113 1573 5168 αίνέσει
1609 5113 1671 5167 τδ
1699 5113 1873 5184 στόμα

297 5219 418 5274 μου.
447 5222 464 5254 ι
494 5201 649 5257 Οῦτω
677 5201 806 5271 γοῦν
840 5223 858 5254 ι
885 5203 1289 5275 μεμυαλωμένα
1311 5223 1330 5256 ι
1355 5204 1572 5274 λέγεται
1595 5205 1664 5258 τά
1687 5205 1877 5276 εὐτρα-

294 5293 369 5364 φῆ
399 5295 494 5348 καὶ
518 5295 676 5348 πίονα
698 5296 791 5348 καὶ
818 5295 1044 5366 λιπαρά.
1065 5295 1324 5350 Τοιαῦται
1347 5295 1404 5349 δέ
1425 5295 1786 5366 τυγχάνουσιν
1815 5297 1871 5350 αί

293 5386 402 5439 τῶν
431 5386 676 5458 ἀθλητῶν
705 5387 801 5441 τοῦ
832 5387 967 5441 Θεοῦ
998 5389 1196 5460 ψυχαὶ,
1227 5391 1292 5442 ἐκ
1322 5389 1431 5442 τῶν
1467 5390 1625 5444 θείων
1657 5391 1750 5444 καὶ
1787 5389 1872 5444 λο-

292 5476 464 5544 γικῶν
489 5477 702 5549 τροφῶν
739 5497 756 5530 ι
784 5478 1208 5550 μιμυαλωμέναι
1229 5521 1243 5540 ,
1272 5501 1289 5531 ι
1327 5480 1422 5534 καὶ
1450 5479 1612 5552 μηδὲν
1646 5481 1871 5534 ὑποκεί-

295 5587 456 5642 μενον
479 5570 718 5642 ἔχουσαι,
749 5572 880 5644 μηδὲ
906 5573 1146 5638 ἀσθενές
1178 5574 1260 5628 διό
1288 5592 1468 5644 φασιν·
1501 5595 1518 5626 ι
1543 5573 1873 5628 Ὀλοκαυτώ-

303 5677 449 5730 ματα
503 5661 904 5734 μεμυαλωμένα
937 5664 1136 5718 ἀνοίσω
1159 5681 1241 5718 σοι
1277 5665 1413 5736 μετά
1448 5665 1808 5736 θυμιάματος.
1847 5685 1865 5714 ι

367 5817 412 5848 "°
442 5819 586 5874 Psal.
629 5835 774 5885 xui,
803 5820 855 5875 6.

1981 4761 2103 4800 rum
2141 4747 2196 4801 in
2228 4747 2583 4802 tribulatione
2617 4749 2882 4818 ipsorum.
2926 4747 2992 4800 Et
3024 4749 3138 4803 haec
3185 4765 3314 4804 vere
3364 4764 3556 4804 eorum

1989 4857 2006 4888 ι
2047 4837 2368 4893 holocausta
2422 4839 2739 4894 medullata.
2775 4858 2792 4890 ι
2837 4839 3048 4893 Animae
3080 4840 3266 4909 itaque
3309 4840 3556 4910 ipsorum

1984 4928 2199 4999 adipem
2245 4943 2311 4982 ac
2359 4928 2621 4984 virtutem
2671 4929 2796 4985 ﬁdei
2835 4928 3095 4997 ferentes,
3140 4929 3276 4984 illud
3313 4929 3556 4986 dixerint

1985 5023 2094 5078 alio
2133 5027 2189 5078 in
2227 5024 2440 5094 psalmo
2483 5025 2757 5095 positum:
2796 5023 2987 5079 «Sicut
3034 5023 3193 5094 adipe
3223 5031 3280 5078 et
3327 5025 3554 5096 pingue-

1978 5114 2106 5170 dine
2155 5115 2434 5185 repleatur
2466 5116 2650 5170 anima
2679 5131 2822 5181 mea,
2874 5123 2929 5171 et
2978 5115 3139 5171 labiis
3169 5116 3554 5172 exsultationis

1977 5206 2219 5262 laudabit
2261 5221 2325 5262 os
2354 5208 2644 5262 meum".»
2693 5206 2786 5262 Sic
2812 5221 2942 5280 ergo
2972 5207 3362 5272 crassitudine,
3393 5207 3552 5277 adipe

1975 5308 2028 5352 ct
2068 5297 2396 5368 pinguedine
2437 5298 2663 5368 referta,
2714 5317 2732 5351 ι
2755 5299 3050 5355 medullata
3076 5318 3095 5352 ι
3129 5299 3410 5355 dicuntur.
3445 5298 3550 5354 Ta-

1976 5391 2055 5444 les
2105 5405 2272 5460 porro
2318 5398 2449 5445 sunt
2495 5391 2827 5448 athletarum
2863 5390 2954 5447 Dei
3004 5391 3221 5456 animae,
3265 5391 3468 5446 divinis
3493 5399 3549 5446 et

1971 5483 2392 5538 rationabilihus
2437 5484 2576 5540 cibis
2612 5504 2630 5536 ι
2656 5485 2986 5550 medullata),
3024 5503 3045 5537 ι
3084 5483 3218 5538 nihil
3247 5483 3541 5554 abiectum,

1970 5574 2248 5629 inﬁrmum
2298 5575 2435 5630 nihil
2477 5576 2742 5633 habentes
2784 5596 2798 5630 :
2851 5591 3025 5648 quare
3080 5575 3306 5632 dicunt:
3334 5573 3544 5630 «Holo-

1973 5676 2165 5723 causta
2199 5669 2495 5726 medullata
2548 5669 2771 5727 oderam
2817 5670 2920 5726 tibi
2951 5684 3074 5728 cum
3111 5670 3388 5727 incenso.»
3446 5665 3540 5726 1η-

932 5823 970 5851 ⁷¹
1007 5818 1163 5875 Rom.
1201 5837 1316 5886 \‘ill,
1349 5819 1434 5876 53.
1513 5823 1559 5853 ⁷³
1592 5817 1730 5878 Ibid.
1768 5821 1856 5876 38.
1929 5820 1972 5852 ⁷³
2004 5817 2144 5876 Psal.
2176 5835 2312 5887 Lm,
2338 5821 2391 5876 6.
