4086 6442
605 377 714 438 667
1298 383 1567 440 EUSEBII
1599 381 2086 442 CAESABIENSIS
2122 380 2272 440 OPP.
2308 383 2487 442 PARS
2515 385 2603 443 Ill.
2651 415 2721 426 ——
2749 384 3156 441 EXEGETICA.
3802 384 3888 439 668

609 523 838 565 celsum
880 523 1011 562 vero
1043 505 1175 560 illud
1219 505 1493 576 intellig-as
1549 518 1617 557 ex
1653 503 1756 557 hoc
1787 503 1975 558 dicto:
2023 520 2042 554 ι
2070 501 2187 557 Fiat

2291 502 2524 573 Νοήσεις
2545 502 2600 556 δὲ
2625 501 2720 556 καὶ
2748 503 2811 556 τὸ
2842 501 3093 573 θυμίαμα
3116 499 3224 554 ἀπὸ
3248 499 3354 570 τῆς
3384 494 3680 567 λεγούσης
3700 500 3888 568 φωνῆς’

611 600 790 653 oratio
843 613 962 652 mea
1015 597 1162 653 sicut
1207 598 1497 650 incensum
1546 593 1606 648 in
1644 602 1942 664 conspectu
1975 592 2185 649 tuo".i

2299 614 2318 647 ι
2343 594 2678 666 Γενηθήτωή
2699 597 2974 666 προσευχή
3003 613 3104 666 μου
3125 595 3202 658 ὼς
3215 592 3490 664 θυμίαμα
3510 587 3751 642 ὲνώπιὸν
3765 607 3889 644 σου.»

613 690 706 745 lla:
737 691 906 760 igitur
935 689 1152 752 animae,
1205 685 1479 757 spirituali
1528 686 1652 756 igne
1709 691 1978 755 purgatae,
2036 685 2187 740 holo-

2290 684 2459 742 Λῦται
2486 688 2584 759 μὲν
2607 683 2700 741 οὖν
2721 688 2777 742 al
2805 686 2995 758 ψυχαὶ,
3024 687 3102 758 τῷ
3128 681 3512 757 πνευματικῷ
3539 683 3685 756 πυρὶ
3710 684 3894 756 καθαρ-

610 791 805 838 cansta
862 779 1056 837 fuere:
1109 779 1223 834 sive
1271 775 1622 833 sacerdotum
1663 775 1844 831 instar
1892 775 2025 846 ipsa:
2064 790 2187 830 eor-

2291 780 2511 842 θεῖσαι,
2559 778 2986 851 ὁλοκαυτώματα
3025 779 3310 848 γεγόνασιν
3333 817 3355 841 ,
3412 777 3453 848 ἦ
3504 775 3676 848 δίκην
3710 776 3897 847 ἱερείων

612 895 743 950 pora
777 891 900 940 sua,
950 880 1140 944 utpote
1171 871 1296 940 igne
1322 874 1730 931 consummata,
1763 867 1821 921 in
1868 867 2187 924 holocausta

2290 862 2451 924 αὗται
2467 869 2534 924 τά
2551 869 2759 924 ἑαυτῶν
2782 869 3022 941 ὀνόματα
3038 869 3139 939 (1),
3162 867 3239 932 ὡς
3260 867 3323 922 ἂν
3345 866 3454 920 διὰ
3488 864 3681 937 πυρὸς
3705 866 3897 920 τελειω-

609 971 950 1027 obtulorunt.
1004 965 1296 1021 Orationes
1327 968 1511 1016 autem
1543 960 1790 1030 ipsarum
1823 959 2187 1032 thymiamata

2291 961 2472 1026 θέντα,
2499 962 2925 1033 ὁλοκαυτώματα
2953 960 3434 1033 προσηνέγκαντο.
3485 959 3562 1011 Δί
3595 957 3657 1010 δὲ
3687 975 3899 1029 προσευ-

615 1062 843 1118 fuerint.
901 1057 1174 1126 Quoniam
1233 1070 1365 1110 vero
1415 1053 1639 1117 arietes,
1694 1053 1860 1108 boves
1901 1062 1957 1108 et
2005 1053 2187 1107 hircos

2290 1055 2384 1126 χαὶ
2411 1055 2590 1109 αὐτῶν
2617 1052 2726 1109 εἶεν
2754 1053 2820 1109 ἄν
2843 1053 2910 1108 τά
2931 1053 3272 1126 θυμιάματα.
3318 1053 3502 1108 Ἐπεὶ
3525 1051 3592 1106 δὲ
3613 1053 3804 1124 κριοὺς
3822 1057 3903 1108 καὶ

610 1153 894 1207 ohlaturas
934 1165 993 1205 se
1027 1147 1381 1219 pollicentur,
1409 1151 1591 1199 tecum
1625 1151 1848 1213 reputes
1877 1143 2041 1198 velim
2066 1143 2182 1198 haec

2293 1147 2421 1219 βόας
2457 1147 2596 1218 μετὰ
2632 1148 2883 1220 χιμάρων
2919 1147 3152 1200 ἀνοίσειν
3173 1146 3662 1216 ἐπαγγέλλονται,
3697 1146 3905 1218 ἐπιστή-

2292 1256 2406 1303 σεις
2444 1240 2593 1302 ὅπως
2622 1240 2839 1312 εἴρηται
2871 1240 2964 1293 καὶ
2989 1239 3164 1293 ταῦτα
3187 1240 3250 1292 ὲκ
3285 1237 3618 1310 προσώπου
3651 1238 3762 1291 τῶν
3783 1240 3904 1292 ἀτω-

2292 1327 2494 1380 στόλων
2518 1327 2611 1382 τοῦ
2656 1328 2906 1400 Σωτῆρος
2931 1368 2946 1391 ,
2992 1327 3119 1391 τοὺς
3161 1327 3252 1381 ὑπ’
3275 1328 3476 1380 αὐτῶν
3521 1328 3906 1398 προηγμένους

2289 1421 2556 1492 χιμάρους
2589 1421 2685 1475 καὶ
2732 1420 2863 1491 βόας
2895 1422 2988 1474 καὶ
3029 1423 3217 1492 κριοὺς
3258 1423 3501 1492 νοήσας.
3563 1419 3788 1492 Πρῶτοι
3819 1421 3905 1492 μὲν

2289 1516 2398 1587 γάρ
2431 1516 2704 1587 μάρτυρες
2731 1516 2886 1569 accol.
2920 1515 3013 1569 τοῦ
3042 1514 3180 1568 Θεοῦ
3211 1516 3526 1585 γεγόνασιν
3549 1531 3565 1546 ο
3595 1510 3725 1568 εἶτα
3752 1532 3908 1586 μιμη-

2287 1610 2387 1673 τὰς
2420 1608 2628 1662 ἑαυτῶν
2650 1608 2744 1663 καὶ
2767 1607 3014 1679 ζηλωτὰς
3042 1609 3267 1680 μυρίους
3292 1608 3507 1671 ἄλλους
3544 1608 3907 1678 κατεστήσαν-

609 1697 768 1768 quasi
800 1698 1072 1752 culturam
1098 1711 1254 1751 suam
1287 1694 1399 1750 Deo
1428 1693 1684 1752 oll‘erunt.
1719 1694 1935 1750 Arietes
1957 1694 2186 1761 dixeris,

2289 1717 2350 1753 το
2370 1741 2384 1763 ,
2417 1699 2510 1764 οὒς
2537 1699 2727 1772 ὥσπερ
2757 1702 2932 1754 οἰκεῖα
2958 1700 3199 1772 γεώργια
3225 1699 3303 1771 τῷ
3333 1699 3467 1772 Θεῷ
3505 1700 3904 1771 προσφέρουσι.

612 1788 890 1858 principes
935 1786 1330 1849 Eeclesiarum,
1375 1787 1443 1842 de
1495 1785 1699 1856 quibus
1742 1784 1799 1838 in
1856 1783 2187 1856 praecedenti

2289 1792 2493 1864 Κριοὺς
2521 1791 2620 1862 μὲν
2649 1792 2776 1854 τοὺς
2809 1791 3076 1861 ἄρχοντας
3105 1788 3213 1842 τῶν
3242 1789 3636 1862 Ἐκκλησιῶν,
3685 1788 3811 1858 περὶ
3838 1781 3904 1840 ὧν

612 1883 822 1951 psalmo
842 1880 1157 1944 dicebatur:
1199 1897 1217 1929 ι
1249 1878 1424 1933 lnduti
1457 1886 1584 1933 sunt
1625 1878 1829 1932 arietes
1861 1877 2141 1932 ovium":
2163 1894 2181 1928 ι

2291 1884 2382 1938 καὶ
2411 1885 2469 1938 ὲν
2491 1881 2572 1953 τῷ
2604 1882 2709 1954 πρὸ
2745 1881 2936 1935 τούτου
2967 1881 3167 1953 ψαλμῷ
3199 1881 3416 1950 ἑλέγετο
3441 1899 3460 1914 ο
3507 1901 3529 1934 ι
3556 1880 3906 1934 Ἐνεδύσαντο

609 1987 750 2042 quos
782 1971 930 2026 velut
963 1986 1188 2041 gregum
1219 1968 1389 2025 duces
1419 1969 1522 2038 ipsi
1547 1968 1988 2034 constituerunt;
2023 1968 2187 2023 boves

2291 1977 2340 2028 oi
2363 1976 2511 2046 κριοὶ
2522 1973 2630 2028 τῶν
2649 1974 2934 2046 προῦάτων
2953 1992 2965 2004 ’
2989 1994 3008 2028 ι
3030 1973 3122 2038 οὒς
3143 1974 3331 2047 ὥσπερ
3352 1973 3655 2046 ποιμνίων
3673 1973 3902 2043 ἡγουμέ-

609 2074 815 2128 autem,
861 2064 1073 2118 animas
1114 2064 1169 2116 in
1209 2062 1475 2117 armentis
1506 2059 1771 2116 Ecclesia:
1813 2061 2187 2128 constitutas;

2290 2086 2412 2132 νους
2440 2068 2593 2123 αὐτοὶ
2621 2067 2964 2138 κατέστησαν
2989 2085 3002 2098 ο
3058 2067 3187 2139 βόας
3212 2068 3268 2122 δὲ
3310 2067 3409 2132 τὰς
3458 2068 3528 2120 ὲν
3566 2069 3640 2138 τῇ
3685 2065 3878 2135 Ἐκκλη

609 2157 813 2212 etenim
849 2173 867 2207 ι
893 2155 974 2210 An
1009 2155 1077 2211 de
1125 2155 1321 2218 bobus,
1359 2153 1556 2223 inquit.
1609 2167 1744 2207 cura
1793 2159 1878 2208 est
1909 2151 2018 2207 Deo
2061 2152 2186 2207 πῖ»

2293 2161 2383 2232 σία
2407 2161 2810 2233 ἀγελαζομένας
2828 2160 3006 2231 ψυχάς
3024 2177 3039 2192 ·
3074 2179 3092 2212 ι
3112 2161 3202 2233 Μὴ
3228 2161 3335 2235 γάρ
3381 2161 3501 2216 τῶν
3546 2159 3731 2230 βοῶν,
3759 2157 3898 2227 φησὶ,

612 2249 709 2304 sed
747 2250 812 2304 de
847 2249 1010 2304 nobis
1055 2263 1286 2318 prorsus
1329 2247 1590 2317 loquitur.
1642 2243 1792 2300 Hirci
1831 2260 1962 2302 vero
1988 2243 2187 2300 fuerint

2293 2252 2444 2324 μέλει
2489 2253 2569 2324 τῷ
2609 2252 2764 2324 Θεῷ;
2800 2272 2818 2303 ›
2856 2253 2890 2324 ἢ
2923 2253 2990 2306 δι’
3022 2254 3170 2324 ἡμᾶς
3197 2254 3416 2317 πάντως
3443 2253 3616 2322 λέγει
3639 2271 3654 2282 ·
3685 2251 3900 2334 χίμαρον.

612 2343 646 2396 ii
691 2342 784 2412 qui
814 2357 1004 2397 recens
1034 2340 1170 2404 nati,
1195 2349 1248 2395 et
1284 2339 1544 2409 procellae
1585 2353 1834 2408 tempore
1889 2338 1998 2392 orti
2053 2339 2187 2395 sint.

2289 2343 2344 2398 δὲ
2377 2345 2426 2398 οἱ
2453 2340 2758 2416 ἀρτιγενείς
2788 2344 2882 2397 καὶ
2914 2343 2991 2414 τῷ
3020 2342 3194 2415 καιρῷ
3222 2343 3316 2397 τοῦ
3346 2343 3644 2415 χειμῶνος
3676 2357 3898 2412 γεγενη-

612 2433 794 2500 Quare
822 2434 1126 2489 secundum
1153 2433 1398 2502 reliquos
1419 2433 1774 2501 interpretes,
1807 2450 1825 2481 ι
1848 2439 1903 2486 et
1929 2431 2185 2495 deserti,»

2292 2436 2440 2507 μένοι
2489 2432 2600 2490 εἷεν
2644 2436 2710 2490 ἄν
2811 2435 2902 2489 Διὸ
2932 2437 3073 2490 κατὰ
3102 2439 3228 2501 τοὺς
3257 2437 3484 2502 λοιποὺς
3524 2435 3893 2508 ἑρμηνευτὴς,

613 2534 800 2596 utpote
847 2526 940 2597 qui
992 2527 1436 2598 persecutionem
1505 2523 1821 2594 effugerint,
1895 2533 2186 2578 vocantur.

2294 2545 2312 2578 ι
2337 2528 2432 2582 καὶ
2447 2528 2544 2601 ἑρη
2553 2545 2644 2600 μοι
2661 2569 2676 2595 ,
2701 2547 2721 2581 i
2745 2527 2822 2592 ὡς
2841 2527 2931 2582 τὸν
2949 2529 3043 2582 τοῦ
3059 2528 3296 2600 διωγμοῦ
3317 2529 3515 2601 καιρὸν
3534 2527 3894 2598 ἐκφυγόντες,

607 1243 727 1311 ipsa
796 1255 862 1294 ex
923 1239 1298 1309 apostolorum
1361 1231 1673 1289 Servatoris
1746 1247 1982 1303 persona
2040 1233 2190 1289 dicta

608 1334 798 1396 fuisse,
837 1344 1045 1402 perque
1079 1329 1290 1393 hircos,
1322 1328 1493 1382 boves
1561 1333 1618 1381 et
1677 1326 1880 1381 arietes
1916 1341 2036 1387 eos.
2093 1326 2187 1396 qui

607 1443 712 1482 suo
763 1424 1140 1496 apostolorum
1197 1421 1365 1476 ductu
1409 1418 1652 1484 luerunt,
1705 1418 2000 1488 intelligas.
2052 1416 2187 1472 Nam

607 1519 787 1588 primo
817 1517 923 1588 ipsi
959 1523 1232 1587 martyres
1285 1512 1383 1568 Dei
1428 1511 1617 1578 fuere;
1675 1511 1873 1566 deinde
1904 1511 2048 1568 alios
2101 1511 2186 1567 sui

608 1604 857 1660 inﬁnitos
916 1603 1226 1657 imitatores
1274 1607 1329 1656 et
1383 1601 1612 1656 aemulos
1660 1600 1998 1668 excitarunt,
2047 1615 2188 1670 quos

613 2619 680 2674 Et
707 2621 808 2676 hos
854 2621 1040 2690 itaque
1073 2618 1232 2690 quasi
1260 2618 1506 2674 novellos
1536 2625 1589 2672 et
1636 2618 1706 2672 ab
1753 2632 1812 2672 se
1851 2616 2049 2673 ductos
2081 2616 2190 2672 Deo

611 2712 868 2779 oﬂ'crunt,
902 2694 1204 2781 gloriantes
1235 2710 1436 2780 singuli
1465 2708 1532 2764 de
1562 2709 1631 2763 iis
1650 2723 1792 2779 quos
1813 2709 2184 2763 adduxerunt.

612 2804 738 2860 llaec
773 2806 956 2876 itaque
985 2819 1016 2860 a
1047 2804 1209 2859 nobis
1240 2803 1405 2858 modo
1443 2801 1742 2873 spirituali,
1785 2811 1840 2856 et
1873 2800 2186 2855 divinarum

611 2895 1029 2967 Scripturarum
1074 2895 1364 2965 promissis
1407 2901 1805 2959 consentaneo,
1837 2893 2187 2948 considerata

611 2996 763 3043 sinit.
824 2985 890 3040 Et
939 3001 1073 3042 sane
1120 3000 1217 3055 par
1257 2993 1342 3041 est
1400 2984 1517 3039 haec
1557 2998 1680 3055 quae
1725 2982 1840 3053 jam
1883 2991 2187 3037 tractamus

613 3081 774 3135 verba
819 3080 902 3135 sic
931 3078 1256 3150 intelligere,
1291 3077 1474 3148 potius
1501 3090 1666 3146 quain
1709 3073 2033 3130 Judaaorum
2069 3075 2188 3130 ine-

613 3185 732 3248 ptas
773 3176 899 3233 illas
927 3173 1144 3230 fabulas
1175 3174 1554 3237 admittamus,
1585 3171 1756 3228 Deum
1789 3169 2002 3228 scilicet
2031 3169 2186 3222 holo-

612 3269 844 3332 camtis,
898 3267 1276 3339 thymiamatis
1350 3281 1573 3322 sensum
1648 3262 2018 3326 moventibus,
2093 3269 2188 3315 aut.

613 3361 870 3422 arietum,
927 3359 1092 3414 boum
1145 3365 1202 3413 et
1255 3357 1536 3412 hircorum
1585 3357 1854 3427 sanguine
1904 3355 2186 3410 delectari.

2287 2621 2704 2696 ὠνομάσθησαν.
2737 2623 2850 2676 Kal.
2875 2621 3096 2686 τούτους
3121 2620 3408 2695 τοιγαροῦν
3433 2621 3519 2686 ὡς
3549 2621 3624 2676 ἂν
3647 2617 3888 2688 νεογνοὺς

2287 2715 2381 2768 καὶ
2427 2715 2518 2768 ὑπ’
2550 2713 2730 2769 αὐτῶν
2756 2713 3138 2788 προηγμένους
3182 2711 3260 2782 τῷ
3302 2713 3421 2785 Θεῷ
3476 2711 3863 2784 προσάγουσιν

2286 2805 2518 2872 ἕκαστος
2558 2808 2643 2877 ἐφ’
2677 2801 2760 2872 οἷς
2801 2806 3148 2879 προηγάγετο
3197 2806 3632 2877 σεμνυνόμενος.
3715 2801 3885 2856 Ταῦτα

2290 2901 2390 2972 μὲν
2415 2894 2508 2956 οὖν
2531 2898 2916 2971 πνευματικῶς
2941 2899 3035 2952 καὶ
3058 2900 3374 2970 πρεπόντως
3395 2901 3460 2970 τῇ
3490 2898 3615 2952 τῶν
3639 2893 3887 2950 θεοπνεύ-

2289 3010 2427 3047 στων
2441 2991 2668 3064 Γραφῶν
2691 2991 2994 3063 ἐπαγγελίᾳ
3016 2991 3349 3064 τεθεώρηται
3371 2994 3530 3062 ἡμῖν.
3555 2992 3674 3045 Καὶ
3697 2989 3882 3062 πρέπει

2279 3102 2348 3154 ’γε
2378 3086 2546 3149 ὅντως
2576 3084 2794 3139 ἀκούειν
2821 3084 2930 3138 τῶν
2957 3085 3355 3157 προκειμένων,
3381 3085 3413 3156 ἢ
3441 3084 3597 3138 κατὰ
3623 3081 3728 3144 τὰς
3763 3082 3882 3134 ’1ου-

2289 3177 2453 3230 διίων
2473 3175 2732 3240 ταπεινὰς
2766 3175 3089 3248 μυθολογίας
3110 3175 3528 3247 ὁλοκαυτώμασι
3559 3176 3780 3248 χαίρειν
3800 3172 3878 3224 τᾶν

2291 3269 2443 3336 Θεὸν,
2475 3270 2508 3342 ἢ
2541 3269 2880 3340 θυμιάμασιν
2908 3269 3205 3340 αἰσθητοῖς,
3235 3269 3269 3342 ἢ
3303 3269 3472 3340 κριῶν
3499 3271 3602 3323 καὶ
3631 3268 3774 3339 βοῶν
3797 3265 3878 3318 καὶ

2290 3360 2542 3433 χιμάρων
2572 3359 2800 3432 αἴμασιν
2834 3357 3222 3412 ὑπονοούντων.
3267 3361 3332 3410 Ἀ
3358 3358 3423 3430 δὴ
3454 3359 3648 3414 πάντα
3681 3357 3770 3411 διὰ
3791 3352 3876 3408 τοῦ

2290 3451 2571 3522 προφήτου
2603 3450 2766 3514 αὐτὸς
2795 3451 2825 3503 ὁ
2850 3448 2981 3512 Θεὸς
3017 3450 3364 3517 παραιτεῖται
3396 3447 3576 3517 λέγων
3597 3463 3613 3477 °
3668 3465 3689 3497 ι
3710 3444 3775 3498 Τί
3798 3459 3877 3513 μοι

2291 3541 2496 3612 πλῆθος
2514 3540 2622 3596 τῶν
2655 3542 2858 3597 θυσιῶν
2881 3543 3068 3614 ὑμῶν;
3102 3541 3247 3611 λέγει
3267 3541 3499 3614 Κύριος·
3531 3540 3756 3612 πλήρης
3776 3535 3877 3606 είμὶ

2289 3635 2757 3707 ὁλοκαυτωμάτων
2785 3635 2984 3705 κριῶν,
3015 3637 3109 3690 καὶ
3143 3636 3307 3708 στέαρ
3337 3633 3517 3707 ἀρνῶν
3541 3635 3643 3690 καὶ
3677 3629 3875 3702 αἵματα

2289 3727 2506 3798 ταύρων
2534 3728 2630 3782 καὶ
2655 3727 2872 3800 τράγων
2894 3729 2954 3781 ού
2989 3727 3268 3799 βούλομαι.
3318 3726 3414 3791 Τίς
3430 3726 3554 3800 ,γάρ
3586 3721 3875 3793 ἐξεζήτησε

2291 3820 2460 3876 ταῦτα
2475 3823 2540 3876 ἑκ
2559 3822 2666 3876 τῶν
2689 3821 2889 3894 χειρῶν
2912 3821 3066 3893 ὑμῶν
3086 3838 3131 3887 ;ι
3153 3823 3263 3876 Kal
3285 3821 3461 3885 ἄλλως
3482 3823 3533 3890 γ’
3552 3821 3621 3876 ἂν
3648 3820 3734 3889 εἴη
3755 3814 3873 3869 ταῦ-

2289 3931 2359 3967 τα
2387 3914 2608 3968 ἐναντία
2635 3917 2747 3977 τοῖς
2779 3913 3089 3985 ἔμπροσθεν
3121 3913 3263 3968 κατὰ
3289 3914 3379 3968 τὸν
3417 3913 3511 3985 μθ⁹
3546 3913 3765 3985 ψαλμὸν
3794 3909 3870 3960 λε-

2290 4004 2592 4074 λεγμένοις,
2616 4007 2673 4058 ἑν
2694 3999 2775 4069 οἷς
2795 4006 2860 4058 ἐκ
2879 4005 3171 4076 προσώπου
3197 4005 3288 4059 τοῦ
3307 4004 3443 4058 Θεοῦ
3466 4005 3715 4075 ἐλέγετοο
3736 4001 3865 4056 «Οὐκ

2291 4096 2384 4149 ἐπὶ
2411 4099 2531 4160 ταῖς
2563 4095 2774 4160 θυσίαις
2797 4113 2891 4151 σου
2925 4096 3127 4167 ἐλέγξω
3152 4114 3245 4150 σε·
3274 4117 3292 4149 i
3325 4098 3452 4151 καί·
3485 4117 3503 4149 ι
3529 4100 3607 4152 Οὐ
3641 4095 3868 4166 λήψομαι

2291 4190 2356 4241 ὲκ
2385 4187 2478 4241 τοῦ
2509 4187 2658 4242 οῐκου
2685 4205 2776 4242 σου
2805 4190 3070 4261 μόσχους,
3102 4190 3224 4244 οὐδὲ
3251 4191 3316 4245 ὲκ
3347 4190 3454 4244 τῶν
3478 4189 3744 4262 ποιμνίων
3783 4201 3862 4238 σου

2293 4280 2588 4352 χιμάρους·
2619 4280 2701 4334 ὅτι
2734 4281 2844 4352 ἐμά
2869 4283 2987 4335 ἑστι
3019 4282 3197 4336 πάντα
3231 4281 3300 4336 τὰ
3331 4281 3498 4353 θηρία
3520 4282 3618 4336 τοῦ
3646 4274 3862 4353 δρυμθῦι

2214 3227 2256 3285 C

613 3450 744 3517 Quae
774 3464 907 3505 sane
940 3449 1126 3503 omnia
1172 3465 1268 3520 per
1316 3450 1640 3523 prophetam
1693 3451 1812 3521 ipse
1856 3450 1998 3508 Deus
2025 3467 2190 3522 repu-

613 3543 724 3598 diat
753 3542 838 3596 his
887 3542 1109 3597 verbis:
1149 3559 1168 3593 ι
1192 3540 1334 3608 Quid
1367 3543 1500 3597 mihi
1536 3543 1942 3598 multitudinem
1976 3543 2188 3600 sacriﬁ-

613 3637 823 3690 ciorum
849 3642 1178 3699 vestrorum,
1207 3635 1339 3689 dicit
1374 3633 1675 3691 Dominus:
1709 3636 1904 3706 plenus
1933 3623 2053 3691 sum
2089 3636 2192 3691 ho-

612 3725 875 3781 locaustis
915 3724 1175 3788 arietum,
1224 3732 1280 3780 et
1337 3725 1556 3796 adipem
1610 3741 1900 3796 agnorum,
1963 3727 2189 3797 sangui-

612 3833 842 3889 nemque
891 3828 1175 3873 taurorum
1221 3826 1276 3872 et
1317 3817 1604 3874 hircorum
1653 3819 1798 3873 nolo.
1860 3817 1998 3885 Quis
2041 3819 2189 3874 enim

614 3914 731 3970 hac
771 3915 1058 3984 requisivit
1106 3913 1174 3969 de
1225 3915 1480 3970 manibus
1533 3917 1737 3972 vestris
1759 3916 1897 3970 πί»
1951 3915 2018 3970 Et
2051 3917 2190 3973 alias

615 4009 732 4062 haec
764 4008 1045 4063 contraria
1085 4007 1293 4064 fuerint
1336 4007 1405 4062 iis
1439 4023 1565 4079 quae
1607 4008 1762 4078 prius
1804 4010 2015 4080 psalmo
2062 4025 2191 4064 XLIX

612 4101 759 4156 dicta
801 4108 951 4164 sunt,
987 4101 1081 4155 ubi
1132 4116 1199 4156 ex
1239 4115 1474 4172 persona
1528 4099 1618 4155 Dei
1683 4100 1890 4156 fertur:
1937 4118 1957 4152 ι
1983 4099 2103 4154 Non
2134 4101 2188 4154 in

613 4193 903 4249 sacriﬁciis
933 4193 1042 4250 tuis
1073 4209 1300 4265 arguam
1333 4201 1389 4250 te
1410 4194 1498 4256 ἐς
1531 4212 1550 4245 ι
1588 4201 1676 4249 et:
1717 4213 1736 4246 ι
1768 4193 1886 4249 Non
1926 4193 2190 4264 accipiam

611 4283 681 4337 de
711 4285 876 4337 domo
906 4291 998 4338 tua
1033 4283 1257 4349 vitulos,
1304 4299 1484 4356 neque
1513 4284 1582 4341 de
1621 4285 1880 4356 gregibus
1920 4285 2031 4341 tuis
2070 4284 2190 4338 hir-

612 4391 730 4430 cos.
770 4375 1041 4442 Quoniam
1065 4392 1200 4432 mea:
1224 4385 1354 4432 sunt
1385 4393 1576 4433 omnes
1605 4377 1734 4434 fera:
1782 4379 2068 4439 silvarum,
2098 4377 2187 4447 ju-

2295 4374 2464 4445 κτήνη
2496 4375 2554 4426 ὲν
2578 4375 2690 4436 τοῖς
2718 4373 2870 4444 ὄρεσι
2901 4374 2999 4428 καὶ
3027 4375 3148 4445 βόες
3166 4392 3179 4405 ·
3202 4394 3219 4426 ι
3277 4375 3370 4428 καὶ
3402 4373 3528 4445 ἑξῆς
3553 4391 3566 4403 ·
3608 4393 3627 4426 ι
3649 4372 3738 4442 Μὴ
3772 4366 3862 4437 φά-

614 4474 797 4522 menta
831 4467 888 4521 in
920 4467 1203 4523 montibus
1254 4477 1307 4522 et
1339 4467 1600 4534 boves";
1637 4486 1657 4520 ι
1695 4468 1799 4523 sub
1831 4467 1946 4523 haec
1973 4475 2187 4524 autem:

2291 4482 2460 4536 γομαι
2486 4465 2623 4537 κρέα
2644 4465 2878 4536 ταύρων,
2903 4467 2936 4539 ἢ
2962 4466 3099 4538 αἷμα
3121 4467 3290 4538 κριῶν
3315 4467 3542 4539 πίομαι;
3569 4487 3586 4520 ι
3619 4466 3742 4529 Πῶς
3763 4459 3861 4530 γὰρ

621 4579 640 4612 ι
676 4559 932 4631 Nunquid
963 4559 1306 4615 manducabo
1333 4575 1530 4615 carnes
1563 4569 1871 4622 taurorum,
1923 4569 2018 4614 aut
2060 4575 2187 4615 san-

2294 4556 2521 4620 ἐκείνοις
2551 4555 2815 4628 σύμφωνα
2853 4557 2918 4612 ἂν
2949 4559 3035 4629 εἴη
3061 4559 3128 4613 τὰ
3153 4560 3228 4623 ὡς
3257 4560 3384 4632 περὶ
3411 4555 3860 4629 ὁλοκαυτωμάτων

614 4649 830 4719 guinem
855 4648 1134 4703 hircorum
1152 4649 1349 4719 potabo
1365 4649 1450 4702 ³⁰⁴ί
1473 4668 1491 4702 ι
1522 4649 1624 4716 Qui
1655 4648 1802 4704 enim
1847 4648 1956 4705 illis
1989 4663 2187 4706 conso-

2294 4649 2388 4701 καὶ
2415 4647 2585 4720 κριῶν
2610 4649 2704 4702 καὶ¹
2729 4648 2865 4720 βοῶν
2896 4655 2989 4705 καὶ
3011 4653 3261 4722 χιμάρων
3279 4652 3514 4707 ἐνταῦθα
3539 4649 3850 4722 λελεγμένας

613 4748 748 4794 nent
784 4756 908 4812 qua:
936 4740 1004 4796 de
1027 4741 1386 4804 holocaustis,
1415 4742 1700 4802 arietibus.
1731 4741 1906 4798 bobus
1930 4749 1984 4798 et
2015 4741 2186 4798 hircis

2292 4741 2402 4794 Kal.
2439 4740 2542 4812 μὴν
2575 4741 2737 4805 αὐτὸς
2774 4743 2802 4796 ὁ
2830 4743 2993 4797 Δαυῖδ
3019 4744 3105 4798 διὰ
3145 4745 3253 4796 τῶν
3289 4743 3597 4815 ἔμπροσθεν
3622 4739 3852 4814 ὲξομολο·

615 4828 705 4884 hie
747 4830 1081 4885 traduntur?
1120 4829 1186 4885 Et
1214 4845 1348 4886 sane
1395 4833 1511 4902 ipse
1549 4830 1715 4886 David
1761 4833 2018 4902 superius
2047 4848 2178 4887 con-

2290 4834 2554 4904 γούμενος
2579 4831 2764 4902 ἔλεγεν
2787 4851 2799 4863 ·
2844 4853 2863 4888 ι
2890 4837 3030 4899 Ὅτι,
3063 4841 3112 4890 εἰ
3141 4836 3408 4909 ἠθέλησας
3438 4837 3625 4892 θυσίαν
3650 4878 3666 4902 ,
3699 4836 3855 4888 ἔδωκα

615 4922 818 4976 titendo
847 4923 1097 4979 dixerat:
1134 4942 1153 4973 ι
1177 4923 1448 4990 Quoniam
1473 4925 1519 4978 si
1542 4925 1812 4981 voluisses
1835 4926 2187 4989 sacriﬁcium,

2296 4926 2362 4980 ἂν
2382 4968 2396 4990 ,
2430 4927 2859 5002 ὁλοκαυτώματα
2901 4930 3002 4983 οὐκ
3045 4930 3379 5002 εὑδοκήσεις.
3409 4950 3426 4981 ι
3486 4931 3594 4984 Kal.
3623 4928 3776 4984 πάλιν
3805 4927 3856 4976 ἐν

614 5013 889 5070 dedissem
917 5017 1130 5085 utique,
1159 5015 1500 5072 holocaustis
1540 5032 1650 5071 non
1675 5016 2094 5072 delectaberis"
2123 5035 2138 5084 ;
2165 5038 2181 5068 ι

2297 5022 2468 5092 ἑτέρῳ
2487 5040 2499 5054 ·
2534 5044 2552 5074 ι
2576 5021 2777 5076 Θυσίαν
2797 5023 2890 5076 καὶ
2917 5022 3232 5094 προσφορὰν
3259 5023 3358 5077 οὐκ
3385 5021 3676 5092 ἑθέλησας,
3713 5019 3851 5087 σῶμα

614 5116 668 5161 et
701 5105 755 5160 in
786 5107 895 5162 alio
934 5109 1130 5163 iterum
1157 5128 1169 5163 :
1211 5126 1230 5159 ι
1258 5107 1606 5164 Sacriﬁcium
1637 5119 1691 5166 et
1723 5111 2061 5166 oblationem
2095 5127 2187 5166 no-

2294 5115 2350 5167 δὲ
2377 5117 2688 5188 κατηρτίσω
2718 5133 2826 5187 μοι.
2873 5113 3323 5185 Ὀλοκαυτώματα
3343 5114 3434 5166 καὶ
3454 5115 3582 5186 περὶ
3599 5111 3853 5185 ἁμαρτίας

615 5196 790 5261 luisti,
823 5212 1027 5269 corpus
1055 5206 1239 5252 autem
1291 5200 1493 5270 aptasti
1543 5200 1701 5256 mihi.
1755 5200 2186 5258 Holocaustaet

2295 5209 2393 5261 οὑκ
2424 5209 2752 5280 ηὑδόκησας.
2797 5228 2815 5259 ι

613 5305 715 5359 pro
745 5297 972 5360 peccato
1018 5305 1128 5345 non
1159 5300 1310 5361 grata
1345 5293 1585 5348 habuisti
1609 5295 1708 5346 ⁸³.»

686 5379 853 5437 Vens.
878 5381 1065 5438 16-20.
1105 5401 1123 5433 ι
1156 5381 1369 5448 Venite,
1410 5385 1596 5441 audite
1621 5395 1676 5440 et
1707 5388 1965 5450 narrabo,
1995 5403 2188 5443 omnes

614 5473 710 5544 qui
740 5475 944 5530 timetis
975 5473 1165 5540 Deum,
1192 5484 1396 5546 quanta
1424 5477 1551 5532 fecit
1576 5479 1770 5534 anima:
1800 5495 1948 5535 meae.
1967 5501 1984 5532 ι
2017 5478 2184 5535 Iidem

616 5567 878 5638 superius
939 5566 1220 5623 dicebant:
1267 5589 1284 5620 ι
1311 5567 1502 5625 Venite
1549 5578 1603 5625 et
1659 5571 1838 5627 videte
1875 5587 2040 5641 opera
2066 5571 2184 5635 Dei,

687 5705 738 5780 ’ξ
765 5703 929 5780 Psal.
952 5721 1078 5768 exc,
1108 5708 1167 5780 3.
1208 5708 1254 5780 ‘_"
1281 5705 1426 5780 Psal,
1454 5707 1726 5780 “HL”.
1800 5706 1886 5760 ⁷⁸1
1917 5709 2042 5780 Cor.
2071 5725 2147 5775 ix,
2179 5712 2187 5761 ε

2312 5710 2355 5742 ’⁷
2385 5710 2486 5768 lsa.
2524 5727 2566 5780 ι,
2595 5712 2679 5776 ll,
2719 5714 2802 5768 i‘z.
2877 5713 2921 5742 ⁷⁸
2952 5709 3094 5766 Psal.
3131 5725 3288 5774 MJX,
3329 5709 3381 5764 8.
3456 5708 3500 5740 "
3538 5707 3672 5764 ibid.
3695 5700 3838 5770 9,“).

620 5775 667 5808 ⁸⁸
707 5777 837 5832 ibid.
873 5779 956 5832 l3.
1032 5780 1074 5812 ⁸³
1108 5777 1248 5833 Psal.
1284 5793 1336 5840 L,
1371 5778 1454 5832 18.
1527 5779 1570 5810 ⁸²
1594 5777 1738 5833 Psal.
1782 5795 1965 5845 xxxix,
2002 5779 2032 5832 Ἰ

696 5871 772 5944 (l)
797 5870 1105 5944 Legctidnm
1141 5871 1386 5943 σώματα.

2369 5405 2386 5434 ι
2399 5381 2582 5445 Δεῦτε,
2605 5382 2894 5451 ἀκούσατε,
2912 5383 3370 5454 καὶδιηγήσομαι,
3387 5383 3588 5445 πάντες
3607 5382 3656 5435 oi
3679 5372 3845 5449 φοϐού-

2298 5492 2447 5546 μενοι
2468 5476 2558 5529 τὸν
2586 5475 2738 5538 Θεὸν,
2772 5477 2872 5529 ὅσα
2906 5476 3130 5546 ἐποίησε
3162 5478 3228 5547 τῇ
3252 5475 3396 5546 ψυχῇ
3424 5491 3546 5545 μου.
3574 5493 3592 5524 ι
3627 5473 3688 5526 Ol
3717 5463 3846 5524 αὐτοὶ

2296 5569 2388 5622 καὶ
2417 5570 2475 5622 ὲν
2502 5573 2613 5634 τοῖς
2646 5569 2953 5642 ἔμπροσθεν
2983 5569 3166 5638 ἔλεγον
3185 5586 3198 5597 °
3264 5587 3282 5619 ι
3312 5567 3474 5620 Δεῦτε
3506 5567 3601 5620 καὶ
3633 5566 3761 5620 ῐδετε
3787 5556 3842 5610 τὰ

4029 6223 4031 6333 ι
