4086 6442
309 411 418 469 669
1407 407 1546 465 C05!
1558 406 1914 464 MENTARIA
1953 407 2023 463 IN
2062 406 2399 466 PSALMOS.
3473 416 3575 473 670

305 535 442 608 ἔργα
473 530 567 585 τοῦ
595 528 730 585 Θεοῦ
751 571 766 593 ,
821 526 1050 600 φοϐερὸς
1081 528 1140 580 ἐν
1173 525 1388 598 βουλαῖς
1424 524 1564 594 ὑπὲρ
1591 524 1719 588 τοὺς
1751 522 1900 586 υἱοὺς

1964 523 2272 586 ,terribilis
2309 525 2362 579 in
2413 526 2666 582 consiliis
2722 538 2889 596 super
2932 523 3075 580 filios
3115 525 3451 582 hominum.»
3511 525 3577 582 Ει

307 627 412 682 τῶν
429 623 729 698 ἀνθρώπιον
747 640 760 653 ·
776 641 792 674 ι
814 623 908 676 καὶ
931 619 1306 688 ταῦτα-ἔλεγον
1319 621 1432 682 τοῖς
1448 617 1646 672 ἔθνεσι.
1665 617 1775 670 Καὶ
1789 614 1884 669 νῦν

1997 612 2087 668 his
2113 624 2307 685 gentes
2340 615 2780 687 alloquebantur.
2830 614 2988 670 Nunc
3019 615 3188 687 igitur
3218 617 3321 686 ipsi
3354 616 3572 672 eosdem

306 715 401 774 οὖν
415 717 638 772 πάλινιοί
653 717 808 772 αὐτοὶ
824 715 1006 778 αὐτοῖς
1021 714 1134 776 τοῖς
1162 709 1483 782 προσφωνοῦ
1490 728 1540 764 σι
1556 709 1853 778 φάσκοντες
1870 724 1884 738 ·

1997 706 2330 774 compellant
2362 706 2448 764 his
2473 708 2650 764 verbis
2682 725 2695 761 :
2734 728 2752 760 ι
2775 705 2993 771 Venite,
3011 715 3068 766 et
3119 706 3324 772 audite,
3360 718 3412 764 et
3447 725 3574 764 nar-

312 830 331 862 ι
351 809 512 863 Δεῦτε
546 808 640 864 καὶ
666 807 956 865 ἀκούσατε.
977 806 1072 860 καὶ
1097 804 1448 876 διηγήσομαι.
1479 824 1496 854 »
1518 803 1675 864 Τίνες
1689 802 1744 854 δὲ
1764 801 1886 855 δεῦ-

1998 797 2152 851 rabo.
2188 817 2207 850 »
2252 797 2508 864 Quinam,
2543 799 2762 855 venite?
2815 799 3012 857 deinde
3078 800 3241 858 infert
3277 819 3290 855 :
3324 819 3344 852 ι
3369 798 3575 856 Omnes

305 922 399 970 τες
434 902 675 972 ἐπιλέγει
704 899 853 971 ἑξῆς·
885 919 904 951 ι
927 900 1134 962 Πάντες
1161 899 1210 952 οί
1231 896 1552 967 φοϐούμενοι
1576 895 1666 949 τὸν
1687 895 1882 948 Θεόνοι

1996 887 2095 960 qui
2125 888 2332 944 timetis
2359 889 2557 946 Deum:
2595 912 2613 944 »
2647 907 2791 962 quos
2819 908 2988 964 supra
3017 892 3180 948 modo
3211 908 3427 949 omnem
3461 904 3574 950 ter-

307 997 398 1062 οὓς
427 995 682 1067 ἀνωτέρω
710 992 839 1049 ποτὲ
867 991 966 1065 μὲν
987 991 1167 1045 πᾶσαν
1188 989 1284 1061 τὴν
1307 989 1411 1060 γῆν
1432 986 1732 1060 ὠνόμαζον,
1756 986 1886 1040 ποτὲ

1999 995 2116 1036 ram
2153 994 2628 1052 nuncupaverant,
2662 985 2824 1040 modo
2851 1001 3043 1042 omnes
3073 993 3286 1057 gentes.
3337 985 3571 1042 Eosdem

307 1093 364 1146 δὲ
409 1091 589 1145 πάντα
616 1088 684 1142 τά
715 1087 841 1159 ἔθνη
904 1087 1040 1150 Τοὺς
1101 1084 1294 1147 αὐτοὺς
1343 1081 1448 1155 γὰρ
1483 1081 1576 1134 καὶ
1638 1081 1732 1135 ἐπὶ
1791 1079 1886 1132 τοῦ

1995 1073 2144 1129 enim
2195 1074 2249 1128 in
2300 1077 2558 1145 praesenti
2589 1076 2895 1140 declarant,
2945 1094 3068 1134 cum
3105 1078 3360 1134 timentes
3403 1078 3573 1134 Deum

306 1184 572 1257 παρόντος
606 1179 823 1252 δηλοῦσι
839 1179 1003 1248 φοϐου
1010 1177 1202 1248 μένους
1215 1176 1304 1230 τὸν
1320 1174 1451 1228 Θεὸν
1465 1171 1883 1237 ἀποκαλοῦντες.

1997 1167 2343 1237 compellant.
2397 1167 2726 1241 Plerumque
2763 1171 2821 1226 in
2851 1171 2975 1227 aliis
2995 1173 3569 1237 commonstravimus,

308 1277 572 1338 Πολλάκις
599 1273 656 1327 δὲ
684 1273 778 1327 καὶ
806 1274 863 1324 ἐν
895 1270 1100 1342 ἐτέροις
1132 1267 1492 1338 ἀπεδείξαμεν
1516 1306 1532 1330 ,
1562 1266 1635 1330 ώς
1669 1266 1794 1328 τοὺς
1828 1263 1888 1329 ἐξ

1993 1273 2090 1313 eos
2112 1274 2177 1314 ex
2209 1260 2466 1330 gentibus
2485 1262 2580 1332 qui
2608 1263 2752 1332 piam
2784 1263 2974 1318 colunt
3001 1264 3341 1335 religionem,
3376 1265 3570 1320 timen-

308 1368 478 1423 ἐθνῶν
525 1363 910 1427 θεοσεϐοῦντας
955 1360 1322 1432 φοϐουμένους
1350 1357 1442 1412 τὸν
1470 1356 1673 1428 Κύριον
1702 1355 1885 1409 καλεῖν

1993 1358 2079 1409 tes
2114 1350 2402 1408 Dominum
2461 1354 2799 1426 Scripturam
2853 1357 3128 1426 appellare
3182 1358 3378 1414 solere.
3434 1356 3571 1424 Quo-

307 1459 497 1514 εἴωθεν
517 1461 546 1513 δ
566 1457 752 1524 Λόγος.
773 1456 928 1508 Ἐπεὶ
947 1454 1125 1508 τοίνυν
1150 1451 1338 1524 μνείας
1355 1451 1524 1504 δεῖται
1541 1449 1604 1503 τὸ
1627 1449 1887 1519 κήρυγμα

1996 1444 2144 1499 niam
2206 1445 2377 1518 igitur
2439 1449 2759 1517 praedicatio
2811 1449 3124 1519 evangelica
3175 1451 3572 1505 commentario

308 1552 369 1605 τὸ
396 1546 769 1612 ἀποστολικὸν,
805 1543 1117 1613 ἀναγκαίως
1143 1540 1565 1611 ἐπαγγέλλονται
1591 1537 1689 1610 τὴν
1715 1539 1888 1609 ἐρμη-

1993 1544 2136 1606 eget,
2183 1551 2243 1591 se
2277 1537 2398 1608 ejus
2433 1539 2946 1609 interpretationem
2997 1539 3296 1596 tradituros
3323 1555 3568 1596 necessa-

309 1641 457 1696 νείαν
479 1637 816 1712 παραδώσειν
834 1639 946 1698 τοῖς
964 1635 1140 1688 ἔθνεσι
1159 1634 1407 1704 λέγοντες
1425 1649 1437 1662 ’
1468 1651 1486 1683 ι
1510 1629 1675 1684 Δεῦτε
1694 1669 1708 1694 ,
1731 1628 1890 1684 ἀκού-

1995 1631 2080 1684 rio
2129 1632 2386 1702 gentibus
2442 1633 2792 1703 pollicentur,
2828 1633 3077 1690 dicentes
3112 1653 3125 1688 :
3159 1652 3178 1684 ι
3209 1631 3418 1698 Venite,
3466 1649 3567 1687 au-

313 1750 464 1796 σατε,
495 1733 588 1786 καὶ
613 1730 941 1803 διηγήσομαι
962 1745 976 1758 ο
1004 1746 1022 1778 »
1054 1726 1284 1796 Λέγουσι
1307 1723 1365 1778 δὲ
1391 1723 1561 1778 ταῦτα
1584 1722 1659 1786 ὡς
1685 1721 1743 1787 ἐξ
1770 1721 1888 1786 ἐνὸς

1995 1722 2126 1785 dite,
2162 1731 2217 1778 et
2264 1725 2558 1780 narrabo.»
2603 1724 2728 1781 Haec
2752 1741 2920 1794 porro
2976 1725 3136 1796 quasi
3189 1741 3259 1781 ex
3305 1741 3417 1780 uno
3475 1740 3573 1781 ore

311 1820 576 1892 στόματος
611 1818 700 1872 διά
730 1819 830 1891 τὴν
856 1816 1135 1871 τελείωσιν
1158 1833 1172 1847 ·
1204 1817 1252 1868 οἱ
1281 1813 1390 1887 γάρ
1420 1815 1620 1878 πάντες
1643 1813 1701 1867 ἓν
1732 1815 1890 1883 γεγό-

1995 1815 2284 1887 proferunt
2308 1825 2533 1888 propter
2547 1819 3114 1874 consummationem:
3145 1834 3338 1874 omnes
3367 1817 3573 1888 quippe

310 1932 435 1968 νασι
469 1911 842 1974 τελειωθέντες
871 1911 928 1964 ἐν
957 1907 1164 1980 Κυρίῳ.
1211 1908 1322 1962 Kal.
1351 1906 1523 1960 ταῦτα
1555 1905 1801 1970 θεσπίζει
1829 1906 1891 1959 τὸ
1920 1897 1923 1952 Ῑ

1958 1903 1965 1948 ι
1993 1908 2048 1962 in
2075 1909 2302 1964 Christo
2329 1909 2700 1964 consummati
2730 1925 2899 1965 unum
2948 1909 3127 1964 effecti
3162 1918 3314 1966 sunt.
3372 1907 3437 1963 Et
3467 1908 3571 1963 hoc

313 2001 534 2076 Πνεῦμα
553 2003 612 2057 τὸ
632 2001 785 2070 ἅγιον
801 2001 877 2064 ὡς
896 1999 955 2064 ἐξ
975 1999 1090 2064 ἐνὸς
1107 1995 1268 2070 χοροῦ
1289 1995 1380 2049 τοῦ
1405 1995 1759 2050 ἀποστολικοῦ
1778 1999 1889 2059 τοῖς

1995 1999 2234 2072 Spiritus
2287 2009 2515 2057 sanctus
2552 2003 2711 2072 quasi
2761 2017 2826 2056 ex
2883 2018 2996 2057 uno
3041 2003 3348 2073 apostolico
3399 2003 3571 2058 choro

309 2101 488 2152 ἔθνεσι
519 2093 895 2169 προσφωνοῦν,
927 2089 1389 2161 ἐπαγγελλόμενόν
1412 2105 1472 2142 τε
1493 2087 1888 2160 διερμηνεύειν,

1993 2092 2247 2162 gentibus
2273 2093 2506 2164 loquens
2535 2093 2912 2162 vaticinatur;
2961 2109 3025 2149 ac
3057 2095 3346 2165 pollicetur
3377 2110 3438 2149 se
3475 2094 3574 2149 de-

312 2191 411 2244 ὅσα
439 2189 692 2259 ἐποίησεν
718 2187 747 2239 ὀ
781 2185 912 2249 Θεὸς
941 2186 1008 2255 τῇ
1037 2183 1181 2254 ψυχῇ
1210 2181 1408 2235 αὐτῶν.
1465 2180 1640 2234 Πάλαι
1677 2181 1774 2252 μὲν
1799 2177 1890 2234 οὖν

1993 2185 2331 2240 claraturum
2381 2194 2590 2258 quanta
2646 2187 2837 2242 fecerit
2881 2186 3024 2242 Deus
3064 2187 3262 2242 animae
3303 2187 3567 2256 ipsorum.

312 2282 497 2350 ἔλεγον
515 2295 529 2310 ⁸
568 2302 584 2327 ι
611 2277 771 2330 Δεῦτε
797 2276 891 2329 καὶ
920 2273 1056 2327 ῐδετε
1078 2273 1146 2326 τά
1173 2271 1306 2349 ἔργα
1334 2269 1425 2324 τοῦ
1452 2270 1608 2335 Θεοῦ,
1635 2271 1711 2335 ὠς
1736 2271 1889 2342 μετέ-

1993 2273 2132 2330 Olim
2164 2275 2390 2346 quidem
2421 2292 2434 2328 :
2469 2275 2746 2339 dicebant,
2789 2294 2807 2326 ι
2834 2274 3028 2332 Venite
3060 2285 3115 2331 et
3170 2278 3351 2332 videte
3407 2292 3573 2346 opera

313 2372 513 2445 στρεψέ
543 2387 672 2424 ποτε
693 2370 790 2442 τὴν
813 2367 1087 2423 θάλασσαν
1108 2368 1187 2429 είς
1213 2364 1400 2437 ξηρὰν,
1428 2364 1523 2418 καὶ
1545 2365 1619 2429 ὠς
1643 2366 1700 2418 ἐν
1731 2382 1893 2418 ποτα-

1997 2369 2111 2431 Dei,
2142 2369 2236 2439 qui
2276 2368 2574 2438 aliquando
2625 2370 2895 2425 convertit
2935 2386 3087 2424 mare
3125 2369 3182 2423 in
3227 2370 3460 2432 aridam,
3519 2376 3574 2424 et

316 2465 404 2537 μῷ
428 2463 637 2534 διῆλθον
668 2459 807 2515 ποδί.
824 2479 842 2510 »
881 2459 1017 2512 Navi.
1030 2457 1086 2510 δέ
1109 2456 1292 2510 οὐκέτι
1313 2455 1382 2508 τά
1411 2454 1642 2517 παλαιὰ.
1668 2454 1802 2509 ἀλλά
1824 2456 1893 2509 τά

1995 2465 2050 2517 in
2081 2463 2303 2518 flumine
2335 2464 2778 2533 pertransierunt
2797 2464 2954 2535 pede.
3008 2483 3028 2518 »
3055 2463 3212 2518 Nunc
3247 2472 3428 2518 autem
3465 2477 3575 2518 non

313 2561 412 2630 τῆς
443 2558 570 2621 νέας
595 2557 690 2612 καὶ
709 2554 900 2624 καινῆς
931 2552 1170 2624 ἱστορίας
1193 2547 1626 2622 παραδεδώκασι,
1653 2550 1750 2613 τὰς
1769 2549 1894 2602 ἐαυ-

1994 2564 2176 2611 vetera
2202 2555 2457 2621 ulterius,
2490 2557 2585 2613 sed
2629 2571 2693 2613 ea
2725 2572 2847 2628 qua:
2875 2571 3072 2612 novam
3109 2566 3361 2628 spectant
3399 2555 3573 2611 histo~

314 2651 422 2705 τῶν
472 2647 698 2722 πράξεις
742 2645 1146 2717 ὑφηγούμενοι,
1199 2644 1293 2698 καὶ
1325 2643 1422 2706 τὰς
1449 2645 1528 2706 εἰς
1559 2642 1756 2706 αὐτοὺς
1789 2642 1894 2694 ὐπὸ

1997 2649 2133 2702 riam
2183 2648 2427 2713 tradunt,
2471 2657 2624 2720 gesta
2657 2664 2779 2714 sua,
2830 2663 3048 2704 necnon
3091 2661 3122 2700 a
3153 2645 3266 2702 Deo
3318 2648 3424 2701 sibi
3461 2646 3578 2702 col-

315 2743 407 2798 τοῦ
438 2742 572 2797 Θεοῦ
600 2741 895 2813 γενομένας
924 2736 1260 2809 εὐεργεσίας.
1313 2736 1405 2789 Διό
1438 2751 1602 2806 φασιν
1625 2752 1638 2766 ·
1707 2754 1726 2786 ι
1755 2735 1894 2788 Ὅσα

1997 2738 2103 2792 lata
2168 2737 2432 2794 beneficia
2470 2746 2782 2794 narrantes.
2808 2737 2990 2804 Quare
3023 2736 3215 2792 dicunt
3248 2753 3263 2790 :
3311 2755 3329 2786 ι
3359 2735 3577 2804 Quanta

314 2838 540 2908 ἐποίησε
575 2837 641 2906 τῇ
668 2834 812 2904 ψυχῇ
846 2848 1008 2902 μου·ι
1042 2825 1161 2884 εἶτα
1194 2828 1504 2901 διηγοῦνται
1529 2827 1625 2897 τὴν
1655 2828 1894 2896 ἐπαγγε-

1997 2829 2126 2884 fecit
2155 2829 2352 2883 anima:
2386 2843 2552 2895 meae;
2577 2849 2595 2882 »
2631 2829 2829 2884 deinde
2862 2829 3152 2900 promissis
3205 2837 3414 2884 stantes
3452 2842 3577 2883 nar-

315 2929 436 2985 λίαν
463 2926 812 2999 πληροῦντες.
862 2924 966 2986 Τίς¹
988 2922 1044 2976 δὲ
1076 2923 1109 2992 ἡ
1140 2921 1418 2993 διήγησις;
1473 2939 1491 2972 ι
1536 2920 1680 2990 Πρὸς
1711 2919 1892 2981 αὐτὸν,

1995 2923 2262 2978 rationem
2283 2922 2595 2978 ordiuntur.
2620 2923 2751 2990 Qua:
2779 2923 3023 2977 narratio
3054 2923 3182 2976 illa?
3225 2941 3242 2974 ι
3265 2922 3344 2976 Ad
3375 2921 3573 2993 ipsum,

316 3021 451 3092 φησὶ
475 3060 490 3085 ,
533 3018 610 3089 τῷ
649 3016 872 3088 στόματί
927 3032 1028 3086 μου
1082 3011 1389 3084 ἐκέκραξα,
1451 3012 1545 3065 καὶ
1576 3010 1766 3081 ῦψωσα
1792 3010 1896 3064 ὑπὸ

1999 3013 2195 3083 inquit,
2265 3029 2360 3068 ore
2389 3030 2509 3068 meo
2540 3014 2794 3077 clamavi,
2834 3023 2889 3069 et
2951 3014 3183 3068 exaltavi
3239 3013 3345 3069 sub
3394 3015 3577 3086 lingua

317 3116 416 3185 τὴν
438 3110 689 3182 γλῶσσάν
713 3126 833 3180 μου.
865 3127 882 3158 »
931 3105 1148 3178 Ἐπειδὴ
1170 3104 1278 3177 γὰρ
1304 3103 1401 3167 τὰς
1421 3105 1500 3168 είς
1528 3104 1722 3167 αὐτοὺς
1742 3103 1896 3174 εὐερ-

1999 3119 2174 3160 mea.»
2218 3101 2353 3157 Nam
2391 3104 2521 3174 quia
2562 3103 2657 3158 Dei
2689 3119 2820 3174 erga
2865 3119 2924 3159 se
2967 3104 3230 3158 beneficia
3287 3119 3577 3160 recensue-

319 3205 505 3276 γεσίας
548 3201 639 3256 τοῦ
672 3199 808 3255 Θεοῦ
841 3197 1317 3270 κατηριθμήσαντο
1341 3240 1355 3263 ,
1389 3195 1465 3260 ώς
1509 3193 1889 3266 ἐπυρώθησαν.
1921 3243 1932 3290 1

1999 3206 2145 3260 runt,
2200 3196 2479 3266 quomodo
2521 3195 2734 3266 scilicet
2784 3197 2907 3267 igne
2936 3195 3236 3255 examinati,
3275 3204 3330 3250 et
3365 3195 3577 3266 probati

316 3299 392 3362 ὡς
419 3294 850 3367 ἐδοκιμάσθησαν
872 3331 886 3354 ,
919 3291 994 3354 ὡς
1021 3287 1265 3362 εἰσῆλθον
1289 3289 1367 3352 είς
1399 3286 1500 3351 τὰς
1533 3286 1772 3357 θλίψεις,
1820 3285 1896 3348 ὡς
1926 3285 1929 3288 “

2001 3290 2132 3352 sint,
2162 3289 2438 3359 quomodo
2465 3289 2516 3343 in
2548 3289 2812 3344 airumnis
2863 3288 3027 3360 positi
3066 3302 3162 3343 eas
3191 3287 3577 3354 sustinuerint,

318 3389 638 3460 ὑπέμειναν,
663 3386 739 3450 ὼς
759 3384 972 3456 διῆλθον
990 3383 1080 3436 διὰ
1103 3381 1274 3453 πυρὸς
1296 3381 1389 3435 καὶ
1411 3379 1622 3444 ὓδατος,
1645 3379 1719 3442 ὡς
1744 3377 1900 3448 ἐξῆλ-

1996 3399 2107 3454 quo
2138 3389 2299 3454 pacto
2329 3383 2658 3439 transierint
2683 3398 2780 3453 per
2827 3382 3006 3453 ignem
3038 3390 3094 3436 et
3140 3396 3359 3452 aquam,
3406 3390 3461 3436 et
3493 3381 3579 3435 in-

319 3485 411 3540 θον
434 3484 513 3546 εις
536 3479 813 3552 ἀναψυχήν
832 3495 845 3509 ο
874 3479 956 3532 ὅτι
985 3477 1060 3548 μὴ
1089 3475 1274 3547 ἀργῶς
1297 3474 1467 3529 ταῦτα
1491 3475 1672 3537 αὐτοῖς
1698 3473 1894 3536 πάντα,

1997 3478 2175 3547 gressi
2209 3477 2322 3532 sint
2353 3475 2409 3531 in
2467 3474 2857 3545 refrigerium;
2889 3473 3036 3544 quod
3071 3487 3180 3528 non
3232 3473 3347 3528 haic
3392 3472 3581 3527 omnia

321 3580 354 3649 ἡ
385 3577 503 3631 θεία
527 3574 823 3646 δεδώρηται
853 3573 1011 3643 χάρις
1034 3587 1047 3600 °
1082 3569 1217 3624 ἀλλά
1249 3567 1358 3641 γὰρ
1382 3568 1559 3622 αὐτῶν
1587 3565 1656 3627 τά
1690 3565 1900 3637 μεγάλα

1997 3572 2103 3626 sibi
2142 3569 2348 3624 frustra
2404 3565 2590 3622 divina
2627 3567 2804 3638 gratia
2849 3566 3182 3630 contulerit;
3239 3566 3335 3624 sed
3389 3565 3581 3621 istbmc

321 3667 775 3740 συμϐαλλομένων
791 3666 870 3728 είς
884 3664 945 3716 τὸ
965 3661 1261 3734 μαρτύριον
1280 3660 1618 3714 διδάσκουσιν
1637 3657 1899 3726 ἀναγκαία

1998 3661 2102 3716 sibi
2141 3661 2378 3716 maxime
2407 3660 2474 3715 ad
2521 3661 2844 3732 martyrium
2897 3659 3229 3730 profuerint,
3269 3660 3581 3714 necessario

323 3779 416 3826 ως.
445 3759 667 3832 Πρῶτον
706 3757 806 3829 μὲν
835 3756 977 3828 γὰρ,
1014 3753 1198 3824 φασὶν,
1232 3752 1486 3806 οὐδέποτε
1517 3748 1899 3822 ἀνεχωροῦμεν

1996 3755 2248 3810 edocent.
2289 3751 2480 3808 Primo
2539 3751 2784 3823 quidem,
2841 3752 3018 3816 aiunt,
3078 3765 3360 3820 nunquam
3416 3749 3579 3804 finem

323 3854 606 3925 εὐχόμενοι
641 3851 736 3904 καὶ
771 3847 1000 3920 βοῶντες
1028 3847 1164 3917 πρὸς
1190 3844 1371 3899 αὐτόν.
1444 3843 1717 3914 Ἐϐοωμεν
1748 3843 1805 3896 δὲ
1835 3843 1896 3895 οὐ

1997 3845 2256 3917 precandi
2292 3845 2472 3916 ipsum
2506 3853 2560 3900 et
2581 3843 2856 3899 clamandi
2891 3843 3141 3899 fecimus.
3175 3841 3362 3912 Neque
3400 3851 3580 3896 tamen

325 3947 537 4018 κραυγῇ
567 3943 664 3998 καὶ
686 3943 838 4012 φωνῇ
870 3937 1116 4009 γεγωνῷ,
1152 3937 1264 3991 ἀλλ’
1300 3957 1318 3988 ι
1344 3936 1449 3989 ὐπὸ
1476 3935 1571 4008 τὴν
1599 3935 1849 4004 γλῶσσαν
1874 3953 1894 3984 »

1999 3935 2109 3990 alta
2139 3942 2194 3990 et
2224 3949 2427 3990 sonora
2447 3947 2582 3989 voce
2605 3933 3000 3996 clamabamus,
3023 3931 3117 3988 sed
3157 3949 3176 3982 ι
3205 3932 3308 3986 sub
3334 3931 3574 4002 lingua,»

325 4036 455 4090 εῐσω
478 4034 789 4105 συνέχοντες
812 4029 989 4084 αὐτῶν
1011 4028 1108 4092 τὰς
1137 4028 1286 4100 βοάς·
1314 4027 1534 4100 ᾔδειμεν
1552 4027 1679 4099 γὰρ,
1703 4028 1786 4081 ὅτι
1806 4026 1900 4079 καὶ

2001 4034 2150 4089 intus
2193 4034 2466 4090 clamores
2499 4040 2725 4088 nostros
2754 4028 3200 4100 comprimentes.
3240 4025 3581 4081 Noveramus

326 4123 654 4178 σιωπώντων
681 4119 868 4175 ἀκούει
895 4121 924 4173 ὁ
947 4119 1102 4183 Θεὸς,
1127 4118 1216 4172 καί
1244 4119 1348 4172 είσι
1375 4117 1616 4189 κραυγαὶ
1641 4117 1818 4189 ψυχῆς
1838 4116 1898 4170 οὐ

1998 4128 2206 4199 quippe
2238 4125 2406 4181 Deum
2441 4125 2526 4180 vel
2581 4129 2830 4178 tacentes
2881 4121 3096 4185 audire,
3125 4131 3360 4190 esseque
3382 4119 3584 4173 clamo-

327 4219 413 4274 5ιά
443 4215 686 4288 γλώττης
717 4211 1122 4287 προφερόμενσλ
1141 4253 1156 4276 ,
1187 4213 1409 4285 ἀρῤἡτῳ
1431 4211 1488 4265 δὲ
1513 4211 1740 4282 δυνάμει
1766 4211 1902 4283 πρὸς

2001 4238 2092 4278 res
2124 4237 2234 4276 non
2285 4221 2474 4292 lingua
2523 4219 2622 4280 sed
2672 4227 2857 4274 mente
2915 4217 3182 4288 prolatos,
3222 4231 3286 4269 ac
3320 4213 3581 4270 ineffabili

330 4310 418 4365 τὸν
437 4309 568 4364 Θεὸν
595 4305 1074 4378 ἀναπεμπόμεναι.
1111 4303 1220 4358 Καὶ
1243 4303 1402 4357 τοῦτὸ
1430 4306 1576 4357 ἐστιν
1603 4303 1632 4356 ὃ
1665 4303 1902 4370 ἐδίδαξεν

2003 4315 2212 4371 virtute
2263 4314 2331 4370 ad
2380 4312 2552 4370 Deum
2603 4312 2862 4369 emissos.
2924 4310 3278 4380 ldipsumque
3306 4323 3336 4362 a
3385 4307 3583 4364 Serva-

332 4406 357 4459 5
374 4401 562 4475 Σωτὴρ
581 4399 750 4455 είπών
767 4417 780 4431 ο
805 4419 822 4448 ι
836 4397 1056 4452 Εἷσελθε
1083 4397 1163 4460 είς
1176 4397 1236 4450 τὸ
1253 4396 1496 4467 ταμιεῖόν
1514 4413 1629 4458 σου,
1648 4395 1741 4448 καὶ
1759 4393 1903 4448 κλεῖο

2002 4418 2123 4466 tore
2192 4410 2423 4466 docetur
2472 4407 2561 4464 his
2620 4405 2844 4463 verbis:
2901 4402 3093 4457 «Intra
3157 4401 3213 4456 in
3268 4399 3581 4456 cubiculum

332 4511 421 4548 σον
443 4493 540 4566 τὴν
569 4492 739 4564 θύραν
769 4507 862 4543 σου
882 4531 897 4555 ,
929 4488 1024 4542 καὶ
1056 4484 1348 4559 πρόσευξαι
1372 4503 1387 4516 ·
1413 4486 1508 4540 καὶ
1539 4486 1569 4539 ὁ
1595 4487 1783 4557 Πατήρ
1808 4502 1901 4540 σου

2005 4511 2187 4572 tuum,
2217 4511 2272 4557 et
2307 4501 2498 4556 clauso
2541 4497 2686 4554 ostio
2715 4511 2846 4551 ora:
2883 4501 2939 4552 et
2969 4493 3131 4549 Pater
3158 4498 3288 4548 tuus
3316 4492 3408 4562 qui
3437 4491 3584 4546 videt

334 4588 357 4639 3
387 4584 596 4656 βλέπων
625 4586 684 4638 ἐν
713 4581 792 4654 τῷ
818 4579 1043 4653 κρυπτῷ
1074 4578 1340 4634 ἀποδώσει
1366 4595 1468 4632 σοι.
1499 4598 1516 4630 »
1594 4577 1780 4641 Οῦτως
1806 4573 1899 4631 οὖν
1933 4592 1947 4648 ι

2001 4597 2057 4651 in
2082 4594 2428 4656 abscondito,
2464 4592 2657 4648 reddet
2682 4589 2780 4648 tibi
2797 4588 2864 4644 ⁸³.
2895 4607 2914 4639 »
2944 4586 3035 4642 Sic
3050 4586 3218 4657 igitur
3244 4585 3336 4640 hic
3353 4586 3609 4655 quuun-'

334 4679 425 4731 καὶ
453 4675 684 4730 ἐνταῦθά
707 4691 903 4744 φασιν,
927 4673 1008 4726 ὅτι
1042 4690 1061 4722 ι
1081 4671 1223 4742 Πρὸς
1251 4669 1410 4724 αὐτὸν
1435 4669 1512 4741 τῷ
1540 4670 1766 4741 στόματί
1801 4687 1901 4742 μου

2007 4699 2097 4744 tur
2139 4709 2152 4744 :
2209 4707 2226 4738 ι
2252 4687 2333 4741 Ad
2370 4689 2546 4758 ipsum
2575 4699 2672 4739 ore
2714 4696 2838 4738 meo
2882 4679 3113 4735 clamavi
3139 4685 3195 4735 et
3220 4678 3453 4734 exaltavi
3482 4677 3586 4734 sub

334 4768 604 4841 ἐκέκραξα
629 4769 725 4822 καὶ
750 4766 940 4836 ῦψωσα
969 4763 1074 4818 ὐπὸ
1096 4762 1193 4835 τὴν
1215 4761 1464 4832 γλῶσσάν
1489 4779 1612 4833 μουο
1639 4781 1657 4813 »
1687 4763 1826 4816 κατά
1847 4763 1904 4816 δὲ

2007 4783 2190 4853 lingua
2234 4795 2391 4847 mea;
2442 4798 2462 4831 »
2489 4776 2789 4834 secundum
2825 4771 3214 4846 Symmachum
3237 4786 3370 4826 vero
3399 4789 3412 4825 :
3453 4788 3472 4821 ι
3501 4769 3585 4840 lp-

333 4862 424 4916 τὸν
455 4860 765 4932 Σύμμαχον,
795 4878 814 4910 ι
834 4858 1005 4911 Αὐτὸν
1023 4858 1201 4927 ,ιφασὶ
1219 4897 1234 4920 ,
1272 4855 1350 4926 τῷ
1380 4855 1605 4927 στόματί
1643 4872 1744 4925 μου
1773 4858 1904 4908 ἐπε-

2009 4891 2154 4939 sum,
2205 4875 2393 4938 aiunt,
2439 4887 2536 4928 ore
2591 4884 2714 4924 meo
2767 4865 3050 4929 invocavi,
3095 4872 3149 4920 et
3218 4862 3456 4918 exaltata
3502 4869 3621 4915 est'

332 4955 668 5026 καλεσάμην,
717 4953 810 5006 καὶ
835 4951 1022 5023 ὑψώθη
1056 4950 1392 5021 παραχρῆμα
1425 4950 1460 5020 ἡ
1493 4947 1714 5017 γλῶσσά
1745 4966 1899 5019 μου.»

2010 4966 2302 5024 confestim
2343 4965 2528 5020 anima
2580 4976 2757 5017 mea.»
2814 4958 2926 5014 Sed
2974 4973 3086 5012 non
3120 4962 3333 5010 tantum
3382 4954 3587 5009 oratiu-

344 5047 481 5102 Ἀλλ’
503 5047 564 5101 οὐ
593 5045 750 5116 μόνον
777 5047 897 5108 ταῖς
915 5045 1100 5114 εὐχαῖς
1123 5041 1483 5113 ἐσχολάζομεν
1503 5041 1596 5096 καὶ
1621 5043 1742 5104 ταῖς
1771 5041 1907 5113 πρὸς

2011 5062 2196 5123 nibus,
2279 5055 2537 5128 precibus
2596 5060 2651 5109 et
2710 5047 3208 5122 supplicationibus
3284 5045 3354 5100 ad
3414 5043 3586 5098 Deum

333 5141 422 5196 τὸν
449 5141 580 5194 Θεὸν
608 5139 825 5211 δεήσεσι
855 5138 948 5192 καὶ
981 5137 1279 5208 ἱκετηρίαις
1299 5151 1311 5165 '
1336 5135 1472 5190 ἀλλά
1497 5136 1591 5190 καὶ
1614 5137 1793 5208 ἔργοις
1815 5136 1908 5188 αὐ-

2007 5151 2228 5208 emissis
2253 5147 2600 5210 vacavimus;
2631 5141 2729 5200 sed
2761 5141 2897 5213 ipsis
2943 5139 3206 5210 operibus
3245 5135 3586 5207 iniquitatem

334 5238 442 5298 τοῖς
469 5231 924 5304 ἀπεστρεφόμεθα
957 5231 1053 5300 μὲν
1082 5231 1261 5292 πᾶσαν
1288 5229 1521 5293 ἀδικίαν,
1544 5229 1619 5292 ὼς
1646 5227 1780 5299 μηδέ
1811 5229 1910 5298 ἐμ-

2011 5257 2226 5298 omncm
2257 5238 2505 5296 aversati.
2529 5250 2753 5302 sumus;
2796 5234 2870 5287 ita
2925 5237 2986 5285 ut
3031 5245 3100 5284 ne
3144 5228 3365 5299 quidem
3389 5223 3585 5293 respi-

334 5325 552 5384 ϐλέπειν
575 5325 710 5395 αὐτῇ
729 5322 952 5385 ἐθέλειν,
976 5321 1010 5392 ἢ
1031 5321 1124 5376 καὶ
1145 5320 1220 5392 τῷ
1244 5320 1320 5391 νῷ
1345 5319 1691 5391 ἐνθυμεῖσθαί
1715 5337 1768 5372 τι
1796 5317 1910 5372 ἀδι-

2011 5351 2135 5390 cere
2187 5333 2335 5387 illam
2378 5329 2738 5391 voluerimus,
2773 5333 2869 5380 aut
2911 5322 3194 5394 quidpiam
3225 5321 3472 5390 iniquum
3503 5317 3585 5372 vel

335 5432 447 5469 κον.
483 5415 545 5468 El
567 5415 672 5488 γάρ
699 5430 752 5467 τι
770 5413 1007 5466 τοιοῦτον
1034 5411 1370 5482 ἐνενοοῦμεν,
1397 5411 1505 5466 οὐδ’
1531 5409 1908 5464 εἰσακούεσθαι

2013 5429 2198 5482 animo
2226 5425 2492 5494 cogitare.
2533 5420 2666 5476 Nam
2704 5420 2748 5474 si
2779 5418 2913 5490 quid
2946 5416 3125 5472 simile
3164 5414 3584 5484 cogitassemus,

335 5505 474 5571 ἄξιοι
500 5505 565 5561 ἂν
596 5500 756 5577 ἦμενο
786 5503 868 5559 διό
893 5519 1088 5573 φασινο
1151 5521 1170 5556 ι
1205 5502 1441 5556 ’Δδικίαν
1469 5503 1517 5555 εί
1551 5500 1821 5572 ἐθεώρουν
1852 5501 1910 5554 ἐν

2017 5537 2128 5577 non
2161 5496 2311 5589 digni
2355 5530 2576 5572 eramus
2621 5514 2714 5584 qui
2762 5509 3172 5568 exaudiremur.
3224 5502 3585 5572 Quamobrem

339 5597 533 5670 καρδίᾳ
559 5614 660 5666 μου
681 5636 694 5660 ,
732 5596 806 5667 μὴ
835 5593 1203 5650 είσακουσάτω
1236 5593 1454 5666 Κύριος.
1483 5613 1501 5644 »
1549 5592 1702 5646 Ἐπεὶ
1733 5591 1911 5646 τοίνυν

2014 5615 2209 5668 aiunt:
2249 5632 2267 5663 ι
2296 5609 2641 5680 lniquitatem
2676 5609 2722 5663 si
2766 5606 2954 5677 aspexi
2990 5605 3044 5658 in
3091 5599 3256 5657 corde
3297 5610 3441 5659 meo,
3477 5608 3593 5677 non

339 5691 435 5746 καὶ
459 5689 558 5760 τὴν
584 5689 821 5743 διάνοιαν
853 5687 1105 5762 τοιαύτην
1135 5683 1245 5761 εἶχε
1273 5688 1363 5741 καὶ
1410 5688 1506 5751 τὰς
1541 5687 1704 5760 εὐχὰς
1727 5687 1909 5742 τοιαύ-

2013 5706 2275 5764 exaudiat
2304 5703 2626 5759 Dominus.»
2686 5698 2827 5768 Quia
2860 5713 2991 5770 ergo
3034 5694 3132 5752 tali
3166 5695 3346 5748 mente
3388 5684 3589 5761 ιιι-εύῄ-

1935 5798 1998 5810 κ.

411 5873 460 5914 ⁸³
493 5870 680 5927 Matth.
719 5889 789 5937 vx,
815 5870 866 5928 6.
