4086 6442
575 397 669 453 871

1234 392 1505 450 EUSEBII
1544 391 2031 449 CASSARIENSIS
2073 393 2230 450 OPP.
2277 393 2460 452 PARS
2499 393 2588 452 111.
2620 425 2685 436 -
2725 391 3134 449 EXEGETICA.
3744 386 3833 438 67!

575 525 664 572 tus
693 515 830 570 tales
866 513 1150 570 orationes
1186 512 1466 579 fundebat,
1497 513 1622 583 jure
1675 513 1805 568 dicit
1838 532 1856 564 ι
1887 511 2138 583 Propter-

2247 531 2347 578 τας
2380 513 2720 586 ἀνέπεμπεν,
2776 513 2998 576 εἰκότως
3029 511 3188 582 φησί’
3226 529 3245 562 ι
3267 507 3381 563 Διὰ
3412 503 3586 560 τοῦτο
3611 503 3837 574 είσήκοο-

574 625 635 665 ea
673 607 951 663 exaudivit
1001 605 1166 673 Deus,
1213 613 1267 662 et
1314 607 1548 662 attendit
1578 606 1700 661 voci
1738 605 2145 676 deprecationis

574 715 759 756 meae.»
820 698 885 752 Et
921 699 1034 753 haec
1084 699 1141 754 in
1173 713 1340 755 causa
1377 705 1534 754 erant
1584 712 1685 752 cur
1739 695 1882 753 Deus
1913 705 2036 767 post
2067 705 2146 752 tot

573 791 926 854 tentationes,
958 789 1211 845 eduxerit
1241 805 1344 844 nos
1379 791 1434 844 in
1469 788 1839 860 refrigerium.
1875 787 1984 843 Pro
2021 788 2146 858 qui—

573 884 672 937 bus
700 881 957 937 omnibus
984 881 1228 937 debitum
1260 882 1562 952 gratiarum
1615 881 1854 936 actionis
1879 880 2146 953 hymnum

573 971 685 1026 Deo
714 971 1056 1036 emittentes,
1095 979 1270 1026 totum
1321 986 1634 1028 sermonem
1680 971 1785 1026 hoc
1831 986 1931 1027 ceu
1967 970 2150 1042 sigillo

570 1063 946 1120 concludunt:
1003 1084 1021 1115 ι
1048 1064 1382 1120 Benedictus
1428 1063 1594 1128 Deus,
1649 1064 1744 1135 qui
1785 1079 1897 1119 non
1942 1064 2148 1118 amovit

568 1158 874 1213 orationem
912 1174 1087 1214 meam
1118 1166 1173 1213 et
1233 1158 1671 1214 misericordiam
1723 1173 1879 1214 suam
1920 1172 1951 1212 a
2001 1172 2141 1212 me.»

568 1251 693 1308 Haec
720 1266 888 1323 porro
930 1253 1115 1306 omnia
1141 1252 1346 1306 chorus
1374 1252 1712 1322 apostolicus
1741 1267 1809 1306 ex
1835 1250 2000 1306 unius
2025 1265 2148 1319 per-

566 1360 723 1411 sona,
751 1344 1217 1408 benedictionem,
1263 1341 1484 1398 laudem
1537 1350 1594 1398 et
1649 1343 1949 1414 gratiarum
1977 1341 2147 1396 actio-

566 1450 686 1489 nem
719 1449 818 1504 pro
865 1434 1125 1488 omnibus
1171 1448 1339 1504 supra
1389 1433 1708 1488 memoratis
1743 1431 1854 1488 Deo
1887 1429 2144 1499 offerens,

565 1535 690 1598 post
719 1537 799 1582 tot
829 1528 1075 1598 prolatos
1106 1541 1393 1582 sermones
1421 1525 1758 1597 obsignavit.

567 1641 615 1694 ί.
668 1640 736 1694 ΙΝ
777 1640 998 1696 FINEM
1049 1639 1116 1694 IN
1481 1638 1807 1696 PSALMUS
1837 1637 2137 1696 CANTICI.

632 1825 802 1882 Vens.
831 1826 886 1887 2.
920 1827 974 1882 3.
1016 1845 1035 1878 ι
1056 1825 1201 1881 Deus
1235 1825 1564 1881 misereatur
1581 1824 1756 1880 nostri
1779 1832 1833 1879 et
1858 1822 2146 1878 benedicat

2250 622 2340 658 σεν
2366 606 2395 657 6
2425 605 2556 668 Θεὸς
2583 605 2677 658 καὶ
2710 603 2979 677 προσέσχε
3000 604 3065 672 τῇ
3095 603 3244 672 φωνῇ
3270 600 3382 670 τῆς
3410 592 3666 667 δεήσεώς
3693 611 3802 665 μου.
3819 613 3836 647 »

2254 697 2366 752 Kal.
2383 696 2554 751 ταῦτα
2585 692 2652 768 ἦν
2684 695 2754 750 τὰ
2785 694 2936 750 αῖτια
2963 694 3029 748 δι’
3053 694 3089 749 ἀ
3113 692 3394 764 ἐξήγαγεν
3431 689 3598 760 ἡμᾶς
3627 690 3708 750 εἰς
3729 689 3844 740 dva-

2246 789 2422 862 ψυχὴν
2443 789 2581 861 μετά
2600 791 2724 853 τοὺς
2741 787 3028 851 τοσούτους
3049 784 3422 858 πειρασμούς.
3469 780 3598 850 Ἐφ’
3618 775 3702 844 οἷς
3723 779 3846 835 ᾶπα-

2249 901 2302 937 σι
2331 883 2422 936 τὸν
2451 881 2795 953 ὀφειλόμενον
2822 880 3236 953 εὐχαριστήριον
3279 878 3468 950 ὕμνον
3499 873 3848 944 ἀναπέμπον-

2247 993 2338 1040 τες
2369 974 2446 1046 τῷ
2475 973 2612 1045 Θεῷ,
2643 973 3059 1045 ὲπισφράγισμα
3088 969 3182 1024 τοῦ
3213 970 3424 1034 παντὸς
3455 965 3756 1020 ποιοῦνται
3775 965 3851 1018 λό-

2249 1083 2346 1135 γου
2375 1067 2676 1137 φάσκοντες
2696 1083 2709 1096 °
2740 1084 2759 1118 ι
2782 1063 3086 1137 Εὐλογητὸς
3109 1065 3136 1118 6
3167 1063 3317 1127 Θεὸς,
3349 1062 3422 1125 ὃς
3450 1060 3566 1114 οὐκ
3595 1059 3853 1130 ἀπέστρε-

2247 1160 2315 1230 ψε
2338 1159 2435 1230 τὴν
2461 1159 2767 1232 προσευχήν
2793 1176 2914 1230 μου,
2965 1158 3058 1212 καὶ
3079 1157 3140 1211 τὸ
3161 1156 3306 1220 ἕλεος
3329 1153 3524 1211 αὐτοῦ
3547 1153 3651 1208 ἀπ’
3673 1151 3848 1222 spei.»

2247 1253 2429 1307 Ταῦτα
2453 1253 2516 1306 δὲ
2535 1251 2709 1306 πάντα
2740 1253 2769 1304 ό
2796 1251 2955 1324 χορὸς
2985 1252 3014 1304 6
3044 1250 3406 1314 ἀποστολικὸς
3433 1247 3504 1313 ἐξ
3531 1246 3663 1309 ἑνὸς
3694 1262 3852 1315 προσ-

2248 1345 2396 1400 ώπου
2439 1345 2579 1417 μετά
2615 1345 2821 1408 πάντας
2870 1345 2995 1408 τοὺς
3046 1341 3455 1414 προλεχθέντας
3513 1339 3722 1407 λόγους
3767 1339 3856 1390 έπ-

2247 1439 2634 1510 εσφραγίσατο,
2665 1436 2912 1506 εὐλογίαν
2937 1436 3030 1490 καὶ
3050 1435 3352 1504 δοξολογίαν
3369 1433 3482 1487 καὶ
3501 1430 3856 1502 εὐχαριστίαν

2247 1531 2342 1583 ἐπὶ
2376 1531 2508 1584 πᾶσι
2549 1531 2660 1592 τοῖς
2693 1527 3065 1600 προλεχθεῖσιν
3098 1527 3452 1598 ἀναπέμπων
3490 1524 3583 1594 τῷ
3609 1521 3755 1593 Θεῷ.

2248 1643 2298 1696 1.
2339 1639 2448 1693 ΕΙΣ
2481 1640 2568 1694 ΤΟ
2597 1639 2818 1694 ΤΕΛΟΣ
2860 1639 2952 1693 ΕΝ
2974 1636 3250 1776 ἔέςΝΟΙΣ
3289 1632 3618 1689 ΨΑΛΜΟΣ
3658 1631 3851 1702 ῼΛΗΣ.

2321 1844 2340 1878 ι
2363 1826 2420 1880 '0
2441 1825 2572 1889 Θεὸς
2591 1825 2926 1897 οίκτειρήσαι
2946 1824 3089 1894 ἡμᾶς
3103 1822 3196 1877 καὶ
3215 1823 3411 1893 εὐλογή
3423 1839 3527 1875 σαι
3547 1820 3728 1891 ἡμᾶς,
3745 1821 3853 1872 ἐπι-

563 1919 743 1983 nobis,
761 1919 1030 1974 illuminat
1045 1920 1250 1973 vultum
1266 1934 1423 1974 suum
1438 1933 1604 1987 super
1615 1933 1737 1981 nos,
1751 1924 1805 1973 et
1820 1916 2138 1972 misereatur

2248 1917 2410 1986 φάναι
2433 1916 2492 1970 τὸ
2513 1895 2800 1989 πρόσωπον
2819 1895 2982 1968 αὐτοῦ
2999 1915 3084 1983 ἐφ’
3098 1915 3246 1985 ἡμᾶς
3263 1915 3358 1967 καὶ
3373 1912 3625 1983 ἐλεῆσαι
3653 1911 3688 1980 ἠ
3696 1912 3820 1979 μᾶς.
3834 1930 3849 1956 »

560 2009 791 2065 nostri.»
835 2009 1086 2066 Praesens
1115 2025 1333 2080 quoque
1351 2008 1615 2079 psalmus,
1640 2006 1988 2078 evangelicus
2015 2021 2139 2062 cum

559 2101 654 2166 sit,
706 2101 883 2157 eidem
930 2117 995 2157 ac
1043 2101 1360 2175 prmcedens
1398 2103 1566 2157 haeret
1615 2099 1932 2164 sententiae;
1968 2113 2140 2169 quare

565 2195 682 2250 «ad
737 2195 946 2250 ﬁnem»
983 2203 1038 2248 et
1090 2195 1207 2265 ipse
1265 2194 1530 2259 remittit,
1589 2200 1754 2262 atque
1819 2191 2141 2245 «canticum

560 2284 796 2354 psalmi»
831 2284 1188 2352 inscribitur;
1221 2285 1349 2354 quia
1380 2283 1472 2339 ille
1494 2298 1715 2354 quoque
1741 2281 1986 2352 psalmus
2015 2295 2142 2336 can-

559 2375 653 2430 tici
686 2390 809 2431 esse
837 2375 1148 2431 dicebatur.
1192 2373 1454 2430 Fortasse
1481 2389 1614 2430 vero
1656 2372 1780 2429 ideo
1821 2384 2014 2429 neuter
2043 2388 2140 2429 eo-

559 2482 682 2521 rum
711 2467 874 2536 cujus
929 2469 1043 2523 sint
1094 2482 1380 2523 sermones
1417 2468 1469 2521 in
1506 2467 1664 2522 titulo
1695 2466 1962 2529 declarat,
1992 2463 2140 2536 quod

558 2558 916 2615 manifestum
970 2560 1043 2614 sit
1085 2574 1337 2629 quaenam
1373 2573 1622 2629 persona!
1671 2558 1726 2612 in
1781 2566 2015 2627 utroque
2062 2557 2144 2610 lo-

559 2658 792 2722 quentes
821 2651 1174 2706 inducantur.
1201 2649 1413 2705 Etenim
1437 2651 1680 2721 gentium
1707 2664 2009 2720 praecones,
2027 2649 2142 2704 sive

557 2743 793 2813 apostoli
846 2741 1158 2800 Servatoris
1201 2743 1400 2807 nostri,
1467 2743 1522 2797 in
1566 2750 1800 2814 utroque
1847 2757 2141 2798 assumun-

564 2844 679 2886 tur.
739 2831 842 2899 Qui
876 2835 1061 2887 statim
1095 2834 1163 2888 ab
1184 2834 1414 2889 exordio
1443 2835 1498 2888 in
1527 2834 1780 2904 prmsenti
1810 2833 2022 2904 psalmo
2042 2848 2141 2888 nec

557 2925 777 2980 occulte
809 2925 1118 2980 acclamant
1147 2925 1201 2980 in
1230 2935 1376 2980 terra
1406 2933 1461 2981 et
1503 2925 1559 2980 in
1605 2925 1862 2980 omnibus
1887 2925 2141 2996 gentibus

557 3016 798 3072 salutare
857 3015 975 3083 Dei,
1032 3027 1089 3072 et
1155 3018 1303 3071 viam
1363 3017 1485 3086 ejus
1533 3019 1794 3088 cognosci
1828 3026 2138 3087 precantes,

556 3105 751 3161 deinde
773 3106 962 3162 aiunt:
1001 3125 1019 3158 ι
1043 3105 1424 3162 Confiteantur
1450 3107 1550 3160 tibi
1575 3107 1785 3177 populi,
1817 3105 1981 3168 Deus,
2010 3121 2142 3160 cou-

557 3195 814 3252 ﬁteantur
842 3197 942 3252 tibi
997 3199 1182 3269 populi
1212 3213 1430 3254 omnes.
1476 3196 1755 3254 Lzetentur
1779 3209 1832 3254 et
1863 3200 2140 3254 exsultent

557 3297 802 3362 gentes.»
845 3288 1018 3356 Quem
1052 3305 1361 3346 sermonem
1395 3289 1640 3346 secundo
1673 3291 1738 3344 ad
1772 3289 2017 3345 vaticinii
2045 3291 2139 3344 lir-
2165 3265 2206 3322 (ἶ

554 3381 800 3438 mitatem
855 3391 1135 3452 repetunt.
1177 3381 1397 3439 Chorus
1425 3383 1594 3455 igitur
1631 3385 1991 3454 apostolicus,
2041 3384 2136 3454 qui

556 3476 712 3547 prius
735 3475 977 3532 dixerat:
1005 3495 1022 3527 ι
1070 3474 1306 3532 Juhilate
1349 3475 1482 3540 Deo,
1520 3477 1701 3532 omnis
1747 3477 1988 3542 terra“;
2015 3496 2033 3528 »
2083 3484 2138 3532 et

561 3584 817 3624 rursum:
861 3587 880 3620 ι
907 3567 1100 3624 Omnis
1131 3577 1277 3624 terra
1309 3569 1501 3624 adoret
1548 3569 1695 3636 te";
1722 3588 1740 3621 »
1781 3569 2131 3640 iterumque:

564 3678 583 3712 ι
611 3659 944 3727 Beuedicite,
979 3671 1190 3731 gentes.
1223 3660 1394 3717 Deum
1443 3669 1696 3716 nostrum
1719 3662 1796 3730 3‘;
1825 3680 1844 3714 »
1888 3662 1943 3716 in
1988 3678 2134 3732 pra:-

553 3753 698 3809 aenti
746 3753 958 3824 psalmo
993 3752 1270 3817 similiter,
1312 3753 1756 3810 animadvertens
1793 3769 1991 3826 magno
2028 3755 2133 3809 sibi

551 3861 693 3916 Opus
740 3861 866 3901 esse
923 3845 991 3901 ad
1053 3844 1295 3902 faustum
1347 3847 1677 3918 evangelica:
1726 3847 2135 3918 praedicationis

551 3938 758 3991 exitum
795 3935 887 3992 Dei
921 3936 1147 4001 auxilio,
1185 3937 1344 4008 quasi
1385 3937 1491 3993 sibi
1541 3938 1846 3993 accinendo
1891 3938 1971 3993 sic
2005 3954 2132 4008 pre-

552 4036 740 4084 catur:
780 4047 799 4080 ι
823 4029 966 4084 Deus
995 4031 1319 4085 misereatur
1351 4029 1526 4084 nostri
1559 4037 1613 4085 et
1633 4029 1921 4086 benedicat
1951 4030 2133 4094 nobis,

552 4120 824 4176 illuminet
859 4121 1071 4176 vultum
1113 4137 1274 4178 suum
1309 4137 1476 4192 super
1517 4138 1642 4186 nos,
1699 4131 1754 4178 et
1803 4123 2135 4178 misereatur

552 4213 786 4268 nostri.»
864 4212 977 4268 Nos
1021 4215 1225 4286 quippe
1282 4213 1421 4269 nihil
1479 4213 1720 4270 dicimus
1779 4229 1926 4278 esse,
1994 4213 2133 4267 nihil

552 4319 716 4374 posse
745 4304 998 4371 fatemur,
1035 4320 1162 4360 cum
1195 4305 1332 4361 viles
1358 4305 1634 4371 homines,
1678 4306 1978 4376 simplices.
2005 4319 2135 4374 pau-

551 4412 710 4469 peres
736 4399 1088 4453 ethominum
1118 4399 1381 4468 postremi
1414 4399 1608 4454 simus.
1641 4398 1763 4470 Ipse
1791 4413 1922 4454 vero
1953 4397 2124 4462 Deus,

550 4489 644 4564 qui
680 4507 781 4547 nos
811 4491 864 4546 in
897 4491 1090 4548 salutis
1119 4491 1361 4562 gentium
1391 4491 1674 4547 ministros
1705 4489 1931 4560 adlegit,
1957 4491 2132 4560 primo

550 4583 770 4653 quidem
821 4581 1150 4637 misereatur
1182 4581 1379 4644 nostri.
1419 4592 1621 4637 nostrae
1652 4581 1866 4637 scilicet
1895 4580 2128 4635 infirmi-
2161 4615 2208 4674 ο

549 4674 680 4729 tatis
734 4673 1216 4729 commiseratione
1266 4680 1594 4741 moveatur;
1645 4671 1845 4728 deinde
1913 4671 2125 4743 aliquid

552 4765 774 4835 adjiciat
801 4765 946 4838 quod
976 4765 1294 4822 confortare
1334 4767 1541 4832 valeat;
1584 4766 1639 4822 id
1669 4773 1774 4828 est.
1819 4773 1878 4820 ut
1908 4765 2130 4820 benedi-

551 4866 640 4912 cat
666 4858 847 4922 nobis,
879 4857 1264 4914 benedictione
1295 4873 1426 4914 sane
1471 4857 1776 4929 spirituali;
1831 4872 1941 4928 quo
1979 4857 2127 4912 illius

549 4951 722 5020 gratia
774 4950 826 5004 in
855 4965 956 5006 nos
985 4950 1299 5021 impleatur,
1330 4957 1390 5004 ut
1419 4965 1517 5020 par
1546 4957 1650 5013 est,
1684 4948 2000 5019 hujusmodi
2030 4949 2126 5003 he-

548 5043 824 5104 ncdictio:
892 5061 910 5093 ι
935 5042 1198 5109 Crescite,
1235 5052 1290 5098 et
1321 5041 1789 5112 multiplicamini,
1837 5051 1890 5096 et
1923 5042 2128 5112 replete

548 5143 774 5198 terram,
797 5142 852 5191 et
875 5134 1231 5189 dominamini
1263 5135 1526 5191 illius".»
1573 5132 1698 5189 "th
1722 5133 1870 5188 enim
1901 5149 1931 5187 a
1965 5133 2123 5204 prin~

549 5228 692 5300 cipio
723 5228 778 5282 in
805 5227 995 5282 mundi
1037 5237 1228 5283 exortu
1263 5228 1410 5284 dicta
1460 5236 1623 5284 sunt:
1655 5242 1778 5298 qua:
1808 5225 1982 5281 Judaei
2013 5241 2121 5281 nou

550 5321 657 5376 alio
693 5336 859 5392 quam
917 5335 1185 5392 corporeo
1232 5335 1408 5386 more,
1462 5336 1561 5392 per
1607 5318 2121 5391 multiplicationem

547 5413 770 5484 impleta
816 5421 1034 5485 putant.
1073 5410 1186 5468 Nos
1229 5420 1412 5469 autem
1461 5413 1617 5484 gnari
1670 5413 1867 5467 anima:
1906 5426 2124 5482 quoque

545 5509 759 5580 prolem
791 5522 918 5563 esse
992 5514 1158 5576 atque
1203 5504 1509 5576 discipulos
1559 5521 1681 5562 esse
1733 5505 2122 5576 magistrorum

550 5599 712 5661 ﬁlios,
752 5597 1066 5667 hujusmodi
1107 5596 1548 5653 benedictionem
1599 5597 1863 5667 consequi
1927 5609 2121 5666 preca—

534 5681 699 5755 4nur,
730 5700 788 5746 ut
828 5705 1144 5748 crescamus
1197 5703 1251 5746 et
1306 5689 1735 5760 multiplicemur
1773 5687 2124 5743 multitudine

621 5868 836 5927 “Psal.
863 5887 986 5934 ων,
1015 5872 1065 5928 1.
1141 5873 1186 5908 ⁸³
1212 5871 1343 5927 ibid.
1381 5872 1432 5928 1..

2243 2010 2352 2062 Καὶ
2381 2011 2410 2062 6
2439 2007 2628 2080 παρὼν
2652 2005 2863 2078 ψαλμὸς
2889 2005 3241 2075 εὐαγγελικὸς
3265 2004 3362 2069 ὢν,
3395 2005 3507 2075 τῆς
3538 2001 3723 2072 αὐτῆς
3744 1999 3852 2070 ἔχει

2241 2118 2330 2154 ται
2362 2098 2438 2170 τῷ
2467 2098 2572 2171 πρὸ
2599 2097 2764 2153 αὐτοῦ
2797 2097 3066 2160 διανοίας⁶
3110 2095 3298 2168 διόπερ
3351 2115 3369 2146 ι
3393 2096 3482 2158 είς
3532 2092 3602 2146 τὸ
3658 2092 3849 2152 τέλος»

2241 2191 2596 2261 παραπέμπει
2625 2188 2719 2240 καὶ
2745 2187 2905 2250 αὐτὸς
2931 2227 2945 2250 ,
2982 2205 3000 2238 ι
3019 2185 3129 2257 ᾠδή
3157 2204 3176 2237 »
3215 2203 3274 2238 τε
3306 2204 3323 2237 ι
3345 2182 3624 2256 ψαλμοῦ»
3669 2182 3853 2250 ἐπιγέ-

2240 2298 2486 2354 γραπται
2510 2294 2524 2309 ·
2557 2279 2678 2333 ἐπεὶ
2706 2280 2954 2342 κάκεῖνος
2977 2277 3190 2349 ψαλμὸς
3217 2277 3357 2349 ᾠδῆς
3402 2278 3648 2346 ἐλέγετο
3695 2272 3850 2328 εἶναι.

2239 2375 2466 2445 Μήποτε
2504 2373 2561 2427 δὲ
2594 2374 2654 2427 τὸ
2689 2373 2833 2436 τίνος
2864 2367 2970 2426 εἷεν
2993 2371 3139 2441 λόγοι
3165 2371 3448 2444 οὐδέτερος
3471 2369 3678 2425 αὐτῶν
3699 2370 3761 2421 ἐν
3787 2371 3847 2440 τῇ

2241 2468 2532 2539 προγραφῇ
2564 2466 2856 2536 παρίστησι
2881 2464 2968 2517 διὰ
2992 2465 3053 2517 τὸ
3085 2464 3312 2535 ἐναργὲς
3338 2463 3448 2516 τῶν
3474 2459 3848 2533 προφητικῶς

2239 2561 2579 2630 εἰσηγμένων
2629 2560 2687 2612 ὲν
2719 2559 2902 2620 αὐτοῖς
2935 2555 3256 2628 προσώπων.
3322 2557 3386 2611 Oi
3419 2557 3690 2628 κήρυκες
3723 2551 3848 2622 γοῦν

2237 2649 2346 2705 τῶν
2372 2650 2572 2716 ἐθνῶν,
2607 2651 2656 2704 οί
2685 2651 2968 2705 ἀπόστολοι
2995 2649 3195 2722 δηλαδὴ
3228 2650 3322 2704 τοῦ
3357 2650 3518 2721 Σωτῆ
3530 2666 3634 2719 ρος
3666 2647 3842 2718 ἡμῶν,

2238 2745 2296 2799 ὲν
2330 2743 2574 2817 ἐκατέρῳ
2607 2743 3047 2816 παρελήφθησαν.
3081 2742 3287 2796 Αὐτίκα
3317 2741 3447 2810 γοῦν
3482 2743 3589 2795 καὶ
3623 2739 3718 2792 διὰ
3742 2737 3846 2791 τῶν

2240 2837 2612 2909 προκειμένων
2641 2836 2969 2901 ἀκαλύπτως
3002 2835 3300 2889 ἀναϐοῶσιν
3338 2838 3395 2888 ὲν
3427 2838 3494 2907 τῇ
3537 2837 3618 2905 γῇ
3658 2832 3757 2887 καὶ
3786 2833 3842 2884 ὲν

2241 2930 2374 2982 πᾶσι
2394 2932 2504 2993 τοῖς
2527 2928 2703 2983 ἔθνεσι
2720 2929 2781 2983 τό
2801 2946 2859 2982 τε
2884 2930 3148 3000 σωτήριον
3167 2927 3261 2980 τοῦ
3278 2927 3410 2981 Θεοῦ
3431 2969 3445 2992 ,
3469 2928 3576 2981 καὶ
3601 2927 3707 2998 τὴν
3727 2924 3840 2977 ὁδὸν

2239 3019 2402 3074 αὐτοῦ
2430 3020 2737 3092 γνωσθῆναι
2759 3021 3038 3092 εὐχόμενοι
3057 3037 3072 3052 ο
3096 3017 3196 3074 εἴθ’
3217 3019 3372 3089 ἑξῆς·
3414 3039 3431 3072 ι
3467 3017 3840 3090 Ἐξομολογη-

2241 3113 2524 3168 σάσθωσάν
2553 3131 2633 3168 σοι
2663 3114 2782 3168 λαοὶ
2800 3155 2814 3178 ,
2861 3118 2890 3168 6
2920 3114 3052 3178 Θεὸς
3071 3155 3084 3177 ,
3122 3111 3730 3184 ὲξομολογησάσθωσάν
3761 3127 3838 3162 σοι

2239 3206 2357 3261 λαοὶ
2410 3206 2628 3271 πάντες.
2707 3206 3180 3279 Εὐφρανθήτωσαν
3231 3208 3323 3259 καὶ
3374 3203 3836 3274 ἀγαλλιάσθωσαν

2237 3300 2419 3371 ἔθνη.»
2453 3298 2562 3352 Καὶ
2588 3293 2742 3362 αὖθις
2775 3297 3087 3370 δευτεροῦσι
3116 3297 3208 3350 τὸν
3235 3297 3392 3366 λόγον
3422 3298 3504 3360 είς
3537 3295 3835 3366 βεϐαίωσιν

2237 3391 2344 3444 τῶν
2372 3388 2800 3460 θεσπιζομένων.
2847 3389 2904 3441 '0
2932 3387 3092 3459 χορὸς
3123 3387 3300 3440 τοίνυν
3333 3389 3361 3439 6
3389 3384 3782 3448 ἀποστολικὸς,
3811 3382 3833 3435 3

2235 3482 2324 3536 διὰ
2343 3481 2450 3535 τῶν
2471 3479 2777 3552 ἔμπροσθεν
2795 3478 3048 3550 εἰρηκὼς
3074 3498 3092 3530 ι
3115 3476 3440 3541 Ἀλαλάξατε
3457 3476 3539 3547 τῷ
3555 3476 3706 3546 Θεῷ,
3733 3474 3836 3527 πᾶ·

2237 3575 2351 3644 σαή
2368 3573 2441 3644 γῆ
2457 3591 2470 3604 ·
2486 3592 2504 3626 »
2534 3573 2628 3626 καὶ
2646 3568 2803 3636 αὖθις
2819 3587 2832 3601 ο
2859 3591 2876 3621 ι
2901 3571 3104 3640 Πᾶσαή
3125 3569 3197 3640 γῆ
3215 3570 3764 3640 προσκυνησάτωσαν
3778 3582 3795 3597 ο
3808 3584 3824 3615 »

2237 3666 2330 3720 καὶ
2355 3664 2534 3718 πάλιν·
2564 3683 2582 3716 t
2609 3663 2919 3731 Εὐλογεῖτε,
2940 3661 3090 3733 ἔθνη,
3109 3661 3200 3714 τὸν
3223 3661 3354 3714 Θεὸν
3381 3659 3540 3732 ἡμῶν
3561 3679 3575 3692 ο
3609 3680 3628 3712 »
3657 3659 3752 3714 καὶ
3775 3659 3830 3710 έν

2235 3755 2312 3827 τῷ
2340 3753 2480 3827 μετά
2507 3758 2693 3827 χεῖρας
2721 3754 2940 3826 ὁμοίως,
2964 3753 3126 3826 δρῶν,
3144 3753 3224 3806 ὃτι
3254 3751 3455 3822 πολλῆς
3485 3752 3666 3806 δεῖται
3706 3766 3829 3802 συν-

2237 3848 2422 3922 εργίας
2451 3848 2584 3902 Θεοῦ
2618 3849 2698 3912 είς
2739 3847 3074 3919 κατόρθωσιν
3114 3845 3206 3899 τοῦ
3257 3845 3615 3914 εὐαγγελικώ
3653 3841 3826 3914 κηρύ-

2235 3956 2465 4010 γματος,
2482 3938 2670 4012 ὥσπερ
2693 3939 3008 4010 κατεπᾴδων
3031 3937 3204 4009 ἐαυτῷ
3224 3937 3290 3991 δι’
3311 3937 3477 4007 εὐχῆς
3498 3953 3670 4008 φησιν
3688 3953 3700 3965 ·
3731 3953 3750 3986 ι
3772 3934 3826 3984 '0

2233 4032 2364 4094 Θεὸς
2384 4032 2722 4103 οἰκτειρήσαι
2744 4031 2891 4102 ἡμᾶς
2913 4031 3006 4084 καὶ
3035 4030 3321 4102 εὐλογήσαι
3350 4031 3529 4100 ἡμᾶς,
3558 4026 3822 4098 ὲπιφάναι

2233 4122 2295 4175 τὸ
2327 4120 2618 4192 πρόσωπον
2645 4119 2809 4175 αὐτοῦ
2854 4123 2940 4190 ἐφ’
2971 4122 3119 4191 ἡμᾶς
3143 4161 3158 4185 ,
3190 4121 3284 4173 κα)⁸
3330 4119 3550 4192 ὲλεησαι
3605 4120 3774 4190 ἡμᾶς.
3798 4134 3816 4165 »

2247 4211 2436 4283 Ἡμεῖς
2469 4212 2568 4283 μὲν
2600 4211 2708 4283 γὰρ
2737 4212 2960 4274 ἑαυτοὺς
2999 4211 3062 4264 τὸ
3097 4211 3266 4284 μηθὲν
3305 4207 3443 4265 εἶναί
3475 4229 3692 4284 φαμεν,
3730 4208 3819 4262 καὶ

2233 4305 2295 4358 τὸ
2331 4305 2496 4376 μηδὲν
2520 4303 2776 4359 δύνασθαι
2801 4303 3169 4376 ὁμολογοῦμεν
3189 4345 3203 4367 ,
3236 4304 3469 4370 εὐτελεῖς
3519 4306 3678 4369 ὄντες
3725 4304 3819 4356 καὶ

2239 4396 2445 4452 ἰδιῶται
2467 4438 2482 4461 ,
2514 4396 2746 4469 πένητές
2771 4414 2832 4451 τε
2866 4397 2961 4451 καὶ
2993 4397 3210 4450 πάντων
3236 4397 3451 4469 ἔσχατοι
3477 4398 3779 4471 ἀνθρώπων
3797 4411 3810 4424 ’

2234 4490 2395 4554 αὐτὸς
2413 4489 2469 4543 δὲ
2487 4490 2516 4542 6
2531 4489 2661 4553 Θεὸς
2681 4488 2964 4560 βουληθεὶς
2987 4491 3134 4560 ἡμᾶς
3149 4490 3426 4561 ὑπηρέτας
3445 4491 3700 4560 γενέσθαι
3721 4488 3815 4558 τῆς

2232 4581 2340 4635 τῶν
2361 4581 2528 4636 ἐθνῶν
2551 4583 2842 4655 σωτηρίας,
2867 4581 3084 4654 πρῶτον
3113 4582 3209 4653 μὲν
3232 4583 3621 4653 οίκτειρήσειεν
3647 4581 3809 4654 ἡμᾶς,

2232 4666 2413 4724 οἶκτον
2440 4671 2596 4742 ἡμῶν
2625 4669 2802 4724 λαϐὼν
2827 4671 2926 4742 τῆς
2954 4670 3236 4737 ἀσθενείας
3257 4689 3270 4702 ·
3325 4669 3440 4726 εῐτα
3470 4673 3734 4744 προσθείη
3760 4686 3810 4722 τι

2234 4761 2296 4814 τὸ
2321 4761 2616 4833 δυνάμενον
2643 4763 2790 4833 ἡμᾶς
2809 4762 3123 4834 δυναμῶσαι
3147 4779 3160 4794 ⁸
3208 4762 3367 4817 τοῦτο
3393 4765 3451 4818 δὲ
3472 4760 3540 4836 ἦν
3568 4766 3627 4818 τὸ
3660 4764 3807 4819 εὐλο-

2232 4854 2400 4925 γῆσαι
2430 4856 2609 4926 ἡμᾶς’
2661 4854 2880 4926 εὐλογίᾳ⁸
2906 4855 2970 4926 δὴ
3002 4859 3338 4928 πνευματικῇ
3364 4896 3380 4921 ,
3415 4857 3490 4921 ὡς
3517 4857 3582 4911 ἂν
3612 4859 3705 4912 καὶ
3732 4856 3807 4918 εἰς

2237 4947 2385 5017 ἡμᾶς
2420 4947 2733 5019 πληρωθείη
2787 4949 3108 5020 πρεπόντως
3136 4952 3201 5021 τῇ
3234 4949 3397 5004 αὐτοῦ
3428 4950 3610 5020 χάριτι
3641 4953 3674 5022 ἠ
3710 4948 3805 5018 φά-

2237 5053 2442 5092 σκουσα
2496 5037 2712 5107 εὐλογία
2735 5051 2749 5066 ’
2803 5057 2822 5088 ι
2850 5036 3149 5102 Αὐξάνεσθε
3175 5040 3268 5094 καὶ
3312 5040 3642 5113 πληθύνεσθε
3663 5084 3678 5105 ,
3718 5037 3805 5092 καὶ

2236 5129 2557 5202 πληρώσατε
2576 5130 2673 5202 τὴν
2697 5131 2818 5202 γῆν,
2844 5131 2937 5184 καὶ
2961 5134 3423 5204 κατακυριεύσατε
3448 5135 3634 5206 αὐτῆς.
3650 5130 3801 5186 »Ταῦ-

2230 5240 2298 5276 τα
2331 5223 2430 5293 μὲν
2450 5223 2557 5296 γὰρ
2581 5223 2673 5276 καὶ
2697 5223 2862 5278 πάλαι
2883 5225 3000 5277 κατ’
3026 5224 3200 5296 ἀρχὰς
3220 5227 3313 5278 ἐπὶ
3335 5227 3430 5297 τῆς
3455 5224 3800 5297 κοσμοποιίας

2230 5314 2448 5386 εῖρητοο
2485 5315 2744 5388 ἐνομίσθη
2776 5334 2836 5370 τε
2875 5317 3147 5381 Ἰουδαίοις
3171 5319 3270 5371 οὐκ
3302 5317 3476 5382 ἄλλως
3503 5317 3537 5388 ἢ
3568 5333 3798 5388 σωματι-

2231 5406 2343 5471 κῶς
2372 5407 2547 5478 μόνως
2570 5408 2660 5462 διά
2687 5409 2788 5480 τῆς
2812 5410 3160 5474 πολυτελείας
3190 5409 3546 5482 πληροῦσθαι.
3618 5409 3796 5480 Ἡμεῖς

2228 5497 2309 5562 δὲ,
2343 5498 2562 5564 ειδότες,
2586 5499 2662 5564 ὡς
2681 5499 2795 5556 ἐστι
2823 5503 2917 5556 καὶ
2941 5501 3119 5572 ψυχῆς
3143 5502 3362 5570 ἔκγονα,
3387 5500 3718 5554 διδασκάλων
3739 5511 3794 5549 εκ

2232 5589 2419 5654 παῖδες
2455 5593 2503 5645 οί
2541 5591 2964 5664 μαθητευόμενοι
2989 5633 3004 5659 ,
3043 5593 3297 5664 τοιαύτης
3340 5593 3594 5664 ἀξιοῦμεν
3623 5590 3792 5662 τυχεῖν

2232 5682 2479 5752 εὐλογίας
2497 5724 2513 5749 ,
2529 5684 2605 5750 ὡς
2629 5685 2694 5740 ἀν
2715 5686 3076 5759 αὐξηθείημεν
3100 5685 3194 5740 καὶ
3217 5684 3544 5758 πληθυνθείη
3554 5701 3650 5757 μεν
3667 5683 3792 5753 πλή·

1591 5870 1634 5903 δε
1664 5867 1794 5924 ibid.
1819 5867 1874 5925 8.
1951 5867 1997 5906 ιν
2026 5865 2162 5923 Gen.
2195 5884 2236 5936 ι,
2270 5866 2365 5924 es.
