4086 6442
275 383 396 438 (373

1394 377 1901 436 LOMMENTARIA
1945 377 2011 435 lN
2048 375 2394 435 PSALMOS.

3450 378 3550 436 676

277 502 373 556 θει
395 500 504 554 τῶν
527 506 979 572 μαθητευομενων
996 537 1012 562 ,
1042 496 1266 569 μυριάσι
1287 514 1346 551 τε
1367 497 1476 552 τῶν
1495 498 1562 552 δι’
1585 501 1618 572 ή
1627 499 1742 570 μῶν
1769 515 1863 553 σω-

1977 498 2395 563 discipulorum,
2412 503 2577 567 atque
2593 493 2807 550 inﬁnito
2825 509 3015 551 eorum
3034 494 3127 566 qui
3152 509 3249 566 per
3279 508 3381 550 nos
3404 495 3555 551 salu-

275 591 530 663 ζομένων
549 631 564 652 ,
592 589 668 652 ὡς
693 588 758 642 ἂν
793 590 998 640 εἰπεῖν·
1045 607 1062 638 ι
1088 587 1394 659 Εὐλογητὸς
1432 591 1461 641 6
1487 587 1620 652 Θεὸς
1651 591 1680 642 6
1718 589 1868 642 εὐλο-

1975 597 2080 642 tem
2113 588 2439 642 obtinebunt
2470 601 2723 650 numero,
2747 593 2805 640 ut
2829 585 3080 642 dicamus
3106 606 3118 640 :
3173 605 3191 637 ι
3224 585 3553 643 Benedictus

272 684 464 754 γήσας
486 682 630 753 ἡμᾶς
650 681 705 732 ἐν
724 678 870 749 πάσῃ
899 677 1119 749 εὐλογίᾳ
1133 679 1474 748 πνευματικῇ
1497 679 1552 730 ἐν
1567 679 1680 741 τοῖς
1707 680 1863 730 ἐπου-

1973 679 2115 735 Deus
2127 679 2511 751 quibenedixit
2529 695 2630 736 nos
2649 680 2704 734 in
2723 679 2870 735 omni
2889 677 3270 733 benedictione
3281 678 3551 748 spirituali

278 775 493 846 ρανίοις
523 775 581 828 ἐν
612 768 853 844 Χριστῷ.
889 789 906 820 ι
937 769 1121 834 Οὕτως
1163 765 1256 823 οὖν
1296 770 1324 822 6
1355 769 1488 834 Θεὸς
1531 772 1868 842 οἰκτειρησαι

275 869 433 938 ἡμᾶς
475 865 761 937 πρότερον,
802 861 900 920 εἴτ’
944 865 1293 936 οίκτειρήσας
1345 863 1644 936 εὐλογήσαι
1695 866 1864 936 ἡμᾶς.

278 957 458 1011 Τοῦτο
486 957 541 1012 δὲ
574 957 674 1010 οὐκ
705 956 878 1020 άλλως
899 955 1072 1021 ἔσται,
1101 958 1148 1010 εί
1183 956 1258 1027 μὴ
1285 955 1546 1025 ἐπιφᾶναι
1597 956 1657 1008 τὸ
1702 956 1868 1028 πρόσ-

291 1067 434 1104 υπον
467 1049 630 1103 αὑτοῦ
652 1049 736 1119 ἐφ’
769 1050 936 1120 ἡμᾶς,
961 1048 1098 1102 ὥστε
1128 1048 1222 1101 καὶ
1249 1049 1396 1120 ἡμᾶς
1421 1050 1595 1102 είπεῖν
1615 1065 1628 1078 θ
1671 1068 1688 1100 ι
1714 1049 1868 1120 Ἐση-

287 1141 494 1214 μειώθη
524 1143 770 1214 ἐφ’ήμᾶς
790 1142 851 1195 τὸ
881 1140 994 1210 φῶς
1024 1139 1117 1194 τοῦ
1146 1140 1436 1213 προσώπου
1472 1158 1589 1206 σου,
1619 1140 1814 1213 Κύριε.
1841 1159 1859 1192 ι

289 1235 327 1289 Γ
329 1234 360 1287 ὸ
403 1234 460 1290 δὲ
505 1233 886 1302 ἐπιλεγόμενον
924 1231 1070 1298 ἐξῆς,
1105 1250 1122 1278 ι
1153 1232 1245 1285 καὶ
1282 1231 1502 1303 ἐλεήσαι
1542 1233 1711 1303 ἡμᾶς,
1739 1251 1758 1284 ι
1791 1230 1865 1303 μὴ

285 1326 534 1397 κείμενον
581 1329 715 1398 μήτε
756 1327 814 1380 ἐν
857 1324 935 1396 τῷ
981 1325 1274 1398 Ἐϐραῖκῷ,
1322 1327 1460 1396 μήτε
1510 1326 1568 1378 ἐν
1610 1328 1722 1388 τοῖς
1757 1324 1866 1378 λοι-

285 1422 407 1483 ιτοῖς
457 1408 1215 1492 ἑρμηνευταῖς,’ἀναγκαίως
1269 1418 1578 1474 ὠϐἐλισται.
1635 1417 1754 1473 Τῶν
1807 1419 1865 1472 δὲ

257 1511 690 1584 ’προλεχθέντων
736 1511 1006 1584 εὐχόμεθα
1043 1515 1244 1584 τυχεῖν,
1290 1512 1374 1564 ἵνα
1415 1510 1731 1584 δυνηθῶμεν
1766 1511 1864 1582 τὴν

283 1604 402 1658 δδὸν
445 1603 609 1657 αὑτοῦ
638 1605 884 1676 γνωστὴν
917 1605 1142 1675 ποιῆσαι
1170 1606 1228 1657 ἐν
1256 1605 1404 1676 πάσῃ
1443 1607 1507 1676 τῇ
1535 1607 1627 1676 γῇ.
1660 1605 1750 1659 Διὸ
1777 1605 1864 1658 λέ-

283 1701 499 1750 λεκταιο
539 1716 557 1748 ι
593 1697 699 1750 Τοῦ
735 1698 937 1767 γνῶναι
969 1701 1028 1753 ἐν
1066 1700 1132 1769 τῇ
1171 1700 1241 1769 γῇ
1271 1696 1370 1768 τὴν
1397 1696 1516 1752 ὁδόν
1550 1713 1665 1751 σου.
1704 1717 1722 1748 ι
1769 1699 1863 1762 Τίς

283 1790 339 1845 Σὲ
382 1793 414 1862 ἡ
447 1791 516 1861 γῆ
545 1791 638 1845 καὶ
667 1791 748 1856 τίς
780 1795 812 1864 ἡ
848 1793 965 1858 ὁδὸς
994 1791 1087 1847 τοῦ
1121 1790 1292 1856 Θεοῦ;
1323 1791 1398 1862 Γῆ
1448 1789 1546 1861 μὲν
1573 1792 1776 1854 πάντες
1812 1793 1862 1845 οἱ

1971 773 2026 827 in
2052 772 2372 828 caelestibus
2405 770 2462 828 in
2505 771 2842 828 Christoua
2871 769 2962 826 Sic
2989 787 3120 842 ergo
3138 770 3282 828 Deus
3315 771 3549 842 primum

1969 865 2505 933 misereaturnostri,
2529 863 2726 920 deinde
2752 865 3010 920 misertus
3042 864 3333 919 benedicat
3365 864 3548 920 nobis.

1969 956 2026 1012 ld
2055 971 2220 1028 porro
2249 972 2595 1028 nequaquam
2625 957 2859 1023 eveniet,
2901 957 3009 1012 nisi
3041 957 3311 1012 illuminet
3338 958 3548 1012 vultum

1969 1065 2126 1105 suum
2155 1065 2320 1120 super
2349 1065 2488 1106 nos:
2527 1050 2601 1103 ita
2631 1056 2691 1103 ut
2715 1058 2770 1104 et
2816 1065 2919 1106 nos
2948 1049 3200 1104 dicamus
3231 1066 3243 1103 :
3287 1067 3306 1099 ι
3352 1048 3536 1119 Signa-

1968 1151 2079 1198 tum
2110 1151 2196 1199 est
2227 1158 2393 1213 super
2441 1158 2545 1198 nos
2591 1143 2778 1200 lumen
2826 1143 3008 1199 vultus
3034 1144 3135 1206 tui,
3181 1141 3491 1197 Domine”.
3523 1160 3542 1192 ι

1967 1231 2122 1298 Quod
2181 1233 2434 1304 sequitur
2483 1248 2680 1302 porro,
2720 1251 2740 1284 ι
2783 1241 2838 1289 et
2891 1234 3219 1289 misereatur
3264 1242 3469 1296 nostri,
3522 1252 3541 1284 ι

1965 1341 2090 1382 cum
2116 1341 2291 1396 neque
2318 1326 2373 1380 in
2397 1324 2688 1391 llebraico,
2720 1341 2900 1397 neque
2939 1325 2995 1380 in
3033 1325 3257 1396 reliquis
3283 1325 3532 1395 interpre-

1964 1417 2112 1472 tibus
2141 1417 2369 1487 legatur,
2388 1416 2567 1481 obelo,
2599 1424 2661 1471 ut
2686 1427 3112 1473 consentaneum
3141 1423 3282 1480 erat,
3301 1423 3546 1470 notatum

1964 1515 2068 1564 est.
2102 1506 2228 1562 Ideo
2253 1518 2434 1564 autem
2455 1508 2568 1577 jam
2607 1515 2906 1564 memorata
2933 1507 3154 1578 assequi
3186 1522 3466 1578 rogamus,
3492 1514 3546 1562 ut

1967 1602 2106 1656 viam
2129 1601 2249 1672 ejus
2281 1603 2336 1656 in
2361 1601 2617 1657 universa
2652 1609 2798 1656 terra
2825 1613 3010 1656 notam
3045 1601 3223 1658 facere
3247 1602 3543 1655 valeamus.

1964 1691 2147 1759 Quare
2191 1694 2436 1749 dicitur:
2479 1713 2498 1746 ι
2547 1692 2618 1748 Ut
2653 1709 3050 1765 cognoscamus
3102 1694 3159 1748 in
3211 1703 3356 1749 terra
3403 1693 3544 1746 viam

1963 1797 2134 1840 tuam.
2169 1805 2187 1839 ›
2226 1786 2488 1852 Quaenam
2520 1793 2668 1841 terra
2698 1786 2842 1840 illa?
2892 1801 3013 1856 qua:
3065 1785 3149 1840 via
3196 1783 3329 1840 Dei?
3379 1782 3543 1840 Terre

285 1882 380 1953 τὴν
409 1880 514 1951 γῆν
539 1881 812 1947 οἰκοῦντες
839 1883 1115 1955 ἄνθρωποι
1145 1881 1240 1936 καὶ
1274 1881 1452 1936 πάντα
1481 1881 1552 1935 τὰ
1584 1881 1706 1935 καθ’
1735 1881 1863 1954 ὅλης

1969 1879 2228 1934 nimirum
2278 1888 2408 1935 sunt
2444 1895 2638 1935 omnes
2672 1879 2921 1936 homines
2953 1887 3154 1934 terram
3205 1877 3507 1933 incolentes

284 1973 380 2045 τῆς
411 1973 734 2045 οἰκουμένης
768 1973 896 2045 ἔθνη
919 1991 934 2006 ο
975 1975 1094 2038 ὁδὸς
1130 1975 1186 2029 δέ
1221 1973 1316 2028 τοῦ
1359 1971 1494 2027 Θεοῦ
1532 1973 1562 2026 6
1608 1972 1864 2044 θεοσεϐὴς

276 2063 430 2136 βίος·
465 2059 527 2118 οὗ
554 2066 614 2120 τὸ
642 2065 794 2130 τέλος
819 2066 956 2138 πρὸς
993 2066 1156 2121 αὐτὸν
1186 2066 1309 2136 ἄγει
1350 2065 1442 2119 τὸν
1469 2065 1624 2129 Θεὸν,
1659 2063 1734 2128 ὡς
1772 2066 1866 2118 ἐπὶ

279 2159 616 2230 μητρόπολιν
643 2158 882 2227 ἀγαθῶν.
917 2159 1029 2214 Καὶ
1059 2159 1220 2223 αὐτὸς
1251 2159 1309 2212 δὲ
1352 2160 1381 2213 6
1415 2159 1680 2230 σωτήριος
1710 2158 1865 2227 λόγος

279 2247 368 2317 είη
399 2246 463 2300 ἂν
497 2247 615 2312 ὁδὸς
647 2246 742 2300 τοῦ
773 2246 929 2301 Θεοῦ.
974 2246 1066 2300 Διὸ
1107 2247 1234 2319 ἐξῇς
1268 2247 1458 2318 ὥσπερ
1494 2247 1864 2320 διερμηνεύων

279 2337 378 2409 τὴν
409 2338 650 2392 διάνοιαν
676 2338 920 2408 ἐπιλέγει
939 2354 954 2370 ο
996 2357 1015 2390 ι
1061 2339 1149 2393 Ἐν
1173 2340 1306 2393 πᾶσι
1332 2342 1442 2403 τοῖς
1470 2337 1650 2392 ἔθνεσι
1682 2339 1742 2393 τὸ
1768 2356 1866 2392 σω-

279 2429 465 2501 τήριόν
504 2447 618 2486 σου.
654 2449 673 2482 ι
705 2431 891 2494 Ὅπως
939 2425 1031 2484 οὖν
1067 2429 1384 2502 δυνηθῶμεν
1414 2432 1472 2484 ὲν
1503 2431 1652 2504 πάσῃ
1683 2433 1748 2502 τῇ
1790 2432 1860 2501 γῇ

280 2523 376 2576 καὶ
407 2523 468 2576 ἐν
508 2524 640 2577 πᾶσι
687 2525 799 2587 τοῖς
847 2521 1024 2577 ἔθνεσι
1069 2526 1182 2587 τοῖς
1225 2523 1326 2595 τὴν
1375 2524 1476 2595 γῆν
1508 2523 1718 2577 οίκοῦσι
1763 2524 1862 2595 τὴν

280 2616 397 2669 όδόν
431 2633 526 2670 σου
552 2617 646 2669 καὶ
669 2615 730 2670 τὸ
755 2616 1022 2688 σωτήριόν
1051 2633 1168 2682 σου⁹
1199 2617 1395 2670 ταύτὸν
1419 2617 1528 2688 γάρ
1553 2618 1688 2681 ἐστι,
1722 2633 1864 2686 γνωι⁸

281 2708 407 2762 στὸν
434 2708 678 2780 ποιῆσαι,
705 2708 1050 2780 οίκτείρησον
1075 2709 1247 2781 ἡμᾶς,
1269 2711 1298 2762 6
1329 2709 1481 2774 Θεὸς,
1511 2709 1604 2762 καὶ
1635 2708 1861 2780 εὐλόγη-

280 2815 374 2852 σον
407 2802 574 2872 ἡμᾶς,
621 2803 712 2854 καὶ
751 2801 813 2854 τὸ
841 2800 1130 2872 πρόσωπόν
1161 2818 1252 2854 σου
1286 2801 1546 2870 ἐπίφανον
1583 2801 1667 2869 ἐφ’
1693 2802 1861 2871 ἡμᾶς,

281 2890 369 2945 ἴνα
402 2891 778 2964 πληρωθέντες
809 2893 984 2962 φωτὸς
1011 2895 1074 2946 ἐκ
1105 2893 1198 2947 τοῦ
1227 2891 1517 2964 προσώπου
1544 2908 1663 2956 σου,
1695 2909 1863 2946 κατα-

278 2981 579 3054 λάμψωμεν
611 2984 819 3049 πάντας
847 2983 1186 3057 ἀνθρώπους.
1215 2985 1279 3037 Et
1307 2983 1416 3054 γὰρ
1441 2984 1516 3056 μὴ
1549 2983 1700 3038 ταῦθ’
1733 2985 1862 3054 ἡμῖν

281 3075 592 3147 ὑπάρξειεν,
623 3077 774 3130 οὐδέν
797 3079 961 3148 ἐσμεν
991 3080 1150 3150 ἡμεῖς
1182 3077 1319 3150 πρὸς
1347 3078 1447 3149 τὴν
1482 3076 1577 3131 τοῦ
1605 3076 1862 3148 τηλικού-

277 3184 372 3222 του
409 3169 728 3241 πράγματος
759 3169 1118 3242 κατόρθωσιν.

1967 1978 2021 2025 et
2044 1978 2233 2040 gentes
2264 1970 2580 2025 universum
2614 1969 2803 2024 orbem
2836 1977 3201 2040 occupantes;
3235 1968 3336 2036 via,
3365 1975 3540 2022 auten

1968 2059 2082 2126 Dei,
2105 2071 2188 2117 est
2217 2063 2474 2132 religiosa
2498 2062 2632 2126 vita,
2657 2061 2817 2132 cujus
2869 2060 2992 2116 ﬁnis
3027 2062 3094 2116 ad
3121 2060 3300 2131 ipsum
3339 2059 3509 2114 Deum
3528 2114 3542 2125 ,

1964 2173 2062 2214 ceu
2111 2157 2179 2212 ad
2233 2156 2524 2228 quamdam
2578 2157 2850 2212 bonorum
2907 2154 3250 2224 metropolim
3303 2153 3543 2209 deducit.

1963 2249 2194 2320 ipseque
2220 2248 2480 2306 salutaris
2506 2263 2688 2304 sermo
2709 2248 2795 2302 via
2826 2245 2922 2301 Dei
2951 2247 3137 2302 fuerit.
3179 2245 3544 2313 Quamobrem

1965 2342 2068 2397 sub
2112 2341 2228 2396 hmo
2278 2342 2426 2395 velut
2464 2342 2792 2396 sententiam
2841 2339 3122 2410 explicans
3153 2338 3384 2408 adjicit:
3427 2357 3446 2389 ι
3487 2337 3545 2392 in

1963 2434 2220 2488 omnibus
2263 2432 2517 2504 gentibus
2563 2432 2808 2488 salutare
2837 2439 3012 2486 tuum.
3047 2450 3066 2483 ι
3123 2429 3195 2486 Ut
3236 2431 3418 2501 itaque
3451 2446 3542 2485 va-

1963 2527 2172 2582 leamus
2195 2526 2250 2579 in
2280 2525 2428 2579 omni
2454 2533 2600 2580 terra
2625 2525 2756 2580 etin
2783 2524 3039 2579 omnibus
3063 2523 3319 2594 gentibus
3345 2532 3545 2582 terram

1962 2617 2332 2673 incolentibus
2357 2617 2499 2671 viam
2528 2625 2678 2672 tuam
2701 2623 2755 2672 et
2777 2616 3020 2672 salutare
3046 2625 3221 2681 tuum,
3251 2629 3376 2670 nam
3404 2615 3546 2670 idem

1963 2711 2141 2782 ipsum
2180 2717 2288 2776 est,
2323 2719 2513 2764 notum
2551 2708 2752 2771 facere,
2788 2710 3051 2765 miserere
3075 2705 3457 2772 nostri,Deus,
3491 2715 3546 2762 et

1962 2804 2192 2860 benedic
2243 2803 2440 2868 nobis,
2483 2803 2802 2874 vultumque
2855 2810 3010 2857 tuum
3075 2801 3321 2856 illumina
3381 2815 3547 2872 super

1962 2913 2094 2964 nos;
2130 2905 2189 2951 ut
2224 2898 2431 2952 lumine
2462 2897 2647 2966 vultus
2687 2896 2764 2950 tui
2795 2896 2987 2967 repleti
3013 2917 3034 2958 ,·
3079 2911 3271 2950 omnes
3298 2895 3548 2952 homines

1961 2987 2323 3046 illustremus.
2355 2989 2572 3044 Atenim
2617 2991 2723 3046 nisi
2753 2989 2867 3044 haec
2901 2990 3060 3045 nobis
3093 2988 3391 3052 adfuerint,
3410 2989 3545 3044 nihil

1961 3082 2030 3137 ad
2054 3090 2266 3137 tantam
2295 3097 2411 3138 rem
2438 3081 2825 3154 perﬁciendam
2860 3097 3070 3139 sumus.

356 3300 376 3333 ‹
421 3281 1036 3356 Ἐξομολογησάσθωσάν
1082 3299 1164 3336 σοι
1193 3281 1334 3347 λαοὶ,
1369 3282 1398 3335 6
1429 3281 1581 3346 Θεὸς,
1606 3280 1858 3352 ἐξομολο-

2029 3283 2197 3341 Vens.
2220 3285 2333 3341 4-8.
2364 3302 2384 3337 ι
2421 3285 2799 3341 Conﬁteantur
2827 3285 2926 3339 tibi
2948 3283 3154 3354 populi,
3182 3282 3351 3346 Deus,
3375 3280 3548 3336 conli-

277 3376 640 3448 νησάσθωσάν
678 3393 760 3429 σοι
788 3375 910 3430 λαοὶ
941 3377 1161 3440 πάντες.
1193 3373 1687 3446 Εὐφρανθήτωσαν.
1721 3393 1739 3424 ι
1778 3375 1820 3426 Τ
1825 3375 1860 3426 ὰ

283 3467 384 3540 μὲν
412 3468 601 3540 πρῶτα
630 3471 838 3533 ἑαυτοῖς
861 3467 1166 3541 ἐπηύξαντο
1185 3469 1234 3520 oi
1261 3466 1370 3521 τῶν
1396 3465 1565 3520 ἐθνῶν
1588 3467 1854 3538 κήρυκες·

278 3559 350 3614 τὰ
375 3560 430 3614 δὲ
465 3560 799 3632 προκείμενα
825 3562 938 3624 τοῖς
965 3560 1026 3613 τὸ
1054 3559 1122 3613 δι’
1155 3557 1334 3612 αὐτῶν
1373 3558 1636 3629 κήρυγμα
1678 3574 1860 3628 παρα-

277 3649 612 3723 δεξαμένοις.
657 3653 768 3706 Καὶ
795 3652 860 3724 δὴ
889 3653 984 3706 καὶ
1013 3651 1230 3724 πρῶτον
1263 3650 1362 3722 μὲν
1401 3650 1585 3712 αὐτοῖς
1612 3647 1862 3720 ἐξομολο-

280 3747 493 3816 γήσεως
520 3745 798 3816 ἐνδοθῆναι
827 3745 1014 3819 χώραν
1039 3743 1312 3816 εὔχονται,
1344 3743 1494 3806 ὅπως
1521 3740 1592 3796 τὰ
1620 3741 1861 3814 πρότερα

282 3837 490 3891 ἑαυτῶν
539 3837 990 3910 πλημμελήματα
1037 3838 1134 3891 καὶ
1181 3836 1280 3900 τὰς
1339 3835 1397 3889 ἐν
1449 3833 1860 3906 εἰδωλολατρεία

279 3926 598 3992 ὼσσεδείας
639 3929 1064 4001 ἀπορρύψωνται
1109 3927 1199 3982 διὰ
1240 3927 1340 3998 τῆς
1390 3925 1856 4000 ἐξομολογήσεως·

279 4021 532 4094 δεύτερον
561 4021 932 4094 καθαρθέντας
963 4023 1160 4087 αὐτοὺς
1189 4025 1370 4092 τυχεῖν
1405 4023 1744 4094 εὐφροσύνης
1769 4022 1863 4075 καὶ

280 4113 652 4182 ἀγαλλιάσεως
677 4113 778 4183 τῆς
811 4113 962 4186 παρὰ
991 4113 1068 4184 τῷ
1097 4113 1216 4184 Θεῷ
1253 4112 1574 4168 ἱκετεύουσι.
1596 4113 1686 4167 Διὸ
1711 4113 1862 4186 πρῶ-

280 4222 370 4259 τον
396 4205 556 4275 φασιν
573 4221 589 4238 ο
629 4223 649 4258 ι
691 4203 1310 4277 Ἐξομολογησάσθωσάν
1332 4221 1416 4257 σοι
1443 4203 1584 4272 λαοὶ,
1606 4207 1635 4258 6
1659 4204 1810 4269 Θεός.
1838 4223 1857 4256 ι

295 4298 434 4352 Ἀλλ’
466 4298 588 4351 ἐπεὶ
622 4297 902 4352 συνέϐαινε
934 4298 1101 4369 μήπω
1127 4299 1366 4350 συνεῖναι
1389 4297 1540 4368 ἡμᾶς
1571 4297 1756 4361 ποίους
1784 4298 1863 4350 εί-

283 4391 486 4463 ρηκασι
530 4390 726 4455 λαούς·
775 4391 901 4443 ἐπεὶ
934 4390 1031 4442 καὶ
1065 4388 1126 4442 τὸ
1171 4388 1440 4442 Ἰουδαίων
1484 4387 1636 4451 ἔθνος
1677 4386 1862 4460 ἀθροί-

282 4499 467 4554 σματα
499 4483 593 4535 καὶ
624 4482 788 4545 λαοὺς
832 4480 1094 4553 ἐκέκτητο
1114 4497 1127 4508 °
1161 4480 1493 4549 ἀναγκαίως,
1527 4479 1612 4532 ἵνα
1656 4480 1862 4550 νοήσω-

1961 3381 2179 3429 teantur
2193 3374 2292 3429 tibi
2311 3375 2496 3446 populi
2516 3389 2728 3429 omnes.
2748 3372 3041 3428 Laztentur.
3077 3393 3094 3425 ι
3116 3372 3308 3428 Priora
3324 3373 3546 3443 quidem

1959 3467 2064 3523 sibi
2081 3482 2360 3538 praecones
2390 3469 2634 3540 gentium
2654 3467 3035 3538 postularunt;
3057 3466 3170 3521 haec
3191 3481 3320 3522 vero
3351 3465 3420 3521 iis
3449 3463 3546 3535 qui

1960 3557 2403 3628 praedicationem
2430 3573 2587 3614 suam
2612 3565 2967 3628 exceperunt.
2985 3556 3048 3610 Et
3065 3557 3238 3627 primo
3255 3555 3392 3628 ipsis
3413 3572 3549 3610 con—

1960 3649 2217 3708 fessionis
2246 3653 2427 3707 locum
2447 3652 2562 3707 dari
2586 3659 2900 3722 precantur,
2933 3658 2993 3706 ut
3023 3667 3119 3722 per
3143 3650 3546 3707 confessionem

1960 3743 2192 3814 pristina
2239 3742 2436 3799 delicta
2479 3752 2534 3800 et
2573 3743 2892 3799 idololatria:
2947 3743 3276 3813 impietatem
3336 3743 3550 3798 abstcro

1960 3841 2109 3906 gant.
2151 3832 2406 3890 Secundo
2435 3842 2630 3907 rogant
2658 3843 2718 3890 ut
2747 3835 2959 3906 purgati
2993 3835 3235 3892 laalitiam
3271 3845 3324 3890 et
3363 3837 3548 3890 exsul-

1961 3927 2224 3982 tationem
2263 3941 2295 3981 a
2337 3925 2452 3982 Deo
2511 3935 2943 3998 consequantur.
2994 3926 3175 3992 Quare
3233 3928 3408 3997 primo
3463 3928 3550 3982 ill-

1961 4029 2094 4075 cunt
2148 4039 2162 4075 :
2207 4038 2226 4072 ι
2263 4019 2641 4076 Conﬁteantur
2703 4020 2803 4074 tibi
2867 4020 3086 4091 populi,
3156 4019 3318 4075 Deus.
3371 4039 3389 4070 ι
3439 4019 3547 4076 Sed

1961 4113 2089 4183 quia
2124 4113 2366 4168 nondum
2401 4113 2562 4170 nobis
2583 4119 2777 4167 notum
2809 4123 2948 4175 erat,
2978 4112 3072 4183 qui
3105 4112 3292 4182 populi
3336 4111 3542 4167 indica-

1961 4213 2195 4275 rentur;
2236 4221 2362 4261 nam
2414 4206 2532 4277 ipsa
2564 4220 2786 4276 quoque
2830 4203 3057 4259 Judaica
3090 4219 3224 4274 gens
3271 4211 3450 4259 coetus
3491 4211 3548 4258 et

1962 4296 2192 4367 populos
2217 4295 2443 4363 habuit;
2476 4302 2536 4349 ut
2567 4295 2810 4350 sciamus
2834 4293 3036 4364 quibus
3063 4292 3130 4347 de
3165 4292 3383 4362 populis
3417 4308 3550 4364 aga-

1963 4395 2076 4451 tur,
2105 4387 2423 4443 necessario
2452 4392 2728 4458 repetunt,
2758 4392 3104 4453 mentemque
3159 4399 3315 4440 suam
3365 4384 3550 4440 decla-

1963 4489 2089 4536 rant
2122 4481 2210 4536 his
2231 4480 2453 4534 verbis:
2501 4497 2521 4531 ‹
2557 4476 2939 4532 Conﬁteantur
2953 4477 3052 4532 tibi
3079 4478 3263 4547 populi
3290 4491 3500 4534 omnes.
3523 4499 3544 4532 ι

285 4591 385 4646 μεν
411 4574 578 4628 ποίων
591 4573 1000 4645 ἐμνημόνευσαν
1026 4571 1194 4636 λαῶν,
1217 4569 1528 4644 δευτεροῦσι
1545 4571 1863 4645 τρανοῦντες

1969 4573 2108 4628 Num
2145 4573 2283 4627 forte
2335 4587 2432 4642 per
2461 4570 2674 4642 priores
2729 4569 2892 4634 illos,
2955 4567 3269 4624 Iudaeorum
3319 4571 3551 4641 populos

281 4666 378 4734 τὴν
423 4665 661 4720 διάνοιαν
700 4667 758 4718 ἐν
799 4663 877 4735 τῷ
916 4664 1094 4733 λέγειν
1117 4681 1129 4692 ⁸
1171 4683 1189 4714 ι
1247 4663 1863 4733 Ἐξομολογησάσθωσάν

285 4773 368 4809 σοι
388 4757 507 4810 λαοὶ
523 4758 743 4820 πάντες.
784 4776 802 4808 ι
838 4757 1062 4828 Μήποτε
1091 4757 1147 4810 δὲ
1179 4757 1265 4812 διὰ
1296 4757 1402 4810 τῶν
1431 4754 1711 4828 προτέρων
1737 4755 1864 4818 τοὺς

287 4848 438 4918 παρὰ
480 4848 750 4912 Ἰουδαίοις
778 4847 940 4911 λαοὺς
968 4849 1315 4915 αἰνίττονται,
1341 4847 1482 4918 ὑπὲρ
1510 4845 1689 4900 αὐτῶν
1719 4844 1863 4917 πρῶ-

289 4955 377 4992 τον
407 4939 506 5011 τὴν
544 4940 708 5012 εὐχὴν
749 4940 1191 5012 ἀναπέμψαντες,
1232 4941 1321 4995 διὰ
1357 4940 1415 4995 δὲ
1456 4939 1564 4995 τῶν
1595 4938 1862 5010 δευτέρων

287 5028 414 5092 τοὺς
446 5029 504 5098 ἐξ
547 5029 717 5084 ἐθνῶν
755 5031 952 5096 >.αούς;
981 5033 1158 5103 Ὅπερ
1199 5031 1286 5085 ἵνα
1325 5029 1600 5102 γνώριμον
1637 5029 1862 5098 γένηται

290 5122 401 5184 τοῖς
434 5121 838 5191 ἐντυγχάνουσι,
873 5123 1128 5192 διασαφεῖ
1155 5123 1378 5192 φάσκων
1407 5123 1436 5176 6
1466 5120 1624 5190 λόγος
1646 5136 1660 5150 ·
1701 5139 1718 5170 ‹
1755 5120 1862 5172 Εὐ-

296 5209 686 5283 φρανθήτωσαν
714 5213 808 5266 κα)⁸
835 5213 1284 5282 ἅγαλλιάσθωσαν
1315 5213 1464 5284 ἔθνη.
1504 5232 1523 5266 ι
1560 5211 1776 5283 Ἐπειδὴ
1806 5210 1864 5265 δὲ

297 5299 374 5365 δὶς
421 5302 500 5367 τὸ,
553 5322 571 5355 ι
627 5303 1212 5376 ἐξομολογησάσθωσάν
1263 5322 1365 5371 σοι,
1420 5325 1439 5357 ι
1495 5305 1728 5377 εἴρηται,
1765 5305 1867 5372 δρα

296 5394 508 5466 μήποτε
540 5396 601 5450 τὸ
633 5397 730 5468 μὲν
761 5396 978 5468 πρῶτον
1007 5396 1193 5468 ἐδήλου
1231 5398 1340 5451 τῶν
1374 5396 1653 5470 προτέρων
1684 5397 1868 5466 ἁμαρ-

294 5484 550 5555 τημάτων
590 5487 687 5557 τὴν
712 5487 1020 5558 ὁμολογίαν,
1053 5487 1114 5540 τὸ
1151 5487 1207 5540 δὲ
1233 5488 1504 5560 δεύτερον,
1546 5487 1644 5558 τὴν
1671 5487 1756 5554 ἐφ’
1788 5481 1870 5551 οἷς

295 5575 484 5648 ἔτυχον
510 5579 732 5648 ἀγαθοῖς
763 5580 1132 5651 εὐχαριστίαν.
1169 5581 1518 5652 Λαμϐάνεται
1550 5581 1661 5653 γὰρ
1692 5583 1724 5652 ἡ
1754 5580 1869 5647 εξο-

300 5670 586 5742 μηλόγησις
623 5673 716 5726 καὶ
744 5673 836 5726 ἐπὶ
866 5671 1233 5745 εὐχαριστίας.
1273 5673 1428 5726 Οὕτω
1457 5673 1588 5742 γοῦν
1617 5676 1646 5727 6
1677 5673 1867 5745 Σωτὴρ

382 5829 419 5862 ’⁸
443 5831 633 5902 Eplies.
671 5849 706 5896 ι,
729 5832 782 5888 '5.
859 5833 904 5866 ⁸⁹
926 5830 1068 5888 Psal.
1101 5849 1174 5896 iv,
1203 5834 1255 5887 7.
1369 5833 1413 5864 ’⁸
1435 5831 1623 5887 Matth.
1659 5849 1734 5892 xx.
1771 5833 1859 5886 9.5.

1969 4663 2336 4726 subindicant,
2395 4676 2495 4732 pro
2545 4661 2762 4732 illisque
2811 4661 3116 4717 orationem
3163 4660 3342 4732 primo
3393 4662 3554 4716 emit-

1968 4765 2122 4822 tunt;
2162 4771 2259 4825 per
2287 4753 2560 4810 secundos
2589 4760 2792 4816 autem,
2819 4752 3062 4823 gentium
3098 4751 3365 4822 populos?
3395 4749 3552 4816 Quod

1967 4854 2028 4898 ut
2061 4843 2362 4914 legentibus
2417 4843 2638 4912 planum
2688 4840 2801 4905 ﬁat,
2839 4840 2926 4894 his
2971 4838 3150 4893 verbis
3187 4837 3502 4894 declaratur
3534 4855 3549 4890 :

1975 4955 1993 4988 ‹
2042 4935 2318 4992 ιεειθηιυι·
2347 4942 2403 4990 et
2424 4934 2700 4990 exsultent
2719 4939 2930 5004 gentes.
2970 4950 2988 4983 ι
3015 4930 3285 4998 Quoniam
3317 4945 3445 4986 vero
3467 4929 3554 4984 bis

1967 5027 2125 5094 illud,
2162 5045 2182 5080 ι
2228 5025 2592 5082 conﬁteantur
2621 5025 2756 5096 tibi,
2796 5043 2815 5076 ι
2855 5025 3062 5079 dictum
3108 5033 3220 5089 est;
3276 5018 3554 5092 perpende

1969 5135 2102 5176 num
2141 5119 2378 5191 primum
2408 5118 2764 5189 pristinorum
2793 5116 3116 5171 delictorum
3145 5113 3553 5169 confessionem

1971 5209 2271 5282 signiﬁcet;
2311 5208 2612 5265 secundum
2645 5223 2794 5270 vero,
2831 5206 3132 5277 gratiarum
3192 5220 3292 5276 pro
3337 5203 3551 5260 collatis

1971 5304 2132 5360 bonis
2162 5304 2454 5358 actionem.
2475 5299 2612 5356 Nam
2635 5299 2911 5356 confessio
2939 5299 3104 5353 etiam
3133 5313 3231 5369 pro
3250 5297 3550 5368 gratiarum

1973 5397 2190 5452 actione
2236 5402 2556 5466 usurpatur.
2591 5392 2684 5448 Sic
2712 5394 2855 5448 enim
2896 5391 3154 5447 Servator
3181 5389 3389 5460 gratias
3439 5387 3551 5457 agit

1974 5491 2209 5547 dicens:
2254 5509 2272 5544 ι
2323 5488 2601 5544 Conﬁteor
2657 5487 2793 5552 tibi,
2839 5483 3022 5547 Pater,
3067 5481 3295 5537 Domine
3337 5481 3458 5536 σαθιὶ
3493 5486 3550 5534 et

1971 5590 2134 5641 terra:
2159 5583 2226 5637 ”.
2269 5603 2288 5635 ι
2322 5581 2455 5638 Post
2480 5581 2711 5652 primam
2746 5594 2877 5635 vero
2924 5588 2977 5633 et
3007 5576 3302 5632 secundam
3334 5572 3552 5628 confes-

1975 5673 2207 5737 sionem,
2236 5672 2348 5742 jam
2373 5672 2536 5727 tertio
2567 5686 2664 5742 pro
2704 5669 2957 5730 gentibus
2994 5667 3103 5722 illis
3129 5664 3396 5721 confessis
3427 5675 3553 5735 pre-
