4086 6442
547 389 654 444 675
1241 383 1508 441 EUSEBII
1547 381 2031 442 CIESARIENSIS
2071 381 2220 436 (iPP.
2260 380 2442 435 PARS
2473 379 2564 435 Ill.
2602 411 2668 420 --
2701 376 3112 433 EXEGETICA.
3755 365 3843 420 ωε

545 525 758 570 cantur.
818 510 1031 580 Quibus
1090 509 1310 565 verbis?
1358 529 1375 560 ι
1437 506 1712 563 ιωιοιιιιιι·
1765 517 1820 561 et
1865 507 2138 561 exsultent

2250 504 2558 575 ηὐχαρίστει
2583 500 2790 570 λέγων·
2829 519 2847 550 ι
2871 493 3344 568 Ἐξομολογοῦμαί
3529 485 3848 590 [Iungim-

545 615 754 680 gentes.
799 625 817 658 ι
850 604 968 670 Qua
1002 617 1129 658 vero
1173 603 1240 658 de
1277 616 1445 656 causa
1472 643 1486 667 ,
1519 600 1717 656 deinde
1745 599 1906 655 docet
1947 601 2028 653 sic
2063 598 2142 651 lo-

2250 613 2328 668 ριε
2352 595 2445 648 τοῦ
2479 596 2537 648 οὐ
2549 593 2708 665 ρανοῦ
2735 592 2830 645 καὶ
2859 591 2958 662 τῆς
2989 590 3111 659 γῆς.
3147 607 3166 639 ι
3205 583 3380 642 Μετά
3415 581 3482 634 δὲ
3511 580 3622 651 τὴν
3649 580 3856 680 πρώτῳ

546 670 760 773 quens:
799 717 819 750 ι
857 697 1125 765 Quoniam
1152 696 1426 768 iudicabis
1447 696 1676 766 populos
1699 695 1753 748 in
1789 693 2084 764 aequitate;
2118 713 2135 745 ι

2250 690 2338 742 καί
2384 687 2639 758 δευτέραν
2692 682 3078 754 ἐξομολόγησιν
3122 679 3480 750 ἐπεύχονται
3529 674 3654 736 τοῖς
3699 670 3856 772 ἔθνεσι

547 765 782 863 populos
839 795 1021 841 autem
1052 765 1167 841 non
1210 765 1461 857 aliquos,
1521 765 1649 840 aliis
1709 783 1997 847 dimissis;
2040 783 2140 839 sed

2250 784 2355 845 τοῖς
2401 775 2956 850 ὲξομολογησαμένοις
3000 773 3069 826 τὰ
3118 773 3298 844 τρίτα.
3344 768 3507 822 Τίνα
3553 765 3616 818 δὲ
3666 765 3858 830 enim;

549 858 764 945 omnes,
796 887 855 933 ut
883 877 1321 933 demonstratum
1369 877 1623 949 superius
1668 885 1794 933 est:
1839 877 1934 946 qui
1987 878 2140 947 gnari

2250 895 2266 925 ι
2314 870 2786 944 Εὐφρανθήτωσαν
2821 869 2912 920 καὶ
2961 865 3438 934 ἀγαλλιάσθωσαν
3491 858 3657 928 ἔθνη.
3706 876 3726 908 ι
3765 858 3859 910 lia:

550 974 776 1043 insuper
807 986 868 1027 se
897 970 995 1027 abs
1034 980 1088 1026 te
1113 970 1336 1026 ductum
1371 971 1475 1036 iri,
1526 981 1584 1024 ut
1609 971 1754 1024 viam
1782 970 1884 1024 sibi
1915 985 1944 1022 a
1984 970 2143 1025 nobis

2250 965 2331 1019 διὰ
2376 963 2536 1016 ποίαν
2576 961 2774 1024 αἰτίαν,
2804 960 2930 1031 ἑξῆς
2964 957 3204 1013 διδάσκει
3240 956 3468 1025 λέγων·
3513 969 3536 1002 c
3754 965 3863 1043 κρι-

551 1042 854 1120 indicatam-
880 1063 1290 1134 perambulent,
1319 1061 1443 1132 jure
1475 1061 1662 1116 laetitia
1689 1069 1744 1115 et
1775 1061 2143 1116 exsultatione

2250 1058 2353 1120 νεῖς
2383 1055 2547 1118 λαοὺς
2590 1056 2648 1106 ὲν
2697 1052 2972 1123 εὐθύτητι,
3013 1071 3031 1102 ι
3078 1052 3173 1104 καὶ
3220 1049 3299 1102 ὅτι
3348 1043 3570 1107 λαοὺς,
3618 1042 3682 1094 οὐ
3729 1042 3866 1105 nvi;

551 1131 926 1226 replebuntur.
963 1151 1073 1205 Pro
1101 1152 1192 1205 illo
1224 1131 1427 1212 autem,
1460 1168 1477 1200 ι
1511 1156 1566 1204 et
1589 1149 1886 1212 exsultent,
1927 1167 1945 1199 ι
1973 1148 2144 1218 Aqui-

2250 1146 2366 1216 μὲν,
2400 1143 2551 1208 τινὰς
2578 1143 2634 1197 δὲ
2673 1141 2768 1195 οὐ·
2812 1141 2947 1195 ἀλλὰ
2994 1141 3204 1202 πάντας
3232 1139 3384 1192 κατὰ
3425 1134 3505 1188 τὰ
3561 1131 3868 1226 ἔμπροσθεν

551 1223 624 1304 la,
655 1259 673 1290 ι
705 1246 758 1293 et
790 1235 1137 1306 laudabunt;
1173 1257 1192 1288 υ
1229 1235 1590 1307 Symmachus
1621 1249 1771 1298 vero,
1801 1253 1821 1286 ι
1879 1243 1934 1289 et
1979 1234 2146 1288 bene-

2250 1235 2603 1308 δεδηλωμένα.
2645 1235 2766 1286 Ἔτι
2813 1232 2872 1287 δὲ
2898 1233 3118 1301 γνόντα,
3160 1231 3240 1284 ὅτι
3277 1226 3729 1299 όδηγηθήσεται
3773 1223 3869 1277 ὑπὸ

550 1332 754 1394 dicant,
784 1351 803 1384 ι
841 1330 1184 1402 interpretati
1242 1337 1393 1386 sunt.
1441 1347 1460 1380 ι
1497 1326 1872 1383 Conﬁteantur
1899 1327 1998 1382 tibi
2048 1342 2145 1397 po-

2250 1327 2341 1382 σοῦ
2381 1328 2520 1400 πρὸς
2562 1327 2623 1381 τὸ
2666 1325 2882 1396 βαδίσαι
2908 1327 3006 1396 τὴν
3047 1323 3166 1377 ὁδὸν
3199 1324 3297 1394 τὴν
3324 1321 3438 1391 ὐφ’
3478 1321 3518 1389 ἡ
3531 1317 3663 1389 μῶν
3696 1317 3868 1380 αὐτοῖς

553 1427 685 1495 puli,
715 1424 878 1488 Deus,
911 1426 1284 1480 conliteantur
1315 1422 1409 1477 tibi
1470 1421 1656 1492 populi
1714 1433 1906 1474 omnes
1949 1437 1961 1472 :
1997 1427 2144 1473 terra

2250 1419 2678 1495 γνωριζομένην,
2707 1419 2930 1482 εἰκότως
2957 1417 3296 1489 εὐφροσύνης
3326 1416 3438 1468 καὶ
3480 1410 3868 1480 ἀγαλλιάσεως

551 1517 699 1572 dedit
728 1517 966 1573 fructum
990 1531 1173 1572 suum.
1209 1536 1228 1568 ι
1267 1514 1342 1570 De
1386 1514 1546 1570 bonis
1579 1513 1866 1585 promissis
1896 1512 2006 1566 tuis
2052 1511 2144 1566 lie-

2250 1510 2636 1582 πλησθήσεται.
2680 1510 2823 1562 Ἀντὶ
2865 1508 2922 1561 δὲ
2972 1507 3089 1570 τοῦ,
3122 1527 3139 1558 ι
3179 1508 3270 1560 καὶ
3299 1502 3822 1575 ἀγαλλιάσθωσαν.
3849 1524 3864 1552 ι

552 1611 829 1666 tabundus
855 1610 1092 1680 Spiritus
1131 1619 1380 1673 sanctus,
1409 1605 1602 1662 iisdem
1645 1605 1873 1660 vocibus
1919 1603 2142 1668 insistit,

2251 1622 2270 1653 ι
2296 1603 2386 1655 καὶ
2420 1602 2719 1656 αἰνέσουσιν
2759 1621 2778 1652 ι
2813 1603 2843 1653 ὁ
2888 1600 3118 1662 Ἀκύλας
3138 1615 3152 1629 ·
3185 1601 3214 1652 ὁ
3243 1598 3298 1651 δὲ
3332 1598 3701 1668 Σύμμαχος,
3733 1612 3754 1645 ι
3786 1593 3872 1646 καὶ

551 1703 709 1771 quasi
740 1704 808 1758 de
858 1704 1135 1756 communi
1195 1702 1574 1756 universorum
1633 1699 1916 1754 hominum
1971 1699 2145 1753 salute

2250 1693 2685 1764 εὐφημείτωσαν,
2714 1712 2732 1742 ι
2768 1692 3137 1763 ἡρμήνευσαν,
3167 1709 3186 1741 ι
3210 1685 3872 1760 Ἐξομολογησάσθωσὰν

553 1792 877 1848 delectatus.
908 1791 1088 1858 Quare
1135 1793 1220 1847 bis
1255 1801 1405 1846 terve
1461 1791 1728 1857 resumit,
1760 1805 1936 1860 neque
1967 1790 2084 1842 vult
2115 1804 2145 1842 a

2250 1805 2331 1840 σοι
2364 1787 2504 1850 λαοὶ,
2539 1787 2567 1840 ὁ
2597 1785 2750 1849 Θεὸς,
2788 1783 3383 1855 ὲξομολογησάσθωσάν
3436 1799 3538 1835 σοι
3585 1780 3713 1833 λαοὶ
3745 1780 3872 1834 πάν·-

553 1884 782 1938 salutari
830 1895 884 1939 et
930 1885 1244 1954 evangelico
1297 1883 1514 1938 cantico
1570 1882 1846 1938 secedere.
1906 1880 2142 1936 Rursum

2250 1895 2356 1944 τες·
2400 1878 2471 1948 γῆ
2500 1878 2683 1931 -ἒδωκε
2714 1878 2808 1931 τὸν
2837 1877 3046 1948 καρπὸν
3089 1876 3280 1948 αὐτῆς.
3313 1895 3330 1926 ι
3374 1875 3523 1929 Ἐπὶ
3573 1875 3708 1935 ταῖς
3743 1889 3870 1943 κρη-

555 1974 740 2045 itaque
763 1976 839 2029 ait
870 1992 883 2027 :
917 1996 935 2027 ι
958 1975 1338 2031 Conﬁteantur
1364 1976 1461 2031 tibi
1492 1975 1698 2046 populi,
1731 1974 1892 2029 Deus.
1934 1993 1953 2026 ι
1985 1973 2142 2040 Quod

2250 1973 2398 2036 σταῖς
2452 1971 2544 2024 κει)⁵
2595 1969 2826 2040 ἀγαθαῖς
2871 1968 3229 2038 ἐπαγγελίαις
3280 1967 3759 2040 εὐφραινόμενον
3815 1962 3870 2018 τὸ

553 2082 686 2122 sane
720 2068 1014 2122 maximum
1044 2076 1163 2124 erat
1199 2069 1549 2131 miraculum,
1569 2069 1697 2138 quia
1719 2067 1890 2123 Judaei
1923 2067 2142 2138 quidem

2250 2063 2472 2136 Πνεῦμα
2510 2062 2572 2116 τὸ
2616 2062 2792 2130 ἅγιον,
2840 2064 2957 2124 ταῖς
2999 2061 3191 2124 αὐταῖς
3222 2058 3579 2132 ἐνδιατρίϐει
3641 2058 3868 2126 φωναέ,

555 2157 938 2214 universorum
971 2158 1065 2215 Dei
1101 2161 1308 2215 cultum
1339 2173 1369 2213 a
1400 2161 1648 2230 patribus
1671 2160 1869 2223 edocti,
1898 2159 1951 2213 in
1976 2158 2145 2213 idolo-

2250 2157 2434 2230 ὥσπερ
2466 2155 2747 2228 ἐντρυφῶν
2775 2156 2842 2226 τῇ
2877 2157 3030 2226 κοινῇ
3065 2154 3282 2208 πάντων
3313 2151 3660 2225 ἀνθρώπων
3697 2165 3872 2220 σωτη-

555 2250 730 2305 latriae
771 2266 1016 2307 errorem
1052 2252 1370 2323 frequenter
1411 2252 1768 2323 proruebant.
1808 2250 2000 2324 Pepuli
2043 2268 2143 2306 an-

2250 2251 2359 2324 ρίᾳ.
2393 2250 2484 2303 Διὸ
2519 2246 2964 2319 ὲπαναλαμϐἁνει
2996 2247 3245 2319 δεύτερον
3277 2247 3373 2300 καὶ
3405 2245 3646 2318 τρίτον,
3685 2242 3786 2296 καὶ
3812 2241 3868 2294 οὐ

554 2349 666 2397 tem
702 2355 798 2412 per
838 2345 1028 2400 orbem
1059 2345 1327 2408 universi,
1351 2345 1446 2416 qui
1476 2359 1507 2399 a
1532 2345 1719 2400 multis
1741 2351 1890 2401 retro
1929 2347 2144 2402 saeculis

2250 2341 2496 2413 βούλεται
2541 2341 2846 2412 ἀναχωρεῖν
2878 2339 2972 2394 τοῦ
3022 2339 3292 2411 σωτηρίου
3341 2339 3440 2393 καὶ
3482 2331 3870 2404 εὐαγγελικοῦ

555 2435 730 2488 errori
756 2433 925 2489 dediti
958 2443 1137 2498 erant,
1168 2451 1413 2506 eousque
1461 2451 1644 2492 mores
1673 2435 2062 2503 immutabunt,
2088 2446 2146 2491 ut

2250 2434 2505 2506 ᾄσματος.
2550 2433 2718 2487 Πάλιν
2764 2426 2857 2485 οὖν
2906 2447 3089 2504 φησιν·
3146 2449 3163 2481 ι
3213 2425 3867 2502 Ἐξομολογησὰσθωσάν

556 2540 666 2580 non
700 2528 878 2582 solum
905 2535 957 2583 te
979 2529 1222 2582 omnium
1256 2528 1423 2583 Deum
1461 2535 1791 2600 agnoscant;
1845 2528 1940 2585 sed
1980 2529 2144 2582 etiam

2250 2543 2330 2580 σοι
2368 2527 2506 2594 λαοὶ,
2544 2529 2574 2581 ὁ
2619 2527 2769 2590 Θεός.
2812 2545 2830 2578 ι
2877 2527 2942 2578 Ὃ
2985 2525 3048 2596 δὴ
3093 2524 3347 2596 μέγιστον
3388 2517 3458 2594 ἦν
3501 2520 3745 2589 Θαῦμα,
3787 2518 3864 2568 ὅτι

555 2618 806 2674 ediscant
840 2621 941 2675 tibi
973 2622 1178 2692 duplici
1225 2622 1337 2693 jam
1390 2621 1594 2676 tradito
1641 2637 1792 2678 more
1846 2622 2142 2679 conﬁteri:

2257 2618 2498 2673 Ἰουδαῖοι
2526 2619 2646 2689 μὲν,
2686 2619 2750 2672 ὲκ
2778 2617 3030 2689 πατέρων
3061 2616 3152 2669 τὸν
3179 2614 3287 2669 τῶν
3315 2613 3452 2668 ὅλων
3487 2613 3644 2666 Θεὸν
3679 2608 3856 2663 σέϐειν

556 2713 702 2782 quod
736 2721 794 2767 ut
835 2717 1052 2769 eveniat
1084 2715 1198 2784 jam
1229 2715 1549 2770 vaticinium
1604 2723 1852 2782 matura;
1894 2723 1954 2769 ut
1989 2723 2146 2770 mter-

2250 2709 2631 2782 δεδιδαγμένοι,
2664 2710 2903 2780 συνεχῶς
2935 2708 3412 2782 ἐξετραχηλίζοντο
3441 2707 3552 2760 ἐπὶ
3588 2703 3702 2775 τὴν
3734 2701 3864 2754 πλά-

557 2816 754 2856 narum
816 2804 1245 2872 promissionum
1294 2803 1495 2860 oculati
1550 2811 1721 2860 testes
1771 2804 1964 2862 simus.
2022 2804 2146 2860 Haec

557 2907 724 2962 porro
748 2892 830 2948 sic
860 2893 1178 2964 accipienda
1211 2903 1362 2957 sunt,
1389 2901 1448 2948 ut
1486 2895 1702 2964 possint
1741 2907 1808 2951 ex
1852 2897 2148 2968 prOpheta-

557 3000 684 3039 rum
719 3000 951 3055 persona
977 2985 1082 3039 dici
1111 3003 1127 3051 ;
1163 2987 1232 3038 ita
1263 2991 1322 3038 ut
1346 2999 1468 3054 qua
1498 2992 1626 3040 ante
1659 2984 1964 3056 diapsalma
1993 2993 2143 3049 sunt,

558 3075 930 3146 apostolorum
959 3089 1206 3146 personae
1233 3075 1602 3141 conveniant;
1633 3089 1756 3146 qua:
1792 3090 1922 3130 vero
1953 3091 2148 3132 secun-

556 3167 686 3223 dum
723 3167 1026 3238 diapsalma
1058 3174 1360 3238 ponuntur,
1398 3167 1790 3238 prophetarum
1824 3168 2020 3230 choro,
2051 3167 2143 3238 qui

557 3276 621 3318 ea
651 3276 765 3332 qua:
789 3276 890 3315 nos
931 3259 1199 3325 videmus,
1246 3259 1351 3330 ipsi
1379 3274 1596 3330 quoque
1628 3260 1949 3329 conspicere
1997 3258 2148 3330 ﬂagi-

557 3355 770 3414 tabant,
796 3360 851 3407 et
881 3363 1062 3406 tamen
1091 3366 1203 3406 non
1229 3351 1487 3406 viderunt
1511 3351 1813 3407 secundum
1849 3350 2147 3407 Salvatoris

557 3455 748 3496 vocem
780 3442 848 3493 ".
905 3439 1111 3495 Deinde
1177 3439 1415 3494 dicitur:
1463 3459 1482 3492 ι
1526 3438 1696 3496 Terra
1727 3441 1876 3497 dedit
1913 3441 2148 3497 fructum

556 3546 754 3598 suum;
783 3547 802 3584 ι
832 3533 968 3596 sive,
999 3531 1302 3588 secundum
1329 3532 1718 3603 Symmachum
1745 3551 1758 3588 :
1799 3551 1818 3584 ι
1852 3532 2022 3588 Terra
2051 3533 2149 3588 da-

557 3622 638 3678 bit
671 3632 991 3692 proventum
1039 3638 1222 3678 suum.
1282 3642 1301 3675 ι
1339 3621 1478 3679 Vere
1535 3639 1772 3695 namque
1812 3623 2026 3682 fructus
2063 3642 2150 3682 se-

555 3713 801 3767 cundum
857 3721 1018 3769 terra:
1065 3721 1316 3768 naturam
1364 3721 1490 3776 est,
1553 3731 1716 3773 nosse
1769 3718 2148 3774 universorum

558 3803 752 3870 Deum,
777 3821 984 3876 eosque
1011 3807 1169 3877 queis
1207 3808 1262 3862 in
1299 3808 1386 3862 illa
1416 3807 1664 3864 habitare
1690 3824 2013 3867 concessum
2042 3819 2148 3876 est,

552 3898 774 3955 debitas
833 3900 941 3971 ipsi
988 3900 1368 3957 confessiones
1426 3911 1481 3956 et
1545 3903 1846 3973 gratiarum
1907 3903 2151 3957 actiones

550 3992 830 4048 emittere.
867 3992 1002 4047 Nam
1035 4009 1099 4049 ea
1129 3993 1197 4049 de
1223 4010 1394 4050 causa
1413 4002 1576 4050 terra:
1610 3995 1939 4051 elementum
1960 3995 2152 4050 condi-

551 4104 672 4150 tum
697 4102 803 4159 est,
833 4103 893 4150 ut
915 4095 1010 4166 qui
1038 4095 1092 4150 in
1131 4095 1222 4150 illa
1252 4103 1607 4152 versarentur
1631 4139 1646 4162 ,
1685 4096 1903 4166 pietatis
1939 4096 2151 4152 fructus

550 4187 899 4261 proferrent;
944 4186 1039 4243 sed
1070 4187 1142 4241 ob
1173 4187 1333 4257 primi
1379 4186 1618 4242 hominis
1646 4187 2148 4258 pmvaricationem

558 4281 766 4337 dictum
804 4288 930 4336 est:
975 4297 992 4332 ι
1033 4278 1314 4335 Maledicta
1353 4288 1500 4335 terra
1539 4280 1596 4334 in
1635 4281 1896 4351 operibus
1929 4281 2058 4335 tuis.
2092 4280 2148 4334 In

561 4373 750 4428 dolore
771 4369 1026 4427 comedcs
1073 4371 1246 4440 ipsam
1301 4371 1557 4426 omnibus
1588 4370 1784 4426 diebus
1842 4370 1965 4426 vitae
2021 4378 2146 4424 tuae.

560 4461 761 4534 Spinas
792 4471 848 4518 et
875 4462 1112 4518 tribulos
1141 4463 1469 4534 germinab‘it
1491 4463 1588 4517 tibi
1626 4464 1694 4516 ".
1734 4482 1752 4514 ι
1793 4465 1861 4516 At
1892 4477 1999 4516 non
2033 4469 2151 4515 erat

2245 2821 2343 2876 νην
2373 2805 2472 2876 τῆς
2495 2803 2936 2875 εἰδωλολατρείας
2957 2820 2972 2834 ο
3005 2803 3123 2856 λαοὶ
3146 2803 3203 2856 δὲ
3235 2802 3434 2865 πάντες
3460 2801 3518 2854 οἱ
3570 2796 3708 2852 καθ’
3733 2795 3859 2865 ὅλης

2244 2898 2344 2972 τῆς
2378 2896 2700 2968 οἰκουμένης
2727 2897 2791 2950 ὲκ
2821 2895 2917 2949 τοῦ
2955 2895 3168 2968 μακροῦ
3197 2894 3392 2958 αίῶνος
3422 2888 3857 2961 πεπλανημένοι

2246 2993 2327 3054 εἰς
2368 2987 2639 3060 τοσαύτην
2678 2988 2866 3058 ἥξουσι
2915 2987 3236 3060 μεταϐολὴν,
3275 2985 3352 3050 ὡς
3389 2986 3464 3058 μὴ
3507 2985 3692 3058 μόνον
3733 2983 3851 3035 ἐπι-

2248 3082 2449 3152 γνῶναί
2475 3099 2533 3136 σε
2560 3081 2652 3136 τὸν
2683 3083 2775 3135 ἐπὶ
2809 3082 3024 3135 πάντων
3046 3081 3200 3145 Θεὸν,
3230 3079 3367 3134 ἀλλὰ
3394 3081 3493 3134 καὶ
3522 3077 3853 3147 ἐπιστήμην

2248 3172 2534 3228 ἀναλαϐεῖν
2571 3170 2665 3226 τοῦ
2713 3171 3148 3243 ἐξομολογεῖσθαι
3192 3189 3275 3248 σοι
3322 3171 3464 3226 κατὰ
3509 3171 3619 3225 τὸν
3656 3165 3851 3224 ἀποδο-

2251 3264 2411 3319 θέντα
2449 3263 2628 3317 διττὸν
2664 3263 2896 3332 τρόπον’
2944 3265 3081 3336 ὅπερ
3133 3264 3220 3318 ῖνα
3268 3263 3492 3334 γένηται
3536 3261 3652 3332 ἤδη
3697 3256 3847 3320 mh

2248 3357 2474 3428 τάχυνον
2498 3356 2566 3410 τὰ
2595 3356 2697 3428 τῆς
2727 3357 3082 3429 προφητείας,
3111 3357 3198 3410 ἵνα
3245 3357 3514 3410 αὐτόπται
3560 3354 3684 3407 τῶν
3720 3353 3852 3406 αέα)-

2250 3449 2377 3502 νίων
2409 3448 2748 3518 ἐπαγγελιῶν
2780 3449 3094 3521 γενοίμεθα.
3142 3449 3458 3504 Ἀκουστέον
3487 3449 3547 3502 δὲ
3578 3446 3699 3500 τῶν
3724 3459 3850 3514 προ-

2248 3540 2516 3612 κειμένων
2549 3541 2624 3604 ώς
2661 3541 2975 3612 δυναμένων
3001 3543 3094 3595 καὶ
3128 3542 3193 3594 ὲκ
3228 3539 3522 3612 προσώπου
3569 3537 3690 3591 τῶν
3719 3550 3849 3604 προ-

2250 3631 2434 3704 φητῶν
2459 3633 2708 3702 λέγεσθαι
2729 3651 2740 3663 ο
2773 3633 2902 3688 ὥστ’
2944 3629 3084 3687 εἶναι
3113 3634 3180 3687 τὰ
3209 3629 3308 3705 μὲν
3329 3632 3436 3704 πρὸ
3468 3631 3568 3685 τοῦ
3615 3625 3846 3697 διαψάλ-

2253 3744 2439 3798 ματος,
2478 3725 2784 3797 ἁρμόζοντα
2825 3725 2902 3798 τῷ
2933 3724 3209 3798 προσώπῳ
3240 3724 3350 3780 τῶν
3393 3723 3744 3785 ἀποστόλων,
3780 3717 3845 3770 τὰ

2249 3821 2306 3874 δὲ
2339 3821 2476 3892 μετὰ
2500 3821 2561 3874 τὸ
2585 3819 2883 3891 διὰψαλμα,
2910 3819 2990 3890 τῷ
3018 3819 3164 3892 χορῷ
3196 3819 3304 3874 τῶν
3333 3821 3662 3892 προφητῶν,
3704 3816 3840 3869 0Z1.-

2251 3933 2340 3980 νες
2363 3914 2668 3987 ἐπεθύμουν
2705 3915 2832 3968 ἰδεῖν
2854 3913 2890 3969 ἃ
2919 3917 3078 3985 ἡμεῖς
3117 3913 3408 3984 βλέπομεν,
3436 3913 3534 3967 καὶ
3565 3915 3673 3968 οὐκ
3704 3909 3841 3964 εἶδον

2251 4007 2392 4062 κατὰ
2424 4007 2522 4079 τὴν
2565 4009 2829 4079 σωτήριον
2879 4007 3083 4079 φωνήν.
3123 4005 3281 4077 Ἑξῆς
3317 4005 3530 4070 τούτοις
3577 4005 3835 4077 εἴρηταιο

2255 4121 2273 4152 ι
2307 4101 2382 4171 Γῆ
2410 4100 2576 4154 ἔδωκε
2600 4100 2691 4154 τὸν
2719 4099 2928 4171 καρπὸν
2955 4099 3122 4170 αὐτῆς
3142 4117 3157 4130 ·
3190 4119 3209 4152 ι
3249 4098 3281 4170 ἢ
3315 4097 3458 4152 κατὰ
3485 4098 3580 4151 τὸν
3610 4098 3841 4167 Σύμμα-

2250 4210 2376 4259 χον·
2419 4211 2439 4245 ι
2487 4192 2566 4263 Γῆ
2600 4190 2760 4246 δώσει
2792 4191 2891 4263 τὴν
2931 4190 3102 4262 φορὰν
3153 4189 3341 4259 αὐτῆς.
3379 4210 3398 4240 ι
3449 4189 3685 4260 Καρπὺς
3729 4184 3836 4254 γὰρ

2249 4284 2326 4346 ὡς
2356 4283 2572 4354 ἀληθῶς
2599 4285 2627 4336 ὁ
2660 4283 2802 4337 κατὰ
2845 4283 3006 4351 φύσιν
3030 4282 3132 4353 τῆς
3171 4281 3277 4352 γῆς
3309 4283 3425 4335 ἐστι
3453 4282 3514 4334 τὺ
3541 4277 3835 4352 γνωρίζειν

2248 4374 2340 4428 τὸν
2371 4374 2464 4427 ἐπὶ
2487 4375 2705 4428 πάντων
2727 4372 2880 4437 Θεὸν,
2898 4373 3004 4448 ,καὶ
3024 4371 3123 4436 τὰς
3157 4372 3510 4444 ὀφειλομένας
3537 4371 3692 4443 αὐτῷ
3720 4370 3831 4435 ἑξο-

2255 4466 2574 4538 μολογήσεις
2617 4467 2711 4520 καὶ
2743 4466 3088 4538 εὐχαριστίας
3136 4465 3477 4536 ἀναπέμπειν
3503 4468 3629 4530 τοὺς
3665 4463 3831 4518 οἰκεῖν

560 4553 652 4610 hic
683 4553 894 4609 fructus
915 4561 1074 4608 terrae
1095 4553 1399 4608 secundum
1427 4565 1680 4610 naturam
1702 4572 1716 4617 ;
1749 4553 1844 4609 sed
1863 4553 2145 4625 praedictio

2251 4559 2420 4631 αὐτὴν
2450 4558 2868 4631 ὲπιτραπέντας.
2907 4559 3028 4612 Ἐπὶ
3054 4557 3213 4611 τοῦτο
3242 4559 3340 4629 μὲν
3365 4558 3473 4628 γὰρ
3495 4555 3826 4613 κατεσκεύα-

560 4647 786 4702 malitiae
852 4660 975 4716 qua:
1022 4654 1220 4717 praeter
1278 4655 1530 4702 naturam
1589 4647 1646 4701 in
1701 4661 1766 4702 ea
1810 4646 2148 4716 pullulatura

559 4744 698 4793 erat.
754 4735 889 4792 Nam
933 4748 1130 4808 praeter
1160 4749 1412 4793 naturam
1453 4739 1625 4810 spinae
1668 4745 1723 4794 et
1753 4738 1938 4794 tribuli
1971 4739 2148 4793 oborti

561 4838 692 4886 sunt
717 4839 944 4900 propter
974 4831 1479 4901 praevaricationem
1513 4847 1623 4885 non
1651 4831 1831 4886 solum
1856 4831 2016 4902 primi
2052 4830 2149 4884 ho-

561 4919 742 4974 minis.
770 4921 863 4975 sed
892 4921 1055 4976 etiam
1076 4937 1264 4977 eorum
1298 4923 1392 4992 qui
1430 4932 1554 4992 post
1582 4923 1733 4977 illum
1787 4923 1842 4978 in
1890 4923 2147 4992 impieta-

561 5027 671 5076 tem
700 5023 938 5093 prolapsi
973 5031 1123 5078 sunt.
1151 5023 1287 5090 Quia
1347 5025 1401 5079 in
1455 5026 1725 5096 principio
1757 5024 1978 5096 quando
2012 5025 2152 5080 dixit

563 5111 745 5168 Deus:
788 5133 807 5164 ι
845 5112 1124 5169 Germinct
1150 5122 1296 5170 terra
1328 5115 1552 5171 herbam
1577 5115 1684 5172 feni
1708 5157 1724 5179 ,
1781 5117 2147 5171 seminantem

562 5219 772 5267 semen,
804 5205 1106 5259 secundum
1137 5220 1310 5275 genus
1334 5215 1388 5260 et
1415 5206 1852 5271 similitudinem,
1870 5213 1923 5262 et
1942 5207 2146 5278 lignum

562 5294 905 5350 fructiferum
964 5295 1145 5352 ferens
1197 5297 1455 5363 fructum,
1490 5299 1650 5368 cujus
1683 5314 1870 5355 semen
1923 5300 1976 5352 in
2029 5299 2149 5369 ipso

560 5389 634 5444 sit
665 5388 966 5443 secundum
1013 5405 1185 5458 genus
1230 5406 1397 5460 super
1428 5401 1628 5446 terram
1661 5391 1737 5459 ";
1801 5409 1822 5443 ι
1878 5405 2146 5461 nusquam

563 5481 769 5535 mentio
801 5481 1082 5552 spinarum
1133 5497 1197 5538 ac
1235 5484 1562 5539 tribulorum
1592 5491 1706 5542 est:
1767 5499 1947 5553 neque
2001 5491 2147 5537 terra

563 5579 752 5634 isthicc
785 5581 1165 5656 produxisset.
1202 5584 1309 5638 nisi
1359 5583 1673 5638 hominibus
1719 5582 2147 5652 inobsequentiae

563 5686 859 5742 subsecuta
884 5689 1018 5743 ultio
1047 5697 1211 5746 esset.
1242 5687 1298 5742 In
1332 5688 1553 5742 malitiae
1575 5703 1727 5760 ergo,
1751 5703 1872 5760 quae
1900 5687 2143 5741 homini-

639 5861 834 5969 "Luc.
874 5881 926 5929 κ,
965 5865 1054 5919 Ἡ.
1133 5868 1178 5896 ⁹²
1202 5865 1336 5921 Gen.
1374 5884 1454 5933 Ill,
1493 5867 1577 5923 Π.
1695 5866 1740 5898 ⁸³
1766 5864 1901 5921 Gen.
1955 5880 1994 5929 l,
2051 5866 2140 5922 Η.

2255 4668 2377 4706 σται
2418 4652 2480 4705 τὸ
2509 4653 2609 4724 τῆς
2638 4653 2741 4724 γῆς
2776 4655 3053 4723 στοιχεῖον,
3099 4652 3191 4705 ἐπὶ
3221 4650 3282 4705 τὺ
3310 4652 3436 4716 τοὺς
3473 4655 3531 4706 ἐν
3562 4654 3701 4723 αὐτῇ
3731 4648 3826 4711 τὰς

2252 4741 2536 4813 διατριϐὰς
2581 4746 2936 4816 ποιουμένους
2980 4744 3260 4809 εὐσεϐείας
3307 4745 3635 4818 προσφέρειν
3692 4758 3823 4812 καρ-

2254 4835 2388 4898 πούς
2410 4851 2424 4864 ο
2451 4834 2540 4888 διὰ
2563 4835 2619 4888 δὲ
2654 4837 2753 4908 τὴν
2780 4835 2875 4890 τοῦ
2908 4836 3124 4909 πρώτου
3157 4837 3347 4907 ἀνδρὸς
3370 4837 3680 4909 παράϐασιν
3709 4835 3823 4889 ἐλέ-

2251 4925 2356 4997 χθη
2382 4943 2396 4955 ·
2435 4945 2454 4979 ι
2493 4926 2923 5000 Ἐπικατάρατος
2953 4930 2987 5000 ἠ
3017 4929 3091 4999 γῆ
3123 4930 3180 4982 ὲν
3213 4932 3321 4993 τοῖς
3358 4927 3538 5000 ἔργοις
3579 4946 3693 4985 σου.
3739 4927 3822 4980 Ἐν

2251 5018 2448 5084 λύπαις
2498 5019 2646 5094 φάγῃ
2696 5020 2866 5092 αὐτὴν
2914 5021 3096 5086 πάσας
3131 5021 3230 5086 τὰς
3279 5021 3489 5092 ἡμέρας
3529 5021 3630 5092 τῆς
3679 5018 3821 5090 ζωῆς

2255 5127 2349 5164 σου
2368 5128 2381 5140 ·
2412 5111 2652 5174 ἀκάνθας
2677 5112 2770 5164 καὶ
2793 5111 3077 5183 τριϐόλους
3099 5113 3344 5167 ἀνατελεῖ
3371 5131 3472 5169 σοι.
3506 5133 3524 5165 ι
3559 5115 3698 5168 Ἀλλ’
3725 5112 3818 5166 οὐκ

2249 5197 2316 5272 ἦν
2344 5199 2497 5266 οὗτος
2524 5205 2552 5256 ὁ
2594 5205 2735 5257 κατὰ
2780 5204 2942 5273 φύσιν
2973 5207 3184 5280 καρπὸς
3222 5206 3322 5278 τῆς
3352 5207 3486 5278 γῆς’
3522 5207 3815 5280 πρόρῤησις

2249 5295 2307 5348 δὲ
2336 5295 2436 5367 τῆς
2471 5296 2768 5368 μελλούσης
2796 5297 2952 5368 φύειν
2979 5300 3036 5352 ὲν
3065 5300 3200 5371 αὐτῇ
3236 5302 3386 5372 παρὰ
3419 5299 3578 5369 φύσιν
3604 5299 3811 5360 κακίας.

2251 5388 2410 5459 Παρὰ
2438 5388 2598 5458 φύσιν
2623 5389 2732 5462 γὰρ
2760 5391 2817 5445 αί
2843 5391 3076 5446 ἄκανθαι
3107 5394 3200 5445 καὶ
3232 5393 3466 5464 τρίϐολοι
3485 5392 3573 5446 διὰ
3594 5393 3690 5464 τὴν
3712 5406 3808 5445 πα-

2251 5481 2480 5554 ράϐασιν
2513 5484 2812 5537 ὐποστᾶσαι
2841 5485 2902 5538 οὐ
2939 5486 3099 5556 μόνον
3139 5487 3232 5540 τοῦ
3264 5486 3479 5558 πρώτου
3511 5487 3810 5560 ἀνθρώπου,

2249 5575 2384 5630 ἀλλὰ
2414 5577 2508 5629 καὶ
2531 5576 2642 5632 τῶν
2674 5580 2792 5649 μετ’
2819 5578 2980 5632 αὐτὸν
3007 5579 3356 5650 ἠσεϐηκότων
3374 5596 3387 5611 ’
3423 5581 3545 5633 ἐπεὶ
3572 5581 3690 5632 κατ’
3719 5580 3809 5648 ἀρ·

2248 5666 2369 5738 χὰς,
2403 5667 2490 5720 ἄτε
2537 5663 2690 5723 εἶπεν
2719 5672 2748 5723 ὁ
2791 5670 2950 5736 Θεός·
2982 5690 3001 5723 ι
3039 5671 3451 5743 Βλαστησὰτωὴ
3479 5671 3551 5743 γῆ
3592 5671 3811 5742 βοτάνην
