4086 6442
222 387 360 444 677

1386 387 1887 446 COMMENTARIA
1932 389 1994 442 IN
2039 389 2374 448 PSAIMOS.

3421 397 3527 453 678

220 504 475 576 χόρτου·
509 501 731 574 σπεῖρον
765 499 986 574 σπέρμα
1013 500 1155 555 κατά
1186 483 1344 572 γένος
1378 502 1471 557 καὶ
1503 501 1626 556 καθ’
1657 503 1835 575 ὁμοιό-

1939 503 2043 560 bus
2087 514 2275 576 postea
2326 503 2544 563 inhaesit
2574 545 2590 570 ,
2644 507 2933 578 imaginem
2960 546 2976 571 ,
3017 508 3189 579 spina:
3236 516 3290 564 ct
3339 511 3527 568 tribuli

217 613 413 669 τητα,
451 593 546 649 καὶ
598 592 753 660 ξύλον
815 594 1095 666 κάρπιμον
1142 593 1330 648 ποιοῦν
1381 595 1613 668 καρπὸν,
1661 591 1722 650 οὗ
1770 596 1831 649 τὸ

219 689 479 758 σπέρμα
510 685 674 739 αὑτοῦ
714 687 773 738 ἐν
815 684 965 757 αὐτῷ
996 685 1138 739 κατά
1180 685 1338 754 γένος
1366 686 1459 739 ἐπὶ
1489 685 1592 756 τῆς
1626 685 1731 757 γῆς
1751 705 1766 718 ·
1807 705 1824 738 i

217 776 460 848 οὐδαμῆ
494 777 679 848 μνήμη
713 775 936 844 γέγονεν
965 773 1218 829 ἀκανθῶν
1243 775 1364 828 οὐδὲ
1394 774 1660 847 τριϐόλων
1684 793 1697 806 ο
1722 777 1830 830 οὐδ’

223 867 311 920 ἂν
350 865 518 936 ἐφυσε
547 865 719 919 ταῦτα
746 866 779 936 ἡ
803 864 896 935 γῆ,
927 867 974 918 εἰ
1003 867 1077 937 μὴ
1105 864 1172 919 τά
1193 865 1292 937 τῆς
1327 865 1614 938 παρακοῆς
1637 868 1834 938 ἐπηκο-

223 957 513 1029 λούθησεν
540 956 833 1028 ἀνθρώπῳ.
863 957 975 1028 Τῆς
1016 956 1148 1025 γοῦν
1181 956 1405 1026 ὕστερον
1448 957 1832 1030 ἐπισυμϐάσης

229 1049 560 1121 ἀνθρώποις
586 1047 782 1112 κακίας
824 1047 1029 1111 εἰκόνες
1057 1047 1300 1119 ἐφύησαν
1328 1048 1560 1103 ἄκανθαι
1588 1049 1682 1102 καὶ
1711 1047 1830 1119 τρί-

229 1139 420 1193 σολοι.
451 1136 614 1191 Ὅθεν
645 1136 734 1191 ῐνα
774 1136 947 1190 ταῦτα
991 1137 1280 1208 ἀπόληται,
1327 1137 1438 1211 πῦρ
1468 1134 1599 1210 ἦλθε
1653 1137 1832 1209 βαλεῖν

228 1226 344 1279 ἐπὶ
388 1224 486 1296 τὴν
515 1224 619 1295 γῆν
657 1225 687 1277 ό
723 1223 933 1296 Σωτήρ.
983 1225 1092 1280 Καὶ
1123 1225 1186 1298 δὴ
1227 1226 1322 1280 τοῦ
1366 1228 1637 1300 σωτηρίου
1670 1228 1830 1298 λόγου

225 1319 406 1390 δίκην
435 1318 605 1390 πυρὸς
644 1318 742 1383 τὰς
767 1318 1006 1384 ἀκάνθας
1040 1321 1132 1374 καὶ
1167 1323 1295 1386 τοὺς
1323 1321 1604 1394 τριϐόλους
1637 1323 1834 1393 ἀφανί-

226 1411 453 1476 ζοντος,
481 1410 735 1465 νεωθεῖσα
765 1412 863 1482 τῆς
888 1411 1141 1483 κακίαςὴ
1171 1411 1340 1484 ψυχὴ,
1367 1412 1458 1466 τὸν
1487 1413 1832 1486 προσήκοντα

225 1504 384 1575 αὐτῇ
417 1504 512 1557 καὶ
535 1503 868 1575 κατάλληλον
899 1503 1112 1574 καρπὸν
1149 1504 1456 1558 ἀποδίδωσι.
1494 1505 1692 1577 Διόπερ
1713 1505 1832 1559 λαοὶ

231 1599 349 1668 μὲν
401 1599 604 1661 πάντες
653 1597 1100 1669 ἐξομολογοῦνται
1125 1615 1138 1628 ·
1183 1597 1310 1670 ἔθνη
1357 1598 1414 1652 δέ
1463 1599 1556 1651 ἐπὶ
1585 1599 1686 1670 τῆς
1729 1599 1829 1669 γῆς

225 1689 586 1764 ὀδηγοῦνται.
623 1691 844 1755 Τούτοις
873 1707 934 1743 τε
975 1689 1304 1755 ἀκολούθως,
1337 1691 1690 1762 ἐπενήνεκται
1731 1691 1791 1744 τό
1814 1707 1828 1721 ο

235 1803 257 1836 ι
295 1784 379 1856 Γῆ
414 1783 581 1838 ἔδωκε
621 1783 713 1837 τὸν
751 1783 965 1856 καρπὸν
1007 1783 1198 1854 αὐτῆς.
1259 1782 1567 1855 Εὐλογήσαι
1612 1784 1762 1854 ημᾶς
1803 1785 1832 1837 6

225 1875 399 1940 Θεὸς,
449 1877 478 1929 ο
509 1875 640 1940 Θεὸς
678 1876 860 1948 ἡμῶν,
904 1876 1202 1947 εὐλογῆσαι
1240 1877 1388 1947 ἡμᾶς
1433 1877 1464 1929 ό
1509 1875 1664 1940 Θεός.
1715 1877 1829 1931 Καὶ
1863 1863 1904 1920 Β

227 1967 642 2040 φοϐηθήτωσαν
692 1968 856 2022 αὐτὸν
904 1969 1081 2023 πάντα
1125 1969 1196 2022 τά
1240 1968 1457 2040 πέρατα
1497 1969 1598 2042 τῆς
1629 1969 1752 2040 γῆς.
1803 1988 1822 2022 ι

231 2060 370 2112 Εἴτε
399 2061 448 2112 οἰ
479 2059 764 2114 ἀπόστολοι
794 2060 888 2114 τοῦ
913 2060 1164 2132 Σωτῆρος
1193 2062 1226 2132 ἡ
1237 2059 1373 2131 μῶν,
1395 2063 1504 2116 εἴτε
1532 2063 1579 2115 οἰ
1611 2061 1831 2116 παλαιοὶ

227 2149 336 2204 τοῦ
368 2150 506 2205 Θεοῦ
565 2152 839 2224 προφῆται
869 2152 1136 2225 (ἐκατέρῳ
1175 2153 1285 2224 γάρ
1314 2152 1555 2224 τάγματι
1588 2154 1832 2226 ἐφαρμό-

229 2244 322 2308 ζει
351 2243 423 2297 τά
453 2243 779 2315 λεγόμενα),
812 2243 1061 2316 εὔχονται
1104 2245 1206 2316 τῆς
1235 2245 1393 2316 παρά
1438 2245 1532 2299 τοῦ
1563 2245 1699 2300 Θεοῦ
1734 2246 1828 2300 εὐ-

228 2333 430 2404 λογίας
468 2339 672 2406 τυχεῖν,
712 2331 780 2408 ἧς
809 2337 903 2390 καὶ
935 2334 1196 2407 ἀνωτέρω
1237 2335 1338 2408 τὴν
1371 2335 1610 2391 διάνοιαν
1657 2353 1829 2411 παρε-

231 2428 558 2498 στήσαμεν,
599 2427 907 2492 δεικνύντες
961 2429 1110 2492 ὅπως
1151 2429 1234 2493 τὸ,
1297 2447 1316 2480 ‹
1375 2428 1682 2494 Δύξάνεσθε
1737 2431 1832 2484 καί⁸

231 2521 580 2593 πληθύνεσθε
614 2522 710 2576 καί⁵
756 2520 1082 2595 πληρώσατε
1126 2521 1226 2592 τὴν
1275 2521 1404 2592 γῆν,
1450 2522 1546 2576 καὶ
1585 2539 1832 2576 κατακυ-

245 2614 503 2686 ριεύτατε
543 2614 734 2686 αὐτῆς,
772 2634 790 2666 ι
830 2615 922 2668 ἐπὶ
954 2613 1158 2667 τούτων
1189 2613 1496 2686 ἐπληροῦτο
1527 2632 1831 2687 πνευματι-

246 2706 389 2771 κῶς.
419 2708 654 2774 Πάρεστι
685 2707 814 2777 γοῦν
847 2707 993 2780 ἔργῳ
1019 2707 1377 2779 παραλαϐεῖν,
1403 2708 1478 2772 ὡς
1505 2711 1538 2780 ὴ
1571 2709 1833 2781 σύμπασα

245 2800 321 2871 γῆ
359 2801 456 2870 τῆς
489 2799 710 2852 ἐκείνων
748 2799 996 2870 διαδοχῆς
1031 2798 1343 2872 ἐπληρώθη.
1378 2801 1447 2853 Δῖ
1471 2818 1530 2853 τε
1559 2799 1682 2855 καθ’
1706 2801 1835 2871 ὅλης

237 2891 344 2962 τῆς
374 2892 695 2963 οἰκουμένης
721 2890 1017 2962 ἱδρυθεῖσαι
1042 2891 1137 2945 τοῦ
1166 2893 1415 2964 Σωτῆρος
1432 2892 1828 2964 ἡμῶνἘκκλη-

1934 597 2145 652 suborti
2199 606 2350 657 sunt.
2409 600 2819 667 Quamobrem,
2875 609 2935 654 ut
2986 600 3100 656 haec
3170 601 3526 672 dispeream,

1932 686 2111 755 ignem
2152 686 2207 740 in
2238 696 2442 742 terram
2492 688 2722 743 missum
2760 688 3018 744 Servator
3063 691 3231 745 venit.
3281 689 3347 745 Et
3395 706 3530 746 sane

1933 777 2160 834 salutari
2203 779 2374 834 verbo
2405 779 2549 851 ignis
2584 781 2760 836 instar
2787 782 2976 850 spinas
3011 790 3064 837 et
3095 784 3332 840 tribulos
3362 786 3527 839 absu-

1891 893 1900 900 ι
1934 877 2113 924 mente
2135 909 2150 928 .
2201 878 2464 926 renovata
2496 874 2677 926 anima
2707 867 2972 927 malitiam
3025 889 3234 932 exuens
3259 915 3276 941 ,
3325 891 3529 932 conve-

1931 968 2169 1015 mentem
2197 962 2300 1016 sibi
2326 971 2378 1017 et
2406 973 2836 1019 consentaneum
2863 965 3102 1021 fructum
3121 966 3352 1036 profert.
3379 966 3526 1034 Qua-

1933 1061 2156 1123 propter
2196 1055 2384 1125 p0puli
2429 1070 2622 1111 omnes
2657 1057 3027 1125 conﬁtentur;
3063 1067 3255 1129 gentes
3287 1075 3419 1114 vero
3469 1061 3525 1116 in

1933 1158 2076 1203 terra
2100 1147 2434 1220 diriguntur.
2465 1149 2548 1203 Ad
2575 1149 2690 1204 haac
2721 1158 2900 1205 autem
2929 1161 3329 1221 consequenter
3354 1151 3528 1208 infer-

1932 1247 2022 1293 tur
2045 1240 2221 1294 illud:
2266 1259 2285 1292 ι
2329 1240 2501 1295 Terra
2531 1241 2681 1296 dedit
2731 1240 2968 1295 fructum
3013 1258 3197 1298 suum.
3231 1243 3525 1299 Benedicat

1931 1347 2035 1386 nos
2064 1331 2229 1398 Deus,
2269 1331 2415 1388 Deus
2445 1343 2654 1397 noster,
2685 1331 2974 1387 benedicat
3001 1349 3104 1389 nos
3138 1333 3302 1398 Deus,
3331 1343 3386 1389 et
3413 1350 3527 1388 me-

1932 1432 2090 1479 tuant
2112 1441 2236 1479 eum
2265 1441 2459 1482 omnes
2488 1427 2625 1483 ﬁnes
2662 1435 2842 1482 terrae.
2886 1447 2904 1479 ι
2943 1424 3070 1484 Sive
3112 1429 3341 1498 apostoli
3391 1427 3528 1482 Ser-

1893 1517 2140 1582 ,vatoris
2171 1520 2376 1582 nostri,
2409 1519 2525 1574 sive
2567 1518 2736 1590 prisci
2792 1511 2868 1572 illi
2907 1517 3001 1574 Dei
3049 1519 3326 1590 propheta:
3376 1520 3526 1589 (nam

1933 1610 2154 1680 utrique
2208 1612 2390 1668 ordini
2443 1613 2557 1668 haec
2609 1613 2757 1668 dicta
2808 1613 3168 1684 competunt),
3226 1611 3316 1668 Dei
3360 1612 3527 1668 bene-

1933 1699 2230 1757 dictionem
2267 1706 2532 1776 consequi
2588 1713 2914 1776 precantur,
2966 1705 3126 1775 cujus
3159 1715 3392 1760 mentem
3430 1720 3529 1759 su-

1933 1808 2031 1864 pra
2057 1794 2482 1863 declaravimus,
2517 1813 2643 1853 cum
2682 1798 2839 1862 illud,
2878 1817 2898 1850 ‹
2939 1797 3194 1855 Crsecite
3231 1807 3284 1852 et
3338 1796 3527 1851 multi-

1933 1887 2212 1958 plicamini
2234 1898 2288 1945 et
2311 1891 2513 1961 replete
2539 1901 2762 1955 terram,
2780 1899 2834 1946 et
2854 1890 3212 1945 dominamini
3244 1889 3473 1950 illius“.
3500 1907 3520 1942 ι

1933 1979 1989 2032 in
2044 1980 2180 2050 ipsis
2218 1981 2582 2051 spiritualiter
2609 1983 2942 2052 completum
2979 1998 3104 2038 esse
3142 1982 3523 2052 probaremus.

1933 2075 2086 2132 Licet
2128 2072 2298 2144 igitur
2334 2075 2419 2130 vel
2449 2089 2518 2130 ex
2548 2074 2718 2146 gestis
2742 2073 2909 2129 rebus
2943 2073 3268 2143 intelligere,
3303 2072 3525 2126 univer-

1934 2186 2051 2226 sam
2080 2177 2285 2226 terram
2314 2182 2508 2223 eorum
2549 2166 2904 2222 suecessione
2946 2165 3210 2235 repletam
3247 2180 3390 2219 esse.
3423 2163 3528 2219 Ec.-

1933 2263 2117 2319 clesiaa
2168 2272 2410 2330 namque
2475 2257 2788 2314 Servatoris
2845 2257 3019 2312 nosui
3083 2272 3179 2327 per
3215 2258 3526 2311 universam

1935 2360 2138 2411 terr'am
2172 2353 2430 2418 fundatae,
2459 2359 2514 2408 et
2550 2350 2823 2405 innumeri
2881 2365 2978 2420 per
3030 2350 3280 2421 singulas
3335 2363 3528 2403 earum

1935 2447 2156 2518 populi,
2203 2444 2637 2501 benedictionem
2694 2441 2937 2512 ipsorum
2989 2441 3315 2511 completam
3367 2438 3529 2494 exhi-

1937 2541 2088 2594 bent.
2120 2536 2263 2609 Ipsis
2289 2551 2454 2608 porro
2491 2535 2750 2592 convenit
2773 2532 2928 2596 illud,
2963 2552 2982 2584 ι
3012 2531 3158 2588 Deus
3181 2539 3390 2594 noster,
3422 2549 3440 2582 ι
3473 2531 3529 2585 in

1936 2633 2040 2687 hoc
2067 2632 2215 2688 dicto
2245 2644 2588 2702 expressum,
2627 2647 2646 2680 ι
2681 2625 2976 2682 Benedicat
3023 2640 3128 2679 nos
3172 2623 3350 2685 Deus,
3385 2620 3532 2679 Deus

1936 2725 2152 2783 noster;
2197 2735 2215 2768 ι
2244 2722 2431 2786 utpote
2453 2713 2546 2785 qui
2590 2722 2871 2783 paternam
2906 2708 2998 2764 Dei
3034 2709 3122 2764 sui
3160 2709 3532 2779 cognitionem

1935 2809 2239 2864 obtineant.
2271 2804 2472 2860 Verum
2523 2802 2721 2857 deinde
2763 2800 2898 2856 illud
2955 2799 3263 2870 adjiciunt:
3301 2815 3319 2848 ι
3361 2796 3532 2851 Bene-

1936 2903 2087 2954 dicat
2112 2914 2213 2954 nos
2236 2896 2419 2962 Deus;
2454 2915 2472 2947 i
2508 2904 2694 2965 utpote
2725 2894 2818 2964 qui
2848 2909 2958 2947 non
2993 2893 3238 2962 ipsorum
3279 2896 3490 2943 tantum
3511 2929 3528 2954 ,

240 2983 380 3046 σίαι,
411 2985 506 3037 καὶ
537 2985 585 3038 οί
619 2984 739 3038 καθ’
773 2986 1010 3055 ἑκάστην
1047 2986 1369 3058 μυρίανδροι
1395 2986 1515 3039 λαοὶ
1543 2987 1645 3056 τῆς
1677 2987 1832 3041 εὐλο-

1937 2992 2031 3048 sed
2059 2991 2223 3046 etiam
2245 3003 2438 3045 eorum
2462 2988 2733 3050 omnium,
2766 2986 2860 3056 qui
2915 3000 3012 3055 per
3036 2999 3133 3038 eos
3170 2981 3402 3038 salutem
3429 2995 3531 3034 na-

238 3077 371 3144 γὶας
420 3077 600 3130 αὐτῶν
647 3080 971 3149 ἐμφαίνουσι
1004 3079 1073 3132 τά
1104 3079 1546 3149 ἀποτελέσματα.
1585 3079 1833 3150 Πρεπόν-

1937 3083 2076 3140 cturi
2109 3091 2258 3144 sunt,
2288 3079 2432 3135 Deus
2483 3079 2576 3133 sit.
2610 3077 2742 3133 Post
2771 3077 2886 3130 haec
2917 3075 3104 3129 omnia
3148 3083 3332 3128 autem
3361 3073 3532 3128 totius

236 3187 351 3235 τως
385 3170 442 3223 δὲ
476 3173 658 3236 αὐτοῖς
682 3173 763 3234 τὸ,
798 3191 817 3224 ι
865 3173 924 3226 '0
945 3171 1078 3237 Θεὸς
1114 3173 1294 3244 ἡμῶν,
1333 3192 1352 3225 ι
1392 3175 1450 3225 ἐν
1477 3171 1576 3243 τῷ,
1612 3190 1631 3222 ι
1667 3173 1833 3226 Εὐλο-

1940 3174 2234 3247 propbetiae
2292 3172 2754 3241 complementum
2813 3168 3108 3238 obsignant
3159 3167 3247 3222 bis
3305 3167 3529 3221 verbis:

237 3266 411 3335 γήσαι
444 3267 590 3336 ἡμᾶς
623 3266 652 3318 6
692 3265 846 3330 Θεὸς,
876 3268 904 3320 6
936 3267 1067 3330 Θεὸς
1097 3267 1252 3338 ἡμῶν
1272 3285 1284 3296 ·
1326 3286 1343 3318 i
1375 3266 1451 3330 ὡς
1493 3265 1559 3318 ἂν
1597 3265 1828 3336 πάτριον

1937 3287 1955 3319 ι
2000 3267 2064 3320 Et
2094 3273 2341 3321 metuant
2361 3279 2485 3320 eum
2515 3277 2706 3317 omnes
2734 3262 2870 3316 fines
2901 3272 3079 3316 terrae.
3122 3280 3140 3311 ι
3168 3257 3528 3329 Quandoqui-

239 3357 571 3428 κεκτημένοι
592 3357 650 3410 τὸ
670 3357 764 3411 τοῦ
797 3357 934 3412 Θεοῦ
966 3358 1145 3412 αὐτῶν
1174 3358 1482 3431 γνώρισμα.
1525 3356 1664 3410 Ἀλλ’
1704 3355 1828 3428 ἐξῆς

1931 3361 2054 3415 dem
2093 3358 2238 3413 enim
2284 3375 2303 3409 ι
2344 3357 2559 3410 initium
2599 3354 2884 3425 sapientiae
2920 3353 3085 3407 timor
3114 3350 3334 3406 Domini
3385 3351 3455 3414 ’⁵,
3505 3369 3525 3400 ι

242 3449 702 3504 ἐπισυνάπτουσιν
739 3451 1008 3522 ἀορίστως
1040 3450 1294 3520 λέγοντες
1333 3450 1415 3510 τὸ,
1455 3468 1472 3500 ι
1518 3449 1828 3520 Εὑλογήσαι

1936 3452 2249 3509 necessario
2276 3457 2596 3522 precantur,
2633 3456 2693 3504 ut
2723 3448 2923 3510 timor,
2985 3445 3144 3515 quasi
3189 3443 3430 3498 initiatio
3465 3443 3533 3497 ad

244 3539 394 3607 ἡμᾶς
423 3540 451 3590 6
479 3539 611 3603 Θεός
633 3556 645 3569 ·
687 3559 704 3590 ι
751 3540 823 3604 ὼς
863 3540 1060 3612 μηκέτι
1090 3540 1266 3611 μόνων
1304 3539 1484 3592 αὑτῶν
1503 3579 1516 3600 ,
1565 3537 1704 3591 ἀλλά
1734 3537 1832 3591 καὶ

1933 3546 2076 3616 piam
2104 3543 2445 3614 religionem,
2491 3541 2751 3596 omnibus
2782 3538 3122 3603 hominibus,
3147 3536 3314 3592 etiam
3346 3543 3531 3591 extre-

246 3629 468 3681 πάντων
506 3629 614 3682 τῶν
647 3629 713 3682 δι’
744 3631 923 3684 αὐτῶν
949 3629 1344 3702 σωθησομένων
1370 3629 1501 3683 Θεὸν
1530 3628 1677 3682 ὄντα.
1718 3628 1831 3682 Καὶ

1936 3647 2206 3694 materne
2241 3635 2645 3698 incolentibus,
2697 3634 2999 3704 ingeratur.
3031 3630 3190 3697 Quod
3236 3636 3358 3700 post
3392 3627 3535 3682 divi-

251 3717 389 3788 μετά
433 3719 609 3773 πάντα
651 3721 711 3774 τὸ
760 3722 1132 3794 συμπέρασμα
1173 3721 1276 3792 τῆς
1322 3721 1450 3792 ὅλης
1494 3720 1832 3792 προφητείας

1939 3746 2070 3786 num
2129 3727 2434 3784 Salvatoris
2485 3727 2658 3781 nostri
2715 3723 3010 3780 adventum
3073 3723 3356 3792 impletum
3398 3727 3530 3777 est:

247 3811 736 3882 ἐπισφραγίζονται
766 3814 1046 3883 λέγοντες·
1099 3834 1118 3866 r
1160 3816 1271 3869 Καὶ
1310 3813 1704 3886 φοϐηθήτωσαν
1737 3815 1833 3866 αὑ-

1940 3835 2065 3896 post
2095 3824 2248 3878 illum
2278 3822 2425 3877 enim
2450 3820 2505 3874 in
2523 3835 2741 3874 onmem
2773 3827 2976 3873 terram
3004 3817 3173 3872 exivit
3199 3830 3370 3871 sonus
3403 3829 3531 3884 apo-

248 3901 340 3955 τὸν
368 3904 546 3958 πάντα
569 3905 637 3958 τά
668 3907 880 3975 πέρατα
912 3907 1009 3974 τῆς
1034 3907 1161 3978 γῆς.
1195 3925 1217 3959 ι
1260 3905 1480 3978 Ἐπειδὴ
1509 3905 1617 3979 γὰρ
1652 3925 1669 3956 ι
1689 3905 1834 3977 ἀρχὴ

1941 3917 2210 3972 stolorum
2245 3914 2387 3985 ejus,
2421 3921 2474 3969 et
2504 3913 2560 3967 in
2589 3911 2724 3966 ﬁnes
2753 3911 2904 3980 orbis
2927 3917 3087 3962 terra:
3111 3907 3273 3960 verba
3317 3921 3532 3960 eorum.

253 3999 442 4066 σοφίας
487 3999 651 4068 φόϐος
691 4000 920 4072 Κυρίου,
973 4021 991 4053 ι
1035 3999 1347 4070 ἀναγκαίως
1381 3999 1572 4071 ῶσπερ
1602 4001 1834 4067 εἰσαγω-

1941 4007 2017 4064 De
2073 4007 2160 4062 his
2211 4020 2433 4077 quoque
2479 4012 2640 4058 terra:
2673 4002 2874 4056 finibus
2911 4000 3168 4070 superius
3202 3997 3531 4052 dicebatur:

254 4089 352 4161 γῆν
381 4091 479 4162 τῆς
513 4091 824 4157 θεοσεϐείας
867 4093 958 4147 τὸν
1007 4093 1169 4164 φόϐον
1207 4093 1302 4147 τοῦ
1344 4092 1482 4147 Θεοῦ
1515 4092 1833 4161 ἐγγενέσθαι

1947 4120 1965 4152 ι
2009 4098 2219 4155 Exaudi
2252 4115 2374 4162 nos,
2402 4097 2547 4153 Deus
2577 4098 2832 4151 Salvator
2865 4102 3074 4156 noster,
3111 4107 3238 4161 spes
3286 4089 3533 4144 omnium

254 4183 416 4235 πᾶσιν
442 4183 750 4255 ἀνθρώποις
795 4189 908 4250 τοῖς
951 4187 1045 4240 καὶ
1098 4186 1259 4259 μέχρι
1290 4185 1399 4240 τῶν
1445 4185 1694 4256 ἐσχάτων
1733 4183 1835 4254 τῆς

1944 4193 2136 4247 ﬁnium
2165 4200 2326 4248 terra:
2351 4232 2366 4258 ,
2397 4199 2452 4246 et
2469 4205 2662 4246 eorum
2685 4189 2779 4260 qui
2805 4187 2859 4241 in
2887 4186 3023 4240 mari
3048 4192 3177 4239 sunt
3217 4183 3376 4251 longe
3401 4181 3468 4233 ".
3508 4197 3532 4231 ι

259 4275 358 4346 γῆς
391 4276 630 4331 οἰκοῦσιν
673 4278 997 4349 ἐπεύχονται
1019 4297 1032 4309 ·
1066 4279 1096 4332 6
1135 4279 1200 4351 δὴ
1241 4279 1337 4332 καὶ
1363 4277 1669 4351 ἐπληροῦτο
1699 4275 1838 4348 μετά

257 4370 352 4442 τὴν
391 4371 483 4426 τοῦ
517 4373 768 4445 Σωτῆρος
831 4373 988 4444 ἡμῶν
1023 4373 1364 4442 θεοφάνειαν,
1397 4372 1517 4446 μεθ’
1563 4373 1629 4441 ἢν
1673 4373 1753 4435 εἰς
1789 4373 1968 4425 πᾶσαν
2007 4372 2105 4442 τὴν
2168 4371 2272 4442 γῆν
2336 4367 2561 4440 ἐξῆλθεν
2593 4368 2624 4421 ό
2657 4365 2889 4436 φθόγγος
2923 4363 3033 4418 τῶν
3073 4358 3386 4416 ἀποστόλων
3439 4357 3540 4410 αύ-

259 4462 369 4525 τοῦ,
407 4464 500 4516 καὶ
541 4465 620 4527 εἰς
661 4461 728 4516 τὰ
760 4463 974 4536 πέρατα
1003 4464 1102 4533 τῆς
1141 4463 1466 4536 οἰκουμένης
1505 4462 1578 4516 τά
1610 4462 1829 4534 ῥήματα
1867 4461 2066 4514 αὐτῶν.
2095 4462 2231 4532 Περὶ
2251 4459 2454 4513 τούτων
2480 4459 2537 4512 δέ
2569 4458 2678 4510 τῶν
2705 4456 2956 4529 περάτων
2995 4454 3096 4524 τῆς
3139 4453 3240 4523 γῆς
3294 4449 3389 4504 καὶ
3451 4447 3540 4500 διὰ

259 4557 359 4610 τῶν
382 4553 688 4625 ἔμπροσθεν
717 4554 934 4623 ἐλέγετο
958 4571 970 4584 ·
1013 4573 1032 4604 ‹
1085 4553 1421 4607 Ἐπάκουσον
1451 4551 1634 4625 ἡμῶν,
1666 4554 1694 4604 ό
1717 4550 1850 4614 Θεὸς
1888 4551 1916 4602 6
1953 4551 2156 4624 οΣωτὴρ
2200 4549 2379 4621 ἡμῶν,
2424 4551 2458 4620 ἡ
2524 4547 2678 4610 ἐλπὶς
2727 4545 2946 4599 πάντων
2973 4542 3082 4597 τῶν
3130 4541 3382 4613 περάτων
3440 4537 3540 4607 τῆς

261 4647 356 4718 γῆς
381 4649 471 4700 καὶ
498 4645 607 4699 τῶν
633 4648 689 4698 ἐν
733 4645 979 4718 θαλάσσῃ
1011 4645 1251 4716 μακράν.

311 4739 410 4793 ΕΙΣ
432 4741 519 4793 T0
542 4739 764 4792 ΤΕΛΟΣ
789 4739 876 4810 Τῼ
895 4738 1094 4791 ΔΑΥΙΔ
1126 4736 1420 4791 ΨΔΛΜΟΣ
1449 4734 1624 4808 ῼΔΗΣ
1655 4733 1775 4788 ΞΖ’.

332 4875 348 4906 ι
392 4855 699 4925 Ἀναστήτω
745 4855 774 4908 6
818 4852 986 4918 Θεὸς,
1020 4853 1113 4906 καὶ
1144 4849 1726 4922 διασκορπισθήτωσαν
1782 4850 1832 4900 οἱ

267 4948 433 5020 ἐχθροὶ
474 4947 661 5013 αὑτοῦ,
702 4947 797 5001 καί⁵
827 4947 1150 5017 φυγέτωσαν
1194 4945 1302 5000 ἀπὸ
1339 4942 1632 5016 προσώπου
1667 4940 1833 4995 αὑτοῦ

265 5041 312 5094 oi
343 5039 617 5112 μισοῦντες
647 5041 826 5093 αὐτόν.
873 5059 892 5091 i
942 5040 1004 5093 Οί
1053 5038 1150 5111 μὲν
1184 5038 1290 5110 πρὸ
1333 5036 1426 5090 τοῦ
1473 5035 1610 5109 μετὰ
1647 5037 1835 5107 χεῖρας

270 5134 396 5205 τρεῖς
417 5131 614 5202 ἐφεξῆς
648 5131 746 5204 τὴν
772 5131 964 5202 κλῆσιν
985 5130 1095 5185 τῶν
1135 5131 1302 5184 ἐθνῶν
1337 5126 1684 5202 προεφώνουν
1710 5144 1724 5157 ·
1760 5119 1837 5180 ὧν

1859 4733 1908 4791 ι)
1938 4728 1982 4781 .l
2022 4723 2087 4779 IN
2115 4720 2325 4777 FINEM
2348 4717 2600 4784 DAVID],
2647 4713 2969 4771 PSALMUS
2996 4712 3289 4770 CANTlCl.
3327 4714 3537 4769 LXVII.

2015 4836 2181 4892 Vens.
2204 4835 2324 4890 2-4.
2345 4853 2364 4886 ε
2398 4833 2671 4902 Exsul-gat
2691 4829 2855 4894 Dens,
2880 4840 2935 4884 et
2961 4828 3299 4900 dissipentur
3331 4829 3546 4904 inimici

1946 4932 2092 5003 ejus,
2125 4939 2180 4985 et
2210 4928 2422 5000 fugiant
2445 4928 2538 4996 qui
2567 4925 2797 4980 oderunt
2823 4939 2946 4980 eum
2969 4937 3000 4977 a
3021 4922 3161 4978 facie
3186 4923 3328 4993 ejus.
3355 4943 3373 4976 ι
3403 4924 3544 4978 Tres

1946 5024 2141 5096 psalmi
2172 5030 2299 5077 ante
2321 5031 2643 5090 praesentem
2662 5024 3066 5088 consequenter
3089 5015 3278 5086 positi,
3297 5016 3547 5082 vocatio-L

1948 5133 2068 5172 nem
2084 5116 2325 5188 gentium
2349 5114 2790 5185 praenuntiabant
2809 5129 2822 5164 :
2838 5110 3082 5180 equibus
3105 5124 3228 5163 uiv
3247 5126 3265 5157 ι
3289 5103 3544 5161 Psalmus

270 5200 401 5299 ὁμὲν
432 5200 502 5292 ξδ’
525 5245 542 5278 ι
573 5200 802 5299 Ψαλμὸς
824 5200 969 5297 ᾠδῆς
1003 5244 1021 5275 i
1053 5200 1436 5294 ἐπεγέγραπτο
1465 5241 1482 5273 ι
1506 5220 1597 5291 Τῷ
1618 5218 1797 5274 Δαυῒδ’
1817 5239 1834 5269 i

1947 5212 2150 5267 cantici
2179 5210 2376 5265 Davidi
2408 5228 2428 5262 ο
2451 5209 2748 5278 inscriptus
2777 5213 2924 5271 erat;
2947 5217 3184 5274 sequens
3206 5217 3356 5264 vero,
3376 5200 3544 5254 «Can-

273 5291 646 5392 ὀδ“ἐπόμενος
679 5291 717 5371 ι’
748 5291 871 5391 ’ῼδῆ
913 5291 1160 5388 ψαλμοῦ·
1215 5291 1294 5368 i6
1341 5314 1398 5368 δέ
1457 5314 1639 5387 τρίτος
1689 5331 1707 5363 ι
1753 5312 1835 5364 Ἐν

1945 5309 2112 5361 ticum
2132 5306 2327 5376 psalmi
2347 5323 2362 5365 ;
2400 5322 2417 5355 ι
2435 5302 2632 5357 tertius
2653 5319 2669 5351 ι
2697 5297 2986 5369 lnhymnis
2999 5296 3245 5366 psalmus
3267 5291 3488 5346 cantici.
3517 5310 3537 5340 ο

275 5412 441 5485 ὕμνοις
483 5387 694 5484 ίῖναλμὸς
741 5387 980 5485 ᾧδῆς.»
1032 5387 1276 5476 Εἰκότως
1324 5407 1612 5482 τοιγαροῦν
1665 5407 1760 5460 καὶ
1813 5407 1835 5458 ό

1941 5399 1969 5455 J
1979 5417 2071 5454 ure
2086 5400 2268 5470 itaque
2287 5410 2528 5468 praesens
2549 5393 2791 5465 psalmus
2803 5404 2928 5444 cum
2940 5387 3286 5457 evangelieus
3305 5387 3431 5437 item
3445 5387 3540 5441 sit.

280 5473 396 5578 μίετά
427 5473 633 5579 xei-pag,
666 5473 1018 5574 εὐαγγελικὸς
1043 5504 1119 5558 ὢν
1147 5473 1448 5566 καὶναὺτὸς,
1486 5473 1582 5556 καὶ
1619 5501 1679 5554 οὐ
1712 5501 1835 5571 περί

1947 5512 2008 5547 ac
2027 5507 2136 5546 non
2171 5489 2347 5546 solum
2362 5488 2430 5542 de
2447 5484 2731 5540 vocatione
2745 5481 3012 5552 gentium,
3044 5477 3138 5532 sed
3163 5476 3325 5531 etiam
3341 5473 3545 5541 deipso

279 5565 361 5671 τῆς
675 5565 792 5654 τῶν.
819 5565 1011 5652 ἐθνῶν-
1042 5595 1222 5667 μόνον,
1263 5565 1534 5648 ἀλλάῗκαὶ
1574 5591 1703 5664 περὶ
1743 5565 1835 5643 τοῦ

1946 5585 2236 5648 Scrvatore
2269 5578 2605 5650 prophetiam
2625 5577 2924 5635 contineat,
2954 5591 2974 5624 ‹
3010 5571 3061 5624 iu
3089 5571 3248 5623 linem
3277 5565 3488 5626 Davidi,
3517 5583 3536 5614 ι

282 5665 508 5763 Σωτῆρος
534 5690 698 5744 αὐτοῦ
729 5665 1068 5762 προφητείαν
1102 5687 1390 5758 περιέχων,
1428 5703 1446 5736 r
1485 5686 1565 5748 εἰς
1596 5683 1658 5735 τὸ
1689 5680 1835 5744 τέλος

1949 5693 2110 5748 atque
2148 5694 2165 5726 ι
2206 5674 2448 5744 psalmus
2492 5669 2749 5733 cantici,»
2788 5665 3015 5738 perinde
3079 5672 3242 5734 atque
3291 5665 3516 5729 superio

346 5847 534 5905 “Gen.
580 5865 618 5907 ι.
665 5851 755 5906 ‘28.
832 5847 1050 5904 "Psal.
1085 5864 1174 5912 cx,
1221 5847 1304 5902 l0.
1412 5841 1627 5899 “Psal.
1673 5855 1820 5900 μιν,
1855 5838 1904 5891 6.
