4086 6442
616 360 726 417 679

1340 353 1608 411 EUSEBII
1648 353 2130 410 CAESARlENSIS
2165 354 2316 411 OPP.
2358 356 2543 412 PARS
2577 357 2645 414 ll.
2680 387 2746 398 —-
2787 357 3197 414 EXEGETIL‘A.
3799 355 3884 412 680

613 497 724 545 res,
751 480 1048 551 inscriptus
1069 486 1174 535 est.
1197 476 1299 532 Par
1314 485 1432 532 erat
1456 477 1601 531 enim
1619 491 1899 532 sermones
1926 476 2190 531 bonorum

2297 477 2375 547 τῷ
2399 478 2564 532 Δαυῖδ
2586 498 2604 529 ι
2628 477 3048 549 ἐπιγέγραπται,
3075 477 3168 531 καὶ
3193 494 3211 526 ι
3234 472 3485 545 ψαλμὺς
3515 469 3692 541 ᾠδῆς)
3720 474 3888 540 ὁμοίως

613 577 883 647 promissa
912 577 1332 645 complectentes
1358 613 1373 636 ,
1428 588 1537 626 non
1575 571 1737 626 modo
1791 571 2063 640 psalmos,
2099 571 2193 626 sed

615 684 726 724 une.
754 671 994 740 psalmos
1016 667 1316 730 cantici,.et
1341 665 1555 721 cantica
1579 664 1776 734 psalmi
1801 665 2006 728 vocari,
2033 672 2197 734 atque

620 781 641 815 ι
684 763 738 816 in
775 763 932 817 ﬁnem
965 780 984 813 ι
1015 761 1324 825 remittere;
1358 759 1484 828 quia
1508 772 1573 812 ea
1602 772 1724 828 quae
1767 757 1823 812 in
1874 757 2072 811 horum
2100 773 2195 811 va.

615 857 822 912 ticiniis
861 854 1132 914 feruntur,
1160 851 1437 907 diuturnis
1461 859 1583 922 post
1613 849 1954 920 temporibus
1984 850 2040 904 in
2064 866 2197 904 con-

616 947 978 1003 summatione
1007 944 1193 1000 saeculi
1224 941 1551 1013 perﬁcienda
1599 948 1777 996 erant.
1835 939 1936 996 llic
1979 956 2198 1010 quoque

615 1036 856 1107 psalmus
887 1051 917 1088 a
947 1031 1154 1104 Spiritu
1191 1031 1512 1104 prophetico
1550 1046 1616 1085 ex
1650 1044 1884 1098 persona
1909 1030 2193 1104 apostolo-

615 1143 733 1182 rum
767 1127 1154 1196 pronuntiatus
1184 1131 1288 1180 est.
1327 1123 1479 1178 Sicut
1517 1137 1648 1192 ergo
1679 1123 1730 1176 in
1763 1122 2196 1192 praecedentibus

611 1220 862 1282 orabant,
896 1217 1062 1273 Deum
1088 1217 1192 1272 sibi
1224 1215 1290 1269 ad
1341 1214 1710 1284 evangelicam
1748 1212 2191 1282 praedicationem

611 1312 916 1381 adjutorem
943 1316 1237 1364 evocantes
1263 1325 1279 1375 ;
1312 1306 1500 1361 eodem
1526 1320 1744 1376 quoque
1775 1305 1938 1360 modo
1970 1305 2024 1359 in
2058 1321 2196 1375 prae-

610 1403 755 1458 senti
793 1402 1020 1456 ulterius
1072 1397 1346 1470 progressi
1385 1397 1578 1452 dicunt
1609 1415 1624 1452 :
1667 1415 1686 1448 ι
1731 1396 2059 1453 Benedictus
2090 1396 2196 1451 Do-

613 1494 794 1548 minus
831 1491 1073 1563 quotidie
1111 1509 1125 1559 ;
1164 1505 1485 1560 prosperum
1531 1490 1634 1544 iter
1659 1488 1821 1545 faciet
1855 1490 2013 1546 nobis
2052 1489 2195 1545 Deus

610 1585 932 1640 salutarium
961 1593 1270 1638 nostrorum
1301 1600 1311 1634 :
1354 1600 1372 1633 ι
1399 1584 1667 1636 etiterum
1697 1600 1710 1635 :
1742 1598 1760 1632 ι
1791 1580 2190 1648 Manda,Deus.

616 1677 801 1730 virtuti
824 1685 950 1740 tuae,
981 1675 1242 1729 conﬁrma
1279 1676 1404 1738 hoc,
1435 1671 1614 1736 Deus,
1664 1672 1810 1743 quod
1845 1677 2102 1743 operatus
2134 1687 2194 1728 es

2295 571 2408 630 τοῖς
2441 571 2546 641 πρὸ
2587 569 2772 624 αὐτοῦ.
2807 569 2952 623 Ἔδει
2982 569 3092 642 γὰρ
3123 569 3249 632 τοὺς
3308 566 3437 620 τῶν
3471 561 3702 631 ἀγαθῶν
3747 566 3890 636 ἑπαγ-

2295 663 2576 730 γελτικοὺς
2621 663 2812 732 λόγους
2861 663 2934 734 μὴ
2971 663 3130 734 μόνον
3163 659 3464 731 ψαλμοὺς,
3511 656 3634 709 ἀλλ’
3663 658 3790 726 ὁμοῦ
3818 663 3895 713 καὶ

2296 752 2437 806 κατά
2466 752 2525 806 τὸ
2552 752 2682 806 αὐτὸ
2709 751 2958 823 ψαλμοὺς
2986 751 3140 822 ᾠδῶν
3185 753 3276 805 καὶ
3328 749 3500 820 ᾠδὰς
3533 746 3770 816 ψαλμῶν
3801 749 3897 802 ὀνο-

2299 843 2564 914 μάζεσθαι
2584 844 2678 898 καὶ
2697 864 2716 895 ι
2739 846 2818 907 εἰς
2857 843 2919 897 τὸ
2949 843 3100 908 τέλος
3123 863 3140 896 ι
3164 843 3548 912 ἀναπέμπειν
3567 857 3581 868 ο
3621 839 3700 901 ὡς
3734 839 3796 892 ἂν
3817 859 3900 910 μα-

2296 940 2447 1009 κροῖς
2485 935 2710 1007 ὕστερον
2735 935 2948 1006 χρόνοις
2977 935 3070 988 ἐπὶ
3104 935 3401 1004 συντελείᾳ
3431 931 3543 984 τοῦ
3576 931 3773 994 αἰῶνος
3795 933 3902 1002 μελ-

2295 1028 2494 1080 λόντων
2523 1025 2861 1098 πληροῦσθαι
2881 1024 2990 1079 τῶν
3018 1026 3076 1078 ἐν
3101 1025 3283 1088 αὐτοῖς
3320 1020 3793 1091 θεσπιζομένων.
3817 1023 3901 1075 Αές

2297 1120 2484 1174 λεκται
2511 1120 2567 1173 δὲ
2603 1120 2696 1173 κα)⁸
2733 1119 2894 1184 αὐτὸς
2932 1120 3036 1173 ὑπὸ
3070 1118 3166 1172 τοῦ
3195 1115 3576 1190 προφητικοῦ
3607 1115 3902 1184 Πνεύματςς

2295 1215 2360 1268 ὲκ
2410 1214 2701 1287 προσώπου
2746 1213 2857 1268 τῶν
2902 1213 3235 1268 ἀποστόλων.
3269 1214 3515 1283 Ὥσπερ
3546 1205 3652 1264 οῦν
3689 1208 3778 1263 διὰ
3814 1209 3905 1262 τῶν

2295 1308 2602 1381 ἔμπροσθεν
2653 1307 2954 1378 ἐπηύχοντο
3009 1307 3223 1369 ἑαυτοῖς
3272 1303 3753 1374 ἀνακαλούμενοι
3793 1301 3906 1354 Θεὸν

2297 1401 2556 1473 συνεργὸν
2580 1402 2660 1464 εἰς
2684 1399 2745 1453 τὸ
2768 1399 3118 1470 εύαγγελικὸν
3149 1398 3456 1470 κήρυγμα,
3487 1395 3594 1449 τὸν
3623 1393 3790 1449 αὐτὸν
3807 1394 3907 1467 τρό-

2296 1510 2393 1546 πον
2420 1494 2515 1547 καὶ
2539 1493 2596 1546 ὲν
2628 1494 2739 1555 τοῖς
2768 1491 3151 1562 προκειμένοις
3175 1493 3224 1544 οἱ
3255 1490 3424 1544 αὐτοὶ
3465 1487 3792 1560 προϊόντες,
3820 1504 3906 1556 ipa-

2297 1587 2408 1640 σίν·
2441 1605 2460 1636 ι
2484 1583 2786 1655 Εὐλογητὸς
2824 1582 3026 1654 Κύριος
3059 1581 3271 1654 ἡμέραν
3299 1580 3435 1634 καθ’
3471 1577 3712 1650 ἡμέραν
3734 1593 3749 1606 ο
3787 1593 3904 1631 κατ-

2293 1676 2542 1732 ευοδώσει
2575 1679 2704 1747 ἡμῖν
2751 1678 2779 1729 ό
2834 1677 2967 1738 Θεὸς
3009 1673 3118 1726 τῶν
3170 1672 3472 1744 σωτηρίων
3519 1668 3735 1741 ὴμῶνο
3770 1688 3788 1718 ι
3827 1672 3906 1721 καὶ

615 1767 668 1820 in
703 1769 882 1822 nobis.
932 1787 949 1817 ι
1005 1765 1171 1821 Vides
1227 1766 1372 1822 enim
1424 1763 1697 1836 quomodo
1749 1773 2076 1835 precentur,
2133 1771 2190 1818 ut

2296 1769 2454 1825 πάλιν
2474 1785 2486 1798 ·
2520 1788 2537 1820 ι
2577 1767 2872 1831 Ἕντειλαι,
2901 1768 2929 1819 ό
2954 1765 3105 1830 Θεὸς,
3145 1766 3244 1836 τὴν
3273 1763 3532 1834 δύναμιν
3583 1778 3686 1814 σου
3712 1777 3725 1791 ⁸
3766 1761 3906 1813 δυνὰ-

614 1860 757 1916 Deus
780 1861 882 1916 sibi
907 1876 1225 1930 prosperum
1256 1863 1360 1918 iter
1386 1869 1561 1930 paret,
1587 1875 1756 1930 seque
1801 1858 2105 1925 confirmet,
2133 1869 2190 1914 ut

2299 1877 2497 1932 μωσον,
2536 1863 2564 1914 ό
2609 1858 2760 1924 Θεὸς,
2797 1859 2952 1912 τοῦτο
2995 1857 3024 1910 ὃ
3062 1857 3417 1929 κατειργάσω
3469 1857 3648 1927 ἡμῖν.
3690 1873 3710 1905 ι
3760 1854 3904 1925 Ὁρᾷς

611 1953 889 2024 Evangelii
917 1969 1140 2008 cursum
1190 1954 1309 2008 sine
1341 1953 1498 2008 obice
1547 1951 1850 2023 perﬁciant.
1905 1950 2194 2023 Evangeli-

610 2046 890 2102 camitem
921 2045 1361 2115 praedicationem
1411 2051 1597 2115 aperte
1642 2051 1952 2098 memorant
2005 2045 2195 2101 dicen-

610 2147 731 2195 tes:
767 2157 786 2190 ι
822 2137 1086 2192 Dominus
1119 2136 1269 2191 dabit
1291 2137 1516 2190 verbum
1563 2133 2066 2205 evangelizantibus
2091 2137 2196 2190 vir-

614 2239 731 2286 tute
761 2231 951 2284 multa.
989 2249 1006 2280 ι
1047 2227 1160 2283 lmo
1185 2229 1513 2298 quibusnam
1545 2228 1899 2301 Evangelium
1930 2227 2195 2297 praedica-

611 2323 720 2380 turi
745 2331 930 2377 essent
950 2320 1323 2374 vaticinantur
1350 2320 1437 2375 his
1464 2320 1646 2376 verbis
1674 2338 1688 2375 :
1719 2338 1737 2372 ι
1773 2318 2003 2374 Venient
2034 2319 2196 2390 legati

609 2429 679 2468 ex
715 2412 972 2484 Egypto,
998 2411 1277 2482 jEthi0pia
1305 2411 1543 2482 porriget
1564 2427 1786 2466 manum
1819 2427 1975 2468 suam
2012 2410 2142 2467 Deo.
2170 2431 2190 2464 ι

611 2506 770 2560 Clare
807 2505 951 2559 enim
987 2505 1138 2559 hisce
1173 2503 1353 2560 verbis
1388 2502 1662 2574 Aﬁgyptiis
1698 2501 2052 2574 Evangelium
2096 2519 2195 2558 an-

613 2597 904 2659 nuntiant,
959 2595 1280 2650 idololatras
1342 2595 1790 2651 subindicantes:
1840 2611 1906 2650 ex
1962 2596 2195 2667 Λεπριο

613 2704 848 2759 namque
875 2686 1184 2742 idololatria
1208 2695 1388 2740 ortum
1408 2688 1639 2757 accepit.
1658 2687 1965 2752 Quinetiam
1982 2685 2194 2740 [Ethio—

610 2781 756 2851 piam
785 2778 895 2834 Deo
921 2793 1140 2832 manum
1172 2777 1449 2850 porrigere
1492 2793 1650 2833 suam
1693 2778 1918 2841 dicunt,
1952 2785 2191 2832 extrema

610 2884 771 2930 terra:
799 2871 1191 2943 signiﬁcantes.
1225 2870 1430 2926 Deinde
1461 2885 1589 2926 vero
1622 2871 1807 2925 omnia
1836 2884 2005 2941 regna
2034 2878 2194 2923 terra:

609 2964 899 3019 confertim
931 2964 1218 3027 advocant,
1266 2962 1478 3033 hocque
1530 2963 1637 3016 ritu
1671 2961 1959 3017 universas
2007 2969 2194 3032 gentes

609 3058 940 3129 signiﬁcant.
971 3057 1043 3114 Ut
1083 3065 1264 3113 autem
1306 3072 1370 3112 ea
1399 3073 1520 3129 quae
1564 3059 1620 3112 in
1649 3057 1910 3112 vaticinio
1936 3055 2192 3111 fereban-

2295 1952 2404 2023 γάρ
2431 1953 2580 2015 ὅπως
2612 1950 3045 2021 κατευοδωθῆναι
3074 1948 3178 2003 ὑπὸ
3207 1949 3300 2002 τοῦ
3331 1947 3484 2001 Θεοῦ
3527 1948 3635 2000 καὶ
3663 1947 3903 2016 δυναμω-

2296 2044 2452 2115 θῆναι
2493 2045 2572 2108 εἰς
2602 2043 2662 2096 τὸ
2702 2041 2996 2105 ἀκωλύτως
3025 2040 3116 2094 τὸν
3159 2041 3358 2113 δρόμον
3403 2039 3516 2093 τοῦ
3567 2039 3902 2105 Εὑαγγελίου

2293 2135 2574 2189 τελειῶσαι
2616 2134 2884 2206 εὔχονται.
2936 2133 3258 2205 Μέμνηνται
3302 2132 3360 2186 δὲ
3407 2130 3630 2202 σαφῶς
3676 2131 3776 2182 καὶ
3820 2128 3902 2180 τοῦ

2295 2227 2648 2298 εὐαγγελικοῦ
2691 2225 3048 2298 κηρύγματος
3078 2225 3372 2294 -λέγοντεςο
3425 2245 3448 2276 ι
3483 2221 3716 2296 Κύριος
3754 2221 3899 2274 δώσει

2299 2321 2448 2393 ῥῆμα
2483 2323 2596 2384 τοῖς
2635 2318 3140 2390 εύαγγελιζομένοις
3167 2317 3396 2390 δυνάμει
3430 2316 3627 2387 πολλῇ
3658 2334 3672 2346 ·
3716 2335 3736 2366 ι
3781 2313 3900 2367 ἀλλὰ

2295 2413 2390 2466 καὶ
2415 2411 2554 2465 τίσιν
2584 2410 2814 2482 ἡμελλον
2839 2410 3126 2483 κηρύττειν
3149 2410 3208 2463 τὸ
3233 2410 3592 2480 Εύαγγέλιον
3617 2406 3896 2470 θεσπίζου-

2298 2521 2380 2556 σιν
2407 2505 2464 2557 ὲν
2495 2497 2577 2566 οἷς
2616 2520 2813 2572 φασιν·
2853 2522 2871 2554 ι
2912 2501 3138 2566 ’Ἥξουσι
3167 2501 3428 2574 πρέσϐεις
3471 2501 3542 2566 ἐξ
3579 2499 3896 2567 Αἰγύπτουο

2295 2595 2550 2650 Αἰθιοπία
2589 2595 2892 2666 προφθάσει
2921 2596 3079 2666 χεῖρα
3119 2595 3289 2665 αὐτῆς
3314 2594 3393 2666 τῷ
3435 2593 3594 2664 Θεῷ.
3639 2611 3662 2643 ι
3713 2591 3893 2659 Σαφῶς

2295 2688 2402 2760 γάρ
2429 2688 2516 2741 διὰ
2560 2687 2763 2741 τούτων
2807 2688 3084 2754 Αἴγυπτον
3117 2687 3605 2755 εὐαγγελίζονται,
3660 2684 3792 2746 τοὺς
3822 2685 3893 2735 εἰ-

2293 2780 2634 2852 δωλολάτρας
2665 2779 3064 2850 αἰνιττόμενον
3101 2779 3223 2832 ἐπεὶ
3261 2778 3320 2846 ἐξ
3355 2779 3659 2848 Αἰγύπτου
3705 2777 3892 2845 κατήρ-

2296 2872 2424 2938 ξατο
2458 2875 2492 2946 ἡ
2522 2873 2949 2945 εἰδωλολατρεία.
2988 2871 3146 2924 Ἀλλά
3176 2873 3268 2927 καὶ
3285 2872 3382 2943 τὴν
3422 2872 3735 2926 Αἰθιοπίαν
3770 2886 3892 2940 προ-

2295 2965 2498 3035 φθάσαι
2539 2969 2696 3038 χεῖρα
2735 2965 2905 3034 αὐτῆς
2947 2964 3023 3035 τῷ
3068 2965 3188 3036 Θεῷ
3230 2982 3380 3035 φασι,
3429 2965 3503 3018 τὰ
3549 2964 3773 3034 ἔσχατα
3799 2961 3890 3029 τῆς

2294 3054 2614 3126 οἰκουμένης
2653 3055 2957 3127 δηλοῦντες.
3003 3053 3116 3110 Εἶθ’
3157 3056 3284 3127 ἑξῆς
3318 3055 3417 3120 τὰς
3455 3055 3758 3126 βασιλείας
3797 3053 3888 3122 τῆς

607 3159 722 3215 tur,
754 3167 902 3206 nunc
928 3151 1148 3206 tandem
1182 3165 1344 3220 opere
1365 3149 1776 3218 perﬁcerentur,
1797 3149 1854 3203 in
1886 3149 2006 3219 ipso
2039 3150 2189 3216 prin-

2295 3146 2397 3216 γῆς
2428 3146 2605 3211 πάσας
2647 3146 2859 3219 ἀθρόως
2888 3149 3238 3218 συγκαλοῦσι,
3275 3149 3382 3202 τῶν
3411 3148 3594 3202 ἐθνῶν
3633 3145 3888 3200 ἁπάντων

605 3245 754 3316 cipio
783 3243 1021 3316 Spiritus
1052 3253 1277 3300 sanctus
1319 3258 1415 3314 per
1465 3242 1719 3298 Davidem
1760 3257 1950 3312 preces
1992 3244 2192 3298 emitsit

606 3335 800 3392 dicens
821 3347 876 3390 ι’(
907 3335 1176 3407 Exsurgat
1198 3336 1341 3392 Deus
1363 3343 1417 3390 et
1437 3335 1774 3406 dissipentur
1791 3335 1997 3389 inimici
2014 3336 2148 3405 ejus.
2170 3355 2186 3387 ι

609 3427 906 3498 Pergraves
929 3428 1071 3483 enim
1099 3427 1302 3480 inimici
1327 3425 1420 3481 Dei
1440 3425 1554 3495 jam
1580 3426 1711 3480 olim
1741 3425 1796 3480 in
1827 3440 2018 3480 omnes
2036 3435 2193 3480 terrae

611 3520 944 3574 habitatores
966 3519 1310 3590 tyrannidem
1348 3519 1698 3584 exercebant,
1734 3518 1956 3589 maligni
2003 3518 2194 3590 videli-

607 3623 696 3666 cet
725 3610 1000 3666 daamones
1023 3650 1039 3676 ,
1081 3613 1173 3680 qui
1219 3609 1581 3680 multiplicum
1629 3608 1915 3663 numinum
1949 3622 2190 3663 errorem

608 3703 666 3758 in
701 3705 1014 3759 universum
1047 3704 1233 3758 orbem
1283 3702 1630 3757 induxerant.
1661 3700 1831 3756 Nemo
1870 3715 2032 3771 porro
2075 3709 2192 3755 erat

607 3795 703 3865 qui
735 3795 874 3849 mala
899 3795 1249 3866 propelleret,
1293 3809 1404 3848 non
1437 3793 1523 3852 vi:
1567 3794 1808 3863 sapiens,
1847 3809 1953 3847 non
1981 3793 2188 3861 justus,

608 3904 719 3942 non
748 3888 1030 3957 propheta,
1055 3887 1165 3942 imo
1197 3902 1314 3959 nec,
1333 3885 1607 3957 quispiam
1640 3901 1706 3941 ex
1735 3886 1945 3956 angelis
1981 3895 2033 3941 et
2064 3901 2190 3940 san-

606 3981 715 4036 ctis
743 3980 1054 4053 spiritibus,
1089 3980 1206 4035 sive
1232 3996 1300 4035 ex
1332 3979 1652 4035 coelestibus
1685 3977 1996 4048 divinisque
2018 3978 2189 4030 virtu-

609 4075 779 4130 tibus.
840 4074 1185 4144 Quapropter
1213 4073 1380 4128 Deum
1413 4079 1568 4143 rogat
1619 4083 1677 4127 ut
1724 4079 2005 4143 exsurgat,
2039 4080 2093 4126 et
2124 4087 2191 4126 ex

607 4169 761 4238 regio
791 4167 988 4222 throno
1038 4182 1140 4222 suo
1185 4167 1473 4221 excitetur.
1530 4163 1664 4219 Nam
1712 4165 1804 4220 Dei
1851 4166 2189 4236 providentia

609 4266 746 4315 tunc
780 4275 1021 4323 cessare,
1059 4273 1253 4313 vacare
1285 4264 1340 4311 et
1365 4273 1462 4312 ceu
1487 4257 1772 4326 quiescere
1803 4255 2026 4319 dicitur,
2063 4271 2187 4310 cum

609 4367 673 4407 ex
705 4351 913 4407 divitiis
937 4350 1220 4411 bonitatis,
1267 4358 1322 4404 et
1353 4365 1420 4404 ex
1461 4349 1723 4419 patientia
1754 4339 2188 4419 longanimitate--

611 4459 718 4514 que
743 4459 842 4499 sua
873 4451 1164 4512 peccantes
1184 4449 1239 4496 et
1265 4456 1394 4511 erga
1422 4457 1481 4496 se
1510 4441 1673 4511 impie
1705 4448 1927 4508 agentes
1960 4439 2186 4503 tolerat;

2292 3236 2479 3290 τοῦτον
2513 3239 2925 3310 σημαινομένων
2955 3241 3044 3294 τὸν
3071 3241 3290 3314 τρόπον.
3326 3243 3442 3296 Ἵνα
3468 3243 3530 3295 δὲ
3565 3242 3640 3295 τὰ
3668 3239 3762 3294 διὰ
3785 3236 3885 3290 τῶν

2292 3328 2463 3394 λόγων
2507 3333 2953 3404 προφητευόμενα
2993 3333 3092 3405 ήδη
3137 3336 3268 3389 ποτὲ
3313 3336 3407 3388 καὶ
3449 3335 3518 3388 δι’
3554 3335 3746 3405 ἔργων
3785 3349 3886 3401 χω·

2294 3422 2455 3495 ρήσῃ,
2487 3423 2785 3493 ἀρχόμενον
2817 3425 2878 3477 τὸ
2910 3425 3132 3497 Πνεῦμα
3162 3427 3222 3481 τὸ
3261 3431 3630 3499 προφητικὸν,
3663 3427 3756 3479 δια
3792 3421 3879 3475 τοῦ

2292 3513 2454 3566 Δαυῒδ
2478 3515 2640 3585 εὐχὴν
2669 3517 2982 3588 ἀναπέμπει
2998 3519 3151 3587 λέγον
3176 3538 3188 3550 ο
3215 3539 3233 3571 ι
3264 3521 3577 3591 Ἀναστήτω
3599 3522 3630 3574 ό
3655 3517 3880 3588 Κύριος,

2293 3608 2384 3659 καὶ
2403 3607 2977 3679 διασκορπισθήτωσαν
2998 3611 3047 3663 οἰ
3077 3611 3261 3683 ἐχθροὶ
3292 3611 3477 3666 αὐτοῦ.
3523 3631 3542 3663 ι
3569 3609 3754 3665 Δεινοὶ
3776 3607 3878 3677 γὰρ

2292 3700 2476 3772 ἐχθροί
2509 3699 2604 3754 τοῦ
2634 3700 2769 3753 Θεοῦ
2801 3701 3230 3773 κατετυράννουν
3267 3702 3432 3756 πάλαι
3465 3704 3744 3776 πρότερον
3774 3698 3876 3752 τῶν

2292 3793 2384 3844 ἐπὶ
2403 3791 2504 3862 γῆς
2519 3791 2792 3856 ἁπάντων,
2816 3794 2864 3845 οἰ
2882 3792 2978 3864 τὴν
2997 3793 3252 3847 πολύϐεον
3269 3795 3476 3866 πλάνην
3491 3795 3621 3849 καθ’
3638 3795 3771 3864 ὅλης
3784 3792 3875 3862 τῆς

2290 3882 2612 3953 οἰκουμένης
2654 3885 3051 3956 συστησάμενοι
3103 3887 3328 3958 πονηροὶ
3366 3887 3646 3957 δαίμονες.
3693 3884 3876 3945 Οὐδείς

2291 3991 2350 4027 τε
2385 3970 2450 4048 ἦν
2477 3975 2769 4046 ὲπαμύνων
2800 3979 2912 4041 τοίς
2944 3980 3152 4041 κακοῖς,
3203 3979 3264 4032 ού
3311 3980 3472 4048 σοφὸς
3505 3982 3673 4054 ἀνὴρ,
3707 3978 3768 4032 οὐ
3801 3976 3874 4029 δί-

2292 4084 2464 4132 καιος,
2511 4069 2571 4122 οὐ
2607 4070 2910 4140 προφήτης·
2957 4069 3070 4124 ἀλλ’
3100 4070 3220 4123 οὐδὲ
3262 4071 3506 4140 ἀγγέλων
3539 4091 3625 4137 τις
3653 4073 3688 4143 ἦ
3721 4086 3874 4124 πνευ-

2293 4158 2476 4227 μάτων
2515 4159 2709 4226 ἀγίων,
2745 4160 2777 4232 ἢ
2812 4160 2920 4213 τῶν
2955 4163 3074 4214 κατ’
3108 4161 3338 4232 οὐρανὸν
3370 4162 3531 4216 θείων
3562 4163 3865 4234 δυνάμεων.

2290 4250 2381 4303 Διὸ
2408 4249 2470 4321 δὴ
2501 4251 2662 4304 αὑτὸν
2691 4252 2985 4322 ἀναστῆναι
3017 4253 3109 4308 τὸν
3145 4253 3299 4318 Θεὸν,
3339 4255 3432 4307 καὶ
3465 4254 3558 4308 τοῦ
3591 4250 3867 4325 βασιλικοῦ

2288 4341 2630 4412 διεγερθῆναι
2683 4343 2872 4414 θρόνου
2935 4345 3261 4416 παρακαλεῖ.
3319 4347 3574 4418 Ἦρεμεῖν
3632 4349 3734 4420 μὲν
3779 4344 3865 4398 καὶ

2289 4435 2578 4506 ἡσυχάζειν
2607 4437 2701 4491 καὶ
2731 4436 2919 4509 ὥσπερ
2948 4439 3372 4494 διαναπαύεσθαι
3398 4442 3466 4495 τά
3491 4443 3591 4513 τῆς
3616 4443 3714 4498 τοῦ
3739 4437 3865 4494 Θεοῦ

612 4533 820 4588 moveri
860 4539 1042 4587 autem
1072 4539 1127 4584 et
1159 4531 1386 4586 excitari
1434 4529 1655 4594 dicitur,
1700 4545 1824 4583 cum
1869 4538 2181 4599 peccatores

2292 4529 2536 4600 προνοίας
2569 4529 2805 4598 λέγεται,
2841 4532 3062 4587 ἐπειδὰν
3092 4532 3170 4603 τῷ
3199 4533 3412 4605 πλούτῳ
3442 4535 3541 4606 τῆς
3574 4533 3862 4607 χρηστότη-

611 4639 902 4694 aggrcssus
933 4623 1232 4678 ulciscitur.
1279 4621 1350 4678 Ut
1383 4623 1550 4694 igitur
1580 4621 1863 4677 memorati
1900 4621 2088 4676 hostes
2123 4621 2181 4673 li-

614 4731 734 4769 nem
774 4715 1016 4770 facerent
1045 4714 1363 4770 dominandi
1395 4713 1741 4780 hominibus,
1773 4712 1882 4769 Deo
1913 4713 2184 4783 supplicat

2283 4639 2372 4684 τος
2399 4622 2562 4676 αὑτοῦ
2593 4624 2684 4676 καὶ
2719 4627 2784 4696 τῇ
2823 4625 3174 4697 μακροθυμίᾳ
3206 4627 3347 4699 φέρῃ
3378 4628 3504 4690 τοὺς
3529 4627 3862 4699 ἁμαρτάνον-

2282 4731 2379 4776 τας
2424 4713 2517 4766 καὶ
2559 4717 2638 4778 εἰς
2667 4715 2826 4768 αὐτὸν
2854 4717 3205 4782 ἀσεϐοῦντας·
3243 4718 3304 4771 τὸ
3353 4719 3410 4772 δὲ
3461 4721 3726 4774 κινεῖσθαι
3777 4716 3861 4771 καὶ

615 4812 675 4859 ut
700 4814 960 4876 exsurgat
1005 4820 1237 4875 seseque
1264 4805 1504 4858 concitet
1537 4803 1606 4857 ad
1656 4804 1943 4867 ultionem,
1997 4809 2057 4858 ut
2091 4801 2181 4872 qui

2292 4803 2672 4870 διανίστασθαι,
2720 4807 2937 4860 ἐπειδὰν
2975 4808 3074 4872 τὰς
3131 4809 3438 4881 ὲκδικήσεις
3465 4811 3689 4881 ποιῆσαι
3711 4806 3859 4870 ἐπεξ-

612 4897 744 4952 olim
771 4897 828 4950 in
861 4913 1029 4951 unum
1072 4897 1387 4967 congregati
1437 4903 1615 4956 erant.
1646 4903 1701 4950 et
1730 4894 2032 4966 improbam
2068 4911 2185 4947 mn-

613 4994 710 5044 tuo
739 4987 1090 5044 concordiam
1127 4989 1383 5051 inierant,
1416 5002 1536 5043 eam
1569 4986 1779 5043 scilicet
1805 5003 1926 5058 quae
1955 4985 2184 5044 diaboli-

613 5093 736 5132 cam
775 5076 1140 5133 idololatriam
1176 5078 1494 5146 spectabat,
1546 5076 1944 5146 dissiparentur
1994 5079 2184 5148 procul

613 5170 870 5240 dispersi.
925 5169 967 5224 li
1013 5185 1142 5226 vero
1193 5170 1399 5224 inimici
1435 5169 1529 5225 Dei
1568 5178 1744 5229 erant.
1798 5185 2032 5241 eumque
2059 5171 2180 5225 ode-

617 5269 759 5322 rant.
791 5265 883 5331 qui
914 5276 1094 5317 aerem
1122 5270 1278 5316 terrae
1298 5263 1627 5318 eminentem
1661 5262 1962 5332 replebant,
2005 5270 2059 5318 et
2087 5263 2186 5316 im-

616 5354 945 5424 probitatem
980 5355 1126 5409 illam
1159 5356 1478 5426 multiplicis
1499 5356 1702 5411 erroris
1727 5355 2004 5416 fovebant,
2037 5357 2184 5426 impii

620 5461 814 5516 nempe
843 5446 1064 5517 quidam
1097 5453 1152 5500 et
1177 5447 1320 5501 athei
1355 5447 1649 5502 daemones.
1682 5446 1784 5513 Qui
1811 5446 1920 5502 Deo
1944 5449 2028 5502 vel
2063 5456 2185 5501 tan-

617 5542 732 5589 tum
764 5546 1142 5592 commovente
1171 5553 1247 5600 se,
1280 5545 1334 5591 et
1358 5537 1424 5592 ad
1446 5537 1750 5592 facinorum
1778 5538 2034 5593 ultionem
2068 5555 2188 5593 sese

616 5627 909 5693 excitante,
933 5630 1108 5696 primo
1138 5629 1353 5699 quidem
1383 5629 1634 5699 dissipati
1655 5638 1708 5684 et
1733 5631 1824 5684 alii
1848 5631 2032 5700 procul
2065 5630 2187 5682 aliis

617 5715 872 5784 dispersi,
904 5719 1099 5774 deinde
1128 5719 1181 5773 in
1203 5719 1382 5789 fugam
1409 5722 1550 5775 versi
1577 5729 1740 5784 sunt,
1774 5736 1837 5774 ac
1860 5728 2047 5791 postea
2079 5722 2186 5775 sic-

621 5814 678 5859 ut
707 5807 890 5862 deﬁcit
929 5809 1111 5866 fumus
1143 5811 1491 5876 defecerunt,
1516 5820 1571 5868 et
1605 5813 1752 5868 sicut
1779 5813 2034 5870 liquescit
2059 5829 2184 5869 cera

2287 4894 2380 4946 ιὼν
2425 4898 2537 4958 τοῖς
2571 4896 2996 4967 ἁμαρτάνουσιν.
3050 4900 3147 4952 Ἵν⁶
3181 4895 3272 4954 οὖν
3308 4900 3408 4972 ἥδη
3441 4900 3572 4953 ποτὲ
3620 4901 3860 4954 παύσων-

2283 5003 2372 5040 ται
2417 4989 2536 5050 ταίς
2567 4988 2707 5042 κατά
2747 4989 2856 5043 τῶν
2906 4991 3208 5064 ἀνθρώπων
3261 4993 3598 5056 δυναστείαις
3641 4994 3692 5046 οἰ
3737 5005 3855 5062 προ·

2284 5079 2561 5150 λεχθέντες
2595 5083 2802 5154 ἐχθροὶ,
2835 5085 3185 5156 διαναστῆναι
3223 5087 3314 5140 τὸν
3363 5087 3494 5140 Θεὸν
3543 5086 3637 5140 καὶ
3677 5082 3848 5150 διεγεῖ·

2287 5189 2376 5245 ραι
2422 5172 2612 5227 ἑαυτὸν
2663 5176 2742 5238 εἰς
2792 5175 3068 5248 ἐκδίκησιν
3109 5179 3360 5244 ἱκετεύει,
3400 5179 3548 5243 ὅπως
3603 5181 3652 5231 οἰ
3702 5174 3852 5230 πάλαι

2287 5263 2428 5316 κατὰ
2452 5265 2514 5317 τὸ
2538 5265 2670 5318 αὐτὸ
2701 5267 3026 5338 συνηγμένοι
3055 5271 3146 5323 καὶ
3172 5269 3345 5342 κακὴν
3379 5270 3697 5340 συμφωνίαν
3733 5262 3853 5337 πρὸς

2287 5353 2545 5423 ἀλλήλους
2600 5354 2851 5426 θέμενοι,
2922 5358 3020 5430 τὴν
3071 5361 3170 5431 τῆς
3219 5361 3538 5431 δαιμονικῆς
3586 5357 3837 5413 εἰδωλολα·

2285 5445 2470 5516 τρείας
2493 5487 2509 5509 ,
2551 5447 2977 5504 διασκεδασθῶσι
3033 5451 3251 5522 μακρὰν
3287 5453 3528 5524 ἀλλήλων
3562 5452 3848 5522 γενόμενοι.

2300 5537 2512 5607 Ἐχθροὶ
2541 5539 2596 5592 δὲ
2646 5539 2740 5593 τοῦ
2795 5542 2930 5595 Θεοῦ
2976 5545 3382 5616 καὶίμισοῦντες
3431 5544 3592 5598 αύτδν
3619 5533 3778 5615 ἦσαν,
3807 5535 3848 5589 οῖ

2287 5631 2374 5682 τὸν
2409 5631 2550 5702 ὑπὲρ
2599 5633 2702 5701 γῆς
2737 5634 2874 5706 ἀέρα
2920 5636 3254 5706 πληροῦντες
3301 5637 3394 5690 καὶ
3425 5639 3523 5708 τὴν
3557 5638 3616 5689 ὲν
3661 5630 3829 5705 ἀνθρὼ

2289 5739 2409 5786 ποις
2439 5725 2748 5796 πολυπλανῆ
2789 5728 2988 5781 κακίαν
3031 5729 3378 5798 ἐνεργοῦντες
3421 5729 3699 5792 δυσσεϐεῖς
3722 5742 3842 5780 τινες

2290 5817 2382 5868 καὶ
2425 5815 2573 5871 ἀθεοι
2615 5818 2883 5890 δαίμονεςο
2921 5821 2991 5883 οἳ,
3031 5821 3339 5890 κινηθέντος
3368 5823 3534 5876 αὐτοῦ
3586 5823 3742 5894 μόνον
3770 5813 3839 5871 τοῖ
