4086 6442
299 339 403 396 681

1419 330 1932 412 COMMENTARM
1962 331 2030 389 ΙΝ
2069 330 2416 389 PSALMOS.

3456 337 3570 394 689.

294 456 462 523 Θεοῦ,
492 454 586 510 καὶ
609 454 702 508 ἐπὶ
733 453 832 526 τὴν
868 453 974 508 τῶν
1014 453 1403 528 πραττομένων
1454 453 1734 527 ἐκδίκησιν
1759 456 1875 510 ἐαυ-

1987 471 2020 510 a
2053 455 2191 528 facie
2220 453 2383 526 ignis,
2429 453 2511 510 sic
2543 461 2598 510 et
2639 453 2718 510 illi
2767 454 2996 527 perituri
3052 463 3227 513 erant.
3283 455 3568 524 Quomodo

293 550 394 602 τὸν
427 546 808 618 διεγείραντος,
850 545 1066 618 πρῶτον
1110 546 1209 617 μὲν
1247 547 1632 618 ἐσκορπίζοντο
1660 547 1886 619 μακρὰν

295 639 545 710 ἀλλήλων
584 637 1114 708 διασκεδαννύμενοι,
1164 633 1262 692 εἶτ’
1311 636 1550 709 ἐχρῶντο
1585 641 1750 709 φυγῇ·
1791 639 1887 692 καὶ

297 731 441 802 μετὰ
485 727 656 783 ταῦτα
710 727 787 791 ὡς
841 727 1083 782 ἐκλείπει
1123 729 1333 793 καπνὸς
1369 727 1632 795 ἐξέλιπον,
1668 729 1763 782 καὶ
1810 728 1886 791 ὡς

253 825 524 945 Ιτήκεται
548 818 714 892 κηρὸς
746 819 856 872 ἀπὸ
884 818 1177 892 προσώπου
1223 820 1412 892 πυρὸς,
1444 819 1618 882 οῦτως
1652 818 1885 890 ἤμελλον

295 912 630 945 nmmum...
705 912 934 945 ωηερε..
985 912 1040 945 ,τι
1091 913 1242 945 χρη-..
1277 912 1354 945 .2...
1397 911 1632 945 aster...
1681 910 1885 945 ...η-..λη

293 912 655 968 ἀπόλλυσθαι.
703 912 934 984 Νοήσεις
985 912 1042 966 δὲ
1091 913 1242 976 ὅπως
1277 912 1354 975 ὼς
1396 911 1636 966 ἐκλείπει
1681 910 1886 974 καπνὸς

291 1005 545 1072 ἐξέλιπον
573 1008 623 1059 οί
644 1006 828 1077 ἐχθροὶ
857 1004 1044 1066 αὐτοῦ,
1077 1005 1378 1076 ἐπιστήσας
1424 1003 1501 1068 ὡς
1541 1003 1603 1058 τὸ
1637 1002 1737 1074 μὲν
1779 1020 1885 1057 πα-

291 1099 447 1155 λαιὸν
498 1099 1026 1171 μετεσχηματίζοντο
1066 1099 1148 1162 είς
1197 1096 1464 1166 ἀγγέλους
1497 1095 1694 1167 φωτὸς,
1721 1095 1883 1158 αὐτὸς

287 1191 355 1245 δέ
382 1193 410 1246 ό
437 1190 680 1255 διάϐολος
726 1191 820 1243 καὶ
865 1191 912 1244 οί
955 1189 1188 1243 διάκονοι
1211 1188 1376 1243 αὑτοῦ
1422 1187 1560 1242 κατά
1591 1188 1684 1242 τὸν
1729 1186 1885 1240 ’Λπό-

291 1281 505 1344 στολον,
553 1281 612 1345 ὃς
648 1297 830 1352 φησιν·
871 1299 891 1331 ι
920 1279 1091 1342 Λύτὸς
1136 1279 1246 1350 γάρ
1275 1279 1304 1330 ὸ
1337 1277 1578 1340 Σατανᾶς
1610 1293 1884 1348 μετασχη-

289 1373 586 1444 ματίζεται
614 1374 694 1437 είς
713 1371 950 1442 ,ἄγγελον
982 1371 1176 1441 φωτός.
1212 1391 1231 1423 ι
1260 1371 1335 1425 Οὐ
1370 1370 1514 1441 μέγα
1553 1365 1647 1423 οῦν
1692 1371 1741 1422 εί
1787 1368 1884 1422 καὶ

287 1467 350 1520 οἱ
377 1465 614 1521 διάκονοι
647 1464 814 1519 αὑτοῦ
870 1463 1434 1537 μετασχηματίζονται
1489 1463 1570 1526 είς
1620 1459 1883 1531 ἀγγέλους

285 1557 659 1628 δικαιοσύνης,
683 1556 1119 1627 ἐχρησμοδότουν
1157 1571 1218 1607 τε
1251 1554 1369 1607 τότε
1405 1553 1548 1606 κατά
1581 1552 1757 1606 πάντα
1788 1549 1881 1604 τό·

290 1666 418 1714 πον,
444 1648 701 1720 μαντείας
729 1649 822 1703 καὶ⁹
845 1647 1140 1721 θεραπείας
1161 1645 1646 1716 ἐπαγγελλόμενοι,
1663 1644 1739 1708 ὠς
1757 1645 1884 1707 τοὺς

286 1738 688 1810 δεισιδαίμονας
737 1737 885 1791 θύειν
934 1737 1116 1800 αὐτοῖς
1159 1735 1281 1790 καθ’
1328 1733 1634 1808 ὑπερϐολὴν
1686 1734 1882 1806 μανίας

1985 557 2169 604 autem
2193 550 2337 604 sicut
2357 546 2543 604 delicit
2563 546 2746 603 fumus
2768 547 3070 604 defecerint
3096 549 3397 606 adversarii
3423 552 3567 622 ejus,

1988 640 2283 711 intelliges,
2317 640 2364 694 si
2394 637 2828 694 animadvertas
2877 655 2982 710 qua
3032 640 3242 697 ratione
3273 642 3403 698 olim
3457 644 3574 716 ipse

1986 734 2242 791 diabolus
2278 741 2334 788 et
2372 733 2613 790 ministri
2649 733 2773 804 ejus
2809 735 3342 796 transtormarentnr
3381 738 3434 793 in
3477 754 3577 793 an-

1987 825 2138 897 gelos
2178 823 2341 887 lucis,
2383 822 2689 880 secundum
2728 824 3072 895 Apostolum,
3113 828 3207 898 qui
3245 827 3320 882 ait
3354 846 3368 883 :
3414 827 3576 900 «ipse

1981 919 2130 974 enim
2171 917 2406 972 Satanas
2443 916 2872 974 transformatur
2909 919 2966 972 in
2995 919 3246 990 angelum
3286 921 3426 977 lucis
3457 922 3524 974 "’.
3549 940 3570 973 ι

1984 1005 2104 1062 Νοη
2135 1022 2390 1078 magnum
2417 1007 2602 1078 itaque
2621 1005 2902 1077 quidpiam
2926 1008 2974 1062 si
2996 1007 3232 1064 ministri
3255 1011 3375 1079 ejus
3396 1018 3577 1066 trans-

1986 1098 2360 1154 l'ormarentur
2391 1099 2442 1153 in
2475 1099 2700 1169 angelos
2734 1099 2982 1170 justitiae,
3013 1115 3115 1154 nec
3143 1101 3191 1156 si
3223 1108 3357 1156 tunc
3396 1101 3576 1158 omni-

1985 1190 2089 1247 bus
2115 1190 2174 1245 in
2202 1191 2340 1246 locis
2368 1193 2589 1246 oracula
2629 1192 2894 1260 ederent,
2935 1193 3197 1248 vaticinia
3247 1201 3302 1250 et
3335 1195 3578 1249 curatio-

1983 1302 2084 1343 nes
2134 1287 2493 1359 pollicentes;
2536 1286 2612 1341 ita
2659 1295 2719 1342 ut
2776 1287 3147 1358 superstitiosi
3187 1287 3441 1344 homines
3480 1302 3578 1360 per

1983 1391 2255 1432 summam
2287 1377 2561 1433 insaniam
2596 1377 2682 1432 vel
2711 1377 2818 1433 sibi
2852 1377 3178 1435 charissima
3211 1378 3348 1449 ipsis
3376 1379 3544 1434 immo
3572 1408 3574 1410 τ

1985 1469 2182 1526 larent.
2212 1467 2371 1525 Nunc
2394 1483 2526 1524 vero
2565 1482 2756 1523 eorum
2789 1468 3036 1522 omnium
3066 1469 3227 1528 ruina
3259 1477 3313 1524 et
3337 1468 3576 1525 desertio

1983 1563 2250 1636 contigit,
2299 1563 2377 1620 ita
2425 1569 2487 1618 ut
2532 1577 2602 1619 ne
2641 1562 2726 1618 vel
2755 1577 2946 1618 eorum
2981 1563 3241 1618 memoria
3272 1563 3514 1634 supersit
3558 1583 3572 1618 :

1978 1657 2370 1726 exstinctoque
2408 1655 2654 1726 ipsorum
2701 1655 2826 1726 igne
2857 1654 3178 1710 defecerunt
3217 1656 3360 1710 sicut
3393 1655 3578 1712 deﬁcit

1985 1750 2191 1806 fumus.
2235 1747 2420 1815 Quare
2445 1748 2558 1803 alio
2596 1748 2652 1802 in
2692 1748 2814 1803 loco
2850 1746 3053 1802 dicitur
3085 1765 3100 1802 :
3139 1766 3156 1798 ι
3189 1747 3452 1804 Ascendit
3491 1748 3577 1802 fu-

291 1829 391 1883 και
435 1827 505 1880 τὰ
549 1826 759 1881 ἐαυτῶν
791 1826 1041 1896 φίλτατα.
1092 1822 1229 1877 Νυνὶ
1274 1821 1331 1874 δὲ
1391 1821 1614 1875 ἐκείνων
1659 1821 1875 1874 πάντων

1981 1857 2102 1897 mus
2137 1841 2193 1896 in
2235 1840 2314 1895 ira
2353 1839 2475 1910 ejus
2504 1841 2572 1894 ⁸⁸.
2612 1860 2631 1892 ι
2674 1838 2808 1893 Nam
2839 1839 2924 1893 ira
2963 1837 3060 1894 Dei
3077 1838 3359 1914 ,i‘nvadens
3398 1841 3573 1912 ipsos.

281 1922 598 1993 ἀφανισμὸς
623 1920 718 1975 καὶ
755 1920 961 1992 ἐρημία
986 1918 1229 1988 γέγονεν,
1247 1917 1325 1980 ὼς
1358 1914 1492 1988 μηδέ
1524 1914 1744 1986 μνήμην
1780 1913 1878 1966 αύ-

285 2010 404 2064 τῶν
459 2009 824 2064 ἐπιλιπέσθαι·
858 2008 1104 2076 ἐξέλιπον
1153 2007 1210 2061 δέ
1263 2006 1338 2070 ὡς
1390 2004 1632 2059 ἐκλείπει
1676 2004 1883 2069 καπνὸς

285 2099 724 2166 ἀποσϐεσθέντας
752 2100 931 2155 αὐτῶν
961 2098 1058 2153 τοῦ
1088 2098 1281 2170 πυρός’
1315 2097 1396 2151 διὸ
1425 2098 1519 2150 καὶ
1541 2094 1775 2166 ἀλλαχοῦ
1807 2094 1886 2148 εἴ.

289 2213 476 2269 ρηται·
539 2215 559 2248 ι
605 2194 796 2266 Ἀνέϐη
843 2193 1049 2256 καπνὸς
1100 2195 1156 2245 ἐν
1181 2192 1324 2262 ὀργῇ
1366 2188 1554 2243 αὑτοῦ.
1593 2207 1611 2239 ι
1683 2189 1745 2241 Ἠ
1774 2187 1884 2259 γὰρ

289 2289 387 2343 τοῦ
420 2287 556 2342 Θεοῦ
585 2286 725 2360 ὀργὴ
752 2284 962 2348 τούτοις
990 2283 1173 2346 αὐτοῖς
1206 2280 1531 2344 ἐπελθοῦσα,
1561 2281 1623 2334 τὸ
1655 2279 1766 2352 πῦρ
1793 2281 1883 2334 αύ-

290 2374 492 2449 τῶν·ᾧ
523 2377 855 2450 κατέφλεγον
891 2376 989 2439 τὰς
1027 2374 1135 2428 τῶν
1171 2372 1472 2446 ἀνθρώπων
1517 2371 1698 2443 ψυχὰς
1747 2387 1879 2424 κατ-

289 2474 532 2526 έσϐεσεν·
552 2465 614 2526 οὗ
638 2470 974 2534 σϐεσθέντος,
994 2468 1166 2540 ἀνέϐη
1189 2469 1411 2532 καπνός.
1431 2466 1591 2521 Ἀλλά
1610 2467 1705 2520 καὶ
1728 2459 1882 2530 οὗτος

286 2564 320 2616 ὁ
337 2564 543 2628 καπνὸς
566 2562 758 2635 μηκέθ’
771 2561 1189 2632 ὑποκαιόμενος,
1213 2559 1347 2632 μηδὲ
1367 2559 1505 2630 ἔχων
1524 2558 1718 2614 ὁπόθεν
1757 2559 1884 2612 ὐπο-

292 2660 417 2730 στῆ,
440 2659 697 2712 ἐκλείπει.
717 2658 888 2725 Ἐπεὶ,
912 2657 970 2712 δὲ
991 2659 1020 2711 ὸ
1039 2656 1172 2720 Θεὸς
1196 2655 1312 2726 φῶς
1338 2656 1476 2718 ἐστι,
1497 2655 1591 2709 καὶ
1613 2655 1800 2710 σκοτία
1821 2657 1879 2709 ἐν

283 2749 443 2823 αύτῷ
465 2751 567 2804 οὐκ
601 2751 746 2804 ἐστιν
774 2749 1021 2820 οὐδεμία,
1051 2749 1210 2803 τοῦτο
1232 2747 1294 2802 τὸ
1323 2745 1437 2818 φῶς
1464 2750 1579 2810 τοῖς
1615 2745 1764 2818 αὐτῷ
1795 2746 1882 2816 φί-

285 2843 404 2909 λοις
437 2843 630 2914 σοφίας
664 2843 760 2898 καὶ
795 2842 1069 2912 γνώσεως,
1095 2843 1192 2896 καὶ
1230 2840 1488 2913 ἀληθείας
1511 2839 1881 2918 μαρμαρυγὰς

283 2939 590 3008 ἐκπέμπει,
613 2937 690 3001 ὼς
707 2935 871 3006 φάναι
898 2935 1118 2999 αὐτοὺς,
1143 2954 1162 2988 t
1185 2933 1525 3008 Ἐσημειὼθη
1545 2933 1628 3004 ἐφ’
1653 2935 1798 3006 ἡμᾶς
1823 2934 1884 2994 τὸ

287 3030 407 3098 φῶς
435 3029 528 3083 τοῦ
562 3027 854 3100 προσώπου
883 3044 998 3090 σου,
1034 3025 1225 3098 Κύριε.
1263 3043 1284 3079 ι
1319 3025 1444 3089 Τοῖς
1476 3024 1534 3078 δέ
1570 3023 1881 3096 προλεχθεῦν

283 3137 376 3175 σιν
409 3119 624 3192 ἐχθροῖς
652 3119 815 3172 αὑτοῦ
845 3117 958 3190 πῦρ
997 3115 1336 3184 καταφλέγον
1369 3114 1634 3183 γίγνεται.
1681 3113 1772 3168 Διὸ
1795 3112 1881 3165 λέ-

1985 1934 2165 2006 ignem
2195 1935 2463 2004 ipsorum,
2485 1947 2596 2002 quo
2625 1932 2839 1988 animas
2870 1932 3155 1988 hominum
3183 1933 3571 1998 incendebant,

1981 2027 2238 2083 restinxit
2269 2045 2283 2080 :
2312 2040 2423 2096 quo
2451 2025 2741 2092 restincto,
2782 2025 3033 2088 ascendit
3074 2025 3279 2084 fumus.
3321 2027 3426 2083 Sed
3455 2027 3575 2098 ipse

1983 2119 2169 2174 fumus
2222 2133 2348 2173 cum
2400 2117 2541 2188 ignis
2580 2131 2692 2172 non
2743 2117 2944 2182 subsit,
2987 2133 3089 2173 nec
3130 2117 3332 2174 habeat
3369 2120 3424 2175 in
3461 2136 3575 2192 quo

1984 2211 2274 2277 subsistat,
2316 2210 2521 2266 deﬁcit.
2581 2209 2725 2277 Quia
2770 2225 2900 2266 vero
2941 2209 3086 2266 Deus
3119 2211 3213 2266 lux
3241 2221 3346 2280 est,
3397 2221 3454 2270 et
3491 2221 3574 2268 te-

1982 2301 2168 2358 nebrae
2205 2303 2355 2358 ineo
2384 2318 2495 2358 non
2536 2309 2667 2358 sunt
2710 2300 2856 2367 ullae,
2892 2300 3011 2356 haec
3055 2301 3154 2356 lux
3205 2303 3400 2360 amicis
3441 2303 3574 2359 .snis

1985 2393 2289 2466 sapientiae,
2344 2393 2588 2449 scientiae
2636 2401 2691 2450 et
2734 2393 2984 2450 veritatis
3019 2395 3205 2452 radios
3242 2395 3462 2459 emittit,
3500 2396 3575 2452 ita

1981 2495 2044 2544 ut
2067 2487 2254 2544 dicant
2282 2505 2296 2542 :
2340 2505 2358 2537 ι
2387 2486 2677 2557 Signatum
2720 2498 2806 2542 est
2849 2502 3018 2557 super
3047 2503 3150 2543 nos
3176 2487 3362 2544 lumen
3391 2489 3576 2562 vultus

1978 2580 2085 2643 tui,
2119 2577 2351 2634 Domine
2374 2577 2457 2644 ";
2491 2597 2509 2630 ι
2542 2577 2784 2634 inimicis
2816 2587 2998 2633 autem
3035 2579 3153 2634 suis
3175 2595 3340 2650 supra
3365 2595 3577 2648 memo-

1981 2675 2118 2728 ratis
2145 2672 2289 2744 ignis
2319 2686 2652 2734 consumens
2673 2679 2780 2728 est.
2834 2670 3017 2738 Quare
3039 2671 3170 2726 alibi
3198 2672 3405 2728 dictum
3438 2681 3523 2730 est
3557 2692 3572 2729 :

1983 2784 2006 2818 ‹
2045 2764 2191 2835 Ignis
2218 2764 2274 2818 in
2298 2771 2599 2834 conspectu
2637 2763 2761 2834 ejus
2794 2763 3138 2828 exardescet,
3159 2773 3221 2822 et
3252 2763 3308 2819 in
3338 2765 3575 2820 circuitu

1981 2857 2102 2927 ejus
2141 2863 2440 2926 tempestas
2468 2853 2648 2910 valida
2674 2854 2727 2920 ¹;
2776 2872 2796 2906 ι
2831 2861 2884 2909 et
2913 2873 2930 2908 :
2962 2872 2981 2905 ‹
3011 2852 3158 2926 Ignis
3196 2855 3251 2908 in
3275 2861 3573 2926 conspectu

1981 2951 2104 3019 ejus
2163 2947 2506 3013 exardescet,
2539 2956 2594 3003 et
2645 2945 3004 3001 inﬂammabit
3061 2960 3254 3000 omnes
3313 2945 3568 3002 inimicos

1981 3038 2200 3106 cjus’a
2244 3037 2304 3092 ln
2345 3036 2598 3107 praesenti
2628 3050 2848 3107 quoque
2872 3035 3082 3090 inimici
3111 3035 3237 3105 ejus
3261 3050 3372 3090 non
3413 3033 3576 3092 modo

1985 3139 2044 3185 ut
2075 3129 2258 3186 l‘umus
2285 3129 2540 3192 deiicere,
2565 3127 2662 3184 sed
2695 3127 2840 3182 sicut
2864 3125 2982 3182 ﬂuit
3011 3141 3140 3182 cera
3168 3143 3200 3182 a
3235 3127 3374 3183 facie.
3407 3127 3571 3200 ignis,

281 3189 554 3267 λεκταιέν
575 3211 802 3283 ἐτέροις·
844 3230 863 3262 ι
892 3189 1010 3282 Πῦρ
1042 3207 1272 3262 ἐνώπιον
1313 3206 1477 3264 αὑτοῦ
1513 3205 1869 3278 καυθήσεται,

1981 3223 2056 3278 ita
2083 3229 2139 3279 et
2182 3223 2287 3293 ipsi
2336 3189 2644 3292 liquescere
2673 3219 2957 3276 dicuntur.
3014 3218 3285 3286 Quoniam
3321 3189 3574 3289 ipsivsesc

285 3306 385 3359 καί
399 3304 582 3375 κύκλῳ
599 3303 765 3356 αὑτοῦ
784 3301 1036 3370 καταιγὶς
1063 3299 1286 3370 σφοδρά’
1303 3317 1322 3349 ι
1342 3297 1483 3363 καὶμ
1497 3297 1616 3370 Πῦρ
1631 3297 1871 3350 ἐναντίον

284 3397 455 3452 αὑτοῦ
489 3397 842 3468 καυθήσεται,
878 3395 974 3449 καὶ
999 3393 1211 3464 φλογιεῑ
1242 3391 1451 3454 πάντας
1486 3391 1612 3454 τοὺς
1642 3388 1871 3460 ἐχθροὺς

283 3489 476 3544 αὑτοῦ.
511 3509 529 3542 ι
576 3491 686 3544 Καὶ
724 3490 783 3542 ἐν
813 3487 892 3559 τῷ
925 3486 1065 3558 μετά
1090 3489 1280 3557 χεῖρας
1311 3485 1363 3537 οἱ.
1396 3482 1580 3555 ἐχθροὶ
1607 3483 1668 3536 ού
1711 3481 1870 3552 μόνον

281 3581 561 3644 ἐκλείπειν
586 3579 661 3644 ὡς
685 3579 910 3644 καπνὸς,
937 3578 1072 3633 ἀλλά
1100 3577 1194 3632 καὶ
1219 3577 1295 3640 ὡς
1319 3578 1543 3646 τήκεται
1572 3574 1743 3647 κηρὸς
1764 3573 1872 3628 ἀπὸ

285 3671 584 3747 προσώπου
609 3671 802 3744 πυρὸς,
825 3670 997 3735 οὕτως
1035 3668 1363 3742 ἐκτήκεσθαι
1396 3668 1672 3740 εἴρηνται·
1719 3667 1870 3720 ἐπει-

281 3768 463 3839 δήπερ
491 3764 644 3818 αύτοὶ
687 3764 914 3828 ἐαυτοὺς
943 3763 1169 3835 ἐχθροὺς
1193 3761 1288 3816 τοῦ
1323 3759 1459 3814 Θεοῦ
1485 3760 1866 3831 πεποιήκασιν.

294 3861 357 3912 ⁸0
400 3859 509 3930 γὰρ
547 3857 678 3920 Θεὸς
711 3857 902 3927 ἀγαπᾷ
934 3855 1000 3909 τὰ
1032 3855 1164 3908 ὄντα
1197 3853 1397 3920 πάντα,
1441 3853 1535 3907 κα)⁸
1566 3851 1718 3908 οὐδὲν
1753 3851 1870 3922 βδε-

281 3951 545 4007 λύσσεται
571 3944 646 4004 ὧν
671 3949 944 4022 ἐποίησενο
972 3949 1092 4004 οὐδὲ
1113 3949 1222 4020 γὰρ
1253 3945 1428 4019 μισῶν
1453 3963 1508 3999 τι
1531 3944 1868 4000 κατεσκεύα-

283 4045 370 4112 ζε·
405 4043 487 4099 διὸ
525 4044 738 4109 οὐδενὸς
762 4045 954 4116 ἐχθρὸς
977 4042 1159 4107 αὐτός.
1185 4043 1247 4096 Οἱ
1271 4041 1329 4094 δέ
1353 4039 1719 4112 μακρύνοντες
1743 4040 1870 4092 ἐαυφ

281 4141 411 4204 τοὺς
441 4139 536 4192 ἀπ’
569 4138 758 4201 αὑτοῦ,
801 4139 894 4192 καὶ
941 4134 1386 4209 ἐχθροποιοῦντες
1428 4126 1687 4197 ἑαυτοὺς,
1743 4133 1867 4185 ἐπι-

285 4233 529 4288 σπῶνται
565 4233 664 4306 τὴν
689 4231 986 4288 ἀπώλειανο
1028 4230 1106 4294 ὡς
1141 4227 1418 4298 λέγεσθαιο
1469 4245 1488 4280 ι
1524 4229 1644 4281 Ὅτι
1684 4227 1791 4282 ἰδοὺ
1816 4227 1866 4280 oi

287 4326 656 4399 μακρύνοντες
682 4324 908 4387 ἑαυτοὺς
928 4323 1036 4378 ἀπὸ
1057 4321 1150 4375 σοῦ
1175 4319 1520 4375 ἀπολοῦνται.
1552 4339 1571 4372 ι
1615 4318 1772 4373 Οῦτω
1807 4318 1865 4371 δὲ

282 4417 379 4472 καὶ
413 4417 626 4488 μισοῦσι
669 4416 762 4469 τὸν
803 4413 936 4467 Θεὸν
975 4414 1024 4466 οί
1070 4411 1141 4466 τὰ
1173 4412 1264 4465 ὑπ’
1313 4409 1478 4465 αὐτοῦ
1515 4408 1866 4480 μεμισημένα

285 4507 638 4580 πράττοντες.
668 4503 853 4559 Ταῦτα
896 4505 994 4574 μὲν
1022 4497 1116 4556 οὖν
1155 4500 1278 4556 καθ’
1311 4501 1408 4554 ἕνα
1447 4498 1684 4569 λελέχθω
1737 4499 1862 4570 τρό-

1979 3313 2235 3369 inimicos
2260 3311 2357 3376 Dei
2385 3313 2814 3370 constituerunt.
2881 3308 3029 3365 Deus
3057 3311 3206 3365 enim
3239 3313 3422 3368 omnia
3451 3327 3574 3382 qua:

1977 3414 2108 3462 sunt
2146 3414 2327 3472 amat,
2370 3414 2428 3462 et
2470 3405 2608 3461 nihil
2646 3403 2764 3461 odit
2809 3417 3002 3458 eorum
3031 3417 3154 3476 quae
3189 3400 3321 3460 fecit
3351 3422 3365 3458 :
3395 3419 3574 3474 neque

1975 3499 2124 3555 enim
2165 3497 2374 3569 aliquid
2417 3496 2668 3554 condidit
2702 3494 2852 3567 quod
2879 3494 3127 3560 odisset;
3161 3510 3338 3564 quare
3367 3495 3573 3554 nullius

1979 3589 2242 3644 inimicus
2274 3587 2392 3658 ipse
2415 3595 2524 3644 est.
2599 3585 2703 3652 Qui
2731 3601 2863 3641 vero
2891 3599 3011 3642 sese
3043 3583 3113 3640 ab
3142 3584 3260 3666 ipso
3299 3583 3458 3654 longe
3486 3599 3574 3640 re-

1977 3691 2218 3746 movent,
2263 3680 2548 3751 ipsiusque
2579 3694 2640 3734 se
2678 3678 2934 3734 inimicos
2961 3675 3224 3741 cilicium,
3267 3676 3571 3749 perniciem

1976 3773 2083 3829 sibi
2106 3773 2413 3836 attrahunt,
2447 3772 2524 3826 ita
2555 3779 2614 3824 ut
2639 3770 2858 3828 dicatur
2891 3787 2908 3824 :
2949 3768 3120 3835 «Quia
3137 3785 3268 3828 ecce
3297 3769 3390 3842 qui
3417 3770 3571 3825 elon-

1973 3875 2106 3938 gant
2137 3879 2197 3920 se
2233 3880 2264 3918 a
2309 3871 2383 3927 te,
2413 3862 2732 3934 peribunt'.
2764 3881 2783 3914 ι
2817 3860 2909 3914 Sic
2941 3867 3122 3914 autem
3151 3870 3206 3916 et
3237 3859 3406 3916 Deum
3435 3859 3572 3934 ode-

1973 3965 2127 4023 runt,
2178 3957 2274 4028 qui
2320 3971 2518 4027 perosa
2560 3954 2663 4025 ipsi
2697 3959 3037 4024 perpetrant.
3090 3951 3218 4012 Haec
3259 3951 3426 4022 igitur
3456 3965 3568 4007 uno

1973 4051 2140 4108 modo
2191 4050 2340 4104 dicta
2390 4048 2612 4104 fuerint.
2670 4048 2814 4104 Cum
2863 4061 3030 4119 porro
3050 4045 3240 4116 omnis
3271 4044 3569 4114 prophetia

1973 4142 2291 4213 evangelica
2315 4141 2410 4208 sit,
2452 4140 2774 4196 consideres
2800 4140 2968 4195 velim
2985 4154 3124 4210 num
3159 4137 3274 4191 haec
3303 4136 3370 4190 ad
3395 4134 3571 4204 Deum

1974 4233 2214 4290 Verbum
2246 4230 2577 4294 referantur,
2617 4229 2766 4302 quod
2809 4230 3030 4301 quidem
3074 4227 3203 4284 olim
3252 4226 3318 4290 in,
3341 4236 3574 4298 paterno

1973 4327 2100 4383 sinu
2147 4324 2528 4396 requiescebat
2578 4342 2592 4378 :
2644 4341 2663 4376 ι
2691 4321 2753 4378 1η
2803 4322 3076 4394 principio
3115 4341 3135 4376 ι
3186 4320 3335 4378 enim
3392 4337 3412 4372 ‹
3449 4319 3589 4396 eratf

1977 4389 2244 4480 Verbum:
2271 4423 2326 4471 et
2355 4413 2594 4470 Verbum
2621 4422 2744 4470 erat
2792 4389 2940 4484 apud
2970 4389 3425 4478 Deum,.et.Deus
3450 4389 3584 4464 erat.

2332 4505 2523 4561 )Et:

1973 4507 2218 4565 Verbum
2247 4508 2288 4560 δ.
2332 4525 2350 4558 ι
2391 4505 2458 4560 Et
2508 4526 2523 4561 :
2577 4524 2594 4557 ι
2625 4503 2744 4561 Hoc
2803 4513 2926 4559 erat
2978 4504 3036 4559 in
3092 4503 3365 4575 principio
3423 4501 3569 4582 apud

284 4616 408 4652 πον.
455 4598 608 4652 Ἐπεὶ
656 4596 711 4650 δὲ
757 4599 792 4668 ή
834 4595 985 4649 πᾶσα
1027 4593 1334 4667 προφητεία
1365 4592 1694 4664 εὐαγγελικὴ
1739 4609 1868 4662 τυγ-

1978 4599 2143 4655 Deum
2168 4599 2212 4664 ⁸,
2235 4617 2256 4649 ι
2287 4599 2468 4670 ipsum
2493 4606 2612 4652 erat
2636 4594 2960 4667 Unigenitus
2985 4594 3104 4660 Dei,
3129 4595 3224 4666 qui
3247 4602 3333 4650 est
3359 4593 3416 4648 in
3441 4593 3570 4662 sinu

279 4693 458 4765 χάνει,
491 4690 588 4744 θέα
629 4692 834 4760 μήποτε
863 4687 1038 4742 ταῦτα
1069 4689 1150 4750 είς
1187 4687 1278 4740 τὸν
1303 4686 1434 4740 Θεὸν
1465 4686 1636 4755 Λόγον
1662 4686 1863 4757 ἀναφέ-

284 4800 458 4856 ρεται,
488 4783 547 4847 ὃς
574 4777 644 4854 ἦν
677 4780 776 4852 μὲν
823 4779 990 4834 πάλαι
1031 4781 1089 4832 ἐν
1125 4781 1238 4842 τοῖς
1266 4777 1487 4842 κόλποις
1517 4777 1865 4848 ἀναπαυόμε-

281 4893 373 4940 νος
398 4874 491 4928 τοῦ
513 4873 746 4948 Πατρόςο
787 4891 806 4924 ι
845 4873 933 4926 Ἐν
965 4872 1138 4942 ἀρχῇ»
1169 4871 1276 4941 γὰρ
1311 4865 1408 4942 «ἦν
1430 4871 1460 4922 ὁ
1489 4870 1681 4940 Λόγος
1703 4869 1808 4932 ,καὶ
1839 4871 1869 4921 ὸ

280 4969 454 5036 Λόγος
481 4962 549 5038 ἦν
579 4965 713 5038 πρὸς
743 4965 832 5020 τὸν
868 4964 1022 5026 Θεὸν,
1050 4963 1144 5017 καὶ
1169 4962 1302 5026 Θεὸς
1328 4957 1404 5034 ἧν.
1428 4961 1673 5031 ὁιΛόγος.
1690 4981 1708 5013 ι
1734 4961 1863 5032 Καί’

285 5051 484 5122 (Οὗτος
507 5054 576 5129 ἧν
605 5059 664 5110 ἐν
689 5057 830 5128 ἀρχῇ
867 5054 1005 5128 πρὸς
1025 5054 1116 5107 τὸν
1147 5053 1300 5119 Θεὸν,
1337 5075 1357 5108 ι
1399 5054 1563 5119 αὐτὸς
1592 5051 1660 5126 ἦν
1687 5056 1718 5107 ὸ
1747 5056 1863 5108 Μο-

280 5145 504 5217 νογενὴς
548 5145 642 5200 τοῦ
686 5144 821 5200 Θεοῦ
857 5144 889 5197 ὁ
921 5143 997 5197 ὢν
1023 5145 1104 5207 είς
1140 5143 1232 5197 τὸν
1270 5143 1469 5198 κόλπον
1498 5143 1593 5199 τοῦ
1627 5145 1860 5218 Πατρός.

289 5240 441 5294 Ἐπεὶ
474 5239 532 5294 δέ
560 5239 774 5311 μορφὴν
799 5235 990 5289 δούλου
1012 5234 1214 5300 λαϐὼν,
1239 5235 1333 5290 καὶ
1357 5237 1596 5309 σχήματι
1621 5235 1864 5309 εὑρεθεὶς

279 5333 354 5398 ὡς
384 5331 691 5403 ἄνθρωπος,
715 5327 1080 5390 ἐταπείνωσεν
1101 5327 1293 5382 ἑαυτὸν
1328 5329 1490 5402 μέχρι
1523 5328 1777 5389 θανάτου.
1804 5328 1865 5382 τὸ

281 5427 503 5498 Πνεῦμα
532 5426 595 5480 τὸ
633 5427 788 5494 ἅγιον
824 5422 1050 5487 εἰκότως
1080 5422 1178 5495 τὴν
1219 5422 1514 5478 ἀνάστασιν
1558 5421 1724 5476 αὐτοῦ
1756 5423 1864 5498 θε-

277 5497 461 5586 σιτίζει
487 5519 665 5588 λέγων
684 5536 703 5570 ι
727 5517 1040 5589 ’Δναστήτω
1065 5517 1094 5570 δ
1126 5516 1279 5582 Θεὸς,
1315 5515 1410 5570 και
1437 5497 1862 5589 διασκορπισθή-

347 5703 392 5734 ’τ
417 5700 460 5755 H
496 5700 626 5756 Cor.
652 5714 735 5767 ιι,
772 5699 859 5755 Ν.
937 5699 984 5732 ⁸⁸
1007 5698 1153 5756 Psal.
1188 5714 1324 5765 mt,
1365 5697 1419 5755 9.
1497 5698 1544 5732 ”
1564 5697 1709 5756 Psal.
1756 5715 1830 5767 tv,
1863 5697 1875 5749 '.

1997 5695 2184 5754 'Psal.
2233 5714 2383 5762 ηις.
2419 5700 2472 5756 3.

280 5772 366 5828 27.
442 5773 464 5804 ⁸
492 5770 651 5827 Joan.
684 5789 726 5836 ι,
754 5771 805 5827 l.
885 5775 907 5806 '
930 5769 1064 5826 ibid.
1095 5772 1151 5826 2.

596 5869 864 5928 Pnaon.
929 5868 1046 5930 Gn.
1101 5863 1340 5925 XXlﬂ.

1969 4691 2174 4748 Patris.
2239 4690 2380 4758 Quia
2417 4705 2549 4746 vero
2582 4688 2814 4743 formam
2847 4687 2993 4744 servi
3026 4677 3307 4760 accipiens
3327 4725 3343 4751 ,
3377 4693 3432 4741 et
3466 4684 3570 4756 ha-

1971 4786 2093 4842 bitu
2119 4784 2376 4840 inventus
2395 4791 2456 4838 ut
2480 4781 3362 4852 homo,humiliavitsentetipsum
3391 4794 3570 4850 usque

1970 4877 2042 4932 ad
2068 4883 2337 4943 mortem;
2364 4875 2491 4945 jure
2517 4873 2762 4946 Spiritus
2791 4882 3020 4930 sanctus
3041 4871 3173 4946 ejus
3200 4869 3568 4927 resurrectio-

1964 4984 2098 5024 nem
2146 4968 2480 5024 vaticinatur
2527 4967 2742 5030 dicens,
2784 4983 2804 5018 ι
2844 4965 3126 5036 Exsurgat
3144 4962 3290 5034 Deus
3318 4971 3376 5018 et
3401 4961 3569 5032 dissi-

1970 5062 2171 5132 pentur
2218 5055 2476 5114 inimici:
2517 5073 2538 5108 ι
2579 5054 2672 5110 ubi
2719 5069 2822 5125 per
2865 5053 3035 5118 illud,
3093 5071 3112 5106 ι
3147 5051 3330 5118 Deus,
3363 5070 3384 5104 ι
3421 5051 3566 5107 Deus

1972 5145 2211 5202 Verbum
2241 5146 2584 5218 intelligitur.
2632 5147 2742 5201 Aut
2784 5144 2964 5200 oratio
3003 5145 3186 5214 illade
3214 5143 3437 5200 Christo
3459 5142 3565 5197 hoc

1973 5238 2201 5312 profert,
2261 5257 2280 5290 ι
2319 5238 2629 5311 Exsurgat,
2661 5257 2681 5292 ι
2717 5249 2774 5296 et
2829 5241 2898 5295 ad
2949 5233 3334 5295 universorum
3391 5233 3564 5290 Deum

1971 5333 2272 5398 emittitur;
2325 5332 2402 5386 ita
2455 5340 2517 5388 ut
2563 5332 2698 5388 illud
2720 5374 2736 5398 ,
2778 5353 2798 5385 ι
2831 5332 2998 5400 Deus,
3034 5351 3066 5408 ιἶ
3094 5331 3177 5388 sic
3210 5328 3512 5400 accipiatur
3541 5342 3562 5379 :

1971 5422 2017 5478 0
2051 5423 2217 5483 Deus.
2253 5427 2515 5496 exsurgat
2543 5423 3064 5496 Christustuus,,et
3087 5423 3424 5492 dissipentur
3453 5418 3561 5473 ini-

1971 5516 2268 5588 mici-ejus.
2323 5516 2660 5592 .Congregati
2713 5534 2968 5592 namque.
3001 5525 3132 5586 sunt
3186 5513 3393 5570 inimici
3439 5498 3574 5582 ejus‘

2577 5705 2597 5733 ι
2628 5699 2775 5754 Psal.
2829 5715 2975 5763 xcvr,
3026 5699 3080 5752 5.
3157 5696 3347 5751 ’Psal.
3383 5707 3560 5764 uxtt.

2934 5871 2939 5878 -
3047 5855 3080 5896 ἔ)
3089 5859 3123 5894 θ’

3045 5899 3124 5916 ιιι.
