4086 6442
586 329 692 387 683

1269 331 1543 390 EUSEBII
1584 327 2076 388 CESARIENSIS
2115 327 2268 385 OPP.
2301 326 2489 384 PARS
2521 324 2612 383 Ill.
2651 357 2725 372 «-
2757 326 3174 385 EXEGETICA.

3748 335 3834 391 638

589 458 833 520 tempore
883 447 1159 520 passionis
1215 447 1422 518 ipsius,
1476 445 1698 517 quando
1767 464 1786 497 ι
1828 445 2164 500 fremuerunt

2268 457 2452 496 τωσαν
2473 443 2524 494 οί
2553 441 2646 513 ἐχθ
2655 441 2736 514 pol
2761 441 2944 496 αὑτοῦ·
2960 461 2979 493 ι
3012 439 3149 494 Θεοῦ
3172 442 3470 512 νοουμένου
3492 440 3590 496 τοῦ
3609 441 3732 499 θεοῦ
3751 451 3838 503 Λό-

584 548 798 611 gentes,
843 550 898 596 et
944 541 1130 612 populi
1159 539 1405 595 meditati
1439 547 1568 593 sunt
1603 538 1808 592 inania.
1862 538 2168 592 Astiterunt

583 645 761 700 reges,
797 639 852 686 et
899 631 1177 702 principes
1207 637 1579 684 convenerunt
1610 628 1666 684 in
1694 644 1867 683 unum
1902 629 2166 682 adversus

584 718 872 776 Dominum
890 728 946 777 et
963 719 1228 776 adversus
1250 719 1532 775 Christum
1562 718 1683 788 ejus
1699 719 1739 774 ⁸.
1755 736 1773 770 ι
1797 716 1976 772 Hosce
1999 731 2167 787 porro

470 829 472 831 ‘
582 827 774 866 omnes
810 811 1143 866 resurrectio
1188 809 1394 865 CbrlSti
1444 824 1513 864 ex
1563 808 1796 862 mortuis
1825 807 2113 878 dissipavit
2150 825 2163 860 :

582 911 822 972 tuncque
869 899 1190 956 defecerunt
1224 909 1284 953 ut
1315 899 1500 954 delicit
1529 897 1738 962 fumus,
1770 904 1825 952 et
1855 897 1997 952 sicut
2051 895 2169 950 [luit

581 1007 710 1049 cera
743 1008 773 1046 a
810 991 949 1048 facie
999 993 1160 1064 ignis.
1231 991 1390 1046 Hunc
1423 1007 1558 1047 sane
1580 991 1860 1046 Christum
1901 989 1992 1045 Dei
2041 988 2170 1043 odio

582 1083 914 1146 habuerunt,
967 1097 1032 1136 ac
1074 1082 1374 1137 etiamnum
1423 1081 1679 1143 oderunt,
1714 1080 1806 1150 qui
1857 1079 2171 1148 frequenter

581 1177 748 1248 impia
778 1176 946 1240 dicta,
969 1177 1216 1231 convicia
1246 1185 1301 1231 et
1320 1175 1636 1246 blasphema
1667 1175 1832 1230 verba
1860 1173 2168 1244 proferunt,

579 1269 702 1340 ejus
727 1267 1028 1326 Ecclesiam
1059 1277 1378 1340 oppugnant
1406 1283 1471 1324 ac
1501 1267 1808 1322 doctrinam
1832 1268 2173 1322 calumnian-

581 1369 693 1418 tur.
723 1360 857 1416 Nam
889 1362 1026 1416 alias
1051 1362 1232 1417 nullos
1269 1360 1515 1432 reperire
1545 1367 1630 1415 est
1657 1360 1750 1431 qui
1786 1360 2170 1415 universorum

582 1451 753 1508 Deum
784 1453 1039 1520 oderint;
1071 1467 1250 1523 neque
1283 1452 1427 1508 enim
1461 1451 1565 1522 ipsi
1597 1452 1744 1507 athei
1773 1459 1827 1507 et
1853 1451 2038 1523 impii,
2069 1467 2168 1506 ne-

580 1561 687 1615 que
721 1545 943 1614 maligni
970 1546 1266 1608 daemones,
1311 1559 1488 1614 neque
1517 1544 1720 1614 impuri
1751 1545 1978 1615 spiritus
2007 1543 2062 1598 id
2089 1543 2173 1598 di-

580 1635 782 1690 xerint.
816 1637 886 1688 At
912 1633 1192 1691 Christum
1225 1635 1319 1690 Dei
1349 1651 1408 1690 se
1431 1634 1558 1689 odio
1590 1635 1792 1690 habere
1821 1642 2007 1706 aperte
2040 1651 2180 1706 pro-

2271 551 2390 603 γου.
2413 534 2484 587 Ἦ
2511 535 2612 606 τῆς
2639 535 2807 606 εὐχῆς
2841 535 2968 605 περὶ
2999 534 3097 606 μὲν
3123 533 3219 587 τοῦ
3246 534 3490 605 Χριστοῦ
3516 535 3838 606 λεγούσηςτδ.

2277 645 2294 680 ι
2321 627 2627 699 Ἀναστήτω
2645 667 2660 690 ,
2685 645 2703 677 ›
2725 626 2858 698 πρὸς
2869 626 2925 680 δὲ
2942 626 3032 679 τὸν
3049 625 3184 678 Θεὸν
3200 625 3306 678 τῶν
3322 624 3464 678 ὅλων
3477 627 3846 698 ἀναπεμπομέ-

2272 737 2388 790 νης*
2410 715 2520 794 ϊν’ᾗ
2534 720 2614 783 τὸ,
2632 739 2650 770 ι
2671 720 2699 772 ό
2715 718 2868 784 Θεὸς,
2883 737 2901 769 ι
2921 717 3166 781 ἀντὶτοῦ,
3189 711 3367 781 ὧΘεέ,
3383 719 3682 788 ἀναστήτω
3695 719 3721 770 ὁ
3734 721 3847 791 Χρι-

2275 813 2397 876 στός
2409 829 2524 876 σου,
2539 813 2633 866 ml
2647 810 3225 883 διασκορπισθήτωσαν
3253 812 3302 863 οἱ
3319 810 3412 882 ὲχθ
3420 810 3513 882 pol
3529 809 3719 863 αὑτοῦ.
3742 811 3852 864 Συν-

2271 905 2515 978 ήχθησαν
2553 906 2650 976 μέν
2665 905 2776 977 γάρ
2804 907 2852 957 οἱ
2873 903 3058 974 ἐχθροὶ
3073 902 3239 956 αὐτοῦ
3269 903 3408 956 κατά
3425 904 3523 956 τὸν
3542 902 3639 956 τοῦ
3674 904 3852 970 πάθους

2273 991 2438 1044 αὑτοῦ
2456 991 2666 1062 καιρὸν,
2697 991 2934 1062 ὁπηνίκα
2952 1011 2970 1042 ι
2999 990 3278 1062 ἐφρύαξαν
3311 991 3464 1062 ἔθνη,
3484 992 3588 1044 καὶ
3615 991 3730 1044 λαοὶ
3748 994 3856 1063 ἐμε-

2271 1079 2505 1151 λέτησαν
2530 1080 2682 1134 κενά.
2703 1080 3058 1150 Παρέστησαν
3074 1082 3122 1134 οί
3151 1079 3389 1152 βασιλεῖς
3412 1084 3520 1136 καὶ
3537 1085 3590 1135 οί
3619 1083 3856 1154 ἀρχονπς

2275 1171 2617 1244 συνήχθησαν
2633 1173 2725 1227 ἐπὶ
2744 1173 2806 1226 τὸ
2829 1173 2961 1226 αὐτὸ
2980 1173 3121 1227 κατά
3149 1173 3244 1228 τοῦ
3263 1175 3474 1247 Κυρίου
3503 1179 3606 1228 καὶ
3621 1175 3756 1227 κατά
3775 1176 3854 1229 τοῦ

2272 1264 2510 1336 Χριστοῦ
2527 1265 2712 1320 αὐτοῦ.
2729 1285 2746 1316 ι
2768 1265 2992 1319 Πάντων
3009 1267 3065 1320 δὲ
3080 1266 3288 1320 τούτων
3301 1267 3788 1338 διασκορπισμὸνή
3804 1271 3858 1321 ἐκ

2271 1357 2480 1430 νεκρῶν
2499 1358 2792 1422 ἀνάστασις
2805 1357 2897 1411 τοῦ
2910 1357 3148 1430 Χριστοῦ
3174 1360 3613 1432 κατειργάσατο*
3631 1361 3858 1425 ἐξέλιπόν

2270 1467 2330 1505 τε
2340 1451 2416 1516 ώς
2426 1450 2666 1504 ἐκλείπει
2681 1451 2907 1516 καπνὸς,
2922 1451 3014 1505 ml
3029 1452 3105 1515 ὡς
3124 1454 3351 1523 τήκεται
3373 1453 3555 1524 κηρὸς
3579 1453 3692 1506 ἀπὸ
3710 1471 3860 1525 προσ-

2272 1543 2423 1598 ώπου
2459 1545 2652 1618 πυρός.
2683 1547 2795 1599 Καὶ
2835 1544 3023 1598 τοῦτόν
3055 1562 3119 1614 γε
3165 1547 3258 1600 τὸν
3319 1546 3566 1616 Χριστὸν
3610 1545 3707 1598 τοῦ
3738 1547 3858 1600 Θεοῦ

2273 1636 2561 1709 ἐμίσησαν,
2595 1637 2814 1708 μισοῦσί
2849 1655 2909 1692 τε
2943 1638 3108 1692 εἰσέτι
3137 1640 3232 1692 καὶ
3260 1638 3376 1706 νῦν,
3407 1641 3455 1692 οί
3493 1639 3745 1710 συνεχῶς
3771 1642 3857 1694 αὒ-

585 1727 829 1791 lltentur,
882 1726 1062 1797 primo
1111 1726 1150 1780 ii
1201 1727 1269 1783 de
1302 1728 1504 1796 quibus
1529 1729 1644 1798 ipse
1679 1745 1776 1800 per
1825 1729 2164 1801 prophetiam

2273 1729 2362 1783 τὸν
2397 1729 2576 1794 ἀθέοις
2607 1729 2784 1799 λόγοις
2817 1729 2912 1784 ml
2950 1729 3237 1803 λοιδορίαις
3267 1730 3749 1802 βλασφημοῦντες,
3773 1735 3859 1802 τήν

581 1820 658 1873 ita
684 1818 835 1874 fatur
877 1839 891 1874 :
947 1838 968 1870 ι
1021 1817 1210 1874 Loculi
1253 1830 1383 1875 sunt
1418 1821 1707 1876 adversum
1735 1837 1820 1878 me
1859 1824 2044 1892 lingua
2071 1820 2164 1878 do-

2269 1837 2330 1874 τε
2373 1820 2699 1892 Ἐκκλησίαν
2729 1821 2892 1875 αὑτοῦ
2927 1821 3311 1893 πολεμοῦντες,
3355 1825 3449 1876 ml
3478 1822 3590 1894 τὴν
3621 1823 3857 1878 διδασκα-

581 1911 730 1974 losa,
763 1919 817 1966 ct
846 1910 1193 1964 sermonibus
1220 1905 1331 1962 odii
1359 1905 1834 1966 circumdederunt
1865 1923 1970 1973 me,
1989 1916 2044 1964 et
2073 1925 2162 1965 ex-

579 2008 960 2073 pugnaverunt
986 2016 1072 2056 me
1097 2001 1288 2072 gratis.
1319 1999 1426 2056 Pro
1447 2017 1514 2057 eo
1539 2010 1597 2056 ut
1619 2017 1704 2058 me
1726 2002 2036 2073 diligerent,
2068 2001 2170 2056 de-

579 2093 871 2150 trahebant
915 2094 1070 2150 mihi.
1133 2093 1198 2148 Et
1247 2105 1549 2165 posuerunt
1582 2095 1870 2151 adversum
1906 2110 1992 2150 me
2025 2095 2168 2150 mala

578 2202 681 2257 pro
707 2187 889 2250 bonis,
933 2193 987 2242 et
1017 2186 1200 2242 odium
1229 2205 1329 2259 pro
1361 2189 1653 2244 dilectione
1683 2189 1879 2256 mea';
1918 2207 1936 2238 ι
1972 2187 2168 2244 deinde

577 2276 673 2348 qui
705 2284 831 2347 post
859 2277 984 2333 illos
1013 2280 1179 2334 etiam
1213 2294 1362 2334 nunc
1395 2279 1452 2334 in
1495 2280 1675 2351 ipsum
1715 2280 2032 2352 blasphema
2075 2281 2165 2334 di-

579 2376 671 2424 cta
715 2368 1024 2439 proferunt.
1083 2369 1352 2426 Cancrum
1399 2383 1590 2426 omnes
1643 2371 1850 2425 inimici
1901 2371 2056 2443 ejus,
2111 2381 2166 2428 et

575 2460 672 2531 qui
733 2461 970 2516 oderunt
1028 2476 1152 2516 eum
1213 2463 1466 2532 dissipati
1525 2471 1654 2518 sunt
1721 2471 1776 2518 et
1835 2463 2092 2534 fugerunt
2131 2481 2163 2519 ιι

578 2553 722 2610 facie
766 2555 992 2610 virtutis
1021 2556 1164 2626 ejus,
1209 2555 1637 2626 defeceruntque
1685 2555 1828 2611 sicut
1857 2556 2041 2612 deﬁcit
2073 2558 2163 2612 fu-

576 2661 739 2714 mus,
773 2655 830 2703 et
871 2649 1014 2704 sicut
1052 2648 1170 2703 ﬂuit
1200 2664 1325 2704 cera
1373 2663 1402 2701 a
1451 2647 1592 2704 facie
1625 2648 1788 2720 ignis.
1843 2647 2018 2704 Nemo
2059 2651 2165 2722 igi-

576 2748 672 2797 tur
693 2757 760 2797 ex
792 2743 1106 2799 odientibus
1135 2759 1260 2799 eum
1295 2743 1518 2814 impune
1547 2759 1792 2814 unquam
1823 2755 1893 2800 ex
1923 2747 2024 2800 hac
2047 2747 2160 2802 vita

574 2832 851 2906 migravit.
880 2833 985 2892 Sed
1016 2836 1182 2892 etiam
1215 2837 1491 2907 principes
1526 2837 1896 2902 sacerdotum,
1930 2837 2156 2905 Scriba,

573 2925 840 2984 Pharisaei
873 2937 930 2985 et
959 2929 1270 2993 Sadducaai,
1303 2930 1397 3001 qui
1421 2930 1654 2986 insidias
1692 2931 1823 2985 olim
1859 2931 1964 3001 ipsi
1997 2947 2159 3002 para-

575 3025 728 3084 runt,
763 3019 837 3073 ita
866 3017 1208 3083 defecerunt,
1234 3029 1295 3073 ut
1330 3034 1511 3089 neque
1559 3019 1825 3074 memoria
1861 3035 2054 3075 eorum
2087 3023 2157 3078 ad

575 3111 680 3170 hoc
698 3126 874 3182 usque
897 3118 1138 3180 tempus,
1175 3125 1353 3182 neque
1383 3127 1585 3166 nomen
1607 3111 1753 3182 apud
1787 3109 2008 3167 Iudaeos
2026 3128 2152 3169 ser-

571 3208 752 3258 vetur.
791 3202 947 3258 Tunc
975 3212 1091 3258 tota
1119 3218 1310 3259 eorum
1359 3204 1510 3259 natio
1554 3205 1611 3258 in
1645 3219 1838 3260 omnes
1869 3214 2056 3276 gentes
2083 3207 2161 3261 di-

575 3311 767 3367 spersa
801 3297 1184 3367 dissipataque
1221 3305 1326 3352 est.
1361 3295 1788 3368 Insequentibus
1843 3314 1975 3354 vero
2019 3306 2160 3354 tem-

573 3388 802 3459 poribus
827 3398 1097 3460 quotquot
1128 3389 1437 3445 Ecclesiam
1483 3391 1605 3460 ejus
1642 3395 2052 3462 oppugnarunt,
2085 3391 2161 3447 si-

573 3478 780 3535 militer
801 3488 855 3535 et
887 3479 991 3552 ipsi
1023 3479 1343 3536 defecerunt
1366 3481 1509 3536 sicut
1533 3480 1715 3536 deﬁcit
1737 3483 1940 3546 fumus,
1967 3489 2024 3537 et
2056 3483 2162 3537 sieo

573 3580 637 3625 ut
667 3570 787 3626 lluit
817 3587 945 3626 cera
985 3588 1017 3627 a
1069 3569 1212 3628 faeie
1245 3573 1409 3644 ignis.
1447 3572 1660 3628 Inimici
1699 3589 1834 3646 ergo
1863 3573 2072 3630 Christi
2103 3583 2160 3631 et

572 3661 671 3733 qui
705 3661 942 3717 oderunt
965 3679 1093 3719 eum
1118 3663 1248 3718 talia
1276 3663 1426 3734 passi
1477 3671 1642 3730 sunt;
1697 3664 2042 3734 maximeque
2071 3664 2160 3718 in-

573 3755 821 3811 visibiles
851 3763 907 3810 et
932 3754 1135 3810 occulti
1172 3754 1402 3818 inimici,
1451 3754 1678 3826 maligni
1709 3770 1905 3826 nempe
1953 3756 2157 3810 daemo-

573 3861 674 3903 nes
697 3855 752 3902 et
777 3847 1006 3918 spiritus
1033 3862 1292 3918 nequam,
1323 3846 1417 3917 qui
1447 3846 1579 3901 olim
1622 3847 1923 3901 multorum
1971 3848 2158 3902 numi-

574 3955 706 3994 num
740 3940 950 3996 erroris
971 3948 1230 3994 auctores
1263 3946 1423 3994 erant
1456 3957 1470 3993 :
1503 3938 1598 4010 qui
1631 3948 1757 4010 post
1789 3940 2160 3995 resurrectio-

571 4046 698 4086 nem
733 4047 802 4087 ex
849 4032 1084 4087 mortuis
1115 4032 1364 4102 penitus'
1390 4031 1645 4102 dissipati
1693 4037 1846 4087 sunt.
1881 4030 2159 4102 lidemque

573 4123 677 4194 ipsi
701 4123 1074 4194 liquescentes
1101 4125 1248 4179 sicut
1276 4138 1404 4179 cera
1423 4139 1451 4176 a
1475 4123 1614 4179 facie
1643 4123 1811 4194 ignis,
1843 4124 2160 4180 clamabant

571 4218 820 4273 dicentes
860 4236 874 4272 :
934 4236 953 4268 ι
986 4216 1138 4280 Sine,
1168 4217 1301 4287 quid
1339 4217 1500 4274 nobis
1533 4224 1588 4274 et
1615 4217 1738 4280 tibi,
1761 4216 1866 4271 Fili
1901 4217 2034 4273 Dei?
2062 4234 2157 4274 ve-

570 4308 704 4364 nisti
731 4316 856 4363 ante
883 4315 1101 4379 tempus
1129 4317 1389 4379 torquere
1419 4324 1523 4364 nos
1540 4311 1582 4366 '.
1616 4327 1636 4361 ι
1667 4307 1806 4362 Nam
1831 4310 2052 4364 deitatis
2076 4309 2160 4380 ip-

571 4401 690 4457 sius
732 4400 1038 4456 invisibiles
1069 4411 1126 4456 et
1159 4403 1363 4457 occulti
1395 4401 1559 4467 radii,
1595 4409 1874 4457 tormenta
1905 4403 2158 4458 dolores-

2271 1911 2390 1966 λίαν
2411 1913 2806 1977 διαϐάλλοντες.
2857 1913 3068 1978 ’Ἄλλως
3097 1914 3207 1987 γὰρ
3233 1915 3326 1968 τὸν
3357 1917 3450 1969 ἐπὶ
3475 1916 3709 1970 πάντων
3740 1917 3858 1969 Θεὸν

2270 1999 2370 2055 οὐκ
2417 1998 2484 2053 ἂν
2543 2001 2692 2073 εὖροι
2744 2002 3039 2073 μισοῦπάς
3081 2020 3255 2068 τιναςο
3299 2005 3420 2058 οὐδὲ
3456 2007 3574 2078 γὰρ
3623 2008 3776 2060 αὐτοὶ
3812 2009 3862 2061 οί

2269 2092 2416 2147 ἄθεοι
2451 2095 2545 2148 καὶ
2576 2094 2875 2159 δυσσεϐεῖς·
2927 2096 3042 2149 ἀλλ’
3089 2097 3210 2150 οὐδὲ
3238 2099 3287 2151 οί
3319 2100 3550 2170 πονηροὶ
3591 2099 3856 2170 δαίμονες,

2267 2183 2389 2236 οὐδέ
2412 2183 2482 2236 τά
2511 2183 2799 2256 ἀκάθαρτα
2829 2184 3116 2257 πνεύματα
3142 2186 3287 2240 τοῦτ’
3315 2186 3384 2242 ἂν
3412 2187 3649 2240 εἴποιεν.
3682 2187 3782 2239 Τὸν
3804 2186 3855 2240 δὲ

2267 2275 2501 2348 Χριστὸν
2528 2275 2621 2328 τοῦ
2663 2275 2798 2329 Θεοῦ
2837 2275 3287 2348 ὁμολογουμένως
3313 2278 3614 2349 ἐμίσησαν·
3664 2278 3856 2347 πρῶτοι

2271 2367 2368 2438 μὲν
2419 2368 2637 2430 ἐκεῖνοι,
2663 2368 2794 2440 περὶ⁵
2821 2360 2896 2420 ὧν
2921 2369 3083 2432 αὐτὸς
3109 2367 3198 2422 διά
3225 2369 3326 2440 τῆς
3353 2369 3706 2442 προφητείας
3733 2367 3853 2437 ἐφαο

2269 2475 2415 2512 σκεν·
2469 2478 2488 2511 ι
2537 2459 2834 2530 Ἐλάλησαν
2867 2460 2987 2513 κατ’
3022 2459 3156 2531 ἐμοῦ
3186 2460 3406 2534 γλώσσῃ
3441 2460 3619 2533 δολία,
3655 2461 3749 2513 καὶ
3785 2460 3854 2511 λό-

2265 2568 2382 2620 γοις
2405 2551 2595 2623 μίσους
2611 2551 2926 2606 ἐκύκλωσάν
2947 2570 3035 2623 με,
3054 2552 3150 2605 καὶ
3166 2552 3514 2624 ἐπολέμησαν
3535 2570 3606 2623 με
3631 2550 3852 2622 δωρεάν.

2278 2643 2422 2697 Ἀντὶ
2445 2642 2541 2697 τοῦ
2575 2645 2794 2715 ἀγαπᾷν
2813 2662 2880 2716 με
2908 2644 3244 2698 ἐνδιέϐαλλόν
3280 2662 3366 2716 με.
3399 2646 3512 2699 Καὶ
3524 2645 3715 2698 ἔθεντο
3743 2646 3850 2697 κατ’

2263 2735 2398 2806 ἐμοῦ
2413 2736 2558 2789 κακὰ
2585 2736 2705 2789 ἀντὶ
2718 2736 2959 2806 ἀγαθῶν,
2979 2739 3071 2791 ml
3091 2741 3244 2808 μῖσος
3256 2737 3375 2791 ἀντὶ
3401 2739 3501 2809 τῆς
3522 2735 3852 2808 ἀγαπήσεώς

2267 2845 2386 2899 μου·
2418 2848 2436 2880 ι
2484 2829 2672 2883 ἔπειτα
2718 2828 2812 2883 καὶ
2851 2830 2902 2882 οί
2936 2830 3052 2902 μετ’
3083 2831 3325 2894 ἐκείνους
3365 2832 3532 2885 εἰσέτι
3561 2831 3667 2884 νῦν
3702 2829 3851 2882 αὑτὸν

2263 2919 2727 2992 βλασφημοῦντες.
2774 2919 2920 2992 Πλὴν
2972 2921 3173 2985 πάντες
3214 2923 3263 2974 οἱ
3300 2921 3484 2993 ἐχθροὶ
3529 2919 3728 2982 αὐτοῦ,
3767 2919 3852 2972 καὶ

2265 3017 2316 3069 οί
2345 3014 2635 3086 μισοῦντες
2663 3013 2826 3068 αὐτὸν
2855 3013 3348 3086 διεσκορπίσθησαν
3387 3013 3481 3068 ml
3514 3012 3848 3083 πεφεύγασιν

2261 3108 2372 3162 ἀπὸ
2403 3105 2696 3180 προσώπου
2743 3107 2844 3177 τῆς
2885 3105 3166 3176 δυνάμεως
3216 3104 3402 3159 αὑτοῦ.
3469 3105 3752 3172 Ἐξέλιπόν
3793 3119 3848 3155 τε

2261 3201 2337 3264 ὡς
2375 3199 2612 3254 ἐκλείπει
2645 3198 2849 3262 καπνὸς
2878 3199 2970 3252 καὶ
2993 3198 3069 3262 ὼς
3104 3199 3328 3269 τήκεται
3359 3198 3528 3270 κηρὸς
3550 3197 3666 3251 ἀπὸ
3686 3211 3844 3267 προσ-

2260 3293 2412 3348 ώπου
2461 3293 2655 3366 πυρός.
2715 3291 2924 3346 Αὐτίκα
2967 3291 3097 3361 γοῦν
3159 3291 3333 3354 οὐδεὶς
3367 3289 3587 3344 πώποτε
3617 3289 3728 3344 τῶν
3762 3305 3848 3359 με-

2264 3389 2571 3460 μισηκότων
2598 3389 2760 3442 αὑτὸν
2787 3387 3131 3460 ἀτιμώρητος
3162 3385 3406 3458 διεξῆλθε
3437 3386 3531 3440 τὸν
3556 3386 3697 3458 βίον
3720 3384 3846 3440 άλλά

2260 3478 2356 3532 ml
2387 3480 2436 3532 οί
2473 3479 2640 3533 πάλαι
2695 3480 2796 3551 τὴν
2833 3479 3124 3550 ἐπιϐουλὴν
3174 3477 3324 3549 αὐτῷ
3355 3477 3725 3547 τυρεῦσαντες
3753 3476 3846 3548 ἀρ-

2260 3573 2464 3642 χιερεῖς
2488 3573 2582 3625 ml
2615 3576 2983 3644 γραμματεῖς,
3017 3573 3302 3644 Φαρισαῖοι
3358 3570 3454 3623 ml
3503 3570 3845 3624 Σαδδουκαῖοι

2258 3663 2432 3728 οὕτως
2455 3665 2720 3731 ἐξέλιπον,
2769 3664 2846 3729 ὡς
2885 3664 3018 3736 μηδὲ
3057 3664 3277 3735 μνήμην
3309 3661 3490 3716 αὐτῶν
3543 3662 3718 3716 εἰσέτι
3757 3658 3846 3714 νῦν

2263 3755 2384 3826 μηδ’
2403 3754 2573 3827 ὄνομα
2595 3755 2748 3829 παρά
2778 3755 3054 3818 Ἰουδαίοις
3082 3753 3369 3818 σώζεσθαι.
3404 3754 3539 3808 Τότε
3569 3757 3684 3810 πᾶν
3704 3753 3847 3816 ἔθνος

2259 3847 2438 3902 αὐτῶν
2506 3848 2902 3922 διασκεδασμδν
2957 3849 3052 3902 καὶ
3103 3847 3535 3920 διασκορπισμδν
3590 3847 3844 3918 ὑπέμεινε

2259 3942 2338 4004 είς
2365 3939 2543 3995 πάντα
2564 3940 2634 3995 τὰ
2652 3940 2802 4013 έθνη’
2829 3941 2924 3995 ml
2955 3942 3013 3995 ἐν
3045 3944 3159 4006 τοῖς
3178 3941 3316 4012 μετά
3343 3939 3516 3994 ταῦτα
3543 3940 3602 3994 δέ
3636 3940 3844 4012 χρόνοις

2259 4034 2462 4098 πάντες
2491 4036 2606 4088 ὅσοι
2637 4034 2736 4107 τὴν
2782 4033 3110 4106 Ἐκκλησίαν
3160 4033 3327 4090 αὑτοῦ
3377 4034 3841 4106 πεπολεμήκασιν.

2259 4126 2460 4198 ὁμοίως
2483 4126 2726 4194 ἐξέλιπον
2759 4127 2854 4182 ml
2887 4127 3044 4181 αὐτοὶ
3088 4127 3164 4191 ὡς
3205 4126 3445 4180 ἐκλείπει
3499 4127 3709 4189 καπνὸς
3757 4123 3844 4178 καὶ

2259 4219 2336 4284 ὡς
2359 4221 2583 4289 τήκεται
2647 4220 2817 4292 κηρὸς
2849 4219 2956 4273 ἀπὸ
2987 4217 3278 4292 προσώπου
3312 4219 3502 4290 πυρός.
3531 4219 3594 4273 Ol
3628 4219 3729 4290 μὲν
3756 4211 3840 4270 οὖν

2259 4310 2444 4384 ἐχθροὶ
2470 4311 2564 4365 τοῦ
2585 4310 2824 4384 Χριστοῦ
2874 4312 2970 4365 καὶ
3024 4313 3072 4365 οἱ
3128 4311 3410 4383 μισοῦντες
3431 4310 3592 4364 αὑτὸν
3620 4307 3841 4364 τοιαῦτα

2260 4401 2584 4466 πεπόνθασι,
2615 4402 2709 4456 καὶ
2735 4400 2815 4454 ἔτι
2853 4400 3053 4472 μᾶλλον
3075 4402 3124 4454 οί
3147 4400 3370 4473 ἀόρατοι
3392 4401 3487 4454 ml
3513 4402 3740 4469 ἀφανεῖς
3765 4401 3841 4469 ἐχ-

565 4509 676 4570 ιιιιο
730 4491 864 4570 talia
930 4493 1246 4549 dicentibus
1307 4493 1657 4550 invexcrunt.
1717 4491 1921 4549 llexter
1990 4507 2157 4564 porro

2265 4495 2400 4568 θροὶ,
2425 4497 2650 4567 πονηροὶ
2673 4495 2926 4568 δαίμονες
2947 4497 3038 4550 ml
3068 4494 3320 4568 μοχθηρά
3349 4494 3664 4566 πνεύματα,
3682 4494 3751 4547 δι’
3770 4486 3840 4546 ὧν

571 4585 876 4640 amicorum
905 4583 1001 4640 Dei
1024 4585 1163 4640 ordo
1191 4586 1395 4656 quibus
1423 4586 1480 4641 in
1507 4584 1820 4641 Servatoris
1853 4586 2028 4640 nostri
2063 4600 2152 4640 re-

572 4679 919 4734 surrectione
952 4678 1230 4734 frueretur
1269 4679 1449 4743 bonis,
1501 4679 1764 4748 deinceps
1812 4677 1969 4732 docet
2023 4693 2156 4748 pro-

570 4769 756 4840 phetia
779 4785 901 4836 quae
930 4770 1008 4823 ait
1042 4789 1056 4825 :
1097 4788 1116 4821 ι
1151 4767 1218 4822 Ει
1235 4770 1371 4839 justi
1407 4770 1659 4824 laetentur
1691 4775 1745 4822 et
1784 4768 2060 4823 exsultent
2098 4767 2156 4821 in

570 4871 870 4932 cortspectu
920 4863 1035 4927 Dei,
1066 4863 1407 4919 delectentur
1434 4863 1490 4917 in
1521 4861 1730 4917 latitia.
1778 4881 1797 4913 ι
1826 4859 1975 4926 Quid
2019 4859 2152 4914 illud

569 4956 664 5021 sit,
691 4971 803 5010 non
834 4957 1166 5027 simpliciter
1198 4957 1372 5011 laetari
1399 4963 1454 5010 et
1482 4955 1786 5017 exsultare,
1813 4954 1912 5009 sed
1938 4955 1991 5008 in
2019 4967 2155 5008 con-

569 5057 763 5120 spectu
817 5047 912 5105 Dei
969 5058 1025 5104 et
1073 5049 1216 5120 apud
1268 5048 1438 5104 Deum
1477 5049 1561 5104 his
1583 5047 1814 5119 perfrui,
1859 5047 2155 5118 divinaque

566 5143 848 5214 voluptate
886 5142 1161 5213 gaudere,
1206 5158 1318 5198 non
1346 5147 1546 5215 {potest
1599 5157 1700 5213 pro
1745 5140 1942 5194 merito
1990 5155 2155 5196 enar-

564 5252 704 5293 rari.

2261 4588 2330 4642 τὰ
2363 4589 2464 4660 τῆς
2491 4587 2754 4642 πολυθέου
2787 4588 2995 4660 πλάνης
3022 4590 3306 4661 ἐνηργεῖτο
3326 4588 3513 4642 πάλαι·
3555 4581 3630 4641 ὧν
3655 4601 3840 4640 παντε-

2261 4680 2360 4752 λὴς
2384 4679 2813 4753 διασκορπισμὸς
2845 4680 2985 4752 μετά
3033 4682 3132 4752 τὴν
3180 4683 3246 4736 ἐκ
3291 4683 3501 4756 νεκρῶν
3551 4683 3840 4738 ἀνάστασιν

2262 4774 2525 4843 γέγονεν’
2595 4775 2644 4828 οί
2699 4773 2744 4827 δ’
2799 4774 2981 4839 αὐτοὶ,
3039 4774 3329 4846 τηκόμενοι
3396 4774 3472 4838 ὡς
3521 4775 3690 4847 κηρὸς
3733 4772 3838 4827 ,ἀπὸ

2265 4866 2560 4938 προσώπου
2625 4867 2814 4938 πυρὸς,
2859 4866 3030 4919 ἐϐόων
3084 4866 3352 4935 λέγοντες
3386 4886 3404 4918 ι
3443 4867 3565 4922 Ἔα·
3602 4866 3657 4920 τί
3710 4867 3837 4937 ἡμῖν

2265 4960 2359 5012 καὶ
2391 4959 2497 5022 col,
2564 4959 2660 5013 Υίέ
2706 4960 2872 5025 Θεοῦ;
2929 4955 3134 5024 Ἦλθες
3207 4959 3313 5032 πρὸ
3369 4959 3560 5031 καιροῦ
3625 4957 3837 5030 βασανί-

2264 5069 2354 5104 σαι
2384 5053 2584 5122 ἡμᾶς.»
2622 5054 2688 5105 Δί
2720 5053 2830 5124 γὰρ
2855 5053 2954 5124 τῆς
3000 5051 3251 5122 θεότητος
3296 5052 3460 5106 αὑτοῦ
3492 5052 3714 5123 ἀόρατοι
3751 5048 3839 5102 ml

2261 5142 2487 5211 ἀφανεῖς
2518 5145 2754 5208 ἀκτῖνες,
2789 5143 3053 5215 βασάνους
3076 5146 3169 5197 καὶ
3195 5143 3493 5214 ἀλγηδόνας
3535 5146 3649 5206 τοῖς
3671 5142 3835 5197 ταῦτα

2263 5234 2480 5304 λέγουσι
2507 5240 2786 5308 παρεῖχον.
2849 5235 2922 5290 Τό
2953 5236 3009 5290 δέ
3043 5253 3107 5305 γε
3154 5236 3327 5300 δεξιον
3371 5235 3480 5289 τῶν
3530 5235 3704 5306 φίλων
3744 5232 3833 5288 τοῦ

565 5333 702 5387 Θεοῦ
725 5331 910 5404 τάγμα
932 5332 1134 5386 ὁποίων
1157 5331 1430 5385 ἀπέλαυεν
1490 5331 1713 5400 ἀγαθῶν
1741 5331 1800 5384 ἐν
1860 5333 1924 5402 τῇ
1957 5330 2052 5384 τοῦ
2099 5331 2356 5402 Σωτῆρος
2416 5333 2574 5403 ἡμῶν
2623 5332 2938 5396 ἀναστάσει,
3002 5331 3128 5404 ἑξῆς
3157 5332 3396 5387 διδάσκει
3437 5333 3472 5402 ἡ
3536 5329 3832 5404 προφητεία

563 5429 818 5511 λέγουσα·
861 5449 880 5481 ι
929 5429 1038 5482 Καὶ
1074 5429 1123 5482 οί
1159 5427 1356 5482 δίκαιοι
1405 5427 1890 5500 εὐφρανθήτωσαν,
1939 5426 2390 5496 ἀγαλλιάσθωσαν
2450 5426 2681 5483 ἐνώπιον
2739 5429 2835 5482 τοῦ
2880 5429 3036 5495 Θεοῦ,
3085 5430 3475 5516 τερφθήτωσαν
3523 5429 3582 5482 ὲν
3640 5429 3830 5498 εὐφρο-

565 5526 756 5599 σύνῃ.»
797 5526 1008 5580 Ὀποῐον
1036 5523 1093 5578 δέ
1133 5525 1250 5578 ἐστι
1281 5523 1345 5577 τὸ
1398 5523 1472 5596 μὴ
1532 5523 1720 5588 ἀπλῶς
1769 5522 2158 5595 εὐφραίνεσθαι
2196 5523 2292 5576 ml
2355 5523 2638 5596 ἁγαλλιᾷν,
2672 5523 2787 5579 ἀλλ’
2822 5523 3054 5579 ἐνώπιον
3107 5525 3201 5579 τοῦ
3239 5523 3374 5579 Θεοῦ
3411 5525 3504 5579 καὶ
3563 5522 3718 5598 παρά
3758 5521 3830 5594 τῷ

565 5623 685 5697 Θεῷ
710 5622 913 5680 τούτων
933 5623 1244 5688 ἀπολαύειν,
1284 5621 1446 5694 ἡδονῇ
1469 5637 1529 5674 τε
1555 5619 1676 5692 θείᾳ
1707 5622 1998 5694 ἐντρυφᾷν,
2042 5620 2142 5673 οὐκ
2180 5619 2323 5674 ἔστιν
2347 5620 2585 5689 ἐπαξίως
2607 5621 2750 5694 λόγῳ
2779 5620 3162 5693 διηγήσασθαι.

559 5833 562 5852 .
650 5801 826 5861 'Psal.
846 5818 908 5874 ιι,
941 5806 994 5870 l,
1023 5807 1078 5867 2.
1155 5809 1174 5840 "
1201 5805 1348 5863 Psal.
1378 5821 1530 5872 cvm,
1549 5805 1666 5862 5-5.
1791 5805 1981 5861 Matth.
2006 5821 2128 5874 rm,
2155 5805 2248 5864 29.
