4086 6442
1383 373 1894 434 COMMENTARIA
1933 374 2001 432 IN
2041 375 2384 437 PSALMOS.

3430 387 3547 448 086:

343 517 364 550 ε
397 496 595 570 ’ᾼσατε
632 493 710 566 τῷ
764 493 903 567 Θεῷ,
930 493 1135 566 ψάλατε
1159 495 1236 566 τῷ
1269 495 1491 566 ὀνόματι
1526 494 1712 549 αὑτοῦ·
1743 495 1859 550 ὁδο-

2033 492 2200 551 Vsas.
2228 496 2282 560 5,
2322 495 2378 552 6.
2425 513 2445 548 ι
2486 494 2716 553 Cautate
2762 497 2894 566 Deo,
2929 499 3204 570 psalmum
3237 499 3543 557 dicite-uo-

271 593 529 662 ποιήσατε
562 588 640 660 τῷ
661 588 1012 660 ἐπιϐεϐηκότι
1034 589 1128 642 ἐπὶ
1164 588 1436 660 δυσμῶν.»
1470 589 1572 642 Τὸν
1603 589 1702 660 μὲν
1728 590 1858 661 περὶ

265 683 376 738 τῶν
404 681 614 754 ἐχθρῶν
646 683 739 736 καὶ
797 683 1100 754 μισούντων
1131 682 1222 736 τὸν
1253 681 1388 736 Θεὸν
1423 681 1584 750 λόγον
1609 681 1698 736 διὰ
1727 682 1858 754 βρα-

263 777 406 846 χέων
439 775 735 846 ὲπετέμετο
750 776 784 846 ἡ
802 773 1124 846 προφητεία·
1153 773 1244 827 τὸν
1267 773 1324 826 δὲ
1352 773 1608 845 περὶτῶν
1632 773 1857 828 δικαίων

262 867 510 935 ἐξαπλοῖ,
541 867 951 939 ἐνδιατρίϐουσα
975 869 1042 939 τῇ
1075 866 1205 938 περ)⁵
1254 866 1436 920 αὐτῶν
1472 867 1682 940 μνήμῃ.
1743 865 1856 920 Καὶ

256 959 332 1032 δὴ
367 961 427 1014 τὺ
475 957 702 1030 Πνεῦμα
731 959 792 1012 τὸ
815 957 968 1027 ἀγιον
998 957 1435 1031 παρακελεύεται
1481 959 1594 1020 τοῖς
1625 956 1857 1020 δικαίοις

257 1053 416 1124 ᾄδειν
446 1053 539 1108 καὶ
567 1052 790 1124 ψάλλειν
821 1051 899 1123 τῷ
929 1051 1071 1122 Θεῷ,
1127 1053 1204 1115 ὼς
1249 1051 1314 1105 ἂν
1348 1051 1436 1104 διὰ
1465 1049 1670 1104 τούτων
1730 1047 1856 1120 μὲλ-

259 1145 452 1201 λουσιν
473 1145 764 1199 ἀπολαύειν
789 1144 891 1216 τῆς
923 1143 1074 1208 θείας
1104 1143 1443 1215 εὖφροσύνης
1472 1144 1564 1196 καὶ
1591 1143 1688 1214 τῆς
1721 1160 1857 1215 προ-

260 1237 555 1311 λεχθείσης
584 1237 870 1311 τερπωλῆς
896 1239 988 1291 καὶ
1042 1237 1436 1306 ἀγαλλιάσεως.
1469 1237 1579 1289 Καὶ
1623 1235 1854 1308 ἐπείπερ

263 1332 380 1385 τῶν
405 1330 500 1385 δύο
533 1329 758 1395 τούτων,
815 1330 959 1400 λέγω
1007 1329 1064 1384 δὲ
1097 1328 1190 1384 τοῦ
1225 1329 1370 1402 ᾄδειν
1399 1328 1495 1383 καὶ
1523 1327 1768 1399 ψάλλειν,
1793 1329 1855 1382 τὸ

268 1421 376 1492 μὲν
409 1423 654 1493 κρεῖττον
683 1415 752 1490 ἦν
780 1418 842 1472 τὺ
896 1418 1064 1491 ᾄδειν,
1111 1418 1172 1471 τὸ
1208 1418 1266 1472 δὲ
1304 1417 1644 1490 ὑποϐεϐηκδς
1675 1419 1737 1472 τὸ
1787 1418 1855 1471 δι’

262 1509 504 1587 ὀργάνου
537 1511 960 1584 ἀνακρούεσθαι,
1009 1511 1232 1575 εἰκότως
1260 1511 1322 1565 τδ
1356 1511 1456 1582 μὲν
1489 1515 1736 1584 κρεῖττον
1767 1513 1856 1566 ἀν·

267 1605 438 1678 έθηκε
461 1604 539 1675 τῷ
564 1604 702 1675 Θεῷ,
735 1604 796 1657 τὸ
812 1604 868 1657 δὲ
897 1605 986 1660 διά
1011 1603 1106 1658 τοῦ
1125 1605 1359 1676 ὀργάνου
1377 1605 1621 1676 ἐνεργεῖν
1647 1604 1724 1677 τῷ
1740 1605 1856 1659 ὀνό-

271 1717 408 1771 ματι
443 1698 626 1756 αὐτοῦ.
677 1719 696 1752 ς
725 1701 926 1772 Ι’ᾼσατε
954 1718 970 1751 ι
1034 1698 1165 1772 γάρ,
1201 1699 1356 1771 φησὶ,
1423 1717 1442 1751 ι
1475 1698 1557 1771 ’τῷ
1586 1699 1726 1771 Θεῷ,
1759 1700 1854 1754 καὶ

265 1791 478 1863 ψάλατε
509 1790 588 1863 τῷ
630 1791 853 1863 ὀνόματι
904 1791 1126 1846 αὐτοῦ.»
1164 1792 1315 1864 ’ᾼδει
1363 1792 1421 1846 δὲ
1462 1792 1540 1864 τῷ
1591 1791 1712 1864 Θεῷ
1736 1791 1853 1847 ὀδι¹

267 1885 442 1955 ὑγιῶν
472 1885 758 1956 δογμάτων
786 1885 884 1956 τὴν
916 1884 1093 1956 ψυχὴν
1135 1887 1566 1959 πεπαιδευμένος
1622 1863 1719 1940 καὶ
1761 1886 1861 1951 τὰς
1890 1863 1934 1919 Β

268 1978 590 2052 πρεπούσας
611 1978 761 2049 αύτῷ
787 1977 1067 2047 θεολογίας
1087 1981 1152 2033 ὲκ
1181 1979 1419 2044 διανοίας
1442 1978 1860 2051 κεκαθαρμένης

266 2069 630 2140 ἀναπέμπωνο
671 2067 862 2139 ψάλλει
894 2069 952 2124 δὲ
984 2068 1062 2140 τῷ
1099 2069 1322 2141 ὀνόματι
1357 2069 1546 2135 αὐτοῦ,
1580 2071 1609 2122 ό
1639 2069 1728 2123 διὰ
1751 2070 1861 2123 τῶν

261 2161 364 2216 τοῦ
414 2163 661 2234 σώματος
694 2164 962 2235 κινήσεων
989 2162 1085 2217 καὶ
1111 2161 1202 2216 διά
1237 2162 1338 2232 τῆς
1357 2159 1468 2215 τῶν
1487 2162 1860 2235 αἰσθητηρίων

269 2253 555 2324 ἐνεργείας
573 2251 798 2306 τοιαῦτα
823 2253 1098 2326 πράττων,
1129 2253 1206 2317 ὡς
1231 2251 1548 2320 δοξάζεσθαι
1593 2252 1663 2305 δι’
1693 2251 1860 2306 αὐτοῦ

270 2343 424 2415 παρὰ
442 2346 555 2408 τοῖς
574 2344 741 2417 ὁρῶσι
767 2345 826 2398 τὸ
846 2345 1016 2417 ὄνομα
1041 2345 1133 2400 τοῦ
1159 2345 1317 2400 Θεοῦ.
1379 2345 1566 2400 Ταῦτα
1619 2347 1718 2417 μὲν
1767 2341 1860 2400 οὖν

270 2435 465 2506 πρῶτα
497 2436 932 2508 παρακελεύεται
976 2437 1056 2508 τῷ
1100 2437 1210 2492 τῶν
1255 2438 1482 2492 δικαίων
1511 2438 1658 2511 χορῷ
1687 2439 1861 2510 πράτ-

267 2543 383 2582 τειν
403 2529 432 2581 ό
461 2527 638 2598 λόγος·
679 2529 808 2600 ἑξῆς
837 2529 894 2584 δὲ
913 2530 1144 2601 πρᾶγμά
1173 2548 1226 2584 τι
1251 2533 1424 2584 ποιεῖν
1444 2531 1652 2604 ἑτέροις
1675 2533 1861 2603 χρήσι-

273 2639 373 2691 μον
403 2621 750 2694 προστάττει.
781 2624 897 2677 Ἵνα
952 2625 1060 2696 γὰρ
1115 2624 1278 2696 ἐπιϐῇ
1307 2627 1336 2678 ό
1362 2623 1496 2688 Θεὸς
1517 2623 1595 2694 τῷ
1621 2623 1728 2677 τῶν
1763 2624 1859 2678 ἀν-

269 2709 504 2782 θρώπων
540 2710 662 2782 βίῳ,
697 2713 959 2776 καῖ’ὂπως
991 2714 1421 2786 ὲμπεριπατήσῃ
1462 2715 1576 2777 τοῖς
1613 2713 1706 2766 ἐπὶ
1732 2713 1856 2786 γῆς,

263 2804 368 2876 τὴν
393 2803 510 2858 ὁδὸν
541 2805 691 2877 αὐτῷ
721 2805 871 2859 λείαν
915 2808 1010 2860 καὶ
1053 2807 1261 2880 ὁμαλὴν
1305 2805 1718 2880 ἀπεργάζεσθαι
1744 2807 1860 2860 δια-

265 2897 550 2952 κελεύεται
573 2900 816 2968 φάσκωνο
853 2919 871 2950 ι
896 2900 1303 2972 Ὁδοποιήσατε·
1319 2920 1337 2952 ι
1371 2899 1406 2972 ἢ
1435 2900 1578 2954 κατά
1601 2900 1697 2953 τὸν
1712 2899 1860 2971 Σύμ-

267 3007 466 3062 μαχον,
533 3010 553 3042 ι
585 2991 1044 3065 Καταστρώσατε·
1073 3013 1092 3045 ι
1144 2993 1288 3048 κατά
1337 2994 1396 3048 δὲ
1449 2993 1542 3048 τὸν
1605 2993 1858 3056 Ἀκύλαν,

270 3103 293 3158 ᾳ
332 3083 880 3151 Ἀποσκολοπίσατε,›
914 3086 1162 3141 τουτέστι
1215 3088 1323 3140 πᾶν
1353 3087 1564 3141 σκολιὸν
1605 3075 1857 3157 ἀφέλετε,

259 3177 366 3230 καὶ
395 3179 501 3231 πᾶν
531 3180 703 3250 τραχὺ
738 3178 1184 3254 καταστρώσατε,
1213 3180 1289 3244 ὼς
1305 3178 1372 3233 ἂν
1398 3180 1608 3249 γένοιτο
1629 3179 1748 3233 λεία
1762 3179 1857 3234 καὶ
1884 3211 1927 3270 C

259 3271 446 3342 ὁμαλὴ
475 3271 570 3325 τοῦ
601 3271 737 3325 Θεοῦ
767 3275 800 3344 ἡ
852 3273 933 3336 είς
975 3271 1298 3344 ἀνθρώπους
1353 3274 1572 3346 πορεία.
1603 3273 1774 3327 Τοῦτο
1800 3274 1858 3328 δὲ

263 3363 366 3416 καὶ
401 3363 630 3428 Ἡσαΐας
677 3363 866 3435 ἐδήλου
907 3364 1102 3433 λέγων·
1159 3385 1178 3417 ‹
1214 3365 1572 3437 Ἑτοιμάσατε
1621 3364 1720 3438 τὴν
1745 3365 1862 3420 ὁδὸν

263 3455 498 3529 Κυρίου,
533 3457 750 3522 εὐθείας
802 3461 1005 3512 ποιεῖτε
1059 3459 1157 3523 τὰς
1190 3459 1412 3532 τρίϐους
1459 3458 1648 3514 αὑτοῦ.
1703 3461 1862 3514 Πᾶσα

265 3549 488 3622 φάραγξ
542 3551 984 3624 πληρωθήσεται,
1030 3554 1126 3606 καὶ
1186 3555 1294 3607 πᾶν
1338 3552 1464 3625 ὅρος
1526 3554 1620 3608 καὶ
1658 3553 1862 3626 ’βουνὸς

265 3644 760 3716 ταπεινωθήσεται.
819 3647 931 3699 Καὶ
971 3645 1124 3700 ἔσται
1157 3645 1226 3700 τά
1272 3645 1462 3700 σκολιά
1504 3648 1585 3710 εἰς
1623 3647 1857 3714 εὐθεῖαν,

179 3727 184 3730 ’
268 3737 432 3808 καὶὴ
481 3742 710 3810 τραχεῖα
772 3735 853 3804 είς
908 3739 1060 3804 ὁδοὺς
1114 3740 1284 3804 λείας,
1329 3740 1424 3793 καὶ
1469 3739 1661 3810 ὄψεται
1711 3743 1860 3794 πᾶσα

271 3829 410 3902 σὰρξ
437 3831 498 3884 τὸ
533 3833 799 3906 σωτήριον
827 3832 921 3886 τοῦ
951 3833 1140 3887 Θεοῦ.»
1185 3833 1448 3887 Ἐνταῦθα
1469 3832 1526 3886 δὲ
1571 3833 1630 3886 οὐ
1663 3833 1860 3906 πρότε-

273 3935 366 3990 ρον
397 3919 656 3975 ὄδοποιεῖν
707 3921 920 3976 κελεύει
984 3923 1018 3995 ἢ
1075 3923 1292 3996 πρῶτον
1340 3924 1542 3987 αὐτοὺς
1587 3923 1860 3995 μαθόντας

268 4014 420 4076 ὅπως
451 4013 556 4085 χρὴ
583 4013 726 4087 ᾅδειν
763 4014 841 4087 τῷ
887 4014 1007 4086 Θεῷ
1038 4017 1133 4070 καὶ
1189 4017 1339 4079 ὅπως
1373 4015 1596 4087 ψάλλειν
1638 4015 1716 4087 τῷ
1740 4016 1858 4070 ὀνό-

273 4123 405 4176 ματι
423 4106 605 4163 αὑτοῦ.
635 4108 819 4164 Ταῦτα
847 4108 957 4182 γάρ
985 4109 1365 4182 προμαθόντας
1406 4111 1500 4164 καὶ
1531 4109 1716 4183 ἔργοις
1740 4095 1860 4164 tm;

268 4198 613 4264 τελέσαντας,
663 4201 788 4272 ἑξῆς
833 4201 1082 4271 βούλεται
1128 4202 1411 4266 ὁδοποιεῖν,
1467 4202 1713 4257 τουτέστι
1759 4203 1860 4267 τάς

267 4292 426 4363 παρά
457 4293 564 4346 τῶν
594 4293 895 4365 ἀνθρώπων
913 4295 1091 4366 ψυχὰς
1121 4296 1584 4366 παρασκευάζειν,
1610 4296 1858 4370 καθαράς

267 4401 329 4438 τε
363 4383 458 4438 καὶ
489 4385 740 4456 ἑτοίμους
771 4385 942 4450 αὑτάς
986 4386 1393 4459 ἀπεργάζεσθαι
1421 4389 1504 4452 είς
1543 4387 1644 4459 τὴν
1673 4389 1859 4460 ἐπιδη-

271 4476 404 4550 μίαν
435 4476 526 4531 τοῦ
549 4477 985 4550 προδηλωθέντος
1013 4476 1169 4532 Θεοῦ.
1195 4478 1289 4531 Διό
1309 4495 1493 4550 φησιν·
1525 4497 1543 4530 ι
1581 4479 1858 4551 Ὀδοποιή-

1965 585 2102 642 mini
2145 587 2288 657 ejus,
2319 587 2424 642 iter
2450 585 2614 644 facite
2641 589 2714 653 ei,
2746 591 2842 660 qui
2886 591 3140 647 ascendit
3186 607 3353 663 super
3381 607 3544 646 occao

1965 693 2108 733 sum.
2149 699 2170 731 ι
2202 678 2524 736 Sermonem
2549 680 2619 736 de
2643 681 2881 737 inimicis
2903 691 2960 738 et
2984 685 3243 738 osoribus
3274 684 3369 740 Dei
3411 682 3547 740 νει-

1966 770 2018 826 bi
2069 771 2400 841 compendio
2428 771 2663 827 absolvit
2686 773 3008 842 prophetia;
3043 773 3115 829 de
3141 773 3311 843 justis
3358 783 3544 829 autem

1964 863 2143 919 fusius
2165 865 2298 935 agit,
2328 880 2629 936 eorumque
2655 867 3173 922 commemorationi
3205 868 3434 923 insistit.
3482 868 3547 922 Et

1964 970 2096 1011 sane
2120 954 2362 1026 Spiritus
2385 965 2614 1013 sanctus
2635 957 2793 1028 jubet
2819 959 3004 1029 justos
3030 969 3255 1014 cantare
3289 970 3344 1016 et
3392 962 3544 1030 psal-

1964 1045 2076 1100 lere
2109 1043 2252 1112 Deo;
2274 1055 2466 1118 utpote
2493 1049 2587 1118 qui
2607 1047 2693 1104 his
2713 1059 2997 1114 vacantes,
3026 1050 3267 1105 divinam
3298 1051 3542 1105 laetitiam

1962 1147 2434 1210 memoratamque
2457 1141 2877 1198 delectationem
2908 1151 2963 1198 et
2998 1145 3421 1200 exsultationem
3445 1159 3546 1199 na-

1963 1229 2107 1285 cturi
2135 1231 2267 1286 sint.
2305 1231 2444 1298 Quia
2478 1249 2608 1290 vero
2643 1251 2710 1290 ex
2756 1235 2844 1290 bis
2892 1235 3132 1300 duobus,
3184 1237 3445 1293 nimirum
3477 1254 3544 1294 ex

1963 1332 2130 1378 cantu
2162 1331 2217 1380 et
2265 1341 2333 1380 ex
2375 1327 2712 1398 .psalmodia,
2769 1329 3139 1398 praestabilior
3172 1341 3367 1388 cantus
3401 1341 3542 1394 erat,

1963 1422 2129 1487 atque
2156 1414 2389 1471 inferior
2422 1416 2527 1488 ipsi
2551 1424 2670 1473 erat
2701 1418 3058 1476 instrumenti
3109 1423 3380 1492 pulsatio;
3419 1423 3547 1493 jure

1961 1510 2107 1580 quod
2143 1513 2501 1582 praestantius
2560 1522 2678 1569 erat
2735 1513 2847 1570 Deo
2903 1515 3134 1582 addixit,
3192 1517 3545 1572 instrumenti

1962 1617 2094 1657 vero
2124 1603 2395 1659 actionem
2431 1605 2642 1661 nomini
2672 1607 2815 1678 ejus.
2848 1606 2992 1664 Nam
3027 1607 3228 1682 inquit,
3263 1628 3283 1661 ι
3326 1618 3548 1666 cantate

1963 1690 2097 1758 Deo,
2127 1701 2182 1749 et
2207 1697 2480 1766 psalmum
2510 1696 2680 1753 dicite
2719 1700 2930 1755 nomini
2963 1701 3104 1772 ejus.
3163 1722 3181 1754 ι
3227 1701 3336 1758 Dco
3361 1712 3546 1758 autem

1962 1796 2167 1852 cantat,
2199 1787 2360 1856 cujus
2391 1790 2574 1844 anima
2605 1807 2740 1847 sana
2772 1793 3025 1848 doctrina
3055 1795 3308 1850 instituta
3350 1803 3457 1859 est,
3490 1805 3546 1849 et

1963 1880 2322 1949 congruentia
2363 1880 2660 1955 divinaque
2711 1884 2880 1940 verba
2927 1901 2993 1941 ex
3035 1901 3172 1957 pura
3203 1888 3547 1943 conscientia

1964 1972 2069 2042 ipsi
2093 1973 2454 2042 transmiltit;
2488 1975 2678 2045 psallit
2708 1991 2838 2032 vero
2866 1978 3078 2032 nomini
3099 1979 3243 2048 ejus,
3292 1979 3387 2051 qui
3416 1991 3546 2034 cor-

1962 2063 2146 2132 poreis
2173 2063 2419 2120 motibus
2458 2075 2512 2120 et
2561 2067 2812 2123 sensibili
2876 2070 3092 2126 actione
3135 2072 3264 2127 talia
3297 2073 3545 2139 exhibet,

1961 2171 2083 2226 quae
2114 2165 2455 2227 spectatores
2477 2157 2544 2212 ad
2570 2175 2770 2216 nomen
2802 2160 2898 2218 Dei
2939 2163 3116 2234 gloria
3151 2165 3546 2220 celebrandum

1962 2249 2246 2304 inducant.
2269 2248 2400 2305 Haec
2427 2249 2596 2322 igitur
2621 2253 2798 2322 primo
2819 2253 3050 2324 jubetur
3089 2255 3367 2326 justormn
3409 2257 3546 2312 cho-

1962 2357 2058 2396 rus
2086 2357 2384 2414 peragere;
2415 2344 2618 2400 deinde
2637 2361 2769 2401 vero
2791 2333 2965 2401 eidem
2985 2348 3302 2418 prazcipitur
3327 2357 3386 2404 ut
3408 2365 3550 2420 opus

1961 2432 2085 2488 aliis
2109 2433 2242 2488 utile
2276 2434 2544 2504 perﬁciat.
2582 2434 2720 2492 Nam
2752 2445 2812 2492 ut
2857 2437 3001 2494 Deus
3034 2439 3102 2493 ad
3129 2439 3414 2495 hominum
3457 2457 3551 2514 ge-

1961 2531 2068 2582 nus
2093 2526 2340 2588 accedat,
2370 2535 2570 2584 etcum
2609 2529 2903 2601 terrigenis
2937 2532 3302 2602 perambulet,
3349 2536 3550 2604 praeci-

1961 2619 2040 2690 pit
2073 2628 2132 2674 ut
2161 2621 2306 2676 viam
2343 2620 2560 2677 facilem
2585 2631 2750 2694 atque
2781 2625 3000 2696 planam
3035 2625 3139 2696 ipsi
3170 2627 3440 2692 muniant,
3465 2626 3550 2682 di-

1959 2726 2091 2767 cens
2126 2729 2141 2769 :
2180 2729 2199 2761 4
2241 2713 2352 2769 lter
2375 2713 2570 2780 facite;
2604 2733 2624 2767 ι
2661 2717 2778 2771 sive
2807 2717 3110 2772 secundum
3133 2716 3544 2789 Symmachum,

1965 2821 1984 2856 ι
2017 2802 2292 2873 Sternite;
2321 2825 2340 2858 ι
2377 2806 2682 2862 secundum
2710 2807 2966 2880 Aquilam
2994 2824 3142 2873 vero,
3174 2827 3193 2862 ι
3229 2809 3274 2862 Λ
3306 2813 3548 2865 surculis

1959 2899 2246 2965 mundate,
2278 2919 2297 2951 ι
2335 2899 2388 2954 id
2412 2907 2519 2966 est,
2550 2914 2711 2956 omne
2739 2907 3048 2955 tortuosum
3075 2899 3378 2966 auferte,et
3401 2901 3548 2972 quod

1960 3006 2217 3063 asperum
2249 2998 2356 3056 est,
2393 2992 2644 3056 sternite,
2673 2999 2735 3045 ut
2767 2991 2872 3046 iter
2907 2989 3003 3047 Dei
3034 2991 3101 3046 ad
3131 2991 3384 3048 homines
3432 2993 3550 3064 pla-

1960 3099 2092 3139 num
2121 3083 2394 3154 facileque
2445 3084 2661 3140 evadat.
2707 3083 2949 3154 ldipsum
2984 3083 3066 3140 sic
3097 3083 3268 3141 Isaias
3300 3085 3550 3140 declara-

1961 3177 2076 3230 vit’
2109 3195 2122 3231 :
2160 3195 2180 3229 ι
2220 3175 2420 3231 Parate
2447 3177 2594 3231 viam
2622 3175 2863 3242 Domini,
2898 3184 3081 3232 rectas
3107 3175 3271 3233 facite
3322 3179 3549 3234 semitas

1962 3269 2100 3339 ejus.
2139 3266 2333 3326 Omnis
2358 3269 2518 3325 vallis
2560 3269 2897 3340 implebitur,
2941 3277 2997 3325 et
3041 3269 3222 3325 omnis
3279 3285 3438 3326 mons
3496 3281 3552 3325 et

1959 3363 2119 3418 collis
2167 3363 2570 3418 humiliabitur.
2611 3361 2678 3418 Et
2713 3373 2877 3419 erunt
2907 3371 3158 3420 tortuosa
3201 3362 3257 3416 in
3285 3363 3429 3418 viam
3461 3381 3550 3420 re-

1963 3466 2132 3518 ctam,
2162 3463 2217 3510 et
2243 3471 2439 3527 aspera
2466 3456 2523 3511 in
2545 3457 2666 3513 vias
2712 3458 2928 3527 planas.
2995 3456 3060 3510 Et
3112 3459 3320 3514 videbit
3368 3458 3550 3514 omnis

1960 3564 2093 3603 caro
2119 3551 2363 3605 salutare
2389 3549 2505 3605 Dei.
2543 3571 2562 3602 ι
2602 3548 2702 3605 Hic
2722 3565 2852 3606 vero
2879 3565 2991 3606 non
3018 3551 3172 3622 prius
3223 3555 3330 3608 iter
3370 3551 3551 3606 facere

1956 3640 2136 3710 jubet,
2193 3657 2361 3712 quam
2412 3642 2742 3698 edidicerint
2799 3643 2895 3712 qui
2953 3645 3261 3698 canendum
3297 3652 3550 3716 oporteat

1961 3730 2073 3787 Deo
2132 3741 2188 3788 et
2239 3733 2590 3804 psallendum
2639 3734 2852 3788 nomini
2908 3733 3051 3805 ejus.
3109 3734 3208 3792 llis
3243 3736 3546 3796 institutos.

1961 3833 2255 3898 postquam
2288 3826 2341 3882 id
2371 3827 2551 3896 reipsa
2587 3827 2964 3898 praestiterint,
3001 3828 3106 3883 iter
3139 3827 3338 3884 deinde
3368 3828 3549 3885 facere

1961 3919 2230 3990 praecipit,
2270 3919 2326 3974 id
2360 3928 2466 3983 est,
2497 3919 2771 3974 humanas
2805 3921 3018 3975 animas
3065 3935 3401 3990 prmparare,
3445 3938 3548 3992 pu-

1960 4027 2161 4083 rasque
2189 4011 2314 4066 illas
2347 4019 2402 4066 et
2432 4010 2499 4065 ad
2526 4011 2700 4085 ipsius
2731 4008 2825 4064 Dei
2853 4011 3147 4066 adventum
3183 4019 3403 4082 paratas
3433 4013 3546 4066 etii--

1959 4095 2106 4160 eere.
2137 4103 2504 4170 Quamobrem
2537 4101 2616 4156 ait
2653 4121 2666 4157 :
2706 4120 2724 4152 ι
2767 4102 2874 4158 iter
2897 4103 3061 4159 facite
3091 4103 3142 4158 ei
3164 4104 3258 4174 qui
3296 4104 3543 4158 ascendit

1962 4211 2132 4266 super
2155 4209 2438 4258 occasum,
2474 4193 2744 4250 Dominus
2766 4209 2966 4250 nomen
3005 4195 3104 4249 illi.
3156 4214 3174 4245 ι
3227 4193 3326 4250 llic
3379 4210 3546 4266 porro

1962 4285 2252 4340 Dominum
2288 4299 2428 4340 nova
2476 4299 2612 4339 voce
2659 4283 2963 4340 secundum
2997 4283 3324 4340 Hebraicam
3357 4286 3547 4341 lectio-

1958 4392 2082 4440 nem
2113 4377 2387 4447 expressit
2453 4393 2469 4433 ε
2531 4377 2712 4448 ipsum
2744 4377 2967 4448 quippe,
3025 4379 3102 4444 ia,
3151 4379 3542 4449 nuncupavit:

1959 4485 2130 4540 quare
2161 4467 2550 4542 Symmachus,
2589 4487 2608 4520 ι
2650 4467 2753 4525 Per
2784 4470 2841 4524 ia
2867 4471 3192 4536 vocabulum
3222 4470 3368 4541 ejus,
3411 4492 3430 4524 ι
3461 4473 3546 4526 in-

271 4584 404 4622 σατε
457 4567 535 4639 τῷ
571 4567 923 4640 ὲπιϐεϐηκὸτι
977 4567 1070 4620 ἐπὶ
1125 4567 1367 4638 δυσμῶν,
1433 4567 1636 4639 Κύριος
1682 4567 1856 4639 θνομα

1961 4568 2296 4633 terpretatus
2324 4568 2412 4616 est
2447 4580 2460 4614 :
2497 4562 2690 4632 quinta
2719 4575 2850 4616 vero
2883 4561 3074 4628 editio,
3112 4580 3131 4614 ι
3163 4560 3221 4618 ln
3255 4563 3310 4617 ia
3343 4578 3544 4618 nomen

269 4660 476 4732 αὐτῷ.»
509 4661 761 4734 Κέκληκε
813 4661 870 4716 δὲ
908 4661 1000 4715 τὸν
1052 4660 1256 4734 Κύριον
1305 4659 1536 4715 ἐνταῦθα
1563 4662 1854 4734 καινοτέρα

270 4757 422 4826 φωνῇ
482 4753 625 4809 κατά
690 4755 790 4829 τὴν
844 4755 1140 4828 Ἑϐραῖκὴν
1197 4753 1362 4820 λέξινο
1415 4755 1476 4808 7a
1527 4754 1638 4826 γὰρ
1693 4756 1854 4809 αὑτὸν

266 4847 573 4919 ὠνόμασενο
603 4849 724 4902 ὅθεν
744 4851 773 4904 ὁ
800 4849 1116 4920 Σύμμαχος,
1173 4867 1193 4899 ι
1221 4849 1320 4903 Διά
1350 4846 1445 4902 τοῦ
1481 4848 1543 4900 Ia
1589 4849 1622 4918 ἡ
1659 4848 1856 4918 ὀνομα-

269 4939 362 4993 σία
391 4940 608 5005 αύτοῦ,›
642 4941 1004 5015 ἠρμήνευσενο
1037 4940 1149 5012 ἠδὲ
1181 4941 1410 5013 πέμπτη
1441 4939 1673 5003 ἐκδοσις,
1703 4958 1724 4990 ί
1766 4941 1854 4993 Ἐν

265 5033 346 5105 τῷ
372 5035 434 5086 la
459 5034 520 5087 τὸ
570 5034 742 5106 ὄνομα
800 5034 1018 5088 αὐτοῦ.)
1054 5034 1303 5106 ᾙνίξατο
1344 5033 1402 5088 δὲ
1444 5031 1506 5086 τὸ
1555 5033 1727 5104 ὄνομα
1757 5032 1852 5086 τοῦ

261 5125 521 5197 ’Σωτῆρος
559 5125 733 5197 Ἰησοῦ
771 5126 859 5180 διὰ
885 5127 986 5198 τῆς
1020 5125 1246 5200 πρώτης
1278 5126 1570 5199 συλλαϐῆς.
1596 5125 1706 5180 Καὶ
1733 5125 1856 5180 τοῦ·

265 5233 359 5271 τον
388 5218 727 5292 τὸψΚύριον,
760 5213 824 5272 οῦ
852 5219 912 5273 τὸ
939 5220 1112 5290 ὄνομά
1131 5236 1294 5290 φησιν
1323 5215 1463 5273 εἶναι
1495 5219 1584 5273 διά
1619 5216 1716 5272 τοῦ
1771 5217 1853 5280 ἴα,

267 5308 302 5378 ἢ
355 5309 413 5360 ὲν
457 5308 535 5379 τῷ
591 5310 670 5374 τα,
721 5310 1108 5382 ἐπιϐεϐηκέναι
1165 5311 1258 5366 ἐπὶ
1309 5310 1531 5381 δυσμῶν
1590 5309 1851 5364 διδάσκεν

270 5401 527 5471 σημαίνει
560 5401 616 5455 δὲ
664 5402 765 5475 τὴν
796 5406 875 5467 είς
900 5402 1221 5475 ἀνθρώπους
1274 5403 1439 5458 αὑτοῦ
1497 5402 1732 5474 πάροδον
1761 5407 1854 5458 καὶ

266 5493 366 5565 τὴν
385 5494 650 5566 ἔνσαρκον
678 5496 992 5566 ἐπιδημίαν.
1025 5496 1100 5549 Οὐ
1153 5495 1262 5568 γάρ
1295 5496 1386 5549 τὸν
1422 5499 1479 5550 ὲν
1508 5500 1688 5570 μορφῇ
1718 5497 1853 5551 Θεοῦ

267 5587 401 5642 Θεὸν
417 5587 590 5657 Λόγον
620 5589 827 5661 γυμνὸν
847 5587 1121 5653 ἐπιδείξας
1151 5589 1344 5658 φώτων
1362 5588 1519 5662 δίκην
1545 5589 1853 5662 ὲξήστραψε

270 5682 360 5738 τὸν
381 5683 486 5762 τῶν
516 5683 818 5756 ἀνθρώπων
853 5683 986 5754 βίον,
1021 5684 1235 5757 μορφὴν
1257 5683 1312 5738 δὲ
1339 5683 1526 5740 δούλου
1552 5685 1732 5740 λαϐὼν
1762 5688 1856 5741 καὶ

1217 5767 1248 5795 Α

339 5842 360 5874 ⁹
382 5844 485 5900 lsa.
518 5860 604 5909 XL,
646 5841 761 5899 5-5.
843 5845 886 5876 ¹⁰
916 5843 1117 5916 Eplies.
1153 5860 1222 5909 τι,
1259 5843 1346 5899 12.

1959 4655 2104 4725 ejus.
2145 4672 2166 4706 ι
2207 4651 2312 4710 Per
2331 4655 2567 4724 primam
2604 4662 2787 4708 autem
2814 4654 3078 4726 syllabam
3102 4669 3305 4710 nomen
3339 4652 3544 4709 Serva-

1961 4749 2096 4804 toris
2123 4746 2255 4804 Jesu
2294 4747 2687 4804 subindicavit.
2733 4746 2800 4802 Et
2833 4747 2924 4802 hic
2955 4756 3040 4803 est
3065 4746 3332 4803 Dominus
3385 4748 3548 4816 cujus

1958 4855 2160 4897 nomen
2186 4856 2284 4912 per
2317 4841 2392 4905 ia,
2443 4841 2528 4896 vel
2571 4841 2628 4896 in
2659 4841 2714 4894 ia
2745 4839 2878 4895 dicit
2909 4855 3035 4896 esse
3085 4859 3098 4893 :
3141 4848 3197 4896 et
3228 4840 3549 4897 ascendisse

1957 4949 2081 4988 eum
2113 4933 2182 4987 ad
2215 4946 2479 4987 occasum
2511 4929 2697 4996 docet,
2728 4929 3112 5003 significatque
3133 4930 3254 5000 ejus
3289 4931 3344 4986 in
3377 4946 3545 4986 carne

1958 5026 2254 5080 transitum
2286 5023 2355 5079 ad
2392 5024 2663 5081 homines.
2703 5024 2890 5094 Neque
2934 5027 3084 5080 enim
3145 5039 3294 5088 eum,
3347 5024 3440 5095 qui
3488 5025 3548 5080 in

1959 5117 2134 5171 forma
2168 5114 2265 5171 Dei
2288 5123 2430 5180 erat,
2464 5114 2636 5171 Deum
2669 5113 2906 5171 Verbum
2935 5114 3147 5170 nudum
3179 5114 3448 5170 exhibens
3469 5115 3548 5168 lu-

1957 5208 2040 5265 cis
2075 5208 2274 5276 instar,
2301 5208 2606 5263 humanum
2644 5222 2820 5280 genus
2872 5205 3204 5271 illustravit;
3240 5206 3335 5263 sed
3367 5205 3545 5262 forma

1959 5302 2102 5356 servi
2135 5310 2384 5370 accepta,
2421 5301 2706 5370 radiisque
2733 5299 2957 5355 deitatis
2983 5315 3100 5356 suae
3129 5299 3450 5360 contractis,
3485 5307 3544 5354 et

1958 5393 2268 5462 incorpore
2291 5391 2450 5461 quasi
2476 5390 2786 5454 demersus,
2821 5403 2945 5448 cum
2980 5390 3049 5446 ad
3076 5405 3337 5446 occasum
3369 5404 3544 5459 usque

1960 5486 2207 5541 mortalis
2239 5485 2365 5540 vita:
2406 5485 2718 5542 devenisset
2746 5491 2932 5556 (quam
2968 5485 3137 5540 vitam
3158 5484 3378 5540 divinus
3395 5482 3546 5554 Apo-

1959 5589 2135 5643 stolus
2163 5587 2416 5644 tenebras
2441 5595 2621 5653 vocat,
2648 5587 2838 5642 dicens
2892 5606 2905 5642 :
2976 5605 2994 5638 ι
3039 5586 3319 5642 Adversus
3353 5585 3544 5649 mundi

1959 5693 2204 5738 rectores
2230 5682 2582 5740 tenebrarum
2615 5681 2878 5738 harum"
2913 5681 2957 5753 ι)
2983 5699 2998 5750 ;
3026 5681 3141 5737 sive
3201 5681 3366 5737 etiam
3417 5695 3544 5738 cum
