4086 6442
561 392 666 447 «ετ

1235 392 1505 450 EUSEBII
1555 391 2037 450 CESABIENSIS
2074 393 2225 450 OPP.

2262 393 2444 450 PARS
2483 395 2569 451 ill.
2611 427 2679 438 —-
2719 395 3131 454 EXEGETICA.
3760 401 3850 464 688

567 515 744 582 ipsam
798 518 1030 567 mortem
1058 511 1340 577 subiisset,
1386 511 1705 568 ascendisse
1733 512 1940 566 dicitur
1974 527 2141 584 super

2257 514 2342 580 τὰς
2365 517 2588 580 ἀκτῖνας
2609 517 2708 590 τῆς
2724 516 2916 572 ἐαυτοῦ
2942 515 3193 589 θεότητος
3216 535 3279 571 συ
3290 534 3397 570 στε
3407 513 3557 580 ῑλας,
3583 515 3852 593 καὶῶσπερ

566 632 849 674 occasum.
876 617 1013 673 Huic
1048 618 1216 689 igitur
1245 618 1498 683 Domino,
1547 619 1640 690 qui
1695 619 1944 674 ascendit
1979 635 2146 690 super

559 725 841 776 occasum,
873 710 1032 780 cujus
1067 726 1266 764 nomen
1295 708 1426 766 Jesu
1449 725 1545 781 per
1576 711 1630 764 ia
1655 709 2018 782 significatur,
2043 711 2147 766 iter

563 799 746 857 facite.
779 801 905 857 Haec
930 818 1096 873 porro
1117 803 1419 873 apostolico
1451 802 1626 858 choro
1657 803 1882 874 spiritus
1911 803 2147 874 prophe-

563 896 708 951 ticus
762 897 1030 968 praacipit,
1076 907 1129 952 et
1166 897 1297 952 illud
1347 913 1472 953 cum
1509 896 1794 953 alacritate
1828 905 1884 953 et
1945 897 2146 952 Iiducia

563 1004 760 1060 magna
813 989 990 1060 ipsum
1049 1006 1310 1062 peragere
1334 990 1513 1061 jubet.
1548 990 1915 1057 Quamobrem
1947 989 2147 1047 deinde

565 1080 767 1136 infert:
806 1100 825 1134 ι
860 1081 927 1136 Et
949 1080 1220 1139 exsult'ate
1245 1083 1302 1138 in
1327 1090 1630 1154 conspectu
1655 1082 1808 1152 ejus;
1844 1102 1862 1135 ι
1907 1082 2023 1138 sive
2055 1099 2144 1138 se-

564 1173 804 1228 cundum
858 1173 1275 1246 Symmachum,
1335 1194 1354 1227 ι
1398 1173 1465 1229 Et
1519 1173 1828 1245 gloriamini
1878 1173 1936 1228 in
2006 1173 2146 1228 facie

560 1267 704 1336 ejus.
771 1286 790 1319 ι
840 1266 1017 1322 Aliam
1064 1283 1283 1339 quoque
1335 1267 1582 1340 praidicti
1638 1267 1854 1322 Domini
1897 1267 2147 1322 notitiam

564 1357 770 1427 praebet
789 1357 1022 1415 dicens:
1061 1376 1079 1411 ι
1112 1357 1292 1414 Patris
1317 1359 1694 1429 orphanorum
1731 1366 1786 1414 et
1827 1355 2035 1429 judicis
2067 1357 2149 1411 vi-

562 1449 819 1504 duarum.
859 1470 878 1502 ι
916 1449 1032 1507 Nisi
1065 1451 1210 1506 enim
1243 1457 1400 1522 pater
1452 1451 1828 1522 orphanorum
1866 1459 1922 1506 et
1950 1449 2147 1504 vindex

557 1543 839 1613 judexque
862 1545 1150 1599 viduarum
1191 1545 1332 1600 edici
1358 1545 1622 1617 dignatus
1649 1552 1820 1612 esset,
1863 1543 2012 1598 nulla
2043 1542 2148 1613 ipsi

562 1636 704 1690 ratio
736 1634 931 1692 fuisset
963 1652 1088 1692 cum
1121 1637 1422 1694 humilibus
1452 1645 1632 1692 terrae.
1664 1635 1733 1692 At
1762 1637 1891 1708 quia
1923 1652 2021 1707 per
2041 1635 2147 1690 hu-

563 1728 846 1784 manitatis
888 1744 1178 1784 excessum
1214 1729 1474 1800 dignatus
1507 1735 1592 1783 est
1625 1728 1925 1784 ascendere
1981 1743 2148 1798 super

563 1835 844 1887 oceasum,
879 1829 936 1878 et
979 1823 1034 1877 in
1070 1822 1312 1878 tenebris
1351 1821 1724 1891 orphanorum
1757 1829 1914 1892 pater
1936 1819 2144 1886 vocari,

2249 621 2484 686 καταδὺς
2511 624 2569 675 ὲν
2601 622 2678 694 τῷ
2700 621 2934 693 σώματι,
2968 623 3060 676 ἐπὶ
3092 621 3318 694 δυσμῶν
3347 638 3418 674 τε
3447 619 3749 691 γενόμενος
3776 623 3853 678 τοῦ

2248 712 2442 782 θνητοῦ
2473 713 2610 784 βίου,
2637 713 2734 784 (ὃν
2753 714 2781 766 6
2810 712 2950 775 θεῖος
2986 713 3308 782 Ἀπόστολος
3342 711 3561 772 σκότος
3593 709 3857 782 ὠνόμασεν

2249 803 2441 858 εἰπών·
2486 825 2503 856 ι
2529 805 2674 877 Πρὸς
2695 807 2821 869 τοὺς
2847 805 3300 877 κοσμοκράτορας
3339 801 3453 858 τοῦ
3479 801 3718 867 σκότους
3745 805 3858 859 τούς

2245 898 2386 969 του·)
2424 917 2442 950 ι
2466 898 2500 969 ἢ
2525 901 2581 951 ἐν
2614 897 2764 969 αὐτῷ
2784 897 3020 962 καταδὺς
3045 897 3124 970 τῷ
3169 896 3423 967 Θανάτῳ,
3464 894 3731 949 λέλεκται
3759 898 3862 951 ἑπι-

2249 991 2546 1063 ϐεϐηκέναι
2569 992 2661 1045 ἐπὶ
2685 991 2925 1064 δυσμῶν.
2955 991 3144 1063 Τούτῳ
3171 987 3290 1056 οῦν,
3351 988 3535 1059 φησι.
3567 987 3652 1058 τῷ
3697 989 3862 1044 ἐπιϐε-

2249 1085 2440 1156 ϐηκότι
2479 1086 2572 1139 ἐπὶ
2615 1084 2838 1157 δυσμῶν
2884 1085 3094 1156 Κυρίῳ,
3127 1079 3188 1140 οῦ
3227 1084 3286 1138 τδ
3332 1082 3540 1154 Ἰησοῦ
3571 1083 3749 1152 ὄνομα
3787 1083 3865 1136 διὰ

2251 1176 2343 1230 τοῦ
2412 1177 2472 1230 ια
2529 1177 2875 1248 σημαίνεται,
2936 1176 3311 1248 ὀδοποιήσατε.
3377 1174 3748 1245 Προστάττει
3814 1174 3863 1228 δὲ

2248 1269 2424 1324 ταῦτα
2477 1269 2537 1324 τὸ
2575 1269 2798 1341 Πνεῦμα
2855 1268 2918 1322 τὸ
2981 1269 3317 1342 προφητικὸν
3372 1267 3466 1340 τῷ
3523 1268 3865 1338 ἀποστολικῷ

2247 1363 2413 1435 χορῷ,
2451 1363 2544 1416 καὶ
2575 1363 2735 1416 τοῦτο
2763 1362 3022 1434 πράττειν
3072 1362 3170 1416 σὺν
3203 1361 3375 1432 πολλῇ
3443 1358 3750 1431 προθυμίᾳ
3782 1361 3866 1412 καὶ

2249 1455 2533 1529 παρρησία
2559 1454 2954 1508 ἐπικελεύεται.
3003 1453 3096 1508 Διδ
3145 1452 3397 1521 ἐπιλέγει
3453 1450 3623 1522 ἐξῆςο
3700 1469 3718 1500 ι
3769 1452 3867 1505 Καὶ

2249 1547 2581 1618 ἀγαλλιᾶσθε
2614 1546 2842 1602 ἐνώπιον
2898 1546 3120 1600 αὐτοῦ’»
3155 1545 3189 1616 ἢ
3221 1545 3361 1599 κατὰ
3392 1536 3504 1597 τδν
3549 1541 3864 1614 Σύμμαχον,

2255 1661 2273 1694 ι
2299 1641 2409 1695 Καὶ
2435 1640 2736 1714 γαυριᾶσθε
2761 1642 2843 1705 εἰς
2876 1640 3167 1712 πρόσοητον
3194 1637 3382 1692 αὑτοῦ.
3405 1657 3429 1689 ι
3473 1637 3602 1691 Καὶ
3661 1635 3788 1689 ἄλλο
3814 1636 3864 1688 δὲ

2248 1733 2532 1806 γνώρισμα
2563 1733 2745 1787 δίδωσι
2775 1732 2864 1786 τοῦ
2898 1730 3333 1804 προδηλωθέντος
3383 1729 3648 1801 Κυρίου,
3681 1727 3865 1798 λέγων’

2255 1847 2275 1879 ι
2313 1827 2419 1880 Τοῦ
2454 1827 2660 1898 πατρὸς
2686 1825 2794 1879 τῶν
2825 1824 3075 1895 ὀρφανῶν
3105 1823 3200 1878 καὶ
3234 1821 3434 1897 κριτοῦ
3471 1821 3595 1876 τῶν
3627 1820 3856 1893 χηρῶν.ι

561 1923 616 1968 et
646 1914 935 1970 viduarum
974 1916 1283 1987 patrocinio
1334 1917 1666 1982 carentium,
1726 1915 2147 1984 animarumque

2257 1918 2312 1971 El
2349 1919 2424 1990 μὴ
2466 1896 2578 1991 γὰρ
2607 1917 2858 1991 ὀρφανῶν
2883 1916 3082 1988 ἠξίωσε
3116 1896 3367 1984 γενέσθαι
3417 1914 3652 1986 πατὴρ,
3691 1911 3864 1983 χηρῶν

562 2006 845 2072 orbarum,
884 2006 1053 2077 judex
1098 2015 1152 2063 et
1189 2009 1336 2063 ultor
1379 2006 1556 2076 eilici;
1591 2007 1718 2078 jure
1757 2007 1825 2063 a'd
1869 2008 2146 2078 orphanos

563 2100 810 2156 ccelestis
836 2099 1016 2156 Patris
1054 2101 1297 2172 ignaros,
1322 2111 1376 2159 et
1397 2104 1463 2158 ad
1482 2103 1676 2159 viduas
1699 2101 1913 2157 animas
1942 2116 2150 2172 sponso

561 2191 725 2247 orbas
756 2193 901 2247 viam
931 2194 1185 2264 apparari
1211 2195 1387 2264 jubet.
1413 2196 1565 2251 Alias
1589 2210 1809 2266 quoque
1843 2193 2148 2250 Providen-

565 2285 654 2339 tiae
712 2286 978 2340 rationem
1027 2287 1143 2340 haec
1207 2288 1481 2343 sententia
1515 2285 1901 2351 decla‘raverit,
1943 2285 2148 2342 docens

566 2375 760 2432 viduas
780 2385 834 2431 et
863 2377 1162 2448 orphanos,
1181 2377 1348 2433 orbos
1386 2385 1438 2434 et
1477 2377 1784 2449 patrocinio
1810 2387 2065 2434 carentes
2092 2378 2148 2432 in

567 2467 774 2524 mundo
813 2469 1050 2540 relinqui
1081 2484 1192 2523 non
1239 2471 1360 2526 sine
1405 2469 1614 2525 ratione
1647 2477 1702 2524 et
1729 2469 1997 2540 sapientia
2027 2469 2146 2536 Dei;

565 2559 663 2617 sed
711 2560 780 2616 ad
832 2561 953 2631 ejus
1001 2561 1255 2632 gloriam,
1289 2561 1519 2632 ejusque
1549 2561 1751 2616 divina
1786 2561 2150 2633 providentia:

565 2663 968 2727 argumentum.
995 2652 1149 2726 Saepe
1184 2655 1367 2726 itaque
1399 2655 1634 2726 orphani
1663 2655 1986 2726 parentibus
2003 2655 2146 2720 orbi,

565 2749 884 2804 accuratius
912 2748 1090 2804 edocti
1117 2755 1170 2804 et
1205 2747 1406 2803 litteris
1437 2747 1676 2802 instituti
1709 2747 1882 2814 fuere,
1913 2764 2078 2818 quam
2111 2747 2149 2802 ii

564 2838 658 2910 qui
691 2854 722 2894 a
755 2839 1076 2910 parentibus
1116 2840 1334 2894 educati
1365 2847 1526 2908 sunt;
1577 2841 1823 2910 itemque
1877 2839 2151 2896 diuturnae

562 2933 691 2986 vita:
717 2939 772 2986 et
801 2932 997 2986 annosi
1030 2935 1362 2987 exstiterunt
1396 2951 1408 2986 :
1447 2947 1624 3003 neque
1664 2933 1843 2988 solum
1878 2933 1946 2988 iis
1975 2933 2149 2988 victui

563 3024 879 3082 necessaria
909 3023 1162 3092 adfuere;
1190 3024 1299 3080 imo
1321 3025 1486 3081 etiam
1523 3025 1772 3095 praxclari
1806 3035 1859 3080 et
1907 3025 2151 3082 illustres

563 3132 790 3174 evasere
818 3115 942 3172 viri.
975 3113 1216 3186 Parique
1246 3118 1410 3172 modo
1454 3118 1716 3172 mulieres
1768 3115 1825 3171 in
1860 3116 2148 3172 viduitatis

565 3211 927 3267 infortunium
962 3211 1148 3280 lapsae,
1193 3209 1470 3276 alacriori,
1516 3209 1746 3266 fe’liciori
1801 3225 1865 3264 ac
1925 3209 2149 3281 religio-
2177 3250 2219 3310 ϐ

568 3305 706 3360 siori
739 3304 850 3358 vita
885 3302 1189 3374 perfuncta:
1222 3309 1372 3366 sunt,
1397 3317 1560 3372 quam
1591 3303 1696 3357 illae
1723 3318 1846 3373 qua:
1870 3302 1924 3356 in
1959 3303 2152 3372 conju-

565 3395 657 3466 εἰο
679 3397 847 3450 vitam
879 3404 1126 3468 egerant.
1163 3395 1309 3451 Deus
1343 3397 1545 3466 quippe
1586 3396 1710 3466 plus
1741 3397 2005 3467 orplianis
2031 3411 2156 3466 pro-

569 3485 753 3554 spicit,
799 3501 965 3556 quam
1021 3493 1203 3557 patres
1263 3485 1426 3555 tiliis;
1459 3496 1514 3542 et
1551 3489 1839 3543 viduarum
1887 3497 2153 3560 patronus

567 3578 875 3650 vindexque
903 3586 1007 3634 cst.
1035 3578 1217 3645 Quare
1244 3578 1451 3634 dictum
1491 3587 1576 3634 est
1607 3599 1621 3636 :
1669 3599 1687 3632 ι
1743 3579 1924 3640 Patris
1952 3582 2154 3653 orpha-

569 3671 767 3724 n'orum
799 3669 1076 3739 etjudicis
1095 3670 1407 3725 viduarum.
1442 3690 1460 3722 ›
1488 3669 1597 3726 Pro
1627 3671 1721 3726 illo
1745 3681 1948 3738 autem,
1986 3691 2004 3724 ι
2049 3674 2154 3740 Qui

571 3761 820 3817 ascendit
848 3777 1012 3832 super
1052 3777 1350 3830 occasum;
1391 3782 1408 3814 ι
1447 3760 1832 3833 Symmachus.
1869 3783 1888 3816 ι
1925 3765 2026 3832 Qui
2063 3782 2155 3820 vc-

576 3851 728 3908 liitur
776 3854 830 3908 in
882 3854 1206 3909 inhabitata.
1274 3875 1293 3907 ι
1354 3855 1717 3911 lnhahitatam
1769 3873 1935 3928 porro
1972 3866 2153 3923 vocat,

572 3947 1001 4019 alienigenarum
1037 3956 1091 4003 et
1131 3956 1518 4004 extrancarum
1562 3949 1808 4017 gentium
1835 3951 2154 4021 regionem;

571 4069 695 4123 quae
733 4053 858 4109 aliis
891 4055 948 4108 in
997 4053 1138 4109 locis
1173 4055 1454 4110 desertum
1511 4055 1820 4124 nuncupari
1880 4056 2042 4112 solet.
2079 4056 2157 4112 Ae

573 4175 769 4216 rursus
788 4175 888 4232 pro
911 4160 1026 4226 illo,
1065 4181 1083 4212 ι
1108 4161 1314 4231 judicis
1341 4159 1674 4229 viduarum;
1715 4181 1733 4214 ι
1770 4162 1990 4232 Aquila,
2018 4183 2036 4215 ι
2067 4163 2161 4234 ju-

572 4270 809 4327 dicantis
840 4270 1071 4337 viduas;
1134 4291 1153 4324 ι
1212 4269 1600 4342 Symmachus,
1647 4288 1666 4322 ι
1704 4270 2026 4328 ulciscentis
2075 4271 2159 4326 vi-

573 4376 736 4434 duas.
769 4397 798 4430 ἰ
832 4377 1096 4448 Apposite
1151 4378 1444 4433 admodum
1491 4385 1715 4450 patrem
1751 4378 2154 4448 orphanorum,

573 4478 1123 4551 viduarumjudicem
1145 4489 1322 4535 vocat.
1357 4480 1497 4546 Quia
1533 4481 1679 4536 enim
1713 4497 1824 4536 non
1846 4496 2041 4540 omnes
2076 4482 2162 4536 vi-

575 4586 697 4644 dua:
730 4587 921 4643 eodem
968 4587 1094 4642 vita:
1145 4588 1399 4644 instituto
1456 4599 1605 4656 sunt,
1667 4587 1981 4658 dijudicans
2027 4585 2155 4660 ipse

2248 2029 2306 2065 τε
2330 2010 2543 2074 ἔκδικος
2573 2011 2666 2064 καὶ
2715 2009 2932 2083 κριτὴς,
2982 2007 3159 2072 οὐδεὶς
3202 2002 3270 2078 ἦν
3307 2005 3469 2077 αὐτῷ
3520 2004 3695 2073 λόγος
3737 2003 3862 2074 πρὸς

2247 2104 2374 2167 τοὺς
2399 2102 2491 2154 ἐπὶ
2534 2102 2638 2174 γῆς
2689 2099 3000 2164 ταπεινούς.
3064 2098 3218 2153 Ἐπελ⁵
3269 2098 3327 2152 δὲ
3377 2097 3518 2151 καθ’
3558 2095 3864 2168 ὑπερϐολὴν

2249 2174 2658 2266 φιλανθρωπίας
2686 2193 3024 2265 κατηξίωσεν
3048 2191 3306 2263 ἐπιϐῆναι
3346 2191 3445 2244 ἐπί
3481 2187 3744 2260 δυσμῶν,
3776 2189 3860 2240 καὶ

2249 2287 2357 2342 τῶν
2386 2290 2443 2342 ἐν
2473 2286 2551 2356 τῷ
2574 2287 2748 2358 σκότῳ
2772 2285 3024 2358 ὀρφανῶν
3051 2284 3390 2357 χρηματίσαι
3422 2281 3653 2353 πατὴρ,
3675 2279 3782 2331 τῶν
3809 2294 3859 2330 τε

2249 2381 2628 2452 ἀπεριστάτων
2651 2379 2839 2451 χηρῶν
2859 2397 2917 2432 τε
2945 2378 3039 2432 καὶ
3072 2379 3296 2450 ἐρήμων
3327 2374 3533 2447 ψυχῶν
3557 2373 3762 2446 κριτὴς
3779 2372 3860 2424 καὶ

2250 2474 2460 2538 ἔκδικος
2492 2473 2763 2543 γενέσθαι·
2801 2472 3027 2536 εἰκότως
3076 2471 3172 2544 τὴν
3202 2471 3318 2525 ὁδὸν
3349 2470 3742 2542 τὴν,ἇ.γουσαν
3778 2465 3858 2518 ἐπὶ

2248 2570 2373 2633 τοὺς
2400 2569 2672 2640 ὀρφανοὺς
2729 2568 2856 2630 τοὺς
2882 2565 2972 2620 τὸν
3006 2565 3327 2638 ἐπουράνιον
3371 2562 3729 2634 ἀγνοοῦντας
3753 2559 3856 2611 Πα-

2248 2661 2404 2733 τέρα,
2437 2660 2530 2714 ὲπί
2579 2677 2639 2713 τε
2687 2659 2786 2722 τάς
2835 2659 3203 2730 ἐστερημένας
3235 2656 3331 2711 τοῦ
3377 2656 3637 2728 νυμφίου
3694 2654 3858 2723 χήρας

2248 2755 2428 2827 ψυχὰς
2459 2754 2724 2809 ὁδοποιεῖν
2756 2750 3210 2824 παρακελεύεται.
3261 2748 3374 2802 Καὶ
3429 2746 3624 2810 ἄλλως
3661 2744 3740 2806 δὲ,
3771 2739 3856 2793 τοῦ

2251 2847 2379 2920 περὶ
2403 2844 2670 2919 Προνοίας
2693 2844 2854 2914 λόγου
2887 2844 3082 2912 γένοιτ’
3134 2841 3201 2896 ἂν
3231 2843 3266 2913 ἠ
3311 2839 3530 2894 διάνοια
3572 2852 3853 2910 παραστα-

2249 2938 2399 3011 τικὴ,
2439 2939 2788 3002 διδάσκουσα,
2819 2936 2901 2990 ὅτι
2925 2935 3090 3008 χῆραι
3135 2934 3230 2988 καὶ
3264 2933 3494 3005 ὀρφανοὶ
3529 2931 3738 3004 ἔρημοι
3770 2925 3856 2980 καὶ¹

2250 3031 2603 3104 ἀπερίστατοι
2627 3027 3050 3083 καταλείπονται
3074 3026 3131 3078 ὲν
3154 3023 3232 3096 τῷ
3258 3023 3360 3096 βίῳ
3386 3025 3494 3076 οὐκ
3543 3022 3682 3076 ἄνευ
3704 3019 3853 3086 λόγου

2251 3125 2346 3177 καὶ
2378 3122 2570 3192 σοφίας
2591 3119 2749 3186 Θεοῦ,
2777 3119 2892 3174 ἀλλ’
2919 3121 2999 3182 είς
3024 3117 3178 3183 δόξαν
3199 3116 3364 3171 αὑτοῦ
3388 3118 3483 3170 καὶ
3516 3119 3606 3180 είς
3640 3112 3855 3177 ἔνδειξιν

2251 3217 2353 3288 τῆς
2378 3215 2543 3270 αὑτοῦ
2578 3214 2728 3278 θείας
2755 3213 3081 3285 ἐπισκοπῆς.
3117 3211 3383 3275 Πολλάκις
3403 3205 3538 3280 γοῦν
3570 3211 3623 3263 oi
3661 3206 3850 3277 γονέων

2259 3308 2613 3382 ἐστερημένοι
2642 3306 2831 3370 παῖδες
2853 3305 3080 3378 ὀρφανοὶ
3112 3303 3312 3375 μᾶλλον
3342 3303 3451 3357 τῶν
3478 3302 3594 3357 ὑπὸ
3622 3298 3852 3370 πατράσι

2258 3401 2575 3475 τραφέντων
2607 3400 2780 3469 λόγων
2812 3399 2905 3452 καὶ
2941 3397 3187 3460 παιδείας
3235 3396 3522 3468 μετέσχον,
3564 3388 3850 3467 μακρόϐιοι

2259 3511 2320 3548 τε
2353 3495 2446 3548 καὶ
2492 3492 2833 3565 πολυχρόνιοι
2887 3492 3162 3561 γεγόνασν
3196 3491 3289 3545 καὶ
3333 3490 3395 3542 οὐ
3431 3489 3599 3560 μόνον
3656 3482 3852 3556 τροφῆς

2260 3587 2603 3659 ηὐπόρησαν,
2622 3582 2757 3638 ἀλλὰ
2775 3584 2871 3636 καὶ
2901 3583 2981 3646 είς
3011 3583 3312 3653 ἐπισήμους
3340 3580 3544 3651 ἄνδρας
3561 3574 3847 3650 προῆλθον.

2263 3679 2374 3734 Καὶ
2405 3681 2660 3748 γυναῖκες
2689 3675 2951 3740 ὡσαύτως
2982 3675 3180 3750 χηρίαν
3205 3674 3616 3745 δυστυχήσασαι
3659 3666 3848 3742 μᾶλλον

2261 3774 2370 3827 τῶν
2395 3775 2451 3825 ἐν
2483 3770 2713 3843 συζυγίᾳ.
2747 3770 2858 3841 βίον
2886 3769 3122 3841 εὔθυμον
3152 3768 3244 3822 καὶ
3270 3767 3473 3823 ἄλυπον
3497 3766 3596 3821 καὶ
3631 3759 3845 3830 θεοσεϐῆ

2235 3866 2558 3937 διεξῆλθον·
2590 3865 2685 3919 τοῦ
2735 3862 2869 3918 Θεοῦ
2904 3866 3017 3926 τοῖς
3046 3862 3145 3930 μὲν
3193 3862 3449 3933 ὀρφανοῖς
3500 3860 3645 3931 ὑπὲρ
3681 3855 3846 3910 πάντα

2265 3958 2478 4030 πατέρα
2511 3955 2902 4019 καταστάντος,
2936 3956 3056 4017 ταῖς
3104 3952 3160 4005 δὲ
3212 3955 3410 4024 χήραις
3464 3949 3848 4019 ἀντιλήπτορος

2265 4065 2362 4120 καὶ
2388 4063 2624 4118 ἐκδίκου.
2647 4062 2740 4116 Διδ
2767 4061 2997 4135 εἴρηταιο
3045 4081 3063 4112 ι
3092 4058 3199 4113 Τοῦ
3242 4058 3446 4131 πατρὸς
3471 4056 3580 4111 τῶν
3603 4048 3845 4128 ὀρφανῶν

2267 4167 2362 4221 καὶ
2391 4165 2578 4238 κριτοῦ
2620 4164 2729 4218 τῶν
2777 4162 3016 4236 χηρῶν.»
3063 4161 3208 4216 Ἀντὶ
3238 4159 3295 4213 δὲ
3330 4159 3452 4225 τοῦ,
3495 4177 3514 4210 ι
3553 4158 3648 4230 Τῷ
3673 4151 3844 4210 ἐπιϐεσ

2269 4272 2462 4343 ϐηκότι
2496 4271 2590 4325 ἐπὶ
2619 4269 2896 4341 δυσμῶν,›
2929 4270 2960 4322 6
2980 4268 3294 4340 Σύμμαχοςο
3337 4285 3356 4318 ι
3385 4264 3477 4336 Τῷ
3504 4257 3845 4335 ἐποχουμένφ

2271 4377 2329 4428 ἐν
2360 4377 2428 4446 τῇ
2468 4374 2761 4446 ἀοικήτῳ.»
2803 4373 3087 4445 Ἀοίκητον
3123 4372 3180 4424 δὲ
3213 4369 3371 4424 καλεῖ
3412 4368 3511 4440 τὴν
3555 4365 3666 4421 τῶν
3698 4362 3840 4418 ἁλλο-

2267 4481 2444 4551 γενῶν
2468 4483 2562 4535 καὶ
2593 4481 2907 4551 ἀλλοφύλων
2937 4479 3106 4533 ἐθνῶν
3133 4477 3338 4551 χώραν·
3377 4476 3445 4547 ἢν
3497 4474 3700 4550 ἔρημον
3739 4468 3845 4520 ὄνον

2276 4591 2467 4664 μάζειν
2499 4590 2556 4644 ἐν
2583 4591 2793 4661 ἐτέροις
2835 4587 3026 4642 εἴωθεν
3067 4586 3096 4639 6
3127 4585 3304 4655 λόγος.
3342 4581 3454 4636 Kal.
3501 4580 3664 4634 πάλιν
3710 4572 3837 4633 ἀντὶ,

577 4706 826 4764 quaenam
855 4709 915 4750 se
952 4693 1150 4766 dignm,
1182 4709 1305 4765 quae
1337 4710 1449 4750 non
1481 4693 1658 4766 dignae
1703 4693 1836 4759 sint,
1875 4685 2045 4765 judex
2071 4711 2154 4752 ea.

2279 4716 2297 4750 ι
2331 4697 2424 4752 τοῦ
2451 4696 2641 4772 κριτοῦ
2664 4695 2773 4750 τῶν
2793 4693 3033 4767 χηρῶν,›
3065 4693 3093 4746 ὀ
3139 4691 3236 4764 μέν
3275 4688 3528 4752 Ἀκύλας,
3552 4706 3571 4738 ι
3599 4674 3842 4740 δικαστοῦ

579 4815 701 4854 rum
735 4800 1112 4856 constituitur.
1145 4799 1333 4870 Neque
1363 4809 1547 4856 tamen
1598 4801 1717 4873 pari
1763 4799 1928 4856 modo
1956 4801 2160 4873 orpha-

578 4921 774 4961 norutn
795 4907 964 4978 judex
999 4906 1165 4962 fuerit
1198 4927 1211 4961 :
1241 4923 1400 4979 teque
1415 4909 1561 4965 enim
1581 4909 1704 4964 illis
1734 4923 1834 4963 ceu
1861 4916 2018 4979 pater
2034 4923 2165 4981 pro-

580 5016 766 5086 sp’icit.

2271 4804 2510 4877 χηρῶν,›
2532 4805 2560 4856 ὀ
2591 4785 2651 4856 δὲ¹
2677 4801 2992 4872 Σύμμαχος,
3011 4816 3030 4850 ι
3061 4797 3158 4852 καὶ
3173 4792 3590 4868 ὑπερδικοῦντος
3612 4788 3834 4864 χηρῶν.)

2271 4911 2648 4982 ἡρμήνευσαν-
2688 4909 2902 4980 Σφόδρα
2921 4907 2998 4961 δὲ.
3025 4903 3268 4978 ἀκριϐῶς
3293 4901 3544 4975 ὀρφανῶν
3573 4900 3672 4973 μὲν
3693 4891 3842 4952 αὑτὸν

2274 5016 2490 5092 πατέρα
2513 5012 2800 5076 ἀποκαλεῖ,
2833 5011 3019 5083 χηρῶν
3063 5011 3121 5064 δέ
3165 5009 3380 5082 κριτήν.
3423 5005 3579 5059 Ἐπεὶ
3621 5003 3728 5074 γὰρ
3775 4995 3840 5068 μὴ

577 5111 753 5166 πᾶσαι
781 5113 946 5184 χῆραι
972 5113 1072 5183 τῆς
1099 5113 1224 5184 ῐσης
1255 5112 1560 5185 ὑπάρχουσι
1621 5111 2016 5184 προαιρέσεως,
2075 5111 2368 5185 διακρίνων
2437 5110 2534 5173 τὰς
2594 5107 2748 5176 ἀξίας
2785 5107 2947 5160 αὑτοῦ
3019 5107 3112 5160 καὶ
3152 5105 3251 5168 τὰς
3305 5103 3378 5174 μὴ
3419 5099 3696 5164 τοιαύτας,
3736 5108 3842 5164 κρι-

580 5207 681 5280 τὴς
707 5209 886 5262 αὐτῶν
918 5209 1262 5264 καθίσταται.
1292 5213 1367 5264 Οὐ
1412 5210 1520 5282 μὴν
1557 5211 1652 5263 καὶ
1681 5209 1930 5282 ὀρφανῶν
1965 5209 2167 5280 ὁμοίως
2204 5209 2400 5278 γένοιτ’
2442 5207 2510 5261 ἂν
2534 5207 2758 5280 κριτής’
2791 5203 2850 5270 ἐξ
2884 5204 2999 5256 ῑσου
3033 5203 3143 5273 γὰρ
3165 5199 3370 5254 τούτων
3437 5195 3645 5269 πατρὸς
3705 5189 3839 5254 δίκην

580 5306 822 5375 προνοεῖ.

660 5429 824 5485 Vnus.
859 5428 910 5483 7.
953 5447 970 5480 ι
1011 5426 1155 5483 Deus
1200 5429 1255 5483 in
1288 5428 1410 5484 loco
1445 5438 1638 5486 sancto
1665 5447 1789 5496 suo,
1833 5431 1980 5488 Deus
2010 5433 2169 5487 inha-

591 5511 770 5577 bitare
790 5521 921 5576 facit
957 5525 1121 5576 unius
1142 5521 1313 5576 moris
1346 5523 1400 5576 in
1430 5522 1616 5579 domo.
1657 5544 1675 5576 ι
1705 5520 1850 5591 Quia
1903 5541 2174 5580 memora-

589 5622 702 5668 tum
741 5607 1227 5686 Dominum'quasi
1274 5614 1586 5683 deprimens
1616 5617 1875 5671 humilem
1904 5619 1958 5672 in
1993 5617 2172 5673 locum

587 5708 912 5772 deduxerat,
955 5708 1146 5764 dicens
1165 5707 1484 5763 ascendisse
1509 5724 1677 5778 super
1707 5725 1989 5773 occasum,
2021 5727 2173 5767 esse-

589 5812 696 5868 que
733 5807 941 5869 patrem
976 5802 1347 5871 orplianorum
1371 5810 1425 5854 et
1450 5799 1692 5869 judicem
1724 5803 2050 5871 viduarum;
2078 5819 2175 5858 ne-

591 5896 833 5951 cessario
879 5898 945 5951 ad
977 5896 1098 5966 ejus
1146 5894 1405 5951 deitatem
1457 5893 1862 5965 praedicandam
1918 5897 2170 5962 vertitur.

2356 5453 2375 5486 ι
2412 5433 2470 5485 '0
2501 5430 2632 5494 Θεὸς
2665 5431 2722 5482 ἐν
2763 5429 2912 5498 τόπῳ
2949 5425 3090 5498 ἁγίῳ
3122 5424 3308 5490 αὐτοῦ,
3343 5424 3371 5477 6
3395 5420 3528 5484 Θεὸς
3561 5410 3840 5474 κατοικίζει

2282 5506 2646 5598 μονοτρόπους
2675 5525 2732 5576 ἐν
2791 5523 2978 5594 οἴκῳ.)
3027 5519 3244 5590 Ἐπειδὴ
3302 5516 3391 5571 τὸν
3451 5508 3843 5598 προδηλωθέντ-σ.

2279 5618 2482 5690 Κύριον
2513 5618 2662 5672 κάτω
2685 5634 2786 5669 που
2819 5617 2911 5669 ἐπὶ
2958 5615 3018 5668 τὸ
3062 5612 3316 5668 ταπεινὸν
3368 5609 3682 5677 κατήγαγεν
3709 5605 3736 5656 6
3771 5594 3842 5694 λέ*

2277 5727 2393 5778 γος,
2424 5706 2808 5778 ἐπιϐεϐηκέναι
2838 5705 2931 5778 ἐπὶ
2957 5701 3176 5774 δυσμῶν
3211 5694 3592 5770 φήσαςαύτδνν
3613 5692 3844 5762 ὀρφανῶν

2277 5818 2336 5854 τε
2359 5797 2499 5854 εἶναι
2531 5799 2746 5870 πατέρα
2770 5797 2864 5851 καὶ
2890 5795 3074 5868 χηρῶν
3101 5793 3313 5866 κριτὴν,
3345 5784 3659 5856 ἀναγκαίως
3707 5782 3841 5833 ἐπανο

2280 5894 2499 5964 ἔρχεται
2535 5893 2626 5946 ἐπὶ
2675 5891 2774 5960 τὴν
2841 5891 2971 5958 περὶ,
3012 5886 3175 5942 αὐτοῦ
3234 5871 3842 5951 θεολογίαν,’διδάσκων,
