4086 6442
285 375 397 430 68$

1425 366 1938 424 COMMENTABIA
1976 365 2043 422 ΙΝ
2083 365 2424 424 PSALHOS.

3432 366 3574 454 ,σου

284 497 372 552 ὅτι
396 485 517 556 ταῖς
550 491 650 564 μὶν
676 487 1091 562 προλεχθείσαις
1121 486 1357 558 δυσμαῖς
1384 485 1474 540 διά
1501 502 1654 550 τινας
1673 486 1879 539 οἰκονο-

1990 485 2187 539 docens
2206 497 2333 538 eum
2352 479 2420 536 ad
2449 480 2768 552 przedictum
2795 495 3054 543 occasum
3084 495 3182 551 per
3206 477 3573 540 meonontiam

289 589 424 660 μίας
447 585 580 656 πρὸς
617 582 822 654 βραχὺν
855 578 1126 634 ἐπιϐαίνει
1154 577 1366 650 χρόνονο
1397 579 1459 631 τό
1491 595 1556 647 γε
1597 579 1705 650 μὴν
1730 578 1886 649 οῑκη-

282 678 478 750 τήριον
515 672 681 728 αὑτοῦ
712 677 807 727 καὶ
843 673 878 744 ὴ
900 670 1188 744 πρέπουσα
1237 667 1387 740 αὐτῷ
1414 668 1666 742 διατριϐὴ
1693 668 1794 724 ούκ
1825 669 1884 722 ἐν

281 767 520 840 δυσμαῖς
577 766 748 829 ἐστιν,
807 783 826 816 ‹
855 763 970 818 ἀλλ’
996 764 1056 818 ἐν
1116 762 1268 835 τόπῳ
1291 763 1454 834 άγίῳ’
1492 781 1510 811 »
1559 761 1764 834 ἢκατὰ
1788 761 1880 816 τὸν

299 854 554 919 Ἀκύλαν,
590 856 686 908 (ἐν
719 853 1023 925 οἰκητηρίῳ
1059 852 1380 924 ἡγιασμένῳ
1416 851 1638 908 αὐτοῦ’»
1670 853 1704 925 ἢ
1741 850 1885 908 κατὰ

282 947 382 1002 τὸν
413 946 732 1018 Σύμμαχον.
793 965 811 998 ι
846 948 903 1000 ἐν
951 946 1244 1017 βασιλείοις
1270 945 1450 1018 ἁγίοις
1469 945 1688 1001 αὐτοῦ.»
1726 946 1883 1000 Ἔστι

289 1041 394 1114 μὲν
420 1039 529 1111 γὰρ
558 1038 708 1110 αὐτῷ
743 1039 906 1105 τόπος
928 1041 1233 1112 ἐμπρέπων
1273 1039 1369 1094 καὶ
1401 1040 1660 1112 ἁρμόζων
1685 1042 1753 1114 τῇ
1783 1039 1884 1094 αύ-

283 1131 382 1186 τοῦ
414 1131 646 1203 θεότητι·
663 1132 814 1202 ὅμως
839 1132 883 1187 δ’
901 1126 1014 1197 οὖν,
1032 1131 1416 1205 φιλάνθρωπος
1436 1131 1533 1198 ὢν,
1567 1131 1666 1185 τοῦ
1683 1130 1882 1185 οἰκείου

290 1223 556 1298 μεγέθους
609 1223 1059 1290 ὁποκαταϐαίνει,
1116 1225 1542 1295 συγκαταϐαίνει
1577 1240 1637 1278 τε
1680 1226 1794 1288 τοῖς
1826 1225 1884 1278 ἐν

281 1316 520 1386 δυσμαῖς
545 1315 785 1370 οἰκοῦσιν
811 1318 1066 1389 ὀρφανοῖς
1117 1317 1214 1372 καὶ
1266 1318 1486 1390 χήραις.
1529 1315 1622 1370 Διὸ
1651 1317 1746 1370 καὶ
1797 1314 1888 1369 ἁλ-

286 1407 452 1479 λαχοῦ
497 1408 732 1481 εἴρηται·
796 1427 816 1462 ι
863 1410 985 1464 Ὅτι
1039 1409 1148 1463 ἰδοὺ
1209 1408 1412 1481 Κύριος
1463 1407 1670 1479 Κύριος
1721 1407 1888 1460 ἐκπο-

291 1498 509 1570 ρεύεται
539 1499 634 1552 καὶ
658 1498 1031 1569 καταϐήσεται
1059 1500 1124 1552 ἐκ
1150 1497 1245 1551 τοῦ
1267 1499 1435 1552 τόπου
1466 1495 1656 1554 αὑτοῦ.
1681 1514 1700 1548 »
1738 1496 1886 1550 Κατ-

287 1589 386 1646 ιὼν
417 1590 474 1643 δέ
527 1589 740 1644 ἐνθένδε
799 1589 895 1644 καὶ
950 1587 1250 1643 ἐπιϐαίνων
1290 1588 1385 1642 ἐπὶ
1433 1587 1665 1660 δυσμὰς,
1719 1587 1881 1640 ὁποῖα

284 1683 678 1758 διαπράττεται
723 1681 1066 1755 θεασώμεθα.
1133 1681 1516 1748 «Κατοικίζει,
1575 1681 1732 1753 φησὶ,
1792 1696 1887 1752 μο-

287 1781 588 1854 νοτρόπους
609 1781 667 1840 ἐν
683 1777 874 1850 οἴκῳ.»
907 1777 1066 1832 Κατὰ
1099 1775 1157 1829 δὲ
1200 1775 1292 1829 τὸν
1325 1774 1642 1847 Σύμμαχον,
1676 1791 1695 1826 ι
1721 1771 1887 1826 Δίδω-

1990 576 2058 632 ad
2097 576 2262 631 breve
2307 582 2524 644 tempus
2569 571 2909 628 ascendisse.
2966 569 3315 628 Domicilium
3372 573 3574 646 quippe

1983 669 2109 742 ejus
2139 675 2196 725 et
2221 666 2495 738 condigna
2517 666 2692 737 ipsius
2725 664 2991 721 habitatio
3016 681 3128 721 non
3165 665 3221 720 in
3246 680 3446 722 occasu
3463 676 3571 736 est;

1987 761 2080 818 sed
2126 778 2146 816 ι
2187 760 2396 816 inloco
2443 765 2670 826 sancto;
2723 776 2742 810 »
2804 757 2920 814 sive
2953 757 3258 816 secundum
3292 757 3570 828 Aquilam,

1992 871 2012 905 ι
2058 852 2116 907 in
2139 849 2462 922 habitaculo
2498 847 2843 904 sanctiﬁcata
2873 863 3008 916 suo;
3051 867 3070 900 »
3117 857 3212 904 aut
3267 850 3571 906 secundum

1990 944 2404 1017 Symmachum,
2432 960 2450 992 ι
2477 943 2533 996 in
2564 941 2712 1013 regia
2741 947 2931 997 sancta
2965 955 3087 997 sua.
3120 961 3138 994 »
3175 940 3272 998 Est
3299 943 3443 998 enim
3464 943 3571 1014 ipsi

1987 1038 2150 1094 locus
2172 1035 2506 1101 condecens,
2545 1042 2598 1091 et
2633 1034 2824 1089 deitati
2858 1032 2980 1105 cjus
3011 1043 3448 1100 consentaneus;
3473 1034 3576 1090 sed

1985 1137 2171 1186 tamen
2205 1127 2486 1184 humanus
2515 1142 2643 1184 cum
2698 1127 2793 1192 sit,
2840 1141 2873 1181 a
2920 1125 3145 1198 propria
3193 1125 3573 1200 magnitudine

1985 1220 2294 1287 descendit,
2325 1219 2703 1292 orphanisque
2735 1229 2792 1276 et
2828 1217 3013 1275 viduis
3051 1218 3108 1273 in
3160 1233 3363 1274 occasu
3415 1218 3584 1275 habi—.

1988 1313 2234 1368 tantibus
2283 1327 2406 1372 sese
2470 1318 2818 1382 attemperat.
2879 1309 3060 1378 Quare
3116 1310 3245 1366 alibi
3296 1311 3498 1368 dicitur
3553 1333 3583 1381 ;;

1994 1424 2014 1460 ι
2048 1403 2190 1472 Quia
2212 1417 2342 1459 ecce
2364 1402 2631 1458 Dominus
2665 1401 2929 1459 Dominus
2965 1402 3245 1474 egreditur
3267 1411 3321 1459 et
3348 1403 3574 1460 descen-

1988 1497 2082 1552 det
2118 1497 2186 1553 de
2210 1496 2335 1550 loco
2371 1510 2494 1552 suo.
2541 1515 2559 1550 »
2591 1493 2731 1551 Cum
2755 1501 2936 1551 autem
2971 1495 3096 1550 inde
3124 1495 3495 1560 descenderit,
3517 1503 3572 1552 et

1988 1588 2303 1646 ascenderit
2363 1602 2532 1659 super
2574 1601 2859 1652 occasum,
2908 1602 3030 1657 quae
3060 1595 3338 1658 operetur,
3380 1586 3570 1642 videa-

1991 1696 2136 1738 mus.
2179 1699 2198 1734 ι
2241 1677 2558 1735 lnhabitare
2615 1678 2768 1745 facit,
2816 1679 3018 1750 inquit,
3063 1679 3230 1736 unius
3294 1679 3466 1736 moris
3513 1678 3570 1735 in

1990 1773 2175 1830 domo.
2218 1790 2237 1824 »
2270 1769 2590 1826 Secundum
2619 1769 3010 1842 Symmachum
3058 1779 3264 1839 autem,
3302 1790 3321 1825 ι
3358 1771 3460 1827 Dat
3484 1771 3569 1826 in-

292 1890 379 1928 σιν
406 1875 576 1927 οἰκεῖν
603 1872 856 1944 μοναχοῖς
886 1869 1117 1924 οἰκίανο»
1182 1867 1278 1921 καὶ
1304 1866 1447 1922 κατὰ
1482 1867 1572 1921 τὸν
1633 1862 1884 1927 Ἀκύλαν,

1990 1863 2343 1922 habitandam
2368 1861 2656 1920 monachis
2682 1861 2953 1931 domum,
2989 1881 3010 1914 »
3045 1863 3348 1919 secundum
3400 1865 3574 1936 Aqui-

293 1986 314 2018 ι
335 1963 562 2029 Καθίςει
591 1965 902 2036 μονογενεῖς
931 1960 1192 2015 οῖκονδεη
1228 1958 1370 2014 κατὰ
1399 1959 1456 2014 δὲ
1484 1959 1585 2032 τὴν
1618 1957 1879 2030 πέμπτην

286 2059 522 2123 ἔκδοσιν,
594 2078 612 2108 ι
637 2055 955 2120 Κατοικίζει
997 2052 1333 2126 μονοζώνους
1391 2056 1450 2108 ἐν
1493 2055 1648 2126 οἴκῳ.
1692 2072 1712 2106 »
1771 2052 1882 2106 Καὶ

285 2151 432 2206 τοῦτ’
467 2147 537 2222 ἦν
565 2151 626 2204 τὸ
654 2150 871 2222 πρῶτον
893 2147 1058 2203 αὑτοῦ
1111 2147 1463 2220 κατόρθωμα*
1491 2147 1520 2200 ὃ
1558 2146 1624 2219 δὴ
1657 2147 1753 2201 καὶ
1781 2147 1880 2216 μέ-

286 2261 476 2314 γιστον
507 2242 615 2296 τῶν
643 2240 808 2297 αὑτοῦ
863 2241 1306 2314 κατορθωμάτων
1337 2240 1417 2312 τῷ
1443 2241 1553 2293 τῶν
1576 2237 1880 2313 ἀνθρώπων

283 2333 589 2408 δεδώρηται
629 2334 797 2403 γένει.
858 2333 933 2387 Τὸ
984 2331 1116 2402 γοῦν
1174 2330 1391 2404 πρῶτον
1427 2329 1616 2402 τάγμα
1665 2330 1774 2384 τῶν
1823 2332 1881 2383 ἐν

287 2426 514 2500 Χριστῷ
542 2426 961 2500 προκοπτόντων
1011 2425 1074 2480 τὸ
1134 2425 1246 2479 τῶν
1303 2426 1551 2497 μοναχῶν
1597 2423 1876 2495 τυγχάνει.

286 2519 516 2572 Σπάνιοι
546 2518 605 2572 δέ
645 2520 784 2572 εἰσιν
813 2511 977 2572 οὗτοιο
1047 2516 1129 2572 διὸ
1178 2516 1323 2572 κατὰ
1377 2518 1468 2572 τὸν
1523 2515 1754 2570 Ἀκύλαν
1788 2533 1884 2588 μο-

284 2612 528 2679 νογενεῖς
588 2609 986 2682 ὠνομάσθησαν
1011 2608 1436 2680 ἀφωμοιωμένοι
1483 2606 1563 2679 τῷ
1604 2609 1883 2679 μονογενεῖ

290 2701 407 2773 Υἱῷ
437 2701 530 2755 τοῦ
564 2699 722 2756 Θεοῦ.
761 2700 920 2762 Κατὰ
945 2700 1003 2754 δέ
1030 2700 1158 2764 τοὺς
1198 2697 1600 2770 Ἐϐδομήκοντα
1625 2698 1882 2770 μονότρο-

291 2813 382 2850 ποι
442 2795 824 2866 τυγχάνουσιν,
874 2793 990 2848 ἀλλ’
1019 2793 1080 2846 ού
1129 2792 1480 2864 πολύτροποι,
1530 2791 1651 2846 ούδέ
1692 2791 1880 2846 ἄλλοτε

285 2887 465 2950 ἄλλως
489 2887 580 2939 τὸν
615 2884 824 2942 ἐαυτῶν
849 2884 1276 2958 μεταϐάλλοντες
1307 2883 1530 2957 τρόπον,
1582 2882 1679 2938 ἕνα
1705 2881 1762 2935 δὲ
1795 2883 1886 2954 μό·

288 2997 381 3034 νον
406 2977 821 3050 κατορθοῦντες,
855 2979 946 3032 τὸν
975 2980 1055 3042 εἰς
1087 2978 1254 3050 ἄκρον
1283 2980 1487 3051 ἥκοντα
1513 2979 1733 3052 ἀρετῆς.
1770 2980 1884 3034 Mo-

287 3074 556 3139 νοζώνους
581 3073 640 3126 δέ
676 3072 872 3138 αὐτοὺς
895 3073 928 3143 ἡ
960 3071 1188 3144 πέμπτη
1215 3072 1428 3137 ἔκδοσις
1477 3072 1784 3144 ὠνόμασεν,
1807 3074 1882 3135 ὡς

290 3164 357 3218 ἂν
391 3164 648 3235 μονήρεις
669 3162 764 3216 καὶ
783 3161 904 3216 καθ’
919 3163 1145 3226 ἑαυτοὺς
1174 3162 1604 3242 ἀνεζωσμένους.
1636 3161 1880 3216 Τοιοῦτοι

1988 1957 2120 2022 lam,
2181 1974 2200 2013 ι
2239 1953 2442 2011 Sedere
2474 1953 2605 2010 facit
2650 1955 2964 2026 unigenitos
2999 1955 3178 2024 domi;
3218 1977 3238 2011 »
3268 1957 3570 2013 secundum

1989 2049 2239 2120 quintam
2288 2046 2610 2110 editionem,
2663 2064 2682 2097 ι
2731 2046 3042 2104 lnhabitare
3091 2046 3226 2104 facit
3272 2065 3382 2104 una
3434 2065 3571 2105 zona

1990 2141 2322 2212 praecinctos
2351 2137 2524 2194 domi.
2568 2156 2588 2195 »
2622 2137 2689 2194 Ει
2721 2139 2854 2194 illud
2882 2146 3002 2195 erat
3027 2140 3269 2212 primum
3297 2142 3419 2212 ejus
3443 2158 3576 2214 prae-

1988 2234 2201 2289 clarum
2233 2247 2396 2302 opus,
2428 2230 2577 2304 quod
2614 2231 2915 2286 maximum
2944 2233 3068 2303 ejus
3118 2231 3336 2290 facinus
3382 2241 3470 2290 est
3515 2235 3571 2288 in

1988 2327 2221 2398 gratiam
2280 2325 2506 2386 humani
2563 2325 2786 2397 generis
2827 2324 3058 2382 editum.
3115 2323 3336 2382 Primus
3389 2326 3575 2397 itaque

1988 2419 2124 2473 ordo
2152 2433 2344 2473 eorum
2366 2419 2460 2489 qui
2485 2417 2542 2472 in
2569 2416 2790 2473 Christo
2817 2415 3133 2488 proficiunt,
3164 2423 3250 2472 est
3272 2415 3575 2471 monacho-

1989 2529 2134 2568 rum.
2161 2511 2267 2567 Sed
2296 2513 2404 2567 rari
2433 2518 2562 2567 sunt
2590 2513 2708 2580 illi;
2741 2527 2914 2584 quare
2960 2510 3266 2567 secundum
3317 2512 3571 2582 Aquilam

1989 2607 2262 2680 unigeniti
2300 2607 2478 2662 vocati
2511 2613 2660 2670 sunt,
2699 2604 2912 2664 similes
2951 2605 3081 2660 facti
3123 2605 3406 2677 unigenito
3437 2602 3577 2660 Filio

1989 2701 2108 2758 Dei.
2141 2698 2455 2757 Secundum
2484 2698 2627 2754 LXX
2648 2707 2852 2765 autem,
2875 2699 3061 2763 unius,
3084 2713 3195 2753 non
3226 2698 3430 2764 diversi
3459 2712 3578 2754 mo-

1991 2796 2071 2850 ris
2099 2805 2248 2859 sunt,
2277 2809 2457 2865 neque
2485 2793 2720 2850 subinde
2748 2809 2958 2860 morem
2995 2793 3233 2858 variant,
3277 2791 3376 2848 sed
3405 2806 3575 2846 unum

1991 2888 2180 2942 colunt
2211 2885 2308 2957 qui
2335 2885 2405 2940 ad
2439 2885 2661 2941 virtutis
2691 2899 2958 2940 cacumen
2993 2885 3235 2940 advenit.
3260 2881 3413 2954 Ipsos
3445 2896 3576 2937 vero

1990 2980 2156 3034 unius
2183 2994 2338 3036 zonae
2373 2979 2569 3050 quinta
2594 2978 2768 3034 editio
2796 2977 3038 3041 vocavit,
3079 2983 3267 3046 utpote
3309 2975 3402 3046 qui
3437 2976 3575 3030 soli-

1991 3071 2140 3135 tarii,
2176 3077 2230 3126 et
2263 3085 2360 3141 per
2410 3071 2622 3139 seipsos
2673 3068 2954 3140 praecincti
2989 3068 3120 3124 sint.
3181 3065 3343 3122 Tales
3393 3074 3576 3121 autem

1992 3172 2142 3227 sunt,
2164 3168 2437 3233 quotquot
2459 3161 2823 3216 monasticam
2842 3166 3165 3229 castamque
3191 3159 3359 3212 vitam
3383 3165 3574 3228 agunt,

285 3257 346 3311 δὲ
375 3226 577 3322 πάντες
612 3256 749 3310 εἰσὶν
777 3257 827 3310 οἱ
861 3255 954 3311 τὸν
991 3257 1202 3329 μονήρη
1227 3226 1320 3310 καὶ
1363 3226 1528 3324 άγνδν
1559 3253 1878 3337 κατορθοῦν-

1990 3226 2222 3327 quorum
2278 3226 2442 3326 primi
2494 3253 2646 3310 fuere
2698 3251 3004 3308 Salvatoris
3059 3226 3234 3307 nostri
3295 3226 3574 3322 discipuli.

287 3364 382 3412 τες
413 3347 548 3418 βίον,
575 3339 650 3401 ὧν
684 3345 894 3418 πρῶτοι
925 3345 1216 3417 γεγόνασιν
1249 3347 1297 3399 οἰ
1323 3344 1418 3398 τοῦ
1450 3345 1702 3416 Σωτῆρος
1729 3343 1887 3415 ἡμῶν

289 3440 555 3516 μαθηταὶ,
583 3435 666 3504 οἷς
729 3440 934 3513 εἴρητο·
978 3459 996 3494 ι
1037 3440 1129 3511 Μὴ
1165 3438 1441 3512 κτήσησθε
1498 3438 1719 3511 χρυσὸν,
1754 3437 1888 3509 μηδέ

289 3535 530 3605 ἄργυρον
560 3535 641 3597 εἰς
680 3531 783 3596 τὰς
841 3531 1228 3604 ζώναςλὺμῶν,
1297 3531 1374 3603 μὴ
1417 3532 1598 3603 πήραν
1634 3532 1713 3595 εἰς
1744 3529 1885 3599 ὁδὸν,

293 3625 430 3696 μηδέ
459 3625 806 3696 ὑποδήματα,
832 3625 968 3696 μηδέ
1005 3623 1254 3696 ῥάϐδον.»
1303 3625 1392 3677 Ἐν
1423 3623 1533 3697 γὰρ
1582 3624 1660 3695 τῷ
1708 3622 1888 3693 λέγειν

294 3717 371 3787 μὴ
395 3717 506 3770 δεῖν
529 3715 834 3788 κτήσασθαι
856 3715 1055 3788 χρυσὸν
1085 3714 1220 3786 μηδὲ
1245 3715 1482 3786 ἄργυρον
1499 3713 1692 3778 εἰςτὰς
1713 3713 1890 3780 ζώνας

289 3808 704 3880 ἀνεζωσμένους
760 3809 956 3873 αὐτοὺς
1017 3807 1250 3877 εἰσάγει.
1286 3805 1445 3862 Οὕτω
1500 3807 1557 3860 δὲ
1590 3809 1687 3862 καὶ
1722 3808 1890 3862 πᾶσιν

293 3901 428 3971 ἡμῖν
483 3899 513 3952 ὁ
555 3898 876 3964 ’Δπόστολος
932 3897 1368 3972 παρακελεύεται
1429 3897 1623 3968 λέγων·
1676 3917 1694 3952 ι
1718 3899 1888 3970 Στῆτε

291 3989 388 4048 οὖν
413 3992 852 4065 περιζωσάμενοι
882 3993 982 4065 τὴν
1006 3993 1178 4063 ὀσφὺν
1203 3993 1357 4065 ὑμῶν
1387 3993 1445 4047 ἐν
1479 3992 1758 4065 ἀληθείᾳ.»
1782 3995 1891 4048 Καὶ

290 4087 343 4142 οἰ
383 4085 444 4139 τὸ
473 4087 668 4158 Πάσχα
697 4086 757 4139 δὲ
787 4085 1058 4151 ἐσθίοντες
1084 4085 1398 4139 ἐκελεύοντο
1423 4083 1522 4150 τὰς
1551 4084 1723 4155 ὀσφῦς
1745 4083 1890 4155 ἔχειν

293 4178 764 4251 περιεζωσμένας.
801 4178 972 4232 Τοῦτο
1002 4177 1066 4250 δὴ
1099 4174 1194 4233 οὖν
1225 4179 1446 4252 πρῶτον
1493 4177 1750 4251 κατορθοῖ
1779 4180 1892 4243 τοῖς

291 4273 354 4326 ἐν
407 4271 638 4342 δυσμαῖς
687 4271 928 4326 οἰκοῦσιν
983 4271 1331 4344 ἐπιδημήσας
1385 4274 1416 4327 ό
1479 4271 1886 4342 θεσπιζόμενος.

307 4365 440 4418 Ἀπὸ
459 4365 568 4437 γὰρ
593 4365 702 4418 τῶν
735 4363 1142 4438 προλεχθέντων
1180 4365 1433 4437 ὀρφανῶν
1455 4366 1550 4419 καὶ
1579 4365 1689 4420 τῶν
1720 4365 1890 4438 δηλωα

293 4455 491 4511 θεισῶν
533 4456 718 4528 χηρῶν
749 4456 1051 4529 ζὰφορίσας,
1115 4455 1394 4530 ἐξαίρετον
1443 4459 1538 4512 καὶ
1561 4455 1892 4528 τιμιώτατον

1988 3348 2193 3421 quibus
2221 3348 2428 3404 dictum
2460 3357 2546 3404 est
2579 3367 2592 3403 :
2635 3367 2654 3402 ι
2697 3345 2876 3402 Nolite
2925 3345 3212 3416 possidere
3251 3359 3448 3400 aurum
3479 3360 3578 3400 nc-

1988 3458 2096 3513 que
2143 3451 2433 3513 argentum
2491 3440 2545 3496 in
2601 3440 2755 3494 zonis
2801 3439 3022 3502 vestris,
3065 3453 3242 3508 neque
3282 3425 3467 3507 peram
3519 3435 3575 3492 in

1992 3533 2160 3599 viam,
2189 3545 2370 3602 neque
2397 3530 2796 3592 calceamenta,
2830 3544 3008 3598 neque
3041 3527 3335 3599 virgam“.
3381 3548 3400 3580 »
3438 3525 3575 3582 Cum

1991 3623 2195 3679 dicitur
2221 3624 2391 3688 enim,
2423 3637 2531 3676 non
2565 3629 2822 3692 oportere
2850 3620 3136 3692 possidere
3175 3633 3371 3673 aurum
3401 3635 3580 3689 neque

1991 3725 2277 3788 argentum
2297 3716 2354 3770 in
2387 3717 2567 3778 zonis,
2606 3715 2758 3784 ipsos
2793 3714 2950 3768 zonis
2978 3711 3308 3782 praecinctos
3344 3711 3576 3767 indicat.

1993 3809 2085 3864 Sic
2116 3817 2299 3864 autem
2336 3807 2595 3862 omnibus
2650 3807 2811 3862 nobis
2857 3805 3158 3876 Apostolus
3205 3804 3457 3876 prmoipit
3495 3805 3580 3860 di-

1991 3916 2160 3956 cens:
2202 3917 2220 3952 (
2275 3898 2430 3954 State
2479 3898 2650 3970 igitur
2698 3899 2982 3969 praecincti
3025 3899 3244 3954 lumbos
3272 3905 3488 3953 vestros
3522 3898 3579 3951 in
3631 3894 3634 3898 ί

1992 3993 2224 4048 veritate
2249 3993 2314 4046 η.
2349 4009 2366 4042 »
2398 3988 2644 4061 Itemque
2669 3991 2762 4060 qui
2789 3989 2992 4060 pascha
3016 3989 3400 4058 comedehant,
3435 3990 3581 4043 lum-

1993 4083 2093 4138 bos
2126 4081 2457 4154 praecinctos
2491 4081 2695 4135 habere
2720 4079 3078 4150 jubebantur.
3130 4079 3186 4134 id
3243 4079 3413 4150 igitur
3461 4080 3579 4148 pri-

1993 4188 2143 4228 mum
2159 4187 2300 4242 opus
2317 4169 2696 4224 habitantibus
2722 4169 2777 4222 iu
2802 4183 3007 4224 occasu
3039 4167 3344 4222 adventans
3358 4165 3578 4220 exhibet

1992 4267 2042 4324 is
2068 4266 2164 4338 qui
2192 4266 2249 4320 in
2278 4263 2540 4319 vaticinio
2588 4262 2782 4318 lertur.
2829 4259 2964 4316 Nam
3010 4277 3080 4317 ex
3138 4259 3458 4316 memoratis
3487 4275 3578 4314 or-

1995 4361 2194 4434 phanis
2212 4366 2269 4415 et
2301 4357 2482 4414 viduis
2509 4355 2782 4410 adlectum
2813 4353 2920 4411 sibi
2948 4361 3302 4427 praestantem
3335 4352 3487 4406 illum
3525 4359 3580 4406 et

1995 4451 2456 4526 pretiosissimum
2508 4449 2673 4504 unius
2725 4448 2894 4503 moris
2941 4445 3216 4510 ordinem,
3268 4443 3580 4500 inhabitare

293 4548 474 4620 ἐαυτῷ
507 4550 694 4621 τάγμα
721 4550 782 4608 τὸ
816 4549 925 4604 τῶν
963 4549 1314 4623 μονοτρόπων
1349 4549 1649 4615 κατοικίζει
1687 4550 1885 4614 αὐτοὺς

1996 4547 2126 4602 facit
2156 4545 2212 4600 in
2237 4543 2423 4606 domo,
2457 4541 2670 4598 scilicet
2699 4541 2754 4596 in
2814 4538 3062 4595 Ecclesia
3099 4554 3222 4600 sun,
3270 4535 3579 4607 dignosque

295 4644 355 4696 ἐν
385 4642 540 4712 οἴκῳ,
572 4642 772 4715 δηλαδὴ
795 4645 852 4697 ἐν
883 4645 950 4715 τῇ
989 4643 1286 4715 Ἐκκλησία
1318 4641 1507 4708 αὑτοῦ,
1545 4644 1884 4715 παραμένειν

296 4736 392 4790 καὶ
415 4739 690 4789 κατοικεῖν
751 4739 810 4795 ἐν
868 4739 1006 4809 αὐτῇ
1040 4735 1312 4803 καταξιῶν
1345 4736 1566 4801 αὐτούς.
1617 4736 1776 4791 Μετὰ
1831 4737 1888 4790 δὲ

294 4827 517 4894 τούτους
551 4828 804 4903 δεύτερον
853 4830 1013 4902 ἔργον
1047 4830 1377 4902 κοινωφελές
1407 4831 1502 4884 καὶ
1544 4831 1624 4894 εἰς
1654 4829 1890 4892 πολλοὺς

293 4917 571 4975 διαϐαῖνον
613 4919 887 4993 κατορθοῖ,
929 4941 948 4972 ‹
979 4920 1188 4990 ἐξάγων
1238 4919 1650 4992 πεπεδημένους
1685 4921 1742 4972 ἐν
1792 4920 1888 4972 άν-

293 5008 506 5082 δρείαοι
545 5013 613 5082 τῇ
637 5010 746 5082 γὰρ
772 5011 971 5065 ἑαυτοῦ
997 5011 1221 5083 ἀνδρείᾳ
1245 5009 1430 5080 ἐξάγει
1473 5014 1601 5075 τοὺς
1625 5009 1888 5082 πρότερον

299 5103 510 5172 σειραῖς
546 5103 832 5175 ἁμαρτιῶν
861 5103 1293 5175 πεπεδημένους.
1362 5103 1508 5158 Ἀντὶ
1532 5102 1590 5156 δέ
1617 5102 1732 5166 τοῦ,
1769 5121 1789 5154 ‹
1829 5104 1888 5157 ἐν

297 5194 542 5266 ἀνδρείᾳ,
567 5197 644 5258 εἰς
669 5195 988 5260 ἀπόλυσιν,»
1030 5197 1374 5268 ήρμὴνευσεν
1402 5198 1432 5249 ό
1465 5195 1782 5267 Σύμμαχος,
1813 5196 1889 5247 εἰ-

301 5284 436 5340 πών·
479 5305 499 5340 t
541 5286 756 5356 Ἐξάγει
795 5287 1112 5359 δεδεμένους
1154 5289 1234 5352 εἰς
1297 5287 1612 5342 ἀπόλυσιν.»
1659 5287 1890 5359 Νοήσεις

296 5379 481 5446 δὲκαὶ
504 5379 664 5434 τοῦτο
685 5383 750 5434 ἐκ
773 5381 871 5452 τῆς
899 5380 1165 5452 λεγούσης
1207 5382 1266 5436 ἐν
1322 5381 1521 5454 Ἡσαΐᾳ
1549 5379 1889 5452 προφητείας

300 5474 381 5538 εἰς
403 5472 568 5527 αὐτοῦ
597 5473 892 5546 πρόσωπον
941 5472 1038 5526 τοῦ
1075 5472 1305 5545 Κυρίουο
1355 5492 1373 5525 ι
1411 5473 1542 5527 Ἰδοὺ
1577 5472 1786 5526 δέδωκά
1829 5488 1890 5525 σε

301 5567 383 5630 εἰς
410 5565 676 5639 διαθήκην
699 5567 911 5636 γένους,
946 5566 1027 5629 εἰς
1081 5565 1197 5636 φῶς
1232 5564 1422 5630 ἐθνῶν,
1447 5564 1656 5631 ἀνοῖξαι
1687 5565 1889 5636 ὀφθαλ-

303 5657 443 5727 μοὺς
477 5656 714 5728 τυφλῶν,
744 5657 962 5728 ἐξάγειν
995 5658 1061 5710 ἐκ
1091 5655 1307 5726 δεσμῶν
1333 5657 1673 5728 δεδεμένους,
1709 5659 1803 5712 καὶ
1833 5655 1894 5723 ἐξ

379 5859 635 5916 “Matth.
688 5877 740 5937 af,
775 5859 829 5925 9,
869 5859 954 5914 10.
1042 5857 1310 5932 "_Ephes.
1339 5874 1411 5925 ιι,
1446 5859 1530 5913 ll.

1989 4655 2086 4697 eos
2117 4638 2313 4694 habuit
2337 4635 2432 4708 qui
2465 4636 2522 4689 in
2545 4649 2609 4690 ea
2635 4639 2921 4688 manerent
2949 4639 3004 4686 et
3038 4628 3373 4685 habitarem.
3415 4625 3576 4682 Post-

1988 4749 2152 4805 quam
2175 4733 2326 4803 ipsos
2352 4729 2574 4800 delegit,
2611 4725 2759 4780 aliud
2808 4739 2950 4796 Opus
2979 4729 3224 4796 praestat,
3267 4722 3324 4776 in
3375 4721 3578 4775 multo-

1988 4841 2110 4882 rum
2139 4825 2436 4879 utilitatem
2467 4829 2523 4876 et
2558 4819 3015 4882 emolumentum,
3077 4835 3097 4868 ι
3161 4815 3406 4872 educens
3456 4813 3579 4867 vin-

1989 4926 2110 4974 ctos
2138 4918 2195 4973 in
2235 4915 2562 4972 fortitudine
2607 4932 2622 4968 :
2686 4930 2706 4965 »
2764 4926 2894 4967 nam
2930 4909 3140 4965 virtute
3194 4923 3296 4964 sua
3350 4921 3446 4963 eos
3483 4907 3578 4975 qui

1990 5011 2198 5084 pridem
2223 5016 2579 5081 peccatorum
2611 5004 2848 5062 vinculis
2876 5001 3422 5072 constringebantur,
3441 4997 3580 5052 edu-

1990 5106 2084 5160 cit.
2109 5105 2216 5159 Pro
2246 5103 2340 5160 illo
2380 5111 2587 5166 autem,
2628 5119 2647 5154 ι
2687 5099 2741 5153 in
2777 5095 3121 5160 fortitudine,
3164 5115 3181 5147 »
3215 5090 3580 5165 Symmachus

1997 5216 2015 5250 ι
2045 5199 2102 5254 in
2129 5197 2506 5254 dimissionem
2547 5215 2567 5248 »
2609 5195 3004 5264 interpretatus
3028 5197 3114 5245 est
3134 5189 3325 5244 dicens
3350 5205 3365 5241 :
3388 5204 3406 5236 ι
3432 5183 3581 5250 Edu-

1990 5293 2066 5348 cit
2095 5292 2307 5347 vinctos
2335 5289 2394 5349 in
2424 5287 2822 5345 dimissionem.
2869 5307 2887 5339 »
2923 5283 3050 5339 Han:
3093 5296 3260 5353 porro
3306 5278 3578 5348 intelligas

1989 5401 2058 5442 ex
2091 5381 2376 5455 prophetia
2403 5379 2579 5444 Isaiae,
2609 5393 2732 5448 quae
2767 5393 2835 5432 ex
2862 5377 3035 5447 ipsius
3079 5372 3298 5428 Domini
3337 5384 3575 5440 persona

1992 5475 2074 5532 sic
2095 5475 2340 5545 loquitur
2368 5491 2383 5527 :
2423 5489 2444 5524 ι
2484 5468 2627 5526 Ecce
2652 5467 2778 5524 dedi
2813 5476 2868 5522 te
2907 5467 2964 5521 in
2993 5471 3380 5520 testamentum
3411 5473 3577 5530 gene-

1994 5571 2094 5635 ris,
2131 5569 2189 5623 in
2216 5569 2394 5623 lucem
2435 5565 2704 5639 gentium,
2752 5562 2820 5617 ad
2852 5557 3210 5631 aperiendum
3255 5554 3446 5608 oculos
3478 5566 3578 5606 ca:-

1994 5678 2213 5730 corum,
2249 5660 2317 5716 ad
2358 5655 2704 5717 educendum
2755 5670 2820 5711 ex
2866 5650 3102 5708 vinculis
3157 5648 3376 5718 ligatos,
3415 5651 3471 5700 et
3501 5659 3570 5700 ex
