4086 6442
485 429 592 489 ενι

1154 422 1412 482 susse“
1439 391 1657 477 essA
1668 368 1830 460 ΜΕΝ
1840 407 1966 468 Sis.
2009 414 2092 472 οιει

2202 411 2381 468 PARS
2423 412 2510 468 ill.
2553 442 2630 451 ο-
2659 408 3074 470 EXEGETICA.

1999 0 3982 262 *Ὗ

3687 405 3782 462 69!

493 548 660 606 domo
688 552 953 605 custodiae
978 549 1231 604 sedentes
1259 547 1317 601 in
1348 544 1584 602 tenebris
1607 529 1694 584 "-
1727 543 1747 581 δ
1783 529 1913 596 Eos
1941 540 2089 596 enim

2193 536 2342 591 οἴκου
2381 535 2633 606 φυλακῆς
2659 533 3008 604 καθημένους
3035 534 3095 586 ἐν
3119 531 3326 587 σκότει.
3343 549 3363 583 ι
3401 529 3552 594 Teii;
3577 528 3680 600 γὰρ
3702 531 3786 583 πά·

499 644 593 712 qui
623 641 755 696 olim
786 641 1078 696 diabolieis
1105 639 1344 695 vinculis
1386 624 1938 706 constringebantur.
1969 633 2085 688 dia-

498 733 680 788 liolico
708 733 1006 788 multorum
1041 732 1327 786 numinum
1383 731 1558 784 errori
1607 725 1851 794 deditos,
1889 729 2088 784 solutis

498 825 738 881 vinculis
771 826 982 891 eduxit,
1017 838 1285 880 concessa
1316 830 1672 894 peccatorum
1733 819 2087 876 remissione.

501 915 615 972 lmo
647 919 817 972 etiam
857 933 952 974 cos
986 918 1082 988 qui
1143 932 1174 971 a
1235 917 1437 973 saeculo
1496 915 1552 970 in
1611 921 1791 970 morte
1845 911 2088 984 colligati

501 1017 660 1064 erant
717 1026 905 1066 secum
939 1009 1314 1072 resuscitavit,
1350 1023 1475 1062 cum
1507 1007 1708 1062 acerba
1735 1006 1934 1062 mortis
1967 1006 2090 1061 vin-

501 1100 628 1154 cula
663 1100 941 1157 solvisset.
980 1099 1096 1154 Hoc
1121 1107 1303 1154 autem
1334 1099 1462 1155 fecit
1493 1118 1512 1150 ι
1555 1099 1611 1153 in
1640 1099 1873 1164 virtute;
1915 1118 1934 1151 ι
1959 1113 2087 1153 nam

503 1197 727 1262 accepta
765 1191 1008 1248 hominis
1035 1193 1211 1246 forma
1237 1207 1444 1262 perque
1465 1191 1766 1246 humanum
1792 1207 1995 1262 corpus
2013 1191 2091 1246 vi-

502 1285 679 1339 riliter
705 1301 896 1355 agens,
928 1287 1147 1340 vinctos
1176 1286 1433 1356 superius
1478 1291 1812 1339 memoratos
1855 1298 1922 1338 ex
1967 1283 2089 1338 vin-

504 1377 648 1432 culis
679 1377 887 1432 eduxit.
925 1376 1051 1432 Haec
1075 1385 1234 1431 erant
1267 1377 1532 1448 prteclara
1564 1375 1659 1431 Dei
1693 1373 1858 1431 Verbi
1895 1375 1964 1430 ad
1990 1375 2090 1430 ho-

503 1469 680 1525 mines
709 1468 1060 1524 adventantis
1093 1469 1362 1532 facinora,
1395 1468 1598 1539 quibus
1630 1467 1832 1524 deinde
1855 1468 2090 1536 subjun-

503 1554 649 1621 gitur
688 1573 700 1607 :
745 1572 764 1605 ι
807 1552 1079 1609 Similiter
1123 1569 1221 1609 eos
1263 1553 1358 1623 qui
1391 1561 1745 1624 exasperant,
1789 1553 1885 1623 qui
1933 1551 2092 1606 habi-

504 1647 701 1701 lantin
731 1646 1022 1716 sepulcris.
1071 1665 1088 1697 ι
1134 1643 1292 1712 Quod
1352 1643 1715 1716 Symmachus
1764 1643 1870 1699 hoc
1929 1651 2091 1714 pacto

503 1739 707 1794 clarius
741 1749 791 1794 et
831 1739 1074 1810 apertius
1107 1736 1401 1809 explicavit
1433 1754 1452 1790 ε·
1489 1757 1507 1788 ι
1545 1734 1975 1807 lnobsequentes
1993 1751 2092 1791 au-

505 1841 614 1887 tem
647 1831 1035 1887 inhabitabunt
1063 1839 1233 1886 aestus
1265 1829 1610 1898 siccitatem;
1654 1849 1672 1882 ι
1701 1829 1902 1900 Aquila
1933 1845 2088 1893 vero,

2188 630 2276 684 λαι
2305 631 2528 701 δεσμοῖς
2559 627 2888 690 διαϐολικοῖς
2939 626 3447 697 κατεσφιγμὲνους,
3500 621 3596 674 καὶ
3619 623 3681 691 τῇ
3703 639 3788 676 τιο-

2188 722 2366 794 λυθέῳ
2395 721 2490 776 καλ⁵
2549 719 2838 790 δαιμονικῇ
2884 717 3061 790 πλάνῃ
3103 715 3588 790 προστετηκότας,
3643 714 3789 779 λύσας

2186 813 2299 867 τῶν
2329 811 2546 884 δεσμῶν
2575 810 2836 880 ἐξήγαγε,
2866 811 2990 875 δοὺς
3027 812 3221 882 ἄφεσιν
3278 807 3614 881 ἁμαρτιῶν.
3649 807 3792 862 Ἀλλά

2190 909 2286 962 καὶ
2316 906 2449 971 τοὺς
2486 906 2546 958 ἐν
2597 903 2679 976 τῷ
2743 903 2960 973 θανάτῳ
2993 903 3250 974 δεσμίους
3286 903 3466 965 ὄντας
3520 899 3584 965 ἐξ
3614 900 3793 965 αἰῶνος

2191 998 2584 1070 συνανέστησεν
2615 995 2815 1067 ἐαυτῷ,
2849 995 3018 1060 λύσας
3045 996 3156 1050 τῶν
3185 995 3413 1067 πικρῶν
3438 993 3540 1047 τοῦ
3575 993 3792 1046 θανάτου

2188 1087 2426 1161 δεσμῶν.
2459 1088 2571 1142 Καὶ
2627 1084 2789 1140 τοῦτο
2820 1083 3058 1156 ἔπραξεν
3122 1104 3140 1136 ι
3167 1087 3226 1138 ἐν
3257 1081 3562 1156 ἀνδρείᾳ-ι
3619 1079 3797 1151 ἀνδρὸς

2189 1181 2299 1252 γάρ
2328 1181 2513 1252 σχῆμα
2541 1178 2743 1244 λαϐὼν,
2788 1179 2882 1233 καὶ
2930 1177 2995 1231 δι’
3037 1177 3384 1250 ἀνθρωπείου
3421 1174 3686 1245 σώματος
3715 1175 3797 1227 ἀν-

2189 1272 2536 1345 δρισάμενος,
2561 1269 2802 1343 ἐξήγαγε
2829 1269 2940 1324 τῶν
2963 1269 3179 1341 δεσμῶν
3207 1270 3332 1334 τοὺς
3370 1266 3792 1340 πφλεχθὲντας.

2190 1365 2360 1420 Ταῦτ’
2380 1363 2448 1437 ἦν
2476 1366 2544 1420 τὰ
2563 1363 2968 1438 κατορθώματα
2998 1363 3098 1434 τῆς
3119 1366 3200 1428 εἰς
3241 1361 3589 1436 ἀνθρώπους
3619 1361 3793 1432 ἐπιδη-

2195 1461 2321 1534 μίας
2351 1458 2446 1513 τοῦ
2479 1458 2613 1512 Θεοῦ
2677 1458 2874 1528 Λόγου,
2928 1452 3010 1521 οἷς
3054 1456 3183 1528 ἑξῆς
3223 1457 3472 1528 εἴρηται·
3513 1473 3536 1506 ι
3575 1455 3798 1526 Ὁμοίως

2190 1554 2316 1616 τοὺς
2339 1549 2885 1623 παραπικραίνοντας
2899 1551 3026 1614 τοὺς
3051 1547 3452 1612 κατοικοῦντας
3477 1550 3542 1600 ἐν
3559 1547 3759 1616 τάφοις.
3777 1568 3797 1598 ›

2195 1647 2371 1718 Ὅπερ
2396 1646 2424 1698 ό
2453 1643 2746 1715 Σύμμαχος
2785 1643 3100 1715 ἡρμήνευσε
3147 1641 3506 1713 λευκότερον,
3540 1639 3799 1712 διασαφή-

2194 1747 2292 1802 σας
2321 1735 2418 1808 τήν
2458 1737 2696 1790 διάνοιαν
2720 1736 2814 1790 καὶ
2845 1733 3036 1790 εἰπών·
3077 1754 3094 1786 ι
3124 1735 3186 1788 Οί
3220 1734 3277 1788 δὲ
3318 1733 3591 1797 ἀπειθεῖς
3625 1751 3801 1787 κατοιο

2195 1831 2424 1901 κήσουσι
2455 1827 2738 1890 καύσωνος
2772 1826 3100 1898 ξηρότηταοι
3134 1827 3163 1878 ὁ
3195 1824 3251 1878 δὲ
3285 1824 3558 1888 Ἀκύλας,
3607 1842 3628 1875 ι
3664 1824 3802 1896 Πλὴν

510 1942 527 1970 ε
572 1921 958 1977 Verumtamen:
993 1922 1324 1977 absistentes
1361 1920 1744 1976 inhabilarunt
1769 1899 1958 1977 laevem
1993 1936 2088 1992 pe.

2195 1899 2553 1992 ἀφιστάμενοι
2579 1962 2594 1986 ,
2644 1921 2838 1992 φησιν,
2883 1920 3205 1991 ἐσκήνωσαν
3287 1915 3734 1989 λεωπετρίανδε.
3778 1935 3796 1967 ι

503 2021 668 2067 tram.
711 2032 730 2064 ›
760 2010 884 2083 ipse
907 2013 1109 2084 quippe
1142 2013 1360 2068 volebat
1389 2013 1790 2069 exacerbantes
1836 2027 1865 2066 a
1891 2011 2090 2067 vincu-

506 2107 576 2161 lis
604 2121 802 2162 eruere
836 2113 889 2160 et
922 2107 1178 2161 liberare.
1213 2105 1283 2160 At
1316 2106 1400 2161 illi
1429 2106 1486 2160 in
1517 2103 1834 2176 huiusmodi
1880 2103 2092 2160 inobse-

504 2198 733 2269 quentia
764 2207 1206 2269 perseverantes,
1250 2198 1532 2268 Deumque
1561 2213 1624 2252 ea
1657 2198 1712 2251 in
1763 2211 1820 2251 re
1871 2209 2093 2250 exacer-

504 2291 703 2346 bantes
735 2299 788 2346 et
833 2299 1250 2361 exasperantes,
1308 2291 1364 2344 in
1408 2289 1681 2361 sepulcris
1726 2289 1843 2345 suis
1877 2287 2092 2341 habita-

503 2382 664 2448 bunt,
691 2384 767 2438 ita
791 2393 851 2438 ut
878 2383 1079 2439 de‘illis
1110 2383 1330 2437 dicatur
1367 2401 1381 2438 ε
1422 2402 1441 2436 ι
1481 2383 1614 2438 Sine
1647 2389 1897 2437 mortuos
1933 2395 2090 2450 sepe-

505 2474 606 2529 lire
637 2484 887 2530 mortuos
923 2491 1056 2532 suos
1093 2475 1172 2542 ἰς
1207 2494 1226 2526 ι
1266 2473 1382 2530 sive
1431 2475 1596 2530 etiam
1634 2493 1652 2525 ι
1703 2473 2093 2529 inhabitahunt

503 2577 674 2625 aestus
705 2567 1051 2633 siccitatem;
1096 2587 1112 2618 ι
1141 2575 1327 2638 utpote
1355 2567 1448 2638 qui
1474 2567 1604 2622 ituri
1631 2567 1744 2622 sint
1784 2586 1802 2618 ι
1837 2566 1892 2621 in
1911 2567 2090 2638 ignem

502 2668 790 2726 :cternum,
827 2668 1078 2730 paratum
1104 2660 1324 2715 diabolo
1351 2669 1408 2716 et
1435 2660 1643 2731 angelis
1676 2659 1798 2730 ejus
1818 2659 1884 2712 “.
1913 2679 1930 2712 ι

575 2837 741 2894 Vens.
769 2840 824 2904 8,
853 2839 910 2894 9.
943 2838 1142 2904 c-Deus,
1177 2855 1303 2895 cum
1332 2838 1676 2911 egredereris
1711 2838 1767 2893 in
1793 2846 2092 2910 conspectu

501 2933 687 3004 populi
706 2933 809 2998 tui,
841 2947 965 2986 cum
982 2933 1355 3002 pertransires
1377 2933 1433 2986 in
1459 2917 1698 2988 deserto.
1724 2929 2088 3002 Diapsalma.»

501 3024 599 3079 Dei
637 3021 874 3078 Verbum
910 3039 1023 3077 nou
1047 3022 1207 3078 modo
1256 3023 1310 3077 in
1358 3021 1836 3078 consummatione
1865 3022 2095 3076 saeculo-

500 3132 625 3170 rum
659 3115 725 3171 ad
749 3115 1000 3170 homines
1029 3115 1341 3179 advenisse,
1391 3114 1486 3170 sed
1518 3115 1684 3169 etiam
1710 3114 1896 3184 ipsum
1926 3112 2096 3169 fuisse

500 3207 649 3277 quod
693 3219 791 3278 per
839 3205 1080 3279 Moysem
1139 3206 1365 3261 oracula
1427 3204 1711 3271 fundebat,
1748 3205 1837 3260 hic
1865 3204 2096 3261 docetur
2122 3255 2164 3314 ο

503 3301 592 3356 his
616 3299 800 3355 verbis
830 3316 844 3350 :
880 3319 904 3351 r
939 3300 1112 3364 Deus,
1146 3315 1272 3353 cum
1309 3298 1652 3370 egredereris
1709 3298 1764 3352 in
1793 3305 2092 3369 conspectu

499 3393 691 3464 populi
725 3393 825 3457 tui,
853 3407 977 3446 cum
1011 3390 1383 3462 pertransires
1405 3392 1458 3444 in
1476 3390 1697 3446 deserto
1717 3429 1732 3452 ,
1760 3399 1908 3445 terra
1947 3398 2095 3445 mota

500 3493 609 3548 est,
637 3485 838 3541 etenim
896 3484 1022 3538 οωιί
1073 3483 1508 3540 distillaverunt.
1547 3502 1566 3534 ο
1623 3481 1780 3537 Tunc
1807 3484 1976 3547 enim,
2010 3484 2096 3538 in-

501 3578 642 3647 quit,
677 3592 804 3631 cum
854 3575 1120 3631 educeres
1160 3575 1302 3631 filios
1355 3575 1523 3632 Israel
1577 3592 1641 3631 ex
1671 3586 1814 3632 terra
1846 3575 2092 3648 Egypti,

502 3670 649 3726 fama
683 3685 867 3726 rerum
898 3668 962 3724 in-
990 3668 1228 3742 [Egypto
1259 3677 1536 3741 gestarum
1571 3669 1641 3723 ad
1684 3684 1876 3726 omnes
1900 3685 2096 3740 perva-

503 3770 689 3831 uante,
742 3763 1002 3818 universa
1059 3771 1208 3816 terra
1258 3770 1406 3817 mota
1444 3769 1548 3816 est.
1589 3760 1696 3818 Sed
1722 3770 1855 3817 tunc
1873 3762 2092 3834 quidem

503 3865 650 3910 terra
681 3863 827 3910 mota
861 3861 980 3918 est;
1015 3853 1131 3909 sive
1183 3852 1348 3918 fama,
1381 3853 1669 3908 utdictum
1715 3861 1821 3918 est,
1846 3853 2092 3910 omnium

499 3948 903 4018 terrigenarum
934 3962 1098 4003 aures
1123 3949 1384 4016 implente
1410 3964 1426 4014 ;
1458 3947 1575 4002 sive
1599 3946 1763 4002 etiam
1796 3947 1915 4018 ipso
1935 3954 2094 4002 terra:

501 4042 773 4097 elemento
801 4041 870 4096 de
899 4033 1136 4097 adventu
1163 4041 1258 4097 Dei
1289 4042 1535 4098 laetante.
1569 4041 1728 4108 Quod
1768 4042 1896 4096 item
1933 4041 2094 4098 docet

501 4131 644 4186 alius
698 4132 948 4203 psalmus
1000 4133 1088 4188 his
1138 4133 1369 4189 verbis:
1409 4153 1429 4185 ι
1471 4134 1532 4188 In
1591 4133 1745 4188 exitu
1804 4135 1972 4189 Israel
2025 4135 2093 4189 de

503 4221 764 4294 Aigypto,
790 4223 988 4280 domus
1002 4223 1177 4280 Jacob
1197 4223 1264 4280 de
1275 4225 1478 4294 p0pulo
1494 4224 1751 4290 barbaro,
1772 4232 1986 4280 montes
2001 4241 2096 4280 ex-

500 4313 844 4368 sultaverunt
866 4322 926 4370 ut
953 4315 1176 4378 arietes.
1199 4326 1253 4371 et
1273 4317 1444 4371 colles
1466 4316 1951 4388 sicutagni-ovium
1977 4318 2042 4371 “.
2067 4336 2088 4371 ι

500 4401 670 4458 Terra
707 4404 892 4475 itaque
918 4407 1166 4477 gaudens
1208 4407 1703 4474 commovebatur;
1749 4408 1876 4463 cmli
1909 4415 2092 4465 autem

497 4493 907 4551 alistillaverunt
971 4517 986 4552 :
1050 4498 1184 4568 quid
1241 4497 1688 4568 distillaverunt,
1743 4500 1850 4556 nisi
1906 4501 2090 4558 cibum

2206 2013 2487 2069 Ἐϐούλετο
2518 2013 2615 2084 μὲν
2640 2013 2750 2084 γὰρ
2781 2011 2945 2078 αὐτὸς
2966 2011 3062 2066 καὶ
3099 2010 3228 2074 τοὺς
3249 2007 3804 2082 παραπικραίνοντας

2193 2104 2481 2174 ἐξαγαγεῖν
2510 2105 2606 2158 καὶ
2637 2102 3002 2175 ἐλευθερῶσαι
3029 2101 3139 2156 τῶν
3182 2102 3423 2174 δεσμῶν.
3479 2101 3800 2171 Ἐπιμένονο

2192 2217 2284 2264 τες
2310 2199 2368 2252 δὲ
2388 2194 2537 2252 οῦτοι
2597 2201 2664 2270 τῇ
2700 2197 2976 2270 ἀπειθείᾳ,
3030 2196 3430 2271 παροξύνοντες
3462 2213 3530 2250 τε
3563 2198 3626 2250 ἐν
3663 2196 3802 2265 αὐτῷ

2191 2292 2368 2363 τούτῳ
2418 2292 2512 2346 καὶ
2534 2291 3071 2364 παραπικραίνοντες
3097 2293 3189 2347 τὸν
3218 2292 3372 2357 Θεὸν,
3398 2292 3800 2363 κατοικήσουσι

2193 2385 2320 2447 τοὺς
2355 2381 2562 2436 ἑαυτῶν
2593 2382 2822 2452 τάφους.
2839 2381 2915 2445 ὡς
2934 2381 3185 2450 λέγεσθαι
3201 2382 3333 2455 περὶ
3359 2381 3575 2436 αὐτῶν·
3604 2382 3802 2456 «Ἄφες

2193 2471 2320 2535 τοὺς
2340 2473 2566 2545 νεκροὺς
2593 2471 2821 2526 θάπτειν
2858 2472 2984 2535 τοὺς
3026 2471 3236 2526 ἑαυτῶν
3265 2473 3561 2545 νεκρούς»
3594 2471 3629 2543 ἦ
3656 2487 3798 2524 «κατε

2191 2568 2472 2639 οικήσουσι
2519 2568 2802 2631 καύσωνος
2862 2565 3157 2639 ξηρότητα·
3189 2586 3210 2620 ι
3265 2567 3343 2632 ὠς
3391 2567 3460 2622 ἂν
3513 2566 3800 2638 μέλλοντες

2196 2659 2527 2731 πορεύεσθαι
2562 2681 2580 2712 ‹
2614 2661 2694 2724 είς
2722 2660 2784 2713 τὸ
2823 2658 2936 2732 πῦρ
2964 2659 3027 2714 τὸ
3053 2659 3272 2716 αἰώνιον
3303 2660 3364 2714 τὺ
3388 2658 3798 2732 ἡτοιμασμένον

2194 2751 2271 2823 τῷ
2297 2752 2528 2824 διαϐόλῳ
2545 2753 2765 2817 καὶτοῖς
2797 2751 3049 2822 ἀγγέλοις
3071 2750 3256 2806 αὑτοῦ.
3271 2771 3290 2805 ι

2274 2866 2293 2898 ι
2333 2847 2393 2901 ’0
2433 2847 2600 2916 Θεὸς,
2644 2849 2702 2902 ἐν
2734 2846 2812 2918 τῷ
2867 2845 3265 2918 ὲκπορεύεσθαί
3314 2863 3375 2900 σε
3418 2845 3666 2900 ἐνώπιον
3711 2841 3797 2895 τοῦ

2195 2937 2326 2992 λαοῦ
2358 2955 2484 3002 σου,
2531 2941 2589 2992 ἐν
2636 2938 2715 3010 τῷ
2754 2937 3054 2993 διαϐαίνειν
3099 2955 3158 2992 σε
3206 2940 3266 2992 ἐν
3302 2940 3367 3010 τῇ
3403 2939 3631 3010 ἐρήμῳ.
3674 2937 3797 2988 Διά-

2194 3032 2404 3103 ψαλμα.
2432 3053 2460 3080 ιι
2486 3031 2612 3086 Ὅτι
2639 3032 2712 3102 μή
2744 3031 2904 3102 μόνον
2945 3031 3003 3084 ἐν
3041 3032 3108 3101 τῇ
3136 3028 3413 3100 συντελείᾳ
3437 3029 3557 3082 τῶν
3590 3025 3796 3082 αἰώνων

2196 3122 2509 3196 ἀνθρώποις
2549 3123 2814 3194 ἐπεδήμει
2865 3123 2898 3175 ὁ
2934 3122 3030 3176 τοῦ
3075 3122 3212 3176 Θεοῦ
3261 3123 3462 3192 Λόγος,
3517 3120 3660 3177 ἀλλά
3708 3117 3796 3172 καὶ

2199 3215 2465 3288 πρότερον
2497 3214 2661 3279 αὐτὸς
2703 3211 2772 3286 ἦν
2820 3216 2850 3268 ό
2887 3214 2974 3269 διὰ
3017 3211 3298 3279 Μωῦσέως
3329 3212 3731 3288 χρηματίζων,
3769 3212 3796 3262 ὁ

2198 3305 2391 3378 παρὼν
2421 3305 2664 3364 διδάσκει
2693 3304 2853 3373 λόγος
2892 3305 3146 3374 φάσκων·
3175 3323 3196 3356 ι
3233 3303 3290 3358 Ὁ
3322 3304 3475 3369 Θεὸς,
3508 3305 3572 3357 ὲν
3597 3301 3679 3373 τῷ
3710 3302 3794 3353 ἐκο

2196 3397 2524 3470 πορεύεσθαί
2555 3415 2616 3451 σε
2649 3396 2882 3452 ἐνώπιον
2903 3396 2996 3452 τοῦ
3017 3395 3149 3450 λαοῦ
3177 3413 3294 3463 σου,
3313 3397 3372 3451 ἐν
3390 3396 3468 3469 τῷ
3495 3393 3795 3450 διαϐαίνειν

2196 3506 2256 3542 σε
2289 3491 2348 3544 ἐν
2379 3493 2447 3563 τῇ
2494 3492 2726 3562 ἐρήμῳ,
2754 3488 2828 3561 γῆ
2871 3489 3092 3561 ἐσείσθη
3117 3530 3132 3556 ,
3185 3491 3281 3544 καὶ
3321 3495 3434 3562 γάρ
3475 3491 3529 3544 οἱ
3577 3485 3794 3561 οὐρανοὶ

2193 3581 2451 3647 ἐσταξαν.
2483 3602 2502 3635 ι
2531 3583 2642 3636 Καὶ
2673 3582 2795 3636 τότε
2817 3581 2948 3654 γὰρ,
2968 3583 3121 3654 φησὶ,
3141 3581 3264 3636 καθ’
3287 3581 3347 3636 ὃν
3375 3583 3572 3655 χρόνον
3600 3580 3794 3651 ἐξῆγες

2193 3676 2322 3739 τοὺς
2351 3676 2505 3740 υἱοὺς
2537 3675 2755 3747 Ἰσραὴλ
2785 3675 2894 3729 ἀπὸ
2916 3675 3021 3746 γῆς
3046 3674 3397 3746 Αίγύπτου,ή
3427 3675 3701 3746 σύμπασα
3724 3672 3790 3740 γῆ

2195 3768 2401 3821 ἐσείετο
2443 3768 2546 3839 τῆς
2593 3769 2784 3840 φήμης
2826 3766 2936 3820 τῶν
2984 3769 3042 3821 ἐν
3086 3766 3343 3839 Λίγύπτῳ
3383 3765 3793 3838 πεπραγμένων

2192 3859 2586 3932 διατρεχούσης
2601 3862 2681 3924 είς
2697 3859 2930 3922 πάντας.
2948 3859 3090 3913 Ἀλλ’
3114 3861 3146 3930 ή
3171 3859 3270 3929 μὲν
3297 3859 3370 3929 γῆ
3401 3859 3527 3912 τότε
3552 3857 3758 3911 ἐσείετο
3775 3869 3786 3881 ·

2193 3951 2312 4021 ἤτοι
2351 3953 2451 4026 τῆς
2481 3953 2705 4024 φήμης,
2749 3951 2826 4016 ὡς
2873 3951 3090 4023 εἴρηται
3112 3992 3125 4015 ,
3159 3951 3259 4016 τὰς
3294 3950 3512 4004 πάντων
3546 3949 3658 4004 τῶν
3701 3945 3792 4000 ἐπὶ

2193 4045 2298 4116 γῆς
2331 4041 2501 4106 ἀκοὰς
2533 4041 2888 4114 πληρούσης,
2926 4041 2959 4112 ἢ
3018 4043 3110 4094 καί⁸
3161 4039 3324 4094 αὑτοῦ
3371 4039 3467 4094 τοῦ
3524 4037 3788 4109 στοιχείου

2193 4119 2474 4209 χαίροντος
2503 4134 2596 4187 ἐπὶ
2626 4136 2695 4206 τῇ
2725 4132 2979 4188 ἐπιϐάσει
3020 4133 3114 4187 τοῦ
3147 4132 3304 4186 Θεοῦ.
3347 4134 3416 4185 Ὃ
3452 4131 3517 4201 δὴ
3545 4131 3788 4185 διδάσκει

2194 4225 2290 4277 καί
2337 4223 2525 4294 ἕτερος
2556 4219 2775 4292 ψαλμὸς
2812 4220 2987 4290 λέγων
3008 4238 3023 4253 ο
3059 4239 3078 4272 ι
3122 4222 3210 4275 Ἔν
3249 4220 3415 4292 ἐξόδῳ
3474 4217 3692 4292 Ἰσραὴλ
3731 4214 3788 4278 ἐξ

2193 4314 2470 4384 Αἰγύπτου
2495 4354 2510 4378 ,
2537 4313 2689 4367 οίκου
2733 4311 2926 4368 Ἰακὼϐ
2977 4315 3042 4368 ἐκ
3071 4313 3202 4368 λαοῦ
3239 4312 3516 4386 βαρϐάρου
3540 4352 3555 4376 ,
3586 4311 3658 4366 τὰ
3689 4309 3786 4384 ὅρη

2195 4408 2526 4480 ἐσκίρτησαν
2551 4407 2626 4472 ὡς
2658 4407 2838 4478 κριοὶ,
2865 4407 2962 4460 καὶ
2991 4409 3040 4461 οἱ
3068 4406 3248 4477 βουνοὶ
3284 4407 3360 4471 ώς
3387 4405 3550 4479 ἀρνία
3584 4403 3788 4476 προϐά-

2193 4515 2320 4553 των.
2355 4517 2374 4550 ι
2394 4498 2458 4551 Ἦ
2494 4497 2591 4568 μὲν
2625 4492 2720 4550 οῦν
2744 4496 2816 4568 γῆ
2850 4498 3116 4570 χαίρουσα
3165 4497 3392 4551 ἐσείετο·
3416 4497 3468 4550 οἱ
3492 4495 3548 4550 δὲ
3571 4493 3788 4568 οὐρανοὶ

495 4589 932 4662 iuexSpectatum
960 4590 1016 4645 in
1039 4589 1260 4646 deserto
1289 4590 1614 4662 degentibus
1641 4593 1948 4664 delapsum,
1975 4593 2092 4649 sive

2199 4591 2452 4660 ἐσταξαν.
2489 4591 2553 4644 Τί
2585 4589 2642 4643 δὲ
2686 4589 2917 4678 ἔσταξαν
2939 4633 2954 4657 ,
2997 4591 3112 4646 ἀλλ’
3146 4591 3266 4663 ἦτοι
3305 4590 3406 4663 τὴν
3436 4592 3645 4663 τροφὴν
3689 4587 3787 4657 τὴν

495 4682 664 4738 etiam
734 4683 953 4740 divinos
1004 4698 1288 4739 sermones
1310 4691 1365 4740 et
1415 4685 1562 4756 leges
1610 4702 1736 4757 quae
1780 4687 2091 4741 animarum

2196 4683 2514 4756 παραδόξως
2542 4677 2854 4753 ἐνεχθεῖσαν
2888 4684 2999 4746 τοῖς
3044 4683 3140 4736 ἐπὶ
3179 4684 3277 4753 τῆς
3321 4683 3533 4755 ἐρήμου
3557 4723 3573 4747 ,
3615 4682 3651 4752 ἢ
3695 4678 3787 4735 καὶ

497 4775 910 4831 rationabilium
967 4775 1079 4831 cibi
1111 4778 1284 4831 sunt?
1324 4775 1470 4834 Mota
1495 4787 1580 4833 est
1625 4789 1807 4834 autem
1833 4786 1999 4847 terra,
2035 4788 2090 4835 et

497 4867 624 4920 caeli
653 4866 1064 4921 distillaverunt
1093 4885 1112 4918 ι
1151 4881 1182 4920 a
1211 4866 1351 4923 facie
1385 4866 1477 4922 Dei
1512 4866 1688 4935 Sinai,
1726 4888 1746 4922 ι
1786 4869 1838 4925 id
1873 4878 1980 4934 est,
2033 4871 2089 4926 in

496 4966 683 5015 monte
707 4959 862 5014 Sinai
887 4959 1113 5015 oracula
1135 4959 1372 5016 edentis.
1428 4959 1555 5016 Haec
1606 4977 1741 5018 vero
1771 4962 1976 5018 clarius
2007 4964 2093 5018 in-

494 5058 831 5123 terpretatus
867 5049 1233 5122 Symmachus
1250 5059 1336 5106 est
1357 5051 1549 5109 dicens
1584 5068 1597 5105 :
1641 5071 1660 5104 ι
1693 5051 1864 5112 Terra
1899 5068 2090 5110 move-

495 5140 680 5206 batur,
713 5141 914 5195 caelum
942 5156 1074 5196 vero
1106 5140 1394 5197 distillavit
1434 5157 1464 5196 a
1491 5142 1632 5198 facie
1667 5142 1762 5198 Dei
1800 5144 1967 5214 hujus
2003 5145 2092 5200 Si-

494 5233 607 5296 nai,
629 5241 728 5286 eta
755 5231 896 5287 facie
931 5231 1048 5296 Dei.
1083 5233 1176 5289 Dei
1209 5234 1398 5291 Israel.
1440 5254 1464 5288 ι
1494 5234 1635 5290 Num
1668 5235 1810 5292 forte
1837 5235 2090 5294 caelestes

493 5323 731 5378 virtutes
755 5340 858 5378 ceu
883 5325 1132 5380 nutrices
1161 5327 1411 5397 qmedam
1441 5343 1473 5382 e
1504 5343 1744 5384 mamma
1793 5329 1878 5382 lac
1907 5329 2089 5385 infan-

494 5413 643 5468 tibus
657 5414 928 5470 distillare
978 5413 1267 5484 facientes,
1315 5419 1395 5474 sic
1421 5427 1478 5475 et
1516 5420 1650 5491 ipsa:
1679 5421 1998 5477 alimentum
2019 5439 2088 5478 ex

495 5519 558 5558 se
591 5506 661 5561 iis
680 5507 772 5577 qui
800 5514 933 5562 tunc
981 5509 1225 5566 infantes
1277 5512 1462 5566 animo
1487 5525 1667 5580 erant,
1697 5515 2090 5571 subministra-

495 5599 666 5652 ruut?
711 5599 997 5666 Quarelex
1053 5618 1083 5656 a
1134 5603 1317 5675 Moyse
1375 5604 1575 5667 edicta.
1630 5607 1956 5678 ptedagogus
2019 5609 2090 5664 ab

492 5684 757 5752 Apostolo
780 5696 971 5740 vocata
1007 5686 1111 5741 fuit
1144 5686 1208 5743 ”.

2191 4778 2318 4842 τοὺς
2343 4776 2521 4840 θείους
2547 4775 2741 4842 λόγους
2762 4791 2822 4827 τε
2849 4775 2944 4829 κα)⁸
2968 4775 3168 4848 νόμους
3191 4774 3398 4847 τροφὴν
3420 4775 3580 4839 ὄντας
3598 4771 3784 4846 ψυχῶν

2191 4868 2458 4939 λογικῶν;
2500 4868 2739 4920 Ἐσείετο
2761 4865 2819 4919 δὲ
2852 4869 2885 4938 ή
2915 4867 2989 4938 γῆ
3012 4907 3028 4930 ,
3078 4869 3171 4922 καὶ
3199 4866 3432 4933 ἐσταξαν
3471 4869 3522 4922 0i
3569 4865 3784 4940 οὐρανοὶ

2197 4983 2214 5014 ε
2244 4963 2353 5018 ἀπὸ
2384 4959 2680 5034 προσώπου
2709 4957 2814 5012 τοῦ
2835 4959 2971 5012 Θεοῦ
3005 4959 3100 5013 τοῦ
3140 4956 3327 5027 Σιναῒ,
3358 4980 3376 5013 ι
3414 4961 3661 5016 τουτέστι
3693 4957 3783 5016 τοῦ

2191 5057 2250 5110 ἐν
2288 5055 2366 5127 τῷ
2407 5055 2525 5127 ϐρει
2558 5051 2712 5107 Σιναῒ
2744 5052 3207 5124 χρηματίσαντος.
3235 5055 3347 5109 Καὶ
3373 5055 3547 5110 ταῦτα
3591 5056 3650 5109 δὲ
3694 5071 3783 5108 σα-

2192 5145 2454 5218 φέστερον
2475 5145 2821 5216 ήρμήνευσεν
2844 5145 2874 5197 ὁ
2893 5142 3190 5214 Σύμμαχος
3210 5144 3400 5198 εἰπών’
3430 5146 3536 5217 ιΓῆ
3560 5147 3781 5210 ἐσείετο,

2193 5239 2422 5311 οὐρανὸς
2439 5237 2497 5291 δὲ
2523 5234 2830 5302 ἀπέσταξεν
2859 5235 2968 5289 ἀπὸ
2996 5237 3288 5308 προσώπου
3315 5237 3408 5292 τοῦ
3429 5239 3566 5293 Θεοῦ
3598 5239 3782 5292 τούτου

2191 5331 2286 5385 τοῦ
2309 5329 2482 5392 Σιναῒ,
2501 5329 2596 5382 καὶ
2617 5328 2726 5382 ἀπὸ
2749 5327 3044 5399 προσώπου
3072 5329 3166 5382 τοῦ
3183 5329 3339 5395 Θεοῦ,
3358 5330 3494 5384 Θεοῦ
3511 5333 3775 5404 Ἰσραή)..ι

2195 5423 2425 5493 Μήποτε
2457 5419 2515 5473 δὲ
2546 5419 2644 5473 καὶ
2672 5420 2728 5472 αἱ
2773 5419 3016 5491 οὺράνιοι
3059 5419 3318 5492 δυνάμεις
3363 5420 3556 5493 ῶσπερ
3599 5420 3782 5492 τροφοί

2195 5530 2340 5578 τινες
2366 5513 2461 5566 καὶ
2487 5511 2698 5584 τιθηνοὶ
2719 5512 2829 5566 ἀπὸ
2852 5511 3022 5583 θηλῆς
3040 5512 3182 5581 γάλα
3212 5514 3425 5586 νηπίοις
3449 5515 3782 5580 ἀποστάζον-

2200 5622 2312 5671 σαι,
2355 5605 2530 5668 οὕτως
2554 5605 2648 5658 καὶ
2673 5599 2836 5660 αὗται
2869 5607 2968 5677 τὴν
3002 5605 3060 5672 ἐξ
3093 5606 3273 5659 αὐτῶν
3301 5607 3568 5680 χορηγίαν
3592 5609 3782 5680 παρεῖ-

2199 5717 2292 5769 χον
2323 5701 2436 5763 τοῖς
2467 5699 2588 5753 τότε
2612 5699 2713 5764 τὰς
2742 5699 2920 5771 ψυχὰς
2947 5700 3194 5772 νηπίοις;
3222 5700 3300 5753 Δι’
3326 5700 3355 5753 ὃ
3378 5701 3472 5754 καὶ
3512 5700 3783 5771 παιδαγων

487 5771 587 5840 γδς
624 5773 938 5844 ωνόμασται
970 5779 1120 5851 παρά
1158 5777 1235 5849 τῷ
1271 5780 1576 5853 Ἀπετπτὲλῳ
1612 5783 1640 5834 ό
1671 5782 1759 5837 διὰ
1804 5784 2082 5849 Μωῦσέως
2118 5786 2372 5860 λαληθεὶς
2403 5789 2580 5858 λόγος.

572 5891 911 5962 "lsa.x1.u,
941 5897 994 5965 6,
1038 5897 1090 5952 7.

1177 5900 1216 5932 ’³
1246 5899 1377 5955 Luc.
1410 5918 1485 5968 Ix,
1520 5901 1609 5957 60.
1691 5903 1732 5934 ’⁸
1760 5902 1949 5962 Matth.
1990 5923 2114 5976 ιμ’,
2149 5908 2236 5964 «Η.

2321 5912 2363 5943 ’θ
2392 5908 2537 5966 Psal.
2563 5923 2722 5975 CXIII,
2759 5910 2806 5975 1,
2838 5910 2891 5965 4.
2974 5910 3148 5966 "Gal.
3187 5927 3264 5976 ιιι,
3294 5911 3382 5966 ει.
