4086 6442
375 365 488 426 €53

1510 358 2014 418 COMMENTARIA
2055 359 2124 415 ΙΝ
2163 358 2508 419 PSALMOS.

3535 360 3639 416 69‘

457 498 476 532 ι
505 479 713 551 Βροχὴν
737 478 982 534 ἑκούσιον
1007 479 1274 551 ἀφοριεῖς,
1295 479 1326 532 6
1354 477 1506 544 Θεὸς,
1529 483 1596 552 τῇ
1628 476 1929 552 κληρονομί

2034 521 2040 538 .
2140 477 2308 537 Vens.
2343 481 2430 546 10,
2460 481 2548 536 ll.
2581 498 2600 532 ι
2633 477 2881 536 Pluviam
2906 477 3271 536 voluntariam
3301 479 3636 552 segregabis,

377 587 512 635 σου,
545 572 638 624 καὶ
669 569 934 642 ἠσθένησε
955 610 972 635 ,
1009 571 1074 625 σὺ
1104 569 1161 623 δὲ
1189 571 1505 643 κατηρτίσω
1535 570 1728 640 αὑτήν.
1767 589 1786 622 ι
1822 569 1956 623 Τότε

379 661 513 731 μὲν,
559 661 755 731 φησὶν,
797 677 815 710 ι
844 662 902 713 ὲν
937 659 1016 730 τῷ
1063 658 1462 732 ἐκπορεύεσθαι
1497 676 1557 712 σε
1593 657 1822 714 ἐνώπιον
1859 657 1953 712 τοῦ

375 753 507 809 λαοῦ
539 770 632 807 σου
650 793 666 819 ,
706 753 799 807 καλ⁸
837 754 895 806 ὲν
925 751 1006 824 τῷ
1033 752 1330 807 διαϐαίνειν
1354 769 1414 806 σε
1444 753 1502 806 ὲν
1529 755 1595 824 τῇ
1629 752 1822 823 ἐρήμῳ
1843 789 1858 815 ,
1883 751 1954 822 γῆ

373 843 594 915 ἐσείσθη
611 882 628 907 ,
655 843 750 896 καὶ
797 845 847 897 οί
874 845 1095 916 οὐρανοὶ
1121 844 1353 910 ἔσταξαν
1373 860 1388 875 ·
1416 864 1434 896 ι
1455 844 1548 898 ἐπὶ
1573 844 1631 898 δὲ
1670 843 1765 898 τοῦ
1816 859 1956 914 παρα

371 933 526 996 όντος
547 973 564 997 ,
594 934 682 987 ὅτε
725 933 1058 1008 ὲπιϐέὸηκας
1083 936 1175 989 ἐπὶ
1199 935 1442 1007 δυσμῶν,
1473 935 1636 1008 ἕτερα
1677 934 1956 1007 παράδοξα

361 1027 634 1095 ηείργάσω.
689 1025 766 1098 Τῇ
790 1026 901 1100 γὰρ
941 1027 1277 1101 κληρονομίᾳ
1311 1045 1404 1082 σου
1440 1028 1722 1102 ἀφώρισας
1752 1027 1952 1100 βροχην

373 1115 637 1172 ἑκούσιον.
667 1120 1016 1191 κληρονομία
1045 1120 1102 1174 δὲ
1135 1121 1300 1175 αὑτοῦ
1330 1122 1415 1187 τίς
1440 1118 1508 1195 ἦν
1537 1121 1677 1194 μετὰ
1695 1123 1785 1176 τὸν
1821 1123 1954 1195 πρό-

369 1226 529 1281 τερον
571 1209 696 1264 λαδν
735 1211 850 1265 ἀλλ’
875 1213 909 1283 ἡ
954 1213 1014 1277 ἐξ
1057 1211 1228 1266 ἐθνῶν
1276 1213 1602 1286 Ἐκκλησία,
1638 1213 1828 1288 ῶσπερ
1857 1210 1950 1269 οὖν

367 1301 610 1357 διδάσκει
647 1303 818 1373 λέγων
857 1306 1019 1370 αὐτὸς
1061 1309 1119 1360 ὲν
1155 1308 1395 1381 δευτέρῳ
1427 1309 1658 1382 ψαλμίξν
1694 1330 1714 1362 ι
1748 1311 1952 1383 Κύριος

365 1391 490 1448 εἶπε
512 1395 650 1466 πρὸς
667 1397 735 1468 μέ
753 1414 767 1428 ο
785 1397 912 1462 Υἱός
931 1417 1032 1470 μου
1060 1397 1111 1453 εἷ
1134 1402 1220 1465 σὺ,
1247 1401 1358 1471 ἐγὼ
1383 1404 1624 1476 σήμερον
1645 1405 1952 1475 γεγέννηκά

368 1503 451 1542 σε.
485 1487 716 1558 Δίτησαι
741 1490 874 1562 παρ’
911 1489 1046 1562 ἐμοῦ
1069 1532 1082 1556 ,
1111 1494 1207 1547 καὶ
1231 1491 1388 1548 δώσω
1426 1511 1507 1549 σοι
1537 1495 1664 1568 ἔθνη
1687 1497 1788 1568 τὴν
1819 1497 1950 1568 κλη-

365 1579 627 1649 ρονομίαν
659 1595 753 1633 σου
787 1582 881 1635 καὶ
911 1581 1011 1654 τὴν
1038 1583 1366 1655 κατάσχεσίν
1397 1603 1492 1640 σου
1522 1583 1592 1639 τὰ
1619 1586 1831 1657 πέρατα
1851 1587 1950 1660 τῆς

363 1669 504 1740 γῆς..
531 1690 550 1722 ι
581 1672 706 1736 Υἱὸς
737 1674 847 1746 γὰρ
875 1674 1010 1728 Θεοῦ
1049 1676 1404 1750 κελευόμενος
1443 1680 1580 1752 πρὸς
1605 1679 1701 1734 τοῦ
1735 1681 1950 1753 Πατρὸς

361 1763 534 1815 αἰτεῖν
556 1763 941 1835 κληρονομίαν,
965 1765 1091 1820 οὔτε
1125 1768 1392 1822 Ἰουδαίων
1417 1769 1589 1834 ἔθνος,
1611 1771 1746 1826 ἀλλὰ
1771 1772 1950 1826 πάντα

2061 569 2227 635 Deus,
2259 570 2561 628 barreditati
2591 578 2720 636 tute,
2750 577 2805 626 et
2841 569 3114 625 infirmata
3139 575 3245 637 est,
3273 561 3335 623 tu
3358 585 3486 625 vero
3515 584 3642 640 per-

2059 662 2240 718 fecisti
2266 679 2409 720 eam.
2439 683 2458 718 ι
2514 663 2694 730 Tunc,
2752 663 2952 736 inquit,
2995 678 3164 718 «cum
3215 663 3557 734 egredereris
3582 663 3640 718 in

2057 762 2352 826 conspectu
2386 755 2569 825 populi
2587 755 2686 820 tui,
2709 763 2902 809 etcum
2927 754 3290 825 pertransires
3317 755 3372 808 in
3397 753 3636 821 deserto,

2058 852 2206 898 terra
2237 853 2388 900 mola
2408 853 2516 910 est,
2546 851 2604 899 et
2626 844 2752 900 coeli
2785 843 3210 900 distillaverunt.
3249 861 3267 894 ι
3289 841 3347 897 In
3379 845 3638 914 praesenti

2055 941 2240 990 autem
2263 951 2387 991 cum
2421 935 2717 992 ascendisti
2747 951 2914 1006 super
2933 949 3216 997 occasum,
3249 932 3519 988 mirabilia
3532 933 3637 988 alia

2054 1029 2407 1100 perpetrasti.
2441 1028 2576 1084 Nam
2607 1029 2911 1085 haereditati
2931 1037 3038 1084 tua:
3069 1028 3370 1099 segregasti
3395 1025 3636 1097 pluviam

2055 1121 2442 1177 voluntariam.
2481 1120 2784 1176 Haereditas
2813 1136 2977 1191 porro
3029 1119 3178 1175 illius
3230 1133 3480 1189 quaenam
3517 1124 3637 1172 erat

2051 1221 2177 1284 post
2209 1215 2445 1285 priorem
2476 1214 2628 1268 illum
2658 1213 2941 1284 populum,
2967 1212 3071 1267 nisi
3095 1209 3339 1266 Ecclesia
3369 1209 3632 1281 gentium,

2055 1311 2114 1355 ut
2145 1302 2262 1371 ipse
2286 1301 2446 1356 docet
2478 1300 2534 1356 in
2566 1301 2808 1357 secundo
2867 1300 3113 1372 psalmo:
3148 1317 3167 1350 ι
3197 1298 3462 1354 Dominus
3497 1298 3636 1354 dixit

2052 1390 2120 1446 ad
2147 1407 2235 1448 me
2268 1411 2281 1446 :
2321 1391 2494 1447 Filius
2517 1408 2673 1448 meus
2702 1408 2763 1448 es
2796 1399 2875 1460 tu,
2911 1407 3012 1464 ego
3038 1391 3198 1446 hodie
3228 1393 3391 1462 genui
3417 1401 3490 1448 te.
3536 1391 3636 1447 Po-

2037 1472 2199 1538 stula
2230 1498 2261 1537 a
2292 1498 2400 1548 me,
2424 1490 2479 1538 et
2509 1483 2652 1540 dabo
2683 1484 2782 1539 tibi
2805 1492 2993 1556 gentes
3051 1483 3423 1540 hereditatem
3455 1492 3634 1554 tuam,

2051 1582 2106 1629 et
2126 1575 2532 1646 possessionem
2552 1584 2697 1630 tuam
2714 1577 2979 1632 terminos
2993 1585 3152 1633 terra:
3171 1578 3236 1634 ¹⁸.
3266 1597 3285 1631 ›
3310 1577 3444 1632 Nam
3462 1578 3633 1634 Filius

2053 1666 2170 1730 Dei,
2203 1668 2292 1722 cui
2334 1666 2494 1723 Pater
2541 1668 2792 1740 praecipit
2822 1678 2882 1723 ut
2914 1674 3064 1741 petat
3114 1669 3172 1725 in
3229 1669 3629 1736 bmreditatem,

2052 1775 2162 1815 non
2195 1757 2507 1816 Judaeorum
2538 1770 2774 1832 gentem,
2801 1760 2894 1816 sed
2921 1776 3112 1818 omnes
3141 1770 3330 1832 gentes
3365 1770 3418 1818 et
3442 1765 3634 1819 termi-

360 1851 430 1905 ςά
463 1852 587 1925 ἔθνη
616 1857 709 1909 κα)⁵
738 1856 806 1912 τὰ
835 1858 1048 1930 πέρατα
1076 1860 1174 1931 τῆς
1202 1860 1336 1932 γῆς,
1372 1862 1458 1926 τίς
1493 1862 1560 1915 ἂν
1593 1863 1802 1931 γένοιτο
1839 1863 1872 1935 ἢ
1912 1866 1929 1918 ἐ

2051 1867 2154 1908 nos
2197 1860 2378 1919 terra,
2415 1853 2672 1924 quisnam
2712 1853 2900 1919 fuerit,
2961 1854 3070 1910 nisi
3098 1855 3190 1926 qui
3228 1853 3528 1911 Ecclesiam
3563 1871 3632 1911 ex

359 1943 460 2013 τὴν
501 1941 559 2008 ἐξ
592 1944 761 1999 ὲθνῶν
794 1947 1126 2020 Ἐκκλησίαν
1161 1951 1564 2023 συστησάμενος
1587 1970 1601 2017 ;
1627 1953 1812 2026 Ταύτῃ
1844 1949 1938 2007 οὖν

356 2036 424 2104 τῇ
461 2034 794 2110 κληρονομίᾳ
825 2039 990 2094 αὑτοῦ
1031 2039 1275 2113 ἀφώρισε
1317 2042 1518 2116 βροχὴν
1549 2044 1794 2099 ἑκούσιον
1817 2061 1830 2074 ·
1858 2045 1938 2098 διὸ

356 2124 608 2182 λέλεκται
642 2131 770 2203 περὶ
809 2131 1012 2185 αὐτοῦ·
1062 2151 1081 2184 ι
1113 2133 1502 2206 Καταϐήσεται
1540 2136 1616 2201 ώς
1648 2138 1802 2202 ὑετὸς
1843 2138 1938 2193 ἐπὶ

354 2217 526 2273 πόκον
544 2260 560 2285 ,
591 2223 684 2275 καὶ
712 2221 844 2276 ὡσεὶ
873 2224 1131 2293 σταγόνες
1160 2225 1453 2291 στάζουσαι
1496 2230 1590 2283 ἐπὶ
1633 2229 1730 2302 τὴν
1754 2231 1878 2302 γῆν.
1911 2251 1930 2284 ι

353 2310 530 2381 Λόγος
571 2313 628 2366 δὲ
656 2309 725 2386 ἦν
753 2315 1108 2386 εύαγγελικὸς
1143 2319 1176 2390 ἠ
1217 2317 1385 2394 βροχὴ
1411 2321 1443 2392 ὴ
1471 2322 1722 2386 ἑκουσία,
1753 2324 1848 2377 καὶ
1874 2324 1936 2378 τὸ

351 2405 454 2476 τῆς
481 2407 689 2478 Καινῆς
702 2409 978 2482 Διαθήκης
1001 2411 1264 2484 κήρυγμα
1283 2417 1348 2486 τῇ
1375 2414 1433 2482 ἐξ
1454 2415 1623 2470 ἐθνῶν
1639 2417 1935 2490 Ἐκκλησία

352 2497 807 2571 παραδεδομένον.
844 2503 1000 2574 Καλὴ
1029 2502 1084 2557 δὲ
1114 2505 1148 2576 ἡ
1185 2505 1473 2578 προσθήκη
1505 2507 1606 2580 τῆς
1638 2527 1656 2560 ι
1680 2510 1933 2576 ἑκουσίας

353 2589 580 2660 βροχῆς·
624 2611 644 2644 ι
684 2592 774 2647 διὰ
821 2595 1098 2662 Μωῦσέως
1144 2599 1240 2670 μὲν
1264 2599 1372 2672 γὰρ
1417 2599 1515 2671 οὐχ
1553 2601 1797 2668 ἑκούσιος
1820 2607 1932 2670 τοῖς

351 2680 602 2746 παλαιοῖς
627 2684 919 2756 παρείχετο
940 2686 1115 2757 λόγος,
1142 2691 1266 2744 ἐπεὶ
1293 2692 1352 2744 οὐ
1391 2693 1534 2747 κατὰ
1570 2693 1794 2767 γνώμην
1833 2696 1932 2770 τὴν

349 2771 516 2827 αὑτοῦ
539 2775 923 2846 ὲνομοθετεῖτοο
953 2780 1034 2834 διὸ
1064 2781 1201 2853 πρὸς
1230 2784 1426 2848 αὐτοὺς
1453 2783 1634 2855 ἔλεγεν
1663 2787 1692 2840 6
1717 2787 1926 2862 Σωτήρο

354 2883 372 2912 ι
412 2865 653 2937 Μωϋσῆς
679 2867 815 2938 πρὸς
846 2868 944 2941 τὴν
969 2871 1401 2945 σκληροκαρδίαν
1431 2877 1585 2947 ὑμῶν
1605 2876 1865 2951 ἔγραψεν·
1903 2899 1924 2934 ι

346 2955 378 3006 6
399 2955 456 3008 δὲ
488 2956 642 3026 λόγος
674 2961 703 3013 6
726 2961 1084 3031 εύαγγελικὸς
1113 2966 1255 3020 κατὰ
1282 2967 1476 3039 βουλὴν
1507 2970 1601 3023 καὶ
1625 2969 1768 3024 κατὰ
1793 2989 1928 3044 προ-

2045 1943 2303 2015 gentibus
2365 1945 2704 2012 constituit?
2758 1944 2900 2001 lluic
2939 1947 3124 2018 itaque
3180 1946 3482 2003 luereditati
3517 1963 3632 2004 suae

2043 2039 2349 2111 segregavit
2394 2040 2633 2110 pluviam
2663 2040 3029 2097 voluntariam
3061 2060 3075 2096 :
3108 2055 3280 2112 quare
3323 2041 3517 2097 de'illo
3545 2041 3631 2098 di-

2044 2139 2195 2186 ctum
2253 2139 2337 2186 est
2375 2152 2387 2187 :
2429 2151 2448 2184 ι
2489 2131 2798 2188 Descendet
2855 2132 3000 2190 sicut
3028 2129 3213 2205 pluvia
3258 2133 3314 2188 in
3341 2134 3540 2199 vellus,
3575 2145 3631 2190 et

2044 2222 2188 2278 sicut
2219 2222 2499 2279 stillicidia
2553 2225 2818 2280 stillantia
2847 2241 3015 2297 super
3045 2235 3244 2282 terram
3289 2227 3354 2280 η.
3378 2245 3397 2278 ι
3436 2225 3628 2280 Pluvia

2043 2322 2221 2370 autem
2251 2315 2558 2371 voluntaria
2587 2325 2704 2373 erat
2724 2318 2947 2373 verbum
2979 2318 3350 2390 evangelicum
3385 2358 3400 2384 ,
3423 2328 3477 2374 et
3498 2333 3631 2390 prae-

2041 2404 2245 2460 dicatio
2270 2404 2404 2462 Novi
2437 2405 3048 2463 TestamentiEcclesiae
3073 2407 3312 2480 gentium
3348 2405 3630 2462 tradita.E

2040 2510 2101 2551 re
2130 2495 2385 2568 adjicitur
2405 2497 2473 2552 ad
2507 2517 2526 2551 ‹
2562 2499 2802 2570 pluviam
2828 2519 2848 2552 ι
2883 2498 3036 2568 illud,
3104 2518 3124 2551 ι
3162 2499 3566 2556 voluntariam:
3601 2517 3622 2552 ι

2039 2603 2166 2644 nam
2193 2606 2291 2661 per
2321 2590 2566 2664 Moysem
2623 2607 2733 2647 non
2795 2592 3169 2647 voluntarium
3207 2591 3454 2663 antiquis
3517 2591 3628 2647 illis

2038 2683 2362 2739 tradebatur
2379 2684 2629 2752 verbum,
2662 2685 2790 2757 quia
2819 2702 2929 2742 non
2958 2685 3262 2742 secundum
3293 2685 3470 2758 ipsius
3496 2701 3628 2743 sen-

2039 2775 2264 2829 tentiam
2289 2776 2381 2832 lex
2415 2776 2670 2832 dabatur.
2709 2774 3081 2843 Quamobrem
3112 2777 3236 2834 illos
3261 2777 3343 2833 sic
3372 2777 3627 2834 Salvator

2037 2866 2337 2937 alloquitur
2383 2886 2396 2924 :
2453 2887 2472 2921 ‹
2507 2867 2724 2940 Moyses
2782 2869 2848 2924 ad
2902 2869 3165 2924 duritiam
3221 2869 3408 2926 cordis
3449 2869 3623 2924 vestri

2037 2959 2261 3030 scripsit
2304 2961 2372 3016 ³ο.
2411 2980 2430 3014 ο
2498 2961 2568 3018 At
2623 2963 2850 3019 verbum
2892 2963 3264 3034 evangelicum
3318 2962 3620 3019 secundum

346 3048 562 3116 αίρεσιν
588 3050 722 3105 Θεοῦ
746 3054 1034 3128 ἀφωρίσοη
1063 3076 1082 3109 ι
1112 3061 1178 3130 τῇ
1206 3058 1540 3134 κληρονομίᾳ
1579 3082 1598 3115 ι
1642 3063 1838 3128 αὐτοῦ,
1861 3063 1928 3136 ἢν

2034 3055 2374 3110 voluntatem
2433 3061 2490 3110 ct
2546 3054 2872 3111 electionem
2921 3053 3017 3110 Dei
3069 3074 3087 3106 ι
3122 3053 3421 3108 haereditati
3453 3074 3472 3107 ι
3501 3054 3622 3125 ejus

345 3136 726 3208 ἀσθενήσασαν
776 3143 873 3211 σὺ,
920 3147 1091 3216 φησὶ,
1144 3150 1488 3221 κατηρτίσω*
1547 3153 1688 3208 κατὰ
1732 3154 1790 3208 δὲ
1834 3154 1926 3209 τὸν

2034 3147 2294 3202 traditum
2317 3154 2400 3202 est
2427 3165 2442 3202 :
2469 3163 2632 3219 quam
2660 3146 2932 3203 infirmam
2961 3154 3044 3213 tu,
3075 3147 3273 3218 inquit,
3305 3147 3620 3218 perfecisti;

357 3205 622 3296 Ἀκύλαν,
671 3250 690 3283 ι
734 3205 1196 3309 Μεμοχθηκυῖαν,
1235 3205 1400 3312 φῆσι,
1444 3244 1510 3297 σὺ
1551 3205 1794 3315 ἦδρασας

2038 3236 2340 3292 secundum
2395 3205 2684 3307 Aquilam,
2764 3205 3200 3300 «laborantem:
3261 3205 3440 3312 inquit
3478 3280 3494 3306 ,
3559 3205 3619 3295 tu

344 3321 476 3391 τήν·
529 3338 548 3371 ι
589 3321 731 3376 κατὰ
771 3323 827 3377 δὲ
869 3326 960 3379 τὸν
1002 3327 1324 3400 Σύμμαχον,
1368 3351 1387 3384 ι
1423 3334 1525 3388 Ἢν
1561 3334 1924 3409 ἐξεπόνησας,

2038 3326 2280 3384 fundasti
2335 3342 2496 3396 eam;
2557 3349 2576 3381 ι
2635 3329 2938 3384 secundum
3001 3327 3391 3401 Symmachum
3464 3346 3618 3396 vero,

344 3409 513 3480 φησὶ,
558 3412 651 3466 καὶ
689 3412 954 3484 ἥδρασας.
996 3439 1014 3470 ι
1057 3421 1132 3473 Ού
1161 3421 1244 3475 δεῖ
1276 3423 1334 3477 δὲ
1371 3425 1585 3480 πολλῶν
1632 3427 1806 3498 λόγων
1847 3432 1928 3495 είς

2041 3439 2250 3495 «quam
2305 3423 2625 3488 elaborasti,
2680 3423 2896 3494 inquit,
2963 3432 3017 3480 ct
3060 3421 3323 3480 fundasti.
3355 3445 3375 3478 ι
3432 3423 3621 3497 Neque

341 3499 406 3554 τὸ
430 3503 781 3574 παραστῆσαι
808 3507 957 3572 ὅπως
991 3511 1024 3582 ἡ
1067 3510 1126 3577 ἐξ
1170 3512 1341 3570 ἐθνῶν
1370 3517 1535 3571 πάλαι
1572 3520 1836 3593 πρότερον
1857 3518 1926 3594 ἦν

2034 3517 2222 3571 multis
2243 3531 2382 3586 opus
2429 3515 2776 3571 sermonibus
2819 3522 2904 3570 est
2948 3515 3017 3570 ad
3063 3515 3453 3572 declarandum
3508 3531 3620 3589 quo

345 3595 728 3688 μεμοχθηκυῖα
761 3600 946 3662 πόνοις
991 3604 1087 3657 καὶ
1135 3605 1357 3679 μόχθοις
1399 3609 1498 3682 τῆς
1539 3612 1923 3688 είδωλολάτρου

340 3684 554 3780 πλανης
588 3693 1048 3762 καταπονηθεὴα·
1080 3697 1426 3771 ἀσθενήσασά
1461 3721 1518 3756 τε
1545 3699 1614 3776 ἦν
1645 3707 1725 3770 είς
1753 3684 1923 3780 ὑπερ-

342 3775 527 3870 ϐολήν,
561 3779 638 3843 ob;
663 3782 936 3854 μηδεμίαν
968 3787 1026 3839 ὲν
1052 3788 1188 3861 αὐτῇ
1215 3775 1641 3865 καταλειφθῆναι
1671 3775 1920 3870 δύναμιν.

524 3872 807 3927 ἀναλαϐὼν
846 3879 1016 3950 αὐτὴν
1049 3881 1078 3934 6
1109 3881 1299 3956 Σωτὴρ
1333 3885 1701 3958 κατηρτίσατο
1727 3890 1919 3962 αὐτὴν,

339 3961 574 4032 ἔδρασας
617 3965 711 4019 ἐπὶ
753 3967 849 4040 τὴν
895 3970 1099 4044 πέτραν
1146 3973 1243 4046 τὴν
1289 3976 1507 4049 ἀρραγῆ
1546 3980 1639 4033 καὶ
1671 3961 1920 4037 ἄσειστον

335 4054 462 4147 τῆςΔ
485 4056 647 4112 αύτοῦ
682 4061 936 4127 πίστεως·
967 4064 995 4117 6
1033 4064 1097 4137 δὴ
1143 4067 1236 4120 καὶ
1277 4069 1641 4141 ἐπηγγείλατο
1670 4076 1919 4147 ποιήσειν

334 4144 528 4200 εἰπών’
563 4168 581 4200 ι
634 4151 757 4205 Ἐπὶ
781 4152 881 4225 τὴν
906 4154 1112 4228 πέτραν
1141 4158 1480 4231 οἰκοδομήσω
1520 4180 1620 4234 μου
1649 4165 1749 4236 τὴν
1787 4144 1916 4224 Ἕκ-

335 4239 584 4310 κλησίαν·
623 4246 720 4300 καὶ
751 4246 914 4302 πύλαι
944 4249 1070 4320 ᾅδου
1104 4253 1166 4306 οὐ
1201 4256 1620 4326 κατισχύσουσιν
1654 4261 1846 4332 αὐτῆς.
1891 4281 1911 4316 ι

342 4331 612 4405 Ἐδράσας
636 4337 692 4392 δὲ
718 4339 890 4412 αὐτὴν
919 4343 1013 4396 καὶ
1041 4348 1532 4420 καταρτισάμενος,
1555 4351 1624 4406 τὰ
1649 4351 1762 4418 ζῶα
1787 4331 1916 4416 εαυ-

329 4423 424 4478 τοῦ
473 4427 776 4499 κατῴκισεν
819 4435 878 4487 ὲν
918 4435 1078 4508 αὐτῇ.
1114 4436 1238 4492 Ζῶα
1273 4439 1330 4493 δὲ
1370 4441 1491 4496 τίνα
1513 4443 1580 4496 ἂν
1612 4445 1786 4510 εἴποις
1817 4445 1912 4501 τοῦ

2029 3619 2194 3679 pacto
2222 3609 2467 3680 gentium
2502 3607 2748 3664 Ecclesia
2799 3608 3009 3679 pridem
3037 3608 3274 3674 defessa,
3305 3609 3618 3665 laboribus-

2031 3715 2140 3769 que
2166 3699 2376 3754 erroris
2411 3697 2682 3754 idolorum
2717 3699 2967 3754 confecta
3001 3707 3168 3762 esset.
3204 3715 3269 3754 ac
3301 3715 3468 3770 supra
3497 3716 3616 3754 mo-

2031 3791 2417 3855 duminﬁrma,
2448 3797 2508 3844 ut
2539 3791 2690 3845 nulla
2750 3791 2856 3861 ipsi
2915 3791 3094 3846 virtus
3147 3797 3481 3863 superesset.
3509 3789 3618 3846 Sed

2030 3885 2202 3955 ipsam
2239 3884 2512 3941 Servator
2539 3891 2854 3954 susceptam
2900 3883 3151 3954 perfecit,
3186 3885 3350 3955 inque
3375 3884 3532 3939 firma
3559 3892 3618 3940 et

2030 3975 2252 4032 immota
2279 3987 2434 4047 petra
2494 3978 2619 4032 fidei
2660 3992 2774 4032 sua:
2840 3975 3131 4031 fundavit:
3163 3977 3309 4047 quod
3347 3991 3408 4031 se
3441 3975 3619 4032 factu-

2027 4084 2148 4123 rum
2185 4070 2471 4140 pollicitus
2507 4077 2626 4126 erat
2659 4070 2891 4125 dicens:
2930 4087 2948 4120 ο
2990 4068 3164 4140 Supra
3203 4078 3410 4140 petram
3443 4069 3614 4125 aedili-

2025 4159 2163 4214 cabo
2211 4158 2511 4215 Ecclesiam
2547 4175 2748 4223 meam,
2781 4167 2836 4215 et
2869 4167 3040 4232 portae
3081 4161 3241 4214 inferi
3271 4175 3379 4215 non
3413 4175 3617 4230 praeva-

2024 4253 2215 4308 lebunt
2246 4252 2514 4309 adversus
2541 4268 2682 4309 eam.
2719 4254 2786 4307 ¹¹.
2827 4272 2845 4306 ι
2872 4253 3172 4324 Postquam
3213 4267 3346 4308 vero
3368 4251 3617 4310 fundavit

2022 4355 2077 4402 et
2104 4345 2335 4418 perfecit
2365 4387 2379 4412 ,
2415 4345 2677 4400 animalia
2717 4359 2816 4400 sua
2841 4344 3090 4400 habitare
3127 4344 3252 4400 fecit
3284 4346 3340 4400 in
3371 4360 3457 4402 ea.
3482 4344 3616 4402 Ani-

2021 4439 2183 4494 malia
2213 4455 2343 4495 vero
2384 4438 2477 4493 Dei
2509 4452 2630 4509 quae
2676 4437 2883 4494 dixeris
2912 4453 3055 4503 esse,
3091 4438 3200 4493 nisi
3233 4439 3448 4496 anlmas
3499 4441 3612 4495 vita

327 4517 522 4630 ςεοῦἢ
552 4521 745 4630 τὰςοὲκ
786 4525 888 4598 τῆς
929 4531 1058 4600 παρ’
1091 4529 1240 4602 αὐτῷ
1283 4532 1428 4605 ζωῆς
1469 4536 1777 4609 ἁρυομένας
1811 4541 1906 4594 καὶ

2034 4547 2142 4602 qua:
2172 4531 2314 4602 apud
2346 4530 2524 4601 ipsum
2555 4539 2658 4594 est,
2685 4530 2986 4586 instructas
3015 4538 3068 4586 et
3098 4529 3445 4587 donatas‘iEt
3470 4531 3586 4588 haec

327 4607 766 4685 ζωοποιουμένας
815 4619 1022 4692 ψυχάς
1075 4624 1187 4678 Καὶ
1236 4624 1409 4680 ταῦτα
1452 4607 1660 4694 πάντα,
1708 4607 1947 4704 (malm:

332 4722 352 4796 ι
386 4706 690 4796 ἡτοίμασας
733 4731 752 4762 ι
793 4711 879 4767 διὰ
907 4716 1006 4787 τῆς
1054 4717 1154 4789 σῆς
1195 4720 1561 4796 χρηστότητος
1597 4725 1691 4777 καὶ
1714 4725 1905 4796 φιλαν-

327 4791 652 4869 θρωπίας,ἥ
683 4799 772 4854 διὰ
811 4820 830 4854 ι
871 4803 970 4874 τῆς
1000 4806 1101 4877 σῆς
1135 4791 1513 4882 ἀγαθωσύνης,
1553 4831 1571 4864 ι
1598 4791 1739 4870 κατᾶ
1778 4819 1906 4883 τοὺς

323 4884 545 4979 λοιποὺς
585 4891 954 4965 ὲρμηνευτὰς,
993 4917 1011 4950 ι
1057 4898 1135 4970 τῷ
1175 4901 1396 4974 πτωχῷ.
1433 4923 1453 4956 ι
1487 4905 1708 4979 Πτωχὸν
1735 4909 1791 4962 δὲ
1823 4911 1908 4964 ὲν-

322 4976 496 5072 ταύθα
530 4981 767 5055 κέκληκε
798 4989 1078 5057 μυστικῶς
1119 4992 1208 5046 τὸν
1240 4994 1388 5054 κατὰ¹
1412 4996 1590 5068 σάρκα
1615 4976 1904 5072 ἀνθρώπον

321 5069 700 5163 τοῦνΣωτῆρος
728 5077 906 5149 ήμῶν,
933 5081 992 5145 ὃς
1027 5100 1047 5133 ς
1087 5084 1343 5151 πλούσιος
1375 5086 1453 5140 ὣν
1495 5089 1803 5163 ἑπτώχευσε
1836 5094 1902 5148 δι’

529 5164 802 5254 ἵναγήμεῖς
834 5172 1095 5250 τεῇ-αύτοῦ
1137 5177 1380 5250 πτωχείᾳ
1420 5162 1829 5254 πλουτήσωμεν.
1878 5203 1898 5238 ι

333 5248 550 5322 Ἐδήλου
595 5253 653 5306 δὲ
693 5257 856 5311 αὑτοῦ
907 5248 1020 5332 τὴν·
1052 5248 1323 5338 πτωχείαν
1357 5248 1460 5322 καὶ
1501 5248 1664 5335 αὺτδς
1707 5248 1902 5341 λέγων·

328 5360 346 5390 ι
379 5341 597 5438 Miiller:
625 5345 720 5398 ἀπ’
759 5348 893 5420 ἐμοῦ
913 5391 927 5416 ,
960 5353 1042 5407 ὅτι
1080 5359 1252 5429 πρᾶός
1284 5362 1398 5432 εἰμι
1427 5363 1521 5416 καὶ
1546 5364 1800 5430 ταπεινὸς
1830 5367 1896 5438 τῇ

321 5432 538 5530 καρδίᾳ.
569 5455 616 5530 -ι
662 5438 850 5530 Τούτῳ
880 5439 973 5497 οὖν
1003 5446 1082 5519 τῷ
1110 5451 1311 5524 πτωχῷ
1348 5455 1377 5508 6
1413 5453 1545 5519 Θεὸς
1586 5457 1681 5510 καὶ
1711 5432 1901 5530 Πατὴρ

319 5521 486 5576 αὐτοῦ
531 5527 597 5597 τῇ
638 5527 802 5583 αὑτοῦ
832 5521 1338 5612 φιλανθρωπίανκαὶ
1382 5544 1708 5618 χρηστότητι
1752 5521 1902 5618 ητοῖ-

399 5707 615 5800 ':‘l.’sal.
669 5729 730 5782 ιι,
771 5717 820 5783 7,
855 5720 908 5774 8.
991 5719 1198 5778 “Psal.
1252 5740 1400 5791 Lm,
1433 5725 1482 5782 6.
1565 5731 1608 5762 ³ο
1638 5723 1802 5788 Marc.
1840 5751 1891 5800 κ,
1927 5734 1978 5791 5.
2057 5736 2099 5769 "
2132 5732 2320 5789 Mallll-
2362 5752 2452 5800 XV.
2492 5735 2579 5792 i8-

321 5790 396 5842 m,
426 5778 514 5836 9.9.

2013 4622 2211 4694 inquit,
2244 4621 2428 4677 omnia
2459 4637 2558 4692 per
2573 4621 2916 4676 dulcedinem
2931 4629 2984 4676 et
3012 4622 3410 4711 immanitatem
3432 4611 3611 4707 tuam:

2012 4717 2128 4772 sive
2170 4731 2270 4786 per
2299 4735 2319 4768 ι
2349 4715 2652 4771 bonitatem
2687 4720 2838 4768 tuam
2863 4733 2882 4767 ι
2917 4714 3220 4770 secundum
3253 4717 3498 4788 reliquos
3521 4718 3611 4773 in.

2011 4817 2300 4882 terpretes,
2319 4826 2338 4860 ι
2364 4809 2593 4880 pauperi
2624 4807 2864 4879 parasti.
2893 4827 2912 4860 ι
2931 4806 3238 4879 Pauperem
3275 4809 3364 4865 hic
3379 4811 3612 4882 mystice

2013 4914 2172 4960 vocat
2199 4902 2475 4957 hominem
2501 4899 2806 4956 Salvatoris
2833 4901 3011 4957 nostri
3036 4902 3336 4958 secundum
3361 4917 3605 4969 carnem,

2014 4995 2107 5065 qui
2137 5014 2154 5046 ι
2187 5009 2312 5048 cum
2338 4993 2490 5049 dives
2511 5002 2677 5059 esset,
2694 5009 2900 5065 egenus
2927 5001 3151 5065 propter
3172 5010 3274 5050 nos
3296 4993 3472 5052 factus
3497 5004 3606 5061 est,

2013 5097 2073 5142 ut
2106 5103 2209 5143 nos
2241 5087 2362 5157 ejus
2403 5086 2589 5157 inopia
2619 5085 2820 5142 divites
2845 5102 3098 5143 essemus
3125 5089 3194 5142 ²¹.
3237 5107 3254 5140 ι
3280 5088 3446 5143 Suam
3478 5104 3608 5146 vero

2012 5181 2130 5252 ipse
2159 5180 2396 5252 inopiam
2429 5181 2514 5234 his
2547 5179 2733 5235 verbis
2763 5178 3063 5234 declaravit
3091 5197 3104 5232 :
3140 5198 3160 5231 ‹
3197 5178 3403 5237 Discite
3428 5196 3459 5236 a
3493 5196 3602 5250 me,

2015 5273 2145 5346 quia
2176 5273 2326 5328 mitis
2360 5287 2482 5328 sum
2535 5279 2593 5327 et
2635 5271 2860 5327 humilis
2885 5272 3051 5327 corde
3085 5271 3153 5326 “.
3193 5291 3213 5326 ι
3261 5269 3404 5328 I-luic
3435 5274 3604 5346 igitur

2007 5365 2234 5443 pauperi
2273 5363 2418 5420 Deus
2439 5371 2492 5420 et
2522 5363 2684 5419 Pater
2705 5365 2825 5435 ejus
2845 5365 3182 5421 humanitate
3214 5380 3279 5420 ac
3309 5366 3604 5426 dulcedine

2006 5474 2106 5517 sua
2135 5455 2399 5530 praedicta
2422 5457 2607 5510 omnia
2662 5457 3027 5529 praeparavit;
3076 5456 3327 5514 videlicet
3356 5458 3596 5529 pluviam

2007 5550 2404 5615 voluntariam,
2447 5549 2729 5621 praefatam
2767 5549 3140 5630 limrcditatem
3189 5557 3245 5605 et
3295 5563 3596 5608 memorata

2693 5738 2740 5769 ²²
2772 5736 2815 5791 ll
2843 5737 2970 5795 Cor.
3002 5752 3118 5802 vin,
3158 5737 3210 5792 9.
3327 5739 3374 5770 ’³
3400 5739 3588 5794 Matth.
