  <div class='ocr_page' id='page_1' title='image "/cluster/home/n/w/nwhite01/storage/ocr_20150623/23/hvd.32044073501124/355.png"; bbox 0 0 4086 6442; ppageno 0'>
   <div class='ocr_carea' id='block_1_1' title="bbox 473 415 580 471">
    <p class='ocr_par' dir='ltr' id='par_1_1' title="bbox 473 415 580 471">
     <span class='ocr_line' id='line_1_1' title="bbox 473 415 580 471; baseline 0.019 -2"><span class='ocrx_word' id='word_1_1' title='bbox 473 415 580 471; x_wconf 74' lang='lat'><strong>635</strong></span> 
     </span>
    </p>
   </div>
   <div class='ocr_carea' id='block_1_2' title="bbox 1155 349 3789 468">
    <p class='ocr_par' dir='ltr' id='par_1_2' title="bbox 1155 349 3789 468">
     <span class='ocr_line' id='line_1_2' title="bbox 1155 349 3789 468; baseline -0.003 -1"><span class='ocrx_word' id='word_1_2' title='bbox 1155 411 1407 468; x_wconf 67' lang='lat' dir='ltr'><strong>rusus“</strong></span> <span class='ocrx_word' id='word_1_3' title='bbox 1431 349 1968 466; x_wconf 45' lang='lat' dir='ltr'><strong>cmSAR‘ENsxs</strong></span> <span class='ocrx_word' id='word_1_4' title='bbox 2007 400 2160 466; x_wconf 70' lang='lat' dir='ltr'><strong>opp.</strong></span> <span class='ocrx_word' id='word_1_5' title='bbox 2201 410 2382 465; x_wconf 61' lang='lat' dir='ltr'><strong>rans</strong></span> <span class='ocrx_word' id='word_1_6' title='bbox 2417 408 2504 466; x_wconf 75' lang='grc' dir='ltr'>ιιι.</span> <span class='ocrx_word' id='word_1_7' title='bbox 2547 439 2615 450; x_wconf 79' lang='grc'><strong><em>-</em></strong></span> <span class='ocrx_word' id='word_1_8' title='bbox 2653 409 3073 466; x_wconf 72' lang='lat' dir='ltr'><strong>EXEGETICA.</strong></span> <span class='ocrx_word' id='word_1_9' title='bbox 3693 403 3789 460; x_wconf 73' lang='grc' dir='ltr'><strong>εει</strong></span> 
     </span>
    </p>
   </div>
   <div class='ocr_carea' id='block_1_3' title="bbox 477 502 2054 601">
    <p class='ocr_par' dir='ltr' id='par_1_3' title="bbox 477 502 2054 601">
     <span class='ocr_line' id='line_1_3' title="bbox 477 502 2054 601; baseline -0.004 -14"><span class='ocrx_word' id='word_1_10' title='bbox 477 533 754 588; x_wconf 76' lang='lat' dir='ltr'><strong>animalia.</strong></span> <span class='ocrx_word' id='word_1_11' title='bbox 790 531 1152 599; x_wconf 76' lang='lat' dir='ltr'><strong>Quamobrem</strong></span> <span class='ocrx_word' id='word_1_12' title='bbox 1205 539 1326 601; x_wconf 87' lang='lat' dir='ltr'><strong>post</strong></span> <span class='ocrx_word' id='word_1_13' title='bbox 1370 530 1484 585; x_wconf 77' lang='lat' dir='ltr'><strong>haec</strong></span> <span class='ocrx_word' id='word_1_14' title='bbox 1521 502 1721 584; x_wconf 58' lang='lat' dir='ltr'><strong>omnia</strong></span> <span class='ocrx_word' id='word_1_15' title='bbox 1750 518 2054 584; x_wconf 61' lang='lat' dir='ltr'><strong>infertur:</strong></span> 
     </span>
    </p>
   </div>
   <div class='ocr_carea' id='block_1_4' title="bbox 2154 502 3791 601">
    <p class='ocr_par' dir='ltr' id='par_1_4' title="bbox 2172 522 3791 601">
     <span class='ocr_line' id='line_1_4' title="bbox 2172 522 3791 601; baseline -0.006 -17"><span class='ocrx_word' id='word_1_16' title='bbox 2172 547 2312 601; x_wconf 86' lang='grc' dir='ltr'>μασε</span> <span class='ocrx_word' id='word_1_17' title='bbox 2360 529 2428 584; x_wconf 75' lang='grc' dir='ltr'>τὰ</span> <span class='ocrx_word' id='word_1_18' title='bbox 2473 527 2843 600; x_wconf 84' lang='grc' dir='ltr'>προλεχθέντα</span> <span class='ocrx_word' id='word_1_19' title='bbox 2873 530 3071 582; x_wconf 72' lang='grc' dir='ltr'>πάνταο</span> <span class='ocrx_word' id='word_1_20' title='bbox 3103 525 3264 596; x_wconf 66' lang='grc' dir='ltr'>λέγων</span> <span class='ocrx_word' id='word_1_21' title='bbox 3305 523 3376 580; x_wconf 74' lang='grc' dir='ltr'>δὲ</span> <span class='ocrx_word' id='word_1_22' title='bbox 3409 522 3522 593; x_wconf 77' lang='grc' dir='ltr'>τὴν</span> <span class='ocrx_word' id='word_1_23' title='bbox 3550 522 3791 576; x_wconf 75' lang='grc' dir='ltr'>ἑκούσιον</span> 
     </span>
    </p>
   </div>
   <div class='ocr_carea' id='block_1_5' title="bbox 483 613 2062 692">
    <p class='ocr_par' dir='ltr' id='par_1_5' title="bbox 483 613 2062 692">
     <span class='ocr_line' id='line_1_5' title="bbox 483 613 2062 692; baseline 0 -16"><span class='ocrx_word' id='word_1_24' title='bbox 483 644 502 676; x_wconf 78' lang='grc' dir='ltr'><strong>ι</strong></span> <span class='ocrx_word' id='word_1_25' title='bbox 525 621 738 678; x_wconf 83' lang='lat' dir='ltr'><strong>Parasti</strong></span> <span class='ocrx_word' id='word_1_26' title='bbox 763 622 819 677; x_wconf 92' lang='lat' dir='ltr'><strong>in</strong></span> <span class='ocrx_word' id='word_1_27' title='bbox 852 621 1142 677; x_wconf 87' lang='lat' dir='ltr'><strong>dulcedine</strong></span> <span class='ocrx_word' id='word_1_28' title='bbox 1187 629 1284 675; x_wconf 90' lang='lat' dir='ltr'><strong>tua</strong></span> <span class='ocrx_word' id='word_1_29' title='bbox 1307 621 1552 692; x_wconf 84' lang='lat' dir='ltr'><strong>pauperi.</strong></span> <span class='ocrx_word' id='word_1_30' title='bbox 1603 613 1884 678; x_wconf 76' lang='lat' dir='ltr'><strong>Dominus</strong></span> <span class='ocrx_word' id='word_1_31' title='bbox 1909 621 2062 677; x_wconf 98' lang='lat' dir='ltr'><strong>dabit</strong></span> 
     </span>
    </p>
   </div>
   <div class='ocr_carea' id='block_1_6' title="bbox 475 712 2065 785">
    <p class='ocr_par' dir='ltr' id='par_1_6' title="bbox 475 712 2065 785">
     <span class='ocr_line' id='line_1_6' title="bbox 475 712 2065 785; baseline 0 -17"><span class='ocrx_word' id='word_1_32' title='bbox 475 714 704 771; x_wconf 85' lang='lat' dir='ltr'><strong>verbum</strong></span> <span class='ocrx_word' id='word_1_33' title='bbox 730 713 1234 785; x_wconf 74' lang='lat' dir='ltr'><strong>evangelizantibus</strong></span> <span class='ocrx_word' id='word_1_34' title='bbox 1264 713 1464 768; x_wconf 88' lang='lat' dir='ltr'><strong>virtute</strong></span> <span class='ocrx_word' id='word_1_35' title='bbox 1495 713 1691 768; x_wconf 82' lang='lat' dir='ltr'><strong>multa.</strong></span> <span class='ocrx_word' id='word_1_36' title='bbox 1731 729 1752 764; x_wconf 73' lang='grc' dir='ltr'><strong>ι</strong></span> <span class='ocrx_word' id='word_1_37' title='bbox 1785 712 1916 770; x_wconf 64' lang='lat' dir='ltr'><strong>Haec</strong></span> <span class='ocrx_word' id='word_1_38' title='bbox 1935 723 2065 769; x_wconf 87' lang='lat' dir='ltr'><strong>sunt</strong></span> 
     </span>
    </p>
   </div>
   <div class='ocr_carea' id='block_1_7' title="bbox 476 803 2064 880">
    <p class='ocr_par' dir='ltr' id='par_1_7' title="bbox 476 803 2064 880">
     <span class='ocr_line' id='line_1_7' title="bbox 476 803 2064 880; baseline -0.001 -18"><span class='ocrx_word' id='word_1_39' title='bbox 476 806 737 876; x_wconf 67' lang='lat' dir='ltr'><strong>praeclara</strong></span> <span class='ocrx_word' id='word_1_40' title='bbox 767 803 984 880; x_wconf 69' lang='lat' dir='ltr'><strong>Domini</strong></span> <span class='ocrx_word' id='word_1_41' title='bbox 1028 819 1219 875; x_wconf 83' lang='lat' dir='ltr'><strong>opera,</strong></span> <span class='ocrx_word' id='word_1_42' title='bbox 1252 805 1346 874; x_wconf 87' lang='lat' dir='ltr'><strong>qui</strong></span> <span class='ocrx_word' id='word_1_43' title='bbox 1406 807 1656 862; x_wconf 75' lang='lat' dir='ltr'><strong>ascendit</strong></span> <span class='ocrx_word' id='word_1_44' title='bbox 1686 822 1856 879; x_wconf 84' lang='lat' dir='ltr'><strong>super</strong></span> <span class='ocrx_word' id='word_1_45' title='bbox 1901 823 2064 864; x_wconf 81' lang='lat' dir='ltr'><strong>occa-</strong></span> 
     </span>
    </p>
   </div>
   <div class='ocr_carea' id='block_1_8' title="bbox 477 896 2061 972">
    <p class='ocr_par' dir='ltr' id='par_1_8' title="bbox 477 896 2061 972">
     <span class='ocr_line' id='line_1_8' title="bbox 477 896 2061 972; baseline -0.001 -17"><span class='ocrx_word' id='word_1_46' title='bbox 477 914 620 955; x_wconf 75' lang='lat' dir='ltr'><strong>sum.</strong></span> <span class='ocrx_word' id='word_1_47' title='bbox 648 897 919 967; x_wconf 78' lang='lat' dir='ltr'><strong>Quoniam</strong></span> <span class='ocrx_word' id='word_1_48' title='bbox 951 913 1084 953; x_wconf 83' lang='lat' dir='ltr'><strong>vero</strong></span> <span class='ocrx_word' id='word_1_49' title='bbox 1114 911 1178 953; x_wconf 89' lang='lat' dir='ltr'><strong>ea</strong></span> <span class='ocrx_word' id='word_1_50' title='bbox 1207 896 1467 954; x_wconf 85' lang='lat' dir='ltr'><strong>omnibus</strong></span> <span class='ocrx_word' id='word_1_51' title='bbox 1494 898 1769 954; x_wconf 83' lang='lat' dir='ltr'><strong>declarari</strong></span> <span class='ocrx_word' id='word_1_52' title='bbox 1795 899 2061 972; x_wconf 79' lang='lat' dir='ltr'><strong>oportuit,</strong></span> 
     </span>
    </p>
   </div>
   <div class='ocr_carea' id='block_1_9' title="bbox 477 988 2064 1062">
    <p class='ocr_par' dir='ltr' id='par_1_9' title="bbox 477 988 2064 1062">
     <span class='ocr_line' id='line_1_9' title="bbox 477 988 2064 1062; baseline 0 -16"><span class='ocrx_word' id='word_1_53' title='bbox 477 991 531 1046; x_wconf 96' lang='lat' dir='ltr'><strong>id</strong></span> <span class='ocrx_word' id='word_1_54' title='bbox 553 989 719 1047; x_wconf 89' lang='lat' dir='ltr'><strong>etiam</strong></span> <span class='ocrx_word' id='word_1_55' title='bbox 755 991 876 1062; x_wconf 88' lang='lat' dir='ltr'><strong>ipse</strong></span> <span class='ocrx_word' id='word_1_56' title='bbox 931 988 1198 1046; x_wconf 86' lang='lat' dir='ltr'><strong>Dominus</strong></span> <span class='ocrx_word' id='word_1_57' title='bbox 1249 997 1374 1060; x_wconf 89' lang='lat' dir='ltr'><strong>post</strong></span> <span class='ocrx_word' id='word_1_58' title='bbox 1393 990 1604 1060; x_wconf 86' lang='lat' dir='ltr'><strong>reliqua</strong></span> <span class='ocrx_word' id='word_1_59' title='bbox 1648 992 1833 1047; x_wconf 82' lang='lat' dir='ltr'><strong>omnia</strong></span> <span class='ocrx_word' id='word_1_60' title='bbox 1877 992 2064 1049; x_wconf 72' lang='lat' dir='ltr'><strong>edicit.</strong></span> 
     </span>
    </p>
   </div>
   <div class='ocr_carea' id='block_1_10' title="bbox 475 1081 2062 1158">
    <p class='ocr_par' dir='ltr' id='par_1_10' title="bbox 475 1081 2062 1158">
     <span class='ocr_line' id='line_1_10' title="bbox 475 1081 2062 1158; baseline 0.003 -20"><span class='ocrx_word' id='word_1_61' title='bbox 475 1082 758 1152; x_wconf 80' lang='lat' dir='ltr'><strong>Quomodo</strong></span> <span class='ocrx_word' id='word_1_62' title='bbox 805 1089 864 1138; x_wconf 82' lang='lat' dir='ltr'><strong>et</strong></span> <span class='ocrx_word' id='word_1_63' title='bbox 903 1099 1012 1154; x_wconf 82' lang='lat' dir='ltr'><strong>qua</strong></span> <span class='ocrx_word' id='word_1_64' title='bbox 1041 1083 1302 1138; x_wconf 85' lang='lat' dir='ltr'><strong>ratione?</strong></span> <span class='ocrx_word' id='word_1_65' title='bbox 1330 1081 1659 1140; x_wconf 85' lang='lat' dir='ltr'><strong>Hominibus</strong></span> <span class='ocrx_word' id='word_1_66' title='bbox 1706 1086 1930 1156; x_wconf 87' lang='lat' dir='ltr'><strong>quidem</strong></span> <span class='ocrx_word' id='word_1_67' title='bbox 1969 1089 2062 1158; x_wconf 90' lang='lat' dir='ltr'><strong>qui</strong></span> 
     </span>
    </p>
   </div>
   <div class='ocr_carea' id='block_1_11' title="bbox 475 1175 2064 1248">
    <p class='ocr_par' dir='ltr' id='par_1_11' title="bbox 475 1175 2064 1248">
     <span class='ocr_line' id='line_1_11' title="bbox 475 1175 2064 1248; baseline 0.002 -17"><span class='ocrx_word' id='word_1_68' title='bbox 475 1191 575 1231; x_wconf 88' lang='lat' dir='ltr'><strong>nec</strong></span> <span class='ocrx_word' id='word_1_69' title='bbox 598 1175 880 1246; x_wconf 91' lang='lat' dir='ltr'><strong>proprium</strong></span> <span class='ocrx_word' id='word_1_70' title='bbox 905 1176 1132 1231; x_wconf 83' lang='lat' dir='ltr'><strong>verbum</strong></span> <span class='ocrx_word' id='word_1_71' title='bbox 1161 1192 1264 1231; x_wconf 83' lang='lat' dir='ltr'><strong>nec</strong></span> <span class='ocrx_word' id='word_1_72' title='bbox 1294 1176 1572 1246; x_wconf 83' lang='lat' dir='ltr'><strong>propriam</strong></span> <span class='ocrx_word' id='word_1_73' title='bbox 1601 1178 1930 1248; x_wconf 81' lang='lat' dir='ltr'><strong>sapientiam</strong></span> <span class='ocrx_word' id='word_1_74' title='bbox 1965 1179 2064 1234; x_wconf 81' lang='lat' dir='ltr'><strong>ba-</strong></span> 
     </span>
    </p>
   </div>
   <div class='ocr_carea' id='block_1_12' title="bbox 474 1268 2064 1343">
    <p class='ocr_par' dir='ltr' id='par_1_12' title="bbox 474 1268 2064 1343">
     <span class='ocr_line' id='line_1_12' title="bbox 474 1268 2064 1343; baseline 0.002 -19"><span class='ocrx_word' id='word_1_75' title='bbox 474 1271 624 1334; x_wconf 83' lang='lat' dir='ltr'><strong>bent,</strong></span> <span class='ocrx_word' id='word_1_76' title='bbox 651 1268 747 1325; x_wconf 89' lang='lat' dir='ltr'><strong>sed</strong></span> <span class='ocrx_word' id='word_1_77' title='bbox 777 1268 872 1340; x_wconf 92' lang='lat' dir='ltr'><strong>qui</strong></span> <span class='ocrx_word' id='word_1_78' title='bbox 907 1269 1136 1324; x_wconf 88' lang='lat' dir='ltr'><strong>omnino</strong></span> <span class='ocrx_word' id='word_1_79' title='bbox 1198 1271 1365 1326; x_wconf 89' lang='lat' dir='ltr'><strong>rudes</strong></span> <span class='ocrx_word' id='word_1_80' title='bbox 1391 1271 1730 1327; x_wconf 87' lang='lat' dir='ltr'><strong>etineruditi</strong></span> <span class='ocrx_word' id='word_1_81' title='bbox 1757 1279 1908 1336; x_wconf 88' lang='lat' dir='ltr'><strong>sunt,</strong></span> <span class='ocrx_word' id='word_1_82' title='bbox 1945 1272 2064 1343; x_wconf 88' lang='lat' dir='ltr'><strong>ipse</strong></span> 
     </span>
    </p>
   </div>
   <div class='ocr_carea' id='block_1_13' title="bbox 472 1359 2061 1432">
    <p class='ocr_par' dir='ltr' id='par_1_13' title="bbox 472 1359 2061 1432">
     <span class='ocr_line' id='line_1_13' title="bbox 472 1359 2061 1432; baseline 0 -18"><span class='ocrx_word' id='word_1_83' title='bbox 472 1361 700 1415; x_wconf 83' lang='lat' dir='ltr'><strong>verbum</strong></span> <span class='ocrx_word' id='word_1_84' title='bbox 750 1359 1126 1432; x_wconf 87' lang='lat' dir='ltr'><strong>suppeditabit</strong></span> <span class='ocrx_word' id='word_1_85' title='bbox 1170 1362 1390 1432; x_wconf 87' lang='lat' dir='ltr'><strong>plenum</strong></span> <span class='ocrx_word' id='word_1_86' title='bbox 1451 1362 1812 1417; x_wconf 85' lang='lat' dir='ltr'><strong>inenarrabili</strong></span> <span class='ocrx_word' id='word_1_87' title='bbox 1840 1362 2061 1416; x_wconf 86' lang='lat' dir='ltr'><strong>virtute.</strong></span> 
     </span>
    </p>
   </div>
   <div class='ocr_carea' id='block_1_14' title="bbox 470 1450 2068 1521">
    <p class='ocr_par' dir='ltr' id='par_1_14' title="bbox 470 1450 2068 1521">
     <span class='ocr_line' id='line_1_14' title="bbox 470 1450 2068 1521; baseline -0.001 -17"><span class='ocrx_word' id='word_1_88' title='bbox 470 1450 578 1521; x_wconf 86' lang='lat' dir='ltr'><strong>Ipsi</strong></span> <span class='ocrx_word' id='word_1_89' title='bbox 637 1466 768 1506; x_wconf 86' lang='lat' dir='ltr'><strong>vero</strong></span> <span class='ocrx_word' id='word_1_90' title='bbox 805 1451 1052 1507; x_wconf 87' lang='lat' dir='ltr'><strong>roborati</strong></span> <span class='ocrx_word' id='word_1_91' title='bbox 1100 1459 1155 1508; x_wconf 87' lang='lat' dir='ltr'><strong>et</strong></span> <span class='ocrx_word' id='word_1_92' title='bbox 1211 1454 1415 1508; x_wconf 88' lang='lat' dir='ltr'><strong>tradito</strong></span> <span class='ocrx_word' id='word_1_93' title='bbox 1459 1455 1567 1510; x_wconf 87' lang='lat' dir='ltr'><strong>sibi</strong></span> <span class='ocrx_word' id='word_1_94' title='bbox 1621 1454 1788 1510; x_wconf 90' lang='lat' dir='ltr'><strong>verbo</strong></span> <span class='ocrx_word' id='word_1_95' title='bbox 1841 1453 2068 1521; x_wconf 72' lang='lat' dir='ltr'><strong>diserti,</strong></span> 
     </span>
    </p>
   </div>
   <div class='ocr_carea' id='block_1_15' title="bbox 470 1542 2066 1612">
    <p class='ocr_par' dir='ltr' id='par_1_15' title="bbox 470 1542 2066 1612">
     <span class='ocr_line' id='line_1_15' title="bbox 470 1542 2066 1612; baseline 0.001 -16"><span class='ocrx_word' id='word_1_96' title='bbox 470 1557 749 1612; x_wconf 65' lang='lat' dir='ltr'><strong>praecones</strong></span> <span class='ocrx_word' id='word_1_97' title='bbox 780 1542 1054 1599; x_wconf 85' lang='lat' dir='ltr'><strong>bonorum</strong></span> <span class='ocrx_word' id='word_1_98' title='bbox 1108 1545 1279 1599; x_wconf 84' lang='lat' dir='ltr'><strong>totius</strong></span> <span class='ocrx_word' id='word_1_99' title='bbox 1310 1545 1504 1600; x_wconf 89' lang='lat' dir='ltr'><strong>mundi</strong></span> <span class='ocrx_word' id='word_1_100' title='bbox 1557 1546 1985 1607; x_wconf 81' lang='lat' dir='ltr'><strong>constituentur,</strong></span> <span class='ocrx_word' id='word_1_101' title='bbox 2007 1553 2066 1598; x_wconf 89' lang='lat' dir='ltr'><strong>ut</strong></span> 
     </span>
    </p>
   </div>
   <div class='ocr_carea' id='block_1_16' title="bbox 471 1625 2066 1706">
    <p class='ocr_par' dir='ltr' id='par_1_16' title="bbox 471 1625 2066 1706">
     <span class='ocr_line' id='line_1_16' title="bbox 471 1625 2066 1706; baseline 0.003 -18"><span class='ocrx_word' id='word_1_102' title='bbox 471 1633 772 1692; x_wconf 80' lang='lat' dir='ltr'><strong>memOrata</strong></span> <span class='ocrx_word' id='word_1_103' title='bbox 807 1625 1127 1694; x_wconf 68' lang='lat' dir='ltr'><strong>Hominibus</strong></span> <span class='ocrx_word' id='word_1_104' title='bbox 1180 1639 1442 1694; x_wconf 89' lang='lat' dir='ltr'><strong>omnibus</strong></span> <span class='ocrx_word' id='word_1_105' title='bbox 1495 1640 1846 1696; x_wconf 87' lang='lat' dir='ltr'><strong>annuntient.</strong></span> <span class='ocrx_word' id='word_1_106' title='bbox 1884 1639 2066 1706; x_wconf 82' lang='lat' dir='ltr'><strong>Quare</strong></span> 
     </span>
    </p>
   </div>
   <div class='ocr_carea' id='block_1_17' title="bbox 469 1725 2064 1804">
    <p class='ocr_par' dir='ltr' id='par_1_17' title="bbox 469 1725 2064 1804">
     <span class='ocr_line' id='line_1_17' title="bbox 469 1725 2064 1804; baseline 0.003 -22"><span class='ocrx_word' id='word_1_107' title='bbox 469 1725 870 1798; x_wconf 81' lang='lat' dir='ltr'><strong>consequenter</strong></span> <span class='ocrx_word' id='word_1_108' title='bbox 898 1738 1024 1800; x_wconf 87' lang='lat' dir='ltr'><strong>post</strong></span> <span class='ocrx_word' id='word_1_109' title='bbox 1054 1731 1315 1800; x_wconf 74' lang='lat' dir='ltr'><strong>praeclara</strong></span> <span class='ocrx_word' id='word_1_110' title='bbox 1369 1733 1461 1786; x_wconf 87' lang='lat' dir='ltr'><strong>illa</strong></span> <span class='ocrx_word' id='word_1_111' title='bbox 1515 1729 1732 1787; x_wconf 86' lang='lat' dir='ltr'><strong>Domini</strong></span> <span class='ocrx_word' id='word_1_112' title='bbox 1765 1747 1933 1804; x_wconf 86' lang='lat' dir='ltr'><strong>opera</strong></span> <span class='ocrx_word' id='word_1_113' title='bbox 1967 1732 2064 1787; x_wconf 89' lang='lat' dir='ltr'><strong>ad-</strong></span> 
     </span>
    </p>
   </div>
   <div class='ocr_carea' id='block_1_18' title="bbox 463 1818 875 1888">
    <p class='ocr_par' dir='ltr' id='par_1_18' title="bbox 463 1818 875 1888">
     <span class='ocr_line' id='line_1_18' title="bbox 463 1818 875 1888; baseline 0.005 -16"><span class='ocrx_word' id='word_1_114' title='bbox 463 1819 656 1888; x_wconf 82' lang='lat' dir='ltr'><strong>jicitur</strong></span> <span class='ocrx_word' id='word_1_115' title='bbox 681 1818 815 1874; x_wconf 81' lang='lat' dir='ltr'><strong>illud</strong></span> <span class='ocrx_word' id='word_1_116' title='bbox 859 1839 875 1874; x_wconf 88' lang='lat'><strong>:</strong></span> 
     </span>
    </p>
   </div>
   <div class='ocr_carea' id='block_1_19' title="bbox 2166 610 3792 694">
    <p class='ocr_par' dir='ltr' id='par_1_19' title="bbox 2166 610 3792 694">
     <span class='ocr_line' id='line_1_19' title="bbox 2166 610 3792 694; baseline -0.006 -19"><span class='ocrx_word' id='word_1_117' title='bbox 2166 621 2387 694; x_wconf 75' lang='grc' dir='ltr'>βροχὴν,</span> <span class='ocrx_word' id='word_1_118' title='bbox 2413 619 2512 692; x_wconf 80' lang='grc' dir='ltr'><strong>τὴν</strong></span> <span class='ocrx_word' id='word_1_119' title='bbox 2533 619 2863 692; x_wconf 82' lang='grc' dir='ltr'>δηλωθεῖσαν</span> <span class='ocrx_word' id='word_1_120' title='bbox 2883 617 3278 690; x_wconf 75' lang='grc' dir='ltr'>κληρονομίαν,</span> <span class='ocrx_word' id='word_1_121' title='bbox 3305 613 3388 668; x_wconf 80' lang='grc' dir='ltr'>τὰ</span> <span class='ocrx_word' id='word_1_122' title='bbox 3411 610 3792 684; x_wconf 74' lang='grc' dir='ltr'>προλεχθέντα</span> 
     </span>
    </p>
   </div>
   <div class='ocr_carea' id='block_1_20' title="bbox 2164 703 3794 782">
    <p class='ocr_par' dir='ltr' id='par_1_20' title="bbox 2164 703 3794 782">
     <span class='ocr_line' id='line_1_20' title="bbox 2164 703 3794 782; baseline -0.005 -16"><span class='ocrx_word' id='word_1_123' title='bbox 2164 714 2299 780; x_wconf 81' lang='grc' dir='ltr'>ζῶα.</span> <span class='ocrx_word' id='word_1_124' title='bbox 2337 712 2428 766; x_wconf 82' lang='grc' dir='ltr'><strong>Διὸ</strong></span> <span class='ocrx_word' id='word_1_125' title='bbox 2467 714 2580 776; x_wconf 88' lang='grc' dir='ltr'>τοῖς</span> <span class='ocrx_word' id='word_1_126' title='bbox 2625 712 2792 764; x_wconf 78' lang='grc' dir='ltr'>πᾶσιν</span> <span class='ocrx_word' id='word_1_127' title='bbox 2827 712 3180 782; x_wconf 80' lang='grc' dir='ltr'>ἐπενήνεκται</span> <span class='ocrx_word' id='word_1_128' title='bbox 3211 709 3289 763; x_wconf 75' lang='grc' dir='ltr'>τὸ</span> <span class='ocrx_word' id='word_1_129' title='bbox 3313 748 3334 772; x_wconf 88' lang='grc'><strong>,</strong></span> <span class='ocrx_word' id='word_1_130' title='bbox 3377 725 3402 759; x_wconf 73' lang='grc' dir='ltr'><strong>ι</strong></span> <span class='ocrx_word' id='word_1_131' title='bbox 3451 703 3794 773; x_wconf 80' lang='grc' dir='ltr'>Ἠτοίμαοας</span> 
     </span>
    </p>
   </div>
   <div class='ocr_carea' id='block_1_21' title="bbox 2163 795 3795 877">
    <p class='ocr_par' dir='ltr' id='par_1_21' title="bbox 2163 795 3795 877">
     <span class='ocr_line' id='line_1_21' title="bbox 2163 795 3795 877; baseline -0.006 -18"><span class='ocrx_word' id='word_1_132' title='bbox 2163 807 2223 860; x_wconf 90' lang='grc' dir='ltr'><strong>ἐν</strong></span> <span class='ocrx_word' id='word_1_133' title='bbox 2267 807 2334 877; x_wconf 78' lang='grc' dir='ltr'>τῇ</span> <span class='ocrx_word' id='word_1_134' title='bbox 2366 801 2695 876; x_wconf 85' lang='grc' dir='ltr'>χρηστότητί</span> <span class='ocrx_word' id='word_1_135' title='bbox 2745 817 2839 854; x_wconf 84' lang='grc' dir='ltr'><strong>σου</strong></span> <span class='ocrx_word' id='word_1_136' title='bbox 2881 800 2958 873; x_wconf 84' lang='grc' dir='ltr'>τῷ</span> <span class='ocrx_word' id='word_1_137' title='bbox 3003 801 3223 872; x_wconf 82' lang='grc' dir='ltr'>πτωχῷ.</span> <span class='ocrx_word' id='word_1_138' title='bbox 3270 797 3516 870; x_wconf 79' lang='grc' dir='ltr'>Κύριος</span> <span class='ocrx_word' id='word_1_139' title='bbox 3547 795 3714 850; x_wconf 83' lang='grc' dir='ltr'>δώσει</span> <span class='ocrx_word' id='word_1_140' title='bbox 3741 795 3795 849; x_wconf 73' lang='grc' dir='ltr'>τὸ</span> 
     </span>
    </p>
   </div>
   <div class='ocr_carea' id='block_1_22' title="bbox 2165 888 3796 969">
    <p class='ocr_par' dir='ltr' id='par_1_22' title="bbox 2165 888 3796 969">
     <span class='ocr_line' id='line_1_22' title="bbox 2165 888 3796 969; baseline -0.014 -4"><span class='ocrx_word' id='word_1_141' title='bbox 2165 897 2316 969; x_wconf 75' lang='grc' dir='ltr'>ρἦα</span> <span class='ocrx_word' id='word_1_142' title='bbox 2362 897 2477 959; x_wconf 84' lang='grc' dir='ltr'>τοῖς</span> <span class='ocrx_word' id='word_1_143' title='bbox 2524 893 3035 965; x_wconf 76' lang='grc' dir='ltr'>εὐαγγελιζομένοις</span> <span class='ocrx_word' id='word_1_144' title='bbox 3079 890 3320 964; x_wconf 76' lang='grc' dir='ltr'>δυνάμει</span> <span class='ocrx_word' id='word_1_145' title='bbox 3383 888 3601 960; x_wconf 72' lang='grc' dir='ltr'>πολλῇ.</span> <span class='ocrx_word' id='word_1_146' title='bbox 3659 907 3679 939; x_wconf 73' lang='grc' dir='ltr'><strong>ι</strong></span> <span class='ocrx_word' id='word_1_147' title='bbox 3721 889 3796 942; x_wconf 77' lang='grc' dir='ltr'>Τά</span> 
     </span>
    </p>
   </div>
   <div class='ocr_carea' id='block_1_23' title="bbox 2169 981 3796 1060">
    <p class='ocr_par' dir='ltr' id='par_1_23' title="bbox 2169 981 3796 1060">
     <span class='ocr_line' id='line_1_23' title="bbox 2169 981 3796 1060; baseline -0.006 -18"><span class='ocrx_word' id='word_1_148' title='bbox 2169 989 2267 1060; x_wconf 80' lang='grc' dir='ltr'><strong>μὲν</strong></span> <span class='ocrx_word' id='word_1_149' title='bbox 2331 985 2732 1060; x_wconf 80' lang='grc' dir='ltr'><strong>κατορθώματα</strong></span> <span class='ocrx_word' id='word_1_150' title='bbox 2781 985 2876 1040; x_wconf 80' lang='grc' dir='ltr'><strong>τοῦ</strong></span> <span class='ocrx_word' id='word_1_151' title='bbox 2929 985 3338 1056; x_wconf 74' lang='grc' dir='ltr'>ἐπιϐεϐηκότας</span> <span class='ocrx_word' id='word_1_152' title='bbox 3399 982 3511 1035; x_wconf 74' lang='grc' dir='ltr'><strong>ἐπὶ</strong></span> <span class='ocrx_word' id='word_1_153' title='bbox 3576 981 3796 1052; x_wconf 82' lang='grc' dir='ltr'>δυσμῶν</span> 
     </span>
    </p>
   </div>
   <div class='ocr_carea' id='block_1_24' title="bbox 2164 1074 3799 1152">
    <p class='ocr_par' dir='ltr' id='par_1_24' title="bbox 2164 1074 3799 1152">
     <span class='ocr_line' id='line_1_24' title="bbox 2164 1074 3799 1152; baseline -0.005 -19"><span class='ocrx_word' id='word_1_154' title='bbox 2164 1079 2372 1152; x_wconf 85' lang='grc' dir='ltr'>Κυρίου</span> <span class='ocrx_word' id='word_1_155' title='bbox 2399 1079 2644 1134; x_wconf 73' lang='grc' dir='ltr'>τοιαῦτα.</span> <span class='ocrx_word' id='word_1_156' title='bbox 2687 1078 2842 1132; x_wconf 76' lang='grc' dir='ltr'>Ἐπεὶ</span> <span class='ocrx_word' id='word_1_157' title='bbox 2870 1077 2914 1132; x_wconf 78' lang='grc' dir='ltr'>δ’</span> <span class='ocrx_word' id='word_1_158' title='bbox 2947 1078 3116 1150; x_wconf 83' lang='grc' dir='ltr'>ἐχρῆν</span> <span class='ocrx_word' id='word_1_159' title='bbox 3139 1077 3280 1132; x_wconf 78' lang='grc' dir='ltr'>αὺτά</span> <span class='ocrx_word' id='word_1_160' title='bbox 3319 1074 3666 1141; x_wconf 84' lang='grc' dir='ltr'>ἐξάκουστα</span> <span class='ocrx_word' id='word_1_161' title='bbox 3695 1075 3799 1127; x_wconf 72' lang='grc' dir='ltr'><strong>πᾶ-</strong></span> 
     </span>
    </p>
   </div>
   <div class='ocr_carea' id='block_1_25' title="bbox 2166 1167 3797 1244">
    <p class='ocr_par' dir='ltr' id='par_1_25' title="bbox 2166 1167 3797 1244">
     <span class='ocr_line' id='line_1_25' title="bbox 2166 1167 3797 1244; baseline -0.004 -18"><span class='ocrx_word' id='word_1_162' title='bbox 2166 1189 2251 1226; x_wconf 86' lang='grc' dir='ltr'><strong>σιν</strong></span> <span class='ocrx_word' id='word_1_163' title='bbox 2287 1171 2593 1244; x_wconf 84' lang='grc' dir='ltr'>ἀνθρώποις</span> <span class='ocrx_word' id='word_1_164' title='bbox 2623 1169 2897 1240; x_wconf 80' lang='grc' dir='ltr'>γενέσθαι,</span> <span class='ocrx_word' id='word_1_165' title='bbox 2944 1169 3108 1223; x_wconf 87' lang='grc' dir='ltr'>πάλιν</span> <span class='ocrx_word' id='word_1_166' title='bbox 3139 1172 3169 1224; x_wconf 88' lang='grc' dir='ltr'><strong>ό</strong></span> <span class='ocrx_word' id='word_1_167' title='bbox 3209 1169 3396 1233; x_wconf 77' lang='grc' dir='ltr'>αὐτὸς</span> <span class='ocrx_word' id='word_1_168' title='bbox 3440 1167 3670 1238; x_wconf 77' lang='grc' dir='ltr'>Κύριος</span> <span class='ocrx_word' id='word_1_169' title='bbox 3706 1171 3797 1220; x_wconf 79' lang='grc' dir='ltr'><strong>καὶ</strong></span> 
     </span>
    </p>
   </div>
   <div class='ocr_carea' id='block_1_26' title="bbox 2161 1258 3797 1338">
    <p class='ocr_par' dir='ltr' id='par_1_26' title="bbox 2161 1258 3797 1338">
     <span class='ocr_line' id='line_1_26' title="bbox 2161 1258 3797 1338; baseline -0.004 -20"><span class='ocrx_word' id='word_1_170' title='bbox 2161 1265 2324 1320; x_wconf 76' lang='grc' dir='ltr'>τοῦτο</span> <span class='ocrx_word' id='word_1_171' title='bbox 2363 1265 2503 1338; x_wconf 86' lang='grc' dir='ltr'>πρὸς</span> <span class='ocrx_word' id='word_1_172' title='bbox 2541 1265 2658 1328; x_wconf 81' lang='grc' dir='ltr'>τοῖς</span> <span class='ocrx_word' id='word_1_173' title='bbox 2699 1262 2881 1327; x_wconf 78' lang='grc' dir='ltr'>ἄλλοις</span> <span class='ocrx_word' id='word_1_174' title='bbox 2923 1263 3178 1318; x_wconf 84' lang='grc' dir='ltr'>ἐπιτελεῖ.</span> <span class='ocrx_word' id='word_1_175' title='bbox 3227 1260 3371 1324; x_wconf 85' lang='grc' dir='ltr'><strong>Πῶς</strong></span> <span class='ocrx_word' id='word_1_176' title='bbox 3411 1259 3482 1314; x_wconf 83' lang='grc' dir='ltr'>δὲ</span> <span class='ocrx_word' id='word_1_177' title='bbox 3535 1259 3642 1313; x_wconf 74' lang='grc' dir='ltr'><strong>καὶ</strong></span> <span class='ocrx_word' id='word_1_178' title='bbox 3679 1258 3797 1312; x_wconf 83' lang='grc' dir='ltr'>τίνα</span> 
     </span>
    </p>
   </div>
   <div class='ocr_carea' id='block_1_27' title="bbox 2161 1351 3796 1431">
    <p class='ocr_par' dir='ltr' id='par_1_27' title="bbox 2161 1351 3796 1431">
     <span class='ocr_line' id='line_1_27' title="bbox 2161 1351 3796 1431; baseline -0.006 -19"><span class='ocrx_word' id='word_1_179' title='bbox 2161 1359 2393 1431; x_wconf 89' lang='grc' dir='ltr'>τρόπον;</span> <span class='ocrx_word' id='word_1_180' title='bbox 2450 1355 2784 1428; x_wconf 59' lang='grc' dir='ltr'>’ἀνθρώποις</span> <span class='ocrx_word' id='word_1_181' title='bbox 2832 1356 2907 1427; x_wconf 85' lang='grc' dir='ltr'>μὴ</span> <span class='ocrx_word' id='word_1_182' title='bbox 2945 1355 3160 1426; x_wconf 79' lang='grc' dir='ltr'>ἔχουσιν</span> <span class='ocrx_word' id='word_1_183' title='bbox 3210 1354 3360 1408; x_wconf 76' lang='grc' dir='ltr'>ἴδιον</span> <span class='ocrx_word' id='word_1_184' title='bbox 3407 1351 3590 1421; x_wconf 77' lang='grc' dir='ltr'>λόγον</span> <span class='ocrx_word' id='word_1_185' title='bbox 3615 1391 3631 1412; x_wconf 94' lang='grc'><strong>,</strong></span> <span class='ocrx_word' id='word_1_186' title='bbox 3665 1351 3796 1422; x_wconf 71' lang='grc' dir='ltr'>μηδὲ</span> 
     </span>
    </p>
   </div>
   <div class='ocr_carea' id='block_1_28' title="bbox 2163 1445 3797 1518">
    <p class='ocr_par' dir='ltr' id='par_1_28' title="bbox 2163 1445 3797 1518">
     <span class='ocr_line' id='line_1_28' title="bbox 2163 1445 3797 1518; baseline -0.006 -14"><span class='ocrx_word' id='word_1_187' title='bbox 2163 1451 2370 1504; x_wconf 80' lang='grc' dir='ltr'>οἰκείαν</span> <span class='ocrx_word' id='word_1_188' title='bbox 2420 1448 2634 1518; x_wconf 81' lang='grc' dir='ltr'>σοφίαν,</span> <span class='ocrx_word' id='word_1_189' title='bbox 2671 1447 2952 1512; x_wconf 83' lang='grc' dir='ltr'>παντελῶς</span> <span class='ocrx_word' id='word_1_190' title='bbox 2993 1447 3052 1501; x_wconf 74' lang='grc' dir='ltr'>δὲ</span> <span class='ocrx_word' id='word_1_191' title='bbox 3099 1445 3349 1509; x_wconf 80' lang='grc' dir='ltr'><strong>ἰδιώταις</strong></span> <span class='ocrx_word' id='word_1_192' title='bbox 3397 1445 3797 1514; x_wconf 77' lang='grc' dir='ltr'>ἀνεπιστημο-</span> 
     </span>
    </p>
   </div>
   <div class='ocr_carea' id='block_1_29' title="bbox 2165 1534 3795 1611">
    <p class='ocr_par' dir='ltr' id='par_1_29' title="bbox 2165 1534 3795 1611">
     <span class='ocr_line' id='line_1_29' title="bbox 2165 1534 3795 1611; baseline -0.006 -17"><span class='ocrx_word' id='word_1_193' title='bbox 2165 1558 2271 1606; x_wconf 86' lang='grc' dir='ltr'>σιν,</span> <span class='ocrx_word' id='word_1_194' title='bbox 2319 1539 2481 1600; x_wconf 77' lang='grc' dir='ltr'>αὐτὸς</span> <span class='ocrx_word' id='word_1_195' title='bbox 2523 1539 2915 1611; x_wconf 81' lang='grc' dir='ltr'>ἐπιχορηγήσει</span> <span class='ocrx_word' id='word_1_196' title='bbox 2967 1538 3120 1609; x_wconf 75' lang='grc' dir='ltr'>ῥῆμα</span> <span class='ocrx_word' id='word_1_197' title='bbox 3154 1538 3359 1610; x_wconf 76' lang='grc' dir='ltr'>μεστὸν</span> <span class='ocrx_word' id='word_1_198' title='bbox 3413 1534 3658 1604; x_wconf 72' lang='grc' dir='ltr'>ἀφάτου</span> <span class='ocrx_word' id='word_1_199' title='bbox 3701 1535 3795 1588; x_wconf 78' lang='grc' dir='ltr'><strong>καὶ</strong></span> 
     </span>
    </p>
   </div>
   <div class='ocr_carea' id='block_1_30' title="bbox 2164 1628 3793 1706">
    <p class='ocr_par' dir='ltr' id='par_1_30' title="bbox 2164 1628 3793 1706">
     <span class='ocr_line' id='line_1_30' title="bbox 2164 1628 3793 1706; baseline -0.006 -18"><span class='ocrx_word' id='word_1_200' title='bbox 2164 1633 2366 1706; x_wconf 85' lang='grc' dir='ltr'>πολλῆς</span> <span class='ocrx_word' id='word_1_201' title='bbox 2405 1633 2704 1704; x_wconf 82' lang='grc' dir='ltr'>δυνάμεως.</span> <span class='ocrx_word' id='word_1_202' title='bbox 2753 1633 2815 1686; x_wconf 81' lang='grc' dir='ltr'><strong>Οἱ</strong></span> <span class='ocrx_word' id='word_1_203' title='bbox 2856 1631 2914 1684; x_wconf 88' lang='grc' dir='ltr'><strong>δέ</strong></span> <span class='ocrx_word' id='word_1_204' title='bbox 2958 1631 3380 1702; x_wconf 80' lang='grc' dir='ltr'>δυναμωθέντες</span> <span class='ocrx_word' id='word_1_205' title='bbox 3425 1628 3539 1684; x_wconf 77' lang='grc' dir='ltr'>καὶ</span> <span class='ocrx_word' id='word_1_206' title='bbox 3575 1643 3793 1697; x_wconf 84' lang='grc' dir='ltr'>στομω-</span> 
     </span>
    </p>
   </div>
   <div class='ocr_carea' id='block_1_31' title="bbox 2163 1721 3794 1795">
    <p class='ocr_par' dir='ltr' id='par_1_31' title="bbox 2163 1721 3794 1795">
     <span class='ocr_line' id='line_1_31' title="bbox 2163 1721 3794 1795; baseline -0.004 -16"><span class='ocrx_word' id='word_1_207' title='bbox 2163 1726 2350 1790; x_wconf 78' lang='grc' dir='ltr'>θέντες</span> <span class='ocrx_word' id='word_1_208' title='bbox 2385 1725 2488 1779; x_wconf 77' lang='grc' dir='ltr'><strong>ὑπὸ</strong></span> <span class='ocrx_word' id='word_1_209' title='bbox 2516 1723 2609 1778; x_wconf 77' lang='grc' dir='ltr'>τοῦ</span> <span class='ocrx_word' id='word_1_210' title='bbox 2645 1723 2981 1795; x_wconf 86' lang='grc' dir='ltr'>δωρηθέντος</span> <span class='ocrx_word' id='word_1_211' title='bbox 3012 1724 3196 1787; x_wconf 80' lang='grc' dir='ltr'>αὐτοῖς</span> <span class='ocrx_word' id='word_1_212' title='bbox 3229 1724 3507 1794; x_wconf 78' lang='grc' dir='ltr'>ῥήματος</span> <span class='ocrx_word' id='word_1_213' title='bbox 3543 1721 3794 1791; x_wconf 78' lang='grc' dir='ltr'>κήρυκες</span> 
     </span>
    </p>
   </div>
   <div class='ocr_carea' id='block_1_32' title="bbox 2163 1812 3792 1888">
    <p class='ocr_par' dir='ltr' id='par_1_32' title="bbox 2163 1812 3792 1888">
     <span class='ocr_line' id='line_1_32' title="bbox 2163 1812 3792 1888; baseline -0.005 -15"><span class='ocrx_word' id='word_1_214' title='bbox 2163 1817 2383 1888; x_wconf 85' lang='grc' dir='ltr'>ἀγαθῶν</span> <span class='ocrx_word' id='word_1_215' title='bbox 2429 1817 2522 1870; x_wconf 81' lang='grc' dir='ltr'>τοῦ</span> <span class='ocrx_word' id='word_1_216' title='bbox 2566 1815 2767 1880; x_wconf 82' lang='grc' dir='ltr'>παντδς</span> <span class='ocrx_word' id='word_1_217' title='bbox 2809 1814 3014 1888; x_wconf 82' lang='grc' dir='ltr'>κόσμου</span> <span class='ocrx_word' id='word_1_218' title='bbox 3046 1816 3511 1888; x_wconf 79' lang='grc' dir='ltr'>καταστήσονται</span> <span class='ocrx_word' id='word_1_219' title='bbox 3551 1812 3792 1881; x_wconf 78' lang='grc' dir='ltr'>εὐαγγε-</span> 
     </span>
    </p>
   </div>
   <div class='ocr_carea' id='block_1_33' title="bbox 468 1910 3796 1990">
    <p class='ocr_par' dir='ltr' id='par_1_33' title="bbox 468 1910 3796 1990">
     <span class='ocr_line' id='line_1_33' title="bbox 468 1910 3796 1990; baseline -0.001 -24"><span class='ocrx_word' id='word_1_220' title='bbox 468 1910 738 1984; x_wconf 80' lang='grc' dir='ltr'>λιζόμενοι</span> <span class='ocrx_word' id='word_1_221' title='bbox 788 1915 955 1967; x_wconf 77' lang='grc' dir='ltr'>πᾶσιν</span> <span class='ocrx_word' id='word_1_222' title='bbox 1001 1915 1315 1986; x_wconf 84' lang='grc' dir='ltr'>ἀνθρώποις</span> <span class='ocrx_word' id='word_1_223' title='bbox 1359 1917 1430 1970; x_wconf 76' lang='grc' dir='ltr'>τὰ</span> <span class='ocrx_word' id='word_1_224' title='bbox 1478 1919 1911 1990; x_wconf 72' lang='grc' dir='ltr'>προλελεγμένα.</span> <span class='ocrx_word' id='word_1_225' title='bbox 1965 1916 2058 1971; x_wconf 76' lang='grc' dir='ltr'><strong>Διὸ</strong></span> <span class='ocrx_word' id='word_1_226' title='bbox 2095 1912 2407 1977; x_wconf 77' lang='grc' dir='ltr'>ἀκολούθως</span> <span class='ocrx_word' id='word_1_227' title='bbox 2441 1917 2556 1977; x_wconf 84' lang='grc' dir='ltr'>τοῖς</span> <span class='ocrx_word' id='word_1_228' title='bbox 2595 1910 2691 1966; x_wconf 80' lang='grc' dir='ltr'>τοῦ</span> <span class='ocrx_word' id='word_1_229' title='bbox 2725 1911 2932 1966; x_wconf 82' lang='grc' dir='ltr'>Κυοίου</span> <span class='ocrx_word' id='word_1_230' title='bbox 2999 1910 3440 1984; x_wconf 79' lang='grc' dir='ltr'>κατορθώμασιν</span> <span class='ocrx_word' id='word_1_231' title='bbox 3519 1911 3796 1981; x_wconf 71' lang='grc' dir='ltr'>ἐπενηνε-</span> 
     </span>
    </p>
   </div>
   <div class='ocr_carea' id='block_1_34' title="bbox 468 2007 722 2060">
    <p class='ocr_par' dir='ltr' id='par_1_34' title="bbox 468 2007 722 2060">
     <span class='ocr_line' id='line_1_34' title="bbox 468 2007 722 2060; baseline 0.004 -1"><span class='ocrx_word' id='word_1_232' title='bbox 468 2022 593 2059; x_wconf 87' lang='grc' dir='ltr'>κται</span> <span class='ocrx_word' id='word_1_233' title='bbox 618 2007 680 2060; x_wconf 92' lang='grc' dir='ltr'><strong>τό</strong></span> <span class='ocrx_word' id='word_1_234' title='bbox 708 2024 722 2038; x_wconf 75' lang='grc' dir='ltr'><strong><em>ο</em></strong></span> 
     </span>
    </p>
   </div>
   <div class='ocr_carea' id='block_1_35' title="bbox 544 2122 2054 2205">
    <p class='ocr_par' dir='ltr' id='par_1_35' title="bbox 544 2125 2054 2205">
     <span class='ocr_line' id='line_1_35' title="bbox 544 2125 2054 2205; baseline 0.009 -28"><span class='ocrx_word' id='word_1_235' title='bbox 544 2142 564 2177; x_wconf 81' lang='grc' dir='ltr'><strong>ι</strong></span> <span class='ocrx_word' id='word_1_236' title='bbox 597 2125 865 2184; x_wconf 86' lang='lat' dir='ltr'><strong>Dominus</strong></span> <span class='ocrx_word' id='word_1_237' title='bbox 887 2129 1040 2184; x_wconf 88' lang='lat' dir='ltr'><strong>dabit</strong></span> <span class='ocrx_word' id='word_1_238' title='bbox 1063 2129 1289 2186; x_wconf 81' lang='lat' dir='ltr'><strong>verbum</strong></span> <span class='ocrx_word' id='word_1_239' title='bbox 1317 2134 1826 2205; x_wconf 71' lang='lat' dir='ltr'><strong>evangelizantibus</strong></span> <span class='ocrx_word' id='word_1_240' title='bbox 1858 2135 2054 2190; x_wconf 80' lang='lat' dir='ltr'><strong>virtute</strong></span> 
     </span>
    </p>
   </div>
   <div class='ocr_carea' id='block_1_36' title="bbox 2154 2122 3787 2205">
    <p class='ocr_par' dir='ltr' id='par_1_36' title="bbox 2238 2122 3787 2202">
     <span class='ocr_line' id='line_1_36' title="bbox 2238 2122 3787 2202; baseline -0.006 -16"><span class='ocrx_word' id='word_1_241' title='bbox 2238 2151 2258 2186; x_wconf 82' lang='grc' dir='ltr'><strong>ι</strong></span> <span class='ocrx_word' id='word_1_242' title='bbox 2311 2129 2517 2202; x_wconf 74' lang='grc' dir='ltr'>Κύριος</span> <span class='ocrx_word' id='word_1_243' title='bbox 2561 2126 2720 2181; x_wconf 87' lang='grc' dir='ltr'>δώσει</span> <span class='ocrx_word' id='word_1_244' title='bbox 2759 2127 2908 2199; x_wconf 78' lang='grc' dir='ltr'>ῥῆμα</span> <span class='ocrx_word' id='word_1_245' title='bbox 2953 2128 3070 2189; x_wconf 88' lang='grc' dir='ltr'>τοῖς</span> <span class='ocrx_word' id='word_1_246' title='bbox 3105 2123 3654 2196; x_wconf 79' lang='grc' dir='ltr'>εὐαγγελιζομένοις</span> <span class='ocrx_word' id='word_1_247' title='bbox 3691 2122 3787 2177; x_wconf 81' lang='grc' dir='ltr'>δυ-</span> 
     </span>
    </p>
   </div>
   <div class='ocr_carea' id='block_1_37' title="bbox 469 2217 2041 2298">
    <p class='ocr_par' dir='ltr' id='par_1_37' title="bbox 469 2217 2041 2298">
     <span class='ocr_line' id='line_1_37' title="bbox 469 2217 2041 2298; baseline 0.009 -29"><span class='ocrx_word' id='word_1_248' title='bbox 469 2217 658 2272; x_wconf 89' lang='lat' dir='ltr'><strong>multa.</strong></span> <span class='ocrx_word' id='word_1_249' title='bbox 701 2238 720 2272; x_wconf 73' lang='grc' dir='ltr'><strong>ι</strong></span> <span class='ocrx_word' id='word_1_250' title='bbox 741 2217 1125 2276; x_wconf 83' lang='lat' dir='ltr'><strong>Necessarium</strong></span> <span class='ocrx_word' id='word_1_251' title='bbox 1152 2237 1285 2277; x_wconf 87' lang='lat' dir='ltr'><strong>vero</strong></span> <span class='ocrx_word' id='word_1_252' title='bbox 1329 2223 1433 2278; x_wconf 81' lang='lat' dir='ltr'><strong>fuit</strong></span> <span class='ocrx_word' id='word_1_253' title='bbox 1463 2225 1514 2279; x_wconf 88' lang='lat' dir='ltr'><strong>id</strong></span> <span class='ocrx_word' id='word_1_254' title='bbox 1550 2242 1652 2281; x_wconf 91' lang='lat' dir='ltr'><strong>nos</strong></span> <span class='ocrx_word' id='word_1_255' title='bbox 1683 2241 2041 2298; x_wconf 74' lang='lat' dir='ltr'><strong>cognoscere,</strong></span> 
     </span>
    </p>
   </div>
   <div class='ocr_carea' id='block_1_38' title="bbox 466 2301 2056 2390">
    <p class='ocr_par' dir='ltr' id='par_1_38' title="bbox 466 2301 2056 2390">
     <span class='ocr_line' id='line_1_38' title="bbox 466 2301 2056 2390; baseline 0.006 -26"><span class='ocrx_word' id='word_1_256' title='bbox 466 2311 596 2378; x_wconf 85' lang='lat' dir='ltr'><strong>quia</strong></span> <span class='ocrx_word' id='word_1_257' title='bbox 619 2313 876 2384; x_wconf 85' lang='lat' dir='ltr'><strong>superius</strong></span> <span class='ocrx_word' id='word_1_258' title='bbox 902 2314 1126 2384; x_wconf 81' lang='lat' dir='ltr'><strong>quidam</strong></span> <span class='ocrx_word' id='word_1_259' title='bbox 1167 2315 1314 2384; x_wconf 86' lang='lat' dir='ltr'><strong>jussi</strong></span> <span class='ocrx_word' id='word_1_260' title='bbox 1345 2324 1476 2373; x_wconf 86' lang='lat' dir='ltr'><strong>sunt</strong></span> <span class='ocrx_word' id='word_1_261' title='bbox 1502 2301 1704 2374; x_wconf 51' lang='lat' dir='ltr'><strong>can&#39;ere</strong></span> <span class='ocrx_word' id='word_1_262' title='bbox 1732 2331 1786 2374; x_wconf 90' lang='lat' dir='ltr'><strong>et</strong></span> <span class='ocrx_word' id='word_1_263' title='bbox 1819 2319 2056 2390; x_wconf 77' lang='lat' dir='ltr'><strong>psallere</strong></span> 
     </span>
    </p>
   </div>
   <div class='ocr_carea' id='block_1_39' title="bbox 466 2398 2051 2479">
    <p class='ocr_par' dir='ltr' id='par_1_39' title="bbox 466 2398 2051 2479">
     <span class='ocr_line' id='line_1_39' title="bbox 466 2398 2051 2479; baseline 0.006 -25"><span class='ocrx_word' id='word_1_264' title='bbox 466 2398 600 2467; x_wconf 84' lang='lat' dir='ltr'><strong>Deo,</strong></span> <span class='ocrx_word' id='word_1_265' title='bbox 633 2401 848 2472; x_wconf 86' lang='lat' dir='ltr'><strong>iterque</strong></span> <span class='ocrx_word' id='word_1_266' title='bbox 880 2403 1061 2459; x_wconf 82' lang='lat' dir='ltr'><strong>facere</strong></span> <span class='ocrx_word' id='word_1_267' title='bbox 1093 2403 1142 2459; x_wconf 88' lang='lat' dir='ltr'><strong>ei</strong></span> <span class='ocrx_word' id='word_1_268' title='bbox 1166 2405 1260 2476; x_wconf 90' lang='lat' dir='ltr'><strong>qui</strong></span> <span class='ocrx_word' id='word_1_269' title='bbox 1290 2408 1541 2462; x_wconf 88' lang='lat' dir='ltr'><strong>ascendit</strong></span> <span class='ocrx_word' id='word_1_270' title='bbox 1567 2424 1734 2479; x_wconf 85' lang='lat' dir='ltr'><strong>super</strong></span> <span class='ocrx_word' id='word_1_271' title='bbox 1756 2424 2051 2465; x_wconf 88' lang='lat' dir='ltr'><strong>occasum:</strong></span> 
     </span>
    </p>
   </div>
   <div class='ocr_carea' id='block_1_40' title="bbox 467 2491 2053 2562">
    <p class='ocr_par' dir='ltr' id='par_1_40' title="bbox 467 2491 2053 2562">
     <span class='ocr_line' id='line_1_40' title="bbox 467 2491 2053 2562; baseline 0.006 -16"><span class='ocrx_word' id='word_1_272' title='bbox 467 2491 630 2562; x_wconf 81' lang='lat' dir='ltr'><strong>idque</strong></span> <span class='ocrx_word' id='word_1_273' title='bbox 661 2491 904 2548; x_wconf 79' lang='lat' dir='ltr'><strong>declarat</strong></span> <span class='ocrx_word' id='word_1_274' title='bbox 959 2495 1149 2551; x_wconf 85' lang='lat' dir='ltr'><strong>dicens</strong></span> <span class='ocrx_word' id='word_1_275' title='bbox 1187 2515 1200 2551; x_wconf 94' lang='lat'><strong>:</strong></span> <span class='ocrx_word' id='word_1_276' title='bbox 1238 2515 1258 2550; x_wconf 87' lang='grc' dir='ltr'><strong>ι</strong></span> <span class='ocrx_word' id='word_1_277' title='bbox 1297 2494 1578 2556; x_wconf 79' lang='lat' dir='ltr'><strong>Dominus</strong></span> <span class='ocrx_word' id='word_1_278' title='bbox 1625 2501 1777 2556; x_wconf 91' lang='lat' dir='ltr'><strong>dabit</strong></span> <span class='ocrx_word' id='word_1_279' title='bbox 1827 2501 2053 2557; x_wconf 85' lang='lat' dir='ltr'><strong>verbum</strong></span> 
     </span>
    </p>
   </div>
   <div class='ocr_carea' id='block_1_41' title="bbox 464 2584 2052 2654">
    <p class='ocr_par' dir='ltr' id='par_1_41' title="bbox 464 2584 2052 2654">
     <span class='ocr_line' id='line_1_41' title="bbox 464 2584 2052 2654; baseline 0.007 -17"><span class='ocrx_word' id='word_1_280' title='bbox 464 2584 970 2654; x_wconf 79' lang='lat' dir='ltr'><strong>evangelizantibus</strong></span> <span class='ocrx_word' id='word_1_281' title='bbox 1009 2587 1213 2644; x_wconf 86' lang='lat' dir='ltr'><strong>virtute</strong></span> <span class='ocrx_word' id='word_1_282' title='bbox 1261 2590 1450 2644; x_wconf 86' lang='lat' dir='ltr'><strong>multa.</strong></span> <span class='ocrx_word' id='word_1_283' title='bbox 1495 2610 1514 2643; x_wconf 70' lang='grc' dir='ltr'><strong>ι</strong></span> <span class='ocrx_word' id='word_1_284' title='bbox 1563 2589 1660 2646; x_wconf 86' lang='lat' dir='ltr'><strong>His</strong></span> <span class='ocrx_word' id='word_1_285' title='bbox 1702 2593 1848 2649; x_wconf 88' lang='lat' dir='ltr'><strong>enim</strong></span> <span class='ocrx_word' id='word_1_286' title='bbox 1881 2608 2052 2649; x_wconf 87' lang='lat' dir='ltr'><strong>evan-</strong></span> 
     </span>
    </p>
   </div>
   <div class='ocr_carea' id='block_1_42' title="bbox 463 2674 2054 2756">
    <p class='ocr_par' dir='ltr' id='par_1_42' title="bbox 463 2674 2054 2756">
     <span class='ocr_line' id='line_1_42' title="bbox 463 2674 2054 2756; baseline 0.008 -27"><span class='ocrx_word' id='word_1_287' title='bbox 463 2674 852 2744; x_wconf 68' lang='lat' dir='ltr'><strong>gelizantibus,</strong></span> <span class='ocrx_word' id='word_1_288' title='bbox 879 2677 973 2747; x_wconf 87' lang='lat' dir='ltr'><strong>qui</strong></span> <span class='ocrx_word' id='word_1_289' title='bbox 1009 2693 1111 2734; x_wconf 91' lang='lat' dir='ltr'><strong>suo</strong></span> <span class='ocrx_word' id='word_1_290' title='bbox 1131 2679 1200 2733; x_wconf 90' lang='lat' dir='ltr'><strong>ad</strong></span> <span class='ocrx_word' id='word_1_291' title='bbox 1225 2681 1477 2736; x_wconf 89' lang='lat' dir='ltr'><strong>homines</strong></span> <span class='ocrx_word' id='word_1_292' title='bbox 1498 2683 1759 2739; x_wconf 85' lang='lat' dir='ltr'><strong>transitui</strong></span> <span class='ocrx_word' id='word_1_293' title='bbox 1791 2683 1936 2738; x_wconf 89' lang='lat' dir='ltr'><strong>viam</strong></span> <span class='ocrx_word' id='word_1_294' title='bbox 1963 2700 2054 2756; x_wconf 88' lang='lat' dir='ltr'><strong>pa-</strong></span> 
     </span>
    </p>
   </div>
   <div class='ocr_carea' id='block_1_43' title="bbox 465 2765 2055 2844">
    <p class='ocr_par' dir='ltr' id='par_1_43' title="bbox 465 2765 2055 2844">
     <span class='ocr_line' id='line_1_43' title="bbox 465 2765 2055 2844; baseline 0.007 -26"><span class='ocrx_word' id='word_1_295' title='bbox 465 2765 692 2832; x_wconf 84' lang='lat' dir='ltr'><strong>rabunt,</strong></span> <span class='ocrx_word' id='word_1_296' title='bbox 734 2766 852 2838; x_wconf 87' lang='lat' dir='ltr'><strong>ipse</strong></span> <span class='ocrx_word' id='word_1_297' title='bbox 885 2769 981 2839; x_wconf 89' lang='lat' dir='ltr'><strong>qui</strong></span> <span class='ocrx_word' id='word_1_298' title='bbox 1020 2770 1436 2825; x_wconf 82' lang='lat' dir='ltr'><strong>annuntiandus</strong></span> <span class='ocrx_word' id='word_1_299' title='bbox 1466 2773 1535 2828; x_wconf 91' lang='lat' dir='ltr'><strong>ab</strong></span> <span class='ocrx_word' id='word_1_300' title='bbox 1588 2773 1724 2844; x_wconf 89' lang='lat' dir='ltr'><strong>ipsis</strong></span> <span class='ocrx_word' id='word_1_301' title='bbox 1765 2785 1870 2836; x_wconf 86' lang='lat' dir='ltr'><strong>est.</strong></span> <span class='ocrx_word' id='word_1_302' title='bbox 1901 2775 2055 2831; x_wconf 85' lang='lat' dir='ltr'><strong>dabit</strong></span> 
     </span>
    </p>
   </div>
   <div class='ocr_carea' id='block_1_44' title="bbox 467 2859 2053 2936">
    <p class='ocr_par' dir='ltr' id='par_1_44' title="bbox 467 2859 2053 2936">
     <span class='ocr_line' id='line_1_44' title="bbox 467 2859 2053 2936; baseline 0.006 -24"><span class='ocrx_word' id='word_1_303' title='bbox 467 2859 690 2914; x_wconf 80' lang='lat' dir='ltr'><strong>verbum</strong></span> <span class='ocrx_word' id='word_1_304' title='bbox 722 2861 992 2918; x_wconf 88' lang='lat' dir='ltr'><strong>divinum.</strong></span> <span class='ocrx_word' id='word_1_305' title='bbox 1025 2861 1166 2916; x_wconf 82' lang='lat' dir='ltr'><strong>Nam</strong></span> <span class='ocrx_word' id='word_1_306' title='bbox 1192 2863 1350 2918; x_wconf 89' lang='lat' dir='ltr'><strong>multi</strong></span> <span class='ocrx_word' id='word_1_307' title='bbox 1408 2873 1566 2920; x_wconf 82' lang='lat' dir='ltr'><strong>erant</strong></span> <span class='ocrx_word' id='word_1_308' title='bbox 1609 2866 1856 2936; x_wconf 84' lang='lat' dir='ltr'><strong>ejusdem</strong></span> <span class='ocrx_word' id='word_1_309' title='bbox 1898 2867 2053 2923; x_wconf 81' lang='lat' dir='ltr'><strong>verbi</strong></span> 
     </span>
    </p>
   </div>
   <div class='ocr_carea' id='block_1_45' title="bbox 463 2955 2054 3030">
    <p class='ocr_par' dir='ltr' id='par_1_45' title="bbox 463 2955 2054 3030">
     <span class='ocr_line' id='line_1_45' title="bbox 463 2955 2054 3030; baseline 0.005 -23"><span class='ocrx_word' id='word_1_310' title='bbox 463 2966 697 3023; x_wconf 79' lang='lat' dir='ltr'><strong>capaces</strong></span> <span class='ocrx_word' id='word_1_311' title='bbox 729 2969 854 3008; x_wconf 82' lang='lat' dir='ltr'><strong>cum</strong></span> <span class='ocrx_word' id='word_1_312' title='bbox 885 2955 1090 3010; x_wconf 87' lang='lat' dir='ltr'><strong>virtute</strong></span> <span class='ocrx_word' id='word_1_313' title='bbox 1119 2955 1290 3009; x_wconf 90' lang='lat' dir='ltr'><strong>multa</strong></span> <span class='ocrx_word' id='word_1_314' title='bbox 1316 2973 1331 3011; x_wconf 89' lang='lat'><strong>:</strong></span> <span class='ocrx_word' id='word_1_315' title='bbox 1362 2972 1731 3029; x_wconf 79' lang='lat' dir='ltr'><strong>magnumque</strong></span> <span class='ocrx_word' id='word_1_316' title='bbox 1765 2960 1899 3030; x_wconf 90' lang='lat' dir='ltr'><strong>ipsis</strong></span> <span class='ocrx_word' id='word_1_317' title='bbox 1937 2970 2054 3015; x_wconf 87' lang='lat' dir='ltr'><strong>erat</strong></span> 
     </span>
    </p>
   </div>
   <div class='ocr_carea' id='block_1_46' title="bbox 464 3045 2050 3119">
    <p class='ocr_par' dir='ltr' id='par_1_46' title="bbox 464 3045 2050 3119">
     <span class='ocr_line' id='line_1_46' title="bbox 464 3045 2050 3119; baseline 0.006 -21"><span class='ocrx_word' id='word_1_318' title='bbox 464 3045 779 3115; x_wconf 78' lang='lat' dir='ltr'><strong>bujusmodi</strong></span> <span class='ocrx_word' id='word_1_319' title='bbox 809 3047 1058 3110; x_wconf 82' lang='lat' dir='ltr'><strong>verbum,</strong></span> <span class='ocrx_word' id='word_1_320' title='bbox 1090 3049 1237 3119; x_wconf 91' lang='lat' dir='ltr'><strong>quod</strong></span> <span class='ocrx_word' id='word_1_321' title='bbox 1267 3049 1334 3104; x_wconf 92' lang='lat' dir='ltr'><strong>ad</strong></span> <span class='ocrx_word' id='word_1_322' title='bbox 1374 3047 1656 3119; x_wconf 78' lang='lat' dir='ltr'><strong>Evangelii</strong></span> <span class='ocrx_word' id='word_1_323' title='bbox 1686 3052 2050 3108; x_wconf 87' lang='lat' dir='ltr'><strong>ministerium</strong></span> 
     </span>
    </p>
   </div>
   <div class='ocr_carea' id='block_1_47' title="bbox 465 3139 2053 3214">
    <p class='ocr_par' dir='ltr' id='par_1_47' title="bbox 465 3139 2053 3214">
     <span class='ocr_line' id='line_1_47' title="bbox 465 3139 2053 3214; baseline 0.003 -19"><span class='ocrx_word' id='word_1_324' title='bbox 465 3139 758 3197; x_wconf 76' lang='lat' dir='ltr'><strong>sudiceret.</strong></span> <span class='ocrx_word' id='word_1_325' title='bbox 801 3140 924 3212; x_wconf 89' lang='lat' dir='ltr'><strong>lpse</strong></span> <span class='ocrx_word' id='word_1_326' title='bbox 964 3157 1203 3213; x_wconf 80' lang='lat' dir='ltr'><strong>namque</strong></span> <span class='ocrx_word' id='word_1_327' title='bbox 1259 3141 1527 3198; x_wconf 86' lang='lat' dir='ltr'><strong>Dominus</strong></span> <span class='ocrx_word' id='word_1_328' title='bbox 1582 3143 1886 3214; x_wconf 80' lang='lat' dir='ltr'><strong>perfectum</strong></span> <span class='ocrx_word' id='word_1_329' title='bbox 1935 3153 2053 3201; x_wconf 85' lang='lat' dir='ltr'><strong>erat</strong></span> 
     </span>
    </p>
   </div>
   <div class='ocr_carea' id='block_1_48' title="bbox 464 3231 2051 3306">
    <p class='ocr_par' dir='ltr' id='par_1_48' title="bbox 464 3231 2051 3306">
     <span class='ocr_line' id='line_1_48' title="bbox 464 3231 2051 3306; baseline 0.002 -18"><span class='ocrx_word' id='word_1_330' title='bbox 464 3231 559 3288; x_wconf 85' lang='lat' dir='ltr'><strong>Dei</strong></span> <span class='ocrx_word' id='word_1_331' title='bbox 591 3231 854 3288; x_wconf 78' lang='lat' dir='ltr'><strong>Verbum.</strong></span> <span class='ocrx_word' id='word_1_332' title='bbox 881 3231 922 3286; x_wconf 88' lang='lat' dir='ltr'><strong>li</strong></span> <span class='ocrx_word' id='word_1_333' title='bbox 954 3249 1088 3288; x_wconf 87' lang='lat' dir='ltr'><strong>vero</strong></span> <span class='ocrx_word' id='word_1_334' title='bbox 1115 3235 1208 3304; x_wconf 87' lang='lat' dir='ltr'><strong>qui</strong></span> <span class='ocrx_word' id='word_1_335' title='bbox 1234 3235 1461 3290; x_wconf 84' lang='lat' dir='ltr'><strong>verbum</strong></span> <span class='ocrx_word' id='word_1_336' title='bbox 1521 3246 1854 3306; x_wconf 88' lang='lat' dir='ltr'><strong>acceperunt</strong></span> <span class='ocrx_word' id='word_1_337' title='bbox 1898 3236 2051 3293; x_wconf 85' lang='lat' dir='ltr'><strong>brevi</strong></span> 
     </span>
    </p>
   </div>
   <div class='ocr_carea' id='block_1_49' title="bbox 463 3324 2050 3396">
    <p class='ocr_par' dir='ltr' id='par_1_49' title="bbox 463 3324 2050 3396">
     <span class='ocr_line' id='line_1_49' title="bbox 463 3324 2050 3396; baseline 0 -16"><span class='ocrx_word' id='word_1_338' title='bbox 463 3325 707 3396; x_wconf 82' lang='lat' dir='ltr'><strong>quodam</strong></span> <span class='ocrx_word' id='word_1_339' title='bbox 755 3324 980 3382; x_wconf 84' lang='lat' dir='ltr'><strong>virtutis</strong></span> <span class='ocrx_word' id='word_1_340' title='bbox 1015 3325 1138 3395; x_wconf 86' lang='lat' dir='ltr'><strong>ejus</strong></span> <span class='ocrx_word' id='word_1_341' title='bbox 1187 3326 1369 3381; x_wconf 78' lang='lat' dir='ltr'><strong>alilatu</strong></span> <span class='ocrx_word' id='word_1_342' title='bbox 1408 3327 1639 3396; x_wconf 81' lang='lat' dir='ltr'><strong>dignati,</strong></span> <span class='ocrx_word' id='word_1_343' title='bbox 1685 3328 1890 3382; x_wconf 82' lang='lat' dir='ltr'><strong>virtute</strong></span> <span class='ocrx_word' id='word_1_344' title='bbox 1927 3343 2050 3382; x_wconf 87' lang='lat' dir='ltr'><strong>cum</strong></span> 
     </span>
    </p>
   </div>
   <div class='ocr_carea' id='block_1_50' title="bbox 462 3415 2051 3490">
    <p class='ocr_par' dir='ltr' id='par_1_50' title="bbox 462 3415 2051 3490">
     <span class='ocr_line' id='line_1_50' title="bbox 462 3415 2051 3490; baseline 0.004 -21"><span class='ocrx_word' id='word_1_345' title='bbox 462 3416 636 3470; x_wconf 84' lang='lat' dir='ltr'><strong>multa</strong></span> <span class='ocrx_word' id='word_1_346' title='bbox 657 3415 1042 3486; x_wconf 64' lang='lat' dir='ltr'><strong>praedicantes,</strong></span> <span class='ocrx_word' id='word_1_347' title='bbox 1069 3417 1390 3472; x_wconf 88' lang='lat' dir='ltr'><strong>universum</strong></span> <span class='ocrx_word' id='word_1_348' title='bbox 1413 3419 1602 3473; x_wconf 87' lang='lat' dir='ltr'><strong>orbem</strong></span> <span class='ocrx_word' id='word_1_349' title='bbox 1641 3417 1934 3490; x_wconf 83' lang='lat' dir='ltr'><strong>Evangelio</strong></span> <span class='ocrx_word' id='word_1_350' title='bbox 1964 3436 2051 3476; x_wconf 87' lang='lat' dir='ltr'><strong>re-</strong></span> 
     </span>
    </p>
   </div>
   <div class='ocr_carea' id='block_1_51' title="bbox 465 3487 2118 3580">
    <p class='ocr_par' dir='ltr' id='par_1_51' title="bbox 465 3487 2118 3580">
     <span class='ocr_line' id='line_1_51' title="bbox 465 3487 2118 3580; baseline 0.003 -18"><span class='ocrx_word' id='word_1_351' title='bbox 465 3509 752 3577; x_wconf 83' lang='lat' dir='ltr'><strong>pleverunt</strong></span> <span class='ocrx_word' id='word_1_352' title='bbox 789 3508 980 3578; x_wconf 90' lang='lat' dir='ltr'><strong>:quod</strong></span> <span class='ocrx_word' id='word_1_353' title='bbox 1011 3509 1129 3578; x_wconf 89' lang='lat' dir='ltr'><strong>ipse</strong></span> <span class='ocrx_word' id='word_1_354' title='bbox 1159 3509 1352 3566; x_wconf 89' lang='lat' dir='ltr'><strong>iisdem</strong></span> <span class='ocrx_word' id='word_1_355' title='bbox 1402 3509 1680 3580; x_wconf 88' lang='lat' dir='ltr'><strong>pollicitus</strong></span> <span class='ocrx_word' id='word_1_356' title='bbox 1730 3487 1817 3566; x_wconf 82' lang='lat' dir='ltr'><strong>his</strong></span> <span class='ocrx_word' id='word_1_357' title='bbox 1867 3511 2050 3567; x_wconf 86' lang='lat' dir='ltr'><strong>verbis</strong></span> <span class='ocrx_word' id='word_1_358' title='bbox 2075 3487 2118 3543; x_wconf 64' lang='grc' dir='ltr'><strong>δ</strong></span> 
     </span>
    </p>
   </div>
   <div class='ocr_carea' id='block_1_52' title="bbox 463 3597 2050 3672">
    <p class='ocr_par' dir='ltr' id='par_1_52' title="bbox 463 3597 2050 3672">
     <span class='ocr_line' id='line_1_52' title="bbox 463 3597 2050 3672; baseline 0.004 -19"><span class='ocrx_word' id='word_1_359' title='bbox 463 3609 584 3654; x_wconf 84' lang='lat' dir='ltr'><strong>erat</strong></span> <span class='ocrx_word' id='word_1_360' title='bbox 615 3618 628 3652; x_wconf 91' lang='lat'>:</span> <span class='ocrx_word' id='word_1_361' title='bbox 669 3617 689 3650; x_wconf 75' lang='grc' dir='ltr'><strong>ι</strong></span> <span class='ocrx_word' id='word_1_362' title='bbox 716 3597 829 3654; x_wconf 78' lang='lat' dir='ltr'><strong>Vos</strong></span> <span class='ocrx_word' id='word_1_363' title='bbox 857 3610 1037 3654; x_wconf 89' lang='lat' dir='ltr'><strong>autem</strong></span> <span class='ocrx_word' id='word_1_364' title='bbox 1067 3601 1350 3671; x_wconf 83' lang='lat' dir='ltr'><strong>accipietis</strong></span> <span class='ocrx_word' id='word_1_365' title='bbox 1377 3602 1634 3656; x_wconf 90' lang='lat' dir='ltr'><strong>virtutem</strong></span> <span class='ocrx_word' id='word_1_366' title='bbox 1659 3604 2050 3672; x_wconf 75' lang='lat' dir='ltr'><strong>supervenien-</strong></span> 
     </span>
    </p>
   </div>
   <div class='ocr_carea' id='block_1_53' title="bbox 466 3691 2050 3767">
    <p class='ocr_par' dir='ltr' id='par_1_53' title="bbox 466 3691 2050 3767">
     <span class='ocr_line' id='line_1_53' title="bbox 466 3691 2050 3767; baseline 0.001 -21"><span class='ocrx_word' id='word_1_367' title='bbox 466 3693 538 3749; x_wconf 82' lang='lat' dir='ltr'><strong>tis</strong></span> <span class='ocrx_word' id='word_1_368' title='bbox 573 3691 816 3763; x_wconf 84' lang='lat' dir='ltr'><strong>Spiritus</strong></span> <span class='ocrx_word' id='word_1_369' title='bbox 859 3692 1036 3746; x_wconf 89' lang='lat' dir='ltr'><strong>sancti</strong></span> <span class='ocrx_word' id='word_1_370' title='bbox 1067 3693 1122 3747; x_wconf 92' lang='lat' dir='ltr'><strong>in</strong></span> <span class='ocrx_word' id='word_1_371' title='bbox 1167 3708 1264 3747; x_wconf 90' lang='lat' dir='ltr'><strong>vos</strong></span> <span class='ocrx_word' id='word_1_372' title='bbox 1286 3692 1368 3758; x_wconf 72' lang='lat'><strong>“;</strong></span> <span class='ocrx_word' id='word_1_373' title='bbox 1404 3713 1421 3744; x_wconf 74' lang='grc' dir='ltr'><strong>ι</strong></span> <span class='ocrx_word' id='word_1_374' title='bbox 1454 3691 1767 3748; x_wconf 87' lang='lat' dir='ltr'><strong>Secundum</strong></span> <span class='ocrx_word' id='word_1_375' title='bbox 1801 3693 2050 3767; x_wconf 82' lang='lat' dir='ltr'><strong>Symma-</strong></span> 
     </span>
    </p>
   </div>
   <div class='ocr_carea' id='block_1_54' title="bbox 463 3782 2049 3856">
    <p class='ocr_par' dir='ltr' id='par_1_54' title="bbox 463 3782 2049 3856">
     <span class='ocr_line' id='line_1_54' title="bbox 463 3782 2049 3856; baseline 0.003 -18"><span class='ocrx_word' id='word_1_376' title='bbox 463 3785 627 3840; x_wconf 88' lang='lat' dir='ltr'><strong>chum</strong></span> <span class='ocrx_word' id='word_1_377' title='bbox 686 3793 920 3840; x_wconf 86' lang='lat' dir='ltr'><strong>autem:</strong></span> <span class='ocrx_word' id='word_1_378' title='bbox 988 3804 1007 3836; x_wconf 85' lang='grc' dir='ltr'><strong>ι</strong></span> <span class='ocrx_word' id='word_1_379' title='bbox 1072 3782 1360 3847; x_wconf 88' lang='lat' dir='ltr'><strong>Dominus,</strong></span> <span class='ocrx_word' id='word_1_380' title='bbox 1431 3786 1633 3856; x_wconf 87' lang='lat' dir='ltr'><strong>inquit,</strong></span> <span class='ocrx_word' id='word_1_381' title='bbox 1686 3787 1836 3842; x_wconf 88' lang='lat' dir='ltr'><strong>dedit</strong></span> <span class='ocrx_word' id='word_1_382' title='bbox 1882 3790 2049 3844; x_wconf 87' lang='lat' dir='ltr'><strong>verba</strong></span> 
     </span>
    </p>
   </div>
   <div class='ocr_carea' id='block_1_55' title="bbox 463 3877 2050 3951">
    <p class='ocr_par' dir='ltr' id='par_1_55' title="bbox 463 3877 2050 3951">
     <span class='ocr_line' id='line_1_55' title="bbox 463 3877 2050 3951; baseline 0.003 -17"><span class='ocrx_word' id='word_1_383' title='bbox 463 3879 867 3950; x_wconf 80' lang='lat' dir='ltr'><strong>evangelizanti</strong></span> <span class='ocrx_word' id='word_1_384' title='bbox 895 3878 1161 3935; x_wconf 82' lang='lat' dir='ltr'><strong>exercitui</strong></span> <span class='ocrx_word' id='word_1_385' title='bbox 1191 3879 1387 3934; x_wconf 80' lang='lat' dir='ltr'><strong>multo.</strong></span> <span class='ocrx_word' id='word_1_386' title='bbox 1432 3898 1452 3930; x_wconf 71' lang='grc' dir='ltr'><strong>ι</strong></span> <span class='ocrx_word' id='word_1_387' title='bbox 1480 3877 1676 3951; x_wconf 79' lang='lat' dir='ltr'><strong>Ingens</strong></span> <span class='ocrx_word' id='word_1_388' title='bbox 1699 3890 1880 3937; x_wconf 88' lang='lat' dir='ltr'><strong>autem</strong></span> <span class='ocrx_word' id='word_1_389' title='bbox 1931 3892 2050 3939; x_wconf 88' lang='lat' dir='ltr'><strong>erat</strong></span> 
     </span>
    </p>
   </div>
   <div class='ocr_carea' id='block_1_56' title="bbox 463 3972 2049 4046">
    <p class='ocr_par' dir='ltr' id='par_1_56' title="bbox 463 3972 2049 4046">
     <span class='ocr_line' id='line_1_56' title="bbox 463 3972 2049 4046; baseline 0.001 -16"><span class='ocrx_word' id='word_1_390' title='bbox 463 3973 768 4030; x_wconf 70' lang='lat' dir='ltr'><strong>Salvatoris</strong></span> <span class='ocrx_word' id='word_1_391' title='bbox 797 3973 970 4030; x_wconf 86' lang='lat' dir='ltr'><strong>nostri</strong></span> <span class='ocrx_word' id='word_1_392' title='bbox 999 3972 1295 4040; x_wconf 83' lang='lat' dir='ltr'><strong>exercitus,</strong></span> <span class='ocrx_word' id='word_1_393' title='bbox 1345 3987 1537 4028; x_wconf 89' lang='lat' dir='ltr'><strong>eorum</strong></span> <span class='ocrx_word' id='word_1_394' title='bbox 1597 3973 1809 4030; x_wconf 87' lang='lat' dir='ltr'><strong>scilicet</strong></span> <span class='ocrx_word' id='word_1_395' title='bbox 1849 3975 2049 4046; x_wconf 90' lang='lat' dir='ltr'><strong>quibus</strong></span> 
     </span>
    </p>
   </div>
   <div class='ocr_carea' id='block_1_57' title="bbox 462 4062 2048 4136">
    <p class='ocr_par' dir='ltr' id='par_1_57' title="bbox 462 4062 2048 4136">
     <span class='ocr_line' id='line_1_57' title="bbox 462 4062 2048 4136; baseline -0.001 -17"><span class='ocrx_word' id='word_1_396' title='bbox 462 4067 629 4123; x_wconf 78' lang='lat' dir='ltr'><strong>verba</strong></span> <span class='ocrx_word' id='word_1_397' title='bbox 680 4066 772 4121; x_wconf 86' lang='lat' dir='ltr'><strong>illa</strong></span> <span class='ocrx_word' id='word_1_398' title='bbox 802 4065 929 4119; x_wconf 83' lang='lat' dir='ltr'><strong>data</strong></span> <span class='ocrx_word' id='word_1_399' title='bbox 962 4074 1016 4120; x_wconf 91' lang='lat' dir='ltr'><strong>et</strong></span> <span class='ocrx_word' id='word_1_400' title='bbox 1058 4063 1381 4117; x_wconf 90' lang='lat' dir='ltr'><strong>annuntiata</strong></span> <span class='ocrx_word' id='word_1_401' title='bbox 1421 4062 1638 4118; x_wconf 80' lang='lat' dir='ltr'><strong>fuerant</strong></span> <span class='ocrx_word' id='word_1_402' title='bbox 1667 4082 1682 4130; x_wconf 86' lang='lat'>;</span> <span class='ocrx_word' id='word_1_403' title='bbox 1723 4064 1900 4136; x_wconf 88' lang='lat' dir='ltr'><strong>primo</strong></span> <span class='ocrx_word' id='word_1_404' title='bbox 1921 4065 2048 4134; x_wconf 75' lang='lat' dir='ltr'><strong>qui..-</strong></span> 
     </span>
    </p>
   </div>
   <div class='ocr_carea' id='block_1_58' title="bbox 461 4153 2047 4228">
    <p class='ocr_par' dir='ltr' id='par_1_58' title="bbox 461 4153 2047 4228">
     <span class='ocr_line' id='line_1_58' title="bbox 461 4153 2047 4228; baseline 0 -16"><span class='ocrx_word' id='word_1_405' title='bbox 461 4157 586 4212; x_wconf 89' lang='lat' dir='ltr'><strong>dem</strong></span> <span class='ocrx_word' id='word_1_406' title='bbox 621 4157 996 4226; x_wconf 83' lang='lat' dir='ltr'><strong>apostolorum</strong></span> <span class='ocrx_word' id='word_1_407' title='bbox 1031 4153 1321 4209; x_wconf 89' lang='lat' dir='ltr'><strong>duodecim</strong></span> <span class='ocrx_word' id='word_1_408' title='bbox 1344 4171 1359 4220; x_wconf 89' lang='lat'><strong>;</strong></span> <span class='ocrx_word' id='word_1_409' title='bbox 1385 4154 1630 4210; x_wconf 88' lang='lat' dir='ltr'><strong>secundo</strong></span> <span class='ocrx_word' id='word_1_410' title='bbox 1649 4157 2047 4228; x_wconf 90' lang='lat' dir='ltr'><strong>discipulorum</strong></span> 
     </span>
    </p>
   </div>
   <div class='ocr_carea' id='block_1_59' title="bbox 462 4245 2049 4321">
    <p class='ocr_par' dir='ltr' id='par_1_59' title="bbox 462 4245 2049 4321">
     <span class='ocr_line' id='line_1_59' title="bbox 462 4245 2049 4321; baseline -0.001 -16"><span class='ocrx_word' id='word_1_411' title='bbox 462 4248 844 4319; x_wconf 70' lang='lat' dir='ltr'><strong>septuaginta;</strong></span> <span class='ocrx_word' id='word_1_412' title='bbox 888 4254 1086 4318; x_wconf 61' lang='lat' dir='ltr'><strong>praeter</strong></span> <span class='ocrx_word' id='word_1_413' title='bbox 1127 4245 1244 4302; x_wconf 70' lang='lat' dir='ltr'><strong>haec</strong></span> <span class='ocrx_word' id='word_1_414' title='bbox 1279 4261 1412 4302; x_wconf 85' lang='lat' dir='ltr'><strong>vero</strong></span> <span class='ocrx_word' id='word_1_415' title='bbox 1442 4247 1678 4302; x_wconf 89' lang='lat' dir='ltr'><strong>aliorum</strong></span> <span class='ocrx_word' id='word_1_416' title='bbox 1722 4250 2049 4321; x_wconf 81' lang='lat' dir='ltr'><strong>quingento-</strong></span> 
     </span>
    </p>
   </div>
   <div class='ocr_carea' id='block_1_60' title="bbox 461 4337 2049 4411">
    <p class='ocr_par' dir='ltr' id='par_1_60' title="bbox 461 4337 2049 4411">
     <span class='ocr_line' id='line_1_60' title="bbox 461 4337 2049 4411; baseline 0.002 -18"><span class='ocrx_word' id='word_1_417' title='bbox 461 4353 608 4402; x_wconf 80' lang='lat' dir='ltr'><strong>rum,</strong></span> <span class='ocrx_word' id='word_1_418' title='bbox 633 4339 837 4409; x_wconf 77' lang='lat' dir='ltr'><strong>quibus</strong></span> <span class='ocrx_word' id='word_1_419' title='bbox 861 4337 1030 4393; x_wconf 88' lang='lat' dir='ltr'><strong>simul</strong></span> <span class='ocrx_word' id='word_1_420' title='bbox 1058 4343 1183 4408; x_wconf 88' lang='lat' dir='ltr'><strong>post</strong></span> <span class='ocrx_word' id='word_1_421' title='bbox 1206 4337 1669 4394; x_wconf 87' lang='lat' dir='ltr'><strong>resurrectionem</strong></span> <span class='ocrx_word' id='word_1_422' title='bbox 1697 4341 1972 4411; x_wconf 88' lang='lat' dir='ltr'><strong>apparuit,</strong></span> <span class='ocrx_word' id='word_1_423' title='bbox 1992 4351 2049 4396; x_wconf 91' lang='lat' dir='ltr'><strong>ut</strong></span> 
     </span>
    </p>
   </div>
   <div class='ocr_carea' id='block_1_61' title="bbox 461 4427 2049 4498">
    <p class='ocr_par' dir='ltr' id='par_1_61' title="bbox 461 4427 2049 4498">
     <span class='ocr_line' id='line_1_61' title="bbox 461 4427 2049 4498; baseline 0.002 -13"><span class='ocrx_word' id='word_1_424' title='bbox 461 4429 684 4485; x_wconf 87' lang='lat' dir='ltr'><strong>divinus</strong></span> <span class='ocrx_word' id='word_1_425' title='bbox 728 4428 1028 4498; x_wconf 79' lang='lat' dir='ltr'><strong>Apostolus</strong></span> <span class='ocrx_word' id='word_1_426' title='bbox 1053 4427 1382 4486; x_wconf 80' lang='lat' dir='ltr'><strong>testiﬁcatur</strong></span> <span class='ocrx_word' id='word_1_427' title='bbox 1411 4428 1499 4484; x_wconf 89' lang='lat' dir='ltr'><strong>his</strong></span> <span class='ocrx_word' id='word_1_428' title='bbox 1520 4431 1706 4485; x_wconf 85' lang='lat' dir='ltr'><strong>verbis</strong></span> <span class='ocrx_word' id='word_1_429' title='bbox 1738 4449 1753 4488; x_wconf 88' lang='lat'><strong>:</strong></span> <span class='ocrx_word' id='word_1_430' title='bbox 1787 4450 1807 4484; x_wconf 77' lang='grc' dir='ltr'><strong>ι</strong></span> <span class='ocrx_word' id='word_1_431' title='bbox 1843 4430 2049 4488; x_wconf 89' lang='lat' dir='ltr'><strong>Deinde</strong></span> 
     </span>
    </p>
   </div>
   <div class='ocr_carea' id='block_1_62' title="bbox 459 4520 2048 4591">
    <p class='ocr_par' dir='ltr' id='par_1_62' title="bbox 459 4520 2048 4591">
     <span class='ocr_line' id='line_1_62' title="bbox 459 4520 2048 4591; baseline 0.003 -17"><span class='ocrx_word' id='word_1_432' title='bbox 459 4521 613 4577; x_wconf 76' lang='lat' dir='ltr'><strong>visus</strong></span> <span class='ocrx_word' id='word_1_433' title='bbox 635 4528 721 4577; x_wconf 90' lang='lat' dir='ltr'><strong>est</strong></span> <span class='ocrx_word' id='word_1_434' title='bbox 761 4521 886 4591; x_wconf 92' lang='lat' dir='ltr'><strong>plus</strong></span> <span class='ocrx_word' id='word_1_435' title='bbox 903 4535 1068 4591; x_wconf 84' lang='lat' dir='ltr'><strong>quam</strong></span> <span class='ocrx_word' id='word_1_436' title='bbox 1107 4520 1425 4591; x_wconf 77' lang='lat' dir='ltr'><strong>quingentis</strong></span> <span class='ocrx_word' id='word_1_437' title='bbox 1457 4521 1721 4578; x_wconf 76' lang='lat' dir='ltr'><strong>fratribus</strong></span> <span class='ocrx_word' id='word_1_438' title='bbox 1742 4523 1904 4579; x_wconf 89' lang='lat' dir='ltr'><strong>simul</strong></span> <span class='ocrx_word' id='word_1_439' title='bbox 1940 4541 1954 4578; x_wconf 94' lang='lat'>:</span> <span class='ocrx_word' id='word_1_440' title='bbox 1981 4538 2048 4578; x_wconf 81' lang='lat' dir='ltr'><strong>ex</strong></span> 
     </span>
    </p>
   </div>
   <div class='ocr_carea' id='block_1_63' title="bbox 459 4613 2048 4686">
    <p class='ocr_par' dir='ltr' id='par_1_63' title="bbox 459 4613 2048 4686">
     <span class='ocr_line' id='line_1_63' title="bbox 459 4613 2048 4686; baseline 0.003 -19"><span class='ocrx_word' id='word_1_441' title='bbox 459 4613 851 4682; x_wconf 65' lang='lat' dir='ltr'><strong>Quibusmulti</strong></span> <span class='ocrx_word' id='word_1_442' title='bbox 899 4620 1126 4669; x_wconf 88' lang='lat' dir='ltr'><strong>manent</strong></span> <span class='ocrx_word' id='word_1_443' title='bbox 1155 4628 1332 4684; x_wconf 88' lang='lat' dir='ltr'><strong>usque</strong></span> <span class='ocrx_word' id='word_1_444' title='bbox 1375 4614 1576 4680; x_wconf 86' lang='lat' dir='ltr'><strong>adhuc,</strong></span> <span class='ocrx_word' id='word_1_445' title='bbox 1607 4613 1828 4686; x_wconf 85' lang='lat' dir='ltr'><strong>quidam</strong></span> <span class='ocrx_word' id='word_1_446' title='bbox 1866 4627 2048 4673; x_wconf 85' lang='lat' dir='ltr'><strong>autem</strong></span> 
     </span>
    </p>
   </div>
   <div class='ocr_carea' id='block_1_64' title="bbox 459 4703 2047 4778">
    <p class='ocr_par' dir='ltr' id='par_1_64' title="bbox 459 4703 2047 4778">
     <span class='ocr_line' id='line_1_64' title="bbox 459 4703 2047 4778; baseline 0.003 -17"><span class='ocrx_word' id='word_1_447' title='bbox 459 4703 806 4762; x_wconf 69' lang='lat' dir='ltr'><strong>dormierunt</strong></span> <span class='ocrx_word' id='word_1_448' title='bbox 833 4706 920 4772; x_wconf 60' lang='lat'><strong>’5;</strong></span> <span class='ocrx_word' id='word_1_449' title='bbox 957 4724 977 4758; x_wconf 71' lang='grc' dir='ltr'><strong>ι</strong></span> <span class='ocrx_word' id='word_1_450' title='bbox 1002 4715 1192 4776; x_wconf 89' lang='lat' dir='ltr'><strong>postea</strong></span> <span class='ocrx_word' id='word_1_451' title='bbox 1223 4706 1508 4778; x_wconf 76' lang='lat' dir='ltr'><strong>subjungit</strong></span> <span class='ocrx_word' id='word_1_452' title='bbox 1537 4726 1550 4762; x_wconf 90' lang='lat'>:</span> <span class='ocrx_word' id='word_1_453' title='bbox 1598 4726 1619 4760; x_wconf 75' lang='grc' dir='ltr'><strong>ι</strong></span> <span class='ocrx_word' id='word_1_454' title='bbox 1655 4707 1860 4764; x_wconf 88' lang='lat' dir='ltr'><strong>Deinde</strong></span> <span class='ocrx_word' id='word_1_455' title='bbox 1893 4710 2047 4766; x_wconf 87' lang='lat' dir='ltr'><strong>visus</strong></span> 
     </span>
    </p>
   </div>
   <div class='ocr_carea' id='block_1_65' title="bbox 2153 2213 3782 2296">
    <p class='ocr_par' dir='ltr' id='par_1_65' title="bbox 2153 2213 3782 2296">
     <span class='ocr_line' id='line_1_65' title="bbox 2153 2213 3782 2296; baseline -0.006 -17"><span class='ocrx_word' id='word_1_456' title='bbox 2153 2224 2315 2296; x_wconf 88' lang='grc' dir='ltr'>νάμει</span> <span class='ocrx_word' id='word_1_457' title='bbox 2358 2221 2548 2294; x_wconf 73' lang='grc' dir='ltr'>πολλῇ.</span> <span class='ocrx_word' id='word_1_458' title='bbox 2587 2239 2605 2272; x_wconf 73' lang='grc' dir='ltr'><strong>ι</strong></span> <span class='ocrx_word' id='word_1_459' title='bbox 2652 2221 2972 2289; x_wconf 81' lang='grc' dir='ltr'>Ἀναγκαῖον</span> <span class='ocrx_word' id='word_1_460' title='bbox 3011 2219 3071 2272; x_wconf 80' lang='grc' dir='ltr'><strong>δὲ</strong></span> <span class='ocrx_word' id='word_1_461' title='bbox 3115 2213 3184 2290; x_wconf 75' lang='grc' dir='ltr'>ἦν</span> <span class='ocrx_word' id='word_1_462' title='bbox 3223 2218 3440 2288; x_wconf 86' lang='grc' dir='ltr'>γνῶναι</span> <span class='ocrx_word' id='word_1_463' title='bbox 3477 2217 3648 2289; x_wconf 75' lang='grc' dir='ltr'>ἡμᾶς</span> <span class='ocrx_word' id='word_1_464' title='bbox 3691 2217 3782 2270; x_wconf 73' lang='grc' dir='ltr'>καὶ</span> 
     </span>
    </p>
   </div>
   <div class='ocr_carea' id='block_1_66' title="bbox 2154 2309 3782 2386">
    <p class='ocr_par' dir='ltr' id='par_1_66' title="bbox 2154 2309 3782 2386">
     <span class='ocr_line' id='line_1_66' title="bbox 2154 2309 3782 2386; baseline -0.008 -13"><span class='ocrx_word' id='word_1_465' title='bbox 2154 2320 2332 2374; x_wconf 80' lang='grc' dir='ltr'>τοῦτο.</span> <span class='ocrx_word' id='word_1_466' title='bbox 2387 2314 2606 2386; x_wconf 82' lang='grc' dir='ltr'><strong>Ἐπειδὴ</strong></span> <span class='ocrx_word' id='word_1_467' title='bbox 2649 2313 2906 2386; x_wconf 82' lang='grc' dir='ltr'><strong>ἀνωτέρω</strong></span> <span class='ocrx_word' id='word_1_468' title='bbox 2961 2311 3361 2384; x_wconf 74' lang='grc' dir='ltr'>παρεκελεῦετό</span> <span class='ocrx_word' id='word_1_469' title='bbox 3411 2327 3578 2364; x_wconf 80' lang='grc' dir='ltr'>τισιν</span> <span class='ocrx_word' id='word_1_470' title='bbox 3631 2309 3782 2381; x_wconf 74' lang='grc' dir='ltr'>ᾄδειν</span> 
     </span>
    </p>
   </div>
   <div class='ocr_carea' id='block_1_67' title="bbox 2155 2399 3778 2480">
    <p class='ocr_par' dir='ltr' id='par_1_67' title="bbox 2155 2399 3778 2480">
     <span class='ocr_line' id='line_1_67' title="bbox 2155 2399 3778 2480; baseline -0.007 -14"><span class='ocrx_word' id='word_1_471' title='bbox 2155 2411 2252 2467; x_wconf 72' lang='grc' dir='ltr'><strong>καὶ</strong></span> <span class='ocrx_word' id='word_1_472' title='bbox 2295 2409 2520 2480; x_wconf 82' lang='grc' dir='ltr'>ψάλλειν</span> <span class='ocrx_word' id='word_1_473' title='bbox 2561 2406 2638 2478; x_wconf 81' lang='grc' dir='ltr'>τῷ</span> <span class='ocrx_word' id='word_1_474' title='bbox 2679 2404 2820 2478; x_wconf 83' lang='grc' dir='ltr'>Θεῷ,</span> <span class='ocrx_word' id='word_1_475' title='bbox 2863 2406 3128 2459; x_wconf 79' lang='grc' dir='ltr'>ὁδοποιεῖν</span> <span class='ocrx_word' id='word_1_476' title='bbox 3178 2420 3237 2458; x_wconf 91' lang='grc' dir='ltr'><strong>τε</strong></span> <span class='ocrx_word' id='word_1_477' title='bbox 3278 2403 3358 2474; x_wconf 84' lang='grc' dir='ltr'>τῷ</span> <span class='ocrx_word' id='word_1_478' title='bbox 3393 2399 3778 2471; x_wconf 75' lang='grc' dir='ltr'>ἐπιϐεϐηκότι</span> 
     </span>
    </p>
   </div>
   <div class='ocr_carea' id='block_1_68' title="bbox 2153 2493 3777 2574">
    <p class='ocr_par' dir='ltr' id='par_1_68' title="bbox 2153 2493 3777 2574">
     <span class='ocr_line' id='line_1_68' title="bbox 2153 2493 3777 2574; baseline -0.009 -15"><span class='ocrx_word' id='word_1_479' title='bbox 2153 2505 2246 2560; x_wconf 72' lang='grc' dir='ltr'>ἐπὶ</span> <span class='ocrx_word' id='word_1_480' title='bbox 2297 2502 2553 2574; x_wconf 83' lang='grc' dir='ltr'>δυσμῶν,</span> <span class='ocrx_word' id='word_1_481' title='bbox 2603 2499 2951 2572; x_wconf 80' lang='grc' dir='ltr'>παρέστησεν</span> <span class='ocrx_word' id='word_1_482' title='bbox 3005 2495 3203 2551; x_wconf 83' lang='grc' dir='ltr'>εἰπών·</span> <span class='ocrx_word' id='word_1_483' title='bbox 3255 2516 3276 2548; x_wconf 74' lang='grc' dir='ltr'><strong>ι</strong></span> <span class='ocrx_word' id='word_1_484' title='bbox 3328 2497 3561 2568; x_wconf 82' lang='grc' dir='ltr'>Κύριος</span> <span class='ocrx_word' id='word_1_485' title='bbox 3608 2493 3777 2548; x_wconf 82' lang='grc' dir='ltr'>δώσει</span> 
     </span>
    </p>
   </div>
   <div class='ocr_carea' id='block_1_69' title="bbox 2155 2583 3774 2669">
    <p class='ocr_par' dir='ltr' id='par_1_69' title="bbox 2155 2583 3774 2669">
     <span class='ocr_line' id='line_1_69' title="bbox 2155 2583 3774 2669; baseline -0.009 -18"><span class='ocrx_word' id='word_1_486' title='bbox 2155 2597 2309 2669; x_wconf 78' lang='grc' dir='ltr'>ῥῆμα</span> <span class='ocrx_word' id='word_1_487' title='bbox 2341 2597 2455 2659; x_wconf 82' lang='grc' dir='ltr'>τοῖς</span> <span class='ocrx_word' id='word_1_488' title='bbox 2488 2591 3000 2662; x_wconf 78' lang='grc' dir='ltr'>εὖαγγελιζομὲνοις</span> <span class='ocrx_word' id='word_1_489' title='bbox 3043 2587 3272 2660; x_wconf 75' lang='grc' dir='ltr'>δυνάμει</span> <span class='ocrx_word' id='word_1_490' title='bbox 3316 2587 3529 2658; x_wconf 77' lang='grc' dir='ltr'>πολλῇ.</span> <span class='ocrx_word' id='word_1_491' title='bbox 3577 2604 3596 2637; x_wconf 73' lang='grc' dir='ltr'><strong>ι</strong></span> <span class='ocrx_word' id='word_1_492' title='bbox 3632 2583 3774 2637; x_wconf 69' lang='grc' dir='ltr'>Τού-</span> 
     </span>
    </p>
   </div>
   <div class='ocr_carea' id='block_1_70' title="bbox 2152 2674 3774 2758">
    <p class='ocr_par' dir='ltr' id='par_1_70' title="bbox 2152 2674 3774 2758">
     <span class='ocr_line' id='line_1_70' title="bbox 2152 2674 3774 2758; baseline -0.01 -15"><span class='ocrx_word' id='word_1_493' title='bbox 2152 2705 2266 2752; x_wconf 89' lang='grc' dir='ltr'>τοις</span> <span class='ocrx_word' id='word_1_494' title='bbox 2299 2685 2408 2758; x_wconf 83' lang='grc' dir='ltr'><strong>γὰρ</strong></span> <span class='ocrx_word' id='word_1_495' title='bbox 2438 2689 2550 2750; x_wconf 87' lang='grc' dir='ltr'>τοῖς</span> <span class='ocrx_word' id='word_1_496' title='bbox 2577 2680 3089 2753; x_wconf 79' lang='grc' dir='ltr'>εὖαγγελιζομένοις</span> <span class='ocrx_word' id='word_1_497' title='bbox 3111 2681 3206 2734; x_wconf 77' lang='grc' dir='ltr'>καὶ</span> <span class='ocrx_word' id='word_1_498' title='bbox 3227 2678 3590 2734; x_wconf 78' lang='grc' dir='ltr'>ὁδοποιοῧσιν</span> <span class='ocrx_word' id='word_1_499' title='bbox 3621 2674 3774 2746; x_wconf 80' lang='grc' dir='ltr'><strong>αὗτῷ</strong></span> 
     </span>
    </p>
   </div>
   <div class='ocr_carea' id='block_1_71' title="bbox 2151 2771 3774 2853">
    <p class='ocr_par' dir='ltr' id='par_1_71' title="bbox 2151 2771 3774 2853">
     <span class='ocr_line' id='line_1_71' title="bbox 2151 2771 3774 2853; baseline -0.009 -17"><span class='ocrx_word' id='word_1_500' title='bbox 2151 2779 2250 2853; x_wconf 77' lang='grc' dir='ltr'><strong>τὴν</strong></span> <span class='ocrx_word' id='word_1_501' title='bbox 2277 2781 2356 2844; x_wconf 71' lang='lat' dir='ltr'><strong>si;</strong></span> <span class='ocrx_word' id='word_1_502' title='bbox 2379 2776 2698 2850; x_wconf 82' lang='grc' dir='ltr'>ἀνθρώπους</span> <span class='ocrx_word' id='word_1_503' title='bbox 2727 2773 2958 2846; x_wconf 84' lang='grc' dir='ltr'>πάροδον</span> <span class='ocrx_word' id='word_1_504' title='bbox 2973 2772 3136 2836; x_wconf 80' lang='grc' dir='ltr'>αὐτὸς</span> <span class='ocrx_word' id='word_1_505' title='bbox 3159 2774 3188 2826; x_wconf 89' lang='grc' dir='ltr'>ὁ</span> <span class='ocrx_word' id='word_1_506' title='bbox 3221 2772 3356 2845; x_wconf 81' lang='grc' dir='ltr'>πρὸς</span> <span class='ocrx_word' id='word_1_507' title='bbox 3383 2771 3589 2826; x_wconf 81' lang='grc' dir='ltr'>αὐτῶν</span> <span class='ocrx_word' id='word_1_508' title='bbox 3637 2787 3774 2824; x_wconf 83' lang='grc' dir='ltr'>κατ-</span> 
     </span>
    </p>
   </div>
   <div class='ocr_carea' id='block_1_72' title="bbox 2153 2861 3769 2942">
    <p class='ocr_par' dir='ltr' id='par_1_72' title="bbox 2153 2861 3769 2942">
     <span class='ocr_line' id='line_1_72' title="bbox 2153 2861 3769 2942; baseline -0.007 -15"><span class='ocrx_word' id='word_1_509' title='bbox 2153 2871 2548 2942; x_wconf 84' lang='grc' dir='ltr'>αγγελλόμενος</span> <span class='ocrx_word' id='word_1_510' title='bbox 2606 2867 2768 2922; x_wconf 87' lang='grc' dir='ltr'>δώσει</span> <span class='ocrx_word' id='word_1_511' title='bbox 2834 2866 2985 2938; x_wconf 79' lang='grc' dir='ltr'>ῥῆμα</span> <span class='ocrx_word' id='word_1_512' title='bbox 3059 2863 3261 2919; x_wconf 89' lang='grc' dir='ltr'>θεῖκόν.</span> <span class='ocrx_word' id='word_1_513' title='bbox 3317 2864 3600 2918; x_wconf 80' lang='grc' dir='ltr'>Τοσοῦτοι</span> <span class='ocrx_word' id='word_1_514' title='bbox 3656 2861 3769 2932; x_wconf 74' lang='grc' dir='ltr'>γὰρ</span> 
     </span>
    </p>
   </div>
   <div class='ocr_carea' id='block_1_73' title="bbox 2150 2949 3764 3034">
    <p class='ocr_par' dir='ltr' id='par_1_73' title="bbox 2150 2949 3764 3034">
     <span class='ocr_line' id='line_1_73' title="bbox 2150 2949 3764 3034; baseline -0.007 -18"><span class='ocrx_word' id='word_1_515' title='bbox 2150 2957 2291 3034; x_wconf 78' lang='grc' dir='ltr'>ἦσαν</span> <span class='ocrx_word' id='word_1_516' title='bbox 2339 2957 2637 3033; x_wconf 75' lang='grc' dir='ltr'>χωρητικοὶ</span> <span class='ocrx_word' id='word_1_517' title='bbox 2683 2956 2780 3010; x_wconf 77' lang='grc' dir='ltr'><strong>σὺν</strong></span> <span class='ocrx_word' id='word_1_518' title='bbox 2825 2954 2992 3026; x_wconf 78' lang='grc' dir='ltr'>πολλῇ</span> <span class='ocrx_word' id='word_1_519' title='bbox 3028 2955 3288 3027; x_wconf 80' lang='grc' dir='ltr'>δυνάμει’</span> <span class='ocrx_word' id='word_1_520' title='bbox 3331 2955 3428 3010; x_wconf 76' lang='grc' dir='ltr'><strong>καὶ</strong></span> <span class='ocrx_word' id='word_1_521' title='bbox 3477 2955 3640 3026; x_wconf 85' lang='grc' dir='ltr'>μέγα</span> <span class='ocrx_word' id='word_1_522' title='bbox 3692 2949 3764 3022; x_wconf 71' lang='grc' dir='ltr'>ἦν</span> 
     </span>
    </p>
   </div>
   <div class='ocr_carea' id='block_1_74' title="bbox 2153 3044 3764 3124">
    <p class='ocr_par' dir='ltr' id='par_1_74' title="bbox 2153 3044 3764 3124">
     <span class='ocr_line' id='line_1_74' title="bbox 2153 3044 3764 3124; baseline -0.007 -14"><span class='ocrx_word' id='word_1_523' title='bbox 2153 3058 2337 3120; x_wconf 82' lang='grc' dir='ltr'>αὐτοῖς</span> <span class='ocrx_word' id='word_1_524' title='bbox 2364 3056 2514 3108; x_wconf 85' lang='grc' dir='ltr'>τουτὶ</span> <span class='ocrx_word' id='word_1_525' title='bbox 2538 3052 2599 3106; x_wconf 77' lang='grc' dir='ltr'><strong>τό</strong></span> <span class='ocrx_word' id='word_1_526' title='bbox 2631 3051 2783 3124; x_wconf 76' lang='grc' dir='ltr'>ῥῆμα</span> <span class='ocrx_word' id='word_1_527' title='bbox 2810 3050 2904 3104; x_wconf 75' lang='grc' dir='ltr'><strong>καὶ</strong></span> <span class='ocrx_word' id='word_1_528' title='bbox 2941 3049 3215 3122; x_wconf 77' lang='grc' dir='ltr'>αὔταρκες</span> <span class='ocrx_word' id='word_1_529' title='bbox 3245 3051 3324 3114; x_wconf 72' lang='grc' dir='ltr'>εἰς</span> <span class='ocrx_word' id='word_1_530' title='bbox 3350 3049 3452 3121; x_wconf 80' lang='grc' dir='ltr'>τὴν</span> <span class='ocrx_word' id='word_1_531' title='bbox 3497 3047 3602 3101; x_wconf 77' lang='grc' dir='ltr'>τοῦ</span> <span class='ocrx_word' id='word_1_532' title='bbox 3654 3044 3764 3099; x_wconf 79' lang='grc' dir='ltr'><strong>Εὐ-</strong></span> 
     </span>
    </p>
   </div>
   <div class='ocr_carea' id='block_1_75' title="bbox 2151 3134 3763 3215">
    <p class='ocr_par' dir='ltr' id='par_1_75' title="bbox 2151 3134 3763 3215">
     <span class='ocr_line' id='line_1_75' title="bbox 2151 3134 3763 3215; baseline -0.008 -15"><span class='ocrx_word' id='word_1_533' title='bbox 2151 3144 2405 3215; x_wconf 85' lang='grc' dir='ltr'>αγγελίου</span> <span class='ocrx_word' id='word_1_534' title='bbox 2448 3143 2747 3197; x_wconf 80' lang='grc' dir='ltr'>διακονίαν.</span> <span class='ocrx_word' id='word_1_535' title='bbox 2797 3141 2968 3204; x_wconf 81' lang='grc' dir='ltr'>Αὐτὸς</span> <span class='ocrx_word' id='word_1_536' title='bbox 3005 3140 3104 3212; x_wconf 88' lang='grc' dir='ltr'><strong>μέν</strong></span> <span class='ocrx_word' id='word_1_537' title='bbox 3150 3139 3256 3212; x_wconf 83' lang='grc' dir='ltr'>γὰρ</span> <span class='ocrx_word' id='word_1_538' title='bbox 3287 3141 3316 3192; x_wconf 84' lang='grc' dir='ltr'>ὁ</span> <span class='ocrx_word' id='word_1_539' title='bbox 3343 3139 3566 3210; x_wconf 80' lang='grc' dir='ltr'>Κύριος</span> <span class='ocrx_word' id='word_1_540' title='bbox 3612 3138 3644 3190; x_wconf 84' lang='grc' dir='ltr'><strong>ό</strong></span> <span class='ocrx_word' id='word_1_541' title='bbox 3673 3134 3763 3188; x_wconf 69' lang='grc' dir='ltr'><strong>τέο</strong></span> 
     </span>
    </p>
   </div>
   <div class='ocr_carea' id='block_1_76' title="bbox 2151 3227 3759 3308">
    <p class='ocr_par' dir='ltr' id='par_1_76' title="bbox 2151 3227 3759 3308">
     <span class='ocr_line' id='line_1_76' title="bbox 2151 3227 3759 3308; baseline -0.008 -17"><span class='ocrx_word' id='word_1_542' title='bbox 2151 3239 2294 3300; x_wconf 85' lang='grc' dir='ltr'>λειος</span> <span class='ocrx_word' id='word_1_543' title='bbox 2338 3231 2409 3308; x_wconf 76' lang='grc' dir='ltr'>ἦν</span> <span class='ocrx_word' id='word_1_544' title='bbox 2439 3234 2533 3288; x_wconf 78' lang='grc' dir='ltr'>τοῦ</span> <span class='ocrx_word' id='word_1_545' title='bbox 2576 3233 2712 3289; x_wconf 81' lang='grc' dir='ltr'>Θεοῦ</span> <span class='ocrx_word' id='word_1_546' title='bbox 2746 3234 2938 3303; x_wconf 83' lang='grc' dir='ltr'>Λόγος.</span> <span class='ocrx_word' id='word_1_547' title='bbox 2978 3231 3042 3286; x_wconf 90' lang='grc' dir='ltr'>Οἱ</span> <span class='ocrx_word' id='word_1_548' title='bbox 3072 3231 3130 3284; x_wconf 86' lang='grc' dir='ltr'><strong>δέ</strong></span> <span class='ocrx_word' id='word_1_549' title='bbox 3165 3231 3319 3303; x_wconf 77' lang='grc' dir='ltr'>ῥῆμα</span> <span class='ocrx_word' id='word_1_550' title='bbox 3355 3229 3634 3292; x_wconf 79' lang='grc' dir='ltr'>λαϐόντες</span> <span class='ocrx_word' id='word_1_551' title='bbox 3661 3227 3759 3281; x_wconf 77' lang='grc' dir='ltr'>καὶ</span> 
     </span>
    </p>
   </div>
   <div class='ocr_carea' id='block_1_77' title="bbox 2153 3321 3760 3402">
    <p class='ocr_par' dir='ltr' id='par_1_77' title="bbox 2153 3321 3760 3402">
     <span class='ocr_line' id='line_1_77' title="bbox 2153 3321 3760 3402; baseline -0.009 -17"><span class='ocrx_word' id='word_1_552' title='bbox 2153 3331 2410 3402; x_wconf 84' lang='grc' dir='ltr'>βραχείας</span> <span class='ocrx_word' id='word_1_553' title='bbox 2437 3329 2580 3394; x_wconf 80' lang='grc' dir='ltr'>τινὸς</span> <span class='ocrx_word' id='word_1_554' title='bbox 2601 3327 2701 3399; x_wconf 82' lang='grc' dir='ltr'>τῆς</span> <span class='ocrx_word' id='word_1_555' title='bbox 2727 3326 2890 3380; x_wconf 80' lang='grc' dir='ltr'>αὐτοῦ</span> <span class='ocrx_word' id='word_1_556' title='bbox 2911 3325 3190 3396; x_wconf 83' lang='grc' dir='ltr'>δυνάμεως</span> <span class='ocrx_word' id='word_1_557' title='bbox 3215 3321 3581 3395; x_wconf 84' lang='grc' dir='ltr'>ἐμπνεύσεως</span> <span class='ocrx_word' id='word_1_558' title='bbox 3623 3336 3760 3374; x_wconf 87' lang='grc' dir='ltr'>κατ-</span> 
     </span>
    </p>
   </div>
   <div class='ocr_carea' id='block_1_78' title="bbox 2152 3409 3755 3492">
    <p class='ocr_par' dir='ltr' id='par_1_78' title="bbox 2152 3409 3755 3492">
     <span class='ocr_line' id='line_1_78' title="bbox 2152 3409 3755 3492; baseline -0.009 -15"><span class='ocrx_word' id='word_1_559' title='bbox 2152 3421 2472 3488; x_wconf 78' lang='grc' dir='ltr'>αξιωθέντες</span> <span class='ocrx_word' id='word_1_560' title='bbox 2501 3419 2600 3492; x_wconf 72' lang='grc' dir='ltr'>τὴν</span> <span class='ocrx_word' id='word_1_561' title='bbox 2655 3419 2947 3490; x_wconf 80' lang='grc' dir='ltr'>σύμπασαν</span> <span class='ocrx_word' id='word_1_562' title='bbox 2991 3417 3262 3489; x_wconf 87' lang='grc' dir='ltr'>ἐπλήρουν</span> <span class='ocrx_word' id='word_1_563' title='bbox 3287 3415 3630 3487; x_wconf 76' lang='grc' dir='ltr'>οἰκουμένην</span> <span class='ocrx_word' id='word_1_564' title='bbox 3657 3409 3755 3464; x_wconf 78' lang='grc' dir='ltr'><strong>τοῦ</strong></span> 
     </span>
    </p>
   </div>
   <div class='ocr_carea' id='block_1_79' title="bbox 2152 3503 3757 3584">
    <p class='ocr_par' dir='ltr' id='par_1_79' title="bbox 2152 3503 3757 3584">
     <span class='ocr_line' id='line_1_79' title="bbox 2152 3503 3757 3584; baseline -0.007 -16"><span class='ocrx_word' id='word_1_565' title='bbox 2152 3513 2484 3584; x_wconf 82' lang='grc' dir='ltr'>Εὐαγγελίου</span> <span class='ocrx_word' id='word_1_566' title='bbox 2528 3513 2624 3567; x_wconf 77' lang='grc' dir='ltr'><strong>σὺν</strong></span> <span class='ocrx_word' id='word_1_567' title='bbox 2667 3511 2833 3583; x_wconf 81' lang='grc' dir='ltr'>πολλῇ</span> <span class='ocrx_word' id='word_1_568' title='bbox 2880 3509 3106 3580; x_wconf 82' lang='grc' dir='ltr'>δυνάμει</span> <span class='ocrx_word' id='word_1_569' title='bbox 3149 3508 3538 3581; x_wconf 85' lang='grc' dir='ltr'>κηρύττοντες.</span> <span class='ocrx_word' id='word_1_570' title='bbox 3575 3503 3757 3558; x_wconf 84' lang='grc' dir='ltr'>Τοῦτο</span> 
     </span>
    </p>
   </div>
   <div class='ocr_carea' id='block_1_80' title="bbox 2152 3598 3756 3678">
    <p class='ocr_par' dir='ltr' id='par_1_80' title="bbox 2152 3598 3756 3678">
     <span class='ocr_line' id='line_1_80' title="bbox 2152 3598 3756 3678; baseline -0.006 -16"><span class='ocrx_word' id='word_1_571' title='bbox 2152 3608 2281 3677; x_wconf 79' lang='grc' dir='ltr'>γοῦν</span> <span class='ocrx_word' id='word_1_572' title='bbox 2309 3606 2402 3661; x_wconf 78' lang='grc' dir='ltr'>καὶ</span> <span class='ocrx_word' id='word_1_573' title='bbox 2435 3604 2742 3678; x_wconf 82' lang='grc' dir='ltr'>ἐπήγγελτο</span> <span class='ocrx_word' id='word_1_574' title='bbox 2771 3606 2953 3668; x_wconf 81' lang='grc' dir='ltr'>αὐτοῖς</span> <span class='ocrx_word' id='word_1_575' title='bbox 2972 3604 3038 3657; x_wconf 78' lang='grc' dir='ltr'>δι’</span> <span class='ocrx_word' id='word_1_576' title='bbox 3065 3602 3258 3658; x_wconf 84' lang='grc' dir='ltr'>ἐαυτοῦ</span> <span class='ocrx_word' id='word_1_577' title='bbox 3281 3603 3485 3673; x_wconf 78' lang='grc' dir='ltr'>φήσαςο</span> <span class='ocrx_word' id='word_1_578' title='bbox 3507 3622 3526 3654; x_wconf 78' lang='grc' dir='ltr'><strong>ι</strong></span> <span class='ocrx_word' id='word_1_579' title='bbox 3553 3598 3756 3671; x_wconf 80' lang='grc' dir='ltr'>Ὑμεῖς</span> 
     </span>
    </p>
   </div>
   <div class='ocr_carea' id='block_1_81' title="bbox 2151 3693 3750 3772">
    <p class='ocr_par' dir='ltr' id='par_1_81' title="bbox 2151 3693 3750 3772">
     <span class='ocr_line' id='line_1_81' title="bbox 2151 3693 3750 3772; baseline -0.008 -16"><span class='ocrx_word' id='word_1_580' title='bbox 2151 3701 2210 3756; x_wconf 85' lang='grc' dir='ltr'><strong>δέ</strong></span> <span class='ocrx_word' id='word_1_581' title='bbox 2239 3699 2475 3772; x_wconf 73' lang='grc' dir='ltr'>λήψεσθε</span> <span class='ocrx_word' id='word_1_582' title='bbox 2506 3698 2736 3770; x_wconf 85' lang='grc' dir='ltr'>δύναμιν</span> <span class='ocrx_word' id='word_1_583' title='bbox 2764 3697 3082 3761; x_wconf 83' lang='grc' dir='ltr'>ἐπελθόντος</span> <span class='ocrx_word' id='word_1_584' title='bbox 3107 3695 3203 3749; x_wconf 77' lang='grc' dir='ltr'>τοῦ</span> <span class='ocrx_word' id='word_1_585' title='bbox 3231 3694 3386 3764; x_wconf 85' lang='grc' dir='ltr'>ἁγίου</span> <span class='ocrx_word' id='word_1_586' title='bbox 3417 3693 3564 3747; x_wconf 75' lang='grc' dir='ltr'>Πνεύ</span> <span class='ocrx_word' id='word_1_587' title='bbox 3574 3707 3750 3764; x_wconf 85' lang='grc' dir='ltr'>ματος</span> 
     </span>
    </p>
   </div>
   <div class='ocr_carea' id='block_1_82' title="bbox 2152 3784 3747 3865">
    <p class='ocr_par' dir='ltr' id='par_1_82' title="bbox 2152 3784 3747 3865">
     <span class='ocr_line' id='line_1_82' title="bbox 2152 3784 3747 3865; baseline -0.007 -19"><span class='ocrx_word' id='word_1_588' title='bbox 2152 3794 2237 3863; x_wconf 79' lang='grc' dir='ltr'><strong>ἐφ’</strong></span> <span class='ocrx_word' id='word_1_589' title='bbox 2266 3793 2432 3865; x_wconf 81' lang='grc' dir='ltr'>ὑμᾶς.</span> <span class='ocrx_word' id='word_1_590' title='bbox 2466 3810 2484 3844; x_wconf 76' lang='grc' dir='ltr'><strong>ι</strong></span> <span class='ocrx_word' id='word_1_591' title='bbox 2513 3791 2672 3844; x_wconf 80' lang='grc' dir='ltr'>Κατὰ</span> <span class='ocrx_word' id='word_1_592' title='bbox 2699 3789 2754 3844; x_wconf 83' lang='grc' dir='ltr'><strong>δέ</strong></span> <span class='ocrx_word' id='word_1_593' title='bbox 2780 3789 2871 3843; x_wconf 83' lang='grc' dir='ltr'><strong>τὸν</strong></span> <span class='ocrx_word' id='word_1_594' title='bbox 2897 3789 3213 3860; x_wconf 83' lang='grc' dir='ltr'>Σύμμαχον,</span> <span class='ocrx_word' id='word_1_595' title='bbox 3245 3807 3264 3840; x_wconf 78' lang='grc' dir='ltr'><strong>ι</strong></span> <span class='ocrx_word' id='word_1_596' title='bbox 3295 3786 3524 3860; x_wconf 82' lang='grc' dir='ltr'>Κύριος,</span> <span class='ocrx_word' id='word_1_597' title='bbox 3549 3784 3747 3855; x_wconf 75' lang='grc' dir='ltr'>φησὶν,</span> 
     </span>
    </p>
   </div>
   <div class='ocr_carea' id='block_1_83' title="bbox 2149 3877 3741 3956">
    <p class='ocr_par' dir='ltr' id='par_1_83' title="bbox 2149 3877 3741 3956">
     <span class='ocr_line' id='line_1_83' title="bbox 2149 3877 3741 3956; baseline -0.008 -18"><span class='ocrx_word' id='word_1_598' title='bbox 2149 3885 2316 3938; x_wconf 83' lang='grc' dir='ltr'>ἔδωκε</span> <span class='ocrx_word' id='word_1_599' title='bbox 2369 3885 2554 3956; x_wconf 77' lang='grc' dir='ltr'>ῥήσεις</span> <span class='ocrx_word' id='word_1_600' title='bbox 2585 3883 2662 3952; x_wconf 80' lang='grc'><strong>(1)</strong></span> <span class='ocrx_word' id='word_1_601' title='bbox 2697 3880 3156 3953; x_wconf 79' lang='grc' dir='ltr'>εὐαγγελιζομένῃ</span> <span class='ocrx_word' id='word_1_602' title='bbox 3193 3880 3421 3952; x_wconf 80' lang='grc' dir='ltr'>στρατιᾷ</span> <span class='ocrx_word' id='word_1_603' title='bbox 3465 3877 3668 3948; x_wconf 79' lang='grc' dir='ltr'>πολλῇ.</span> <span class='ocrx_word' id='word_1_604' title='bbox 3722 3893 3741 3925; x_wconf 73' lang='grc' dir='ltr'><strong>ι</strong></span> 
     </span>
    </p>
   </div>
   <div class='ocr_carea' id='block_1_84' title="bbox 2149 3967 3748 4047">
    <p class='ocr_par' dir='ltr' id='par_1_84' title="bbox 2149 3967 3748 4047">
     <span class='ocr_line' id='line_1_84' title="bbox 2149 3967 3748 4047; baseline -0.006 -19"><span class='ocrx_word' id='word_1_605' title='bbox 2149 3973 2384 4047; x_wconf 86' lang='grc' dir='ltr'>Στρατιὰ</span> <span class='ocrx_word' id='word_1_606' title='bbox 2414 3973 2472 4027; x_wconf 88' lang='grc' dir='ltr'><strong>δέ</strong></span> <span class='ocrx_word' id='word_1_607' title='bbox 2491 3969 2560 4046; x_wconf 80' lang='grc' dir='ltr'>ἦν</span> <span class='ocrx_word' id='word_1_608' title='bbox 2590 3971 2760 4045; x_wconf 81' lang='grc' dir='ltr'>πολλὴ</span> <span class='ocrx_word' id='word_1_609' title='bbox 2783 3971 2876 4025; x_wconf 77' lang='grc' dir='ltr'>τοῦ</span> <span class='ocrx_word' id='word_1_610' title='bbox 2911 3971 3162 4043; x_wconf 78' lang='grc' dir='ltr'>Σωτῆρος</span> <span class='ocrx_word' id='word_1_611' title='bbox 3189 3969 3345 4042; x_wconf 75' lang='grc' dir='ltr'>ἡμῶν</span> <span class='ocrx_word' id='word_1_612' title='bbox 3372 3971 3406 4040; x_wconf 80' lang='grc' dir='ltr'>ἡ</span> <span class='ocrx_word' id='word_1_613' title='bbox 3437 3968 3549 4022; x_wconf 89' lang='grc' dir='ltr'><strong>τῶν</strong></span> <span class='ocrx_word' id='word_1_614' title='bbox 3583 3967 3748 4032; x_wconf 80' lang='grc' dir='ltr'>εὐαγ-</span> 
     </span>
    </p>
   </div>
   <div class='ocr_carea' id='block_1_85' title="bbox 2149 4058 3744 4137">
    <p class='ocr_par' dir='ltr' id='par_1_85' title="bbox 2149 4058 3744 4137">
     <span class='ocr_line' id='line_1_85' title="bbox 2149 4058 3744 4137; baseline -0.008 -17"><span class='ocrx_word' id='word_1_615' title='bbox 2149 4065 2515 4137; x_wconf 82' lang='grc' dir='ltr'>γελιζομένων</span> <span class='ocrx_word' id='word_1_616' title='bbox 2545 4065 2647 4130; x_wconf 84' lang='grc' dir='ltr'>τὰς</span> <span class='ocrx_word' id='word_1_617' title='bbox 2672 4063 2918 4129; x_wconf 87' lang='grc' dir='ltr'>δοθείσας</span> <span class='ocrx_word' id='word_1_618' title='bbox 2941 4065 3124 4127; x_wconf 78' lang='grc' dir='ltr'>αὐτοῖς</span> <span class='ocrx_word' id='word_1_619' title='bbox 3154 4064 3360 4135; x_wconf 77' lang='grc' dir='ltr'>ῥήσεις,</span> <span class='ocrx_word' id='word_1_620' title='bbox 3385 4059 3608 4132; x_wconf 86' lang='grc' dir='ltr'>πρῶτον</span> <span class='ocrx_word' id='word_1_621' title='bbox 3643 4058 3744 4129; x_wconf 82' lang='grc' dir='ltr'>μὲν</span> 
     </span>
    </p>
   </div>
   <div class='ocr_carea' id='block_1_86' title="bbox 2150 4151 3744 4228">
    <p class='ocr_par' dir='ltr' id='par_1_86' title="bbox 2150 4151 3744 4228">
     <span class='ocr_line' id='line_1_86' title="bbox 2150 4151 3744 4228; baseline -0.007 -16"><span class='ocrx_word' id='word_1_622' title='bbox 2150 4157 2463 4212; x_wconf 82' lang='grc' dir='ltr'>ἀποστόλων</span> <span class='ocrx_word' id='word_1_623' title='bbox 2512 4155 2601 4211; x_wconf 79' lang='grc' dir='ltr'><strong>ιϐ’·</strong></span> <span class='ocrx_word' id='word_1_624' title='bbox 2646 4156 2835 4211; x_wconf 72' lang='grc' dir='ltr'>ἔπειτα</span> <span class='ocrx_word' id='word_1_625' title='bbox 2881 4155 3137 4228; x_wconf 86' lang='grc' dir='ltr'>μαθητῶν</span> <span class='ocrx_word' id='word_1_626' title='bbox 3169 4155 3230 4209; x_wconf 84' lang='lat'><strong>0&quot;</strong></span> <span class='ocrx_word' id='word_1_627' title='bbox 3267 4156 3362 4209; x_wconf 73' lang='grc' dir='ltr'><strong>καὶ</strong></span> <span class='ocrx_word' id='word_1_628' title='bbox 3401 4155 3494 4208; x_wconf 70' lang='grc' dir='ltr'>ἐπὶ</span> <span class='ocrx_word' id='word_1_629' title='bbox 3524 4151 3744 4212; x_wconf 77' lang='grc' dir='ltr'>τούτοις</span> 
     </span>
    </p>
   </div>
   <div class='ocr_carea' id='block_1_87' title="bbox 2149 4243 3737 4320">
    <p class='ocr_par' dir='ltr' id='par_1_87' title="bbox 2149 4243 3737 4320">
     <span class='ocr_line' id='line_1_87' title="bbox 2149 4243 3737 4320; baseline -0.004 -20"><span class='ocrx_word' id='word_1_630' title='bbox 2149 4247 2352 4320; x_wconf 81' lang='grc' dir='ltr'>ἐτέρων</span> <span class='ocrx_word' id='word_1_631' title='bbox 2388 4255 2460 4318; x_wconf 82' lang='grc' dir='ltr'><strong>φ’,</strong></span> <span class='ocrx_word' id='word_1_632' title='bbox 2507 4244 2588 4311; x_wconf 72' lang='grc' dir='ltr'>οἷς</span> <span class='ocrx_word' id='word_1_633' title='bbox 2618 4247 2830 4318; x_wconf 84' lang='grc' dir='ltr'>ἀθρόως</span> <span class='ocrx_word' id='word_1_634' title='bbox 2868 4247 3042 4317; x_wconf 80' lang='grc' dir='ltr'>ἐφάνη</span> <span class='ocrx_word' id='word_1_635' title='bbox 3091 4243 3231 4318; x_wconf 87' lang='grc' dir='ltr'>μετὰ</span> <span class='ocrx_word' id='word_1_636' title='bbox 3275 4245 3378 4316; x_wconf 83' lang='grc' dir='ltr'><strong>τὴν</strong></span> <span class='ocrx_word' id='word_1_637' title='bbox 3413 4244 3737 4302; x_wconf 84' lang='grc' dir='ltr'>ἀνάστασιν,</span> 
     </span>
    </p>
   </div>
   <div class='ocr_carea' id='block_1_88' title="bbox 2149 4337 3740 4413">
    <p class='ocr_par' dir='ltr' id='par_1_88' title="bbox 2149 4337 3740 4413">
     <span class='ocr_line' id='line_1_88' title="bbox 2149 4337 3740 4413; baseline -0.006 -19"><span class='ocrx_word' id='word_1_638' title='bbox 2149 4339 2225 4406; x_wconf 86' lang='grc' dir='ltr'><strong>ὡς</strong></span> <span class='ocrx_word' id='word_1_639' title='bbox 2254 4340 2283 4393; x_wconf 86' lang='grc' dir='ltr'><strong>ό</strong></span> <span class='ocrx_word' id='word_1_640' title='bbox 2317 4339 2458 4405; x_wconf 88' lang='grc' dir='ltr'>θεῖος</span> <span class='ocrx_word' id='word_1_641' title='bbox 2490 4340 2873 4413; x_wconf 74' lang='grc' dir='ltr'>ἐμαρτύρησεν</span> <span class='ocrx_word' id='word_1_642' title='bbox 2898 4339 3218 4404; x_wconf 87' lang='grc' dir='ltr'>Ἀπόστολος</span> <span class='ocrx_word' id='word_1_643' title='bbox 3241 4337 3430 4394; x_wconf 81' lang='grc' dir='ltr'>εἰπών’</span> <span class='ocrx_word' id='word_1_644' title='bbox 3455 4357 3473 4390; x_wconf 86' lang='grc' dir='ltr'><strong>ι</strong></span> <span class='ocrx_word' id='word_1_645' title='bbox 3502 4339 3740 4390; x_wconf 81' lang='grc' dir='ltr'>Ἔπειτα</span> 
     </span>
    </p>
   </div>
   <div class='ocr_carea' id='block_1_89' title="bbox 2150 4421 3737 4502">
    <p class='ocr_par' dir='ltr' id='par_1_89' title="bbox 2150 4421 3737 4502">
     <span class='ocr_line' id='line_1_89' title="bbox 2150 4421 3737 4502; baseline -0.004 -18"><span class='ocrx_word' id='word_1_646' title='bbox 2150 4429 2308 4502; x_wconf 68' lang='grc' dir='ltr'>ὤφθη</span> <span class='ocrx_word' id='word_1_647' title='bbox 2341 4431 2527 4486; x_wconf 87' lang='grc' dir='ltr'>ἐπάνω</span> <span class='ocrx_word' id='word_1_648' title='bbox 2561 4437 2616 4500; x_wconf 78' lang='grc' dir='ltr'><strong>φ’</strong></span> <span class='ocrx_word' id='word_1_649' title='bbox 2642 4431 2890 4502; x_wconf 77' lang='grc' dir='ltr'>ἀδελφοῖς</span> <span class='ocrx_word' id='word_1_650' title='bbox 2919 4428 3156 4500; x_wconf 77' lang='grc' dir='ltr'>ἐφάπαξο</span> <span class='ocrx_word' id='word_1_651' title='bbox 3193 4427 3252 4495; x_wconf 79' lang='grc' dir='ltr'><strong>ἐξ</strong></span> <span class='ocrx_word' id='word_1_652' title='bbox 3293 4421 3370 4482; x_wconf 83' lang='grc' dir='ltr'>ὧν</span> <span class='ocrx_word' id='word_1_653' title='bbox 3409 4429 3458 4481; x_wconf 87' lang='grc' dir='ltr'>οἱ</span> <span class='ocrx_word' id='word_1_654' title='bbox 3490 4426 3737 4485; x_wconf 81' lang='grc' dir='ltr'>πλείονες</span> 
     </span>
    </p>
   </div>
   <div class='ocr_carea' id='block_1_90' title="bbox 2155 4511 3736 4596">
    <p class='ocr_par' dir='ltr' id='par_1_90' title="bbox 2155 4511 3736 4596">
     <span class='ocr_line' id='line_1_90' title="bbox 2155 4511 3736 4596; baseline -0.006 -18"><span class='ocrx_word' id='word_1_655' title='bbox 2155 4525 2377 4596; x_wconf 81' lang='grc' dir='ltr'>μένουσι</span> <span class='ocrx_word' id='word_1_656' title='bbox 2420 4524 2526 4589; x_wconf 74' lang='grc' dir='ltr'><strong>ἕως</strong></span> <span class='ocrx_word' id='word_1_657' title='bbox 2572 4525 2729 4595; x_wconf 78' lang='grc' dir='ltr'>ἄρτι,</span> <span class='ocrx_word' id='word_1_658' title='bbox 2761 4525 2904 4588; x_wconf 87' lang='grc' dir='ltr'>τινές</span> <span class='ocrx_word' id='word_1_659' title='bbox 2941 4523 2999 4578; x_wconf 86' lang='grc' dir='ltr'>δὲ</span> <span class='ocrx_word' id='word_1_660' title='bbox 3043 4524 3136 4578; x_wconf 75' lang='grc' dir='ltr'><strong>καὶ</strong></span> <span class='ocrx_word' id='word_1_661' title='bbox 3171 4522 3559 4595; x_wconf 76' lang='grc' dir='ltr'>ἐκοιμήθησανο</span> <span class='ocrx_word' id='word_1_662' title='bbox 3600 4540 3619 4572; x_wconf 78' lang='grc' dir='ltr'><strong>ι</strong></span> <span class='ocrx_word' id='word_1_663' title='bbox 3653 4511 3736 4579; x_wconf 78' lang='grc' dir='ltr'><strong>οἷς</strong></span> 
     </span>
    </p>
   </div>
   <div class='ocr_carea' id='block_1_91' title="bbox 2149 4613 3729 4688">
    <p class='ocr_par' dir='ltr' id='par_1_91' title="bbox 2149 4613 3729 4688">
     <span class='ocr_line' id='line_1_91' title="bbox 2149 4613 3729 4688; baseline -0.006 -18"><span class='ocrx_word' id='word_1_664' title='bbox 2149 4617 2410 4687; x_wconf 75' lang='grc' dir='ltr'>ἐπιλέγει·</span> <span class='ocrx_word' id='word_1_665' title='bbox 2464 4635 2483 4670; x_wconf 82' lang='grc' dir='ltr'><strong>ι</strong></span> <span class='ocrx_word' id='word_1_666' title='bbox 2517 4618 2748 4672; x_wconf 86' lang='grc' dir='ltr'>Ἔπειτα</span> <span class='ocrx_word' id='word_1_667' title='bbox 2790 4615 2947 4688; x_wconf 77' lang='grc' dir='ltr'>ὤφθη</span> <span class='ocrx_word' id='word_1_668' title='bbox 2979 4619 3092 4680; x_wconf 83' lang='grc' dir='ltr'>τοῖς</span> <span class='ocrx_word' id='word_1_669' title='bbox 3138 4614 3457 4678; x_wconf 87' lang='grc' dir='ltr'>ἀποστόλοις</span> <span class='ocrx_word' id='word_1_670' title='bbox 3484 4613 3672 4666; x_wconf 78' lang='grc' dir='ltr'>πᾶσιν.</span> <span class='ocrx_word' id='word_1_671' title='bbox 3709 4626 3729 4660; x_wconf 70' lang='grc' dir='ltr'><strong>ι</strong></span> 
     </span>
    </p>
   </div>
   <div class='ocr_carea' id='block_1_92' title="bbox 2149 4700 3734 4782">
    <p class='ocr_par' dir='ltr' id='par_1_92' title="bbox 2149 4700 3734 4782">
     <span class='ocr_line' id='line_1_92' title="bbox 2149 4700 3734 4782; baseline -0.005 -19"><span class='ocrx_word' id='word_1_672' title='bbox 2149 4705 2329 4764; x_wconf 86' lang='grc' dir='ltr'>Ἦσαν</span> <span class='ocrx_word' id='word_1_673' title='bbox 2358 4709 2468 4782; x_wconf 78' lang='grc' dir='ltr'>γὰρ</span> <span class='ocrx_word' id='word_1_674' title='bbox 2497 4710 2618 4779; x_wconf 76' lang='lat' dir='ltr'><strong>(sic)</strong></span> <span class='ocrx_word' id='word_1_675' title='bbox 2645 4705 2786 4781; x_wconf 79' lang='grc' dir='ltr'>ἦσαν</span> <span class='ocrx_word' id='word_1_676' title='bbox 2830 4709 2924 4763; x_wconf 78' lang='grc' dir='ltr'>καὶ</span> <span class='ocrx_word' id='word_1_677' title='bbox 2971 4708 3108 4780; x_wconf 83' lang='grc' dir='ltr'><strong>μετά</strong></span> <span class='ocrx_word' id='word_1_678' title='bbox 3159 4710 3284 4772; x_wconf 80' lang='grc' dir='ltr'>τοὺς</span> <span class='ocrx_word' id='word_1_679' title='bbox 3331 4707 3418 4772; x_wconf 77' lang='grc' dir='ltr'>ιϐ’,</span> <span class='ocrx_word' id='word_1_680' title='bbox 3454 4706 3553 4760; x_wconf 72' lang='grc' dir='ltr'>καὶ</span> <span class='ocrx_word' id='word_1_681' title='bbox 3595 4700 3734 4777; x_wconf 81' lang='grc' dir='ltr'><strong>μετά</strong></span> 
     </span>
    </p>
   </div>
   <div class='ocr_carea' id='block_1_93' title="bbox 459 4787 2054 4873">
    <p class='ocr_par' dir='ltr' id='par_1_93' title="bbox 459 4798 2044 4870">
     <span class='ocr_line' id='line_1_93' title="bbox 459 4798 2044 4870; baseline 0 -14"><span class='ocrx_word' id='word_1_682' title='bbox 459 4807 545 4856; x_wconf 82' lang='lat' dir='ltr'><strong>est</strong></span> <span class='ocrx_word' id='word_1_683' title='bbox 599 4799 866 4870; x_wconf 88' lang='lat' dir='ltr'><strong>apostolis</strong></span> <span class='ocrx_word' id='word_1_684' title='bbox 920 4798 1178 4854; x_wconf 91' lang='lat' dir='ltr'><strong>omnibus</strong></span> <span class='ocrx_word' id='word_1_685' title='bbox 1212 4799 1281 4852; x_wconf 76' lang='lat'><strong>&quot;.</strong></span> <span class='ocrx_word' id='word_1_686' title='bbox 1323 4818 1344 4852; x_wconf 74' lang='grc' dir='ltr'><strong>ι</strong></span> <span class='ocrx_word' id='word_1_687' title='bbox 1405 4799 1471 4853; x_wconf 83' lang='lat' dir='ltr'><strong>Et</strong></span> <span class='ocrx_word' id='word_1_688' title='bbox 1515 4807 1672 4855; x_wconf 86' lang='lat' dir='ltr'><strong>erant</strong></span> <span class='ocrx_word' id='word_1_689' title='bbox 1724 4817 1858 4857; x_wconf 90' lang='lat' dir='ltr'><strong>sane</strong></span> <span class='ocrx_word' id='word_1_690' title='bbox 1917 4817 2044 4857; x_wconf 91' lang='lat' dir='ltr'><strong>cum</strong></span> 
     </span>
    </p>
   </div>
   <div class='ocr_carea' id='block_1_94' title="bbox 2154 4787 3733 4873">
    <p class='ocr_par' dir='ltr' id='par_1_94' title="bbox 2154 4787 3733 4873">
     <span class='ocr_line' id='line_1_94' title="bbox 2154 4787 3733 4873; baseline -0.003 -18"><span class='ocrx_word' id='word_1_691' title='bbox 2154 4802 2276 4866; x_wconf 79' lang='grc' dir='ltr'>τοὺς</span> <span class='ocrx_word' id='word_1_692' title='bbox 2324 4807 2388 4867; x_wconf 80' lang='lat' dir='ltr'><strong>o&#39;,</strong></span> <span class='ocrx_word' id='word_1_693' title='bbox 2433 4802 2526 4855; x_wconf 80' lang='grc' dir='ltr'>καὶ</span> <span class='ocrx_word' id='word_1_694' title='bbox 2583 4787 2880 4872; x_wconf 74' lang='grc' dir='ltr'>μετάτοὺς</span> <span class='ocrx_word' id='word_1_695' title='bbox 2922 4807 2972 4870; x_wconf 81' lang='grc' dir='ltr'><strong>φ’</strong></span> <span class='ocrx_word' id='word_1_696' title='bbox 3000 4800 3180 4873; x_wconf 82' lang='grc' dir='ltr'>’ἑτεροι</span> <span class='ocrx_word' id='word_1_697' title='bbox 3228 4799 3447 4862; x_wconf 86' lang='grc' dir='ltr'>πλείους</span> <span class='ocrx_word' id='word_1_698' title='bbox 3491 4797 3733 4869; x_wconf 75' lang='grc' dir='ltr'>κήρυκες</span> 
     </span>
    </p>
   </div>
   <div class='ocr_carea' id='block_1_95' title="bbox 2077 4849 2120 4904">
    <p class='ocr_par' dir='ltr' id='par_1_95' title="bbox 2077 4849 2120 4904">
     <span class='ocr_line' id='line_1_95' title="bbox 2077 4849 2120 4904; baseline 0 0"><span class='ocrx_word' id='word_1_699' title='bbox 2077 4849 2120 4904; x_wconf 86' lang='grc'><strong>1)</strong></span> 
     </span>
    </p>
   </div>
   <div class='ocr_carea' id='block_1_96' title="bbox 459 4887 2054 4972">
    <p class='ocr_par' dir='ltr' id='par_1_96' title="bbox 459 4891 2048 4968">
     <span class='ocr_line' id='line_1_96' title="bbox 459 4891 2048 4968; baseline 0.003 -22"><span class='ocrx_word' id='word_1_700' title='bbox 459 4891 572 4946; x_wconf 89' lang='lat' dir='ltr'><strong>illis</strong></span> <span class='ocrx_word' id='word_1_701' title='bbox 607 4891 920 4954; x_wconf 88' lang='lat' dir='ltr'><strong>duodecim,</strong></span> <span class='ocrx_word' id='word_1_702' title='bbox 972 4905 1100 4946; x_wconf 79' lang='lat' dir='ltr'><strong>eum</strong></span> <span class='ocrx_word' id='word_1_703' title='bbox 1139 4891 1247 4946; x_wconf 90' lang='lat' dir='ltr'><strong>illis</strong></span> <span class='ocrx_word' id='word_1_704' title='bbox 1288 4891 1663 4968; x_wconf 77' lang='lat' dir='ltr'><strong>septuaginta,</strong></span> <span class='ocrx_word' id='word_1_705' title='bbox 1695 4900 1750 4949; x_wconf 90' lang='lat' dir='ltr'><strong>et</strong></span> <span class='ocrx_word' id='word_1_706' title='bbox 1779 4909 1903 4950; x_wconf 87' lang='lat' dir='ltr'><strong>cum</strong></span> <span class='ocrx_word' id='word_1_707' title='bbox 1937 4894 2048 4952; x_wconf 87' lang='lat' dir='ltr'><strong>illis</strong></span> 
     </span>
    </p>
   </div>
   <div class='ocr_carea' id='block_1_97' title="bbox 2154 4887 3734 4972">
    <p class='ocr_par' dir='ltr' id='par_1_97' title="bbox 2154 4887 3734 4972">
     <span class='ocr_line' id='line_1_97' title="bbox 2154 4887 3734 4972; baseline -0.005 -26"><span class='ocrx_word' id='word_1_708' title='bbox 2154 4891 2244 4972; x_wconf 81' lang='grc' dir='ltr'>τοῦ</span> <span class='ocrx_word' id='word_1_709' title='bbox 2270 4891 2627 4962; x_wconf 84' lang='grc' dir='ltr'>Εὑαγγελίου,</span> <span class='ocrx_word' id='word_1_710' title='bbox 2676 4891 2818 4945; x_wconf 85' lang='grc' dir='ltr'>κατά</span> <span class='ocrx_word' id='word_1_711' title='bbox 2843 4909 2900 4944; x_wconf 91' lang='grc' dir='ltr'><strong>τε</strong></span> <span class='ocrx_word' id='word_1_712' title='bbox 2937 4892 3064 4954; x_wconf 72' lang='grc' dir='ltr'>τοὺς</span> <span class='ocrx_word' id='word_1_713' title='bbox 3093 4889 3317 4961; x_wconf 86' lang='grc' dir='ltr'>χρόνους</span> <span class='ocrx_word' id='word_1_714' title='bbox 3346 4889 3473 4952; x_wconf 78' lang='grc' dir='ltr'>τοὺς</span> <span class='ocrx_word' id='word_1_715' title='bbox 3505 4887 3734 4941; x_wconf 85' lang='grc' dir='ltr'>ἀποστο-</span> 
     </span>
    </p>
   </div>
   <div class='ocr_carea' id='block_1_98' title="bbox 459 4981 2043 5056">
    <p class='ocr_par' dir='ltr' id='par_1_98' title="bbox 459 4981 2043 5056">
     <span class='ocr_line' id='line_1_98' title="bbox 459 4981 2043 5056; baseline 0.005 -21"><span class='ocrx_word' id='word_1_716' title='bbox 459 4981 796 5053; x_wconf 76' lang='lat' dir='ltr'><strong>quingentis,</strong></span> <span class='ocrx_word' id='word_1_717' title='bbox 852 4982 944 5038; x_wconf 88' lang='lat' dir='ltr'><strong>alii</strong></span> <span class='ocrx_word' id='word_1_718' title='bbox 993 4982 1133 5038; x_wconf 88' lang='lat' dir='ltr'><strong>bene</strong></span> <span class='ocrx_word' id='word_1_719' title='bbox 1183 4983 1341 5038; x_wconf 90' lang='lat' dir='ltr'><strong>multi</strong></span> <span class='ocrx_word' id='word_1_720' title='bbox 1404 4982 1683 5056; x_wconf 82' lang='lat' dir='ltr'><strong>Evangelii</strong></span> <span class='ocrx_word' id='word_1_721' title='bbox 1741 5002 2043 5056; x_wconf 66' lang='lat' dir='ltr'><strong>praecones,</strong></span> 
     </span>
    </p>
   </div>
   <div class='ocr_carea' id='block_1_99' title="bbox 459 5072 2046 5152">
    <p class='ocr_par' dir='ltr' id='par_1_99' title="bbox 459 5072 2046 5152">
     <span class='ocr_line' id='line_1_99' title="bbox 459 5072 2046 5152; baseline 0.001 -22"><span class='ocrx_word' id='word_1_722' title='bbox 459 5072 783 5145; x_wconf 79' lang='lat' dir='ltr'><strong>apostolicis</strong></span> <span class='ocrx_word' id='word_1_723' title='bbox 831 5073 1196 5142; x_wconf 86' lang='lat' dir='ltr'><strong>temporibus,</strong></span> <span class='ocrx_word' id='word_1_724' title='bbox 1237 5079 1292 5152; x_wconf 86' lang='lat' dir='ltr'><strong>et</strong></span> <span class='ocrx_word' id='word_1_725' title='bbox 1321 5081 1446 5142; x_wconf 89' lang='lat' dir='ltr'><strong>post</strong></span> <span class='ocrx_word' id='word_1_726' title='bbox 1500 5073 1634 5130; x_wconf 18' lang='lat' dir='ltr'><strong>illos,</strong></span> <span class='ocrx_word' id='word_1_727' title='bbox 1674 5075 1790 5139; x_wconf 88' lang='lat' dir='ltr'><strong>alii,</strong></span> <span class='ocrx_word' id='word_1_728' title='bbox 1818 5075 1914 5146; x_wconf 85' lang='lat' dir='ltr'><strong>qui</strong></span> <span class='ocrx_word' id='word_1_729' title='bbox 1948 5092 2046 5146; x_wconf 90' lang='lat' dir='ltr'><strong>per</strong></span> 
     </span>
    </p>
   </div>
   <div class='ocr_carea' id='block_1_100' title="bbox 457 5153 2045 5238">
    <p class='ocr_par' dir='ltr' id='par_1_100' title="bbox 457 5153 2045 5238">
     <span class='ocr_line' id='line_1_100' title="bbox 457 5153 2045 5238; baseline 0.003 -18"><span class='ocrx_word' id='word_1_730' title='bbox 457 5170 632 5220; x_wconf 79' lang='lat' dir='ltr'><strong>totum</strong></span> <span class='ocrx_word' id='word_1_731' title='bbox 657 5165 844 5220; x_wconf 87' lang='lat' dir='ltr'><strong>orbem</strong></span> <span class='ocrx_word' id='word_1_732' title='bbox 881 5166 936 5220; x_wconf 91' lang='lat' dir='ltr'><strong>in</strong></span> <span class='ocrx_word' id='word_1_733' title='bbox 963 5164 1226 5220; x_wconf 82' lang='lat' dir='ltr'><strong>Ecclesiis</strong></span> <span class='ocrx_word' id='word_1_734' title='bbox 1246 5153 1597 5238; x_wconf 78' lang='lat' dir='ltr'><strong>Evangelium</strong></span> <span class='ocrx_word' id='word_1_735' title='bbox 1627 5167 1748 5236; x_wconf 85' lang='lat' dir='ltr'><strong>ejus</strong></span> <span class='ocrx_word' id='word_1_736' title='bbox 1780 5170 2045 5238; x_wconf 68' lang='lat' dir='ltr'><strong>praedica-</strong></span> 
     </span>
    </p>
   </div>
   <div class='ocr_carea' id='block_1_101' title="bbox 459 5256 2042 5332">
    <p class='ocr_par' dir='ltr' id='par_1_101' title="bbox 459 5256 2042 5332">
     <span class='ocr_line' id='line_1_101' title="bbox 459 5256 2042 5332; baseline 0.003 -22"><span class='ocrx_word' id='word_1_737' title='bbox 459 5262 612 5320; x_wconf 83' lang='lat' dir='ltr'><strong>runt,</strong></span> <span class='ocrx_word' id='word_1_738' title='bbox 637 5256 841 5327; x_wconf 89' lang='lat' dir='ltr'><strong>quibus</strong></span> <span class='ocrx_word' id='word_1_739' title='bbox 877 5271 974 5312; x_wconf 79' lang='lat' dir='ltr'><strong>rex</strong></span> <span class='ocrx_word' id='word_1_740' title='bbox 1007 5257 1273 5312; x_wconf 89' lang='lat' dir='ltr'><strong>virtutum</strong></span> <span class='ocrx_word' id='word_1_741' title='bbox 1321 5256 1517 5314; x_wconf 87' lang='lat' dir='ltr'><strong>Dilecti</strong></span> <span class='ocrx_word' id='word_1_742' title='bbox 1551 5258 1806 5314; x_wconf 86' lang='lat' dir='ltr'><strong>virtutem</strong></span> <span class='ocrx_word' id='word_1_743' title='bbox 1843 5275 2042 5332; x_wconf 86' lang='lat' dir='ltr'><strong>suppe-</strong></span> 
     </span>
    </p>
   </div>
   <div class='ocr_carea' id='block_1_102' title="bbox 460 5345 2051 5420">
    <p class='ocr_par' dir='ltr' id='par_1_102' title="bbox 460 5345 2051 5420">
     <span class='ocr_line' id='line_1_102' title="bbox 460 5345 2051 5420; baseline 0.005 -19"><span class='ocrx_word' id='word_1_744' title='bbox 460 5345 694 5406; x_wconf 80' lang='lat' dir='ltr'><strong>ditabat.</strong></span> <span class='ocrx_word' id='word_1_745' title='bbox 725 5347 862 5402; x_wconf 81' lang='lat' dir='ltr'><strong>Alia:</strong></span> <span class='ocrx_word' id='word_1_746' title='bbox 891 5347 1022 5402; x_wconf 88' lang='lat' dir='ltr'><strong>item</strong></span> <span class='ocrx_word' id='word_1_747' title='bbox 1063 5355 1262 5418; x_wconf 67' lang='lat' dir='ltr'><strong>praeter</strong></span> <span class='ocrx_word' id='word_1_748' title='bbox 1307 5349 1430 5404; x_wconf 88' lang='lat' dir='ltr'><strong>illas</strong></span> <span class='ocrx_word' id='word_1_749' title='bbox 1461 5357 1620 5406; x_wconf 89' lang='lat' dir='ltr'><strong>erant</strong></span> <span class='ocrx_word' id='word_1_750' title='bbox 1645 5349 1839 5406; x_wconf 89' lang='lat' dir='ltr'><strong>Dilecti</strong></span> <span class='ocrx_word' id='word_1_751' title='bbox 1866 5354 2051 5420; x_wconf 45' lang='lat' dir='ltr'><strong>virtus</strong></span> 
     </span>
    </p>
   </div>
   <div class='ocr_carea' id='block_1_103' title="bbox 459 5439 2043 5526">
    <p class='ocr_par' dir='ltr' id='par_1_103' title="bbox 459 5439 2043 5526">
     <span class='ocr_line' id='line_1_103' title="bbox 459 5439 2043 5526; baseline 0.008 -36"><span class='ocrx_word' id='word_1_752' title='bbox 459 5447 566 5500; x_wconf 83' lang='lat' dir='ltr'><strong>tes,</strong></span> <span class='ocrx_word' id='word_1_753' title='bbox 591 5439 848 5495; x_wconf 66' lang='lat' dir='ltr'><strong>coalestes</strong></span> <span class='ocrx_word' id='word_1_754' title='bbox 883 5439 1146 5494; x_wconf 87' lang='lat' dir='ltr'><strong>nimirum</strong></span> <span class='ocrx_word' id='word_1_755' title='bbox 1182 5441 1480 5526; x_wconf 73' lang='lat' dir='ltr'><strong>exercitus,</strong></span> <span class='ocrx_word' id='word_1_756' title='bbox 1509 5444 1718 5513; x_wconf 75' lang='lat' dir='ltr'><strong>angeli,</strong></span> <span class='ocrx_word' id='word_1_757' title='bbox 1745 5445 2043 5518; x_wconf 77' lang='lat' dir='ltr'><strong>archange-</strong></span> 
     </span>
    </p>
   </div>
   <div class='ocr_carea' id='block_1_104' title="bbox 457 5528 2042 5605">
    <p class='ocr_par' dir='ltr' id='par_1_104' title="bbox 457 5528 2042 5605">
     <span class='ocr_line' id='line_1_104' title="bbox 457 5528 2042 5605; baseline 0.007 -22"><span class='ocrx_word' id='word_1_758' title='bbox 457 5528 498 5583; x_wconf 69' lang='lat' dir='ltr'><strong>li</strong></span> <span class='ocrx_word' id='word_1_759' title='bbox 524 5537 580 5585; x_wconf 88' lang='lat' dir='ltr'><strong>et</strong></span> <span class='ocrx_word' id='word_1_760' title='bbox 609 5528 782 5585; x_wconf 73' lang='lat' dir='ltr'><strong>divini</strong></span> <span class='ocrx_word' id='word_1_761' title='bbox 807 5531 1051 5601; x_wconf 80' lang='lat' dir='ltr'><strong>spiritus.</strong></span> <span class='ocrx_word' id='word_1_762' title='bbox 1088 5529 1182 5586; x_wconf 79' lang='lat' dir='ltr'><strong>Hae</strong></span> <span class='ocrx_word' id='word_1_763' title='bbox 1203 5531 1440 5589; x_wconf 86' lang='lat' dir='ltr'><strong>virtutes</strong></span> <span class='ocrx_word' id='word_1_764' title='bbox 1466 5534 1659 5591; x_wconf 84' lang='lat' dir='ltr'><strong>Dilecti</strong></span> <span class='ocrx_word' id='word_1_765' title='bbox 1682 5544 1861 5593; x_wconf 89' lang='lat' dir='ltr'><strong>erant.</strong></span> <span class='ocrx_word' id='word_1_766' title='bbox 1895 5535 2042 5605; x_wconf 85' lang='lat' dir='ltr'><strong>Qua-</strong></span> 
     </span>
    </p>
   </div>
   <div class='ocr_carea' id='block_1_105' title="bbox 525 5685 1790 5753">
    <p class='ocr_par' dir='ltr' id='par_1_105' title="bbox 525 5685 1790 5753">
     <span class='ocr_line' id='line_1_105' title="bbox 525 5685 1790 5753; baseline 0.006 -12"><span class='ocrx_word' id='word_1_767' title='bbox 525 5685 576 5720; x_wconf 72' lang='grc'><strong><em>⁸⁵</em></strong></span> <span class='ocrx_word' id='word_1_768' title='bbox 598 5685 722 5743; x_wconf 88' lang='lat' dir='ltr'><strong>Act.</strong></span> <span class='ocrx_word' id='word_1_769' title='bbox 762 5702 802 5751; x_wconf 79' lang='grc' dir='ltr'><strong>ι,</strong></span> <span class='ocrx_word' id='word_1_770' title='bbox 835 5688 888 5744; x_wconf 82' lang='lat'><strong>8.</strong></span> <span class='ocrx_word' id='word_1_771' title='bbox 966 5689 1012 5720; x_wconf 79' lang='lat'>”</span> <span class='ocrx_word' id='word_1_772' title='bbox 1036 5689 1056 5742; x_wconf 91' lang='grc'><strong>1</strong></span> <span class='ocrx_word' id='word_1_773' title='bbox 1084 5688 1214 5744; x_wconf 84' lang='lat' dir='ltr'><strong>Cor.</strong></span> <span class='ocrx_word' id='word_1_774' title='bbox 1252 5705 1340 5753; x_wconf 78' lang='lat' dir='ltr'><strong>xv,</strong></span> <span class='ocrx_word' id='word_1_775' title='bbox 1383 5689 1438 5744; x_wconf 83' lang='lat'><strong>6.</strong></span> <span class='ocrx_word' id='word_1_776' title='bbox 1515 5690 1560 5724; x_wconf 67' lang='grc' dir='ltr'>ιθ</span> <span class='ocrx_word' id='word_1_777' title='bbox 1583 5691 1713 5748; x_wconf 86' lang='lat' dir='ltr'><strong>ibid.</strong></span> <span class='ocrx_word' id='word_1_778' title='bbox 1745 5692 1790 5748; x_wconf 84' lang='grc'><strong>7.</strong></span> 
     </span>
    </p>
   </div>
   <div class='ocr_carea' id='block_1_106' title="bbox 531 5844 1462 5918">
    <p class='ocr_par' dir='ltr' id='par_1_106' title="bbox 531 5844 1462 5918">
     <span class='ocr_line' id='line_1_106' title="bbox 531 5844 1462 5918; baseline 0 -18"><span class='ocrx_word' id='word_1_779' title='bbox 531 5846 607 5918; x_wconf 60' lang='grc'><strong>(1)</strong></span> <span class='ocrx_word' id='word_1_780' title='bbox 651 5844 898 5912; x_wconf 81' lang='lat' dir='ltr'><strong>Drusius,</strong></span> <span class='ocrx_word' id='word_1_781' title='bbox 929 5845 1462 5915; x_wconf 61' lang='grc' dir='ltr'>εὐαγγελιζόμενος.</span> 
     </span>
    </p>
   </div>
   <div class='ocr_carea' id='block_1_107' title="bbox 2151 4975 3730 5056">
    <p class='ocr_par' dir='ltr' id='par_1_107' title="bbox 2151 4975 3730 5056">
     <span class='ocr_line' id='line_1_107' title="bbox 2151 4975 3730 5056; baseline -0.005 -19"><span class='ocrx_word' id='word_1_782' title='bbox 2151 4983 2356 5049; x_wconf 82' lang='grc' dir='ltr'>λικοὺς,</span> <span class='ocrx_word' id='word_1_783' title='bbox 2391 4985 2485 5039; x_wconf 78' lang='grc' dir='ltr'><strong>καὶ</strong></span> <span class='ocrx_word' id='word_1_784' title='bbox 2523 4985 2637 5056; x_wconf 86' lang='grc' dir='ltr'>μετ’</span> <span class='ocrx_word' id='word_1_785' title='bbox 2672 4984 2926 5047; x_wconf 83' lang='grc' dir='ltr'>ἐκείνους</span> <span class='ocrx_word' id='word_1_786' title='bbox 2951 4983 3128 5054; x_wconf 72' lang='grc' dir='ltr'>ἕτεροι</span> <span class='ocrx_word' id='word_1_787' title='bbox 3163 4983 3213 5036; x_wconf 73' lang='grc' dir='ltr'><strong>οἱ</strong></span> <span class='ocrx_word' id='word_1_788' title='bbox 3255 4981 3397 5036; x_wconf 87' lang='grc' dir='ltr'><strong>κατά</strong></span> <span class='ocrx_word' id='word_1_789' title='bbox 3433 4981 3612 5033; x_wconf 82' lang='grc' dir='ltr'>πᾶσαν</span> <span class='ocrx_word' id='word_1_790' title='bbox 3633 4975 3730 5046; x_wconf 76' lang='grc' dir='ltr'><strong>τὴν</strong></span> 
     </span>
    </p>
   </div>
   <div class='ocr_carea' id='block_1_108' title="bbox 2150 5070 3729 5151">
    <p class='ocr_par' dir='ltr' id='par_1_108' title="bbox 2150 5070 3729 5151">
     <span class='ocr_line' id='line_1_108' title="bbox 2150 5070 3729 5151; baseline -0.006 -19"><span class='ocrx_word' id='word_1_791' title='bbox 2150 5077 2472 5151; x_wconf 84' lang='grc' dir='ltr'>οἰκουμένην</span> <span class='ocrx_word' id='word_1_792' title='bbox 2507 5080 2565 5132; x_wconf 92' lang='grc' dir='ltr'><strong>ἐν</strong></span> <span class='ocrx_word' id='word_1_793' title='bbox 2602 5080 2722 5142; x_wconf 84' lang='grc' dir='ltr'>ταῖς</span> <span class='ocrx_word' id='word_1_794' title='bbox 2756 5075 3103 5146; x_wconf 88' lang='grc' dir='ltr'>Ἐκκλησίαις</span> <span class='ocrx_word' id='word_1_795' title='bbox 3127 5073 3292 5129; x_wconf 81' lang='grc' dir='ltr'>αὐτοῦ</span> <span class='ocrx_word' id='word_1_796' title='bbox 3313 5073 3374 5128; x_wconf 83' lang='grc' dir='ltr'><strong>τὸ</strong></span> <span class='ocrx_word' id='word_1_797' title='bbox 3404 5070 3729 5142; x_wconf 69' lang='grc' dir='ltr'>Εὐαγγέλιω</span> 
     </span>
    </p>
   </div>
   <div class='ocr_carea' id='block_1_109' title="bbox 2151 5162 3730 5244">
    <p class='ocr_par' dir='ltr' id='par_1_109' title="bbox 2151 5162 3730 5244">
     <span class='ocr_line' id='line_1_109' title="bbox 2151 5162 3730 5244; baseline -0.008 -18"><span class='ocrx_word' id='word_1_798' title='bbox 2151 5169 2316 5226; x_wconf 78' lang='grc' dir='ltr'>αὑτοῦ</span> <span class='ocrx_word' id='word_1_799' title='bbox 2343 5171 2721 5244; x_wconf 85' lang='grc' dir='ltr'>κηρύττοντες,</span> <span class='ocrx_word' id='word_1_800' title='bbox 2746 5163 2826 5234; x_wconf 73' lang='grc' dir='ltr'>οἷς</span> <span class='ocrx_word' id='word_1_801' title='bbox 2849 5173 2876 5224; x_wconf 87' lang='grc' dir='ltr'>ὁ</span> <span class='ocrx_word' id='word_1_802' title='bbox 2906 5168 3159 5240; x_wconf 75' lang='grc' dir='ltr'>βασιλεὺς</span> <span class='ocrx_word' id='word_1_803' title='bbox 3189 5167 3297 5221; x_wconf 87' lang='grc' dir='ltr'><strong>τῶν</strong></span> <span class='ocrx_word' id='word_1_804' title='bbox 3331 5165 3609 5236; x_wconf 80' lang='grc' dir='ltr'>δυνάμεων</span> <span class='ocrx_word' id='word_1_805' title='bbox 3633 5162 3730 5234; x_wconf 74' lang='grc' dir='ltr'>τὴν</span> 
     </span>
    </p>
   </div>
   <div class='ocr_carea' id='block_1_110' title="bbox 2148 5252 3728 5335">
    <p class='ocr_par' dir='ltr' id='par_1_110' title="bbox 2148 5252 3728 5335">
     <span class='ocr_line' id='line_1_110' title="bbox 2148 5252 3728 5335; baseline -0.006 -19"><span class='ocrx_word' id='word_1_806' title='bbox 2148 5261 2241 5316; x_wconf 74' lang='grc' dir='ltr'>τοῦ</span> <span class='ocrx_word' id='word_1_807' title='bbox 2277 5263 2586 5335; x_wconf 84' lang='grc' dir='ltr'>Ἀγαπητοῦ</span> <span class='ocrx_word' id='word_1_808' title='bbox 2632 5262 2858 5334; x_wconf 80' lang='grc' dir='ltr'>δύναμιν</span> <span class='ocrx_word' id='word_1_809' title='bbox 2910 5264 3182 5333; x_wconf 82' lang='grc' dir='ltr'>ἐχορήγει.</span> <span class='ocrx_word' id='word_1_810' title='bbox 3220 5259 3445 5330; x_wconf 86' lang='grc' dir='ltr'>’Έτεραι</span> <span class='ocrx_word' id='word_1_811' title='bbox 3485 5255 3542 5310; x_wconf 79' lang='grc' dir='ltr'>δὲ</span> <span class='ocrx_word' id='word_1_812' title='bbox 3582 5252 3728 5327; x_wconf 72' lang='grc' dir='ltr'>παρὰ</span> 
     </span>
    </p>
   </div>
   <div class='ocr_carea' id='block_1_111' title="bbox 2149 5348 3727 5426">
    <p class='ocr_par' dir='ltr' id='par_1_111' title="bbox 2149 5348 3727 5426">
     <span class='ocr_line' id='line_1_111' title="bbox 2149 5348 3727 5426; baseline -0.004 -20"><span class='ocrx_word' id='word_1_813' title='bbox 2149 5353 2373 5419; x_wconf 75' lang='grc' dir='ltr'>ταύταις</span> <span class='ocrx_word' id='word_1_814' title='bbox 2399 5354 2493 5408; x_wconf 80' lang='grc' dir='ltr'>τοῦ</span> <span class='ocrx_word' id='word_1_815' title='bbox 2530 5353 2839 5426; x_wconf 74' lang='grc' dir='ltr'>Ἀγαπητοῦ</span> <span class='ocrx_word' id='word_1_816' title='bbox 2862 5353 3122 5424; x_wconf 79' lang='grc' dir='ltr'>δυνάμεις</span> <span class='ocrx_word' id='word_1_817' title='bbox 3151 5348 3294 5423; x_wconf 80' lang='grc' dir='ltr'>ἦσαν</span> <span class='ocrx_word' id='word_1_818' title='bbox 3327 5353 3382 5405; x_wconf 83' lang='grc' dir='ltr'><strong>αί</strong></span> <span class='ocrx_word' id='word_1_819' title='bbox 3414 5351 3533 5404; x_wconf 73' lang='grc' dir='ltr'>κατ’</span> <span class='ocrx_word' id='word_1_820' title='bbox 3567 5348 3727 5420; x_wconf 81' lang='grc' dir='ltr'>οὐρα-</span> 
     </span>
    </p>
   </div>
   <div class='ocr_carea' id='block_1_112' title="bbox 2149 5440 3728 5522">
    <p class='ocr_par' dir='ltr' id='par_1_112' title="bbox 2149 5440 3728 5522">
     <span class='ocr_line' id='line_1_112' title="bbox 2149 5440 3728 5522; baseline -0.004 -21"><span class='ocrx_word' id='word_1_821' title='bbox 2149 5447 2241 5502; x_wconf 76' lang='grc' dir='ltr'><strong>νὸν</strong></span> <span class='ocrx_word' id='word_1_822' title='bbox 2267 5448 2537 5522; x_wconf 78' lang='grc' dir='ltr'>στρατιαὶ,</span> <span class='ocrx_word' id='word_1_823' title='bbox 2565 5448 2787 5517; x_wconf 75' lang='grc' dir='ltr'>ἄγγελοι</span> <span class='ocrx_word' id='word_1_824' title='bbox 2820 5448 2914 5502; x_wconf 71' lang='grc' dir='ltr'><strong>καὶ</strong></span> <span class='ocrx_word' id='word_1_825' title='bbox 2943 5445 3296 5520; x_wconf 78' lang='grc' dir='ltr'>ἀρχάγγελοι,</span> <span class='ocrx_word' id='word_1_826' title='bbox 3319 5443 3415 5496; x_wconf 72' lang='grc' dir='ltr'><strong>καὶ</strong></span> <span class='ocrx_word' id='word_1_827' title='bbox 3443 5440 3728 5514; x_wconf 62' lang='grc' dir='ltr'>πνεύματα</span> 
     </span>
    </p>
   </div>
   <div class='ocr_carea' id='block_1_113' title="bbox 2150 5533 3725 5614">
    <p class='ocr_par' dir='ltr' id='par_1_113' title="bbox 2150 5533 3725 5614">
     <span class='ocr_line' id='line_1_113' title="bbox 2150 5533 3725 5614; baseline -0.003 -20"><span class='ocrx_word' id='word_1_828' title='bbox 2150 5541 2289 5597; x_wconf 79' lang='grc' dir='ltr'>θεῖα.</span> <span class='ocrx_word' id='word_1_829' title='bbox 2325 5533 2495 5596; x_wconf 76' lang='grc' dir='ltr'>Αὗται</span> <span class='ocrx_word' id='word_1_830' title='bbox 2538 5541 2646 5614; x_wconf 74' lang='grc' dir='ltr'>γὰρ</span> <span class='ocrx_word' id='word_1_831' title='bbox 2686 5535 2827 5612; x_wconf 70' lang='grc' dir='ltr'>ἦσαν</span> <span class='ocrx_word' id='word_1_832' title='bbox 2868 5543 2924 5595; x_wconf 85' lang='grc' dir='ltr'>αἱ</span> <span class='ocrx_word' id='word_1_833' title='bbox 2961 5539 3218 5611; x_wconf 83' lang='grc' dir='ltr'>δυνάμεις</span> <span class='ocrx_word' id='word_1_834' title='bbox 3258 5536 3352 5592; x_wconf 74' lang='grc' dir='ltr'>τοῦ</span> <span class='ocrx_word' id='word_1_835' title='bbox 3394 5534 3725 5608; x_wconf 81' lang='grc' dir='ltr'>Ἀγαπητοῦ.</span> 
     </span>
    </p>
   </div>
   <div class='ocr_carea' id='block_1_114' title="bbox 3975 0 4018 8">
    <p class='ocr_par' dir='ltr' id='par_1_114' title="bbox 3975 0 4018 8">
     <span class='ocr_line' id='line_1_114' title="bbox 3975 0 4018 8; baseline -0.023 0"><span class='ocrx_word' id='word_1_836' title='bbox 3975 0 4018 8; x_wconf 54' lang='grc' dir='ltr'><strong>Ὗς</strong></span> 
     </span>
    </p>
   </div>
   <div class='ocr_carea' id='block_1_115' title="bbox 4015 3616 4018 4355">
    <p class='ocr_par' dir='ltr' id='par_1_115' title="bbox 4015 3616 4017 4106">
     <span class='ocr_line' id='line_1_115' title="bbox 4015 3616 4017 3662; baseline 0 0"><span class='ocrx_word' id='word_1_837' title='bbox 4015 3616 4017 3662; x_wconf 69' lang='lat' dir='ltr'><strong>l</strong></span> 
     </span>
     <span class='ocr_line' id='line_1_116' title="bbox 4015 3789 4017 3850; baseline 0 0"><span class='ocrx_word' id='word_1_838' title='bbox 4015 3789 4017 3850; x_wconf 66' lang='lat' dir='ltr'><strong>l</strong></span> 
     </span>
     <span class='ocr_line' id='line_1_117' title="bbox 4015 3987 4017 4028; baseline 0 0"><span class='ocrx_word' id='word_1_839' title='bbox 4015 3987 4017 4028; x_wconf 48' lang='grc' dir='ltr'>γ</span> 
     </span>
     <span class='ocr_line' id='line_1_118' title="bbox 4016 4061 4017 4106; baseline 0 0"><span class='ocrx_word' id='word_1_840' title='bbox 4016 4061 4017 4106; x_wconf 71' lang='lat' dir='ltr'><strong>l</strong></span> 
     </span>
    </p>
   </div>
   <div class='ocr_carea' id='block_1_116' title="bbox 4011 4355 4018 4718">
    <p class='ocr_par' dir='ltr' id='par_1_116' title="bbox 4011 4355 4018 4718">
     <span class='ocr_line' id='line_1_119' title="bbox 4011 4355 4018 4718; baseline 0 0"><span class='ocrx_word' id='word_1_841' title='bbox 4011 4355 4018 4718; x_wconf 64' lang='lat'>1</span> 
     </span>
    </p>
   </div>
   <div class='ocr_carea' id='block_1_117' title="bbox 4015 5183 4018 5784">
    <p class='ocr_par' dir='ltr' id='par_1_117' title="bbox 4015 5351 4017 5784">
     <span class='ocr_line' id='line_1_120' title="bbox 4015 5351 4017 5420; baseline 0 0"><span class='ocrx_word' id='word_1_842' title='bbox 4015 5351 4017 5420; x_wconf 65' lang='lat' dir='ltr'><strong>l</strong></span> 
     </span>
     <span class='ocr_line' id='line_1_121' title="bbox 4015 5739 4017 5784; baseline 0 0"><span class='ocrx_word' id='word_1_843' title='bbox 4015 5739 4017 5784; x_wconf 80' lang='grc' dir='ltr'><strong>ι</strong></span> 
     </span>
    </p>
   </div>
  </div>
