3930 6436
131 321 232 383 697

1262 303 1769 372 COMMENTAREA
1805 311 1874 368 IN
1912 312 2256 374 PSALMOS.

3303 319 3408 376 €98

129 444 216 502 Διὸ
241 443 460 517 Κύριος
489 417 610 497 ’τῶν
649 441 934 514 δυνάμεων
969 437 1352 510 ἀνηγόρευται.
1411 435 1695 508 Ἀγαπητὰ

1821 451 1882 492 re
1911 435 2180 494 Dominus
2210 439 2476 494 virtutum
2521 447 2770 496 vocatur.
2819 440 3064 504 Dilectus
3091 448 3272 496 autem
3306 439 3404 496 Dei

127 536 294 594 δὲτοῦ
323 536 470 590 Θεοῦ
499 537 585 600 τίς
609 531 678 608 ἦν
703 535 740 608 ἢ
781 536 810 587 6
837 531 1150 604 Μονογενὴς
1181 531 1310 595 Υίὸς
1342 528 1436 583 τοῦ
1459 527 1628 594 Θεοῦ;
1664 521 1710 597 ᾧ

125 635 156 704 ἡ
191 631 440 702 πατρικὴ
469 629 622 699 φωνὴ
652 625 954 700 ἐμαρτύρει
1003 625 1222 697 φήσασα
1245 641 1260 654 ·
1291 641 1312 675 ι
1353 619 1524 686 Οὗτός
1563 623 1710 676 ἐστιν

123 725 151 779 ὁ
195 722 326 786 Υἱός
381 739 488 792 μου
532 723 562 774 ὁ
599 719 906 790 ἀγαπητὸς,
941 720 1022 782 είς
1059 716 1120 770 ὃν
1160 715 1458 787 ηὐδόκησα’
1495 734 1514 767 ι
1541 705 1710 775 Οὗτος

121 811 296 865 τοίνυν
339 810 372 862 6
421 809 677 880 βασιλεὺς
723 808 836 863 τῶν
878 807 972 862 τοῦ
1031 806 1342 878 ’Δγαπητοῦ
1382 806 1667 876 δυνάμεων
1691 841 1706 867 ,

123 903 306 975 ὥσπερ
347 905 476 966 ταῖς
524 904 647 956 κατ’
693 901 922 974 οὐρανὸν
970 900 1264 970 δυνάμεσιν
1315 900 1572 972 ἐχορήγει
1609 900 1710 964 τὰς

123 993 308 1052 ἑαυτοῦ
341 995 688 1067 εωργεῶας,
726 995 902 1059 οὕτως
937 994 1034 1050 καὶ
1067 996 1182 1058 τοῖς
1211 994 1305 1048 ἐπὶ
1333 993 1438 1064 γῆς
1479 993 1709 1062 εὐαγγε-

123 1092 426 1164 λιζομένοις
461 1091 646 1146 δίδωσι
669 1091 732 1143 τὸ
767 1087 1124 1164 εὐαγγελικδν
1158 1086 1312 1158 ῥῆμα
1350 1085 1448 1138 σὺν
1481 1084 1708 1155 δυνάμει

125 1163 306 1258 πολλῇ.
341 1186 457 1240 Καὶ
481 1184 636 1238 αὐτοὶ
673 1183 730 1237 δὲ
763 1163 906 1237 οὗτοι
934 1182 984 1234 οἱ
1018 1181 1111 1234 ἐπὶ
1143 1180 1250 1251 γῆς
1281 1179 1533 1251 στρατιαὶ
1563 1173 1708 1249 ἦσαν

123 1279 280 1336 αὑτοῦ
323 1280 424 1332 καὶ
471 1275 732 1348 δυνάμεις
775 1271 962 1329 αὐτοῦ.
989 1272 1082 1326 Διὺ
1116 1269 1256 1324 κατὰ
1283 1269 1375 1323 τὸν
1410 1268 1706 1340 Σύμμαχον

124 1372 386 1429 λέλεκται·
425 1388 444 1421 ι
477 1367 730 1429 Βασιλεῖς
759 1363 868 1418 τῶν
909 1361 1210 1435 στρατειῶν
1249 1359 1638 1432 ἠγαπήθησαν,
1677 1377 1698 1412 ι

123 1463 173 1537 ἦ,
215 1463 496 1533 ἀγαπητοὶ
547 1461 815 1530 ἐγένοντο.
856 1456 1079 1520 Τούτοις
1121 1456 1179 1509 δὲ
1220 1455 1404 1519 αὐτοῖς
1444 1454 1539 1508 καὶ
1575 1453 1706 1508 ἄλλο

123 1557 360 1628 χάρισμα
395 1554 735 1626 ἐδωρήσατο·
759 1550 920 1604 τοῦτο
957 1549 1016 1603 δὲ
1046 1545 1114 1621 ἦν
1143 1548 1205 1602 τὸ
1235 1546 1508 1604 διελέσθαι
1529 1545 1704 1600 σκύλα

233 1623 680 1720 ὡραιότητναήτοῦ
729 1644 900 1699 οἴκου.
962 1641 1248 1715 Ὠραιότης
1293 1640 1391 1711 μὲν
1441 1640 1594 1694 οἴκου
1631 1637 1704 1692 τὰ
1737 1623 1758 1652 \

1812 529 1942 602 quis
1964 528 2150 595 fuerit,
2181 529 2290 586 nisi
2322 529 2646 603 Unigenitus
2681 532 2852 590 Filius
2883 533 2999 598 Dei,
3033 533 3120 588 eui
3145 533 3261 588 hzec
3307 547 3404 602 ya-

1811 629 1969 678 terna
1997 638 2103 678 vox
2129 622 2531 702 testificabatur
2559 643 2573 680 :
2613 645 2632 678 ι
2673 625 2774 679 Hic
2804 634 2890 682 est
2919 625 3090 684 Filius
3129 641 3285 681 meus
3317 625 3402 680 di-

1811 714 2009 780 lectus,
2051 713 2108 770 in
2139 731 2250 786 quo
2279 716 2412 772 mihi
2449 719 2760 788 complacui
2791 719 2878 773 '7‘!
2917 738 2935 771 ι
2963 718 3064 774 llic
3085 719 3266 790 itaque
3304 733 3400 772 rex

1809 807 2074 862 virtutum
2099 805 2314 870 Dilecti,
2343 808 2804 877 quemadmodum
2834 810 3154 879 caelestibus
3173 809 3396 864 virtuti-
3445 873 3456 884 ι

1808 899 1914 955 bus
1945 899 2210 956 beneficia
2255 916 2357 956 sua
2401 902 2892 968 subministrabat,
2927 905 3008 960 sic
3035 913 3092 960 et
3119 902 3397 975 evangeli—

1810 990 2066 1046 zantibus
2111 993 2168 1046 in
2216 997 2364 1047 terra
2413 992 2644 1050 verbum
2699 994 2795 1048 dat
2853 995 3228 1067 evangelicum
3268 1009 3396 1048 cum

1809 1079 2012 1136 virtute
2045 1081 2236 1136 multa.
2269 1080 2312 1136 li
2343 1097 2476 1137 vero
2523 1083 2652 1154 ipsi,
2685 1087 2779 1154 qui
2835 1085 2892 1139 in
2925 1093 3073 1140 terra
3103 1083 3394 1155 degebant,

1807 1174 2085 1230 exercitus
2112 1181 2168 1230 et
2195 1175 2432 1232 virtutes
2473 1176 2596 1247 ejus
2643 1188 2823 1234 erant.
2879 1177 3060 1244 Quare
3089 1177 3396 1234 secundum

1808 1265 2198 1339 Symmachum
2246 1268 2486 1334 dicitur,
2529 1288 2547 1320 ι
2593 1268 2772 1342 Reges
2812 1271 3153 1326 exercituum
3208 1269 3394 1326 dilecti

1807 1367 1957 1425 sunt,
1989 1381 2008 1412 ι
2041 1361 2158 1418 sive
2187 1361 2372 1418 dilecti
2401 1374 2716 1420 evaserunt.
2767 1363 2864 1419 His
2893 1381 3023 1420 vero
3055 1365 3192 1435 ipsis
3221 1366 3394 1418 altera

1805 1453 1982 1523 gratia
2033 1455 2235 1509 collata
2273 1465 2390 1522 est;
2427 1455 2480 1510 id
2523 1466 2664 1520 erat,
2697 1465 2758 1512 ut
2790 1457 3098 1514 dividerent
3127 1458 3302 1528 spolia
3335 1457 3392 1512 in

1805 1545 2046 1616 speciem
2079 1545 2298 1604 domus.
2331 1547 2556 1620 Species
2593 1551 2814 1621 quidem
2846 1551 3042 1608 domus
3067 1550 3270 1608 fuerint
3301 1566 3394 1606 or-

1803 1637 1920 1692 nati
1948 1644 2004 1694 et
2027 1637 2214 1694 decori
2245 1639 2322 1694 illi
2357 1640 2413 1696 in
2442 1640 2690 1698 Ecclesia
2739 1642 2834 1698 Dei
2865 1641 3120 1710 ordines;
3157 1657 3390 1714 quorum

123 1741 482 1815 δια-πρέποντα
529 1741 592 1792 ἐν
629 1741 698 1810 τῇ
746 1735 1044 1808 Ἐκκλησία.
1071 1733 1166 1788 τοῦ
1207 1731 1346 1787 Θεοῦ
1386 1731 1472 1803 εἴη
1505 1731 1570 1786 ἂν
1599 1731 1695 1785 τά-

1805 1744 1866 1784 se
1896 1728 2154 1800 cupidum
2185 1731 2460 1801 quispiam
2485 1729 2916 1816 fatetur,dicens
2943 1751 2956 1789 :
2983 1750 3001 1784 ι
3029 1731 3276 1797 Domine,
3309 1733 3394 1802 die

122 1814 314 1905 γματα·
363 1826 442 1887 ὧν
487 1832 582 1885 καὶ
609 1829 953 1902 ἐπιθυμητὴς
980 1826 1233 1898 ὁμολογεί
1273 1843 1358 1890 τις
1395 1825 1695 1895 γεγονέναι,

1805 1822 1908 1876 lexi
1937 1821 2194 1876 decorem
2218 1822 2414 1879 domus
2443 1814 2570 1888 tuae,
2597 1834 2650 1879 et
2676 1825 2856 1880 locum
2889 1823 3242 1880 habitationis
3275 1824 3392 1894 glo-

125 1927 309 1996 ῳὴσας·
343 1939 366 1975 ι
417 1923 631 1995 Κύριε,
667 1919 933 1992 ἠγάπησα
988 1917 1321 1990 εὐπρέπειαν
1376 1915 1526 1970 οίκου
1577 1933 1724 1981 σου,-

124 2017 208 2068 xui.
247 2014 418 2068 τόπον
469 2011 830 2083 σκηνώματος
875 2008 1033 2080 δόξης
1087 2025 1204 2062 σου.
1259 2028 1278 2062 ι
1328 2007 1440 2062 Καὶ
1499 2005 1693 2060 πάλινο

130 2123 148 2158 ι
177 2106 316 2161 Μίαν
341 2105 636 2178 ᾐτησάμην
667 2101 820 2174 παρὰ
853 2101 1057 2173 Κυρίου
1079 2141 1093 2165 ,
1127 2099 1333 2171 ταύτην
1363 2099 1600 2171 ζητήσω,
1635 2097 1698 2152 τδ

126 2202 384 2253 κατοικεῖν
417 2215 482 2269 με
509 2199 570 2250 ὲν
595 2197 731 2266 οἴκῳ
765 2191 971 2267 Κυρίου
1010 2193 1190 2256 πάσας
1229 2192 1328 2254 τὰς
1359 2190 1572 2262 ἡμέρας
1597 2191 1698 2260 τῆς

127 2289 256 2358 ζωῆς
299 2309 436 2361 μου,
483 2288 581 2342 τοῦ
627 2288 852 2359 θεωρεῖν
901 2305 968 2359 με
999 2287 1098 2358 τὴν
1125 2283 1466 2357 τερπνότητα
1491 2282 1695 2354 Κυρίου

128 2383 212 2436 καὶ
241 2381 664 2437 ἐπισκέπτεσθαι
685 2381 776 2434 τὸν
811 2381 937 2434 ναὸν
967 2379 1154 2434 αὐτοῦ.
1197 2398 1218 2431 ι

187 2493 262 2547 Τὰ
279 2496 444 2564 Ἀγια
463 2494 642 2547 τοίνυν
666 2492 774 2546 τῶν
799 2491 970 2562 ἁγίων
991 2491 1074 2564 είη
1104 2491 1170 2546 ἂν
1202 2493 1236 2564 ἡ
1267 2491 1568 2563 τερπνὸτης
1600 2493 1696 2546 καὶ

131 2581 382 2656 ὡραιύτης
411 2583 503 2638 τοῦ
534 2583 683 2638 οίκου
725 2583 820 2636 τοῦ
864 2583 1020 2638 Θεοῦ.
1065 2582 1248 2637 Ταῦτα
1284 2583 1340 2637 δέ
1383 2585 1498 2636 ἐστι
1541 2583 1610 2637 τὰ
1639 2586 1696 2636 ὲν

133 2677 432 2750 σωφροσύνῃ
461 2677 554 2730 καὶ¹
592 2676 805 2746 ἁγνεία,
838 2677 933 2731 καὶ
962 2677 1294 2750 δικαιοσύνῃ,
1325 2675 1419 2730 καὶ
1445 2679 1565 2740 ταῖς
1589 2677 1698 2729 λοι-

133 2773 246 2832 παῖς
272 2771 487 2841 ἀρεταῖς
518 2767 890 2839 διαλάμποντα
919 2770 1020 2839 τῆς
1065 2767 1388 2838 Ἐκκλησίας
1427 2767 1521 2821 τοῦ
1557 2768 1694 2822 Θεοῦ

133 2861 384 2932 τάγματα.
415 2863 508 2926 Ei;
540 2861 598 2914 δὲ
621 2861 722 2934 τὴν
749 2861 1054 2934 ὡραιότητα
1083 2859 1287 2932 ταύτην
1321 2861 1492 2916 σκύλα
1524 2861 1694 2915 διελέ-

137 2953 243 3006 σθαι
273 2957 378 3018 τοῖς
417 2953 583 3008 αὑτοῦ
628 2951 988 3025 στρατιώταις
1032 2952 1336 3026 ἐδωρήσατο
1381 2955 1410 3008 6
1445 2954 1696 3026 βασιλεὺς

135 3046 226 3098 τῶν
271 3047 561 3118 δυνάμεων.
625 3046 746 3099 Τῶν
803 3045 912 3118 γὰρ
961 3045 1234 3118 πολεμίων
1279 3047 1696 3118 ἀνατραπέντων

139 3140 218 3194 καὶ
261 3141 336 3203 εἰς
375 3141 551 3210 φυγὴν
597 3139 1018 3212 κεχωρηκότων,
1057 3139 1202 3208 λέγω
1233 3139 1292 3192 δὲ
1329 3139 1438 3194 τῶν
1468 3141 1691 3210 ἀφανῶν

139 3231 218 3285 ναὶ
257 3234 492 3304 ἀοράτων
521 3233 826 3304 δυνάμεων,
865 3233 996 3304 περὶ
1032 3225 1106 3286 ὧν
1147 3231 1404 3304 ἀνωτέρω
1449 3232 1684 3302 ἐλέγετο·

143 3339 159 3371 ι
213 3325 507 3396 ’Δναστήτω
567 3326 596 3378 6
656 3325 790 3388 Θεὸς
853 3325 948 3377 καὶ
1005 3323 1587 3396 διασκορπισθήτωσαν
1639 3328 1689 3380 oi

137 3413 300 3486 ἐχθροὶ
323 3416 504 3481 αὐτοῦ,
535 3414 858 3484 φυγέτωσαν
889 3415 1090 3480 πάντες
1132 3418 1180 3470 οἱ
1217 3417 1501 3487 μισοῦντες
1529 3417 1690 3474 αὐτὸν

139 3507 232 3560 ἀπὸ
275 3509 554 3582 προσώπου
601 3508 802 3572 αὐτοῦ,
857 3527 876 3560 ι
917 3511 965 3562 οἱ
1007 3508 1101 3562 τοῦ
1154 3509 1376 3580 νικητοῦ
1426 3509 1691 3580 βασιλέως

143 3601 440 3669 στρατιῶται
473 3600 540 3655 τὰ
587 3601 760 3654 σκύλα
789 3601 994 3654 τούτων
1024 3603 1104 3665 είς
1134 3600 1360 3664 ἑαυτοὺς
1386 3599 1686 3675 διῃροῦντο.

143 3687 296 3744 Σκύλα
341 3691 396 3744 δὲ
442 3687 586 3763 ἦμεν
619 3693 784 3762 ἡμεῖς
819 3693 916 3746 καὶ⁹
961 3693 1072 3760 πᾶν
1116 3691 1180 3746 τὸ
1228 3691 1336 3746 τῶν
1387 3691 1690 3764 ἀνθρώπων

145 3781 293 3846 γένος.
323 3783 380 3836 τδ
419 3783 590 3838 πάλαι
636 3784 902 3855 πρότερον
950 3785 1260 3857 ὑποχείριον
1305 3785 1416 3839 τῶν
1447 3785 1688 3839 ἀντικειὲ

148 3872 292 3941 μένων
329 3875 612 3946 δυνάμεων
643 3876 1038 3946 γεγενημένον·
1069 3869 1143 3930 ὧν
1177 3875 1608 3940 ἁπελασθεισῶν,
1639 3879 1688 3930 oi.

145 3966 222 4022 τοῦ
246 3970 480 4042 Σωτῆρος
503 3967 660 4040 ἡμῶν
685 3968 922 4040 μαθηταὶ
947 3969 1040 4023 καὶ
1071 3970 1376 4037 ἀπόστολοι,
1407 3973 1502 4025 καὶ
1533 3971 1690 4040 εὐαγ-

145 4059 351 4126 γελισταὶ
372 4105 385 4124 ,
416 4065 450 4134 ἦ
495 4079 556 4116 τε
601 4061 762 4134 λοιπὴ
815 4063 978 4116 αὑτοῦ
1035 4064 1324 4134 στρατεία,
1373 4065 1472 4128 τὰς
1519 4064 1686 4118 πάλαι

148 4153 375 4227 πρότερον
412 4155 814 4226 ὲσκυλευμένας
839 4155 1038 4226 ψυχὰς,
1073 4157 1260 4228 κτῆμα
1293 4157 1422 4212 ἴδιον
1460 4159 1690 4231 ποιησά-

149 4262 300 4314 μενοι,
346 4247 679 4320 διενείμαντο
735 4247 814 4310 εἰς
859 4247 1140 4317 ἀλλήλους.
1188 4247 1400 4312 Παῦλος
1447 4249 1544 4318 μὲν
1596 4246 1689 4303 οὖν

145 4337 234 4392 ἀπὸ
281 4339 624 4413 Ἰερουσαλὴμ
675 4339 766 4392 καὶ
815 4339 1000 4410 κύκλῳ
1045 4339 1204 4410 μέχρι
1242 4339 1336 4392 τοῦ
1393 4339 1688 4412 Ἰλλυρικοῦ

145 4427 200 4482 τὰ
225 4429 276 4496 ἐξ
300 4431 460 4485 ἐθνῶν
492 4430 796 4503 ἐκληροῦτο
827 4429 1018 4484 σκύλα·
1042 4431 1249 4502 Πέτρος
1290 4431 1348 4485 δὲ
1379 4429 1540 4486 πάλιν
1572 4431 1692 4484 ἐτέ-

1798 1911 1896 1966 riae
1929 1920 2040 1966 tute
2066 1912 2142 1978 ’3;
2177 1931 2198 1964 ι
2235 1927 2299 1967 ac
2329 1928 2548 1968 rursum
2578 1932 2592 1968 :
2639 1931 2659 1966 t
2702 1914 2878 1970 Unam
2921 1915 3046 1984 petii
3075 1929 3104 1967 a
3136 1912 3388 1978 Domino,

1795 2001 1938 2056 hanc
1965 2001 2260 2072 requiram,
2287 2010 2346 2056 ut
2375 2003 2674 2060 inhabilem
2705 2006 2759 2058 in
2787 2005 2950 2060 domo
2981 2003 3196 2058 Domini
3213 2005 3390 2059 omni-

1796 2093 1900 2148 bus
1917 2093 2113 2149 diebus
2141 2095 2265 2148 vita:
2297 2109 2430 2150 mete
2455 2112 2470 2154 :
2490 2103 2550 2148 ut
2585 2093 2798 2151 videam
2817 2095 3152 2166 voluptatem
3173 2093 3388 2150 Domini

1795 2194 1850 2242 et
1883 2187 2102 2244 visitem
2136 2189 2404 2260 templum
2434 2190 2557 2260 ejus
2585 2190 2650 2246 ".
2688 2209 2709 2242 ι

1870 2473 2074 2530 Sancta
2131 2483 2454 2532 sanctorum
2511 2478 2698 2546 itaque
2753 2485 3007 2547 voluptas
3063 2494 3130 2533 ac
3174 2480 3388 2549 species

1797 2567 1994 2624 domus
2025 2566 2118 2622 Dei
2155 2568 2378 2623 fuerint.
2411 2567 2478 2622 lli
2513 2583 2680 2639 porro
2714 2579 2843 2624 sunt
2874 2569 3136 2626 Ecclesia:
3179 2569 3272 2626 Dei
3298 2587 3388 2626 or-

1795 2659 1973 2722 dines.
2024 2660 2412 2730 temperantia,
2470 2660 2728 2716 castitate
2757 2701 2771 2724 ,
2816 2661 3032 2730 justitia
3079 2671 3133 2716 et
3171 2665 3386 2718 caneris

1797 2750 2095 2808 virtutibus
2127 2752 2423 2822 fulgentes.
2456 2751 2536 2806 Ad
2571 2753 2736 2807 talem
2773 2768 2904 2824 ergo
2944 2755 3180 2824 speciem
3211 2754 3384 2824 spolia

1796 2843 2042 2900 dividere
2069 2859 2164 2899 rex
2191 2845 2458 2900 virtutum
2482 2845 2754 2900 militibus
2781 2847 2898 2902 suis
2927 2847 3222 2902 concessit.
3253 2845 3388 2903 Ver-

1797 2937 1876 2992 sis
1909 2937 2053 2992 enim
2112 2943 2168 2991 et
2215 2935 2419 3008 fugatis
2475 2938 2738 3003 inimicis,
2781 2941 3014 2994 occultis
3047 2941 3296 2996 videlicet
3330 2948 3386 2996 et

1797 3029 2172 3084 invisibilibus
2199 3029 2521 3094 virtutibus,
2547 3029 2614 3084 de
2641 3030 2844 3100 quibus
2887 3031 3140 3102 superius
3161 3031 3354 3087 diceba

1799 3131 1889 3176 tur
1917 3140 1930 3175 :
1964 3141 1982 3174 ι
2022 3120 2295 3192 Exsurgat
2329 3119 2498 3186 Deus,
2527 3129 2580 3176 et
2612 3121 2957 3193 dissipentur
2989 3124 3195 3178 inimici
3237 3125 3380 3195 ejus,

1718 3183 1760 3240 δ
1795 3212 2006 3284 fugiant
2065 3227 2256 3268 omnes
2296 3212 2392 3283 qui
2433 3212 2669 3268 oderunt
2723 3229 2848 3269 eum
2901 3230 2931 3269 a
2972 3213 3110 3270 facie
3157 3215 3314 3286 ejus;
3355 3234 3378 3268 ›

1792 3305 2018 3360 victoris
2048 3305 2194 3374 regis
2227 3306 2433 3360 milites
2468 3307 2642 3376 spolia
2685 3321 2876 3361 eorum
2927 3307 3069 3362 inter
3105 3323 3164 3364 se
3191 3307 3382 3364 distrio

1790 3399 2051 3454 buerunt.
2086 3398 2270 3470 Spolia
2305 3408 2490 3456 autem
2533 3415 2634 3456 nos
2664 3416 2930 3469 eramus;
2963 3409 3246 3472 totumque
3281 3403 3386 3457 ho-

1791 3492 2000 3546 minum
2053 3507 2248 3563 genus,
2285 3494 2416 3548 olim
2469 3493 2810 3550 adversariis
2851 3495 3151 3550 virtutibus
3197 3494 3386 3550 subdi-

1790 3591 1930 3639 tum.
1962 3584 2177 3650 Quibus
2225 3586 2463 3656 repulsis
2513 3585 2816 3644 Salvatoris
2863 3587 3036 3644 uestri
3099 3588 3380 3660 discipuli,

1791 3680 2023 3748 apostoli
2066 3688 2121 3734 et
2146 3681 2516 3748 evangelistze,
2553 3687 2606 3735 et
2656 3680 2904 3751 reliquus
2941 3681 3060 3750 ejus
3103 3683 3382 3739 exercitus

1791 3772 2028 3836 animas,
2063 3788 2186 3844 qua:
2215 3773 2344 3826 olim
2373 3782 2545 3844 raptae
2575 3773 2816 3838 fuerant,
2847 3776 3006 3845 quasi
3045 3775 3100 3830 in
3131 3785 3376 3847 potesta-

1791 3869 1900 3918 tem
1928 3871 1983 3917 et
2015 3863 2280 3918 ditionem
2327 3879 2484 3919 suam
2529 3865 2801 3930 redactas,
2829 3866 2971 3922 inter
2991 3881 3051 3922 se
3079 3867 3378 3922 distribue-

1791 3963 1938 4010 runt.
1969 3954 2174 4010 Paulus
2204 3956 2474 4027 siquidem
2497 3957 2567 4012 ab
2595 3955 2898 4013 Jerusalem
2931 3965 2985 4014 et
3019 3958 3214 4013 vicinis
3241 3959 3380 4014 locis

1791 4064 1966 4119 usque
2019 4048 2088 4102 ad
2141 4048 2440 4120 Illyricum,
2467 4050 2711 4120 gentium
2757 4050 2932 4120 spolia
2980 4049 3210 4105 sortitus
3240 4057 3373 4105 est:

1789 4141 1986 4198 Petrus
2025 4143 2152 4197 item
2187 4142 2416 4196 aliarum
2443 4143 2712 4212 gentium,
2742 4141 2983 4198 Joannes
3009 4143 3215 4215 pariter
3247 4143 3378 4196 alia-

1789 4251 1934 4300 rum,
1961 4250 2028 4290 ex
2061 4233 2288 4304 reliquis
2319 4236 2584 4306 apostolis
2617 4235 2818 4306 singuli
2857 4235 3089 4290 aliarum
3123 4236 3380 4291 similiter

1790 4328 2034 4400 gentium
2066 4329 2245 4398 spolia
2272 4329 2582 4385 obtinuere.
2624 4328 2700 4384 Ex
2731 4330 2935 4400 quibus
2969 4329 3161 4401 spoliis
3189 4329 3376 4384 excel-

1791 4421 2026 4475 lentiora
2054 4420 2280 4475 donaria
2307 4419 2375 4474 ad
2393 4423 2630 4491 speciem
2652 4421 2848 4478 domus
2879 4421 2972 4478 Dei
2995 4429 3373 4492 segregarunt.

147 4535 234 4588 ρων
261 4521 414 4576 ἐθνῶν
444 4521 540 4575 καὶ
590 4520 844 4590 Ἰωάννης
879 4517 1138 4582 ὡσαύτως
1171 4517 1406 4590 ἐτέρων,
1450 4518 1544 4572 καὶ
1577 4516 1686 4571 τῶν

1798 4512 2154 4576 Quamobrem
2187 4513 2394 4568 dictum
2423 4521 2542 4568 est:
2584 4533 2602 4565 ι
2641 4512 2705 4568 Ει
2745 4514 2948 4583 speciei
2992 4513 3190 4568 domus
3235 4512 3378 4568 divi-

145 4608 311 4668 λοιπῶν
352 4613 664 4669 ἀποστόλων
705 4613 936 4676 ἕκαστος
976 4612 1391 4683 παραπλησίως.
1441 4611 1558 4682 Ἀφ’
1609 4603 1686 4664 ὧν

149 4702 320 4758 σκύλων
359 4705 426 4760 τὰ
469 4705 726 4777 ἐξαίρετα
758 4704 1105 4775 ἀναθήματα,
1147 4704 1226 4767 είς
1256 4703 1564 4775 ὡραιότητα
1587 4702 1682 4756 τοῦ

146 4793 262 4850 οἴκου
287 4799 374 4852 τοῦ
395 4799 532 4853 Θεοῦ
565 4797 861 4869 ἀφώριζον.
895 4797 986 4849 Διὸ
1013 4795 1280 4848 λέλεκται·
1306 4813 1326 4848 ι
1349 4795 1461 4849 Καὶ
1481 4795 1682 4868 ὡραιό-

146 4899 240 4954 τητι
293 4887 381 4942 τοῦ
431 4889 582 4942 οἴκου
641 4885 908 4941 διελέσθαι
957 4883 1148 4940 σκύλα.
1198 4885 1324 4939 Ἐὰν
1383 4885 1684 4958 κοιμηθῆτε

146 4975 226 5032 ἀνὰ
265 4981 414 5050 μέσον
444 4981 554 5035 τῶν
587 4980 802 5052 κλήρων
849 4979 1118 5051 πτέρυγες
1161 4979 1492 5052 περιστερᾶς
1527 4995 1684 5048 περι-
1716 5009 1722 5016 -

146 5073 512 5144 ηργυρωμέναι,
566 5075 662 5127 καὶ
694 5073 763 5126 τὰ
811 5072 1126 5142 μετάφρενα
1174 5071 1343 5142 αὐτῆς
1376 5073 1436 5125 ὲν
1480 5071 1686 5142 χλωρά·

147 5174 240 5229 τητι
281 5166 514 5236 χρυσίου.
567 5183 586 5218 ι
637 5164 1036 5237 Μνημονεύσας
1078 5166 1107 5218 ὁ
1157 5163 1314 5232 λόγος
1356 5163 1464 5216 τῶν
1522 5163 1686 5231 εὐαγ-

147 5252 460 5327 γελιζομένων
503 5257 730 5329 δυνάμει
778 5255 947 5328 πολλῇ
1000 5255 1094 5310 τοῦ
1141 5273 1198 5310 τε
1251 5255 1400 5308 οἴκου
1442 5255 1537 5308 καὶ
1584 5254 1684 5326 τῆς

148 5339 432 5418 ὧραιότητος
469 5349 658 5412 αὐτοῦ,
703 5349 782 5402 ἑτι
837 5347 944 5420 μὴν
982 5349 1071 5402 καὶ
1111 5347 1221 5400 τῶν
1261 5349 1318 5398 ὲν
1356 5344 1506 5416 αὐτῷ
1552 5344 1680 5404 σκύε

148 5427 228 5486 ἴων
239 5473 253 5498 ,
301 5437 365 5490 δι’

1793 4601 1923 4658 dere
1954 4604 2149 4674 spolia.
2189 4604 2248 4660 Si
2282 4605 2572 4661 dormiatis
2615 4607 2759 4662 inter
2789 4606 3000 4663 medios
3034 4607 3213 4662 clerus
3241 4621 3373 4676 pen-

1791 4710 1878 4751 na:
1903 4697 2170 4752 columba:
2188 4698 2573 4768 deargentatae,
2603 4707 2656 4753 et
2691 4700 2994 4769 posteriora
3023 4697 3146 4768 ejus
3173 4698 3229 4752 in
3258 4698 3376 4768 pal-

1791 4791 1905 4848 lore
1919 4791 2062 4848 auri.
2081 4809 2101 4844 »
2122 4789 2418 4862 Postquam
2458 4793 2944 4862 evangelizantium
2972 4791 3172 4847 virtute
3201 4791 3374 4846 multa

1790 4883 2100 4954 domusque
2123 4900 2187 4939 ac
2247 4883 2451 4955 speciei
2487 4885 2629 4954 ejus,
2663 4899 2878 4939 necnon
2917 4883 3216 4953 spoliorum
3252 4898 3376 4954 quae

1789 4977 1846 5031 in
1877 4977 1994 5046 ipsa
2025 4983 2203 5042 erant,
2233 4977 2394 5048 queis
2437 4976 2678 5034 Ecclesia
2717 4977 2811 5032 Dei
2853 4983 2908 5032 et
2939 4977 2975 5032 ii
3014 4977 3108 5047 qui
3155 4977 3222 5050 in
3255 4976 3375 5048 ipsa

1789 5070 2076 5140 conspicui
2105 5069 2258 5126 fuere
2289 5072 2802 5136 subindicabantur,
2841 5070 3048 5125 mentio
3073 5069 3216 5124 facta
3245 5077 3330 5126 est
3354 5087 3374 5138 ;

1789 5170 2196 5232 cnnsequenter
2219 5163 2276 5218 in
2307 5164 2376 5220 iis
2399 5179 2522 5235 quae
2541 5163 2656 5233 jam
2675 5171 2979 5218 tractamus
3009 5161 3272 5216 divinitus
3297 5160 3376 5214 in-

1789 5255 2029 5325 spiratus
2057 5257 2321 5313 lectiones
2344 5265 2760 5313 commemorat.
2778 5272 2880 5312 nos
2899 5257 2975 5310 ita
2999 5254 3369 5326 compellans:

1791 5345 1880 5402 «Si
1901 5347 2186 5404 dormiatis
2202 5349 2342 5404 inter
2369 5348 2577 5405 medios
2592 5349 2820 5404 clerus.»
2847 5347 2992 5404 Cleri
3019 5354 3224 5410 autem,
3255 5345 3374 5400 sive

419 5432 494 5491 ὧν
559 5439 805 5511 ᾐνίττετο
859 5439 958 5509 τὴν
1020 5437 1343 5510 Ἐκκλησίαν
1397 5436 1492 5490 τοῦ
1546 5436 1681 5490 Θεοῦ

1798 5441 1955 5498 fortes
1985 5442 2262 5506 Ecclesiae,
2299 5449 2428 5500 sunt
2447 5441 2616 5498 Vetus
2644 5451 2700 5498 et
2727 5439 2936 5496 Novum
2960 5439 3372 5494 Testamentum

149 5525 220 5578 καὶ
263 5529 378 5594 τοὺς
427 5533 488 5584 ἐν
539 5531 680 5604 αὐτῇ
729 5531 1164 5604 διαπρέποντας’
1227 5529 1538 5594 ἀκολούθως
1593 5529 1683 5583 διὰ

1798 5532 1879 5588 Dei
1917 5551 1930 5587 :
1966 5533 2253 5605 docetque,
2297 5549 2393 5590 eos
2437 5535 2528 5606 qui
2563 5534 2618 5590 in
2653 5532 2833 5590 medio
2866 5547 3055 5588 eorum
3085 5535 3374 5584 versantur

149 5615 230 5669 τῶν
260 5621 390 5688 μετὰ
415 5625 602 5695 χεῖρας
633 5624 729 5676 καὶ
765 5623 874 5678 τῶν
917 5622 1286 5678 θεοπνεύστων
1317 5624 1682 5696 ἀναγνωσμά-

1787 5640 1994 5682 uenuas
2023 5627 2291 5684 columbae
2327 5628 2712 5701 deargentatas
2740 5626 3060 5682 inventuros
3089 5631 3244 5689 8888;
3274 5635 3372 5676 eu-

205 5773 238 5802 "
267 5773 440 5832 Matth.
477 5794 556 5846 ιιι,
597 5778 697 5846 i't’;
733 5759 866 5848 xv",
1021 5781 1063 5813 ³⁸
1085 5777 1208 5836 Psal
1260 5796 1384 5846 xxv,
1422 5780 1475 5836 8.
1556 5777 1765 5836 "Psal.
1801 5795 1952 5852 nrt,
1985 5781 2038 5836 4.
