4086 6442
547 425 651 482 699

1995 0 3984 30 ‘————-—————————————'———‘

1221 417 1472 477 esses“
1499 367 2042 472 ςεδλῖὶὶΕΝειε
2081 413 2134 470 01

2275 411 2457 467 PARS
2495 412 2585 468 Ill.
2623 442 2696 453 —
2736 410 3148 470 EXEGETICA.
3743 414 3827 474 τοο

550 547 640 615 ius
671 544 935 599 columbae
985 540 1287 611 posteriora
1331 539 1459 594 dicit
1484 550 1602 592 esse
1629 520 1700 580 ἳη
1719 527 1954 593 νοιιοτε
2001 533 2134 588 auri.

2249 549 2358 586 των
2413 531 2516 603 τὴν
2569 530 2792 603 μνήμην
2849 531 3078 583 ποιεῖται
3127 529 3204 596 ὡς
3251 531 3399 604 πρός
3457 531 3611 600 ἡμᾶς

550 635 686 691 Nam
717 651 842 690 cum
875 635 1117 706 Spiritus
1148 639 1372 686 sanctus
1419 627 1668 684 columba
1705 636 1832 680 esse
1875 625 2148 698 intelliga-

551 733 666 789 tur,
687 740 809 795 qua:
833 724 997 778 verba
1025 721 1081 776 in
1107 719 1289 776 Veteri
1319 726 1367 774 et
1393 717 1544 773 Novo
1563 715 1926 772 Testamento
1957 715 2147 786 legun-

552 823 669 882 tur,
726 813 1028 871 secundum
1061 811 1262 866 nudam
1292 817 1346 866 et
1374 809 1590 864 obviam
1618 807 1911 864 lectionem
1934 845 1950 870 ,
1985 804 2145 876 quasi

513 939 526 954 ο
554 907 660 964 sub
693 907 795 962 alis
826 905 1040 960 occulta
1063 909 1218 966 sunt,
1249 902 1374 968 alis,
1404 902 1650 972 inquam,
1683 899 1984 962 deauratis,
2016 896 2145 967 quia

553 1000 770 1071 eloquia
821 998 1036 1053 Domini
1083 1003 1370 1068 argentum
1405 1003 1534 1051 sunt
1578 994 1705 1065 igne
1749 992 2143 1054 examinatum,

554 1091 844 1163 probatum
871 1100 1052 1145 terrae.
1109 1088 1282 1144 Sensa
1316 1097 1498 1142 autem
1533 1087 1587 1140 in
1613 1081 1888 1157 profundo
1911 1084 2146 1138 a‘nscon-

553 1181 689 1244 dita,
744 1195 867 1252 qua:
912 1187 1228 1236 memoratas
1272 1177 1562 1241 columbas,
1609 1175 1871 1232 nimirum
1905 1172 2144 1244 Spiritus

555 1271 756 1336 sancti,
789 1271 1189 1342 posterioribus
1219 1268 1608 1341 comparanda,
1641 1268 1696 1322 in
1720 1267 1929 1338 pallore
1949 1267 2143 1322 dicun-

555 1371 646 1416 tur
675 1378 822 1427 esse,
865 1363 995 1432 quia
1019 1362 1292 1417 sententia
1323 1369 1376 1416 et
1405 1360 1700 1432 purissima
1737 1375 1894 1416 mens
1923 1360 2026 1415 sub
2060 1359 2144 1414 di-

553 1453 738 1508 ctione
769 1452 1091 1508 abscondita
1128 1451 1248 1506 auri
1286 1452 1463 1507 instar
1504 1451 1742 1522 eﬂ‘ulget.
1798 1449 2004 1520 Hisque
2027 1464 2144 1504 rur-

555 1560 675 1598 sum
710 1559 812 1599 nos
841 1543 1132 1613 compellat
1157 1557 1370 1606 omnes,
1389 1542 1482 1612 qui
1513 1541 1568 1596 in
1603 1542 1766 1596 domo
1793 1539 1888 1597 Dei
1913 1553 2144 1612 congre-

554 1637 667 1706 gati
709 1651 924 1701 sumus,
968 1649 1108 1706 quos
1145 1635 1318 1705 spolia
1350 1634 1605 1705 superius
1625 1633 1981 1704 nuncupavit.
2032 1632 2141 1691 Pro

553 1727 650 1781 illo
679 1734 898 1792 autem,
949 1743 969 1776 ι
1016 1725 1073 1779 Si
1108 1725 1418 1789 dormiatis,
1458 1742 1477 1776 ›
1520 1723 1883 1794 Symmachus
1931 1724 2011 1778 sic
2039 1723 2139 1777 ba-

2259 641 2282 675 ι
2305 622 2430 676 Ἐάν
2467 621 2772 694 κοιμηθῆτε
2815 621 2922 676 ἀνά
2957 622 3120 693 μέσον
3151 621 3260 675 τῶν
3302 603 3564 694 κλήρων.
3597 603 3836 696 γιὶλῆροι

2253 715 2311 768 δέ
2351 714 2451 787 τῆς
2491 713 2819 784 Ἑκκλησίαπς
2849 713 2988 766 εἰσὶν
3030 714 3066 784 ἦ
3120 731 3182 767 τε
3233 713 3462 769 Παλαιά
3494 713 3594 766 καὶ
3625 715 3834 786 sum,

2253 804 2495 876 Διαθήκη
2523 803 2619 858 τοῦ
2643 803 2780 858 Θεοῦ
2797 821 2811 834 ’
2837 799 2912 857 ὧν
2939 803 3066 868 τούς
3089 806 3146 858 ἐν
3172 804 3323 876 μέσῳ
3348 805 3838 875 διαστρεφομένους

2251 892 2491 946 διδάσκει
2525 892 2802 965 πτέρυγας
2829 895 3158 964 περιστερᾶς
3189 893 3737 967 περιηργυρωμένας
3762 898 3838 950 εὐ-

2257 987 2471 1059 ρήσειν·
2506 981 2576 1060 ἧς
2605 990 2935 1061 περιστερᾶς
2969 987 3039 1041 τά
3084 990 3402 1062 μετάφρενα
3447 984 3598 1042 εἶναι
3637 990 3696 1042 ἐν
3717 989 3839 1060 χλω-

2255 1081 2443 1153 ρότητι
2467 1083 2714 1154 χρυσίου.
2749 1084 2858 1138 Τοῦ
2885 1085 2996 1158 γὰρ
3034 1085 3188 1154 ἁγίου
3228 1084 3570 1154 Πνεῦματος
3609 1099 3841 1153 περιστε-

2257 1174 2352 1245 ρᾶς
2387 1175 2698 1246 νοουμένου,
2728 1178 2777 1230 οἱ
2810 1178 2868 1231 ἐν
2903 1177 3118 1248 Παλαιᾷ
3152 1176 3245 1230 καὶ
3274 1177 3465 1246 Κοινῇ
3499 1173 3840 1244 λελαλημένοι

2251 1264 2422 1335 λόγοι,
2443 1266 2587 1320 κατὰ
2619 1269 2716 1339 μὲν
2750 1268 2849 1341 τὴν
2879 1267 3198 1322 ἐπιπόλαιον
3223 1267 3574 1337 ἀνάγνωσιν,
3600 1265 3838 1337 πτέρυξιν

2250 1356 2439 1428 ὥσπερ
2471 1358 2946 1431 ἐγκεκαλυμμένοι
2970 1359 3321 1430 τυγχάνουσι,
3350 1357 3456 1410 καὶ
3497 1353 3729 1426 πτέρυξι
3755 1373 3838 1408 πε-

2252 1449 2747 1523 ριηργυρωμέναις,
2793 1451 2981 1524 ἐπειδὴ
3021 1450 3090 1505 τά
3135 1450 3290 1519 λόγια
3320 1449 3548 1520 Κυρίου
3592 1446 3844 1520 ἀργύριόν

2248 1542 2365 1594 ἐστι
2390 1541 2807 1613 πεπυρωμένον,
2833 1541 3077 1613 δοκίμιον
3095 1544 3163 1613 τῇ
3184 1543 3276 1612 ﬂ"
3291 1539 3361 1594 τὰ
3380 1539 3441 1592 δὲ
3471 1538 3626 1593 κατὰ
3657 1537 3844 1608 βάθους

2249 1634 2673 1704 ἐγκεκρυμμένα
2699 1635 2968 1706 νοήματα,
3002 1636 3146 1707 άπερ
3179 1633 3322 1687 ἔοικε
3353 1631 3730 1704 μεταφρένοις
3749 1630 3840 1702 τῆς

2247 1721 2606 1794 ἀποδοθείσης
2640 1727 2993 1796 περιστερᾶς,
3026 1723 3228 1795 δηλαδὴ
3268 1723 3363 1778 τοῦ
3393 1725 3567 1793 άγίου
3599 1721 3835 1792 Πνεύμα-

552 1821 666 1882 bet,
727 1837 746 1870 ι
785 1817 842 1874 Si
867 1818 1178 1874 recideritis
1221 1818 1364 1872 inter
1409 1817 1608 1874 cleros.
1649 1836 1668 1870 ι
1714 1815 1847 1871 Nam
1876 1816 2138 1879 dormire,

552 1926 700 1966 nime
727 1911 1070 1981 requiescere
1104 1910 1396 1980 signiﬁcat.
1433 1909 1505 1964 lis
1529 1909 1694 1980 igitur
1727 1910 1819 1980 qui
1847 1923 2134 1966 sacrorum

2240 1909 2308 1977 τῇ
2353 1905 2496 1970 λέξει
2538 1905 2778 1972 διανοίας
2825 1909 2918 1962 καὶ
2950 1909 3045 1963 τοῦ
3085 1910 3481 1982 καθαρωτάτου
3513 1906 3611 1961 νοῦ
3643 1903 3829 1979 χρυσοῦ

550 2002 847 2058 verborum
873 2002 1252 2057 exercitationi
1284 2008 1498 2066 vacant,
1519 2001 1821 2057 hortatorio
1838 2000 1998 2055 modo
2019 2014 2134 2071 pro-

2238 1999 2397 2070 δίκην
2429 2000 2938 2072 ἀπαστράπτοντος.
2965 2003 3149 2057 Ταῦτα
3180 2003 3238 2058 δὲ
3271 2003 3653 2072 ἀναφωνεῖται
3679 2000 3831 2053 πᾶσιν

552 2095 791 2150 mittitur
823 2095 1131 2150 divinarum
1157 2093 1566 2164 Scripturarum
1599 2093 1806 2149 utilitas
1840 2112 1854 2148 :
1890 2107 2014 2147 nam
2046 2088 2134 2146 sa-

2238 2091 2367 2162 ήμῖν
2400 2094 2512 2157 τοῖς
2547 2094 2606 2146 ἐν
2635 2091 2713 2164 τῷ
2737 2091 2872 2164 οἴκῳ
2901 2093 2996 2148 τοῦ
3026 2095 3161 2148 Θεοῦ
3198 2095 3592 2167 συνηγμένοις,
3628 2092 3723 2155 οὓς
3751 2091 3832 2144 δια

549 2203 771 2243 orarum
801 2187 1096 2242 lectionum
1131 2187 1298 2241 dictio
1329 2195 1557 2257 purgata
1589 2194 1675 2240 est
1705 2185 1879 2240 instar
1919 2184 2130 2255 argenti

2238 2183 2341 2238 τῶν
2371 2184 2681 2258 ἔμπροσθεν
2716 2187 2887 2240 σκύλα
2905 2187 2933 2240 6
2957 2187 3113 2257 λόγος
3138 2187 3439 2259 ὠνόμαζεν.
3461 2188 3624 2240 Ἀντὶ
3643 2185 3703 2238 δέ
3721 2182 3824 2242 τοῦ.

550 2280 672 2351 igne
700 2280 1020 2344 examinati,
1055 2280 1356 2336 secundum
1387 2278 1529 2334 hanc
1551 2277 1874 2334 sententiam
1907 2297 1922 2334 :
1961 2296 1980 2329 ι
2002 2277 2130 2332 Elo-

2238 2292 2254 2326 ι
2276 2275 2403 2330 Ἐὰν
2427 2277 2746 2350 κοιμηθῆτε,
2779 2296 2799 2330 ι
2839 2279 2982 2333 κατά
3011 2279 3104 2332 τὸν
3131 2277 3446 2351 Σύμμαχον,
3489 2298 3510 2329 ι
3537 2276 3670 2330 Ἐὰν
3695 2285 3825 2332 ἀνα-

547 2373 676 2440 quia
701 2371 916 2426 Domini
946 2371 1068 2443 igne
1097 2371 1407 2424 examinata
1434 2370 1513 2436 ³⁰;
1539 2388 1558 2422 ι
1587 2385 1652 2424 ac
1681 2384 1898 2424 rursum
1929 2389 1942 2424 :
1972 2389 1990 2422 ι
2010 2369 2131 2426 Elo-

2238 2367 2438 2440 πέσητε
2463 2369 2668 2440 μεταξύ
2705 2369 2815 2424 τῶν
2846 2372 3084 2443 κλήρων,
3118 2390 3136 2424 ι
3171 2371 3407 2444 εἴρηται.
3440 2370 3521 2424 Τὸ
3565 2368 3680 2441 γάρ
3723 2385 3826 2422 κοιν

547 2465 674 2534 quia
714 2463 928 2519 Domini
960 2463 1175 2534 eloquia
1221 2470 1398 2527 casta,
1450 2469 1736 2532 argentum
1774 2461 1898 2532 igne
1925 2462 2131 2516 exami-

2238 2459 2473 2531 μηθῆναι
2497 2461 2590 2516 νῦν
2609 2462 3074 2518 διαναπαύσεσοαι
3094 2464 3396 2536 δηλοῖ.Τοίς
3414 2460 3513 2518 οὖν
3537 2461 3651 2515 τῶν
3675 2461 3822 2532 ἱερῶν

548 2561 760 2617 natum,
797 2552 1084 2622 probatum
1112 2559 1295 2616 terrae,
1328 2559 1620 2622 purgatum
1666 2551 1975 2622 septuplum
2004 2551 2070 2607 “.
2106 2569 2124 2604 ι

2238 2551 2501 2624 ἀσκητοῖς
2535 2553 2711 2625 λόγων
2738 2557 3158 2628 προτρεπτικῶς
3183 2560 3218 2629 ή
3248 2556 3648 2629 προσφώνησις
3671 2557 3824 2623 ἐπαγ-

547 2644 832 2698 Seutentia
865 2659 996 2698 vero
1025 2644 1330 2715 spiritualis
1373 2650 1643 2714 praestans
1691 2652 1746 2700 et
1792 2644 1974 2716 magni
2009 2660 2134 2716 pre-

2238 2644 2482 2714 γέλλεται
2514 2647 2613 2720 τὴν
2640 2649 2706 2703 ἐκ
2731 2649 2839 2704 τῶν
2868 2649 3024 2704 θείων
3051 2650 3223 2720 λόγων
3243 2650 3515 2720 ὠφέλειαν
3536 2666 3552 2680 ·
3577 2648 3614 2719 ἦ
3638 2663 3697 2700 τε
3721 2644 3822 2719 γὰρ

547 2737 606 2790 tii
639 2751 783 2808 esse,
832 2751 959 2791 cum
1011 2736 1237 2804 dicitur,
1278 2754 1297 2788 ι
1331 2735 1392 2792 In
1438 2737 1646 2808 pallore
1696 2735 1852 2803 auri,
1886 2755 1905 2789 ι
1945 2737 2130 2793 decla-

2238 2738 2375 2805 λέξις
2423 2740 2532 2795 τῶν
2581 2741 2742 2815 ἱερῶν
2787 2743 3232 2814 ἀναγνωσμάτων
3283 2742 3629 2816 κεκάθαρται
3680 2743 3821 2812 δίκην

546 2836 717 2884 ratur.
2232 2831 2497 2906 ἀργυρίου
2545 2835 2968 2907 πεπυρωμένου,
3004 2834 3145 2888 κατά
3187 2835 3280 2888 τὸν
3331 2836 3588 2906 φήσαντα
3630 2834 3815 2903 λόγον’

546 2946 568 2979 ‹
596 2927 677 2980 Τὰ
705 2926 863 2997 λόγια
906 2927 1113 3000 Κυρίου
1159 2926 1568 3000 πεπυρωμέναυ
1604 2945 1623 2978 ι
1656 2927 1752 2981 καὶ
1779 2926 1968 2980 πάλιν·
2036 2943 2056 2978 ι
2119 2925 2202 2980 Τά
2239 2928 2394 2998 λόγια
2429 2930 2636 3004 Κυρίου
2683 2930 2840 3000 λόγια
2886 2931 3045 3000 ἁγνὰ,
3088 2929 3364 3003 ἀργύριονο
3401 2930 3818 3004 πεπυρωμένον,

546 3019 788 3089 δοκίμιον
809 3022 872 3091 τῇ
901 3023 994 3091 γῇ,
1015 3019 1482 3092 κεκαθαρισμένον
1505 3018 1922 3082 ἑπττκπλαιςίως⁹
1961 3036 1982 3070 ι
2011 3019 2046 3090 ἦ
2067 3035 2128 3072 τε
2164 3019 2373 3076 διάνοια
2397 3025 2430 3094 ἠ
2461 3022 2804 3095 πνευματικὴ
2831 3022 3108 3094 ἐξαίρετος
3169 3023 3265 3076 καὶ
3328 3022 3701 3096 πολυτίμητος
3738 3021 3816 3075 διά

545 3111 640 3165 τοῦ
686 3111 972 3182 λέγεσθαι,
1010 3132 1029 3167 ι
1053 3115 1141 3168 Ἐν
1181 3114 1486 3187 χλωρότητι
1525 3114 1776 3186 χρυσίου,
1807 3132 1826 3166 ι
1865 3113 2223 3186 παρίσταται.

2243 1831 2356 1878 τος,
2391 1815 2449 1867 ἐν
2481 1814 2784 1888 χλωρότητι
2811 1816 3029 1886 λέγεται
3059 1814 3217 1883 εἶναι,
3243 1817 3344 1889 τῆς
3374 1812 3834 1912 ἐγκεκρυιξΞ-ένης

610 3227 779 3285 Vens.
810 3231 999 3286 15-17.
1045 3250 1065 3285 ι
1106 3231 1240 3287 Dum
1267 3232 1533 3288 discernit
1587 3231 1828 3288 caelestis
1851 3247 2011 3303 reges
2043 3249 2134 3289 su-

2321 3251 2342 3284 ι
2365 3233 2452 3285 Ἐν
2483 3230 2563 3303 τῷ
2584 3231 2913 3284 διαστέλλειν
2942 3231 3033 3284 τὸν
3059 3230 3309 3303 οὐράνιον
3341 3230 3588 3301 βασιλεῖς
3619 3229 3708 3283 ἐπ’
3728 3227 3820 3283 αὐ-

545 3337 640 3397 per
666 3337 786 3377 eam
820 3323 946 3378 nive
972 3323 1376 3378 dealbabuntur
1420 3323 1476 3377 in
1525 3323 1767 3379 Selmon.
1807 3342 1826 3375 ι
1867 3322 1974 3378 Pro
2008 3323 2122 3389 illo,

2238 3325 2354 3398 τὴν,
2392 3323 2817 3396 χιονωθήσονται
2844 3324 2902 3377 ἐν
2927 3321 3170 3394 Σελμὼν.
3194 3344 3212 3376 ι
3235 3324 3380 3377 Ἀντὶ
3414 3324 3528 3388 τοῦ,
3575 3343 3596 3376 ι
3621 3324 3710 3377 Ἐν
3745 3320 3822 3392 τῷ

550 3430 569 3462 ‹
585 3409 719 3465 Dum
735 3412 999 3466 discernit
1019 3411 1282 3480 cmlestis,
1297 3433 1314 3465 ι
1335 3419 1389 3466 et
1405 3420 1621 3477 caetera,
1639 3412 1719 3467 sic
1737 3413 2125 3482 interpretatur

2238 3417 2559 3472 διαστέλλειν
2576 3417 2670 3470 τὸν
2687 3415 3008 3489 ἐπουράνιον
3031 3435 3050 3468 ι
3084 3417 3179 3470 καὶ
3201 3416 3270 3470 τά
3299 3416 3446 3488 ἐξῆς,
3469 3419 3498 3471 ό
3525 3417 3816 3488 Σύμμαχος

545 3499 907 3573 Symmachus
943 3522 955 3558 :
1001 3521 1020 3554 ι
1051 3502 1279 3569 Quando
1309 3502 1648 3574 dispensavit
1679 3512 1872 3574 potens
1896 3519 2125 3576 regnare

2238 3508 2412 3564 τοῦτον
2441 3509 2752 3581 ἡρμήνευσε
2794 3507 2887 3562 τὸν
2923 3507 3155 3578 τρόπον·
3198 3525 3216 3558 ι
3241 3507 3432 3560 Ὁπότε
3460 3505 3815 3577 κατεμέριζεν

545 3593 716 3658 Illam,
751 3595 906 3664 quasi
934 3595 1056 3650 nive
1081 3593 1331 3650 dealbata
1357 3607 1494 3651 erat.
1568 3595 1789 3652 Selmon
1819 3612 1978 3653 mons
2006 3596 2122 3664 Dei,

542 3700 701 3739 mons
723 3687 960 3757 pinguis,
980 3703 1138 3744 mons
1156 3688 1480 3757 altissimus,
1496 3705 1655 3744 mons
1674 3690 1892 3762 pinguis
1916 3709 1929 3744 :
1953 3704 2125 3760 quare

542 3777 761 3833 curiose
790 3779 1190 3850 investigantur
1243 3790 1456 3837 montes
1479 3782 1680 3838 excelsi
1704 3782 1727 3835 ’ἒ
1755 3781 1909 3837 Mons
1933 3781 1988 3836 in
2014 3797 2122 3852 quo

543 3869 876 3926 desideravit
915 3870 1058 3927 Deus
1100 3872 1369 3938 habitare,
1402 3881 1456 3929 et
1482 3872 1746 3929 Dominus
1773 3873 2038 3929 habitabit
2064 3874 2121 3929 in

544 3961 730 4019 ﬁnem.
763 3982 782 4017 ι
819 3962 913 4021 llis
939 3973 1119 4020 autem
1143 3966 1425 4034 docemur,
1453 3981 1576 4023 cum
1602 3967 1841 4024 cwlestis
1868 3967 1976 4034 ille,
2010 3970 2123 4025 sive

541 4053 847 4109 cmlestium
885 4055 1186 4110 incolarum
1229 4055 1407 4125 Deus,
1461 4058 1772 4128 praedictam
1821 4059 2128 4113 columbam

542 4145 764 4215 regibus
793 4153 953 4201 terra:
991 4147 1238 4214 donavit,
1271 4149 1326 4202 id
1351 4157 1455 4214 est,
1489 4149 1558 4205 iis
1592 4147 1684 4220 qui
1713 4149 1768 4204 in
1795 4157 1940 4206 terra
1976 4150 2128 4221 regni

541 4237 665 4308 ejus
697 4248 980 4295 consortes
1021 4241 1243 4296 fuerunt
1282 4241 1359 4313 (hi
1411 4257 1575 4313 porro
1625 4249 1783 4296 erant
1827 4242 2125 4313 prophetae,

540 4329 675 4400 justi
720 4338 774 4386 et
806 4332 880 4402 pii
908 4333 1036 4396 viri,
1077 4348 1142 4388 ac
1169 4332 1427 4405 discipuli
1479 4344 1533 4390 et
1563 4335 1794 4406 apostoli
1823 4333 2130 4392 Salvatoris

543 4423 742 4489 nostri,
785 4424 988 4494 quibus
1027 4423 1292 4496 Spiritum
1325 4431 1576 4480 sanctum
1602 4427 1844 4483 cmlestis
1871 4427 1962 4482 ille
1987 4426 2130 4483 Deus

542 4514 876 4585 distribuit);
923 4525 1057 4571 tunc
1101 4533 1198 4572 eos
1236 4517 1330 4588 qui
1366 4517 1538 4572 divini
1589 4515 1829 4589 Spiritus
1862 4518 2022 4576 donis
2047 4535 2132 4574 or-

543 4607 658 4661 nati
691 4607 929 4676 fuerant,
959 4609 1134 4665 instar
1166 4609 1310 4664 nivis
1335 4609 1596 4666 candidos
1625 4611 1912 4681 clarosque
1933 4611 2122 4668 fuisse.

543 4700 725 4768 Quare
756 4702 960 4757 dictum
1005 4711 1132 4759 est:
1173 4723 1193 4756 ‹
1231 4702 1435 4774 thuid
1507 4704 1859 4774 suspicamini
1912 4714 2126 4763 montes

541 4793 902 4864 coagulatns?
939 4814 957 4847 ι
1009 4793 1386 4867 Objurgantur
1428 4795 1636 4852 scilicet
1677 4797 1771 4867 qui
1821 4795 2023 4867 aliquid
2055 4799 2132 4854 si-

540 4884 671 4938 mile
697 4886 965 4942 exsistere
992 4888 1332 4943 arbitrantur
1362 4907 1378 4944 :
1404 4886 1558 4942 addit
1581 4903 1712 4944 vero
1741 4904 1848 4959 qua
1875 4890 1942 4945 de
1963 4904 2130 4944 causa

540 4990 652 5030 non
697 4986 947 5048 oporteat
985 4980 1205 5050 quidvis
1235 4980 1382 5035 aliud
1413 4997 1536 5036 cum
1582 4981 1704 5052 ipso
1745 4980 2017 5046 conferre,
2045 4983 2130 5037 di-

539 5085 672 5125 cens
702 5094 716 5126 -.
750 5071 938 5127 «Mons
969 5073 1024 5128 in
1056 5088 1166 5144 quo
1194 5073 1596 5145 beneplacitum
1625 5083 1710 5130 est
1745 5073 1855 5130 Deo
1882 5074 2128 5132 habitare

539 5161 596 5216 in
633 5177 700 5216 eo
736 5180 754 5216 :
783 5164 986 5218 etenim
1018 5163 1285 5220 Dominus
1317 5165 1586 5220 habitabit
1621 5166 1676 5221 in
1712 5165 1893 5222 linem.
1933 5187 1953 5219 ι
1990 5167 2125 5224 Nam

539 5253 632 5308 ille
657 5253 810 5309 solus
845 5269 1004 5310 mons
1033 5264 1118 5311 est
1149 5258 1204 5311 in
1237 5272 1346 5328 quo
1377 5255 1521 5313 Deus
1549 5257 1800 5313 habitare
1827 5260 2122 5330 cooptavit,

537 5355 592 5400 et
618 5347 672 5402 in
704 5364 812 5419 quo
831 5347 994 5404 Pater
1022 5351 1361 5406 domicilium
1395 5351 1557 5407 habet
1581 5353 1635 5406 in
1655 5351 1852 5407 sarcula
1880 5352 2122 5420 inﬁnita;

540 5455 712 5511 quare
745 5455 855 5496 non
881 5440 1036 5497 decet
1073 5442 1238 5496 alium
1273 5457 1398 5497 cum
1426 5443 1521 5497 illo
1542 5441 1811 5498 conferre.
1858 5441 1993 5499 Nam
2019 5444 2123 5500 etsi

538 5532 608 5588 de
631 5533 752 5588 aliis
784 5534 989 5590 dictum
1024 5534 1128 5590 fuit
1157 5535 1290 5590 illud
1315 5575 1330 5600 ,
1386 5553 1404 5586 ι
1440 5532 1760 5595 Inhabitabo
1807 5536 1862 5592 in
1911 5537 2022 5594 illis
2066 5546 2121 5594 et

541 5623 912 5690 iuambulaho,
943 5633 996 5681 et
1025 5641 1120 5682 ero
1155 5625 1373 5680 illorum
1403 5625 1638 5693 Deus,et
1666 5628 1770 5700 ipsi
1804 5638 1967 5685 erunt
1986 5628 2118 5684 mihi

541 5703 774 5789 populus
800 5718 875 5786 ";
914 5737 932 5771 ι
967 5727 1022 5772 at
1053 5734 1159 5774 non
1191 5719 1415 5791 perinde
1446 5719 1500 5775 in
1533 5721 1668 5794 ipsis
1695 5722 1903 5778 habitat
1926 5729 1980 5777 et
2002 5735 2128 5776 am--

2225 3605 2254 3658 6
2291 3601 2476 3666 ἱκανὸς
2507 3599 2813 3672 βασιλεύειν
2847 3600 3039 3672 αὐτὴν,
3082 3598 3160 3661 ὡς
3207 3598 3540 3670 χιονισθεῖσα
3570 3594 3664 3670 ἦν.
3696 3593 3815 3648 Σελ-

2230 3693 2345 3766 μὼν
2390 3693 2516 3766 ὅρος
2559 3691 2720 3756 Θεοῦ,
2761 3692 2886 3765 ὅρος
2940 3691 3250 3764 εὐτροφίας,
3284 3690 3410 3761 ὅρος
3459 3689 3814 3761 ὑψηλότατον,

2226 3788 2352 3859 ὄρος
2391 3784 2714 3857 εὐτροφίας·
2750 3785 2831 3849 είς
2869 3783 2924 3837 τί
2966 3780 3462 3855 περισπουδάζεται
3509 3780 3580 3834 τά
3621 3780 3722 3850 ὅρη
3743 3779 3805 3832 τὰ

2229 3877 2443 3950 ὐψηλά;
2474 3877 2548 3931 Τὸ
2582 3877 2709 3948 ὅρος
2739 3877 2876 3948 ὅπερ
2907 3875 3172 3948 ἐπόθησεν
3203 3876 3232 3927 6
3264 3874 3396 3937 Θεὸς
3432 3875 3513 3938 είς
3545 3875 3609 3927 τὸ
3636 3888 3812 3927 κατοι-

2229 3975 2346 4028 κεῖν
2393 3973 2452 4025 ἐν
2496 3971 2664 4042 αὐτῷ,
2695 3971 2790 4025 καὶ
2816 3969 3019 4042 Κύριος
3046 3967 3460 4040 κατασκηνώσει
3485 3969 3566 4032 είς
3587 3967 3759 4030 τέλος.
3789 3983 3806 4014 ι

2229 4063 2482 4118 Διδάσκει
2515 4063 2572 4116 δὲ
2603 4065 2632 4116 ό
2660 4061 2835 4130 λόγος,
2868 4061 2944 4125 ὡς
2973 4061 3082 4134 ἄρα
3120 4059 3262 4114 κατά
3297 4060 3386 4113 τὸν
3411 4059 3600 4131 καιρὸν
3629 4061 3688 4112 ἐν
3712 4048 3754 4124 ᾧ
3783 4057 3824 4108 ὸς

2231 4156 2574 4230 ἐπουράνιος,
2601 4155 2800 4226 δηλαδὴ
2828 4157 2856 4208 6
2876 4155 2986 4208 τῶν
3005 4156 3064 4208 ἐν
3083 4153 3331 4227 οὐρανοῖς
3349 4151 3644 4206 οἰκούντων
3662 4149 3806 4214 Θεὸς.

2229 4249 2329 4323 τήν
2375 4247 2764 4322 προλεχθεῖσαν
2813 4247 3142 4319 περιστερὰν
3191 4245 3520 4316 κατεμέριζε
3552 4247 3670 4308 τοῖς
3723 4241 3816 4295 ἐπὶ.

2230 4343 2331 4415 τῆς
2371 4343 2474 4412 γῆς
2525 4338 2824 4410 βασιλεῦσι,
2856 4339 3099 4392 τουτέστι
3123 4340 3236 4402 τοῖς
3263 4338 3321 4391 ἐν
3357 4340 3424 4407 τῇ
3455 4325 3524 4408 γῇ
3567 4336 3806 4406 μετόχοις

2231 4433 2333 4504 τῆς
2363 4430 2528 4486 αὐτοῦ
2575 4429 2870 4502 βασιλείας,
2907 4428 3218 4501 (προφῆται
3261 4427 3319 4480 δὲ
3365 4423 3506 4498 ἦσαν
3535 4418 3702 4488 οὗτοι,
3727 4421 3804 4477 δί-

2233 4525 2378 4580 καιοί
2407 4540 2468 4577 τε
2494 4524 2588 4577 καὶ
2614 4522 2877 4592 Θεοφιλεῖς
2897 4520 3106 4592 ἄνδρες,
3135 4519 3265 4573 οἵτε
3293 4517 3531 4590 μαθηταὶ
3558 4518 3654 4571 καὶ
3678 4512 3820 4570 ἀπό-⁹

2237 4615 2412 4668 στολοι
2443 4613 2537 4667 τοῦ
2565 4613 2815 4685 Σωτῆρος
2842 4615 2875 4684 ὴ
2886 4611 3022 4684 μῶν,
3054 4607 3136 4675 οἷς
3166 4610 3228 4664 τὸ
3259 4609 3484 4680 Πνεῦμα
3513 4610 3576 4663 τὸ
3600 4611 3752 4679 ἅγιον
3779 4605 3805 4656 ὁ

2232 4709 2364 4773 Θεὸς
2392 4708 2696 4781 διεμέριζεν
2719 4708 2748 4760 6
2773 4705 3142 4779 ἐπούρανιος,)
3162 4703 3338 4775 χιόνος
3359 4702 3515 4774 δίκην
3539 4697 3807 4773 ἐλαμπρύ-

2232 4817 2387 4854 νοντο
2413 4801 2464 4853 οἱ
2497 4799 2607 4854 τῶν
2633 4797 2728 4852 τοῦ
2758 4798 2902 4853 θείου
2932 4796 3249 4868 Πνεύματος
3307 4793 3661 4867 χαρισμάτων
3690 4806 3808 4848 κατ-

2231 4889 2558 4962 αξιούμενοι.
2604 4889 2694 4944 Διὸ
2711 4888 2976 4942 λέλεκταιο
3010 4887 3158 4940 «Ἵνα
3182 4885 3237 4939 τί
3271 4883 3681 4956 ὑπολαμϐάνετε
3711 4883 3802 4954 ὅρη

2232 4982 2585 5055 τετυρωμένα
2605 4999 2620 5048 ;
2643 5001 2661 5033 ι
2682 4980 3075 5051 Ἐπιτιμῶντος
3099 4977 3193 5032 τοῦ
3225 4977 3383 5047 λόγου
3411 4980 3523 5040 τοῖς
3553 4975 3738 5047 ἕτερόν
3758 4989 3803 5025 τι

2232 5076 2545 5147 νομίζουσιν
2573 5077 2756 5148 ὅμοιον
2785 5073 2935 5144 αὐτῷ
2961 5068 3120 5126 εἶναι.
3139 5069 3409 5138 Ἐπιλέγει
3431 5070 3487 5124 δὲ
3511 5070 3603 5123 καὶ
3633 5067 3804 5122 αἰτίαν

2231 5167 2298 5221 δι’
2329 5169 2397 5240 ἢν
2423 5168 2484 5222 οὐ
2516 5167 2780 5238 προσήκει
2805 5163 3295 5236 ἀντιπαραϐάλλειν
3317 5161 3466 5232 αὐτῷ
3496 5161 3680 5234 ἕτερον
3699 5177 3712 5190 ·
3733 5157 3805 5213 διό

2235 5277 2403 5332 φησι·
2437 5280 2456 5311 ι
2483 5259 2558 5312 Τὸ
2591 5259 2719 5331 ὅρος
2745 5259 2774 5312 ὃ
2799 5257 3099 5329 ηὐδόκησεν
3125 5258 3154 5310 6
3187 5255 3319 5321 Θεὸς
3344 5257 3619 5310 κατοικεῖν
3647 5254 3703 5307 ἐν
3722 5251 3806 5307 αὐ-

2231 5352 2342 5424 τῷ·
2375 5353 2469 5406 καὶ
2509 5352 2619 5422 γὰρ
2670 5351 2700 5402 6
2745 5351 2950 5424 Κύριος
2999 5347 3414 5421 κατασκηνώσει
3459 5350 3538 5411 είς
3583 5346 3754 5404 τέλος.
3781 5362 3799 5395 ι

2228 5446 2406 5502 Μόνον
2441 5445 2551 5517 γάρ
2580 5448 2695 5498 ἐστι
2722 5443 2882 5498 τοῦτο
2911 5445 2968 5497 ἐν
2994 5437 3039 5513 ᾧ
3059 5443 3360 5513 ηὐδόκησεν
3397 5443 3426 5496 6
3460 5441 3593 5505 Θεὸς
3625 5455 3800 5494 κατοι-

2229 5541 2364 5601 κεῖν,
2395 5539 2489 5592 καὶ
2515 5539 2572 5591 ἐν
2595 5531 2639 5607 ᾧ
2665 5539 2693 5592 6
2724 5538 2915 5609 Πατὴρ
2940 5536 3272 5606 κατασκηνοῖ
3298 5535 3377 5597 εἰς
3404 5532 3663 5604 ἀπείρους
3687 5529 3808 5584 αἰῶ»

2225 5645 2353 5694 ναςο
2384 5627 2465 5682 διὸ
2503 5628 2565 5681 οὐ
2613 5628 2879 5698 προσήκει
2908 5627 3095 5698 ἕτερον
3121 5620 3612 5695 ἀντιπαραϐάλλειν
3637 5619 3798 5692 αὐτῷ.

2225 5721 2288 5774 El
2320 5719 2429 5792 γάρ
2454 5720 2551 5774 καὶ
2591 5719 2839 5774 λέλεκται
2875 5720 3002 5791 περὶ
3034 5718 3236 5790 ἐτέρων
3264 5717 3346 5782 τὸ,
3384 5734 3405 5768 ι
3429 5715 3728 5788 Ἐνοικήσω
3746 5712 3812 5768 ιι-

619 5873 662 5904 ⁹⁶⁹
691 5872 812 5931 Ρευξί
882 5891 1010 5940 xm,
1047 5877 1138 5932 51.
1219 5879 1259 5910 ³¹
1288 5876 1434 5936 Psal.
1476 5896 1552 5946 xI,
1585 5879 1633 5933 7.
1713 5881 1756 5912 "
1782 5878 1955 5936 Levil.
1988 5893 2134 5944 xxVI,

2263 5896 2277 5947 ;
2316 5875 2356 5932 ll
2387 5879 2516 5934 Cor.
2553 5893 2627 5943 γι,
2675 5875 2760 5934 16.
