4086 6442
292 374 390 432 τοι

1422 375 1934 434 COMMENTARIA
1972 379 2038 436 IN
2077 380 2422 442 PSALMOS.

3453 395 3564 454 701'

288 497 479 560 αὐτοῖς
518 496 614 552 καὶ
657 495 1114 568 ἐμπεριπατησω,
1139 495 1236 550 καὶ
1264 493 1460 566 ἔσομαι
1502 495 1682 550 αὐτῶν
1721 496 1873 561 Θεδς,

1987 498 2153 564 bulat,
2186 509 2352 572 atque
2384 501 2440 557 in
2466 511 2651 560 monte
2677 516 2785 560 suo
2828 524 2844 562 :
2884 507 3084 563 etenim
3117 507 3281 566 Pater
3307 512 3362 566 in
3393 510 3556 579 Filio,

287 588 388 648 καὶ
415 589 572 644 αὐτοὶ
613 587 826 641 ισονταί
875 604 978 659 μου
1006 587 1132 650 λαός
1151 604 1165 618 ο
1203 605 1224 638 ι
1262 585 1377 639 ἀλλ’
1401 587 1514 656 οὐχ,
1532 585 1707 649 οὕτως
1736 588 1875 640 ἐνοι-

288 683 379 736 κεῖ
409 681 503 734 καὶ
527 681 894 751 ἐμπεριπατεῖ
919 679 979 734 ἐν
1008 678 1240 742 τούτοις,
1264 677 1341 741 ὡς
1361 680 1418 731 ἐν
1445 678 1522 749 τῷ
1544 678 1708 731 αὐτοῦ
1733 677 1870 751 ὄρει·

285 775 319 827 6
343 773 454 844 γὰρ
475 771 664 843 Πατὴρ
683 772 742 825 ἐν
768 771 842 842 τῷ
865 769 979 841 Υἱῷ
1010 771 1102 824 καὶ
1122 770 1151 824 6
1189 769 1316 833 Υἱὸς
1337 771 1394 823 ἐν
1413 768 1492 840 τῷ
1513 769 1715 840 Πατρί·
1743 791 1764 821 ι
1781 770 1877 823 καὶ

287 866 352 920 ἐν
379 864 528 936 αύτῷ
555 864 824 936 ηύδόκησε
850 864 964 918 πᾶν
982 863 1044 916 τὺ
1059 862 1339 934 πλήρωμα
1357 861 1457 933 τῆς
1478 861 1730 932 θεότητος
1750 878 1880 916 κατ-

285 955 546 1026 οικῆσαι·
582 975 601 1008 ι
631 956 726 1009 καὶ
747 956 808 1009 ού
851 954 985 1009 ποτέ
1033 956 1130 1027 μὲν
1157 952 1371 1026 ᾤκησεν
1398 955 1460 1008 ἐν
1484 953 1654 1024 αὐτῷ,
1687 952 1874 1007 ἄλλοτε

287 1049 350 1104 δὲ
375 1048 540 1103 αὑτοῦ
569 1048 781 1120 ἀπέστη
799 1065 812 1078 ·
841 1047 956 1102 ἀλλ’
987 1049 1066 1111 είς
1095 1047 1155 1100 τὸ
1179 1048 1406 1118 ἄπειρον
1428 1045 1579 1110 τέλος
1603 1046 1690 1100 ἀεὶ
1714 1049 1742 1100 6
1770 1046 1879 1098 Πα-

287 1141 397 1213 τὴρ
416 1142 474 1194 ἐν
493 1139 572 1211 τῷ
597 1139 711 1211 Υίῴ
731 1142 992 1193 κατοικεῖ.
1011 1139 1183 1202 Αὐτὸς
1200 1138 1257 1192 δέ
1281 1141 1429 1192 ἐστιν
1452 1139 1486 1208 ή
1510 1139 1697 1209 εἰρήνη
1719 1135 1876 1208 ἡμῶν

291 1232 438 1312 κατὰ
457 1232 550 1286 τὸν
577 1232 915 1286 Ἀπόστολον.
932 1232 1023 1285 Διδ
1043 1233 1136 1286 καὶ
1152 1229 1380 1302 Σαλμὼν
1399 1229 1520 1301 (sic)
1542 1229 1875 1300 ὠνόμασται,

1980 597 2036 656 et
2063 589 2238 647 Filius
2279 593 2337 648 in
2377 592 2565 660 Patre,
2609 613 2628 646 ι
2663 605 2717 651 et
2744 597 2799 652 in
2825 597 2949 668 ipso
2980 603 3311 672 complacuit
3340 619 3557 660 omnem

1981 681 2376 752 plenitudinem
2396 685 2702 744 divinitatis
2730 689 3034 748 inhabitare
3054 693 3099 725 ³³
3127 711 3142 751 :
3168 713 3188 747 ι
3217 711 3393 766 neque
3411 698 3558 752 enim

1982 774 2147 830 modo
2177 774 2442 832 habitavit
2471 778 2528 834 in
2561 780 2677 846 illo,
2713 783 2875 857 modo
2905 785 3134 840 recessit
3165 787 3235 848 ab
3261 803 3362 855 eo;
3387 791 3480 846 sed
3497 791 3561 845 in

1982 864 2257 922 inﬁnitum
2294 884 2358 923 ac
2389 886 2606 942 semper
2629 872 2791 930 Pater
2821 876 2878 931 in
2915 875 3056 932 Filio
3095 877 3382 936 inhabitat.
3438 878 3563 952 Ipse

1982 965 2164 1012 autem
2181 970 2265 1014 est
2284 976 2388 1031 pax
2402 973 2611 1028 nostra,
2637 967 2942 1023 secundum
2959 969 3280 1040 Apostolum
3294 971 3357 1027 “.
3379 973 3563 1038 Quare

1985 1047 2206 1104 Selmon
2236 1059 2486 1119 vocat-ur,
2526 1055 2580 1110 id
2603 1064 2722 1123 est,
2751 1057 2899 1126 Pax;
2931 1069 2986 1114 et
3019 1061 3175 1117 locus
3213 1059 3308 1116 Dei
3337 1079 3441 1134 pas
3471 1062 3560 1117 di-

1983 1138 2162 1202 citur,
2225 1143 2526 1199 secundum
2576 1146 2753 1214 illud,
2812 1165 2833 1200 ι
2875 1147 2935 1204 Ιιι
2990 1164 3125 1220 pace
3173 1159 3366 1207 sancta
3407 1151 3565 1208 locus

1982 1229 2103 1300 ejus
2131 1230 2195 1286 ⁸³.
2226 1253 2244 1284 ι

292 1327 434 1397 ὅπερ
461 1326 608 1378 ἐστὶν
634 1326 838 1396 Εἰρήνη
857 1341 870 1354 ·
901 1325 996 1379 καὶ
1028 1325 1194 1389 τόπος
1222 1324 1317 1378 τοῦ
1345 1323 1479 1378 Θεοῦ
1509 1325 1543 1394 ἠ
1573 1323 1764 1394 εἰρήνη
1797 1319 2066 1385 λέλεκται,
2097 1323 2238 1378 κατὰ
2265 1325 2348 1391 τὸ,
2386 1348 2404 1380 ι
2428 1329 2517 1382 Ἐν
2548 1330 2740 1403 εἰρήνῃ
2772 1331 2902 1405 ἁγίᾳ
2945 1334 2976 1386 6
3007 1335 3173 1396 τόπος
3203 1335 3390 1390 αὐτοῦ.
3430 1355 3450 1387 ι

373 1438 391 1469 ι
427 1418 501 1472 Τὸ
529 1417 683 1490 ἅρμα
713 1415 809 1470 τοῦ
857 1416 992 1470 Θεοῦ
1026 1417 1438 1489 μυριοπλάσιον,
1467 1415 1702 1487 χιλιάδες
1725 1411 1883 1484 εὐθη-

295 1508 550 1564 νούντων·
567 1508 770 1580 Κύριος
799 1510 858 1562 ἐν
887 1509 1070 1573 αὐτοῖς
1093 1511 1152 1563 ἐν
1169 1508 1320 1563 Σιναῖ
1335 1510 1394 1562 ἐν
1411 1508 1492 1580 τῷ
1515 1508 1674 1578 ἁγίῳ.
1690 1527 1709 1559 ι
1730 1507 1884 1560 Ἀπο-

295 1601 419 1664 δοὺς
455 1602 484 1653 6
511 1601 669 1670 λόγος
706 1600 930 1672 πρώτην
962 1601 1062 1672 τὴν
1091 1602 1222 1672 περὶ
1249 1598 1342 1654 τοῦ
1377 1602 1532 1669 ἁγίου
1565 1599 1882 1672 Πνεύματος

297 1689 646 1745 διδασκαλίαν
671 1690 758 1744 διὰ
788 1690 888 1761 τῆς
917 1691 1266 1763 περιστερᾶς,
1295 1689 1483 1743 ἔπειτα
1509 1690 1606 1762 τὴν
1633 1691 1762 1764 περὶ
1784 1691 1880 1745 τοῦ

299 1781 431 1836 Υίοῦ
462 1782 550 1836 διὰ
591 1781 685 1835 τοῦ
715 1781 875 1854 ὅρους
899 1781 992 1835 τοῦ
1021 1782 1178 1848 Θεοῦ,
1209 1781 1526 1836 καταϐαίνει
1564 1781 1748 1836 λοιπὸν
1789 1784 1881 1836 ἐπὶ

296 1875 398 1940 τὰς
422 1875 824 1948 ὑποϐεϐηκυίας
849 1875 1106 1946 δυνάμεις
1125 1892 1140 1905 ο
1165 1875 1454 1948 παριστὰς,
1482 1876 1586 1940 ὅτι,
1619 1877 1668 1928 ει
1693 1876 1787 1928 καὶ
1811 1875 1880 1929 τά

302 1965 538 2038 μάλιστα
562 1965 624 2018 τὸ
654 1966 780 2038 ϐρος
824 1965 885 2019 τὸ
926 1965 1184 2020 άποδοθέν
1230 1966 1469 2020 τοιοῦτον
1498 1968 1774 2038 τυγχάνει,
1805 1968 1882 2031 ὡς

300 2062 359 2112 ἐν
407 2058 554 2130 αὐτῷ
602 2063 879 2112 κατοικεῖν
926 2059 1035 2112 πᾶν
1079 2058 1140 2111 τὸ
1183 2057 1458 2132 πλήρωμα
1483 2059 1582 2131 τῆς
1610 2059 1882 2130 πατρικῆς

301 2152 573 2224 θεότητος,
593 2151 707 2206 ἀλλ’
723 2153 785 2206 ού
813 2152 973 2224 μόνον
996 2151 1153 2205 τοῦτο
1182 2152 1370 2224 κτῆμά
1389 2154 1508 2205 ἐστι
1532 2152 1625 2206 τοῦ
1649 2152 1879 2223 Πατρὸς,

301 2244 414 2315 ἔχει
457 2244 513 2298 δέ
557 2246 650 2298 καὶ
673 2243 839 2306 ἄλλας
867 2244 1269 2318 ύποϐεϐηκυίας
1309 2243 1620 2308 διακονικὰς
1653 2243 1747 2298 καὶ
1780 2243 1885 2297 λει-

299 2335 595 2407 τουργικὰς
618 2335 894 2407 δυνάμεις,
920 2335 987 2400 ἃς
1023 2337 1221 2408 μυρίας
1250 2336 1415 2401 οὔσας
1451 2337 1546 2391 καὶ
1571 2336 1792 2400 πολλὰς,
1814 2339 1880 2408 τῇ

299 2445 361 2481 τε
389 2429 555 2499 ἀρετῇ
581 2427 942 2499 διαφερούσας
968 2429 1058 2500 ὑφ’
1087 2431 1182 2483 ἕνα
1223 2429 1385 2499 ζυγὸν
1415 2429 1880 2500 καταδησάμενος,

298 2520 454 2592 ἅρμα
479 2518 654 2590 ἐαυτῷ
676 2520 997 2588 κατέζευξεν
1022 2524 1050 2576 ὁ
1068 2522 1446 2593 παμϐασιλεὺς
1484 2522 1637 2586 Θεὸς,
1670 2522 1757 2592 ὑφ’
1775 2523 1884 2592 ἠνι-

299 2611 411 2682 όχῳ
441 2611 519 2683 τῷ
548 2613 842 2680 Μονογενεῖ
869 2612 1032 2666 αὑτοῦ
1064 2613 1237 2684 Λόγῳ.
1262 2614 1336 2667 Τὸ
1360 2614 1417 2667 δὲ
1445 2614 1649 2667 τούτων
1681 2612 1883 2686 πλῆθος

304 2705 397 2757 καὶ
425 2705 621 2776 Δανιὴλ
647 2708 676 2758 6
700 2707 983 2778 προφήτης
1017 2707 1076 2760 ἐν
1102 2709 1168 2778 τῇ
1201 2706 1426 2780 θεοπτίᾳ
1468 2708 1763 2780 παρίστησι
1797 2705 1885 2759 λέ-

298 2813 440 2867 γων·
473 2815 490 2848 ι
511 2797 717 2870 Μύριαι
745 2799 1003 2871 μυριάδες
1022 2799 1399 2874 ἐλειτούργουν
1428 2799 1706 2872 αὐτῷ,κα“ι
1719 2800 1884 2872 χίλιαι

302 2890 538 2963 χιλιάδες
565 2894 1024 2965 παρειστήκεισαν
1049 2893 1357 2966 ἔμπροσθεν
1386 2892 1569 2947 αὐτοῦ.
1603 2912 1621 2946 ι
1639 2887 1708 2965 ᾯ
1742 2911 1884 2965 συμ-

303 2981 496 3052 φώνως
523 2984 614 3036 καὶ
647 2982 741 3036 νῦν
773 2984 1054 3040 λέλεκται·
1088 3004 1106 3036 ι
1130 2985 1204 3038 Τὸ
1227 2986 1380 3057 ἅρμα
1406 2985 1500 3040 τοῦ
1529 2985 1665 3040 Θεοῦ
1701 3003 1888 3058 μυριο-

303 3076 551 3138 πλάσιον,
591 3075 826 3146 χιλιάδες
858 3076 1248 3148 εὐθηνούντων.
1280 3096 1298 3128 ι
1320 3077 1458 3131 Ἀνθ’
1485 3070 1548 3152 οὗ
1589 3079 1618 3130 6
1659 3077 1886 3148 Σύμμα-

2057 1417 2228 1474 Vsas.
2265 1419 2350 1474 18.
2376 1440 2394 1470 ι
2417 1420 2628 1478 Currus
2652 1423 2746 1481 Dei
2767 1425 2956 1482 decem
2987 1429 3229 1484 millibus
3256 1430 3561 1500 multiplex,

1983 1510 2153 1565 millia
2182 1512 2500 1577 laetantium,
2533 1513 2798 1572 Dominus
2829 1518 2883 1573 in
2910 1519 3014 1585 eis,
3054 1520 3110 1574 in
3140 1518 3312 1586 Sinai,
3347 1520 3404 1574 in
3431 1536 3564 1577 sau-

1983 1612 2093 1659 cto.
2137 1624 2156 1658 ι
2194 1604 2326 1662 Post
2351 1607 2580 1677 primam
2613 1608 2869 1665 traditam
2898 1610 2966 1666 de
2995 1609 3208 1682 Spiritu
3245 1622 3438 1668 sancto
3466 1611 3566 1667 do-

1984 1696 2216 1751 ctrinam
2248 1714 2346 1768 per
2372 1699 2641 1755 columba:
2667 1701 3083 1759 similitudinem
3104 1743 3122 1769 ,
3164 1703 3470 1776 deindeque
3497 1705 3567 1760 de

1983 1784 2124 1842 Filio
2155 1803 2252 1858 per
2278 1787 2506 1858 ﬁguram
2538 1791 2739 1846 montis
2769 1791 2895 1858 Dei,
2929 1793 2998 1849 ad
3031 1783 3320 1849 inferiores
3345 1795 3565 1849 demum

1988 1887 2286 1948 potestates
2311 1881 2641 1950 descendit;
2670 1882 2978 1949 declarans,
3014 1884 3228 1940 etiamsi
3273 1901 3432 1942 mons
3475 1887 3568 1943 ille

1987 1983 2322 2031 memoratus
2373 1975 2688 2046 hujusmodi
2741 1978 2850 2045 sit,
2912 1986 2972 2032 ut
3021 1978 3080 2033 in
3131 1978 3251 2050 ipso
3303 1980 3567 2035 inhabitet

1987 2065 2170 2120 omnis
2214 2067 2498 2137 plenitudo
2529 2078 2771 2140 paterna:
2793 2060 3127 2135 divinitatis,
3159 2086 3270 2125 non
3311 2085 3435 2126 esse
3476 2079 3564 2124 ta-

1987 2170 2114 2210 men
2146 2159 2319 2212 solam
2367 2156 2550 2216 Patris
2590 2160 3033 2231 possessionem;
3081 2162 3176 2217 sed
3206 2163 3386 2232 ipsum
3429 2163 3567 2218 alias

1989 2244 2190 2302 habere
2220 2247 2577 2306 administras
2602 2257 2656 2306 et
2685 2250 2934 2308 subditas
2964 2251 3215 2312 virtutes.
3247 2267 3410 2322 quas,
3441 2253 3568 2308 licet

1988 2332 2203 2389 inﬁnito
2233 2351 2463 2391 numero
2485 2335 2618 2402 sint,
2647 2346 2812 2408 atque
2845 2336 3046 2392 virtute
3087 2345 3431 2407 praestantes,
3461 2338 3568 2392 sub

1989 2439 2100 2479 uno
2124 2426 2258 2497 jugo
2279 2426 2546 2497 colligans
2573 2427 2819 2482 omnium
2839 2442 2934 2482 rex
2965 2427 3055 2482 ille
3081 2426 3226 2484 Deus
3253 2427 3441 2482 currui
3465 2427 3568 2483 ad-

1983 2515 2167 2588 junxit
2199 2532 2322 2580 suo,
2357 2520 2640 2589 aurigante
2667 2517 2961 2589 Unigenito
2986 2515 3163 2574 Verbo
3186 2534 3308 2574 suo.
3360 2517 3568 2574 Harum

1989 2621 2120 2661 vero
2151 2605 2555 2663 multitudinem
2600 2608 2656 2662 in
2697 2608 2880 2662 divina
2927 2623 3024 2664 sua
3074 2608 3284 2665 visione
3325 2609 3570 2664 declarat

1989 2697 2202 2764 Daniel,
2230 2699 2418 2756 dicens
2449 2723 2463 2756 :
2506 2719 2524 2751 ι
2556 2699 2747 2756 Decies
2779 2701 2978 2758 millies
3013 2702 3153 2758 dena
3192 2702 3360 2756 millia
3405 2702 3571 2758 mini~

1989 2801 2240 2859 strabant
2264 2801 2336 2866 ei,
2362 2809 2417 2857 et
2438 2801 2609 2856 millia
2641 2801 2873 2856 millium
2901 2802 3155 2857 astabant
3188 2801 3245 2856 in
3270 2810 3570 2874 conspectu

1991 2895 2112 2963 ejus
2143 2895 2210 2952 ³⁸.
2247 2914 2268 2949 ι
2306 2894 2404 2951 Cui
2429 2894 2634 2950 accinit
2662 2893 2752 2950 hic
2779 2894 2934 2950 locus
2964 2912 2978 2949 :
3021 2913 3042 2947 ι
3077 2894 3288 2952 Currus
3311 2894 3404 2951 Dei
3435 2895 3575 2950 mul-

1992 2989 2160 3060 tiplex
2190 2987 2364 3042 millia
2401 2986 2723 3044 lmtantium.
2753 3006 2774 3039 ι
2826 2986 2934 3042 Pro
2963 3001 3073 3058 quo
3101 2987 3462 3058 Symmachus
3490 2989 3571 3043 sic

1993 3083 2407 3162 interpretatur,
2445 3079 2714 3137 cVectura
2739 3078 2837 3135 Dei
2867 3079 3134 3134 denorum
3161 3078 3411 3144 millium,
3447 3079 3572 3134 mil-

303 3187 398 3242 χος
423 3170 794 3242 ἡρμήνευσεν·
828 3168 1091 3241 ι”Οχησις
1115 3168 1207 3222 τοῦ
1230 3168 1366 3222 Θεοῦ
1390 3169 1684 3241 μυριάδων,
1713 3169 1882 3240 χιλιά-

1993 3176 2064 3231 lia
2097 3176 2434 3232 sonantium.
2467 3193 2486 3226 ι
2529 3172 2670 3240 Quid
2701 3171 2858 3237 illud,
2891 3189 2910 3222 ι
2934 3171 3302 3234 sonantium,»
3336 3169 3443 3225 nisi
3469 3186 3569 3225 vo-

304 3264 394 3327 δες
443 3263 740 3334 ὴχούντων.
770 3281 790 3314 ›
830 3263 896 3316 Τί
944 3262 1000 3315 δὲ
1037 3282 1054 3314 ι
1085 3262 1360 3333 ἠχούντων
1389 3282 1407 3314 ι
1439 3263 1472 3335 ἢ
1521 3263 1738 3327 πάντως
1784 3280 1884 3318 που

305 3355 491 3425 φωνάς
524 3355 750 3427 πλήρεις
777 3355 1082 3426 δοξολογίας
1115 3357 1209 3410 καὶ
1237 3355 1544 3424 θεολογίας;
1577 3351 1678 3410 Οἷα
1702 3355 1795 3410 καὶ
1819 3355 1888 3411 τὰ

307 3448 580 3519 σεραφεὶμ
601 3448 1019 3520 ἀναγέγραπται
1045 3448 1197 3520 παρὰ
1225 3447 1302 3519 τῷ
1337 3447 1534 3520 Ἡσαΐᾳ.
1565 3447 1771 3519 βοῶντα
1795 3448 1890 3501 καὶ

304 3537 532 3607 λέγοντα
549 3555 562 3568 ο
593 3539 837 3608 «Ἄγιος,
863 3539 1037 3609 ἅγιος,
1069 3539 1223 3608 ἆγιος
1248 3539 1452 3612 Κύριος
1481 3539 1728 3607 Σαϐαὼθ,
1751 3539 1890 3612 πλη-

309 3649 412 3704 ρης
445 3632 594 3684 πᾶσα
621 3633 654 3703 ὴ
681 3635 751 3703 γῆ
779 3631 880 3702 τῆς
897 3631 1056 3704 δόξης
1075 3631 1258 3686 αὑτοῦ.
1291 3651 1310 3685 ι
1331 3633 1418 3686 Ἐν
1438 3631 1660 3697 ταύταις
1682 3633 1739 3686 δέ
1768 3635 1890 3700 ταῖς

306 3723 512 3794 χιλιάσι
574 3724 669 3778 καὶ
717 3726 838 3788 ταῖς
892 3724 1118 3796 μυριάσι
1160 3727 1283 3788 ταῖς
1335 3725 1769 3797 ὑπεζευγμέναις
1811 3725 1890 3798 τῷ

307 3816 512 3889 ἅρματι
541 3815 635 3870 τοῦ
667 3816 803 3870 Θεοῦ
845 3817 940 3870 καὶ
967 3817 1128 3882 αὐτὸς
1169 3819 1198 3871 6
1231 3816 1436 3890 Κύριος
1463 3817 1626 3889 μέσος
1666 3818 1891 3890 ἐμπολι-

304 3909 543 3975 τεύεται,
577 3907 766 3980 ὥσπερ
794 3909 1024 3982 ἡνιοχῶν
1053 3909 1224 3974 αὑτάς
1249 3912 1344 3964 καὶ
1367 3909 1446 3982 τῷ
1480 3911 1756 3982 Πνεύματι
1785 3929 1891 3964 πα-

310 4000 684 4072 ρασκευάζων.
731 4001 824 4055 Διὸ
865 4002 1196 4072 ἐπιλέγεται,
1240 4020 1259 4054 ι
1288 4002 1487 4076 Κύριος
1525 4004 1584 4057 ἐν
1632 4004 1833 4067 αὐτοῖς.
1863 4022 1883 4056 ι

305 4093 468 4170 ,Ποῖος
499 4093 557 4146 δέ
589 4093 814 4166 Κύριος,
845 4095 1099 4165 σημαίνει
1129 4093 1334 4166 προῖὼν
1357 4096 1452 4149 καὶ
1474 4095 1724 4164 φάσκων⁸
1760 4113 1780 4147 ι
1802 4095 1891 4148 Ἐν

1990 3286 2083 3325 ces
2113 3269 2364 3324 laudibus
2399 3267 2709 3337 divinisque
2732 3263 3080 3322 sermonibus
3105 3263 3296 3334 plenas
3323 3261 3576 3317 emitten-

1990 3361 2162 3418 tium?
2190 3359 2384 3427 Qualia
2414 3358 2688 3429 seraphim
2717 3356 2861 3428 apud
2885 3354 3084 3411 Isaiam
3131 3353 3370 3408 clamare
3395 3367 3458 3408 ac
3481 3351 3572 3407 di-

1990 3468 2115 3508 cere
2145 3451 2408 3521 scriptum
2431 3457 2516 3506 est
2547 3467 2562 3504 :
2599 3467 2618 3500 ι
2653 3445 2910 3511 Sanctus,
2937 3451 3186 3509 sanctus,
3209 3450 3436 3499 sanctus
3463 3440 3572 3496 Do-

1990 3543 2174 3600 minus
2199 3541 2458 3606 Sabaoth,
2478 3541 2639 3612 plena
2661 3548 2746 3597 est
2761 3540 2941 3595 omnis
2957 3545 3104 3593 terra
3131 3535 3304 3608 gloria
3329 3533 3448 3604 ejus
3465 3533 3531 3589 ⁸⁷.
3546 3553 3568 3587 ι

1991 3635 2139 3692 Inter
2188 3636 2304 3692 haec
2351 3635 2522 3690 millia
2561 3641 2615 3690 et
2641 3633 2782 3689 dena
2814 3632 3020 3698 millia,
3049 3645 3195 3701 quae
3244 3628 3340 3685 Dei
3387 3631 3573 3684 currui

1985 3729 2182 3800 juncta
2209 3735 2371 3791 sunt,
2406 3727 2622 3784 medius
2647 3732 2900 3782 versatur
2930 3724 3048 3795 ipse
3081 3721 3350 3778 Dominus
3369 3762 3384 3786 ,
3413 3722 3573 3791 quasi

1992 3820 2254 3891 aurigans
2284 3833 2348 3874 ac
2376 3815 2604 3889 Spiritui
2635 3830 2946 3886 praeparans
2971 3816 3142 3885 ipsas.
3205 3811 3574 3879 Quamobrem

1992 3914 2366 3984 subjungitur,
2401 3929 2423 3964 ι
2454 3911 2718 3965 Dominus
2764 3909 2820 3962 in
2852 3907 2955 3963 eis.
2991 3926 3010 3959 ι
3063 3905 3169 3972 Qui
3204 3905 3276 3960 sit
3309 3902 3575 3957 Dominus

1993 4001 2227 4060 subinde
2248 4001 2492 4057 declarat
2524 4001 2609 4056 his
2633 3998 2834 4064 verbis,
2873 4017 2892 4050 ι
2930 3997 2989 4052 In
3024 3994 3198 4059 Sinai,
3232 3995 3287 4048 in
3323 4000 3570 4048 sancto.)

1994 4098 2127 4153 Nam
2155 4099 2290 4169 ipse,
2323 4095 2524 4168 inquit,
2556 4095 2822 4150 Dominus
2847 4103 2930 4149 est
2964 4093 3059 4162 qui
3090 4091 3146 4146 in
3173 4098 3358 4146 monte
3383 4096 3575 4145 sancto

309 4185 461 4239 Σιναῒ
492 4187 548 4239 ἐν
576 4185 655 4258 τῷ
682 4186 842 4257 ἁγίῳ.
875 4205 894 4237 ι
923 4186 1095 4250 Αὐτὸς
1119 4186 1228 4259 γὰρ
1262 4189 1488 4252 ἐκεῖνος,
1523 4189 1710 4258 φησὶν,
1735 4189 1763 4241 6
1786 4185 1882 4239 Κύ-

1996 4189 2147 4243 Sinai
2175 4189 2329 4244 visus
2352 4194 2474 4255 est;
2509 4195 2627 4242 erat
2656 4192 2836 4241 autem
2865 4183 2956 4239 ille
2989 4181 3084 4238 Dei
3119 4179 3356 4237 Verbum
3379 4218 3395 4245 ,
3421 4179 3576 4234 visus

309 4295 426 4350 ριος
461 4279 490 4332 6
533 4264 590 4332 ἐν
638 4279 789 4333 Σιναῒ
821 4279 900 4350 τῷ
927 4279 1068 4351 ἁγίῳ
1099 4279 1213 4352 ϐρει
1241 4279 1458 4349 ὀφθείς·
1495 4276 1563 4352 ἧν
1595 4281 1651 4334 δέ
1681 4273 1836 4344 οὗτος
1862 4281 1882 4333 ἐ

1994 4279 2203 4335 scilicet
2232 4278 2300 4333 iis
2329 4277 2424 4348 qui
2475 4278 2578 4333 sub
2605 4291 2774 4331 curru
2818 4273 2913 4329 Dei
2955 4273 3135 4344 juncti
3164 4279 3342 4327 erant.
3392 4270 3575 4336 Quare

304 4370 402 4426 τοῦ
437 4371 572 4430 Θεοῦ
599 4371 791 4441 Λόγος,
825 4371 1027 4444 δηλαδὴ
1071 4376 1184 4437 τοῖς
1227 4373 1332 4426 ὑπὸ
1362 4373 1424 4426 τὸ
1449 4372 1603 4445 άρμα
1631 4371 1724 4426 τοῦ
1756 4371 1882 4426 Θεοῦ

1993 4369 2264 4427 llehraica
2294 4370 2478 4435 lectio,
2518 4383 2630 4424 non
2678 4376 3098 4438 tetragrammo,
3135 4365 3252 4420 sive
3284 4377 3417 4418 voce
3444 4376 3576 4431 qua-

305 4463 676 4534 ἐζευγμένοις.
698 4464 788 4518 Διὸ
799 4465 860 4518 ού
882 4463 958 4536 τῷ
971 4463 1139 4536 [mm]
1155 4463 1566 4536 τετραγράμμῳ
1578 4463 1839 4534 κέχρηται
1855 4465 1882 4534 ἡ

1993 4471 2120 4520 tuor
2141 4464 2446 4520 litterarum
2480 4462 2673 4531 utitur,
2704 4459 2801 4516 scd
2823 4459 3092 4514 elementa
3123 4447 3433 4511 communia
3465 4451 3577 4507 Do-

317 4554 578 4628 Ἑϐραῖκὴ
611 4555 774 4623 λέξις,
808 4557 1091 4628 στοιχείοις
1127 4557 1184 4610 δέ
1212 4559 1412 4622 κοινοῖς
1437 4556 1528 4610 τὸν
1559 4557 1762 4628 Κύριον
1792 4573 1882 4610 πε-

1995 4555 2202 4610 minum
2230 4569 2540 4610 memorans
2567 4555 2798 4622 usurpat
2824 4549 2879 4603 in
2899 4549 3013 4613 illo,
3045 4545 3340 4601 «Dominus
3358 4544 3412 4597 in
3433 4544 3569 4598 eis»

307 4648 480 4720 ριέχει
525 4650 582 4703 ἐν
627 4649 726 4722 τῷ,
763 4669 782 4701 ι
809 4649 1014 4723 Κύριος
1048 4651 1106 4705 ἐν
1157 4649 1361 4714 αὐτοῖς.
1395 4649 1541 4703 ι’Ίνα
1569 4649 1678 4720 γάρ
1705 4648 1882 4719 ἕτερον

2000 4645 2066 4702 Ut
2094 4647 2240 4703 enim
2287 4662 2412 4702 eum
2443 4645 2611 4700 alium
2633 4659 2757 4700 esse
2793 4641 3098 4698 declararet
3139 4638 3206 4693 ab
3236 4653 3324 4702 eo,
3355 4636 3448 4707 qui
3481 4651 3575 4691 su-

305 4744 635 4816 παραστήσῃ
659 4743 847 4798 τοῦτον
878 4741 972 4796 τοῦ
1002 4741 1259 4814 ἀνωτέρω
1299 4741 1386 4796 διὰ
1413 4739 1508 4794 τοῦ
1541 4739 1882 4812 τετραγράμ-

1993 4741 2179 4811 peritis
2227 4755 2326 4810 per
2374 4755 2572 4794 nomen
2602 4743 2838 4808 quatuor
2869 4735 3172 4790 litterarum
3203 4729 3572 4791 indicabatur,

307 4852 410 4906 μου
438 4835 802 4906 σημανθέντος
831 4835 987 4901 Θεοῦ,
1017 4837 1105 4891 ὅτε
1140 4835 1241 4908 μέν
1273 4855 1292 4887 ι
1320 4834 1380 4888 τὸ
1402 4834 1554 4906 ἅρμα
1578 4832 1671 4887 τοῦ
1701 4831 1834 4885 Θεοῦ
1865 4851 1882 4883 ι

1995 4831 2127 4896 Deo,
2167 4846 2294 4885 cum
2327 4847 2347 4882 ι
2380 4843 2578 4884 currus
2610 4825 2704 4881 Dei
2740 4844 2762 4878 ι
2793 4825 3093 4890 diceretur,
3121 4821 3407 4878 elementis
3427 4817 3582 4889 apud

304 4926 542 4996 ἐλέγετο,
577 4926 667 4982 διὰ
713 4929 819 4982 τῶν
863 4929 1264 5000 άνεκφωνήτων
1299 4926 1428 4998 παρ’
1467 4925 1736 4998 Ἑϐραίοις
1769 4924 1882 4995 ἐδη-

1992 4924 2249 4981 Hebraeos
2275 4920 2640 4978 ineﬂ‘abilibus
2665 4933 2800 4975 usus
2844 4926 2928 4973 est
2949 4934 2972 4985 ;
2997 4930 3143 4970 nunc
3165 4929 3295 4969 vero
3328 4926 3574 4966 commu-

302 5022 465 5077 λοῦτο
493 5023 770 5094 στοιχείων
793 5039 807 5054 ·
842 5023 959 5076 νυνὶ
990 5023 1048 5077 δέ
1079 5025 1189 5087 τοῖς
1219 5020 1548 5094 κοινοτέροις
1577 5022 1882 5092 χαρακτῆρ-

1993 5019 2243 5076 niorihus
2272 5012 2707 5078 characteribus,
2755 5011 2956 5082 quibus
3005 5007 3280 5064 indicatur
3315 5003 3575 5058 dominus

303 5132 412 5182 σιν,
431 5110 511 5180 οἷς
538 5093 680 5170 καλ.γὸ
705 5115 834 5186 παρ’
862 5114 1173 5186 ἀνθρώποις
1192 5093 1466 5186 γράφεται
1489 5111 1696 5184 κύριος.
1716 5112 1882 5184 ’Δκρι-

1993 5111 2222 5183 quilibet
2252 5107 2394 5180 apud
2423 5106 2691 5161 homines.
2745 5101 2949 5157 Locum
2986 5100 3115 5156 item
3145 5104 3401 5152 accurate
3431 5093 3576 5149 indi-

303 5204 417 5269 ϐὦς
447 5205 504 5258 δὲ
541 5207 632 5259 καὶ
657 5205 748 5258 τὸν
773 5204 938 5258 τόπον
962 5205 1386 5276 ἐπισημαίνεται
1410 5203 1501 5258 τὸν
1535 5223 1553 5256 ι
1581 5204 1639 5257 ἐν
1666 5200 1837 5267 Σιναῒ,
1866 5220 1882 5252 ι

1993 5214 2101 5268 cat,
2139 5221 2158 5255 ι
2193 5204 2247 5257 in
2278 5199 2464 5265 Sinai,
2500 5219 2518 5252 ι
2552 5208 2612 5254 ιιι
2651 5197 2984 5270 signiﬁcaret
3017 5192 3306 5248 Dominum
3340 5190 3395 5244 in
3428 5196 3576 5243 terra

306 5296 395 5352 ἴνα
437 5299 658 5370 σημήνῃ
684 5297 774 5352 τὸν
807 5299 899 5351 ἐπὶ
927 5298 1029 5369 γῆς
1067 5297 1301 5368 ὀφθέντα
1328 5297 1553 5370 Κύριον.
1589 5295 1799 5368 Σφόδρα
1833 5293 1882 5348 δὲ

1994 5298 2195 5354 visum.
2265 5293 2469 5351 Deinde
2525 5299 2922 5361 consequenter
2979 5284 3275 5342 admodum
3335 5279 3504 5336 infert
3553 5293 3581 5334 :.

313 5391 620 5456 ἀκολούθως
641 5391 881 5460 ἐπιλέγει
911 5389 1060 5460 ἐξῆςο

420 5506 438 5538 ι
492 5487 717 5559 Ἀνέϐης
784 5488 864 5551 εἰς
941 5484 1112 5554 ὕψος,
1182 5481 1611 5554 ᾐχμαλώτευσας
1680 5483 1884 5553 αἰχμα-

319 5580 549 5634 λωσίαν·
623 5579 814 5644 ἔλαϐες
879 5578 1088 5650 δόματα
1153 5577 1212 5630 ἐν
1268 5574 1596 5647 ἀνθρώποις.
1642 5592 1660 5626 ι
1703 5574 1885 5628 Αἰνετ-

2068 5480 2234 5536 Vens.
2265 5477 2356 5532 2‘2.
2420 5495 2439 5528 ι
2478 5471 2788 5531 Ascendisti
2820 5471 2875 5525 in
2903 5469 3094 5531 altum,
3123 5462 3313 5534 cepisti
3346 5457 3574 5529 captivi-

1994 5582 2183 5638 tatem,
2219 5567 2477 5640 acccpisti
2517 5566 2660 5621 dona
2709 5564 2768 5618 in
2806 5558 3140 5616 hominibus.
3179 5572 3196 5604 ι
3239 5553 3575 5606 Desccnsum

383 5817 426 5850 ³³
451 5819 660 5877 Coloss.
699 5837 735 5887 I,
787 5823 867 5878 l9.
946 5822 992 5858 ³⁸
1014 5821 1212 5893 Eplics.
1251 5836 1312 5887 ιι,
1363 5820 1448 5876 Ν.
1515 5820 1558 5853 ³³
1583 5817 1727 5875 Psal.
1762 5833 1882 5874 usi

1987 5819 2012 5875 ἰ.
2091 5817 2134 5850 ³⁸
2157 5814 2292 5872 Dan.
2328 5827 2426 5876 vn,
2462 5811 2544 5864 l0.
2623 5808 2663 5840 ³⁷
2690 5805 2794 5862 lsa.
2827 5819 2902 5868 vi,
2933 5801 2987 5857 3.
