4086 6442
489 360 592 475 vos
1140 410 1225 468 su
1233 409 1394 466 seu“
1419 347 1830 462 cEGM‘EN
1839 391 1968 460 Sts
2005 403 2159 462 ore.

493 550 656 608 porro
680 533 802 602 eius
824 530 1134 588 subindicat
1151 544 1274 582 eum
1298 527 1393 590 ait,
1415 493 1760 608 ιεεεεϊιάῖξὶὶ
1798 541 1817 576 :
1852 539 1874 575 ι
1905 539 2086 597 neque
2114 533 2159 590 Α

492 602 640 682 enim
699 637 1029 678 ascensurus
1087 627 1240 684 erat,
1303 619 1411 673 nisi
1461 616 1616 688 prius
1680 602 2086 674 descendisset.

499 713 675 771 iNam
713 715 807 785 qui
835 712 1140 777 descendit,
1168 712 1284 782 ipse
1306 718 1392 766 est
1423 721 1477 766 et
1513 709 1606 781 qui
1637 709 1896 765 ascendit
1925 726 2093 782 super

493 821 688 864 omnes
730 806 925 867 caelos,
961 812 1022 858 ut
1051 804 1308 874 impleret
1351 803 1538 859 omnia
1568 803 1635 856 ⁸⁸.
1672 819 1692 854 ι
1735 799 1878 868 Quid
1909 811 2090 858 autem

498 901 630 956 fecit
675 914 800 954 cum
837 895 1220 952 ascendisset?
1273 893 1555 966 Captivam
1590 895 1751 951 duxit
1804 895 2092 965 captivita-

498 1005 635 1057 tem,
666 999 722 1047 et
745 991 958 1062 accepit
984 990 1129 1045 dona
1152 989 1208 1043 in
1234 987 1572 1043 hominibus.
1631 987 1808 1054 Quam
1837 1003 1967 1042 vero
1999 1003 2093 1042 ca-

498 1087 802 1157 ptivitatem
823 1083 1096 1154 captivam
1119 1081 1298 1142 duxit,
1325 1082 1430 1136 nisi
1463 1082 1726 1152 praedicta
1757 1081 2092 1153 spolia,qu:e

498 1177 701 1233 milites
745 1177 830 1232 sui
866 1176 1174 1232 diviserant
1206 1174 1230 1227 Ἰ
1270 1172 1375 1228 Sed
1429 1175 1594 1229 etiam
1635 1173 1904 1244 largiente
1933 1172 2094 1230 Patre

498 1285 601 1326 suo
631 1270 844 1341 accepit
873 1269 1017 1324 dona
1048 1267 1104 1322 in
1132 1267 1471 1333 hominibus,
1529 1266 1831 1323 secundum
1859 1267 2094 1336 promis-

498 1360 713 1416 sionem
749 1359 816 1413 ad
857 1359 1048 1429 ipsum.
1084 1356 1287 1412 factam
1335 1357 1424 1412 his
1474 1347 1662 1414 verbis
1695 1377 1708 1412 :
1747 1377 1766 1409 ι
1800 1356 2026 1413 Postula
2062 1374 2092 1413 a

500 1467 610 1517 me,
661 1457 716 1506 et
761 1449 905 1505 dabo
937 1449 1036 1504 tibi
1069 1458 1260 1521 gentes
1297 1447 1670 1504 heareditatem
1697 1457 1850 1502 tuam
1881 1458 1934 1503 et
1967 1463 2094 1519 pos-

501 1541 808 1598 sessionem
835 1549 986 1596 tuam
1011 1541 1280 1596 terminos
1305 1549 1486 1596 terrae.
1517 1539 1560 1572 ³³
1597 1557 1618 1591 ι
1649 1538 1905 1610 Acceptis
1933 1555 1964 1595 a
1991 1539 2094 1594 l‘a-

501 1645 586 1691 tre
633 1633 948 1704 hujusmodi
1002 1633 1164 1689 donis
1201 1652 1220 1686 ι
1253 1634 1310 1688 in
1341 1632 1680 1697 hominibus,
1714 1651 1733 1684 ι
1772 1647 1928 1687 suam
1958 1647 2093 1687 eon-

504 1727 686 1784 stituit
732 1724 1060 1783 Ecelesiam.
1121 1723 1221 1780 His
1268 1724 1566 1795 subjicitur
1609 1743 1624 1779 :
1680 1741 1700 1776 ι
1739 1723 1950 1779 Etenim
1984 1740 2094 1780 non

505 1819 794 1875 credentes
835 1818 1186 1884 inhabitare;
1225 1838 1246 1871 ι
1293 1816 1441 1888 quod
1467 1817 1674 1872 clarius
1701 1817 2092 1888 interpretatus

2197 403 2380 460 PARS
2417 401 2504 458 lll.
2546 429 2614 443 -ο
2654 398 3069 456 EXEGETICA.
3733 395 3830 451 704

2185 541 2336 578 τεται
2385 523 2442 576 δὲ
2498 519 2664 574 αὐτοῦ
2696 519 2800 593 τὴν
2836 519 3082 584 κάθοδον,
3135 517 3223 572 διὰ
3268 515 3386 571 τοῦ
3433 513 3619 584 φάναι
3642 554 3658 577 ,
3701 535 3720 565 ι
3743 518 3832 569 ἀν-

2192 613 2358 686 έϐης·
2391 634 2410 666 ι
2448 613 2510 666 οὐ
2542 611 2652 684 γὰρ
2681 610 2746 665 ἂν
2774 610 2951 674 ἄλλως
2985 610 3176 680 ἀνέϐη,
3202 610 3249 662 εί
3293 606 3386 679 μὴ
3420 605 3713 677 πρότερον
3740 623 3832 661 κα-

2187 705 2535 777 ταϐεϐήκει.ι
2559 705 2618 758 Ὀ
2633 703 3044 777 γάρ”καταϐἀς,
3070 703 3230 768 αὐτός
3258 705 3406 756 ἐστι
3443 700 3554 753 καὶ
3581 702 3611 752 ὁ
3632 701 3832 766 ἀναϐὰς

2191 798 2447 870 ὑπεράνω
2476 797 2694 850 πάντων
2715 797 2826 850 τῶν
2851 795 3118 867 οὐρανῶν,
3148 797 3234 849 ἵνα
3263 790 3582 864 πληρώσῃ
3611 792 3685 844 τὰ
3713 795 3836 846 πάν-

2189 907 2277 945 τα.
2311 909 2330 942 ι
2351 889 2586 954 Ἀναϐὰς
2619 889 2678 942 δὲ
2705 888 2760 942 τί
2792 888 3057 961 ἔπραξεν;
3095 887 3605 961 ᾘχμαλὼτευσεν
3642 887 3837 956 αἰχμα-

2189 981 2412 1047 λωσίαν,
2449 983 2545 1036 καὶ
2595 980 2754 1035 ἔλαϐε
2799 981 3008 1053 δόματα
3052 982 3110 1034 ὲν
3156 979 3530 1054 ἀνθρώποις.
3577 977 3754 1030 Ποίαν
3779 977 3834 1032 δὲ

2191 1075 2570 1147 αἰχμαλωσίαν
2592 1073 3018 1147 ᾐχμαλώτευσεν
3040 1075 3072 1145 ἢ
3098 1073 3168 1128 τὰ
3193 1071 3614 1147 προλεχθέντα
3643 1070 3834 1135 σκύλα,

2190 1166 2226 1221 ἀ
2251 1167 2590 1239 διενείμαντο
2618 1169 2668 1220 ei
2703 1167 2868 1220 αὐτοῦ
2901 1166 3267 1240 cepa-rubeat;
3317 1164 3515 1220 Ἀλλὰ
3553 1164 3658 1218 καὶ
3684 1163 3839 1218 ἔλαϐε

2191 1259 2402 1331 δόματα
2429 1263 2486 1314 ὲν
2512 1259 2844 1332 ἀνθρώποις,
2861 1259 2954 1314 τοῦ
2985 1259 3200 1333 Πατρὸς
3219 1259 3386 1332 αὐτῷ
3405 1257 3835 1330 δεδωρημένου,

2192 1354 2314 1408 καθ’
2342 1356 2408 1425 ἣν
2436 1352 2773 1426 ἐπήγγελται
2815 1353 2953 1425 πρὸς
2983 1351 3147 1406 αὐτὸν
3186 1351 3590 1422 ἐπαγγελίαν,
3623 1350 3802 1423 φήσας
3821 1351 3838 1380 δ

2198 1458 2220 1495 ι
2247 1440 2480 1512 Αίτησαι
2510 1444 2642 1515 παρ’
2660 1441 2820 1511 ἐμοῦ,
2844 1443 2939 1496 καὶ
2963 1441 3118 1497 δώσω
3144 1461 3225 1497 σοι
3258 1442 3400 1514 ἔθνη
3433 1441 3551 1511 τὴν
3583 1440 3842 1514 κληρονο-

2195 1533 2326 1605 μίαν
2353 1551 2444 1588 σου
2465 1534 2560 1588 καὶ
2582 1535 2682 1607 τὴν
2707 1535 3037 1607 κατάσχεσίν
3061 1551 3154 1590 σου
3174 1535 3244 1589 τὰ
3266 1537 3514 1608 πέρατα
3538 1533 3654 1604 τῆς
3676 1535 3830 1604 γῆς-δ

2193 1627 2379 1682 Ταῦτα
2399 1627 2454 1681 δὲ
2468 1627 2536 1681 τὰ
2563 1627 2772 1699 δόματα
2793 1647 2812 1680 ι
2837 1630 2896 1681 ὲν
2917 1627 3226 1700 ἀνθρώποις
3249 1649 3266 1680 ι
3296 1625 3594 1702 παραιτοῦ
3621 1627 3833 1700 Πατρὸς

2195 1718 2396 1786 λαϐὼν,
2435 1722 2803 1792 συνεστήσατο
2842 1721 2942 1792 τὴν
2983 1721 3308 1792 Ἐκκλησίαν
3353 1721 3579 1776 αὐτοῦ.
3611 1720 3835 1783 Τούτοις

2195 1811 2321 1883 ἑξῆς
2365 1813 2611 1884 εἴρηταισ
2651 1830 2669 1864 ι
2699 1813 2812 1866 Καὶ
2855 1812 2965 1884 γὰρ
2992 1811 3348 1877 ἀπειθοῦντες
3392 1811 3508 1866 τοῦ
3544 1829 3835 1883 xamen;-

507 1909 873 1982 Symmaehus
902 1918 1006 1974 est,
1059 1929 1080 1962 ‹
1116 1910 1308 1970 Adhuc
1336 1916 1390 1965 et
1414 1911 1470 1965 in
1495 1923 1604 1964 non
1629 1909 1981 1966 credentibus
2011 1911 2094 1964 in-

2196 1903 2396 1958 νῶσαιο
2429 1923 2448 1956 ι
2481 1905 2620 1975 ὅπερ
2648 1904 2983 1976 σαφέστερον
3019 1904 3300 1958 ἀπέδωκεν
3323 1908 3351 1959 ὁ
3389 1903 3730 1977 Σύμμαχος
3761 1906 3833 1956 εί-

508 2002 777 2058 habitare.
823 2021 844 2054 ι
889 2001 1027 2056 Nam
1061 2009 1117 2057 et
1150 1999 1309 2066 illud,
1344 2001 1546 2072 inquit,
1603 2017 1632 2054 a
1661 1999 1822 2056 Patre
1859 2002 2090 2072 accepit,

507 2103 566 2149 ut
595 2093 930 2150 inhabitaret
964 2095 1022 2149 in
1050 2094 1131 2151 eis
1170 2097 1266 2166 qui
1297 2093 1429 2149 olim
1459 2109 1570 2150 non
1613 2093 1996 2158 crediderant,
2039 2102 2094 2148 et

507 2188 693 2258 pietati
719 2187 774 2242 in
802 2187 972 2244 Deum
1005 2187 1480 2244 contradixerant.
1535 2185 1670 2240 Nam
1703 2187 1846 2242 hanc
1877 2201 2096 2258 quoque

509 2287 832 2349 potestatem
859 2279 1094 2350 accepit,
1123 2285 1184 2332 ut
1213 2278 1270 2332 in
1290 2277 1472 2333 medio
1495 2291 1605 2332 non
1641 2276 1981 2332 credentium
2010 2277 2095 2331 in-

509 2374 800 2439 habitaret,
847 2380 1014 2443 atque
1045 2388 1111 2428 ex
1140 2372 1276 2443 ipsis
1307 2387 1418 2427 non
1449 2370 1800 2427 credentibus
1831 2369 1974 2426 dona
2003 2385 2096 2425 ac-

506 2467 732 2538 ciperet.
763 2465 1060 2536 Postquam
1091 2473 1274 2521 autem
1306 2475 1387 2521 tot
1411 2475 1678 2536 praecepta
1709 2472 1834 2535 post
1859 2464 2097 2536 propheo

506 2561 637 2614 tiam
689 2561 816 2615 data
866 2568 1016 2624 sunt,
1052 2559 1316 2631 deinceps
1361 2559 1603 2630 Spiritus
1653 2567 1902 2622 sanctus,
1935 2557 2094 2629 quasi

505 2651 785 2723 praeclaris
817 2651 1270 2724 mirabilibusque
1305 2652 1474 2723 gestis
1509 2651 1792 2722 operibus,
1821 2657 1902 2705 tot
1925 2651 2095 2706 bono-

505 2761 627 2800 rum
653 2744 905 2815 .largitori
935 2743 1212 2799 benedicit
1234 2743 1321 2799 his
1345 2744 1526 2800 verbis
1560 2761 1573 2797 :
1616 2761 1634 2794 ι
1657 2741 1921 2797 Dominus
1954 2740 2096 2796 Deus

503 2835 852 2903 benedictus,
906 2835 1230 2892 benedictus
1277 2834 1544 2891 Dominus
1600 2833 1866 2906 quotidie.
1902 2852 1922 2888 ι
1977 2831 2097 2888 Non

505 2929 648 2984 ultra
697 2929 864 2995 enim,
907 2927 1106 2998 inquit,
1141 2927 1394 2984 homines
1450 2927 1719 2998 malignos
1752 2926 1980 2997 spiritus
2011 2941 2098 2980 er-

505 3036 632 3076 rore
663 3021 815 3075 ducti
841 3022 1052 3085 colunt,
1085 3019 1183 3074 sed
1217 3019 1450 3090 singulis
1477 3019 1671 3076 diebus
1696 3027 1749 3074 et
1782 3017 1932 3072 horis
1958 3033 2099 3088 prac-

504 3113 713 3168 dictum
750 3112 1042 3168 Dominum
1094 3112 1453 3168 benedicunt.
1519 3111 1640 3183 Ipse
1669 3125 1800 3166 vero
1829 3110 2097 3165 Dominus

511 3225 531 3258 ι
562 3221 882 3277 prosperum
915 3207 1020 3262 iter
1041 3205 1206 3260 faciet
1233 3206 1412 3265 nobis.
1438 3226 1457 3258 ι
1498 3220 1623 3260 cum
1647 3205 1765 3276 ipse
1787 3205 1860 3260 sit
1894 3223 1914 3256 ι
1952 3203 2096 3258 Deus

506 3299 833 3354 salutarium
863 3306 1235 3354 nostrorum.»
1272 3297 1399 3372 Haec
1430 3313 1560 3354 vero
1589 3315 1655 3354 ex
1681 3312 1914 3369 persona
1942 3297 2099 3352 chori
2125 3281 2168 3338 ε

507 3391 880 3461 apostolorum
915 3389 1156 3460 Spiritus
1183 3398 1410 3446 sanctus
1438 3390 1714 3460 loquitur,
1752 3397 1812 3444 ut
1844 3388 1912 3444 ab
1943 3388 2099 3443 initio

507 3483 781 3537 sermonis
813 3481 1240 3538 declaravimus.
1270 3483 1540 3549 Quoniam
1571 3482 1740 3553 igitur
1771 3496 2100 3552 prosperum

508 3575 611 3628 iter
642 3589 673 3628 a
705 3573 815 3629 Deo
845 3573 922 3629 illi
952 3575 1343 3645 precabantur,
1375 3585 1432 3630 ut
1457 3590 1581 3630 eum
1611 3575 1846 3639 adirent,
1880 3575 1959 3630 uti
1984 3574 2097 3645 jam
2127 3561 2130 3564 ’

508 3673 670 3720 antea
704 3665 914 3720 dictum
939 3673 1044 3731 est,
1085 3667 1401 3725 necessario
1436 3666 1629 3721 dicunt
1661 3684 1677 3720 :
1717 3685 1737 3719 ι
1768 3666 2098 3722 Benedictus

509 3757 772 3812 Dominus
801 3757 1068 3828 quotidie,
1101 3775 1424 3831 prosperum
1458 3760 1561 3814 iter
1587 3759 1748 3815 faciet
1770 3759 1928 3815 nobis
1955 3758 2099 3815 Deus

509 3849 833 3904 salutarium
866 3859 1202 3906 nostrorum.
1245 3871 1264 3904 ι
1331 3851 1441 3907 Pro
1467 3853 1562 3907 illo
1591 3862 1796 3917 autem,
1837 3872 1856 3906 ι
1891 3854 2098 3909 saluta-

507 3940 651 3995 rium
677 3948 1052 4007 nostrorum,»
1094 3942 1458 4016 Symmachus
1496 3963 1515 3997 ι
1541 3943 1844 4001 Salvatoris
1873 3946 2045 4000 nostri
2071 3965 2090 3998 ι

510 4032 901 4103 interpretatus
925 4043 1044 4103 est;
1077 4051 1176 4106 pro
1197 4050 1308 4106 quo
1328 4051 1550 4092 rursum
1564 4035 1892 4092 Hebraicum
1913 4053 2098 4093 exem-

510 4125 651 4194 plar,
688 4124 992 4182 Salvatoris
1023 4128 1198 4182 nostri
1220 4126 1350 4183 Jesu
1383 4143 1585 4185 nomen
1623 4128 2094 4184 commemoravit.

515 4235 535 4270 ι
558 4217 705 4274 Deus
740 4229 952 4286 noster,
973 4218 1118 4276 Deus
1153 4221 1335 4275 salvos
1366 4219 1624 4285 faciendi,
1657 4229 1712 4276 et
1740 4220 1957 4276 Domini
1989 4219 2098 4276 Do-

508 4310 644 4365 mini
676 4312 858 4366 exitus
880 4313 1095 4367 mortis.
1138 4331 1160 4367 ιι
1191 4311 1317 4367 Ηωο
1347 4327 1568 4368 rursum
1597 4327 1666 4367 ex
1696 4327 1932 4382 persona
1967 4328 2098 4383 apo-

509 4402 777 4458 stolorum
821 4403 1140 4473 prophetice
1169 4402 1314 4458 dicta
1347 4411 1496 4458 sunt.
1547 4401 1689 4469 Quia
1718 4403 1865 4458 enim
1896 4404 1964 4459 de
1988 4402 2099 4460 Deo

505 4495 662 4566 prius
690 4497 857 4578 locuti
888 4503 1461 4568 sunt,consequenter
1491 4499 1546 4552 in
1576 4498 1832 4570 praesenti
1863 4498 2055 4552 dicunt
2081 4517 2095 4552 :

512 4605 532 4638 ς
570 4587 716 4644 Deus
749 4597 958 4650 noster.
989 4589 1347 4656 Deus.salvos
1377 4590 1635 4658 faciendi,
1665 4599 1719 4647 et
1743 4589 1959 4646 Domini
1991 4590 2098 4646 Do-

505 4678 642 4732 mini
667 4679 849 4734 exitus
878 4681 1100 4742 inortis;
1125 4699 1144 4732 ι
1180 4679 1296 4736 sive
1325 4681 1626 4736 secundum
1653 4680 2038 4752 Symmachum
2075 4703 2090 4738 :
2127 4656 2172 4712 Ῑ)

510 4795 530 4825 α
571 4775 717 4831 Deus
752 4777 933 4841 nobis,
958 4776 1102 4834 Deus
1137 4778 1192 4832 in
1223 4778 1478 4845 salutem,
1513 4785 1568 4833 et
1599 4777 1816 4832 Domini
1841 4777 2092 4834 domina-

506 4869 644 4925 toris
667 4872 849 4926 exitus
879 4872 932 4925 in
959 4881 1212 4927 mortem.
1248 4889 1269 4926 ›
1307 4869 1442 4925 Nam
1475 4885 1600 4927 cum
1633 4871 1722 4925 hic
1751 4871 1904 4927 solus
1949 4871 2092 4930 Deus

505 4965 600 5027 sit,
637 4965 686 5019 is
717 4979 851 5019 sane
885 4966 1069 5021 exitus
1115 4966 1322 5021 invenit
1360 4967 1518 5037 queis
1546 4981 1576 5019 a
1605 4973 1782 5022 morte
1813 4967 2088 5024 evaderet.

505 5055 958 5127 Quandoquidem
1005 5057 1185 5113 omnis
1218 5057 1385 5114 homo
1415 5058 1484 5113 ad
1526 5058 1836 5130 ingressum
1871 5063 2093 5131 quidem

505 5148 698 5202 mortis
725 5148 993 5219 pervenit,
1025 5147 1280 5204 nondum-
1303 5157 1487 5205 tamen
1520 5151 1589 5206 ab
1614 5165 1681 5206 eo
1717 5153 1869 5208 exire
1892 5155 2089 5224 potuit.

505 5235 770 5298 Dominus
812 5250 996 5296 autem
1031 5241 1122 5296 hic
1149 5250 1508 5309 memoratus,
1539 5245 1630 5314 qui
1657 5243 1772 5314 jam
1794 5247 2096 5300 communi-

505 5332 610 5389 bus
639 5332 926 5390 elcmentis
957 5333 1012 5388 in
1041 5333 1312 5389 Hebraieo
1343 5335 1484 5390 libro
1513 5337 1794 5402 scribitur,
1825 5353 1952 5392 cum
1998 5353 2095 5394 ex-

506 5426 618 5481 itus
647 5441 678 5480 a
706 5435 882 5482 morte
909 5426 1206 5497 aperuerit,
1229 5426 1373 5482 Deus
1397 5429 1560 5484 saluti
1584 5430 1931 5500 cognominis
1963 5431 2095 5486 effe-

505 5523 629 5573 ctus
659 5525 761 5572 est.
806 5515 1172 5584 Quamobrem
1202 5516 1402 5573 dicitur
1430 5537 1444 5574 :
1487 5537 1506 5570 ι
1538 5519 1682 5576 Deus
1708 5529 1918 5586 noster,
1950 5521 2093 5578 Deus

507 5608 690 5664 salvos
727 5607 986 5664 faciendi.
1027 5629 1047 5662 ι
1089 5609 1272 5676 Quare
1318 5610 1410 5666 hic
1443 5610 1562 5680 ipse
1608 5610 1750 5668 Jobo
1782 5614 2093 5672 vaticinans

506 5702 766 5758 dicebat:
805 5722 824 5755 ι
857 5701 1073 5760 Venisti
1113 5713 1295 5761 autem
1343 5703 1400 5758 in
1435 5704 1641 5761 fontem
1695 5707 1887 5776 maris,
1924 5720 1978 5766 et
2036 5710 2091 5765 in

588 5887 629 5918 "
658 5885 835 5952 liphﬁs
890 5905 961 5954 tv,
1011 5889 1091 5944 l-O.
1175 5891 1215 5921 ²⁹
1243 5888 1388 5946 Psal.
1431 5908 1491 5954 ll,
1527 5890 1578 5945 8.

2195 1995 2345 2050 πών·
2380 1998 2534 2069 «Ἔτι
2575 1998 2672 2051 καὶ
2717 1999 2777 2050 ὲν
2823 1996 3112 2051 ἀπειθοῦσι
3155 1997 3642 2071 κατααηνῶσαι.
3675 2015 3696 2049 ι
3726 1998 3831 2051 Καὶ

2193 2093 2352 2147 τοῦτο
2384 2092 2514 2166 γὰρ,
2549 2093 2704 2166 φησὶ,
2735 2092 2888 2166 παρά
2912 2091 3006 2146 τοῦ
3039 2093 3254 2166 Πατρὸς
3287 2093 3488 2157 ἔλαϐε,
3538 2090 3609 2146 τὸ
3660 2109 3830 2146 κατα-

2197 2185 2475 2260 σκηνῶσαι
2501 2189 2557 2240 ἐν
2581 2190 2694 2252 τοῖς
2724 2186 2892 2241 πάλαι
2917 2186 3207 2241 ἀπειθοῦσι
3232 2187 3326 2242 καὶ
3361 2186 3746 2256 ἀντιλέγουσι
3767 2187 3827 2259 τῇ

2193 2283 2288 2338 τοῦ
2316 2282 2450 2337 Θεοῦ
2481 2282 2752 2355 εὐσεϐείᾳ.
2781 2283 2894 2336 Καὶ
2925 2280 3131 2352 ταύτην
3155 2283 3264 2354 γὰρ
3298 2281 3509 2354 εἴληφε
3547 2282 3658 2352 τὴν
3688 2278 3829 2344 ἐξου-

2199 2377 2340 2441 σίαν,
2371 2375 2512 2428 ὥστε
2546 2377 2604 2429 ἐν
2639 2375 2791 2447 μέσῳ
2830 2375 2938 2428 τῶν
2983 2373 3355 2428 ἀπειθούντων
3386 2370 3824 2442 κατασκηνοῦν,

2196 2471 2256 2535 ἐξ
2288 2469 2466 2524 αὐτῶν
2513 2485 2572 2522 τε
2618 2467 2726 2522 τῶν
2773 2466 3142 2521 ἀπειθούντων
3171 2465 3480 2539 λαμϐάνειν
3514 2463 3712 2535 ἐαυτῷ
3739 2463 3796 2516 66

2199 2578 2364 2634 ματα.
2395 2559 2678 2613 Τοσούτων
2729 2557 2794 2630 δὴ
2851 2557 3194 2630 μαθημάτων
3245 2555 3698 2631 παραδοθέντων
3740 2555 3827 2608 διὰ

2195 2655 2296 2726 τῆς
2318 2653 2678 2726 προφητείας,
2701 2652 2828 2724 ἑξῆς
2849 2652 2910 2706 τὸ
2933 2650 3160 2723 Πνεῦμα
3184 2650 3245 2704 τὸ
3270 2651 3450 2721 ἅγιον,
3481 2651 3570 2714 ὡς
3600 2648 3700 2702 ἐπὶ
3729 2665 3820 2720 με·

2197 2745 2382 2816 γάλοις
2415 2745 2510 2800 καὶ
2539 2743 2866 2816 παραδόξοις
2897 2743 3339 2816 κατορθώμασιν,
3363 2743 3601 2811 εὐλογετ
3623 2741 3720 2794 τὸν
3741 2756 3823 2792 τοι

2198 2839 2402 2894 σούτων
2433 2838 2656 2909 ἀγαθῶν
2683 2838 2886 2909 δοτῆρα
2918 2837 3126 2905 φάσκον
3149 2853 3163 2866 ο
3199 2854 3218 2887 ι
3243 2835 3451 2908 Κύριος
3492 2837 3525 2889 ὁ
3562 2833 3704 2897 θεὸς
3730 2832 3818 2885 εὖ.

2196 2932 2444 3004 λογητὸς,
2490 2931 2783 3003 εὐλογητὸς
2825 2930 3031 3003 Κύριος
3075 2929 3290 3003 ἡμέραν
3335 2930 3459 2983 καθ’
3511 2928 3760 3001 ἡμέραν.
3791 2944 3809 2977 ι

2198 3025 2396 3078 Οὐκέτι
2429 3024 2558 3097 γὰρ,
2594 3027 2779 3097 φησὶν,
2815 3024 3092 3096 ἄνθρωποι
3123 3023 3380 3096 δαίμονας
3409 3022 3704 3094 πονηροὺς
3727 3037 3816 3072 πε-

2198 3115 2558 3188 πλανημένως
2583 3117 2919 3184 δοξάζουσιν,
2946 3115 3063 3170 ἀλλ’
3091 3118 3178 3188 ἐφ’
3197 3117 3436 3190 ἑκάστης
3465 3117 3698 3189 ἡμέρας
3723 3113 3822 3168 καὶ.

2199 3207 2320 3261 καθ’
2347 3209 2585 3281 ἑκάστην
2623 3208 2774 3280 ὤραν
2823 3209 2915 3262 τὸν
2961 3207 3376 3281 προδηλωθέντα
3405 3209 3628 3280 Κύριον
3656 3205 3806 3258 εὐλο-

2199 3299 2407 3370 γοῦσιν.
2425 3300 2483 3356 Ὀ
2507 3301 2564 3354 δὲ
2599 3301 2763 3366 αὐτὸς
2787 3301 2991 3374 Κύριος
3024 3318 3042 3352 ι
3073 3301 3438 3355 κατευοδώσει
3465 3302 3634 3372 ἡμῖν,
3661 3318 3680 3350 ι
3713 3299 3810 3351 αύ-

2201 3393 2293 3458 τὸς
2319 3392 2394 3447 ῶν
2423 3412 2440 3445 ι
2469 3396 2498 3448 ὁ
2515 3393 2647 3457 Θεὸς
2667 3393 2774 3448 τῶν
2800 3392 3084 3466 σωτηριῶν
3112 3393 3291 3466 ἡμῶν.
3314 3413 3332 3444 ι
3353 3394 3524 3462 Λέγει
3546 3393 3609 3446 δὲ
3637 3389 3806 3445 ταῦτα

2198 3486 2260 3539 τὸ
2286 3485 2514 3558 Πνεῦμα
2544 3486 2606 3539 τὸ
2637 3485 2791 3554 ᾰγιον
2815 3487 2880 3538 ἐκ
2905 3484 3200 3557 προσώπου
3228 3485 3321 3539 τοῦ
3343 3485 3511 3558 χοροῦ
3537 3483 3656 3538 τῶν
3677 3484 3806 3536 ἁπο-

2201 3578 2424 3644 στόλων,
2470 3580 2662 3651 ὥσπερ
2693 3574 2790 3633 οῦν
2847 3579 2939 3632 καὶ
2970 3579 3264 3650 ἀρχόμενοι
3283 3577 3378 3632 τοῦ
3429 3577 3596 3647 λόγου
3671 3589 3806 3644 παρ-

2199 3674 2532 3744 εστήσαμεν.
2585 3672 2738 3727 Ἐπεὶ
2779 3673 2960 3727 τοίνυν
3000 3676 3102 3745 τῆς
3135 3676 3200 3728 ὲκ
3215 3673 3307 3726 τοῦ
3325 3672 3461 3727 Θεοῦ
3494 3668 3804 3727 κατευοδώ-

2201 3781 2337 3829 σεως
2366 3765 2575 3819 ἐδέοντο
2604 3761 2770 3832 οῦτοι,
2800 3767 2882 3830 εἰς
2917 3766 2979 3819 τὸ
3006 3766 3324 3839 ὁδοποιῆσαι
3355 3765 3528 3837 αὐτῷ,
3563 3763 3714 3818 κατά
3738 3761 3800 3814 τὰ

2198 3855 2508 3929 ἔμπροσθεν
2531 3857 2814 3930 εἰρημένα,
2851 3858 3165 3927 ἀναγκαίως
3215 3858 3399 3927 φασίν⁹
3439 3876 3457 3908 ι
3487 3850 3799 3924 Εὐλογητὸς

2197 3949 2402 4022 Κύριος
2456 3950 2671 4024 ἡμέραν
2722 3949 2842 4006 καθ’
2878 3949 3128 4023 ἡμέραν,
3177 3949 3538 4004 κατευοδώσει
3589 3950 3726 4020 ἡμῖν
3773 3945 3801 3996 ό

2197 4043 2328 4108 Θεὸς
2370 4044 2480 4098 τῶν
2523 4045 2804 4118 σωτηριῶν
2841 4043 3020 4116 ήμῶν.
3051 4063 3070 4096 ι
3092 4045 3240 4097 Ἀντί
3264 4044 3319 4096 δὲ
3352 4043 3470 4108 τοῦ,
3504 4063 3522 4095 ι
3550 4043 3664 4096 τῶν
3695 4056 3796 4093 σω-

2197 4135 2400 4208 τηριῶν
2429 4135 2608 4208 ἡμῶν,
2642 4155 2661 4188 ι
2691 4138 2719 4189 ό
2747 4134 3066 4206 Σύμμαχος,
3107 4153 3126 4186 ι
3152 4133 3248 4187 τοῦ
3277 4133 3534 4204 Σωτῆρος
3558 4129 3742 4204 ἡμῶν,
3774 4145 3792 4178 ι

2195 4229 2544 4301 ήρμήνευσεν
2563 4245 2578 4260 ο
2613 4228 2732 4282 ἀνθ’
2758 4223 2819 4283 οῦ
2847 4227 2908 4280 τὸ
2954 4227 3244 4300 Ἐϐραῖκὸν
3275 4226 3437 4282 πάλιν
3469 4225 3565 4281 τοῦ
3600 4221 3801 4292 ὀνόμαει

2197 4337 2289 4383 τος
2327 4319 2419 4372 τοῦ
2455 4319 2708 4392 Σωτῆρος
2753 4319 2909 4390 ἡμῶν
2948 4317 3124 4391 Ἰησοῦ
3180 4319 3473 4391 μέμνηται.
3517 4338 3535 4369 ι
3562 4317 3622 4371 Ὀ
3667 4311 3794 4375 Θεὸς

2199 4409 2378 4482 ἡμῶν,
2422 4412 2451 4464 ό
2479 4409 2612 4474 Θεὸς
2661 4409 2756 4464 τοῦ
2792 4409 3006 4476 σώζειν,
3038 4410 3134 4464 καὶ
3167 4409 3264 4463 τοῦ
3321 4409 3530 4481 Κυρίου
3585 4403 3789 4477 Κυρίου

2200 4504 2258 4557 αἱ
2299 4501 2522 4569 διέξοδοι
2564 4503 2658 4558 τοῦ
2705 4502 2958 4560 θανάτου.
2995 4524 3014 4556 ι
3057 4503 3228 4557 Πάλιν
3269 4504 3335 4556 ὲκ
3368 4500 3660 4574 προσώπου
3686 4496 3792 4551 τῶν

2202 4595 2515 4650 ἀποστόλων
2536 4595 2891 4666 προφητικῶς
2909 4595 3004 4648 καὶ
3027 4593 3200 4647 ταῦτα
3224 4591 3494 4646 λέλεκται.
3516 4592 3670 4645 Ἐπεὶ
3686 4586 3788 4658 γὰρ

2201 4687 2563 4760 ὲθεολόγησαν
2603 4685 2693 4741 διά
2731 4686 2841 4740 τῶν
2879 4684 3210 4758 ἔμπροσθεν,
3246 4682 3557 4747 ἀκολούθως
3586 4683 3681 4736 καὶ
3705 4679 3788 4732 διὰ

2198 4779 2309 4832 τῶν
2356 4779 2494 4852 μετὰ
2531 4779 2719 4852 χεῖράς
2745 4797 2909 4850 φασιν
2928 4796 2942 4810 ·
2983 4796 3002 4830 ι
3026 4778 3084 4831 '0
3115 4777 3246 4841 Θεὸς
3275 4776 3452 4848 ἡμῶν,
3483 4778 3513 4830 ό
3541 4776 3674 4838 Θεὸς
3697 4769 3786 4825 τοῦ

2202 4871 2417 4939 σώζειν,
2451 4876 2546 4927 καὶ
2571 4873 2665 4926 τοῦ
2695 4873 2901 4942 Κυρίου
2937 4872 3146 4943 Κυρίου
3177 4873 3232 4925 αἱ
3266 4870 3488 4937 διέξοδοι
3514 4869 3610 4922 τοῦ
3641 4864 3790 4922 θανά-

2199 4982 2293 5018 του
2309 4981 2324 4998 ·
2353 4983 2370 5016 ι
2398 4963 2432 5035 ἢ
2459 4964 2598 5018 κατά
2630 4963 2723 5016 τὸν
2752 4963 3053 5045 Σύμμαχον
3074 4977 3088 4991 ο
3128 4981 3147 5014 ι
3170 4963 3228 5016 '0
3253 4961 3384 5027 Θεὸς
3405 4965 3534 5034 ημῖν
3559 4961 3691 5024 Θεὸς
3713 4959 3786 5020 εἰς

2205 5057 2502 5128 σωτηρίαν,
2537 5055 2749 5110 καὶτοῦ
2775 5057 2982 5128 Κυρίου
3020 5055 3115 5110 τοῦ
3148 5055 3409 5110 δεσπότου
3444 5055 3499 5107 αἱ
3534 5055 3613 5118 είς
3636 5051 3786 5106 θάνα-

2199 5167 2293 5203 τον
2324 5149 2513 5214 ἔξοδοι.
2546 5169 2566 5201 ›
2600 5147 2774 5214 Μόνος
2809 5149 2918 5222 γὰρ
2964 5145 3120 5216 οὗτος
3163 5149 3296 5212 Θεὸς
3341 5146 3416 5202 ὣν
3457 5144 3554 5201 τοῦ
3599 5143 3786 5208 σώζειν

2201 5242 2416 5310 ἐξόδους
2434 5242 2624 5314 εὐρετο
2643 5243 2736 5296 τοῦ
2759 5243 3014 5298 θανάτου.
3033 5241 3254 5313 Ἐπειδὴ
3281 5242 3387 5305 πᾶς
3409 5239 3692 5313 ἄνθρωπος
3711 5235 3782 5296 εἰς

2205 5337 2303 5408 μὲν
2337 5337 2439 5409 τὴν
2468 5335 2670 5390 εἴσοδον
2702 5335 2796 5388 τοῦ
2833 5335 3063 5390 θανάτου
3098 5335 3354 5405 ἔφθασεν,
3383 5333 3566 5386 οὐκέτι
3609 5331 3666 5384 δὲ
3698 5327 3782 5383 καὶ

2199 5429 2490 5497 διεξελθεῖν
2535 5429 2697 5484 αὐτὸν
2746 5429 3128 5500 δεδύνηται.⁹0
3158 5428 3213 5481 δὲ
3241 5427 3329 5481 διὰ
3369 5425 3479 5478 τῶν
3507 5424 3780 5495 παρόντων

2199 5521 2360 5595 δηλού
2369 5539 2529 5594 μενος
2549 5521 2778 5594 Κύριος,
2804 5521 2900 5575 καὶ
2933 5520 3029 5576 νῦν
3053 5519 3144 5574 διὰ
3160 5519 3270 5572 τῶν
3299 5516 3492 5572 κοινῶν
3514 5511 3780 5584 στοιχείων

2200 5617 2259 5670 ἐν
2291 5615 2654 5688 τῇῇΕϐραῖκῇ
2682 5613 2850 5685 βίϐλῳ
2869 5614 3238 5687 γραφόμενος,
3263 5608 3530 5674 διεξόδους
3563 5602 3775 5677 ποιησώ-

2205 5725 2362 5780 μενος
2391 5707 2486 5762 τοῦ
2520 5706 2774 5774 θανάτου,
2801 5707 2992 5777 γέγονε
3026 5705 3159 5768 Θεὸς
3189 5701 3476 5772 ἐπώνυμος
3497 5694 3772 5769 σωτηρίαςι
