4086 6442
300 347 412 408 ⁸105

1441 346 1952 405 (ΖΟΜΜΕΝΤΔΜΑ
1990 350 2066 406 ῙΝ
2105 350 2449 412 ΡεξιιΜοε.

3481 367 3585 425 706

298 464 395 520 Διὸ
429 465 707 520 λέλεκται·
741 481 760 516 ι
783 463 842 518 '0
889 463 1024 528 Θεδς
1073 465 1252 537 ἡμῶν,
1280 468 1310 520 ὁ
1339 465 1472 532 Θεὸς
1502 466 1597 520 τοῦ
1629 467 1843 533 σώζειν.
1871 489 1886 522 ι

1997 471 2248 543 vestigiis
2300 472 2485 544 abyssi
2535 472 2852 530 ambulasti.
2903 475 3241 546 Aperiantur
3276 490 3456 537 autem
3484 483 3584 539 tibi

297 556 394 612 Διὸ
427 557 514 610 καὶ
552 555 632 628 τῷ
675 554 793 610 Ἰὼϐ
836 557 865 610 6
895 556 1059 621 αὐτὸς
1092 552 1250 622 οὗτος
1283 558 1639 630 χρηματίζων
1667 558 1852 630 ἔλεγεν
1876 575 1894 594 ⁸

305 646 539 713 «Ἦλθες
564 649 620 702 δέ
651 651 744 702 ἐπὶ
772 651 956 720 πηγὴν
990 649 1294 722 θαλάσσηςο
1317 653 1378 704 ἐν
1404 651 1463 704 δέ
1496 651 1698 722 ῐχνεσιν
1727 653 1896 707 ἀσύσ-

299 757 397 794 σου
443 740 874 812 περιεπάτησας.
895 741 1228 811 Ἀνοίγονται
1279 742 1338 796 δέ
1389 759 1471 797 σοι
1522 743 1673 816 φόϐῳ
1726 745 1893 800 πύλαι

299 832 556 888 θανάτου.
615 833 867 905 Πυλωροὶ
913 833 972 887 δὲ
1026 833 1154 906 ᾂδου
1212 834 1412 898 ἰδόντες
1466 852 1526 889 σε
1570 836 1829 909 ἔπτηξαν.
1863 858 1887 891 η»

297 925 607 999 Διαρρήδην
637 925 732 978 καὶ
761 925 819 980 ἐν
843 925 1073 990 ἐκείνοις
1101 926 1200 998 τὴν
1236 929 1317 990 είς
1345 926 1436 982 τὸν
1466 927 1698 984 θάνατον
1725 930 1891 986 αὑτοῦ

298 1018 526 1074 κάθοδον
570 1018 666 1072 καὶ
711 1017 810 1090 τὴν
864 1018 1076 1072 ἐκεῖθεν
1124 1018 1360 1084 διέξοδον
1385 1021 1678 1092 παριστὰς,
1701 1021 1892 1094 ὥσπερ

298 1106 395 1165 οὖν
420 1109 516 1164 καὶ
548 1111 607 1163 ἐν
632 1113 744 1173 τοῖς
767 1110 1172 1183 προκειμένοις,
1203 1107 1284 1174 οἷς
1322 1110 1632 1177 ἀκολούθως
1661 1114 1760 1185 τὴν
1783 1114 1892 1168 τῶν

299 1200 512 1273 ἐχθρῶν
557 1200 723 1254 αὐτοῦ
767 1200 1058 1272 συντριϐὴν
1091 1199 1334 1254 διδάσκει
1375 1201 1583 1270 λέγων’
1631 1221 1652 1253 ι
1683 1203 1832 1276 Πλὴν
1862 1205 1891 1258 6

297 1291 432 1356 Θεὸς
468 1290 752 1346 συνθλάσει
787 1291 1032 1361 κεφαλὰς
1063 1291 1276 1363 ἐχθρῶν
1317 1291 1505 1345 αὑτοῦ.
1536 1311 1555 1344 ι
1592 1293 1702 1347 Kal
1734 1293 1890 1348 τοῦτο

297 1384 358 1439 δέ
387 1385 602 1456 νοήσεις
645 1384 914 1456 παραθεὶς
944 1385 1043 1458 τὴν
1074 1387 1132 1440 ἐν
1155 1385 1328 1458 ἑτέρῳ
1359 1387 1624 1456 λέγουσαν
1668 1389 1854 1458 φωνήν
1873 1406 1887 1421 ο

303 1493 324 1526 ι
353 1475 425 1530 Σὺ
459 1475 840 1546 ἐκραταίωσας
868 1477 934 1548 τῇ
962 1475 1188 1550 δυνάμει
1230 1494 1325 1531 σου
1357 1478 1456 1550 τὴν
1486 1477 1781 1543 θάλασσαν,
1824 1480 1889 1534 σὺ

299 1569 626 1640 συνέτριψας
644 1569 743 1633 τὰς
770 1569 1014 1638 κεφαλὰς
1043 1570 1154 1624 τῶν
1179 1572 1491 1644 δρακόντων
1516 1573 1610 1626 ἐπὶ
1638 1572 1732 1626 τοῦ
1765 1572 1891 1629 ὓδα-

295 1677 409 1726 τος.
433 1662 505 1716 Σὺ
540 1662 872 1726 συνέθλασας
896 1662 996 1734 τὴν
1025 1664 1268 1736 κεφαλὴν
1291 1665 1385 1719 τοῦ
1414 1665 1727 1737 δράκοντος.
1753 1687 1771 1718 ι
1791 1666 1890 1721 Διὰ

296 1752 408 1826 γάρ
432 1752 748 1808 τούτωνκαὶ
783 1757 834 1808 of.
854 1753 1038 1827 ἐχθροὶ
1068 1755 1162 1809 τοῦ
1197 1755 1331 1810 Θεοῦ
1361 1755 1729 1828 ἐδηλώθησαν,
1761 1757 1890 1830 περὶ

1995 563 2190 618 timore
2227 570 2398 634 portae
2443 562 2633 618 inferi.
2689 562 2912 620 Ostiarii
2943 581 3073 622 vero
3103 568 3306 624 inferni
3334 571 3583 630 videntes

1995 661 2050 710 te
2090 656 2376 711 conterriti
2423 663 2554 711 sunt
2594 655 2662 710 ‘°.
2703 677 2723 710 ι
2763 656 2978 714 Diserte
3011 661 3067 714 in
3099 661 3213 717 illis
3241 678 3460 734 quoque
3487 665 3586 722 de-

1994 762 2251 805 scensum
2287 749 2409 820 ejus
2433 749 2486 804 in
2515 759 2748 826 mortem
2787 759 2842 807 et
2881 754 3087 808 exitum
3119 755 3248 812 inde
3270 756 3580 824 declarans,

1993 844 2452 914 quemadmodum
2483 853 2538 901 et
2569 845 2625 900 in
2659 848 3044 916 praesentibus.
3072 859 3261 921 postea
3291 867 3424 908 vero
3449 862 3586 909 co'n-

1993 943 2288 1005 sequenter
2333 935 2686 990 inimicorum
2718 954 2945 994 suorum
2994 943 3380 1000 contritionem
3420 945 3584 1001 docet

1993 1028 2082 1083 his
2107 1027 2291 1084 verbis
2323 1047 2337 1083 :
2375 1047 2394 1080 ι
2428 1026 2821 1086 Verumtamen:
2870 1031 3016 1090 Deus
3047 1033 3355 1108 confringet
3395 1036 3580 1108 capita

1991 1119 2342 1175 inimicorum
2369 1135 2620 1177 suorum.
2657 1140 2680 1172 ~i
2745 1121 2870 1179 Haec
2892 1140 3057 1194 porro
3089 1125 3380 1198 intelliges,
3407 1125 3456 1182 si
3483 1139 3582 1183 vo-

1990 1227 2108 1268 cem
2139 1212 2249 1266 alio
2277 1212 2331 1266 in
2367 1213 2581 1282 psalmo
2610 1215 2842 1284 positam
2865 1215 2994 1271 huic
3020 1232 3327 1288 compares.
3345 1234 3574 1290 nempe:

1996 1325 2015 1356 ι
2047 1303 2127 1360 Tu
2157 1304 2498 1361 confirmasti
2527 1306 2729 1362 virtute
2751 1317 2844 1363 tua
2867 1324 3037 1373 mare,
3067 1319 3126 1364 tu
3150 1312 3459 1368 contrivisti
3485 1326 3580 1366 ca-

1990 1398 2104 1468 pita
2125 1396 2426 1452 draconum
2459 1397 2517 1462 in
2549 1412 2713 1467 aqua.
2745 1396 2828 1451 Tu
2856 1400 3176 1472 confregisti
3203 1409 3367 1472 caput
3389 1402 3582 1458 draco.

1990 1493 2100 1548 nis.
2141 1510 2160 1544 ι
2198 1490 2472 1548 Ιὶίεθιιίιῐι
2502 1492 2712 1546 inimici
2765 1492 2858 1550 Dei
2887 1494 3258 1558 declarantur,
3287 1493 3356 1548 de
3376 1493 3578 1564 quibus

1991 1585 2081 1639 hic
2102 1584 2310 1639 dictum
2345 1592 2471 1639 est:
2509 1603 2528 1636 ι
2561 1583 2949 1640 Verumtamen
2982 1585 3126 1641 Deus
3149 1586 3456 1654 confringet
3483 1600 3576 1640 ca-

1989 1675 2104 1747 pita
2134 1676 2487 1731 inimicorum
2512 1691 2758 1731 suorum.
2799 1696 2820 1730 ι
2879 1676 3051 1732 Erant
3075 1685 3258 1734 autem
3283 1677 3362 1732 illi
3387 1677 3580 1732 draco-

1991 1784 2090 1824 nes
2119 1769 2176 1824 iu
2204 1772 2344 1826 mari
2376 1780 2431 1827 et
2457 1773 2512 1827 in
2536 1773 2759 1829 humida
2791 1772 3099 1828 substantia
3137 1780 3354 1837 nantes,
3384 1771 3578 1826 videli~

291 1835 372 1898 ὧν
399 1844 633 1898 ἐνταῦθα
655 1844 938 1899 λέλεκται·
966 1865 984 1896 ι
1015 1846 1164 1919 Πλὴν
1191 1847 1220 1899 6
1241 1846 1384 1912 ’Θεὸς
1411 1848 1698 1902 συνθλάσει
1720 1866 1886 1919 κεφα-

1990 1869 2076 1916 cet
2103 1862 2435 1920 adversariae
2478 1873 2780 1935 potestates
2823 1864 2918 1922 Dei
2952 1866 3208 1928 inimicae,
3240 1865 3295 1919 in
3327 1864 3492 1920 salsis
3519 1871 3576 1920 et

295 1935 396 2000 λὰς
436 1936 647 2009 ἐχθρῶν
691 1937 879 1991 αὐτοῦ.
913 1933 1122 1991 ιἹίσαν
1157 1938 1214 1991 δὲ
1246 1933 1392 1994 οὗτοι
1433 1940 1728 2012 δράκοντες
1753 1943 1800 1994 οί
1831 1942 1886 1994 ἐν

1990 1953 2327 2010 volubilibus
2373 1933 2497 2012 vitae
2530 1957 2790 2012 fluctibus
2833 1958 3110 2012 volutatae.
3156 1956 3338 2024 Quare
3379 1956 3438 2011 in
3472 1953 3576 2011 Joh

296 2025 542 2098 θαλάσσῃ
593 2027 688 2080 καὶ
733 2027 826 2080 ἐπὶ
856 2027 1030 2099 ὑγρᾶς
1059 2027 1249 2092 οὐσίας
1293 2028 1602 2100 νηχόμενοι,
1633 2030 1886 2102 δυνάμεις

1989 2061 2208 2117 quoque
2234 2047 2522 2104 dicebatur
2550 2067 2564 2104 :
2612 2067 2631 2101 ι
2671 2048 2883 2106 Venisti
2911 2057 3094 2105 autem
3125 2050 3181 2104 in
3221 2049 3429 2105 fontem
3457 2065 3576 2104 ma-

294 2119 498 2191 δηλαδὴ
527 2120 906 2190 ἁντικείμεναι
943 2120 1138 2191 ἐχθραὶ
1173 2120 1267 2175 τοῦ
1293 2121 1451 2186 Θεοῦ,
1481 2124 1594 2186 τοῖς
1623 2123 1887 2194 ἁλμυροῖς

295 2211 393 2264 καὶ
449 2214 696 2284 ρευστοῖς
762 2210 855 2265 τοῦ
907 2211 1026 2282 βίου
1087 2212 1326 2285 κύμασιν
1379 2213 1885 2286 ἐγκαλινδούμεναι.

297 2304 462 2359 Ὅθεν
490 2306 584 2359 καλ⁵
612 2307 669 2359 ὲν
697 2304 776 2376 τῷ
817 2303 938 2358 Ἱὼὸ
968 2304 1215 2374 ἐλέγετο·
1243 2301 1478 2371 (Ἦλθες
1501 2307 1558 2361 δέ
1580 2307 1674 2361 ἐπὶ
1703 2308 1888 2379 πηγὴν

295 2397 611 2470 θαλάσσης,
664 2400 723 2452 ἐν
773 2397 831 2451 δέ
881 2399 1084 2470 ἴχνεσιν
1142 2397 1382 2454 ἀϐύσσου
1451 2400 1881 2472 περιεπάτησας.

297 2491 642 2560 Ἃνοίγονται
669 2489 727 2544 δέ
758 2507 841 2544 σοι
875 2489 1027 2562 φόϐῳ
1067 2490 1235 2546 πύλαι
1265 2491 1519 2545 θανάτου.
1548 2491 1800 2564 Πυλωροὶ
1826 2491 1883 2546 δέ

293 2582 443 2656 ᾅδου,
470 2583 672 2647 ἰδόντες
703 2599 786 2646 σε,
819 2582 1080 2654 ἔπτηξαν.
1115 2602 1133 2633 ι
1166 2582 1612 2656 Συπρισομένων
1639 2584 1749 2656 γὰρ
1773 2583 1884 2637 τῶν

293 2673 546 2744 κεφαλῶν
587 2675 696 2729 τῶν
740 2674 1071 2746 δρακόντων,
1105 2673 1376 2747 ἔπτησσον
1419 2676 1468 2728 οἱ
1516 2675 1758 2747 πυλωροὶ
1787 2675 1882 2729 τοῦ

292 2766 453 2838 ᾅδου·
487 2765 567 2819 διὸ
604 2766 698 2820 καὶ
743 2765 893 2838 φόϐῳ
925 2766 1023 2830 τὰς
1054 2765 1231 2830 πύλας
1263 2767 1482 2837 ηνοιγον
1521 2765 1617 2819 τοῦ
1651 2765 1881 2820 θανάτου

291 2856 372 2929 τῷ
405 2859 505 2922 τάς
535 2858 777 2928 κεφαλὰς
805 2857 915 2911 τῶν
940 2855 1151 2929 ἐχθρῶν
1181 2855 1348 2911 αὐτοῦ
1378 2855 1696 2911 συνθλῶντι.
1721 2849 1882 2913 Οὗτοι

291 2951 348 3005 δὲ
373 2953 422 3005 oi
463 2950 648 3024 ἐχθροὶ
685 2950 780 3005 τοῦ
818 2951 1026 3023 Κυρίου
1050 2950 1111 3004 τὺ
1143 2950 1356 3004 πάντων
1392 2949 1695 3024 ἀνθρώπων
1749 2968 1882 3005 κατ-

289 3046 530 3100 επάτουν
574 3045 752 3113 γένος.
793 3045 884 3098 Διὸ
901 3045 1149 3100 λέλεκται
1172 3045 1297 3116 ἐξῆς
1315 3062 1329 3075 ·
1360 3064 1379 3096 ι
1411 3044 1670 3118 Κορυφὴν
1696 3045 1881 3118 τριχὸς

288 3137 760 3212 διαπορευομένων
807 3140 866 3194 ἐν
907 3139 1309 3212 πλημμελείαις
1348 3139 1548 3194 αὐτῶν.
1591 3159 1610 3193 ι
1663 3141 1880 3196 Τούτων

289 3229 402 3302 γὰρ
521 3206 652 3294 Θεὸς
685 3229 970 3285 συνθλάσει
1144 3231 1405 3301 κεφαλὰς,
1438 3233 1592 3303 φησὶ,
1626 3233 1735 3288 τῶν
1767 3234 1882 3288 δια-
1907 3206 1952 3268 C

289 3323 674 3394 πορευομένων
719 3323 818 3387 τὰς
843 3323 951 3376 τῶν
981 3322 1283 3397 ἀνθρώπων
1317 3324 1581 3394 κεφαλάς.
1602 3325 1748 3379 Ἀντὶ
1772 3321 1880 3399 γάρ

287 3413 408 3478 τοῦ,
449 3433 467 3466 ι
496 3415 740 3487 κορυφὴν
791 3415 997 3486 τριχὸς,
1044 3415 1288 3488 κορυφὴν
1337 3415 1603 3488 ἐντριχον,
1636 3435 1655 3468 ι
1703 3419 1883 3489 ἡρμή-

286 3521 480 3560 νευσεν
525 3506 556 3558 6
598 3505 914 3578 Σύμμαχος.
953 3508 1181 3581 Κορυφὴ
1212 3508 1269 3562 δέ
1298 3509 1545 3582 ἐντριχος
1586 3511 1620 3582 ἡ
1669 3509 1880 3582 κεφαλὴ

287 3597 400 3653 τῶν
441 3598 746 3670 ἀνθρώπων
794 3600 1140 3671 σημαίνεται.
1173 3600 1392 3655 Τούτων
1439 3598 1532 3656 οῦν
1560 3602 1740 3656 αὐτῶν
1772 3601 1880 3656 τῶν

287 3691 502 3764 ἐχθρῶν
533 3693 749 3758 ἑαυτοῦ,
772 3693 881 3748 τῶν
907 3694 1172 3766 πρότερον
1198 3694 1296 3759 τὰς
1322 3694 1432 3749 ¹τῶν
1463 3694 1767 3768 ἀνθρώπων
1795 3713 1882 3750 κε-

288 3783 466 3853 φαλὰς
492 3783 962 3858 διαπορευομένων
996 3787 1092 3841 καὶ
1115 3787 1221 3840 ὑπὸ
1243 3790 1356 3852 τοῖς
1387 3787 1596 3841 ἑαυτῶν
1624 3789 1752 3842 ποσὶ
1781 3806 1880 3844 κα-

288 3877 698 3944 ταπατούντων,
730 3880 760 3933 6
780 3880 880 3944 τὰς
903 3879 1172 3946 διεξόδους
1194 3878 1289 3934 τοῦ
1318 3879 1550 3934 θανάτου
1579 3882 1880 3954 πεποιημέ-

291 3986 383 4033 νος
424 3969 557 4031 Θεὸς
601 3970 703 4034 τὰς
745 3970 986 4041 κεφαλὰς
1021 3970 1330 4026 συνθλάσει.
1350 3973 1494 4026 Ἀντὶ
1525 3972 1582 4026 δὲ
1613 3971 1730 4036 τοῦ,
1770 3992 1788 4024 ι
1819 3973 1878 4027 ἐν

293 4059 694 4133 πλημμελείαις
721 4063 917 4128 αὐτῶν,
950 4082 969 4115 ι
1008 4063 1038 4116 6
1067 4063 1382 4136 Σύμμαχος,
1420 4082 1438 4116 ι
1472 4065 1530 4116 ἐν
1559 4065 1680 4126 ταῖς
1705 4062 1880 4134 πλημ-

295 4153 539 4225 μελείαις
563 4155 752 4226 αὐτῆς,
787 4174 806 4208 ›
841 4156 1182 4229 ἡρμήνευσεν
1215 4153 1385 4209 εἰπών
1409 4173 1424 4187 ⁸
1461 4173 1480 4207 ι
1509 4155 1771 4228 Κορυφὴν
1795 4154 1880 4208 ἐν·

289 4262 477 4319 τριχον
510 4248 988 4320 ἀναστρεφομένην
1005 4248 1064 4303 ἐν
1081 4251 1200 4314 ταῖς
1216 4248 1616 4320 πλημμελείαις
1635 4249 1826 4320 αὐτῆς.
1851 4267 1872 4302 ι

291 4339 429 4393 uasa
460 4340 570 4412 γὰρ
603 4340 778 4406 ἄλλως
808 4341 1034 4396 δυνατὸν
1073 4337 1144 4413 ἦν
1186 4343 1302 4402 τοῖς
1332 4340 1552 4414 ἐχθροῖς
1595 4339 1689 4394 τοῦ
1739 4339 1876 4394 Θεοῦ

289 4435 624 4488 καταπατεῖν
663 4433 906 4506 κορυφὴν
939 4432 1203 4506 ἐντριχον,
1235 4433 1481 4488 τουτέστι
1513 4432 1613 4496 τὰς
1642 4431 1751 4486 τῶν
1780 4434 1876 4488 άν-

1988 2138 2091 2202 ris,
2117 2145 2172 2194 et
2196 2139 2250 2193 in
2279 2139 2525 2211 vestigiis
2550 2141 2733 2212 abyssi
2766 2142 3080 2197 ambulasti.
3117 2141 3454 2212 Aperiuntur
3477 2155 3578 2194 au-

1987 2235 2097 2282 tem
2124 2230 2226 2284 tibi
2257 2232 2456 2288 timore
2506 2241 2676 2303 portae
2703 2233 2885 2290 inferi.
2951 2233 3178 2289 Ostiarii
3207 2249 3338 2288 vero
3372 2231 3575 2287 inferni

1985 2319 2234 2378 videntes
2262 2330 2317 2379 te
2349 2325 2634 2380 conterriti
2665 2336 2850 2381 sunt.»
2879 2325 3147 2381 Contritis
3177 2340 3414 2396 namque
3440 2323 3573 2378 dra-

1986 2429 2188 2469 conum
2231 2415 2508 2486 capitibus
2550 2417 2764 2474 ostiarii
2814 2417 3014 2473 inferni
3058 2418 3344 2474 conterriti
3392 2426 3570 2475 sunt-1

1985 2521 2157 2576 quare
2183 2506 2382 2562 timore
2411 2508 2651 2578 correpti
2673 2514 2861 2578 portas
2891 2510 3085 2565 mortis
3110 2511 3293 2580 capita
3319 2511 3575 2567 inimico-

1985 2611 2105 2651 rum
2129 2611 2357 2652 suorum
2394 2596 2762 2670 confringenti
2792 2599 3134 2670 aperiebant.
3179 2598 3246 2655 Hi
3295 2616 3427 2656 vero
3467 2603 3576 2657 ini-

1983 2689 2112 2744 mici
2154 2688 2374 2746 Domini
2420 2691 2737 2747 universum
2769 2691 3052 2747 hominum
3075 2709 3250 2764 genus
3287 2695 3576 2749 conculca-

1982 2781 2134 2838 bant.
2193 2783 2543 2855 Quapropter
2575 2783 2808 2840 inferius
2835 2784 3038 2839 dicitur
3067 2805 3080 2840 :
3116 2801 3136 2835 ι
3177 2785 3444 2840 Verticem
3480 2800 3576 2840 ca-

1981 2875 2098 2946 pilli
2129 2875 2630 2946 perambulantium
2657 2877 2712 2930 in
2745 2876 2960 2933 delictis
2986 2876 3125 2942 suis.
3161 2895 3181 2927 ›
3216 2874 3422 2930 Horum
3442 2917 3458 2943 ,
3487 2875 3573 2929 in-

1981 2967 2122 3037 quit.
2155 2964 2300 3022 Deus
2334 2965 2516 3036 capita
2544 2965 2876 3036 confringet,
2904 2965 3426 3035 perambulantium,
3468 2963 3570 3026 ait,

1979 3065 2036 3113 et
2068 3058 2399 3112 calcantium
2449 3056 2630 3126 capita
2676 3056 2981 3112 hominum.
3037 3053 3144 3111 Pro
3187 3055 3279 3110 illo
3311 3069 3569 3126 namque,

1987 3168 2006 3202 ι
2036 3151 2297 3204 verticem
2348 3149 2555 3220 capilli,
2601 3167 2620 3202 ι
2658 3147 3043 3220 Symmachus,
3105 3165 3124 3199 ι
3172 3146 3435 3202 verticem
3478 3160 3572 3201 ca-

1985 3242 2257 3313 pillatum,
2298 3260 2318 3295 ›
2372 3243 2556 3298 vertit.
2599 3238 2800 3296 Vertex
2843 3249 3023 3294 autem
3053 3239 3359 3310 capillatus.
3389 3241 3571 3310 ipsum

1982 3330 2267 3386 hominum
2291 3338 2457 3402 caput
2479 3329 2785 3402 significat:
2805 3327 3010 3382 Ilorum
3041 3328 3226 3398 itaque
3254 3328 3359 3385 sibi
3387 3329 3569 3384 inimi-

1981 3437 2200 3486 corum,
2247 3423 2341 3493 qui
2377 3423 2532 3492 prius
2586 3421 2870 3476 hominum
2914 3420 3095 3491 capita
3134 3420 3388 3475 terebant
3416 3420 3572 3490 pedi-

1982 3515 2196 3586 busque
2226 3517 2344 3572 suis
2376 3516 2687 3582 calcabant,
2719 3516 2899 3585 capita
2929 3513 3238 3586 confringet
3272 3513 3438 3580 Deus,
3474 3514 3570 3585 qui

1981 3609 2165 3664 exitus
2197 3608 2392 3663 mortis
2436 3607 2636 3662 effecit.
2703 3604 2813 3660 Pro
2845 3605 2938 3659 illo
2962 3613 3169 3668 autem,
3213 3624 3232 3656 ι
3269 3605 3320 3658 in
3354 3604 3570 3659 delictis

1980 3699 2119 3762 suis,
2153 3717 2171 3751 ι
2207 3696 2590 3770 Symmachus.
2621 3717 2640 3750 ι
2677 3698 2732 3752 ἱη
2773 3696 2990 3751 delictis
3035 3697 3156 3766 ejus
3193 3714 3211 3747 ι
3241 3695 3570 3766 interpreta-

1980 3798 2073 3846 tus
2096 3797 2203 3854 est,
2227 3789 2420 3844 dicens
2452 3807 2466 3843 :
2505 3787 2806 3844 «Verticem
2831 3788 3144 3857 capillatum
3175 3786 3481 3843 revolutum
3511 3786 3569 3841 in

1981 3882 2202 3938 delictis
2225 3881 2365 3951 ejus.
2382 3899 2399 3932 ›
2417 3878 2607 3952 Neque
2627 3882 2771 3936 enim
2793 3881 2900 3935 alio
2917 3881 3077 3935 modo
3095 3885 3343 3950 poterant
3359 3878 3568 3934 inimici

1981 3975 2078 4032 Dei
2095 3975 2354 4031 verticem
2373 3974 2714 4044 capillatum.
2736 3973 2789 4028 id
2800 3980 2884 4029 est
2911 3972 3194 4027 hominum
3211 3971 3412 4042 capita,
3435 3985 3570 4025 con-

1979 4068 2221 4135 culcare,
2238 4065 2341 4121 nisi
2359 4063 2599 4137 propriis
2611 4063 2827 4120 delictis
2841 4078 2906 4118 ac
2922 4062 3164 4133 peccatis
3174 4061 3418 4131 depressi
3432 4059 3456 4114 f
3457 4061 3570 4117 uis-

1985 4167 2127 4215 sent.
2165 4156 2350 4223 Quare
2391 4156 2460 4211 iis
2485 4155 2578 4226 qui
2607 4156 2746 4210 tales
2783 4167 2892 4209 non
2921 4161 3081 4208 erant
3119 4152 3337 4208 dicebat
3369 4151 3572 4207 Serva-

1982 4259 2068 4306 tor
2102 4269 2116 4305 :
2167 4269 2185 4301 ι
2213 4247 2391 4304 Vestri
2424 4255 2607 4304 autem
2631 4246 2814 4318 capilli
2839 4246 3038 4318 capitis
3071 4261 3264 4302 omnes
3291 4246 3569 4302 numerati

1980 4349 2111 4396 sunt
2130 4339 2196 4394 δι.
2229 4357 2248 4391 ι
2269 4336 2405 4393 Nam
2431 4338 2824 4409 discipulorum
2843 4337 3026 4410 capilli
3049 4336 3250 4407 singuli
3279 4337 3570 4393 nobilioris

1979 4430 2232 4500 corporis
2259 4430 2455 4500 partis,
2503 4435 2566 4483 ut
2589 4428 2892 4484 necessarii
2927 4438 2982 4483 et
3015 4427 3082 4484 ad
3111 4437 3366 4484 ornatum
3395 4427 3569 4484 totius

292 4522 527 4596 θρὼπων
555 4525 821 4594 κεφαλὰς,
858 4527 908 4579 εί
939 4525 1014 4598 μὴ
1051 4525 1175 4588 ταῖς
1216 4523 1447 4590 οἰκείαις
1473 4524 1878 4597 πλημμελείαις

1985 4520 2332 4578 conferentes
2351 4561 2367 4587 ,
2406 4519 2822 4576 enumeratione
2852 4527 2908 4574 et
2932 4519 3181 4575 custodia
3203 4518 3385 4573 divina
3415 4517 3569 4589 digni

289 4617 384 4670 καὶ
410 4617 707 4688 ἁμαρτίαις
737 4617 1154 4672 τεταπείνωντο.
1179 4617 1270 4670 Διδ
1297 4620 1410 4682 τοῖς
1449 4617 1524 4690 μὴ
1562 4617 1824 4680 τοιούτοις
1850 4619 1880 4672 6

1985 4611 2173 4679 fuere;
2206 4619 2268 4665 ut
2309 4625 2380 4666 ne
2421 4609 2750 4665 raderentur
2773 4609 3040 4665 novacula
3070 4608 3443 4673 inimicorum,
3471 4608 3568 4679 qui

279 4705 486 4780 ’Σωτὴρ
518 4707 732 4777 ἔλεγεν*
765 4727 782 4760 ι
805 4707 992 4780 Ὑμῶν
1019 4707 1077 4762 δὲ
1101 4707 1196 4762 καὶ
1219 4708 1274 4762 αί
1299 4708 1484 4782 τρίχες
1507 4709 1604 4780 τῆς
1633 4708 1877 4780 κεφαλῆς

1985 4705 2366 4776 perambulant
2407 4711 2462 4761 et
2489 4703 2822 4759 conculcant
2857 4717 3076 4758 omnem
3103 4702 3363 4757 verticem
3396 4701 3568 4770 capil-

290 4801 465 4854 πᾶσαι
503 4801 880 4874 ἠριθμημέναι
921 4800 1079 4854 είσίν.
1113 4819 1132 4853 ι
1170 4799 1292 4854 Τῶν
1324 4800 1435 4873 γὰρ
1468 4801 1650 4855 αὐτῶν
1695 4800 1876 4874 μαθη-

1985 4798 2153 4853 latum
2187 4796 2495 4854 revolutum
2521 4795 2576 4850 in
2599 4794 2816 4851 delictis
2840 4793 2982 4864 ejus.

290 4893 400 4948 τῶν
428 4895 522 4948 καὶ
554 4895 758 4967 ἑκάστη
787 4895 910 4968 θρὶξ
939 4893 1034 4948 τοῦ
1063 4894 1394 4966 τιμιωτέρου
1425 4896 1630 4967 μέρους
1655 4895 1749 4950 τοῦ
1779 4893 2062 4966 σώματος,
2104 4891 2181 4956 ὡς
2206 4890 2484 4960 ἀναγκαία
2515 4888 2610 4942 καὶ
2675 4887 2868 4959 κόσμῳ
2930 4885 3022 4940 τοῦ
3083 4885 3287 4950 παντὸς
3321 4880 3567 4956 συμϐαλ-

291 4991 514 5064 λομένη,
545 4991 777 5063 ἀριθμοῦ
822 4990 1156 5062 κατηξίωται
1188 4990 1334 5044 θείου
1361 4993 1454 5045 καὶ
1489 4991 1737 5064 φυλακῆς
1759 5009 1774 5024 ο
1805 4991 1881 5054 ὡς
1917 4987 1982 5042 ἂν
2011 4989 2087 5061 μὴ
2122 4985 2398 5061 ξυρηθῶσι
2422 4984 2504 5057 τῷ
2535 4982 2682 5056 ξυρῷ
2698 4982 2808 5036 τῶν
2854 4981 3062 5054 ἐχθρῶν
3120 4980 3229 5035 τῶν
3257 4982 3567 5056 ἐμπεριπα-

290 5087 527 5142 τούντων
550 5086 1009 5142 καταπατούντων
1043 5088 1226 5141 πᾶσαν
1249 5086 1494 5158 κορυφὴν
1517 5087 1761 5158 ἐντριχον
1785 5087 1885 5160 τὴν
1922 5083 2410 5157 ἀναστρεφομένην
2439 5083 2498 5137 ἐν
2530 5079 2636 5152 πλη
2645 5078 2931 5152 μμελείαις
2955 5078 3147 5149 αὐτῆς.

369 5224 387 5256 ι
418 5201 555 5258 Εἷπε
606 5204 810 5276 Κύριος
833 5221 846 5234 ·
866 5204 962 5257 Ἐκ
985 5202 1165 5257 Βασὰν
1197 5203 1532 5276 ἐπιστρέψω,
1561 5203 1877 5277 ἐπιστρέψω

2052 5199 2222 5257 Vens.
2256 5201 2348 5254 2'5.
2397 5219 2415 5252 ι
2452 5199 2601 5254 Dixit
2651 5197 2935 5263 Dominus,
2982 5194 3060 5249 l:.x
3098 5193 3282 5250 Basan
3335 5207 3566 5279 conver-

295 5297 352 5351 ἐν
390 5295 569 5368 βυθοῖς
596 5295 891 5368 θαλάσσης.
920 5315 938 5348 ι
976 5295 1146 5350 Πάλιν
1193 5294 1470 5352 κάνταῦθα
1515 5315 1534 5347 ι
1564 5297 1594 5349 6
1619 5297 1822 5368 Κύριος
1852 5315 1886 5347 »π

1985 5304 2114 5360 tam,
2140 5301 2454 5351 convertam
2485 5294 2540 5348 in
2574 5291 2906 5364 profundum
2938 5289 3130 5344 maris.
3162 5306 3181 5340 ι
3224 5285 3322 5341 Hic
3343 5301 3564 5340 rursum

293 5391 354 5445 οὐ
374 5389 463 5443 διὰ
482 5389 902 5460 τετραγράμμου
926 5391 1057 5462 παρ’
1080 5389 1349 5462 Ἑϐραίοις
1371 5388 1775 5460 ἐκπεφώνηται,
1791 5387 1880 5442 διὰ

1988 5409 2007 5442 ι
2037 5389 2327 5451 Dominus,
2362 5407 2381 5440 ι
2411 5403 2522 5442 non
2550 5387 2641 5441 illa
2665 5392 2906 5457 quatuor
2943 5383 3248 5438 litterarum
3267 5393 3398 5433 voce
3422 5378 3565 5448 apud

295 5481 353 5535 δέ
377 5481 485 5536 τῶν
507 5479 828 5554 κοινοτέρων
862 5482 1160 5552 στοιχείων.
1196 5483 1337 5552 Ἤδη
1391 5482 1448 5536 δὲ
1472 5482 1656 5553 τρίτον
1690 5481 1879 5537 τοῦτον

1985 5482 2245 5539 Hebraeos
2273 5479 2616 5550 exprimitur,
2661 5477 2757 5533 sed
2798 5474 3269 5531 communioribus
3319 5472 3564 5527 elemen-

296 5573 564 5644 ἐδήλωσεν
589 5576 622 5645 ὴ
645 5572 892 5645 παροῦσα
911 5573 1102 5646 Γραφὴ
1126 5574 1400 5642 ἐφιστῶσα
1429 5574 1520 5629 τὸν
1551 5573 1627 5638 ὡς
1651 5574 1718 5628 ἂν
1737 5574 1881 5628 εῐποι

1985 5575 2075 5630 tis.
2107 5571 2339 5644 Jamque
2370 5573 2531 5626 tertio
2558 5572 2704 5625 hunc
2729 5585 2970 5642 praesens
3003 5569 3278 5636 scriptura
3315 5565 3562 5618 nomina-

293 5681 401 5732 τις,
433 5667 684 5737 δεύτερον
712 5665 934 5738 Κύριον.
953 5667 1105 5720 Ἐπεὶ
1132 5670 1225 5722 καὶ
1257 5671 1315 5722 ἐν
1339 5667 1418 5739 τῷ
1452 5669 1715 5737 φάσκοντι
1743 5667 1880 5739 ψαλ-

1985 5668 2086 5734 vit,
2109 5665 2522 5736 secundumque
2546 5664 2839 5722 Dominum
2860 5703 2876 5731 ,
2923 5669 2982 5717 ut
3021 5659 3298 5732 quispiam
3339 5655 3564 5723 dixerit,

370 5823 416 5856 δ’
443 5822 544 5880 Job
579 5841 808 5886 xxxviii.
845 5825 931 5894 l6,
969 5825 1056 5881 17.
1133 5826 1175 5859 ⁸³
1203 5824 1394 5882 Matth.
1431 5841 1486 5892 x,
1523 5825 1614 5882 30.
