4086 6442
535 390 648 451 707
1229 378 1477 444 susse“
1505 317 2063 438 ςβδλὶιιῐκδιε
2099 383 2132 440 o

2237 427 2249 438 .
2285 383 2474 441 "PARS
2507 383 2598 441 111.
2639 411 2710 426 ά-
2748 384 3165 442 EXEGE’I‘ICA.
3733 387 3819 445 708

547 507 783 564 induxit.
815 505 1096 577 Siquidem
1123 503 1178 558 in
1197 501 1400 572 psalmo
1429 495 1514 569 qui
1543 493 1650 550 sic
1681 466 1853 585 Rhet
1887 510 1905 546 :
1937 515 1958 549 ι
1988 497 2132 554 Dixit

2241 503 2362 575 μῷ·
2399 523 2418 554 ε
2444 499 2581 556 Εἷπε
2605 501 2809 574 Κύριος
2837 502 2921 573 τῷ
2949 493 3139 574 Κυρίῴ
3164 519 3298 574 μου,
3327 495 3542 554 ’Κάθου
3573 499 3636 554 ἐκ
3664 501 3821 570 δεξιῶν

550 599 815 654 Dominus
873 595 1102 650 Domino
1132 607 1253 647 meo
1287 609 1303 645 :
1339 589 1480 645 Sede
1509 604 1543 642 a
1571 582 1799 641 dextris
1822 588 1973 645 meis
1989 589 2069 654 ⁸³,
2110 610 2131 643 ι

2244 613 2369 667 μου,
2399 615 2418 646 ι
2448 595 2535 649 διὰ
2563 590 2670 649 τῶν
2701 595 3101 666 ἁνεκφωνήτων
3146 596 3285 667 παρ’
3332 591 3621 664 Ἑϐραίοις
3658 596 3822 652 τεττά-

549 689 763 761 primus
805 704 903 760 per
935 685 1231 741 ineffabilia
1257 681 1397 753 apud
1432 681 1698 738 Hebraeos
1727 688 1974 748 quatuor
2019 685 2135 739 ele-

551 788 734 837 menta
772 780 1073 844 scribitur;
1104 776 1380 832 secundus
1412 783 1616 838 autem,
1641 788 1809 844 quem
1836 775 1921 831 sui
1958 774 2139 830 Domi-

551 887 683 927 num
730 870 1004 941 Pr0pheta
1059 867 1303 923 declarat
1342 866 1555 930 dicens,
1588 883 1610 916 ι
1639 863 1874 920 Domino
1903 881 2026 921 meo
2051 906 2067 930 ,
2109 885 2130 919 ι

551 965 674 1020 aliis
706 963 992 1019 elementis
1022 961 1374 1031 exprimitur,
1405 960 1563 1030 queis
1587 957 1838 1028 cujusvis
1869 959 2016 1015 servi
2043 959 2138 1014 do-

549 1058 736 1112 minus
763 1053 1123 1126 significatur.
1159 1051 1251 1108 Sic
1276 1067 1410 1123 ergo
1437 1067 1586 1106 nunc
1613 1066 1834 1122 quoque
1855 1051 1971 1121 jam
2023 1060 2138 1108 ter-

550 1149 630 1203 tio
658 1149 748 1203 ille
774 1146 1059 1213 Dominus,
1089 1145 1184 1216 qui
1205 1160 1384 1215 usque
1414 1143 1482 1198 ad
1517 1143 1794 1198 infernum
1824 1144 2133 1212 descendit,

550 1241 840 1310 exitusque
883 1240 1079 1294 mortis
1113 1237 1348 1308 paravit,
1383 1234 1708 1306 vulgaribus
1753 1242 1812 1289 et
1853 1235 2135 1291 consuetis

551 1332 697 1402 apud
734 1329 992 1386 Hebrzeos
1019 1329 1308 1384 elementis
1357 1325 1708 1397 exprimitur.
1764 1324 1947 1392 Quare
1978 1325 2140 1399 Sym-

551 1425 784 1480 machus
834 1422 1123 1494 δεσπότην,
1166 1422 1282 1477 sive
1319 1420 1706 1475 dominatorem
1741 1419 2136 1491 interpretatus

549 1525 656 1573 est.
692 1515 790 1570 Hic
835 1531 966 1587 ergo
999 1514 1288 1576 Dominus,
1317 1511 1570 1567 videlicet
1599 1511 1693 1567 Dei
1727 1509 1988 1577 Verbum,
2038 1512 2134 1577 ait,

557 1626 579 1660 ι
613 1607 688 1662 Ex
710 1607 887 1663 Basan
919 1614 1272 1672 convertam;
1313 1624 1333 1656 ι
1373 1619 1439 1659 ac
1472 1619 1727 1669 rursum,
1751 1622 1776 1656 ‹
1806 1603 2136 1660 Convertam

549 1717 617 1757 ex
651 1701 926 1772 profundo
952 1700 1141 1754 maris.
1169 1718 1190 1750 ι
1218 1697 1326 1752 Pro
1346 1698 1439 1752 illo
1459 1706 1665 1762 autem,
1695 1716 1715 1748 ι
1745 1704 2082 1760 convertam,
2111 1714 2132 1749 ι

552 1810 617 1850 ac
647 1795 914 1856 secundo,
953 1811 972 1844 ‹
1003 1800 1341 1854 convertam,
1385 1811 1404 1843 ι
1445 1789 1811 1862 Symmachus
1847 1789 1932 1846 sic
1967 1791 2138 1845 inter-

2241 705 2352 760 ρων
2384 688 2662 761 στοιχείων
2689 687 3020 759 ἐγέγραπτο.
3061 685 3119 740 '0
3148 686 3205 739 δὲ
3232 685 3538 754 δεύτερος,
3569 684 3629 737 ὃν
3658 685 3823 744 ἑαυτοῦ

2240 779 2445 852 Κύριον
2467 783 2496 834 6
2519 781 2805 852 προφήτης
2824 779 3012 851 ἐδήλου
3033 779 3285 848 φάσκων,
3313 796 3337 829 ι
3351 776 3454 848 Τῷ
3474 777 3668 849 Κυρίῳ
3688 798 3821 848 μου,ι

2239 873 2447 945 ἐτέροις
2479 872 2767 942 στοιχείοις
2798 871 3072 944 ἐδηλοῦτο,
3103 865 3184 936 οἷς
3215 871 3318 926 καὶ
3349 871 3472 934 πᾶς
3499 871 3532 924 6
3557 871 3616 923 ἐν
3643 867 3829 945 ἀνθρώ.

2239 980 2364 1027 ποις
2391 963 2578 1017 δούλου
2609 963 2798 1033 κύριος
2845 962 3190 1033 σημαίνεται.
3225 961 3436 1024 Οὕτως
3483 954 3584 1013 οὖν
3621 965 3712 1014 καὶ
3758 964 3831 1015 ἐν-

2238 1055 2415 1111 ταῦθα
2459 1056 2560 1128 ήδη
2595 1055 2778 1128 τρίτον
2825 1057 2855 1108 ὁ
2907 1054 3102 1126 μέχρις
3139 1055 3266 1126 ᾷδου
3321 1051 3596 1126 καταϐὰς
3636 1055 3728 1107 καὶ
3763 1054 3831 1109 δι-

2239 1148 2453 1214 εξόδους
2489 1147 2722 1202 Θανάτου
2754 1147 3124 1218 πεποιημένος
3171 1147 3393 1219 Κύριος
3446 1144 3544 1198 διὰ
3589 1145 3698 1198 τῶν
3722 1152 3832 1218 παρ’

2251 1241 2519 1313 Ἑϐραίοις
2564 1238 2759 1302 κοινῶς
2788 1238 3149 1311 γραφομένων
3184 1238 3486 1309 στοιχείων
3515 1233 3830 1307 ὠνόμασται.

2237 1331 2439 1403 Διόπερ
2465 1333 2494 1384 6
2524 1330 2815 1402 Σύμμαχος
2847 1347 2866 1380 ι
2895 1328 3162 1400 δεσπότην
3193 1347 3210 1378 ι
3243 1329 3628 1399 ἡρμήνευσεν
3673 1328 3831 1381 αὐτόν.

2239 1419 2409 1490 Οὗτος
2435 1421 2526 1478 οὖν
2547 1427 2576 1479 6
2608 1423 2833 1496 Κύριος,
2858 1421 3020 1485 αὐτὸς
3046 1423 3075 1474 6
3101 1421 3195 1475 τοῦ
3229 1421 3376 1474 Θεοῦ
3417 1420 3605 1488 Λόγος
3631 1419 3833 1492 δηλαδή,

2239 1513 2358 1569 εἷπε
2373 1532 2386 1546 ·
2399 1535 2417 1564 ι
2441 1516 2537 1569 Ἐκ
2549 1515 2730 1568 Βασάν
2748 1512 3078 1584 ἐπιστρέψωο
3095 1511 3216 1565 »καὶ
3233 1511 3408 1566 πάλιν
3426 1527 3441 1540 ο
3455 1528 3478 1560 ‹
3505 1509 3835 1582 Ἐπιστρέψω

2238 1609 2302 1662 ἐκ
2326 1607 2502 1679 βυθῶν
2528 1607 2859 1678 θαλάσσης.»
2881 1607 3025 1660 Ἀντὶ
3048 1607 3105 1660 δέ
3125 1605 3242 1671 τοῦ,
3269 1625 3290 1658 ι
3318 1603 3687 1676 ἐπιστρέψω,
3711 1623 3729 1656 ι
3755 1606 3834 1658 καὶ

2236 1703 2332 1757 τοῦ
2361 1701 2634 1776 δεύτερον,
2666 1721 2685 1755 ι
2709 1701 3044 1775 ἐπιστρέψω,
3075 1721 3094 1754 ι
3129 1702 3159 1754 6
3185 1701 3506 1773 Σύμμαχος
3531 1699 3724 1752 τοῦτον
3749 1701 3834 1770 ήρ-

2241 1798 2476 1870 μήνευσε
2497 1797 2587 1851 τὸν
2617 1795 2819 1870 τρόπον
2837 1813 2852 1828 ο
2881 1815 2901 1849 ι
2928 1791 3062 1850 Εῐπε
3087 1795 3296 1868 Κύριος
3311 1814 3324 1826 ⁸
3344 1794 3498 1848 Ἀπὸ
3520 1794 3707 1846 Βασὰν
3731 1795 3836 1846 ἐπι-

552 1892 822 1958 pretatur,
861 1903 880 1936 ι
904 1855 1060 1937 Dixit
1090 1881 1354 1936 Dominus
1385 1899 1399 1934 :
1558 1879 1736 1934 Basan
1767 1887 2046 1944 revertar,
2081 1886 2132 1934 et

2239 1855 2477 1960 στρέψω,
2504 1888 2602 1941 καὶ
2627 1855 2966 1960 άναστρέψαι
3007 1855 3222 1958 ποιήσω
3423 1884 3618 1955 βυθῶν
3651 1883 3833 1938 θαλάσ-

553 1975 752 2032 reverti
804 1975 1000 2029 faciam
1045 1990 1113 2029 ex
1162 1971 1437 2043 profundo
1487 1971 1678 2025 maris.
1715 1990 1734 2022 ι
1773 1967 1970 2025 Viden‘
2013 1986 2138 2040 qua:

551 2080 719 2136 opera
760 2064 995 2119 ediderit
1043 2061 1310 2118 Dominus
1349 2076 1475 2116 cum
1524 2057 1902 2115 descendisset
1927 2059 1984 2114 in
2009 2074 2139 2130 pro-

552 2157 783 2218 fundum
808 2157 1016 2214 maris?
1043 2155 1326 2227 Confreg-it
1349 2154 1529 2225 capita
1557 2148 1859 2208 draconum
1890 2153 1945 2206 in
1969 2167 2136 2222 aqua,

551 2265 766 2308 necnon
796 2249 1026 2320 capillos
1057 2248 1406 2303 inimicorum
1439 2260 1690 2308 suorum,
1713 2243 1808 2315 qui
1829 2262 1850 2295 ‹
1877 2244 2132 2300 verticem

550 2345 866 2415 capillatum
901 2343 959 2397 in
997 2340 1216 2396 delictis
1246 2359 1264 2391 ι
1300 2337 1734 2404 conculcabant;
1766 2336 1967 2392 reverti
2007 2335 2136 2391 fecit

549 2453 618 2493 ex
665 2437 845 2493 Basan
875 2442 930 2490 et
973 2450 1039 2489 ex
1069 2432 1343 2505 profundo
1389 2431 1563 2486 maris
1603 2431 1819 2486 animas
1855 2430 1980 2486 istic
2003 2429 2134 2486 olim

549 2530 854 2585 demersas.
902 2527 1082 2582 Basan
1130 2533 1316 2580 autem
1349 2523 1660 2593 explicatur
1703 2521 2028 2593 ignominia,
2078 2522 2135 2574 in

547 2637 716 2695 quam
768 2620 1030 2690 delapsus
1078 2625 1164 2674 est
1205 2616 1473 2672 Dominus
1521 2629 1622 2686 per
1671 2621 1972 2670 memorata
2023 2612 2138 2668 ele-

549 2723 736 2770 menta
781 2713 1080 2776 indicatus,
1122 2711 1217 2781 qui
1263 2709 1628 2780 ignominiam
1663 2707 1998 2778 contempsit
2036 2721 2136 2776 pro

549 2809 728 2865 salute
757 2822 948 2862 eorum
980 2807 1072 2875 qui
1105 2805 1231 2860 istic
1273 2804 1328 2858 in
1377 2802 1695 2874 captivitate
1716 2800 1924 2856 detenti
1954 2807 2132 2855 erant.

547 2901 918 2971 Quamobrem
966 2899 1173 2953 dicitur
1200 2917 1215 2952 :
1246 2915 1265 2948 ι
1303 2896 1448 2950 Dixit
1499 2895 1801 2951 Dominus:
1836 2891 1914 2948 Ex
1953 2891 2133 2948 Basan

546 2999 1223 3059 eonvertam,convertam
1253 3006 1318 3046 ex
1345 2987 1620 3060 profundo
1650 2987 1858 3043 maris:
1886 3005 1908 3038 ι
1934 2984 2132 3041 deinde

547 3087 846 3156 adjicitur:
872 3103 895 3136 ι
930 3083 1001 3140 Ut
1032 3083 1337 3154 intingatur
1385 3096 1483 3152 pes
1517 3090 1644 3136 tuus
1672 3079 1730 3134 in
1771 3079 2060 3150 sanguine.
2103 3096 2124 3130 ο

2240 1998 2360 2052 σης.
2393 1999 2412 2032 ι
2459 1979 2626 2052 Ὁρᾷς
2656 1980 2820 2033 ὁποῖα
2871 1976 3270 2051 κατορθώματα
3314 1976 3638 2050 εἰργάσατο
3680 1992 3832 2031 κατα-

2235 2073 2340 2137 ϐὰς
2386 2073 2468 2136 είς
2499 2072 2624 2135 τοὺς
2666 2070 2862 2141 βυθοὺς
2885 2071 2988 2142 τῆς
3027 2069 3302 2141 θαλάσσης
3331 2071 3360 2124 6
3409 2069 3673 2140 Κύριοςς
3724 2085 3830 2121 συν-

2235 2165 2428 2220 έθλασε
2459 2163 2559 2228 τάς
2590 2161 2834 2234 κεφαλάς
2863 2163 2975 2217 τῶν
3011 2162 3321 2235 δρακόντων
3346 2162 3446 2217 ἐπὶ
3483 2160 3588 2215 τοῦ
3634 2159 3829 2225 ὓδατος,

2238 2257 2331 2312 καί
2359 2257 2458 2322 τὰς
2486 2256 2679 2329 τρίχας
2698 2255 2807 2309 τῶν
2833 2255 3040 2327 ἐχθρῶν
3072 2253 3238 2308 αὐτοῦ
3264 2255 3379 2309 τῶν
3410 2273 3434 2308 ‹
3462 2254 3575 2325 τὴν
3603 2253 3830 2324 έντριχον

2237 2348 2479 2421 κορυφὴν
2523 2349 2582 2400 ἐν
2625 2346 3026 2420 πλημμελείαις
3061 2365 3080 2398 ι
3123 2345 3624 2418 διαπορευομένων
3651 2359 3673 2377 ο
3720 2346 3830 2396 ἐπι-

2238 2441 2468 2512 στρέψαι
2524 2441 2581 2495 δέ
2624 2441 2797 2494 ἐποίει
2840 2439 2948 2493 ἀπὸ
2979 2439 3160 2494 Βασάν
3206 2440 3302 2493 καὶ
3356 2439 3475 2493 ἀπὸ
3531 2436 3716 2509 βυθῶν
3744 2435 3830 2508 τῆς

2235 2533 2516 2605 θαλάσσης
2570 2532 2671 2596 τὰς
2745 2531 2914 2586 πάλαι
2986 2531 3575 2601 καταπεποντωμένας
3649 2528 3828 2582 αὐτόσε

2234 2625 2432 2696 ψυχάς.
2465 2623 2645 2679 Βασὰν
2678 2624 2733 2678 δὲ
2764 2625 3104 2697 ἡρμήνευται
3130 2622 3386 2695 αἰσχύνη,
3414 2622 3558 2676 ἔνθα
3592 2621 3664 2676 δι’
3693 2622 3827 2693 ἡμᾶς

2234 2718 2500 2791 κατῆλθεν
2537 2718 2566 2770 6
2596 2716 2684 2771 διὰ
2724 2716 2834 2772 τῶν
2885 2717 3192 2789 εἰρημένων
3224 2716 3520 2787 στοιχείων
3573 2713 3826 2787 δηλωθεὶς

2235 2810 2462 2882 Κύριος,
2493 2810 2753 2882 αἰσχύνης
2785 2812 3205 2882 καταφρονήσας
3238 2808 3378 2881 ὑπὲρ
3411 2807 3706 2880 σωτηρίας
3729 2805 3827 2858 τῶν

2237 2905 2423 2960 αὐτόθι
2451 2886 3028 2976 καταδεδουλωμένων.
3053 2905 3146 2958 Διὸ
3174 2903 3425 2958 λέλεκται
3452 2923 3468 2936 ·
3504 2923 3527 2956 ‹
3559 2898 3701 2958 Εἶπε
3727 2901 3828 2956 Κύ-

2238 3016 2352 3071 ριος
2376 3015 2389 3028 ⁸
2431 2999 2527 3052 Ἐκ
2560 2997 2738 3051 Βασὰν
2783 2997 3094 3070 ἐπιστρέψω
3122 3037 3136 3059 ,
3181 2997 3505 3070 ἐπιστρέψω
3558 2998 3627 3050 ἐκ
3660 2995 3826 3066 βυθῶν

2237 3089 2512 3163 θαλάσσης
2535 3106 2549 3120 ·
2581 3108 2600 3142 ι
2633 3084 2732 3143 εἶθ’
2759 3088 2887 3160 ἑξῆς
2910 3089 3160 3143 λέλεκται
3182 3105 3197 3120 ο
3243 3108 3264 3141 ι
3297 3091 3490 3154 Ὅπως
3523 3089 3596 3144 ἂν
3633 3088 3774 3160 βαφῇ
3800 3088 3825 3139 ὁ

546 3178 656 3235 Pro
683 3194 792 3250 quo
836 3175 1200 3251 Symmachus
1224 3176 1642 3246 interpretatur.
1681 3191 1703 3224 ι
1736 3171 2128 3242 Utconfringa-

2239 3183 2374 3248 ποῦς
2423 3201 2517 3238 σου
2569 3185 2627 3236 ἐν
2657 3183 2870 3254 αἵματι.
2904 3202 2922 3234 ι
2965 3181 3106 3236 ⁹Λνθ’
3152 3177 3214 3238 οὗ
3239 3185 3268 3238 ὁ
3311 3183 3624 3255 Σύμμαχος
3657 3181 3826 3253 ἡρμή-

546 3284 638 3328 tur
661 3289 757 3344 pes
785 3279 915 3327 tuus
935 3286 1060 3326 cum
1091 3269 1380 3339 sanguine.
1403 3275 1458 3322 et
1485 3266 1690 3320 lambat
1715 3266 1901 3336 lingua
1929 3279 2128 3320 canum

2235 3293 2421 3330 νευσεν
2447 3275 2646 3330 εἰπών’
2681 3295 2698 3328 ι
2731 3277 2920 3338 Ὅπως
2951 3274 3300 3348 συγκατεάξῃ
3329 3277 3358 3329 6
3390 3275 3535 3340 ποῦς
3568 3293 3664 3328 σου
3698 3271 3825 3344 μετὰ

545 3374 768 3420 tuorum
797 3364 866 3419 ab
898 3376 1230 3434 unoquoque
1265 3359 1618 3415 inimicorum
1647 3366 1893 3415 tuorum.
1934 3377 1953 3411 ι
1992 3357 2131 3413 Nam

546 3472 674 3512 cum
730 3455 984 3512 inimicos
1037 3469 1173 3511 suos
1224 3458 1553 3516 contereret,
1608 3459 1664 3507 et
1707 3452 1887 3522 capita
1938 3465 2130 3506 eorum

545 3549 945 3620 confringeret,
973 3547 1166 3620 pedem
1195 3562 1356 3604 suum
1387 3545 1657 3616 sanguine
1689 3560 1759 3600 ex
1803 3544 1984 3615 capite
2025 3544 2134 3598 ini-

545 3642 675 3698 mici
709 3643 794 3696 sui
827 3639 1029 3695 ﬂuente
1057 3639 1323 3710 replebat.
1349 3637 1532 3705 Quare
1587 3639 1644 3692 in
1696 3635 1838 3692 Isaia
1884 3637 2126 3692 dicitur:

549 3751 572 3786 ι
613 3731 750 3800 Quis
801 3739 888 3787 est
938 3731 1026 3786 hic
1081 3730 1177 3801 qui
1224 3729 1375 3786 venit
1419 3746 1487 3786 ex
1542 3727 1740 3793 Edom,
1770 3728 1939 3784 rubor
1961 3729 2130 3784 vesti-

545 3831 854 3880 mentorum
883 3838 950 3878 ex
984 3822 1154 3878 Bosor
1170 3822 1255 3877 ιιι
1281 3841 1301 3875 ›
1341 3836 1404 3877 ac
1437 3820 1635 3877 deinde
1661 3839 1676 3875 :
1710 3838 1731 3872 ι
1757 3819 1940 3887 Quare
1963 3821 2130 3876 rubra

543 3919 874 3976 vestimenta
897 3923 1014 3982 tua,
1042 3924 1098 3971 et
1145 3915 1464 3970 indumenta
1487 3921 1581 3969 tua
1611 3913 1758 3969 sicut
1787 3913 1983 3969 calcati
2013 3920 2130 3969 tor-

545 4009 774 4074 cularis,
807 4009 1000 4080 plenus
1031 4006 1458 4063 conculcata“?
1493 4026 1512 4060 ι
1551 4007 1751 4061 Postea
1803 4006 2127 4078 rogantibus

543 4101 622 4155 ita
657 4099 953 4171 respondet
981 4117 997 4153 :
1036 4117 1056 4150 ι
1097 4097 1318 4153 Calcavi
1350 4097 1501 4168 ipsos
1528 4098 1583 4152 in
1634 4097 1823 4154 furore
1857 4112 1980 4152 meo
2002 4097 2067 4152 ⁸⁸.
2101 4116 2120 4149 ι

542 4189 646 4248 Hic
690 4191 818 4247 item
867 4197 996 4261 post
1033 4190 1244 4244 calcata
1294 4189 1594 4244 draconum
1633 4189 1839 4260 capita,
1872 4188 2121 4244 dicitur:

547 4302 568 4336 ι
600 4281 674 4340 Ut
723 4281 1103 4353 confringatur
1151 4296 1252 4351 pes
1292 4288 1424 4337 tuus
1468 4295 1593 4336 cum
1641 4281 1930 4352 sanguine,
1961 4300 1981 4333 ι
2015 4280 2122 4348 vel,

547 4392 568 4426 ς
609 4372 681 4429 Ut
714 4375 1017 4445 intingatur
1042 4387 1140 4444 pes
1171 4380 1301 4428 tuus
1324 4372 1378 4426 in
1404 4372 1694 4445 sanguine,
1725 4380 1781 4429 et
1818 4373 2004 4444 lingua
2029 4387 2124 4426 ca-

542 4482 672 4524 num
697 4475 916 4523 tuorum
941 4483 1008 4522 ex
1033 4465 1273 4520 inimicis
1304 4465 1372 4520 ab
1398 4465 1538 4536 ipso.
1581 4485 1599 4517 ι
1642 4463 1752 4520 Pro
1779 4479 1890 4535 quo
1917 4463 2121 4520 clarius

2233 3371 2483 3440 αἵματος,
2525 3369 2621 3423 καὶ
2667 3369 2811 3440 λάψῃ
2854 3367 3141 3440 ήγλῶσσα
3186 3367 3294 3421 τῶν
3339 3369 3524 3422 κυνῶν
3583 3384 3680 3421 σου
3727 3365 3824 3418 ἀπὸ

2233 3462 2464 3515 ἑκάστου
2519 3460 2629 3514 τῶν
2677 3459 2887 3534 ἐχθρῶν
2936 3476 3050 3512 σου.
3098 3478 3117 3510 ι
3180 3459 3494 3530 Συντρίὸων
3543 3459 3660 3530 γὰρ
3705 3457 3823 3518 τοὺς

2234 3550 2429 3604 ἑαυτοῦ
2475 3549 2703 3622 ἐχθροὺς
2735 3549 2831 3602 καὶ
2875 3547 2975 3612 τὰς
3028 3547 3270 3617 κεφαλὰς
3315 3546 3499 3600 αὐτῶν
3557 3544 3820 3603 συνθλῶν,

2231 3642 2472 3714 ἐπλήρου
2517 3641 2610 3694 τὸν
2641 3637 2836 3694 ἐαυτοῦ
2881 3637 3018 3692 πόδα
3049 3638 3302 3708 αἵματος,
3335 3634 3431 3688 τοῦ
3480 3637 3548 3689 ἐκ
3575 3633 3689 3687 τῶν
3735 3647 3820 3685 κεν

2232 3732 2418 3802 φαλῶν
2465 3729 2562 3785 τοῦ
2597 3731 2794 3803 ἐχθροῦ
2845 3728 3011 3784 αὐτοῦ
3065 3727 3306 3800 ῥυέντος.
3359 3726 3454 3780 Διὸ
3505 3726 3729 3794 ἐλέγετο
3765 3723 3822 3776 ἐν

2242 3825 2474 3895 Ἠσαῖᾳ’
2513 3843 2531 3875 ι
2566 3824 2662 3886 Τίς
2691 3816 2850 3885 οὗτος
2901 3823 2930 3876 6
2979 3819 3426 3893 παραγενόμενος
3477 3816 3542 3882 ἐξ
3609 3813 3814 3883 Ἐδὼμ,

2230 3919 2481 3992 ἐρύθημα
2518 3918 2750 3990 ἱματίων
2780 3919 2844 3970 ἐκ
2865 3915 3036 3987 Βοσόρ
3061 3931 3076 3978 ;
3106 3933 3126 3964 ι
3150 3912 3244 3967 καὶ
3273 3911 3401 3981 ἐξῆς
3420 3929 3434 3943 ⁶
3459 3931 3480 3966 ι
3505 3909 3610 3964 Διὰ
3643 3907 3696 3960 τί
3730 3920 3817 3957 σου

2229 4009 2434 4081 ἐρυθρὰ
2472 4008 2540 4061 τὰ
2571 4009 2779 4079 ἱμάτια,
2824 4005 2916 4060 καὶ
2943 4005 3015 4058 τά
3047 4002 3322 4075 ἐνδύματά
3349 4019 3442 4056 σου
3481 4001 3566 4065 ὡς
3603 4001 3814 4054 ἀποπα-

2227 4102 2391 4175 τητοῦ
2416 4099 2600 4172 ληνοῦ,
2626 4099 2840 4171 πλήρης
2867 4114 3084 4166 πεπατη
3097 4095 3262 4167 μένης
3286 4110 3300 4160 ;
3331 4112 3350 4145 ι
3375 4089 3490 4146 Εἶθ’
3520 4091 3656 4163 ἑξῆς
3685 4089 3814 4142 ἀπο-

2229 4195 2475 4268 κρίνεται
2507 4193 2642 4266 πρὸς
2668 4192 2793 4256 τοὺς
2822 4191 3226 4264 ἐρωτήσαντας,
3261 4186 3356 4241 καί
3394 4202 3566 4257 φησι·
3613 4202 3635 4235 ι
3668 4183 3812 4236 Κατ-

2228 4287 2480 4358 επάτησα
2504 4285 2701 4348 αὐτοὺς
2737 4285 2794 4336 ἐν
2823 4282 2980 4354 θυμῷ
3013 4299 3137 4354 μου.
3189 4298 3209 4331 ι
3237 4281 3348 4334 Καὶ
3381 4276 3621 4332 ἐνταῦθα
3636 4271 3810 4326 τοίνυν

2229 4377 2370 4450 μετὰ
2413 4376 2511 4448 τὴν
2562 4372 2851 4446 συντριϐὴν
2881 4372 2992 4427 τῶν
3040 4368 3294 4441 κεφαλῶν
3335 4367 3446 4421 τῶν
3505 4363 3813 4450 δρακόντων

2228 4448 2501 4524 λέλεκται·
2537 4488 2555 4520 ι
2589 4467 2775 4530 Ὅπως
2805 4465 2870 4520 ἂν
2919 4461 3268 4535 συγκατεὰξῃ
3295 4462 3324 4515 6
3355 4458 3490 4523 ποῦς
3527 4472 3626 4511 σου
3679 4448 3810 4525 μετὰ

543 4555 910 4629 Symmachus
945 4557 1336 4626 interpretatus
1369 4564 1454 4611 est
1496 4555 1709 4618 dicens,
1746 4573 1766 4606 ι
1803 4553 1870 4608 Ει
1910 4555 2119 4610 lambat

2235 4564 2476 4635 ιῖματος,
2491 4583 2510 4616 ι
2529 4562 2587 4633 ἦ,
2607 4562 2826 4624 (Ὅπως
2849 4559 2994 4631 βαφῇ
3016 4560 3046 4612 6
3063 4555 3198 4619 ποῦς
3219 4573 3313 4609 σου
3338 4555 3396 4607 ἐν
3422 4553 3637 4624 αἵματι,
3657 4546 3752 4603 καὶ
3775 4548 3806 4615 ἡ

541 4648 726 4721 lingua
755 4664 953 4704 canum
988 4656 1234 4711 tuorum.
1264 4648 1334 4703 ab
1384 4662 1718 4718 unoquoque
1765 4646 2121 4702 inimicorum

2235 4653 2444 4724 γλῶσσα
2497 4651 2605 4706 τῶν
2640 4650 2817 4705 κυνῶν
2871 4667 2964 4702 σου
3021 4648 3082 4714 ἐξ
3137 4645 3348 4719 ἐχθρῶν
3395 4646 3524 4716 παρ’
3561 4639 3747 4698 αὐτοῦ.
3783 4653 3803 4687 ι

539 4750 783 4798 tuorum.
825 4759 846 4795 ›
883 4741 1062 4798 Canes
1098 4757 1264 4813 porro
1295 4740 1512 4795 Domini
1565 4738 1890 4810 sanguinem
1932 4739 2124 4793 inimi-

2235 4746 2376 4800 ’AvO‘
2406 4737 2466 4799 οὗ
2501 4744 2822 4816 λευκότερον
2848 4744 2878 4797 6
2899 4742 3196 4814 Σύμμαχος
3226 4738 3575 4810 ἡρμήνευσεν
3601 4730 3769 4788 εἰπών
3790 4743 3806 4758 ⁸

537 4849 730 4889 corum
764 4834 886 4904 ejus
920 4834 1245 4900 lambentes,
1282 4847 1423 4903 quos
1451 4846 1575 4888 esse
1605 4831 1838 4896 dixeris,
1865 4831 1972 4886 nisi
1998 4846 2118 4902 gre-

2235 4857 2244 4890 l
2273 4840 2386 4892 Καὶ
2417 4837 2561 4910 λάψῃ
2589 4839 2623 4908 ἡ
2661 4835 2882 4905 γλῶσσα
2925 4833 3036 4888 τῶν
3071 4831 3254 4888 κυνῶν
3283 4829 3376 4884 ἂου
3422 4828 3532 4883 ἀπὸ
3579 4825 3805 4881 ἑκάστου

537 4928 623 4998 gis
669 4927 844 4999 ipsius
884 4927 1143 4984 custodes
1189 4925 1482 4998 pervigiles
1527 4924 1622 4996 qui
1672 4922 1972 4978 Ecclesiam
1999 4923 2120 4993 ejus

2235 4931 2328 4984 τῶν
2359 4930 2570 5003 ἐχθρῶν
2616 4945 2730 4982 σου.
2764 4947 2782 4980 ι
2817 4927 3001 4992 Κύνας
3035 4926 3093 4980 δέ
3123 4923 3219 4978 τοῦ
3267 4920 3472 4994 Κυρίου
3505 4919 3805 4974 λάπτοντας

535 5028 782 5085 tuentur,
835 5023 954 5076 sive
981 5021 1207 5076 ultrices
1253 5017 1524 5089 quasdam
1569 5016 1825 5082 virtutes,
1850 5030 1972 5086 quae
1997 5031 2124 5071 con-

2235 5021 2280 5074 :6
2302 5017 2442 5092 αἷμα
2473 5021 2581 5076 τῶν
2612 5019 2824 5092 ἐχθρῶν
2855 5015 3020 5072 αὑτοῦ
3052 5015 3206 5079 τίνας
3233 5012 3299 5068 ἂν
3327 5013 3502 5074 εἴποις
3532 5011 3567 5082 ἢ
3597 5010 3721 5071 τοὺς
3741 5003 3806 5058 τὰ

535 5111 780 5168 terendis
813 5112 1051 5168 inimicis
1065 5112 1186 5182 ejus
1212 5110 1559 5172 incumbunt,
1578 5123 1805 5180 quaeque
1818 5108 2117 5179 perniciem

2235 5113 2453 5184 ποίμνια
2495 5111 2662 5166 αὑτοῦ
2699 5109 3062 5181 φυλάττοντας
3095 5106 3342 5177 φύλακάς
3380 5119 3533 5166 τινας
3579 5096 3805 5172 ἐγρηγὸ-

519 5220 730 5259 eorum
761 5205 1166 5276 quodammodo
1189 5204 1484 5276 degustare
1506 5201 1802 5274 satagunt?

2235 5221 2374 5276 ρους,
2401 5205 2500 5277 τὴν
2533 5203 2858 5274 Ἐκκλησίαν
2891 5200 3056 5254 αὑτοῦ
3092 5197 3482 5271 φρουροῦντας,
3503 5193 3538 5264 ἢ
3561 5204 3797 5262 τιμωρη-

531 5301 693 5366 τικάς
711 5319 864 5366 τινας
887 5302 1146 5374 δυνάμεις
1169 5297 1609 5371 ἐπεμϐαινούσας
1632 5300 1700 5370 τῇ
1757 5297 2018 5371 συντριϐῇ
2044 5297 2154 5352 τῶν
2192 5299 2405 5374 ἐχθρῶν
2431 5299 2596 5354 αὑτοῦ
2615 5340 2630 5366 ,
2688 5299 2785 5352 καὶ
2816 5298 3004 5368 ὥσπερ
3051 5293 3417 5363 ἀπογεύεσθαι
3463 5285 3800 5358 πειρωμένοις

526 5399 630 5470 τῆς
661 5397 938 5459 ἀπωλείας
970 5395 1149 5450 αὐτῶν
1174 5411 1190 5461 ;

599 5510 770 5568 Vens.
800 5512 890 5575 25.
922 5511 1014 5567 26.
1049 5529 1068 5562 ι
1126 5509 1244 5566 Visi
1294 5518 1424 5566 sunt
1470 5509 1755 5580 ingressus
1793 5507 1897 5573 tui,
1947 5508 2116 5574 Deus,

2295 5527 2315 5560 ι
2358 5507 2776 5582 Ἑθεωρήθησαν
2813 5510 2870 5562 αἱ
2904 5505 3122 5580 πορεῖαί
3162 5522 3276 5572 σου,
3302 5505 3456 5568 Θεὸς,
3496 5505 3552 5557 αί
3588 5514 3795 5574 πορειαι

527 5609 814 5678 ingressus
845 5604 936 5660 Dei
963 5606 1093 5670 mei,
1133 5603 1280 5675 regis
1314 5603 1457 5666 mei,
1485 5603 1581 5673 qui
1618 5609 1704 5658 est
1748 5602 1803 5655 in
1836 5611 2049 5657 sancto.
2088 5619 2112 5652 ι

2235 5598 2312 5653 ιοῦ
2346 5598 2481 5652 Θεοῦ
2519 5615 2643 5670 μου,
2685 5598 2777 5651 τοῦ
2817 5597 3078 5669 βασιλέως
3109 5614 3234 5669 μου,
3274 5594 3368 5649 τοῦ
3396 5597 3453 5648 ἐν
3482 5592 3561 5664 τῷ
3596 5591 3786 5678 ἁγίῳ.)

518 5669 655 5756 llaec
680 5706 1084 5769 consequenter
1112 5669 1550 5769 praecedentibus
1575 5695 1936 5766 adjiciuntur.
1970 5693 2114 5761 Quia

2235 5694 2329 5747 Kal.
2353 5691 2522 5747 ταῦτα
2542 5694 2654 5756 τοῖς
2686 5691 3060 5763 προλεχθεῖσιν
3089 5687 3394 5752 ἀκολούθως
3421 5669 3788 5757 ὲπενήνεκταῖ.

596 5856 642 5888 ⁸⁸
666 5853 811 5912 Psal.
839 5870 952 5925 ctx,
982 5855 1034 5912 ί.
1109 5855 1154 5889 ⁸³
1179 5853 1286 5913 lsa.
1316 5861 1472 5921 um,
1497 5852 1550 5908 1.
1665 5851 1713 5886 ⁸⁸
1735 5852 1868 5909 ibid.
1894 5850 1950 5908 2.
2025 5849 2072 5884 ⁸⁸
2101 5848 2234 5906 ibid.
2271 5849 2325 5905 3.
