  <div class='ocr_page' id='page_1' title='image "/cluster/home/n/w/nwhite01/storage/ocr_20150623/23/hvd.32044073501124/362.png"; bbox 0 0 4086 6442; ppageno 0'>
   <div class='ocr_carea' id='block_1_1' title="bbox 259 358 368 418">
    <p class='ocr_par' dir='ltr' id='par_1_1' title="bbox 259 358 368 418">
     <span class='ocr_line' id='line_1_1' title="bbox 259 358 368 418; baseline 0 0"><span class='ocrx_word' id='word_1_1' title='bbox 259 358 368 418; x_wconf 72' lang='grc' dir='ltr'><strong>τοο</strong></span> 
     </span>
    </p>
   </div>
   <div class='ocr_carea' id='block_1_2' title="bbox 1399 351 2394 412">
    <p class='ocr_par' dir='ltr' id='par_1_2' title="bbox 1399 351 2394 412">
     <span class='ocr_line' id='line_1_2' title="bbox 1399 351 2394 412; baseline -0.001 0"><span class='ocrx_word' id='word_1_2' title='bbox 1399 351 1904 412; x_wconf 75' lang='grc' dir='ltr'><strong>ΟΟΜΜΕΝΤΔΒΙΔ</strong></span> <span class='ocrx_word' id='word_1_3' title='bbox 1943 351 2012 408; x_wconf 82' lang='grc' dir='ltr'><strong>ΙΝ</strong></span> <span class='ocrx_word' id='word_1_4' title='bbox 2051 351 2394 411; x_wconf 78' lang='lat' dir='ltr'><strong>PSALMOS.</strong></span> 
     </span>
    </p>
   </div>
   <div class='ocr_carea' id='block_1_3' title="bbox 3427 321 3530 416">
    <p class='ocr_par' dir='ltr' id='par_1_3' title="bbox 3427 321 3530 416">
     <span class='ocr_line' id='line_1_3' title="bbox 3427 321 3530 416; baseline 0.039 -4"><span class='ocrx_word' id='word_1_5' title='bbox 3427 321 3530 416; x_wconf 68' lang='grc' dir='ltr'><strong>πο</strong></span> 
     </span>
    </p>
   </div>
   <div class='ocr_carea' id='block_1_4' title="bbox 270 446 1834 548">
    <p class='ocr_par' dir='ltr' id='par_1_4' title="bbox 270 471 1834 548">
     <span class='ocr_line' id='line_1_4' title="bbox 270 471 1834 548; baseline -0.004 -15"><span class='ocrx_word' id='word_1_6' title='bbox 270 473 492 546; x_wconf 74' lang='grc' dir='ltr'><strong>Ἐπειδὴ</strong></span> <span class='ocrx_word' id='word_1_7' title='bbox 529 472 640 546; x_wconf 87' lang='lat'><strong>7&amp;9</strong></span> <span class='ocrx_word' id='word_1_8' title='bbox 683 472 754 528; x_wconf 82' lang='grc' dir='ltr'><strong>τὰ</strong></span> <span class='ocrx_word' id='word_1_9' title='bbox 802 471 1175 546; x_wconf 76' lang='grc' dir='ltr'><strong>θεπιξόμενα</strong></span> <span class='ocrx_word' id='word_1_10' title='bbox 1223 474 1353 548; x_wconf 74' lang='grc' dir='ltr'><strong>πρὶν</strong></span> <span class='ocrx_word' id='word_1_11' title='bbox 1396 474 1649 544; x_wconf 87' lang='grc' dir='ltr'><strong>γενέσθαι</strong></span> <span class='ocrx_word' id='word_1_12' title='bbox 1711 491 1834 548; x_wconf 81' lang='grc' dir='ltr'><strong>προ·</strong></span> 
     </span>
    </p>
   </div>
   <div class='ocr_carea' id='block_1_5' title="bbox 1935 446 3529 548">
    <p class='ocr_par' dir='ltr' id='par_1_5' title="bbox 1949 446 3529 546">
     <span class='ocr_line' id='line_1_5' title="bbox 1949 446 3529 546; baseline 0 -17"><span class='ocrx_word' id='word_1_13' title='bbox 1949 446 2095 530; x_wconf 74' lang='lat' dir='ltr'><strong>enim</strong></span> <span class='ocrx_word' id='word_1_14' title='bbox 2125 489 2248 544; x_wconf 78' lang='lat' dir='ltr'><strong>quae</strong></span> <span class='ocrx_word' id='word_1_15' title='bbox 2271 474 2327 529; x_wconf 88' lang='lat' dir='ltr'><strong>in</strong></span> <span class='ocrx_word' id='word_1_16' title='bbox 2357 471 2622 529; x_wconf 87' lang='lat' dir='ltr'><strong>vaticinio</strong></span> <span class='ocrx_word' id='word_1_17' title='bbox 2664 471 2942 542; x_wconf 80' lang='lat' dir='ltr'><strong>feruntur,</strong></span> <span class='ocrx_word' id='word_1_18' title='bbox 2995 481 3288 546; x_wconf 86' lang='lat' dir='ltr'><strong>antequam</strong></span> <span class='ocrx_word' id='word_1_19' title='bbox 3339 482 3529 532; x_wconf 84' lang='lat' dir='ltr'><strong>essent</strong></span> 
     </span>
    </p>
   </div>
   <div class='ocr_carea' id='block_1_6' title="bbox 255 564 1842 638">
    <p class='ocr_par' dir='ltr' id='par_1_6' title="bbox 255 564 1842 638">
     <span class='ocr_line' id='line_1_6' title="bbox 255 564 1842 638; baseline 0 -20"><span class='ocrx_word' id='word_1_20' title='bbox 255 564 548 638; x_wconf 76' lang='grc' dir='ltr'><strong>εθεωρεῖτο</strong></span> <span class='ocrx_word' id='word_1_21' title='bbox 574 567 688 628; x_wconf 85' lang='grc' dir='ltr'><strong>τοῖς</strong></span> <span class='ocrx_word' id='word_1_22' title='bbox 721 565 896 633; x_wconf 77' lang='grc' dir='ltr'>ἁγίοις</span> <span class='ocrx_word' id='word_1_23' title='bbox 924 564 1018 618; x_wconf 89' lang='grc' dir='ltr'>τοῦ</span> <span class='ocrx_word' id='word_1_24' title='bbox 1049 565 1184 619; x_wconf 91' lang='grc' dir='ltr'>Θεοῦ</span> <span class='ocrx_word' id='word_1_25' title='bbox 1209 567 1535 638; x_wconf 86' lang='grc' dir='ltr'><strong>προφήταις,</strong></span> <span class='ocrx_word' id='word_1_26' title='bbox 1570 564 1659 618; x_wconf 82' lang='grc' dir='ltr'><strong>διὰ</strong></span> <span class='ocrx_word' id='word_1_27' title='bbox 1681 565 1842 618; x_wconf 90' lang='grc' dir='ltr'><strong>τοῦτό</strong></span> 
     </span>
    </p>
   </div>
   <div class='ocr_carea' id='block_1_7' title="bbox 255 655 1842 729">
    <p class='ocr_par' dir='ltr' id='par_1_7' title="bbox 255 655 1842 729">
     <span class='ocr_line' id='line_1_7' title="bbox 255 655 1842 729; baseline 0 -18"><span class='ocrx_word' id='word_1_28' title='bbox 255 673 425 728; x_wconf 83' lang='grc' dir='ltr'><strong>φησιν</strong></span> <span class='ocrx_word' id='word_1_29' title='bbox 458 655 700 724; x_wconf 80' lang='grc' dir='ltr'><strong>όλόγος⁸</strong></span> <span class='ocrx_word' id='word_1_30' title='bbox 749 673 770 707; x_wconf 72' lang='grc' dir='ltr'>ι</span> <span class='ocrx_word' id='word_1_31' title='bbox 815 656 1234 728; x_wconf 85' lang='grc' dir='ltr'><strong>Ἐθεωρήθησαν</strong></span> <span class='ocrx_word' id='word_1_32' title='bbox 1275 659 1331 711; x_wconf 87' lang='grc' dir='ltr'><strong>αἱ</strong></span> <span class='ocrx_word' id='word_1_33' title='bbox 1377 658 1593 729; x_wconf 78' lang='grc' dir='ltr'><strong>πορεῖαί</strong></span> <span class='ocrx_word' id='word_1_34' title='bbox 1650 674 1766 720; x_wconf 93' lang='grc' dir='ltr'><strong>σου,</strong></span> <span class='ocrx_word' id='word_1_35' title='bbox 1813 658 1842 711; x_wconf 93' lang='lat'><strong>6</strong></span> 
     </span>
    </p>
   </div>
   <div class='ocr_carea' id='block_1_8' title="bbox 252 749 1842 824">
    <p class='ocr_par' dir='ltr' id='par_1_8' title="bbox 252 749 1842 824">
     <span class='ocr_line' id='line_1_8' title="bbox 252 749 1842 824; baseline 0.001 -18"><span class='ocrx_word' id='word_1_36' title='bbox 252 751 410 815; x_wconf 85' lang='grc' dir='ltr'><strong>Θεός.</strong></span> <span class='ocrx_word' id='word_1_37' title='bbox 437 772 457 804; x_wconf 89' lang='lat'><strong>3</strong></span> <span class='ocrx_word' id='word_1_38' title='bbox 485 752 644 804; x_wconf 83' lang='grc' dir='ltr'><strong>Ποίαι</strong></span> <span class='ocrx_word' id='word_1_39' title='bbox 667 750 724 804; x_wconf 79' lang='grc' dir='ltr'><strong>δὲ</strong></span> <span class='ocrx_word' id='word_1_40' title='bbox 747 754 990 823; x_wconf 84' lang='grc' dir='ltr'><strong>πορεῖαι;</strong></span> <span class='ocrx_word' id='word_1_41' title='bbox 1025 749 1162 805; x_wconf 84' lang='grc' dir='ltr'><strong>ἀλλά</strong></span> <span class='ocrx_word' id='word_1_42' title='bbox 1190 750 1380 824; x_wconf 83' lang='grc' dir='ltr'><strong>πρώτη</strong></span> <span class='ocrx_word' id='word_1_43' title='bbox 1417 751 1522 823; x_wconf 77' lang='grc' dir='ltr'><strong>μὴν</strong></span> <span class='ocrx_word' id='word_1_44' title='bbox 1553 754 1588 824; x_wconf 81' lang='grc' dir='ltr'>ἠ</span> <span class='ocrx_word' id='word_1_45' title='bbox 1616 752 1842 816; x_wconf 84' lang='grc' dir='ltr'>κάθοδος</span> 
     </span>
    </p>
   </div>
   <div class='ocr_carea' id='block_1_9' title="bbox 247 841 1838 914">
    <p class='ocr_par' dir='ltr' id='par_1_9' title="bbox 247 841 1838 914">
     <span class='ocr_line' id='line_1_9' title="bbox 247 841 1838 914; baseline -0.002 -18"><span class='ocrx_word' id='word_1_46' title='bbox 247 842 477 914; x_wconf 74' lang='grc' dir='ltr'><strong>αὑτοῦὴ</strong></span> <span class='ocrx_word' id='word_1_47' title='bbox 515 843 573 895; x_wconf 80' lang='grc' dir='ltr'><strong>ὲν</strong></span> <span class='ocrx_word' id='word_1_48' title='bbox 603 841 772 907; x_wconf 83' lang='grc' dir='ltr'><strong>Σιναῒ,</strong></span> <span class='ocrx_word' id='word_1_49' title='bbox 800 844 895 895; x_wconf 79' lang='grc' dir='ltr'><strong>καὶ</strong></span> <span class='ocrx_word' id='word_1_50' title='bbox 929 842 1092 897; x_wconf 86' lang='grc' dir='ltr'><strong>πάλιν</strong></span> <span class='ocrx_word' id='word_1_51' title='bbox 1133 843 1166 914; x_wconf 83' lang='grc' dir='ltr'><strong>ή</strong></span> <span class='ocrx_word' id='word_1_52' title='bbox 1199 841 1463 906; x_wconf 77' lang='grc' dir='ltr'><strong>ἀνάϐασις</strong></span> <span class='ocrx_word' id='word_1_53' title='bbox 1492 845 1524 914; x_wconf 80' lang='grc' dir='ltr'>ἡ</span> <span class='ocrx_word' id='word_1_54' title='bbox 1571 845 1652 908; x_wconf 83' lang='grc' dir='ltr'><strong>εἰς</strong></span> <span class='ocrx_word' id='word_1_55' title='bbox 1685 844 1838 914; x_wconf 75' lang='grc' dir='ltr'><strong>ὕψος,</strong></span> 
     </span>
    </p>
   </div>
   <div class='ocr_carea' id='block_1_10' title="bbox 249 931 1838 1008">
    <p class='ocr_par' dir='ltr' id='par_1_10' title="bbox 249 931 1838 1008">
     <span class='ocr_line' id='line_1_10' title="bbox 249 931 1838 1008; baseline 0 -18"><span class='ocrx_word' id='word_1_56' title='bbox 249 935 355 991; x_wconf 78' lang='grc' dir='ltr'><strong>καὶ</strong></span> <span class='ocrx_word' id='word_1_57' title='bbox 386 931 544 999; x_wconf 84' lang='grc' dir='ltr'><strong>αὖθις</strong></span> <span class='ocrx_word' id='word_1_58' title='bbox 581 935 913 1007; x_wconf 82' lang='grc' dir='ltr'><strong>ήκάθοδοςή</strong></span> <span class='ocrx_word' id='word_1_59' title='bbox 940 937 1032 990; x_wconf 75' lang='grc' dir='ltr'><strong>ἐπὶ</strong></span> <span class='ocrx_word' id='word_1_60' title='bbox 1057 936 1238 990; x_wconf 79' lang='grc' dir='ltr'><strong>Βασάν</strong></span> <span class='ocrx_word' id='word_1_61' title='bbox 1279 937 1374 990; x_wconf 72' lang='grc' dir='ltr'><strong>καὶ</strong></span> <span class='ocrx_word' id='word_1_62' title='bbox 1417 938 1449 1008; x_wconf 80' lang='grc' dir='ltr'>ἡ</span> <span class='ocrx_word' id='word_1_63' title='bbox 1484 935 1694 990; x_wconf 81' lang='grc' dir='ltr'><strong>ἐκεῖθεν</strong></span> <span class='ocrx_word' id='word_1_64' title='bbox 1716 940 1838 990; x_wconf 78' lang='grc' dir='ltr'><strong>επι-</strong></span> 
     </span>
    </p>
   </div>
   <div class='ocr_carea' id='block_1_11' title="bbox 249 1027 1840 1102">
    <p class='ocr_par' dir='ltr' id='par_1_11' title="bbox 249 1027 1840 1102">
     <span class='ocr_line' id='line_1_11' title="bbox 249 1027 1840 1102; baseline 0 -20"><span class='ocrx_word' id='word_1_65' title='bbox 249 1027 495 1102; x_wconf 78' lang='grc' dir='ltr'>στροφὴ,</span> <span class='ocrx_word' id='word_1_66' title='bbox 544 1029 580 1099; x_wconf 75' lang='grc' dir='ltr'>ἦ</span> <span class='ocrx_word' id='word_1_67' title='bbox 619 1045 679 1082; x_wconf 89' lang='grc' dir='ltr'><strong>τε</strong></span> <span class='ocrx_word' id='word_1_68' title='bbox 728 1028 890 1101; x_wconf 83' lang='grc' dir='ltr'><strong>μέχρι</strong></span> <span class='ocrx_word' id='word_1_69' title='bbox 937 1028 1032 1082; x_wconf 88' lang='grc' dir='ltr'><strong>τοῦ</strong></span> <span class='ocrx_word' id='word_1_70' title='bbox 1083 1028 1316 1083; x_wconf 91' lang='grc' dir='ltr'><strong>θανάτου</strong></span> <span class='ocrx_word' id='word_1_71' title='bbox 1363 1028 1697 1094; x_wconf 78' lang='grc' dir='ltr'><strong>κατάϐασις,</strong></span> <span class='ocrx_word' id='word_1_72' title='bbox 1743 1029 1840 1082; x_wconf 74' lang='grc' dir='ltr'><strong>καὶ</strong></span> 
     </span>
    </p>
   </div>
   <div class='ocr_carea' id='block_1_12' title="bbox 247 1117 1839 1191">
    <p class='ocr_par' dir='ltr' id='par_1_12' title="bbox 247 1117 1839 1191">
     <span class='ocr_line' id='line_1_12' title="bbox 247 1117 1839 1191; baseline 0.001 -20"><span class='ocrx_word' id='word_1_73' title='bbox 247 1117 504 1173; x_wconf 71' lang='grc' dir='ltr'><strong>ἐντεῦθεν</strong></span> <span class='ocrx_word' id='word_1_74' title='bbox 552 1118 775 1186; x_wconf 79' lang='grc' dir='ltr'><strong>διέξοδοι</strong></span> <span class='ocrx_word' id='word_1_75' title='bbox 819 1118 981 1172; x_wconf 72' lang='grc' dir='ltr'>αὑτοῦ</span> <span class='ocrx_word' id='word_1_76' title='bbox 1006 1157 1022 1183; x_wconf 95' lang='grc'>,</span> <span class='ocrx_word' id='word_1_77' title='bbox 1069 1121 1165 1173; x_wconf 78' lang='grc' dir='ltr'><strong>καὶ</strong></span> <span class='ocrx_word' id='word_1_78' title='bbox 1201 1120 1294 1173; x_wconf 74' lang='grc' dir='ltr'><strong>ἐπὶ</strong></span> <span class='ocrx_word' id='word_1_79' title='bbox 1331 1121 1496 1174; x_wconf 77' lang='grc' dir='ltr'><strong>πᾶσιν</strong></span> <span class='ocrx_word' id='word_1_80' title='bbox 1523 1121 1557 1191; x_wconf 88' lang='grc' dir='ltr'><strong>ή</strong></span> <span class='ocrx_word' id='word_1_81' title='bbox 1607 1120 1672 1173; x_wconf 77' lang='grc' dir='ltr'><strong>ὲκ</strong></span> <span class='ocrx_word' id='word_1_82' title='bbox 1731 1119 1839 1173; x_wconf 91' lang='grc' dir='ltr'><strong>τῶν</strong></span> 
     </span>
    </p>
   </div>
   <div class='ocr_carea' id='block_1_13' title="bbox 249 1206 1838 1290">
    <p class='ocr_par' dir='ltr' id='par_1_13' title="bbox 249 1206 1838 1290">
     <span class='ocr_line' id='line_1_13' title="bbox 249 1206 1838 1290; baseline -0.002 -23"><span class='ocrx_word' id='word_1_83' title='bbox 249 1213 433 1283; x_wconf 81' lang='grc' dir='ltr'><strong>βυθῶν</strong></span> <span class='ocrx_word' id='word_1_84' title='bbox 459 1214 560 1284; x_wconf 82' lang='grc' dir='ltr'><strong>τῆς</strong></span> <span class='ocrx_word' id='word_1_85' title='bbox 581 1212 858 1284; x_wconf 81' lang='grc' dir='ltr'><strong>θαλάσσης</strong></span> <span class='ocrx_word' id='word_1_86' title='bbox 889 1212 1152 1276; x_wconf 72' lang='grc' dir='ltr'><strong>ἐπάνοδος</strong></span> <span class='ocrx_word' id='word_1_87' title='bbox 1175 1228 1191 1278; x_wconf 87' lang='grc'><strong>;</strong></span> <span class='ocrx_word' id='word_1_88' title='bbox 1219 1206 1390 1266; x_wconf 78' lang='grc' dir='ltr'><strong>Αῦται</strong></span> <span class='ocrx_word' id='word_1_89' title='bbox 1426 1213 1598 1266; x_wconf 79' lang='grc' dir='ltr'><strong>πᾶσαι</strong></span> <span class='ocrx_word' id='word_1_90' title='bbox 1624 1214 1838 1290; x_wconf 84' lang='grc' dir='ltr'><strong>πορεῖαι</strong></span> 
     </span>
    </p>
   </div>
   <div class='ocr_carea' id='block_1_14' title="bbox 245 1303 1836 1380">
    <p class='ocr_par' dir='ltr' id='par_1_14' title="bbox 245 1303 1836 1380">
     <span class='ocr_line' id='line_1_14' title="bbox 245 1303 1836 1380; baseline -0.001 -20"><span class='ocrx_word' id='word_1_91' title='bbox 245 1303 394 1380; x_wconf 83' lang='grc' dir='ltr'><strong>ἦσαν</strong></span> <span class='ocrx_word' id='word_1_92' title='bbox 426 1305 522 1360; x_wconf 91' lang='grc' dir='ltr'>τοῦ</span> <span class='ocrx_word' id='word_1_93' title='bbox 554 1305 882 1378; x_wconf 86' lang='grc' dir='ltr'><strong>δηλουμένου</strong></span> <span class='ocrx_word' id='word_1_94' title='bbox 923 1304 1152 1378; x_wconf 81' lang='grc' dir='ltr'>Κυρίου,</span> <span class='ocrx_word' id='word_1_95' title='bbox 1184 1306 1387 1369; x_wconf 75' lang='grc' dir='ltr'><strong>αἵτινες</strong></span> <span class='ocrx_word' id='word_1_96' title='bbox 1422 1308 1535 1370; x_wconf 88' lang='grc' dir='ltr'><strong>τοῖς</strong></span> <span class='ocrx_word' id='word_1_97' title='bbox 1574 1304 1668 1358; x_wconf 89' lang='grc' dir='ltr'>τοῦ</span> <span class='ocrx_word' id='word_1_98' title='bbox 1702 1303 1836 1359; x_wconf 91' lang='grc' dir='ltr'>Θεοῦ</span> 
     </span>
    </p>
   </div>
   <div class='ocr_carea' id='block_1_15' title="bbox 237 1396 1838 1473">
    <p class='ocr_par' dir='ltr' id='par_1_15' title="bbox 237 1396 1838 1473">
     <span class='ocr_line' id='line_1_15' title="bbox 237 1396 1838 1473; baseline -0.002 -19"><span class='ocrx_word' id='word_1_99' title='bbox 237 1401 563 1473; x_wconf 78' lang='grc' dir='ltr'><strong>’προφήταις</strong></span> <span class='ocrx_word' id='word_1_100' title='bbox 583 1396 966 1469; x_wconf 75' lang='grc' dir='ltr'><strong>ὲθεωρήθησαν</strong></span> <span class='ocrx_word' id='word_1_101' title='bbox 989 1397 1119 1469; x_wconf 72' lang='grc' dir='ltr'><strong>πρὶν</strong></span> <span class='ocrx_word' id='word_1_102' title='bbox 1152 1396 1435 1466; x_wconf 82' lang='grc' dir='ltr'><strong>γενέσθαι·</strong></span> <span class='ocrx_word' id='word_1_103' title='bbox 1480 1396 1560 1450; x_wconf 87' lang='grc' dir='ltr'><strong>διὸ</strong></span> <span class='ocrx_word' id='word_1_104' title='bbox 1595 1398 1690 1450; x_wconf 74' lang='grc' dir='ltr'><strong>καὶ</strong></span> <span class='ocrx_word' id='word_1_105' title='bbox 1717 1399 1838 1462; x_wconf 85' lang='grc' dir='ltr'><strong>ταῖς</strong></span> 
     </span>
    </p>
   </div>
   <div class='ocr_carea' id='block_1_16' title="bbox 237 1485 1836 1564">
    <p class='ocr_par' dir='ltr' id='par_1_16' title="bbox 237 1485 1836 1564">
     <span class='ocr_line' id='line_1_16' title="bbox 237 1485 1836 1564; baseline 0 -21"><span class='ocrx_word' id='word_1_106' title='bbox 237 1492 620 1564; x_wconf 83' lang='grc' dir='ltr'><strong>·προφητικαίς</strong></span> <span class='ocrx_word' id='word_1_107' title='bbox 667 1487 1045 1560; x_wconf 83' lang='grc' dir='ltr'><strong>παρεδόθησαν</strong></span> <span class='ocrx_word' id='word_1_108' title='bbox 1108 1488 1148 1540; x_wconf 92' lang='grc' dir='ltr'><strong>Γ</strong></span> <span class='ocrx_word' id='word_1_109' title='bbox 1153 1491 1372 1560; x_wconf 85' lang='grc' dir='ltr'><strong>ραφαῖς.</strong></span> <span class='ocrx_word' id='word_1_110' title='bbox 1441 1487 1682 1552; x_wconf 77' lang='grc' dir='ltr'><strong>Εἰκότως</strong></span> <span class='ocrx_word' id='word_1_111' title='bbox 1743 1485 1836 1543; x_wconf 83' lang='grc' dir='ltr'><strong>οὖν</strong></span> 
     </span>
    </p>
   </div>
   <div class='ocr_carea' id='block_1_17' title="bbox 245 1578 1829 1652">
    <p class='ocr_par' dir='ltr' id='par_1_17' title="bbox 245 1578 1829 1652">
     <span class='ocr_line' id='line_1_17' title="bbox 245 1578 1829 1652; baseline 0.001 -20"><span class='ocrx_word' id='word_1_112' title='bbox 245 1579 494 1652; x_wconf 73' lang='grc' dir='ltr'><strong>εἴρηταιο</strong></span> <span class='ocrx_word' id='word_1_113' title='bbox 525 1598 545 1631; x_wconf 77' lang='grc' dir='ltr'>ί</span> <span class='ocrx_word' id='word_1_114' title='bbox 586 1578 999 1650; x_wconf 86' lang='grc' dir='ltr'><strong>Ἐθεωρήθησαν</strong></span> <span class='ocrx_word' id='word_1_115' title='bbox 1042 1580 1098 1632; x_wconf 82' lang='grc' dir='ltr'><strong>αἱ</strong></span> <span class='ocrx_word' id='word_1_116' title='bbox 1149 1580 1363 1652; x_wconf 86' lang='grc' dir='ltr'><strong>πορεῖαί</strong></span> <span class='ocrx_word' id='word_1_117' title='bbox 1392 1597 1484 1634; x_wconf 91' lang='grc' dir='ltr'><strong>σου</strong></span> <span class='ocrx_word' id='word_1_118' title='bbox 1509 1619 1525 1645; x_wconf 97' lang='grc'><strong>,</strong></span> <span class='ocrx_word' id='word_1_119' title='bbox 1556 1581 1585 1633; x_wconf 98' lang='lat'><strong>6</strong></span> <span class='ocrx_word' id='word_1_120' title='bbox 1621 1580 1773 1646; x_wconf 85' lang='grc' dir='ltr'><strong>Θεὸς.</strong></span> <span class='ocrx_word' id='word_1_121' title='bbox 1809 1600 1829 1633; x_wconf 99' lang='lat'><strong>3</strong></span> 
     </span>
    </p>
   </div>
   <div class='ocr_carea' id='block_1_18' title="bbox 247 1669 1835 1746">
    <p class='ocr_par' dir='ltr' id='par_1_18' title="bbox 247 1669 1835 1746">
     <span class='ocr_line' id='line_1_18' title="bbox 247 1669 1835 1746; baseline 0.002 -20"><span class='ocrx_word' id='word_1_122' title='bbox 247 1669 368 1726; x_wconf 81' lang='grc' dir='ltr'><strong>Εἶτ’</strong></span> <span class='ocrx_word' id='word_1_123' title='bbox 406 1671 762 1741; x_wconf 80' lang='grc' dir='ltr'><strong>άσφαλίζεται</strong></span> <span class='ocrx_word' id='word_1_124' title='bbox 809 1671 1078 1726; x_wconf 81' lang='grc' dir='ltr'><strong>διδάσκων</strong></span> <span class='ocrx_word' id='word_1_125' title='bbox 1129 1671 1284 1725; x_wconf 88' lang='grc' dir='ltr'><strong>ποίου</strong></span> <span class='ocrx_word' id='word_1_126' title='bbox 1330 1671 1466 1726; x_wconf 86' lang='grc' dir='ltr'><strong>Θεοῦ</strong></span> <span class='ocrx_word' id='word_1_127' title='bbox 1512 1676 1570 1727; x_wconf 80' lang='grc' dir='ltr'><strong>αἱ</strong></span> <span class='ocrx_word' id='word_1_128' title='bbox 1619 1679 1835 1746; x_wconf 87' lang='grc' dir='ltr'><strong>πορεῖαι</strong></span> 
     </span>
    </p>
   </div>
   <div class='ocr_carea' id='block_1_19' title="bbox 235 1763 1832 1838">
    <p class='ocr_par' dir='ltr' id='par_1_19' title="bbox 235 1763 1832 1838">
     <span class='ocr_line' id='line_1_19' title="bbox 235 1763 1832 1838; baseline 0.001 -19"><span class='ocrx_word' id='word_1_129' title='bbox 235 1765 668 1837; x_wconf 73' lang='grc' dir='ltr'><strong>-ὲθεωρήθησανο</strong></span> <span class='ocrx_word' id='word_1_130' title='bbox 714 1764 794 1818; x_wconf 86' lang='grc' dir='ltr'><strong>διὸ</strong></span> <span class='ocrx_word' id='word_1_131' title='bbox 835 1763 1076 1832; x_wconf 75' lang='grc' dir='ltr'><strong>ἐπιλέγει</strong></span> <span class='ocrx_word' id='word_1_132' title='bbox 1101 1779 1116 1794; x_wconf 75' lang='grc' dir='ltr'><strong>ο</strong></span> <span class='ocrx_word' id='word_1_133' title='bbox 1168 1783 1187 1816; x_wconf 78' lang='grc' dir='ltr'><strong>ι</strong></span> <span class='ocrx_word' id='word_1_134' title='bbox 1218 1765 1284 1818; x_wconf 84' lang='grc' dir='ltr'><strong>Αἰ</strong></span> <span class='ocrx_word' id='word_1_135' title='bbox 1321 1769 1534 1838; x_wconf 82' lang='grc' dir='ltr'><strong>πορεῖαι</strong></span> <span class='ocrx_word' id='word_1_136' title='bbox 1563 1767 1657 1820; x_wconf 89' lang='grc' dir='ltr'>τοῦ</span> <span class='ocrx_word' id='word_1_137' title='bbox 1695 1767 1832 1822; x_wconf 85' lang='grc' dir='ltr'><strong>Θεοῦ</strong></span> 
     </span>
    </p>
   </div>
   <div class='ocr_carea' id='block_1_20' title="bbox 1944 565 3522 637">
    <p class='ocr_par' dir='ltr' id='par_1_20' title="bbox 1944 565 3522 637">
     <span class='ocr_line' id='line_1_20' title="bbox 1944 565 3522 637; baseline 0.001 -17"><span class='ocrx_word' id='word_1_138' title='bbox 1944 566 2388 637; x_wconf 67' lang='grc' dir='ltr'><strong>ρτωνίιίείιαηιυτ</strong></span> <span class='ocrx_word' id='word_1_139' title='bbox 2411 582 2440 620; x_wconf 90' lang='lat' dir='ltr'><strong>a</strong></span> <span class='ocrx_word' id='word_1_140' title='bbox 2465 567 2673 622; x_wconf 87' lang='lat' dir='ltr'><strong>sanctis</strong></span> <span class='ocrx_word' id='word_1_141' title='bbox 2695 565 2791 622; x_wconf 89' lang='lat' dir='ltr'><strong>Dei</strong></span> <span class='ocrx_word' id='word_1_142' title='bbox 2819 567 3121 637; x_wconf 81' lang='lat' dir='ltr'><strong>praphetis,</strong></span> <span class='ocrx_word' id='word_1_143' title='bbox 3145 567 3266 622; x_wconf 89' lang='lat' dir='ltr'><strong>ideo</strong></span> <span class='ocrx_word' id='word_1_144' title='bbox 3288 566 3488 622; x_wconf 90' lang='lat' dir='ltr'><strong>dicitur</strong></span> <span class='ocrx_word' id='word_1_145' title='bbox 3504 585 3522 622; x_wconf 90' lang='lat'><strong>:</strong></span> 
     </span>
    </p>
   </div>
   <div class='ocr_carea' id='block_1_21' title="bbox 1947 655 3521 732">
    <p class='ocr_par' dir='ltr' id='par_1_21' title="bbox 1947 655 3521 732">
     <span class='ocr_line' id='line_1_21' title="bbox 1947 655 3521 732; baseline 0.004 -23"><span class='ocrx_word' id='word_1_146' title='bbox 1947 677 1967 709; x_wconf 71' lang='grc' dir='ltr'><strong>ι</strong></span> <span class='ocrx_word' id='word_1_147' title='bbox 2014 655 2127 713; x_wconf 87' lang='lat' dir='ltr'><strong>Visi</strong></span> <span class='ocrx_word' id='word_1_148' title='bbox 2184 666 2316 715; x_wconf 89' lang='lat' dir='ltr'><strong>sunt</strong></span> <span class='ocrx_word' id='word_1_149' title='bbox 2364 660 2648 728; x_wconf 87' lang='lat' dir='ltr'><strong>ingressus</strong></span> <span class='ocrx_word' id='word_1_150' title='bbox 2697 659 2798 723; x_wconf 90' lang='lat' dir='ltr'><strong>tui,</strong></span> <span class='ocrx_word' id='word_1_151' title='bbox 2833 657 2997 714; x_wconf 89' lang='lat' dir='ltr'><strong>Deus.</strong></span> <span class='ocrx_word' id='word_1_152' title='bbox 3030 679 3050 712; x_wconf 91' lang='lat'><strong>3</strong></span> <span class='ocrx_word' id='word_1_153' title='bbox 3085 659 3188 727; x_wconf 88' lang='lat' dir='ltr'><strong>Qui</strong></span> <span class='ocrx_word' id='word_1_154' title='bbox 3219 660 3521 732; x_wconf 81' lang='lat' dir='ltr'><strong>ingressus.</strong></span> 
     </span>
    </p>
   </div>
   <div class='ocr_carea' id='block_1_22' title="bbox 1941 747 3524 821">
    <p class='ocr_par' dir='ltr' id='par_1_22' title="bbox 1941 747 3524 821">
     <span class='ocr_line' id='line_1_22' title="bbox 1941 747 3524 821; baseline 0.001 -17"><span class='ocrx_word' id='word_1_155' title='bbox 1941 749 2052 804; x_wconf 86' lang='lat' dir='ltr'><strong>nisi</strong></span> <span class='ocrx_word' id='word_1_156' title='bbox 2107 750 2343 821; x_wconf 88' lang='lat' dir='ltr'><strong>primum</strong></span> <span class='ocrx_word' id='word_1_157' title='bbox 2369 747 2374 754; x_wconf 87' lang='grc'><em>’</em></span> <span class='ocrx_word' id='word_1_158' title='bbox 2402 751 2706 807; x_wconf 88' lang='lat' dir='ltr'><strong>descensus</strong></span> <span class='ocrx_word' id='word_1_159' title='bbox 2735 751 2856 820; x_wconf 81' lang='lat' dir='ltr'><strong>ejus</strong></span> <span class='ocrx_word' id='word_1_160' title='bbox 2897 752 2952 806; x_wconf 90' lang='lat' dir='ltr'><strong>in</strong></span> <span class='ocrx_word' id='word_1_161' title='bbox 2987 751 3161 817; x_wconf 87' lang='lat' dir='ltr'><strong>Sinai,</strong></span> <span class='ocrx_word' id='word_1_162' title='bbox 3195 767 3261 808; x_wconf 89' lang='lat' dir='ltr'><strong>ac</strong></span> <span class='ocrx_word' id='word_1_163' title='bbox 3301 767 3524 806; x_wconf 82' lang='lat' dir='ltr'><strong>rursum</strong></span> 
     </span>
    </p>
   </div>
   <div class='ocr_carea' id='block_1_23' title="bbox 1941 842 3525 914">
    <p class='ocr_par' dir='ltr' id='par_1_23' title="bbox 1941 842 3525 914">
     <span class='ocr_line' id='line_1_23' title="bbox 1941 842 3525 914; baseline 0.002 -17"><span class='ocrx_word' id='word_1_164' title='bbox 1941 857 2210 898; x_wconf 83' lang='lat' dir='ltr'><strong>ascensus</strong></span> <span class='ocrx_word' id='word_1_165' title='bbox 2245 842 2302 896; x_wconf 91' lang='lat' dir='ltr'><strong>in</strong></span> <span class='ocrx_word' id='word_1_166' title='bbox 2338 843 2532 907; x_wconf 90' lang='lat' dir='ltr'><strong>altum,</strong></span> <span class='ocrx_word' id='word_1_167' title='bbox 2570 843 2880 914; x_wconf 90' lang='lat' dir='ltr'><strong>iterumque</strong></span> <span class='ocrx_word' id='word_1_168' title='bbox 2906 845 3208 900; x_wconf 86' lang='lat' dir='ltr'><strong>descensus</strong></span> <span class='ocrx_word' id='word_1_169' title='bbox 3238 845 3294 899; x_wconf 93' lang='lat' dir='ltr'><strong>in</strong></span> <span class='ocrx_word' id='word_1_170' title='bbox 3341 844 3525 900; x_wconf 84' lang='lat' dir='ltr'><strong>Basan</strong></span> 
     </span>
    </p>
   </div>
   <div class='ocr_carea' id='block_1_24' title="bbox 1940 933 3526 1005">
    <p class='ocr_par' dir='ltr' id='par_1_24' title="bbox 1940 933 3526 1005">
     <span class='ocr_line' id='line_1_24' title="bbox 1940 933 3526 1005; baseline 0.003 -18"><span class='ocrx_word' id='word_1_171' title='bbox 1940 947 2004 988; x_wconf 91' lang='lat' dir='ltr'><strong>ac</strong></span> <span class='ocrx_word' id='word_1_172' title='bbox 2033 948 2320 1004; x_wconf 77' lang='lat' dir='ltr'><strong>regressus</strong></span> <span class='ocrx_word' id='word_1_173' title='bbox 2342 933 2398 987; x_wconf 93' lang='lat' dir='ltr'><strong>in</strong></span> <span class='ocrx_word' id='word_1_174' title='bbox 2430 933 2622 998; x_wconf 88' lang='lat' dir='ltr'><strong>altum,</strong></span> <span class='ocrx_word' id='word_1_175' title='bbox 2654 942 2710 989; x_wconf 91' lang='lat' dir='ltr'><strong>et</strong></span> <span class='ocrx_word' id='word_1_176' title='bbox 2747 950 2942 991; x_wconf 80' lang='lat' dir='ltr'><strong>rursus</strong></span> <span class='ocrx_word' id='word_1_177' title='bbox 2973 936 3239 992; x_wconf 88' lang='lat' dir='ltr'><strong>demissio</strong></span> <span class='ocrx_word' id='word_1_178' title='bbox 3271 935 3395 1005; x_wconf 83' lang='lat' dir='ltr'><strong>ejus</strong></span> <span class='ocrx_word' id='word_1_179' title='bbox 3425 952 3526 992; x_wconf 83' lang='lat' dir='ltr'><strong>us-</strong></span> 
     </span>
    </p>
   </div>
   <div class='ocr_carea' id='block_1_25' title="bbox 1941 1025 3526 1098">
    <p class='ocr_par' dir='ltr' id='par_1_25' title="bbox 1941 1025 3526 1098">
     <span class='ocr_line' id='line_1_25' title="bbox 1941 1025 3526 1098; baseline 0.003 -19"><span class='ocrx_word' id='word_1_180' title='bbox 1941 1041 2050 1096; x_wconf 86' lang='lat' dir='ltr'><strong>que</strong></span> <span class='ocrx_word' id='word_1_181' title='bbox 2101 1025 2171 1078; x_wconf 87' lang='lat' dir='ltr'><strong>ad</strong></span> <span class='ocrx_word' id='word_1_182' title='bbox 2229 1034 2489 1089; x_wconf 90' lang='lat' dir='ltr'><strong>mortem,</strong></span> <span class='ocrx_word' id='word_1_183' title='bbox 2517 1033 2572 1080; x_wconf 90' lang='lat' dir='ltr'><strong>et</strong></span> <span class='ocrx_word' id='word_1_184' title='bbox 2615 1027 2800 1082; x_wconf 75' lang='lat' dir='ltr'><strong>exitus</strong></span> <span class='ocrx_word' id='word_1_185' title='bbox 2843 1029 2992 1084; x_wconf 90' lang='lat' dir='ltr'><strong>illius</strong></span> <span class='ocrx_word' id='word_1_186' title='bbox 3017 1045 3081 1083; x_wconf 82' lang='lat' dir='ltr'><strong>ex</strong></span> <span class='ocrx_word' id='word_1_187' title='bbox 3107 1043 3194 1094; x_wconf 88' lang='lat' dir='ltr'><strong>ea,</strong></span> <span class='ocrx_word' id='word_1_188' title='bbox 3217 1044 3282 1083; x_wconf 88' lang='lat' dir='ltr'><strong>ac</strong></span> <span class='ocrx_word' id='word_1_189' title='bbox 3325 1040 3526 1098; x_wconf 65' lang='lat' dir='ltr'><strong>praeter</strong></span> 
     </span>
    </p>
   </div>
   <div class='ocr_carea' id='block_1_26' title="bbox 1943 1118 3524 1190">
    <p class='ocr_par' dir='ltr' id='par_1_26' title="bbox 1943 1118 3524 1190">
     <span class='ocr_line' id='line_1_26' title="bbox 1943 1118 3524 1190; baseline 0.003 -16"><span class='ocrx_word' id='word_1_190' title='bbox 1943 1119 2058 1174; x_wconf 69' lang='lat' dir='ltr'><strong>hmo</strong></span> <span class='ocrx_word' id='word_1_191' title='bbox 2115 1118 2304 1173; x_wconf 83' lang='lat' dir='ltr'><strong>omnia</strong></span> <span class='ocrx_word' id='word_1_192' title='bbox 2363 1119 2575 1175; x_wconf 91' lang='lat' dir='ltr'><strong>reditus</strong></span> <span class='ocrx_word' id='word_1_193' title='bbox 2602 1134 2667 1176; x_wconf 82' lang='lat' dir='ltr'><strong>ex</strong></span> <span class='ocrx_word' id='word_1_194' title='bbox 2698 1120 2972 1190; x_wconf 85' lang='lat' dir='ltr'><strong>profundo</strong></span> <span class='ocrx_word' id='word_1_195' title='bbox 3000 1122 3201 1177; x_wconf 88' lang='lat' dir='ltr'><strong>maris?</strong></span> <span class='ocrx_word' id='word_1_196' title='bbox 3235 1121 3296 1175; x_wconf 86' lang='lat' dir='ltr'><strong>Hi</strong></span> <span class='ocrx_word' id='word_1_197' title='bbox 3329 1133 3524 1178; x_wconf 82' lang='lat' dir='ltr'><strong>omnes</strong></span> 
     </span>
    </p>
   </div>
   <div class='ocr_carea' id='block_1_27' title="bbox 1940 1211 3519 1284">
    <p class='ocr_par' dir='ltr' id='par_1_27' title="bbox 1940 1211 3519 1284">
     <span class='ocr_line' id='line_1_27' title="bbox 1940 1211 3519 1284; baseline 0.002 -19"><span class='ocrx_word' id='word_1_198' title='bbox 1940 1211 2224 1281; x_wconf 85' lang='lat' dir='ltr'><strong>ingressus</strong></span> <span class='ocrx_word' id='word_1_199' title='bbox 2261 1217 2426 1265; x_wconf 81' lang='lat' dir='ltr'><strong>erant</strong></span> <span class='ocrx_word' id='word_1_200' title='bbox 2472 1214 2761 1267; x_wconf 87' lang='lat' dir='ltr'><strong>memorati</strong></span> <span class='ocrx_word' id='word_1_201' title='bbox 2804 1213 3042 1281; x_wconf 78' lang='lat' dir='ltr'><strong>Domini,</strong></span> <span class='ocrx_word' id='word_1_202' title='bbox 3073 1214 3169 1284; x_wconf 86' lang='lat' dir='ltr'><strong>qui</strong></span> <span class='ocrx_word' id='word_1_203' title='bbox 3229 1225 3519 1284; x_wconf 82' lang='lat' dir='ltr'><strong>antequam</strong></span> 
     </span>
    </p>
   </div>
   <div class='ocr_carea' id='block_1_28' title="bbox 1939 1301 3524 1374">
    <p class='ocr_par' dir='ltr' id='par_1_28' title="bbox 1939 1301 3524 1374">
     <span class='ocr_line' id='line_1_28' title="bbox 1939 1301 3524 1374; baseline 0.001 -18"><span class='ocrx_word' id='word_1_204' title='bbox 1939 1302 2268 1357; x_wconf 79' lang='lat' dir='ltr'><strong>exsisterent</strong></span> <span class='ocrx_word' id='word_1_205' title='bbox 2298 1317 2328 1356; x_wconf 92' lang='lat' dir='ltr'><strong>a</strong></span> <span class='ocrx_word' id='word_1_206' title='bbox 2365 1303 2646 1374; x_wconf 86' lang='lat' dir='ltr'><strong>prophetis</strong></span> <span class='ocrx_word' id='word_1_207' title='bbox 2681 1301 2777 1357; x_wconf 86' lang='lat' dir='ltr'><strong>Dei</strong></span> <span class='ocrx_word' id='word_1_208' title='bbox 2832 1304 2937 1359; x_wconf 86' lang='lat' dir='ltr'><strong>visi</strong></span> <span class='ocrx_word' id='word_1_209' title='bbox 2983 1312 3114 1359; x_wconf 89' lang='lat' dir='ltr'><strong>sunt</strong></span> <span class='ocrx_word' id='word_1_210' title='bbox 3147 1323 3160 1357; x_wconf 90' lang='lat'><strong>:</strong></span> <span class='ocrx_word' id='word_1_211' title='bbox 3191 1320 3363 1374; x_wconf 86' lang='lat' dir='ltr'><strong>quare</strong></span> <span class='ocrx_word' id='word_1_212' title='bbox 3395 1319 3524 1374; x_wconf 91' lang='lat' dir='ltr'><strong>pro-</strong></span> 
     </span>
    </p>
   </div>
   <div class='ocr_carea' id='block_1_29' title="bbox 1939 1393 3522 1467">
    <p class='ocr_par' dir='ltr' id='par_1_29' title="bbox 1939 1393 3522 1467">
     <span class='ocr_line' id='line_1_29' title="bbox 1939 1393 3522 1467; baseline 0.003 -21"><span class='ocrx_word' id='word_1_213' title='bbox 1939 1393 2171 1462; x_wconf 87' lang='lat' dir='ltr'><strong>pheticis</strong></span> <span class='ocrx_word' id='word_1_214' title='bbox 2200 1393 2256 1448; x_wconf 91' lang='lat' dir='ltr'><strong>in</strong></span> <span class='ocrx_word' id='word_1_215' title='bbox 2309 1394 2532 1465; x_wconf 85' lang='lat' dir='ltr'><strong>scriptis</strong></span> <span class='ocrx_word' id='word_1_216' title='bbox 2560 1396 2871 1466; x_wconf 87' lang='lat' dir='ltr'><strong>consignati</strong></span> <span class='ocrx_word' id='word_1_217' title='bbox 2911 1403 3060 1452; x_wconf 91' lang='lat' dir='ltr'><strong>sunt.</strong></span> <span class='ocrx_word' id='word_1_218' title='bbox 3115 1396 3246 1452; x_wconf 84' lang='lat' dir='ltr'><strong>Jure</strong></span> <span class='ocrx_word' id='word_1_219' title='bbox 3283 1411 3417 1467; x_wconf 87' lang='lat' dir='ltr'><strong>ergo</strong></span> <span class='ocrx_word' id='word_1_220' title='bbox 3443 1395 3522 1450; x_wconf 91' lang='lat' dir='ltr'><strong>di-</strong></span> 
     </span>
    </p>
   </div>
   <div class='ocr_carea' id='block_1_30' title="bbox 1937 1485 3523 1560">
    <p class='ocr_par' dir='ltr' id='par_1_30' title="bbox 1937 1485 3523 1560">
     <span class='ocr_line' id='line_1_30' title="bbox 1937 1485 3523 1560; baseline 0.001 -20"><span class='ocrx_word' id='word_1_221' title='bbox 1937 1493 2085 1541; x_wconf 85' lang='lat' dir='ltr'><strong>ctum</strong></span> <span class='ocrx_word' id='word_1_222' title='bbox 2121 1496 2206 1542; x_wconf 91' lang='lat' dir='ltr'><strong>est</strong></span> <span class='ocrx_word' id='word_1_223' title='bbox 2241 1505 2257 1543; x_wconf 87' lang='lat'><strong>:</strong></span> <span class='ocrx_word' id='word_1_224' title='bbox 2295 1505 2315 1539; x_wconf 75' lang='grc'><strong>(</strong></span> <span class='ocrx_word' id='word_1_225' title='bbox 2351 1485 2466 1542; x_wconf 85' lang='lat' dir='ltr'><strong>Visi</strong></span> <span class='ocrx_word' id='word_1_226' title='bbox 2501 1496 2629 1542; x_wconf 90' lang='lat' dir='ltr'><strong>sunt</strong></span> <span class='ocrx_word' id='word_1_227' title='bbox 2656 1489 2938 1560; x_wconf 85' lang='lat' dir='ltr'><strong>ingressus</strong></span> <span class='ocrx_word' id='word_1_228' title='bbox 2969 1489 3072 1554; x_wconf 89' lang='lat' dir='ltr'><strong>tui,</strong></span> <span class='ocrx_word' id='word_1_229' title='bbox 3099 1489 3265 1545; x_wconf 86' lang='lat' dir='ltr'><strong>Deus.</strong></span> <span class='ocrx_word' id='word_1_230' title='bbox 3301 1510 3320 1541; x_wconf 87' lang='lat'><strong>3</strong></span> <span class='ocrx_word' id='word_1_231' title='bbox 3359 1487 3523 1543; x_wconf 90' lang='lat' dir='ltr'><strong>Dein-</strong></span> 
     </span>
    </p>
   </div>
   <div class='ocr_carea' id='block_1_31' title="bbox 1937 1577 3522 1652">
    <p class='ocr_par' dir='ltr' id='par_1_31' title="bbox 1937 1577 3522 1652">
     <span class='ocr_line' id='line_1_31' title="bbox 1937 1577 3522 1652; baseline 0.003 -20"><span class='ocrx_word' id='word_1_232' title='bbox 1937 1577 2114 1648; x_wconf 89' lang='lat' dir='ltr'><strong>deque</strong></span> <span class='ocrx_word' id='word_1_233' title='bbox 2138 1594 2252 1635; x_wconf 90' lang='lat' dir='ltr'><strong>rem</strong></span> <span class='ocrx_word' id='word_1_234' title='bbox 2273 1578 2565 1634; x_wconf 80' lang='lat' dir='ltr'><strong>conﬁrmat</strong></span> <span class='ocrx_word' id='word_1_235' title='bbox 2592 1580 2847 1636; x_wconf 88' lang='lat' dir='ltr'><strong>indicans</strong></span> <span class='ocrx_word' id='word_1_236' title='bbox 2871 1581 3161 1651; x_wconf 91' lang='lat' dir='ltr'><strong>cujusnam</strong></span> <span class='ocrx_word' id='word_1_237' title='bbox 3187 1579 3282 1636; x_wconf 93' lang='lat' dir='ltr'><strong>Dei</strong></span> <span class='ocrx_word' id='word_1_238' title='bbox 3308 1582 3522 1652; x_wconf 79' lang='lat' dir='ltr'><strong>ingrcs-</strong></span> 
     </span>
    </p>
   </div>
   <div class='ocr_carea' id='block_1_32' title="bbox 1938 1671 3517 1745">
    <p class='ocr_par' dir='ltr' id='par_1_32' title="bbox 1938 1671 3517 1745">
     <span class='ocr_line' id='line_1_32' title="bbox 1938 1671 3517 1745; baseline 0.001 -19"><span class='ocrx_word' id='word_1_239' title='bbox 1938 1685 2034 1726; x_wconf 88' lang='lat' dir='ltr'><strong>sus</strong></span> <span class='ocrx_word' id='word_1_240' title='bbox 2065 1672 2168 1726; x_wconf 89' lang='lat' dir='ltr'><strong>visi</strong></span> <span class='ocrx_word' id='word_1_241' title='bbox 2198 1671 2438 1740; x_wconf 77' lang='lat' dir='ltr'><strong>fuerint;</strong></span> <span class='ocrx_word' id='word_1_242' title='bbox 2472 1687 2600 1726; x_wconf 87' lang='lat' dir='ltr'><strong>nam</strong></span> <span class='ocrx_word' id='word_1_243' title='bbox 2630 1672 2821 1742; x_wconf 86' lang='lat' dir='ltr'><strong>adjicit</strong></span> <span class='ocrx_word' id='word_1_244' title='bbox 2851 1692 2863 1727; x_wconf 88' lang='lat'>:</span> <span class='ocrx_word' id='word_1_245' title='bbox 2895 1693 2913 1724; x_wconf 88' lang='grc'><strong>‹</strong></span> <span class='ocrx_word' id='word_1_246' title='bbox 2950 1673 3236 1745; x_wconf 78' lang='lat' dir='ltr'><strong>Ingressus</strong></span> <span class='ocrx_word' id='word_1_247' title='bbox 3269 1673 3364 1728; x_wconf 89' lang='lat' dir='ltr'><strong>Dei</strong></span> <span class='ocrx_word' id='word_1_248' title='bbox 3387 1674 3517 1736; x_wconf 86' lang='lat' dir='ltr'><strong>mei,</strong></span> 
     </span>
    </p>
   </div>
   <div class='ocr_carea' id='block_1_33' title="bbox 1936 1763 3521 1834">
    <p class='ocr_par' dir='ltr' id='par_1_33' title="bbox 1936 1763 3521 1834">
     <span class='ocr_line' id='line_1_33' title="bbox 1936 1763 3521 1834; baseline 0.003 -18"><span class='ocrx_word' id='word_1_249' title='bbox 1936 1763 2081 1834; x_wconf 86' lang='lat' dir='ltr'><strong>regis</strong></span> <span class='ocrx_word' id='word_1_250' title='bbox 2127 1763 2256 1818; x_wconf 91' lang='lat' dir='ltr'><strong>mei.</strong></span> <span class='ocrx_word' id='word_1_251' title='bbox 2293 1782 2316 1817; x_wconf 92' lang='lat'><strong>3</strong></span> <span class='ocrx_word' id='word_1_252' title='bbox 2362 1763 2483 1818; x_wconf 88' lang='lat' dir='ltr'><strong>Non</strong></span> <span class='ocrx_word' id='word_1_253' title='bbox 2529 1765 2850 1834; x_wconf 86' lang='lat' dir='ltr'><strong>simpliciter</strong></span> <span class='ocrx_word' id='word_1_254' title='bbox 2877 1763 3002 1829; x_wconf 89' lang='lat' dir='ltr'><strong>Dei,</strong></span> <span class='ocrx_word' id='word_1_255' title='bbox 3039 1776 3129 1820; x_wconf 87' lang='lat' dir='ltr'><strong>aut</strong></span> <span class='ocrx_word' id='word_1_256' title='bbox 3175 1767 3322 1834; x_wconf 83' lang='lat' dir='ltr'><strong>regis</strong></span> <span class='ocrx_word' id='word_1_257' title='bbox 3349 1805 3366 1830; x_wconf 90' lang='lat'><strong>,</strong></span> <span class='ocrx_word' id='word_1_258' title='bbox 3421 1764 3521 1821; x_wconf 89' lang='lat' dir='ltr'><strong>sed</strong></span> 
     </span>
    </p>
   </div>
   <div class='ocr_carea' id='block_1_34' title="bbox 254 1840 1834 1930">
    <p class='ocr_par' dir='ltr' id='par_1_34' title="bbox 254 1855 1834 1930">
     <span class='ocr_line' id='line_1_34' title="bbox 254 1855 1834 1930; baseline 0.001 -18"><span class='ocrx_word' id='word_1_259' title='bbox 254 1876 379 1930; x_wconf 88' lang='grc' dir='ltr'><strong>μου,</strong></span> <span class='ocrx_word' id='word_1_260' title='bbox 414 1857 508 1911; x_wconf 92' lang='grc' dir='ltr'>τοῦ</span> <span class='ocrx_word' id='word_1_261' title='bbox 535 1855 799 1928; x_wconf 82' lang='grc' dir='ltr'><strong>βασιλέως</strong></span> <span class='ocrx_word' id='word_1_262' title='bbox 831 1875 954 1928; x_wconf 88' lang='grc' dir='ltr'><strong>μου.</strong></span> <span class='ocrx_word' id='word_1_263' title='bbox 984 1877 1003 1910; x_wconf 93' lang='lat'><strong>3</strong></span> <span class='ocrx_word' id='word_1_264' title='bbox 1037 1858 1111 1911; x_wconf 77' lang='grc' dir='ltr'><strong>Οὐ</strong></span> <span class='ocrx_word' id='word_1_265' title='bbox 1157 1857 1265 1930; x_wconf 83' lang='grc' dir='ltr'><strong>γὰρ</strong></span> <span class='ocrx_word' id='word_1_266' title='bbox 1294 1859 1480 1923; x_wconf 87' lang='grc' dir='ltr'><strong>άπλῶς</strong></span> <span class='ocrx_word' id='word_1_267' title='bbox 1524 1859 1681 1925; x_wconf 90' lang='grc' dir='ltr'>Θεοῦ,</span> <span class='ocrx_word' id='word_1_268' title='bbox 1713 1861 1834 1914; x_wconf 77' lang='grc' dir='ltr'><strong>οὐδὲ</strong></span> 
     </span>
    </p>
   </div>
   <div class='ocr_carea' id='block_1_35' title="bbox 1935 1840 3524 1930">
    <p class='ocr_par' dir='ltr' id='par_1_35' title="bbox 1941 1852 3524 1925">
     <span class='ocr_line' id='line_1_35' title="bbox 1941 1852 3524 1925; baseline 0.003 -21"><span class='ocrx_word' id='word_1_269' title='bbox 1941 1872 1960 1904; x_wconf 73' lang='grc' dir='ltr'><strong>ι</strong></span> <span class='ocrx_word' id='word_1_270' title='bbox 1987 1852 2080 1908; x_wconf 88' lang='lat' dir='ltr'><strong>Dei</strong></span> <span class='ocrx_word' id='word_1_271' title='bbox 2111 1854 2241 1908; x_wconf 91' lang='lat' dir='ltr'><strong>mei.</strong></span> <span class='ocrx_word' id='word_1_272' title='bbox 2265 1873 2283 1906; x_wconf 87' lang='lat'><strong>3</strong></span> <span class='ocrx_word' id='word_1_273' title='bbox 2313 1852 2431 1910; x_wconf 83' lang='lat' dir='ltr'><strong>Hoc</strong></span> <span class='ocrx_word' id='word_1_274' title='bbox 2460 1870 2627 1925; x_wconf 91' lang='lat' dir='ltr'><strong>porro</strong></span> <span class='ocrx_word' id='word_1_275' title='bbox 2651 1855 2829 1910; x_wconf 89' lang='lat' dir='ltr'><strong>simile</strong></span> <span class='ocrx_word' id='word_1_276' title='bbox 2863 1854 3026 1910; x_wconf 83' lang='lat' dir='ltr'><strong>fuerit</strong></span> <span class='ocrx_word' id='word_1_277' title='bbox 3057 1855 3158 1920; x_wconf 88' lang='lat' dir='ltr'><strong>illi,</strong></span> <span class='ocrx_word' id='word_1_278' title='bbox 3181 1875 3200 1906; x_wconf 73' lang='grc' dir='ltr'><em>α</em></span> <span class='ocrx_word' id='word_1_279' title='bbox 3230 1855 3376 1910; x_wconf 79' lang='lat' dir='ltr'><strong>Dixit</strong></span> <span class='ocrx_word' id='word_1_280' title='bbox 3413 1855 3524 1909; x_wconf 91' lang='lat' dir='ltr'><strong>Do-</strong></span> 
     </span>
    </p>
   </div>
   <div class='ocr_carea' id='block_1_36' title="bbox 252 1949 1834 2024">
    <p class='ocr_par' dir='ltr' id='par_1_36' title="bbox 252 1949 1834 2024">
     <span class='ocr_line' id='line_1_36' title="bbox 252 1949 1834 2024; baseline 0.002 -20"><span class='ocrx_word' id='word_1_281' title='bbox 252 1950 552 2021; x_wconf 85' lang='grc' dir='ltr'><strong>βασιλέως,</strong></span> <span class='ocrx_word' id='word_1_282' title='bbox 589 1949 724 2003; x_wconf 83' lang='grc' dir='ltr'><strong>ἀλλὰ</strong></span> <span class='ocrx_word' id='word_1_283' title='bbox 749 1949 844 2003; x_wconf 82' lang='grc' dir='ltr'><strong>τοῦ</strong></span> <span class='ocrx_word' id='word_1_284' title='bbox 893 1967 912 2001; x_wconf 75' lang='grc' dir='ltr'><strong>ι</strong></span> <span class='ocrx_word' id='word_1_285' title='bbox 941 1949 1077 2004; x_wconf 86' lang='grc' dir='ltr'>Θεοῦ</span> <span class='ocrx_word' id='word_1_286' title='bbox 1119 1969 1241 2022; x_wconf 91' lang='grc' dir='ltr'><strong>μου.</strong></span> <span class='ocrx_word' id='word_1_287' title='bbox 1287 1971 1312 2002; x_wconf 70' lang='grc' dir='ltr'><strong><em>ἰ</em></strong></span> <span class='ocrx_word' id='word_1_288' title='bbox 1352 1950 1522 2004; x_wconf 90' lang='grc' dir='ltr'>Τοῦτο</span> <span class='ocrx_word' id='word_1_289' title='bbox 1562 1952 1619 2006; x_wconf 83' lang='grc' dir='ltr'><strong>δὲ</strong></span> <span class='ocrx_word' id='word_1_290' title='bbox 1651 1954 1834 2024; x_wconf 76' lang='grc' dir='ltr'><strong>ὅμοιον</strong></span> 
     </span>
    </p>
   </div>
   <div class='ocr_carea' id='block_1_37' title="bbox 249 2036 1834 2116">
    <p class='ocr_par' dir='ltr' id='par_1_37' title="bbox 249 2036 1834 2116">
     <span class='ocr_line' id='line_1_37' title="bbox 249 2036 1834 2116; baseline 0.003 -20"><span class='ocrx_word' id='word_1_291' title='bbox 249 2043 507 2114; x_wconf 79' lang='grc' dir='ltr'><strong>τυγχάνει</strong></span> <span class='ocrx_word' id='word_1_292' title='bbox 535 2041 644 2113; x_wconf 82' lang='grc' dir='ltr'><strong>τῷ,</strong></span> <span class='ocrx_word' id='word_1_293' title='bbox 675 2061 695 2093; x_wconf 74' lang='grc' dir='ltr'><strong>ι</strong></span> <span class='ocrx_word' id='word_1_294' title='bbox 727 2036 861 2095; x_wconf 84' lang='grc' dir='ltr'><strong>Εἶπε</strong></span> <span class='ocrx_word' id='word_1_295' title='bbox 889 2041 1094 2114; x_wconf 81' lang='grc' dir='ltr'><strong>Κύριος</strong></span> <span class='ocrx_word' id='word_1_296' title='bbox 1117 2041 1195 2114; x_wconf 83' lang='grc' dir='ltr'><strong>τῷ</strong></span> <span class='ocrx_word' id='word_1_297' title='bbox 1226 2043 1417 2115; x_wconf 80' lang='grc' dir='ltr'>Κυρίῳ</span> <span class='ocrx_word' id='word_1_298' title='bbox 1444 2061 1544 2115; x_wconf 87' lang='grc' dir='ltr'><strong>μου</strong></span> <span class='ocrx_word' id='word_1_299' title='bbox 1565 2061 1578 2075; x_wconf 78' lang='grc' dir='ltr'><strong>ο</strong></span> <span class='ocrx_word' id='word_1_300' title='bbox 1627 2063 1647 2097; x_wconf 94' lang='lat'><strong>3</strong></span> <span class='ocrx_word' id='word_1_301' title='bbox 1677 2048 1706 2100; x_wconf 88' lang='lat'><strong>6</strong></span> <span class='ocrx_word' id='word_1_302' title='bbox 1736 2047 1834 2116; x_wconf 86' lang='grc' dir='ltr'><strong>μὲν</strong></span> 
     </span>
    </p>
   </div>
   <div class='ocr_carea' id='block_1_38' title="bbox 249 2134 1834 2212">
    <p class='ocr_par' dir='ltr' id='par_1_38' title="bbox 249 2134 1834 2212">
     <span class='ocr_line' id='line_1_38' title="bbox 249 2134 1834 2212; baseline 0.001 -22"><span class='ocrx_word' id='word_1_303' title='bbox 249 2136 361 2208; x_wconf 85' lang='grc' dir='ltr'><strong>γὰρ</strong></span> <span class='ocrx_word' id='word_1_304' title='bbox 382 2135 600 2208; x_wconf 87' lang='grc' dir='ltr'><strong>πρῶτος</strong></span> <span class='ocrx_word' id='word_1_305' title='bbox 627 2136 655 2188; x_wconf 91' lang='lat'><strong>6</strong></span> <span class='ocrx_word' id='word_1_306' title='bbox 675 2135 770 2188; x_wconf 76' lang='grc' dir='ltr'><strong>ἐπὶ</strong></span> <span class='ocrx_word' id='word_1_307' title='bbox 798 2135 1016 2189; x_wconf 87' lang='grc' dir='ltr'><strong>πάντων</strong></span> <span class='ocrx_word' id='word_1_308' title='bbox 1047 2135 1132 2206; x_wconf 78' lang='grc' dir='ltr'><strong>εἴη</strong></span> <span class='ocrx_word' id='word_1_309' title='bbox 1164 2134 1230 2190; x_wconf 82' lang='grc' dir='ltr'><strong>ἂν</strong></span> <span class='ocrx_word' id='word_1_310' title='bbox 1257 2135 1420 2200; x_wconf 80' lang='grc' dir='ltr'><strong>Θεός-</strong></span> <span class='ocrx_word' id='word_1_311' title='bbox 1448 2139 1476 2190; x_wconf 94' lang='lat'><strong>6</strong></span> <span class='ocrx_word' id='word_1_312' title='bbox 1498 2137 1556 2192; x_wconf 85' lang='grc' dir='ltr'><strong>δὲ</strong></span> <span class='ocrx_word' id='word_1_313' title='bbox 1580 2137 1834 2212; x_wconf 84' lang='grc' dir='ltr'><strong>δεύτερος</strong></span> 
     </span>
    </p>
   </div>
   <div class='ocr_carea' id='block_1_39' title="bbox 249 2225 1834 2302">
    <p class='ocr_par' dir='ltr' id='par_1_39' title="bbox 249 2225 1834 2302">
     <span class='ocr_line' id='line_1_39' title="bbox 249 2225 1834 2302; baseline 0.001 -19"><span class='ocrx_word' id='word_1_314' title='bbox 249 2228 455 2301; x_wconf 78' lang='grc' dir='ltr'><strong>Κύριος</strong></span> <span class='ocrx_word' id='word_1_315' title='bbox 495 2229 524 2280; x_wconf 91' lang='lat'><strong>6</strong></span> <span class='ocrx_word' id='word_1_316' title='bbox 569 2226 814 2282; x_wconf 74' lang='grc' dir='ltr'><strong>ἀκούων·</strong></span> <span class='ocrx_word' id='word_1_317' title='bbox 867 2245 888 2277; x_wconf 70' lang='grc' dir='ltr'><strong>ι</strong></span> <span class='ocrx_word' id='word_1_318' title='bbox 922 2225 1106 2280; x_wconf 79' lang='grc' dir='ltr'><strong>Κάθου</strong></span> <span class='ocrx_word' id='word_1_319' title='bbox 1147 2228 1212 2280; x_wconf 83' lang='grc' dir='ltr'><strong>ὲκ</strong></span> <span class='ocrx_word' id='word_1_320' title='bbox 1261 2225 1452 2293; x_wconf 79' lang='grc' dir='ltr'><strong>δεξιῶν</strong></span> <span class='ocrx_word' id='word_1_321' title='bbox 1504 2247 1627 2301; x_wconf 89' lang='grc' dir='ltr'><strong>μου,</strong></span> <span class='ocrx_word' id='word_1_322' title='bbox 1651 2249 1670 2283; x_wconf 90' lang='lat'><strong>3</strong></span> <span class='ocrx_word' id='word_1_323' title='bbox 1703 2231 1834 2302; x_wconf 77' lang='grc' dir='ltr'><strong>ἐμὸς</strong></span> 
     </span>
    </p>
   </div>
   <div class='ocr_carea' id='block_1_40' title="bbox 237 2309 1827 2390">
    <p class='ocr_par' dir='ltr' id='par_1_40' title="bbox 237 2309 1827 2390">
     <span class='ocr_line' id='line_1_40' title="bbox 237 2309 1827 2390; baseline -0.001 -18"><span class='ocrx_word' id='word_1_324' title='bbox 237 2317 508 2390; x_wconf 75' lang='grc' dir='ltr'><strong>’τυγχάνει</strong></span> <span class='ocrx_word' id='word_1_325' title='bbox 526 2316 729 2388; x_wconf 85' lang='grc' dir='ltr'><strong>Κύριος</strong></span> <span class='ocrx_word' id='word_1_326' title='bbox 745 2331 760 2345; x_wconf 88' lang='grc'><strong>·</strong></span> <span class='ocrx_word' id='word_1_327' title='bbox 795 2315 894 2380; x_wconf 73' lang='grc' dir='ltr'><strong>διὸ,</strong></span> <span class='ocrx_word' id='word_1_328' title='bbox 918 2333 936 2366; x_wconf 75' lang='grc' dir='ltr'><strong>ι</strong></span> <span class='ocrx_word' id='word_1_329' title='bbox 961 2309 1099 2367; x_wconf 81' lang='grc' dir='ltr'><strong>Εἶπε</strong></span> <span class='ocrx_word' id='word_1_330' title='bbox 1123 2314 1326 2386; x_wconf 84' lang='grc' dir='ltr'><strong>Κύριος</strong></span> <span class='ocrx_word' id='word_1_331' title='bbox 1344 2315 1421 2386; x_wconf 81' lang='grc' dir='ltr'><strong>τῷ</strong></span> <span class='ocrx_word' id='word_1_332' title='bbox 1448 2317 1640 2388; x_wconf 82' lang='grc' dir='ltr'>Κυρίῳ</span> <span class='ocrx_word' id='word_1_333' title='bbox 1663 2334 1784 2388; x_wconf 85' lang='grc' dir='ltr'><strong>μου.</strong></span> <span class='ocrx_word' id='word_1_334' title='bbox 1807 2336 1827 2369; x_wconf 94' lang='lat'><strong>3</strong></span> 
     </span>
    </p>
   </div>
   <div class='ocr_carea' id='block_1_41' title="bbox 247 2406 1832 2479">
    <p class='ocr_par' dir='ltr' id='par_1_41' title="bbox 247 2406 1832 2479">
     <span class='ocr_line' id='line_1_41' title="bbox 247 2406 1832 2479; baseline -0.001 -15"><span class='ocrx_word' id='word_1_335' title='bbox 247 2411 363 2464; x_wconf 74' lang='grc' dir='ltr'><strong>Καὶ</strong></span> <span class='ocrx_word' id='word_1_336' title='bbox 387 2407 621 2464; x_wconf 75' lang='grc' dir='ltr'><strong>ἐνταῦθα</strong></span> <span class='ocrx_word' id='word_1_337' title='bbox 645 2407 824 2462; x_wconf 88' lang='grc' dir='ltr'>τοίνυν</span> <span class='ocrx_word' id='word_1_338' title='bbox 853 2407 946 2461; x_wconf 86' lang='grc' dir='ltr'><strong>τὸν</strong></span> <span class='ocrx_word' id='word_1_339' title='bbox 990 2406 1240 2479; x_wconf 84' lang='grc' dir='ltr'>δεύτερον</span> <span class='ocrx_word' id='word_1_340' title='bbox 1303 2409 1582 2479; x_wconf 82' lang='grc' dir='ltr'><strong>σημαίνων</strong></span> <span class='ocrx_word' id='word_1_341' title='bbox 1611 2410 1640 2462; x_wconf 90' lang='grc' dir='ltr'>ὁ</span> <span class='ocrx_word' id='word_1_342' title='bbox 1671 2409 1832 2474; x_wconf 85' lang='grc' dir='ltr'><strong>αὐτὸς</strong></span> 
     </span>
    </p>
   </div>
   <div class='ocr_carea' id='block_1_42' title="bbox 245 2503 1830 2577">
    <p class='ocr_par' dir='ltr' id='par_1_42' title="bbox 245 2503 1830 2577">
     <span class='ocr_line' id='line_1_42' title="bbox 245 2503 1830 2577; baseline 0.001 -21"><span class='ocrx_word' id='word_1_343' title='bbox 245 2504 536 2576; x_wconf 81' lang='grc' dir='ltr'>προφήτης</span> <span class='ocrx_word' id='word_1_344' title='bbox 584 2503 786 2575; x_wconf 77' lang='grc' dir='ltr'><strong>φησίνο</strong></span> <span class='ocrx_word' id='word_1_345' title='bbox 823 2521 842 2554; x_wconf 77' lang='grc' dir='ltr'><strong>ι</strong></span> <span class='ocrx_word' id='word_1_346' title='bbox 875 2503 942 2555; x_wconf 80' lang='grc' dir='ltr'><strong>Δί</strong></span> <span class='ocrx_word' id='word_1_347' title='bbox 984 2505 1198 2576; x_wconf 85' lang='grc' dir='ltr'><strong>πορεῖαι</strong></span> <span class='ocrx_word' id='word_1_348' title='bbox 1247 2503 1342 2558; x_wconf 91' lang='grc' dir='ltr'>τοῦ</span> <span class='ocrx_word' id='word_1_349' title='bbox 1386 2503 1522 2558; x_wconf 85' lang='grc' dir='ltr'>Θεοῦ</span> <span class='ocrx_word' id='word_1_350' title='bbox 1556 2523 1655 2577; x_wconf 83' lang='grc' dir='ltr'><strong>μου</strong></span> <span class='ocrx_word' id='word_1_351' title='bbox 1678 2545 1693 2570; x_wconf 94' lang='grc'><strong>,</strong></span> <span class='ocrx_word' id='word_1_352' title='bbox 1735 2504 1830 2559; x_wconf 90' lang='grc' dir='ltr'><strong>τοῦ</strong></span> 
     </span>
    </p>
   </div>
   <div class='ocr_carea' id='block_1_43' title="bbox 236 2591 1832 2666">
    <p class='ocr_par' dir='ltr' id='par_1_43' title="bbox 236 2591 1832 2666">
     <span class='ocr_line' id='line_1_43' title="bbox 236 2591 1832 2666; baseline 0 -18"><span class='ocrx_word' id='word_1_353' title='bbox 236 2593 517 2666; x_wconf 70' lang='grc' dir='ltr'><strong>βασιλέως</strong></span> <span class='ocrx_word' id='word_1_354' title='bbox 547 2611 682 2666; x_wconf 88' lang='grc' dir='ltr'>μου,</span> <span class='ocrx_word' id='word_1_355' title='bbox 729 2591 824 2647; x_wconf 90' lang='grc' dir='ltr'>τοῦ</span> <span class='ocrx_word' id='word_1_356' title='bbox 869 2593 930 2647; x_wconf 83' lang='grc' dir='ltr'><strong>ὲν</strong></span> <span class='ocrx_word' id='word_1_357' title='bbox 961 2593 1040 2666; x_wconf 84' lang='grc' dir='ltr'><strong>τῷ</strong></span> <span class='ocrx_word' id='word_1_358' title='bbox 1083 2594 1244 2665; x_wconf 84' lang='grc' dir='ltr'><strong>ἁγίῳ.</strong></span> <span class='ocrx_word' id='word_1_359' title='bbox 1275 2613 1294 2645; x_wconf 88' lang='lat'><strong>3</strong></span> <span class='ocrx_word' id='word_1_360' title='bbox 1356 2593 1483 2648; x_wconf 84' lang='grc' dir='ltr'><strong>Ἐάν</strong></span> <span class='ocrx_word' id='word_1_361' title='bbox 1529 2593 1637 2666; x_wconf 89' lang='lat'><strong>7&amp;9</strong></span> <span class='ocrx_word' id='word_1_362' title='bbox 1688 2594 1832 2664; x_wconf 89' lang='grc' dir='ltr'><strong>λέγω</strong></span> 
     </span>
    </p>
   </div>
   <div class='ocr_carea' id='block_1_44' title="bbox 237 2683 1832 2760">
    <p class='ocr_par' dir='ltr' id='par_1_44' title="bbox 237 2683 1832 2760">
     <span class='ocr_line' id='line_1_44' title="bbox 237 2683 1832 2760; baseline 0 -20"><span class='ocrx_word' id='word_1_363' title='bbox 237 2687 629 2760; x_wconf 78' lang='grc' dir='ltr'><strong>θεωρουμένας</strong></span> <span class='ocrx_word' id='word_1_364' title='bbox 665 2685 926 2758; x_wconf 84' lang='grc' dir='ltr'><strong>πορείας,</strong></span> <span class='ocrx_word' id='word_1_365' title='bbox 975 2687 1056 2757; x_wconf 77' lang='grc' dir='ltr'><strong>’μή</strong></span> <span class='ocrx_word' id='word_1_366' title='bbox 1093 2703 1180 2750; x_wconf 85' lang='grc' dir='ltr'><strong>τις</strong></span> <span class='ocrx_word' id='word_1_367' title='bbox 1215 2683 1486 2758; x_wconf 76' lang='grc' dir='ltr'><strong>νομιζέτω</strong></span> <span class='ocrx_word' id='word_1_368' title='bbox 1541 2703 1608 2756; x_wconf 87' lang='grc' dir='ltr'><strong>με</strong></span> <span class='ocrx_word' id='word_1_369' title='bbox 1651 2686 1832 2756; x_wconf 84' lang='grc' dir='ltr'><strong>λέγειν</strong></span> 
     </span>
    </p>
   </div>
   <div class='ocr_carea' id='block_1_45' title="bbox 230 2773 1830 2846">
    <p class='ocr_par' dir='ltr' id='par_1_45' title="bbox 230 2773 1830 2846">
     <span class='ocr_line' id='line_1_45' title="bbox 230 2773 1830 2846; baseline 0.001 -20"><span class='ocrx_word' id='word_1_370' title='bbox 230 2775 344 2832; x_wconf 79' lang='grc' dir='ltr'>,τοῦ</span> <span class='ocrx_word' id='word_1_371' title='bbox 378 2777 472 2830; x_wconf 76' lang='grc' dir='ltr'><strong>ἐπὶ</strong></span> <span class='ocrx_word' id='word_1_372' title='bbox 518 2776 736 2830; x_wconf 89' lang='grc' dir='ltr'><strong>πάντων</strong></span> <span class='ocrx_word' id='word_1_373' title='bbox 777 2774 912 2828; x_wconf 83' lang='grc' dir='ltr'>Θεοῦ</span> <span class='ocrx_word' id='word_1_374' title='bbox 932 2791 946 2805; x_wconf 68' lang='grc'><strong>⁸</strong></span> <span class='ocrx_word' id='word_1_375' title='bbox 980 2774 1116 2829; x_wconf 79' lang='grc' dir='ltr'><strong>ἀλλὰ</strong></span> <span class='ocrx_word' id='word_1_376' title='bbox 1159 2775 1254 2829; x_wconf 89' lang='grc' dir='ltr'><strong>τοῦ</strong></span> <span class='ocrx_word' id='word_1_377' title='bbox 1291 2775 1426 2828; x_wconf 83' lang='grc' dir='ltr'>Θεοῦ</span> <span class='ocrx_word' id='word_1_378' title='bbox 1459 2793 1560 2846; x_wconf 91' lang='grc' dir='ltr'><strong>μου</strong></span> <span class='ocrx_word' id='word_1_379' title='bbox 1605 2776 1696 2829; x_wconf 74' lang='grc' dir='ltr'><strong>καὶ</strong></span> <span class='ocrx_word' id='word_1_380' title='bbox 1736 2773 1830 2829; x_wconf 88' lang='grc' dir='ltr'><strong>τοῦ</strong></span> 
     </span>
    </p>
   </div>
   <div class='ocr_carea' id='block_1_46' title="bbox 245 2865 1831 2940">
    <p class='ocr_par' dir='ltr' id='par_1_46' title="bbox 245 2865 1831 2940">
     <span class='ocr_line' id='line_1_46' title="bbox 245 2865 1831 2940; baseline 0 -18"><span class='ocrx_word' id='word_1_381' title='bbox 245 2867 520 2940; x_wconf 81' lang='grc' dir='ltr'><strong>βασιλέως</strong></span> <span class='ocrx_word' id='word_1_382' title='bbox 565 2884 667 2939; x_wconf 89' lang='grc' dir='ltr'><strong>μου</strong></span> <span class='ocrx_word' id='word_1_383' title='bbox 709 2869 946 2938; x_wconf 80' lang='grc' dir='ltr'><strong>πορεῖαι.</strong></span> <span class='ocrx_word' id='word_1_384' title='bbox 1003 2867 1141 2920; x_wconf 86' lang='grc' dir='ltr'><strong>Ἀλλ’</strong></span> <span class='ocrx_word' id='word_1_385' title='bbox 1187 2867 1376 2940; x_wconf 78' lang='grc' dir='ltr'><strong>ἐπειδὴ</strong></span> <span class='ocrx_word' id='word_1_386' title='bbox 1425 2886 1443 2919; x_wconf 74' lang='grc' dir='ltr'><strong>ι</strong></span> <span class='ocrx_word' id='word_1_387' title='bbox 1483 2865 1831 2940; x_wconf 84' lang='grc' dir='ltr'><strong>προέφθασαν</strong></span> 
     </span>
    </p>
   </div>
   <div class='ocr_carea' id='block_1_47' title="bbox 241 2959 1831 3034">
    <p class='ocr_par' dir='ltr' id='par_1_47' title="bbox 241 2959 1831 3034">
     <span class='ocr_line' id='line_1_47' title="bbox 241 2959 1831 3034; baseline 0 -18"><span class='ocrx_word' id='word_1_388' title='bbox 241 2962 511 3034; x_wconf 83' lang='grc' dir='ltr'><strong>ἄρχοντες</strong></span> <span class='ocrx_word' id='word_1_389' title='bbox 568 2960 818 3032; x_wconf 75' lang='grc' dir='ltr'><strong>ἐχόμενοι</strong></span> <span class='ocrx_word' id='word_1_390' title='bbox 839 3002 853 3016; x_wconf 90' lang='grc'><strong>.</strong></span> <span class='ocrx_word' id='word_1_391' title='bbox 874 2959 1183 3030; x_wconf 81' lang='grc' dir='ltr'><strong>ψαλλόντων</strong></span> <span class='ocrx_word' id='word_1_392' title='bbox 1240 2961 1300 3015; x_wconf 83' lang='grc' dir='ltr'><strong>ὲν</strong></span> <span class='ocrx_word' id='word_1_393' title='bbox 1368 2960 1520 3032; x_wconf 87' lang='grc' dir='ltr'><strong>μέσῳ</strong></span> <span class='ocrx_word' id='word_1_394' title='bbox 1575 2959 1831 3018; x_wconf 86' lang='grc' dir='ltr'><strong>νεανίδων</strong></span> 
     </span>
    </p>
   </div>
   <div class='ocr_carea' id='block_1_48' title="bbox 242 3047 1832 3131">
    <p class='ocr_par' dir='ltr' id='par_1_48' title="bbox 242 3047 1832 3131">
     <span class='ocr_line' id='line_1_48' title="bbox 242 3047 1832 3131; baseline -0.003 -19"><span class='ocrx_word' id='word_1_395' title='bbox 242 3057 718 3131; x_wconf 87' lang='grc' dir='ltr'><strong>τυμπανιστριῶν.</strong></span> <span class='ocrx_word' id='word_1_396' title='bbox 755 3077 776 3110; x_wconf 92' lang='lat'><strong>3</strong></span> <span class='ocrx_word' id='word_1_397' title='bbox 809 3057 976 3111; x_wconf 79' lang='grc' dir='ltr'><strong>Αὐτοὶ</strong></span> <span class='ocrx_word' id='word_1_398' title='bbox 1011 3055 1120 3127; x_wconf 85' lang='grc' dir='ltr'><strong>γάρ</strong></span> <span class='ocrx_word' id='word_1_399' title='bbox 1151 3047 1298 3110; x_wconf 76' lang='grc' dir='ltr'>οὗτοι</span> <span class='ocrx_word' id='word_1_400' title='bbox 1329 3057 1378 3110; x_wconf 82' lang='lat' dir='ltr'><strong>ot</strong></span> <span class='ocrx_word' id='word_1_401' title='bbox 1421 3055 1832 3128; x_wconf 89' lang='grc' dir='ltr'><strong>προφθάσαντες</strong></span> 
     </span>
    </p>
   </div>
   <div class='ocr_carea' id='block_1_49' title="bbox 243 3148 1830 3225">
    <p class='ocr_par' dir='ltr' id='par_1_49' title="bbox 243 3148 1830 3225">
     <span class='ocr_line' id='line_1_49' title="bbox 243 3148 1830 3225; baseline -0.003 -19"><span class='ocrx_word' id='word_1_402' title='bbox 243 3151 533 3225; x_wconf 81' lang='grc' dir='ltr'><strong>ἄρχοντες,</strong></span> <span class='ocrx_word' id='word_1_403' title='bbox 570 3152 604 3224; x_wconf 84' lang='grc' dir='ltr'>ἢ</span> <span class='ocrx_word' id='word_1_404' title='bbox 637 3154 686 3206; x_wconf 78' lang='grc' dir='ltr'><strong>οἱ</strong></span> <span class='ocrx_word' id='word_1_405' title='bbox 709 3152 926 3225; x_wconf 80' lang='grc' dir='ltr'><strong>ᾄδοντες</strong></span> <span class='ocrx_word' id='word_1_406' title='bbox 949 3153 1043 3205; x_wconf 74' lang='grc' dir='ltr'><strong>καὶ</strong></span> <span class='ocrx_word' id='word_1_407' title='bbox 1071 3150 1346 3222; x_wconf 78' lang='grc' dir='ltr'><strong>Πνεῦματι</strong></span> <span class='ocrx_word' id='word_1_408' title='bbox 1375 3150 1515 3221; x_wconf 86' lang='grc' dir='ltr'><strong>ἁγίῳ</strong></span> <span class='ocrx_word' id='word_1_409' title='bbox 1541 3149 1602 3204; x_wconf 82' lang='grc' dir='ltr'><strong>τὸ</strong></span> <span class='ocrx_word' id='word_1_410' title='bbox 1640 3148 1830 3220; x_wconf 86' lang='grc' dir='ltr'><strong>μέλλον</strong></span> 
     </span>
    </p>
   </div>
   <div class='ocr_carea' id='block_1_50' title="bbox 245 3237 1830 3314">
    <p class='ocr_par' dir='ltr' id='par_1_50' title="bbox 245 3237 1830 3314">
     <span class='ocr_line' id='line_1_50' title="bbox 245 3237 1830 3314; baseline -0.004 -17"><span class='ocrx_word' id='word_1_411' title='bbox 245 3243 639 3307; x_wconf 74' lang='grc' dir='ltr'><strong>θεσπίζοντες,</strong></span> <span class='ocrx_word' id='word_1_412' title='bbox 681 3241 1106 3314; x_wconf 86' lang='grc' dir='ltr'><strong>προεθεώρησαν</strong></span> <span class='ocrx_word' id='word_1_413' title='bbox 1153 3239 1252 3304; x_wconf 84' lang='grc' dir='ltr'><strong>τὰς</strong></span> <span class='ocrx_word' id='word_1_414' title='bbox 1298 3240 1522 3312; x_wconf 86' lang='grc' dir='ltr'><strong>πορείας</strong></span> <span class='ocrx_word' id='word_1_415' title='bbox 1565 3237 1658 3292; x_wconf 90' lang='grc' dir='ltr'>τοῦ</span> <span class='ocrx_word' id='word_1_416' title='bbox 1694 3237 1830 3291; x_wconf 90' lang='grc' dir='ltr'>Θεοῦ</span> 
     </span>
    </p>
   </div>
   <div class='ocr_carea' id='block_1_51' title="bbox 253 3327 1832 3408">
    <p class='ocr_par' dir='ltr' id='par_1_51' title="bbox 253 3327 1832 3408">
     <span class='ocr_line' id='line_1_51' title="bbox 253 3327 1832 3408; baseline -0.009 -13"><span class='ocrx_word' id='word_1_417' title='bbox 253 3353 359 3408; x_wconf 81' lang='grc' dir='ltr'><strong>μου</strong></span> <span class='ocrx_word' id='word_1_418' title='bbox 391 3335 602 3390; x_wconf 74' lang='grc' dir='ltr'><strong>καὶτοῦ</strong></span> <span class='ocrx_word' id='word_1_419' title='bbox 629 3334 896 3406; x_wconf 85' lang='grc' dir='ltr'><strong>βασιλέως</strong></span> <span class='ocrx_word' id='word_1_420' title='bbox 931 3352 1056 3406; x_wconf 86' lang='grc' dir='ltr'><strong>μου.</strong></span> <span class='ocrx_word' id='word_1_421' title='bbox 1093 3327 1252 3388; x_wconf 71' lang='grc' dir='ltr'>Οὗτοι</span> <span class='ocrx_word' id='word_1_422' title='bbox 1276 3333 1334 3386; x_wconf 85' lang='grc' dir='ltr'><strong>δὲ</strong></span> <span class='ocrx_word' id='word_1_423' title='bbox 1368 3327 1508 3403; x_wconf 83' lang='grc' dir='ltr'><strong>ἦσαν</strong></span> <span class='ocrx_word' id='word_1_424' title='bbox 1532 3331 1583 3384; x_wconf 87' lang='grc' dir='ltr'><strong>οἱ</strong></span> <span class='ocrx_word' id='word_1_425' title='bbox 1618 3330 1832 3403; x_wconf 79' lang='grc' dir='ltr'><strong>προφῆ-</strong></span> 
     </span>
    </p>
   </div>
   <div class='ocr_carea' id='block_1_52' title="bbox 246 3425 1835 3502">
    <p class='ocr_par' dir='ltr' id='par_1_52' title="bbox 246 3425 1835 3502">
     <span class='ocr_line' id='line_1_52' title="bbox 246 3425 1835 3502; baseline -0.002 -19"><span class='ocrx_word' id='word_1_426' title='bbox 246 3445 363 3492; x_wconf 88' lang='grc' dir='ltr'><strong>ται,</strong></span> <span class='ocrx_word' id='word_1_427' title='bbox 394 3431 445 3483; x_wconf 85' lang='grc' dir='ltr'><strong>οἱ</strong></span> <span class='ocrx_word' id='word_1_428' title='bbox 485 3428 898 3502; x_wconf 84' lang='grc' dir='ltr'><strong>προφθάσαντες</strong></span> <span class='ocrx_word' id='word_1_429' title='bbox 931 3429 1059 3492; x_wconf 81' lang='grc' dir='ltr'><strong>τοὺς</strong></span> <span class='ocrx_word' id='word_1_430' title='bbox 1102 3426 1242 3500; x_wconf 81' lang='grc' dir='ltr'><strong>μετὰ</strong></span> <span class='ocrx_word' id='word_1_431' title='bbox 1266 3426 1440 3480; x_wconf 91' lang='grc' dir='ltr'><strong>ταῦτα</strong></span> <span class='ocrx_word' id='word_1_432' title='bbox 1471 3425 1835 3498; x_wconf 83' lang='grc' dir='ltr'><strong>προελθόντας</strong></span> 
     </span>
    </p>
   </div>
   <div class='ocr_carea' id='block_1_53' title="bbox 248 3515 1833 3594">
    <p class='ocr_par' dir='ltr' id='par_1_53' title="bbox 248 3515 1833 3594">
     <span class='ocr_line' id='line_1_53' title="bbox 248 3515 1833 3594; baseline -0.003 -20"><span class='ocrx_word' id='word_1_433' title='bbox 248 3520 604 3584; x_wconf 82' lang='grc' dir='ltr'><strong>ἀποστόλους.</strong></span> <span class='ocrx_word' id='word_1_434' title='bbox 634 3519 738 3573; x_wconf 78' lang='grc' dir='ltr'><strong>Δύο</strong></span> <span class='ocrx_word' id='word_1_435' title='bbox 775 3518 885 3594; x_wconf 83' lang='grc' dir='ltr'><strong>γὰρ</strong></span> <span class='ocrx_word' id='word_1_436' title='bbox 917 3520 1096 3592; x_wconf 84' lang='grc' dir='ltr'><strong>χορῶν</strong></span> <span class='ocrx_word' id='word_1_437' title='bbox 1123 3520 1223 3589; x_wconf 83' lang='grc' dir='ltr'><strong>τὴν</strong></span> <span class='ocrx_word' id='word_1_438' title='bbox 1254 3517 1346 3572; x_wconf 91' lang='grc' dir='ltr'>τοῦ</span> <span class='ocrx_word' id='word_1_439' title='bbox 1380 3517 1632 3590; x_wconf 82' lang='grc' dir='ltr'><strong>Σωτῆρος</strong></span> <span class='ocrx_word' id='word_1_440' title='bbox 1676 3515 1833 3588; x_wconf 76' lang='grc' dir='ltr'><strong>ἡμῶν</strong></span> 
     </span>
    </p>
   </div>
   <div class='ocr_carea' id='block_1_54' title="bbox 251 3608 1831 3685">
    <p class='ocr_par' dir='ltr' id='par_1_54' title="bbox 251 3608 1831 3685">
     <span class='ocr_line' id='line_1_54' title="bbox 251 3608 1831 3685; baseline -0.002 -18"><span class='ocrx_word' id='word_1_441' title='bbox 251 3613 531 3683; x_wconf 86' lang='grc' dir='ltr'><strong>θεολογίαν</strong></span> <span class='ocrx_word' id='word_1_442' title='bbox 552 3611 858 3685; x_wconf 81' lang='grc' dir='ltr'><strong>ἀνθρώποις</strong></span> <span class='ocrx_word' id='word_1_443' title='bbox 893 3611 1372 3685; x_wconf 80' lang='grc' dir='ltr'><strong>παραδεδωκότων,</strong></span> <span class='ocrx_word' id='word_1_444' title='bbox 1396 3611 1425 3662; x_wconf 86' lang='lat'><strong>6</strong></span> <span class='ocrx_word' id='word_1_445' title='bbox 1452 3610 1551 3681; x_wconf 82' lang='grc' dir='ltr'><strong>μὲν</strong></span> <span class='ocrx_word' id='word_1_446' title='bbox 1583 3608 1831 3681; x_wconf 87' lang='grc' dir='ltr'><strong>προφθά-</strong></span> 
     </span>
    </p>
   </div>
   <div class='ocr_carea' id='block_1_55' title="bbox 252 3697 1834 3776">
    <p class='ocr_par' dir='ltr' id='par_1_55' title="bbox 252 3697 1834 3776">
     <span class='ocr_line' id='line_1_55' title="bbox 252 3697 1834 3776; baseline -0.004 -17"><span class='ocrx_word' id='word_1_447' title='bbox 252 3719 356 3768; x_wconf 79' lang='grc' dir='ltr'><strong>σας</strong></span> <span class='ocrx_word' id='word_1_448' title='bbox 385 3704 544 3776; x_wconf 79' lang='grc' dir='ltr'><strong>χορὸς</strong></span> <span class='ocrx_word' id='word_1_449' title='bbox 573 3699 642 3776; x_wconf 76' lang='grc' dir='ltr'><strong>ἦν</strong></span> <span class='ocrx_word' id='word_1_450' title='bbox 669 3705 698 3758; x_wconf 93' lang='lat'><strong>6</strong></span> <span class='ocrx_word' id='word_1_451' title='bbox 731 3702 1090 3775; x_wconf 76' lang='grc' dir='ltr'><strong>προφητικδς,</strong></span> <span class='ocrx_word' id='word_1_452' title='bbox 1141 3704 1170 3756; x_wconf 93' lang='lat'><strong>6</strong></span> <span class='ocrx_word' id='word_1_453' title='bbox 1200 3701 1258 3755; x_wconf 82' lang='grc' dir='ltr'><strong>δὲ</strong></span> <span class='ocrx_word' id='word_1_454' title='bbox 1303 3700 1555 3772; x_wconf 88' lang='grc' dir='ltr'><strong>δεύτερος</strong></span> <span class='ocrx_word' id='word_1_455' title='bbox 1591 3697 1834 3752; x_wconf 79' lang='grc' dir='ltr'><strong>ἐπελθὼν</strong></span> 
     </span>
    </p>
   </div>
   <div class='ocr_carea' id='block_1_56' title="bbox 250 3790 1834 3872">
    <p class='ocr_par' dir='ltr' id='par_1_56' title="bbox 250 3790 1834 3872">
     <span class='ocr_line' id='line_1_56' title="bbox 250 3790 1834 3872; baseline -0.004 -23"><span class='ocrx_word' id='word_1_456' title='bbox 250 3797 283 3849; x_wconf 90' lang='lat'><strong>6</strong></span> <span class='ocrx_word' id='word_1_457' title='bbox 305 3796 418 3852; x_wconf 83' lang='grc' dir='ltr'><strong>τῶν</strong></span> <span class='ocrx_word' id='word_1_458' title='bbox 457 3795 769 3872; x_wconf 80' lang='grc' dir='ltr'><strong>ἀποστόλων</strong></span> <span class='ocrx_word' id='word_1_459' title='bbox 805 3795 899 3848; x_wconf 71' lang='grc' dir='ltr'><strong>καὶ</strong></span> <span class='ocrx_word' id='word_1_460' title='bbox 939 3791 1194 3866; x_wconf 85' lang='grc' dir='ltr'><strong>μαθητῶν</strong></span> <span class='ocrx_word' id='word_1_461' title='bbox 1231 3791 1326 3846; x_wconf 87' lang='grc' dir='ltr'>τοῦ</span> <span class='ocrx_word' id='word_1_462' title='bbox 1376 3792 1649 3862; x_wconf 85' lang='grc' dir='ltr'><strong>Σωτῆρος.</strong></span> <span class='ocrx_word' id='word_1_463' title='bbox 1684 3790 1834 3862; x_wconf 79' lang='grc' dir='ltr'><strong>Πλὴν</strong></span> 
     </span>
    </p>
   </div>
   <div class='ocr_carea' id='block_1_57' title="bbox 251 3880 1828 3961">
    <p class='ocr_par' dir='ltr' id='par_1_57' title="bbox 251 3880 1828 3961">
     <span class='ocr_line' id='line_1_57' title="bbox 251 3880 1828 3961; baseline -0.006 -17"><span class='ocrx_word' id='word_1_464' title='bbox 251 3887 392 3943; x_wconf 78' lang='grc' dir='ltr'><strong>ἀλλὰ</strong></span> <span class='ocrx_word' id='word_1_465' title='bbox 419 3886 804 3961; x_wconf 84' lang='grc' dir='ltr'><strong>ὲθεωρήθησαν</strong></span> <span class='ocrx_word' id='word_1_466' title='bbox 845 3888 900 3940; x_wconf 90' lang='grc' dir='ltr'><strong>αἱ</strong></span> <span class='ocrx_word' id='word_1_467' title='bbox 928 3889 1162 3957; x_wconf 71' lang='grc' dir='ltr'><strong>πορεῖαι.</strong></span> <span class='ocrx_word' id='word_1_468' title='bbox 1185 3883 1279 3938; x_wconf 90' lang='grc' dir='ltr'>τοῦ</span> <span class='ocrx_word' id='word_1_469' title='bbox 1310 3882 1638 3955; x_wconf 83' lang='grc' dir='ltr'><strong>δηλωθέντος</strong></span> <span class='ocrx_word' id='word_1_470' title='bbox 1662 3880 1828 3958; x_wconf 81' lang='grc' dir='ltr'>Θεοῦ·</span> 
     </span>
    </p>
   </div>
   <div class='ocr_carea' id='block_1_58' title="bbox 252 3974 1834 4052">
    <p class='ocr_par' dir='ltr' id='par_1_58' title="bbox 252 3974 1834 4052">
     <span class='ocr_line' id='line_1_58' title="bbox 252 3974 1834 4052; baseline -0.003 -20"><span class='ocrx_word' id='word_1_471' title='bbox 252 3979 288 4052; x_wconf 81' lang='grc' dir='ltr'><strong>ἦ</strong></span> <span class='ocrx_word' id='word_1_472' title='bbox 328 3981 442 4043; x_wconf 81' lang='grc' dir='ltr'><strong>τοῖς</strong></span> <span class='ocrx_word' id='word_1_473' title='bbox 495 3979 593 4049; x_wconf 82' lang='grc' dir='ltr'><strong>μὲν</strong></span> <span class='ocrx_word' id='word_1_474' title='bbox 652 3977 970 4042; x_wconf 82' lang='grc' dir='ltr'><strong>ἀποστόλοις</strong></span> <span class='ocrx_word' id='word_1_475' title='bbox 1013 3975 1428 4048; x_wconf 79' lang='grc' dir='ltr'><strong>ἐθεωρήθησαν,</strong></span> <span class='ocrx_word' id='word_1_476' title='bbox 1471 3977 1521 4029; x_wconf 80' lang='grc' dir='ltr'><strong>οἳ</strong></span> <span class='ocrx_word' id='word_1_477' title='bbox 1569 3977 1665 4030; x_wconf 57' lang='grc' dir='ltr'><strong>καὶ⁸</strong></span> <span class='ocrx_word' id='word_1_478' title='bbox 1711 3974 1834 4045; x_wconf 71' lang='grc' dir='ltr'><strong>ὕψει</strong></span> 
     </span>
    </p>
   </div>
   <div class='ocr_carea' id='block_1_59' title="bbox 253 4067 1831 4144">
    <p class='ocr_par' dir='ltr' id='par_1_59' title="bbox 253 4067 1831 4144">
     <span class='ocr_line' id='line_1_59' title="bbox 253 4067 1831 4144; baseline -0.002 -19"><span class='ocrx_word' id='word_1_479' title='bbox 253 4069 564 4144; x_wconf 77' lang='grc' dir='ltr'><strong>παρέλαϐον</strong></span> <span class='ocrx_word' id='word_1_480' title='bbox 618 4069 688 4124; x_wconf 80' lang='grc' dir='ltr'><strong>τὰ</strong></span> <span class='ocrx_word' id='word_1_481' title='bbox 740 4069 909 4124; x_wconf 90' lang='grc' dir='ltr'><strong>πάλαι</strong></span> <span class='ocrx_word' id='word_1_482' title='bbox 965 4067 1271 4142; x_wconf 84' lang='grc' dir='ltr'><strong>προγνώσει</strong></span> <span class='ocrx_word' id='word_1_483' title='bbox 1333 4067 1831 4140; x_wconf 85' lang='grc' dir='ltr'><strong>προπεφωνημένα.</strong></span> 
     </span>
    </p>
   </div>
   <div class='ocr_carea' id='block_1_60' title="bbox 253 4155 1836 4233">
    <p class='ocr_par' dir='ltr' id='par_1_60' title="bbox 253 4155 1836 4233">
     <span class='ocr_line' id='line_1_60' title="bbox 253 4155 1836 4233; baseline -0.004 -17"><span class='ocrx_word' id='word_1_484' title='bbox 253 4156 418 4217; x_wconf 72' lang='grc' dir='ltr'><strong>Οὗτοι</strong></span> <span class='ocrx_word' id='word_1_485' title='bbox 453 4161 551 4233; x_wconf 82' lang='grc' dir='ltr'><strong>μὲν</strong></span> <span class='ocrx_word' id='word_1_486' title='bbox 589 4156 682 4214; x_wconf 83' lang='grc' dir='ltr'>οῦν</span> <span class='ocrx_word' id='word_1_487' title='bbox 714 4161 901 4224; x_wconf 81' lang='grc' dir='ltr'><strong>αὐτοῖς</strong></span> <span class='ocrx_word' id='word_1_488' title='bbox 945 4159 1244 4230; x_wconf 79' lang='grc' dir='ltr'><strong>ὀφθαλμοῖς</strong></span> <span class='ocrx_word' id='word_1_489' title='bbox 1271 4157 1371 4223; x_wconf 86' lang='grc' dir='ltr'><strong>τὰς</strong></span> <span class='ocrx_word' id='word_1_490' title='bbox 1410 4158 1633 4230; x_wconf 86' lang='grc' dir='ltr'><strong>πορείας</strong></span> <span class='ocrx_word' id='word_1_491' title='bbox 1673 4155 1836 4211; x_wconf 75' lang='grc' dir='ltr'><strong>ἐθεώ-</strong></span> 
     </span>
    </p>
   </div>
   <div class='ocr_carea' id='block_1_61' title="bbox 257 4251 1835 4326">
    <p class='ocr_par' dir='ltr' id='par_1_61' title="bbox 257 4251 1835 4326">
     <span class='ocr_line' id='line_1_61' title="bbox 257 4251 1835 4326; baseline -0.003 -19"><span class='ocrx_word' id='word_1_492' title='bbox 257 4271 429 4326; x_wconf 88' lang='grc' dir='ltr'><strong>ρησαν</strong></span> <span class='ocrx_word' id='word_1_493' title='bbox 475 4253 571 4306; x_wconf 91' lang='grc' dir='ltr'>τοῦ</span> <span class='ocrx_word' id='word_1_494' title='bbox 610 4253 782 4307; x_wconf 73' lang='grc' dir='ltr'>Θεοῦο</span> <span class='ocrx_word' id='word_1_495' title='bbox 831 4252 1185 4325; x_wconf 84' lang='grc' dir='ltr'><strong>προέφθασαν</strong></span> <span class='ocrx_word' id='word_1_496' title='bbox 1229 4251 1288 4304; x_wconf 83' lang='grc' dir='ltr'><strong>δὲ</strong></span> <span class='ocrx_word' id='word_1_497' title='bbox 1331 4251 1528 4315; x_wconf 74' lang='grc' dir='ltr'><strong>αὐτοὺς</strong></span> <span class='ocrx_word' id='word_1_498' title='bbox 1575 4251 1835 4323; x_wconf 84' lang='grc' dir='ltr'><strong>ἄρχοντές</strong></span> 
     </span>
    </p>
   </div>
   <div class='ocr_carea' id='block_1_62' title="bbox 250 4340 1834 4418">
    <p class='ocr_par' dir='ltr' id='par_1_62' title="bbox 250 4340 1834 4418">
     <span class='ocr_line' id='line_1_62' title="bbox 250 4340 1834 4418; baseline -0.003 -20"><span class='ocrx_word' id='word_1_499' title='bbox 250 4363 398 4410; x_wconf 86' lang='grc' dir='ltr'><strong>τινες</strong></span> <span class='ocrx_word' id='word_1_500' title='bbox 427 4340 572 4400; x_wconf 74' lang='grc' dir='ltr'>οὗτοι</span> <span class='ocrx_word' id='word_1_501' title='bbox 603 4349 652 4400; x_wconf 83' lang='grc' dir='ltr'>οί</span> <span class='ocrx_word' id='word_1_502' title='bbox 694 4345 943 4418; x_wconf 71' lang='grc' dir='ltr'><strong>ἐχόμενοι</strong></span> <span class='ocrx_word' id='word_1_503' title='bbox 981 4345 1090 4399; x_wconf 83' lang='grc' dir='ltr'><strong>τῶν</strong></span> <span class='ocrx_word' id='word_1_504' title='bbox 1121 4343 1448 4415; x_wconf 78' lang='grc' dir='ltr'><strong>ψαλλόντων.</strong></span> <span class='ocrx_word' id='word_1_505' title='bbox 1485 4342 1746 4415; x_wconf 88' lang='grc' dir='ltr'><strong>Σημαίνει</strong></span> <span class='ocrx_word' id='word_1_506' title='bbox 1775 4341 1834 4394; x_wconf 82' lang='grc' dir='ltr'><strong>δὲ</strong></span> 
     </span>
    </p>
   </div>
   <div class='ocr_carea' id='block_1_63' title="bbox 252 4431 1836 4506">
    <p class='ocr_par' dir='ltr' id='par_1_63' title="bbox 252 4431 1836 4506">
     <span class='ocr_line' id='line_1_63' title="bbox 252 4431 1836 4506; baseline 0 -20"><span class='ocrx_word' id='word_1_507' title='bbox 252 4438 284 4486; x_wconf 80' lang='grc' dir='ltr'><strong>ὁ</strong></span> <span class='ocrx_word' id='word_1_508' title='bbox 309 4435 464 4506; x_wconf 88' lang='grc' dir='ltr'><strong>λόγος</strong></span> <span class='ocrx_word' id='word_1_509' title='bbox 491 4436 585 4491; x_wconf 85' lang='grc' dir='ltr'><strong>τὸν</strong></span> <span class='ocrx_word' id='word_1_510' title='bbox 612 4436 774 4490; x_wconf 83' lang='grc' dir='ltr'><strong>Δαυῒδ</strong></span> <span class='ocrx_word' id='word_1_511' title='bbox 806 4436 969 4492; x_wconf 84' lang='grc' dir='ltr'><strong>αὑτὸν</strong></span> <span class='ocrx_word' id='word_1_512' title='bbox 1002 4436 1245 4499; x_wconf 73' lang='grc' dir='ltr'><strong>καὶτοὺς</strong></span> <span class='ocrx_word' id='word_1_513' title='bbox 1277 4435 1373 4488; x_wconf 80' lang='grc' dir='ltr'><strong>σὺν</strong></span> <span class='ocrx_word' id='word_1_514' title='bbox 1395 4433 1543 4505; x_wconf 81' lang='grc' dir='ltr'><strong>αὐτῷ</strong></span> <span class='ocrx_word' id='word_1_515' title='bbox 1571 4435 1664 4488; x_wconf 78' lang='grc' dir='ltr'><strong>καὶ</strong></span> <span class='ocrx_word' id='word_1_516' title='bbox 1694 4431 1836 4487; x_wconf 81' lang='grc' dir='ltr'><strong>κατὰ</strong></span> 
     </span>
    </p>
   </div>
   <div class='ocr_carea' id='block_1_64' title="bbox 1935 1943 3521 2018">
    <p class='ocr_par' dir='ltr' id='par_1_64' title="bbox 1935 1943 3521 2018">
     <span class='ocr_line' id='line_1_64' title="bbox 1935 1943 3521 2018; baseline 0.001 -20"><span class='ocrx_word' id='word_1_517' title='bbox 1935 1943 2120 1999; x_wconf 91' lang='lat' dir='ltr'><strong>minus</strong></span> <span class='ocrx_word' id='word_1_518' title='bbox 2149 1943 2381 2000; x_wconf 92' lang='lat' dir='ltr'><strong>Domino</strong></span> <span class='ocrx_word' id='word_1_519' title='bbox 2413 1961 2534 2001; x_wconf 91' lang='lat' dir='ltr'><strong>meo</strong></span> <span class='ocrx_word' id='word_1_520' title='bbox 2576 1965 2590 2001; x_wconf 88' lang='lat'><strong>:</strong></span> <span class='ocrx_word' id='word_1_521' title='bbox 2641 1967 2660 2000; x_wconf 88' lang='lat'><strong>3</strong></span> <span class='ocrx_word' id='word_1_522' title='bbox 2709 1950 2919 2018; x_wconf 90' lang='lat' dir='ltr'><strong>primus</strong></span> <span class='ocrx_word' id='word_1_523' title='bbox 2978 1947 3179 2017; x_wconf 90' lang='lat' dir='ltr'><strong>quippe</strong></span> <span class='ocrx_word' id='word_1_524' title='bbox 3234 1947 3521 2002; x_wconf 87' lang='lat' dir='ltr'><strong>universo-</strong></span> 
     </span>
    </p>
   </div>
   <div class='ocr_carea' id='block_1_65' title="bbox 1936 2033 3523 2104">
    <p class='ocr_par' dir='ltr' id='par_1_65' title="bbox 1936 2033 3523 2104">
     <span class='ocr_line' id='line_1_65' title="bbox 1936 2033 3523 2104; baseline -0.001 -17"><span class='ocrx_word' id='word_1_525' title='bbox 1936 2049 2062 2088; x_wconf 88' lang='lat' dir='ltr'><strong>rum</strong></span> <span class='ocrx_word' id='word_1_526' title='bbox 2093 2033 2237 2091; x_wconf 88' lang='lat' dir='ltr'><strong>Deus</strong></span> <span class='ocrx_word' id='word_1_527' title='bbox 2270 2034 2437 2091; x_wconf 77' lang='lat' dir='ltr'><strong>fuerit</strong></span> <span class='ocrx_word' id='word_1_528' title='bbox 2464 2053 2478 2103; x_wconf 92' lang='lat'><strong>;</strong></span> <span class='ocrx_word' id='word_1_529' title='bbox 2510 2037 2785 2091; x_wconf 90' lang='lat' dir='ltr'><strong>secundus</strong></span> <span class='ocrx_word' id='word_1_530' title='bbox 2809 2051 2940 2091; x_wconf 87' lang='lat' dir='ltr'><strong>vero</strong></span> <span class='ocrx_word' id='word_1_531' title='bbox 2969 2033 3255 2098; x_wconf 85' lang='lat' dir='ltr'><strong>Dominus,</strong></span> <span class='ocrx_word' id='word_1_532' title='bbox 3292 2033 3384 2104; x_wconf 87' lang='lat' dir='ltr'><strong>qui</strong></span> <span class='ocrx_word' id='word_1_533' title='bbox 3427 2047 3523 2086; x_wconf 85' lang='lat' dir='ltr'><strong>au-</strong></span> 
     </span>
    </p>
   </div>
   <div class='ocr_carea' id='block_1_66' title="bbox 1934 2124 3516 2194">
    <p class='ocr_par' dir='ltr' id='par_1_66' title="bbox 1934 2124 3516 2194">
     <span class='ocr_line' id='line_1_66' title="bbox 1934 2124 3516 2194; baseline 0.001 -15"><span class='ocrx_word' id='word_1_534' title='bbox 1934 2126 2036 2190; x_wconf 81' lang='lat' dir='ltr'><strong>dit,</strong></span> <span class='ocrx_word' id='word_1_535' title='bbox 2073 2145 2093 2179; x_wconf 76' lang='grc' dir='ltr'><strong>ι</strong></span> <span class='ocrx_word' id='word_1_536' title='bbox 2134 2124 2272 2182; x_wconf 91' lang='lat' dir='ltr'><strong>Sede</strong></span> <span class='ocrx_word' id='word_1_537' title='bbox 2302 2142 2333 2182; x_wconf 91' lang='lat' dir='ltr'><strong>a</strong></span> <span class='ocrx_word' id='word_1_538' title='bbox 2357 2126 2566 2183; x_wconf 78' lang='lat' dir='ltr'><strong>dextris</strong></span> <span class='ocrx_word' id='word_1_539' title='bbox 2595 2127 2815 2194; x_wconf 71' lang='lat' dir='ltr'><strong>meis“,</strong></span> <span class='ocrx_word' id='word_1_540' title='bbox 2855 2145 2874 2179; x_wconf 93' lang='lat'><strong>3</strong></span> <span class='ocrx_word' id='word_1_541' title='bbox 2909 2143 3064 2183; x_wconf 90' lang='lat' dir='ltr'><strong>meus</strong></span> <span class='ocrx_word' id='word_1_542' title='bbox 3083 2125 3349 2184; x_wconf 85' lang='lat' dir='ltr'><strong>Dominus</strong></span> <span class='ocrx_word' id='word_1_543' title='bbox 3377 2133 3463 2180; x_wconf 92' lang='lat' dir='ltr'><strong>est</strong></span> <span class='ocrx_word' id='word_1_544' title='bbox 3499 2142 3516 2180; x_wconf 89' lang='lat'><strong>:</strong></span> 
     </span>
    </p>
   </div>
   <div class='ocr_carea' id='block_1_67' title="bbox 1933 2217 3521 2290">
    <p class='ocr_par' dir='ltr' id='par_1_67' title="bbox 1933 2217 3521 2290">
     <span class='ocr_line' id='line_1_67' title="bbox 1933 2217 3521 2290; baseline -0.002 -16"><span class='ocrx_word' id='word_1_545' title='bbox 1933 2235 2124 2290; x_wconf 89' lang='lat' dir='ltr'><strong>quare,</strong></span> <span class='ocrx_word' id='word_1_546' title='bbox 2162 2238 2182 2272; x_wconf 77' lang='grc' dir='ltr'><strong>ι</strong></span> <span class='ocrx_word' id='word_1_547' title='bbox 2227 2219 2374 2274; x_wconf 81' lang='lat' dir='ltr'><strong>Dixit</strong></span> <span class='ocrx_word' id='word_1_548' title='bbox 2416 2219 2682 2277; x_wconf 91' lang='lat' dir='ltr'><strong>Dominus</strong></span> <span class='ocrx_word' id='word_1_549' title='bbox 2713 2220 2942 2276; x_wconf 90' lang='lat' dir='ltr'><strong>Domino</strong></span> <span class='ocrx_word' id='word_1_550' title='bbox 2965 2235 3106 2276; x_wconf 91' lang='lat' dir='ltr'><strong>meo.</strong></span> <span class='ocrx_word' id='word_1_551' title='bbox 3141 2239 3162 2272; x_wconf 93' lang='lat'><strong>3</strong></span> <span class='ocrx_word' id='word_1_552' title='bbox 3201 2217 3303 2273; x_wconf 83' lang='lat' dir='ltr'><strong>Hic</strong></span> <span class='ocrx_word' id='word_1_553' title='bbox 3348 2219 3521 2288; x_wconf 83' lang='lat' dir='ltr'><strong>igitur</strong></span> 
     </span>
    </p>
   </div>
   <div class='ocr_carea' id='block_1_68' title="bbox 1934 2309 3520 2385">
    <p class='ocr_par' dir='ltr' id='par_1_68' title="bbox 1934 2309 3520 2385">
     <span class='ocr_line' id='line_1_68' title="bbox 1934 2309 3520 2385; baseline -0.001 -21"><span class='ocrx_word' id='word_1_554' title='bbox 1934 2311 2087 2366; x_wconf 91' lang='lat' dir='ltr'><strong>illum</strong></span> <span class='ocrx_word' id='word_1_555' title='bbox 2123 2313 2369 2368; x_wconf 90' lang='lat' dir='ltr'><strong>secundo</strong></span> <span class='ocrx_word' id='word_1_556' title='bbox 2399 2313 2522 2368; x_wconf 91' lang='lat' dir='ltr'><strong>loco</strong></span> <span class='ocrx_word' id='word_1_557' title='bbox 2567 2313 2804 2385; x_wconf 84' lang='lat' dir='ltr'><strong>positum</strong></span> <span class='ocrx_word' id='word_1_558' title='bbox 2833 2315 2949 2384; x_wconf 89' lang='lat' dir='ltr'><strong>ipse</strong></span> <span class='ocrx_word' id='word_1_559' title='bbox 2987 2311 3258 2382; x_wconf 84' lang='lat' dir='ltr'><strong>Propheta</strong></span> <span class='ocrx_word' id='word_1_560' title='bbox 3307 2309 3520 2380; x_wconf 64' lang='lat' dir='ltr'><strong>signilio</strong></span> 
     </span>
    </p>
   </div>
   <div class='ocr_carea' id='block_1_69' title="bbox 1932 2401 3522 2474">
    <p class='ocr_par' dir='ltr' id='par_1_69' title="bbox 1932 2401 3522 2474">
     <span class='ocr_line' id='line_1_69' title="bbox 1932 2401 3522 2474; baseline -0.001 -18"><span class='ocrx_word' id='word_1_561' title='bbox 1932 2417 2068 2459; x_wconf 87' lang='lat' dir='ltr'><strong>cans</strong></span> <span class='ocrx_word' id='word_1_562' title='bbox 2097 2401 2276 2458; x_wconf 89' lang='lat' dir='ltr'><strong>dicit:</strong></span> <span class='ocrx_word' id='word_1_563' title='bbox 2313 2421 2333 2454; x_wconf 86' lang='grc'><strong><em>‹</em></strong></span> <span class='ocrx_word' id='word_1_564' title='bbox 2371 2401 2660 2474; x_wconf 86' lang='lat' dir='ltr'><strong>Ingressus</strong></span> <span class='ocrx_word' id='word_1_565' title='bbox 2687 2402 2781 2459; x_wconf 90' lang='lat' dir='ltr'><strong>Dei</strong></span> <span class='ocrx_word' id='word_1_566' title='bbox 2805 2403 2934 2467; x_wconf 90' lang='lat' dir='ltr'><strong>mei,</strong></span> <span class='ocrx_word' id='word_1_567' title='bbox 2971 2403 3116 2473; x_wconf 88' lang='lat' dir='ltr'><strong>regis</strong></span> <span class='ocrx_word' id='word_1_568' title='bbox 3153 2402 3286 2468; x_wconf 90' lang='lat' dir='ltr'><strong>mei,</strong></span> <span class='ocrx_word' id='word_1_569' title='bbox 3318 2402 3412 2472; x_wconf 87' lang='lat' dir='ltr'><strong>qui</strong></span> <span class='ocrx_word' id='word_1_570' title='bbox 3434 2407 3522 2458; x_wconf 86' lang='lat' dir='ltr'><strong>est</strong></span> 
     </span>
    </p>
   </div>
   <div class='ocr_carea' id='block_1_70' title="bbox 1935 2491 3520 2566">
    <p class='ocr_par' dir='ltr' id='par_1_70' title="bbox 1935 2491 3520 2566">
     <span class='ocr_line' id='line_1_70' title="bbox 1935 2491 3520 2566; baseline 0 -18"><span class='ocrx_word' id='word_1_571' title='bbox 1935 2495 1990 2549; x_wconf 91' lang='lat' dir='ltr'><strong>in</strong></span> <span class='ocrx_word' id='word_1_572' title='bbox 2027 2502 2241 2551; x_wconf 87' lang='lat' dir='ltr'><strong>sancto.</strong></span> <span class='ocrx_word' id='word_1_573' title='bbox 2276 2491 2458 2548; x_wconf 85' lang='lat' dir='ltr'><strong>3Nam</strong></span> <span class='ocrx_word' id='word_1_574' title='bbox 2513 2510 2640 2549; x_wconf 90' lang='lat' dir='ltr'><strong>cum</strong></span> <span class='ocrx_word' id='word_1_575' title='bbox 2687 2495 2973 2566; x_wconf 90' lang='lat' dir='ltr'><strong>ingressus</strong></span> <span class='ocrx_word' id='word_1_576' title='bbox 3031 2493 3202 2549; x_wconf 88' lang='lat' dir='ltr'><strong>videri</strong></span> <span class='ocrx_word' id='word_1_577' title='bbox 3253 2493 3402 2558; x_wconf 88' lang='lat' dir='ltr'><strong>dico,</strong></span> <span class='ocrx_word' id='word_1_578' title='bbox 3448 2507 3520 2548; x_wconf 84' lang='lat' dir='ltr'><strong>ne</strong></span> 
     </span>
    </p>
   </div>
   <div class='ocr_carea' id='block_1_71' title="bbox 1933 2583 3518 2656">
    <p class='ocr_par' dir='ltr' id='par_1_71' title="bbox 1933 2583 3518 2656">
     <span class='ocr_line' id='line_1_71' title="bbox 1933 2583 3518 2656; baseline -0.001 -16"><span class='ocrx_word' id='word_1_579' title='bbox 1933 2586 2060 2656; x_wconf 85' lang='lat' dir='ltr'><strong>quis</strong></span> <span class='ocrx_word' id='word_1_580' title='bbox 2084 2587 2361 2643; x_wconf 75' lang='lat' dir='ltr'><strong>existimet</strong></span> <span class='ocrx_word' id='word_1_581' title='bbox 2392 2588 2778 2642; x_wconf 88' lang='lat' dir='ltr'><strong>universorum</strong></span> <span class='ocrx_word' id='word_1_582' title='bbox 2802 2584 2900 2642; x_wconf 89' lang='lat' dir='ltr'><strong>Dei</strong></span> <span class='ocrx_word' id='word_1_583' title='bbox 2937 2585 3060 2640; x_wconf 89' lang='lat' dir='ltr'><strong>illos</strong></span> <span class='ocrx_word' id='word_1_584' title='bbox 3085 2601 3244 2650; x_wconf 90' lang='lat' dir='ltr'><strong>esse;</strong></span> <span class='ocrx_word' id='word_1_585' title='bbox 3281 2584 3378 2640; x_wconf 88' lang='lat' dir='ltr'><strong>sed</strong></span> <span class='ocrx_word' id='word_1_586' title='bbox 3421 2583 3518 2639; x_wconf 86' lang='lat' dir='ltr'><strong>Dei</strong></span> 
     </span>
    </p>
   </div>
   <div class='ocr_carea' id='block_1_72' title="bbox 1933 2675 3520 2750">
    <p class='ocr_par' dir='ltr' id='par_1_72' title="bbox 1933 2675 3520 2750">
     <span class='ocr_line' id='line_1_72' title="bbox 1933 2675 3520 2750; baseline 0 -18"><span class='ocrx_word' id='word_1_587' title='bbox 1933 2677 2074 2742; x_wconf 89' lang='lat' dir='ltr'><strong>mei,</strong></span> <span class='ocrx_word' id='word_1_588' title='bbox 2107 2678 2253 2750; x_wconf 90' lang='lat' dir='ltr'><strong>regis</strong></span> <span class='ocrx_word' id='word_1_589' title='bbox 2282 2679 2390 2734; x_wconf 89' lang='lat' dir='ltr'><strong>mei</strong></span> <span class='ocrx_word' id='word_1_590' title='bbox 2431 2679 2720 2750; x_wconf 84' lang='lat' dir='ltr'><strong>ingressus</strong></span> <span class='ocrx_word' id='word_1_591' title='bbox 2745 2685 2896 2733; x_wconf 89' lang='lat' dir='ltr'><strong>sunt.</strong></span> <span class='ocrx_word' id='word_1_592' title='bbox 2931 2675 3130 2732; x_wconf 85' lang='lat' dir='ltr'><strong>Verum</strong></span> <span class='ocrx_word' id='word_1_593' title='bbox 3155 2677 3284 2748; x_wconf 90' lang='lat' dir='ltr'><strong>quia</strong></span> <span class='ocrx_word' id='word_1_594' title='bbox 3322 2695 3342 2728; x_wconf 75' lang='grc' dir='ltr'><strong>ι</strong></span> <span class='ocrx_word' id='word_1_595' title='bbox 3379 2692 3520 2747; x_wconf 74' lang='lat' dir='ltr'><strong>pra:-</strong></span> 
     </span>
    </p>
   </div>
   <div class='ocr_carea' id='block_1_73' title="bbox 1932 2767 3518 2842">
    <p class='ocr_par' dir='ltr' id='par_1_73' title="bbox 1932 2767 3518 2842">
     <span class='ocr_line' id='line_1_73' title="bbox 1932 2767 3518 2842; baseline -0.001 -18"><span class='ocrx_word' id='word_1_596' title='bbox 1932 2777 2201 2825; x_wconf 81' lang='lat' dir='ltr'><strong>venerunt</strong></span> <span class='ocrx_word' id='word_1_597' title='bbox 2227 2770 2505 2842; x_wconf 82' lang='lat' dir='ltr'><strong>principes</strong></span> <span class='ocrx_word' id='word_1_598' title='bbox 2534 2769 2816 2839; x_wconf 86' lang='lat' dir='ltr'><strong>conjuncti</strong></span> <span class='ocrx_word' id='word_1_599' title='bbox 2845 2767 3229 2839; x_wconf 87' lang='lat' dir='ltr'><strong>psallentibus,</strong></span> <span class='ocrx_word' id='word_1_600' title='bbox 3257 2767 3312 2822; x_wconf 91' lang='lat' dir='ltr'><strong>in</strong></span> <span class='ocrx_word' id='word_1_601' title='bbox 3334 2767 3518 2823; x_wconf 89' lang='lat' dir='ltr'><strong>medio</strong></span> 
     </span>
    </p>
   </div>
   <div class='ocr_carea' id='block_1_74' title="bbox 1929 2857 3517 2932">
    <p class='ocr_par' dir='ltr' id='par_1_74' title="bbox 1929 2857 3517 2932">
     <span class='ocr_line' id='line_1_74' title="bbox 1929 2857 3517 2932; baseline -0.001 -17"><span class='ocrx_word' id='word_1_602' title='bbox 1929 2859 2348 2931; x_wconf 88' lang='lat' dir='ltr'><strong>juvencularum</strong></span> <span class='ocrx_word' id='word_1_603' title='bbox 2405 2859 2937 2932; x_wconf 84' lang='lat' dir='ltr'><strong>tympanistriarum.</strong></span> <span class='ocrx_word' id='word_1_604' title='bbox 2982 2879 3002 2911; x_wconf 92' lang='lat'><strong>3</strong></span> <span class='ocrx_word' id='word_1_605' title='bbox 3059 2857 3125 2911; x_wconf 85' lang='lat' dir='ltr'><strong>Hi</strong></span> <span class='ocrx_word' id='word_1_606' title='bbox 3186 2857 3334 2913; x_wconf 89' lang='lat' dir='ltr'><strong>enim</strong></span> <span class='ocrx_word' id='word_1_607' title='bbox 3407 2858 3517 2928; x_wconf 85' lang='lat' dir='ltr'><strong>ipsi</strong></span> 
     </span>
    </p>
   </div>
   <div class='ocr_carea' id='block_1_75' title="bbox 1933 2949 3518 3023">
    <p class='ocr_par' dir='ltr' id='par_1_75' title="bbox 1933 2949 3518 3023">
     <span class='ocr_line' id='line_1_75' title="bbox 1933 2949 3518 3023; baseline -0.001 -17"><span class='ocrx_word' id='word_1_608' title='bbox 1933 2953 2213 3023; x_wconf 86' lang='lat' dir='ltr'><strong>principes</strong></span> <span class='ocrx_word' id='word_1_609' title='bbox 2244 2952 2338 3023; x_wconf 90' lang='lat' dir='ltr'><strong>qui</strong></span> <span class='ocrx_word' id='word_1_610' title='bbox 2377 2958 2784 3023; x_wconf 67' lang='lat' dir='ltr'><strong>praevenerunt,</strong></span> <span class='ocrx_word' id='word_1_611' title='bbox 2811 2951 2927 3006; x_wconf 81' lang='lat' dir='ltr'><strong>sive</strong></span> <span class='ocrx_word' id='word_1_612' title='bbox 2957 2949 3052 3020; x_wconf 91' lang='lat' dir='ltr'><strong>qui</strong></span> <span class='ocrx_word' id='word_1_613' title='bbox 3093 2960 3320 3015; x_wconf 89' lang='lat' dir='ltr'><strong>canunt,</strong></span> <span class='ocrx_word' id='word_1_614' title='bbox 3357 2959 3413 3004; x_wconf 86' lang='lat' dir='ltr'><strong>et</strong></span> <span class='ocrx_word' id='word_1_615' title='bbox 3459 2950 3518 3004; x_wconf 84' lang='lat' dir='ltr'><strong>in</strong></span> 
     </span>
    </p>
   </div>
   <div class='ocr_carea' id='block_1_76' title="bbox 1936 3039 3520 3115">
    <p class='ocr_par' dir='ltr' id='par_1_76' title="bbox 1936 3039 3520 3115">
     <span class='ocr_line' id='line_1_76' title="bbox 1936 3039 3520 3115; baseline -0.003 -17"><span class='ocrx_word' id='word_1_616' title='bbox 1936 3041 2147 3115; x_wconf 88' lang='lat' dir='ltr'><strong>Spiritu</strong></span> <span class='ocrx_word' id='word_1_617' title='bbox 2181 3052 2377 3102; x_wconf 90' lang='lat' dir='ltr'><strong>sancto</strong></span> <span class='ocrx_word' id='word_1_618' title='bbox 2405 3043 2592 3098; x_wconf 82' lang='lat' dir='ltr'><strong>futura</strong></span> <span class='ocrx_word' id='word_1_619' title='bbox 2616 3042 3010 3114; x_wconf 70' lang='lat' dir='ltr'><strong>praenuntiant,</strong></span> <span class='ocrx_word' id='word_1_620' title='bbox 3036 3041 3406 3112; x_wconf 67' lang='lat' dir='ltr'><strong>praeviderunt</strong></span> <span class='ocrx_word' id='word_1_621' title='bbox 3431 3039 3520 3094; x_wconf 81' lang='lat' dir='ltr'><strong>in-</strong></span> 
     </span>
    </p>
   </div>
   <div class='ocr_carea' id='block_1_77' title="bbox 1857 3133 3521 3240">
    <p class='ocr_par' dir='ltr' id='par_1_77' title="bbox 1857 3133 3521 3240">
     <span class='ocr_line' id='line_1_77' title="bbox 1857 3133 3521 3240; baseline -0.002 -48"><span class='ocrx_word' id='word_1_622' title='bbox 1857 3184 1899 3240; x_wconf 75' lang='lat' dir='ltr'>c</span> <span class='ocrx_word' id='word_1_623' title='bbox 1937 3153 2165 3210; x_wconf 78' lang='lat' dir='ltr'><strong>gressus</strong></span> <span class='ocrx_word' id='word_1_624' title='bbox 2216 3135 2310 3192; x_wconf 92' lang='lat' dir='ltr'><strong>Dei</strong></span> <span class='ocrx_word' id='word_1_625' title='bbox 2357 3137 2466 3192; x_wconf 90' lang='lat' dir='ltr'><strong>mei</strong></span> <span class='ocrx_word' id='word_1_626' title='bbox 2515 3136 2660 3207; x_wconf 89' lang='lat' dir='ltr'><strong>regis</strong></span> <span class='ocrx_word' id='word_1_627' title='bbox 2707 3134 2834 3192; x_wconf 89' lang='lat' dir='ltr'><strong>mei.</strong></span> <span class='ocrx_word' id='word_1_628' title='bbox 2892 3134 2974 3189; x_wconf 90' lang='lat' dir='ltr'><strong>llli</strong></span> <span class='ocrx_word' id='word_1_629' title='bbox 3020 3148 3192 3198; x_wconf 88' lang='lat' dir='ltr'><strong>vero,</strong></span> <span class='ocrx_word' id='word_1_630' title='bbox 3239 3133 3521 3204; x_wconf 68' lang='lat' dir='ltr'><strong>prophetae</strong></span> 
     </span>
    </p>
   </div>
   <div class='ocr_carea' id='block_1_78' title="bbox 1935 3228 3518 3300">
    <p class='ocr_par' dir='ltr' id='par_1_78' title="bbox 1935 3228 3518 3300">
     <span class='ocr_line' id='line_1_78' title="bbox 1935 3228 3518 3300; baseline -0.001 -16"><span class='ocrx_word' id='word_1_631' title='bbox 1935 3242 2150 3300; x_wconf 86' lang='lat' dir='ltr'><strong>nempe,</strong></span> <span class='ocrx_word' id='word_1_632' title='bbox 2183 3228 2486 3300; x_wconf 85' lang='lat' dir='ltr'><strong>apostolos,</strong></span> <span class='ocrx_word' id='word_1_633' title='bbox 2515 3228 2610 3300; x_wconf 90' lang='lat' dir='ltr'><strong>qui</strong></span> <span class='ocrx_word' id='word_1_634' title='bbox 2659 3235 2784 3298; x_wconf 89' lang='lat' dir='ltr'><strong>post</strong></span> <span class='ocrx_word' id='word_1_635' title='bbox 2835 3241 3067 3294; x_wconf 87' lang='lat' dir='ltr'><strong>venere,</strong></span> <span class='ocrx_word' id='word_1_636' title='bbox 3101 3232 3518 3296; x_wconf 61' lang='lat' dir='ltr'><strong>praevertet-unt.</strong></span> 
     </span>
    </p>
   </div>
   <div class='ocr_carea' id='block_1_79' title="bbox 1933 3317 3520 3378">
    <p class='ocr_par' dir='ltr' id='par_1_79' title="bbox 1933 3317 3520 3378">
     <span class='ocr_line' id='line_1_79' title="bbox 1933 3317 3520 3378; baseline -0.003 -1"><span class='ocrx_word' id='word_1_637' title='bbox 1933 3321 2150 3378; x_wconf 87' lang='lat' dir='ltr'><strong>Etenim</strong></span> <span class='ocrx_word' id='word_1_638' title='bbox 2207 3337 2334 3376; x_wconf 89' lang='lat' dir='ltr'><strong>cum</strong></span> <span class='ocrx_word' id='word_1_639' title='bbox 2375 3321 2487 3377; x_wconf 92' lang='lat' dir='ltr'><strong>duo</strong></span> <span class='ocrx_word' id='word_1_640' title='bbox 2520 3321 2676 3376; x_wconf 87' lang='lat' dir='ltr'><strong>chori</strong></span> <span class='ocrx_word' id='word_1_641' title='bbox 2727 3318 3029 3374; x_wconf 86' lang='lat' dir='ltr'><strong>Salvatoris</strong></span> <span class='ocrx_word' id='word_1_642' title='bbox 3083 3317 3258 3373; x_wconf 87' lang='lat' dir='ltr'><strong>nostri</strong></span> <span class='ocrx_word' id='word_1_643' title='bbox 3303 3317 3520 3372; x_wconf 81' lang='lat' dir='ltr'><strong>theolo-</strong></span> 
     </span>
    </p>
   </div>
   <div class='ocr_carea' id='block_1_80' title="bbox 1933 3408 3517 3485">
    <p class='ocr_par' dir='ltr' id='par_1_80' title="bbox 1933 3408 3517 3485">
     <span class='ocr_line' id='line_1_80' title="bbox 1933 3408 3517 3485; baseline -0.004 -17"><span class='ocrx_word' id='word_1_644' title='bbox 1933 3414 2079 3485; x_wconf 88' lang='lat' dir='ltr'><strong>giam</strong></span> <span class='ocrx_word' id='word_1_645' title='bbox 2131 3412 2448 3469; x_wconf 84' lang='lat' dir='ltr'><strong>hominibus</strong></span> <span class='ocrx_word' id='word_1_646' title='bbox 2499 3412 2846 3476; x_wconf 88' lang='lat' dir='ltr'><strong>tradiderint,</strong></span> <span class='ocrx_word' id='word_1_647' title='bbox 2893 3410 2985 3480; x_wconf 86' lang='lat' dir='ltr'><strong>qui</strong></span> <span class='ocrx_word' id='word_1_648' title='bbox 3035 3409 3246 3480; x_wconf 85' lang='lat' dir='ltr'><strong>primus</strong></span> <span class='ocrx_word' id='word_1_649' title='bbox 3290 3408 3517 3478; x_wconf 88' lang='lat' dir='ltr'><strong>prodiit,</strong></span> 
     </span>
    </p>
   </div>
   <div class='ocr_carea' id='block_1_81' title="bbox 1934 3502 3522 3578">
    <p class='ocr_par' dir='ltr' id='par_1_81' title="bbox 1934 3502 3522 3578">
     <span class='ocr_line' id='line_1_81' title="bbox 1934 3502 3522 3578; baseline -0.003 -18"><span class='ocrx_word' id='word_1_650' title='bbox 1934 3505 2290 3578; x_wconf 88' lang='lat' dir='ltr'><strong>propheticus</strong></span> <span class='ocrx_word' id='word_1_651' title='bbox 2318 3505 2702 3576; x_wconf 83' lang='lat' dir='ltr'><strong>chorus_erat;</strong></span> <span class='ocrx_word' id='word_1_652' title='bbox 2733 3503 2825 3574; x_wconf 88' lang='lat' dir='ltr'><strong>qui</strong></span> <span class='ocrx_word' id='word_1_653' title='bbox 2859 3517 2988 3556; x_wconf 88' lang='lat' dir='ltr'><strong>vero</strong></span> <span class='ocrx_word' id='word_1_654' title='bbox 3025 3502 3306 3557; x_wconf 87' lang='lat' dir='ltr'><strong>secundus</strong></span> <span class='ocrx_word' id='word_1_655' title='bbox 3331 3514 3522 3556; x_wconf 83' lang='lat' dir='ltr'><strong>acces-</strong></span> 
     </span>
    </p>
   </div>
   <div class='ocr_carea' id='block_1_82' title="bbox 1934 3591 3522 3668">
    <p class='ocr_par' dir='ltr' id='par_1_82' title="bbox 1934 3591 3522 3668">
     <span class='ocr_line' id='line_1_82' title="bbox 1934 3591 3522 3668; baseline -0.005 -15"><span class='ocrx_word' id='word_1_656' title='bbox 1934 3597 2027 3662; x_wconf 90' lang='lat' dir='ltr'><strong>sit,</strong></span> <span class='ocrx_word' id='word_1_657' title='bbox 2062 3597 2445 3668; x_wconf 89' lang='lat' dir='ltr'><strong>apostolorum</strong></span> <span class='ocrx_word' id='word_1_658' title='bbox 2468 3605 2524 3653; x_wconf 92' lang='lat' dir='ltr'><strong>et</strong></span> <span class='ocrx_word' id='word_1_659' title='bbox 2541 3594 2936 3665; x_wconf 86' lang='lat' dir='ltr'><strong>discipulorum</strong></span> <span class='ocrx_word' id='word_1_660' title='bbox 2965 3591 3170 3647; x_wconf 86' lang='lat' dir='ltr'><strong>Christi</strong></span> <span class='ocrx_word' id='word_1_661' title='bbox 3194 3591 3400 3646; x_wconf 89' lang='lat' dir='ltr'><strong>chorus</strong></span> <span class='ocrx_word' id='word_1_662' title='bbox 3425 3606 3522 3658; x_wconf 50' lang='lat' dir='ltr'><strong>ex:</strong></span> 
     </span>
    </p>
   </div>
   <div class='ocr_carea' id='block_1_83' title="bbox 1935 3683 3518 3756">
    <p class='ocr_par' dir='ltr' id='par_1_83' title="bbox 1935 3683 3518 3756">
     <span class='ocr_line' id='line_1_83' title="bbox 1935 3683 3518 3756; baseline -0.005 -10"><span class='ocrx_word' id='word_1_663' title='bbox 1935 3690 2096 3746; x_wconf 83' lang='lat' dir='ltr'><strong>stitit.</strong></span> <span class='ocrx_word' id='word_1_664' title='bbox 2129 3689 2400 3746; x_wconf 61' lang='lat' dir='ltr'><strong>Caeterum</strong></span> <span class='ocrx_word' id='word_1_665' title='bbox 2431 3689 2535 3745; x_wconf 90' lang='lat' dir='ltr'><strong>visi</strong></span> <span class='ocrx_word' id='word_1_666' title='bbox 2567 3693 2700 3743; x_wconf 90' lang='lat' dir='ltr'><strong>sunt</strong></span> <span class='ocrx_word' id='word_1_667' title='bbox 2744 3686 3040 3756; x_wconf 77' lang='lat' dir='ltr'><strong>ingressus,</strong></span> <span class='ocrx_word' id='word_1_668' title='bbox 3056 3685 3344 3740; x_wconf 89' lang='lat' dir='ltr'><strong>memorati</strong></span> <span class='ocrx_word' id='word_1_669' title='bbox 3380 3683 3518 3753; x_wconf 86' lang='lat' dir='ltr'><strong>Dei;</strong></span> 
     </span>
    </p>
   </div>
   <div class='ocr_carea' id='block_1_84' title="bbox 1935 3773 3521 3850">
    <p class='ocr_par' dir='ltr' id='par_1_84' title="bbox 1935 3773 3521 3850">
     <span class='ocr_line' id='line_1_84' title="bbox 1935 3773 3521 3850; baseline -0.006 -13"><span class='ocrx_word' id='word_1_670' title='bbox 1935 3781 2052 3838; x_wconf 86' lang='lat' dir='ltr'><strong>sive</strong></span> <span class='ocrx_word' id='word_1_671' title='bbox 2076 3779 2341 3850; x_wconf 90' lang='lat' dir='ltr'><strong>apostolis</strong></span> <span class='ocrx_word' id='word_1_672' title='bbox 2369 3777 2591 3849; x_wconf 84' lang='lat' dir='ltr'><strong>quidem</strong></span> <span class='ocrx_word' id='word_1_673' title='bbox 2622 3777 2725 3832; x_wconf 86' lang='lat' dir='ltr'><strong>visi</strong></span> <span class='ocrx_word' id='word_1_674' title='bbox 2775 3783 2926 3838; x_wconf 89' lang='lat' dir='ltr'><strong>sunt,</strong></span> <span class='ocrx_word' id='word_1_675' title='bbox 2953 3773 3049 3844; x_wconf 91' lang='lat' dir='ltr'><strong>qui</strong></span> <span class='ocrx_word' id='word_1_676' title='bbox 3096 3789 3220 3844; x_wconf 84' lang='lat' dir='ltr'><strong>quae</strong></span> <span class='ocrx_word' id='word_1_677' title='bbox 3268 3774 3402 3828; x_wconf 91' lang='lat' dir='ltr'><strong>olim</strong></span> <span class='ocrx_word' id='word_1_678' title='bbox 3451 3789 3521 3828; x_wconf 75' lang='lat' dir='ltr'><strong>ex</strong></span> 
     </span>
    </p>
   </div>
   <div class='ocr_carea' id='block_1_85' title="bbox 1937 3867 3521 3947">
    <p class='ocr_par' dir='ltr' id='par_1_85' title="bbox 1937 3867 3521 3947">
     <span class='ocr_line' id='line_1_85' title="bbox 1937 3867 3521 3947; baseline -0.006 -19"><span class='ocrx_word' id='word_1_679' title='bbox 1937 3873 2288 3947; x_wconf 64' lang='lat' dir='ltr'><strong>praescientia</strong></span> <span class='ocrx_word' id='word_1_680' title='bbox 2329 3869 2693 3944; x_wconf 69' lang='lat' dir='ltr'><strong>praanuntiata</strong></span> <span class='ocrx_word' id='word_1_681' title='bbox 2729 3869 2947 3926; x_wconf 81' lang='lat' dir='ltr'><strong>fuerant</strong></span> <span class='ocrx_word' id='word_1_682' title='bbox 2995 3869 3129 3940; x_wconf 90' lang='lat' dir='ltr'><strong>ipsis</strong></span> <span class='ocrx_word' id='word_1_683' title='bbox 3169 3867 3348 3923; x_wconf 89' lang='lat' dir='ltr'><strong>oculis</strong></span> <span class='ocrx_word' id='word_1_684' title='bbox 3385 3880 3521 3920; x_wconf 88' lang='lat' dir='ltr'><strong>con-</strong></span> 
     </span>
    </p>
   </div>
   <div class='ocr_carea' id='block_1_86' title="bbox 1937 3963 3520 4042">
    <p class='ocr_par' dir='ltr' id='par_1_86' title="bbox 1937 3963 3520 4042">
     <span class='ocr_line' id='line_1_86' title="bbox 1937 3963 3520 4042; baseline -0.005 -16"><span class='ocrx_word' id='word_1_685' title='bbox 1937 3977 2254 4042; x_wconf 80' lang='lat' dir='ltr'><strong>spexerunt.</strong></span> <span class='ocrx_word' id='word_1_686' title='bbox 2302 3967 2371 4023; x_wconf 81' lang='lat' dir='ltr'><strong>Bi</strong></span> <span class='ocrx_word' id='word_1_687' title='bbox 2409 3968 2595 4038; x_wconf 88' lang='lat' dir='ltr'><strong>itaque</strong></span> <span class='ocrx_word' id='word_1_688' title='bbox 2642 3965 2846 4022; x_wconf 86' lang='lat' dir='ltr'><strong>oculati</strong></span> <span class='ocrx_word' id='word_1_689' title='bbox 2880 3965 3164 4036; x_wconf 88' lang='lat' dir='ltr'><strong>ingressus</strong></span> <span class='ocrx_word' id='word_1_690' title='bbox 3210 3963 3307 4019; x_wconf 92' lang='lat' dir='ltr'><strong>Dei</strong></span> <span class='ocrx_word' id='word_1_691' title='bbox 3346 3973 3520 4020; x_wconf 85' lang='lat' dir='ltr'><strong>testes</strong></span> 
     </span>
    </p>
   </div>
   <div class='ocr_carea' id='block_1_87' title="bbox 1937 4055 3519 4134">
    <p class='ocr_par' dir='ltr' id='par_1_87' title="bbox 1937 4055 3519 4134">
     <span class='ocr_line' id='line_1_87' title="bbox 1937 4055 3519 4134; baseline -0.008 -13"><span class='ocrx_word' id='word_1_692' title='bbox 1937 4067 2091 4121; x_wconf 78' lang='lat' dir='ltr'><strong>fuere</strong></span> <span class='ocrx_word' id='word_1_693' title='bbox 2121 4083 2136 4118; x_wconf 88' lang='lat'><strong>:</strong></span> <span class='ocrx_word' id='word_1_694' title='bbox 2171 4063 2320 4134; x_wconf 88' lang='lat' dir='ltr'><strong>ipsos</strong></span> <span class='ocrx_word' id='word_1_695' title='bbox 2353 4067 2536 4115; x_wconf 88' lang='lat' dir='ltr'><strong>tamen</strong></span> <span class='ocrx_word' id='word_1_696' title='bbox 2561 4064 2940 4130; x_wconf 68' lang='lat' dir='ltr'><strong>praevenerunt</strong></span> <span class='ocrx_word' id='word_1_697' title='bbox 2971 4055 3246 4126; x_wconf 87' lang='lat' dir='ltr'><strong>principes</strong></span> <span class='ocrx_word' id='word_1_698' title='bbox 3297 4055 3519 4124; x_wconf 86' lang='lat' dir='ltr'><strong>quidam</strong></span> 
     </span>
    </p>
   </div>
   <div class='ocr_carea' id='block_1_88' title="bbox 1936 4147 3520 4229">
    <p class='ocr_par' dir='ltr' id='par_1_88' title="bbox 1936 4147 3520 4229">
     <span class='ocr_line' id='line_1_88' title="bbox 1936 4147 3520 4229; baseline -0.009 -15"><span class='ocrx_word' id='word_1_699' title='bbox 1936 4157 2220 4229; x_wconf 88' lang='lat' dir='ltr'><strong>conjuncti</strong></span> <span class='ocrx_word' id='word_1_700' title='bbox 2270 4152 2634 4226; x_wconf 86' lang='lat' dir='ltr'><strong>psallentibus</strong></span> <span class='ocrx_word' id='word_1_701' title='bbox 2663 4169 2678 4206; x_wconf 89' lang='lat'><strong>:</strong></span> <span class='ocrx_word' id='word_1_702' title='bbox 2711 4149 2871 4221; x_wconf 86' lang='lat' dir='ltr'><strong>queis</strong></span> <span class='ocrx_word' id='word_1_703' title='bbox 2947 4147 3329 4218; x_wconf 74' lang='lat' dir='ltr'><strong>significantur</strong></span> <span class='ocrx_word' id='word_1_704' title='bbox 3391 4160 3520 4200; x_wconf 89' lang='lat' dir='ltr'><strong>cum</strong></span> 
     </span>
    </p>
   </div>
   <div class='ocr_carea' id='block_1_89' title="bbox 1938 4237 3520 4322">
    <p class='ocr_par' dir='ltr' id='par_1_89' title="bbox 1938 4237 3520 4322">
     <span class='ocr_line' id='line_1_89' title="bbox 1938 4237 3520 4322; baseline -0.009 -16"><span class='ocrx_word' id='word_1_705' title='bbox 1938 4251 2056 4322; x_wconf 88' lang='lat' dir='ltr'><strong>ipse</strong></span> <span class='ocrx_word' id='word_1_706' title='bbox 2094 4247 2286 4312; x_wconf 87' lang='lat' dir='ltr'><strong>David,</strong></span> <span class='ocrx_word' id='word_1_707' title='bbox 2336 4254 2451 4301; x_wconf 89' lang='lat' dir='ltr'><strong>tum</strong></span> <span class='ocrx_word' id='word_1_708' title='bbox 2505 4244 2548 4300; x_wconf 90' lang='lat' dir='ltr'><strong>ii</strong></span> <span class='ocrx_word' id='word_1_709' title='bbox 2597 4244 2692 4314; x_wconf 91' lang='lat' dir='ltr'><strong>qui</strong></span> <span class='ocrx_word' id='word_1_710' title='bbox 2743 4255 2853 4297; x_wconf 86' lang='lat' dir='ltr'><strong>una</strong></span> <span class='ocrx_word' id='word_1_711' title='bbox 2909 4255 3034 4294; x_wconf 87' lang='lat' dir='ltr'><strong>cum</strong></span> <span class='ocrx_word' id='word_1_712' title='bbox 3064 4253 3132 4294; x_wconf 92' lang='lat' dir='ltr'><strong>eo</strong></span> <span class='ocrx_word' id='word_1_713' title='bbox 3181 4246 3318 4294; x_wconf 85' lang='lat' dir='ltr'><strong>tunc</strong></span> <span class='ocrx_word' id='word_1_714' title='bbox 3350 4237 3520 4292; x_wconf 86' lang='lat' dir='ltr'><strong>duces</strong></span> 
     </span>
    </p>
   </div>
   <div class='ocr_carea' id='block_1_90' title="bbox 1941 4328 3520 4412">
    <p class='ocr_par' dir='ltr' id='par_1_90' title="bbox 1941 4328 3520 4412">
     <span class='ocr_line' id='line_1_90' title="bbox 1941 4328 3520 4412; baseline -0.009 -17"><span class='ocrx_word' id='word_1_715' title='bbox 1941 4339 2127 4412; x_wconf 90' lang='lat' dir='ltr'><strong>populi</strong></span> <span class='ocrx_word' id='word_1_716' title='bbox 2158 4343 2336 4393; x_wconf 88' lang='lat' dir='ltr'><strong>erant.</strong></span> <span class='ocrx_word' id='word_1_717' title='bbox 2389 4333 2454 4389; x_wconf 83' lang='lat' dir='ltr'><strong>Hi</strong></span> <span class='ocrx_word' id='word_1_718' title='bbox 2489 4331 2773 4402; x_wconf 90' lang='lat' dir='ltr'><strong>conjuncti</strong></span> <span class='ocrx_word' id='word_1_719' title='bbox 2827 4328 3195 4402; x_wconf 89' lang='lat' dir='ltr'><strong>psallentibus</strong></span> <span class='ocrx_word' id='word_1_720' title='bbox 3241 4341 3520 4397; x_wconf 65' lang='lat' dir='ltr'><strong>praevene-</strong></span> 
     </span>
    </p>
   </div>
   <div class='ocr_carea' id='block_1_91' title="bbox 1937 4413 3548 4493">
    <p class='ocr_par' dir='ltr' id='par_1_91' title="bbox 1937 4413 3548 4493">
     <span class='ocr_line' id='line_1_91' title="bbox 1937 4413 3548 4493; baseline -0.007 -12"><span class='ocrx_word' id='word_1_721' title='bbox 1937 4433 2066 4481; x_wconf 92' lang='lat' dir='ltr'><strong>runt</strong></span> <span class='ocrx_word' id='word_1_722' title='bbox 2087 4426 2142 4480; x_wconf 90' lang='lat' dir='ltr'><strong>in</strong></span> <span class='ocrx_word' id='word_1_723' title='bbox 2158 4423 2340 4480; x_wconf 90' lang='lat' dir='ltr'><strong>medio</strong></span> <span class='ocrx_word' id='word_1_724' title='bbox 2355 4421 2774 4493; x_wconf 85' lang='lat' dir='ltr'><strong>juvencularum</strong></span> <span class='ocrx_word' id='word_1_725' title='bbox 2807 4417 3334 4488; x_wconf 88' lang='lat' dir='ltr'><strong>tympanistriarum.</strong></span> <span class='ocrx_word' id='word_1_726' title='bbox 3360 4413 3521 4470; x_wconf 79' lang='lat' dir='ltr'><strong>Tales</strong></span> <span class='ocrx_word' id='word_1_727' title='bbox 3544 4449 3548 4460; x_wconf 74' lang='lat'><strong>.-</strong></span> 
     </span>
    </p>
   </div>
   <div class='ocr_carea' id='block_1_92' title="bbox 253 4504 1834 4602">
    <p class='ocr_par' dir='ltr' id='par_1_92' title="bbox 253 4526 1834 4602">
     <span class='ocr_line' id='line_1_92' title="bbox 253 4526 1834 4602; baseline -0.003 -17"><span class='ocrx_word' id='word_1_728' title='bbox 253 4533 382 4596; x_wconf 84' lang='grc' dir='ltr'><strong>τοὺς</strong></span> <span class='ocrx_word' id='word_1_729' title='bbox 413 4533 612 4594; x_wconf 79' lang='grc' dir='ltr'><strong>αὐτοὺς</strong></span> <span class='ocrx_word' id='word_1_730' title='bbox 657 4530 884 4602; x_wconf 85' lang='grc' dir='ltr'><strong>χρόνους</strong></span> <span class='ocrx_word' id='word_1_731' title='bbox 920 4529 1256 4601; x_wconf 80' lang='grc' dir='ltr'><strong>ἡγουμένους</strong></span> <span class='ocrx_word' id='word_1_732' title='bbox 1285 4527 1380 4582; x_wconf 90' lang='grc' dir='ltr'>τοῦ</span> <span class='ocrx_word' id='word_1_733' title='bbox 1426 4526 1590 4582; x_wconf 87' lang='grc' dir='ltr'><strong>λαοῦ·</strong></span> <span class='ocrx_word' id='word_1_734' title='bbox 1642 4527 1834 4592; x_wconf 78' lang='grc' dir='ltr'><strong>οἵτινες</strong></span> 
     </span>
    </p>
   </div>
   <div class='ocr_carea' id='block_1_93' title="bbox 1935 4504 3538 4602">
    <p class='ocr_par' dir='ltr' id='par_1_93' title="bbox 1939 4504 3538 4582">
     <span class='ocr_line' id='line_1_93' title="bbox 1939 4504 3538 4582; baseline -0.01 -8"><span class='ocrx_word' id='word_1_735' title='bbox 1939 4527 2088 4574; x_wconf 90' lang='lat' dir='ltr'><strong>certe</strong></span> <span class='ocrx_word' id='word_1_736' title='bbox 2115 4525 2274 4572; x_wconf 89' lang='lat' dir='ltr'><strong>erant</strong></span> <span class='ocrx_word' id='word_1_737' title='bbox 2319 4513 2562 4569; x_wconf 69' lang='lat' dir='ltr'><strong>Judaicae</strong></span> <span class='ocrx_word' id='word_1_738' title='bbox 2591 4523 2900 4582; x_wconf 65' lang='lat' dir='ltr'><strong>synagoga,</strong></span> <span class='ocrx_word' id='word_1_739' title='bbox 2940 4505 3277 4577; x_wconf 66' lang='lat' dir='ltr'><strong>imperfectae</strong></span> <span class='ocrx_word' id='word_1_740' title='bbox 3308 4504 3538 4560; x_wconf 80' lang='lat' dir='ltr'><strong>scilicet</strong></span> 
     </span>
    </p>
   </div>
   <div class='ocr_carea' id='block_1_94' title="bbox 254 4621 1837 4698">
    <p class='ocr_par' dir='ltr' id='par_1_94' title="bbox 254 4621 1837 4698">
     <span class='ocr_line' id='line_1_94' title="bbox 254 4621 1837 4698; baseline -0.005 -19"><span class='ocrx_word' id='word_1_741' title='bbox 254 4625 504 4698; x_wconf 71' lang='grc' dir='ltr'><strong>ἐχόμενοι</strong></span> <span class='ocrx_word' id='word_1_742' title='bbox 533 4623 640 4678; x_wconf 88' lang='grc' dir='ltr'><strong>τῶν</strong></span> <span class='ocrx_word' id='word_1_743' title='bbox 688 4623 1000 4694; x_wconf 78' lang='grc' dir='ltr'><strong>ψαλλόντων</strong></span> <span class='ocrx_word' id='word_1_744' title='bbox 1036 4621 1389 4694; x_wconf 81' lang='grc' dir='ltr'><strong>προέφθασαν</strong></span> <span class='ocrx_word' id='word_1_745' title='bbox 1433 4623 1492 4675; x_wconf 82' lang='grc' dir='ltr'><strong>ὲν</strong></span> <span class='ocrx_word' id='word_1_746' title='bbox 1534 4621 1685 4692; x_wconf 83' lang='grc' dir='ltr'><strong>μέσῳ</strong></span> <span class='ocrx_word' id='word_1_747' title='bbox 1713 4636 1837 4675; x_wconf 88' lang='grc' dir='ltr'><strong>νεα-</strong></span> 
     </span>
    </p>
   </div>
   <div class='ocr_carea' id='block_1_95' title="bbox 254 4709 1838 4788">
    <p class='ocr_par' dir='ltr' id='par_1_95' title="bbox 254 4709 1838 4788">
     <span class='ocr_line' id='line_1_95' title="bbox 254 4709 1838 4788; baseline -0.005 -16"><span class='ocrx_word' id='word_1_748' title='bbox 254 4718 414 4773; x_wconf 86' lang='grc' dir='ltr'><strong>νίδων</strong></span> <span class='ocrx_word' id='word_1_749' title='bbox 443 4715 906 4788; x_wconf 82' lang='grc' dir='ltr'><strong>τυμπανιστριῶν.</strong></span> <span class='ocrx_word' id='word_1_750' title='bbox 927 4714 1186 4769; x_wconf 89' lang='grc' dir='ltr'><strong>Τοιαῦται</strong></span> <span class='ocrx_word' id='word_1_751' title='bbox 1216 4713 1275 4768; x_wconf 80' lang='grc' dir='ltr'><strong>δὲ</strong></span> <span class='ocrx_word' id='word_1_752' title='bbox 1295 4709 1436 4786; x_wconf 83' lang='grc' dir='ltr'><strong>ἦσαν</strong></span> <span class='ocrx_word' id='word_1_753' title='bbox 1462 4715 1518 4767; x_wconf 89' lang='grc' dir='ltr'><strong>αἱ</strong></span> <span class='ocrx_word' id='word_1_754' title='bbox 1551 4711 1838 4766; x_wconf 78' lang='grc' dir='ltr'><strong>Ἰουδαῖκαὶ</strong></span> 
     </span>
    </p>
   </div>
   <div class='ocr_carea' id='block_1_96' title="bbox 257 4806 1837 4878">
    <p class='ocr_par' dir='ltr' id='par_1_96' title="bbox 257 4806 1837 4878">
     <span class='ocr_line' id='line_1_96' title="bbox 257 4806 1837 4878; baseline -0.004 -14"><span class='ocrx_word' id='word_1_755' title='bbox 257 4809 596 4878; x_wconf 72' lang='grc' dir='ltr'><strong>συναγωγαὶ,</strong></span> <span class='ocrx_word' id='word_1_756' title='bbox 625 4807 838 4872; x_wconf 83' lang='grc' dir='ltr'><strong>ἀτελεῖς</strong></span> <span class='ocrx_word' id='word_1_757' title='bbox 864 4808 960 4862; x_wconf 69' lang='grc' dir='ltr'><strong>καὶ</strong></span> <span class='ocrx_word' id='word_1_758' title='bbox 997 4807 1165 4862; x_wconf 85' lang='grc' dir='ltr'><strong>εἰσέτι</strong></span> <span class='ocrx_word' id='word_1_759' title='bbox 1192 4809 1452 4874; x_wconf 88' lang='grc' dir='ltr'><strong>νεάνιδες,</strong></span> <span class='ocrx_word' id='word_1_760' title='bbox 1493 4808 1651 4862; x_wconf 88' lang='grc' dir='ltr'><strong>πλέον</strong></span> <span class='ocrx_word' id='word_1_761' title='bbox 1683 4806 1837 4860; x_wconf 77' lang='grc' dir='ltr'><strong>οὐδὲν</strong></span> 
     </span>
    </p>
   </div>
   <div class='ocr_carea' id='block_1_97' title="bbox 255 4899 1838 4972">
    <p class='ocr_par' dir='ltr' id='par_1_97' title="bbox 255 4899 1838 4972">
     <span class='ocr_line' id='line_1_97' title="bbox 255 4899 1838 4972; baseline -0.004 -16"><span class='ocrx_word' id='word_1_762' title='bbox 255 4900 619 4972; x_wconf 68' lang='grc' dir='ltr'><strong>ἐπιστάμεναι</strong></span> <span class='ocrx_word' id='word_1_763' title='bbox 663 4901 697 4972; x_wconf 78' lang='grc' dir='ltr'>ἢ</span> <span class='ocrx_word' id='word_1_764' title='bbox 743 4900 1048 4971; x_wconf 82' lang='grc' dir='ltr'><strong>τυμπάνοις</strong></span> <span class='ocrx_word' id='word_1_765' title='bbox 1090 4900 1326 4972; x_wconf 82' lang='grc' dir='ltr'><strong>χρῆσθαι</strong></span> <span class='ocrx_word' id='word_1_766' title='bbox 1351 4903 1468 4962; x_wconf 85' lang='grc' dir='ltr'><strong>τοῖς</strong></span> <span class='ocrx_word' id='word_1_767' title='bbox 1508 4899 1838 4969; x_wconf 84' lang='grc' dir='ltr'><strong>σωματικοῖς</strong></span> 
     </span>
    </p>
   </div>
   <div class='ocr_carea' id='block_1_98' title="bbox 256 4990 1831 5070">
    <p class='ocr_par' dir='ltr' id='par_1_98' title="bbox 256 4990 1831 5070">
     <span class='ocr_line' id='line_1_98' title="bbox 256 4990 1831 5070; baseline -0.001 -24"><span class='ocrx_word' id='word_1_768' title='bbox 256 4994 507 5070; x_wconf 83' lang='grc' dir='ltr'><strong>ὀργάνοις</strong></span> <span class='ocrx_word' id='word_1_769' title='bbox 543 4995 607 5047; x_wconf 81' lang='grc' dir='ltr'><strong>ὲκ</strong></span> <span class='ocrx_word' id='word_1_770' title='bbox 645 4993 806 5064; x_wconf 82' lang='grc' dir='ltr'><strong>δορᾶς</strong></span> <span class='ocrx_word' id='word_1_771' title='bbox 844 4992 1053 5063; x_wconf 82' lang='grc' dir='ltr'><strong>νεκρῶν</strong></span> <span class='ocrx_word' id='word_1_772' title='bbox 1087 4991 1244 5056; x_wconf 78' lang='grc' dir='ltr'><strong>ζώων</strong></span> <span class='ocrx_word' id='word_1_773' title='bbox 1286 4990 1831 5062; x_wconf 86' lang='grc' dir='ltr'><strong>κατεσκευασμένοις.</strong></span> 
     </span>
    </p>
   </div>
   <div class='ocr_carea' id='block_1_99' title="bbox 257 5079 1835 5156">
    <p class='ocr_par' dir='ltr' id='par_1_99' title="bbox 257 5079 1835 5156">
     <span class='ocr_line' id='line_1_99' title="bbox 257 5079 1835 5156; baseline -0.003 -20"><span class='ocrx_word' id='word_1_774' title='bbox 257 5083 351 5138; x_wconf 87' lang='grc' dir='ltr'><strong>Διδ</strong></span> <span class='ocrx_word' id='word_1_775' title='bbox 374 5083 800 5156; x_wconf 86' lang='grc' dir='ltr'><strong>τυμπανίστριαι</strong></span> <span class='ocrx_word' id='word_1_776' title='bbox 827 5081 1094 5154; x_wconf 77' lang='grc' dir='ltr'><strong>εἴρηνται,</strong></span> <span class='ocrx_word' id='word_1_777' title='bbox 1125 5081 1204 5152; x_wconf 83' lang='grc' dir='ltr'><strong>τῷ</strong></span> <span class='ocrx_word' id='word_1_778' title='bbox 1231 5081 1395 5152; x_wconf 83' lang='grc' dir='ltr'><strong>μηδὲν</strong></span> <span class='ocrx_word' id='word_1_779' title='bbox 1426 5080 1612 5151; x_wconf 70' lang='grc' dir='ltr'><strong>ἕτερον</strong></span> <span class='ocrx_word' id='word_1_780' title='bbox 1637 5079 1835 5134; x_wconf 81' lang='grc' dir='ltr'><strong>ειδέναι</strong></span> 
     </span>
    </p>
   </div>
   <div class='ocr_carea' id='block_1_100' title="bbox 260 5174 1822 5249">
    <p class='ocr_par' dir='ltr' id='par_1_100' title="bbox 260 5174 1822 5249">
     <span class='ocr_line' id='line_1_100' title="bbox 260 5174 1822 5249; baseline -0.001 -19"><span class='ocrx_word' id='word_1_781' title='bbox 260 5176 295 5248; x_wconf 79' lang='grc' dir='ltr'>ἢ</span> <span class='ocrx_word' id='word_1_782' title='bbox 323 5176 394 5232; x_wconf 80' lang='grc' dir='ltr'><strong>τὰ</strong></span> <span class='ocrx_word' id='word_1_783' title='bbox 429 5177 715 5249; x_wconf 78' lang='grc' dir='ltr'><strong>σωματικά</strong></span> <span class='ocrx_word' id='word_1_784' title='bbox 745 5174 839 5230; x_wconf 90' lang='grc' dir='ltr'>τοῦ</span> <span class='ocrx_word' id='word_1_785' title='bbox 862 5175 1030 5246; x_wconf 87' lang='grc' dir='ltr'><strong>νόμου</strong></span> <span class='ocrx_word' id='word_1_786' title='bbox 1056 5174 1515 5246; x_wconf 86' lang='grc' dir='ltr'><strong>παραγγέλματα.</strong></span> <span class='ocrx_word' id='word_1_787' title='bbox 1817 5201 1822 5206; x_wconf 89' lang='grc'><strong>·</strong></span> 
     </span>
    </p>
   </div>
   <div class='ocr_carea' id='block_1_101' title="bbox 340 5285 1840 5361">
    <p class='ocr_par' dir='ltr' id='par_1_101' title="bbox 340 5285 1840 5361">
     <span class='ocr_line' id='line_1_101' title="bbox 340 5285 1840 5361; baseline -0.002 -20"><span class='ocrx_word' id='word_1_788' title='bbox 340 5308 360 5340; x_wconf 75' lang='grc' dir='ltr'><strong>ι</strong></span> <span class='ocrx_word' id='word_1_789' title='bbox 400 5289 490 5342; x_wconf 86' lang='grc' dir='ltr'><strong>Ἑν</strong></span> <span class='ocrx_word' id='word_1_790' title='bbox 531 5289 878 5361; x_wconf 85' lang='grc' dir='ltr'><strong>Ἐκκλησίαις</strong></span> <span class='ocrx_word' id='word_1_791' title='bbox 905 5289 1174 5358; x_wconf 83' lang='grc' dir='ltr'><strong>εὐλογεῖτε</strong></span> <span class='ocrx_word' id='word_1_792' title='bbox 1202 5288 1294 5341; x_wconf 83' lang='grc' dir='ltr'><strong>τὸν</strong></span> <span class='ocrx_word' id='word_1_793' title='bbox 1342 5287 1475 5340; x_wconf 81' lang='grc' dir='ltr'><strong>Θεὸν</strong></span> <span class='ocrx_word' id='word_1_794' title='bbox 1518 5286 1720 5358; x_wconf 80' lang='grc' dir='ltr'><strong>Κύρων</strong></span> <span class='ocrx_word' id='word_1_795' title='bbox 1775 5285 1840 5338; x_wconf 75' lang='grc' dir='ltr'><strong>ἐκ</strong></span> 
     </span>
    </p>
   </div>
   <div class='ocr_carea' id='block_1_102' title="bbox 262 5377 1842 5454">
    <p class='ocr_par' dir='ltr' id='par_1_102' title="bbox 262 5377 1842 5454">
     <span class='ocr_line' id='line_1_102' title="bbox 262 5377 1842 5454; baseline -0.001 -22"><span class='ocrx_word' id='word_1_796' title='bbox 262 5379 457 5454; x_wconf 82' lang='grc' dir='ltr'><strong>πηγῶν</strong></span> <span class='ocrx_word' id='word_1_797' title='bbox 500 5381 737 5454; x_wconf 85' lang='grc' dir='ltr'><strong>Ἰσραήλ.</strong></span> <span class='ocrx_word' id='word_1_798' title='bbox 770 5402 787 5436; x_wconf 90' lang='lat'><strong>3</strong></span> <span class='ocrx_word' id='word_1_799' title='bbox 846 5383 1002 5436; x_wconf 84' lang='grc' dir='ltr'><strong>Μετὰ</strong></span> <span class='ocrx_word' id='word_1_800' title='bbox 1049 5383 1176 5445; x_wconf 83' lang='grc' dir='ltr'><strong>τοὺς</strong></span> <span class='ocrx_word' id='word_1_801' title='bbox 1210 5381 1702 5454; x_wconf 84' lang='grc' dir='ltr'><strong>προθεωρήσαντας</strong></span> <span class='ocrx_word' id='word_1_802' title='bbox 1735 5377 1842 5441; x_wconf 80' lang='grc' dir='ltr'><strong>τὰς</strong></span> 
     </span>
    </p>
   </div>
   <div class='ocr_carea' id='block_1_103' title="bbox 261 5469 1842 5545">
    <p class='ocr_par' dir='ltr' id='par_1_103' title="bbox 261 5469 1842 5545">
     <span class='ocr_line' id='line_1_103' title="bbox 261 5469 1842 5545; baseline -0.004 -17"><span class='ocrx_word' id='word_1_803' title='bbox 261 5473 358 5528; x_wconf 85' lang='grc' dir='ltr'>τοῦ</span> <span class='ocrx_word' id='word_1_804' title='bbox 413 5473 742 5545; x_wconf 73' lang='grc' dir='ltr'><strong>δηλωθέντος</strong></span> <span class='ocrx_word' id='word_1_805' title='bbox 777 5472 914 5528; x_wconf 89' lang='grc' dir='ltr'>Θεοῦ</span> <span class='ocrx_word' id='word_1_806' title='bbox 949 5473 1207 5544; x_wconf 83' lang='grc' dir='ltr'><strong>πορείας,</strong></span> <span class='ocrx_word' id='word_1_807' title='bbox 1256 5471 1564 5534; x_wconf 80' lang='grc' dir='ltr'><strong>ἀκολούθως</strong></span> <span class='ocrx_word' id='word_1_808' title='bbox 1604 5471 1633 5523; x_wconf 91' lang='lat'><strong>6</strong></span> <span class='ocrx_word' id='word_1_809' title='bbox 1686 5469 1842 5537; x_wconf 86' lang='grc' dir='ltr'><strong>λόγος</strong></span> 
     </span>
    </p>
   </div>
   <div class='ocr_carea' id='block_1_104' title="bbox 264 5562 1846 5638">
    <p class='ocr_par' dir='ltr' id='par_1_104' title="bbox 264 5562 1846 5638">
     <span class='ocr_line' id='line_1_104' title="bbox 264 5562 1846 5638; baseline -0.004 -19"><span class='ocrx_word' id='word_1_810' title='bbox 264 5566 473 5638; x_wconf 76' lang='grc' dir='ltr'><strong>ἑτέροις</strong></span> <span class='ocrx_word' id='word_1_811' title='bbox 502 5567 612 5620; x_wconf 76' lang='grc' dir='ltr'><strong>τισὶ</strong></span> <span class='ocrx_word' id='word_1_812' title='bbox 665 5565 802 5638; x_wconf 79' lang='grc' dir='ltr'><strong>μετὰ</strong></span> <span class='ocrx_word' id='word_1_813' title='bbox 843 5567 968 5629; x_wconf 86' lang='grc' dir='ltr'><strong>τοὺς</strong></span> <span class='ocrx_word' id='word_1_814' title='bbox 1019 5563 1268 5636; x_wconf 81' lang='grc' dir='ltr'><strong>πρώτους</strong></span> <span class='ocrx_word' id='word_1_815' title='bbox 1295 5562 1620 5634; x_wconf 85' lang='grc' dir='ltr'><strong>γενομένους</strong></span> <span class='ocrx_word' id='word_1_816' title='bbox 1676 5577 1846 5634; x_wconf 89' lang='grc' dir='ltr'><strong>προσ-</strong></span> 
     </span>
    </p>
   </div>
   <div class='ocr_carea' id='block_1_105' title="bbox 267 5653 1836 5728">
    <p class='ocr_par' dir='ltr' id='par_1_105' title="bbox 267 5653 1836 5728">
     <span class='ocr_line' id='line_1_105' title="bbox 267 5653 1836 5728; baseline -0.001 -20"><span class='ocrx_word' id='word_1_817' title='bbox 267 5661 436 5728; x_wconf 73' lang='grc' dir='ltr'><strong>φωνεῖ</strong></span> <span class='ocrx_word' id='word_1_818' title='bbox 451 5657 624 5727; x_wconf 80' lang='grc' dir='ltr'><strong>λέγων</strong></span> <span class='ocrx_word' id='word_1_819' title='bbox 643 5675 656 5688; x_wconf 86' lang='grc'><strong>·</strong></span> <span class='ocrx_word' id='word_1_820' title='bbox 695 5679 713 5710; x_wconf 79' lang='grc' dir='ltr'><strong>ι</strong></span> <span class='ocrx_word' id='word_1_821' title='bbox 755 5658 843 5712; x_wconf 88' lang='grc' dir='ltr'><strong>Ἐν</strong></span> <span class='ocrx_word' id='word_1_822' title='bbox 868 5656 1191 5728; x_wconf 73' lang='grc' dir='ltr'><strong>ἐκκλησίαις</strong></span> <span class='ocrx_word' id='word_1_823' title='bbox 1220 5655 1490 5726; x_wconf 76' lang='grc' dir='ltr'><strong>εὐλογεῖτε</strong></span> <span class='ocrx_word' id='word_1_824' title='bbox 1511 5655 1606 5710; x_wconf 82' lang='grc' dir='ltr'><strong>τὸν</strong></span> <span class='ocrx_word' id='word_1_825' title='bbox 1625 5653 1786 5708; x_wconf 87' lang='grc' dir='ltr'><strong>Θεόν·</strong></span> <span class='ocrx_word' id='word_1_826' title='bbox 1815 5670 1836 5706; x_wconf 95' lang='lat'><strong>3</strong></span> 
     </span>
    </p>
   </div>
   <div class='ocr_carea' id='block_1_106' title="bbox 336 5814 778 5880">
    <p class='ocr_par' dir='ltr' id='par_1_106' title="bbox 336 5814 778 5880">
     <span class='ocr_line' id='line_1_106' title="bbox 336 5814 778 5880; baseline 0.007 -13"><span class='ocrx_word' id='word_1_827' title='bbox 336 5815 383 5848; x_wconf 76' lang='lat'><strong>“</strong></span> <span class='ocrx_word' id='word_1_828' title='bbox 402 5814 546 5871; x_wconf 84' lang='lat' dir='ltr'><strong>Psal.</strong></span> <span class='ocrx_word' id='word_1_829' title='bbox 576 5828 686 5880; x_wconf 73' lang='lat' dir='ltr'><strong>cn,</strong></span> <span class='ocrx_word' id='word_1_830' title='bbox 722 5815 778 5870; x_wconf 82' lang='grc'><strong>1.</strong></span> 
     </span>
    </p>
   </div>
   <div class='ocr_carea' id='block_1_107' title="bbox 1940 4593 3522 4677">
    <p class='ocr_par' dir='ltr' id='par_1_107' title="bbox 1940 4593 3522 4677">
     <span class='ocr_line' id='line_1_107' title="bbox 1940 4593 3522 4677; baseline -0.013 -12"><span class='ocrx_word' id='word_1_831' title='bbox 1940 4617 1995 4666; x_wconf 91' lang='lat' dir='ltr'><strong>et</strong></span> <span class='ocrx_word' id='word_1_832' title='bbox 2045 4607 2225 4663; x_wconf 88' lang='lat' dir='ltr'><strong>adhuc</strong></span> <span class='ocrx_word' id='word_1_833' title='bbox 2262 4604 2592 4677; x_wconf 71' lang='lat' dir='ltr'><strong>juvenculae,</strong></span> <span class='ocrx_word' id='word_1_834' title='bbox 2625 4601 2778 4656; x_wconf 87' lang='lat' dir='ltr'><strong>nulla</strong></span> <span class='ocrx_word' id='word_1_835' title='bbox 2833 4599 2939 4652; x_wconf 91' lang='lat' dir='ltr'><strong>alia</strong></span> <span class='ocrx_word' id='word_1_836' title='bbox 2981 4596 3213 4652; x_wconf 89' lang='lat' dir='ltr'><strong>scientia</strong></span> <span class='ocrx_word' id='word_1_837' title='bbox 3253 4593 3522 4665; x_wconf 64' lang='lat' dir='ltr'><strong>praedita.</strong></span> 
     </span>
    </p>
   </div>
   <div class='ocr_carea' id='block_1_108' title="bbox 1940 4685 3519 4773">
    <p class='ocr_par' dir='ltr' id='par_1_108' title="bbox 1940 4685 3519 4773">
     <span class='ocr_line' id='line_1_108' title="bbox 1940 4685 3519 4773; baseline -0.012 -15"><span class='ocrx_word' id='word_1_838' title='bbox 1940 4717 2104 4773; x_wconf 89' lang='lat' dir='ltr'><strong>quam</strong></span> <span class='ocrx_word' id='word_1_839' title='bbox 2143 4708 2204 4754; x_wconf 91' lang='lat' dir='ltr'><strong>ut</strong></span> <span class='ocrx_word' id='word_1_840' title='bbox 2225 4698 2500 4772; x_wconf 88' lang='lat' dir='ltr'><strong>tympanis</strong></span> <span class='ocrx_word' id='word_1_841' title='bbox 2528 4695 2644 4752; x_wconf 85' lang='lat' dir='ltr'><strong>sive</strong></span> <span class='ocrx_word' id='word_1_842' title='bbox 2670 4691 2953 4763; x_wconf 85' lang='lat' dir='ltr'><strong>corporeis</strong></span> <span class='ocrx_word' id='word_1_843' title='bbox 2985 4685 3369 4744; x_wconf 83' lang='lat' dir='ltr'><strong>instrumentis</strong></span> <span class='ocrx_word' id='word_1_844' title='bbox 3394 4694 3519 4740; x_wconf 86' lang='lat' dir='ltr'><strong>ute-</strong></span> 
     </span>
    </p>
   </div>
   <div class='ocr_carea' id='block_1_109' title="bbox 1941 4776 3519 4858">
    <p class='ocr_par' dir='ltr' id='par_1_109' title="bbox 1941 4776 3519 4858">
     <span class='ocr_line' id='line_1_109' title="bbox 1941 4776 3519 4858; baseline -0.01 -10"><span class='ocrx_word' id='word_1_845' title='bbox 1941 4803 2156 4858; x_wconf 88' lang='lat' dir='ltr'><strong>rentur,</strong></span> <span class='ocrx_word' id='word_1_846' title='bbox 2199 4807 2267 4847; x_wconf 77' lang='lat' dir='ltr'><strong>ex</strong></span> <span class='ocrx_word' id='word_1_847' title='bbox 2298 4801 2642 4846; x_wconf 90' lang='lat' dir='ltr'><strong>mortuorum</strong></span> <span class='ocrx_word' id='word_1_848' title='bbox 2678 4785 3000 4840; x_wconf 86' lang='lat' dir='ltr'><strong>animalium</strong></span> <span class='ocrx_word' id='word_1_849' title='bbox 3043 4780 3184 4852; x_wconf 88' lang='lat' dir='ltr'><strong>pelle</strong></span> <span class='ocrx_word' id='word_1_850' title='bbox 3229 4776 3519 4834; x_wconf 77' lang='lat' dir='ltr'><strong>confectis.</strong></span> 
     </span>
    </p>
   </div>
   <div class='ocr_carea' id='block_1_110' title="bbox 1941 4866 3524 4956">
    <p class='ocr_par' dir='ltr' id='par_1_110' title="bbox 1941 4866 3524 4956">
     <span class='ocr_line' id='line_1_110' title="bbox 1941 4866 3524 4956; baseline -0.012 -15"><span class='ocrx_word' id='word_1_851' title='bbox 1941 4886 2124 4952; x_wconf 82' lang='lat' dir='ltr'><strong>Quare</strong></span> <span class='ocrx_word' id='word_1_852' title='bbox 2184 4881 2583 4956; x_wconf 75' lang='lat' dir='ltr'><strong>tympanistria:</strong></span> <span class='ocrx_word' id='word_1_853' title='bbox 2644 4879 2928 4941; x_wconf 89' lang='lat' dir='ltr'><strong>dicuntur,</strong></span> <span class='ocrx_word' id='word_1_854' title='bbox 2989 4873 3136 4946; x_wconf 90' lang='lat' dir='ltr'><strong>quod</strong></span> <span class='ocrx_word' id='word_1_855' title='bbox 3179 4871 3322 4928; x_wconf 86' lang='lat' dir='ltr'><strong>nihil</strong></span> <span class='ocrx_word' id='word_1_856' title='bbox 3374 4866 3524 4924; x_wconf 87' lang='lat' dir='ltr'><strong>aliud</strong></span> 
     </span>
    </p>
   </div>
   <div class='ocr_carea' id='block_1_111' title="bbox 1943 4971 3154 5049">
    <p class='ocr_par' dir='ltr' id='par_1_111' title="bbox 1943 4971 3154 5049">
     <span class='ocr_line' id='line_1_111' title="bbox 1943 4971 3154 5049; baseline -0.012 -12"><span class='ocrx_word' id='word_1_857' title='bbox 1943 4986 2196 5045; x_wconf 88' lang='lat' dir='ltr'><strong>nossent,</strong></span> <span class='ocrx_word' id='word_1_858' title='bbox 2221 4993 2385 5049; x_wconf 89' lang='lat' dir='ltr'><strong>quam</strong></span> <span class='ocrx_word' id='word_1_859' title='bbox 2412 4986 2677 5046; x_wconf 87' lang='lat' dir='ltr'><strong>corporea</strong></span> <span class='ocrx_word' id='word_1_860' title='bbox 2700 4971 2836 5041; x_wconf 89' lang='lat' dir='ltr'><strong>legis</strong></span> <span class='ocrx_word' id='word_1_861' title='bbox 2860 4975 3154 5041; x_wconf 73' lang='lat' dir='ltr'><strong>pmcepta.</strong></span> 
     </span>
    </p>
   </div>
   <div class='ocr_carea' id='block_1_112' title="bbox 2016 5253 3532 5341">
    <p class='ocr_par' dir='ltr' id='par_1_112' title="bbox 2016 5253 3532 5341">
     <span class='ocr_line' id='line_1_112' title="bbox 2016 5253 3532 5341; baseline -0.015 -8"><span class='ocrx_word' id='word_1_862' title='bbox 2016 5275 2187 5333; x_wconf 73' lang='lat' dir='ltr'><strong>Vens.</strong></span> <span class='ocrx_word' id='word_1_863' title='bbox 2215 5274 2309 5341; x_wconf 74' lang='lat'><strong>27,</strong></span> <span class='ocrx_word' id='word_1_864' title='bbox 2334 5272 2424 5328; x_wconf 75' lang='grc'><strong>28.</strong></span> <span class='ocrx_word' id='word_1_865' title='bbox 2455 5289 2472 5322; x_wconf 76' lang='grc' dir='ltr'><strong>ι</strong></span> <span class='ocrx_word' id='word_1_866' title='bbox 2501 5267 2561 5324; x_wconf 84' lang='lat' dir='ltr'><strong>in</strong></span> <span class='ocrx_word' id='word_1_867' title='bbox 2594 5265 2856 5322; x_wconf 88' lang='lat' dir='ltr'><strong>Ecclesiis</strong></span> <span class='ocrx_word' id='word_1_868' title='bbox 2882 5261 3188 5318; x_wconf 86' lang='lat' dir='ltr'><strong>benedicite</strong></span> <span class='ocrx_word' id='word_1_869' title='bbox 3243 5256 3354 5313; x_wconf 91' lang='lat' dir='ltr'><strong>Deo</strong></span> <span class='ocrx_word' id='word_1_870' title='bbox 3417 5253 3532 5312; x_wconf 82' lang='lat' dir='ltr'><strong>Do-</strong></span> 
     </span>
    </p>
   </div>
   <div class='ocr_carea' id='block_1_113' title="bbox 1946 5345 3526 5423">
    <p class='ocr_par' dir='ltr' id='par_1_113' title="bbox 1946 5345 3526 5423">
     <span class='ocr_line' id='line_1_113' title="bbox 1946 5345 3526 5423; baseline -0.015 0"><span class='ocrx_word' id='word_1_871' title='bbox 1946 5367 2099 5423; x_wconf 87' lang='lat' dir='ltr'><strong>mino</strong></span> <span class='ocrx_word' id='word_1_872' title='bbox 2129 5365 2198 5420; x_wconf 94' lang='lat' dir='ltr'><strong>de</strong></span> <span class='ocrx_word' id='word_1_873' title='bbox 2244 5362 2489 5417; x_wconf 79' lang='lat' dir='ltr'><strong>fontibus</strong></span> <span class='ocrx_word' id='word_1_874' title='bbox 2535 5358 2722 5415; x_wconf 84' lang='lat' dir='ltr'><strong>Israel.</strong></span> <span class='ocrx_word' id='word_1_875' title='bbox 2762 5376 2782 5408; x_wconf 83' lang='lat'><strong>3</strong></span> <span class='ocrx_word' id='word_1_876' title='bbox 2820 5354 2894 5408; x_wconf 89' lang='lat' dir='ltr'><strong>De</strong></span> <span class='ocrx_word' id='word_1_877' title='bbox 2928 5355 2994 5408; x_wconf 90' lang='lat' dir='ltr'><strong>iis</strong></span> <span class='ocrx_word' id='word_1_878' title='bbox 3034 5353 3252 5408; x_wconf 72' lang='lat' dir='ltr'><strong>locutus</strong></span> <span class='ocrx_word' id='word_1_879' title='bbox 3293 5348 3386 5418; x_wconf 93' lang='lat' dir='ltr'><strong>qui</strong></span> <span class='ocrx_word' id='word_1_880' title='bbox 3428 5345 3526 5402; x_wconf 91' lang='lat' dir='ltr'><strong>Dei</strong></span> 
     </span>
    </p>
   </div>
   <div class='ocr_carea' id='block_1_114' title="bbox 1944 5440 3528 5534">
    <p class='ocr_par' dir='ltr' id='par_1_114' title="bbox 1944 5440 3528 5534">
     <span class='ocr_line' id='line_1_114' title="bbox 1944 5440 3528 5534; baseline -0.013 -19"><span class='ocrx_word' id='word_1_881' title='bbox 1944 5461 2059 5534; x_wconf 86' lang='lat' dir='ltr'><strong>jam</strong></span> <span class='ocrx_word' id='word_1_882' title='bbox 2107 5456 2394 5514; x_wconf 89' lang='lat' dir='ltr'><strong>memorati</strong></span> <span class='ocrx_word' id='word_1_883' title='bbox 2445 5455 2731 5525; x_wconf 85' lang='lat' dir='ltr'><strong>ingressus</strong></span> <span class='ocrx_word' id='word_1_884' title='bbox 2779 5448 3164 5520; x_wconf 59' lang='lat' dir='ltr'><strong>praeviderant,</strong></span> <span class='ocrx_word' id='word_1_885' title='bbox 3230 5449 3354 5513; x_wconf 90' lang='lat' dir='ltr'><strong>post</strong></span> <span class='ocrx_word' id='word_1_886' title='bbox 3401 5440 3528 5495; x_wconf 80' lang='lat' dir='ltr'><strong>illos</strong></span> 
     </span>
    </p>
   </div>
   <div class='ocr_carea' id='block_1_115' title="bbox 1949 5533 3527 5629">
    <p class='ocr_par' dir='ltr' id='par_1_115' title="bbox 1949 5533 3527 5629">
     <span class='ocr_line' id='line_1_115' title="bbox 1949 5533 3527 5629; baseline -0.016 -18"><span class='ocrx_word' id='word_1_887' title='bbox 1949 5556 2165 5629; x_wconf 89' lang='lat' dir='ltr'><strong>primos</strong></span> <span class='ocrx_word' id='word_1_888' title='bbox 2194 5556 2596 5620; x_wconf 89' lang='lat' dir='ltr'><strong>consequenter</strong></span> <span class='ocrx_word' id='word_1_889' title='bbox 2643 5545 2782 5600; x_wconf 88' lang='lat' dir='ltr'><strong>alios</strong></span> <span class='ocrx_word' id='word_1_890' title='bbox 2815 5540 3106 5611; x_wconf 88' lang='lat' dir='ltr'><strong>compellat</strong></span> <span class='ocrx_word' id='word_1_891' title='bbox 3135 5537 3323 5590; x_wconf 87' lang='lat' dir='ltr'><strong>dicens</strong></span> <span class='ocrx_word' id='word_1_892' title='bbox 3352 5549 3419 5629; x_wconf 31' lang='grc' dir='ltr'><strong>τ’(</strong></span> <span class='ocrx_word' id='word_1_893' title='bbox 3468 5533 3527 5629; x_wconf 59' lang='lat' dir='ltr'><strong>in</strong></span> 
     </span>
    </p>
   </div>
   <div class='ocr_carea' id='block_1_116' title="bbox 1937 5619 3531 5708">
    <p class='ocr_par' dir='ltr' id='par_1_116' title="bbox 1937 5619 3531 5708">
     <span class='ocr_line' id='line_1_116' title="bbox 1937 5619 3531 5708; baseline -0.017 -3"><span class='ocrx_word' id='word_1_894' title='bbox 1937 5619 2198 5708; x_wconf 61' lang='lat' dir='ltr'><strong>ecclesiis</strong></span> <span class='ocrx_word' id='word_1_895' title='bbox 2244 5619 2551 5698; x_wconf 80' lang='lat' dir='ltr'><strong>benedicite</strong></span> <span class='ocrx_word' id='word_1_896' title='bbox 2602 5635 2733 5693; x_wconf 88' lang='lat' dir='ltr'><strong>Deo.</strong></span> <span class='ocrx_word' id='word_1_897' title='bbox 2773 5657 2791 5689; x_wconf 84' lang='lat'><strong>3</strong></span> <span class='ocrx_word' id='word_1_898' title='bbox 2825 5633 2964 5700; x_wconf 84' lang='lat' dir='ltr'><strong>Quia</strong></span> <span class='ocrx_word' id='word_1_899' title='bbox 3009 5643 3136 5686; x_wconf 89' lang='lat' dir='ltr'><strong>vero</strong></span> <span class='ocrx_word' id='word_1_900' title='bbox 3176 5627 3290 5681; x_wconf 89' lang='lat' dir='ltr'><strong>hia</strong></span> <span class='ocrx_word' id='word_1_901' title='bbox 3320 5619 3531 5694; x_wconf 58' lang='lat' dir='ltr'><strong>prinde</strong></span> 
     </span>
    </p>
   </div>
  </div>
