4086 6442
571 360 668 414 7n

1221 349 1471 410 sussnu
1498 296 2041 404 CA‘EKRIENSIS
2077 345 2160 434 or

2269 346 2451 404 PARS
2485 347 2580 407 ill.
2622 380 2680 392 -
2729 349 3141 408 EXEGETICA.

3773 352 3855 411 ιιι

577 478 741 547 pibus
788 473 898 530 illis
938 472 1032 544 qui
1083 477 1460 543 praevenerunt
1511 443 1728 523 ὥτεῐεῖ
1795 474 2005 534 erant;
2034 467 2158 538 jure

2261 468 2354 522 καὶ
2377 469 2676 542 ἐπειδήπρ
2706 469 2884 542 ἕτεροι
2926 467 3066 543 ἦσαν
3089 467 3242 526 οῦτοι
3277 467 3452 540 παρὰ
3485 466 3618 532 τοὺς
3652 472 3857 540 προφθά.

579 576 758 625 ςωῑιιε
791 568 1008 622 illorum
1039 563 1306 619 ecclesias
1337 568 1520 626 vocat,
1547 551 1710 631 queis
1731 559 2031 629 prophetia
2059 557 2161 616 nec

576 661 815 716 obscure
863 655 1174 712 Servatoris
1219 653 1396 709 nostri
1441 650 1709 708 ecclesias
1740 659 2157 706 commemorat.

577 748 849 805 Jubentur
873 761 1038 818 porro
1068 745 1122 798 hi
1158 743 1388 800 secundi
1413 782 1429 807 ,
1459 757 1572 798 non
1604 741 1661 795 in
1689 739 1873 796 medio
1897 740 2163 811 juvencu-

581 842 758 896 larum
806 835 1344 910 tympanistriarum,
1389 833 1486 890 sed
1537 833 1596 888 in
1639 832 1894 888 ecclesiis
1937 831 2161 887 benedi-

577 948 704 989 cere
731 930 863 986 Deo.
891 929 1026 997 Quis
1075 929 1148 984 sit
1189 927 1334 984 Deus
1375 927 1466 982 ille
1499 943 1626 982 mox
1679 925 1889 981 indicat
1943 925 2156 990 dicens,

583 1042 603 1075 ι
640 1022 891 1078 Domino.
927 1041 946 1074 ι
987 1019 1142 1076 Unde
1170 1035 1300 1075 vero
1353 1020 1407 1074 id
1467 1017 1772 1082 hauserint,
1823 1016 1970 1088 quod
2002 1033 2159 1088 opor-

577 1125 688 1172 teat
713 1114 975 1172 Ecclesiis
1007 1113 1226 1168 Domini
1254 1112 1330 1185 (l)
1356 1111 1682 1180 theologiam
1705 1111 1942 1178 tradere,
1975 1126 2163 1166 neces-

578 1207 726 1262 sario
783 1186 1020 1276 explicat
1063 1205 1150 1260 his
1207 1205 1391 1260 verbis
1418 1227 1433 1259 ;
1463 1221 1482 1254 ι
1519 1202 1751 1258 Domino
1796 1202 1866 1259 de
1909 1202 2156 1260 fontibus

576 1299 776 1370 Israel,
816 1319 835 1352 ο
885 1298 1314 1370 vulgaribusque
1348 1296 1550 1352 iterum
1603 1295 2026 1352 characteribus
2069 1295 2160 1350 hic

577 1393 844 1448 Dominus
872 1391 1220 1463 exprimitur.
1266 1389 1471 1446 Fontes
1500 1405 1630 1445 vero
1657 1389 1845 1454 lsrael,
1880 1387 2160 1460 propheti-

573 1502 654 1542 ca:
702 1485 1001 1556 Scriptura:
1053 1491 1182 1540 sunt
1229 1491 1396 1554 atque
1425 1483 1509 1538 lex
1540 1481 1763 1553 Moysis.
1819 1479 1898 1536 Ex
1955 1481 2158 1552 quibus

573 1575 736 1646 quasi
767 1591 834 1631 ex
856 1575 1123 1637 fontibus,
1151 1590 1248 1645 pcr
1279 1574 1476 1628 hausta
1523 1572 1591 1628 de
1637 1570 1925 1627 Salvatore
1968 1578 2160 1627 nostro

577 1667 920 1731 testimonia,
957 1667 1189 1722 secundi
1220 1666 1298 1720 illi
1329 1667 1386 1721 in
1423 1665 1674 1722 ecclesiis
1707 1665 2033 1722 benedicere
2055 1665 2158 1735 ipsi

569 1761 853 1831 jubentur.
879 1759 1083 1815 Deinde
1106 1758 1430 1830 subiungit:
1467 1775 1486 1809 ι
1527 1756 1604 1812 lbi
1636 1757 1922 1828 Benjamin
1969 1757 2157 1813 adole-

2266 578 2467 626 σαντας
2495 564 2762 635 ἄρχοντας
2780 604 2796 628 ,
2846 564 3072 628 εἰκότως
3103 565 3201 618 καὶ
3253 563 3373 627 τὰς
3428 560 3686 626 συνόδους
3710 563 3858 619 αὐτῶν

2261 655 2562 726 ἐκκλησίας
2579 656 2867 722 ἀποκαλεῖ,
2903 657 3193 727 μονονουχὶ
3215 656 3430 726 γυμνῇ
3461 655 3535 725 τῇ
3564 654 3763 727 κεφαλῇ
3782 657 3860 721 τὰς

2259 747 2356 801 τοῦ
2396 747 2652 820 Σωτῆρος
2681 748 2861 820 ἡμῶν,
2883 749 3180 821 ἐκκλησίας
3233 745 3748 820 προαγορευούσης
3783 749 3862 820 τῆς

2263 838 2618 911 προφητείας.
2658 837 2981 892 Κελεύονται
3013 838 3072 892 δὲ
3098 832 3252 892 οῦτοι
3294 837 3353 888 οἱ
3405 833 3667 907 δεύτεροι
3703 836 3794 890 οῦκ
3820 839 3864 890 ἐν

2264 931 2416 1003 μέσῳ
2471 930 2726 985 νεανίδων
2756 929 3204 1002 τυμπανιστριῶν
3226 970 3244 994 ,
3276 927 3413 982 ἀλλ’
3460 929 3530 981 ἐν
3579 926 3865 996 ἐκκλησίαις

2261 1021 2504 1090 εὐλογεῖν
2535 1021 2627 1076 τὸν
2661 1021 2815 1076 Θεόν.
2864 1022 2976 1076 Καὶ
3011 1025 3163 1075 ποῖον
3209 1021 3392 1084 Θεὸν,
3447 1018 3624 1073 πάλιν
3651 1019 3866 1090 ἐπιλέγει

2259 1114 2413 1184 ἑξῆς,
2451 1133 2470 1165 ι
2498 1113 2726 1186 Κύριον.
2759 1134 2780 1166 ι
2813 1114 2925 1168 Καὶ
2972 1112 3137 1167 πόθεν
3173 1111 3556 1186 ἀρυομένους
3600 1111 3736 1182 χρῆν
3768 1115 3868 1175 ταῖς

2261 1205 2580 1276 ἐκκλησίαις
2616 1205 2716 1278 τὴν
2757 1205 2852 1259 τοῦ
2903 1205 3111 1277 Κυρίου
3167 1203 3566 1278 παραδιδόναι
3621 1202 3868 1273 θεολογίαν

2259 1299 2574 1367 ἀναγκαίως
2632 1298 2932 1372 παρίστησι
2970 1298 3176 1368 λέγων’
3227 1317 3248 1350 ι
3293 1297 3530 1370 Κύριον
3593 1297 3658 1349 ἐκ
3704 1298 3869 1366 πηγῶν

2273 1389 2490 1461 Ἰσραὴλ
2511 1429 2526 1454 ,
2569 1409 2589 1443 ι
2638 1393 2754 1454 τοῖς
2791 1390 3123 1462 κοινοτέροις
3163 1389 3562 1463 χαρακτῆρσι
3618 1387 3868 1443 κάνταῦθα

2261 1482 2425 1537 πάλιν
2457 1481 2553 1536 τοῦ
2587 1483 3255 1554 Κυρίου·σημαινομένου.
3307 1481 3522 1553 Πηγαὶ
3573 1481 3635 1534 δὲ
3680 1482 3869 1553 Ἰσραὴλ

2263 1575 2323 1626 αἱ
2373 1577 2710 1647 προφητικού¹
2759 1576 2974 1647 Γραφαὶ
3000 1577 3405 1647 τυγχάνουσιν,
3439 1575 3479 1645 ἥ
3520 1590 3586 1626 τε
3616 1574 3868 1636 Μωῡσέως

2218 1689 2227 1697 ’
2259 1667 2553 1738 νομοθεσία
2572 1684 2586 1698 ο
2621 1667 2680 1734 ἐξ
2712 1662 2786 1721 ὧν
2807 1667 2998 1738 ὥσπερ
3023 1668 3134 1721 ἀπὸ
3173 1665 3388 1738 πηγῶν
3413 1665 3766 1738 ἀρυομένους
3787 1663 3868 1726 τὰς

2263 1759 2396 1831 περὶ
2445 1758 2542 1813 τοῦ
2571 1760 2824 1832 Σωτῆρος
2864 1759 3022 1831 ἡμῶν
3057 1758 3379 1832 μαρτυρίας
3435 1756 3698 1825 εὐλογεῖν
3729 1754 3868 1808 αὐτὸν

576 1853 860 1909 scentulus
931 1854 990 1908 in
1049 1853 1250 1908 mentis
1298 1867 1550 1907 excessu.
1587 1869 1608 1902 ι
1644 1849 1753 1904 Pro
1805 1850 1900 1906 illo
1950 1857 2154 1915 autem,

2259 1851 2318 1904 ἐν
2366 1853 2487 1914 ταῖς
2525 1850 2846 1922 ἐκκλησίαις
2897 1853 3012 1914 τοῖς
3057 1851 3343 1924 δευτέροις
3405 1846 3864 1920 παρακελεύεται.

580 1965 601 1998 r
636 1946 732 2011 ibi,
759 1965 778 1998 ι
807 1944 1170 2017 Symmachus
1191 1946 1286 2010 ait,
1315 1963 1334 1996 ι
1362 1944 1454 1999 ubi
1489 1943 1777 2013 Bcnjamin
1812 1943 2107 2008 minimus;
2132 1962 2151 1997 ι

574 2036 772 2107 Aquila
821 2050 951 2090 vero
991 2035 1267 2100 similiter,
1305 2053 1324 2087 ι
1360 2035 1435 2090 ibi
1482 2033 1766 2104 Benjamin
1820 2033 2023 2098 brevis,
2053 2034 2160 2088 im-

571 2143 776 2200 perans
813 2127 969 2198 ipsis.
1010 2147 1028 2179 ι
1067 2126 1351 2196 Beniamin
1380 2141 1508 2182 vero
1534 2125 1746 2196 junior,
1781 2125 2043 2182 minimus
2064 2134 2159 2180 aut

576 2221 936 2276 brevissimus
991 2219 1195 2274 Paulus
1244 2227 1363 2275 erat
1427 2219 1646 2275 divinus
1699 2219 2020 2290 Apostolus,
2090 2233 2158 2274 ex

563 2314 719 2368 tribu
760 2312 1067 2382 Benjamin,
1107 2311 1368 2367 Hebraeus
1395 2327 1463 2368 ex
1493 2310 1770 2379 Hebraeis,
1799 2311 2159 2380 quemadmo-

564 2406 706 2461 -dum
734 2407 852 2476 ipse
900 2403 1062 2460 docet
1110 2405 1198 2461 his
1226 2404 1411 2460 verbis
1444 2422 1460 2459 :
1503 2423 1522 2458 ι
1561 2403 1928 2460 Circumcisio
1963 2413 2159 2460 octavo

567 2497 684 2560 “die,
718 2512 786 2552 ex
809 2512 1009 2568 genere
1042 2496 1230 2559 Israel,
1263 2497 1335 2552 de
1366 2498 1514 2552 tribu
1549 2497 1862 2569 Benjamin,
1896 2498 2158 2556 Hebrzeus

571 2605 640 2644 ex
669 2588 912 2645 Hebraeis
933 2588 998 2642 ⁸⁷.
1044 2608 1063 2640 ι
1103 2587 1300 2644 Junior
1333 2605 1463 2646 vero
1491 2589 1716 2652 dicitur.
1753 2592 1871 2646 sive
1897 2592 2159 2647 minimus

564 2691 669 2738 aut
695 2683 902 2746 brevis,
933 2682 1063 2752 quia
1104 2682 1156 2736 id
1189 2682 1308 2752 ipse
1360 2683 1604 2738 declarat
1635 2684 1828 2739 dicens
1859 2703 1874 2740 :
1912 2702 1931 2736 ι
1969 2683 2160 2740 Novis-

567 2777 719 2834 simo
769 2785 952 2830 autem
997 2775 1244 2830 omnium
1298 2775 1458 2846 quasi
1496 2776 1746 2832 abortivo
1791 2777 1946 2832 visus
1973 2785 2058 2832 est
2105 2783 2160 2833 et

575 2869 712 2924 mihi
732 2868 799 2924 ⁸⁸.
835 2888 854 2920 ι
910 2867 1016 2922 Pro
1046 2868 1140 2922 illo
1173 2876 1384 2932 autem,
1422 2885 1442 2920 ι
1474 2869 1532 2923 in
1586 2870 1790 2925 mentis
1832 2885 2090 2935 excessu,
2133 2891 2152 2922 ι

572 2961 769 3033 Aquila
797 3001 813 3027 ,
873 2979 892 3013 ‹
947 2961 1225 3032 imperans
1279 2963 1453 3033 ipsis;
1493 2983 1512 3016 ι
1556 2963 1864 3020 Tbeodotio
1923 2975 2108 3020 autem
2139 3007 2156 3031 ,

565 3074 598 3107 ·ι
636 3061 936 3126 praeceptor
981 3069 1213 3122 eorum;
1249 3075 1268 3108 ι
1313 3056 1504 3126 quinta
1547 3056 1739 3123 editio,
1794 3075 1814 3109 ι
1867 3058 2159 3115 instituen-

565 3155 704 3212 -tem,
737 3167 755 3200 ι
825 3155 921 3203 aut
981 3166 1000 3200 ‹
1039 3147 1350 3216 docentem,
1384 3169 1404 3203 ι
1439 3149 1787 3221 interpretati
1840 3161 1990 3207 sunt.
2045 3151 2158 3209 Nec

569 3242 763 3298 multis
819 3242 1003 3298 verbis
1042 3257 1182 3313 opus
1233 3243 1298 3298 ad
1349 3243 1847 3314 comprobandum,
1905 3254 2155 3301 sanctum

570 3334 916 3404 Apostolum,
951 3333 1044 3404 qui
1079 3332 1364 3404 Benjamin
1389 3342 1642 3398 vocatur,
1671 3333 1936 3391 Ecclesiis
1983 3337 2158 3406 impe-

568 3438 717 3486 rare,
752 3438 1052 3493 earumque
1081 3430 1480 3495 praeceptorem,
1508 3440 1653 3480 esse.
1702 3423 1826 3480 Non
1859 3427 2011 3482 solus
2053 3428 2154 3482 ita-

564 3531 680 3586 'que
710 3513 996 3583 Bcnjamin
1028 3515 1102 3569 ibi
1131 3522 1249 3570 erat
1274 3555 1289 3578 ,
1317 3515 1576 3571 videlicet
1617 3515 1673 3570 in
1720 3514 1986 3575 Ecclesiis
2017 3516 2113 3574 Dei
2138 3536 2154 3586 ;

573 3603 668 3660 sed
697 3604 862 3660 etiam
905 3623 924 3654 ‹
961 3603 1238 3675 principes
1266 3602 1407 3658 Juda
1433 3605 1606 3659 duces
1629 3620 1842 3672 eorum,
1875 3608 2156 3681 principes

571 3697 856 3760 Zabulon,
919 3696 1198 3766 principes
1247 3695 1560 3768 Nephthali.
1601 3716 1620 3749 ι
1657 3696 1754 3754 His
1801 3715 1966 3769 porro
2015 3700 2158 3756 indi-

562 3791 770 3840 cantur
802 3783 997 3853 reliqui
1021 3785 1277 3854 apostoli,
1304 3800 1540 3855 quorum
1573 3786 1664 3840 alii
1693 3803 1761 3842 ex
1790 3790 1939 3845 tribu
1990 3789 2154 3860 Juda,

571 3875 664 3929 alii
690 3889 758 3929 ex
783 3875 930 3929 tribu
949 3873 1218 3942 Zabulon,
1251 3876 1344 3930 alii
1371 3891 1440 3932 ex
1471 3877 1618 3931 tribu
1653 3875 1944 3949 Nephthali
1971 3891 2153 3938 erant.

567 3967 754 4033 Quare
787 3967 984 4022 horum
1017 3976 1221 4024 terram
1252 3981 1518 4026 memorat
1547 3969 1788 4041 Spiritus
1810 3981 2036 4032 sanctus
2059 3992 2157 4048 per

571 4057 768 4115 lsaiam
824 4059 1145 4130 prophetam
1215 4061 1410 4118 dicens
1449 4081 1461 4117 :
1505 4079 1524 4113 ι
1563 4061 1734 4118 Terra
1793 4063 2043 4122 Zabulon
2101 4076 2157 4124 et

571 4165 716 4206 terra
757 4150 1127 4224 Nephthalim,
1173 4153 1318 4208 viam
1365 4153 1536 4210 maris
1562 4195 1578 4218 ,
1613 4163 1767 4212 trans
1834 4156 2154 4224 Iordanem,

567 4241 788 4299 Galila-a
825 4244 1070 4316 gentium
1091 4243 1158 4298 ".
1199 4265 1217 4296 ι
1257 4246 1375 4316 Ipse
1400 4262 1620 4318 quoque
1673 4248 1934 4306 Servator
1970 4259 2158 4308 trans-

571 4335 691 4392 iens
734 4336 891 4406 juxta
941 4351 1094 4392 mare
1125 4335 1383 4407 Galilaare,
1416 4339 1621 4394 isthinc
1672 4355 1805 4398 suos
1857 4343 2156 4415 discipulos

569 4429 808 4484 vocavit.
867 4428 1069 4500 Aperte
1109 4431 1301 4502 itaque
1351 4432 1514 4488 docet
1573 4433 1836 4491 Ecclesiis
1888 4436 2158 4508 imperare

2185 3195 2231 3256 C

2257 1937 2395 1998 Εἶτα
2433 1942 2708 2012 ἐπιλέγει·
2737 1961 2756 1993 ι
2790 1943 2939 1997 Ἐκεῖ
2964 1943 3222 2014 Βενιαμὶν
3262 1940 3564 2012 νεώτερος
3603 1942 3663 1993 ἐν
3695 1940 3866 1992 ἐκστά-

2261 2053 2362 2090 σει.
2397 2055 2416 2087 ι
2462 2035 2606 2088 Ἀντί
2639 2035 2697 2090 δὲ
2721 2034 2816 2089 τοῦ
2844 2054 2870 2089 ›‹
2905 2037 3024 2090 ἐκεῖ
3046 2076 3061 2100 ,
3106 2055 3124 2086 ι
3159 2037 3189 2089 6
3233 2033 3602 2108 Σύμμαχος,
3656 2052 3677 2084 ι
3711 2033 3862 2096 ὅπου,

2259 2128 2428 2200 φησὶ,
2488 2127 2748 2198 Βενιαμὶν
2813 2127 2844 2179 6
2903 2129 3230 2200 μικρότατος
3251 2144 3266 2159 °
3310 2146 3332 2180 ι
3404 2125 3516 2180 καὶ
3571 2124 3604 2176 6
3659 2124 3866 2186 Ἀκύλας

2255 2219 2460 2289 ὁμοίως
2481 2235 2497 2258 '-
2524 2237 2543 2270 ι
2580 2219 2746 2284 Ἐκεῖ,
2771 2220 2926 2291 φησὶ,
2951 2220 3212 2292 Βενιαμὶν
3237 2221 3266 2273 6
3289 2218 3546 2292 βραχὺς,
3568 2216 3864 2288 ἐπικρατῶν

2258 2309 2459 2363 αὐτῶν.
2497 2329 2518 2362 ι
2569 2310 2830 2382 Βενιαμὶν
2876 2311 2936 2366 δὲ
2977 2311 3240 2385 νεώτερος
3287 2314 3392 2367 καὶ
3455 2310 3793 2384 μικράιτατος
3834 2309 3861 2377 ἢ

2261 2401 2597 2474 βραχύτατος
2629 2402 2841 2468 Παῦλος
2871 2400 2938 2477 ἦν
2958 2407 2986 2458 ὁ
3013 2404 3156 2469 θεῖος
3201 2405 3574 2469 Ἀπόστολος,
3611 2403 3780 2474 φυλῆς
3799 2401 3862 2454 ὣν

2259 2496 2539 2567 Βενιαμὶν,
2595 2496 2846 2568 Ἐϐραῖος
2884 2497 2945 2562 ἐξ
2999 2497 3265 2572 Ἐϐραίων
3288 2538 3302 2564 ,
3347 2496 3556 2561 καθὼς
3605 2495 3768 2558 αὐτὸς
3798 2493 3862 2546 δι·

2257 2588 2446 2642 δάσκει
2493 2587 2704 2658 λέγων’
2762 2609 2782 2642 r
2826 2590 3107 2662 Περιτομὴ
3152 2593 3523 2662 ὀκταήμερος
3573 2588 3643 2641 ἐκ
3689 2586 3861 2654 γένους

2271 2680 2509 2754 Ἰσραὴλ,
2537 2681 2712 2753 φυλῆς
2758 2683 3052 2754 Βενιαμὶν,
3097 2683 3353 2755 Ἐϐραῖος
3399 2682 3468 2750 ἐξ
3523 2678 3810 2750 Ἑϐραίων.
3838 2694 3855 2727 ι

2259 2771 2542 2845 Νεώτερος
2567 2772 2625 2826 δὲ
2660 2771 2898 2846 εἴρηται,
2927 2773 2960 2845 ἢ
2995 2774 3345 2846 μικρότατος,
3380 2774 3419 2845 ἢ
3477 2771 3719 2844 βραχὺς,
3755 2769 3858 2823 ἐπεὶ

2261 2865 2357 2919 κα)⁸
2387 2865 2551 2928 αὐτὸς
2579 2862 2736 2920 τοῦτο
2759 2864 2999 2919 διδάσκει
3024 2864 3200 2933 λέγων
3221 2881 3235 2895 ·
3271 2883 3289 2916 ι
3321 2865 3616 2934 Ὕστερον
3644 2861 3705 2914 δὲ
3736 2859 3855 2912 πάντ-

2257 2974 2367 3010 των
2405 2955 2598 3029 ὥσπερ
2630 2955 2710 3028 τῷ
2745 2955 3061 3028 ἐκτρώματι
3097 2955 3255 3028 ὤφθη
3305 2956 3515 3028 κάμοί.
3554 2973 3574 3006 ι
3636 2951 3777 3005 ’Δντὶ
3807 2950 3854 3004 δέ

2257 3048 2353 3104 τοῦ
2373 3091 2389 3115 ,
2419 3067 2439 3102 ι
2466 3049 2526 3103 ἐν
2567 3048 2863 3112 ἐκστάσει,
2910 3067 2931 3102 ι
2963 3048 2994 3102 6
3046 3048 3144 3120 μὲν
3179 3047 3412 3112 Ἀκύλας
3433 3089 3450 3114 ,
3496 3065 3521 3099 ι
3556 3041 3854 3115 ἐπικρατῶν

2259 3137 2440 3192 αὐτῶν
2460 3157 2472 3168 σ
2504 3155 2524 3190 ι
2555 3139 2584 3192 6
2611 3137 2668 3191 δὲ
2705 3137 3020 3203 Θεοδοτίων,
3050 3156 3070 3190 ι
3095 3139 3391 3210 παιδευτὴς
3435 3133 3662 3192 αὐτῶνθ
3701 3153 3719 3184 ι
3754 3131 3854 3203 ἠδὲ

2261 3229 2484 3303 πέμπτη
2507 3230 2736 3296 ἐκδοσις,
2766 3251 2784 3284 ι
2808 3231 3629 3304 παιδεύοντα,›ἥ,‹διδάσκοντα
3657 3247 3675 3279 ι
3693 3225 3852 3298 ἡρμή-

2258 3340 2475 3378 νευσαν.
2507 3324 2583 3378 υύ
2616 3323 2697 3378 δεῖ
2723 3324 2781 3379 δὲ
2810 3326 2943 3396 ἡμῖν
2971 3325 3233 3379 πλειόνων
3266 3324 3446 3393 λόγων
3485 3325 3574 3386 εἰς
3595 3317 3854 3383 ἀπόδειξιν

2253 3413 2352 3468 τοῦ
2384 3418 2606 3488 κρατεῖν
2647 3414 2756 3469 τῶν
2812 3415 3180 3487 Ἐκκλησιῶν,
3215 3417 3308 3470 καὶ
3339 3412 3656 3485 παιδευτὴν
3688 3409 3850 3466 αὐτῶν

2256 3501 2394 3562 εἶναι
2423 3507 2513 3561 τὸν
2545 3507 2689 3580 ἱερὸν
2717 3507 3035 3562 Ἀπόστολον
3059 3508 3317 3580 Βενιαμὶν
3343 3500 3850 3580 ὼνομασμὲνον.οὑ

2261 3598 2421 3670 μόνος
2454 3598 2512 3652 δὲ
2551 3599 2666 3671 ἄρα
2711 3601 2740 3654 6
2785 3599 3046 3670 Βενιαμὶν
3075 3595 3142 3672 ἦν
3181 3602 3328 3666 ἐκεῖ,
3359 3599 3578 3674 δηλαδὴ
3639 3597 3699 3650 ὲν
3743 3595 3848 3656 ταῖς

2270 3691 2618 3762 Ἐκκλησίαις
2647 3691 2740 3746 τοῦ
2771 3692 2928 3758 Θεοῦ,
2953 3693 3089 3746 ἀλλὰ
3134 3693 3228 3746 καὶ
3259 3712 3278 3744 ι
3305 3694 3352 3746 οἱ
3381 3691 3661 3764 ἄρχοντες
3694 3683 3851 3741 Ἰούδα

2255 3782 2525 3855 ἡγεμόνες
2557 3783 2768 3849 αὐτῶν,
2816 3785 2870 3838 οῖ
2897 3801 2958 3837 τε
3007 3785 3270 3856 ἄρχοντες
3318 3781 3622 3838 Ζαϐουλὼν
3675 3777 3768 3834 καὶ
3802 3775 3846 3828 oi

2256 3877 2518 3948 ἄρχοντες
2545 3876 2882 3948 Νεφθαλείμ.
2913 3877 2986 3948 Ση
2997 3876 3173 3948 μαίνει
3203 3875 3260 3929 δέ
3290 3877 3320 3929 6
3340 3875 3504 3945 λόγος
3533 3874 3629 3930 διὰ
3657 3869 3848 3926 τούτων

2255 3968 2383 4032 τοὺς
2421 3967 2644 4032 λοιποὺς
2677 3968 3030 4032 ἀποστόλους,
3070 3961 3146 4022 ὧν
3173 3969 3221 4022 οί
3261 3967 3360 4040 μὲν
3392 3963 3538 4040 ἦσαν
3585 3969 3653 4020 ἐκ
3687 3960 3844 4032 φυλῆς

2269 4060 2460 4125 Ἰού-δα,
2491 4063 2542 4114 οί
2568 4060 2626 4114 δὲ
2651 4062 2717 4114 ἐκ
2749 4060 2926 4131 φυλῆς
2951 4059 3241 4115 Ζαϐουλὼν
3266 4060 3362 4115 καὶ
3394 4055 3744 4130 Νεφθαλείμ.
3765 4050 3844 4105 Διδ

2253 4156 2355 4227 τῆς
2397 4155 2603 4210 τούτων
2643 4156 2916 4228 μέμνηται
2963 4155 3149 4228 χώρας
3194 4155 3256 4209 τὸ
3304 4155 3459 4224 ἅγιον
3497 4153 3730 4224 Πνεῦμα
3764 4145 3842 4201 διὰ

2267 4248 2492 4302 Ἡσαΐου
2513 4248 2612 4302 τοῦ
2637 4249 2916 4321 προφήτου
2952 4247 3107 4317 λέγον
3128 4265 3142 4278 ·
3172 4267 3191 4298 ι
3217 4248 3292 4320 Γῆ
3309 4246 3618 4301 Ζαϐουλὼν
3663 4241 3756 4298 καί
3777 4238 3840 4308 γῆ

2255 4341 2607 4413 Νεφθαλείμ,
2658 4341 2776 4395 όδὸν
2813 4341 3091 4410 θαλάσσης
3115 4380 3130 4406 ,
3171 4340 3349 4412 πέραν
3390 4338 3486 4393 τοῦ
3552 4336 3836 4409 Ἰορδάνου.

2255 4433 2512 4487 Γαλιλαία
2535 4432 2642 4487 τῶν
2668 4431 2858 4486 ἐθνῶν.
2875 4451 2893 4484 ι
2914 4432 3026 4487 Καὶ
3047 4430 3208 4496 αὐτὸς
3228 4431 3287 4485 δὲ
3311 4433 3339 4485 ό
3357 4431 3573 4503 Σωτὴρ,
3599 4441 3838 4499 παραγα-

571 4521 750 4592 primo
801 4520 1055 4586 Paulum,
1110 4521 1496 4580 brevissimum
1527 4534 1581 4581 et
1613 4526 1900 4582 minimum
1924 4571 1940 4596 ,
1971 4544 2035 4584 ac
2058 4530 2151 4600 ju-

2259 4528 2370 4595 γὼν
2402 4524 2553 4598 παρὰ
2579 4525 2676 4598 τὴν
2710 4525 2986 4580 θάλασσαν
3013 4524 3116 4595 τῆς
3141 4523 3452 4588 Γαλιλαίας,
3487 4525 3622 4587 τοὺς
3657 4513 3838 4574 ἐαυτοῦ

569 4613 781 4670 niorem
835 4615 1050 4670 caeteris
1090 4617 1355 4686 apostolis
1382 4656 1397 4681 ,
1429 4619 1484 4673 in
1531 4618 1732 4674 mentis
1782 4634 2014 4676 excessu
2054 4622 2154 4676 ali-

569 4705 790 4776 quando
821 4707 1085 4777 positum,
1123 4708 1343 4778 quando
1373 4710 1806 4780 persequebatur
1849 4711 2149 4770 Ecclesiam

569 4795 689 4863 Dei,
726 4811 958 4868 eamque
992 4799 1262 4865 vastabat,
1296 4801 1412 4856 sive
1461 4802 1682 4871 quando
1723 4803 1781 4857 in
1817 4805 2152 4860 revelatione

565 4889 909 4946 Salvatorem
941 4892 1112 4957 vidit;
1144 4894 1228 4948 vel
1261 4894 1484 4965 quando
1517 4904 1708 4966 raptus
1736 4903 1820 4953 est
1843 4898 1897 4952 in
1933 4899 2156 4969 paradi-

567 4995 688 5036 sum
722 4997 895 5052 usque
924 4982 989 5037 ad
1020 4984 1240 5038 tertium
1269 4985 1493 5040 caelum.
1534 4984 1669 5041 Post
1715 4985 1946 5044 Paulum
1996 5006 2150 5055 vero,

566 5083 795 5130 creteros
842 5076 1123 5146 apostolos
1157 5094 1176 5126 ‹
1216 5077 1313 5141 ibi,
1355 5097 1374 5130 ι
1413 5078 1626 5133 scilicet
1657 5078 1712 5133 in
1753 5079 1872 5150 ipsa
1905 5081 2155 5139 Ecclesia

565 5174 760 5223 ornate
815 5177 1133 5225 versaturos
1189 5169 1542 5236 vaticinatur,
1590 5170 1980 5244 principesque
2037 5175 2156 5232 fore

567 5268 790 5317 nostros
818 5277 883 5317 ex
911 5263 1058 5318 tribu
1090 5261 1254 5327 Juda,
1285 5279 1350 5318 ac
1381 5265 1661 5336 principes
1695 5265 1966 5333 Zabulon,
2003 5269 2154 5340 prin-

566 5354 718 5424 cipes
750 5353 1064 5426 Nephthali.
1099 5355 1158 5410 Si
1193 5357 1317 5430 quis
1347 5374 1478 5413 vero
1522 5374 1620 5430 per
1673 5361 1845 5414 otium
1894 5370 2151 5419 accurate

568 5446 939 5517 perquisierit,
985 5447 1254 5518 cujusque
1303 5451 1536 5520 apostoli
1607 5451 1810 5506 tribum
1862 5453 2146 5523 reperiet:

2264 4617 2511 4690 μαθητάς
2539 4617 2750 4672 ἐνθένδε
2795 4617 3130 4672 ἀνεκαλεῖτο.
3163 4616 3358 4686 Σαφῶς
3387 4612 3482 4670 οῦν
3530 4610 3836 4683 ἐπικρατεῖν

2258 4711 2367 4765 τῶν
2407 4711 2742 4784 Ἐκκλησιῶν
2771 4712 2985 4784 πρῶτον
3017 4713 3116 4783 μὲν
3143 4711 3357 4766 Παῦλον
3383 4711 3475 4765 τὸν
3510 4709 3836 4784 βραχύτατον

2260 4805 2355 4858 καὶ
2385 4804 2710 4878 μικρότατον
2725 4845 2740 4870 ,
2775 4805 2869 4859 καὶ
2898 4803 3166 4858 νεώτατον
3191 4803 3302 4857 τῶν
3331 4805 3647 4858 ἀποστόλων
3673 4797 3832 4853 ἐδίδα-

2261 4893 2384 4962 ξεν,
2417 4898 2475 4950 ἐν
2526 4897 2782 4950 ἐκστάσει
2813 4897 2943 4952 ποτέ
2983 4898 3308 4969 γενόμενον,
3364 4897 3454 4950 ὅτε
3506 4896 3699 4950 ἐδίωκε
3745 4888 3834 4960 τὴν

2273 4987 2601 5060 Ἐκκλησίαν
2632 4989 2724 5042 τοῦ
2759 4989 2894 5042 Θεοῦ
2914 5028 2929 5052 ,
2974 4989 3070 5044 καὶ
3104 4988 3324 5060 ἐπόρθει
3349 4988 3542 5060 αὐτὴν,
3585 4988 3622 5059 ἢ
3651 4986 3736 5038 ὅτε
3781 4981 3830 5032 ἐν

2259 5082 2598 5151 ἀποκαλύψει
2624 5083 2714 5137 τὸν
2748 5083 2979 5155 Σωτῆρα
3013 5081 3270 5137 τεθέατοο
3307 5082 3342 5153 ἢ
3373 5083 3464 5136 ὅτε
3502 5081 3726 5154 ἡρπάγη
3761 5074 3832 5134 εἰς

2259 5175 2353 5228 τὸν
2401 5175 2729 5248 παράδεισον
2771 5175 2876 5238 ἕως
2917 5175 3103 5248 τρίτου
3155 5174 3416 5248 ούρανοῦ·
3473 5175 3611 5246 μετὰ
3665 5170 3718 5224 δὲ
3747 5163 3827 5222 τὸν

2262 5266 2476 5322 Παῦλον
2515 5269 2644 5332 τοὺς
2692 5267 2916 5330 λοιποὺς
2965 5266 3296 5331 ἀποστόλους
3327 5267 3445 5320 ἐκεῖ
3493 5267 3554 5319 ἐν
3596 5265 3660 5334 τῇ
3700 5254 3826 5323 αὗτῇ

2272 5359 2568 5432 Ἐκκλησία
2631 5358 2958 5432 διαπρέπειν
3011 5359 3292 5425 θεσπίζει,
3362 5358 3628 5430 ἄρχοντας
3681 5351 3823 5406 ὄντας

2249 5453 2562 5527 ἡμετέρους
2592 5455 2658 5509 ὲκ
2681 5453 2857 5524 φυλῆς
2896 5451 3088 5518 Ἰούδα,
3121 5453 3217 5506 καὶ
3253 5451 3521 5523 ἄρχοντας
3557 5435 3823 5505 Ζαϐουλὼν

639 5629 686 5663 ⁸⁷
712 5627 948 5700 Philipp.
999 5645 1082 5694 ιιι,
1123 5629 1178 5685 5.
1251 5629 1339 5683 l"l
1367 5626 1502 5686 Cor.’
1543 5648 1635 5700 xv,
1668 5632 1723 5687 8.
1799 5632 1844 5666 “
1869 5631 1977 5689 lsa.
2011 5649 2088 5699 Ix,
2129 5633 2184 5694 1.
2259 5695 2262 5698 ,

641 5786 720 5860 (ι)
767 5785 822 5842 ld
869 5795 954 5843 cst
980 5827 995 5853 ,
1047 5786 1213 5843 Deum
1245 5789 1394 5844 illum
1436 5805 1546 5846 esse
1581 5788 1634 5842 in
1675 5786 1911 5844 Ecclesia
1945 5788 2256 5860 prazdicare.
