4086 6442
303 349 410 408 713

1433 341 1943 418 COMMENTARIA
1982 347 2050 402 IN
2091 346 2432 406 PSALMOS.

3459 359 3562 413 7H

299 467 396 528 καὶ
427 467 691 540 ἄρχοντας
733 466 1069 540 Νεφθαλείμ.
1116 469 1238 524 Ἐπὶ
1271 470 1465 542 σχολῆς
1491 472 1536 524 δ’
1576 470 1758 536 ἄφτις
1792 490 1863 542 φι-

1982 488 2106 526 nam
2142 475 2318 530 cuivis
2353 474 2618 544 qumrenti
2642 474 2805 530 datur
2831 489 2866 532 a
2914 476 3204 536 Servatore
3247 480 3557 538 invemendi

298 559 634 636 λοκαλήσας,
691 559 788 631 τὴν
841 559 1072 614 ἑκάστου
1133 561 1241 615 τῶν
1294 563 1607 617 ἀποστόλων
1660 566 1882 636 εὑρήσει

301 651 508 722 φυλήν·
563 651 686 704 ἐπεὶ
740 653 902 704 παντὶ
951 652 1032 723 τῷ
1091 653 1340 725 ζητοῦντι
1391 657 1422 726 ἡ
1473 655 1574 726 τῆς
1615 657 1882 729 εὑρέσεως

297 742 504 798 δέδοται
528 742 632 796 ὑπὸ
650 743 744 796 τοῦ
780 743 1031 815 Σωτῆρος
1062 745 1383 814 ἐπαγγελία.

376 853 395 885 ι
426 834 716 899 Ἕντειλαι,
747 835 775 886 6
816 834 968 900 Θεὸς,
1006 835 1102 907 τὴν
1131 837 1358 908 δύναμιν
1389 855 1503 904 σου,
1541 839 1878 910 δυνάμωσον,

296 929 325 982 ό
345 928 498 991 Θεὸς,
523 928 680 981 τοῦτο
697 928 725 980 6
746 929 1096 1000 κατειργάσω
1121 931 1270 1000 ἡμῖν.
1294 949 1313 982 ι
1343 931 1574 985 Ἕπεται
1597 935 1690 987 καὶ
1709 933 1879 987 ταῦτα

296 1023 410 1082 τοῖς
459 1019 856 1092 προλεχθεῖσιν.
905 1020 1124 1090 Ἐπειδὴ
1165 1021 1272 1094 γάρ
1311 1023 1664 1095 προφητικῶς
1713 1042 1879 1095 προσ-

276 1110 522 1172 έταττεν
554 1114 582 1164 6
619 1111 774 1179 λόγος
803 1115 914 1175 τοῖς
944 1112 1260 1178 ἀποστόλοις
1284 1116 1342 1167 ἐν
1371 1116 1688 1188 ἐκκλησίαις
1724 1117 1876 1170 εὐλο-

296 1203 416 1268 γεῖν
443 1202 533 1255 τὸν
565 1202 788 1274 Κύριον,
820 1197 914 1256 καὶ
959 1204 1116 1258 τοῦτο
1155 1211 1326 1260 ποιεῖν
1368 1207 1440 1279 μὴ
1471 1209 1674 1282 ἐτέρων
1715 1209 1877 1264 τινῶν

295 1295 651 1367 ὁρμωμένους
702 1298 908 1368 λόγων,
944 1300 1058 1354 ἀλλ’
1109 1302 1172 1381 ἐκ
1207 1303 1332 1374 ⁸τῶν
1384 1305 1572 1375 πηγῶν
1640 1305 1873 1375 Ἰσραὴλ,

296 1387 606 1452 ἀκολούθως
644 1389 783 1462 ὑπὲρ
815 1391 992 1444 αὐτῶν
1020 1393 1185 1465 εὐχὴν
1212 1395 1525 1466 ἀναπέμπει
1561 1394 1622 1450 τὸ
1651 1396 1876 1467 Πνεῦμα

295 1479 358 1532 τὸ
382 1482 736 1552 προφητικὸν,
769 1485 975 1552 φάσκον
998 1499 1010 1515 δ
1041 1504 1057 1536 ‹
1091 1487 1379 1553 Ἔντειλαι,
1413 1490 1440 1540 6
1474 1487 1624 1556 Θεὸς,
1654 1490 1752 1560 τὴν
1778 1489 1872 1542 δύ-

296 1572 458 1644 ναμίν
503 1591 634 1627 σου·
671 1595 690 1628 ο
733 1576 866 1632 ὡσεὶ
910 1578 1242 1650 σαφέστερον
1293 1580 1475 1649 ἔλεγεν
1502 1595 1514 1608 ·
1580 1582 1872 1636 Ἐπισπευ-

297 1663 443 1718 σάτω
477 1666 510 1736 ἡ
535 1665 764 1737 δύναμίς
797 1685 913 1732 σου,
951 1669 1044 1724 καὶ
1071 1671 1398 1744 συνεργείτω
1429 1675 1542 1736 τοῖς
1579 1674 1835 1747 ἀνδράσιν
1855 1692 1868 1706 ·

294 1755 433 1810 ἀλλά
471 1757 564 1810 καὶ
587 1757 685 1829 ἤδη
716 1760 847 1812 ποτέ
873 1763 938 1832 τῇ
965 1761 1110 1832 ίσχύῖ
1133 1779 1228 1816 σου
1261 1763 1327 1818 δι’
1357 1763 1533 1836 ἔργων
1567 1767 1870 1838 χωρησάτω

294 1849 364 1902 τά
391 1850 850 1922 προφητευόμενα
873 1868 886 1881 ⁸
923 1853 1194 1910 καὶτοῦτο
1224 1855 1281 1909 δὲ
1309 1855 1337 1908 6
1368 1859 1714 1929 κατειργάσω
1744 1860 1874 1930 ἡμῖν

293 1943 360 2011 τῇ
397 1944 461 2012 σῇ
489 1941 652 2016 βουλῇ
685 1944 1002 2016 προορίσας,
1041 1947 1134 2016 καὶ
1165 1948 1296 2000 αὐτὸ
1327 1949 1644 2020 δυνάμωσον
1665 1967 1682 1984 ⁸
1725 1952 1874 2016 ὅπως

293 2033 359 2101 τῇ
398 2035 464 2104 σῇ
490 2033 716 2106 δυνάμει
744 2035 924 2107 ἔργοις
965 2038 1359 2112 ἐπιτελεσθείη.
1385 2041 1450 2094 Τί
1478 2041 1535 2096 δέ
1562 2037 1630 2114 ῆν
1653 2042 1809 2097 τοῦτο
1836 2044 1868 2114 ἢ

293 2121 353 2176 τὸ
385 2121 512 2194 ἐξῆς
561 2125 978 2196 ἐπιφερόμενον,
1022 2146 1040 2179 ι
1084 2129 1206 2181 Ἐπὶ
1248 2130 1340 2184 τὸν
1375 2130 1500 2185 ναόν
1534 2148 1627 2185 σου
1676 2132 1768 2187 τὸν
1813 2134 1872 2186 ἐν

301 2214 657 2289 Ἰερουσαλὴμ
697 2220 779 2271 σοὶ
805 2219 1014 2274 οἴσουσι
1053 2220 1296 2292 βασιλεῖς
1323 2223 1498 2296 δῶρα;
1533 2244 1551 2276 ι
1577 2225 1736 2280 τοῦτο
1763 2227 1870 2300 γὰρ

290 2308 423 2362 αὐτὸ
449 2310 916 2382 ἐπαγγειλάμενος
956 2315 1089 2390 ἡμῖν
1119 2314 1433 2386 δυνάμωσον
1463 2317 1736 2385 γενέσθαι.
1767 2319 1873 2372 Βα-

294 2401 461 2465 σιλεῖς
495 2401 554 2456 δέ
594 2401 682 2462 διά
709 2403 868 2458 τοῦτο
900 2406 957 2457 αἱ
1010 2404 1276 2475 βασιλεῖαι
1314 2407 1415 2478 τῆς
1446 2409 1551 2479 γῆς
1599 2409 1866 2481 εἴρηνται,

285 2491 398 2553 τῶν
419 2491 588 2550 ἐθνῶν
609 2493 862 2548 ἁπάντων
885 2495 1072 2550 τοῦτον
1103 2500 1515 2570 σημαινομένων
1533 2502 1624 2556 τὸν
1644 2505 1864 2576 τρόπον.

287 2579 444 2646 Νεὼς
481 2581 539 2636 δὲ
563 2583 622 2635 ἐν
662 2584 1034 2656 Ἰερουσαλὴμ,
1064 2587 1147 2656 ἐφ’
1174 2588 1233 2640 ὃν
1263 2589 1331 2642 τὰ
1364 2590 1512 2662 δῶρα
1551 2591 1790 2647 οἴσουσιν
1816 2595 1866 2647 οἱ

288 2674 550 2745 βασιλεῖς,
578 2677 687 2729 οὐδ’
717 2677 904 2749 ἕτερος
956 2677 1021 2731 ἂν
1061 2679 1144 2750 εῖη
1178 2680 1277 2751 τῆς
1324 2680 1603 2752 βασιλείας
1643 2685 1752 2739 τῶν
1778 2686 1868 2738 ού-

290 2767 502 2841 μνῶνσ
560 2771 717 2842 εἰπερ
771 2772 928 2842 ίσμεν
988 2773 1338 2846 Ἰερουσαλὴμ
1388 2777 1747 2847 ἐπουράνιον,
1799 2780 1864 2851 ἣν

284 2860 489 2928 ἔδειξεν
527 2862 556 2916 6
589 2862 792 2917 εἰπών·
832 2883 850 2916 ι
887 2866 948 2919 Ἠ
981 2865 1035 2920 δὲ
1068 2867 1180 2921 ἅνω
1223 2867 1577 2940 Ἰερουσαλὴμ
1602 2870 1864 2945 ἐλευθέρα

285 2954 456 3019 ἐστὶν,
483 2956 604 3026 ἥτις
624 2956 742 3010 ἐστὶ
774 2957 956 3029 μήτηρ
975 2958 1160 3029 ἡμῶνο
1191 2977 1209 3009 ι
1231 2961 1344 3024 καὶ,
1376 2979 1394 3011 ι
1422 2962 1863 3036 Προσεληλύθατε

286 3043 429 3099 Σιὼν
451 3046 568 3118 ὄρει
602 3047 694 3099 καὶ
719 3046 868 3100 πόλει
892 3047 1026 3101 Θεοῦ
1056 3048 1277 3116 ζῶντος,
1323 3052 1678 3126 Ἰερουσαλὴμ
1702 3055 1864 3108 ἐπου-

1985 566 2276 634 promissio
2299 566 2362 622 '°.

2054 839 2219 894 Vens.
2253 839 2346 895 29.
2386 857 2404 890 ι
2445 839 2661 904 Munda,
2693 839 2856 907 Deus,
2889 842 3077 896 virtuti
3107 851 3252 909 ture;
3293 846 3553 900 conﬁrma

1983 930 2106 994 hoc,
2139 930 2304 998 Deus,
2334 931 2480 1002 quod
2515 940 2772 1002 operatus
2807 949 2866 988 es
2903 934 2956 988 in
2991 933 3174 990 nobis.
3205 953 3222 986 ι
3261 933 3387 990 Ilaec
3417 951 3554 1007 pra:-

1980 1022 2303 1078 cedentibus
2360 1032 2782 1079 connectuntur.
2843 1025 2982 1091 Quia
3036 1027 3180 1083 enim
3242 1028 3554 1099 prophetica

1980 1114 2293 1184 prteeipitur
2348 1115 2613 1184 apostolis
2659 1115 2716 1168 in
2769 1115 3022 1171 ecclesiis
3083 1116 3408 1174 benedicere
3450 1117 3554 1172 Do-

1979 1207 2163 1274 mino,
2200 1207 2363 1278 idque
2403 1218 2661 1278 praestare
2707 1224 2816 1262 non
2866 1207 2989 1263 aliis
3023 1211 3370 1266 sermonibus
3397 1227 3552 1266 exor-

1979 1316 2072 1355 sos
2095 1341 2109 1364 ,
2141 1301 2236 1354 sed
2268 1316 2331 1355 ex
2371 1300 2612 1355 fontibus
2669 1299 2871 1366 Israel;
2905 1311 3311 1372 consequenter
3347 1318 3448 1374 pro
3486 1304 3556 1362 iis

1976 1390 2275 1446 orationem
2335 1390 2575 1462 Spiritus
2628 1391 2986 1462 prOpbcticus
3033 1391 3284 1458 etTundit,
3316 1393 3552 1450 dicens:

1981 1501 1998 1532 ι
2039 1482 2256 1549 Manda,
2288 1483 2452 1550 Deus,
2486 1485 2675 1538 virtuti
2704 1493 2853 1546 tuac;
2895 1503 2914 1536 ι
2955 1499 3018 1538 ac
3052 1485 3100 1539 si
3131 1486 3375 1554 apertius
3409 1486 3555 1540 dice-

1975 1583 2058 1630 ret
2094 1595 2106 1630 :
2144 1575 2386 1632 Festinet
2409 1577 2583 1632 virtus
2616 1584 2707 1630 tua
2730 1615 2745 1639 ,
2773 1575 2992 1647 illisque
3019 1576 3152 1631 viris
3177 1585 3502 1647 occperetur
3527 1595 3544 1641 ;

1975 1667 2071 1723 sed
2121 1669 2206 1723 vel
2239 1684 2362 1724 sero
2396 1669 2618 1723 tandem
2671 1669 2876 1722 virtute
2929 1676 3020 1722 tua
3077 1683 3198 1738 qua:
3239 1669 3554 1738 prophetice

1974 1759 2120 1814 dicta
2151 1768 2280 1815 sunt
2313 1775 2479 1832 opere
2507 1760 2888 1830 compleantur
2915 1778 2928 1813 :
2964 1767 3018 1814 et
3048 1759 3152 1814 hoc
3197 1760 3374 1830 ipsum
3405 1761 3549 1831 quod

1977 1859 2236 1922 Operatus
2275 1867 2336 1907 es
2375 1853 2431 1907 in
2483 1853 2644 1907 nobis
2690 1860 2980 1922 postquam
3023 1851 3272 1906 futurum
3303 1867 3426 1907 esse
3458 1869 3553 1906 vo-

1977 1945 2187 2000 luntate
2214 1955 2304 1998 tua
2346 1945 2659 2005 delinieras,
2692 1945 2956 1998 conﬁrma
2985 1983 2999 2005 ,
3034 1951 3093 1996 ut
3141 1950 3410 2014 potestate
3461 1953 3552 1998 tua

1975 2049 2063 2090 res
2097 2034 2216 2106 ipsa
2261 2033 2597 2104 perﬁciatur.
2629 2031 2769 2099 Quid
2822 2041 3002 2088 autem
3039 2033 3184 2088 aliud
3229 2032 3362 2088 illud
3409 2045 3549 2095 crat,

1973 2144 2137 2199 quam
2169 2127 2221 2182 id
2251 2126 2399 2197 quod
2426 2125 2693 2196 sequitur,
2735 2143 2754 2176 ι
2792 2125 2871 2180 Ad
2902 2126 3160 2196 templum
3197 2136 3348 2180 tuum
3379 2125 3435 2180 in
3457 2124 3550 2179 Je-

1973 2223 2212 2276 rusalem
2259 2219 2358 2275 tibi
2410 2218 2640 2274 offerent
2686 2234 2844 2290 reges
2875 2219 3148 2274 munera?
3187 2237 3205 2271 ι
3246 2217 3362 2274 Hoc
3403 2219 3551 2276 enim

1973 2315 2150 2385 ipsum
2176 2312 2323 2384 quod
2359 2312 2518 2367 nobis
2551 2311 2853 2382 promisisti
2901 2312 3182 2378 conﬁrma,
3223 2320 3283 2367 ut
3314 2312 3546 2368 eveniat.

1973 2407 2147 2478 Reges
2177 2413 2359 2460 autem
2387 2418 2554 2475 regna
2601 2411 2763 2458 terrae
2807 2403 3142 2473 signiﬁcant,
3179 2418 3287 2474 qua
3336 2404 3550 2459 ratione

1971 2497 2240 2554 universa:
2260 2505 2450 2567 gentes
2482 2494 2814 2550 indicantur.
2847 2494 3134 2566 Templum
3163 2503 3345 2552 autem
3373 2495 3430 2549 in
3458 2493 3550 2550 Je-

1969 2587 2231 2652 rusalem,
2286 2603 2397 2658 quo
2447 2585 2694 2642 deferent
2750 2603 2909 2658 reges
2960 2601 3210 2652 munera,
3243 2603 3355 2644 non
3397 2587 3546 2642 aliud

1969 2680 2132 2737 fuerit
2165 2696 2328 2750 quam
2360 2694 2586 2750 regnum
2621 2679 2908 2736 caelorum.
2959 2678 3221 2735 Novimus
3273 2679 3544 2750 siquidem

1965 2772 2268 2829 Jerusalem
2300 2775 2576 2834 cmlestem
2634 2786 2797 2841 quam
2850 2771 3111 2827 iudicavit
3153 2772 3429 2842 quiSpiam
3459 2771 3547 2828 his

1967 2867 2190 2922 verbis:
2223 2885 2241 2916 ι
2272 2865 2348 2922 Ea
2391 2881 2522 2920 vero
2567 2881 2689 2938 quae
2733 2880 2955 2920 sursum
2999 2873 3084 2920 est
3115 2863 3441 2931 Jerusalem,
3478 2863 3546 2917 li-

1966 2961 2098 3015 bera
2125 2968 2231 3023 est,
2264 2975 2384 3030 quae
2413 2966 2498 3014 est
2551 2967 2724 3013 mater
2770 2971 2956 3014 nostra
2977 2960 3018 2990 '“
3047 2977 3061 3025 ;
3107 2980 3124 3010 ι
3159 2965 3213 3012 et
3243 2976 3256 3011 :
3285 2974 3304 3008 ι
3350 2957 3548 3012 Acces-

1966 3048 2119 3104 sistis
2167 3048 2234 3101 ad
2281 3048 2414 3103 Sion
2464 3055 2706 3102 montem
2749 3057 2803 3102 et
2843 3046 3121 3102 civitatem
3173 3047 3266 3102 Dei
3311 3048 3547 3103 viventis

291 3139 484 3209 ρανίῳ.
517 3159 536 3192 ι
591 3139 808 3211 Ταύτης
861 3136 953 3194 οὖν
1001 3143 1102 3213 τῆς
1153 3145 1474 3217 ἐπουρανίου
1519 3147 1727 3213 πόλεως
1773 3151 1863 3205 τοῦ

1970 3140 2272 3197 Jerusalem
2306 3143 2584 3197 cwlestem
2607 3142 2673 3194 ".
2714 3160 2732 3192 ι
2767 3138 2920 3207 Quod
2945 3141 3110 3213 igitur
3132 3141 3188 3195 in
3219 3141 3311 3196 illa
3333 3141 3545 3197 ctelesti

291 3230 429 3284 Θεοῦ
456 3230 516 3284 τὸ
546 3230 822 3303 ἐξαίρετον
856 3233 950 3285 καὶ
983 3233 1253 3289 ἀνώτατον
1283 3237 1378 3290 καὶ
1403 3240 1647 3308 κρεῖττον
1672 3243 1700 3294 6
1735 3241 1868 3304 νεώς

283 3325 399 3377 ἐστι
423 3323 517 3377 τσῦ
551 3323 707 3378 Θεοῦ.
751 3325 872 3378 Ἐπὶ
900 3325 1086 3380 τοῦτον
1118 3328 1294 3382 τοίνυν
1321 3330 1412 3384 τὸν
1444 3330 1579 3385 νεών
1607 3349 1722 3397 σου,
1760 3351 1865 3406 φη-

283 3415 391 3480 σὶν,
444 3415 524 3468 σοὶ
569 3416 773 3470 οἴσουσι
809 3417 1046 3487 βασιλεῖς
1091 3419 1266 3491 δῶρα·
1311 3423 1358 3475 οἱ
1410 3423 1508 3494 τὴν
1552 3423 1740 3497 λοιπὴν
1773 3426 1866 3499 δη-

280 3505 415 3578 λαδὴ
449 3507 600 3559 πόλιν
626 3507 726 3578 τὴν
754 3507 1072 3579 ἐπουράνιον
1116 3510 1393 3576 οἰκοῦντες
1425 3513 1660 3584 βασιλεῖς
1691 3517 1861 3584 ὄντες,

279 3599 370 3654 διὰ
396 3598 457 3652 τὸ
481 3599 853 3672 κατηξιῶσθαι
880 3600 980 3670 τῆς
1012 3600 1290 3672 βασιλείας
1312 3605 1418 3659 τῶν
1465 3607 1730 3679 οὐρανῶν,
1769 3611 1864 3662 καὶ

279 3690 369 3746 διὰ
396 3691 554 3746 τοῦτο
577 3691 991 3763 συμϐασιλεύειν
1011 3693 1090 3764 τῷ
1113 3695 1324 3750 ἑαυτῶν
1354 3697 1564 3769 Κυρίῳ.
1600 3717 1618 3750 ι
1658 3699 1721 3752 Εἰ
1755 3700 1860 3771 γὰρ

281 3784 722 3856 συναπεθάνομεν
743 3825 759 3851 ,
789 3785 882 3839 καὶ
931 3784 1238 3858 συζήσομεν
1263 3790 1405 3853 [καί¹
1435 3792 1483 3843 εί
1519 3792 1861 3862 ὑπομένομεν

278 3875 434 3942 Θεὸν,
468 3878 560 3932 καὶ
597 3877 1116 3950 συμϐασιλεύσομεν.
1155 3898 1175 3932 θ
1201 3875 1360 3935 Οὗτοι
1389 3878 1482 3936 οὖν
1520 3884 1570 3934 oi
1600 3882 1856 3952 βασιλεῖς,

275 3973 354 4040 ὡς
384 3974 449 4028 ἂν
480 3975 584 4029 ὑπὸ
635 3975 853 4046 μεγάλῳ
892 3976 1140 4046 ἀρχιερεῖ
1175 3973 1254 4044 τῷ
1287 3975 1582 4044 Μονογενεῖ
1604 3974 1700 4028 τοῦ
1723 3974 1858 4028 Θεοῦ

277 4069 735 4142 λειτουργοῦντες,
765 4071 928 4140 ἱερεῖς
947 4087 1008 4122 τε
1032 4067 1202 4130 ὄντες,
1231 4069 1325 4120 καὶ
1347 4068 1500 4122 αὐτοὶ
1526 4068 1672 4140 δῶρα
1699 4086 1860 4139 προσο

277 4162 514 4216 οίσουσιν
545 4163 625 4226 είς
666 4163 755 4216 τὸν
789 4162 916 4216 ναὸν
955 4162 1119 4215 αὐτοῦ
1147 4162 1238 4215 τὸν
1269 4160 1608 4232 ἐπουράνιον,
1643 4177 1856 4214 συνεισε-

277 4256 560 4328 ερκόμενοι
598 4255 677 4326 τῷ
718 4255 936 4327 μεγάλῳ
966 4256 1230 4328 ἀρχιερεῖ.
1260 4255 1449 4317 Ὅπως
1483 4253 1540 4306 δὲ
1572 4252 1730 4306 τοῦτο
1763 4253 1856 4322 γέ-

277 4367 432 4422 νηται
459 4352 551 4403 καὶ
577 4349 643 4402 δι’
669 4349 845 4419 ἔργων
869 4352 1218 4421 προχωρήσῃ,
1247 4346 1559 4416 ἀναγκαίως
1584 4345 1858 4415 ἐπηύξατο

277 4441 474 4496 εἰπών’
511 4461 530 4493 ι
569 4441 859 4503 Ἐντειλαι,
889 4442 918 4493 6
951 4439 1106 4502 Θεὸς,
1148 4438 1245 4510 τὴν
1282 4437 1507 4508 δύναμίν
1542 4453 1657 4500 σου,
1698 4436 1856 4489 δυνά-

279 4551 490 4605 μωσον,
533 4535 562 4586 6
593 4533 744 4597 Θεὸς,
777 4532 935 4587 τοῦτο
967 4533 996 4586 ὂ
1035 4530 1378 4601 κατειργάσω
1423 4531 1572 4600 ἡμῖν.
1610 4548 1629 4581 ι

354 4645 374 4678 ι
396 4627 569 4679 Ἐπιτί
575 4643 648 4696 μη
657 4643 746 4680 σον
761 4629 873 4689 τοῖς
891 4625 1099 4698 θηρίοις
1113 4623 1207 4677 τοῦ
1225 4623 1493 4693 καλάμου.
1507 4622 1745 4691 »Ὥσπερ
1761 4617 1856 4690 ηὖ-

276 4721 406 4788 ξατο
423 4720 752 4790 συνεργῆσαι
763 4722 876 4782 τοῖς
888 4718 1262 4790 προλεχθεῖσιν
1274 4714 1460 4768 εἰπών·
1483 4731 1500 4763 ι
1515 4712 1804 4772 Ἔντειλαι,
1827 4715 1855 4766 6

274 4813 426 4878 Θεὸς,
454 4813 552 4886 τὴν
578 4813 804 4883 δύναμίν
826 4827 939 4864 σουο
969 4830 987 4862 ι
1010 4811 1104 4864 καὶ
1121 4808 1498 4878 «Δυνάμωσον,
1517 4805 1709 4870 όΘεὸς,
1735 4804 1852 4857 τοῦά

273 4905 375 4959 τοό
400 4906 892 4977 κατειργάσωήμῖν
912 4918 926 4936 ο
961 4923 980 4956 ι
1007 4904 1150 4956 οὕτω
1167 4901 1327 4954 πάλιν
1351 4898 1566 4970 εὔχεται
1586 4898 1653 4952 τὰ
1675 4897 1818 4951 κωλύ
1834 4929 1851 4937 -

278 5015 423 5069 ματα
449 4993 692 5051 ἐκποδὼν
717 4996 949 5069 ἀρθῆναι
989 4996 1053 5048 ἐκ
1099 4994 1285 5064 μέσου,
1312 4994 1460 5050 ὅπως
1505 4988 1797 5054 ἀκωλύτως
1824 4992 1852 5042 6

271 5090 430 5160 λόγος
479 5089 770 5164 διαδράμῃ.
818 5087 1071 5161 Συνεὼρα
1117 5085 1225 5158 γάρ
1268 5081 1334 5157 τῇ
1377 5083 1681 5156 προγνώσει
1723 5082 1850 5144 τοὺς

276 5182 564 5253 μέλλοντας
607 5178 994 5236 ἐπανίστασθαι
1035 5178 1112 5250 τῷ
1156 5176 1493 5247 εὐαγγελικῷ
1532 5174 1847 5247 κηρύγματι

271 5277 541 5349 διωγμοὺς
569 5275 662 5329 καὶ
685 5276 810 5338 τοὺς
846 5273 1067 5345 νοητοὺς
1103 5271 1296 5342 θῆρας,
1325 5264 1398 5324 ῶν
1424 5268 1622 5340 ηὔχετο
1650 5267 1848 5341 ρυσθῆ-

272 5384 360 5420 ναι
391 5365 636 5421 όείπών·
673 5384 692 5416 ι
730 5363 822 5434 Μὴ
856 5361 1111 5434 παραδῷς
1154 5363 1267 5423 τοῖς
1309 5357 1518 5430 θηρίοις
1555 5357 1730 5427 ψυχὰς
1763 5355 1848 5421 ἐξ-

273 5457 708 5531 ομολογουμένας
773 5473 886 5509 σοι’
927 5475 947 5507 ι
985 5453 1147 5526 θηρία
1190 5452 1246 5506 δὲ
1302 5449 1549 5521 καλάμου
1601 5448 1842 5518 νοήσεις,

277 5553 462 5624 μαθὼν
489 5551 597 5606 ἀπὸ
623 5551 714 5604 τοῦ
755 5548 872 5602 Ἰὼϐ
903 5550 1051 5612 ὅπως
1076 5547 1284 5617 εἴρηται
1317 5543 1422 5597 ὑπὸ
1447 5542 1542 5595 τοῦ
1563 5540 1806 5594 διαϐόλου
1827 5555 1840 5568 ·

279 5665 298 5699 ι
349 5644 486 5700 Ὑπὸ
513 5642 825 5699 παντοδαπά
867 5640 1058 5712 δένδρα
1105 5639 1380 5707 κοιμᾶται,
1415 5633 1567 5688 παρὰ
1594 5632 1844 5685 πάπυοον

1972 3229 2064 3286 Dei
2112 3233 2331 3287 civitate
2383 3232 2754 3300 praestantius,
2802 3230 3093 3286 sublimius
3131 3237 3187 3284 et
3226 3231 3424 3286 melius
3449 3231 3537 3284 hc.-

1967 3323 2145 3388 betur,
2180 3324 2439 3394 templum
2485 3323 2577 3379 Dci
2607 3334 2710 3378 est.
2758 3325 2816 3377 lu
2840 3323 2942 3378 hoc
2970 3323 3174 3394 templo
3196 3331 3312 3390 tuo,
3343 3323 3543 3396 inquit,

1968 3416 2065 3470 tibi
2127 3415 2356 3470 olTerent
2405 3431 2564 3486 reges
2645 3415 3034 3486 munerazqui
3103 3415 3317 3471 scilicet
3381 3415 3544 3470 aliam

1967 3506 2114 3560 illam
2169 3505 2444 3561 civitatem
2503 3506 2782 3560 caelestem
2842 3505 3130 3570 incolunt,
3183 3520 3314 3560 vere
3362 3519 3541 3576 reges,

1963 3598 2092 3669 quia
2165 3613 2334 3670 regno
2413 3600 2675 3652 cmlorum
2757 3597 2964 3668 dignati
3056 3605 3233 3664 sunt;
3311 3597 3545 3668 ideoque

1965 3707 2069 3745 una
2133 3707 2257 3747 cum
2333 3691 2563 3746 Domino
2617 3705 2719 3746 suo
2779 3699 3028 3762 regnant.
3069 3709 3088 3742 ι
3124 3689 3260 3744 Nam
3304 3690 3351 3746 si
3393 3705 3544 3746 com-

1961 3784 2162 3839 mortui
2193 3801 2419 3851 sumus,
2473 3793 2527 3840 et
2574 3785 2946 3850 convivemus,
3008 3792 3062 3839 et
3096 3785 3143 3840 si
3203 3785 3543 3840 sustinemus

1961 3873 2132 3930 Deum
2183 3885 2235 3930 et
2288 3873 2835 3944 conregnabimus”.
2872 3893 2891 3925 ι
2931 3871 2994 3926 Hi
3034 3872 3216 3942 itaque
3243 3887 3418 3941 reges,
3457 3884 3544 3924 ut-

1961 3976 2084 4035 pote
2111 3967 2204 4036 qui
2233 3968 2336 4022 sub
2369 3982 2566 4036 magno
2593 3965 2938 4020 sacerdotum
2973 3964 3220 4035 principe
3250 3961 3543 4032 Unigenitu

1959 4057 2056 4113 Dei
2088 4059 2450 4114 ministerium
2477 4059 2695 4122 obeant,
2723 4066 2778 4111 et
2808 4055 3124 4111 sacerdotes
3147 4055 3280 4116 sint,
3313 4069 3541 4108 munera

1958 4157 2011 4204 et
2045 4148 2148 4219 ipsi
2178 4148 2233 4201 in
2263 4147 2522 4217 templum
2573 4147 2691 4215 ejus
2722 4146 2943 4201 caeleste
2982 4143 3231 4206 aﬁerent,
3257 4157 3367 4196 una
3411 4154 3539 4196 cum

1958 4256 2158 4311 magno
2188 4238 2536 4294 sacerdotum
2567 4238 2814 4308 principe
2864 4237 3225 4292 introeuntes.
3259 4233 3329 4289 Ut
3355 4244 3538 4289 autem

1961 4333 2063 4386 hoc
2091 4331 2182 4384 ﬁat
2209 4336 2264 4385 et
2290 4344 2456 4398 opere
2485 4328 2845 4398 compleatur,
2883 4326 3202 4382 necessario
3235 4323 3317 4381 sic
3346 4339 3540 4395 preca-

1959 4428 2046 4476 tus
2071 4429 2156 4476 est
2184 4438 2197 4474 :
2236 4436 2254 4470 ι
2288 4417 2506 4484 Manda,
2539 4416 2702 4481 Deus,
2738 4415 2930 4472 virtuti
2953 4415 3378 4476 tuaaconlirma
3407 4414 3535 4481 hoc,

1888 4497 1933 4555 Ῑ)
1961 4513 2124 4580 Deus,
2157 4512 2306 4581 quod
2337 4517 2596 4580 operatus
2622 4525 2682 4565 es
2711 4508 2765 4563 in
2791 4507 2973 4564 nobis.
3010 4527 3029 4560 υ

2029 4603 2200 4661 Vens.
2232 4604 2417 4659 51-55.
2464 4620 2483 4652 ι
2523 4601 2745 4670 Increpa
2781 4599 2925 4656 feras
2954 4599 3264 4655 arundinis.
3295 4619 3314 4650 ι
3335 4599 3536 4666 Quem-

1957 4697 2251 4752 admodum
2294 4705 2550 4766 precatus
2600 4693 2798 4757 fuerat,
2837 4700 2896 4746 ut
2945 4691 3238 4762 przedictos
3284 4691 3538 4747 homines

1956 4791 2242 4864 adjuvaret
2273 4771 2464 4845 dicens
2508 4807 2520 4842 :
2578 4806 2596 4838 ι
2623 4785 2840 4848 Manda,
2889 4785 3055 4850 Deus,
3084 4784 3278 4839 virtuti
3334 4792 3477 4847 tute;
3509 4802 3528 4834 ι

1955 4893 2010 4941 et
2031 4925 2046 4947 ,
2084 4904 2101 4936 ι
2124 4882 2402 4938 Conﬁrma
2428 4881 2554 4944 hoc,
2583 4878 2751 4940 Deus.
2783 4876 2930 4948 quod
2959 4884 3220 4948 Operatus
3249 4891 3311 4932 es
3342 4875 3398 4930 in
3432 4891 3535 4930 no-

1957 4978 2077 5043 bis;
2105 4997 2123 5028 ι
2162 4975 2242 5031 sic
2273 4973 2435 5028 modo
2470 4979 2745 5043 precatur,
2781 4978 2841 5024 ut
2873 4969 3062 5026 obices
3101 4967 3170 5026 de
3205 4969 3388 5024 medio
3431 4967 3535 5023 tol-

1957 5072 2159 5133 lantur,
2221 5074 2275 5124 et
2336 5067 2454 5122 sine
2516 5064 2905 5134 impedimento
2971 5077 3152 5120 sermo
3219 5071 3524 5133 percurrat.

1954 5163 2304 5220 Praescientia
2332 5163 2532 5233 quippe
2556 5167 2782 5215 noverat
2813 5174 2908 5214 eas
2934 5173 3057 5228 quae
3086 5156 3356 5213 adversus
3386 5171 3526 5228 pra:-

1953 5257 2284 5312 dicationem
2327 5249 2697 5322 evangelicam
2733 5246 3038 5304 excitanda:
3076 5253 3232 5301 erant
3265 5260 3525 5315 persecu-

1949 5351 2149 5414 tiones,
2194 5345 2619 5417 spiritualesque
2657 5341 2823 5404 feras,
2878 5355 2910 5395 a
2956 5339 3160 5409 quibus
3189 5339 3327 5408 eripi
3360 5350 3522 5405 roga-

1949 5443 2043 5496 bat
2093 5441 2182 5496 ille
2209 5440 2304 5510 qui
2343 5438 2458 5492 haec
2492 5435 2817 5506 loquebatur
2859 5453 2872 5488 :
2926 5431 3047 5489 «Ne
3081 5430 3272 5487 tradas
3326 5429 3520 5485 bestiis

1949 5535 2160 5590 animas
2207 5531 2529 5586 conﬁtentes
2586 5526 2801 5581 tibi'm
2866 5524 3000 5591 Quae
3049 5525 3160 5580 sint
3223 5522 3328 5576 illa:
3389 5522 3519 5574 [erae

1948 5625 2235 5681 arundinis
2265 5621 2558 5691 intelligas.
2596 5622 2644 5676 si
2691 5634 2720 5672 a
2748 5617 2850 5674 Job
2886 5617 3105 5672 ediscas
3146 5613 3279 5683 quid
3310 5612 3516 5668 dictum

341 5806 387 5837 ”
415 5801 601 5858 Matth.
636 5817 730 5866 vu,
765 5799 814 5866 7,
854 5799 909 5855 8.
982 5798 1026 5831 ⁵⁸
1055 5795 1228 5850 Galat.
1267 5810 1339 5860 tv,
1369 5793 1458 5848 ‘26.
1537 5793 1581 5824 "
1610 5788 1775 5846 Hebr.
1810 5804 1909 5842 xu.
1940 5785 2030 5840 ‘22.
2112 5784 2156 5815 ⁵³
2183 5781 2225 5835 II
2252 5780 2392 5836 Tim.
2430 5795 2489 5847 It,
2527 5779 2613 5843 II,
2645 5775 2730 5831 12.
2809 5775 2854 5806 ⁵⁵
2881 5771 3026 5827 Psal.
3051 5785 3244 5828 LXXIII.
3277 5769 3364 5822 I9.

515 5903 788 5962 ΡΑῙιιοι..
835 5897 954 5959 Gn.
1001 5893 1239 5957 XXIII.

3125 5865 3203 5924 23
