  <div class='ocr_page' id='page_1' title='image "/cluster/home/n/w/nwhite01/storage/ocr_20150623/23/hvd.32044073501124/365.png"; bbox 0 0 4086 6442; ppageno 0'>
   <div class='ocr_carea' id='block_1_1' title="bbox 565 368 670 426">
    <p class='ocr_par' dir='ltr' id='par_1_1' title="bbox 565 368 670 426">
     <span class='ocr_line' id='line_1_1' title="bbox 565 368 670 426; baseline 0 -1"><span class='ocrx_word' id='word_1_1' title='bbox 565 368 670 426; x_wconf 68' lang='grc'><strong>71⁸5</strong></span> 
     </span>
    </p>
   </div>
   <div class='ocr_carea' id='block_1_2' title="bbox 1219 317 3810 424">
    <p class='ocr_par' dir='ltr' id='par_1_2' title="bbox 1219 317 3810 424">
     <span class='ocr_line' id='line_1_2' title="bbox 1219 317 3810 424; baseline 0.002 -4"><span class='ocrx_word' id='word_1_2' title='bbox 1219 361 1474 422; x_wconf 65' lang='lat' dir='ltr'><strong>unseen</strong></span> <span class='ocrx_word' id='word_1_3' title='bbox 1501 317 2026 416; x_wconf 57' lang='lat' dir='ltr'><strong>eieSmENSIs</strong></span> <span class='ocrx_word' id='word_1_4' title='bbox 2063 359 2212 417; x_wconf 66' lang='lat' dir='ltr'><strong>ore.</strong></span> <span class='ocrx_word' id='word_1_5' title='bbox 2254 359 2434 417; x_wconf 69' lang='lat' dir='ltr'><strong>mas</strong></span> <span class='ocrx_word' id='word_1_6' title='bbox 2473 361 2559 417; x_wconf 87' lang='lat' dir='ltr'><strong>Ill.</strong></span> <span class='ocrx_word' id='word_1_7' title='bbox 2597 392 2671 407; x_wconf 90' lang='lat'><strong>—</strong></span> <span class='ocrx_word' id='word_1_8' title='bbox 2705 361 3124 422; x_wconf 67' lang='lat' dir='ltr'><strong>exece&#39;nca.</strong></span> <span class='ocrx_word' id='word_1_9' title='bbox 3728 366 3810 424; x_wconf 75' lang='lat' dir='ltr'><strong>us</strong></span> 
     </span>
    </p>
   </div>
   <div class='ocr_carea' id='block_1_3' title="bbox 567 463 2138 556">
    <p class='ocr_par' dir='ltr' id='par_1_3' title="bbox 567 463 2138 553">
     <span class='ocr_line' id='line_1_3' title="bbox 567 463 2138 553; baseline -0.008 -9"><span class='ocrx_word' id='word_1_10' title='bbox 567 492 635 545; x_wconf 88' lang='lat' dir='ltr'><strong>de</strong></span> <span class='ocrx_word' id='word_1_11' title='bbox 660 488 876 545; x_wconf 86' lang='lat' dir='ltr'><strong>diabolo</strong></span> <span class='ocrx_word' id='word_1_12' title='bbox 907 488 978 541; x_wconf 88' lang='lat' dir='ltr'><strong>sit</strong></span> <span class='ocrx_word' id='word_1_13' title='bbox 1009 504 1022 540; x_wconf 89' lang='lat'><strong>:</strong></span> <span class='ocrx_word' id='word_1_14' title='bbox 1053 504 1072 536; x_wconf 77' lang='grc' dir='ltr'><strong>ι</strong></span> <span class='ocrx_word' id='word_1_15' title='bbox 1111 485 1224 542; x_wconf 84' lang='lat' dir='ltr'><strong>Sub</strong></span> <span class='ocrx_word' id='word_1_16' title='bbox 1259 478 1433 539; x_wconf 85' lang='lat' dir='ltr'><strong>omnis</strong></span> <span class='ocrx_word' id='word_1_17' title='bbox 1451 481 1654 553; x_wconf 79' lang='lat' dir='ltr'><strong>generis</strong></span> <span class='ocrx_word' id='word_1_18' title='bbox 1690 463 1993 537; x_wconf 62' lang='lat' dir='ltr'><strong>arboribus</strong></span> <span class='ocrx_word' id='word_1_19' title='bbox 2015 481 2138 535; x_wconf 89' lang='lat' dir='ltr'><strong>dor-</strong></span> 
     </span>
    </p>
   </div>
   <div class='ocr_carea' id='block_1_4' title="bbox 2240 463 3812 556">
    <p class='ocr_par' dir='ltr' id='par_1_4' title="bbox 2245 469 3812 556">
     <span class='ocr_line' id='line_1_4' title="bbox 2245 469 3812 556; baseline 0.001 -19"><span class='ocrx_word' id='word_1_20' title='bbox 2245 483 2339 537; x_wconf 78' lang='grc' dir='ltr'>και</span> <span class='ocrx_word' id='word_1_21' title='bbox 2378 469 2618 555; x_wconf 59' lang='grc' dir='ltr'>κάλαμον</span> <span class='ocrx_word' id='word_1_22' title='bbox 2655 483 2748 538; x_wconf 70' lang='grc' dir='ltr'><strong>καὶ</strong></span> <span class='ocrx_word' id='word_1_23' title='bbox 2792 484 3072 555; x_wconf 83' lang='grc' dir='ltr'>βούτομον.</span> <span class='ocrx_word' id='word_1_24' title='bbox 3111 503 3133 538; x_wconf 72' lang='grc' dir='ltr'><strong>ι</strong></span> <span class='ocrx_word' id='word_1_25' title='bbox 3163 484 3239 540; x_wconf 82' lang='grc' dir='ltr'><strong>Οὐ</strong></span> <span class='ocrx_word' id='word_1_26' title='bbox 3287 483 3407 556; x_wconf 82' lang='grc' dir='ltr'><strong>γάρ</strong></span> <span class='ocrx_word' id='word_1_27' title='bbox 3447 479 3602 554; x_wconf 61' lang='grc' dir='ltr'>παρα</span> <span class='ocrx_word' id='word_1_28' title='bbox 3649 484 3812 555; x_wconf 80' lang='grc' dir='ltr'>συκῆν,</span> 
     </span>
    </p>
   </div>
   <div class='ocr_carea' id='block_1_5' title="bbox 574 568 2144 652">
    <p class='ocr_par' dir='ltr' id='par_1_5' title="bbox 574 568 2144 652">
     <span class='ocr_line' id='line_1_5' title="bbox 574 568 2144 652; baseline -0.005 -16"><span class='ocrx_word' id='word_1_29' title='bbox 574 583 693 650; x_wconf 89' lang='lat' dir='ltr'><strong>mit,</strong></span> <span class='ocrx_word' id='word_1_30' title='bbox 723 582 878 652; x_wconf 80' lang='lat' dir='ltr'><strong>juxta</strong></span> <span class='ocrx_word' id='word_1_31' title='bbox 905 596 1194 651; x_wconf 70' lang='lat' dir='ltr'><strong>papyrum,</strong></span> <span class='ocrx_word' id='word_1_32' title='bbox 1226 579 1494 632; x_wconf 85' lang='lat' dir='ltr'><strong>calamum</strong></span> <span class='ocrx_word' id='word_1_33' title='bbox 1526 582 1578 630; x_wconf 87' lang='lat' dir='ltr'><strong>et</strong></span> <span class='ocrx_word' id='word_1_34' title='bbox 1605 568 1969 635; x_wconf 64' lang='lat' dir='ltr'><strong>caricem&quot;.i</strong></span> <span class='ocrx_word' id='word_1_35' title='bbox 2028 574 2144 628; x_wconf 79' lang='lat' dir='ltr'><strong>Non</strong></span> 
     </span>
    </p>
   </div>
   <div class='ocr_carea' id='block_1_6' title="bbox 565 667 2145 742">
    <p class='ocr_par' dir='ltr' id='par_1_6' title="bbox 565 667 2145 742">
     <span class='ocr_line' id='line_1_6' title="bbox 565 667 2145 742; baseline -0.005 -14"><span class='ocrx_word' id='word_1_36' title='bbox 565 677 720 742; x_wconf 81' lang='lat' dir='ltr'><strong>juxta</strong></span> <span class='ocrx_word' id='word_1_37' title='bbox 753 674 938 736; x_wconf 78' lang='lat' dir='ltr'><strong>ticum,</strong></span> <span class='ocrx_word' id='word_1_38' title='bbox 973 673 1158 733; x_wconf 80' lang='lat' dir='ltr'><strong>vilem,</strong></span> <span class='ocrx_word' id='word_1_39' title='bbox 1208 672 1381 725; x_wconf 86' lang='lat' dir='ltr'><strong>oleam</strong></span> <span class='ocrx_word' id='word_1_40' title='bbox 1435 677 1527 722; x_wconf 89' lang='lat' dir='ltr'><strong>aut</strong></span> <span class='ocrx_word' id='word_1_41' title='bbox 1577 667 1841 736; x_wconf 86' lang='lat' dir='ltr'><strong>palmam,</strong></span> <span class='ocrx_word' id='word_1_42' title='bbox 1878 674 1972 719; x_wconf 88' lang='lat' dir='ltr'><strong>aut</strong></span> <span class='ocrx_word' id='word_1_43' title='bbox 2016 667 2145 735; x_wconf 78' lang='lat' dir='ltr'><strong>quid</strong></span> 
     </span>
    </p>
   </div>
   <div class='ocr_carea' id='block_1_7' title="bbox 570 758 2144 832">
    <p class='ocr_par' dir='ltr' id='par_1_7' title="bbox 570 758 2144 832">
     <span class='ocr_line' id='line_1_7' title="bbox 570 758 2144 832; baseline -0.008 -11"><span class='ocrx_word' id='word_1_44' title='bbox 570 768 640 823; x_wconf 90' lang='lat' dir='ltr'><strong>iis</strong></span> <span class='ocrx_word' id='word_1_45' title='bbox 661 767 842 822; x_wconf 82' lang='lat' dir='ltr'><strong>simile</strong></span> <span class='ocrx_word' id='word_1_46' title='bbox 869 805 884 828; x_wconf 88' lang='lat'><strong>,</strong></span> <span class='ocrx_word' id='word_1_47' title='bbox 917 765 1010 820; x_wconf 79' lang='lat' dir='ltr'><strong>scd</strong></span> <span class='ocrx_word' id='word_1_48' title='bbox 1033 764 1189 832; x_wconf 86' lang='lat' dir='ltr'><strong>juxta</strong></span> <span class='ocrx_word' id='word_1_49' title='bbox 1211 777 1495 832; x_wconf 84' lang='lat' dir='ltr'><strong>papyrum,</strong></span> <span class='ocrx_word' id='word_1_50' title='bbox 1527 760 1798 814; x_wconf 83' lang='lat' dir='ltr'><strong>calamum</strong></span> <span class='ocrx_word' id='word_1_51' title='bbox 1827 767 1881 811; x_wconf 93' lang='lat' dir='ltr'><strong>et</strong></span> <span class='ocrx_word' id='word_1_52' title='bbox 1909 758 2144 811; x_wconf 81' lang='lat' dir='ltr'><strong>carieem</strong></span> 
     </span>
    </p>
   </div>
   <div class='ocr_carea' id='block_1_8' title="bbox 569 848 2147 926">
    <p class='ocr_par' dir='ltr' id='par_1_8' title="bbox 569 848 2147 926">
     <span class='ocr_line' id='line_1_8' title="bbox 569 848 2147 926; baseline -0.005 -17"><span class='ocrx_word' id='word_1_53' title='bbox 569 857 856 926; x_wconf 79' lang='lat' dir='ltr'><strong>quiescere</strong></span> <span class='ocrx_word' id='word_1_54' title='bbox 897 855 1075 924; x_wconf 67' lang='lat' dir='ltr'><strong>ipsum</strong></span> <span class='ocrx_word' id='word_1_55' title='bbox 1114 853 1223 915; x_wconf 92' lang='lat' dir='ltr'><strong>ait,</strong></span> <span class='ocrx_word' id='word_1_56' title='bbox 1256 851 1526 910; x_wconf 80' lang='lat' dir='ltr'><strong>infirmas.</strong></span> <span class='ocrx_word' id='word_1_57' title='bbox 1563 848 1789 918; x_wconf 79' lang='lat' dir='ltr'><strong>frigidas</strong></span> <span class='ocrx_word' id='word_1_58' title='bbox 1827 848 2147 919; x_wconf 89' lang='lat' dir='ltr'><strong>nullumque</strong></span> 
     </span>
    </p>
   </div>
   <div class='ocr_carea' id='block_1_9' title="bbox 573 940 2148 1015">
    <p class='ocr_par' dir='ltr' id='par_1_9' title="bbox 573 940 2148 1015">
     <span class='ocr_line' id='line_1_9' title="bbox 573 940 2148 1015; baseline -0.006 -12"><span class='ocrx_word' id='word_1_59' title='bbox 573 950 810 1003; x_wconf 81' lang='lat' dir='ltr'><strong>fructum</strong></span> <span class='ocrx_word' id='word_1_60' title='bbox 845 946 1048 1002; x_wconf 87' lang='lat' dir='ltr'><strong>bonum</strong></span> <span class='ocrx_word' id='word_1_61' title='bbox 1091 943 1448 1015; x_wconf 84' lang='lat' dir='ltr'><strong>&#39;prol&#39;erentes</strong></span> <span class='ocrx_word' id='word_1_62' title='bbox 1493 943 1706 996; x_wconf 87' lang='lat' dir='ltr'><strong>animas</strong></span> <span class='ocrx_word' id='word_1_63' title='bbox 1759 940 1844 995; x_wconf 93' lang='lat' dir='ltr'><strong>his</strong></span> <span class='ocrx_word' id='word_1_64' title='bbox 1896 940 2148 996; x_wconf 89' lang='lat' dir='ltr'><strong>subindi-</strong></span> 
     </span>
    </p>
   </div>
   <div class='ocr_carea' id='block_1_10' title="bbox 571 1032 2146 1106">
    <p class='ocr_par' dir='ltr' id='par_1_10' title="bbox 571 1032 2146 1106">
     <span class='ocr_line' id='line_1_10' title="bbox 571 1032 2146 1106; baseline -0.003 -14"><span class='ocrx_word' id='word_1_65' title='bbox 571 1055 744 1105; x_wconf 88' lang='lat' dir='ltr'><strong>cans;</strong></span> <span class='ocrx_word' id='word_1_66' title='bbox 782 1038 939 1103; x_wconf 85' lang='lat' dir='ltr'><strong>juxta</strong></span> <span class='ocrx_word' id='word_1_67' title='bbox 966 1036 1087 1090; x_wconf 86' lang='lat' dir='ltr'><strong>illas</strong></span> <span class='ocrx_word' id='word_1_68' title='bbox 1119 1036 1322 1106; x_wconf 83' lang='lat' dir='ltr'><strong>quippe</strong></span> <span class='ocrx_word' id='word_1_69' title='bbox 1348 1035 1514 1089; x_wconf 87' lang='lat' dir='ltr'><strong>draco</strong></span> <span class='ocrx_word' id='word_1_70' title='bbox 1547 1034 1885 1104; x_wconf 85' lang='lat' dir='ltr'><strong>quiescebat.</strong></span> <span class='ocrx_word' id='word_1_71' title='bbox 1933 1032 2146 1087; x_wconf 89' lang='lat' dir='ltr'><strong>Truces</strong></span> 
     </span>
    </p>
   </div>
   <div class='ocr_carea' id='block_1_11' title="bbox 571 1123 2146 1194">
    <p class='ocr_par' dir='ltr' id='par_1_11' title="bbox 571 1123 2146 1194">
     <span class='ocr_line' id='line_1_11' title="bbox 571 1123 2146 1194; baseline -0.003 -12"><span class='ocrx_word' id='word_1_72' title='bbox 571 1141 750 1182; x_wconf 86' lang='lat' dir='ltr'><strong>autem</strong></span> <span class='ocrx_word' id='word_1_73' title='bbox 787 1128 892 1180; x_wconf 76' lang='lat' dir='ltr'><strong>illa:</strong></span> <span class='ocrx_word' id='word_1_74' title='bbox 943 1126 1070 1181; x_wconf 70' lang='lat' dir='ltr'><strong>ferae</strong></span> <span class='ocrx_word' id='word_1_75' title='bbox 1117 1125 1426 1189; x_wconf 89' lang='lat' dir='ltr'><strong>arundinis,</strong></span> <span class='ocrx_word' id='word_1_76' title='bbox 1457 1133 1587 1181; x_wconf 91' lang='lat' dir='ltr'><strong>sunt</strong></span> <span class='ocrx_word' id='word_1_77' title='bbox 1636 1123 1962 1182; x_wconf 71' lang='lat' dir='ltr'><strong>adversaria:</strong></span> <span class='ocrx_word' id='word_1_78' title='bbox 1996 1134 2146 1194; x_wconf 84' lang='lat' dir='ltr'><strong>pote-</strong></span> 
     </span>
    </p>
   </div>
   <div class='ocr_carea' id='block_1_12' title="bbox 571 1205 2145 1289">
    <p class='ocr_par' dir='ltr' id='par_1_12' title="bbox 571 1205 2145 1289">
     <span class='ocr_line' id='line_1_12' title="bbox 571 1205 2145 1289; baseline -0.003 -14"><span class='ocrx_word' id='word_1_79' title='bbox 571 1205 763 1285; x_wconf 77' lang='lat' dir='ltr'><strong>states,</strong></span> <span class='ocrx_word' id='word_1_80' title='bbox 794 1219 1016 1289; x_wconf 79' lang='lat' dir='ltr'><strong>maligni</strong></span> <span class='ocrx_word' id='word_1_81' title='bbox 1050 1219 1348 1282; x_wconf 65' lang='lat' dir='ltr'><strong>daemones,</strong></span> <span class='ocrx_word' id='word_1_82' title='bbox 1404 1228 1458 1272; x_wconf 91' lang='lat' dir='ltr'><strong>et</strong></span> <span class='ocrx_word' id='word_1_83' title='bbox 1501 1218 1762 1273; x_wconf 87' lang='lat' dir='ltr'><strong>venenosi</strong></span> <span class='ocrx_word' id='word_1_84' title='bbox 1809 1217 2145 1288; x_wconf 82' lang='lat' dir='ltr'><strong>reptilesque</strong></span> 
     </span>
    </p>
   </div>
   <div class='ocr_carea' id='block_1_13' title="bbox 571 1308 2144 1384">
    <p class='ocr_par' dir='ltr' id='par_1_13' title="bbox 571 1308 2144 1384">
     <span class='ocr_line' id='line_1_13' title="bbox 571 1308 2144 1384; baseline -0.004 -16"><span class='ocrx_word' id='word_1_85' title='bbox 571 1315 818 1384; x_wconf 75' lang='lat' dir='ltr'><strong>spiritus,</strong></span> <span class='ocrx_word' id='word_1_86' title='bbox 850 1328 990 1382; x_wconf 90' lang='lat' dir='ltr'><strong>quos</strong></span> <span class='ocrx_word' id='word_1_87' title='bbox 1025 1317 1082 1364; x_wconf 89' lang='lat' dir='ltr'><strong>ut</strong></span> <span class='ocrx_word' id='word_1_88' title='bbox 1114 1310 1357 1380; x_wconf 81' lang='lat' dir='ltr'><strong>increpet</strong></span> <span class='ocrx_word' id='word_1_89' title='bbox 1399 1308 1566 1371; x_wconf 91' lang='lat' dir='ltr'><strong>Deus,</strong></span> <span class='ocrx_word' id='word_1_90' title='bbox 1619 1308 1862 1379; x_wconf 85' lang='lat' dir='ltr'><strong>Spiritus</strong></span> <span class='ocrx_word' id='word_1_91' title='bbox 1913 1318 2144 1362; x_wconf 91' lang='lat' dir='ltr'><strong>sanctus</strong></span> 
     </span>
    </p>
   </div>
   <div class='ocr_carea' id='block_1_14' title="bbox 569 1401 2144 1474">
    <p class='ocr_par' dir='ltr' id='par_1_14' title="bbox 569 1401 2144 1474">
     <span class='ocr_line' id='line_1_14' title="bbox 569 1401 2144 1474; baseline -0.003 -14"><span class='ocrx_word' id='word_1_92' title='bbox 569 1413 725 1474; x_wconf 85' lang='lat' dir='ltr'><strong>rogat</strong></span> <span class='ocrx_word' id='word_1_93' title='bbox 753 1404 906 1459; x_wconf 90' lang='lat' dir='ltr'><strong>hisce</strong></span> <span class='ocrx_word' id='word_1_94' title='bbox 936 1404 1151 1459; x_wconf 84' lang='lat' dir='ltr'><strong>verbis:</strong></span> <span class='ocrx_word' id='word_1_95' title='bbox 1190 1421 1208 1454; x_wconf 83' lang='grc' dir='ltr'><strong>ι</strong></span> <span class='ocrx_word' id='word_1_96' title='bbox 1234 1401 1461 1472; x_wconf 88' lang='lat' dir='ltr'><strong>lncrepa</strong></span> <span class='ocrx_word' id='word_1_97' title='bbox 1493 1402 1639 1456; x_wconf 78' lang='lat' dir='ltr'><strong>feras</strong></span> <span class='ocrx_word' id='word_1_98' title='bbox 1675 1402 1986 1458; x_wconf 89' lang='lat' dir='ltr'><strong>arundinis.</strong></span> <span class='ocrx_word' id='word_1_99' title='bbox 2021 1423 2040 1455; x_wconf 72' lang='grc' dir='ltr'><strong>ι</strong></span> <span class='ocrx_word' id='word_1_100' title='bbox 2078 1402 2144 1456; x_wconf 89' lang='lat' dir='ltr'><strong>Et</strong></span> 
     </span>
    </p>
   </div>
   <div class='ocr_carea' id='block_1_15' title="bbox 568 1497 2145 1570">
    <p class='ocr_par' dir='ltr' id='par_1_15' title="bbox 568 1497 2145 1570">
     <span class='ocr_line' id='line_1_15' title="bbox 568 1497 2145 1570; baseline -0.001 -17"><span class='ocrx_word' id='word_1_101' title='bbox 568 1499 1045 1569; x_wconf 86' lang='lat' dir='ltr'><strong>congregationem</strong></span> <span class='ocrx_word' id='word_1_102' title='bbox 1093 1504 1409 1564; x_wconf 85' lang='lat' dir='ltr'><strong>taurorum;</strong></span> <span class='ocrx_word' id='word_1_103' title='bbox 1456 1497 1591 1562; x_wconf 88' lang='lat' dir='ltr'><strong>sive,</strong></span> <span class='ocrx_word' id='word_1_104' title='bbox 1634 1497 1934 1553; x_wconf 88' lang='lat' dir='ltr'><strong>secundum</strong></span> <span class='ocrx_word' id='word_1_105' title='bbox 1985 1499 2145 1570; x_wconf 83' lang='lat' dir='ltr'><strong>Sym-</strong></span> 
     </span>
    </p>
   </div>
   <div class='ocr_carea' id='block_1_16' title="bbox 568 1587 2141 1658">
    <p class='ocr_par' dir='ltr' id='par_1_16' title="bbox 568 1587 2141 1658">
     <span class='ocr_line' id='line_1_16' title="bbox 568 1587 2141 1658; baseline 0.001 -17"><span class='ocrx_word' id='word_1_106' title='bbox 568 1589 845 1651; x_wconf 83' lang='lat' dir='ltr'><strong>machum,</strong></span> <span class='ocrx_word' id='word_1_107' title='bbox 913 1596 1154 1643; x_wconf 70' lang='lat' dir='ltr'><strong>cccetum</strong></span> <span class='ocrx_word' id='word_1_108' title='bbox 1211 1587 1613 1658; x_wconf 80' lang='lat' dir='ltr'><strong>praegrandium</strong></span> <span class='ocrx_word' id='word_1_109' title='bbox 1643 1606 1657 1656; x_wconf 91' lang='lat'><strong>;</strong></span> <span class='ocrx_word' id='word_1_110' title='bbox 1691 1608 1709 1642; x_wconf 75' lang='grc' dir='ltr'><strong>ι</strong></span> <span class='ocrx_word' id='word_1_111' title='bbox 1765 1603 1964 1644; x_wconf 80' lang='lat' dir='ltr'><strong>vaccas</strong></span> <span class='ocrx_word' id='word_1_112' title='bbox 2011 1589 2141 1644; x_wconf 89' lang='lat' dir='ltr'><strong>item</strong></span> 
     </span>
    </p>
   </div>
   <div class='ocr_carea' id='block_1_17' title="bbox 2249 574 3815 650">
    <p class='ocr_par' dir='ltr' id='par_1_17' title="bbox 2249 574 3815 650">
     <span class='ocr_line' id='line_1_17' title="bbox 2249 574 3815 650; baseline -0.001 -21"><span class='ocrx_word' id='word_1_113' title='bbox 2249 576 2370 629; x_wconf 76' lang='grc' dir='ltr'>οὐδὲ</span> <span class='ocrx_word' id='word_1_114' title='bbox 2403 577 2553 647; x_wconf 83' lang='grc' dir='ltr'>παρᾶ</span> <span class='ocrx_word' id='word_1_115' title='bbox 2577 577 2840 648; x_wconf 77' lang='grc' dir='ltr'><strong>ἄμπελον,</strong></span> <span class='ocrx_word' id='word_1_116' title='bbox 2867 579 2987 632; x_wconf 71' lang='grc' dir='ltr'>οὐδὲ</span> <span class='ocrx_word' id='word_1_117' title='bbox 3040 577 3190 648; x_wconf 81' lang='grc' dir='ltr'>παρὰ</span> <span class='ocrx_word' id='word_1_118' title='bbox 3237 576 3456 639; x_wconf 86' lang='grc' dir='ltr'>ἐλαίαν,</span> <span class='ocrx_word' id='word_1_119' title='bbox 3483 575 3519 646; x_wconf 76' lang='grc' dir='ltr'>ἢ</span> <span class='ocrx_word' id='word_1_120' title='bbox 3545 574 3763 643; x_wconf 75' lang='grc' dir='ltr'>φοίνικα,</span> <span class='ocrx_word' id='word_1_121' title='bbox 3785 579 3815 650; x_wconf 68' lang='grc' dir='ltr'><strong>ἡ</strong></span> 
     </span>
    </p>
   </div>
   <div class='ocr_carea' id='block_1_18' title="bbox 2249 665 3818 741">
    <p class='ocr_par' dir='ltr' id='par_1_18' title="bbox 2249 665 3818 741">
     <span class='ocr_line' id='line_1_18' title="bbox 2249 665 3818 741; baseline 0.002 -22"><span class='ocrx_word' id='word_1_122' title='bbox 2249 684 2301 720; x_wconf 91' lang='grc' dir='ltr'><strong>τι</strong></span> <span class='ocrx_word' id='word_1_123' title='bbox 2346 667 2454 720; x_wconf 86' lang='grc' dir='ltr'><strong>τῶν</strong></span> <span class='ocrx_word' id='word_1_124' title='bbox 2497 668 2707 732; x_wconf 76' lang='grc' dir='ltr'><strong>τούτοις</strong></span> <span class='ocrx_word' id='word_1_125' title='bbox 2754 669 3176 741; x_wconf 78' lang='grc' dir='ltr'><strong>παραπλησίων,</strong></span> <span class='ocrx_word' id='word_1_126' title='bbox 3226 667 3364 722; x_wconf 79' lang='grc' dir='ltr'>ἀλλὰ</span> <span class='ocrx_word' id='word_1_127' title='bbox 3397 665 3558 738; x_wconf 73' lang='grc' dir='ltr'>παρὰ</span> <span class='ocrx_word' id='word_1_128' title='bbox 3599 665 3818 739; x_wconf 85' lang='grc' dir='ltr'>πάπυρον</span> 
     </span>
    </p>
   </div>
   <div class='ocr_carea' id='block_1_19' title="bbox 2249 759 3817 832">
    <p class='ocr_par' dir='ltr' id='par_1_19' title="bbox 2249 759 3817 832">
     <span class='ocr_line' id='line_1_19' title="bbox 2249 759 3817 832; baseline 0.001 -19"><span class='ocrx_word' id='word_1_129' title='bbox 2249 762 2342 814; x_wconf 78' lang='grc' dir='ltr'><strong>καὶ</strong></span> <span class='ocrx_word' id='word_1_130' title='bbox 2373 759 2617 830; x_wconf 89' lang='grc' dir='ltr'>κάλαμον</span> <span class='ocrx_word' id='word_1_131' title='bbox 2647 761 2740 814; x_wconf 75' lang='grc' dir='ltr'><strong>καὶ</strong></span> <span class='ocrx_word' id='word_1_132' title='bbox 2766 761 3024 832; x_wconf 83' lang='grc' dir='ltr'>βούτομον</span> <span class='ocrx_word' id='word_1_133' title='bbox 3052 759 3437 815; x_wconf 84' lang='grc' dir='ltr'>ἀναπαύεσθαί</span> <span class='ocrx_word' id='word_1_134' title='bbox 3468 776 3634 829; x_wconf 83' lang='grc' dir='ltr'>φησιν</span> <span class='ocrx_word' id='word_1_135' title='bbox 3660 761 3817 824; x_wconf 70' lang='grc' dir='ltr'>αὐτὸν,</span> 
     </span>
    </p>
   </div>
   <div class='ocr_carea' id='block_1_20' title="bbox 2247 851 3822 926">
    <p class='ocr_par' dir='ltr' id='par_1_20' title="bbox 2247 851 3822 926">
     <span class='ocr_line' id='line_1_20' title="bbox 2247 851 3822 926; baseline 0.001 -21"><span class='ocrx_word' id='word_1_136' title='bbox 2247 852 2347 915; x_wconf 74' lang='grc' dir='ltr'><strong>τὰς</strong></span> <span class='ocrx_word' id='word_1_137' title='bbox 2378 853 2600 916; x_wconf 81' lang='grc' dir='ltr'><strong>ἀτόνους</strong></span> <span class='ocrx_word' id='word_1_138' title='bbox 2631 854 2725 906; x_wconf 75' lang='grc' dir='ltr'><strong>καὶ</strong></span> <span class='ocrx_word' id='word_1_139' title='bbox 2751 853 3056 926; x_wconf 80' lang='grc' dir='ltr'><strong>καθύγρους</strong></span> <span class='ocrx_word' id='word_1_140' title='bbox 3081 854 3174 907; x_wconf 81' lang='grc' dir='ltr'><strong>καὶ</strong></span> <span class='ocrx_word' id='word_1_141' title='bbox 3204 853 3423 924; x_wconf 79' lang='grc' dir='ltr'><strong>μηδένα,</strong></span> <span class='ocrx_word' id='word_1_142' title='bbox 3447 851 3663 923; x_wconf 70' lang='grc' dir='ltr'>καρπὸν</span> <span class='ocrx_word' id='word_1_143' title='bbox 3687 853 3822 923; x_wconf 85' lang='grc' dir='ltr'>ἀναγ-</span> 
     </span>
    </p>
   </div>
   <div class='ocr_carea' id='block_1_21' title="bbox 2249 942 3823 1014">
    <p class='ocr_par' dir='ltr' id='par_1_21' title="bbox 2249 942 3823 1014">
     <span class='ocr_line' id='line_1_21' title="bbox 2249 942 3823 1014; baseline 0.001 -19"><span class='ocrx_word' id='word_1_144' title='bbox 2249 946 2402 996; x_wconf 88' lang='grc' dir='ltr'>καῖον</span> <span class='ocrx_word' id='word_1_145' title='bbox 2454 942 2834 1014; x_wconf 75' lang='grc' dir='ltr'>προφερούσας</span> <span class='ocrx_word' id='word_1_146' title='bbox 2877 944 3056 1014; x_wconf 75' lang='grc' dir='ltr'>ψυχὰς</span> <span class='ocrx_word' id='word_1_147' title='bbox 3117 944 3306 998; x_wconf 76' lang='grc' dir='ltr'>τοῦτον</span> <span class='ocrx_word' id='word_1_148' title='bbox 3357 942 3712 1013; x_wconf 76' lang='grc' dir='ltr'>αἰνιξάμενος</span> <span class='ocrx_word' id='word_1_149' title='bbox 3747 944 3823 997; x_wconf 73' lang='grc' dir='ltr'>τὸν</span> 
     </span>
    </p>
   </div>
   <div class='ocr_carea' id='block_1_22' title="bbox 2247 1033 3821 1108">
    <p class='ocr_par' dir='ltr' id='par_1_22' title="bbox 2247 1033 3821 1108">
     <span class='ocr_line' id='line_1_22' title="bbox 2247 1033 3821 1108; baseline 0.001 -21"><span class='ocrx_word' id='word_1_150' title='bbox 2247 1035 2480 1107; x_wconf 79' lang='grc' dir='ltr'><strong>τρόπον⁸</strong></span> <span class='ocrx_word' id='word_1_151' title='bbox 2534 1035 2685 1108; x_wconf 84' lang='grc' dir='ltr'>παρὰ</span> <span class='ocrx_word' id='word_1_152' title='bbox 2729 1035 3008 1100; x_wconf 74' lang='grc' dir='ltr'><strong>τοιαύταις</strong></span> <span class='ocrx_word' id='word_1_153' title='bbox 3051 1036 3161 1108; x_wconf 82' lang='grc' dir='ltr'>γὰρ</span> <span class='ocrx_word' id='word_1_154' title='bbox 3205 1034 3521 1089; x_wconf 78' lang='grc' dir='ltr'>ἀνεπαύετο</span> <span class='ocrx_word' id='word_1_155' title='bbox 3553 1035 3582 1088; x_wconf 92' lang='grc' dir='ltr'><strong>ό</strong></span> <span class='ocrx_word' id='word_1_156' title='bbox 3611 1033 3821 1105; x_wconf 85' lang='grc' dir='ltr'>δράκων.</span> 
     </span>
    </p>
   </div>
   <div class='ocr_carea' id='block_1_23' title="bbox 2247 1126 3824 1200">
    <p class='ocr_par' dir='ltr' id='par_1_23' title="bbox 2247 1126 3824 1200">
     <span class='ocr_line' id='line_1_23' title="bbox 2247 1126 3824 1200; baseline 0.001 -21"><span class='ocrx_word' id='word_1_157' title='bbox 2247 1126 2407 1180; x_wconf 78' lang='grc' dir='ltr'>Δεινὰ</span> <span class='ocrx_word' id='word_1_158' title='bbox 2439 1127 2496 1180; x_wconf 85' lang='grc' dir='ltr'>δὲ</span> <span class='ocrx_word' id='word_1_159' title='bbox 2521 1126 2684 1198; x_wconf 90' lang='grc' dir='ltr'>θηρία</span> <span class='ocrx_word' id='word_1_160' title='bbox 2706 1128 2953 1199; x_wconf 81' lang='grc' dir='ltr'><strong>καλάμου</strong></span> <span class='ocrx_word' id='word_1_161' title='bbox 2988 1131 3339 1200; x_wconf 82' lang='grc' dir='ltr'>τυγχάνουσιν</span> <span class='ocrx_word' id='word_1_162' title='bbox 3371 1131 3433 1182; x_wconf 78' lang='lat' dir='ltr'><strong>al</strong></span> <span class='ocrx_word' id='word_1_163' title='bbox 3472 1127 3824 1198; x_wconf 83' lang='grc' dir='ltr'>ἁντικείμεναι</span> 
     </span>
    </p>
   </div>
   <div class='ocr_carea' id='block_1_24' title="bbox 2244 1219 3827 1293">
    <p class='ocr_par' dir='ltr' id='par_1_24' title="bbox 2244 1219 3827 1293">
     <span class='ocr_line' id='line_1_24' title="bbox 2244 1219 3827 1293; baseline 0.002 -21"><span class='ocrx_word' id='word_1_164' title='bbox 2244 1219 2523 1290; x_wconf 87' lang='grc' dir='ltr'>δυνάμεις,</span> <span class='ocrx_word' id='word_1_165' title='bbox 2563 1220 2619 1273; x_wconf 84' lang='grc' dir='ltr'>οἴ</span> <span class='ocrx_word' id='word_1_166' title='bbox 2652 1238 2712 1273; x_wconf 89' lang='grc' dir='ltr'><strong>τε</strong></span> <span class='ocrx_word' id='word_1_167' title='bbox 2759 1221 2986 1293; x_wconf 80' lang='grc' dir='ltr'>πονηροί</span> <span class='ocrx_word' id='word_1_168' title='bbox 3024 1222 3274 1293; x_wconf 88' lang='grc' dir='ltr'>δαίμονες</span> <span class='ocrx_word' id='word_1_169' title='bbox 3309 1221 3411 1275; x_wconf 74' lang='grc' dir='ltr'><strong>καὶ</strong></span> <span class='ocrx_word' id='word_1_170' title='bbox 3440 1219 3515 1273; x_wconf 78' lang='grc' dir='ltr'>τὰ</span> <span class='ocrx_word' id='word_1_171' title='bbox 3550 1219 3724 1273; x_wconf 80' lang='grc' dir='ltr'>ἰοὸόλα</span> <span class='ocrx_word' id='word_1_172' title='bbox 3745 1221 3827 1275; x_wconf 79' lang='grc' dir='ltr'>καὶ</span> 
     </span>
    </p>
   </div>
   <div class='ocr_carea' id='block_1_25' title="bbox 2245 1306 3828 1382">
    <p class='ocr_par' dir='ltr' id='par_1_25' title="bbox 2245 1306 3828 1382">
     <span class='ocr_line' id='line_1_25' title="bbox 2245 1306 3828 1382; baseline -0.001 -19"><span class='ocrx_word' id='word_1_173' title='bbox 2245 1309 2552 1382; x_wconf 77' lang='grc' dir='ltr'>ἐρπυστικὰ</span> <span class='ocrx_word' id='word_1_174' title='bbox 2593 1309 2900 1382; x_wconf 85' lang='grc' dir='ltr'>πνεύματα,</span> <span class='ocrx_word' id='word_1_175' title='bbox 2950 1306 3030 1375; x_wconf 77' lang='grc' dir='ltr'><strong>οἷς</strong></span> <span class='ocrx_word' id='word_1_176' title='bbox 3074 1311 3402 1382; x_wconf 75' lang='grc' dir='ltr'>ἐπιτιμῆσαι</span> <span class='ocrx_word' id='word_1_177' title='bbox 3455 1310 3555 1363; x_wconf 79' lang='grc' dir='ltr'>τὸν</span> <span class='ocrx_word' id='word_1_178' title='bbox 3607 1309 3735 1362; x_wconf 84' lang='grc' dir='ltr'>Θεδν</span> <span class='ocrx_word' id='word_1_179' title='bbox 3775 1310 3828 1363; x_wconf 77' lang='grc' dir='ltr'>τὸ</span> 
     </span>
    </p>
   </div>
   <div class='ocr_carea' id='block_1_26' title="bbox 2245 1402 3825 1475">
    <p class='ocr_par' dir='ltr' id='par_1_26' title="bbox 2245 1402 3825 1475">
     <span class='ocr_line' id='line_1_26' title="bbox 2245 1402 3825 1475; baseline 0.001 -20"><span class='ocrx_word' id='word_1_180' title='bbox 2245 1402 2468 1474; x_wconf 82' lang='grc' dir='ltr'>Πνεῦμα</span> <span class='ocrx_word' id='word_1_181' title='bbox 2494 1403 2556 1457; x_wconf 87' lang='grc' dir='ltr'><strong>τό</strong></span> <span class='ocrx_word' id='word_1_182' title='bbox 2588 1403 2742 1472; x_wconf 70' lang='grc' dir='ltr'>ἅγιον</span> <span class='ocrx_word' id='word_1_183' title='bbox 2770 1404 2857 1457; x_wconf 79' lang='grc' dir='ltr'>διὰ</span> <span class='ocrx_word' id='word_1_184' title='bbox 2887 1404 2994 1458; x_wconf 87' lang='grc' dir='ltr'>τῶν</span> <span class='ocrx_word' id='word_1_185' title='bbox 3026 1405 3162 1475; x_wconf 76' lang='grc' dir='ltr'>μετὰ</span> <span class='ocrx_word' id='word_1_186' title='bbox 3185 1407 3374 1475; x_wconf 86' lang='grc' dir='ltr'>χεῖρας</span> <span class='ocrx_word' id='word_1_187' title='bbox 3401 1402 3636 1474; x_wconf 75' lang='grc' dir='ltr'>εὔχεται</span> <span class='ocrx_word' id='word_1_188' title='bbox 3668 1402 3825 1471; x_wconf 68' lang='grc' dir='ltr'>λέγοιθ’</span> 
     </span>
    </p>
   </div>
   <div class='ocr_carea' id='block_1_27' title="bbox 2251 1494 3824 1568">
    <p class='ocr_par' dir='ltr' id='par_1_27' title="bbox 2251 1494 3824 1568">
     <span class='ocr_line' id='line_1_27' title="bbox 2251 1494 3824 1568; baseline 0.001 -23"><span class='ocrx_word' id='word_1_189' title='bbox 2251 1513 2268 1544; x_wconf 80' lang='grc' dir='ltr'><strong>ι</strong></span> <span class='ocrx_word' id='word_1_190' title='bbox 2322 1495 2676 1566; x_wconf 86' lang='grc' dir='ltr'>Ἐπιτίμησον</span> <span class='ocrx_word' id='word_1_191' title='bbox 2717 1498 2828 1560; x_wconf 90' lang='grc' dir='ltr'>τοῖς</span> <span class='ocrx_word' id='word_1_192' title='bbox 2872 1495 3082 1568; x_wconf 79' lang='grc' dir='ltr'>θηρίοις</span> <span class='ocrx_word' id='word_1_193' title='bbox 3129 1495 3225 1548; x_wconf 89' lang='grc' dir='ltr'><strong>τοῦ</strong></span> <span class='ocrx_word' id='word_1_194' title='bbox 3269 1494 3557 1564; x_wconf 87' lang='grc' dir='ltr'>καλάμου.</span> <span class='ocrx_word' id='word_1_195' title='bbox 3591 1512 3610 1544; x_wconf 76' lang='grc' dir='ltr'><strong>ι</strong></span> <span class='ocrx_word' id='word_1_196' title='bbox 3643 1494 3824 1566; x_wconf 70' lang='grc' dir='ltr'>Καὶτῇ</span> 
     </span>
    </p>
   </div>
   <div class='ocr_carea' id='block_1_28' title="bbox 2247 1584 3826 1659">
    <p class='ocr_par' dir='ltr' id='par_1_28' title="bbox 2247 1584 3826 1659">
     <span class='ocr_line' id='line_1_28' title="bbox 2247 1584 3826 1659; baseline -0.001 -20"><span class='ocrx_word' id='word_1_197' title='bbox 2247 1590 2530 1659; x_wconf 87' lang='grc' dir='ltr'>συναγωγῇ</span> <span class='ocrx_word' id='word_1_198' title='bbox 2581 1587 2638 1641; x_wconf 79' lang='grc' dir='ltr'>δὲ</span> <span class='ocrx_word' id='word_1_199' title='bbox 2686 1587 2794 1640; x_wconf 82' lang='grc' dir='ltr'>τῶν</span> <span class='ocrx_word' id='word_1_200' title='bbox 2840 1587 3074 1659; x_wconf 79' lang='grc' dir='ltr'>ταύρων,</span> <span class='ocrx_word' id='word_1_201' title='bbox 3115 1587 3171 1658; x_wconf 74' lang='grc' dir='ltr'>ἢ,</span> <span class='ocrx_word' id='word_1_202' title='bbox 3202 1586 3342 1640; x_wconf 80' lang='grc' dir='ltr'>κατά</span> <span class='ocrx_word' id='word_1_203' title='bbox 3390 1585 3492 1639; x_wconf 81' lang='grc' dir='ltr'><strong>τὸν</strong></span> <span class='ocrx_word' id='word_1_204' title='bbox 3531 1584 3826 1656; x_wconf 82' lang='grc' dir='ltr'>Σύμμαχον,</span> 
     </span>
    </p>
   </div>
   <div class='ocr_carea' id='block_1_29' title="bbox 567 1676 2138 1758">
    <p class='ocr_par' dir='ltr' id='par_1_29' title="bbox 567 1680 2138 1752">
     <span class='ocr_line' id='line_1_29' title="bbox 567 1680 2138 1752; baseline 0.003 -21"><span class='ocrx_word' id='word_1_205' title='bbox 567 1683 893 1752; x_wconf 84' lang='lat' dir='ltr'><strong>populorum</strong></span> <span class='ocrx_word' id='word_1_206' title='bbox 931 1680 1200 1750; x_wconf 83' lang='lat' dir='ltr'><strong>increpari</strong></span> <span class='ocrx_word' id='word_1_207' title='bbox 1236 1680 1476 1750; x_wconf 85' lang='lat' dir='ltr'><strong>postulat</strong></span> <span class='ocrx_word' id='word_1_208' title='bbox 1513 1695 1538 1734; x_wconf 65' lang='lat'><strong>‘:</strong></span> <span class='ocrx_word' id='word_1_209' title='bbox 1605 1695 1784 1735; x_wconf 72' lang='lat' dir='ltr'><strong>vaccze</strong></span> <span class='ocrx_word' id='word_1_210' title='bbox 1817 1688 1998 1735; x_wconf 89' lang='lat' dir='ltr'><strong>autem</strong></span> <span class='ocrx_word' id='word_1_211' title='bbox 2047 1695 2138 1750; x_wconf 90' lang='lat' dir='ltr'><strong>po-</strong></span> 
     </span>
    </p>
   </div>
   <div class='ocr_carea' id='block_1_30' title="bbox 2240 1676 3829 1758">
    <p class='ocr_par' dir='ltr' id='par_1_30' title="bbox 2251 1676 3829 1751">
     <span class='ocr_line' id='line_1_30' title="bbox 2251 1676 3829 1751; baseline -0.001 -20"><span class='ocrx_word' id='word_1_212' title='bbox 2251 1698 2270 1731; x_wconf 79' lang='lat' dir='ltr'><strong>r</strong></span> <span class='ocrx_word' id='word_1_213' title='bbox 2306 1680 2508 1750; x_wconf 85' lang='grc' dir='ltr'>συνόδῳ</span> <span class='ocrx_word' id='word_1_214' title='bbox 2555 1679 2958 1751; x_wconf 80' lang='grc' dir='ltr'>παμμεγὲθων,</span> <span class='ocrx_word' id='word_1_215' title='bbox 3006 1698 3026 1731; x_wconf 73' lang='grc' dir='ltr'><strong>ι</strong></span> <span class='ocrx_word' id='word_1_216' title='bbox 3078 1679 3172 1732; x_wconf 63' lang='grc' dir='ltr'><strong>καλ⁵</strong></span> <span class='ocrx_word' id='word_1_217' title='bbox 3223 1681 3346 1743; x_wconf 89' lang='grc' dir='ltr'>ταῖς</span> <span class='ocrx_word' id='word_1_218' title='bbox 3403 1676 3682 1749; x_wconf 77' lang='grc' dir='ltr'>δαμάλεσι</span> <span class='ocrx_word' id='word_1_219' title='bbox 3732 1677 3829 1730; x_wconf 81' lang='grc' dir='ltr'>τῶν</span> 
     </span>
    </p>
   </div>
   <div class='ocr_carea' id='block_1_31' title="bbox 567 1772 2142 1846">
    <p class='ocr_par' dir='ltr' id='par_1_31' title="bbox 567 1772 2142 1846">
     <span class='ocr_line' id='line_1_31' title="bbox 567 1772 2142 1846; baseline -0.001 -18"><span class='ocrx_word' id='word_1_220' title='bbox 567 1778 821 1846; x_wconf 88' lang='lat' dir='ltr'><strong>pulormn</strong></span> <span class='ocrx_word' id='word_1_221' title='bbox 893 1782 947 1829; x_wconf 88' lang='lat' dir='ltr'><strong>et</strong></span> <span class='ocrx_word' id='word_1_222' title='bbox 1012 1774 1178 1836; x_wconf 87' lang='lat' dir='ltr'><strong>lauri.</strong></span> <span class='ocrx_word' id='word_1_223' title='bbox 1247 1781 1373 1829; x_wconf 87' lang='lat' dir='ltr'><strong>sunt</strong></span> <span class='ocrx_word' id='word_1_224' title='bbox 1433 1774 1468 1828; x_wconf 89' lang='lat' dir='ltr'><strong>ii</strong></span> <span class='ocrx_word' id='word_1_225' title='bbox 1546 1773 1686 1829; x_wconf 89' lang='lat' dir='ltr'><strong>inter</strong></span> <span class='ocrx_word' id='word_1_226' title='bbox 1763 1772 1986 1829; x_wconf 73' lang='lat' dir='ltr'><strong>Judzcos</strong></span> <span class='ocrx_word' id='word_1_227' title='bbox 2049 1773 2142 1844; x_wconf 89' lang='lat' dir='ltr'><strong>qui</strong></span> 
     </span>
    </p>
   </div>
   <div class='ocr_carea' id='block_1_32' title="bbox 567 1865 2146 1936">
    <p class='ocr_par' dir='ltr' id='par_1_32' title="bbox 567 1865 2146 1936">
     <span class='ocr_line' id='line_1_32' title="bbox 567 1865 2146 1936; baseline 0.001 -18"><span class='ocrx_word' id='word_1_228' title='bbox 567 1868 724 1922; x_wconf 79' lang='lat' dir='ltr'><strong>verbi</strong></span> <span class='ocrx_word' id='word_1_229' title='bbox 776 1874 1157 1936; x_wconf 90' lang='lat' dir='ltr'><strong>persecutores</strong></span> <span class='ocrx_word' id='word_1_230' title='bbox 1206 1873 1354 1921; x_wconf 90' lang='lat' dir='ltr'><strong>sunt.</strong></span> <span class='ocrx_word' id='word_1_231' title='bbox 1417 1865 1515 1920; x_wconf 78' lang='lat' dir='ltr'><strong>llis</strong></span> <span class='ocrx_word' id='word_1_232' title='bbox 1561 1865 1708 1921; x_wconf 90' lang='lat' dir='ltr'><strong>aliud</strong></span> <span class='ocrx_word' id='word_1_233' title='bbox 1737 1881 1876 1936; x_wconf 90' lang='lat' dir='ltr'><strong>opus</strong></span> <span class='ocrx_word' id='word_1_234' title='bbox 1915 1865 2146 1936; x_wconf 84' lang='lat' dir='ltr'><strong>subjun-</strong></span> 
     </span>
    </p>
   </div>
   <div class='ocr_carea' id='block_1_33' title="bbox 568 1958 2141 2031">
    <p class='ocr_par' dir='ltr' id='par_1_33' title="bbox 568 1958 2141 2031">
     <span class='ocr_line' id='line_1_33' title="bbox 568 1958 2141 2031; baseline -0.002 -17"><span class='ocrx_word' id='word_1_235' title='bbox 568 1964 736 2031; x_wconf 86' lang='lat' dir='ltr'><strong>gitur,</strong></span> <span class='ocrx_word' id='word_1_236' title='bbox 777 1979 797 2030; x_wconf 18' lang='grc' dir='ltr'><strong>ιη</strong></span> <span class='ocrx_word' id='word_1_237' title='bbox 818 1969 874 2014; x_wconf 90' lang='lat' dir='ltr'><strong>ut</strong></span> <span class='ocrx_word' id='word_1_238' title='bbox 897 1958 1257 2014; x_wconf 88' lang='lat' dir='ltr'><strong>excludantur</strong></span> <span class='ocrx_word' id='word_1_239' title='bbox 1299 1959 1335 2012; x_wconf 91' lang='lat' dir='ltr'><strong>ii</strong></span> <span class='ocrx_word' id='word_1_240' title='bbox 1375 1959 1467 2028; x_wconf 90' lang='lat' dir='ltr'><strong>qui</strong></span> <span class='ocrx_word' id='word_1_241' title='bbox 1494 1960 1706 2028; x_wconf 85' lang='lat' dir='ltr'><strong>probati</strong></span> <span class='ocrx_word' id='word_1_242' title='bbox 1750 1966 1880 2014; x_wconf 91' lang='lat' dir='ltr'><strong>sunt</strong></span> <span class='ocrx_word' id='word_1_243' title='bbox 1938 1973 2141 2029; x_wconf 86' lang='lat' dir='ltr'><strong>argen-</strong></span> 
     </span>
    </p>
   </div>
   <div class='ocr_carea' id='block_1_34' title="bbox 568 2045 2138 2120">
    <p class='ocr_par' dir='ltr' id='par_1_34' title="bbox 568 2045 2138 2120">
     <span class='ocr_line' id='line_1_34' title="bbox 568 2045 2138 2120; baseline -0.003 -15"><span class='ocrx_word' id='word_1_244' title='bbox 568 2060 660 2108; x_wconf 83' lang='lat' dir='ltr'><strong>to:</strong></span> <span class='ocrx_word' id='word_1_245' title='bbox 687 2070 705 2102; x_wconf 77' lang='grc' dir='ltr'><strong>ι</strong></span> <span class='ocrx_word' id='word_1_246' title='bbox 751 2049 893 2120; x_wconf 89' lang='lat' dir='ltr'><strong>quod</strong></span> <span class='ocrx_word' id='word_1_247' title='bbox 936 2049 1200 2118; x_wconf 88' lang='lat' dir='ltr'><strong>liquidius</strong></span> <span class='ocrx_word' id='word_1_248' title='bbox 1243 2049 1480 2120; x_wconf 78' lang='lat' dir='ltr'><strong>explicat</strong></span> <span class='ocrx_word' id='word_1_249' title='bbox 1511 2046 1874 2119; x_wconf 88' lang='lat' dir='ltr'><strong>Symmachus</strong></span> <span class='ocrx_word' id='word_1_250' title='bbox 1917 2045 2138 2100; x_wconf 91' lang='lat' dir='ltr'><strong>dicens:</strong></span> 
     </span>
    </p>
   </div>
   <div class='ocr_carea' id='block_1_35' title="bbox 573 2139 2134 2212">
    <p class='ocr_par' dir='ltr' id='par_1_35' title="bbox 573 2139 2134 2212">
     <span class='ocr_line' id='line_1_35' title="bbox 573 2139 2134 2212; baseline -0.001 -20"><span class='ocrx_word' id='word_1_251' title='bbox 573 2162 592 2192; x_wconf 79' lang='grc' dir='ltr'><strong>ι</strong></span> <span class='ocrx_word' id='word_1_252' title='bbox 614 2143 717 2210; x_wconf 82' lang='lat' dir='ltr'><strong>Qui</strong></span> <span class='ocrx_word' id='word_1_253' title='bbox 747 2143 990 2198; x_wconf 86' lang='lat' dir='ltr'><strong>calcibus</strong></span> <span class='ocrx_word' id='word_1_254' title='bbox 1039 2143 1247 2212; x_wconf 87' lang='lat' dir='ltr'><strong>pellunt</strong></span> <span class='ocrx_word' id='word_1_255' title='bbox 1275 2157 1371 2197; x_wconf 92' lang='lat' dir='ltr'><strong>eos</strong></span> <span class='ocrx_word' id='word_1_256' title='bbox 1401 2140 1495 2212; x_wconf 93' lang='lat' dir='ltr'><strong>qui</strong></span> <span class='ocrx_word' id='word_1_257' title='bbox 1541 2139 1759 2211; x_wconf 88' lang='lat' dir='ltr'><strong>probati</strong></span> <span class='ocrx_word' id='word_1_258' title='bbox 1801 2146 1932 2194; x_wconf 92' lang='lat' dir='ltr'><strong>sunt</strong></span> <span class='ocrx_word' id='word_1_259' title='bbox 1975 2139 2134 2208; x_wconf 90' lang='lat' dir='ltr'><strong>quasi</strong></span> 
     </span>
    </p>
   </div>
   <div class='ocr_carea' id='block_1_36' title="bbox 566 2230 2140 2305">
    <p class='ocr_par' dir='ltr' id='par_1_36' title="bbox 566 2230 2140 2305">
     <span class='ocr_line' id='line_1_36' title="bbox 566 2230 2140 2305; baseline -0.003 -16"><span class='ocrx_word' id='word_1_260' title='bbox 566 2235 891 2305; x_wconf 84' lang='lat' dir='ltr'><strong>probatione</strong></span> <span class='ocrx_word' id='word_1_261' title='bbox 938 2234 1204 2305; x_wconf 65' lang='lat' dir='ltr'><strong>argenti.»</strong></span> <span class='ocrx_word' id='word_1_262' title='bbox 1261 2231 1327 2286; x_wconf 78' lang='lat' dir='ltr'><strong>Hi</strong></span> <span class='ocrx_word' id='word_1_263' title='bbox 1376 2247 1613 2302; x_wconf 84' lang='lat' dir='ltr'><strong>namque</strong></span> <span class='ocrx_word' id='word_1_264' title='bbox 1644 2230 1812 2295; x_wconf 90' lang='lat' dir='ltr'><strong>tauri,</strong></span> <span class='ocrx_word' id='word_1_265' title='bbox 1848 2237 1902 2285; x_wconf 90' lang='lat' dir='ltr'><strong>et</strong></span> <span class='ocrx_word' id='word_1_266' title='bbox 1933 2245 2140 2285; x_wconf 83' lang='lat' dir='ltr'><strong>memo-</strong></span> 
     </span>
    </p>
   </div>
   <div class='ocr_carea' id='block_1_37' title="bbox 566 2305 2144 2392">
    <p class='ocr_par' dir='ltr' id='par_1_37' title="bbox 566 2305 2144 2392">
     <span class='ocr_line' id='line_1_37' title="bbox 566 2305 2144 2392; baseline -0.006 -12"><span class='ocrx_word' id='word_1_267' title='bbox 566 2336 700 2381; x_wconf 75' lang='lat' dir='ltr'><strong>rat:e</strong></span> <span class='ocrx_word' id='word_1_268' title='bbox 728 2341 928 2390; x_wconf 74' lang='lat' dir='ltr'><strong>vaccae,</strong></span> <span class='ocrx_word' id='word_1_269' title='bbox 964 2341 1005 2378; x_wconf 88' lang='lat' dir='ltr'><strong>a</strong></span> <span class='ocrx_word' id='word_1_270' title='bbox 1029 2324 1159 2379; x_wconf 80' lang='lat' dir='ltr'><strong>feris</strong></span> <span class='ocrx_word' id='word_1_271' title='bbox 1194 2323 1484 2378; x_wconf 88' lang='lat' dir='ltr'><strong>arundinis</strong></span> <span class='ocrx_word' id='word_1_272' title='bbox 1523 2322 1763 2392; x_wconf 63' lang='lat' dir='ltr'><strong>agitata),</strong></span> <span class='ocrx_word' id='word_1_273' title='bbox 1817 2319 2026 2374; x_wconf 91' lang='lat' dir='ltr'><strong>nullum</strong></span> <span class='ocrx_word' id='word_1_274' title='bbox 2062 2305 2144 2372; x_wconf 88' lang='lat' dir='ltr'><strong>la-</strong></span> 
     </span>
    </p>
   </div>
   <div class='ocr_carea' id='block_1_38' title="bbox 571 2412 2141 2487">
    <p class='ocr_par' dir='ltr' id='par_1_38' title="bbox 571 2412 2141 2487">
     <span class='ocr_line' id='line_1_38' title="bbox 571 2412 2141 2487; baseline -0.008 -13"><span class='ocrx_word' id='word_1_275' title='bbox 571 2419 748 2487; x_wconf 89' lang='lat' dir='ltr'><strong>pidem</strong></span> <span class='ocrx_word' id='word_1_276' title='bbox 773 2434 884 2472; x_wconf 90' lang='lat' dir='ltr'><strong>non</strong></span> <span class='ocrx_word' id='word_1_277' title='bbox 907 2425 1147 2480; x_wconf 88' lang='lat' dir='ltr'><strong>movent,</strong></span> <span class='ocrx_word' id='word_1_278' title='bbox 1180 2422 1238 2468; x_wconf 89' lang='lat' dir='ltr'><strong>ut</strong></span> <span class='ocrx_word' id='word_1_279' title='bbox 1279 2415 1458 2470; x_wconf 88' lang='lat' dir='ltr'><strong>sancti</strong></span> <span class='ocrx_word' id='word_1_280' title='bbox 1490 2413 1582 2468; x_wconf 89' lang='lat' dir='ltr'><strong>Dei</strong></span> <span class='ocrx_word' id='word_1_281' title='bbox 1615 2429 1642 2467; x_wconf 89' lang='lat' dir='ltr'><strong>a</strong></span> <span class='ocrx_word' id='word_1_282' title='bbox 1668 2429 1764 2482; x_wconf 88' lang='lat' dir='ltr'><strong>spe</strong></span> <span class='ocrx_word' id='word_1_283' title='bbox 1793 2412 1897 2466; x_wconf 87' lang='lat' dir='ltr'><strong>sibi</strong></span> <span class='ocrx_word' id='word_1_284' title='bbox 1935 2426 2141 2481; x_wconf 85' lang='lat' dir='ltr'><strong>propo-</strong></span> 
     </span>
    </p>
   </div>
   <div class='ocr_carea' id='block_1_39' title="bbox 568 2501 2138 2574">
    <p class='ocr_par' dir='ltr' id='par_1_39' title="bbox 568 2501 2138 2574">
     <span class='ocr_line' id='line_1_39' title="bbox 568 2501 2138 2574; baseline -0.008 -7"><span class='ocrx_word' id='word_1_285' title='bbox 568 2514 674 2567; x_wconf 84' lang='lat' dir='ltr'><strong>sita</strong></span> <span class='ocrx_word' id='word_1_286' title='bbox 723 2511 1104 2566; x_wconf 89' lang='lat' dir='ltr'><strong>deturbentur.</strong></span> <span class='ocrx_word' id='word_1_287' title='bbox 1148 2508 1336 2563; x_wconf 89' lang='lat' dir='ltr'><strong>Sancti</strong></span> <span class='ocrx_word' id='word_1_288' title='bbox 1367 2521 1497 2562; x_wconf 90' lang='lat' dir='ltr'><strong>vero</strong></span> <span class='ocrx_word' id='word_1_289' title='bbox 1533 2504 1625 2559; x_wconf 89' lang='lat' dir='ltr'><strong>Dei</strong></span> <span class='ocrx_word' id='word_1_290' title='bbox 1653 2514 1780 2558; x_wconf 90' lang='lat' dir='ltr'><strong>sunt</strong></span> <span class='ocrx_word' id='word_1_291' title='bbox 1802 2503 1896 2574; x_wconf 92' lang='lat' dir='ltr'><strong>qui</strong></span> <span class='ocrx_word' id='word_1_292' title='bbox 1927 2501 2138 2574; x_wconf 87' lang='lat' dir='ltr'><strong>probati</strong></span> 
     </span>
    </p>
   </div>
   <div class='ocr_carea' id='block_1_40' title="bbox 569 2581 2142 2673">
    <p class='ocr_par' dir='ltr' id='par_1_40' title="bbox 569 2581 2142 2673">
     <span class='ocr_line' id='line_1_40' title="bbox 569 2581 2142 2673; baseline -0.005 -15"><span class='ocrx_word' id='word_1_293' title='bbox 569 2611 698 2658; x_wconf 91' lang='lat' dir='ltr'><strong>sunt</strong></span> <span class='ocrx_word' id='word_1_294' title='bbox 735 2610 985 2673; x_wconf 90' lang='lat' dir='ltr'><strong>argento.</strong></span> <span class='ocrx_word' id='word_1_295' title='bbox 1026 2599 1497 2668; x_wconf 86' lang='lat' dir='ltr'><strong>Quemadmodum</strong></span> <span class='ocrx_word' id='word_1_296' title='bbox 1541 2597 1686 2652; x_wconf 91' lang='lat' dir='ltr'><strong>enim</strong></span> <span class='ocrx_word' id='word_1_297' title='bbox 1739 2615 1756 2647; x_wconf 80' lang='grc' dir='ltr'><strong>ι</strong></span> <span class='ocrx_word' id='word_1_298' title='bbox 1783 2597 1999 2667; x_wconf 80' lang='lat' dir='ltr'><strong>eloquia</strong></span> <span class='ocrx_word' id='word_1_299' title='bbox 2036 2581 2142 2650; x_wconf 67' lang='lat' dir='ltr'><strong>Do1</strong></span> 
     </span>
    </p>
   </div>
   <div class='ocr_carea' id='block_1_41' title="bbox 569 2687 2142 2764">
    <p class='ocr_par' dir='ltr' id='par_1_41' title="bbox 569 2687 2142 2764">
     <span class='ocr_line' id='line_1_41' title="bbox 569 2687 2142 2764; baseline -0.006 -15"><span class='ocrx_word' id='word_1_300' title='bbox 569 2696 703 2750; x_wconf 84' lang='lat' dir='ltr'><strong>mini</strong></span> <span class='ocrx_word' id='word_1_301' title='bbox 733 2701 909 2757; x_wconf 89' lang='lat' dir='ltr'><strong>casta,</strong></span> <span class='ocrx_word' id='word_1_302' title='bbox 941 2700 1225 2764; x_wconf 84' lang='lat' dir='ltr'><strong>argentum</strong></span> <span class='ocrx_word' id='word_1_303' title='bbox 1257 2691 1382 2762; x_wconf 87' lang='lat' dir='ltr'><strong>igne</strong></span> <span class='ocrx_word' id='word_1_304' title='bbox 1409 2689 1888 2756; x_wconf 78' lang='lat' dir='ltr'><strong>examinatum“;</strong></span> <span class='ocrx_word' id='word_1_305' title='bbox 1919 2709 1936 2740; x_wconf 75' lang='grc' dir='ltr'><strong>ι</strong></span> <span class='ocrx_word' id='word_1_306' title='bbox 1979 2687 2063 2742; x_wconf 91' lang='lat' dir='ltr'><strong>sic</strong></span> <span class='ocrx_word' id='word_1_307' title='bbox 2087 2695 2142 2742; x_wconf 89' lang='lat' dir='ltr'><strong>et</strong></span> 
     </span>
    </p>
   </div>
   <div class='ocr_carea' id='block_1_42' title="bbox 569 2784 2141 2856">
    <p class='ocr_par' dir='ltr' id='par_1_42' title="bbox 569 2784 2141 2856">
     <span class='ocr_line' id='line_1_42' title="bbox 569 2784 2141 2856; baseline -0.006 -14"><span class='ocrx_word' id='word_1_308' title='bbox 569 2789 815 2843; x_wconf 88' lang='lat' dir='ltr'><strong>homines</strong></span> <span class='ocrx_word' id='word_1_309' title='bbox 857 2785 950 2841; x_wconf 90' lang='lat' dir='ltr'><strong>Dei</strong></span> <span class='ocrx_word' id='word_1_310' title='bbox 1007 2784 1218 2856; x_wconf 90' lang='lat' dir='ltr'><strong>probati</strong></span> <span class='ocrx_word' id='word_1_311' title='bbox 1276 2791 1406 2838; x_wconf 86' lang='lat' dir='ltr'><strong>sunt</strong></span> <span class='ocrx_word' id='word_1_312' title='bbox 1459 2790 1520 2838; x_wconf 90' lang='lat' dir='ltr'><strong>ut</strong></span> <span class='ocrx_word' id='word_1_313' title='bbox 1583 2790 1913 2853; x_wconf 81' lang='lat' dir='ltr'><strong>argentum:</strong></span> <span class='ocrx_word' id='word_1_314' title='bbox 1968 2793 2141 2850; x_wconf 90' lang='lat' dir='ltr'><strong>quare</strong></span> 
     </span>
    </p>
   </div>
   <div class='ocr_carea' id='block_1_43' title="bbox 565 2873 2136 2947">
    <p class='ocr_par' dir='ltr' id='par_1_43' title="bbox 565 2873 2136 2947">
     <span class='ocr_line' id='line_1_43' title="bbox 565 2873 2136 2947; baseline -0.006 -11"><span class='ocrx_word' id='word_1_315' title='bbox 565 2881 789 2936; x_wconf 90' lang='lat' dir='ltr'><strong>dicunt:</strong></span> <span class='ocrx_word' id='word_1_316' title='bbox 827 2898 845 2932; x_wconf 80' lang='grc' dir='ltr'><strong>ι</strong></span> <span class='ocrx_word' id='word_1_317' title='bbox 869 2878 1122 2934; x_wconf 87' lang='lat' dir='ltr'><strong>Probasti</strong></span> <span class='ocrx_word' id='word_1_318' title='bbox 1151 2893 1273 2942; x_wconf 88' lang='lat' dir='ltr'><strong>nos,</strong></span> <span class='ocrx_word' id='word_1_319' title='bbox 1305 2875 1468 2938; x_wconf 88' lang='lat' dir='ltr'><strong>Deus.</strong></span> <span class='ocrx_word' id='word_1_320' title='bbox 1515 2875 1638 2947; x_wconf 82' lang='lat' dir='ltr'><strong>igne</strong></span> <span class='ocrx_word' id='word_1_321' title='bbox 1683 2889 1786 2932; x_wconf 91' lang='lat' dir='ltr'><strong>nos</strong></span> <span class='ocrx_word' id='word_1_322' title='bbox 1816 2873 2136 2930; x_wconf 87' lang='lat' dir='ltr'><strong>examinasti</strong></span> 
     </span>
    </p>
   </div>
   <div class='ocr_carea' id='block_1_44' title="bbox 567 2966 2140 3040">
    <p class='ocr_par' dir='ltr' id='par_1_44' title="bbox 567 2966 2140 3040">
     <span class='ocr_line' id='line_1_44' title="bbox 567 2966 2140 3040; baseline -0.004 -13"><span class='ocrx_word' id='word_1_323' title='bbox 567 2973 710 3027; x_wconf 88' lang='lat' dir='ltr'><strong>sicut</strong></span> <span class='ocrx_word' id='word_1_324' title='bbox 738 2971 1080 3026; x_wconf 84' lang='lat' dir='ltr'><strong>examinatur</strong></span> <span class='ocrx_word' id='word_1_325' title='bbox 1131 2976 1415 3040; x_wconf 88' lang='lat' dir='ltr'><strong>argentum</strong></span> <span class='ocrx_word' id='word_1_326' title='bbox 1435 2968 1536 3021; x_wconf 80' lang='grc'><strong>⁸⁷.»</strong></span> <span class='ocrx_word' id='word_1_327' title='bbox 1580 2966 1750 3040; x_wconf 84' lang='lat' dir='ltr'><strong>Igitur</strong></span> <span class='ocrx_word' id='word_1_328' title='bbox 1796 2967 1924 3024; x_wconf 60' lang='lat' dir='ltr'><strong>ferar</strong></span> <span class='ocrx_word' id='word_1_329' title='bbox 1971 2982 2140 3022; x_wconf 81' lang='lat' dir='ltr'><strong>arun-</strong></span> 
     </span>
    </p>
   </div>
   <div class='ocr_carea' id='block_1_45' title="bbox 2241 1769 3826 1843">
    <p class='ocr_par' dir='ltr' id='par_1_45' title="bbox 2241 1769 3826 1843">
     <span class='ocr_line' id='line_1_45' title="bbox 2241 1769 3826 1843; baseline -0.003 -17"><span class='ocrx_word' id='word_1_330' title='bbox 2241 1772 2384 1826; x_wconf 86' lang='grc' dir='ltr'>λαῶν</span> <span class='ocrx_word' id='word_1_331' title='bbox 2439 1772 2763 1843; x_wconf 77' lang='grc' dir='ltr'>ἐπιτιμῆσαι</span> <span class='ocrx_word' id='word_1_332' title='bbox 2814 1770 3079 1824; x_wconf 81' lang='grc' dir='ltr'>ἱκετεύει·</span> <span class='ocrx_word' id='word_1_333' title='bbox 3132 1771 3394 1843; x_wconf 81' lang='grc' dir='ltr'>δαμάλεις</span> <span class='ocrx_word' id='word_1_334' title='bbox 3445 1771 3509 1824; x_wconf 80' lang='grc' dir='ltr'>δὲ</span> <span class='ocrx_word' id='word_1_335' title='bbox 3557 1769 3702 1822; x_wconf 79' lang='grc' dir='ltr'>λαῶν</span> <span class='ocrx_word' id='word_1_336' title='bbox 3743 1770 3826 1823; x_wconf 73' lang='grc' dir='ltr'><strong>καὶ</strong></span> 
     </span>
    </p>
   </div>
   <div class='ocr_carea' id='block_1_46' title="bbox 2241 1860 3823 1936">
    <p class='ocr_par' dir='ltr' id='par_1_46' title="bbox 2241 1860 3823 1936">
     <span class='ocr_line' id='line_1_46' title="bbox 2241 1860 3823 1936; baseline -0.001 -19"><span class='ocrx_word' id='word_1_337' title='bbox 2241 1862 2432 1936; x_wconf 86' lang='grc' dir='ltr'>ταῦροι</span> <span class='ocrx_word' id='word_1_338' title='bbox 2480 1863 2530 1916; x_wconf 88' lang='grc' dir='ltr'>οἱ</span> <span class='ocrx_word' id='word_1_339' title='bbox 2583 1863 2734 1934; x_wconf 77' lang='grc' dir='ltr'>παρὰ</span> <span class='ocrx_word' id='word_1_340' title='bbox 2777 1863 3050 1926; x_wconf 76' lang='grc' dir='ltr'>Ἰουδαίοις</span> <span class='ocrx_word' id='word_1_341' title='bbox 3105 1863 3210 1916; x_wconf 76' lang='grc' dir='ltr'>εἰσὶ</span> <span class='ocrx_word' id='word_1_342' title='bbox 3249 1862 3482 1916; x_wconf 87' lang='grc' dir='ltr'>διῶκται</span> <span class='ocrx_word' id='word_1_343' title='bbox 3520 1860 3620 1915; x_wconf 86' lang='grc' dir='ltr'><strong>τοῦ</strong></span> <span class='ocrx_word' id='word_1_344' title='bbox 3660 1862 3823 1930; x_wconf 82' lang='grc' dir='ltr'>λόγου.</span> 
     </span>
    </p>
   </div>
   <div class='ocr_carea' id='block_1_47' title="bbox 2248 1949 3830 2026">
    <p class='ocr_par' dir='ltr' id='par_1_47' title="bbox 2248 1949 3830 2026">
     <span class='ocr_line' id='line_1_47' title="bbox 2248 1949 3830 2026; baseline -0.001 -18"><span class='ocrx_word' id='word_1_345' title='bbox 2248 1949 2353 2008; x_wconf 78' lang='grc' dir='ltr'>Ὧν</span> <span class='ocrx_word' id='word_1_346' title='bbox 2401 1955 2578 2026; x_wconf 74' lang='grc' dir='ltr'>ἔργων</span> <span class='ocrx_word' id='word_1_347' title='bbox 2621 1954 2682 2007; x_wconf 84' lang='grc' dir='ltr'>τὺ</span> <span class='ocrx_word' id='word_1_348' title='bbox 2733 1953 2861 2024; x_wconf 80' lang='grc' dir='ltr'>ἐξῆς</span> <span class='ocrx_word' id='word_1_349' title='bbox 2902 1953 3282 2026; x_wconf 81' lang='grc' dir='ltr'>ἐπιλεγόμενον</span> <span class='ocrx_word' id='word_1_350' title='bbox 3319 1958 3379 2010; x_wconf 88' lang='grc' dir='ltr'><strong>ἐν</strong></span> <span class='ocrx_word' id='word_1_351' title='bbox 3424 1954 3531 2026; x_wconf 84' lang='grc' dir='ltr'>τῷ,</span> <span class='ocrx_word' id='word_1_352' title='bbox 3563 1973 3585 2007; x_wconf 82' lang='grc' dir='ltr'><strong>ι</strong></span> <span class='ocrx_word' id='word_1_353' title='bbox 3617 1954 3711 2008; x_wconf 84' lang='grc' dir='ltr'><strong>τοῦ</strong></span> <span class='ocrx_word' id='word_1_354' title='bbox 3752 1957 3830 2008; x_wconf 59' lang='lat' dir='ltr'><strong>Ex-</strong></span> 
     </span>
    </p>
   </div>
   <div class='ocr_carea' id='block_1_48' title="bbox 2241 2045 3822 2119">
    <p class='ocr_par' dir='ltr' id='par_1_48' title="bbox 2241 2045 3822 2119">
     <span class='ocr_line' id='line_1_48' title="bbox 2241 2045 3822 2119; baseline 0.001 -19"><span class='ocrx_word' id='word_1_355' title='bbox 2241 2046 2554 2118; x_wconf 78' lang='grc' dir='ltr'>κλεισθῆναι</span> <span class='ocrx_word' id='word_1_356' title='bbox 2613 2046 2741 2109; x_wconf 78' lang='grc' dir='ltr'>τοὺς</span> <span class='ocrx_word' id='word_1_357' title='bbox 2795 2045 3288 2118; x_wconf 83' lang='grc' dir='ltr'>δεδοκιμασμένους</span> <span class='ocrx_word' id='word_1_358' title='bbox 3339 2047 3419 2119; x_wconf 88' lang='grc' dir='ltr'>τῷ</span> <span class='ocrx_word' id='word_1_359' title='bbox 3475 2046 3758 2119; x_wconf 81' lang='grc' dir='ltr'>ἀργυρίῳ·</span> <span class='ocrx_word' id='word_1_360' title='bbox 3803 2066 3822 2101; x_wconf 77' lang='grc' dir='ltr'><strong>ι</strong></span> 
     </span>
    </p>
   </div>
   <div class='ocr_carea' id='block_1_49' title="bbox 2241 2138 3826 2211">
    <p class='ocr_par' dir='ltr' id='par_1_49' title="bbox 2241 2138 3826 2211">
     <span class='ocr_line' id='line_1_49' title="bbox 2241 2138 3826 2211; baseline 0.001 -20"><span class='ocrx_word' id='word_1_361' title='bbox 2241 2139 2378 2210; x_wconf 83' lang='grc' dir='ltr'>ὅπερ</span> <span class='ocrx_word' id='word_1_362' title='bbox 2425 2138 2756 2209; x_wconf 85' lang='grc' dir='ltr'>σαφέστερον</span> <span class='ocrx_word' id='word_1_363' title='bbox 2802 2139 3142 2210; x_wconf 77' lang='grc' dir='ltr'>ἡρμήνευσεν</span> <span class='ocrx_word' id='word_1_364' title='bbox 3187 2141 3216 2192; x_wconf 90' lang='grc' dir='ltr'><strong>ό</strong></span> <span class='ocrx_word' id='word_1_365' title='bbox 3270 2139 3580 2211; x_wconf 86' lang='grc' dir='ltr'>Σύμμαχος</span> <span class='ocrx_word' id='word_1_366' title='bbox 3639 2138 3826 2192; x_wconf 72' lang='grc' dir='ltr'>εἰπών’</span> 
     </span>
    </p>
   </div>
   <div class='ocr_carea' id='block_1_50' title="bbox 2247 2229 3827 2304">
    <p class='ocr_par' dir='ltr' id='par_1_50' title="bbox 2247 2229 3827 2304">
     <span class='ocr_line' id='line_1_50' title="bbox 2247 2229 3827 2304; baseline 0.002 -22"><span class='ocrx_word' id='word_1_367' title='bbox 2247 2249 2266 2282; x_wconf 76' lang='grc' dir='ltr'><strong>ι</strong></span> <span class='ocrx_word' id='word_1_368' title='bbox 2299 2231 2422 2295; x_wconf 88' lang='grc' dir='ltr'>Τοῖς</span> <span class='ocrx_word' id='word_1_369' title='bbox 2445 2229 2848 2294; x_wconf 81' lang='grc' dir='ltr'>διαλακτίζουσι</span> <span class='ocrx_word' id='word_1_370' title='bbox 2876 2232 3003 2294; x_wconf 80' lang='grc' dir='ltr'>τοὺς</span> <span class='ocrx_word' id='word_1_371' title='bbox 3029 2231 3348 2303; x_wconf 75' lang='grc' dir='ltr'>εὐδοκήτους</span> <span class='ocrx_word' id='word_1_372' title='bbox 3368 2233 3448 2296; x_wconf 87' lang='grc' dir='ltr'>ὡς</span> <span class='ocrx_word' id='word_1_373' title='bbox 3480 2231 3716 2304; x_wconf 81' lang='grc' dir='ltr'>δοκιμὴν</span> <span class='ocrx_word' id='word_1_374' title='bbox 3740 2233 3827 2304; x_wconf 71' lang='lat' dir='ltr'><strong>dp-</strong></span> 
     </span>
    </p>
   </div>
   <div class='ocr_carea' id='block_1_51' title="bbox 2242 2315 3827 2394">
    <p class='ocr_par' dir='ltr' id='par_1_51' title="bbox 2242 2315 3827 2394">
     <span class='ocr_line' id='line_1_51' title="bbox 2242 2315 3827 2394; baseline 0.001 -20"><span class='ocrx_word' id='word_1_375' title='bbox 2242 2321 2456 2392; x_wconf 91' lang='grc' dir='ltr'>γυρίου.</span> <span class='ocrx_word' id='word_1_376' title='bbox 2495 2339 2514 2375; x_wconf 74' lang='grc' dir='ltr'><strong>ι</strong></span> <span class='ocrx_word' id='word_1_377' title='bbox 2545 2315 2704 2376; x_wconf 74' lang='grc' dir='ltr'>Οὗτοι</span> <span class='ocrx_word' id='word_1_378' title='bbox 2743 2319 2852 2392; x_wconf 85' lang='grc' dir='ltr'><strong>γὰρ</strong></span> <span class='ocrx_word' id='word_1_379' title='bbox 2895 2322 2946 2375; x_wconf 86' lang='grc' dir='ltr'>οἱ</span> <span class='ocrx_word' id='word_1_380' title='bbox 2993 2319 3213 2394; x_wconf 80' lang='grc' dir='ltr'>ταῦροι,</span> <span class='ocrx_word' id='word_1_381' title='bbox 3246 2323 3342 2375; x_wconf 79' lang='grc' dir='ltr'>καὶ</span> <span class='ocrx_word' id='word_1_382' title='bbox 3366 2323 3423 2375; x_wconf 78' lang='lat' dir='ltr'><strong>ai</strong></span> <span class='ocrx_word' id='word_1_383' title='bbox 3451 2322 3827 2394; x_wconf 77' lang='grc' dir='ltr'>προλεχθεῖσαι</span> 
     </span>
    </p>
   </div>
   <div class='ocr_carea' id='block_1_52' title="bbox 2241 2412 3826 2487">
    <p class='ocr_par' dir='ltr' id='par_1_52' title="bbox 2241 2412 3826 2487">
     <span class='ocr_line' id='line_1_52' title="bbox 2241 2412 3826 2487; baseline 0.002 -21"><span class='ocrx_word' id='word_1_384' title='bbox 2241 2413 2519 2484; x_wconf 85' lang='grc' dir='ltr'>δαμάλεις,</span> <span class='ocrx_word' id='word_1_385' title='bbox 2556 2413 2661 2466; x_wconf 83' lang='grc' dir='ltr'>ὑπὸ</span> <span class='ocrx_word' id='word_1_386' title='bbox 2688 2412 2797 2466; x_wconf 87' lang='grc' dir='ltr'><strong>τῶν</strong></span> <span class='ocrx_word' id='word_1_387' title='bbox 2839 2413 3042 2484; x_wconf 87' lang='grc' dir='ltr'>θηρίων</span> <span class='ocrx_word' id='word_1_388' title='bbox 3073 2413 3166 2468; x_wconf 88' lang='grc' dir='ltr'><strong>τοῦ</strong></span> <span class='ocrx_word' id='word_1_389' title='bbox 3218 2414 3472 2486; x_wconf 84' lang='grc' dir='ltr'>καλάμου</span> <span class='ocrx_word' id='word_1_390' title='bbox 3515 2413 3826 2487; x_wconf 80' lang='grc' dir='ltr'>ἐνεργούμε-</span> 
     </span>
    </p>
   </div>
   <div class='ocr_carea' id='block_1_53' title="bbox 2241 2503 3826 2578">
    <p class='ocr_par' dir='ltr' id='par_1_53' title="bbox 2241 2503 3826 2578">
     <span class='ocr_line' id='line_1_53' title="bbox 2241 2503 3826 2578; baseline 0.001 -20"><span class='ocrx_word' id='word_1_391' title='bbox 2241 2522 2348 2567; x_wconf 87' lang='grc' dir='ltr'>ναι,</span> <span class='ocrx_word' id='word_1_392' title='bbox 2379 2505 2479 2575; x_wconf 79' lang='grc' dir='ltr'><strong>τὴν</strong></span> <span class='ocrx_word' id='word_1_393' title='bbox 2510 2506 2689 2557; x_wconf 78' lang='grc' dir='ltr'>πᾶσαν</span> <span class='ocrx_word' id='word_1_394' title='bbox 2727 2503 3001 2557; x_wconf 88' lang='grc' dir='ltr'>ποιοῦνται</span> <span class='ocrx_word' id='word_1_395' title='bbox 3056 2505 3292 2577; x_wconf 71' lang='grc' dir='ltr'>σπουδὴν</span> <span class='ocrx_word' id='word_1_396' title='bbox 3337 2505 3480 2578; x_wconf 83' lang='grc' dir='ltr'>πρὸς</span> <span class='ocrx_word' id='word_1_397' title='bbox 3522 2505 3588 2560; x_wconf 78' lang='grc' dir='ltr'><strong>τὸ</strong></span> <span class='ocrx_word' id='word_1_398' title='bbox 3632 2505 3826 2559; x_wconf 75' lang='grc' dir='ltr'>ἐκκλει-</span> 
     </span>
    </p>
   </div>
   <div class='ocr_carea' id='block_1_54' title="bbox 2243 2598 3823 2674">
    <p class='ocr_par' dir='ltr' id='par_1_54' title="bbox 2243 2598 3823 2674">
     <span class='ocr_line' id='line_1_54' title="bbox 2243 2598 3823 2674; baseline 0.003 -23"><span class='ocrx_word' id='word_1_399' title='bbox 2243 2598 2432 2670; x_wconf 91' lang='grc' dir='ltr'>σθῆναι</span> <span class='ocrx_word' id='word_1_400' title='bbox 2463 2601 2588 2664; x_wconf 86' lang='grc' dir='ltr'>τοὺς</span> <span class='ocrx_word' id='word_1_401' title='bbox 2621 2599 2810 2668; x_wconf 79' lang='grc' dir='ltr'>ἁγίους</span> <span class='ocrx_word' id='word_1_402' title='bbox 2843 2599 2938 2653; x_wconf 91' lang='grc' dir='ltr'><strong>τοῦ</strong></span> <span class='ocrx_word' id='word_1_403' title='bbox 2970 2598 3106 2654; x_wconf 82' lang='grc' dir='ltr'>θεοῦ</span> <span class='ocrx_word' id='word_1_404' title='bbox 3144 2602 3242 2673; x_wconf 90' lang='grc' dir='ltr'><strong>τῆς</strong></span> <span class='ocrx_word' id='word_1_405' title='bbox 3279 2602 3710 2674; x_wconf 77' lang='grc' dir='ltr'>ἐπηγγελμένης</span> <span class='ocrx_word' id='word_1_406' title='bbox 3737 2602 3823 2656; x_wconf 85' lang='grc' dir='ltr'><strong>αὐ-</strong></span> 
     </span>
    </p>
   </div>
   <div class='ocr_carea' id='block_1_55' title="bbox 2241 2690 3824 2765">
    <p class='ocr_par' dir='ltr' id='par_1_55' title="bbox 2241 2690 3824 2765">
     <span class='ocr_line' id='line_1_55' title="bbox 2241 2690 3824 2765; baseline 0.003 -24"><span class='ocrx_word' id='word_1_407' title='bbox 2241 2692 2350 2751; x_wconf 86' lang='grc' dir='ltr'>τοῖς</span> <span class='ocrx_word' id='word_1_408' title='bbox 2378 2690 2610 2754; x_wconf 76' lang='grc' dir='ltr'>ἐλπίδος.</span> <span class='ocrx_word' id='word_1_409' title='bbox 2641 2691 2825 2759; x_wconf 80' lang='grc' dir='ltr'>’Δγιοι</span> <span class='ocrx_word' id='word_1_410' title='bbox 2871 2690 2928 2744; x_wconf 81' lang='grc' dir='ltr'>δὲ</span> <span class='ocrx_word' id='word_1_411' title='bbox 2975 2690 3109 2744; x_wconf 82' lang='grc' dir='ltr'>Θεοῦ</span> <span class='ocrx_word' id='word_1_412' title='bbox 3158 2693 3207 2745; x_wconf 85' lang='lat' dir='ltr'><strong>oi</strong></span> <span class='ocrx_word' id='word_1_413' title='bbox 3244 2692 3712 2765; x_wconf 80' lang='grc' dir='ltr'>δεδοκιμασμένοι</span> <span class='ocrx_word' id='word_1_414' title='bbox 3755 2691 3824 2762; x_wconf 77' lang='grc' dir='ltr'>τῷ</span> 
     </span>
    </p>
   </div>
   <div class='ocr_carea' id='block_1_56' title="bbox 2240 2782 3824 2859">
    <p class='ocr_par' dir='ltr' id='par_1_56' title="bbox 2240 2782 3824 2859">
     <span class='ocr_line' id='line_1_56' title="bbox 2240 2782 3824 2859; baseline 0.003 -23"><span class='ocrx_word' id='word_1_415' title='bbox 2240 2782 2504 2854; x_wconf 86' lang='grc' dir='ltr'>ἀργυρίῳ.</span> <span class='ocrx_word' id='word_1_416' title='bbox 2545 2782 2754 2854; x_wconf 84' lang='grc' dir='ltr'>Ὥσπερ</span> <span class='ocrx_word' id='word_1_417' title='bbox 2783 2782 2894 2856; x_wconf 80' lang='grc' dir='ltr'><strong>γάρ</strong></span> <span class='ocrx_word' id='word_1_418' title='bbox 2921 2802 2938 2836; x_wconf 84' lang='grc' dir='ltr'><strong>ι</strong></span> <span class='ocrx_word' id='word_1_419' title='bbox 2967 2784 3035 2839; x_wconf 86' lang='grc' dir='ltr'><strong>τά</strong></span> <span class='ocrx_word' id='word_1_420' title='bbox 3060 2783 3214 2853; x_wconf 86' lang='grc' dir='ltr'>λόγια</span> <span class='ocrx_word' id='word_1_421' title='bbox 3241 2785 3448 2857; x_wconf 80' lang='grc' dir='ltr'>Κυρίου</span> <span class='ocrx_word' id='word_1_422' title='bbox 3473 2785 3643 2854; x_wconf 84' lang='grc' dir='ltr'>ἁγνὰ,</span> <span class='ocrx_word' id='word_1_423' title='bbox 3672 2783 3824 2859; x_wconf 82' lang='grc' dir='ltr'>άργύ-</span> 
     </span>
    </p>
   </div>
   <div class='ocr_carea' id='block_1_57' title="bbox 2242 2873 3822 2950">
    <p class='ocr_par' dir='ltr' id='par_1_57' title="bbox 2242 2873 3822 2950">
     <span class='ocr_line' id='line_1_57' title="bbox 2242 2873 3822 2950; baseline 0.003 -23"><span class='ocrx_word' id='word_1_424' title='bbox 2242 2891 2356 2946; x_wconf 92' lang='grc' dir='ltr'>ριον</span> <span class='ocrx_word' id='word_1_425' title='bbox 2385 2874 2797 2946; x_wconf 85' lang='grc' dir='ltr'>πεπυρωμένον,</span> <span class='ocrx_word' id='word_1_426' title='bbox 2831 2894 2850 2928; x_wconf 73' lang='grc' dir='ltr'><strong>ι</strong></span> <span class='ocrx_word' id='word_1_427' title='bbox 2877 2873 3051 2939; x_wconf 78' lang='grc' dir='ltr'>οὕτως</span> <span class='ocrx_word' id='word_1_428' title='bbox 3086 2875 3179 2929; x_wconf 78' lang='grc' dir='ltr'><strong>καὶ</strong></span> <span class='ocrx_word' id='word_1_429' title='bbox 3201 2877 3251 2929; x_wconf 78' lang='grc' dir='ltr'>οἱ</span> <span class='ocrx_word' id='word_1_430' title='bbox 3275 2875 3371 2930; x_wconf 90' lang='grc' dir='ltr'><strong>τοῦ</strong></span> <span class='ocrx_word' id='word_1_431' title='bbox 3394 2877 3536 2932; x_wconf 89' lang='grc' dir='ltr'>Θεοῦ</span> <span class='ocrx_word' id='word_1_432' title='bbox 3562 2877 3822 2950; x_wconf 74' lang='grc' dir='ltr'>ἄνθρωποι</span> 
     </span>
    </p>
   </div>
   <div class='ocr_carea' id='block_1_58' title="bbox 2247 2965 3818 3040">
    <p class='ocr_par' dir='ltr' id='par_1_58' title="bbox 2247 2965 3818 3040">
     <span class='ocr_line' id='line_1_58' title="bbox 2247 2965 3818 3040; baseline 0.003 -22"><span class='ocrx_word' id='word_1_433' title='bbox 2247 2965 2694 3038; x_wconf 86' lang='grc' dir='ltr'>δεδοκιμασμένοι</span> <span class='ocrx_word' id='word_1_434' title='bbox 2741 2965 2879 3021; x_wconf 69' lang='grc' dir='ltr'>εἰσὶν</span> <span class='ocrx_word' id='word_1_435' title='bbox 2925 2967 3001 3029; x_wconf 84' lang='grc' dir='ltr'><strong>ὡς</strong></span> <span class='ocrx_word' id='word_1_436' title='bbox 3049 2967 3114 3021; x_wconf 83' lang='grc' dir='ltr'>τὸ</span> <span class='ocrx_word' id='word_1_437' title='bbox 3167 2967 3459 3040; x_wconf 86' lang='grc' dir='ltr'>ἀργύριον·</span> <span class='ocrx_word' id='word_1_438' title='bbox 3519 2969 3603 3024; x_wconf 88' lang='grc' dir='ltr'><strong>διό</strong></span> <span class='ocrx_word' id='word_1_439' title='bbox 3644 2986 3818 3039; x_wconf 82' lang='grc' dir='ltr'>φασιν·</span> 
     </span>
    </p>
   </div>
   <div class='ocr_carea' id='block_1_59' title="bbox 566 3058 2138 3136">
    <p class='ocr_par' dir='ltr' id='par_1_59' title="bbox 566 3064 2118 3136">
     <span class='ocr_line' id='line_1_59' title="bbox 566 3064 2118 3136; baseline -0.002 -17"><span class='ocrx_word' id='word_1_440' title='bbox 566 3066 736 3130; x_wconf 87' lang='lat' dir='ltr'><strong>dinis,</strong></span> <span class='ocrx_word' id='word_1_441' title='bbox 775 3065 1121 3136; x_wconf 83' lang='lat' dir='ltr'><strong>congregatio</strong></span> <span class='ocrx_word' id='word_1_442' title='bbox 1146 3073 1450 3126; x_wconf 88' lang='lat' dir='ltr'><strong>taurorum,</strong></span> <span class='ocrx_word' id='word_1_443' title='bbox 1483 3072 1538 3118; x_wconf 89' lang='lat' dir='ltr'><strong>et</strong></span> <span class='ocrx_word' id='word_1_444' title='bbox 1562 3079 1742 3118; x_wconf 63' lang='lat' dir='ltr'><strong>vaccae</strong></span> <span class='ocrx_word' id='word_1_445' title='bbox 1772 3064 2118 3134; x_wconf 88' lang='lat' dir='ltr'><strong>populorum,</strong></span> 
     </span>
    </p>
   </div>
   <div class='ocr_carea' id='block_1_60' title="bbox 2240 3058 3820 3136">
    <p class='ocr_par' dir='ltr' id='par_1_60' title="bbox 2245 3058 3820 3134">
     <span class='ocr_line' id='line_1_60' title="bbox 2245 3058 3820 3134; baseline 0.003 -25"><span class='ocrx_word' id='word_1_446' title='bbox 2245 3078 2263 3109; x_wconf 80' lang='grc' dir='ltr'><strong>ι</strong></span> <span class='ocrx_word' id='word_1_447' title='bbox 2305 3059 2666 3130; x_wconf 78' lang='grc' dir='ltr'>Ἑδοκίμασας</span> <span class='ocrx_word' id='word_1_448' title='bbox 2689 3061 2856 3132; x_wconf 79' lang='grc' dir='ltr'>ἡμᾶς,</span> <span class='ocrx_word' id='word_1_449' title='bbox 2883 3060 2912 3112; x_wconf 88' lang='grc' dir='ltr'><strong>ό</strong></span> <span class='ocrx_word' id='word_1_450' title='bbox 2942 3058 3094 3125; x_wconf 84' lang='grc' dir='ltr'>Θεός,</span> <span class='ocrx_word' id='word_1_451' title='bbox 3130 3060 3420 3132; x_wconf 83' lang='grc' dir='ltr'>ὲπύρωσας</span> <span class='ocrx_word' id='word_1_452' title='bbox 3448 3064 3482 3134; x_wconf 78' lang='grc' dir='ltr'>ἡ</span> <span class='ocrx_word' id='word_1_453' title='bbox 3493 3065 3604 3133; x_wconf 81' lang='grc' dir='ltr'>μᾶς</span> <span class='ocrx_word' id='word_1_454' title='bbox 3632 3063 3707 3126; x_wconf 86' lang='grc' dir='ltr'><strong>ὡς</strong></span> <span class='ocrx_word' id='word_1_455' title='bbox 3731 3079 3820 3114; x_wconf 84' lang='grc' dir='ltr'>πυ-</span> 
     </span>
    </p>
   </div>
   <div class='ocr_carea' id='block_1_61' title="bbox 566 3155 2137 3234">
    <p class='ocr_par' dir='ltr' id='par_1_61' title="bbox 566 3155 2137 3234">
     <span class='ocr_line' id='line_1_61' title="bbox 566 3155 2137 3234; baseline -0.001 -22"><span class='ocrx_word' id='word_1_456' title='bbox 566 3174 661 3213; x_wconf 77' lang='lat' dir='ltr'><strong>eos</strong></span> <span class='ocrx_word' id='word_1_457' title='bbox 699 3157 791 3228; x_wconf 90' lang='lat' dir='ltr'><strong>qui</strong></span> <span class='ocrx_word' id='word_1_458' title='bbox 821 3156 1034 3227; x_wconf 88' lang='lat' dir='ltr'><strong>probati</strong></span> <span class='ocrx_word' id='word_1_459' title='bbox 1068 3163 1198 3210; x_wconf 88' lang='lat' dir='ltr'><strong>sunt</strong></span> <span class='ocrx_word' id='word_1_460' title='bbox 1229 3162 1458 3228; x_wconf 84' lang='lat' dir='ltr'><strong>argento</strong></span> <span class='ocrx_word' id='word_1_461' title='bbox 1491 3170 1521 3208; x_wconf 90' lang='lat' dir='ltr'><strong>a</strong></span> <span class='ocrx_word' id='word_1_462' title='bbox 1567 3156 1849 3234; x_wconf 72' lang='lat' dir='ltr'><strong>preposita</strong></span> <span class='ocrx_word' id='word_1_463' title='bbox 1899 3155 2004 3234; x_wconf 70' lang='lat' dir='ltr'><strong>sibi</strong></span> <span class='ocrx_word' id='word_1_464' title='bbox 2040 3171 2137 3226; x_wconf 91' lang='lat' dir='ltr'><strong>spe</strong></span> 
     </span>
    </p>
   </div>
   <div class='ocr_carea' id='block_1_62' title="bbox 565 3223 2136 3319">
    <p class='ocr_par' dir='ltr' id='par_1_62' title="bbox 565 3223 2136 3319">
     <span class='ocr_line' id='line_1_62' title="bbox 565 3223 2136 3319; baseline -0.002 -15"><span class='ocrx_word' id='word_1_465' title='bbox 565 3223 854 3304; x_wconf 70' lang='lat' dir='ltr'><strong>excludere</strong></span> <span class='ocrx_word' id='word_1_466' title='bbox 883 3255 1158 3319; x_wconf 85' lang='lat' dir='ltr'><strong>satagunt.</strong></span> <span class='ocrx_word' id='word_1_467' title='bbox 1215 3223 1360 3312; x_wconf 40' lang='lat' dir='ltr'><strong>Sivve,</strong></span> <span class='ocrx_word' id='word_1_468' title='bbox 1389 3223 1687 3302; x_wconf 81' lang='lat' dir='ltr'><strong>secundum</strong></span> <span class='ocrx_word' id='word_1_469' title='bbox 1725 3223 2136 3318; x_wconf 70' lang='lat' dir='ltr'><strong>Symmachum,</strong></span> 
     </span>
    </p>
   </div>
   <div class='ocr_carea' id='block_1_63' title="bbox 571 3339 2140 3410">
    <p class='ocr_par' dir='ltr' id='par_1_63' title="bbox 571 3339 2140 3410">
     <span class='ocr_line' id='line_1_63' title="bbox 571 3339 2140 3410; baseline 0.001 -19"><span class='ocrx_word' id='word_1_470' title='bbox 571 3359 592 3391; x_wconf 72' lang='grc' dir='ltr'><strong>ι</strong></span> <span class='ocrx_word' id='word_1_471' title='bbox 617 3341 873 3396; x_wconf 85' lang='lat' dir='ltr'><strong>Calcibus</strong></span> <span class='ocrx_word' id='word_1_472' title='bbox 908 3341 1116 3410; x_wconf 88' lang='lat' dir='ltr'><strong>pellunt</strong></span> <span class='ocrx_word' id='word_1_473' title='bbox 1146 3355 1242 3394; x_wconf 90' lang='lat' dir='ltr'><strong>eos</strong></span> <span class='ocrx_word' id='word_1_474' title='bbox 1284 3339 1379 3410; x_wconf 91' lang='lat' dir='ltr'><strong>qui</strong></span> <span class='ocrx_word' id='word_1_475' title='bbox 1411 3339 1626 3410; x_wconf 89' lang='lat' dir='ltr'><strong>probati</strong></span> <span class='ocrx_word' id='word_1_476' title='bbox 1662 3350 1789 3394; x_wconf 88' lang='lat' dir='ltr'><strong>sunt</strong></span> <span class='ocrx_word' id='word_1_477' title='bbox 1819 3339 1976 3410; x_wconf 82' lang='lat' dir='ltr'><strong>quasi</strong></span> <span class='ocrx_word' id='word_1_478' title='bbox 2013 3355 2140 3408; x_wconf 88' lang='lat' dir='ltr'><strong>pro-</strong></span> 
     </span>
    </p>
   </div>
   <div class='ocr_carea' id='block_1_64' title="bbox 565 3429 2139 3504">
    <p class='ocr_par' dir='ltr' id='par_1_64' title="bbox 565 3429 2139 3504">
     <span class='ocr_line' id='line_1_64' title="bbox 565 3429 2139 3504; baseline -0.001 -18"><span class='ocrx_word' id='word_1_479' title='bbox 565 3432 786 3487; x_wconf 83' lang='lat' dir='ltr'><strong>batione</strong></span> <span class='ocrx_word' id='word_1_480' title='bbox 824 3433 1088 3504; x_wconf 63' lang='lat' dir='ltr'><strong>argenti.»</strong></span> <span class='ocrx_word' id='word_1_481' title='bbox 1134 3429 1204 3486; x_wconf 89' lang='lat' dir='ltr'><strong>Ut</strong></span> <span class='ocrx_word' id='word_1_482' title='bbox 1233 3447 1301 3486; x_wconf 90' lang='lat' dir='ltr'><strong>ne</strong></span> <span class='ocrx_word' id='word_1_483' title='bbox 1334 3431 1519 3500; x_wconf 90' lang='lat' dir='ltr'><strong>itaque</strong></span> <span class='ocrx_word' id='word_1_484' title='bbox 1550 3431 1629 3484; x_wconf 91' lang='lat' dir='ltr'><strong>illi</strong></span> <span class='ocrx_word' id='word_1_485' title='bbox 1657 3445 1823 3501; x_wconf 88' lang='lat' dir='ltr'><strong>supra</strong></span> <span class='ocrx_word' id='word_1_486' title='bbox 1847 3430 1980 3484; x_wconf 91' lang='lat' dir='ltr'><strong>dicti</strong></span> <span class='ocrx_word' id='word_1_487' title='bbox 2008 3445 2139 3485; x_wconf 85' lang='lat' dir='ltr'><strong>san-</strong></span> 
     </span>
    </p>
   </div>
   <div class='ocr_carea' id='block_1_65' title="bbox 566 3523 2136 3594">
    <p class='ocr_par' dir='ltr' id='par_1_65' title="bbox 566 3523 2136 3594">
     <span class='ocr_line' id='line_1_65' title="bbox 566 3523 2136 3594; baseline -0.001 -14"><span class='ocrx_word' id='word_1_488' title='bbox 566 3526 672 3580; x_wconf 87' lang='lat' dir='ltr'><strong>ctis</strong></span> <span class='ocrx_word' id='word_1_489' title='bbox 711 3523 806 3581; x_wconf 89' lang='lat' dir='ltr'><strong>Dei</strong></span> <span class='ocrx_word' id='word_1_490' title='bbox 843 3524 1231 3594; x_wconf 88' lang='lat' dir='ltr'><strong>impedimento</strong></span> <span class='ocrx_word' id='word_1_491' title='bbox 1265 3524 1396 3585; x_wconf 86' lang='lat' dir='ltr'><strong>sint,</strong></span> <span class='ocrx_word' id='word_1_492' title='bbox 1425 3523 1739 3578; x_wconf 83' lang='lat' dir='ltr'><strong>necessario</strong></span> <span class='ocrx_word' id='word_1_493' title='bbox 1787 3523 1997 3576; x_wconf 90' lang='lat' dir='ltr'><strong>dictum</strong></span> <span class='ocrx_word' id='word_1_494' title='bbox 2021 3529 2136 3580; x_wconf 88' lang='lat' dir='ltr'><strong>est:</strong></span> 
     </span>
    </p>
   </div>
   <div class='ocr_carea' id='block_1_66' title="bbox 572 3617 2137 3691">
    <p class='ocr_par' dir='ltr' id='par_1_66' title="bbox 572 3617 2137 3691">
     <span class='ocr_line' id='line_1_66' title="bbox 572 3617 2137 3691; baseline -0.001 -20"><span class='ocrx_word' id='word_1_495' title='bbox 572 3622 838 3691; x_wconf 70' lang='lat' dir='ltr'><strong>clncrcpa</strong></span> <span class='ocrx_word' id='word_1_496' title='bbox 885 3618 1036 3675; x_wconf 84' lang='lat' dir='ltr'><strong>&#39;l&#39;eras</strong></span> <span class='ocrx_word' id='word_1_497' title='bbox 1085 3617 1394 3678; x_wconf 89' lang='lat' dir='ltr'><strong>arundinis.</strong></span> <span class='ocrx_word' id='word_1_498' title='bbox 1445 3617 1797 3687; x_wconf 83' lang='lat' dir='ltr'><strong>congregatio</strong></span> <span class='ocrx_word' id='word_1_499' title='bbox 1853 3624 2137 3671; x_wconf 87' lang='lat' dir='ltr'><strong>taurorum</strong></span> 
     </span>
    </p>
   </div>
   <div class='ocr_carea' id='block_1_67' title="bbox 567 3707 2139 3779">
    <p class='ocr_par' dir='ltr' id='par_1_67' title="bbox 567 3707 2139 3779">
     <span class='ocr_line' id='line_1_67' title="bbox 567 3707 2139 3779; baseline -0.001 -14"><span class='ocrx_word' id='word_1_500' title='bbox 567 3714 625 3765; x_wconf 85' lang='lat' dir='ltr'><strong>in</strong></span> <span class='ocrx_word' id='word_1_501' title='bbox 676 3710 860 3765; x_wconf 84' lang='lat' dir='ltr'><strong>vaccis</strong></span> <span class='ocrx_word' id='word_1_502' title='bbox 905 3707 1467 3779; x_wconf 63' lang='lat' dir='ltr'><strong>populorum.rAlla</strong></span> <span class='ocrx_word' id='word_1_503' title='bbox 1521 3707 1651 3762; x_wconf 90' lang='lat' dir='ltr'><strong>item</strong></span> <span class='ocrx_word' id='word_1_504' title='bbox 1689 3707 1906 3763; x_wconf 85' lang='lat' dir='ltr'><strong>ratione</strong></span> <span class='ocrx_word' id='word_1_505' title='bbox 1951 3716 2139 3764; x_wconf 86' lang='lat' dir='ltr'><strong>tauros</strong></span> 
     </span>
    </p>
   </div>
   <div class='ocr_carea' id='block_1_68' title="bbox 567 3796 2137 3871">
    <p class='ocr_par' dir='ltr' id='par_1_68' title="bbox 567 3796 2137 3871">
     <span class='ocr_line' id='line_1_68' title="bbox 567 3796 2137 3871; baseline -0.004 -15"><span class='ocrx_word' id='word_1_506' title='bbox 567 3799 839 3871; x_wconf 82' lang='lat' dir='ltr'><strong>intelligas</strong></span> <span class='ocrx_word' id='word_1_507' title='bbox 857 3797 1166 3853; x_wconf 67' lang='lat' dir='ltr'><strong>Iudaeorum</strong></span> <span class='ocrx_word' id='word_1_508' title='bbox 1185 3796 1498 3867; x_wconf 90' lang='lat' dir='ltr'><strong>principes:</strong></span> <span class='ocrx_word' id='word_1_509' title='bbox 1531 3811 1726 3852; x_wconf 91' lang='lat' dir='ltr'><strong>vaccas</strong></span> <span class='ocrx_word' id='word_1_510' title='bbox 1751 3805 1930 3852; x_wconf 90' lang='lat' dir='ltr'><strong>autem</strong></span> <span class='ocrx_word' id='word_1_511' title='bbox 1947 3813 2137 3853; x_wconf 90' lang='lat' dir='ltr'><strong>eorum</strong></span> 
     </span>
    </p>
   </div>
   <div class='ocr_carea' id='block_1_69' title="bbox 567 3887 2138 3964">
    <p class='ocr_par' dir='ltr' id='par_1_69' title="bbox 567 3887 2138 3964">
     <span class='ocr_line' id='line_1_69' title="bbox 567 3887 2138 3964; baseline -0.001 -18"><span class='ocrx_word' id='word_1_512' title='bbox 567 3905 871 3964; x_wconf 84' lang='lat' dir='ltr'><strong>synagogas</strong></span> <span class='ocrx_word' id='word_1_513' title='bbox 925 3889 994 3944; x_wconf 92' lang='lat' dir='ltr'><strong>iis</strong></span> <span class='ocrx_word' id='word_1_514' title='bbox 1047 3887 1316 3951; x_wconf 87' lang='lat' dir='ltr'><strong>subditas,</strong></span> <span class='ocrx_word' id='word_1_515' title='bbox 1363 3895 1416 3942; x_wconf 90' lang='lat' dir='ltr'><strong>et</strong></span> <span class='ocrx_word' id='word_1_516' title='bbox 1468 3888 1696 3957; x_wconf 92' lang='lat' dir='ltr'><strong>populos</strong></span> <span class='ocrx_word' id='word_1_517' title='bbox 1749 3889 1841 3958; x_wconf 91' lang='lat' dir='ltr'><strong>qui</strong></span> <span class='ocrx_word' id='word_1_518' title='bbox 1892 3897 2138 3960; x_wconf 88' lang='lat' dir='ltr'><strong>tempore</strong></span> 
     </span>
    </p>
   </div>
   <div class='ocr_carea' id='block_1_70' title="bbox 565 3979 2137 4056">
    <p class='ocr_par' dir='ltr' id='par_1_70' title="bbox 565 3979 2137 4056">
     <span class='ocr_line' id='line_1_70' title="bbox 565 3979 2137 4056; baseline -0.001 -19"><span class='ocrx_word' id='word_1_519' title='bbox 565 3983 840 4056; x_wconf 86' lang='lat' dir='ltr'><strong>passionis</strong></span> <span class='ocrx_word' id='word_1_520' title='bbox 873 3980 1182 4036; x_wconf 89' lang='lat' dir='ltr'><strong>Servatoris</strong></span> <span class='ocrx_word' id='word_1_521' title='bbox 1206 3979 1381 4035; x_wconf 90' lang='lat' dir='ltr'><strong>nostri</strong></span> <span class='ocrx_word' id='word_1_522' title='bbox 1413 3980 1851 4034; x_wconf 86' lang='lat' dir='ltr'><strong>insurrexerunt.</strong></span> <span class='ocrx_word' id='word_1_523' title='bbox 1886 3979 1984 4036; x_wconf 90' lang='lat' dir='ltr'><strong>Cui</strong></span> <span class='ocrx_word' id='word_1_524' title='bbox 2010 3997 2137 4036; x_wconf 89' lang='lat' dir='ltr'><strong>sen-</strong></span> 
     </span>
    </p>
   </div>
   <div class='ocr_carea' id='block_1_71' title="bbox 565 4070 2136 4144">
    <p class='ocr_par' dir='ltr' id='par_1_71' title="bbox 565 4070 2136 4144">
     <span class='ocr_line' id='line_1_71' title="bbox 565 4070 2136 4144; baseline -0.002 -14"><span class='ocrx_word' id='word_1_525' title='bbox 565 4077 749 4130; x_wconf 67' lang='lat' dir='ltr'><strong>tentia:</strong></span> <span class='ocrx_word' id='word_1_526' title='bbox 805 4073 1134 4144; x_wconf 83' lang='lat' dir='ltr'><strong>astipulatur</strong></span> <span class='ocrx_word' id='word_1_527' title='bbox 1167 4087 1275 4126; x_wconf 88' lang='lat' dir='ltr'><strong>vox</strong></span> <span class='ocrx_word' id='word_1_528' title='bbox 1331 4071 1425 4124; x_wconf 89' lang='lat' dir='ltr'><strong>illa</strong></span> <span class='ocrx_word' id='word_1_529' title='bbox 1475 4086 1540 4126; x_wconf 84' lang='lat' dir='ltr'><strong>ex</strong></span> <span class='ocrx_word' id='word_1_530' title='bbox 1602 4070 1776 4140; x_wconf 87' lang='lat' dir='ltr'><strong>ipsius</strong></span> <span class='ocrx_word' id='word_1_531' title='bbox 1833 4070 2136 4127; x_wconf 87' lang='lat' dir='ltr'><strong>Salvatoris</strong></span> 
     </span>
    </p>
   </div>
   <div class='ocr_carea' id='block_1_72' title="bbox 567 4161 2139 4238">
    <p class='ocr_par' dir='ltr' id='par_1_72' title="bbox 567 4161 2139 4238">
     <span class='ocr_line' id='line_1_72' title="bbox 567 4161 2139 4238; baseline -0.003 -18"><span class='ocrx_word' id='word_1_532' title='bbox 567 4182 800 4238; x_wconf 83' lang='lat' dir='ltr'><strong>persona</strong></span> <span class='ocrx_word' id='word_1_533' title='bbox 855 4165 910 4220; x_wconf 92' lang='lat' dir='ltr'><strong>in</strong></span> <span class='ocrx_word' id='word_1_534' title='bbox 935 4163 1148 4236; x_wconf 88' lang='lat' dir='ltr'><strong>psalmo</strong></span> <span class='ocrx_word' id='word_1_535' title='bbox 1170 4177 1280 4234; x_wconf 47' lang='grc' dir='ltr'>,ΠΙ</span> <span class='ocrx_word' id='word_1_536' title='bbox 1313 4161 1492 4232; x_wconf 90' lang='lat' dir='ltr'><strong>posita</strong></span> <span class='ocrx_word' id='word_1_537' title='bbox 1520 4180 1534 4217; x_wconf 89' lang='lat'><strong>:</strong></span> <span class='ocrx_word' id='word_1_538' title='bbox 1577 4179 1594 4212; x_wconf 82' lang='grc' dir='ltr'><strong>ι</strong></span> <span class='ocrx_word' id='word_1_539' title='bbox 1615 4161 1882 4228; x_wconf 86' lang='lat' dir='ltr'><strong>Quoniam</strong></span> <span class='ocrx_word' id='word_1_540' title='bbox 1907 4163 2139 4217; x_wconf 90' lang='lat' dir='ltr'><strong>circum-</strong></span> 
     </span>
    </p>
   </div>
   <div class='ocr_carea' id='block_1_73' title="bbox 565 4255 2136 4330">
    <p class='ocr_par' dir='ltr' id='par_1_73' title="bbox 565 4255 2136 4330">
     <span class='ocr_line' id='line_1_73' title="bbox 565 4255 2136 4330; baseline -0.003 -18"><span class='ocrx_word' id='word_1_541' title='bbox 565 4260 830 4315; x_wconf 83' lang='lat' dir='ltr'><strong>dederunt</strong></span> <span class='ocrx_word' id='word_1_542' title='bbox 861 4255 1130 4330; x_wconf 24' lang='lat' dir='ltr'><strong>meivituli</strong></span> <span class='ocrx_word' id='word_1_543' title='bbox 1162 4255 1341 4318; x_wconf 91' lang='lat' dir='ltr'><strong>multi,</strong></span> <span class='ocrx_word' id='word_1_544' title='bbox 1372 4255 1516 4308; x_wconf 91' lang='lat' dir='ltr'><strong>tauri</strong></span> <span class='ocrx_word' id='word_1_545' title='bbox 1548 4255 1779 4326; x_wconf 85' lang='lat' dir='ltr'><strong>pingues</strong></span> <span class='ocrx_word' id='word_1_546' title='bbox 1803 4255 2136 4310; x_wconf 89' lang='lat' dir='ltr'><strong>obsederunt</strong></span> 
     </span>
    </p>
   </div>
   <div class='ocr_carea' id='block_1_74' title="bbox 565 4345 2134 4418">
    <p class='ocr_par' dir='ltr' id='par_1_74' title="bbox 565 4345 2134 4418">
     <span class='ocr_line' id='line_1_74' title="bbox 565 4345 2134 4418; baseline -0.001 -16"><span class='ocrx_word' id='word_1_547' title='bbox 565 4366 673 4404; x_wconf 90' lang='lat' dir='ltr'><strong>me.</strong></span> <span class='ocrx_word' id='word_1_548' title='bbox 713 4349 1062 4418; x_wconf 81' lang='lat' dir='ltr'><strong>Aperuerunt</strong></span> <span class='ocrx_word' id='word_1_549' title='bbox 1114 4347 1166 4399; x_wconf 90' lang='lat' dir='ltr'><strong>in</strong></span> <span class='ocrx_word' id='word_1_550' title='bbox 1198 4361 1285 4400; x_wconf 91' lang='lat' dir='ltr'><strong>me</strong></span> <span class='ocrx_word' id='word_1_551' title='bbox 1320 4360 1384 4400; x_wconf 94' lang='lat' dir='ltr'><strong>os</strong></span> <span class='ocrx_word' id='word_1_552' title='bbox 1415 4360 1576 4400; x_wconf 91' lang='lat' dir='ltr'><strong>suum</strong></span> <span class='ocrx_word' id='word_1_553' title='bbox 1597 4346 1700 4401; x_wconf 78' lang='grc'><strong>³⁸.»</strong></span> <span class='ocrx_word' id='word_1_554' title='bbox 1743 4345 1912 4412; x_wconf 86' lang='lat' dir='ltr'><strong>Queis</strong></span> <span class='ocrx_word' id='word_1_555' title='bbox 1942 4347 2134 4401; x_wconf 87' lang='lat' dir='ltr'><strong>subin-</strong></span> 
     </span>
    </p>
   </div>
   <div class='ocr_carea' id='block_1_75' title="bbox 2242 3147 3818 3226">
    <p class='ocr_par' dir='ltr' id='par_1_75' title="bbox 2242 3147 3818 3226">
     <span class='ocr_line' id='line_1_75' title="bbox 2242 3147 3818 3226; baseline 0.001 -21"><span class='ocrx_word' id='word_1_556' title='bbox 2242 3151 2428 3224; x_wconf 85' lang='grc' dir='ltr'>ροῦται</span> <span class='ocrx_word' id='word_1_557' title='bbox 2477 3151 2538 3205; x_wconf 89' lang='grc' dir='ltr'><strong>τό</strong></span> <span class='ocrx_word' id='word_1_558' title='bbox 2581 3151 2861 3225; x_wconf 83' lang='grc' dir='ltr'>ἀργύριον.</span> <span class='ocrx_word' id='word_1_559' title='bbox 2903 3172 2921 3204; x_wconf 73' lang='grc' dir='ltr'><strong>ι</strong></span> <span class='ocrx_word' id='word_1_560' title='bbox 2953 3154 3015 3206; x_wconf 79' lang='lat' dir='ltr'><strong>Ol</strong></span> <span class='ocrx_word' id='word_1_561' title='bbox 3049 3147 3140 3207; x_wconf 73' lang='grc' dir='ltr'>οὖν</span> <span class='ocrx_word' id='word_1_562' title='bbox 3169 3153 3331 3226; x_wconf 89' lang='grc' dir='ltr'>θῆρες</span> <span class='ocrx_word' id='word_1_563' title='bbox 3363 3156 3412 3208; x_wconf 79' lang='lat' dir='ltr'><strong>ei</strong></span> <span class='ocrx_word' id='word_1_564' title='bbox 3454 3157 3554 3209; x_wconf 89' lang='grc' dir='ltr'><strong>τοῦ</strong></span> <span class='ocrx_word' id='word_1_565' title='bbox 3589 3154 3818 3226; x_wconf 85' lang='grc' dir='ltr'>καλάμου</span> 
     </span>
    </p>
   </div>
   <div class='ocr_carea' id='block_1_76' title="bbox 2242 3244 3816 3318">
    <p class='ocr_par' dir='ltr' id='par_1_76' title="bbox 2242 3244 3816 3318">
     <span class='ocr_line' id='line_1_76' title="bbox 2242 3244 3816 3318; baseline -0.001 -21"><span class='ocrx_word' id='word_1_566' title='bbox 2242 3244 2336 3298; x_wconf 75' lang='grc' dir='ltr'><strong>καὶ</strong></span> <span class='ocrx_word' id='word_1_567' title='bbox 2369 3246 2404 3315; x_wconf 78' lang='grc' dir='ltr'>ὴ</span> <span class='ocrx_word' id='word_1_568' title='bbox 2447 3244 2735 3316; x_wconf 88' lang='grc' dir='ltr'>συναγωγὴ</span> <span class='ocrx_word' id='word_1_569' title='bbox 2767 3244 2876 3297; x_wconf 83' lang='grc' dir='ltr'><strong>τῶν</strong></span> <span class='ocrx_word' id='word_1_570' title='bbox 2905 3244 3140 3316; x_wconf 85' lang='grc' dir='ltr'>ταύρων,</span> <span class='ocrx_word' id='word_1_571' title='bbox 3173 3247 3264 3299; x_wconf 74' lang='grc' dir='ltr'>καὶ</span> <span class='ocrx_word' id='word_1_572' title='bbox 3309 3247 3362 3299; x_wconf 76' lang='grc' dir='ltr'>αἱ</span> <span class='ocrx_word' id='word_1_573' title='bbox 3411 3247 3682 3318; x_wconf 85' lang='grc' dir='ltr'>δαμάλεις</span> <span class='ocrx_word' id='word_1_574' title='bbox 3721 3245 3816 3298; x_wconf 84' lang='grc' dir='ltr'><strong>τῶν</strong></span> 
     </span>
    </p>
   </div>
   <div class='ocr_carea' id='block_1_77' title="bbox 2239 3332 3819 3407">
    <p class='ocr_par' dir='ltr' id='par_1_77' title="bbox 2239 3332 3819 3407">
     <span class='ocr_line' id='line_1_77' title="bbox 2239 3332 3819 3407; baseline 0.003 -22"><span class='ocrx_word' id='word_1_575' title='bbox 2239 3332 2404 3396; x_wconf 84' lang='grc' dir='ltr'>λαῶν,</span> <span class='ocrx_word' id='word_1_576' title='bbox 2437 3334 2563 3396; x_wconf 71' lang='grc' dir='ltr'>τοὺς</span> <span class='ocrx_word' id='word_1_577' title='bbox 2586 3332 3069 3405; x_wconf 85' lang='grc' dir='ltr'>δεδοκιμασμένους</span> <span class='ocrx_word' id='word_1_578' title='bbox 3093 3334 3171 3405; x_wconf 82' lang='grc' dir='ltr'>τῷ</span> <span class='ocrx_word' id='word_1_579' title='bbox 3197 3335 3444 3407; x_wconf 83' lang='grc' dir='ltr'>ἀργυρίῳ</span> <span class='ocrx_word' id='word_1_580' title='bbox 3468 3334 3819 3405; x_wconf 83' lang='grc' dir='ltr'>άποκλεισθῆ-</span> 
     </span>
    </p>
   </div>
   <div class='ocr_carea' id='block_1_78' title="bbox 2241 3421 3813 3496">
    <p class='ocr_par' dir='ltr' id='par_1_78' title="bbox 2241 3421 3813 3496">
     <span class='ocr_line' id='line_1_78' title="bbox 2241 3421 3813 3496; baseline 0.003 -20"><span class='ocrx_word' id='word_1_581' title='bbox 2241 3441 2326 3476; x_wconf 93' lang='grc' dir='ltr'><strong>ναι</strong></span> <span class='ocrx_word' id='word_1_582' title='bbox 2367 3421 2724 3488; x_wconf 79' lang='grc' dir='ltr'>σπουδάζουσι</span> <span class='ocrx_word' id='word_1_583' title='bbox 2762 3426 2860 3495; x_wconf 87' lang='grc' dir='ltr'><strong>τῆς</strong></span> <span class='ocrx_word' id='word_1_584' title='bbox 2910 3425 3322 3496; x_wconf 82' lang='grc' dir='ltr'>ἐπηγγελμένης</span> <span class='ocrx_word' id='word_1_585' title='bbox 3358 3428 3546 3493; x_wconf 82' lang='grc' dir='ltr'>αύτοῖς</span> <span class='ocrx_word' id='word_1_586' title='bbox 3591 3425 3813 3490; x_wconf 81' lang='grc' dir='ltr'>ἐλπίδος.</span> 
     </span>
    </p>
   </div>
   <div class='ocr_carea' id='block_1_79' title="bbox 2241 3513 3818 3584">
    <p class='ocr_par' dir='ltr' id='par_1_79' title="bbox 2241 3513 3818 3584">
     <span class='ocr_line' id='line_1_79' title="bbox 2241 3513 3818 3584; baseline 0.003 -18"><span class='ocrx_word' id='word_1_587' title='bbox 2241 3514 2335 3578; x_wconf 87' lang='grc' dir='ltr'>Ἦ,</span> <span class='ocrx_word' id='word_1_588' title='bbox 2387 3513 2527 3567; x_wconf 78' lang='grc' dir='ltr'>κατὰ</span> <span class='ocrx_word' id='word_1_589' title='bbox 2574 3515 2666 3567; x_wconf 85' lang='grc' dir='ltr'><strong>τὸν</strong></span> <span class='ocrx_word' id='word_1_590' title='bbox 2699 3513 3022 3584; x_wconf 86' lang='grc' dir='ltr'>Σύμμαχον,</span> <span class='ocrx_word' id='word_1_591' title='bbox 3069 3533 3087 3567; x_wconf 84' lang='grc' dir='ltr'><strong>ι</strong></span> <span class='ocrx_word' id='word_1_592' title='bbox 3135 3516 3551 3583; x_wconf 75' lang='grc' dir='ltr'>Διαλακτίζουσι</span> <span class='ocrx_word' id='word_1_593' title='bbox 3609 3517 3818 3580; x_wconf 81' lang='grc' dir='ltr'>τούτους</span> 
     </span>
    </p>
   </div>
   <div class='ocr_carea' id='block_1_80' title="bbox 2240 3603 3808 3682">
    <p class='ocr_par' dir='ltr' id='par_1_80' title="bbox 2240 3603 3808 3682">
     <span class='ocr_line' id='line_1_80' title="bbox 2240 3603 3808 3682; baseline 0.003 -27"><span class='ocrx_word' id='word_1_594' title='bbox 2240 3603 2437 3667; x_wconf 77' lang='grc' dir='ltr'>αὐτοὺς</span> <span class='ocrx_word' id='word_1_595' title='bbox 2487 3604 2811 3676; x_wconf 85' lang='grc' dir='ltr'>εύδοκήτους</span> <span class='ocrx_word' id='word_1_596' title='bbox 2855 3604 3012 3668; x_wconf 71' lang='grc' dir='ltr'>ὄντας</span> <span class='ocrx_word' id='word_1_597' title='bbox 3071 3606 3147 3670; x_wconf 84' lang='grc' dir='ltr'>ὼς</span> <span class='ocrx_word' id='word_1_598' title='bbox 3198 3607 3426 3680; x_wconf 80' lang='grc' dir='ltr'>δοκιμὴν</span> <span class='ocrx_word' id='word_1_599' title='bbox 3475 3610 3760 3682; x_wconf 81' lang='grc' dir='ltr'>ἀργυρίου.</span> <span class='ocrx_word' id='word_1_600' title='bbox 3791 3626 3808 3659; x_wconf 78' lang='grc' dir='ltr'><strong>ι</strong></span> 
     </span>
    </p>
   </div>
   <div class='ocr_carea' id='block_1_81' title="bbox 2243 3693 3814 3770">
    <p class='ocr_par' dir='ltr' id='par_1_81' title="bbox 2243 3693 3814 3770">
     <span class='ocr_line' id='line_1_81' title="bbox 2243 3693 3814 3770; baseline 0.003 -20"><span class='ocrx_word' id='word_1_601' title='bbox 2243 3699 2336 3750; x_wconf 83' lang='grc' dir='ltr'>’Ἰν’</span> <span class='ocrx_word' id='word_1_602' title='bbox 2365 3693 2456 3751; x_wconf 76' lang='grc' dir='ltr'><strong>οὖν</strong></span> <span class='ocrx_word' id='word_1_603' title='bbox 2489 3697 2562 3768; x_wconf 83' lang='grc' dir='ltr'>μὴ</span> <span class='ocrx_word' id='word_1_604' title='bbox 2598 3697 2844 3768; x_wconf 78' lang='grc' dir='ltr'>ἐμποδὼν</span> <span class='ocrx_word' id='word_1_605' title='bbox 2875 3698 3135 3767; x_wconf 85' lang='grc' dir='ltr'>γένωνται</span> <span class='ocrx_word' id='word_1_606' title='bbox 3184 3703 3296 3764; x_wconf 85' lang='grc' dir='ltr'>τοῖς</span> <span class='ocrx_word' id='word_1_607' title='bbox 3344 3702 3522 3770; x_wconf 81' lang='grc' dir='ltr'>ἁγίοις</span> <span class='ocrx_word' id='word_1_608' title='bbox 3554 3702 3652 3758; x_wconf 88' lang='grc' dir='ltr'><strong>τοῦ</strong></span> <span class='ocrx_word' id='word_1_609' title='bbox 3691 3699 3814 3756; x_wconf 85' lang='grc' dir='ltr'>Θεοῦ</span> 
     </span>
    </p>
   </div>
   <div class='ocr_carea' id='block_1_82' title="bbox 2239 3788 3812 3866">
    <p class='ocr_par' dir='ltr' id='par_1_82' title="bbox 2239 3788 3812 3866">
     <span class='ocr_line' id='line_1_82' title="bbox 2239 3788 3812 3866; baseline 0.001 -23"><span class='ocrx_word' id='word_1_610' title='bbox 2239 3791 2288 3844; x_wconf 81' lang='grc' dir='ltr'>οἱ</span> <span class='ocrx_word' id='word_1_611' title='bbox 2320 3788 2724 3862; x_wconf 80' lang='grc' dir='ltr'>προλεχθέντες,</span> <span class='ocrx_word' id='word_1_612' title='bbox 2770 3789 3081 3858; x_wconf 81' lang='grc' dir='ltr'>ἀναγκαίως</span> <span class='ocrx_word' id='word_1_613' title='bbox 3123 3792 3367 3863; x_wconf 74' lang='grc' dir='ltr'>εῐρηταιο</span> <span class='ocrx_word' id='word_1_614' title='bbox 3401 3812 3420 3844; x_wconf 80' lang='grc' dir='ltr'><strong>ι</strong></span> <span class='ocrx_word' id='word_1_615' title='bbox 3465 3795 3812 3866; x_wconf 84' lang='grc' dir='ltr'>Ἐπιτίμησον</span> 
     </span>
    </p>
   </div>
   <div class='ocr_carea' id='block_1_83' title="bbox 2238 3880 3813 3958">
    <p class='ocr_par' dir='ltr' id='par_1_83' title="bbox 2238 3880 3813 3958">
     <span class='ocr_line' id='line_1_83' title="bbox 2238 3880 3813 3958; baseline 0.003 -24"><span class='ocrx_word' id='word_1_616' title='bbox 2238 3883 2348 3944; x_wconf 91' lang='grc' dir='ltr'>τοῖς</span> <span class='ocrx_word' id='word_1_617' title='bbox 2379 3880 2588 3952; x_wconf 85' lang='grc' dir='ltr'>θηρίοις</span> <span class='ocrx_word' id='word_1_618' title='bbox 2615 3881 2710 3934; x_wconf 87' lang='grc' dir='ltr'><strong>τοῦ</strong></span> <span class='ocrx_word' id='word_1_619' title='bbox 2743 3881 3013 3952; x_wconf 87' lang='grc' dir='ltr'>καλάμου,</span> <span class='ocrx_word' id='word_1_620' title='bbox 3060 3882 3093 3953; x_wconf 76' lang='grc' dir='ltr'>ἡ</span> <span class='ocrx_word' id='word_1_621' title='bbox 3145 3885 3433 3956; x_wconf 82' lang='grc' dir='ltr'>συναγωγὴ</span> <span class='ocrx_word' id='word_1_622' title='bbox 3467 3887 3579 3940; x_wconf 84' lang='grc' dir='ltr'>τῶν</span> <span class='ocrx_word' id='word_1_623' title='bbox 3608 3886 3813 3958; x_wconf 88' lang='grc' dir='ltr'>ταύρων</span> 
     </span>
    </p>
   </div>
   <div class='ocr_carea' id='block_1_84' title="bbox 2241 3972 3812 4049">
    <p class='ocr_par' dir='ltr' id='par_1_84' title="bbox 2241 3972 3812 4049">
     <span class='ocr_line' id='line_1_84' title="bbox 2241 3972 3812 4049; baseline 0.003 -25"><span class='ocrx_word' id='word_1_624' title='bbox 2241 3973 2298 4024; x_wconf 87' lang='grc' dir='ltr'><strong>ἐν</strong></span> <span class='ocrx_word' id='word_1_625' title='bbox 2338 3975 2458 4036; x_wconf 90' lang='grc' dir='ltr'>ταῖς</span> <span class='ocrx_word' id='word_1_626' title='bbox 2496 3972 2758 4044; x_wconf 90' lang='grc' dir='ltr'>δαμάλεσι</span> <span class='ocrx_word' id='word_1_627' title='bbox 2802 3972 2910 4026; x_wconf 85' lang='grc' dir='ltr'><strong>τῶν</strong></span> <span class='ocrx_word' id='word_1_628' title='bbox 2943 3973 3106 4028; x_wconf 88' lang='grc' dir='ltr'>λαῶν.</span> <span class='ocrx_word' id='word_1_629' title='bbox 3153 3993 3172 4027; x_wconf 72' lang='grc' dir='ltr'><strong>ι</strong></span> <span class='ocrx_word' id='word_1_630' title='bbox 3209 3977 3318 4030; x_wconf 73' lang='grc' dir='ltr'>Καὶ</span> <span class='ocrx_word' id='word_1_631' title='bbox 3364 3975 3539 4042; x_wconf 76' lang='grc' dir='ltr'>ἄλλως</span> <span class='ocrx_word' id='word_1_632' title='bbox 3591 3977 3812 4049; x_wconf 85' lang='grc' dir='ltr'>ταύρους</span> 
     </span>
    </p>
   </div>
   <div class='ocr_carea' id='block_1_85' title="bbox 2239 4067 3811 4143">
    <p class='ocr_par' dir='ltr' id='par_1_85' title="bbox 2239 4067 3811 4143">
     <span class='ocr_line' id='line_1_85' title="bbox 2239 4067 3811 4143; baseline 0.004 -24"><span class='ocrx_word' id='word_1_633' title='bbox 2239 4068 2450 4138; x_wconf 78' lang='grc' dir='ltr'>νοήσεις</span> <span class='ocrx_word' id='word_1_634' title='bbox 2478 4067 2603 4132; x_wconf 72' lang='grc' dir='ltr'>τοὺς</span> <span class='ocrx_word' id='word_1_635' title='bbox 2637 4067 2901 4122; x_wconf 85' lang='grc' dir='ltr'>Ἰουδαίων</span> <span class='ocrx_word' id='word_1_636' title='bbox 2937 4068 3236 4140; x_wconf 73' lang='grc' dir='ltr'>ἄρχοντας’</span> <span class='ocrx_word' id='word_1_637' title='bbox 3272 4072 3534 4143; x_wconf 90' lang='grc' dir='ltr'>δαμάλεις</span> <span class='ocrx_word' id='word_1_638' title='bbox 3559 4075 3626 4128; x_wconf 85' lang='grc' dir='ltr'><strong>δὲ·</strong></span> <span class='ocrx_word' id='word_1_639' title='bbox 3643 4071 3811 4128; x_wconf 77' lang='grc' dir='ltr'>αὐτῶν</span> 
     </span>
    </p>
   </div>
   <div class='ocr_carea' id='block_1_86' title="bbox 2237 4159 3811 4232">
    <p class='ocr_par' dir='ltr' id='par_1_86' title="bbox 2237 4159 3811 4232">
     <span class='ocr_line' id='line_1_86' title="bbox 2237 4159 3811 4232; baseline 0.005 -21"><span class='ocrx_word' id='word_1_640' title='bbox 2237 4159 2336 4223; x_wconf 78' lang='grc' dir='ltr'>τὰς</span> <span class='ocrx_word' id='word_1_641' title='bbox 2374 4159 2479 4212; x_wconf 82' lang='grc' dir='ltr'>ὑπὸ</span> <span class='ocrx_word' id='word_1_642' title='bbox 2521 4160 2741 4225; x_wconf 88' lang='grc' dir='ltr'>τούτους</span> <span class='ocrx_word' id='word_1_643' title='bbox 2783 4162 3105 4232; x_wconf 87' lang='grc' dir='ltr'>συναγωγὰς</span> <span class='ocrx_word' id='word_1_644' title='bbox 3158 4165 3250 4218; x_wconf 80' lang='grc' dir='ltr'>καὶ</span> <span class='ocrx_word' id='word_1_645' title='bbox 3312 4167 3438 4231; x_wconf 81' lang='grc' dir='ltr'>τοὺς</span> <span class='ocrx_word' id='word_1_646' title='bbox 3485 4167 3654 4232; x_wconf 78' lang='grc' dir='ltr'>λαοὺς</span> <span class='ocrx_word' id='word_1_647' title='bbox 3695 4165 3811 4228; x_wconf 79' lang='grc' dir='ltr'>τοὺς</span> 
     </span>
    </p>
   </div>
   <div class='ocr_carea' id='block_1_87' title="bbox 2239 4253 3805 4330">
    <p class='ocr_par' dir='ltr' id='par_1_87' title="bbox 2239 4253 3805 4330">
     <span class='ocr_line' id='line_1_87' title="bbox 2239 4253 3805 4330; baseline 0.002 -24"><span class='ocrx_word' id='word_1_648' title='bbox 2239 4253 2629 4316; x_wconf 86' lang='grc' dir='ltr'>ἐπισυστάντας</span> <span class='ocrx_word' id='word_1_649' title='bbox 2679 4253 2818 4308; x_wconf 83' lang='grc' dir='ltr'>κατὰ</span> <span class='ocrx_word' id='word_1_650' title='bbox 2862 4254 2924 4307; x_wconf 84' lang='grc' dir='ltr'>τὸ</span> <span class='ocrx_word' id='word_1_651' title='bbox 2975 4254 3145 4319; x_wconf 86' lang='grc' dir='ltr'>πάθος</span> <span class='ocrx_word' id='word_1_652' title='bbox 3198 4255 3294 4310; x_wconf 88' lang='grc' dir='ltr'><strong>τοῦ</strong></span> <span class='ocrx_word' id='word_1_653' title='bbox 3341 4258 3598 4330; x_wconf 87' lang='grc' dir='ltr'>Σωτῆρος</span> <span class='ocrx_word' id='word_1_654' title='bbox 3637 4256 3805 4330; x_wconf 81' lang='grc' dir='ltr'>ἡμῶν.</span> 
     </span>
    </p>
   </div>
   <div class='ocr_carea' id='block_1_88' title="bbox 2239 4340 3808 4417">
    <p class='ocr_par' dir='ltr' id='par_1_88' title="bbox 2239 4340 3808 4417">
     <span class='ocr_line' id='line_1_88' title="bbox 2239 4340 3808 4417; baseline 0.003 -23"><span class='ocrx_word' id='word_1_655' title='bbox 2239 4341 2520 4412; x_wconf 84' lang='grc' dir='ltr'>Μαρτυρεῖ</span> <span class='ocrx_word' id='word_1_656' title='bbox 2542 4341 2598 4394; x_wconf 86' lang='grc' dir='ltr'>δὲ</span> <span class='ocrx_word' id='word_1_657' title='bbox 2622 4340 2700 4412; x_wconf 87' lang='grc' dir='ltr'>τῷ</span> <span class='ocrx_word' id='word_1_658' title='bbox 2734 4340 2876 4413; x_wconf 87' lang='grc' dir='ltr'>λόγῳ</span> <span class='ocrx_word' id='word_1_659' title='bbox 2903 4344 2936 4414; x_wconf 83' lang='grc' dir='ltr'><strong>ἡ</strong></span> <span class='ocrx_word' id='word_1_660' title='bbox 2970 4343 3030 4408; x_wconf 82' lang='grc' dir='ltr'>ἐξ</span> <span class='ocrx_word' id='word_1_661' title='bbox 3055 4343 3218 4397; x_wconf 81' lang='grc' dir='ltr'>αὑτοῦ</span> <span class='ocrx_word' id='word_1_662' title='bbox 3253 4345 3545 4417; x_wconf 84' lang='grc' dir='ltr'>προσώπου</span> <span class='ocrx_word' id='word_1_663' title='bbox 3575 4347 3671 4402; x_wconf 90' lang='grc' dir='ltr'><strong>τοῦ</strong></span> <span class='ocrx_word' id='word_1_664' title='bbox 3705 4345 3808 4398; x_wconf 85' lang='grc' dir='ltr'>Σω-</span> 
     </span>
    </p>
   </div>
   <div class='ocr_carea' id='block_1_89' title="bbox 565 4423 2138 4514">
    <p class='ocr_par' dir='ltr' id='par_1_89' title="bbox 565 4439 2131 4514">
     <span class='ocr_line' id='line_1_89' title="bbox 565 4439 2131 4514; baseline 0.003 -20"><span class='ocrx_word' id='word_1_665' title='bbox 565 4440 786 4494; x_wconf 88' lang='lat' dir='ltr'><strong>dicabat</strong></span> <span class='ocrx_word' id='word_1_666' title='bbox 811 4439 1086 4511; x_wconf 89' lang='lat' dir='ltr'><strong>principes</strong></span> <span class='ocrx_word' id='word_1_667' title='bbox 1126 4440 1340 4498; x_wconf 83' lang='lat' dir='ltr'><strong>Judaici</strong></span> <span class='ocrx_word' id='word_1_668' title='bbox 1382 4445 1592 4514; x_wconf 89' lang='lat' dir='ltr'><strong>populi,</strong></span> <span class='ocrx_word' id='word_1_669' title='bbox 1633 4459 1846 4499; x_wconf 88' lang='lat' dir='ltr'><strong>necnon</strong></span> <span class='ocrx_word' id='word_1_670' title='bbox 1882 4445 2131 4498; x_wconf 88' lang='lat' dir='ltr'><strong>multitu-</strong></span> 
     </span>
    </p>
   </div>
   <div class='ocr_carea' id='block_1_90' title="bbox 2240 4423 3806 4514">
    <p class='ocr_par' dir='ltr' id='par_1_90' title="bbox 2240 4431 3806 4506">
     <span class='ocr_line' id='line_1_90' title="bbox 2240 4431 3806 4506; baseline 0.007 -22"><span class='ocrx_word' id='word_1_671' title='bbox 2240 4431 2402 4502; x_wconf 88' lang='grc' dir='ltr'>τῆρος</span> <span class='ocrx_word' id='word_1_672' title='bbox 2431 4433 2487 4484; x_wconf 83' lang='grc' dir='ltr'>ὲν</span> <span class='ocrx_word' id='word_1_673' title='bbox 2511 4439 2592 4486; x_wconf 88' lang='grc' dir='ltr'>κα’</span> <span class='ocrx_word' id='word_1_674' title='bbox 2620 4432 2818 4504; x_wconf 75' lang='grc' dir='ltr'>ψαλμῷ</span> <span class='ocrx_word' id='word_1_675' title='bbox 2846 4434 2996 4506; x_wconf 83' lang='grc' dir='ltr'>φωνὴ</span> <span class='ocrx_word' id='word_1_676' title='bbox 3023 4435 3333 4504; x_wconf 78' lang='grc' dir='ltr'>φάσκουσα’</span> <span class='ocrx_word' id='word_1_677' title='bbox 3368 4456 3388 4490; x_wconf 79' lang='grc' dir='ltr'><strong>ι</strong></span> <span class='ocrx_word' id='word_1_678' title='bbox 3422 4440 3542 4493; x_wconf 88' lang='grc' dir='ltr'>Ὅτι</span> <span class='ocrx_word' id='word_1_679' title='bbox 3577 4439 3806 4495; x_wconf 76' lang='grc' dir='ltr'>ἐκύκλω-</span> 
     </span>
    </p>
   </div>
   <div class='ocr_carea' id='block_1_91' title="bbox 563 4531 2134 4606">
    <p class='ocr_par' dir='ltr' id='par_1_91' title="bbox 563 4531 2134 4606">
     <span class='ocr_line' id='line_1_91' title="bbox 563 4531 2134 4606; baseline 0.003 -20"><span class='ocrx_word' id='word_1_680' title='bbox 563 4531 747 4587; x_wconf 91' lang='lat' dir='ltr'><strong>dinem</strong></span> <span class='ocrx_word' id='word_1_681' title='bbox 804 4533 939 4605; x_wconf 83' lang='lat' dir='ltr'><strong>ipsis</strong></span> <span class='ocrx_word' id='word_1_682' title='bbox 987 4533 1262 4590; x_wconf 88' lang='lat' dir='ltr'><strong>subditam</strong></span> <span class='ocrx_word' id='word_1_683' title='bbox 1315 4549 1436 4606; x_wconf 66' lang='lat' dir='ltr'><strong>quae</strong></span> <span class='ocrx_word' id='word_1_684' title='bbox 1487 4535 1778 4592; x_wconf 78' lang='lat' dir='ltr'><strong>adversum</strong></span> <span class='ocrx_word' id='word_1_685' title='bbox 1840 4551 1899 4592; x_wconf 87' lang='lat' dir='ltr'><strong>sc</strong></span> <span class='ocrx_word' id='word_1_686' title='bbox 1947 4536 2134 4591; x_wconf 82' lang='lat' dir='ltr'><strong>insur-</strong></span> 
     </span>
    </p>
   </div>
   <div class='ocr_carea' id='block_1_92' title="bbox 564 4626 727 4682">
    <p class='ocr_par' dir='ltr' id='par_1_92' title="bbox 564 4626 727 4682">
     <span class='ocr_line' id='line_1_92' title="bbox 564 4626 727 4682; baseline 0.018 -3"><span class='ocrx_word' id='word_1_687' title='bbox 564 4626 727 4682; x_wconf 76' lang='lat' dir='ltr'><strong>rexit.</strong></span> 
     </span>
    </p>
   </div>
   <div class='ocr_carea' id='block_1_93' title="bbox 640 4870 2134 4958">
    <p class='ocr_par' dir='ltr' id='par_1_93' title="bbox 640 4870 2134 4958">
     <span class='ocr_line' id='line_1_93' title="bbox 640 4870 2134 4958; baseline 0.009 -27"><span class='ocrx_word' id='word_1_688' title='bbox 640 4878 899 4951; x_wconf 64' lang='lat' dir='ltr'><strong>«Dissipa</strong></span> <span class='ocrx_word' id='word_1_689' title='bbox 939 4887 1130 4952; x_wconf 82' lang='lat' dir='ltr'><strong>gentes</strong></span> <span class='ocrx_word' id='word_1_690' title='bbox 1174 4870 1469 4952; x_wconf 55' lang='lat' dir='ltr'><strong>quae&#39;bella</strong></span> <span class='ocrx_word' id='word_1_691' title='bbox 1510 4884 1754 4939; x_wconf 57' lang='lat' dir='ltr'><strong>volunta</strong></span> <span class='ocrx_word' id='word_1_692' title='bbox 1799 4884 1931 4952; x_wconf 70' lang='lat' dir='ltr'><strong>Quae</strong></span> <span class='ocrx_word' id='word_1_693' title='bbox 1968 4903 2134 4958; x_wconf 83' lang='lat' dir='ltr'><strong>supe-</strong></span> 
     </span>
    </p>
   </div>
   <div class='ocr_carea' id='block_1_94' title="bbox 562 4970 2135 5048">
    <p class='ocr_par' dir='ltr' id='par_1_94' title="bbox 562 4970 2135 5048">
     <span class='ocr_line' id='line_1_94' title="bbox 562 4970 2135 5048; baseline 0.004 -21"><span class='ocrx_word' id='word_1_694' title='bbox 562 4971 681 5029; x_wconf 90' lang='lat' dir='ltr'><strong>rius</strong></span> <span class='ocrx_word' id='word_1_695' title='bbox 710 4970 984 5037; x_wconf 89' lang='lat' dir='ltr'><strong>l&#39;eruntur,</strong></span> <span class='ocrx_word' id='word_1_696' title='bbox 1029 4973 1098 5028; x_wconf 91' lang='lat' dir='ltr'><strong>de</strong></span> <span class='ocrx_word' id='word_1_697' title='bbox 1149 4973 1484 5032; x_wconf 86' lang='lat' dir='ltr'><strong>adversariis</strong></span> <span class='ocrx_word' id='word_1_698' title='bbox 1533 4977 1904 5048; x_wconf 89' lang='lat' dir='ltr'><strong>potestatibus</strong></span> <span class='ocrx_word' id='word_1_699' title='bbox 1960 4987 2014 5035; x_wconf 91' lang='lat' dir='ltr'><strong>et</strong></span> <span class='ocrx_word' id='word_1_700' title='bbox 2065 4979 2135 5034; x_wconf 92' lang='lat' dir='ltr'><strong>de</strong></span> 
     </span>
    </p>
   </div>
   <div class='ocr_carea' id='block_1_95' title="bbox 561 5064 2136 5136">
    <p class='ocr_par' dir='ltr' id='par_1_95' title="bbox 561 5064 2136 5136">
     <span class='ocr_line' id='line_1_95' title="bbox 561 5064 2136 5136; baseline 0.005 -18"><span class='ocrx_word' id='word_1_701' title='bbox 561 5064 902 5136; x_wconf 85' lang='lat' dir='ltr'><strong>principibus</strong></span> <span class='ocrx_word' id='word_1_702' title='bbox 932 5064 1248 5123; x_wconf 65' lang='lat' dir='ltr'><strong>Iudaeorum</strong></span> <span class='ocrx_word' id='word_1_703' title='bbox 1312 5078 1569 5124; x_wconf 83' lang='lat' dir='ltr'><strong>enarrata</strong></span> <span class='ocrx_word' id='word_1_704' title='bbox 1613 5077 1782 5126; x_wconf 88' lang='lat' dir='ltr'><strong>sunt:</strong></span> <span class='ocrx_word' id='word_1_705' title='bbox 1835 5069 1954 5126; x_wconf 70' lang='lat' dir='ltr'><strong>hrec</strong></span> <span class='ocrx_word' id='word_1_706' title='bbox 2005 5086 2136 5126; x_wconf 88' lang='lat' dir='ltr'><strong>vero</strong></span> 
     </span>
    </p>
   </div>
   <div class='ocr_carea' id='block_1_96' title="bbox 563 5155 2134 5231">
    <p class='ocr_par' dir='ltr' id='par_1_96' title="bbox 563 5155 2134 5231">
     <span class='ocr_line' id='line_1_96' title="bbox 563 5155 2134 5231; baseline 0.003 -22"><span class='ocrx_word' id='word_1_707' title='bbox 563 5155 632 5210; x_wconf 89' lang='lat' dir='ltr'><strong>de</strong></span> <span class='ocrx_word' id='word_1_708' title='bbox 663 5155 902 5213; x_wconf 88' lang='lat' dir='ltr'><strong>inimicis</strong></span> <span class='ocrx_word' id='word_1_709' title='bbox 944 5155 1203 5214; x_wconf 66' lang='lat' dir='ltr'><strong>Ecclesiae</strong></span> <span class='ocrx_word' id='word_1_710' title='bbox 1249 5173 1315 5214; x_wconf 84' lang='lat' dir='ltr'><strong>ex</strong></span> <span class='ocrx_word' id='word_1_711' title='bbox 1353 5158 1688 5230; x_wconf 85' lang='lat' dir='ltr'><strong>reliquarum</strong></span> <span class='ocrx_word' id='word_1_712' title='bbox 1739 5161 1984 5231; x_wconf 88' lang='lat' dir='ltr'><strong>gentium</strong></span> <span class='ocrx_word' id='word_1_713' title='bbox 2030 5178 2134 5216; x_wconf 89' lang='lat' dir='ltr'><strong>nu-</strong></span> 
     </span>
    </p>
   </div>
   <div class='ocr_carea' id='block_1_97' title="bbox 562 5246 2130 5321">
    <p class='ocr_par' dir='ltr' id='par_1_97' title="bbox 562 5246 2130 5321">
     <span class='ocr_line' id='line_1_97' title="bbox 562 5246 2130 5321; baseline 0.001 -15"><span class='ocrx_word' id='word_1_714' title='bbox 562 5263 733 5306; x_wconf 90' lang='lat' dir='ltr'><strong>mero.</strong></span> <span class='ocrx_word' id='word_1_715' title='bbox 773 5246 1123 5320; x_wconf 83' lang='lat' dir='ltr'><strong>Prospiciens</strong></span> <span class='ocrx_word' id='word_1_716' title='bbox 1158 5265 1394 5320; x_wconf 87' lang='lat' dir='ltr'><strong>namque</strong></span> <span class='ocrx_word' id='word_1_717' title='bbox 1427 5249 1666 5321; x_wconf 86' lang='lat' dir='ltr'><strong>Spiritus</strong></span> <span class='ocrx_word' id='word_1_718' title='bbox 1695 5259 1922 5308; x_wconf 84' lang='lat' dir='ltr'><strong>sanctus</strong></span> <span class='ocrx_word' id='word_1_719' title='bbox 1949 5267 2045 5308; x_wconf 91' lang='lat' dir='ltr'><strong>eos</strong></span> <span class='ocrx_word' id='word_1_720' title='bbox 2064 5268 2130 5307; x_wconf 82' lang='lat' dir='ltr'><strong>ex</strong></span> 
     </span>
    </p>
   </div>
   <div class='ocr_carea' id='block_1_98' title="bbox 560 5338 2130 5412">
    <p class='ocr_par' dir='ltr' id='par_1_98' title="bbox 560 5338 2130 5412">
     <span class='ocr_line' id='line_1_98' title="bbox 560 5338 2130 5412; baseline 0.001 -18"><span class='ocrx_word' id='word_1_721' title='bbox 560 5338 814 5410; x_wconf 80' lang='lat' dir='ltr'><strong>gentibus</strong></span> <span class='ocrx_word' id='word_1_722' title='bbox 839 5339 933 5409; x_wconf 90' lang='lat' dir='ltr'><strong>qui</strong></span> <span class='ocrx_word' id='word_1_723' title='bbox 969 5339 1024 5393; x_wconf 93' lang='lat' dir='ltr'><strong>in</strong></span> <span class='ocrx_word' id='word_1_724' title='bbox 1072 5339 1461 5396; x_wconf 86' lang='lat' dir='ltr'><strong>incredulitate</strong></span> <span class='ocrx_word' id='word_1_725' title='bbox 1507 5342 1909 5412; x_wconf 87' lang='lat' dir='ltr'><strong>perseveraturi</strong></span> <span class='ocrx_word' id='word_1_726' title='bbox 1949 5351 2130 5408; x_wconf 89' lang='lat' dir='ltr'><strong>erant,</strong></span> 
     </span>
    </p>
   </div>
   <div class='ocr_carea' id='block_1_99' title="bbox 561 5429 2131 5503">
    <p class='ocr_par' dir='ltr' id='par_1_99' title="bbox 561 5429 2131 5503">
     <span class='ocr_line' id='line_1_99' title="bbox 561 5429 2131 5503; baseline 0.004 -19"><span class='ocrx_word' id='word_1_727' title='bbox 561 5430 828 5487; x_wconf 85' lang='lat' dir='ltr'><strong>adversus</strong></span> <span class='ocrx_word' id='word_1_728' title='bbox 855 5429 1044 5486; x_wconf 81' lang='lat' dir='ltr'><strong>ﬁdeles</strong></span> <span class='ocrx_word' id='word_1_729' title='bbox 1065 5431 1206 5486; x_wconf 89' lang='lat' dir='ltr'><strong>bella</strong></span> <span class='ocrx_word' id='word_1_730' title='bbox 1228 5440 1284 5487; x_wconf 91' lang='lat' dir='ltr'><strong>et</strong></span> <span class='ocrx_word' id='word_1_731' title='bbox 1311 5435 1721 5503; x_wconf 88' lang='lat' dir='ltr'><strong>persecutiones</strong></span> <span class='ocrx_word' id='word_1_732' title='bbox 1737 5443 1984 5490; x_wconf 86' lang='lat' dir='ltr'><strong>moturos</strong></span> <span class='ocrx_word' id='word_1_733' title='bbox 2008 5450 2131 5492; x_wconf 91' lang='lat' dir='ltr'><strong>esse</strong></span> 
     </span>
    </p>
   </div>
   <div class='ocr_carea' id='block_1_100' title="bbox 560 5520 2130 5583">
    <p class='ocr_par' dir='ltr' id='par_1_100' title="bbox 560 5520 2130 5583">
     <span class='ocr_line' id='line_1_100' title="bbox 560 5520 2130 5583; baseline 0.004 -8"><span class='ocrx_word' id='word_1_734' title='bbox 560 5530 754 5576; x_wconf 88' lang='lat' dir='ltr'><strong>contra</strong></span> <span class='ocrx_word' id='word_1_735' title='bbox 795 5520 1102 5578; x_wconf 86' lang='lat' dir='ltr'><strong>Ecclesiam</strong></span> <span class='ocrx_word' id='word_1_736' title='bbox 1143 5521 1262 5581; x_wconf 87' lang='lat' dir='ltr'><strong>Dei.</strong></span> <span class='ocrx_word' id='word_1_737' title='bbox 1311 5525 1630 5580; x_wconf 88' lang='lat' dir='ltr'><strong>necessario</strong></span> <span class='ocrx_word' id='word_1_738' title='bbox 1681 5525 1784 5581; x_wconf 88' lang='lat' dir='ltr'><strong>hac</strong></span> <span class='ocrx_word' id='word_1_739' title='bbox 1830 5526 1898 5582; x_wconf 92' lang='lat' dir='ltr'><strong>de</strong></span> <span class='ocrx_word' id='word_1_740' title='bbox 1941 5541 2002 5582; x_wconf 89' lang='lat' dir='ltr'><strong>re</strong></span> <span class='ocrx_word' id='word_1_741' title='bbox 2047 5527 2130 5583; x_wconf 90' lang='lat' dir='ltr'><strong>sic</strong></span> 
     </span>
    </p>
   </div>
   <div class='ocr_carea' id='block_1_101' title="bbox 560 5612 2129 5687">
    <p class='ocr_par' dir='ltr' id='par_1_101' title="bbox 560 5612 2129 5687">
     <span class='ocr_line' id='line_1_101' title="bbox 560 5612 2129 5687; baseline 0.004 -20"><span class='ocrx_word' id='word_1_742' title='bbox 560 5622 817 5683; x_wconf 88' lang='lat' dir='ltr'><strong>precatur</strong></span> <span class='ocrx_word' id='word_1_743' title='bbox 854 5632 869 5670; x_wconf 88' lang='lat'><strong>:</strong></span> <span class='ocrx_word' id='word_1_744' title='bbox 909 5631 928 5668; x_wconf 84' lang='grc' dir='ltr'><strong>ι</strong></span> <span class='ocrx_word' id='word_1_745' title='bbox 946 5612 1165 5686; x_wconf 85' lang='lat' dir='ltr'><strong>Dissipa</strong></span> <span class='ocrx_word' id='word_1_746' title='bbox 1193 5623 1385 5684; x_wconf 86' lang='lat' dir='ltr'><strong>gentes</strong></span> <span class='ocrx_word' id='word_1_747' title='bbox 1412 5631 1534 5687; x_wconf 72' lang='lat' dir='ltr'><strong>qua:</strong></span> <span class='ocrx_word' id='word_1_748' title='bbox 1562 5615 1703 5672; x_wconf 88' lang='lat' dir='ltr'><strong>bella</strong></span> <span class='ocrx_word' id='word_1_749' title='bbox 1731 5618 1974 5672; x_wconf 63' lang='lat' dir='ltr'><strong>volunt.»</strong></span> <span class='ocrx_word' id='word_1_750' title='bbox 2031 5617 2129 5674; x_wconf 85' lang='lat' dir='ltr'><strong>His</strong></span> 
     </span>
    </p>
   </div>
   <div class='ocr_carea' id='block_1_102' title="bbox 560 5705 2127 5788">
    <p class='ocr_par' dir='ltr' id='par_1_102' title="bbox 560 5705 2127 5788">
     <span class='ocr_line' id='line_1_102' title="bbox 560 5705 2127 5788; baseline 0.003 -26"><span class='ocrx_word' id='word_1_751' title='bbox 560 5720 801 5788; x_wconf 71' lang='lat' dir='ltr'><strong>namque</strong></span> <span class='ocrx_word' id='word_1_752' title='bbox 829 5705 1138 5778; x_wconf 82' lang='lat' dir='ltr'><strong>dissipatis,</strong></span> <span class='ocrx_word' id='word_1_753' title='bbox 1177 5707 1353 5779; x_wconf 81' lang='lat' dir='ltr'><strong>gratia</strong></span> <span class='ocrx_word' id='word_1_754' title='bbox 1384 5709 1699 5780; x_wconf 78' lang='lat' dir='ltr'><strong>evangelica</strong></span> <span class='ocrx_word' id='word_1_755' title='bbox 1747 5709 1926 5766; x_wconf 86' lang='lat' dir='ltr'><strong>locum</strong></span> <span class='ocrx_word' id='word_1_756' title='bbox 1955 5709 2127 5767; x_wconf 87' lang='lat' dir='ltr'><strong>babe-</strong></span> 
     </span>
    </p>
   </div>
   <div class='ocr_carea' id='block_1_103' title="bbox 2237 4521 3804 4602">
    <p class='ocr_par' dir='ltr' id='par_1_103' title="bbox 2237 4521 3804 4602">
     <span class='ocr_line' id='line_1_103' title="bbox 2237 4521 3804 4602; baseline 0.003 -27"><span class='ocrx_word' id='word_1_757' title='bbox 2237 4521 2334 4576; x_wconf 85' lang='grc' dir='ltr'><strong>σάν</strong></span> <span class='ocrx_word' id='word_1_758' title='bbox 2377 4539 2443 4593; x_wconf 89' lang='grc' dir='ltr'><strong>με</strong></span> <span class='ocrx_word' id='word_1_759' title='bbox 2491 4523 2678 4594; x_wconf 87' lang='grc' dir='ltr'>μόσχοι</span> <span class='ocrx_word' id='word_1_760' title='bbox 2721 4523 2924 4590; x_wconf 77' lang='grc' dir='ltr'>πολλοὶ,</span> <span class='ocrx_word' id='word_1_761' title='bbox 2974 4524 3164 4598; x_wconf 91' lang='grc' dir='ltr'>ταῦροι</span> <span class='ocrx_word' id='word_1_762' title='bbox 3198 4528 3382 4592; x_wconf 89' lang='grc' dir='ltr'>πίονες</span> <span class='ocrx_word' id='word_1_763' title='bbox 3405 4531 3695 4602; x_wconf 85' lang='grc' dir='ltr'>περιέσχον</span> <span class='ocrx_word' id='word_1_764' title='bbox 3723 4544 3804 4600; x_wconf 73' lang='grc' dir='ltr'>με.</span> 
     </span>
    </p>
   </div>
   <div class='ocr_carea' id='block_1_104' title="bbox 2238 4613 3804 4694">
    <p class='ocr_par' dir='ltr' id='par_1_104' title="bbox 2238 4613 3804 4694">
     <span class='ocr_line' id='line_1_104' title="bbox 2238 4613 3804 4694; baseline 0.004 -29"><span class='ocrx_word' id='word_1_765' title='bbox 2238 4613 2490 4680; x_wconf 76' lang='grc' dir='ltr'>Ἤνοιξαν</span> <span class='ocrx_word' id='word_1_766' title='bbox 2516 4615 2604 4667; x_wconf 76' lang='grc' dir='ltr'>ἐπ’</span> <span class='ocrx_word' id='word_1_767' title='bbox 2632 4614 2734 4686; x_wconf 82' lang='grc' dir='ltr'><strong>ἐμὲ</strong></span> <span class='ocrx_word' id='word_1_768' title='bbox 2765 4614 2826 4668; x_wconf 84' lang='grc' dir='ltr'><strong>τὸ</strong></span> <span class='ocrx_word' id='word_1_769' title='bbox 2854 4615 3029 4687; x_wconf 87' lang='grc' dir='ltr'>στόμα</span> <span class='ocrx_word' id='word_1_770' title='bbox 3061 4617 3261 4674; x_wconf 80' lang='grc' dir='ltr'>αὐτῶν.</span> <span class='ocrx_word' id='word_1_771' title='bbox 3295 4637 3315 4672; x_wconf 73' lang='grc' dir='ltr'><strong>ι</strong></span> <span class='ocrx_word' id='word_1_772' title='bbox 3347 4621 3426 4672; x_wconf 87' lang='grc' dir='ltr'><strong>Δι’</strong></span> <span class='ocrx_word' id='word_1_773' title='bbox 3461 4615 3537 4674; x_wconf 84' lang='grc' dir='ltr'>ὧν</span> <span class='ocrx_word' id='word_1_774' title='bbox 3575 4622 3804 4694; x_wconf 72' lang='grc' dir='ltr'>ᾐνίττετο</span> 
     </span>
    </p>
   </div>
   <div class='ocr_carea' id='block_1_105' title="bbox 2233 4706 3805 4777">
    <p class='ocr_par' dir='ltr' id='par_1_105' title="bbox 2233 4706 3805 4777">
     <span class='ocr_line' id='line_1_105' title="bbox 2233 4706 3805 4777; baseline 0.004 -19"><span class='ocrx_word' id='word_1_775' title='bbox 2233 4706 2358 4770; x_wconf 78' lang='grc' dir='ltr'>τοὺς</span> <span class='ocrx_word' id='word_1_776' title='bbox 2384 4706 2650 4777; x_wconf 77' lang='grc' dir='ltr'>ἄρχοντας</span> <span class='ocrx_word' id='word_1_777' title='bbox 2674 4706 2768 4760; x_wconf 88' lang='grc' dir='ltr'><strong>τοῦ</strong></span> <span class='ocrx_word' id='word_1_778' title='bbox 2794 4707 3066 4762; x_wconf 85' lang='grc' dir='ltr'>Ἰουδαίων</span> <span class='ocrx_word' id='word_1_779' title='bbox 3087 4709 3216 4763; x_wconf 92' lang='grc' dir='ltr'>λαοῦ</span> <span class='ocrx_word' id='word_1_780' title='bbox 3256 4711 3352 4765; x_wconf 72' lang='grc' dir='ltr'><strong>καὶ</strong></span> <span class='ocrx_word' id='word_1_781' title='bbox 3385 4711 3456 4766; x_wconf 82' lang='grc' dir='ltr'>τὰ</span> <span class='ocrx_word' id='word_1_782' title='bbox 3485 4712 3578 4768; x_wconf 80' lang='grc' dir='ltr'>ὑπ’</span> <span class='ocrx_word' id='word_1_783' title='bbox 3621 4711 3805 4774; x_wconf 81' lang='grc' dir='ltr'>αὐτοὺς</span> 
     </span>
    </p>
   </div>
   <div class='ocr_carea' id='block_1_106' title="bbox 2237 4795 3261 4868">
    <p class='ocr_par' dir='ltr' id='par_1_106' title="bbox 2237 4795 3261 4868">
     <span class='ocr_line' id='line_1_106' title="bbox 2237 4795 3261 4868; baseline 0.008 -20"><span class='ocrx_word' id='word_1_784' title='bbox 2237 4795 2414 4868; x_wconf 86' lang='grc' dir='ltr'>πλήθη</span> <span class='ocrx_word' id='word_1_785' title='bbox 2440 4797 2510 4850; x_wconf 80' lang='grc' dir='ltr'><strong>τά</strong></span> <span class='ocrx_word' id='word_1_786' title='bbox 2537 4798 2899 4853; x_wconf 86' lang='grc' dir='ltr'>ἐπισυστάντα</span> <span class='ocrx_word' id='word_1_787' title='bbox 2928 4803 3048 4854; x_wconf 82' lang='grc' dir='ltr'>κατ’</span> <span class='ocrx_word' id='word_1_788' title='bbox 3075 4801 3261 4858; x_wconf 82' lang='grc' dir='ltr'>αὑτοῦ.</span> 
     </span>
    </p>
   </div>
   <div class='ocr_carea' id='block_1_107' title="bbox 2309 4889 3799 4966">
    <p class='ocr_par' dir='ltr' id='par_1_107' title="bbox 2309 4889 3799 4966">
     <span class='ocr_line' id='line_1_107' title="bbox 2309 4889 3799 4966; baseline 0.006 -27"><span class='ocrx_word' id='word_1_789' title='bbox 2309 4905 2328 4938; x_wconf 82' lang='grc' dir='ltr'><strong>ι</strong></span> <span class='ocrx_word' id='word_1_790' title='bbox 2366 4889 2761 4960; x_wconf 82' lang='grc' dir='ltr'>Διασκόρπισον</span> <span class='ocrx_word' id='word_1_791' title='bbox 2791 4889 2919 4961; x_wconf 79' lang='grc' dir='ltr'>ἔθνη</span> <span class='ocrx_word' id='word_1_792' title='bbox 2959 4892 3026 4946; x_wconf 73' lang='grc' dir='ltr'><strong>τά</strong></span> <span class='ocrx_word' id='word_1_793' title='bbox 3061 4894 3188 4958; x_wconf 81' lang='grc' dir='ltr'>τοὺς</span> <span class='ocrx_word' id='word_1_794' title='bbox 3227 4893 3494 4966; x_wconf 86' lang='grc' dir='ltr'>πολέμους</span> <span class='ocrx_word' id='word_1_795' title='bbox 3517 4895 3752 4952; x_wconf 87' lang='grc' dir='ltr'>θέλοντα.</span> <span class='ocrx_word' id='word_1_796' title='bbox 3780 4911 3799 4948; x_wconf 71' lang='grc' dir='ltr'><strong>ι</strong></span> 
     </span>
    </p>
   </div>
   <div class='ocr_carea' id='block_1_108' title="bbox 2231 4978 3799 5062">
    <p class='ocr_par' dir='ltr' id='par_1_108' title="bbox 2231 4978 3799 5062">
     <span class='ocr_line' id='line_1_108' title="bbox 2231 4978 3799 5062; baseline 0.01 -32"><span class='ocrx_word' id='word_1_797' title='bbox 2231 4978 2314 5032; x_wconf 84' lang='grc' dir='ltr'>Τά</span> <span class='ocrx_word' id='word_1_798' title='bbox 2345 4979 2442 5050; x_wconf 81' lang='grc' dir='ltr'>μὲν</span> <span class='ocrx_word' id='word_1_799' title='bbox 2479 4978 2725 5051; x_wconf 83' lang='grc' dir='ltr'>ἀνώτερα</span> <span class='ocrx_word' id='word_1_800' title='bbox 2770 4982 2900 5054; x_wconf 75' lang='grc' dir='ltr'>περὶ</span> <span class='ocrx_word' id='word_1_801' title='bbox 2940 4983 3047 5036; x_wconf 85' lang='grc' dir='ltr'><strong>τῶν</strong></span> <span class='ocrx_word' id='word_1_802' title='bbox 3085 4985 3474 5057; x_wconf 83' lang='grc' dir='ltr'>ἀντικειμένων</span> <span class='ocrx_word' id='word_1_803' title='bbox 3509 4989 3799 5062; x_wconf 80' lang='grc' dir='ltr'>δυνάμεων.</span> 
     </span>
    </p>
   </div>
   <div class='ocr_carea' id='block_1_109' title="bbox 2231 5069 3802 5146">
    <p class='ocr_par' dir='ltr' id='par_1_109' title="bbox 2231 5069 3802 5146">
     <span class='ocr_line' id='line_1_109' title="bbox 2231 5069 3802 5146; baseline 0.006 -24"><span class='ocrx_word' id='word_1_804' title='bbox 2231 5069 2325 5123; x_wconf 75' lang='grc' dir='ltr'>καὶ</span> <span class='ocrx_word' id='word_1_805' title='bbox 2374 5072 2500 5143; x_wconf 77' lang='grc' dir='ltr'>περὶ</span> <span class='ocrx_word' id='word_1_806' title='bbox 2544 5071 2654 5126; x_wconf 85' lang='grc' dir='ltr'>τῶν</span> <span class='ocrx_word' id='word_1_807' title='bbox 2700 5073 2976 5146; x_wconf 84' lang='grc' dir='ltr'>ἀρχόντων</span> <span class='ocrx_word' id='word_1_808' title='bbox 3022 5075 3116 5129; x_wconf 91' lang='grc' dir='ltr'><strong>τοῦ</strong></span> <span class='ocrx_word' id='word_1_809' title='bbox 3159 5077 3425 5132; x_wconf 86' lang='grc' dir='ltr'>Ἰουδαίων</span> <span class='ocrx_word' id='word_1_810' title='bbox 3470 5079 3655 5145; x_wconf 74' lang='grc' dir='ltr'>ἔθνους</span> <span class='ocrx_word' id='word_1_811' title='bbox 3693 5078 3802 5146; x_wconf 82' lang='grc' dir='ltr'>ἐδη-</span> 
     </span>
    </p>
   </div>
   <div class='ocr_carea' id='block_1_110' title="bbox 2229 5159 3798 5238">
    <p class='ocr_par' dir='ltr' id='par_1_110' title="bbox 2229 5159 3798 5238">
     <span class='ocr_line' id='line_1_110' title="bbox 2229 5159 3798 5238; baseline 0.01 -26"><span class='ocrx_word' id='word_1_812' title='bbox 2229 5159 2415 5228; x_wconf 87' lang='grc' dir='ltr'>λοῦτο,</span> <span class='ocrx_word' id='word_1_813' title='bbox 2460 5161 2529 5216; x_wconf 87' lang='grc' dir='ltr'><strong>τά</strong></span> <span class='ocrx_word' id='word_1_814' title='bbox 2563 5162 2620 5216; x_wconf 81' lang='grc' dir='ltr'>δὲ</span> <span class='ocrx_word' id='word_1_815' title='bbox 2666 5164 3003 5236; x_wconf 87' lang='grc' dir='ltr'>προκείμενα</span> <span class='ocrx_word' id='word_1_816' title='bbox 3045 5166 3173 5238; x_wconf 78' lang='grc' dir='ltr'>περὶ</span> <span class='ocrx_word' id='word_1_817' title='bbox 3209 5166 3317 5221; x_wconf 84' lang='grc' dir='ltr'><strong>τῶν</strong></span> <span class='ocrx_word' id='word_1_818' title='bbox 3358 5169 3417 5222; x_wconf 79' lang='grc' dir='ltr'><strong>ἐν</strong></span> <span class='ocrx_word' id='word_1_819' title='bbox 3457 5173 3570 5235; x_wconf 92' lang='grc' dir='ltr'>τοῖς</span> <span class='ocrx_word' id='word_1_820' title='bbox 3609 5167 3798 5227; x_wconf 78' lang='grc' dir='ltr'>λοιποῖς</span> 
     </span>
    </p>
   </div>
   <div class='ocr_carea' id='block_1_111' title="bbox 2229 5252 3797 5334">
    <p class='ocr_par' dir='ltr' id='par_1_111' title="bbox 2229 5252 3797 5334">
     <span class='ocr_line' id='line_1_111' title="bbox 2229 5252 3797 5334; baseline 0.006 -30"><span class='ocrx_word' id='word_1_821' title='bbox 2229 5252 2405 5308; x_wconf 77' lang='grc' dir='ltr'>ἔθνεσι</span> <span class='ocrx_word' id='word_1_822' title='bbox 2438 5255 2710 5328; x_wconf 85' lang='grc' dir='ltr'>πολεμίων</span> <span class='ocrx_word' id='word_1_823' title='bbox 2736 5257 2837 5328; x_wconf 90' lang='grc' dir='ltr'><strong>τῆς</strong></span> <span class='ocrx_word' id='word_1_824' title='bbox 2881 5257 3229 5330; x_wconf 86' lang='grc' dir='ltr'>Ἐκκλησίας.</span> <span class='ocrx_word' id='word_1_825' title='bbox 3271 5261 3486 5334; x_wconf 86' lang='grc' dir='ltr'>Ἐπειδὴ</span> <span class='ocrx_word' id='word_1_826' title='bbox 3520 5259 3629 5334; x_wconf 75' lang='grc' dir='ltr'>γὰρ</span> <span class='ocrx_word' id='word_1_827' title='bbox 3666 5261 3797 5332; x_wconf 76' lang='grc' dir='ltr'>ἑώρα</span> 
     </span>
    </p>
   </div>
   <div class='ocr_carea' id='block_1_112' title="bbox 2230 5344 3796 5423">
    <p class='ocr_par' dir='ltr' id='par_1_112' title="bbox 2230 5344 3796 5423">
     <span class='ocr_line' id='line_1_112' title="bbox 2230 5344 3796 5423; baseline 0.004 -27"><span class='ocrx_word' id='word_1_828' title='bbox 2230 5344 2292 5396; x_wconf 85' lang='grc' dir='ltr'>τὺ</span> <span class='ocrx_word' id='word_1_829' title='bbox 2321 5345 2543 5417; x_wconf 86' lang='grc' dir='ltr'>Πνεῦμα</span> <span class='ocrx_word' id='word_1_830' title='bbox 2575 5347 2637 5402; x_wconf 84' lang='grc' dir='ltr'><strong>τὸ</strong></span> <span class='ocrx_word' id='word_1_831' title='bbox 2681 5347 2834 5415; x_wconf 81' lang='grc' dir='ltr'>άγιον</span> <span class='ocrx_word' id='word_1_832' title='bbox 2877 5351 3005 5414; x_wconf 85' lang='grc' dir='ltr'>τοὺς</span> <span class='ocrx_word' id='word_1_833' title='bbox 3048 5351 3106 5404; x_wconf 85' lang='grc' dir='ltr'><strong>ἐν</strong></span> <span class='ocrx_word' id='word_1_834' title='bbox 3139 5351 3368 5423; x_wconf 80' lang='grc' dir='ltr'>ἀπιστίᾳ</span> <span class='ocrx_word' id='word_1_835' title='bbox 3412 5352 3796 5423; x_wconf 86' lang='grc' dir='ltr'>άπομείναντας</span> 
     </span>
    </p>
   </div>
   <div class='ocr_carea' id='block_1_113' title="bbox 2230 5436 3796 5513">
    <p class='ocr_par' dir='ltr' id='par_1_113' title="bbox 2230 5436 3796 5513">
     <span class='ocr_line' id='line_1_113' title="bbox 2230 5436 3796 5513; baseline 0.003 -23"><span class='ocrx_word' id='word_1_836' title='bbox 2230 5436 2338 5491; x_wconf 78' lang='grc' dir='ltr'><strong>τῶν</strong></span> <span class='ocrx_word' id='word_1_837' title='bbox 2388 5439 2556 5493; x_wconf 84' lang='grc' dir='ltr'>ἐθνῶν</span> <span class='ocrx_word' id='word_1_838' title='bbox 2582 5441 3120 5513; x_wconf 79' lang='grc' dir='ltr'>ἐπαναστησομένους</span> <span class='ocrx_word' id='word_1_839' title='bbox 3159 5444 3269 5508; x_wconf 90' lang='grc' dir='ltr'>τοῖς</span> <span class='ocrx_word' id='word_1_840' title='bbox 3300 5447 3530 5511; x_wconf 84' lang='grc' dir='ltr'>πιστοῖς,</span> <span class='ocrx_word' id='word_1_841' title='bbox 3571 5445 3665 5500; x_wconf 79' lang='grc' dir='ltr'>καὶ</span> <span class='ocrx_word' id='word_1_842' title='bbox 3691 5444 3796 5498; x_wconf 88' lang='grc' dir='ltr'>διω-</span> 
     </span>
    </p>
   </div>
   <div class='ocr_carea' id='block_1_114' title="bbox 2229 5529 3790 5609">
    <p class='ocr_par' dir='ltr' id='par_1_114' title="bbox 2229 5529 3790 5609">
     <span class='ocr_line' id='line_1_114' title="bbox 2229 5529 3790 5609; baseline 0.003 -25"><span class='ocrx_word' id='word_1_843' title='bbox 2229 5529 2401 5601; x_wconf 82' lang='grc' dir='ltr'>γμοὺς</span> <span class='ocrx_word' id='word_1_844' title='bbox 2441 5531 2581 5586; x_wconf 80' lang='grc' dir='ltr'>κατὰ</span> <span class='ocrx_word' id='word_1_845' title='bbox 2634 5533 2733 5604; x_wconf 85' lang='grc' dir='ltr'><strong>τῆς</strong></span> <span class='ocrx_word' id='word_1_846' title='bbox 2778 5533 3102 5605; x_wconf 84' lang='grc' dir='ltr'>Ἐκκλησίας</span> <span class='ocrx_word' id='word_1_847' title='bbox 3144 5534 3238 5590; x_wconf 91' lang='grc' dir='ltr'><strong>τοῦ</strong></span> <span class='ocrx_word' id='word_1_848' title='bbox 3288 5535 3423 5590; x_wconf 87' lang='grc' dir='ltr'>Θεοῦ</span> <span class='ocrx_word' id='word_1_849' title='bbox 3467 5539 3790 5609; x_wconf 81' lang='grc' dir='ltr'>κινήσοντας,</span> 
     </span>
    </p>
   </div>
   <div class='ocr_carea' id='block_1_115' title="bbox 2229 5621 3792 5696">
    <p class='ocr_par' dir='ltr' id='par_1_115' title="bbox 2229 5621 3792 5696">
     <span class='ocr_line' id='line_1_115' title="bbox 2229 5621 3792 5696; baseline 0.003 -23"><span class='ocrx_word' id='word_1_850' title='bbox 2229 5621 2540 5689; x_wconf 80' lang='grc' dir='ltr'>ἀναγκαίως</span> <span class='ocrx_word' id='word_1_851' title='bbox 2587 5623 2681 5676; x_wconf 78' lang='grc' dir='ltr'><strong>καὶ</strong></span> <span class='ocrx_word' id='word_1_852' title='bbox 2725 5624 2854 5695; x_wconf 82' lang='grc' dir='ltr'>περὶ</span> <span class='ocrx_word' id='word_1_853' title='bbox 2893 5623 3082 5678; x_wconf 87' lang='grc' dir='ltr'>τούτου</span> <span class='ocrx_word' id='word_1_854' title='bbox 3133 5623 3350 5696; x_wconf 77' lang='grc' dir='ltr'>εὔχεται</span> <span class='ocrx_word' id='word_1_855' title='bbox 3391 5625 3579 5696; x_wconf 73' lang='grc' dir='ltr'>λέγονο</span> <span class='ocrx_word' id='word_1_856' title='bbox 3624 5647 3644 5681; x_wconf 79' lang='grc' dir='ltr'><strong>ι</strong></span> <span class='ocrx_word' id='word_1_857' title='bbox 3681 5629 3792 5680; x_wconf 86' lang='grc' dir='ltr'>Δια·</span> 
     </span>
    </p>
   </div>
   <div class='ocr_carea' id='block_1_116' title="bbox 2230 5713 3789 5792">
    <p class='ocr_par' dir='ltr' id='par_1_116' title="bbox 2230 5713 3789 5792">
     <span class='ocr_line' id='line_1_116' title="bbox 2230 5713 3789 5792; baseline 0.005 -26"><span class='ocrx_word' id='word_1_858' title='bbox 2230 5713 2519 5784; x_wconf 89' lang='grc' dir='ltr'>σκόρπισον</span> <span class='ocrx_word' id='word_1_859' title='bbox 2549 5714 2688 5790; x_wconf 10' lang='grc' dir='ltr'>’ἔθνη</span> <span class='ocrx_word' id='word_1_860' title='bbox 2739 5716 2808 5774; x_wconf 75' lang='grc' dir='ltr'>τὰ</span> <span class='ocrx_word' id='word_1_861' title='bbox 2859 5717 2985 5782; x_wconf 78' lang='grc' dir='ltr'>τοὺς</span> <span class='ocrx_word' id='word_1_862' title='bbox 3033 5717 3304 5792; x_wconf 84' lang='grc' dir='ltr'>πολέμους</span> <span class='ocrx_word' id='word_1_863' title='bbox 3351 5719 3594 5776; x_wconf 85' lang='grc' dir='ltr'>θέλοντα.</span> <span class='ocrx_word' id='word_1_864' title='bbox 3626 5740 3646 5776; x_wconf 71' lang='grc' dir='ltr'><strong>ι</strong></span> <span class='ocrx_word' id='word_1_865' title='bbox 3678 5724 3789 5775; x_wconf 82' lang='grc' dir='ltr'>Δια-</span> 
     </span>
    </p>
   </div>
   <div class='ocr_carea' id='block_1_117' title="bbox 528 5843 2138 5940">
    <p class='ocr_par' dir='ltr' id='par_1_117' title="bbox 528 5843 2084 5933">
     <span class='ocr_line' id='line_1_117' title="bbox 528 5843 2084 5933; baseline 0.013 -22"><span class='ocrx_word' id='word_1_866' title='bbox 528 5843 549 5885; x_wconf 56' lang='grc'><em>)</em></span> <span class='ocrx_word' id='word_1_867' title='bbox 630 5862 676 5894; x_wconf 83' lang='grc'><strong>⁸⁸</strong></span> <span class='ocrx_word' id='word_1_868' title='bbox 699 5859 800 5918; x_wconf 85' lang='lat' dir='ltr'><strong>Job</strong></span> <span class='ocrx_word' id='word_1_869' title='bbox 822 5877 911 5928; x_wconf 74' lang='grc' dir='ltr'><strong>ιι,</strong></span> <span class='ocrx_word' id='word_1_870' title='bbox 946 5861 1032 5918; x_wconf 74' lang='grc'><strong>16.</strong></span> <span class='ocrx_word' id='word_1_871' title='bbox 1107 5863 1153 5897; x_wconf 84' lang='grc'><strong><em>⁸⁸</em></strong></span> <span class='ocrx_word' id='word_1_872' title='bbox 1181 5861 1326 5921; x_wconf 83' lang='lat' dir='ltr'><strong>Psal.</strong></span> <span class='ocrx_word' id='word_1_873' title='bbox 1365 5879 1436 5930; x_wconf 79' lang='lat' dir='ltr'><strong>xi,</strong></span> <span class='ocrx_word' id='word_1_874' title='bbox 1463 5863 1516 5920; x_wconf 86' lang='lat'><strong>7.</strong></span> <span class='ocrx_word' id='word_1_875' title='bbox 1592 5864 1636 5898; x_wconf 82' lang='grc'><strong>⁸⁷</strong></span> <span class='ocrx_word' id='word_1_876' title='bbox 1661 5863 1805 5921; x_wconf 74' lang='lat' dir='ltr'><strong>Psal.</strong></span> <span class='ocrx_word' id='word_1_877' title='bbox 1837 5879 1962 5933; x_wconf 61' lang='lat' dir='ltr'><strong>lxv.</strong></span> <span class='ocrx_word' id='word_1_878' title='bbox 1995 5864 2084 5932; x_wconf 63' lang='grc' dir='ltr'><strong>ιο»</strong></span> 
     </span>
    </p>
   </div>
   <div class='ocr_carea' id='block_1_118' title="bbox 2240 5843 2752 5940">
    <p class='ocr_par' dir='ltr' id='par_1_118' title="bbox 2240 5865 2752 5940">
     <span class='ocr_line' id='line_1_118' title="bbox 2240 5865 2752 5940; baseline 0.012 -19"><span class='ocrx_word' id='word_1_879' title='bbox 2240 5865 2382 5924; x_wconf 86' lang='lat' dir='ltr'><strong>Psal.</strong></span> <span class='ocrx_word' id='word_1_880' title='bbox 2407 5883 2519 5937; x_wconf 75' lang='lat' dir='ltr'><strong>xxi,</strong></span> <span class='ocrx_word' id='word_1_881' title='bbox 2550 5868 2638 5940; x_wconf 76' lang='lat' dir='ltr'><strong>l5,</strong></span> <span class='ocrx_word' id='word_1_882' title='bbox 2666 5870 2752 5927; x_wconf 74' lang='grc'><strong>14.</strong></span> 
     </span>
    </p>
   </div>
  </div>
