4086 6442
295 403 398 457 717

1424 404 1928 463 COMMENTARIA
1968 406 2035 462 IN
2074 405 2418 464 PSALMOS.

3443 403 3546 464 718

293 519 740 608 σκορπιζομένων
763 521 873 596 γὰρ
922 522 1149 591 τούτων,
1192 522 1224 597 ή
1274 525 1432 600 χάρις
1469 529 1502 599 ἡ
1549 529 1874 602 εὐαγγελικὴ

1981 529 2082 584 bit.
2143 528 2261 583 Jam
2308 527 2551 582 futurum
2609 533 2727 580 erat
2773 533 2834 578 ut
2871 523 3044 595 gratia
3097 528 3438 595 operaretur,
3478 523 3548 579 ab

288 615 474 688 χώραν
498 616 627 682 ἔξει.
661 618 900 688 Ἧμελλε
923 617 1016 672 τοῦ
1043 621 1282 692 ἐνεργεῖν
1315 619 1409 674 καὶ
1437 619 1497 684 ἐξ
1521 619 1701 672 αὐτῶν
1722 619 1874 692 πρώο

287 725 398 761 των
451 707 712 780 ἄρχεσθαι
761 709 869 762 τῶν
919 709 1041 764 καθ’
1098 711 1399 783 ὑπερϐολὴν
1455 711 1871 782 εἰδωλολατρῶν.

288 798 576 868 Αἰγύπτιοι
605 800 662 854 δὲ
690 797 830 874 ἦσαν
867 803 916 855 οἱ
945 802 1160 857 πάντων
1211 803 1511 875 ἀνθρώπων
1539 805 1632 858 καὶ
1660 806 1876 859 πάντων

1975 621 2045 676 iis
2097 620 2373 690 prioribus
2426 634 2554 674 orsa
2603 617 2696 688 qui
2745 633 2910 689 supra
2967 615 3190 670 modum
3243 614 3548 669 idololatria

1975 719 2167 768 erant:
2210 711 2451 782 [Egyptii
2488 717 2668 764 autem
2702 709 2778 763 illi
2821 717 2978 764 erant
3019 707 3262 763 omnium
3304 706 3546 778 gentium

1977 819 2041 858 ac
2069 805 2394 874 p0pulorum
2428 801 2978 872 superstitiosissimi.
3013 798 3192 866 Quare
3209 805 3400 869 postea
3426 796 3552 852 sub.

289 890 461 944 ὲθνῶν
482 891 1050 964 δεισιδαιμονέστατοι.
1074 896 1165 948 Διὸ
1189 895 1319 964 ἑξῆς
1335 889 1597 965 ἐπιλέγει’
1619 916 1636 948 ι
1651 895 1874 961 ’Ἥξουσι

1979 897 2154 966 iungit
2194 916 2207 950 :
2253 916 2270 948 ι
2301 895 2532 951 Venient
2575 895 2736 964 legali
2787 910 2851 948 ex
2902 892 3192 965 Egypto.»
3237 889 3548 948 Secundum

291 983 551 1054 πρέσϐεις
578 983 636 1049 ἐξ
661 985 954 1054 Αἰγύπτου.
992 1007 1010 1036 ι
1044 988 1202 1040 Κατὰ
1240 988 1295 1040 δὲ
1319 987 1411 1041 τὸν
1448 988 1697 1053 Ἀκύλαν,
1735 1009 1753 1035 σ
1786 989 1877 1043 Οἵ-

291 1092 474 1130 σουσιν
499 1078 881 1149 ἐσπευσμένως
903 1079 962 1146 ἐξ
987 1079 1261 1148 Αἰγύπτου
1277 1097 1292 1112 ο
1331 1100 1350 1132 ι
1379 1080 1519 1135 κατὰ
1542 1082 1597 1136 δὲ
1617 1083 1707 1136 τὸν
1730 1082 1878 1154 Σύμ-

293 1183 486 1239 μαχον,
521 1189 538 1222 ι
562 1169 894 1224 Ἐλθέτωσαν
939 1173 1269 1241 ὲκφάναντες
1310 1175 1358 1226 οἰ
1406 1173 1464 1238 ἐξ
1517 1175 1812 1245 Αἰγύπτου.
1852 1194 1870 1226 ›

290 1260 404 1314 Καὶ⁸
454 1260 515 1314 τὸ
565 1261 665 1332 μὲν
713 1264 929 1317 πάντων
977 1263 1378 1336 εἰδωλολατρῶν
1420 1266 1576 1334 γένος
1627 1264 1714 1319 διὰ
1767 1265 1876 1319 τῶν

289 1348 660 1420 ἐλευσομένων
683 1349 741 1417 ἐξ
769 1351 1045 1420 Αἰγύπτου
1080 1353 1174 1406 καὶ
1203 1354 1606 1424 διςαϐησομένιοιν
1643 1355 1737 1408 ἐπὶ
1776 1354 1875 1426 τὴν

289 1439 386 1493 τοῦ
425 1441 560 1495 Θεοῦ
583 1442 783 1511 γνῶσιν
820 1443 1144 1516 δεδήλωται·
1182 1445 1268 1498 διὰ
1303 1447 1359 1500 δὲ
1405 1446 1498 1501 τοῦ
1531 1447 1659 1518 ἑξῆς
1698 1448 1878 1502 ἐπιλε-

292 1525 547 1597 γομένου·
568 1547 585 1579 ι
605 1529 854 1584 Αἰθιοπία
873 1532 1176 1603 προφθάσει
1206 1537 1361 1604 χεῖρα
1386 1535 1554 1606 αὐτῆς
1574 1535 1652 1607 τῷ
1679 1537 1818 1608 Θεῷ,
1852 1557 1870 1590 ι

290 1617 362 1671 τὰ
395 1620 540 1691 ἄκρα
577 1621 676 1693 τῆς
719 1623 827 1676 τῶν
866 1623 1166 1694 ἀνθρώπων
1216 1625 1568 1698 οἰκουμένης.
1616 1628 1875 1699 Σημαίνει

289 1711 404 1783 γὰρ
447 1715 476 1766 ὀ
506 1713 684 1782 λόγος,
730 1712 806 1778 ὡς
839 1716 946 1787 ἄρα
996 1715 1056 1781 ἐξ
1101 1717 1354 1771 ἁπάντων
1398 1719 1506 1772 τῶν
1556 1719 1724 1774 ἐθνῶν
1768 1721 1877 1774 τῶν

291 1803 387 1856 ἀπ’
417 1805 680 1876 ἀνατολῆς
705 1806 857 1877 ἡλίου
891 1806 1051 1880 μέχρι
1104 1809 1323 1880 δυσμῶν
1366 1809 1604 1881 ἥξουσιν,
1649 1813 1787 1867 κατὰ
1816 1815 1876 1868 τὸ

1977 991 2230 1060 Aquilam
2267 1004 2418 1050 vero,
2476 1008 2493 1039 ι
2520 987 2720 1043 Ferent
2769 985 3093 1041 festinanter
3117 1000 3180 1038 ex
3219 982 3454 1054 JEgypto
3481 999 3496 1047 ;
3523 999 3542 1032 ι

1977 1081 2280 1136 secundum
2337 1079 2749 1152 Symmachum,
2806 1077 3085 1131 «Veniant
3139 1075 3425 1131 efferentes
3481 1088 3550 1128 ex

1978 1171 2266 1244 Egypto.)
2303 1171 2609 1242 Totumque
2651 1172 3062 1226 idololatrarum
3094 1183 3288 1241 genus,
3323 1183 3416 1238 per
3454 1180 3551 1221 eos

1976 1266 2072 1335 qui
2108 1281 2172 1319 ex
2210 1264 2444 1335 ngvpto
2476 1265 2714 1327 venturi,
2761 1272 2814 1318 et
2850 1262 2914 1317 ad
2952 1261 3042 1317 Dei
3074 1262 3323 1316 notitiam
3377 1269 3552 1313 trans-

1977 1357 2107 1411 ituri
2137 1364 2284 1421 sunt,
2320 1357 2631 1423 indicatur;
2665 1372 2764 1427 per
2807 1356 2858 1409 id
2890 1369 3020 1408 vero
3061 1353 3205 1423 quod
3242 1367 3366 1406 mox
3396 1349 3553 1405 addi~

1979 1457 2103 1504 tur:
2155 1468 2172 1500 ι
2197 1448 2476 1518 Ᾰέιίιὶορῑίι
2506 1447 2748 1518 porriget
2801 1461 3018 1500 manum
3047 1453 3200 1500 suam
3235 1443 3366 1507 Deo,
3398 1461 3417 1495 ι
3457 1453 3554 1496 ex-

1978 1541 2149 1596 trema
2181 1541 2330 1596 orbls
2366 1540 2767 1611 signiﬁcantur.
2813 1537 3131 1591 Declaratur
3154 1549 3319 1608 porro
3341 1543 3405 1589 ex
3433 1535 3557 1588 uni~

1976 1633 2151 1686 versis
2183 1629 2436 1702 gentibus
2465 1631 2535 1685 ab
2567 1632 2779 1686 oriente
2819 1629 2933 1685 sole
2966 1643 3139 1698 usque
3183 1626 3250 1680 ad
3295 1624 3555 1680 occiden-

1977 1730 2086 1778 tem
2123 1736 2446 1778 accessuros
2497 1738 2639 1786 esse,
2692 1725 2751 1775 ut
2785 1721 2914 1775 alibi
2966 1719 3172 1774 dicitur
3206 1737 3220 1773 :
3258 1736 3277 1768 ι
3301 1715 3555 1771 Reminl-

1979 1826 2203 1870 scentur
2228 1825 2280 1870 et
2317 1822 2708 1869 convertentur
2733 1813 2800 1867 ad
2829 1811 3117 1867 Dominum
3152 1809 3395 1865 universi
3417 1809 3554 1865 ﬁnes

289 1896 501 1966 φάσκον
536 1899 592 1952 ὲν
628 1900 836 1972 ἑτέροις
863 1899 1072 1970 λόγιονο
1113 1921 1132 1953 ι
1167 1903 1580 1974 Μνησθήσονται
1615 1905 1708 1958 καὶ
1755 1909 1874 1959 έπι-

1979 1911 2137 1958 terrae
2181 1921 2196 1958 :
2244 1911 2298 1958 et
2345 1903 2650 1958 adorabunt
2677 1903 2732 1956 in
2766 1909 3067 1971 conspectu
3109 1900 3230 1970 ejus
3281 1897 3553 1954 universae

292 1992 694 2062 στραφήσονται
747 1993 881 2064 πρὸς
933 1993 1138 2066 Κύριον
1188 1995 1362 2048 πάντα
1410 1995 1479 2047 τὰ
1523 1997 1736 2067 πέρατα
1771 1998 1871 2069 τῆς

287 2082 413 2153 γῆς,
442 2084 537 2138 καὶ
583 2087 1050 2156 προσκυνήσουσιν
1101 2085 1328 2140 ἐνώπιον
1376 2089 1540 2142 αὑτοῦ
1597 2092 1764 2151 πᾶσαι
1809 2093 1869 2146 αἰ

289 2176 517 2245 πατριαί
564 2176 671 2229 τῶν
717 2177 904 2230 ἐθνῶν.
940 2197 958 2230 ι
996 2179 1152 2232 Κατὰ
1194 2181 1250 2233 δὲ
1288 2181 1379 2234 τὸν
1423 2183 1680 2237 Ἀκύλαν·
1710 2159 1736 2234 θ(
1773 2186 1869 2238 Αἰ-

288 2264 434 2336 θίοψ,
460 2267 613 2338 φησὶ,
643 2268 912 2340 δρομώσει
937 2273 1093 2342 χεῖρα
1115 2271 1280 2325 αὐτοῦ
1305 2273 1382 2344 τῷ
1411 2273 1555 2344 Θεῷ·
1595 2295 1613 2326 ι
1648 2276 1786 2330 κατὰ
1813 2277 1870 2329 δὲ

287 2358 379 2411 τὸν
410 2357 733 2430 Σύμμαχον·
768 2379 786 2411 ι
829 2361 1080 2415 Αἰθιοπία
1127 2364 1414 2418 σπευσάτω
1459 2364 1672 2418 διδοῦσα
1713 2368 1871 2436 χεῖρα

285 2447 367 2518 τῷ
579 2469 593 2500 ι
634 2451 788 2504 Ἐστι
832 2452 890 2505 δὲ
943 2455 1036 2508 καὶ
1089 2454 1230 2508 κατὰ
1286 2456 1384 2526 τὴν
1427 2456 1664 2529 ἱστορίαν
1713 2457 1872 2510 τοῦτο

288 2539 678 2611 πεπληρῶσθαι
714 2543 879 2611 φάναι
919 2544 1010 2597 ἐπὶ
1039 2545 1131 2598 τοῦ
1165 2546 1441 2611 Αἰθίοπος,
1472 2541 1532 2600 οὗ
1569 2548 1871 2618 μέμνηνται

185 2627 190 2632 ’
284 2630 396 2684 τῶν
428 2631 738 2686 ἀποστόλων
769 2637 824 2688 αἰ
859 2635 1112 2706 Πράξεις.
1162 2637 1356 2707 Σχεδὸν
1388 2637 1496 2710 γὰρ
1531 2638 1870 2711 προέφθασεν

285 2715 442 2787 οὗτος
475 2723 545 2777 τὰ
589 2724 749 2778 λοιπὰ
783 2725 930 2798 ἔθνη,
987 2727 1345 2795 καταξιωθεὶς
1377 2731 1484 2801 πρὸ
1525 2732 1740 2786 πάντων
1771 2732 1874 2803 τῆς

284 2815 542 2886 γνώσεως
567 2817 660 2871 τοῦ
689 2819 958 2891 Σωτῆρος.
991 2821 1176 2884 Ὅπως
1199 2821 1256 2874 δὲ
1295 2822 1388 2874 καὶ
1429 2823 1684 2894 πρέσϐεις
1710 2820 1872 2895 ἦλθον

287 2906 350 2972 ἐξ
395 2907 668 2976 Αἰγύπτου
703 2909 846 2963 κατὰ
889 2910 987 2982 τὴν
1033 2911 1305 2984 ἱστορίαν,
1349 2914 1508 2968 πάλιν
1547 2917 1602 2969 αἰ
1637 2917 1873 2989 Πράξεις

287 2997 397 3051 τῶν
448 2997 757 3053 ἀποστόλων
802 2999 1071 3073 δηλοῦσιν,
1125 3005 1182 3056 ἐν
1233 2998 1321 3069 αἶς
1372 3007 1602 3077 εἴρηται,
1651 3008 1725 3070 ὡς
1765 3009 1872 3080 ἄρα

288 3090 431 3144 κατὰ
477 3091 574 3162 τὴν
621 3092 833 3165 ἡμέραν
880 3094 980 3164 τῆς
1029 3096 1405 3168 Πεντηκοστῆς
1447 3099 1508 3152 τὸ
1553 3099 1777 3172 Πνεῦμα
1811 3101 1873 3154 τὸ

287 3175 444 3251 ἅγιον
483 3184 769 3258 ἐπλήρωσε
807 3185 898 3240 τὸν
941 3182 1088 3242 οἶκον
1133 3187 1260 3241 ἔνθα
1290 3185 1429 3261 ἦσαν
1469 3191 1520 3243 οἱ
1564 3192 1870 3258 ἀπόστολοι,

1979 1995 2200 2050 familiae
2231 1995 2542 2065 gentium”.
2572 2014 2588 2044 ι
2611 1993 2923 2048 Secundum
2944 1991 3192 2062 Aquilam
3221 2008 3276 2045 ιι
3295 1989 3553 2060 Ᾱὲιίιίορε

1979 2102 2268 2143 accurrere
2311 2085 2472 2140 faciet
2530 2101 2750 2139 manum
2800 2083 2956 2140 suam
3007 2083 3150 2150 Deo;
3181 2102 3200 2134 ›
3245 2081 3548 2138 secundum

1980 2177 2416 2249 Symmachum:
2455 2175 2774 2246 «Ethiopia
2841 2175 3062 2231 festinet
3134 2175 3266 2229 dare
3325 2187 3553 2228 manum

1980 2271 2142 2326 Deo.»
2185 2269 2265 2324 Ex
2294 2271 2526 2324 historia
2563 2285 2728 2340 porro
2777 2269 2902 2323 licet
2951 2283 3073 2322 eam
3113 2282 3228 2322 rem
3273 2265 3552 2336 impletam

1977 2363 2164 2418 dicere
2199 2361 2252 2414 in
2288 2360 2570 2432 Ethiope,
2597 2361 2760 2430 cujus
2790 2359 3122 2413 mentionem
3162 2358 3369 2412 habent
3415 2357 3552 2411 Acta

1979 2453 2376 2524 apostolorum.
2441 2452 2563 2522 Ipse
2616 2467 2853 2521 namque
2905 2457 3134 2505 czeteras
3180 2456 3372 2518 gentes
3435 2446 3549 2500 fere

1984 2545 2266 2617 praevenit,
2299 2544 2604 2599 Salvatoris
2635 2544 2950 2615 cognitione
2978 2549 3106 2597 ante
3148 2557 3339 2596 omnes
3363 2539 3557 2610 digna-

1980 2646 2088 2692 tus.
2131 2635 2418 2702 Quomodo
2453 2645 2634 2690 autem
2685 2635 2845 2705 legati
2897 2633 3147 2688 venerint
3190 2647 3255 2686 ex
3289 2629 3552 2702 Egypto,

1979 2745 2199 2785 rursum
2252 2736 2515 2783 enarrant
2564 2725 2703 2781 Acta
2759 2726 3155 2796 apostolorum,
3206 2722 3301 2778 ubi
3329 2721 3553 2785 dicitur,

1979 2821 2036 2876 in
2076 2821 2164 2876 die
2215 2818 2570 2875 Pentecostes
2629 2816 2896 2889 Spiritum
2949 2826 3200 2873 sanctum
3258 2815 3558 2886 replevisse

1979 2911 2223 2973 domum,
2256 2909 2348 2964 ubi
2385 2916 2544 2963 erant
2577 2909 2835 2978 apostoli.
2882 2907 3205 2977 sedisseque
3233 2921 3402 2976 supra
3437 2921 3560 2960 om-

1981 3019 2080 3059 nes
2135 3002 2231 3074 qui
2285 3001 2536 3057 aderant.
2579 2999 2635 3054 In
2683 3001 2884 3070 quibus
2927 3008 3086 3054 erant
3133 2998 3343 3062 Parthi,
3389 2996 3552 3061 Medi,

1980 3093 2243 3159 Elamitze,
2300 3102 2352 3149 et
2400 3093 2493 3163 qui
2554 3092 2874 3147 habitabant
2945 3090 3416 3162 Mesopotamiam,
3457 3088 3559 3144 Jun

1980 3186 2150 3242 datam
2202 3193 2258 3239 et
2305 3183 2732 3256 Cappadociam,
2770 3181 3010 3236 Pontum
3038 3191 3092 3238 et
3125 3182 3339 3247 Asiam,
3379 3179 3554 3254 Phry-

289 3276 510 3330 ὲκάθισέ
537 3294 596 3330 τε
629 3278 722 3330 ἐπὶ
757 3279 883 3342 τοὺς
913 3280 1184 3352 παρόντας
1219 3281 1500 3346 ἅπανταςο,
1529 3285 1584 3336 ἐν
1616 3280 1697 3348 οἷς
1737 3281 1874 3356 ἦσαν

1979 3280 2121 3350 giam
2153 3287 2208 3334 et
2256 3277 2658 3348 Pamphyliam,
2698 3275 2994 3347 [Egyptum
3037 3283 3092 3330 et
3150 3283 3337 3346 partes
3371 3272 3556 3346 Libyae

291 3366 499 3442 Πάρθοι
532 3370 626 3422 καί
659 3371 835 3440 Μῆδοι
873 3372 965 3426 καὶ
1009 3372 1292 3443 Ἐλαμίται
1342 3375 1434 3426 καὶ
1475 3377 1524 3428 οἰ
1566 3377 1879 3431 κατοικοῦν-

288 3477 382 3526 τες
419 3459 518 3533 τὴν
563 3463 1019 3534 Μεσοποταμίαν,
1057 3465 1314 3518 Ἰουδαίαν
1347 3483 1408 3519 τε
1453 3469 1548 3520 καὶ
1586 3471 1881 3525 Καππαδο-

291 3555 436 3618 κίαν,
468 3554 671 3609 Πόντον
719 3557 812 3608 καί
853 3556 952 3627 τὴν
988 3558 1190 3623 Ἀσίαν,
1223 3559 1461 3630 Φρυγίαν
1491 3578 1552 3613 τε
1591 3561 1682 3614 καὶ
1720 3563 1879 3634 Παμ-

291 3643 508 3714 φυλίαν,
543 3643 816 3712 Αἴγυπτον
847 3646 941 3698 καὶ
967 3645 1036 3699 τὰ
1078 3647 1216 3719 μέρη
1252 3649 1350 3719 τῆς
1383 3647 1588 3720 Λιϐύης
1612 3651 1712 3722 τῆς
1739 3651 1882 3704 κατὰ

292 3736 571 3807 Κυρήνην.
619 3729 778 3789 Οὗτοι
831 3737 892 3808 δὴ
942 3736 1035 3791 οὖν
1089 3739 1286 3804 πάντες
1329 3739 1571 3812 ὡσπερεὶ
1621 3741 1880 3812 πρέσϐεις

291 3829 585 3900 ὶτύγχανον
641 3830 748 3884 τῶν
797 3831 999 3895 ἐθνῶν,
1050 3833 1153 3903 τῆς
1199 3835 1292 3888 τοῦ
1348 3837 1504 3904 ἁγίου
1563 3837 1882 3908 Πνεύματος

293 3919 548 3992 ἀπαρχῆς
606 3921 1020 3992 κατηξιωμένοι.
1064 3921 1224 3975 Ἀλλὰ
1273 3924 1382 3994 γὰρ
1439 3924 1578 3995 μετά
1637 3927 1763 3990 τοὺς
1820 3926 1881 3990 ἐξ

295 4012 596 4082 Αἰγύπτου,
646 4013 740 4067 καὶ
789 4013 928 4084 μετὰ
975 4015 1073 4086 τὴν
1131 4013 1524 4086 προφθάσασαν
1573 4017 1877 4084 Αἰθιοπίαν,

293 4104 424 4175 ἑξῆς
457 4107 512 4158 αἰ
542 4105 726 4159 λοιπαὶ
769 4105 1033 4176 βασιλεῖαι
1075 4108 1174 4178 τῆς
1203 4109 1307 4178 γῆς
1335 4109 1645 4174 καλοῦνται,
1680 4110 1879 4182 δηλαδὴ

295 4198 391 4250 καὶ
417 4196 484 4250 τὰ
517 4197 620 4250 ὑπὸ
647 4198 868 4262 ταύταις
901 4198 1049 4270 ἔθνη.
1081 4200 1172 4252 Διὸ
1209 4200 1552 4269 ὲπιλέγεται·
1582 4222 1600 4253 ι
1630 4203 1695 4256 Αἰ
1727 4203 1880 4274 βασι-

293 4287 434 4340 λεῖαι
458 4287 558 4358 τῆς
596 4289 719 4358 γῆς,
772 4287 937 4358 ᾁσατε
978 4287 1057 4358 τῷ
1086 4287 1224 4358 Θεῷ,
1258 4288 1465 4358 ψάλατε
1497 4289 1574 4360 τῷ
1603 4291 1809 4362 Κυρίῳ.
1854 4311 1873 4344 ι

301 4379 370 4430 Ἀ
412 4379 506 4432 καὶ
544 4377 652 4430 οὐδ’
691 4377 862 4443 ἄλλως
903 4379 935 4448 ἢ
993 4377 1080 4432 διὰ
1131 4380 1298 4450 μόνης
1343 4381 1443 4451 τῆς
1488 4381 1580 4434 τοῦ
1628 4383 1878 4455 Σωτῆρος

297 4467 454 4540 ήμῶν
485 4468 832 4532 διδασκαλίας
867 4470 1053 4533 τέλους
1096 4472 1410 4542 ἐτύγχανεν.
1448 4474 1562 4526 Οὐκ
1603 4474 1750 4528 ἐστιν
1786 4472 1878 4528 οὖν

293 4560 468 4626 ἔθνος,
511 4563 572 4616 ού
619 4559 791 4634 χώρα,
843 4563 902 4616 ού
955 4563 1110 4632 γένος
1159 4563 1480 4636 ἀνθρώπων,
1528 4567 1590 4620 οὐ
1633 4567 1877 4638 βασιλεία

1979 3371 2128 3424 circa
2158 3369 2511 3441 Cyrenem".
2555 3367 2620 3422 lli
2652 3368 2818 3439 igitur
2852 3382 3046 3422 omnes
3091 3382 3193 3420 ceu
3230 3365 3391 3436 legati
3419 3381 3552 3435 gen-

1981 3467 2114 3520 tium
2173 3472 2350 3528 erant,
2401 3463 2641 3534 Spiritus
2688 3461 2862 3516 sancti
2901 3460 3157 3531 primitiis
3195 3459 3399 3514 donati.
3450 3461 3548 3514 Διο-

1983 3559 2128 3612 enim
2163 3565 2290 3628 post
2307 3556 2618 3628 Egyptios,
2659 3561 2785 3626 post
2826 3553 3164 3624 Aitliiopiain
3199 3567 3320 3622 quae
3351 3565 3556 3622 praeve-
3585 3553 3602 3566 ‘

1980 3660 2159 3714 nerat,
2202 3658 2396 3704 caetera
2425 3647 2625 3704 deinde
2672 3663 2836 3719 regna
2875 3657 3035 3702 terra!
3064 3653 3354 3707 vocantur,
3403 3642 3552 3698 vide-

1980 3741 2110 3796 licet
2189 3749 2381 3811 gentes
2445 3741 2513 3796 iis
2570 3740 2853 3808 subjectae.
2930 3738 3110 3804 Quare
3167 3735 3553 3806 subjungitur:

1985 3833 2216 3905 «Regna
2270 3844 2450 3900 terrae,
2509 3843 2726 3888 cantate
2785 3832 2914 3896 Deo,
2987 3831 3202 3901 psallite
3261 3827 3549 3882 Domino.»

1983 3927 2115 3994 Quae
2145 3943 2254 3982 non
2307 3927 2417 3980 alio
2465 3925 2628 3980 modo
2672 3939 2835 3995 quam
2886 3938 2983 3994 per
3029 3937 3193 3976 unam
3245 3919 3556 3976 Servatoris

1981 4020 2156 4076 nostri
2206 4019 2515 4074 doctrinam
2560 4016 2721 4072 ﬁnem
2777 4021 3133 4085 acceperunt.
3172 4011 3334 4066 Nulla
3387 4011 3558 4082 igitur

1981 4127 2134 4182 gens,
2163 4110 2311 4165 nulla
2343 4110 2516 4180 regio,
2539 4109 2752 4162 nullum
2783 4123 2958 4178 genus
2998 4106 3304 4170 hominum,
3332 4105 3549 4160 nullum

1982 4204 2039 4258 in
2071 4210 2188 4257 toto
2215 4202 2348 4257 orbe
2375 4214 2626 4272 regnum,
2673 4199 2729 4254 in
2769 4215 2879 4269 quo
2909 4215 3018 4254 non
3052 4198 3240 4269 populi
3276 4197 3385 4254 Deo
3415 4212 3554 4253 con-

1980 4296 2189 4369 gregati
2210 4296 2428 4367 jussum
2460 4304 2857 4365 exsequantur.
2914 4292 3014 4347 llic
3038 4308 3171 4348 vero
3202 4308 3421 4348 rursum
3463 4308 3560 4348 cae

1981 4403 2110 4444 nere
2157 4385 2289 4452 Deo,
2343 4387 2577 4456 psallere
2619 4385 2848 4440 Domino
2893 4385 3068 4454 jubet.
3121 4400 3228 4439 non
3278 4401 3376 4456 per
3423 4384 3556 4440 illud

1981 4485 2216 4549 quatuor
2242 4478 2550 4533 litterarum
2583 4492 2802 4541 nomen,
2853 4476 2948 4533 sed
2981 4493 3048 4532 eo
3092 4477 3186 4547 qui
3237 4477 3557 4548 vulgaribus

1981 4571 2268 4626 elementis
2309 4572 2650 4627 enuntiatur.
2689 4569 2866 4638 Atque
2913 4577 2972 4622 ut
3014 4569 3220 4625 clarius
3252 4569 3557 4640 perspicia-

293 4652 419 4707 καθ’
461 4653 588 4726 ὅλης
617 4655 716 4726 τῆς
759 4656 1100 4726 οἰκουμένης,
1134 4655 1262 4711 ένθα
1311 4658 1431 4728 οὐχὶ
1479 4656 1595 4711 λαοὶ
1637 4658 1716 4730 τῷ
1757 4660 1874 4731 Θεῷ

1979 4679 2103 4718 mus
2132 4664 2256 4734 quis
2297 4664 2368 4720 sit
2409 4665 2498 4720 ille
2525 4663 2810 4727 Dominus,
2863 4661 3088 4717 subdit:
3131 4679 3149 4714 ι
3175 4661 3278 4728 Qui
3312 4661 3559 4717 ascendit

296 4747 585 4810 συστάντες
615 4746 677 4800 τὺ
708 4747 982 4820 κέλευσμα
1012 4748 1436 4821 ἁποπληροῦσιν.
1461 4749 1629 4806 Πάλιν
1658 4751 1714 4805 δὲ
1749 4753 1876 4808 κάν-

293 4837 468 4892 ταῦθα
495 4838 640 4910 ᾅδειν
669 4839 770 4909 μὲν
798 4839 1121 4912 προστάττει
1149 4840 1230 4912 τῷ
1261 4841 1400 4912 Θεῷ,
1439 4842 1660 4913 ψάλλειν
1702 4843 1758 4897 δὲ
1796 4845 1875 4914 τῷ

295 4929 485 5002 Κυρίῳ
499 4932 597 5002 οὐχ
618 4931 703 4985 ἵνα
721 4932 796 5003 (l)
812 4931 906 4986 τοῦ
923 4935 1371 5006 τετραγρὰμμου,
1385 4935 1463 5006 τῷ
1477 4936 1532 4989 δὲ
1550 4938 1876 5010 κοινοτέροις

299 5022 578 5091 στοιχείοις
622 5022 936 5095 δηλουμένῳ
977 5025 1219 5097 ὀνόματι.
1255 5027 1366 5081 Καὶ
1405 5029 1494 5082 ἵνα
1545 5029 1874 5101 σαφέστερον

294 5112 512 5184 γνῶμεν
525 5113 608 5178 τίς
623 5132 752 5168 ποτε
772 5113 839 5188 ἦν
858 5111 1012 5181 οὗτος
1029 5118 1058 5170 ὁ
1083 5117 1305 5190 Κύριος,
1323 5119 1680 5175 ὲπισυνάπτει
1700 5121 1874 5190 λέγων

295 5209 454 5281 ἑξῆςσ
489 5228 510 5261 ι
539 5210 630 5284 Τῷ
677 5211 1026 5284 ὲπιϐεϐηκότι
1067 5214 1160 5267 ἐπὶ
1203 5216 1294 5270 τὸν
1326 5217 1553 5289 οὐρανὸν
1582 5216 1675 5270 τοῦ
1707 5218 1872 5290 ούρα-

296 5301 389 5355 νοῦ
440 5303 581 5357 κατὰ
623 5304 886 5369 ἀνατολάς
906 5322 920 5337 ο
976 5326 995 5358 ι
1048 5307 1250 5377 σφόδρα
1298 5308 1604 5372 ἀκολούθως
1622 5326 1635 5339 ·
1689 5309 1873 5380 ἐπειδὴ

295 5391 405 5464 γὰρ
450 5393 541 5448 διὰ
595 5394 705 5448 τῶν
756 5396 1012 5468 ἀνωτέρω
1060 5398 1276 5469 εἴρητοο
1310 5417 1329 5451 ι
1376 5400 1754 5470 Ὀδοποιήσατε
1797 5399 1875 5471 τῷ

297 5483 647 5556 ἰπιϐεϐηκότι
705 5487 799 5540 ἐπὶ
853 5487 1095 5560 δυσμῶν,
1149 5490 1350 5561 Κύριος
1405 5491 1577 5562 ὄνομα
1632 5491 1810 5563 αὐτῷ·
1851 5511 1870 5543 ι

298 5573 602 5640 ἀκολούθως
626 5576 715 5631 διὰ
753 5577 864 5631 τῶν
893 5578 1031 5650 μετὰ
1063 5581 1251 5651 χεῖρας
1278 5579 1459 5634 οὐκέτι
1489 5581 1875 5654 ἐπιϐεϐηκέναι

299 5667 460 5722 αὐτὸν
500 5669 593 5723 ἐπὶ
633 5669 851 5743 δυσμῶν
883 5688 1068 5744 φησιν,
1098 5671 1212 5726 ἀλλ’
1241 5675 1331 5725 ἐπὶ
1365 5673 1455 5729 τὸν
1489 5675 1716 5747 οὐρανὸν
1754 5678 1872 5730 κατ’

369 5781 415 5812 δ’
437 5779 586 5839 Psal.
619 5800 734 5849 nt,
763 5785 882 5842 28.‘
931 5787 975 5820 ⁸⁸
1001 5787 1124 5844 Act.
1155 5803 1218 5855 ιι,
1247 5787 1398 5845 1-10.

373 5874 447 5948 (ι)
468 5873 609 5948 Lege
632 5877 694 5931 οὐ
723 5877 828 5933 διά.

1985 4772 2150 4827 super
2179 4756 2377 4811 caelum
2413 4756 2541 4810 coeli
2571 4755 2637 4810 ad
2667 4755 2972 4811 orientem:
3003 4773 3022 4806 ›
3068 4753 3232 4822 idque
3259 4752 3552 4808 admodum

1983 4856 2401 4920 consequenter,
2425 4848 2552 4919 quia
2581 4847 2834 4918 superius
2865 4846 3074 4901 dictum
3105 4845 3246 4900 fuit:
3285 4863 3304 4896 ι
3335 4845 3443 4902 lter
3479 4844 3558 4899 fa-

1984 4941 2093 4998 cite
2117 4941 2164 4996 ei
2188 4941 2281 5009 qui
2309 4941 2556 4997 ascendit
2579 4957 2743 5012 super
2764 4953 3044 5001 occasum,
3073 4935 3336 4992 Dominus
3357 4951 3554 4992 nomen

1982 5033 2115 5089 illi.»
2160 5033 2203 5087 E
2233 5050 2292 5090 re
2344 5035 2399 5089 in
2447 5034 2700 5105 praesenti
2747 5047 2859 5088 non
2909 5031 2985 5086 ait
3013 5030 3193 5100 ipsum
3239 5029 3557 5085 ascendisse

1981 5143 2146 5198 super
2191 5141 2468 5190 occasum,
2529 5126 2622 5182 sed
2675 5140 2841 5195 super
2893 5123 3094 5180 caalum
3137 5119 3206 5175 ad
3257 5121 3553 5176 orientem.

1979 5219 2086 5274 Par
2114 5221 2312 5291 quippe
2348 5227 2468 5275 erat
2499 5233 2602 5274 nos
2638 5218 2733 5289 qui
2773 5217 3101 5274 descensum
3143 5215 3264 5284 ejus
3305 5213 3553 5269 edidice-

1981 5327 2189 5377 ramus,
2233 5311 2467 5368 reditum
2520 5313 2648 5366 item
2697 5309 2937 5366 edoceri.
3003 5307 3317 5363 Descensus
3359 5305 3548 5375 itaque

1981 5412 2043 5459 ut
2091 5404 2311 5461 deitatis
2353 5419 2468 5460 suae
2498 5403 2706 5458 lumina
2737 5402 3044 5459 occultaret
3074 5398 3142 5454 ad
3178 5411 3436 5454 occasum
3470 5394 3554 5450 fa-

1981 5502 2108 5550 ctus
2131 5506 2244 5562 est;
2290 5509 2556 5550 ascensus
2584 5500 2765 5550 autem
2815 5490 2938 5564 ejus
2964 5492 3031 5547 ad
3071 5491 3270 5546 caelum
3299 5487 3450 5550 cmli.
3483 5488 3553 5542 ad

1986 5585 2276 5652 orientem,
2313 5587 2384 5642 ob
2417 5585 2713 5658 gloriosam
2771 5585 2894 5657 ejus
2933 5585 2987 5639 in
3044 5581 3245 5639 celum
3283 5578 3551 5649 remigra-

1981 5677 2205 5734 tionem.
2247 5676 2362 5734 Hoc
2393 5692 2556 5749 porro
2584 5677 2791 5733 dictum
2821 5675 3072 5746 exemplo
3097 5673 3230 5730 solis
3253 5669 3550 5742 intelligas.
