4086 6442
601 321 704 380 719
1282 314 1552 371 EUSEBII
1591 311 2067 371 CAESARIENSIS
2103 311 2181 369 ΟΡ

2295 312 2476 369 PARS
2513 313 2599 368 III.
2637 340 2708 354 —
2737 312 3152 371 EXEGETICA.
3774 315 3862 371 120

602 438 756 492 Sicut
800 433 947 490 enim
992 433 1074 488 sel
1109 432 1164 486 in
1205 429 1490 486 occidente
1522 430 1736 486 occulte
1780 428 2163 500 progreditur,

2286 428 2556 492 Ξινατολάς.
2606 428 2756 482 Ἔδει
2788 430 2896 500 γὰρ
2928 429 3097 500 ἡμᾶς,
3127 427 3227 500 τὴν
3265 423 3510 480 κάθοδον
3549 424 3719 480 αὐτού
3751 444 3865 500 προ·

596 525 902 595 deindeque
930 531 1220 594 postquam
1246 521 1313 576 ad
1347 521 1672 576 orientalem
1707 521 2046 576 horizontem
2073 520 2169 573 ad-

596 620 769 684 venit,
814 624 959 672 recta
993 616 1047 669 in
1077 616 1220 670 caelo
1253 613 1447 684 pergit,
1497 613 1681 666 omnia
1717 613 2057 676 illuminans,
2091 611 2174 664 lu-

600 709 892 777 cidamque
921 707 1063 760 diem
1095 704 1358 768 efﬁciens,
1409 703 1597 757 eadem
1647 701 1863 756 ratione
1910 701 2172 755 Dominus

601 801 693 856 hic
719 799 1062 859 enuntiatus,
1095 795 1188 866 qui
1227 802 1473 865 tempore
1519 793 1800 864 passionis
1842 799 1897 846 et
1951 791 2171 853 mortis,

602 905 884 950 occasum,
913 898 970 941 ut
1001 889 1075 942 ita
1117 887 1320 949 dicam,
1357 885 1581 950 fecerat,
1614 894 1904 955 postquam
1934 882 2174 953 regionis

603 983 753 1038 illius
777 995 1002 1035 cursum
1034 977 1385 1041 confecisset,
1416 985 1604 1047 postea
1627 977 1831 1030 dicitur
1859 975 2176 1031 ascendisse

603 1089 770 1145 super
802 1073 1005 1128 cmlum
1037 1072 1162 1127 coeli
1213 1071 1279 1124 ad
1325 1071 1612 1125 orientem.
1659 1067 1973 1123 Secundum
2003 1067 2178 1138 Aqui-

601 1166 712 1221 lam
740 1181 904 1221 vero:
930 1184 948 1216 ι
971 1165 1074 1230 Qui
1105 1163 1350 1219 ascendit
1381 1161 1435 1216 in
1465 1161 1663 1217 coelum
1695 1161 1818 1215 cmli
1845 1160 1912 1214 ab
1934 1159 2128 1226 initio;
2153 1178 2171 1211 ι

2282 519 2684 590 μεμαθηκότας,
2711 521 2820 572 «καὶ
2861 520 2958 591 τὴν
2992 520 3250 574 ἐπάνοδον
3281 516 3645 588 διδαχθῆναι.
3687 517 3750 570 Ἦ
3787 520 3867 588 μὲν

2279 607 2370 664 οὖν
2399 610 2621 674 κάθοδος
2665 610 2754 664 διὰ
2799 610 2894 664 τοῦ
2946 609 3242 665 καλύπτειν
3285 608 3467 665 αὑτοῦ
3501 610 3579 663 τὰ
3605 606 3758 678 φῶτα
3788 613 3871 681 τῆς

2281 703 2530 772 θεότητος
2571 704 2663 756 ἐπὶ
2711 702 2932 773 δυσμῶν
2981 703 3226 771 ἐγίνετοο
3260 705 3293 775 ἡ
3334 704 3394 758 δὲ
3440 701 3645 764 ἄνοδος
3679 701 3769 752 ἐπὶ
3795 702 3872 754 τὸν

2281 793 2504 864 οὐρανὸν
2537 792 2628 848 τοῦ
2660 791 2888 864 οὐρανοῦ
2933 793 3053 846 κατ’
3086 794 3348 858 ἀνατολὰς
3400 793 3505 847 διὰ
3551 791 3658 864 τὴν
3691 791 3878 860 ἔνδοξον

2283 881 2445 935 αὑτοῦ
2492 884 2572 944 εἰς
2625 882 2882 952 οὐρανοὺς
2918 883 3377 938 ἀποκατάστασιν.
3445 883 3701 953 Νοήσεις
3743 882 3798 934 δὲ
3827 882 3879 935 τὸ

2281 974 2601 1045 λελεγμένον
2641 975 2705 1028 ἐκ
2757 975 2848 1028 τοῦ
2901 975 3042 1029 κατὰ
3084 976 3175 1029 τὸν
3220 976 3369 1046 ἥλιον
3403 971 3876 1045 παραδείγματος.

2286 1069 2502 1139 Ὠσπερ
2529 1068 2637 1140 γὰρ
2683 1069 2712 1121 ὁ
2755 1068 2942 1138 ἥλιος,
2992 1068 3132 1123 κατὰ
3177 1069 3385 1142 δυσμὰς
3427 1069 3764 1139 γενόμενος,
3795 1068 3880 1137 τὴν

2281 1158 2462 1231 ἀφανῆ
2493 1159 2718 1229 πορείαν
2751 1162 3007 1224 ποιεῖται,
3037 1156 3135 1214 εἶτ’
3161 1161 3254 1213 ἐπὶ
3290 1161 3382 1214 τὸν
3414 1156 3757 1214 ἀνατολικὸν
3782 1158 3883 1228 ὀρί-

604 1257 904 1313 secundum
935 1254 1358 1326 Symmachum:
1388 1272 1406 1304 ι
1428 1251 1532 1319 Qui
1559 1251 1775 1306 vehitur
1808 1252 1863 1306 in
1896 1251 2036 1306 cmlo
2061 1252 2181 1304 coeli

2290 1248 2450 1314 ζοντα
2505 1251 2881 1322 καταντήσας,
2938 1251 3066 1305 εὐθὺ
3107 1250 3202 1304 τοῦ
3249 1249 3487 1323 ούρανοῦ
3549 1248 3784 1321 φέρεται
3823 1250 3885 1302 τὰ

604 1364 669 1402 cx
702 1347 928 1417 prima.»
973 1345 1106 1399 Illud
1137 1352 1341 1410 autem,
1379 1363 1397 1396 ι
1449 1360 1514 1398 ex
1556 1343 1754 1414 prima,
1786 1361 1804 1395 ι
1840 1351 1926 1406 et,
1964 1361 1982 1392 ι
2008 1343 2076 1397 ab
2100 1343 2183 1396 in-

605 1440 754 1502 itio,»
789 1439 958 1508 probe
989 1452 1290 1507 cognoscas
1331 1436 1560 1491 audiens
1603 1434 1944 1490 Servatorem
1977 1435 2051 1487 ita
2103 1434 2182 1486 lo-

604 1540 860 1603 quentem
911 1550 973 1585 :t
1013 1530 1193 1594 Pater,
1229 1531 1472 1601 glorifica
1520 1546 1606 1586 me
1647 1528 1821 1601 gloria
1866 1543 2030 1596 quam
2083 1526 2179 1580 ha-

604 1624 697 1678 bui
729 1631 1022 1693 antequam
1057 1623 1295 1678 mundus
1331 1632 1477 1679 esset
1507 1622 1649 1694 apud
1673 1621 1810 1676 te“.
1853 1638 1871 1671 ι

2290 1341 2576 1412 σύμπαντα
2609 1341 2856 1412 φωτίζων
2887 1343 2980 1396 καὶ
3023 1342 3280 1415 λαμπρὰν
3312 1342 3544 1416 ἡμέραν
3588 1340 3884 1414 ἐργαζόμε-

2286 1451 2395 1497 νος,
2442 1435 2582 1488 κατὰ
2621 1434 2715 1488 τὸν
2764 1435 2926 1488 αὐτὸν
2957 1435 3157 1506 τρόπον
3205 1437 3298 1489 καὶ
3349 1438 3378 1489 ό
3422 1433 3776 1506 δηλούμενος
3811 1437 3886 1486 ἐν·

2285 1523 2461 1578 ταῦθα
2495 1525 2720 1596 Κύριος,
2763 1526 2860 1597 τὴν
2903 1526 3253 1582 ἀποδοθεῖσαν
3301 1527 3620 1581 κατάδυσιν
3667 1526 3884 1595 ποιησά-

2291 1634 2448 1688 μενος
2491 1616 2633 1670 κατὰ
2663 1617 2752 1672 τὸν
2785 1617 2974 1690 καιρὸν
3005 1617 3098 1671 τοῦ
3133 1618 3339 1682 πάθους
3368 1620 3464 1673 καὶ
3496 1615 3603 1671 τοῦ
3645 1616 3883 1677 θανάτου,

605 1718 702 1790 τὴν
755 1717 937 1790 χώραν
985 1717 1379 1790 διαπορευθεὶς,
1429 1719 1566 1788 μετὰ
1587 1716 1757 1771 ταῦτα
1801 1715 2016 1782 λέγεται
2049 1711 2443 1782 ἀναϐεϐηκέναι
2507 1712 2600 1765 ἐπὶ
2645 1713 2736 1766 τὸν
2779 1713 3008 1785 οὐρανὸν
3071 1712 3166 1767 τοῦ
3229 1714 3457 1786 ούρανοῦ
3505 1713 3641 1768 κατ’
3706 1712 3885 1763 ἀνατο-

605 1810 721 1874 λάς.
763 1810 919 1864 Κατὰ
940 1811 997 1866 δὲ
1021 1811 1112 1865 τὸν
1145 1811 1394 1875 Ἀκύλαν,
1437 1829 1456 1862 ι
1493 1811 1583 1882 Τῷ
1617 1808 1964 1881 ἐπιϐεϐηκότι
2007 1809 2064 1862 ἐν
2124 1807 2340 1880 οὐρανῷ
2371 1806 2601 1880 ούρανοῦ
2644 1807 2880 1879 ἀρχῆθεν
2929 1824 2943 1838 ο

3018 1825 3038 1862 ι
3105 1808 3261 1862 Κατὰ
3311 1809 3369 1862 δὲ
3421 1811 3520 1863 τὸν
3571 1805 3883 1878 Σύμμαχον,

611 1922 630 1954 ι
673 1902 762 1974 Τῷ
790 1904 1133 1976 ἐποχουμένῳ
1180 1905 1272 1957 ἐπὶ
1315 1905 1405 1958 τὸν
1456 1905 1684 1976 οὐρανὸν
1720 1903 1812 1957 τοῦ
1853 1901 2083 1976 ούρανοῦ
2152 1904 2216 1955 ἐκ
2249 1901 2492 1974 πρώτης,
2543 1920 2563 1952 ι
2619 1900 2855 1973 εἴρηται.
2890 1901 2963 1954 Τὸ
3002 1901 3080 1966 δὲ,
3112 1919 3130 1951 ι
3157 1903 3221 1955 ἐκ
3251 1901 3474 1973 πρώτης
3511 1920 3536 1954 ι
3567 1901 3694 1963 καὶ,
3727 1917 3746 1950 ι
3800 1898 3887 1966 ἁρ-

605 1999 790 2072 χῆθεν,
825 2019 843 2053 ι
880 2002 1090 2071 νοήσεις
1135 1998 1298 2053 αὐτοῦ
1333 2001 1584 2069 λέγοντος
1629 1999 1844 2054 ἀκούων
1876 1998 1972 2052 τού
2006 1999 2254 2070 Σωτῆρος

605 2092 698 2148 τὸν
732 2091 938 2164 κόσμον
972 2089 1111 2146 εἶναι
1146 2091 1300 2163 παρὰ
1335 2092 1434 2144 σοί.
1483 2110 1502 2144 ι

2296 2015 2311 2028 ·
2348 2017 2366 2050 ι
2406 1997 2608 2069 Πάτερ,
2657 1995 2877 2062 δόξασόν
2929 2013 2996 2068 με
3042 1999 3106 2068 τῇ
3397 1991 3552 2067 εἶχον
3628 1991 3742 2064 πρὸ
3799 1988 3882 2042 τοῦ

681 2205 846 2262 Vens.
881 2206 1068 2262 Eii-56.
1107 2227 1124 2257 ‹
1152 2208 1292 2262 Ecce
1323 2207 1477 2262 dabit
1510 2207 1627 2262 voci
1685 2222 1800 2262 sure
1841 2211 2027 2262 vocem
2082 2207 2181 2261 vir-

2366 2241 2384 2274 ι
2435 2221 2564 2275 Ἰδοὺ
2610 2218 2770 2274 δώσει
2813 2222 2880 2291 τῇ
2935 2221 3083 2290 φωνῇ
3134 2217 3298 2271 αὐτοῦ
3345 2216 3531 2290 φωνὴν
3578 2215 3878 2288 δυνάμεως,

609 2298 767 2362 tutis,
828 2298 952 2354 date
989 2301 1215 2370 gloriam
1266 2299 1375 2354 Deo
1435 2304 1600 2369 super
1645 2296 1867 2354 Israel.»
1922 2297 2178 2364 Notitiam

610 2391 813 2462 praebet
839 2391 1127 2446 memorati
1169 2390 1381 2445 Domini
1405 2393 1597 2448 dicens
1628 2411 1641 2447 :
1669 2411 1686 2444 ι
1718 2391 1857 2447 Ecce
1889 2391 2040 2446 dabit
2061 2392 2180 2446 voci

611 2495 725 2535 suae
759 2494 950 2534 vocem
987 2481 1262 2534 virtutis.»
1309 2479 1411 2535 IIic
1467 2497 1593 2536 vere
1627 2481 1756 2535 licet
1809 2480 2037 2534 formam
2088 2481 2183 2534 de-

608 2573 849 2628 scribere
892 2571 1112 2626 virtutis
1146 2572 1264 2641 ejus
1289 2612 1304 2638 ,
1339 2573 1432 2643 qui
1461 2591 1480 2624 ι
1513 2573 1566 2627 in
1597 2572 1866 2643 principio
1889 2579 2008 2628 erat
2039 2572 2179 2644 apud

608 2665 779 2720 Deum
797 2665 866 2730 “,
902 2682 920 2717 ι
951 2661 1046 2719 Dei
1076 2664 1260 2729 Verbi,
1294 2665 1439 2736 quod
1461 2680 1563 2719 vox
1592 2666 1712 2734 ejus
1757 2680 1864 2718 non
1899 2665 2179 2718 hominum

608 2759 732 2814 voci
777 2758 998 2824 similis,
1053 2758 1151 2814 sed
1194 2759 1378 2813 divina
1428 2761 1632 2814 virtute
1685 2759 1844 2830 plena
1897 2759 1988 2813 sit.
2039 2756 2174 2811 Nam

615 2850 828 2915 «dabit,
891 2852 1092 2923 inquit,
1161 2853 1281 2906 voci
1341 2867 1454 2906 sua:
1498 2867 1686 2906 vocem
1753 2852 2033 2905 virtutis.»
2079 2849 2183 2904 Su-

609 2944 798 3014 perius
831 2945 958 3000 item
991 2934 1278 3000 dicebatur
1317 2964 1331 3000 :
1359 2963 1407 2995 -σ
1438 2944 1706 3001 Dominus
1756 2944 1907 2999 dabit
1951 2945 2180 2999 verbum

609 3037 1132 3106 cvangelizantibus,
1186 3037 1391 3092 virtute
1439 3038 1664 3090 multa.»
1709 3038 1848 3104 Quia
1883 3039 2026 3092 enim
2079 3052 2180 3091 vox

610 3128 732 3198 ejus
788 3129 992 3183 virtute
1047 3129 1384 3199 replebatur,
1466 3129 1665 3182 merito
1738 3127 2180 3199 praedicationem

611 3234 768 3275 suam
814 3220 1318 3291 evangelizantibus
1348 3221 1574 3275 verbum
1623 3221 1786 3275 dabat
1812 3236 1935 3274 cum
1982 3221 2182 3275 virtute

611 3312 803 3368 multa.
843 3311 994 3382 Opus
1025 3323 1202 3366 autem
1233 3312 1410 3384 ipsum
1445 3313 1700 3367 virtutem
1738 3311 2002 3366 declarat.
2042 3311 2180 3365 Nam

611 3419 738 3459 cum
758 3405 993 3475 simplici
1041 3405 1233 3458 vocula
1281 3403 1568 3474 discipulis
1599 3403 1713 3458 suis
1740 3403 1990 3467 dixisset,
2034 3423 2052 3454 (
2077 3401 2183 3456 Ve-

611 3498 744 3559 nite.
791 3497 1087 3566 sequimini
1133 3513 1241 3560 me,
1273 3504 1329 3550 et
1363 3496 1558 3551 faciam
1600 3501 1711 3551 'vos
1742 3497 2046 3564 piscatores
2080 3495 2181 3548 ho-

2268 2314 2405 2386 ,δότε
2434 2312 2588 2386 δόξαν
2618 2311 2695 2382 τῷ
2727 2310 2846 2382 Θεῷ
2879 2310 2970 2363 ἐπὶ
3003 2310 3092 2362 τὸν
3125 2309 3357 2382 Ἰσραήλ.
3395 2328 3412 2360 ι
3451 2307 3766 2380 Γνώρισμα
3797 2307 3883 2360 τοῦ

2284 2384 2614 2475 δηλωθέντος
2657 2403 2867 2474 Κυρίου
2913 2402 3247 2474 παραδίδωσι
3296 2399 3498 2470 λέγων’
3540 2420 3562 2454 ι
3614 2401 3749 2455 Ἰδοὺ
3789 2400 3880 2453 δὼ-

2291 2516 2372 2552 σει
2395 2500 2462 2568 τῇ
2495 2499 2644 2568 φωνῇ
2669 2493 2832 2549 αὑτοῦ
2866 2493 3372 2565 φωνὴψδυνάμεως.
3413 2515 3431 2546 ι
3473 2492 3772 2548 Ἐντεῦθεν
3797 2489 3880 2546 οὖν

2287 2590 2502 2662 ἀληθῶς
2534 2591 2648 2642 ἐστι
2679 2588 3082 2659 χαρακτηρίσαι
3109 2588 3207 2658 τὴν
3240 2586 3440 2658 ἀρετὴν
3477 2605 3496 2638 ι
3529 2585 3636 2640 τοῦ
3656 2588 3718 2641 ὲν
3744 2587 3874 2658 ἀρχῇ

2289 2680 2422 2751 πρὸς
2455 2679 2545 2732 τὸν
2573 2677 2707 2732 Θεὸν
2739 2697 2757 2730 ι
2779 2677 2914 2731 Θεοῦ
2947 2678 3142 2746 Λόγου,
3171 2679 3233 2730 ἐκ
3255 2678 3346 2731 τοῦ
3370 2679 3467 2749 τὴν
3495 2677 3694 2749 φωνὴν
3725 2675 3877 2730 αὐτοῦ

2291 2772 2366 2844 μὴ
2395 2771 2584 2843 ὁμοίαν
2619 2767 2756 2824 εἶναι
2789 2769 3118 2842 ἀνθρώποις,
3157 2771 3435 2842 δυνάμεως
3474 2772 3531 2826 δὲ
3578 2770 3875 2843 πεπληριῦ-

2289 2865 2412 2918 σθαι
2447 2863 2614 2928 θείας.
2659 2882 2677 2916 ι
2709 2863 2879 2917 Δώσει
2921 2882 2939 2916 ι
2970 2863 3099 2936 γὰρ,
3146 2863 3298 2936 φησὶ,
3335 2883 3354 2916 ι
3383 2867 3448 2936 τῇ
3503 2867 3665 2936 φωνῇ
3721 2862 3875 2918 αὐτοῦ

2289 2957 2470 3030 φωνὴν
2504 2957 2807 3029 δυνάμεως.
2843 2975 2860 3008 ι
2889 2957 2998 3010 Καὶ
3041 2956 3298 3028 ἀνωτέρω
3327 2957 3383 3010 δὲ
3420 2957 3677 3026 ἐλέγετο·
3712 2975 3733 3008 ι
3773 2954 3875 3010 Κύ-

2291 3066 2404 3122 ριος
2460 3048 2618 3102 δώσει
2683 3049 2834 3120 ῥῆμα
2900 3049 3014 3111 τοῖς
3086 3047 3594 3119 εὐαγγελιζομένοις
3655 3048 3872 3118 δυνάμει

2289 3142 2473 3212 πολλῇ.
2514 3161 2532 3194 ι
2574 3140 2788 3212 Ἐπειδὴ
2822 3141 2930 3213 γὰρ
2974 3140 3006 3212 ἡ
3057 3141 3206 3210 φωνὴ
3236 3141 3398 3194 αὐτοῦ
3429 3142 3766 3215 πεπλήρωτο
3791 3143 3871 3194 δυ·

2287 3232 2522 3302 νάμεως,
2557 3229 2780 3294 εἰκότως
2817 3228 2912 3282 καὶ
2962 3231 3074 3293 τοῖς
3115 3228 3626 3300 εύαγγελιξομένοις
3657 3230 3723 3284 τὸ
3755 3229 3869 3302 περὶ

2289 3321 2452 3376 αὑτοῦ
2475 3323 2734 3393 κήρυγμα
2757 3320 2924 3374 ἐδίδου
2952 3321 3099 3392 ῥῆμα
3126 3322 3222 3374 σὺν
3244 3321 3470 3393 δυνάμει
3494 3322 3691 3395 πολλῇ.
3721 3320 3871 3392 Παρί-

2289 3431 2443 3485 στησι
2476 3414 2532 3466 δὲ
2565 3413 2624 3466 τὺ
2657 3412 2817 3484 ἔργον
2867 3412 2964 3484 τὴν
2994 3412 3242 3483 δύναμιν.
3271 3413 3412 3485 Ψιλῇ
3442 3413 3550 3486 γὰρ
3579 3416 3736 3485 φωνῇ
3766 3413 3868 3473 τοῖς

2289 3505 2453 3560 αὑτοῦ
2501 3506 2770 3578 μαθηταῖς
2816 3504 3017 3557 εἰπών·
3084 3523 3102 3555 ι
3155 3503 3318 3557 Δεῦτε
3366 3503 3718 3557 ἀκολουθεῖτὲ
3765 3517 3865 3574 μοι,

609 3585 938 3650 ιιιίιιιιιιι⁶³,›
993 3601 1132 3656 opus
1190 3587 1369 3656 ipsum
1422 3587 1626 3642 virtute
1677 3602 1778 3640 sua
1836 3586 2031 3642 edebat
2069 3606 2081 3640 :
2117 3601 2180 3642 ac

2286 3596 2377 3650 καὶ
2393 3596 2601 3667 ποιήσω
2616 3595 2759 3665 ὑμᾶς
2776 3592 2943 3656 ἁλιεῖς
2959 3593 3055 3646 ἀνθ
3065 3591 3280 3666 ρώπων,
3320 3612 3337 3644 ι
3365 3593 3594 3664 δυνάμει
3623 3592 3689 3646 τὸ
3720 3591 3868 3664 ἔργον

611 3692 833 3734 rursum
864 3693 988 3733 cum
1023 3679 1372 3748 praecepisset
1408 3679 1599 3736 iisdem
1651 3680 1840 3737 dicens
1877 3700 1891 3736 :
1929 3701 1946 3733 ι
1978 3681 2183 3738 Euntes

609 3769 803 3824 docete
828 3785 1018 3824 omnes
1045 3779 1234 3840 gentes
1266 3771 1319 3824 in
1343 3772 1564 3826 nomine
1596 3771 1832 3836 meo“,i
1869 3788 2035 3843 opere
2065 3773 2182 3828 vir-

609 3871 781 3918 tutem
811 3861 1090 3918 exhibuit:
1123 3878 1186 3918 ac
1219 3879 1439 3918 rursum
1477 3879 1603 3917 cum
1637 3863 1872 3919 diceret:
1916 3883 1934 3916 ι
1960 3863 2184 3935 Oportet

611 3955 898 4028 praedicari
935 3955 1285 4026 Evangelium
1339 3957 1493 4027 regni
1526 3957 1580 4010 in
1634 3966 1748 4011 toto
1777 3959 1994 4013 orbein
2030 3959 2182 4014 testi-

608 4047 853 4103 monium
878 4047 1138 4102 omnibus
1169 4047 1424 4118 gentibus
1438 4049 1538 4112 “,i
1576 4049 1728 4104 verbi
1761 4049 2017 4105 virtutem
2050 4051 2185 4120 ipsis

611 4139 878 4211 operibus
915 4139 1360 4209 conspiciendam
1402 4140 1672 4210 praebuit,
1702 4151 1756 4195 et
1809 4141 1946 4196 alias
1998 4143 2079 4195 sic
2107 4141 2184 4195 lo-

609 4239 772 4287 cutus
805 4249 820 4287 :
853 4251 871 4284 ι
893 4229 1070 4301 Supra
1103 4240 1312 4302 petram
1341 4232 1621 4288 aedificabo
1658 4232 1951 4288 Ecclesiam
1981 4249 2180 4297 meam,

610 4333 665 4379 et
698 4331 871 4394 portae
911 4322 1072 4380 inferi
1102 4339 1211 4378 non
1239 4326 1612 4394 prmvalebunt
1637 4325 1903 4384 adversus
1937 4343 2058 4382 eam
2078 4329 2178 4392 ",D

608 4431 670 4471 re
704 4416 826 4486 ipsa
857 4415 969 4470 vim
1016 4416 1332 4470 declaravit.
1382 4416 1582 4472 Eodem
1636 4434 1864 4488 prorsus
1913 4420 2077 4474 modo
2130 4421 2181 4474 in

611 4507 828 4562 caneris
857 4507 1136 4580 omnibus
1193 4508 1314 4578 ejus
1351 4509 1618 4564 doctrina:
1655 4511 1840 4568 verbis
1886 4513 2178 4568 admistam

612 4598 854 4654 divinam
893 4599 1014 4670 ejus
1051 4600 1312 4656 virtutem
1347 4602 1749 4672 deprehendas.
1805 4603 1976 4676 Cujus
2013 4621 2183 4662 causa

613 4691 820 4745 dictum
848 4698 935 4746 est
959 4711 973 4746 :
1011 4710 1029 4742 ι
1055 4691 1193 4748 Ecce
1216 4694 1368 4748 dabit
1403 4695 1525 4748 voci
1549 4711 1662 4750 suae
1689 4711 1877 4752 vocem
1907 4699 2176 4753 virtutis.»

615 4779 722 4837 Sed
763 4781 924 4837 etiam
981 4783 1066 4838 his
1098 4783 1314 4838 traditis
1365 4785 1656 4850 institutis,
1691 4788 1796 4842 sub
1837 4788 1951 4843 haec
1994 4791 2186 4860 praeci-

603 4873 729 4944 pit:
767 4892 786 4926 ι
809 4871 942 4930 Date
973 4875 1201 4945 gloriam
1258 4876 1368 4932 Deo
1405 4894 1571 4949 super
1603 4878 1800 4935 Israel:
1833 4882 2185 4952 magnificen-

613 4964 693 5018 tia
724 4963 846 5034 ejus
881 4971 937 5020 ct
965 4965 1140 5021 virtus
1168 4967 1288 5036 ejus
1318 4967 1374 5048 in
1417 4969 1712 5025 nubibus.»
1775 4969 1910 5024 Illud
1937 4971 2180 5041 quidem,

621 5075 640 5109 ι
666 5055 800 5112 Date
843 5057 1074 5128 gloriam
1106 5058 1268 5124 Deo,»
1300 5061 1560 5117 omnibus
1585 5060 1810 5127 dicitur,
1850 5063 1943 5133 qui
1992 5061 2062 5117 ad
2091 5078 2183 5117 sa-

617 5149 847 5204 lutarem
873 5148 1030 5205 ﬁdem
1057 5160 1356 5218 vocantur;
1390 5153 1524 5207 illud
1546 5160 1750 5218 autem,
1790 5172 1808 5204 ι
1838 5169 2003 5224 super
2023 5152 2185 5209 Israel

617 5237 1023 5309 magnificentia
1080 5239 1257 5310 ejus,»
1318 5240 1588 5310 significat
1617 5257 1712 5297 eos
1749 5257 1814 5296 ex
1861 5240 2062 5296 lsraele
2091 5241 2184 5310 qui

615 5331 836 5388 deitatls
885 5333 1006 5403 ejus
1047 5348 1329 5404 precones
1369 5331 1612 5395 fuerunt.
1654 5334 1934 5404 apostolos
1976 5333 2186 5388 scilicet

617 5430 674 5477 et
704 5422 1096 5493 evangelistas,
1127 5437 1158 5477 a
1187 5423 1390 5490 quibus
1428 5423 1830 5492 magnificentia
1861 5424 2004 5494 ejus,
2033 5422 2184 5477 vide-

619 5514 748 5571 licet
808 5515 1047 5581 deitatis,
1121 5515 1477 5572 noscebatur.
1537 5513 1718 5581 Quare
1768 5516 1897 5570 alibi
1938 5515 2178 5570 dicitur:

2287 3688 2494 3742 ἐποίει·
2533 3687 2627 3740 καὶ
2667 3685 2827 3740 πάλιν
2880 3685 3254 3756 ἐντειλάμενος
3298 3685 3480 3749 αὐτοῖς
3531 3685 3628 3738 καὶ
3674 3681 3866 3736 εἰπών·

2289 3799 2310 3831 ι
2349 3779 2708 3852 Πορευθέντες
2772 3776 3144 3849 μαθητεύσατε
3189 3777 3366 3832 πάντα
3400 3776 3470 3830 τὰ
3510 3776 3638 3849 ἔθνη
3685 3777 3744 3829 ὲν
3795 3771 3866 3844 τῷ

2283 3871 2507 3942 ὀνόματί
2539 3887 2663 3942 μου,
2709 3889 2726 3921 ι
2759 3869 2905 3940 ἔργῳ
2935 3869 3034 3942 τὴν
3066 3869 3292 3940 δύναμιν
3325 3867 3530 3922 ἐδείκνυ
3549 3885 3562 3899 °
3593 3867 3694 3922 καὶ
3722 3862 3866 3927 αὖθις

2283 3961 2484 4017 εἰπών·
2525 3982 2542 4013 ι
2600 3963 2694 4015 Δεῖ
2739 3959 3078 4033 κηρυχθῆναι
3121 3959 3182 4014 τὸ
3211 3959 3538 4029 Εύαγγέλιον
3580 3960 3684 4031 τῆς
3730 3959 3866 4030 βασι-

2283 4053 2434 4118 λείας
2472 4057 2529 4108 ὲν
2573 4054 2670 4128 ὅλῃ
2720 4056 2786 4124 τῇ
2821 4053 3118 4126 οἰκουμένῃ
3163 4054 3242 4116 εἰς
3274 4051 3568 4124 μαρτύριον
3598 4054 3735 4106 πᾶσι
3761 4051 3865 4111 τοῖς

2284 4145 2484 4210 ἔθνεσι,
2513 4165 2530 4196 ι
2568 4144 2662 4198 τοῦ
2694 4143 2853 4213 λόγου
2887 4143 2985 4214 τὴν
3013 4143 3240 4212 δύναμιν
3268 4143 3450 4206 αὐτοῖς
3478 4141 3660 4214 ἔργοις
3685 4139 3863 4212 παρεῖ-

2284 4254 2376 4308 χεν
2411 4237 2542 4309 όρᾷν
2563 4253 2575 4266 ·
2611 4235 2702 4289 καὶ
2747 4235 2930 4289 ἄλλοτε
2964 4234 3169 4305 φήσας·
3209 4252 3228 4284 ι
3277 4233 3400 4285 Ἐπὶ
3431 4233 3528 4304 τὴν
3561 4233 3767 4306 πέτραν
3793 4229 3864 4283 oi-

2285 4327 2570 4398 κοδομήσω
2621 4343 2722 4398 μου
2765 4325 2864 4397 τὴν
2906 4325 3250 4397 Ἐκκλησίαν,
3297 4325 3391 4378 καὶ
3437 4325 3601 4379 πύλαι
3640 4326 3768 4398 ᾅδου
3803 4322 3858 4376 ού

2285 4418 2696 4487 κατισχύσουσιν
2723 4417 2913 4488 αὐτῆς,
2948 4438 2966 4469 ι
3004 4415 3153 4487 αὐτῷ
3192 4416 3474 4488 πράγματι
3501 4416 3601 4488 τὴν
3635 4415 3858 4486 δύναμιν

2285 4509 2685 4581 παρεστήσατο.
2721 4507 2824 4562 Τὸν
2857 4509 3017 4562 αὑτὸν
3044 4505 3136 4562 οὖν
3166 4508 3366 4580 τρόπον
3399 4507 3494 4561 mi.
3520 4511 3632 4571 τοῖς
3663 4506 3860 4564 λοιποῖς

2285 4600 2459 4654 ἅπασι
2485 4604 2597 4665 τοῖς
2627 4603 2726 4672 τῆς
2755 4601 3097 4664 διδασκαλίας
3125 4599 3290 4654 αὑτοῦ
3321 4601 3526 4672 ῥήμασι
3563 4616 3859 4670 συγκεκρα-

2289 4695 2455 4767 μένην
2486 4695 2664 4768 εθροις
2695 4696 2761 4750 ἂν
2787 4697 2886 4768 τὴν
2919 4695 3104 4767 θεῖκὴν
3145 4693 3390 4764 δύναμιν.
3427 4688 3501 4746 Οὔ
3534 4694 3695 4766 χάριν
3721 4695 3859 4764 εἴρη-

2284 4803 2374 4840 ται
2393 4805 2408 4819 ο
2439 4807 2456 4838 ι
2494 4788 2623 4842 Ἰδοὺ
2647 4786 2810 4843 δώσει
2837 4790 2902 4859 τῇ
2926 4790 3076 4858 φωνῇ
3103 4786 3267 4840 αὑτοῦ
3301 4787 3482 4858 φωνὴν
3511 4787 3805 4858 δυνάμεως.
3836 4803 3852 4836 ι

2301 4876 2460 4931 Ἀλλὰ
2496 4877 2604 4950 γὰρ
2635 4879 2809 4933 ταῦτα
2831 4878 3146 4942 παιδεύσας,
3168 4876 3296 4948 ὲξῆς
3315 4878 3741 4950 παρακελεύεται
3764 4875 3858 4947 φά-

2290 4986 2434 5022 σκων
2460 4990 2472 5000 ·
2512 4991 2530 5022 ι
2562 4971 2690 5024 Δότε
2719 4970 2876 5038 δόξαν
2908 4969 2986 5041 τῷ
3014 4969 3133 5041 Θεῷ
3168 4970 3261 5024 ἐπὶ
3289 4970 3378 5024 τὸν
3419 4971 3668 5042 Ἰσραήλ·
3700 4971 3734 5042 ἡ
3771 4984 3857 5040 με·

2285 5057 2656 5130 γαλοπρέπεια
2686 5059 2848 5112 αὑτοῦ
2885 5059 2980 5113 καὶ
3009 5062 3042 5130 ἡ
3072 5059 3298 5132 δύναμις
3323 5059 3486 5114 αὑτοῦ
3522 5061 3581 5114 ἐν
3622 5061 3741 5122 ταῖς
3781 5071 3857 5111 νε-

2285 5150 2494 5219 φέλαις.
2538 5171 2556 5203 ι
2578 5151 2650 5203 Τὸ
2686 5151 2783 5222 μὲν
2823 5147 2938 5216 οὖν,
2975 5170 2994 5204 ι
3031 5153 3160 5206 Δότε
3189 5153 3341 5218 δόξαν
3365 5151 3442 5222 τῷ
3473 5149 3611 5222 Θεῷ,
3651 5169 3670 5202 ι
3701 5151 3852 5202 πᾶσιν

2293 5244 2500 5316 εἴρηται
2541 5245 2654 5320 τοῖς
2681 5242 3037 5314 κεκλημένοις
3076 5245 3180 5298 ὑπὸ
3219 5244 3316 5315 τὴν
3348 5245 3609 5315 σωτήριον
3646 5242 3850 5295 πίστιν·

2295 5335 2367 5390 Τὸ
2392 5335 2469 5399 δὲ,
2501 5354 2518 5386 ι
2548 5334 2642 5387 ἐπὶ
2684 5334 2776 5388 τὸν
2825 5336 3038 5408 Ἰσραὴλ
3075 5338 3108 5407 ἡ
3147 5335 3591 5408 μεγαλοπρέπεια
3617 5333 3798 5397 αὐτοῦ,
3829 5348 3845 5381 ι

2293 5425 2545 5496 σημαίνει
2586 5425 2714 5490 τοὺς
2758 5426 2816 5492 ἐξ
2858 5427 3072 5499 Ἰσραὴλ
3107 5427 3430 5499 γενομένους
3474 5427 3573 5498 τῆς
3612 5425 3850 5496 θεότητος

2291 5514 2455 5568 αὐτοῦ
2485 5515 2748 5586 κήρυκας,
2774 5515 3098 5580 ἀποστόλους
3119 5515 3319 5588 δηλαδὴ
3342 5517 3434 5570 καὶ
3451 5514 3842 5586 εὐαγγελιστὰςν

687 5671 730 5702 ἰ
754 5669 912 5729 Joan.
946 5687 1078 5738 xvu,
1110 5673 1164 5729 5.
1241 5672 1284 5706 ⁶¹
1313 5670 1469 5730 Joan.
1503 5671 1617 5738 1,1.
1693 5673 1736 5704 ”
1759 5671 1944 5726 Matth.
1986 5687 2056 5734 Iv,
2087 5670 2172 5725 19.

2286 5668 2509 5723 ’Matth.
2546 5684 2734 5736 XXVIII,
2768 5670 2855 5726 19.
2907 5671 2977 5716 .⁶⁵
3007 5669 3191 5726 Matth.
3247 5687 3397 5737 utv,
3431 5672 3548 5732 I4._
3595 5671 3641 5703 “
3669 5667 3839 5726 Matth.

619 5755 728 5802 xvi,
766 5743 852 5795 18.
