4086 6442
270 401 386 456 ’721
1427 395 1939 456 COMMENTARIA
1977 393 2044 450 IN
2085 392 2426 448 PSALMOS.
2648 394 2650 396 ’
3473 384 3582 442 ’223

266 522 414 594 παρ’
441 516 524 585 οἷς
560 523 594 593 ἡ
645 519 1089 593 μεγαλοπρέπεια
1130 519 1295 577 αὑτοῦ
1343 520 1674 592 ὲγνωρίζετο
1697 537 1710 550 ·
1747 517 1885 572 οὕτω

2003 514 2319 581 «Quoniam
2373 514 2583 568 elevata
2643 520 2728 566 est
2803 508 3209 581 magnificentia
3262 517 3354 560 tua
3411 521 3578 574 super

264 613 382 684 τῆς
414 613 669 683 θεότητος
701 613 867 667 αὐτοῦ
903 613 1262 685 καλουμένης.
1291 613 1380 666 Διὸ
1404 612 1650 666 λέλεκται
1681 613 1737 666 ὲν
1767 611 1885 665 ἑτέ-ι

1992 608 2274 662 Ultimm.)
2321 603 2477 671 Quod
2526 613 2706 658 autem
2742 619 2851 657 non
2897 615 3089 656 omnes
3128 598 3226 670 qui
3271 613 3339 652 ex
3374 595 3579 650 Israele

270 707 402 772 ροίς
424 719 438 734 ο
475 722 494 754 ι
537 704 658 756 Ὀτι
702 703 915 776 ἐπήρθη
949 706 981 775 ἠ
1021 703 1470 775 μεγαλοπρέπεια
1507 720 1600 756 σου
1635 701 1885 772 ὑπεράνω

1991 708 2142 762 sunt,
2174 700 2338 752 Israel
2368 695 2602 752 vocandi
2633 698 2776 761 sint;
2809 710 2986 764 neque
3012 694 3144 764 quia
3175 707 3363 746 semen
3403 689 3579 744 Abra-

266 793 394 846 τῶν
424 794 688 867 οὐρανῶν.
739 815 756 847 ι
787 797 910 848 Ὅτι
943 795 999 848 δὲ
1037 796 1097 848 ού
1126 795 1329 860 πάντες
1359 797 1408 848 οἱ
1445 795 1503 862 ἐξ
1548 794 1765 865 Ἰσραὴλ
1795 787 1885 846 οὗ·

1990 791 2075 845 hze
2100 796 2250 852 sunt,
2289 787 2414 843 ideo
2449 801 2642 840 omnes
2690 785 2786 838 Iilii
2829 785 2951 854 ejus
2998 784 3138 847 sint;
3187 781 3448 852 quodque
3481 780 3577 834 ﬁlii

271 904 369 940 τοι
411 888 650 960 Ἰσραὴλ,
682 888 802 942 οὐδὲ
843 889 924 942 ὃτι
965 889 1074 942 εἰσὶ
1129 889 1352 960 σπέρμα
1388 887 1641 959 Ἀϐραὰμ
1689 889 1885 952 πάντες

1991 885 2178 938 carnis
2206 897 2316 936 non
2369 882 2462 935 lilii
2498 881 2592 936 Dei
2641 879 2837 942 sint“,
2891 893 3068 948 neque
3123 876 3215 946 qui
3265 876 3445 946 palam
3480 871 3580 928 Ju-

270 979 455 1034 τέκνα
475 997 489 1011 ·
523 980 617 1033 καὶ
643 979 720 1044 ὡς
753 980 814 1034 ού
842 979 912 1034 τὰ
945 979 1111 1033 τέκνα
1154 980 1254 1050 τῆς
1283 977 1486 1051 σαρκὸς
1514 976 1687 1032 ταῦτα
1719 979 1885 1032 τέκνα

1991 973 2163 1036 daeus,
2195 989 2324 1029 vere
2363 973 2492 1028 talis
2521 973 2616 1030 sit.
2649 987 2829 1043 neque
2859 986 2990 1026 vera
3022 969 3376 1025 circumcisio
3407 969 3481 1024 sit
3515 983 3579 1022 ea

271 1070 383 1125 τοῦ
420 1069 586 1124 Θεοῦο
627 1071 749 1125 οὐδὲ
771 1073 800 1126 6
825 1071 883 1124 ὲν
911 1069 988 1140 τῷ
1028 1069 1248 1142 φανερῷ
1292 1069 1544 1134 Ἰουδαῖός
1566 1071 1736 1134 ἐστιν,
1769 1070 1890 1124 οὐδὲ

274 1162 316 1231 ἡ
352 1161 410 1212 ὲν
443 1159 522 1232 τῷ
552 1159 775 1232 φανερῷ
823 1159 882 1212 ὲν
933 1159 1098 1230 σαρκὶ
1147 1159 1440 1232 περιτομὴ,
1473 1160 1589 1214 ἀλλ’
1635 1163 1664 1214 6
1709 1162 1766 1213 ὲν
1811 1159 1890 1230 τῷ

273 1253 516 1326 κρυπτῷ
548 1253 820 1318 Ἰουδαῖος,
851 1255 946 1310 καὶ
969 1255 1241 1328 περιτομὴ
1267 1254 1493 1325 καρδίας
1520 1257 1578 1308 ὲν
1595 1253 1886 1325 πνεύματι,

271 1347 348 1400 οὔ
377 1346 690 1418 γράμματι,
724 1347 966 1402 διδάσκει
997 1347 1186 1418 σαφῶς
1211 1348 1244 1400 6
1273 1348 1614 1412 Ἀπόστολος.
1643 1349 1767 1402 Ἐπὶ
1796 1348 1888 1401 τὸν

290 1437 519 1511 Ἰσραὴλ
537 1439 770 1511 τοίνυνή
805 1440 1255 1513 μεγαλοπρέπεια
1296 1437 1460 1494 αὑτοῦ
1483 1439 1662 1508 ’,ἀλλά
1689 1441 1783 1494 καὶ
1807 1459 1825 1491 ι
1854 1442 1888 1513 ἡ

270 1529 516 1601 δύναμις
559 1531 722 1585 αὐτοῦ
749 1534 806 1586 ὲν
831 1537 949 1596 ταῖς
983 1533 1267 1604 νεφέλαις·
1305 1552 1324 1586 ι
1358 1534 1488 1606 περὶ
1532 1526 1608 1587 ὧν
1660 1535 1892 1600 Ἡσαΐας

274 1620 534 1686 Θεσπίζει
570 1623 768 1692 λέγων’
811 1642 830 1676 ι
863 1625 974 1678 Καὶ
1008 1627 1130 1689 ταῖς
1163 1623 1413 1695 νεφέλαις
1458 1624 1776 1696 ἐπελοῦμαι
1814 1627 1885 1698 μὴ

1991 1623 2188 1678 dicaus
2243 1622 2454 1678 scilicet
2509 1621 2829 1691 pr0phetas,
2883 1625 2938 1674 et
2972 1618 3285 1672 divinarum
3317 1616 3574 1685 discipli--

277 1711 478 1786 βρέξαι
521 1715 613 1768 ἐπὶ
661 1715 754 1768 τὸν
799 1715 1097 1787 ἀμπελῶνα
1129 1717 1304 1771 ὑετόν.
1343 1736 1362 1770 ι
1411 1717 1629 1788 Ἐδήλου
1674 1717 1732 1770 δὲ
1777 1719 1885 1790 ἄρα

1991 1729 2185 1769 narum
2241 1713 2518 1776 doctores,
2551 1712 2665 1782 qui,
2699 1711 3157 1767 subministrante
3186 1707 3421 1779 Spiritu,
3463 1721 3580 1762 cuia

276 1807 422 1870 τοὺς
459 1808 747 1879 προφήτας
775 1809 868 1862 καὶ
916 1809 1042 1873 τοὺς
1083 1809 1194 1862 τῶν
1239 1810 1398 1863 θείων
1443 1809 1779 1882 μαθημάτων
1809 1811 1885 1864 δι-

1991 1805 2114 1862 lesti
2142 1805 2324 1876 pluvia
2353 1805 2567 1860 animas
2597 1805 2882 1859 hominum
2915 1811 2975 1858 ut
3003 1804 3208 1858 bonum
3243 1817 3432 1874 agrum
3460 1799 3584 1854 irri-

270 1898 609 1965 δασκάλους,
643 1902 694 1955 οἳ
725 1904 792 1974 τῇ
830 1902 924 1954 τοῦ
969 1901 1288 1971 Πνεύματος
1315 1902 1550 1975 χορηγίᾳ
1596 1903 1686 1957 τὸν
1727 1904 1885 1976 οὐρά-

1993 1899 2216 1970 gabant.
2257 1899 2333 1952 Ita
2367 1913 2497 1969 ergo
2526 1896 2703 1952 virtus
2740 1896 2862 1965 ejus
2897 1897 2952 1950 in
2988 1895 3260 1950 nubibus.
3307 1911 3326 1946 ι
3349 1892 3580 1956 Μίτιιιιίοτ

273 2007 402 2046 νιον
429 1991 583 2046 ὑετὸν
607 1996 726 2056 ταῖς
763 1991 872 2047 τῶν
908 1991 1210 2066 ἀνθρώπων
1231 1993 1432 2064 ψυχαῖς
1477 1993 1667 2067 ὥσπερ
1689 1996 1748 2047 ὲν
1783 1993 1885 2066 χώ-

1996 1991 2063 2046 lis
2111 1989 2255 2045 Deus
2292 1991 2348 2044 in
2398 1990 2605 2045 sanctis
2663 1989 2834 2052 suis”
2893 1988 2990 2058 qui
3040 1988 3133 2041 alii
3185 1997 3372 2042 sunta
3411 2001 3581 2056 supra

1992 1082 2114 1136 qua:
2149 1066 2204 1120 in
2238 1081 2406 1120 carne
2438 1063 2532 1128 ﬁt;
2571 1065 2667 1120 sed
2696 1062 2924 1119 Judaaus
2950 1077 3112 1117 verus
3153 1062 3208 1115 in
3249 1060 3489 1124 occulto,
3523 1068 3581 1114 et

1991 1159 2346 1214 circumcisio
2376 1157 2562 1214 cordis
2599 1158 2652 1212 in
2685 1156 2882 1226 spiritu
2907 1197 2922 1221 ,
2967 1171 3080 1210 non
3111 1155 3168 1208 in
3197 1154 3380 1208 littera
3410 1152 3575 1216 sit",

1991 1249 2140 1304 clare
2171 1249 2333 1304 docet
2359 1249 2676 1320 Apostolus.
2721 1247 2899 1317 Super
2930 1244 3102 1300 Israel
3155 1245 3325 1314 igitur
3363 1243 3578 1314 magni-

1991 1341 2209 1397 ﬁcentia
2235 1341 2357 1410 ejus
2381 1359 2396 1408 ;
2439 1339 2537 1396 sed
2563 1340 2732 1396 etiam
2768 1358 2786 1390 ι
2813 1340 2992 1393 virtus
3015 1337 3136 1408 ejus
3167 1339 3222 1391 in
3255 1337 3528 1392 nubibus:
3550 1353 3572 1391 ι

1990 1437 2058 1492 de
2093 1436 2294 1507 quibus
2343 1436 2514 1491 Isaias
2539 1435 2872 1490 vaticinatur
2925 1433 3153 1486 dicens:
3197 1449 3216 1483 ι
3245 1429 3312 1486 Ει
3338 1431 3577 1487 nubibus

1993 1529 2267 1584 mandabo
2294 1543 2365 1582 ne
2393 1528 2585 1598 pluant
2610 1541 2779 1596 supra
2806 1526 3022 1581 vineam
3061 1524 3405 1594 pluviam”;
3433 1542 3451 1575 ι
3488 1522 3576 1577 in-

276 2100 412 2155 ραις
441 2083 672 2152 ἀγαθαῖς
697 2084 1017 2156 ὲπήρδευον.
1066 2084 1254 2150 Οὕτως
1305 2081 1398 2139 οὖν
1447 2087 1541 2140 καὶ
1579 2088 1612 2157 ἡ
1659 2085 1892 2157 δύναμις

276 2174 454 2229 αὐτοῦ
503 2177 560 2229 ἐν
581 2177 704 2240 ταῖς
737 2175 1008 2245 νεφέλαις.
1043 2195 1066 2230 ι
1092 2177 1416 2249 Θαυμαστὸς
1460 2179 1490 2231 6
1533 2177 1664 2243 Θεὸς
1691 2179 1750 2231 ὲν
1777 2181 1894 2242 τοῖς

276 2265 467 2335 ἁγίοις
489 2265 679 2332 αὐτοῦ,
712 2286 730 2319 ι
770 2267 978 2340 ἑτέροις
997 2264 1116 2322 οὖσι
1136 2269 1286 2342 παρὰ
1307 2270 1434 2334 τοὺς
1459 2269 1889 2342 προωνομασμέ-

278 2375 410 2422 νους
431 2359 718 2430 προφήτας
749 2358 844 2412 καὶ
872 2359 1226 2424 ἀποστόλους.
1264 2361 1422 2425 Τίνες
1446 2361 1491 2414 δ’
1518 2361 1583 2414 ἂν
1609 2356 1718 2414 εἶεν
1745 2355 1892 2416 οὗτοι

279 2449 402 2504 ἀλλ’
425 2451 477 2504 οἱ
504 2449 564 2516 ἐξ
593 2451 849 2505 ἀπάντων
872 2451 981 2505 τῶν
1007 2452 1182 2508 ὲθνῶν
1212 2454 1436 2522 ἁγνείας
1459 2454 1552 2516 καὶ
1579 2454 1887 2526 ἁγιωσύνης

281 2541 615 2624 ⁴ιπξιωμένοη
647 2543 704 2596 ὲν
731 2536 812 2606 οἷς
839 2543 935 2596 καὶ
968 2543 1283 2616 θαυμαστός
1307 2546 1454 2599 ἐστιν
1477 2546 1507 2599 ό
1534 2546 1687 2610 Θεὸς,
1713 2545 1888 2611 διδοὺς

278 2633 471 2696 αὐτοῖς
497 2631 727 2703 δύναμιν
768 2633 864 2686 καὶ
902 2635 1260 2706 κραταίωσιν.
1289 2637 1380 2690 Διὸ
1422 2636 1691 2706 συνῆπται
1729 2636 1882 2708 ἑξῆς·

284 2740 308 2772 α
353 2721 412 2776 Ὀ
437 2721 573 2786 Θεὸς
615 2723 834 2796 Ἰσραὴλ
859 2725 1021 2787 αὐτὸς
1049 2723 1210 2778 δώσει
1236 2725 1467 2797 δύναμιν
1493 2729 1585 2782 xal.
1615 2729 1889 2799 κραταίω-

285 2829 372 2868 σιν
403 2812 483 2884 τῷ
511 2813 628 2885 λαῷ
655 2815 846 2879 αὐτοῦ,
872 2815 1163 2888 εὐλογητὸς
1189 2818 1218 2870 6
1248 2818 1398 2882 Θεός.
1435 2838 1454 2871 ι
1482 2820 1651 2874 Πάλιν
1679 2821 1736 2874 δὲ
1760 2822 1885 2875 κάν-

283 2905 461 2959 ταῦθα
500 2905 732 2977 δύναμιν
779 2908 1094 2977 ἀναγκαίως
1122 2909 1321 2964 διδόναι
1347 2910 1593 2965 λέλεκται
1629 2912 1706 2984 τῷ
1746 2913 1887 2985 ἁγίῳ

287 2995 399 3063 λαῷ
427 2994 616 3061 αὑτοῦ,
666 2996 754 3050 ἵνα
799 2997 1024 3070 δύνηται
1073 2997 1290 3070 λέγειν’
1321 3018 1341 3052 ι
1383 3001 1569 3055 Πάντα
1621 3004 1787 3074 ἰσχύω
1827 3005 1886 3058 ὲν

286 3089 365 3160 τῷ
388 3089 778 3162 ἐνδυναμοῦντί
809 3109 896 3163 με.
929 3111 948 3144 ι
972 3093 1120 3150 Ἔδει
1150 3094 1279 3166 γὰρ,
1309 3093 1498 3167 ὥσπερ
1519 3099 1632 3160 τοῖς
1656 3099 1884 3167 εὐαγγε-

285 3182 590 3254 λιζομένοις
619 3183 799 3238 δέδοτο
823 3183 977 3256 ῥῆμα
1008 3187 1106 3240 σὺν
1132 3187 1360 3260 δυνάμει
1393 3188 1586 3262 πολλῇ,
1613 3189 1756 3244 οὕτω
1791 3190 1882 3244 καὶ

1995 2083 2312 2138 memoratis
2362 2082 2645 2152 prophetis
2698 2089 2754 2136 et
2823 2080 3112 2153 apostolis.
3171 2078 3410 2146 Quinam
3469 2078 3575 2143 illi,
3666 2104 3668 2107 τ

1996 2176 2102 2232 nisi
2143 2176 2236 2246 qui
2271 2191 2338 2231 ex
2367 2175 2627 2229 omnibus
2671 2175 2930 2246 gentibus
2967 2174 3228 2230 castitate
3273 2179 3328 2228 et
3373 2173 3582 2229 sancti.-

1995 2268 2180 2324 monia
2212 2268 2403 2323 donati
2437 2269 2602 2324 sunt?
2632 2268 2686 2320 in
2728 2267 2929 2337 quibus
2979 2265 3254 2320 mirabilis
3294 2263 3441 2320 Deus
3469 2273 3578 2328 est,

1994 2364 2090 2436 qui
2121 2364 2380 2419 virtutem
2405 2370 2462 2418 et
2490 2362 2661 2416 robur
2684 2361 2820 2430 ipsis
2852 2359 3134 2428 impertiit.
3169 2358 3350 2425 Quare
3381 2356 3582 2414 deinde

1995 2455 2344 2526 subjungitur
2375 2473 2388 2509 :
2451 2472 2467 2504 ι
2491 2452 2636 2508 Deus
2687 2450 2854 2508 Israel
2905 2451 3024 2520 ipse
3058 2449 3212 2503 dabit
3241 2449 3496 2503 virtutem
3525 2454 3582 2503 et

1995 2550 2374 2605 fortitudinem
2421 2547 2565 2618 plebi
2633 2560 2767 2610 sua},
2819 2542 3148 2599 benedictus
3209 2541 3409 2597 Deus.»
3478 2539 3582 2594 Hic

1993 2657 2217 2699 rursum
2273 2641 2528 2695 virtutem
2584 2647 2780 2694 sancto
2830 2637 3035 2706 populo
3085 2637 3209 2706 ejus
3259 2633 3579 2690 necessario

1993 2733 2109 2788 dari
2145 2732 2242 2795 ait,
2295 2739 2354 2785 ut
2384 2730 2559 2800 possit
2589 2729 2774 2784 dicere
2814 2745 2827 2782 :
2887 2725 3126 2782 cOmnia
3157 2733 3382 2798 pessum
3413 2725 3470 2778 in
3512 2739 3581 2779 eo

1992 2825 2086 2897 qui
2137 2841 2223 2879 me
2269 2823 2665 2878 confortat“.i
2705 2819 2966 2891 Oportuit
2991 2818 3165 2882 enim,
3197 2825 3256 2871 ut
3293 2816 3575 2885 evangelio

1993 2917 2250 2971 zantibus
2284 2915 2512 2970 verbum
2541 2913 2730 2967 datum
2782 2910 2960 2965 fuerat
2985 2925 3109 2964 cum
3143 2910 3348 2962 virtute
3377 2906 3575 2968 multa,

1994 3007 2069 3061 ita
2099 3020 2323 3076 quoque
2357 3003 2563 3074 p0pu|o
2609 3002 2732 3071 ejus
2783 3000 2953 3054 robur
2985 3007 3040 3053 et
3070 2998 3324 3053 virtutem
3363 2995 3576 3051 submi-

1992 3096 2242 3160 nistrari,
2277 3103 2338 3149 ut
2370 3094 2546 3165 possit
2592 3103 2784 3150 contra
2817 3093 3094 3148 versutias
3141 3089 3348 3144 diaboli
3389 3088 3577 3143 consi-

1993 3198 2159 3256 stere,
2193 3203 2257 3244 ac
2289 3189 2518 3260 perinde
2548 3196 2712 3257 atque
2743 3185 2948 3239 Paulus
2981 3185 3167 3238 dicere
3200 3201 3213 3237 :
3259 3201 3277 3233 ι
3308 3180 3444 3248 Quis
3475 3195 3578 3234 nos

282 3274 364 3353 τῷ
408 3274 522 3346 λαῷ
561 3275 726 3330 αὑτοῦ
777 3277 1112 3348 κραταίωσιν
1167 3281 1263 3334 καὶ
1305 3281 1534 3354 δύναμιν
1593 3285 1875 3356 παρέχειν,

1990 3281 2257 3354 separabit
2289 3297 2319 3336 a
2351 3280 2623 3337 cbaritatc
2651 3277 2780 3334 Dei?
2818 3276 3129 3339 tribulatio,
3181 3290 3249 3330 an
3291 3272 3575 3344 angustia,

284 3367 424 3437 πρὸς
457 3368 518 3420 τὸ
545 3367 804 3423 δύνασθαι
844 3371 1094 3425 ἵστασθαι
1141 3373 1278 3444 πρὸς
1325 3373 1425 3439 τάς
1458 3375 1739 3446 μεθοδείας
1784 3376 1878 3431 τοῦ

1988 3393 2056 3432 an
2090 3373 2425 3447 persecutio,
2454 3388 2523 3427 an
2553 3371 2788 3426 fames"
2809 3371 2832 3424 ?
2853 3389 2872 3424 ›
2912 3379 2967 3425 et
2995 3370 3081 3425 his
3109 3366 3332 3423 similia.

284 3457 552 3528 διαϐόλου,
577 3465 671 3518 καὶ
710 3464 890 3533 λέγειν
921 3465 1124 3536 ὁμοίως
1189 3467 1420 3538 Παύλῳ*
1477 3488 1496 3522 ι
1530 3471 1626 3534 Τίς
1684 3473 1832 3543 ἡμᾶς
1868 3473 2094 3544 χωρίσει
2139 3470 2248 3524 ἀπὸ
2288 3470 2389 3540 τῆς
2432 3467 2652 3537 ἀγάπης
2704 3463 2800 3518 τοῦ
2840 3463 3018 3528 Θεοῦῖ
3068 3461 3246 3531 θλίψις
3292 3459 3326 3531 ἦ
3397 3473 3580 3514 στενο·

285 3554 481 3624 χωρία,
512 3554 830 3627 ἢδιωγμὸς,
874 3557 906 3628 ἢ
955 3557 1140 3629 λιμός;
1174 3577 1192 3610 ι
1229 3559 1324 3614 καὶ
1354 3560 1423 3613 τὰ
1461 3561 1673 3626 τούτοις
1709 3563 2086 3637 παραπλήσια.
2518 3629 2520 3632 ν

289 3666 398 3720 ΕΙΣ
438 3665 525 3721 ΤΟ
567 3668 824 3729 ΤΕΛΟΣ,
879 3669 1066 3723 ΥΠΕΡ
1125 3671 1261 3724 ΤΩΝ
1311 3674 1880 3731 ΑΛᾹΟΙΩΘΗΣΟΜΕ-

1990 3675 2052 3730 IN
2101 3673 2354 3739 men,
2392 3669 2532 3726 rso
2584 3666 2840 3739 "sou:
2897 3659 3575 3739 coinagurauuurua,

727 3740 890 3805 NoN,
929 3741 1022 3813 T9
1059 3743 1282 3797 AAriA.
1323 3743 1448 3798 Ξιιν.

367 3846 387 3880 ι
426 3827 610 3883 Σῶσόν
665 3847 754 3900 με,
802 3831 830 3883 6
873 3830 1028 3897 Θεὸς,
1061 3833 1143 3887 ὅτι
1191 3835 1514 3907 είσήλθοσαν
1563 3837 1733 3893 ὕδατα
1777 3838 1884 3902 ἕως

291 3918 468 3992 ψυχῆς
527 3939 647 3992 μου.
694 3941 713 3974 ι
775 3923 1048 3994 Τέτταρές
1105 3925 1243 3980 εἰσιν
1300 3929 1350 3980 οἱ
1409 3929 1882 4002 ἐπιγεγραμμένοι

299 4030 316 4062 ι
361 4011 532 4084 Ὑπὲρ
556 4014 666 4069 τῶν
689 4014 1206 4088 ἀλλοιωθησομένων
1223 4035 1236 4050 ο
1275 4037 1295 4071 ι
1331 4019 1425 4074 δύο
1453 4021 1552 4092 μὲν
1574 4021 1668 4076 τοῦ
1698 4022 1880 4086 Δαυῒδ,

295 4106 322 4159 6
351 4105 490 4177 μετά
515 4109 704 4179 χεῖρας
729 4110 822 4162 καὶ
846 4111 876 4162 6
907 4109 1004 4163 v0"
1027 4110 1137 4164 τῶν
1168 4111 1228 4165 δὲ
1256 4112 1389 4166 υἱῶν
1411 4115 1556 4186 Κορὲ
1581 4109 1682 4180 εἷς,
1713 4117 1740 4170 6
1777 4116 1882 4186 μδν,

299 4195 389 4246 καὶ
433 4196 529 4248 τοῦ
571 4196 744 4267 Ἀσάφ
789 4199 992 4268 ὁμοίως
1037 4200 1067 4252 6
1108 4199 1203 4253 06'.
1251 4200 1376 4255 Ἐπὶ
1419 4203 1636 4258 πάντων
1674 4204 1730 4258 δὲ
1764 4207 1884 4259 ἀντὶ

299 4284 411 4350 τοῦ,
455 4305 475 4339 ι
518 4287 692 4363 ’Υπὲρ
741 4289 850 4342 τῶν
896 4291 1434 4365 ἀλλοιωθησομένων,
1470 4317 1488 4348 ι
1523 4299 1552 4351 6
1587 4297 1684 4368 μὲν
1725 4298 1884 4352 Ἀκύ-

300 4376 412 4442 λας,
447 4397 466 4430 ι
516 4381 641 4434 Ἐπὶ
684 4381 908 4453 κρίνων,
945 4403 964 4435 ι
1011 4383 1342 4439 ἐκδέδωκενο
1391 4389 1420 4441 6
1461 4389 1519 4441 δὲ
1567 4388 1883 4461 Σύμμαχος,

303 4489 321 4522 ι
364 4470 538 4543 ’Υπὲρ
577 4471 687 4526 τῶν
730 4472 928 4528 ἀνθῶν.
967 4491 986 4526 ι
1036 4473 1095 4529 '0
1121 4477 1219 4547 μὲν
1246 4473 1338 4531 οὖν
1374 4479 1458 4549 μδ’
1483 4478 1580 4550 τὴν
1627 4483 1758 4551 περὶ
1791 4482 1884 4536 τοῦ

310 4561 617 4634 ’Δγαπητοῦ
668 4566 1008 4638 προφητείαν
1048 4571 1314 4640 περιεῖχε,
1361 4571 1462 4641 τῆς
1501 4587 1561 4624 τε
1610 4571 1671 4636 ἐξ
1714 4571 1884 4626 ἐθνῶν

2428 3740 2559 3797 IPSI
2601 3738 2837 3794 DAVID.
2881 3735 3113 3792 LXVIII.

2056 3837 2226 3893 Vens.
2258 3836 2314 3899 2,
2346 3835 2398 3891 5.
2439 3854 2458 3886 ι
2498 3833 2721 3890 Salvum
2753 3847 2840 3888 me
2878 3828 3180 3893 fac,.Deus.
3214 3824 3474 3897 quoniam
3502 3824 3581 3878 in-

1987 3939 2274 3987 traverunt
2296 3944 2450 3999 aqua:
2478 3942 2652 3998 usque
2683 3925 2750 3979 ad
2773 3923 3013 3978 animam
3043 3934 3241 3974 meam.
3274 3937 3294 3969 ι
3329 3916 3582 3982 Quatuor

1986 4023 2182 4094 psalmi
2221 4041 2238 4072 ι
2295 4019 2404 4074 Pro
2457 4020 2526 4074 iis
2576 4017 2671 4088 qui
2714 4013 3202 4070 conimutabuntur
3258 4029 3276 4062 ι
3325 4009 3578 4080 inscripti

1988 4119 2139 4168 sunt.
2171 4108 2290 4163 Duo
2323 4107 2568 4169 Davidis,
2603 4119 2802 4175 nempe
2835 4103 2924 4157 hic
2973 4117 3134 4172 quem
3189 4105 3492 4156 tractamus
3525 4108 3582 4156 et

1990 4221 2083 4258 ιιι
2115 4223 2127 4257 :
2159 4203 2394 4256 ﬁliorum
2423 4199 2563 4254 Core
2585 4212 2750 4260 unus,
2770 4195 2980 4251 scilicet
3005 4207 3128 4247 xuv
3153 4210 3168 4260 ;
3197 4192 3324 4262 A83]
3343 4192 3398 4246 hi
3427 4192 3582 4247 sitni-

1987 4297 2110 4351 Iiler
2142 4308 2330 4350 Lxxrx.
2363 4290 2421 4344 In
2449 4289 2711 4345 omnibus
2760 4301 2926 4357 porro
2953 4284 3104 4339 illius
3134 4285 3274 4350 loco,
3309 4305 3330 4334 ι
3373 4283 3481 4338 Pro
3512 4285 3579 4340 iis

1989 4387 2083 4458 qui
2113 4386 2624 4444 commutabuntur,
2665 4399 2684 4434 ι
2724 4379 2944 4449 Aquila,
2978 4397 2997 4429 ι
3034 4376 3212 4449 Super
3233 4377 3365 4443 lilia,
3402 4395 3421 4429 ι
3458 4376 3578 4431 edi-

1991 4481 2073 4536 dit
2100 4499 2115 4546 ;
2141 4478 2504 4551 Symmachus
2535 4489 2686 4536 vero,
2719 4492 2738 4525 ι
2783 4473 2889 4526 Pro
2917 4469 3164 4525 ﬂoribus.
3205 4488 3224 4521 ι
3263 4467 3582 4541 Quadrage-

1992 4574 2168 4628 simus
2195 4573 2380 4641 itaque
2412 4575 2644 4640 quartus
2673 4565 2742 4621 de
2775 4563 2984 4618 Dilecto
3025 4562 3388 4633 preplhetiam,
3413 4570 3580 4632 atque

309 4655 632 4726 Ἐκκλησίας
677 4657 777 4730 τὴν
810 4659 920 4712 ἀπὸ
961 4659 1071 4713 τῶν
1100 4661 1356 4734 χειρόνων
1396 4663 1492 4718 ἐπὶ
1532 4663 1602 4717 τά
1649 4665 1882 4738 κρείττω

1990 4668 2228 4739 gentium
2269 4662 2534 4718 Ecclesiae
2565 4675 2595 4713 a
2635 4658 2918 4730 pejoribus
2952 4656 3018 4711 ad
3055 4654 3282 4710 meliora
3327 4655 3580 4740 immuta-

297 4749 580 4805 ἀλλοίωσιν
601 4769 616 4784 ο
659 4753 688 4805 6
730 4753 788 4808 δὲ
833 4756 1200 4826 πεντηκοστὸς
1247 4756 1435 4822 ἔνατος
1474 4757 1746 4830 ἀποϐολὴν
1786 4758 1881 4812 τοῦ

1990 4761 2214 4822 tionem,
2268 4753 2694 4825 complectitur;
2733 4748 3227 4820 quinquagesimus
3261 4763 3441 4803 nouus
3482 4748 3580 4801 ab-

312 4842 578 4897 Ἰουδαίων
609 4843 796 4911 ἔθνους
825 4848 919 4902 καὶ
949 4848 1060 4902 τῶν
1093 4848 1406 4919 ἀλλοφύλων
1445 4849 1616 4904 ἐθνῶν
1656 4851 1756 4921 τὴν
1789 4851 1882 4903 ἐπὶ

1990 4850 2281 4922 jectionem
2302 4845 2518 4902 Judaici
2541 4843 2749 4916 populi,
2767 4842 3310 4913 alienigenarumque
3333 4840 3575 4910 gentium

301 4931 364 4985 τὰ
389 4932 652 4987 κάλλιστα
683 4935 984 5008 μεταϐολήν
1002 4953 1017 4969 °
1058 4940 1088 4991 6
1113 4938 1172 4992 δὲ
1199 4938 1274 4992 οθ⁹
1307 4935 1463 5003 αὖθις
1493 4940 1592 5010 τὴν
1621 4939 1717 4993 τοῦ
1755 4941 1885 4993 Ἰου-

300 5022 457 5078 δαίων
483 5024 670 5090 έθνους
698 5029 1038 5096 ἀπόπτωσιν,
1066 5032 1161 5086 καὶ
1193 5031 1286 5086 τοῦ
1309 5031 1562 5104 Σωτῆρος
1591 5030 1750 5103 ἡμῶν
1784 5031 1882 5103 τὴν

302 5115 706 5189 ὲνανθρώπησιν
741 5121 1014 5192 σημαίνει.
1044 5123 1283 5188 Εἰκότως
1310 5118 1405 5177 οὖν
1433 5125 1528 5177 καὶ⁵
1557 5124 1586 5176 6
1612 5121 1752 5194 μετά
1775 5125 1884 5193 χεῖ-

307 5226 416 5281 ρας,
471 5227 490 5262 ι
538 5210 709 5284 ’Υπὲρ
755 5213 864 5268 τῶν
905 5215 1438 5288 ἀλλοιωθησομένων,
1492 5235 1510 5267 ι
1543 5215 1600 5286 ἢ,
1649 5234 1666 5266 ι
1716 5216 1885 5288 ’Υπὲρ

303 5302 404 5356 τῶν
425 5302 624 5368 ἀνθῶν,
657 5324 676 5356 ι
708 5306 851 5360 κατά
871 5309 962 5362 τὸν
996 5309 1401 5381 Σύμμαχον,’ῆ,
1435 5328 1453 5361 ι
1477 5309 1602 5363 Ἐπὶ
1623 5309 1878 5382 κρίνων.»

306 5392 443 5447 κατὰ
470 5393 562 5447 τὸν
605 5395 852 5463 Ἀκύλαν,
880 5399 1282 5471 ἐπιγέγραπται
1302 5419 1314 5433 ·
1345 5403 1534 5474 ἐπειδὴ
1563 5403 1664 5473 τὴν
1695 5403 1789 5455 ἐπὶ
1822 5401 1883 5456 τὸ

1990 4942 2057 4997 ad
2109 4937 2564 5012 przestantissima
2590 4933 3009 4992 conversionem
3041 4950 3062 4999 ;.
3094 4947 3315 4987 rursum
3351 4939 3578 5001 septua-

1989 5033 2233 5106 gesimus
2272 5046 2452 5084 nonus
2500 5027 2717 5083 Judaici
2748 5026 2934 5097 populi
2970 5026 3203 5095 lapsum,
3237 5031 3292 5079 et
3327 5023 3578 5078 Salvato-

1993 5131 2070 5186 ris
2124 5127 2301 5183 nostri
2355 5123 2789 5180 incarnationem
2855 5119 3148 5190 signiﬁcat.
3199 5115 3333 5172 Jure
3392 5116 3577 5186 itaque

1943 5253 1948 5256 -
1992 5238 2234 5295 praesens
2265 5221 2393 5277 item
2425 5219 2693 5290 psalmus,
2732 5235 2752 5265 ι
2787 5213 2893 5270 Pro
2931 5215 3000 5270 iis
3025 5213 3119 5283 qui
3153 5210 3576 5268 commutabitu-

1991 5326 2120 5382 tur;
2169 5337 2188 5367 ι
2223 5320 2318 5368 aut
2368 5331 2386 5362 ι
2423 5309 2528 5365 Pro
2569 5308 2817 5368 ﬂoribus,
2863 5329 2880 5357 ο
2927 5312 2984 5360 ιιι
3029 5303 3573 5375 Symmachus;aut,

1996 5429 2014 5462 ι
2051 5410 2230 5479 Super
2253 5405 2388 5472 lilia,
2428 5423 2449 5457 ι
2487 5412 2549 5457 ιιι
2585 5401 2802 5472 Aquila,
2835 5397 3138 5468 inscriptus
3167 5403 3272 5458 est,
3307 5393 3435 5464 quia
3473 5407 3574 5462 po-

308 5486 481 5558 χεῖρον
527 5485 810 5544 ἀλλοίωσιν
844 5491 940 5546 τοῦ
975 5494 1041 5546 ὲκ
1084 5494 1389 5564 περιτομῆς
1420 5492 1550 5547 λαοῦ
1595 5494 1690 5548 καὶ
1723 5493 1882 5558 αὐτὸς

1990 5501 2102 5570 puli
2128 5515 2197 5556 ex
2227 5495 2655 5554 circumcisione
2687 5492 2752 5548 ad
2781 5491 2969 5562 pejora
3009 5487 3366 5544 mutationem
3400 5483 3584 5538 conti-

309 5577 566 5650 περιέχει,
594 5578 708 5648 οὓς,
733 5583 894 5654 κρίνα
924 5585 1016 5638 καὶ
1042 5585 1179 5654 ἄνθη
1209 5586 1350 5640 κατά
1378 5587 1570 5658 καιρὸν
1593 5585 1881 5656 ὀφθέντας,

308 5670 336 5738 ἡ
363 5670 458 5723 ἐπὶ
498 5669 565 5724 τά
591 5673 758 5744 χείρω
791 5673 1061 5744 διεδέξατο
1106 5678 1396 5752 μετασολή.
1431 5678 1650 5732 Ἀνθεσι
1676 5678 1733 5731 δὲ
1782 5678 1884 5731 αὐ-

372 5785 416 5822 ⁶τ
441 5784 584 5864 ξδτιι.
625 5805 742 5857 vui,
820 5793 874 5850 Ξ.
953 5796 997 5830 ⁸⁸
1029 5794 1186 5853 Rom.
1225 5813 1300 5864 Ix,
1332 5796 1440 5852 6-8.

311 5872 422 5920 mi,
452 5857 540 5914 '55.

1546 5797 1588 5830 "
1615 5796 1772 5853 Ilom.
1809 5815 1870 5863 ιι,
1905 5799 1996 5869 28,
2035 5800 2126 5856 29.

1985 5600 2102 5657 net,
2154 5591 2248 5662 qui
2295 5603 2420 5643 cum
2474 5587 2606 5641 Iiliis
2661 5591 2715 5640 et
2757 5582 2990 5637 ﬂoribus
3037 5580 3166 5635 olim
3213 5577 3423 5634 similes
3471 5575 3576 5631 visi

1988 5681 2246 5745 fuissent,
2300 5679 2412 5750 jam
2457 5676 2526 5731 ad
2579 5675 2852 5732 deteriora
2905 5671 3274 5727 declinarunt.
3319 5667 3575 5722 Floribus

2231 5803 2278 5832 7°
2318 5801 2427 5855 Isa.
2463 5815 2516 5862 ν,
2551 5796 2602 5852 6.
2707 5797 2749 5828 τί
2777 5793 3014 5862 Ριὶἰιίιοι).
3051 5807 3126 5854 Iv,
3171 5789 3258 5844 I3.
3337 5791 3380 5820 τ’
3413 5787 3569 5843 Ilum.

2707 5797 2749 5828 τί
2777 5793 3014 5866 Pliilipp.
3051 5807 3126 5854 Iv,
3171 5789 3258 5844 I3.
