4086 6442
482 307 586 362 7'23

1161 304 1433 362 EUSEB“
1471 288 1954 360 CASSARIENSIS
1993 299 2142 354 OPP.
2183 295 2366 351 PARS
2402 294 2490 352 lll.
2521 325 2590 335 --
2630 288 3040 347 EXEGEI‘ICA.

3714 272 3815 325 721

481 431 667 479 autem
696 423 820 478 illos
861 422 1035 479 isaias
1087 431 1372 492 comparat
1400 423 1627 478 dicens:
1664 439 1681 472 ι
1715 419 1908 474 Omnis
1932 432 2064 472 caro

2182 415 2291 476 τοὺς
2318 410 2655 484 παραϐάλλει
2683 409 2777 462 καὶ
2810 408 2839 459 6
2873 406 3099 467 Ἡσαΐας
3125 403 3297 472 λέγων
3321 418 3340 436 ο
3393 418 3418 450 ι
3466 396 3652 452 Πᾶσα
3680 392 3818 463 σάρξ

483 517 692 582 fenum,
723 521 778 568 et
808 514 987 570 omnis
1014 515 1186 584 gloria
1220 513 1343 582 ejus
1373 513 1530 583 quasi
1565 512 1664 567 llos
1696 510 1829 565 feni.
1869 509 2062 564 Exsic-

480 612 666 659 catum
695 612 782 659 est
831 605 1037 666 fenum,
1079 611 1133 658 et
1165 604 1266 657 llos
1306 601 1506 656 decidit
1534 601 1601 654 τι.
1648 621 1666 653 ι
1720 598 1887 666 Queis
1940 614 2066 668 spe-

480 696 694 752 ciosum
727 695 880 750 illum
901 695 970 750 ad
998 694 1160 748 breve
1186 700 1402 763 tempus
1427 692 1711 747 ﬂorentem
1739 703 2064 759 corporeum

479 783 794 842 Iudaeorum
826 783 1033 840 cultum
1073 783 1201 837 feno
1231 791 1287 838 et
1315 783 1543 838 ﬂoribus
1575 781 1807 836 confert.
1839 778 1897 833 In
1923 794 2064 850 pra:-

483 880 626 936 senti
658 894 877 951 quoque
905 877 1081 932 floridi
1112 892 1302 931 eorum
1339 884 1516 931 status
1539 876 1606 930 ad
1633 875 1907 929 deteriora
1940 889 2065 926 mu-

482 972 746 1028 tationem
782 976 838 1024 et
867 968 1284 1024 conversionem
1315 965 1556 1021 declarat
1599 967 1652 1020 in
1688 964 2064 1035 sequentibus,

484 1064 578 1120 ubi
619 1062 824 1119 dicitur
853 1081 867 1117 :
895 1080 914 1113 ι
953 1059 1073 1115 Fiat
1105 1076 1294 1132 mensa
1349 1075 1539 1114 eorum
1593 1073 1777 1112 coram
1828 1057 1964 1127 ipsis
2011 1057 2066 1110 in

483 1155 779 1224 laqueum,
830 1159 886 1206 et
939 1151 995 1206 in
1041 1150 1459 1206 retributionem
1513 1156 1566 1203 et
1612 1149 1666 1202 in
1721 1147 2063 1202 scandalum.

481 1244 860 1301 Obseurentur
889 1243 1034 1298 oculi
1078 1257 1294 1305 eorum,
1346 1256 1416 1294 ne
1467 1239 1712 1306 videant,
1769 1258 1788 1292 ι
1843 1245 1950 1293 etc.
2006 1238 2069 1290 lit

482 1335 612 1405 quia
644 1333 826 1404 longis
858 1341 1047 1404 postea
1069 1332 1410 1402 temporibus
1449 1331 1566 1386 haec
1596 1338 1859 1386 eventura
1883 1335 2064 1389 erant,

484 1421 827 1486 necessario,
870 1439 888 1470 ι
923 1419 982 1473 ln
1024 1421 1210 1482 linem,
1254 1437 1274 1470 ι
1311 1417 1638 1487 inscriptum
1687 1423 1790 1472 est.
1829 1413 1894 1479 Et
1939 1429 2068 1468 vero

484 1527 664 1582 neque
702 1512 971 1582 psalmus,
1012 1525 1190 1579 neque
1235 1510 1531 1570 canticum,
1583 1523 1762 1577 neque
1811 1506 2064 1577 hymnus,

489 1617 664 1672 neque
689 1601 820 1671 quid
851 1599 1032 1655 simile
1061 1607 1146 1654 est
1175 1617 1188 1653 :
1221 1599 1348 1668 quia
1400 1613 1464 1652 ea
1508 1613 1629 1666 qua:
1656 1598 2070 1666 subsequuntur

487 1708 596 1749 non
647 1701 1018 1748 consentanea
1048 1691 1141 1745 tali
1197 1691 1355 1745 titulo
1406 1698 1584 1746 erant.
1637 1689 1818 1755 Quare
1864 1690 2070 1746 dixeris

2171 508 2382 579 χόρτος,
2413 505 2506 558 καὶ
2532 506 2683 557 πᾶσα
2713 501 2840 566 δόξα
2872 499 3042 570 αὐτῆς
3071 497 3146 561 ώς
3187 495 3354 559 ἄνθος
3390 485 3820 579 χόρτουζέξη-

2175 572 2345 672 ράνθη
2377 601 2406 651 6
2447 597 2663 668 χόρτος,
2696 597 2790 648 καὶ
2817 594 2880 646 τὸ
2921 591 3080 654 ἄνθος
3107 589 3336 656 ἐξέπεσε
3370 603 3388 616 ·
3439 603 3465 637 ι
3529 581 3611 634 δι’
3639 572 3721 632 ὢν
3742 581 3821 672 τὸ

2173 671 2309 764 πρὸς
2349 691 2556 763 βραχύν
2584 706 2704 742 τινα
2744 685 2934 758 χρόνον
2967 683 3207 753 άνθῆσαν
3236 680 3329 734 καὶ
3371 677 3624 749 ὡραῖον
3655 671 3824 740 ὀφθὲν
3855 691 3858 694 ’

2170 787 2270 857 τῆς
2299 782 2617 854 σωματικῆς
2651 779 2922 834 Ἰουδαίων
2967 774 3262 847 θρησκείας
3304 772 3527 844 χόρτῳ
3575 765 3687 820 καὶ
3721 765 3828 857 ,ἄν-

2173 875 2322 928 θεσιν
2369 872 2677 936 ἀπεικάζει.
2714 871 2824 924 Καὶ
2867 867 2957 922 διὰ
2997 867 3106 922 τῶν
3150 863 3582 937 προκειμένων
3634 856 3830 909 τοίνυν

2172 971 2269 1044 τὴν
2300 971 2584 1026 ἀλλοίωσιν
2616 968 2708 1022 καὶ
2739 967 2839 1038 τὴν
2875 965 2966 1018 ἐπὶ
3006 963 3067 1017 τὸ
3095 965 3275 1034 χεῖρον
3326 952 3694 1032 μεταϐολὴν
3723 953 3830 1044 τῆς

2173 1039 2341 1134 ἄνθης
2369 1062 2487 1134 (sic)
2533 1059 2712 1115 αὐτῶν
2758 1058 3054 1129 παρίστησι
3099 1053 3303 1127 προῖὼν
3330 1055 3359 1106 6
3394 1050 3596 1118 λόγος
3645 1049 3710 1100 ἐν
3746 1039 3829 1108 οἷς

2175 1173 2344 1226 φησι·
2384 1174 2402 1205 ι
2439 1152 2726 1223 Γενηθήτω
2760 1147 3067 1222 ήτράπεζα
3107 1146 3288 1201 αὐτῶν
3321 1141 3605 1199 ἐνώπιον
3637 1136 3831 1192 αὐτῶν

2174 1249 2254 1311 είς
2284 1245 2488 1314 παγίδα
2529 1243 2624 1297 καὶ
2659 1243 2738 1305 είς
2783 1239 3137 1295 ἀνταπόδοσιν
3177 1237 3272 1291 καὶ
3319 1238 3406 1299 εἰς
3464 1229 3827 1288 σκάνδαλον,

2175 1337 2623 1408 Σκοτισθήτωσαν
2651 1337 2701 1389 of.
2725 1332 2996 1404 ὀφθαλμοὶ
3021 1330 3200 1386 αὐτῶν
3225 1329 3317 1382 τοῦ
3353 1327 3440 1398 μὴ
3489 1323 3773 1395 βλέπειν,
3805 1341 3825 1371 ›

2175 1431 2269 1485 καὶ
2294 1430 2361 1483 τὰ
2384 1429 2532 1498 ἐξῆς.
2557 1429 2668 1482 Καὶ
2696 1425 2994 1496 ἐπειδήπερ
3031 1424 3260 1494 μακροῖς
3288 1419 3422 1472 ὖστε
3430 1434 3552 1488 ρον
3595 1413 3833 1484 χρόνοις

2173 1522 2349 1577 ταῦτα
2380 1522 2444 1574 δι’
2475 1520 2650 1593 ἔργων
2682 1519 2880 1590 χωρεῖν
2907 1515 3149 1587 ἔμελλον,
3173 1511 3512 1580 ἀναγκαίως
3558 1525 3582 1558 ι
3625 1507 3736 1569 Et;
3769 1504 3833 1558 τὸ

2176 1615 2327 1679 τέλος
2365 1634 2382 1665 ι
2419 1611 2860 1684 προγέγραπται.
2897 1606 2970 1661 Οὔ
2986 1624 3034 1660 τε
3081 1606 3138 1660 δὲ
3183 1604 3398 1676 ψαλμός
3433 1605 3651 1664 ἐστιν,
3695 1597 3831 1652 οὔτε

2175 1707 2304 1779 ᾠδὴ,
2339 1705 2462 1760 οὕτε
2506 1705 2693 1775 ὕμνος,
2717 1701 2841 1756 οὔτε
2883 1719 2936 1755 τι
2978 1698 3254 1753 τοιοῦτονο
3285 1697 3407 1750 ἐπεὶ
3461 1694 3636 1767 μηδὲ
3689 1707 3834 1756 κατ-

488 1787 829 1858 prophetiam
857 1801 980 1846 esse
1014 1801 1082 1839 ex
1111 1799 1345 1856 persona
1379 1783 1688 1839 Servatoris
1711 1785 1888 1840 nostri
1919 1800 2076 1840 enar-

2182 1800 2380 1869 άλληλα
2406 1795 2474 1869 ἦν
2519 1797 2589 1850 τὰ
2622 1795 2984 1865 ἐπιλεγόμενα
3043 1791 3267 1862 τοιαύτῃ
3309 1787 3682 1862 προγραφῇ.
3733 1782 3832 1837 Διὸ

488 1881 664 1935 rantis
708 1894 773 1935 ea
807 1895 929 1950 qua:
967 1878 1073 1937 sibi
1109 1887 1300 1949 postea
1338 1878 1728 1948 contigerunt;
1760 1878 2072 1948 przedictio-

488 1987 723 2042 nemque
751 1987 941 2026 eorum
971 1987 1090 2042 quae
1113 1970 1318 2028 Iudaeis
1348 1981 1470 2040 post
1507 1979 1690 2025 tantos
1721 1985 1892 2025 ausus
1925 1969 2074 2023 illata

489 2071 640 2119 simi.
679 2064 906 2118 Orditur
944 2065 1130 2134 itaque
1179 2065 1440 2118 Servator
1479 2063 1784 2117 orationem
1818 2063 2075 2118 emittens

488 2157 556 2212 ad
604 2156 820 2214 Patrem
873 2157 960 2218 bis
1011 2158 1192 2212 verbis
1245 2176 1260 2211 :
1318 2174 1338 2203 ο
1383 2155 1602 2211 Salvum
1638 2171 1723 2210 me
1773 2155 1879 2219 fac,
1908 2155 2074 2219 Deus,

487 2249 749 2320 quoniam
822 2250 1168 2305 intraverunt
1239 2264 1394 2319 aqua:
1457 2263 1632 2318 usque
1700 2247 1768 2302 ad
1836 2247 2074 2301 animam

489 2357 688 2398 meam.
726 2361 744 2394 ›
792 2340 1170 2411 Videnturque
1207 2341 1339 2400 mihi
1380 2341 1447 2394 de
1476 2340 1746 2396 industria
1781 2340 1898 2404 haec
1947 2355 2072 2394 cum

489 2434 652 2490 dictis
683 2435 740 2489 in
773 2434 1100 2505 praecedenti
1138 2433 1352 2504 psalmo
1387 2432 1682 2502 conjuncta
1713 2447 1854 2488 esse.
1891 2431 1950 2486 In
1980 2431 2075 2487 illo

489 2541 728 2598 namque
780 2525 1104 2586 dicebatur:
1155 2545 1172 2576 ‹
1235 2523 1379 2578 Dixit
1414 2523 1716 2582 Dominus:
1771 2523 1849 2576 Ex
1897 2522 2075 2577 Basan

488 2626 829 2682 convertam,
863 2627 1180 2676 convertam
1211 2633 1275 2671 ex
1303 2617 1578 2687 profundo
1623 2616 1792 2671 maris
1816 2615 1892 2681 7i‘;
1952 2634 1970 2666 ι
2021 2614 2076 2670 in

490 2713 596 2768 hoc
624 2727 774 2776 vero,
805 2729 828 2770 ι,
861 2710 992 2766 Veni
1026 2712 1080 2765 in
1113 2711 1456 2766 altitudinem
1482 2710 1672 2773 maris,
1695 2717 1749 2764 et
1779 2718 2076 2781 tempestas

491 2804 753 2862 demersit
777 2820 884 2860 me.
921 2825 941 2857 ι
969 2803 1225 2874 Oportuit
1247 2805 1391 2861 enim
1412 2803 1630 2858 edoceri
1657 2819 1758 2858 nos
1785 2819 1896 2874 quo
1917 2814 2076 2873 pacto

491 2897 843 2956 descenderit
874 2898 1138 2954 Dominus
1158 2901 1213 2954 in
1245 2899 1444 2963 Basan,
1471 2899 1617 2969 quod
1641 2906 1725 2953 est
1751 2899 2074 2968 ignominia,

489 3001 547 3046 et
575 2992 853 3064 quomodo
881 2993 1098 3056 dixerit,
1136 3012 1154 3043 ι
1190 2991 1518 3047 Convertam
1551 3007 1620 3046 ex
1659 2990 1932 3062 profundo
1963 3006 2078 3044 ma—

493 3087 593 3141 ris.
643 3105 662 3138 ι
710 3083 892 3152 Quare
943 3086 1058 3139 haec
1109 3085 1226 3156 ipsa
1279 3084 1334 3138 in
1370 3084 1626 3153 praesenti
1675 3083 1961 3138 declarat:
2008 3081 2078 3137 de

2176 1892 2352 1955 εἴποις
2401 1891 2465 1944 ἂν
2517 1889 2856 1962 προφητείαν
2904 1888 2968 1940 ἐκ
3013 1884 3307 1957 προσώπου
3350 1881 3451 1936 τοῦ
3531 1878 3832 1948 Σωτῆρος

2177 1984 2332 2055 ἡμῶν
2362 1983 2648 2047 διεξιόντος
2710 1981 2780 2033 τὰ
2814 1979 2942 2050 περὶ
2974 1977 3137 2030 αὑτὸν
3174 1973 3626 2046 συμϐεϐηκότα,
3684 1987 3830 2041 προ-

2177 2077 2522 2150 αναφώνησίν
2564 2095 2623 2130 τε
2667 2075 2777 2129 τῶν
2827 2074 3099 2137 Ἰουδαίοις
3120 2072 3459 2125 ἐπελθόντων
3530 2067 3699 2140 μετὰ
3755 2065 3828 2119 τὰ

2177 2171 2295 2224 κατ’
2331 2170 2526 2232 αὐτοὺς
2565 2165 2964 2238 τετολμημένα.
3003 2163 3332 2235 Ἀρχόμενος
3361 2161 3406 2214 δ’
3438 2155 3557 2214 οὖν
3615 2158 3650 2210 ὁ
3697 2157 3822 2209 Σω-

2175 2263 2299 2336 τὴρ,
2327 2263 2493 2334 εὐχὴν
2520 2261 2834 2330 ἀναπέμπει
2859 2255 2996 2328 πρὸς
3027 2254 3119 2307 τὸν
3143 2253 3363 2324 Πατέρα
3382 2251 3585 2320 λέγων
3615 2267 3632 2281 ·
3669 2268 3690 2300 ι
3711 2247 3822 2300 Σῶ-

2179 2359 2270 2414 σόν
2327 2374 2415 2428 με,
2465 2358 2493 2408 6
2546 2353 2700 2416 Θεὸς,
2750 2353 2832 2404 ὅτι
2881 2347 3199 2419 είσήλθοσαν
3253 2345 3422 2399 ὕδατα
3450 2345 3582 2406 ἕως
3619 2341 3820 2411 ψυχῆς

2181 2467 2303 2522 μου.
2346 2468 2365 2500 ι
2402 2446 2512 2500 Καί
2557 2462 2646 2516 μοι
2684 2443 2832 2496 δοκεῖ
2870 2438 3014 2493 κατὰ
3045 2437 3200 2506 λόγον
3243 2435 3416 2490 ταῦτα
3452 2437 3593 2497 τοῖς
3631 2433 3701 2485 ἐν
3734 2429 3818 2499 τῷ

2178 2540 2532 2614 προλεχθέντι
2567 2535 2837 2607 συνῆφθαι
2883 2531 3103 2602 ψαλμῷ.
3151 2532 3238 2584 Ἐν
3280 2529 3476 2599 ἐκείνῳ
3529 2527 3653 2598 μὲν
3697 2523 3815 2594 γὰρ

2177 2633 2394 2700 ἐλέγετο
2416 2645 2428 2658 ·
2469 2649 2486 2679 ι
2519 2623 2654 2680 Εἷπε
2691 2624 2894 2694 Κύριος
2916 2639 2929 2652 ·
2967 2621 3062 2674 Ἐκ
3092 2619 3270 2674 Βασάν
3297 2617 3664 2689 ἐπιστρέψω,
3695 2616 3816 2665 ἐπι-

2189 2723 2406 2797 στρέψω
2447 2723 2512 2775 ἐκ
2560 2718 2736 2790 βυθῶν
2768 2718 3074 2788 θαλάσσης·
3111 2733 3131 2766 ι
3169 2715 3226 2766 ἐν
3261 2711 3434 2782 τούτῳ
3462 2710 3554 2772 δὲ,
3603 2727 3625 2758 α
3662 2701 3808 2759 Ἠλ-

2177 2815 2268 2870 θον
2300 2816 2378 2876 είς
2426 2812 2496 2866 τὰ
2531 2810 2667 2882 βάθη
2714 2809 2813 2879 τῆς
2847 2808 3144 2877 θαλάσσης,
3203 2805 3299 2857 καὶ
3341 2801 3618 2871 καταιγὶς
3663 2813 3810 2850 κατ-

2176 2906 2424 2961 επόντισὲ
2471 2922 2558 2976 με.
2595 2923 2612 2953 ι
2650 2902 2798 2954 Ἔδει
2844 2899 2952 2970 γὰρ
2986 2899 3132 2969 ἡμᾶς
3158 2895 3472 2967 διδαχθῆναι
3524 2890 3668 2954 πῶς
3719 2890 3807 2951 είς

2177 2999 2274 3070 τὴν
2304 2996 2484 3050 Βασὰν
2515 2991 2782 3062 κατῆλθεν
2821 2993 2850 3044 6
2883 2990 3120 3062 σΚύριος,
3159 2987 3296 3058 ὅπερ
3328 2986 3475 3038 ἐστὶν
3516 2979 3800 3051 αἰσχύνη,

2181 3091 2413 3155 καὶπῶς
2441 3090 2646 3158 ἔλεγεν,
2679 3106 2697 3138 ι
2736 3088 2925 3140 Ἐπιστ
2939 3084 3086 3158 ρέψω
3117 3083 3181 3135 ἐκ
3209 3080 3387 3152 βυθῶν
3420 3079 3746 3150 θαλάσσης.
3774 3093 3796 3126 ι

492 3179 790 3250 ignominia
837 3177 1058 3249 quidem
1095 3178 1151 3232 in
1183 3177 1561 3248 sequentibus,
1588 3176 1778 3231 dicens
1809 3195 1821 3229 :
1863 3195 1881 3226 ι
1925 3175 2076 3241 Quo-

2182 3187 2270 3241 Διὸ
2303 3186 2367 3256 δὴ
2396 3184 2567 3237 ταῦτα
2599 3179 2737 3234 αὐτὰ
2763 3179 2854 3233 διὰ
2881 3179 2990 3231 τῶν
3021 3173 3397 3248 προκειμένων
3435 3173 3796 3245 παρίστησιο

492 3271 642 3325 niam
668 3279 890 3341 propter
918 3279 970 3326 te
1017 3271 1258 3327 sustinui
1286 3270 1664 3341 opprobrium,
1697 3269 1915 3338 operuit
1943 3283 2078 3323 con-

495 3360 641 3414 fusio
667 3359 860 3415 faciem
900 3375 1074 3416 meam
1103 3378 1118 3426 ;
1162 3379 1179 3410 ι
1218 3374 1281 3414 ac
1304 3375 1539 3414 rursus:
1569 3379 1588 3410 ι
1627 3357 1709 3412 Tu
1737 3359 1846 3414 scis
1873 3359 2080 3428 impro-

495 3451 708 3524 perium
735 3467 915 3506 meum
947 3458 1000 3506 et
1028 3451 1409 3507 confusionem
1436 3467 1611 3506 meam
1638 3460 1692 3506 et
1718 3451 2078 3506 reverentiam

496 3559 700 3618 meam.
729 3565 746 3596 ι
788 3543 860 3599 De
886 3545 1159 3616 profundo
1189 3553 1370 3600 autem
1401 3545 1570 3608 maris
1604 3544 1760 3610 illud,
1792 3563 1811 3596 ι
1859 3543 2080 3600 Salvum

497 3649 586 3690 me
619 3635 728 3699 fac,
760 3634 924 3698 Deus,
953 3637 1211 3705 quoniam
1248 3637 1592 3692 intraverunt
1627 3651 1782 3707 aquae
1797 3652 1972 3707 usque
2014 3635 2083 3689 ad

497 3726 742 3782 animam
771 3742 971 3783 meam.
1011 3726 1218 3783 lnﬁxus
1253 3745 1377 3784 sum
1430 3729 1485 3783 in
1537 3729 1667 3782 limo
1715 3726 1996 3798 profundi,
2030 3734 2086 3782 et

498 3835 610 3874 non
635 3828 720 3876 est
759 3821 1090 3877 substantia.
1124 3820 1259 3876 Veni
1311 3823 1366 3876 in
1417 3821 1764 3876 altitudinem
1805 3821 1995 3884 maris,
2030 3826 2086 3876 et

495 3919 796 3982 tempestas
834 3911 1097 3967 demersit
1122 3927 1229 3966 me.
1280 3930 1298 3962 ι
1345 3909 1472 3966 Haec
1499 3912 1644 3966 enim
1684 3925 1935 3980 magnam
1972 3907 2087 3962 alli-

498 4005 726 4062 nitatem
761 4005 1000 4060 habeant
1031 4020 1156 4059 cum
1183 4005 1251 4058 iis
1273 4020 1395 4074 qua:
1423 4007 1479 4058 in
1521 4003 1848 4074 praecedenti
1876 4003 2089 4072 psalmo

498 4096 647 4154 dicta
681 4107 833 4160 sunt,
885 4113 1081 4168 nempe
1129 4097 1183 4151 in
1233 4097 1367 4151 illo:
1407 4116 1425 4147 ‹
1468 4095 1613 4150 Dixit
1653 4096 1954 4154 Dominus:
2011 4094 2088 4169 Ex

500 4191 679 4247 Basan
709 4199 1050 4255 convertam,
1085 4199 1398 4246 convertam
1433 4207 1501 4245 ex
1527 4189 1797 4260 profundo
1842 4189 2030 4244 maris.
2064 4207 2089 4249 ι,

499 4282 638 4352 Quia
687 4284 744 4343 in
779 4284 871 4338 illo
921 4283 1039 4353 ipse
1088 4282 1353 4338 Dominus
1407 4283 1489 4337 sic
1541 4282 1798 4346 dicebat;
1839 4288 1894 4335 et
1943 4295 2089 4336 nunc

499 4375 986 4447 quoqueeumdem
1033 4374 1212 4446 ipsum
1257 4391 1380 4452 esse
1419 4375 1512 4445 qui
1554 4375 1668 4430 haec
1696 4373 1934 4443 loquitur
1976 4374 2090 4428 cxi-

502 4465 860 4522 stimandum.

577 4668 698 4741 Ipse
724 4670 892 4740 igitur
929 4685 1089 4740 quem
1118 4685 1227 4724 non
1277 4671 1445 4725 alium
1478 4686 1602 4726 esse
1649 4686 1810 4741 quam
1839 4670 1931 4726 Dei
1960 4670 2090 4726 Ver—

505 4763 641 4840 bum.
667 4765 923 4833 superius
961 4761 1480 4827 demonstravimus,
1521 4765 1828 4818 orationem
1860 4763 2090 4819 eli‘undit

505 4857 575 4913 ad
604 4856 843 4921 Patrem,
873 4855 1112 4910 hominis
1141 4871 1306 4926 quem
1337 4856 1637 4926 assumpsit
1669 4857 1947 4911 cruciatus
1982 4858 2089 4913 sibi

506 4948 764 5022 proprios
807 4955 1091 5018 reputans,
1133 4964 1306 5019 quare
1356 4949 1472 5003 ait:
1514 4968 1532 4999 ι
1571 4947 1793 5002 Salvum
1846 4965 1931 5005 me
1981 4949 2086 5014 fac,

506 5038 676 5105 Deus,
707 5040 966 5110 quoniam
999 5041 1345 5098 intraverunt
1374 5058 1530 5112 aqua:
1560 5058 1734 5113 usque
1755 5043 1826 5096 ad
1853 5043 2092 5097 animam

507 5148 710 5213 meam.“
759 5131 965 5189 Inlixus
1005 5149 1126 5187 sum
1160 5134 1216 5188 in
1268 5135 1399 5190 limo
1445 5135 1722 5205 profundi,
1761 5145 1815 5190 et
1851 5151 1959 5190 non
2007 5144 2092 5191 est

508 5225 836 5283 substantia.
867 5224 1003 5280 Veni
1033 5227 1085 5280 in
1114 5227 1456 5282 altitudinem
1489 5229 1680 5294 maris,
1712 5239 1767 5283 et
1794 5237 2090 5298 tempestas

509 5320 772 5376 demersit
800 5334 906 5375 me.
951 5339 969 5371 ι
1001 5318 1326 5376 Praecedens
1349 5322 1535 5390 utique
1562 5323 1806 5391 psalmus
1831 5322 1917 5377 his
1943 5337 2093 5377 com-

510 5411 790 5482 pellabat:
827 5429 846 5462 ι
885 5412 994 5466 lter
1015 5411 1178 5466 facite
1225 5411 1274 5467 ei
1329 5412 1423 5481 qui
1454 5412 1702 5467 ascendit
1739 5427 1904 5482 super
1933 5427 2094 5467 occa-

509 5518 656 5571 sum,
696 5501 962 5559 Dominus
1009 5519 1207 5558 nomen
1253 5503 1418 5558 illi".
1471 5523 1488 5555 ›
1526 5503 1731 5560 Deinde
1781 5519 1936 5560 suam
1967 5519 2092 5559 cum

585 5660 763 5718 "lsa.
789 5679 878 5728 ιι,
910 5663 965 5727 6,
1010 5665 1060 5718 7.
1138 5662 1182 5694 ⁷⁵
1221 5661 1366 5733 Psal.
1409 5677 1576 5738 van,
1615 5661 1705 5735 23..
1783 5662 1828 5692 "
1868 5660 1998 5716 ibid.
2039 5659 2094 5715 5.

2180 3278 2310 3350 περὶ
2343 3277 2442 3348 μὲν
2486 3274 2586 3344 τῆς
2619 3271 2881 3342 αἰσχύνης
2926 3266 3131 3341 προῖὼν
3179 3267 3274 3320 καὶ
3322 3265 3497 3333 λέγων
3522 3281 3537 3295 ο
3594 3281 3617 3314 ι
3667 3260 3800 3312 “Gtt

2181 3373 2344 3424 ἓνεκα
2393 3367 2488 3423 σοῦ
2536 3368 2822 3438 ὑπήνεγκα
2865 3361 3188 3432 ὀνειδισμὸν,
3224 3359 3491 3428 ἐκάλυψεν
3537 3351 3796 3428 ἐντροπὴ

2181 3465 2243 3517 τὸ
2269 3462 2560 3536 πρόσωπόν
2601 3478 2703 3532 μου
2730 3477 2746 3490 ο
2785 3479 2804 3508 ι
2849 3458 2944 3510 καὶ
2988 3451 3177 3518 αὖθιςο
3213 3474 3230 3505 ι
3259 3454 3332 3507 Σὺ
3363 3451 3667 3522 γινώσκεις
3699 3447 3797 3500 τὸν

2184 3556 2486 3627 ὁνειδισμόν
2520 3572 2619 3626 μου
2646 3554 2741 3607 atat
2767 3552 2868 3622 τὴν
2901 3548 3162 3619 αἰσχύνην
3202 3566 3303 3620 μου
3330 3547 3426 3600 καὶ
3460 3545 3563 3617 τὴν
3591 3546 3795 3613 ἐντρο-

2186 3653 2295 3721 πήν
2350 3655 2494 3722 μου”
2540 3669 2558 3700 ι
2617 3647 2746 3718 περῖ⁹
2795 3645 2852 3699 δὲ
2898 3644 2993 3699 τοῦ
3040 3643 3203 3716 βυθοῦ
3241 3641 3342 3709 τῆς
3374 3639 3662 3709 θαλάσσης
3702 3633 3789 3696 τὸ,

2191 3763 2211 3795 ι
2247 3741 2428 3796 Σῶσόν
2455 3759 2544 3813 με,
2571 3743 2600 3794 6
2623 3739 2776 3802 Θεὸς,
2803 3739 2883 3790 ὃτι
2911 3737 3230 3808 είσήλθοσαν
3263 3732 3429 3785 ὕδατα
3461 3730 3569 3794 ἓως
3593 3727 3790 3799 ψυχῆς

2191 3851 2314 3906 μου.
2333 3833 2732 3902 Ἐνεπάγηνεὶς
2760 3828 2894 3900 ὕλην
2920 3828 2997 3897 (Ι)
3015 3825 3200 3898 βυθοῦ,
3232 3825 3326 3879 καὶ
3353 3823 3453 3876 οὐκ
3475 3822 3628 3875 ἐστιν
3646 3815 3791 3873 ὑπό-

2191 3945 2398 3992 στασις.
2433 3923 2637 3979 Ἦλθον
2668 3926 2749 3988 εἰς
2775 3921 2844 3976 τὰ
2885 3920 3024 3994 βάθη
3056 3920 3156 3990 τῆς
3180 3918 3478 3988 θαλάσσης,
3503 3915 3600 3969 καὶ
3646 3929 3788 3968 κατ-

2189 4021 2336 4089 αιγὶς
2364 4016 2717 4077 κατεπόντισε
2778 4032 2866 4086 με.
2915 4033 2933 4065 ›
2973 4013 3158 4066 Ταῦτα
3193 4012 3302 4082 γὰρ
3361 4010 3622 4079 πλείστην
3667 4006 3788 4077 ἔχοι

2192 4113 2258 4167 ἂν
2287 4110 2608 4166 ἀκολουθίαν
2639 4109 2777 4179 πρὸς
2801 4107 2868 4160 τὰ
2910 4106 2968 4158 ἐν
2996 4103 3074 4174 τῷ
3105 4103 3212 4174 πρὸ
3238 4102 3432 4156 τούτου
3458 4098 3665 4171 ψαλμῷ
3697 4097 3758 4148 λε

2189 4203 2458 4275 λεγμένα·
2491 4203 2550 4255 ἐν
2579 4199 2676 4271 τῷ,
2714 4220 2733 4250 ι
2768 4193 2936 4252 Εἶπεν
2974 4199 3002 4250 6
3027 4195 3231 4266 Κύριος
3252 4209 3266 4222 ·
3306 4193 3400 4245 Ἐκ
3431 4189 3614 4243 Βασάν
3657 4191 3785 4241 ἐπι-

2195 4297 2432 4369 στρέψω,
2467 4292 2784 4366 ἐπιστρέψω
2829 4292 2896 4342 ἐκ
2943 4287 3120 4359 βυθῶν
3151 4285 3450 4353 θαλάσσης.
3490 4303 3508 4334 ι
3556 4277 3780 4349 Ἐπειδὴ

2193 4391 2252 4442 ἐν
2280 4388 2473 4458 ἐκείνῳ
2505 4386 2668 4449 αὐτὸς
2698 4381 2764 4455 ἦν
2792 4385 2822 4434 6
2843 4381 3047 4452 Κύριος
3091 4382 3118 4433 6
3155 4376 3328 4430 ταῦτα
3353 4376 3555 4444 λέγων’
3586 4373 3783 4427 ἔπειτα

2121 4503 2164 4556 D
2195 4480 2286 4533 καὶ
2317 4479 2414 4531 νῦν
2454 4477 2546 4530 τὸν
2574 4475 2735 4531 αὐτὸν
2764 4470 2905 4528 εἶναι
2936 4469 3184 4544 ἡγεῖσθαι
3217 4467 3310 4521 τὸν
3345 4466 3414 4520 τὰ
3439 4464 3780 4537 προκείμενα

2193 4571 2478 4637 διεξιόντα.

2265 4683 2435 4747 Αὐτὸς
2463 4681 2772 4754 τοιγαροῦν,
2800 4680 2858 4733 ὃν
2897 4679 3006 4733 οὐδ’
3044 4669 3231 4748 ἕτερον
3266 4671 3404 4728 εἶναι
3433 4673 3466 4744 ῆ
3508 4669 3602 4724 τοῦ
3638 4663 3776 4722 Θεοῦ

2195 4772 2364 4840 Λόγον
2389 4770 2476 4824 διὰ
2512 4769 2619 4822 τῶν
2642 4767 2949 4840 ἔμπροσθεν
2981 4767 3424 4838 παρεστήσαμεν,
3455 4761 3620 4833 εὐχὴν
3646 4761 3779 4814 ἀνα-

2196 4863 2405 4934 πέμπει
2437 4861 2514 4932 τῷ
2542 4862 2736 4933 Πατρὶ,
2777 4858 3197 4928 ίδιοποιούμενος
3222 4857 3291 4910 τὰ
3322 4855 3442 4910 καθ’
3474 4849 3536 4908 οὗ
3566 4851 3778 4922 ἀνείλη·-

2196 4973 2295 5026 φεν
2327 4953 2614 5027 ἀνθρώπου
2644 4951 2790 5021 πάθη
2809 4969 2823 4983 ο
2858 4951 2940 5004 διό
2969 4967 3102 5020 φησι
3125 4967 3138 4981 ⁸
3177 4969 3195 5001 ι
3232 4948 3412 5002 Σῶσόν
3446 4963 3534 5018 με,
3563 4947 3592 4999 6
3621 4943 3772 5004 Θεὸς,

2194 5049 2276 5100 ὅτι
2308 5045 2626 5119 είσήλθοσαν
2656 5045 2822 5098 ὕδατα
2854 5045 2957 5108 ἕως
2984 5042 3160 5113 ψυχῆς
3194 5059 3315 5112 μου.
3359 5037 3664 5108 Ἐνεπάγην
3695 5035 3775 5098 είς

2198 5138 2328 5209 ὕλην
2357 5135 2541 5208 βυθοῦ,
2571 5136 2665 5189 καὶ
2704 5135 2806 5188 οὐκ
2839 5134 2986 5187 ἔστιν
3021 5134 3338 5194 ὑπόστασις.
3365 5126 3568 5182 Ἦλθον
3597 5129 3678 5191 είς
3707 5125 3774 5179 τὰ

2201 5230 2338 5302 βάθη
2369 5229 2468 5300 τῆς
2501 5228 2798 5298 θαλάσσης,
2827 5227 2920 5281 καὶ
2959 5225 3211 5292 καταιγὶς
3244 5219 3599 5275 κατεπόντισὲ
3632 5235 3719 5290 με.
3748 5236 3767 5268 ι

2210 5323 2267 5377 ’0
2301 5321 2398 5392 μὲν
2426 5314 2518 5374 οὖν
2549 5321 2656 5393 πρὸ
2689 5319 2880 5373 τούτου
2905 5318 3119 5390 eam;
3153 5312 3488 5386 προσεφώνει
3515 5311 3769 5392 φάσκων⁸

2205 5433 2222 5465 ι
2273 5412 2653 5484 Ὀδοποιήσατε
2682 5411 2762 5482 τῷ
2798 5409 3148 5482 ἐπιδεδηκότι
3188 5409 3279 5461 ἐπὶ
3305 5401 3547 5478 δυσμῶν,
3573 5403 3775 5475 Κύριος

2199 5505 2368 5576 ὄνομα
2403 5505 2578 5575 αὐτῷ’
2621 5523 2640 5556 ι
2679 5501 2778 5558 εἷθ’
2811 5503 2938 5576 ἑξῆς
2970 5503 3070 5574 τὴν
3094 5503 3209 5572 ἅμα
3233 5497 3541 5571 ἀνθρώποις
3567 5496 3772 5574 διατρι-

583 5752 869 5838 (unum.
909 5753 1176 5830 lnterpres
1210 5754 1405 5826 legisse
1427 5754 1638 5810 videtur
1667 5751 1800 5820 ίλὺν,
1837 5752 1983 5823 quod
2015 5766 2077 5807 vc

2183 5748 2364 5806 milius
2388 5757 2472 5806 est
2500 5759 2556 5805 et
2574 5749 2735 5806 nobis
2757 5759 2974 5818 quoque
3008 5745 3178 5816 magis
3217 5745 3412 5814 placet.
3447 5743 3603 5800 Enn.

4031 5027 4036 5166 l

4031 5219 4036 5376 Ι

4031 5419 4036 5548 l

4033 5619 4035 5742 ι

4033 5821 4035 5944 ι
