4086 6442
291 400 404 462 ’35

1428 405 1938 468 COMMENTABIA
1975 407 2043 463 ΙΝ
2081 405 2420 464 PSALMOS.

3480 401 3583 458 726

288 523 397 596 σὴν
420 523 589 579 αὐτου
627 524 922 598 παρίστησι
947 525 1211 611 λέγων-,ι
1241 528 1350 583 Καὶ
1377 527 1708 598 ἀγαλλιᾶσθε
1741 527 1875 584 ἐνώ-

1986 527 2298 587 hominibus
2324 527 2814 582 commorationem
2835 525 3155 581 enuntiabat
3190 521 3386 604 dicens
3413 543 3428 580 :
3461 543 3479 576 ι
3513 521 3580 577 Et

291 631 417 670 πιον
448 614 635 680 αὑτοῦ,
660 615 756 670 τοῦ
783 617 988 690 πατρὸς
1010 618 1121 674 τῶν
1152 618 1404 690 ὀρφανῶν
1432 619 1527 674 καὶ
1552 617 1738 691 κριτοῦ
1768 619 1878 676 τῶν

288 705 497 779 χηρῶν.
543 729 560 759 ο
593 706 704 760 Καὶ
739 706 849 762 τῶν
881 707 1144 780 μαθητῶν
1169 709 1226 764 δὲ
1266 708 1431 764 αὐτοῦ
1468 709 1562 764 καὶ
1605 709 1714 764 τῶν
1745 710 1883 770 άπο-

291 799 497 853 στόλων
539 799 639 870 τὴν
675 799 867 872 κλῆσιν
921 800 1112 872 ἐδήλου
1163 803 1221 855 ἐν
1265 801 1364 872 τῷ,
1418 821 1436 854 ι
1481 801 1685 875 Κύριος
1723 800 1883 856 δώσει

291 891 447 964 ῥῆμα
493 896 608 957 τοῖς
652 892 1163 966 εὖαγγελιζομένοις
1213 895 1440 967 δυνάμει
1474 896 1664 968 πολλῇ.
1700 915 1722 951 ι,
1768 891 1882 954 Εἶθ’

287 985 416 1060 ἑξῆς
444 989 525 1053 είς
551 987 641 1041 τὸν
669 987 896 1043 θάνατον
922 987 1085 1042 αὑτοῦ
1117 987 1342 1042 κάθοδον
1385 989 1480 1043 καὶ⁵
1513 987 1610 1065 τὴν
1653 987 1884 1056 διέξοδον

288 1079 389 1151 τὴν
417 1079 669 1134 ἐντεῦθεν
698 1079 979 1136 ἐδίδασκεν
1007 1082 1065 1134 ἐν
1091 1079 1190 1151 τῷ,
1225 1099 1243 1133 ι
1277 1080 1387 1134 Καὶ
1413 1079 1508 1133 τοῦ
1540 1080 1746 1153 Κυρίου
1771 1083 1884 1134 Κυ-

288 1173 408 1246 ρίου
441 1174 497 1227 αἱ
518 1172 742 1238 διέξοδοι
758 1171 850 1226 τοῦ
881 1171 1112 1227 θανάτου
1137 1189 1150 1202 ·
1180 1192 1200 1224 ι
1237 1173 1334 1227 καὶ
1357 1173 1416 1225 ἐν
1441 1171 1552 1244 τῷ,
1581 1191 1605 1226 ι,
1623 1167 1759 1228 Εἷπε
1779 1171 1887 1226 Κύ-

287 1284 423 1338 ριος·
441 1267 536 1320 Ἐκ
550 1265 728 1320 Βασάν
745 1265 1078 1338 ἐπιστρέψω,
1091 1264 1404 1338 ἐπιστρέψω
1415 1264 1673 1336 ὲκβυθῶν
1691 1264 1886 1325 θαλάσ-

287 1375 451 1431 σηςί
486 1358 580 1413 ἐπὶ
606 1360 740 1412 πᾶσι
770 1357 828 1412 δὲ
856 1357 1068 1422 τούτοις
1098 1358 1197 1429 τὴν
1226 1359 1307 1422 είς
1337 1359 1598 1430 οὐρανοὺς
1626 1358 1884 1417 ἐπάνοδον

284 1450 453 1506 αὐτοῦ
474 1450 563 1505 διὰ
595 1449 691 1505 τοῦ
714 1449 880 1506 αὐτοῦ
910 1450 1100 1523 ἐδήλου
1130 1449 1304 1520 λέγων
1322 1468 1336 1481 ⁸
1367 1432 1621 1509 «Ψάλατε
1652 1451 1732 1523 τῷ
1763 1451 1884 1523 Θεῷ

282 1543 365 1616 τῷ
381 1543 732 1616 ἐπιϐεϐηκότι
760 1544 851 1598 ἐπὶ
878 1545 970 1598 τὸν
985 1543 1216 1616 οὐρανὸν
1237 1542 1332 1597 τοῦ
1351 1544 1582 1616 ούρανοῦ
1610 1546 1731 1599 κατ’
1761 1547 1888 1599 ἀνα-

282 1635 470 1700 τολάς.
511 1656 529 1688 ι
566 1635 751 1690 Ταῦτα
780 1638 879 1708 μὲν
908 1655 1001 1692 ουν
1031 1639 1090 1690 ἐν
1118 1637 1348 1703 ἐκείνοις
1370 1655 1382 1668 ·
1407 1637 1496 1698 διὰ
1523 1637 1581 1692 δὲ
1613 1637 1722 1691 τῶν
1748 1655 1884 1711 προ-

283 1727 566 1799 κειμένων
601 1727 670 1782 τά
699 1729 776 1792 ὼς
801 1731 858 1783 ἐν
887 1729 1215 1802 παραδρομῇ
1253 1730 1376 1783 τότε
1406 1729 1712 1801 λελεγμένα
1745 1731 1884 1784 πλα-

280 1819 459 1886 τύνει,
500 1810 715 1886 δεικνύς
741 1822 890 1886 ὅπως
927 1822 1179 1876 λέλεκτο·
1220 1841 1236 1872 ι
1270 1822 1382 1880 Καὶ
1414 1821 1508 1876 τοῦ
1536 1823 1743 1895 Κυρίου
1768 1825 1884 1878 Κυ-

284 1910 409 1984 ρίου
451 1913 510 1964 αί
551 1912 772 1974 διέξοδοι
813 1912 906 1966 τοῦ
939 1913 1196 1978 θανάτου,
1238 1933 1256 1965 ι
1295 1915 1389 1968 καὶ
1419 1915 1502 1982 τὺ,
1546 1935 1564 1966 ι
1609 1912 1744 1969 Εῐπε
1773 1916 1886 1969 Κύ-

284 2021 438 2076 ριοςο
493 2004 588 2058 Ἐκ
622 2004 807 2059 Βασάν
850 2006 1190 2078 ἐπιστρέψω,
1231 2006 1559 2078 ἐπιστρέψω,
1598 2009 1664 2062 ἐκ
1708 2007 1890 2079 βυθῶν

281 2095 586 2168 θαλάσσης.
617 2115 637 2148 ι
671 2097 858 2150 Ταῦτα
884 2098 994 2170 γάρ
1025 2101 1106 2162 είς
1135 2097 1338 2162 πλάτος
1366 2097 1461 2151 ἐπὶ
1492 2097 1588 2152 τοῦ
1621 2099 1886 2171 παρόντος

280 2188 619 2262 διεξέρχεται
647 2189 827 2259 λέγων
846 2208 860 2222 ·
891 2211 910 2244 ι
942 2190 1124 2245 Σῶσόν
1160 2208 1248 2264 με,
1279 2193 1307 2244 ὁ
1336 2189 1490 2258 Θεὸς,
1521 2193 1603 2247 ὅτι
1643 2191 1887 2269 εἰσήλθο-

284 2297 388 2337 σαν
426 2281 596 2337 ὕδατα
627 2282 733 2347 ἓως
782 2283 960 2355 ψυχῆς
997 2302 1121 2356 μου.
1163 2287 1469 2359 Ἐνεπάγην
1509 2288 1588 2352 εἰς
1624 2286 1757 2358 ὓλην
1789 2287 1882 2358 βυ-

280 2373 404 2439 θοῦ,
435 2375 530 2428 καὶ
575 2373 677 2429 οὐκ
722 2375 870 2429 ἐστιν
909 2377 1229 2447 ὑπόστασις.
1262 2376 1464 2433 Ἦλθον
1510 2383 1591 2444 είς
1632 2379 1702 2434 τά
1745 2379 1883 2452 βάθη

283 2466 387 2538 τῆς
429 2467 707 2540 θαλάσσης
754 2469 850 2524 καὶ
891 2463 1146 2541 καταιγὶς
1176 2474 1536 2526 κατεπόντισε
1585 2491 1673 2546 με.
1703 2494 1723 2527 ›
1760 2476 1888 2528 Πει-

288 2563 537 2635 ρασμοὺς
574 2562 632 2616 δὲ
675 2563 771 2616 καὶ
804 2562 1078 2636 διωγμοὺς
1109 2565 1202 2620 καὶ
1235 2565 1633 2630 ἐπαναστάσεις
1673 2567 1886 2622 ἀσεϐῶν

285 2652 498 2726 ἀνδρῶν
525 2651 691 2708 ὕδατα
722 2654 908 2708 καλεῖν
939 2655 1129 2709 είωθεν
1157 2658 1186 2710 ὁ
1216 2657 1389 2728 Λόγος
1408 2675 1422 2688 ·
1463 2656 1620 2718 Οὕτω
1653 2657 1785 2728 γοῦν
1810 2657 1886 2712 εἴ·

289 2761 453 2818 ρηται
498 2745 769 2818 ἀλλαχοῦ·
811 2767 830 2800 ι
867 2749 972 2803 Τὸν
1021 2751 1324 2824 χείμαρρον
1375 2750 1593 2823 διῆλθεν
1652 2754 1685 2824 ή
1739 2751 1886 2826 ψυχὴ

285 2841 476 2914 ήμῶν·
505 2840 615 2914 ἄρα
641 2841 856 2913 διῆλθεν
882 2844 915 2914 ἡ
941 2842 1087 2917 ψυχὴ
1113 2841 1288 2914 ήμῶν,
1311 2843 1374 2897 τὸ
1408 2843 1888 2916 ῦδωράνυπόστα-

285 2949 398 2991 τον.
441 2951 460 2985 ι
492 2933 603 2986 Καὶ
640 2933 802 2998 αὐτὸς
835 2934 892 2987 δέ
922 2934 950 2986 ὁ
984 2935 1177 3009 Σωτὴρ
1211 2934 1461 2990 ἐδίδασκε
1485 2935 1644 2990 τοῦτο
1677 2935 1884 3010 λέγων’

291 3044 312 3078 ι
348 3025 572 3097 Κατέϐη
609 3027 643 3098 ή
695 3025 886 3103 βροχὴ,
932 3023 1096 3105 ἦλθον
1139 3029 1196 3082 οἱ,
1220 3031 1480 3100 ποταμοὶ,
1529 3029 1797 3083 ἔπνευσαν
1835 3030 1886 3082 οἱ

284 3118 500 3191 ἄνεμοι,
533 3120 628 3173 καὶ
672 3118 1054 3197 προσέρρηξαν
1091 3123 1158 3192 τῇ
1201 3121 1348 3194 οἰκίᾳ
1394 3123 1602 3195 ἐκείνῃ,
1641 3121 1737 3176 καὶ
1783 3123 1901 3178 οὐκ,

286 3211 486 3267 ἔπεσε·
508 3211 868 3284 τεθεμελίωτο
900 3213 1010 3288 γηάρ
1048 3214 1141 3268 ἐπὶ
1200 3215 1300 3286 τὴν
1333 3216 1558 3288 πέτραν.
1594 3236 1614 3267 ι
1659 3216 1769 3270 Καὶ
1797 3215 1886 3272 διὰ

1987 621 2263 676 exsultate
2297 619 2350 674 in
2377 624 2676 687 conspectu
2712 617 2853 688 ejus,
2888 617 3063 688 patris
3101 617 3476 688 orphanorum
3524 624 3580 672 et

1981 713 2190 785 judicis
2215 712 2502 768 viduarum
2525 711 2593 766 ⁷⁸.
2622 728 2641 762 ι
2680 708 3084 780 Discipulorum
3111 708 3240 762 item
3274 715 3327 763 et
3359 715 3580 778 aposto-

1986 809 2166 865 lorum
2189 821 2416 864 suorum
2443 803 2791 861 vocationem
2818 803 3138 859 declarabat
3168 802 3224 857 in
3253 802 3382 856 illo:
3421 821 3439 853 ι
3473 799 3580 854 Do-

1986 901 2170 956 minus
2239 897 2390 954 dabit
2463 897 2691 952 verbum
2757 894 3300 966 evangelizantibus,
3380 893 3580 950 virtute

1985 993 2158 1048 multa
2182 993 2249 1048 "".
2298 1011 2325 1043 ι
2367 989 2483 1046 Sub
2516 990 2633 1045 haec
2675 988 2798 1059 ejus
2846 987 2917 1042 ad
2962 995 3192 1042 mortem
3226 986 3576 1049 descensum,

1985 1095 2040 1144 et
2058 1086 2185 1142 inde
2204 1083 2438 1141 reditum
2471 1082 2666 1139 docuit
2692 1082 2765 1137 ita
2796 1079 2942 1137 fatus
2963 1104 2976 1136 ;
3001 1101 3017 1132 ι
3046 1079 3111 1134 Et
3127 1078 3343 1134 Domini
3363 1078 3578 1135 Domini

1985 1181 2162 1236 exitus
2192 1177 2387 1233 mortis
2408 1177 2489 1244 τες
2534 1195 2552 1228 ι
2591 1183 2646 1231 et
2669 1175 2723 1229 in
2759 1174 2874 1243 illo,
2912 1193 2930 1226 ι
2979 1172 3125 1228 Dixit
3148 1172 3415 1228 Dominus
3449 1190 3464 1227 :
3498 1169 3578 1226 Ex

1987 1271 2164 1327 Basan
2187 1276 2526 1334 convertam,
2549 1273 2866 1324 convertam
2907 1282 2976 1322 ex
3016 1263 3290 1337 profundo
3336 1264 3525 1321 maris.
3551 1282 3569 1316 I

1984 1365 2066 1421 Ad
2098 1365 2212 1423 haec
2251 1371 2433 1419 autem
2462 1361 2669 1427 omnia,
2726 1359 2962 1417 reditum
3011 1359 3134 1430 ejus
3173 1359 3240 1414 ad
3271 1359 3470 1414 malum
3521 1359 3577 1412 in

1987 1455 2176 1512 eodem
2225 1457 2438 1527 psalmo
2491 1457 2573 1512 sic
2623 1453 2944 1512 enarravit:
3003 1471 3022 1504 ι
3069 1451 3294 1508 Psallite
3343 1452 3453 1508 Deo
3482 1453 3578 1522 qui

1987 1548 2236 1605 ascendit
2263 1565 2428 1621 super
2467 1550 2666 1604 caelum
2714 1548 2838 1603 coeli
2873 1547 2938 1602 ad
2997 1546 3262 1602 orientem
3285 1545 3354 1601 ".
3399 1564 3416 1598 ι
3451 1544 3578 1600 llaec

1989 1641 2087 1696 ibi.
2147 1639 2206 1696 In
2263 1641 2521 1712 prazsenti
2569 1649 2750 1696 autem
2783 1654 2903 1708 quae
2942 1639 3097 1709 quasi
3153 1640 3207 1694 in
3254 1646 3580 1692 transcursu

1988 1741 2123 1788 tunc
2171 1733 2318 1788 dicta
2369 1732 2586 1787 fuerant
2647 1730 2824 1787 fusius
2877 1731 3073 1800 aperit,
3123 1728 3421 1785 ostendens
3468 1743 3580 1798 quo

1992 1839 2160 1882 sensu
2211 1823 2418 1881 dictum
2444 1824 2513 1878 de
2553 1823 2785 1878 Domino
2817 1821 2980 1877 fuerit
3015 1841 3028 1876 :
3077 1840 3095 1873 ι
3134 1821 3200 1876 Ει
3231 1820 3445 1875 Domini
3476 1820 3580 1875 Do-

1917 1951 1958 2004 B
1990 1916 2122 1971 mini
2163 1915 2346 1971 exitus
2380 1915 2595 1979 mortis,
2650 1934 2668 1966 ι
2704 1921 2868 1984 atque
2919 1911 3053 1967 illud
3081 1954 3096 1977 ,
3133 1931 3154 1963 ι
3194 1911 3338 1967 Dixit
3393 1909 3581 1964 Domi-

1987 2027 2092 2068 nus
2125 2032 2136 2066 :
2175 2009 2251 2065 Ex
2283 2010 2459 2065 Basan
2486 2018 2830 2074 convertam,
2861 2015 3179 2062 convertam
3201 2022 3270 2062 ex
3304 2005 3580 2077 profundo

1985 2103 2174 2162 maris.
2220 2122 2238 2154 ι
2293 2101 2423 2160 [lare
2455 2103 2602 2159 enim
2643 2101 2821 2156 fusius
2856 2099 2913 2155 in
2948 2101 3207 2171 praesenti
3240 2107 3462 2154 enarrat
3492 2097 3582 2153 di-

1985 2211 2118 2252 cens
2145 2215 2159 2251 :
2195 2214 2214 2248 ι
2249 2193 2474 2250 Salvum
2503 2210 2591 2250 me
2617 2193 2723 2260 fac,
2749 2195 2915 2258 Deus,
2944 2193 3204 2264 quoniam
3237 2193 3581 2248 intraverunt

1986 2304 2142 2361 aquae
2174 2303 2350 2359 usque
2384 2287 2452 2343 ad
2476 2289 2713 2344 animam
2744 2300 2943 2341 meam.
2977 2283 3183 2341 lntixus
3217 2300 3339 2339 sum
3367 2283 3421 2339 in
3451 2283 3580 2339 limo

1986 2379 2268 2451 profundi,
2303 2388 2358 2436 et
2401 2393 2511 2433 non
2559 2385 2644 2434 est
2700 2377 3029 2434 substantia.
3073 2374 3211 2430 Veni
3247 2376 3301 2430 in
3333 2375 3580 2429 altitudi-

1989 2490 2114 2529 nem
2149 2473 2343 2538 maris,
2377 2479 2432 2528 et
2461 2477 2760 2542 tempestas
2789 2470 3051 2526 demersit
3095 2485 3202 2525 me.
3241 2489 3260 2521 ›
3299 2467 3581 2524 Tentatiu-

1987 2583 2086 2623 nes
2118 2575 2324 2632 autem,
2370 2565 2688 2621 vexationes
2723 2573 2778 2619 et
2823 2562 3065 2618 insultus
3111 2561 3404 2631 impiorum
3435 2559 3582 2615 viro-

1986 2677 2131 2726 rum,
2184 2675 2357 2731 aquas
2398 2672 2596 2714 vocare
2639 2655 2940 2726 Scripturae
2993 2670 3114 2711 mos
3154 2661 3260 2710 est.
3311 2653 3389 2708 lta
3432 2653 3578 2709 enim

1985 2751 2192 2808 dicitur
2257 2750 2386 2806 alibi
2445 2769 2458 2806 :
2529 2768 2547 2802 ι
2618 2747 2941 2804 Torrentem
2979 2747 3336 2818 pertransivit
3396 2746 3579 2802 anima

1986 2853 2198 2910 nostra,
2230 2843 2461 2898 forsitan
2496 2841 2890 2912 pertransisset
2920 2839 3103 2894 anima
3148 2847 3335 2894 nostra
3380 2853 3580 2909 aquam

1988 2937 2108 2995 sine
2144 2935 2313 2991 fundo
2338 2935 2406 2990 εί.
2450 2953 2469 2987 ι
2503 2931 2862 3004 ldipsumque
2909 2931 3052 2987 idem
3107 2929 3367 2986 Servator
3419 2931 3582 2986 docet

1989 3030 2075 3085 his
2103 3027 2290 3085 verbis
2319 3046 2332 3081 :
2368 3045 2387 3079 ι
2439 3025 2734 3082 Descendit
2763 3024 2971 3096 pluvia,
3023 3031 3295 3079 venerunt
3330 3021 3578 3086 (lumina.

1987 3121 2259 3177 [laverunt
2291 3119 2462 3183 venti,
2495 3125 2550 3174 et
2581 3117 2928 3188 impegerunt
2962 3117 3018 3172 in
3052 3116 3275 3171 domum
3329 3114 3499 3181 illam,
3526 3122 3581 3170 et

1988 3229 2098 3268 non
2136 3210 2339 3268 cecidit
2370 3231 2383 3266 :
2416 3209 2643 3265 fundata
2675 3208 2824 3264 enim
2850 3216 2971 3264 erat
3007 3223 3174 3280 supra
3209 3217 3420 3278 petram
3443 3207 3510 3262 ⁸⁸.
3555 3226 3576 3260 ι

287 3304 397 3359 τῶν
444 3305 822 3377 προκειμένων
867 3307 1048 3361 τοίνυν
1097 3308 1226 3371 τοὺς
1275 3310 1617 3380 πειρασμοὺς
1651 3309 1745 3362 καὶ
1787 3309 1885 3373 τάς

1991 3304 2046 3360 ιιι
2079 3305 2166 3361 his
2197 3305 2381 3374 itaque
2411 3302 2577 3358 dictis
2603 3301 2941 3358 tentationes
2977 3310 3032 3357 et
3077 3301 3312 3356 insidias
3344 3299 3450 3357 sibi
3481 3310 3582 3370 pa-

288 3397 413 3452 κατ’
438 3396 605 3451 αὑτοῦ
635 3397 949 3463 ἐπιϐουλάς,
991 3399 1161 3455 ὕδατα
1207 3401 1492 3472 ὀνομάζων
1538 3401 1880 3472 εἰσεληλυθέὲ

287 3507 377 3545 ναι
399 3490 506 3554 ἕως
535 3489 637 3561 τῆς
663 3491 846 3564 ψυχῆς
877 3492 1043 3546 αὐτοῦ
1077 3493 1340 3547 διδάσκει.
1387 3495 1510 3548 Ἐπὶ
1539 3491 1758 3567 μὲνοῦν
1783 3495 1880 3550 τοῦ

302 3579 443 3646 Ἰὼϐ,
499 3581 706 3654 καίπερ
751 3582 901 3647 ὄντος
950 3582 1186 3656 ἀθλητοῦ
1245 3586 1516 3655 γενναίου,
1573 3587 1882 3661 γέγραπται

288 3671 530 3746 εἰρηκὼς
569 3674 598 3726 ό
633 3673 766 3738 Θεδς
811 3674 890 3747 τῷ
927 3677 1275 3749 πειράζοντιο
1328 3696 1346 3730 ι
1390 3677 1522 3732 Ἰδοὺ
1566 3679 1745 3733 πάντα
1782 3681 1882 3734 ὃσα

289 3765 526 3838 ὑπάρχει
561 3766 712 3839 αὐτῷ
742 3767 937 3840 δίδωμι
969 3770 1026 3822 ἐν
1056 3772 1124 3842 τῇ
1156 3769 1299 3842 χειρί
1329 3787 1445 3836 σου,
1473 3772 1634 3842 μόνον
1659 3771 1757 3844 τὴν
1783 3772 1890 3842 ψυ-

288 3857 391 3931 χὴν
417 3859 583 3913 αὐτοῦ
611 3858 957 3929 διαφύλαξον.
993 3880 1012 3913 ›
1062 3861 1326 3916 Ἐνταῦθα
1353 3863 1410 3917 δὲ
1447 3864 1547 3935 τὴν
1579 3863 1758 3936 ψυχὴν
1787 3866 1884 3920 αύ-

287 3951 388 4025 τὴν
437 3952 466 4005 ὁ
519 3951 798 4024 πειράζων
849 3953 1123 4026 πειράζει,
1172 3956 1296 4026 ἥτις
1342 3957 1472 4008 ποτὲ
1505 3951 1574 4028 ἦν
1606 3957 1765 4029 αῦτη,
1815 3953 1884 4030 ἧς

293 4043 539 4116 μέμνητο
562 4044 656 4098 καὶ
689 4044 851 4109 αὐτὸς
875 4044 1049 4114 λέγων
1070 4063 1084 4078 ·
1125 4064 1144 4098 ι
1186 4046 1378 4110 Οὐδεὶς
1407 4045 1554 4116 αἴρει
1581 4048 1679 4118 τὴν
1703 4047 1884 4120 ψυχήν

251 4175 256 4180 .
294 4153 397 4208 μου
429 4137 521 4190 ἀπ’
557 4134 694 4207 ἐμοῦ
715 4152 728 4164 ·
760 4134 1008 4201 ἐξουσίαν
1041 4135 1150 4213 ἔχω
1179 4135 1362 4192 θεῖναι,
1382 4137 1576 4208 αὐτὴν,
1603 4139 1699 4191 καὶ
1732 4137 1884 4204 ἐξου-

294 4225 420 4282 σίαν
461 4227 569 4298 ἔχω
607 4226 791 4287 λαϐεῖν
820 4227 992 4299 αὑτήν
1016 4243 1030 4257 ’
1068 4247 1086 4280 ι
1126 4228 1220 4284 καὶ
1261 4227 1453 4286 πάλιν·
1496 4247 1515 4281 ι
1560 4229 1672 4300 Τὴν
1704 4229 1882 4302 ψυχήν

295 4335 399 4389 μνρυ
439 4317 632 4390 τίθημι
673 4317 814 4390 ὑπὲρ
854 4318 965 4372 τῶν
1004 4318 1295 4396 προϐάτων
1331 4337 1433 4392 μου
1455 4339 1467 4351 ο
1502 4341 1521 4372 ι
1567 4322 1682 4386 καὶ,
1719 4342 1737 4373 ι
1769 4321 1884 4376 Νῦν

291 4411 328 4480 ἡ
353 4408 498 4481 ψυχή
528 4427 628 4480 μου
655 4409 988 4487 τετάρακται
1008 4427 1020 4440 ·
1063 4430 1081 4463 ι
1113 4411 1228 4474 καὶ,
1267 4430 1284 4462 ι
1316 4411 1624 4484 Περίλυπός
1669 4412 1818 4467 ἐστιν
1847 4413 1883 4484 ἠ

291 4501 436 4574 ψυχή
488 4520 592 4574 μου
652 4502 758 4566 ἕως
805 4502 1059 4558 θανάτου.
1101 4523 1119 4555 ι
1169 4503 1336 4560 Ὅθεν
1391 4505 1488 4560 καὶ
1531 4503 1628 4559 νῦν
1680 4521 1879 4577 φησιν·

299 4613 320 4648 ι
353 4596 476 4649 Ὅτι
516 4594 836 4667 είσήλθοσαν
865 4595 1034 4650 ὕδατα
1061 4595 1168 4660 ἕως
1198 4595 1378 4668 ψυχῆς
1425 4613 1526 4668 μου
1546 4587 1618 4650 ·”›
1657 4595 1799 4650 κατά
1825 4595 1883 4651 δὲ

1983 3403 2155 3457 ratas,
2189 3411 2362 3466 aquas
2401 3409 2754 3465 nuncupans,
2809 3408 2984 3462 usque
3013 3391 3081 3446 ad
3131 3393 3372 3446 animam
3421 3406 3578 3446 suam

1982 3487 2201 3542 venisse
2252 3485 2434 3542 docet.
2491 3483 2567 3540 De
2624 3481 2763 3539 Jobo
2825 3498 2998 3548 sane,
3051 3483 3268 3538 tametsi
3318 3489 3580 3541 strenuus

1984 3580 2188 3635 athleta
2220 3588 2360 3648 erat,
2397 3579 2605 3634 dixisse
2630 3577 2803 3634 Deum
2836 3578 3094 3633 tentatori
3133 3576 3344 3634 fertur:
3386 3596 3403 3629 ι
3442 3575 3581 3638 Ecce

1982 3675 2169 3729 omnia
2211 3689 2554 3744 quaecunque
2584 3673 2690 3744 ipsi
2725 3679 2856 3729 sunt
2883 3672 2955 3728 do
2991 3672 3045 3726 in
3081 3687 3264 3731 maint-
3306 3680 3420 3736 tua,
3459 3679 3610 3726 tan-~

1986 3775 2102 3822 tum
2139 3766 2379 3820 animam
2410 3764 2531 3835 ejus
2561 3775 2777 3820 servato
2800 3764 2867 3818 ⁸³.
2906 3783 2926 3816 ι
2965 3762 3064 3820 Hic
3093 3779 3223 3819 vero
3254 3762 3428 3834 ipsam
3461 3763 3582 3818 ani-

1984 3874 2128 3913 mam
2155 3865 2394 3914 tentator
2417 3855 2756 3928 aggreditur,
2781 3870 2900 3912 eam
2929 3855 3104 3925 ipsam
3142 3854 3354 3910 scilicet
3380 3854 3447 3910 de
3473 3869 3580 3925 qua

1985 3949 2250 4006 Dominus
2267 3949 2401 4005 dicit
2417 3968 2460 4004 ει
2484 3947 2655 4003 Nemo
2670 3947 3064 4004 tollitanimam
3090 3960 3264 4022 meam
3283 3959 3312 3998 a
3333 3961 3418 4001 me
3443 3963 3456 4000 :
3485 3961 3584 4015 po-

1985 4049 2237 4098 testatem
2251 4042 2425 4097 habeo
2441 4039 2677 4111 ponendi
2706 4039 2937 4105 illam,et
2954 4045 3278 4109 potestatem
3299 4038 3475 4094 habeo
3493 4053 3582 4094 ac-

1986 4133 2226 4206 cipiendi
2253 4149 2374 4189 eam
2396 4133 2464 4188 9‘.
2503 4151 2522 4186 ι
2555 4131 2623 4186 Ει
2655 4133 2886 4186 iterum:
2918 4149 2937 4182 ι
2965 4130 3218 4184 Animam
3239 4145 3414 4184 meam
3435 4145 3582 4201 pono

1987 4243 2088 4300 pro
2122 4226 2320 4283 ovibus
2354 4225 2583 4289 meis",
2625 4243 2643 4276 ι
2681 4231 2756 4286 et,
2789 4240 2808 4274 ι
2841 4219 2998 4276 Nunc
3015 4221 3196 4275 anima
3226 4235 3344 4276 mea
3364 4222 3580 4278 turbata

1985 4320 2127 4376 est"
2145 4337 2160 4387 ;
2175 4317 2515 4388 iet,«Tristis
2530 4323 2614 4374 est
2631 4315 2808 4370 anima
2829 4329 2948 4370 mea
2967 4329 3138 4385 usque
3152 4313 3218 4368 ad
3239 4315 3541 4370 mortem".
3556 4335 3575 4368 ι

1989 4412 2358 4480 Quamobrem
2400 4426 2548 4466 nunc
2575 4423 2796 4480 quoque
2826 4408 2904 4462 ait
2941 4426 2955 4463 :
2987 4425 3006 4458 ι
3035 4405 3306 4473 Quoniam
3339 4405 3582 4461 intrave-

1987 4513 2117 4561 runt
2135 4520 2290 4578 aquae
2318 4519 2492 4574 usque
2505 4501 2572 4558 ad
2595 4502 2834 4556 animam
2869 4515 3078 4555 meam:
3103 4515 3124 4552 ι
3147 4499 3258 4555 sive
3277 4497 3584 4555 secundum

1991 4595 2378 4668 Symmachum
2406 4615 2418 4651 :
2445 4615 2463 4647 ι
2489 4593 2757 4672 Quoniam
2771 4602 3125 4648 accesserunt
3141 4606 3296 4662 aquae
3317 4606 3490 4662 usque
3511 4591 3581 4646 ad

291 4687 385 4742 τὸν
435 4658 764 4764 Σύμμαχον*
823 4708 842 4739 ι
875 4689 999 4742 Ὅτι
1031 4658 1498 4761 micas—sim
1546 4690 1651 4756 ἕως
1704 4689 1884 4762 ψυχῆς

1991 4688 2231 4742 animam
2245 4701 2442 4740 meam.
2471 4705 2490 4737 ι
2517 4670 2719 4740 Deinde
2740 4681 3024 4754 suhjungit
3051 4700 3064 4736 :
3100 4700 3119 4733 ι
3148 4680 3352 4737 lnlixus
3372 4697 3492 4737 sum
3527 4681 3582 4737 in

298 4795 422 4850 μου.
465 4800 484 4832 ι
536 4777 673 4839 Εἶτα
703 4781 979 4852 ἐπιλέγει·
1013 4801 1032 4834 ι
1081 4783 1388 4853 Ἐνεπάγην
1422 4785 1500 4846 είς
1528 4782 1662 4854 ῦλην
1699 4783 1898 4854 βυθοῦι

296 4871 391 4924 καὶ
415 4872 516 4926 οὐκ
558 4872 707 4930 ἐστιν
737 4872 1038 4936 ὑπόστασις
1063 4889 1076 4904 ·
1115 4893 1146 4924 »ι
1165 4873 1307 4930 κατὰ
1343 4872 1401 4925 δέ
1429 4872 1520 4926 τὸν
1545 4871 1842 4945 Σύμμαχον
1867 4889 1881 4902 ·

301 4982 322 5015 ι
369 4963 738 5038 Ἑϐαπτίσθην
779 4969 862 5032 είς
907 4967 1249 5040 ἀπεράντους
1279 4966 1624 5031 καταδύσεις,
1653 4968 1749 5021 καὶ
1786 4968 1888 5020 οὐκ

297 5055 412 5110 ἔστι
437 5057 646 5123 στάσις,
680 5077 698 5110 ι
733 5059 1047 5131 ἡρμήνευσε
1071 5077 1084 5090 ·
1117 5059 1324 5133 σφόδρα
1354 5057 1683 5122 ἀκολούθως.
1719 5059 1897 5115 Ἔνθα.

295 5145 404 5219 γὰρ
427 5148 529 5202 οὒκ
548 5144 831 5224 ἦνστάσις
857 5149 1084 5223 ἑτέροις,
1115 5150 1202 5204 διὰ
1227 5150 1289 5204 τὸ
1314 5151 1521 5214 πάντας
1551 5149 1678 5210 τοὺς
1699 5148 1887 5202 αὐτόθι

299 5239 660 5305 κατελθόντας
709 5241 910 5314 ὀλίσθῳ
956 5246 1276 5316 περιπεσεῖν
1327 5245 1421 5297 καὶ
1479 5241 1886 5314 κατασύρεσθαι

299 5331 408 5386 ὑπὸ
447 5330 558 5386 τῶν
589 5332 683 5386 τοῦ
717 5332 951 5388 θανάτου
997 5335 1306 5405 ῥευμάτων,
1337 5333 1570 5388 ἐνταῦθα
1599 5333 1695 5388 κα)⁸
1724 5332 1888 5396 αὐτὸς

296 5417 481 5496 ἦλθον,
511 5424 750 5496 ὁπηνίκα
776 5427 857 5489 εἰς
889 5425 958 5479 τά
999 5424 1139 5497 βάθη
1165 5427 1267 5496 τῆς
1309 5425 1584 5498 θαλάσσης
1619 5423 1884 5496 ἐλήλυθα’

301 5515 358 5586 ἢ,
388 5516 530 5571 κατά
554 5517 644 5571 τὸν
677 5517 993 5591 Σύμμαχον,
1023 5537 1042 5570 ι
1076 5517 1339 5590 Εἰσῆλθον
1367 5520 1447 5582 είς
1485 5517 1556 5572 τά
1598 5515 1738 5588 βάθη
1780 5515 1889 5569 τῶν

299 5609 528 5672 ὑδάτων,
575 5611 669 5666 καὶ
702 5611 914 5688 ῥεῖθρον
957 5611 1228 5666 ἐπέκλυσὲ
1263 5629 1352 5684 με.
1392 5631 1411 5664 ι
1447 5611 1561 5664 Καὶ
1601 5609 1672 5664 τὰ
1713 5625 1892 5681 παρα·

301 5701 506 5773 πλήσια
538 5703 600 5757 δὲ
645 5704 860 5770 τούτοις
889 5705 984 5759 καὶ
1023 5705 1208 5769 Ἰωνᾶς
1255 5705 1284 5758 ὁ
1326 5705 1614 5778 προφήτης
1648 5701 1757 5757 ἀπὸ
1789 5701 1891 5772 τῆς

375 5861 420 5891 ⁷⁸
455 5859 600 5918 Psai.
639 5879 810 5927 exui,
843 5862 898 5926 5,
941 5861 995 5917 6;
1087 5864 1131 5894 ⁷⁷
1175 5861 1305 5918 ibid.
1350 5860 1434 5916 ιε.

1993 4779 2122 4834 Ιίηιο
2138 4777 2418 4848 profundi,
2451 4788 2644 4833 etnon
2694 4787 2779 4832 est
2825 4775 3173 4842 substantia;
3214 4795 3233 4827 ι
3276 4773 3580 4831 secundum

1995 4867 2384 4941 Symmachum
2403 4884 2563 4924 vero:
2591 4887 2608 4919 ι
2629 4865 2926 4922 lmmersus
2944 4881 3064 4922 sum
3085 4865 3140 4920 in
3160 4865 3402 4920 infinitas
3425 4878 3581 4918 vora-

1993 4962 2168 5032 gines,
2208 4969 2263 5016 et
2294 4975 2404 5015 non
2435 4967 2518 5016 est
2571 4967 2772 5022 status,
2824 4977 2842 5009 ι
2889 4954 3234 5027 explicatur;
3274 4961 3328 5010 et
3357 4953 3582 5028 quidem

1993 5071 2025 5110 e
2059 5070 2118 5108 re
2147 5051 2463 5107 admodum.
2492 5049 2627 5104 Nam
2661 5049 2753 5105 ubi
2792 5048 2978 5103 nullus
3022 5047 3202 5103 standi
3230 5045 3428 5102 modus
3459 5045 3584 5100 aliis

1995 5154 2134 5210 erat,
2174 5144 2302 5214 quia
2330 5150 2600 5212 quotquot
2626 5157 2692 5195 eo
2727 5139 3135 5195 descenderant.
3175 5137 3232 5192 in
3284 5137 3581 5208 perniciem

1997 5238 2169 5303 ibant,
2195 5243 2249 5291 et
2296 5251 2325 5288 a
2361 5234 2620 5289 ﬂuetibus
2658 5232 2852 5289 mortis
2889 5231 3339 5294 detrahebantur,
3390 5228 3600 5282 eodem;

1997 5330 2206 5385 accessi
2251 5329 2472 5399 quando
2504 5326 2623 5382 veni
2677 5325 2733 5380 in
2786 5324 3132 5380 altitudinem
3189 5322 3405 5388 maris;
3432 5320 3579 5383 sive,

1997 5423 2302 5482 secundum
2341 5419 2754 5494 Symmachum,
2804 5415 3149 5488 elngressus
3181 5429 3302 5473 sum
3350 5413 3406 5466 in
3456 5428 3582 5482 pro-

1999 5517 2228 5573 fundum
2260 5532 2550 5588 aquarum,
2577 5523 2632 5571 et
2664 5513 2863 5570 fluctus
2893 5509 3179 5567 inundavit
3202 5523 3305 5563 me.
3345 5527 3364 5559 ι
3401 5505 3466 5559 Et
3495 5505 3583 5559 his

1999 5608 2198 5664 similia
2235 5606 2405 5663 Jonas
2446 5607 2710 5681 propheta
2734 5620 2763 5658 a
2792 5613 2982 5660 ventre
3009 5601 3115 5658 ceti
3159 5605 3416 5677 precatus
3444 5597 3585 5653 scri-

1998 5702 2182 5768 bitur;
2223 5701 2298 5756 ait
2327 5700 2492 5772 igitur
2525 5701 2654 5755 ille:
2703 5718 2721 5750 ι
2764 5694 3111 5753 Circumfusa
3143 5703 3228 5750 est
3271 5693 3406 5748 mihi
3439 5703 3582 5764 aqua

1545 5861 1592 5892 τ’
1631 5858 1762 5915 ibid.
1801 5857 1891 5912 2i.
1970 5859 2088 5892 "'"
2132 5859 2263 5914 ihid.
2301 5858 2390 5915 δί.
2467 5858 2510 5890 ⁸⁸
2535 5856 2680 5912 Psal.
2719 5856 2984 5920 cxxm,5.
3062 5857 3106 5888 "
3125 5851 3448 5918 Matth.,vtt,
3487 5848 3579 5910 25.

302 5930 350 5961 ⁸³
383 5929 484 5989 Job
523 5949 582 6000 η,
624 5935 688 5990 6..
752 5937 798 5968 "
837 5931 996 5991 Joan.
1034 5951 1088 6004 x,
1126 5934 1189 5994 t8
1286 5934 1332 5966 "
1372 5931 1504 5991 ibid.
1555 5933 1639 5990 15.
1715 5931 1761 5968 ⁸⁸
1797 5927 1958 5987 Joan.
2011 5946 2108 6000 xu,
2148 5930 2239 5988 27.
2315 5932 2358 5963 ⁸⁷
2403 5927 2593 5985 Matth.
2637 5943 2782 5993 xxvi,
2824 5927 2912 5983 38.
