4086 6442
340 5670 357 5697 Γ

312 5762 321 5771 .
340 5706 387 5795 it.

182 5840 187 5849 .
220 5804 241 5827 Γ·

500 5778 537 5795 μ’
589 5757 809 5815 “Joan.
851 5776 913 5827 ιι,
953 5760 1006 5826 6,
1050 5760 1100 5819 7.
1197 5760 1447 5816 "Matth.
1484 5776 1586 5828 xu,
1620 5760 1712 5828 59,,
1753 5761 1843 5818 40.

507 393 610 448 ’27
1196 388 1473 447 ΕΟΒΕΒΙῘ
1503 388 1988 446 ϐᾹὶΞΑΙὶΙΕΝδῖΞ
2023 384 2178 447 OPP.
2231 387 2415 444 PARS
2456 387 2544 444 Ill.
2585 419 2657 428 —
2697 385 3113 445 EXEGETICA.
3724 380 3823 436 718

504 523 681 580 usque
710 508 777 564 ad
812 509 1052 565 animam
1100 523 1303 574 meam,
1351 508 1587 581 abyssus
1633 508 1825 564 ultima
1854 511 2093 565 circum-

2202 507 2402 573 κοιλίας
2427 507 2519 563 τοῦ
2546 508 2748 581 κήτους
2771 495 3187 581 ἀναγέγραπται
3212 505 3549 579 ηὺγμένος.
3588 498 3759 568 Λέγει
3780 500 3822 554 δ’

501 602 653 658 dedit
681 614 788 659 me.
815 600 994 658 Subiit
1041 608 1208 673 caput
1252 618 1433 658 meum
1487 602 1556 659 ad
1603 601 1904 659 divisiones
1933 619 2090 657 mon-

503 693 661 761 tium,
701 694 959 751 desoendi
989 694 1043 749 in
1075 700 1302 757 terram,
1345 694 1506 762 cujus
1540 704 1727 751 vectos
1759 704 1888 752 sunt
1919 695 2093 751 admi-

503 784 690 843 nicula
723 794 926 842 aeterna
947 784 1014 840 ⁸⁸.
1069 803 1087 837 ι
1122 783 1468 856 Quapropter
1505 787 1756 857 exemplo
1782 785 1935 845 Jonas
1963 802 2093 859 pro-

506 878 683 949 phetre
712 890 848 934 usus
886 873 1148 932 Servator
1175 882 1261 933 est
1296 876 1363 931 ad
1399 890 1516 943 eos,
1547 879 1640 949 qui
1682 879 1897 950 signum
1939 880 2007 934 ab
2032 894 2093 935 se

506 968 781 1043 petebant,
817 967 1046 1023 dicens:
1107 985 1127 1018 ι
1175 966 1470 1023 Generatio
1520 985 1688 1040 prava
1739 976 1793 1026 et
1844 970 2092 1027 adultera

505 1061 722 1132 signum
757 1059 974 1131 quaerit,
1003 1066 1056 1115 et
1087 1060 1303 1131 ’signum
1353 1073 1464 1116 non
1498 1061 1720 1117 dabitur
1766 1063 1838 1127 ei,
1877 1060 1985 1119 nisi
2024 1065 2095 1119 si-

503 1147 671 1224 gnum
700 1148 852 1207 Iona:
884 1150 1184 1223 prophetis.
1223 1151 1377 1207 Sicut
1416 1154 1561 1209 enim
1609 1146 1710 1208 fuit
1764 1152 1932 1209 Jonas
1960 1170 2091 1226 pro-

505 1243 669 1313 pheta
692 1240 747 1296 in
771 1249 962 1297 ventre
990 1245 1092 1297 ceti
1122 1242 1301 1298 tribus
1318 1243 1514 1300 diebus
1534 1256 1588 1301 et
1611 1244 1783 1300 tribus
1805 1244 2059 1301 noctibus
2074 1284 2091 1310 ,

506 1334 588 1390 sic
615 1333 719 1389 erit
742 1343 791 1390 et
824 1334 998 1391 Filius
1026 1334 1267 1391 hominis
1298 1335 1351 1390 in
1384 1335 1549 1392 corde
1576 1344 1738 1393 terrae
1770 1336 1949 1395 tribus
1978 1338 2095 1393 die-

507 1427 611 1485 bus
640 1436 694 1484 et
722 1428 900 1484 tribus
930 1428 1188 1484 noctibus
1203 1428 1271 1484 ⁸³.
1306 1449 1325 1482 ι
1358 1429 1469 1484 Cor
1492 1436 1655 1485 terrae
1674 1438 1833 1485 vorat
1862 1428 1916 1486 id
1948 1429 2093 1501 quod

507 1519 596 1574 hic
629 1520 833 1575 dicitur
861 1519 1194 1592 profundum
1226 1521 1420 1585 maris,
1454 1519 1656 1578 inferni
1684 1521 1805 1576 loca
1841 1522 2094 1581 subindi-

505 1627 660 1669 cans.
692 1611 1059 1681 Quamobrem
1090 1613 1146 1668 in
1187 1610 1292 1667 Job
1320 1629 1542 1685 quoque
1587 1614 1809 1669 oracula
1862 1613 2095 1671 fundens

505 1704 626 1777 ipse
670 1703 935 1763 Dominus
967 1703 1170 1761 similia
1219 1703 1521 1760 declaravit
1552 1706 1787 1763 dicens:
1826 1725 1844 1758 ι
1886 1705 2095 1763 Venisti

506 1802 691 1853 autem
726 1795 793 1851 ad
846 1791 1051 1852 fontem
1095 1796 1285 1862 maris,
1335 1795 1393 1852 in
1444 1799 1694 1870 vestigiis
1726 1815 1857 1854 vero
1906 1796 2093 1871 abyssi

506 1886 897 1944 deambulasti.
927 1886 1270 1958 Aperiantur
1308 1887 1407 1943 tibi
1437 1889 1635 1944 timore
1664 1896 1835 1959 porta:
1861 1890 2054 1945 mortis
2080 1907 2094 1945 :

507 1982 719 2040 ostiarii
746 1984 948 2039 inferni
979 1982 1231 2040 videntes
1261 1990 1316 2039 te
1345 1984 1631 2043 conterriti
1652 1993 1785 2040 sunt
1805 1985 1872 2041 ⁹⁰.
1917 2004 1937 2038 ι

2191 597 2286 655 οὖν
2307 602 2401 655 καὶ
2424 600 2587 665 αὐτός
2605 615 2619 631 ·
2650 614 2669 652 ι
2700 596 3005 672 Περιεχύθη
3033 616 3121 670 μοι
3147 596 3291 670 ὕδωρ
3309 598 3433 658 ἕως
3465 590 3673 664 ψυχῆς
3704 606 3824 661 μου·

2193 692 2428 759 ᾇϐυσσος
2455 691 2733 747 ἐκύκλωσέ
2763 709 2830 764 με
2855 691 3079 765 ἐσχάτη.
3108 691 3295 762 Ἔδυή
3324 686 3581 757 κεφαλή
3617 701 3727 755 μου
3750 684 3829 747 εις

2196 785 2432 858 σχισμὰς
2463 786 2656 859 ὀρέων,
2687 785 2921 860 κατέϐην
2947 787 3027 850 είς
3056 785 3180 857 γῆν,
3208 779 3279 857 ἧς
3308 786 3355 837 οἰ
3396 779 3625 855 μοχλοὶ
3658 776 3831 851 αὕτῆηῖ

2194 879 2412 949 κάτοχοι
2471 875 2700 932 αἰώνιοι.
2744 896 2763 929 ι
2821 877 3022 949 Διόπερ
3076 875 3154 947 τῷ
3213 872 3672 946 παραδείγματι
3735 867 3831 922 τοῦ

2207 971 2361 1024 Ἰωνᾶ
2397 970 2663 1042 κέχρηται
2700 971 2729 1024 6
2763 969 2953 1040 Σωτὴρ
2986 968 3123 1040 πρὸς
3158 968 3285 1031 τοὺς
3316 969 3707 1037 αἰτήσαντας
3737 962 3835 1015 αύ-

2191 1060 2285 1116 τδν
2333 1064 2578 1135 σημεῖον,
2628 1060 2831 1115 εἰπών’
2866 1079 2885 1111 ι
2917 1059 3086 1115 Γενεὰ
3129 1059 3343 1131 πονηρὰ
3390 1055 3513 1112 καὶ
3569 1055 3837 1127 μοιχαλὶς

2194 1152 2420 1222 σημεῖον
2457 1149 2723 1222 ἐπιζητεῖ,
2759 1149 2853 1203 καὶ
2896 1153 3118 1222 σημεῖον
3146 1150 3207 1203 οὐ
3236 1148 3557 1221 δοθήσεται
3585 1146 3741 1216 αὐτῇ
3784 1144 3837 1198 εί

2197 1242 2272 1317 μὴ
2322 1243 2384 1297 τὸ
2429 1245 2656 1314 σημεῖον
2710 1243 2867 1297 Ἰωνᾶ
2920 1242 3016 1297 τοῦ
3065 1244 3369 1316 προφήτου.
3412 1242 3672 1311 Ὥσπερ
3726 1238 3838 1310 γὰρ

2193 1334 2412 1407 ἐγένετο
2452 1336 2635 1400 Ἰωνᾶς
2659 1338 2689 1390 6
2730 1337 3017 1408 προφήτης
3047 1337 3103 1389 ἐν
3135 1337 3201 1409 τῇ
3234 1334 3415 1407 κοιλίᾳ
3470 1332 3589 1387 τοῦ
3623 1333 3839 1402 κήτους

2192 1431 2345 1501 τρεῖς
2376 1428 2592 1501 ἡμέρας
2624 1430 2719 1482 καὶ
2754 1433 2906 1501 τρεῖς
2945 1429 3167 1494 νύκτας,
3203 1428 3376 1493 οὕτως
3422 1427 3614 1481 ἔσται
3667 1426 3771 1479 καῖ
3806 1426 3837 1477 6

2195 1520 2325 1585 Υἱὸς
2356 1520 2451 1575 τοῦ
2478 1519 2767 1594 ἀνθρώπου
2793 1522 2850 1574 ἐν
2877 1523 2943 1593 τῇ
2976 1521 3172 1594 καρδίᾳ
3198 1522 3298 1593 τῆς
3339 1521 3452 1591 γῆς
3489 1521 3671 1592 τρεῖς
3700 1516 3829 1588 me.

2201 1631 2300 1686 ρας
2336 1615 2432 1668 καὶ
2453 1617 2603 1688 τρεῖς
2644 1614 2865 1679 νύκτας.
2905 1633 2925 1667 ι
2962 1612 3205 1686 Καρδίαν
3230 1613 3286 1668 δὲ
3312 1614 3418 1685 γῆς
3446 1612 3535 1666 τὰ
3582 1610 3838 1665 ἐνταῦθα

2194 1705 2461 1777 λεγόμενα
2494 1705 2635 1777 βάθη
2664 1705 2944 1776 θαλάσσης
2982 1704 3260 1776 ὀνομάζει,
3289 1705 3359 1760 τὰ
3389 1704 3502 1760 τοῦ
3542 1704 3694 1775 ᾅδου
3730 1722 3841 1774 χω-

2199 1799 2289 1870 ρία
2326 1797 2718 1868 αἰνιττόμενος.
2748 1796 2839 1849 Διὸ
2874 1796 2967 1851 καὶ
3004 1800 3061 1851 ἐν
3092 1796 3173 1869 τῷ
3215 1795 3339 1851 Ἰὼϐ
3370 1795 3782 1871 χρηματίζων
3807 1797 3837 1849 6

2203 1889 2368 1953 αὐτὸς
2397 1887 2602 1962 Κύριος
2633 1889 2703 1944 τὰ
2739 1889 2901 1959 ὅμοια
2934 1891 3174 1962 παρίστη
3203 1888 3377 1958 λέγων
3396 1907 3411 1919 ·
3453 1908 3479 1942 ι
3510 1885 3750 1952 Ἶῖλθες
3780 1888 3839 1942 δὲ

2207 1984 2301 2041 ἐπὶ
2330 1984 2513 2056 πηγήν
2537 1980 2832 2056 θαλάσσης,
2861 1985 2919 2039 ἐν
2942 1983 3001 2038 δὲ
3026 1984 3226 2056 ἴχνεσιν
3255 1982 3505 2038 ἀϐύσσου
3541 1982 3836 2055 περιεπά-

507 2094 699 2150 τησας.
727 2077 1056 2148 Ἀνοίγονται
1087 2077 1146 2132 δέ
1179 2094 1262 2141 σοι
1298 2077 1446 2151 φόϐῳ
1476 2077 1642 2133 πύλαι
1670 2078 1920 2146 θανάτου,
1959 2079 2201 2152 πυλωροὶ
2232 2078 2357 2151 ᾅδου
2383 2078 2580 2142 ἰδόντες
2605 2086 2664 2131 σε
2699 2075 2992 2149 ἔπτηξαν.»

583 2192 746 2251 Vides
780 2203 960 2251 autem
994 2195 1271 2267 quomodo
1320 2197 1410 2252 hic
1462 2213 1684 2270 quoque
1714 2213 1843 2253 cum
1887 2180 2093 2255 fontem
2129 2208 2170 2262 Β

509 2286 680 2341 maris
733 2286 1106 2353 nominasset,
1162 2295 1216 2345 et
1274 2282 1610 2359 adjecisset,
1665 2308 1685 2341 ι
1742 2290 1800 2345 In
1849 2289 2093 2361 vestigiis

510 2376 696 2449 abyssi
725 2378 1039 2446 ambulasti,
1077 2398 1097 2440 ι
1131 2378 1374 2435 declaret
1405 2380 1537 2451 quid
1566 2381 1639 2436 sit
1672 2381 1927 2454 abyssus,
1960 2382 2093 2453 quid

509 2483 681 2531 mare,
713 2466 1053 2538 subjiciens:
1101 2488 1119 2521 ι
1161 2467 1499 2539 Aperiuntur
1528 2477 1709 2525 autem
1765 2470 1867 2526 tibi
1898 2471 2095 2527 timore

510 2566 682 2631 porta:
714 2560 927 2623 mortis,
956 2559 1169 2619 ostiarii
1203 2575 1334 2615 vero
1373 2559 1572 2619 inferni
1607 2560 1851 2618 videntes
1882 2569 1935 2617 te
1964 2578 2095 2618 con-

510 2653 691 2713 territi
722 2660 871 2709 sunt.
915 2673 933 2706 ι
994 2651 1096 2708 Hic
1130 2652 1300 2724 igitur
1328 2652 1494 2711 etiam
1544 2653 1877 2725 profundum
1926 2656 2095 2711 maris

511 2746 707 2805 mortis
740 2748 993 2819 regiones
1024 2745 1337 2810 adumbrat,
1381 2762 1493 2817 quo
1528 2744 1872 2805 descendens
1903 2746 2092 2802 Salva-

510 2849 598 2894 tor
636 2845 699 2894 eo
742 2836 1006 2895 Dominus
1060 2842 1270 2900 noster.
1310 2837 1464 2893 solus
1496 2836 1624 2894 inde
1673 2854 1959 2910 regressus
1989 2847 2091 2896 est.

510 2928 693 2999 Quare
742 2929 798 2986 in
845 2930 1176 3002 praecedenti
1223 2928 1445 3002 quoque
1501 2924 1716 3003 psalmo
1759 2931 2090 2988 dicebatur:

516 3043 534 3074 ι
570 3021 638 3086 Et
667 3020 880 3080 Domini
910 3024 1125 3080 Domini
1155 3026 1338 3082 exitus
1361 3025 1555 3082 mortis
1578 3024 1660 3093 ⁹¹;
1695 3044 1714 3078 ›
1745 3040 1810 3080 ac
1837 3039 2092 3082 rursum:

515 3134 535 3167 ι
573 3113 722 3181 Dixit
751 3113 1015 3174 Dominus
1047 3135 1061 3172 :
1088 3112 1170 3172 Ex
1199 3114 1377 3173 Basan
1404 3125 1742 3186 convertam,
1778 3124 2092 3174 convertam

506 3223 576 3269 ex
621 3206 895 3291 profundo
923 3210 1093 3265 maris
1115 3206 1184 3265 ".
1222 3229 1243 3262 ι
1288 3209 1395 3266 Pro
1423 3210 1517 3268 illo
1541 3218 1745 3276 autem,
1790 3229 1809 3262 ‹
1862 3211 1930 3265 Et
1966 3217 2099 3265 tem-

511 3306 697 3372 pestas
744 3299 1007 3369 demersit
1057 3317 1165 3368 me,
1226 3320 1248 3355 ι
1300 3301 1519 3374 Aquila,
1577 3320 1597 3355 ι
1653 3300 1720 3357 Et
1768 3301 2095 3373 profluvium

511 3392 799 3449 inundavit
826 3410 944 3463 me;
968 3413 987 3447 ›
1011 3390 1374 3468 Symmachus
1394 3408 1546 3461 vero,
1579 3413 1599 3447 ι
1623 3394 1686 3450 Ει
1714 3398 1913 3451 fluctus
1937 3395 2097 3450 inun-

2281 2199 2443 2271 Ὁρᾷς
2468 2198 2577 2271 γὰρ
2622 2199 2771 2262 ὅπως
2812 2196 2908 2252 καὶ
2939 2198 2997 2250 ἐν
3036 2196 3246 2262 τούτοις
3288 2196 3474 2269 πηγὴν
3520 2194 3835 2265 θαλασσης

2197 2289 2494 2361 ὀνομάσας,
2526 2289 2620 2343 καὶ
2652 2288 2907 2361 προσθεὶς
2933 2289 3017 2351 τὸ,
3051 2307 3070 2340 ι
3121 2288 3209 2342 Ἑν
3236 2289 3295 2343 δὲ
3323 2288 3537 2363 ἴχνεσιν
3567 2286 3833 2340 ἀϐύσσου

2198 2380 2628 2453 περιεπάτησας,
2665 2400 2684 2432 ι
2718 2379 2815 2452 τὴν
2848 2380 3085 2436 ἄϐυσσον
3119 2380 3212 2434 καὶ
3239 2380 3338 2452 τὴν
3367 2379 3679 2439 θάλασσαν
3704 2377 3831 2431 τίνα

2197 2473 2315 2527 ἐστὶ
2359 2472 2618 2542 διασαφεῖ
2653 2470 2921 2542 ἐπιλέγων
2946 2488 2960 2501 ο
2999 2492 3017 2524 ι
3062 2472 3395 2541 Ἀνοίγονται
3434 2471 3494 2525 δέ
3528 2488 3627 2525 σοι
3669 2470 3830 2541 φόϐῳ

2197 2565 2359 2619 πύλαι
2384 2564 2637 2628 θανάτου,
2666 2563 2906 2637 πυλωροὶ
2928 2564 2984 2618 δὲ
3015 2564 3140 2637 ᾅδου
3172 2565 3370 2629 ἰδόντες
3400 2582 3460 2618 σε
3490 2562 3819 2636 ἔοιιττεηξαν.⁸

2197 2652 2406 2711 Οὐκοῦν
2436 2654 2529 2707 καὶ
2562 2652 2619 2707 ἐν
2645 2655 2759 2718 τοῖς
2791 2654 3177 2726 προκειμένοις
3200 2653 3268 2708 τὰ
3291 2653 3431 2725 βάθη
3460 2654 3572 2725 τῆς
3606 2650 3825 2706 θαλάσσ-

2198 2760 2298 2817 σης
2340 2744 2408 2799 τὰ
2447 2744 2542 2798 τοῦ
2588 2742 2824 2819 θανάτου
2867 2744 3044 2817 χωρία
3086 2744 3405 2808 αἰνίττεται,
3451 2745 3597 2799 ἔνθα
3652 2744 3825 2816 μόνος

2197 2835 2445 2901 καταϐὰς
2469 2838 2498 2890 6
2521 2835 2712 2909 Σωτὴρ
2740 2836 2835 2891 καὶ
2859 2835 3065 2909 Κύριος
3086 2837 3119 2909 ἡ
3128 2836 3243 2908 μῶν
3268 2836 3580 2908 διεξῆλθεν.
3620 2834 3726 2889 Διὸ
3760 2835 3822 2887 ὲν

2195 2926 2273 2999 τῷ
2322 2927 2428 3000 πρὸ
2465 2926 2655 2981 τούτου
2694 2924 2896 2999 ψαλμῷ
2944 2926 3166 2996 ἐλέγετο
3189 2943 3203 2957 ο
3237 2945 3257 2978 ι
3297 2926 3406 2980 Καὶ
3439 2925 3537 2980 τοῦ
3590 2921 3819 2994 Κυρίου

2197 3017 2402 3092 Κυρίου
2431 3019 2485 3071 αἰ
2516 3016 2737 3082 διέξοδοι
2770 3016 2863 3071 τοῦ
2898 3017 3128 3073 θανάτου
3154 3035 3167 3048 ·
3207 3036 3226 3069 ι
3254 3018 3347 3071 καὶ
3372 3016 3536 3071 πάλιν
3555 3033 3576 3051 ·
3622 3035 3644 3068 ι
3673 3010 3817 3068 Εἷπε

2196 3109 2420 3183 Κύριος
2439 3110 2533 3164 Ἐκ
2547 3110 2729 3166 Βασάν
2746 3111 3079 3184 ἐπιστρέψω.
3099 3109 3412 3184 ἐπιστρέψω
3427 3112 3490 3164 ἐκ
3510 3109 3709 3183 βυθῶν
3728 3106 3820 3161 θα-

2196 3204 2452 3276 λάσσης.»
2474 3204 2618 3258 Ἀντὶ
2649 3202 2707 3257 δὲ
2747 3202 2840 3258 τοῦ
2861 3220 2875 3234 ⁸
2929 3222 2947 3255 ι
2997 3204 3109 3259 Καὶ
3148 3204 3400 3273 καταιγὶς
3432 3199 3813 3258 κατεπόντισέ

2201 3314 2289 3369 με,
2319 3316 2338 3350 ι
2371 3299 2399 3351 6
2425 3297 2526 3370 μὲν
2540 3296 2791 3360 Ἀκύλας,
2823 3316 2842 3349 ι
2874 3296 2985 3352 Kal.
3016 3296 3144 3369 ῥοῦς
3175 3296 3439 3351 ἐπέκλυσέ
3470 3314 3541 3368 με
3570 3312 3582 3322 '
3628 3314 3651 3349 ι
3694 3296 3727 3348 6
3754 3291 3815 3345 δὲ

2198 3389 2515 3461 Σύμμαχος,
2552 3408 2571 3442 ι
2598 3389 2710 3443 Καὶ
2737 3387 2951 3461 ῥεῖθρον
2972 3387 3237 3443 ὲπέκλυσέ
3262 3406 3383 3461 ps,»
3423 3390 3810 3461 ήρμήνευσεν.

511 3482 662 3543 davit
708 3501 818 3553 me,
869 3505 889 3541 ι
933 3487 1279 3559 interpretati
1312 3496 1465 3546 sunt.
1506 3487 1642 3543 Nam
1686 3487 1983 3545 verisimile
2010 3495 2097 3543 est

2202 3482 2361 3548 Εἰκὸς
2406 3482 2516 3556 γὰρ
2563 3481 2693 3554 περὶ
2739 3481 3218 3571 αύτδνιγεγονέναι
3268 3481 3367 3547 τὰς
3406 3480 3812 3554 ἀντικειμένας

511 3667 736 3741 quando
767 3669 1054 3742 ingressus
1085 3688 1237 3729 mare
1286 3672 1556 3744 confregit
1584 3674 1763 3745 capita
1794 3673 2095 3730 draconum

515 3757 571 3812 in
604 3772 768 3830 aqua.
802 3757 1070 3825 Quocirca
1100 3760 1157 3818 in
1187 3762 1514 3833 praecedenti
1540 3765 1749 3834 psalmo
1774 3764 2094 3821 dicebatur:

518 3867 540 3905 ι
583 3846 654 3917 Et
686 3848 905 3909 Domini
955 3850 1171 3911 Domini
1208 3852 1390 3911 exitus
1442 3856 1654 3912 mortis.
1714 3854 2098 3912 Verumtamen

515 3930 659 4001 Deus
684 3937 993 4013 confringet
1010 3943 1198 4014 capita
1218 3943 1568 4001 inimicorum
1591 3960 1818 4002 suorum
1831 3944 1897 4001 ".
1931 3964 1950 3999 ι
1977 3943 2098 4000 Νοη

513 4032 661 4099 enim
694 4032 801 4087 alio
851 4033 1014 4089 modo
1053 4035 1180 4090 illos
1216 4037 1411 4094 mortis
1450 4037 1632 4093 exitus
1682 4037 2095 4109 pertransisset,

514 4122 622 4181 nisi
656 4123 1021 4196 confregisset
1069 4124 1251 4199 capita
1303 4127 1651 4184 inimicorum
1703 4145 1951 4194 suorum,
2003 4130 2098 4201 qui

516 4217 640 4273 istic
670 4222 849 4274 erant.
892 4215 1049 4285 Quod
1097 4217 1145 4273 si
1175 4218 1301 4289 quis
1332 4218 1446 4274 haec
1472 4235 1539 4276 eo
1583 4220 1792 4277 dixisse
1841 4218 2098 4275 Davidcm

518 4308 692 4382 putet,
721 4310 868 4382 quod
896 4310 1018 4383 ipse
1047 4311 1103 4367 in
1130 4312 1332 4370 multas
1360 4315 1692 4371 tentationes
1719 4314 1976 4370 inciderit
2002 4354 2017 4379 ,
2050 4314 2099 4370 is

516 4403 821 4476 perpendat
844 4403 1121 4475 quomodo
1157 4405 1374 4476 possint
1421 4406 1613 4463 isthaec
1643 4405 1835 4463 Davidi
1878 4422 2100 4477 compe-

518 4511 672 4553 tere:
707 4515 728 4551 ι
759 4494 1040 4553 Dederunt
1065 4496 1119 4552 in
1141 4513 1331 4555 escam
1361 4515 1536 4554 meam
1569 4497 1661 4564 fel,
1693 4506 1749 4555 et
1777 4498 1832 4552 in
1864 4496 1957 4552 siti
1978 4511 2100 4553 mea

518 4595 979 4660 potaveruntme
1029 4595 1227 4658 aceto;
1266 4608 1286 4642 ι
1344 4599 1440 4645 aut
1460 4589 1636 4656 illud,
1684 4610 1702 4642 ι
1738 4587 1860 4645 Fiat
1912 4605 2100 4646 mensa

514 4695 707 4739 eorum
737 4696 924 4737 coram
954 4679 1092 4753 ipsis
1117 4681 1177 4736 in
1207 4681 1485 4754 laqueum,
1526 4683 1659 4748 etjn
1708 4681 2099 4739 retributiones

512 4781 566 4831 et
596 4773 655 4832 iu
684 4774 1025 4833 scandalum.
1064 4772 1447 4831 Obscurentur
1491 4776 1636 4832 oculi
1670 4792 1860 4832 eorum
1911 4786 1981 4833 ne
2013 4775 2101 4831 vi»

513 4867 702 4933 deant,
731 4872 789 4923 et
814 4865 1040 4923 dorsum
1073 4881 1266 4922 eorum
1292 4882 1511 4940 semper
1541 4868 1791 4924 incurva.
1823 4888 1842 4921 ι
1872 4868 2104 4931 Caetera-

496 3576 864 3660 .adversarias
907 3558 1211 3651 potestates
1272 3579 1328 3641 in
1387 3580 1624 3636 circuitu
1670 3580 1791 3650 ejus
1858 3580 2097 3644 stetisse,

2204 3576 2482 3648 δυνάμεις,
2511 3577 2621 3641 ὅτε,
2652 3575 2845 3642 ἐπιϐὰς
2879 3562 2944 3648 τῇ
2982 3575 3249 3653 θαλάσσῃ,
3277 3577 3558 3651 συνέτριϐε
3588 3578 3699 3642 τὰς
3725 3592 3810 3631 κε-

2208 3668 2384 3738 φαλὰς
2409 3668 2517 3722 τῶν
2542 3668 2853 3741 δρακόντων
2882 3664 2975 3722 ἐπὶ
2998 3667 3090 3722 τοῦ
3118 3668 3329 3734 ὓδατος.
3352 3669 3446 3723 Διὸ
3489 3669 3587 3724 καὶ
3614 3672 3680 3724 ἐν
3726 3667 3806 3739 τῷ

2205 3759 2313 3832 πρὸ
2351 3760 2543 3814 τούτου
2576 3760 2796 3830 ἐλέγετο
2824 3761 3023 3834 ψαλμῷ
3051 3780 3063 3792 ·
3101 3780 3120 3813 ι
3154 3760 3264 3817 Καὶ
3295 3761 3388 3816 τοῦ
3428 3764 3643 3836 Κυρίου
3684 3763 3802 3817 Κυ-

2207 3853 2324 3927 ρίου
2353 3854 2410 3908 αι
2436 3852 2656 3918 διέξοδοι
2694 3855 2787 3908 τοῦ
2815 3853 3065 3910 θανάτου.
3094 3838 3241 3926 Πλὴν
3265 3855 3294 3907 6
3333 3854 3465 3919 Θεὸς
3507 3853 3804 3909 συνθλᾶσει

2205 3944 2448 4013 κεφαλὰς
2465 3944 2574 3997 τῶν
2598 3944 2807 4017 ἐχθρῶν
2831 3942 3020 3999 αὐτοῦ.
3071 3964 3093 3997 ι
3120 3946 3191 3999 Oz';
3220 3945 3331 4019 γὰρ
3357 3943 3423 3999 ἂν
3450 3944 3629 4008 ἄλλως
3654 3941 3801 4010 διεξ-

2205 4035 2453 4109 εληλύθει
2495 4035 2593 4101 τὰς
2621 4034 2884 4105 διεξόδους
2922 4037 3015 4091 τοῦ
3056 4034 3285 4093 θανάτου
3308 4036 3342 4110 ἢ
3370 4035 3679 4101 συνθλάσας
3701 4034 3801 4098 τὰς

2207 4126 2445 4198 κεφαλὰς
2469 4126 2578 4182 τῶν
2604 4127 2791 4182 αὐτόθι
2823 4127 3034 4201 ἐχθρῶν
3063 4127 3252 4191 αὐτοῦ.
3288 4127 3416 4183 Ἐὰν
3437 4127 3496 4182 δέ
3515 4146 3600 4193 τις
3621 4125 3800 4182 ταῦτα

2207 4217 2405 4293 νομίζῃ
2437 4218 2616 4287 λέγειν
2641 4219 2732 4273 τὸν
2767 4219 2930 4274 Δαυῖδ
2965 4218 3053 4275 διὰ
3088 4220 3150 4274 τὸ
3192 4219 3407 4284 πολλοῖς
3438 4234 3800 4293 περιπεπτω-

2207 4314 2360 4369 κέναι
2404 4316 2751 4387 πειρασμοῖς,
2798 4311 3148 4386 ἐπιστησάτω
3186 4312 3305 4376 πῶς
3341 4307 3452 4365 οἶόν
3498 4329 3556 4364 τε
3602 4307 3673 4385 ἦν
3720 4306 3801 4379 τῷ

2206 4407 2368 4462 Δαυῒδ
2402 4406 2665 4480 ἁρμόζειν
2698 4406 2758 4461 τὸ
2786 4405 3000 4476 λέγειν·
3045 4426 3062 4459 ι
3100 4405 3349 4459 Ἕδωκαν
3385 4407 3464 4470 εἰς
3505 4405 3568 4458 τὸ
3599 4400 3800 4479 βρῶμά

2211 4519 2313 4574 μου
2342 4501 2525 4574 χολὴν,
2555 4498 2648 4555 καὶ
2674 4499 2754 4565 εἰς
2774 4499 2875 4572 τὴν
2895 4498 3053 4569 δίψαν
3085 4515 3187 4571 μου
3215 4497 3473 4552 ὲπότισάν
3510 4515 3577 4569 με
3604 4497 3755 4565 ὅξος·
3772 4514 3792 4547 ι

2207 4589 2349 4663 ῆτὸ,
2388 4609 2407 4640 ι
2442 4587 2732 4661 Γενηθήτω
2766 4589 2798 4659 ἡ
2846 4585 3095 4660 τράπεζα
3123 4586 3304 4640 αὐτῶν
3341 4584 3574 4640 ἐνώπιον
3614 4584 3797 4641 αὐτῶν

2208 4686 2289 4747 είς
2313 4682 2514 4753 παγίδα
2553 4683 2649 4737 καὶ
2676 4683 2757 4745 εἰς
2783 4681 3168 4745 ἀνταποδόσεις
3215 4678 3311 4735 καλ⁸
3349 4679 3430 4744 είς
3474 4677 3796 4736 σκάνδαλον.

2208 4774 2661 4847 Σκοτισθήτωσαν
2701 4776 2749 4828 oi
2778 4773 3048 4845 ὀφθαλμοὶ
3078 4772 3260 4827 αὐτῶν
3293 4771 3388 4826 τοῦ
3427 4771 3504 4844 μὴ
3553 4770 3792 4843 βλέπειν.

2208 4868 2305 4923 καὶ
2340 4868 2433 4921 τὸν
2464 4866 2634 4921 νῶτον
2664 4865 2843 4921 αὐτῶν
2878 4865 2967 4921 διὰ
3004 4867 3208 4931 παντὸς
3241 4865 3588 4938 σύγκαμψον.
3629 4884 3649 4916 ι
3685 4863 3796 4918 Καὶ

513 4973 623 5030 que
649 4957 738 5015 his
765 4956 969 5015 similia
995 4956 1043 5015 si
1070 4957 1199 5030 quis
1234 4957 1343 5014 sibi
1371 4958 1677 5030 collegerit,
1711 4958 1934 5016 Davidis
1971 4976 2097 5031 per-

2202 4959 2274 5015 τὰ
2328 4958 2494 5014 λοιπὰ
2554 4959 2614 5014 δὲ
2666 4959 2876 5023 τούτοις
2922 4959 3284 5032 παραπλήσια
3338 4956 3662 5028 συναγαγών
3708 4972 3791 5020 τις

514 5063 667 5108 sonte
695 5049 1015 5107 nullatenus
1049 5065 1353 5123 congruere
1392 5051 1785 5122 deprehendet.
1822 5051 2100 5124 Interpre-

514 5140 715 5209 tationi
741 5154 927 5199 autem
960 5142 1038 5198 illi
1088 5142 1156 5199 de
1186 5140 1479 5199 Servatore
1524 5154 1716 5201 nostro
1753 5144 2102 5203 evidentibus

514 5232 852 5305 argumentis
882 5230 1044 5291 fidem
1076 5233 1337 5293 conciliat
1365 5249 1649 5290 sacrorum
1683 5233 2102 5307 Evangeliorum

514 5324 914 5389 testimonium,
944 5341 1069 5381 cum
1098 5326 1168 5382 ab
1198 5326 1363 5382 allato
1395 5325 1553 5387 Jonae
1581 5329 1855 5399 exemplo,
1889 5336 2005 5382 tum
2033 5345 2102 5395 ex,

515 5416 685 5490 hujus
725 5416 924 5490 psalmi
967 5417 1137 5485 dicto,
1191 5436 1213 5476 ι
1249 5416 1521 5486 Quoniam
1552 5418 1709 5475 zelus
1753 5419 1949 5475 domus
1998 5429 2103 5475 tuae

520 5508 762 5573 comedit
800 5527 910 5579 me,
950 5531 971 5566 ι
997 5508 1144 5583 quod
1172 5511 1227 5567 in
1267 5510 1561 5584 Evangelio
1600 5512 1902 5568 secundum
1935 5511 2103 5568 Joan-

521 5619 671 5669 nem,
716 5603 1012 5676 ipsissimis
1047 5602 1229 5660 verbis
1280 5603 1562 5674 impletum
1602 5599 1956 5671 declaratur,
2009 5604 2103 5662 ubi

521 5828 574 5876 ⁸³
604 5830 739 5897 ibid.
778 5830 868 5891 ‘29..

1942 5758 2114 5823 "Iob
2152 5778 2399 5829 xnvm,
2434 5762 2521 5832 i6,
2554 5762 2638 5820 l7.
2735 5763 2778 5796 “
2820 5760 2967 5819 Psal.
3010 5777 3179 5828 ιινιι,
3219 5759 3309 5816 21.

2204 5053 2406 5125 ἐαυτῷ,
2436 5051 2587 5124 εὖροι
2619 5052 2686 5107 ἂν
2726 5050 2979 5124 οὐδαμῶς
3016 5051 3329 5125 ἁρμόζοντα
3369 5050 3449 5123 τῷ
3490 5048 3586 5105 τοῦ
3634 5046 3793 5105 Δαυῖδ

2205 5145 2505 5218 προσώπῳ.
2542 5143 2653 5216 Τὴν
2683 5142 2741 5209 δέ
2780 5160 2844 5214 γε
2876 5144 2970 5198 ἐπὶ
3013 5144 3104 5198 τὸν
3144 5142 3415 5217 ἡμέτερον
3445 5142 3678 5216 Σωτῆρα
3705 5143 3792 5216 ἐρ-

2208 5236 2437 5308 μηνείαν
2465 5231 2798 5289 πιστώσεται
2830 5237 3120 5307 σφραγῖσιν
3153 5234 3578 5307 ἀναμφιλέκτοις
3612 5236 3646 5306 ή
3687 5233 3790 5288 τῶν

2207 5328 2368 5402 ἱερῶν
2397 5325 2744 5397 Εὐαγγελίων
2780 5327 3079 5400 μαρτυρία,
3107 5326 3215 5381 ἀπό
3241 5344 3300 5381 τε
3325 5326 3419 5381 τοῦ
3456 5326 3792 5399 παρατεθέν-

2207 5438 2298 5486 τος
2330 5419 2423 5474 τοῢ
2467 5420 2624 5475 Ἰωνᾶ
2664 5419 3127 5493 παραδείγματος,
3158 5420 3253 5475 καὶ
3280 5419 3387 5473 ἀπὸ
3417 5417 3514 5472 τοῦ
3542 5417 3791 5487 λέγεσθαι

2209 5515 2268 5566 ἐν
2306 5515 2419 5578 τοῖς
2453 5512 2854 5587 προκειμένοις,
2892 5531 2909 5564 ι
2942 5513 3061 5565 Ὅτι
3097 5514 3125 5565 6
3161 5511 3321 5583 ζῆλος
3365 5509 3460 5564 τοῦ
3499 5508 3647 5564 οἴκου
3700 5524 3789 5562 σου

2211 5605 2492 5677 κατέφαγε
2538 5622 2640 5679 με’
2676 5626 2696 5659 ι
2749 5606 2887 5678 ὅπερ
2925 5604 3200 5672 αὐτολεξεὶ
3250 5601 3672 5676 μεμαρτύρηται
3715 5603 3791 5668 εἰς

3424 5762 3469 5797 ⁵³
3510 5760 3666 5825 ibid.,
3705 5758 3788 5815 S3.
