4086 6442
327 403 434 456 729

1466 408 1755 465 COMMEN
1764 411 1890 466 ΤΔΗ

2014 414 2080 469 ΙΝ
2122 412 2460 470 PSALMOS.
3488 421 3592 477 τσο

324 521 492 574 αὑτὸν
537 521 964 608 πεπληρωμένον
1007 525 1064 578 ἐν
1097 525 1174 598 τῷ
1205 526 1346 581 κατά
1381 528 1633 599 Ἰωάννην
1674 529 1885 600 Εὐαγγε

2017 533 2219 588 dicitur
2255 553 2269 589 :
2311 554 2330 586 ι
2387 533 2454 588 Et
2493 533 2736 590 ascendit
2767 533 2927 590 Jesus
2973 534 3388 608 Jerosolymam,
3421 545 3475 591 et
3505 541 3592 594 in-

323 611 447 684 λίῳ,
471 615 530 667 ὲν
561 607 604 682 ᾧ
628 615 966 687 γέγραπται·
1006 637 1024 669 ‹
1059 618 1169 671 Kal
1199 619 1366 690 άνέὸη
1395 622 1424 673 6
1464 621 1672 692 Ἰησοῦς
1699 624 1778 686 εἱς
1816 624 1912 676 Ἰε-

331 705 622 776 ροσόλυμα,
657 708 750 760 καὶ
779 700 936 780 εὗρεν
965 710 1022 762 ὲν
1050 709 1128 779 τῷ
1163 711 1293 781 ἱερῷ
1323 709 1566 782 πρόϐατα
1596 713 1910 780 πωλοῦντας

324 797 419 851 καὶ
453 796 581 868 βόας
623 799 716 850 καὶ
757 801 1104 872 περιστεράς.
1144 822 1160 852 ι
1213 798 1325 855 Εἶθ’
1357 802 1432 866 ὠς
1475 803 1641 874 ἤλασε
1687 805 1910 870 τούτους

325 889 526 943 είπώψ
561 909 580 941 ‹
620 891 821 960 Ἄρατε
844 891 1015 945 ταῦτα
1061 894 1334 958 ἐντεῦθεν,
1369 893 1444 966 μὴ
1478 899 1680 949 ποιεῖτε
1713 895 1805 950 τὸν
1833 893 1911 950 οἱ-

325 999 420 1036 κον
457 982 552 1035 τοῦ
598 983 812 1054 Πατρός
865 1002 966 1055 μου
1009 981 1156 1039 οἷκον
1195 987 1482 1058 ἐμπορίου,
1522 1007 1540 1040 ι
1592 987 1835 1058 ἐπιλέγει
1881 991 1910 1043 ὁ

323 1075 752 1151 εὐαγγελιστής·
808 1097 827 1131 ι
877 1079 1261 1152 ’Ἐμνήσθησαν
1315 1082 1364 1134 οἱ
1425 1081 1664 1152 μαθηταὶ
1720 1083 1906 1150 αὑτοῦ,

323 1168 405 1224 ὃτι
437 1173 822 1244 γεγραμμένον
855 1173 1030 1227 ἐστίν⁸
1071 1175 1130 1226 '0
1155 1173 1314 1245 ζῆλος
1346 1174 1441 1227 τοῦ
1469 1176 1618 1228 οῖκου
1643 1187 1735 1227 σου
1783 1191 1909 1229 κατο

319 1258 494 1330 ἐφαγέ
542 1281 630 1334 με.
669 1284 686 1316 ι
744 1265 903 1319 Ἀλλά
946 1266 1039 1319 καὶ
1089 1266 1169 1329 τὸ,
1203 1285 1221 1316 ‹
1273 1265 1520 1319 Ἔδωκαν
1564 1267 1644 1329 εἱς
1712 1264 1909 1337 βρῶμά

320 1367 425 1420 μου
451 1351 634 1422 χολὴν,
658 1354 752 1408 καὶ
775 1356 853 1417 εἱς
879 1355 978 1423 τὴν
1004 1354 1161 1424 δίψαν
1186 1373 1288 1426 μου
1322 1355 1578 1409 ὲπότισάν
1615 1371 1681 1425 με
1715 1355 1857 1421 ὅξος,
1880 1375 1898 1405 ι

315 1440 376 1493 ἐν
409 1443 522 1505 τοῖς
550 1443 684 1514 μετά
717 1447 905 1516 χεῖρας
933 1445 1204 1514 κείμενον,
1236 1448 1299 1499 ἐκ
1342 1444 1634 1517 προσώπου
1664 1443 1756 1498 τοῦ
1794 1445 1907 1497 Σω-

313 1529 481 1603 τῆρος
536 1534 691 1606 ἡμῶν
755 1535 1178 1607 μεμαρτύρηται
1231 1536 1584 1605 λελεγμένον.
1617 1536 1756 1589 κατὰ
1811 1535 1903 1588 τὸν

326 1621 601 1696 Ἰωάννην,
630 1626 895 1697 φήσαντα·
932 1645 950 1678 ι
984 1628 1139 1681 Μετά
1162 1627 1335 1680 ταῦτα
1365 1626 1486 1680 ἰδὼν
1509 1629 1536 1680 6
1570 1625 1794 1697 Ἰησοῦς,
1822 1625 1902 1678 ὅτι

311 1715 493 1768 πάντα
521 1715 829 1770 τετέλεσται
855 1719 979 1789 ἥδη,
1009 1717 1098 1772 ἵνά
1126 1718 1387 1791 πληρωθῇ
1412 1721 1443 1789 ἠ
1476 1716 1686 1788 Γραφὴ,
1711 1716 1860 1785 λέγει
1885 1735 1898 1748 ·

309 1804 482 1875 Διψῶ.
527 1807 742 1878 Λεκάνη
771 1807 949 1861 ἔκειτο
989 1808 1144 1875 ὄξους
1175 1810 1347 1880 μεστή
1369 1827 1382 1840 -
1422 1808 1659 1877 σπόγγον
1685 1802 1778 1860 οὖν
1815 1823 1903 1878 με-

2019 624 2168 677 venit
2197 624 2253 678 in
2289 625 2493 694 templo
2525 625 2822 680 vendentes
2858 640 2988 681 oves
3020 633 3074 680 et
3107 626 3272 681 boves
3301 637 3352 680 et
3380 628 3593 683 colum-

2018 715 2138 771 bas.
2175 735 2194 767 ›
2228 715 2432 771 Deinde
2452 727 2738 786 postquam
2768 718 3019 787 ejecisset
3042 733 3136 774 eos
3163 719 3390 775 dicens:
3425 740 3444 772 ‹
3482 723 3595 775 Au-

2017 807 2154 862 ferte
2191 809 2295 863 ista
2333 809 2501 876 hinc;
2539 809 2708 864 nolite
2749 809 2931 864 facere
2985 809 3205 864 domum
3260 810 3438 868 Patris
3486 814 3592 867 mei

2016 899 2236 953 domum
2287 901 2692 970 negotiationis,
2724 919 2742 952 ι
2771 901 2959 956 subdit
3009 903 3385 972 evangelista:
3425 923 3444 955 ι
3486 903 3594 960 Re-

2016 987 2224 1042 cordati
2251 998 2380 1043 sunt
2401 989 2652 1059 discipuli
2677 991 2795 1060 ejus
2825 992 2950 1059 quia
2979 992 3242 1061 scriptum
3268 1002 3353 1048 est
3382 1013 3394 1048 :
3431 995 3592 1050 Zelus

2015 1073 2211 1132 domus
2266 1084 2371 1132 tua:
2420 1079 2658 1132 comedit
2711 1079 2882 1134 me“.
2949 1097 2968 1131 ι
3027 1079 3134 1134 Sed
3198 1082 3362 1136 etiam
3415 1084 3586 1148 illud,

2020 1185 2038 1219 ι
2077 1167 2354 1223 Dederunt
2386 1170 2439 1223 in
2472 1186 2654 1226 escam
2690 1187 2865 1225 meam
2891 1171 2984 1237 fel,
3024 1181 3078 1227 et
3108 1174 3163 1226 in
3207 1175 3297 1228 siti
3327 1189 3448 1229 mea
3491 1190 3592 1245 po-

2015 1267 2271 1313 taverunt
2305 1276 2391 1314 me
2418 1269 2594 1324 aceto,
2633 1279 2652 1332 ξ
2695 1262 2838 1330 quod
2874 1263 2929 1316 in
2964 1263 3067 1317 hoc
3095 1264 3306 1334 psalmo
3333 1265 3585 1330 habetur,

2011 1363 2077 1404 ex
2110 1366 2342 1421 persona
2373 1350 2675 1407 Salvatoris
2707 1353 3103 1407 nostridictum
3132 1354 3464 1418 declaratur,
3495 1371 3581 1412 se-

2011 1442 2250 1496 cundum
2289 1440 2574 1504 Joannem.
2622 1443 2715 1513 qui
2767 1444 2844 1496 ait
2874 1460 2886 1496 :
2922 1463 2939 1494 ι
2979 1443 3173 1500 Postea
3206 1446 3398 1501 videns
3427 1446 3587 1503 Jesus

2009 1533 2135 1602 quia
2184 1533 2368 1588 omnia
2400 1542 2778 1590 consummata
2811 1544 2960 1599 sunt,
2996 1544 3055 1589 ut
3089 1537 3403 1607 impleretur
3438 1537 3589 1594 Scri-

2008 1632 2188 1693 ptura,
2212 1623 2354 1677 dixit
2383 1644 2397 1680 :
2433 1622 2592 1679 Sitio.
2616 1623 2725 1678 Vas
2751 1634 2866 1679 erat
2891 1627 3128 1695 positum
3159 1627 3314 1685 aceto
3343 1631 3582 1699 plenum.

2007 1711 2089 1766 Illi
2131 1719 2310 1766 autem
2348 1715 2630 1783 spongiam
2666 1714 2880 1784 plenam
2931 1723 3087 1772 aceto
3117 1732 3242 1772 cum
3287 1717 3409 1774 felle
3444 1719 3586 1791 'bys—

2007 1819 2142 1874 sopo
2193 1805 2713 1875 circumponeutes,
2759 1809 3077 1865 obtulerunt
3119 1811 3200 1865 ori
3257 1811 3396 1881 ejus.
3447 1811 3583 1867 Cum

309 1897 436 1950 στὸν
484 1899 807 1970 ποιήσαντες
846 1900 1001 1967 ὄξους
1056 1902 1192 1972 μετὰ
1237 1900 1420 1972 χολῆς,
1458 1900 1696 1970 ὑσσώπῳ
1739 1915 1890 1970 περι-

1998 1911 2123 1966 ergo
2169 1896 2470 1966 accepisset
2523 1896 2684 1952 Jesus
2737 1910 2950 1954 acetum
3009 1917 3133 1956 cum
3187 1901 3350 1971 felle,
3403 1905 3581 1960 dixit.-

307 1990 514 2056 θέντες,
564 1994 948 2064 προσήνεγκαν
999 1995 1166 2048 αὐτοῦ
1211 1994 1288 2065 τῷ
1331 1995 1580 2065 στόματι.
1631 1993 1758 2046 Ὅτε
1805 1988 1899 2045 οὖν

305 2083 498 2139 ἐλαϐεν
546 2087 574 2139 6
623 2085 831 2157 Ἰησοῦς
873 2089 935 2140 τὸ
976 2087 1095 2152 ὅξος
1131 2087 1270 2159 μετὰ
1302 2087 1488 2158 χολῆς,
1529 2083 1647 2140 εἶπε
1674 2103 1687 2116 ο
1735 2083 1900 2137 Τετέ-

305 2177 494 2233 λεσται
548 2181 644 2234 καὶ
687 2179 825 2253 αὕτη
869 2183 903 2252 ἡ
951 2182 1164 2255 Γραφὴ,
1204 2201 1222 2233 ι
1264 2183 1360 2236 κα)⁵
1392 2181 1460 2235 τὰ
1507 2180 1669 2234 λοιπά
1711 2179 1766 2232 δὲ
1821 2179 1900 2240 εἱς

2005 1988 2401 2042 Consummata
2431 1999 2515 2044 est
2542 1999 2596 2044 et
2625 1991 2741 2045 hrec
2792 1991 3077 2063 Scriptura
3099 1997 3166 2059 ",
3207 2015 3226 2046 ι
3279 2006 3335 2050 et
3384 2004 3582 2052 caetera

2005 2095 2128 2150 quae
2154 2081 2219 2134 ad
2249 2085 2541 2151 personam
2576 2080 2889 2140 Servatoris
2935 2089 3109 2142 nostri
3139 2090 3454 2145 referuntur
3484 2108 3500 2159 ;
3529 2099 3584 2147 et

2004 2173 2122 2228 sine
2152 2174 2260 2226 ulla
2299 2175 2560 2229 violentia
2591 2176 3100 2247 interpretationem
3133 2181 3274 2235 banc
3301 2190 3526 2238 tuentur

303 2271 605 2342 πρόσωπσν
646 2269 740 2326 τοῦ
788 2267 1040 2344 Σωτῆρος
1084 2274 1238 2345 ἡμῶν
1279 2275 1679 2346 ἀναφερόμενα,
1727 2272 1890 2337 σώζοι
1915 2267 2235 2324 άναὸίαστον
2269 2267 2346 2340 (1)
2383 2270 2481 2340 τὴν
2510 2272 2826 2342 ἑρμηνείαν.

382 2384 401 2416 ι
426 2363 723 2420 Ἑκοπίασα
769 2365 1012 2438 κράζων,
1066 2369 1431 2440 ὲϐραγχίασεν
1471 2373 1499 2424 6
1525 2369 1731 2442 λάρυγξ
1767 2386 1892 2440 μου,

304 2455 553 2525 ἐξέλιπον
595 2461 644 2512 οἱ
686 2459 956 2531 ὀφθαλμοί
1001 2479 1101 2534 μου
1143 2463 1251 2515 ἀπὸ
1283 2463 1378 2516 τοῦ
1421 2463 1660 2528 ἐλπίζειν
1702 2479 1768 2534 με
1815 2465 1894 2526 εἱς

303 2548 394 2603 τὸν
432 2549 564 2603 Θεόν
601 2568 724 2622 μου.
767 2570 785 2603 ι
853 2553 963 2606 Καὶ
1002 2553 1176 2608 ταῦτα
1223 2556 1280 2607 ὲν
1325 2555 1405 2625 τῷ
1449 2555 1590 2608 κατὰ
1642 2555 1892 2625 Ἰωάννην

303 2639 607 2712 ἐπληροῦτο
638 2641 956 2714 Εύαγγελίῳ
979 2661 992 2674 ·
1039 2646 1096 2698 ὲν
1135 2637 1179 2713 ᾧ
1210 2647 1454 2717 εἱστήκει
1491 2648 1519 2700 6
1563 2645 1769 2718 Ἰησοῦς
1801 2647 1894 2700 καὶ

303 2729 502 2803 ἔκραζε
545 2732 756 2803 λέγων·
801 2755 820 2786 ι
861 2736 984 2790 Ἐάν
1031 2755 1115 2802 τις
1159 2737 1316 2809 διψᾷ,
1365 2739 1608 2810 ἐρχέσθω
1650 2739 1787 2811 πρὸς
1822 2738 1890 2810 μὲ

303 2824 400 2878 καὶ
431 2824 662 2879 πινέτω·
690 2847 708 2878 ι
743 2823 900 2890 αὖθις
937 2828 993 2881 δὲ
1027 2830 1264 2902 εἴρηται·
1306 2849 1325 2882 ι
1370 2831 1577 2903 Ἰησοῦς
1607 2831 1664 2884 δὲ
1691 2831 1889 2903 έκραζε

302 2918 398 2971 καὶ
447 2918 663 2987 ἔλεγενο
714 2921 771 2974 Ὀ
811 2921 1080 2976 πιστεύων
1125 2925 1204 2987 εἱς
1253 2923 1354 2995 ἐμὲ
1406 2924 1468 2977 οὐ
1519 2924 1764 2978 πιστεύει
1811 2925 1891 2990 εἱς

302 3011 424 3085 ἐμὲ,
473 3012 587 3066 ἀλλ’
620 3015 698 3076 εἱς
739 3013 830 3066 τὸν
871 3011 1166 3085 πέμψαντά
1209 3031 1295 3086 με.
1333 3016 1442 3069 Kal.
1474 3018 1502 3070 6
1536 3016 1755 3088 θεωρῶν
1789 3018 1890 3088 ἐμὲ

2075 2363 2238 2418 Vens.
2275 2364 2331 2429 4,
2365 2363 2417 2420 5.
2465 2384 2485 2416 ι
2531 2365 2803 2422 Laboravi
2856 2368 3127 2435 clamans,
3182 2385 3363 2426 rauca:
3422 2373 3582 2428 facta:

1999 2473 2130 2516 sunt
2183 2460 2372 2517 fauces
2408 2478 2563 2527 meae,
2595 2463 2919 2519 defecerunt
2951 2465 3094 2520 oculi
3127 2468 3231 2522 mei
3265 2466 3392 2522 dum
3418 2484 3582 2538 spero

1997 2553 2052 2607 in
2083 2552 2252 2608 Deum
2288 2570 2489 2608 meum.
2518 2574 2537 2606 ι
2571 2553 2694 2610 llzec
2719 2571 2936 2627 quoque
2974 2558 3028 2611 in
3056 2557 3350 2629 Evangelio
3381 2575 3582 2614 secun-

1999 2645 2130 2700 dum
2163 2644 2428 2702 Joannem
2464 2647 2688 2718 impleta
2736 2649 3008 2714 feruntur,
3039 2652 3259 2721 quando
3287 2652 3466 2706 stabat
3491 2652 3582 2708 Je-

1999 2755 2095 2796 sus
2127 2746 2181 2794 et
2211 2738 2296 2795 his
2322 2739 2505 2795 verbis
2539 2741 2814 2796 clamabat
2845 2762 2858 2796 :
2896 2761 2914 2794 ι
2954 2742 3009 2797 Si
3045 2743 3171 2814 quis
3220 2745 3358 2809 sitit,
3393 2745 3582 2801 veniat

1999 2829 2064 2884 ad
2098 2845 2184 2886 me
2218 2840 2272 2884 et
2310 2829 2462 2885 bibat
2487 2834 2555 2887 ".
2592 2852 2610 2884 ι
2643 2829 2861 2889 Rursus
2913 2851 3133 2905 quoque
3178 2837 3385 2891 dictum
3439 2844 3526 2891 es‘.
3559 2854 3574 2893 ε

2005 2939 2024 2971 ι
2065 2919 2228 2976 Jesus
2261 2930 2440 2976 autem
2476 2923 2750 2977 clamabat
2783 2933 2837 2980 et
2857 2925 3066 2980 dicebat
3101 2945 3113 2978 :
3153 2925 3256 2992 Qui
3307 2928 3477 3006 credit
3521 2926 3578 2982 in

2001 3027 2110 3076 me,
2138 3028 2247 3067 non
2282 3012 2459 3068 credit
2489 3014 2545 3067 in
2580 3030 2687 3082 me,
2711 3015 2807 3070 sed
2833 3016 2886 3070 in
2913 3031 3035 3070 eum
3069 3017 3159 3089 qui
3183 3033 3268 3071 me
3313 3018 3482 3072 misit.
3509 3016 3578 3072 Et

300 3104 498 3177 θεωρεῖ
526 3104 617 3158 τὸν
652 3105 945 3176 πέμψαντά
987 3124 1074 3179 με.
1118 3106 1260 3177 Ἐγὼ
1287 3108 1402 3178 φῶς
1433 3111 1515 3173 εἱς
1557 3109 1649 3162 τὸν
1682 3109 1886 3180 κόσμον

1998 3101 2088 3172 qui
2121 3101 2266 3156 videt
2295 3117 2401 3165 me,
2433 3102 2582 3158 videt
2616 3119 2742 3158 eum
2776 3105 2870 3174 qui
2900 3105 3049 3158 misit
3089 3121 3194 3160 me.
3225 3104 3336 3176 Ego
3385 3105 3476 3160 lux
3516 3106 3576 3162 in

299 3195 566 3270 ἐλήλυθα,
599 3197 683 3252 ἴνα
726 3200 833 3262 πᾶς
864 3201 892 3252 6
926 3200 1201 3254 πιστεύων
1231 3202 1312 3264 είς
1344 3202 1445 3273 ἐμὲ
1488 3203 1547 3255 ὲν
1591 3204 1656 3273 τῇ
1697 3200 1887 3274 σκοτίᾳ

300 3289 378 3362 μὴ
434 3291 614 3364 μείνῃ.
646 3311 664 3344 ι
707 3291 817 3346 Kal
866 3291 959 3346 ἐπὶ
992 3291 1086 3346 τοῦ
1116 3291 1370 3366 Λαζάρου
1415 3293 1472 3347 δὲ
1517 3293 1728 3367 ἐπάρας
1758 3295 1886 3358 τοὺς

297 3380 610 3453 ὀφθαλμοὺς
651 3381 817 3436 αὐτοῦ
862 3384 943 3446 εἰς
987 3381 1081 3436 τὸν
1124 3384 1354 3454 οὐρανὸν
1409 3381 1558 3438 εἷπε·
1617 3404 1636 3435 ι
1679 3379 1881 3456 Πάτερ,

298 3476 606 3548 εὐχαριστῶ
639 3489 742 3540 σοι,
777 3476 860 3530 ὅτι
893 3473 1135 3547 ἤκουσάς
1171 3479 1294 3546 μου.
1343 3475 1484 3544 Ἐγὼ
1515 3475 1572 3528 δὲ
1606 3476 1773 3548 ῇδειν,
1801 3477 1882 3529 ὅτι

297 3568 532 3623 πάντοτέ
567 3586 666 3640 μου
701 3567 938 3632 ἀκούεις.
989 3568 1100 3622 Kal.
1145 3568 1319 3621 ταῦτα
1365 3565 1554 3631 εἱπὼν,
1597 3571 1748 3640 φωνῇ
1787 3585 1884 3640 με-

297 3658 441 3731 γάλῃ
483 3655 829 3732 ὲκραύγάσε·
883 3659 1123 3732 Λάζαρε,
1169 3658 1328 3732 δεῦρο
1375 3660 1497 3727 ἔξω.
1534 3679 1553 3712 ι
1601 3661 1758 3715 Ἀλλά
1789 3661 1883 3714 καὶ

297 3754 418 3806 κατ’
447 3751 578 3805 αὐτὸ
606 3751 666 3804 τὸ
695 3751 864 3816 πάθος
895 3754 1097 3823 ἱστορεῖ
1123 3753 1152 3807 6
1174 3752 1452 3816 Ματθαῖος
1477 3753 1679 3822 λέγων·
1721 3752 1884 3806 ι’Δπὺ

296 3842 353 3898 δὲ
395 3844 561 3916 ἕκτης
589 3842 738 3915 ὥρας
789 3832 979 3908 σκότος
1027 3843 1243 3913 ἐγένετο
1297 3845 1389 3898 ἐπὶ
1434 3847 1615 3899 πᾶσαν
1643 3846 1742 3917 τὴν
1780 3847 1883 3918 γῆν

295 3936 401 4001 ἕως
429 3936 578 4009 ὧρας
607 3935 820 4008 ἐνάτης.
856 3935 991 4008 Περὶ
1019 3935 1076 3989 δὲ
1105 3935 1203 4007 τὴν
1236 3937 1430 4007 ἐνάτην
1455 3935 1625 4009 ὥραν,
1661 3938 1885 4009 ἀνεϐόη-

299 4047 391 4084 σεν
446 4031 474 4082 6
515 4027 720 4100 Ἰησοῦς
775 4031 924 4100 φωνῇ
987 4027 1197 4100 μεγάλῃ
1247 4027 1452 4098 λέγων’
1501 4027 1670 4095 Ἠλεὶ,
1714 4029 1879 4095 Ἠλεὶ,

295 4121 460 4193 Λαμά
492 4121 846 4192 Σαὸαχθανεί.
874 4141 893 4173 ι
929 4122 1062 4174 Τότε
1091 4122 1188 4193 μὲν
1216 4117 1310 4175 οὖν
1342 4120 1516 4175 συνὼν
1551 4121 1879 4196 ἀνθρώποις,

297 4211 507 4276 πάντας
549 4209 688 4282 βοῶν
717 4210 1020 4282 παρεκάλει
1049 4211 1206 4282 ἥκειν
1236 4207 1329 4265 καὶ
1365 4211 1615 4266 σπεύδειν
1660 4213 1752 4266 ὲπὶ
1783 4212 1882 4284 τὴν

293 4301 459 4356 αὐτοῦ
504 4302 883 4357 διδασκαλίανο
941 4303 1034 4355 καὶ
1078 4301 1170 4355 τὸν
1216 4305 1534 4375 τεταρταῖον
1583 4304 1640 4357 δὲ
1689 4305 1882 4380 νεκρὸν

299 4394 437 4463 μετά
479 4392 720 4464 μεγάλης
761 4392 1075 4447 ἀνεκαλεῖτο
1116 4393 1386 4464 κραυγῆς.
1436 4394 1596 4448 Ἀλλά
1627 4396 1720 4449 καὶ
1751 4396 1880 4469 περὶ

1997 3194 2262 3249 mundum
2290 3195 2436 3258 veni,
2467 3202 2529 3249 ut
2567 3195 2749 3252 omnis
2771 3197 2866 3266 qui
2901 3195 3074 3252 credit
3106 3196 3161 3250 in
3191 3212 3297 3262 me,
3335 3197 3390 3252 in
3414 3205 3570 3254 tene-

1993 3285 2108 3341 bris
2132 3301 2240 3340 non
2260 3291 2478 3340 maneat
2491 3286 2558 3340 ".
2589 3306 2607 3338 ι
2642 3286 2702 3341 Et
2731 3301 2894 3358 super
2912 3285 3174 3342 Lazarum
3209 3285 3430 3346 elevatis
3449 3303 3575 3345 ocu-

1996 3375 2064 3431 lis
2085 3377 2201 3433 suis
2251 3377 2307 3433 in
2349 3378 2549 3433 cmlum
2591 3379 2774 3434 dixit:
2815 3397 2834 3430 ι
2871 3378 3052 3444 Pater,
3096 3383 3298 3452 gratias
3347 3398 3448 3454 ago
3471 3382 3570 3438 tibi

1993 3471 2122 3541 quia
2158 3469 2358 3526 audisti
2388 3485 2497 3526 me.
2527 3469 2639 3543 Ego
2669 3480 2850 3526 autem
2901 3473 3140 3528 sciebam
3195 3475 3323 3544 quia
3354 3491 3572 3546 semper

1993 3566 2081 3617 me
2105 3561 2282 3619 audis.
2317 3562 2526 3617 Etcum
2551 3563 2667 3619 bare
2695 3566 2944 3631 dixisset,
2975 3580 3110 3620 voce
3134 3580 3330 3637 magna
3365 3567 3572 3621 clama-

1990 3654 2070 3708 vit
2107 3671 2120 3707 :
2156 3653 2383 3720 Lazare,
2434 3656 2553 3712 veni
2609 3655 2844 3712 foras".
2887 3677 2906 3709 ι
2944 3655 3052 3712 Sed
3110 3659 3274 3712 etiam
3332 3658 3399 3712 de
3450 3659 3571 3729 ipso

1992 3748 2268 3817 passionis
2289 3757 2537 3820 tempore
2566 3748 2682 3804 haec
2700 3757 2892 3803 narrat
2924 3749 3208 3805 Matthzeus
3239 3769 3253 3804 :
3290 3769 3309 3800 ι
3349 3751 3392 3804 A
3415 3761 3570 3807 sexta

1991 3848 2173 3894 autem
2211 3840 2343 3895 bora
2379 3843 2616 3897 tenebrae
2660 3839 2820 3896 facta:
2877 3849 3006 3898 sunt
3051 3857 3220 3912 super
3258 3843 3568 3898 universam

1991 3938 2192 4008 terram
2245 3947 2420 4002 usque
2473 3931 2540 3986 ad
2572 3933 2762 3987 horam
2807 3947 3029 3988 nonam.
3079 3932 3144 3985 Et
3173 3931 3322 3986 circa
3377 3934 3567 3987 horam

1989 4035 2189 4076 nonam
2237 4024 2493 4078 clamavit
2538 4023 2703 4080 Jesus
2757 4040 2890 4080 voce
2944 4039 3140 4092 magna
3175 4024 3365 4078 dicens
3402 4042 3418 4078 :
3457 4021 3566 4090 Eli,

1989 4113 2094 4177 Eli,
2128 4111 2290 4168 Lama
2335 4114 2706 4170 Sabacbthani
2734 4116 2802 4171 ”.
2845 4133 2862 4168 ›
2904 4107 3059 4170 Tunc
3112 4116 3294 4186 itaque
3319 4133 3440 4170 cum
3467 4116 3571 4172 bo-

1989 4207 2232 4264 minibus
2290 4207 2515 4278 degens,
2568 4208 2854 4264 clamando
2909 4224 3101 4264 omnes
3154 4207 3564 4276 cohortabatur,

1990 4307 2051 4352 ut
2081 4299 2329 4354 venirent
2372 4307 2819 4370 maturarentque
2863 4297 2930 4352 ad
2968 4299 3090 4369 ejus
3123 4299 3427 4355 dectrinam
3463 4318 3479 4356 ε
3511 4309 3567 4364 et

1989 4387 2420 4457 quatriduanum
2455 4396 2730 4442 mortuum
2781 4388 3022 4443 clamore
3053 4403 3252 4458 magno
3278 4387 3564 4447 evocabat.

293 4483 392 4554 τὴν
424 4484 618 4558 ἐνάτην
651 4463 801 4557 ὥραν
832 4484 928 4538 τοῦ
962 4463 1166 4548 πάθους
1196 4485 1393 4540 ἀνεϐόα
1426 4489 1577 4559 φωνῇ
1631 4463 1873 4562 μεγάληο

1998 4478 2094 4534 Sed
2129 4480 2292 4535 etiam
2328 4480 2476 4536 circa
2507 4495 2707 4535 nouam
2731 4480 3004 4550 passionis
3046 4479 3260 4543 horam,
3292 4481 3567 4542 clamabat

294 4578 388 4630 καὶ
437 4576 576 4648 μετά
631 4576 806 4630 ταῦτα
849 4575 1044 4630 πάλιν·
1108 4595 1127 4628 ‹
1161 4575 1384 4646 Κράξας
1432 4579 1582 4648 φωνῇ
1643 4577 1874 4650 μεγάλῃ,

293 4670 474 4738 ἀφῆκε
518 4668 580 4722 τὸ
622 4668 858 4739 πνεῦμα.
922 4668 1032 4722 Kal.
1079 4667 1189 4721 ἱδοὺ
1239 4667 1300 4721 τὸ
1339 4667 1736 4738 καταπέτασμα
1781 4667 1876 4721 τοῦ

292 4760 421 4814 ναοῦ
449 4759 670 4832 ἐσχίσθη
693 4761 772 4824 εἱς
795 4758 908 4822 δύο,
935 4760 1028 4812 καὶ
1055 4759 1088 4830 ἡ
1112 4758 1184 4831 γῆ
1206 4757 1448 4832 ἐσείσθη,
1473 4761 1569 4813 καὶ
1593 4761 1648 4812 αἱ
1679 4760 1876 4832 πέτραι

294 4852 630 4924 ὲρράγησαν,
665 4851 760 4904 καὶ
797 4849 865 4904 τά
894 4855 1132 4922 μνημεῖα
1159 4849 1533 4922 ἀνεῴχθησαν,
1571 4852 1664 4904 καὶ
1708 4851 1877 4907 πολλά

295 4940 522 5013 σώματα
562 4941 671 4994 τῶν
709 4943 1130 5014 κεκοιμημένων
1174 4941 1344 5012 άγίων
1382 4942 1696 5016 ἠγέρθησαν
1718 4961 1730 4974 ο
1755 4963 1772 4994 ι
1811 4943 1881 4998 τά

292 5033 533 5089 τοσαῦτα
574 5034 671 5106 τῆς
708 5034 951 5107 μεγάλης
989 5031 1155 5088 αὐτοῦ
1191 5032 1378 5104 φωνῆς
1427 5033 1670 5105 ἐνεργεῖν
1718 5032 1880 5087 δυνα-

297 5124 488 5196 μένης.
525 5124 587 5178 Ei
618 5124 675 5178 δὲ
703 5123 1014 5196 ὲπιστήσειέ
1061 5140 1166 5187 τις,
1209 5123 1286 5187 ὡς
1332 5123 1390 5192 ἐξ
1430 5124 1640 5177 ἐκείνου
1679 5125 1771 5177 καὶ
1799 5125 1880 5186 εἰς

293 5217 454 5289 δεῦρο
492 5217 616 5271 καθ’
651 5217 780 5288 ὅλης
812 5216 913 5286 τῆς
945 5215 1248 5286 ἀνθρώπων
1292 5217 1620 5288 οἰκουμένης
1657 5217 1715 5268 ἐν
1755 5219 1878 5279 ταῖς

295 5310 613 5380 ἐκκλησίαις
663 5309 829 5363 αὑτοῦ
881 5307 1000 5379 βοᾷ,
1057 5305 1308 5361 σπεύδειν
1359 5309 1450 5362 ἐπὶ
1505 5309 1566 5362 τὸ
1614 5308 1877 5374 ζωοποιδν

295 5399 459 5455 αὑτοῦ
493 5402 644 5473 πόμα
668 5399 1021 5472 παρακαλῶν,
1050 5399 1144 5452 xal.
1171 5399 1299 5462 τοὺς
1329 5402 1448 5462 ταῖς
1481 5399 1618 5472 πρὸς
1650 5400 1877 5454 θάνατον

292 5490 591 5563 ἁμαρτίαις
665 5487 1108 5561 νενεκρωμένους
1168 5487 1650 5558 άνακαλούμενοςυ
1697 5487 1775 5558 τῷ
1816 5504 1876 5539 τε

1981 4587 2112 4627 voce
2141 4587 2338 4642 magna
2371 4591 2383 4626 :
2429 4587 2493 4627 ac
2535 4581 2723 4642 postea
2783 4587 3003 4628 rursum
3045 4592 3058 4627 :
3090 4590 3108 4623 ι
3140 4571 3400 4628 Clamans
3431 4587 3570 4629 voco

1985 4678 2205 4732 magna,
2239 4664 2420 4719 emisit
2445 4664 2721 4734 spiritum.
2757 4665 2822 4718 Et
2851 4679 2980 4719 ecce
3003 4664 3179 4718 velum
3212 4664 3396 4735 templi
3421 4665 3566 4719 scis-

1989 4771 2111 4810 sum
2141 4763 2225 4810 est
2249 4756 2304 4810 in
2325 4756 2456 4821 duo,
2493 4763 2548 4811 et
2578 4764 2724 4812 terra
2752 4765 2899 4812 mota
2947 4765 3054 4823 est,
3092 4767 3147 4813 et
3175 4771 3338 4828 petra:
3379 4759 3574 4814 scissas

1985 4857 2136 4913 sunt,
2167 4857 2220 4903 et
2252 4857 2607 4905 monumenta
2632 4857 2818 4920 aperta
2848 4859 2996 4914 sunt,
3025 4860 3078 4906 et
3127 4853 3295 4906 multa
3328 4865 3566 4920 corpora

1989 4948 2307 4995 sanctorum
2334 4941 2426 5010 qui
2474 4941 2814 4996 dormierant
2844 4951 3265 4998 resurrexerunt
3301 4944 3339 4998 ‘.
3381 4961 3401 4995 ι
3437 4941 3568 4996 Haec

1987 5032 2200 5087 scilicet
2231 5048 2424 5104 magna
2457 5035 2629 5104 ipsius
2663 5050 2767 5090 vox
2821 5036 2984 5090 edere
3043 5044 3278 5106 poterat.
3313 5035 3469 5101 Quod
3517 5037 3567 5090 si

1982 5122 2106 5192 quis
2129 5122 2438 5178 consideret
2471 5124 2564 5194 qui
2615 5123 2806 5180 abillo
2848 5123 2917 5179 ad
2974 5125 3082 5194 hoc
3123 5141 3297 5196 usque
3346 5133 3566 5194 tempus

1983 5231 2081 5284 per
2109 5223 2285 5270 totum
2309 5217 2498 5271 orbem
2547 5217 2602 5270 in
2644 5217 2897 5272 ecclesiis
2926 5219 3043 5272 suis
3066 5218 3182 5288 ipse
3211 5219 3431 5282 clamet,
3469 5233 3564 5271 co-

1984 5305 2217 5363 hortans
2246 5308 2496 5378 singulos
2540 5317 2599 5362 ut
2641 5317 2920 5363 maturent
2975 5310 3039 5363 ad
3077 5307 3351 5364 vivificum
3384 5308 3562 5378 ipsius

1985 5404 2207 5467 potum;
2242 5413 2308 5453 ac
2359 5415 2625 5454 revocans
2677 5399 2800 5454 illos
2839 5400 2933 5469 qui
2967 5400 3291 5453 mortalibus
3323 5398 3564 5468 peccatis

1983 5491 2241 5546 exstinta
2297 5502 2458 5560 sunt;
2511 5491 2698 5548 audiat
2753 5493 2882 5548 item
2934 5493 3258 5547 clamantem
3305 5491 3566 5563 passione

364 5643 910 5735 ’_‘.Joan.u.15-ll.
976 5644 1033 5735 .θέ
1069 5641 1612 5735 math-5:538:20.
1689 5642 1736 5674 “
1773 5641 1930 5735 Joan.
1975 5661 2072 5710 vu,
2114 5646 2204 5701 57.
2282 5647 2327 5679 ’⁷
2366 5646 2523 5703 Joau.
2557 5665 2657 5714 xu,
2699 5647 2888 5703 “~46.
2966 5648 3013 5682 "
3049 5645 3207 5702 Joan.
3252 5662 3329 5715 τι,
3369 5647 3559 5711 Att-£3.

296 5719 342 5751 ”
383 5716 572 5771 Matth.
615 5731 785 5778 xxv",
826 5713 916 5779 ιδ,
965 5713 1054 5768 46.
1134 5716 1148 5745 ‘
1197 5712 1328 5767 ibid.
1397 5712 1575 5767 δότε.

371 5829 450 5902 (l)
482 5829 650 5893 Σώζοι
682 5830 1067 5894 ἀναόίαστον.
1099 5827 1259 5888 Forte
1289 5826 1452 5893 σώζει
1480 5827 1890 5899 ὀικαταϐίσιστονΙ

1998 5827 2020 5881 τι
2052 5825 2328 5882 ἁϐίαστον.
2365 5823 2522 5880 Enn.
