4086 6442
537 365 636 424 731

1234 369 1506 427 EUSEBII
1539 371 2016 429 CESARIENSIS
2052 374 2203 432 OPP.
2243 376 2426 434 PARS
2459 379 2638 435 lll.—
2675 375 3084 434 EXEGETICA.

3705 378 3826 432 ’32

533 496 636 537 sua
667 483 736 539 ad
773 491 946 540 totum
979 485 1192 552 orbem,
1218 489 1394 558 magis
1416 503 1580 559 quam
1606 496 1739 544 tunc
1769 491 1838 546 ad
1869 489 2092 548 Sionem

2222 496 2480 568 βοωμένῳ
2533 495 2698 550 αὐτοῦ
2757 493 2919 548 πάθει
2969 493 3070 564 τὴν
3127 489 3422 563 σύμπασαν
3477 493 3824 565 οἰκουμένην

538 575 811 647 siquidem
846 598 867 631 ι
911 580 966 635 in
1006 595 1228 636 omnem
1261 589 1465 636 terram
1493 583 1662 637 exivit
1689 599 1861 640 sonus
1903 600 2116 653 eorum,

536 676 596 724 et
625 669 680 723 in
712 669 847 726 fines
892 672 1044 727 orbis
1096 681 1257 728 terra:
1309 675 1474 729 verba
1524 690 1715 731 eorum
1745 678 1802 744 ’;
1829 696 1848 729 ι
1883 679 1932 734 is
1987 693 2122 733 sane

537 759 678 814 sciet
709 775 811 815 cur
854 761 910 815 in
951 763 1211 832 praesenti
1233 780 1297 820 ex
1328 765 1450 834 ejus
1495 781 1730 836 persona
1759 766 1968 823 dictum
2001 770 2074 824 sit
2102 783 2116 820 :

542 869 564 903 ι
596 851 865 908 Laboravi
929 855 1201 918 clamans,
1252 872 1434 913 raucae
1504 857 1661 914 factae
1731 868 1862 916 sunt
1932 860 2120 918 fauces

538 959 692 1000 meai.
734 965 752 998 ι
780 944 914 1000 Nam
947 947 1100 1002 vocis
1133 947 1256 1018 ejus
1316 953 1779 1018 perseverantiam
1838 952 1924 1008 his
1976 953 2120 1008 indi-

447 1057 461 1080 ι
535 1046 644 1092 cat.
681 1036 801 1092 Non
836 1039 981 1094 enim
1017 1054 1141 1094 cum
1172 1043 1342 1098 semel
1368 1044 1664 1100 clamasset
1686 1045 1990 1114 abscessit;
2021 1046 2119 1102 sed

535 1143 755 1198 semper
798 1129 1196 1201 discipulorum
1244 1150 1377 1189 voce
1434 1136 1636 1190 clamat
1685 1144 1740 1191 et
1773 1137 1839 1192 ad
1871 1139 2117 1193 omnium

533 1219 746 1275 animas
776 1220 1114 1277 vociferatur
1148 1242 1161 1277 :
1191 1239 1409 1296 semper
1457 1229 1584 1282 item
1651 1227 1718 1282 ad
1762 1226 1977 1283 Patrem
2011 1231 2119 1284 cla-

534 1321 647 1365 mat
663 1325 760 1380 pro
794 1313 861 1368 iis
884 1314 977 1384 qui
1013 1315 1067 1370 in
1087 1317 1268 1386 ipsum
1303 1317 1678 1374 crediderunt.
1711 1320 1893 1386 Quare
1915 1321 2114 1376 deinde

534 1400 816 1474 subjungit
849 1419 862 1455 :
905 1423 923 1455 ι
964 1404 1292 1462 Defecerunt
1337 1410 1484 1464 oculi
1525 1411 1629 1466 mei
1657 1411 1786 1466 dum
1857 1429 2020 1483 spero
2057 1417 2112 1468 in

531 1492 703 1548 Deum
757 1511 957 1551 meum.
1016 1517 1034 1549 ι
1093 1498 1200 1554 Pro
1243 1501 1337 1556 illo
1390 1511 1612 1568 autem,
1652 1523 1671 1555 ι
1704 1504 2047 1570 defecerunt,
2088 1526 2107 1558 ι

529 1583 750 1656 Aquila,
789 1587 1070 1645 «confecti
1133 1599 1281 1656 sunt,
1339 1595 1454 1656 ait,
1526 1595 1670 1648 oculi
1725 1595 1854 1656 mei,
1918 1611 2113 1667 exspe-

531 1681 747 1731 ctantes
781 1675 970 1734 Deum.
997 1697 1016 1730 ι
1037 1678 1322 1734 Clamabat
1352 1697 1516 1753 porro
1537 1693 1589 1737 et
1609 1683 2011 1740 vociferabatur
2040 1685 2112 1740 ob

536 1767 942 1823 multitudinem
974 1770 1320 1826 inimicorum
1353 1789 1604 1831 suorum.
1635 1774 1789 1842 Quod
1817 1777 1902 1834 his
1931 1777 2110 1832 verbis

2226 591 2427 660 μᾶλλον
2459 590 2491 662 ἢ
2525 592 2648 644 τότε
2688 587 2860 654 Σιὼν,
2901 587 3130 659 ἐπείπερ
3178 606 3196 638 ι
3243 588 3323 650 εἰς
3356 589 3535 640 πᾶσαν
3567 586 3667 658 τὴν
3702 588 3823 658 γῆν

2220 681 2441 752 ἐξῆλθεν
2491 682 2520 734 ὁ
2553 681 2786 752 φθόγγος
2834 679 3034 743 αὐτῶν,
3085 681 3179 732 καὶ
3211 681 3292 743 εἰς
3331 678 3398 732 τὰ
3445 679 3657 750 πέρατα
3705 680 3822 751 τῆς

2219 773 2547 844 οἰκουμένης
2596 772 2666 826 τὰ
2703 774 2922 844 ῥήματα
2972 771 3184 824 αὐτῶν·
3219 789 3238 823 ι
3289 770 3494 824 εἴσεται
3543 771 3696 835 ὃπως
3746 772 3820 824 ἐν

2217 869 2333 930 τοῖς
2366 865 2748 938 προκειμένοις
2795 863 2856 931 ἐξ
2897 863 3060 919 αὑτοῦ
3111 863 3401 936 προσώπου
3454 864 3671 936 εἴρηται
3719 863 3814 929 τὸ,

2224 975 2244 1012 ι
2281 958 2580 1012 Ἑκοπίασα
2634 956 2872 1030 κράζων,
2929 956 3290 1028 ἐόραγχίασεν
3313 957 3343 1009 ό
3385 955 3594 1028 λάρυγξ
3617 973 3749 1027 μου.
3781 976 3810 1007 ι

2218 1048 2292 1102 Τὸ
2347 1049 2455 1122 γὰρ
2502 1049 2814 1120 παράμονον
2867 1047 3033 1103 αὐτοῦ
3084 1050 3184 1122 τῆς
3231 1047 3360 1120 βοῆς
3431 1047 3518 1102 διὰ
3589 1049 3812 1102 τούτων

2221 1139 2494 1210 σημαίνει.
2551 1138 2624 1192 Οὐ
2675 1138 2786 1210 γὰρ
2841 1137 2988 1202 ἅπαξ
3045 1137 3173 1193 ποτὲ
3223 1137 3423 1208 βοήσας
3483 1135 3804 1208 παρῆλθεν·

2217 1229 2330 1284 ἀλλ’
2371 1232 2459 1284 ἀεὶ
2499 1230 2599 1304 βοᾷ
2635 1233 2728 1286 καὶ
2773 1232 3042 1304 κέκραγεν
3086 1232 3166 1296 εἰς
3207 1231 3306 1294 τὰς
3351 1229 3570 1284 πάντων
3612 1229 3810 1300 ψυχὰς

2215 1321 2302 1376 διὰ
2325 1322 2434 1376 τῶν
2462 1323 2626 1376 αὑτοῦ
2662 1323 2944 1394 μαθητῶνο
2975 1325 3063 1376 ἀεὶ
3088 1323 3144 1376 δὲ
3168 1323 3260 1376 καὶ
3292 1323 3426 1394 πρὸς
3454 1323 3546 1375 τὸν
3571 1323 3805 1392 Πατέρα.

2217 1415 2317 1487 βοᾷ
2350 1417 2488 1488 ὑπὲρ
2533 1416 2642 1470 τῶν
2681 1419 2761 1481 εἰς
2803 1417 2963 1470 αὑτὸν
3015 1416 3477 1469 πεπιστευκότων.
3531 1414 3619 1468 Διὸ
3665 1414 3804 1485 ἑξῆς

2214 1505 2483 1576 ἐπιλέγει·
2568 1527 2586 1560 ι
2631 1507 2904 1573 Ἐξέλιπον
2967 1509 3015 1561 οἱ
3061 1507 3326 1579 ὀφθαλμοί
3381 1524 3482 1578 μου
3534 1507 3642 1560 ἀπὸ
3696 1506 3795 1560 10-3

2213 1597 2453 1663 ἐλπίζειν
2511 1616 2579 1670 με
2635 1601 2727 1652 ἐπὶ
2777 1600 2866 1653 τὸν
2925 1600 3056 1653 Θεόν
3111 1618 3233 1671 μου.
3265 1620 3283 1652 ι
3347 1599 3492 1652 Ἀντί
3547 1597 3602 1651 δὲ
3653 1597 3794 1659 τοῦ,

2219 1706 2236 1739 ι
2267 1689 2532 1756 ἐξέλιπον,
2583 1710 2601 1742 ι
2649 1693 2678 1743 ό
2723 1690 2990 1757 Ἀκύλας,
3043 1709 3062 1742 ι
3129 1690 3537 1760 Ἐτελέσθησαν,
3598 1690 3791 1757 φησὶν,

2211 1783 2259 1834 οἰ
2292 1781 2556 1852 ὀφθαλμοί
2594 1799 2694 1854 μου
2743 1783 3129 1854 περιμένοντες
3185 1781 3278 1835 τὸν
3301 1781 3448 1834 Θεόν.
3477 1801 3494 1832 ι
3531 1779 3691 1832 Ἑόόα
3729 1779 3794 1831 δὲ

535 1854 781 1911 declarat
811 1874 824 1909 :
864 1877 884 1910 ι
923 1859 1262 1932 Multiplicati
1299 1874 1428 1920 sunt
1459 1882 1626 1937 super
1652 1869 1879 1937 capillos
1913 1870 2094 1940 capitis

2210 1873 2304 1926 καί
2337 1873 2625 1944 ἐκεκράγει
2676 1873 2764 1926 διὰ
2812 1875 2874 1926 τὸ
2919 1874 3121 1945 πλῆθος
3165 1874 3274 1927 τῶν
3325 1871 3534 1943 ἐχθρῶν
3582 1869 3785 1926 αὑτοῦ·

527 1949 633 2003 mei
672 1951 768 2020 qui
829 1954 1062 2010 oderunt
1122 1972 1206 2012 me
1251 1961 1444 2028 gratis.
1494 1979 1513 2012 ›
1550 1960 1706 2026 Quod
1753 1963 1799 2016 si
1863 1962 2108 2018 Ecclesia

524 2039 646 2107 ejus
679 2043 752 2097 sit
786 2060 989 2115 corpus
1015 2049 1158 2116 ejus,
1193 2051 1494 2105 secundum
1526 2053 1872 2124 Apostolum,
1905 2055 1996 2124 qui
2052 2055 2106 2110 id

523 2132 684 2188 docet
706 2133 792 2190 his
823 2137 1005 2193 verbis
1041 2157 1054 2193 :
1096 2158 1114 2190 ι
1154 2138 1265 2195 Vos
1297 2149 1478 2196 autem
1523 2143 1658 2199 estis
1710 2159 1910 2214 corpus
1943 2145 2105 2199 Chri-

523 2222 617 2282 sti,
644 2233 700 2278 et
732 2227 977 2281 membra
1007 2243 1074 2282 ex
1123 2238 1280 2299 parte
1305 2232 1356 2298 ³;
1391 2251 1410 2284 ι
1444 2233 1649 2290 dixeris
1690 2235 1936 2290 membra
1981 2252 2106 2290 cor-

522 2316 678 2384 poris
721 2333 844 2387 quae
893 2321 1068 2390 magis
1126 2324 1440 2378 necessaria
1503 2333 1656 2394 sunt,
1709 2335 1893 2396 atque,
1927 2338 1985 2382 ut
2029 2329 2104 2383 ita

525 2407 732 2472 dicam,
763 2425 980 2474 sensus,
1017 2427 1112 2466 eos
1148 2430 1214 2468 ex
1265 2417 1469 2486 populo
1521 2432 1644 2473 esse
1677 2420 1770 2489 qui
1805 2422 2137 2480 necessarii.

519 2495 824 2565 habentur;
860 2508 940 2563 ut,
977 2503 1130 2558 verbi
1162 2521 1351 2567 causa,
1385 2517 1549 2577 caput
1584 2509 1826 2578 prazfecti
1867 2510 2098 2578 fuerint;

517 2599 602 2647 os,
656 2586 942 2656 magistri;
995 2605 1178 2657 aures,
1249 2595 1548 2664 prudentes
1585 2597 1898 2668 auditores;
1931 2602 2097 2666 oculi,

517 2675 610 2746 qui
653 2676 708 2730 in
739 2676 1038 2748 Scripturis
1064 2685 1410 2754 perspicaccs
1445 2695 1604 2754 sunt;
1644 2704 1862 2757 manus,
1887 2693 1980 2762 qui
2011 2708 2100 2746 re-

517 2765 622 2823 bus
652 2770 878 2840 agendis
903 2775 1266 2844 promptiores
1304 2795 1316 2830 :
1343 2787 1507 2848 atque
1536 2795 1661 2834 cum
1701 2783 1937 2851 quadam
1967 2800 2098 2855 pro.

522 2858 774 2928 portione
805 2863 886 2918 sic
915 2865 1124 2935 reliqua
1168 2870 1415 2939 corporis
1465 2872 1712 2929 membra
1757 2875 2096 2935 di5tribuan-

521 2957 633 3008 tur.
658 2949 782 3006 Pari
815 2956 976 3011 modo
1003 2959 1232 3029 capillos
1289 2962 1562 3036 intelligas
1610 2983 1733 3024 esse
1781 2972 2093 3030 multitudio

515 3053 642 3094 nem
673 3047 865 3110 totam,
896 3060 961 3099 ac
989 3049 1318 3118 superfluam
1353 3055 1571 3109 turbam
1607 3073 1820 3126 eorum,
1853 3063 1942 3132 qui
1995 3067 2095 3118 ali-

513 3147 681 3202 quem
748 3143 1003 3191 ornatum
1082 3142 1180 3194 toti
1253 3146 1472 3213 corpori
1542 3151 1860 3214 conciliant,
1912 3170 2092 3226 neque

511 3231 696 3280 tamen
727 3227 953 3296 perinde
985 3236 1280 3290 necessarii
1308 3248 1436 3292 sunt
1475 3254 1540 3293 ac
1568 3241 1783 3312 reliqua
1818 3247 2086 3304 membra.

512 3311 740 3372 Talibus
768 3318 930 3390 igitur
951 3322 1164 3392 capillis
1193 3327 1364 3382 multo
1392 3331 1577 3398 plures
1630 3311 1858 3388 numero
1888 3334 2090 3392 fuerint

508 3406 605 3476 qui
639 3408 800 3464 alieni
825 3421 952 3466 sunt
984 3428 1014 3466 a
1046 3413 1169 3481 fide,
1207 3426 1396 3488 utpote
1423 3421 1517 3490 qui
1550 3421 1606 3476 in
1630 3424 1738 3478 lata
1765 3434 1816 3480 et
1847 3429 2087 3496 spatiosa

509 3500 597 3554 via
655 3500 931 3557 incedant.
965 3504 1331 3571 Quamobrem
1366 3512 1574 3567 dictum
1611 3525 1698 3570 est
1728 3536 1741 3570 :
1777 3535 1795 3568 ‹
1824 3517 2087 3590 Multipli-

515 3591 627 3645 cati
653 3603 783 3648 sunt
809 3611 975 3667 super
1006 3600 1236 3670 capillos
1267 3604 1463 3674 capitis
1499 3608 1606 3661 mei
1628 3609 1721 3679 qui
1739 3609 1971 3664 oderunt
2000 3629 2086 3668 me

507 3684 696 3750 gratis.
712 3705 730 3736 ι
751 3684 931 3744 Gratis
945 3699 1124 3746 autem
1139 3693 1318 3750 odisse
1333 3695 1608 3763 dicuntur,
1626 3701 1720 3769 qui
1739 3703 1940 3756 nullam
1960 3719 2085 3774 pro-

509 3771 650 3828 ferre
677 3776 856 3830 valent
883 3780 997 3834 odii
1027 3797 1273 3848 causam,
1301 3795 1360 3840 ut
1419 3788 1513 3858 qui
1565 3790 1808 3848 salutare
1857 3795 2080 3850 verbum

505 3877 943 3937 persequuntur,
971 3887 1095 3928 cum
1126 3878 1274 3931 nulla
1299 3879 1590 3936 incusandi
1613 3884 1734 3954 ejus
1783 3889 1924 3942 ratio
1951 3905 2082 3962 sup-

503 3964 674 4024 petat.
705 3957 812 4015 Pro
848 3963 944 4018 illo
993 3976 1195 4036 autem,
1234 3988 1252 4021 ι
1287 3971 1382 4041 qui
1430 3971 1666 4029 oderunt
1710 3993 1798 4033 me
1825 3957 2093 4050 gratis—3'

503 4049 887 4122 Symmachus,
935 4076 955 4108 ι
991 4059 1239 4116 odientes
1283 4078 1389 4128 me,
1422 4064 1622 4136 inquit,
1674 4069 1792 4125 sine
1825 4049 2013 4131 causa.
2056 4098 2074 4130 ι

499 4137 584 4195 Illi
610 4143 814 4215 itaque,
848 4147 946 4208 ait.
979 4153 1333 4222 multiplicati
1360 4166 1490 4212 sunt
1531 4162 1654 4230 plus
1702 4178 1864 4233 quam
1893 4168 2076 4238 capilli

497 4234 696 4303 capitis
729 4238 855 4293 mei.
893 4239 1036 4306 Quin
1064 4244 1226 4297 etiam
1253 4247 1548 4305 confortati
1579 4261 1704 4308 sunt
1725 4255 1929 4314 inimici
1960 4234 2078 4330 per-

498 4334 793 4396 sequentes
838 4345 986 4386 eum.
1019 4332 1084 4386 Et
1149 4350 1282 4393 sane
1326 4340 1512 4397 videre
1540 4352 1645 4410 est,
1672 4361 1782 4414 quo
1832 4356 2075 4420 tempore

495 4419 860 4488 persequendi
930 4421 1164 4481 facultas
1239 4428 1422 4498 datur,
1473 4433 1796 4501 confortari,
1863 4419 2068 4509 extolli,

2117 3199 2158 3256 C

2207 1965 2236 2018 ὃ
2263 1964 2326 2037 δὴ
2360 1967 2656 2039 παρίστησι
2700 1967 2901 2036 λέγων·
2969 1987 2987 2019 ι
3020 1966 3461 2038 Ἐπληθύνθησαν
3504 1965 3642 2037 ὑπὲρ
3685 1965 3790 2028 τὰς

2206 2059 2397 2129 τρίχας
2430 2059 2530 2128 τῆς
2561 2059 2799 2131 κεφαλῆς
2843 2077 2942 2132 μου
2987 2062 3036 2113 οἰ
3074 2059 3355 2132 μισοῦντές
3397 2076 3464 2130 με
3503 2058 3730 2130 δωρεάν.
3756 2076 3778 2109 ι

2207 2151 2269 2203 Εἰ
2309 2151 2366 2202 δὲ
2407 2149 2566 2221 σῶμα
2590 2149 2755 2204 αὐτοῦ
2778 2152 3081 2222 τυγχάνειή
3106 2149 3396 2221 Ἐκκλησία
3424 2147 3608 2210 αὐτοῦ,
3639 2149 3786 2202 κατὰ

2204 2244 2294 2297 τὸν
2334 2243 2671 2310 Ἀπόστολον,
2706 2244 2765 2307 ὃς
2797 2245 3043 2303 ἐδίδασκε
3065 2244 3237 2313 λέγων
3256 2261 3268 2273 ο
3313 2261 3331 2294 ι
3353 2243 3543 2313 Ὑμεῖς
3571 2241 3626 2294 δέ
3653 2243 3782 2294 ἐστε

2207 2336 2364 2406 σῶμα
2386 2338 2622 2408 Χριστοῦ
2657 2339 2751 2391 καὶ
2786 2337 2922 2409 μέλη
2955 2340 3018 2390 ὲκ
3053 2338 3286 2410 μέρουςσ
3330 2355 3349 2388 ι
3405 2336 3578 2398 εἴποις
3612 2335 3679 2388 ἂν
3712 2335 3782 2387 τὰ

2208 2427 2307 2496 μὲν
2347 2428 2747 2500 ἀναγκαιότερα
2801 2429 2935 2500 μέλη
2983 2430 3075 2482 τοῦ
3117 2425 3388 2501 σώματος,
3427 2431 3522 2484 καὶ
3560 2430 3659 2494 τὰ,
3701 2431 3767 2482 ἶν’

2200 2514 2372 2579 οὕτως
2407 2517 2577 2582 εἴπω,
2616 2517 2964 2590 αἰσθητήρια,
2992 2519 3117 2582 τοὺς
3149 2521 3478 2588 ἀναγκαίους
3511 2517 3648 2574 εἶναι
3678 2520 3776 2575 τοῦ

2201 2605 2360 2660 λαοῦο
2416 2602 2526 2660 οἷον
2572 2609 2814 2681 κεφαλὴν
2855 2613 2979 2674 τοὺς
3032 2612 3396 2683 ἡγουμένους,
3447 2613 3618 2686 στόμα
3647 2615 3778 2678 τοὺς

2197 2699 2572 2764 διδασκάλους,
2612 2703 2706 2755 καὶ
2752 2704 2880 2766 τοὺς
2915 2704 3171 2768 συνετοὺς
3213 2704 3488 2776 ἀκροατὰς
3523 2705 3592 2758 τὰ
3632 2699 3770 2769 ὦτα,

2195 2791 2322 2852 τοὺς
2381 2790 2691 2862 ὀφθαλμοὺς
2759 2795 2886 2857 τοὺς
2953 2795 3294 2867 διορατικους
3351 2797 3459 2851 τῶν
3517 2799 3770 2869 Γραφὼν,

2196 2881 2384 2953 χεῖρας
2415 2881 2540 2944 τοὺς
2588 2884 3093 2956 πρακτικωτέρους,
3140 2885 3348 2952 τούτοις
3387 2905 3448 2940 τε
3496 2887 3770 2958 άναλόγιιις

2194 2970 2264 3023 τὰ
2295 2971 2458 3024 λοιπὰ
2492 2973 2630 3045 μέλη
2660 2974 2754 3028 τοῦ
2786 2974 3054 3047 σώματος,
3080 2973 3161 3042 οἷς
3195 2979 3482 3033 ἀκόλουθον
3511 2980 3595 3052 εἴη
3628 2984 3767 3034 νοεῖν

2193 3057 2385 3135 τρίχας
2411 3061 2549 3120 εἶναι
2581 3066 2674 3120 τοῦ
2710 3070 2908 3135 παντὸς
2940 3073 3008 3126 τὰ
3037 3072 3237 3144 πλήθη,
3274 3073 3367 3127 καὶ
3394 3074 3486 3126 τὸν
3515 3075 3766 3145 περιττὴν

2193 3155 2348 3227 δχλον
2383 3159 2648 3232 φέροντας
2695 3162 2794 3232 μέν
2838 3180 2960 3216 τινα
2995 3164 3200 3235 κόσμον
3253 3165 3358 3236 ὅλῳ
3408 3164 3485 3236 τῷ
3529 3163 3762 3236 σώματι,

2196 3245 2270 3317 μὴ
2323 3247 2427 3320 μὴν
2472 3249 2777 3318 ἀναγκαίαν
2825 3252 2946 3308 τινὰ
3005 3253 3198 3324 χρῆσιν
3250 3253 3441 3326 ὁμοίαν
3481 3253 3549 3307 τὰ
3604 3254 3764 3308 λοιπὰ

2194 3335 2350 3410 μέλη.
2389 3340 2509 3395 Τῶν
2532 3337 2626 3396 οὖν
2648 3343 2906 3396 τοιούτων
2941 3345 3143 3416 τριχῶν
3173 3345 3353 3418 πολλῷ
3386 3346 3625 3400 πλεῖστοι
3656 3343 3763 3402 εἷεν

2189 3428 2254 3483 ἂν
2293 3433 2342 3484 οἰ
2381 3431 2650 3504 ἀλλότριοι
2690 3435 2791 3505 τῆς
2839 3435 3094 3503 πίστεως,
3130 3438 3224 3493 ἅτε
3263 3438 3326 3510 δὴ
3365 3439 3463 3512 τὴν
3505 3440 3761 3495 πλατεῖαν

2189 3525 2284 3576 καί⁹
2348 3525 2445 3596 τὴν
2508 3527 2817 3602 εὐρύχωρον
2889 3528 3216 3601 βαδίζοντες.
3301 3531 3394 3586 Διὸ
3479 3531 3756 3585 λέλεκται·

2162 3627 2210 3664 ἰ
2236 3614 2678 3688 Ἐπληθύνθησαν
2722 3619 2862 3690 ὑπὲρ
2897 3618 2996 3684 τὰς
3021 3622 3209 3692 τρίχας
3243 3623 3344 3692 τῆς
3375 3623 3617 3693 κεφαλῆς
3658 3640 3756 3693 μου

2184 3708 2233 3758 οἱ
2271 3709 2554 3778 μισοῦντές
2593 3728 2660 3782 με
2693 3711 2920 3782 δωρεάν.
2955 3732 2974 3765 ι
3024 3713 3240 3787 Δωρεὰν
3273 3715 3329 3774 δὲ
3365 3719 3544 3787 μισεῖν
3575 3715 3756 3784 λέγον-

2184 3814 2275 3850 ται
2307 3799 2356 3851 οἰ
2391 3801 2492 3853 οὐκ
2527 3801 2742 3872 ἔχοντες
2775 3803 2954 3856 αἰτίαν
2980 3807 3152 3858 εἰπεῖν
3200 3805 3292 3859 τοῦ
3339 3807 3552 3878 μίσους,
3600 3809 3674 3872 ὡς
3708 3810 3755 3862 οί

2182 3886 2270 3941 τὸν
2303 3891 2568 3961 σωτήριον
2593 3891 2746 3962 λόγον
2769 3893 3055 3960 διώκοντες
3082 3899 3175 3953 καὶ
3208 3899 3371 3971 μηδὲν
3402 3900 3753 3970 καταμέμφε-

2184 3978 2306 4032 σθαι
2348 3981 2496 4053 αὑτῷ
2529 3981 2837 4056 δυνάμενοι.
2888 3987 3032 4040 Ἀντί
3063 3989 3120 4042 δὲ
3153 3990 3267 4055 106,
3315 4011 3333 4042 ι
3371 3993 3419 4044 οἰ
3472 3994 3751 4064 μισοῦντές

2183 4085 2251 4138 με
2293 4068 2532 4139 δωρεὰν,
2564 4091 2583 4124 ι
2638 4075 2667 4127 ό
2719 4074 3046 4150 Σύμμαχος,
3111 4098 3131 4130 ι
3184 4081 3246 4132 Οἱ
3297 4081 3583 4151 μισοῦντές
3647 4101 3747 4155 με,

2181 4157 2367 4229 φησὶν,
2427 4162 2707 4228 ἀναιτίως.
2762 4184 2781 4217 ι
2822 4158 2982 4220 Οὗτοι
3020 4165 3112 4222 οὖν
3159 4171 3356 4244 μᾶλλον
3397 4174 3747 4238 ἐπλεόνασαν,

2179 4251 2364 4321 φησὶν,
2413 4253 2446 4324 ἦ
2491 4254 2548 4306 αἱ
2588 4256 2776 4327 τρίχες
2825 4259 2925 4329 τῆς
2973 4260 3217 4331 κεφαλῆς
3266 4280 3390 4334 μου.
3446 4265 3606 4326 Ἀλλὰ
3657 4267 3747 4320 καὶ

2177 4342 2628 4417 ἐκραταιώθησαν
2658 4348 2707 4400 οἱ
2741 4347 2926 4422 ἐχθροὶ
2955 4351 3120 4405 αὐτοῦ
3155 4356 3203 4406 οἰ
3235 4353 3520 4421 διώκοντες
3567 4359 3744 4412 αὐτόν.

2181 4433 2310 4486 Ἷδοι
2347 4435 2478 4504 γοῦν
2507 4453 2612 4502 τις,
2645 4438 2768 4493 καθ’
2803 4441 3031 4496 ἕκαστον
3070 4445 3258 4517 καιρὸν
3291 4447 3414 4501 καθ’
3445 4449 3504 4502 ὃν
3537 4449 3744 4504 διώκειν

494 4508 776 4579 nullaque
799 4526 960 4581 posse
995 4515 1246 4574 inimicos
1277 4521 1416 4590 ejus.
1472 4523 1677 4594 lnjuste
1725 4539 1906 4585 autem
1941 4508 2064 4601 per?

2195 4527 2617 4598 ιυγχωροῢνται,
2671 4536 3139 4608 κραταιουμένους
3167 4508 3283 4592 ’καὶ
3333 4541 3741 4612 ἐπαιρομένους,

496 4611 802 4670 sequuntur
825 4605 997 4670 illum,
1021 4616 1075 4664 et
1100 4612 1272 4679 gratis
1301 4615 1554 4672 oderunt.
1580 4619 1715 4674 Cum
1747 4624 1889 4677 enim
1919 4623 2070 4682 nulla

492 4690 672 4748 subsit
706 4694 1010 4754 inimicitiae
1037 4715 1240 4769 causa,
1273 4722 1451 4778 neque
1497 4692 1923 4769 consentaneam
1981 4733 2070 4770 ra-

492 4781 699 4838 tionem
735 4785 984 4854 proferre
1014 4790 1230 4846 valeant
1255 4809 1356 4848 cur
1383 4808 1816 4869 persequantur,
1864 4802 2069 4871 injuste

488 4880 673 4929 tamen
708 4885 925 4932 vexant.
958 4881 1056 4936 ille
1085 4898 1217 4938 vero
1273 4901 1396 4940 cum
1446 4890 1582 4943 nihil
1638 4895 1900 4962 rapuerit,
1927 4896 2065 4950 nihil

488 4961 705 5033 injuriae
735 4967 1000 5037 intulerit,
1025 4976 1354 5046 supplicium
1383 4979 1502 5036 luit.
1527 4981 1660 5037 Nam
1685 4961 1731 5038 si
1762 4987 2064 5042 secundum

485 5055 634 5127 leges
666 5074 842 5128 paenae
867 5076 898 5115 a
944 5065 1054 5120 reis
1109 5071 1416 5138 repetendae
1451 5073 1580 5139 sint,
1611 5091 1788 5146 neque
1820 5079 1938 5148 ipse
1967 5095 2064 5134 ne-

483 5161 593 5218 que
625 5156 872 5218 germani
918 5154 1038 5225 ejus
1087 5157 1344 5230 discipuli
1381 5165 1564 5236 aliquo
1593 5167 1648 5221 in
1702 5167 1942 5225 facinore
1966 5170 2062 5224 de-

483 5240 743 5310 prehensi
794 5252 948 5301 sunt.
1015 5246 1147 5304 Jure
1204 5267 1336 5324 ergo
1380 5256 1456 5310 ait
1490 5275 1504 5311 :
1540 5257 1726 5328 «Qua:
1761 5276 1872 5316 non
1903 5263 2058 5334 rapui

2176 4614 2269 4667 καὶ
2299 4617 2470 4671 πολλὰ
2507 4619 2838 4693 δυναμένους
2873 4627 3000 4690 τοὺς
3028 4627 3255 4700 ἐχθροὺς
3297 4632 3482 4688 αὐτοῦ.
3525 4635 3740 4698 ’Λδίκως

2171 4706 2227 4760 δὲ
2254 4709 2415 4762 αὐτὸν
2442 4709 2724 4768 διώκουσιν
2751 4711 2917 4781 οὗτοι,
2949 4719 3043 4774 καὶ
3075 4721 3297 4793 ἐμίσουν
3325 4725 3484 4782 αὑτὸν
3516 4726 3740 4798 δωρεάν.

2170 4799 2458 4872 Μηδεμίαν
2485 4803 2596 4875 γὰρ
2627 4805 2840 4876 ἔχοντες
2869 4809 3123 4864 ὑπόθεσιν
3152 4811 3370 4888 ἔχθρας,
3407 4817 3540 4888 μηδὲ
3569 4819 3739 4883 αἰτίας

2169 4889 2343 4945 εἰπεῖν
2371 4891 2627 4962 εὐλόγους
2655 4889 2758 4946 οἷοί
2796 4911 2856 4948 τε
2889 4897 2957 4949 δι’
2989 4897 3074 4961 ἃς³
3094 4899 3401 4967 διώκουσιν,
3435 4905 3586 4974 ὅμως
3623 4904 3738 4958 ἀδί-

2169 4997 2282 5044 κως
2327 4983 2490 5037 αὑτὸν
2523 4985 2826 5040 διώκουσιν.
2890 4990 2949 5043 Ὁ
2981 4991 3040 5046 δὲ
3086 4993 3224 5065 ὑπὲρ
3266 4988 3342 5048 ὧν
3393 4997 3469 5067 μὴ
3503 4997 3737 5068 ἥρπασε,

2169 5073 2304 5144 μηδὲ
2336 5075 2580 5146 ἠδίκησε,
2615 5077 2836 5134 κόλασιν
2870 5081 3178 5152 ὑπέμεινεν.
3213 5086 3276 5138 Εἰ
3324 5086 3432 5160 γὰρ
3474 5089 3616 5142 κατὰ
3653 5090 3736 5144 νό-

2168 5179 2302 5234 μους
2350 5169 2615 5240 προσήκει
2651 5170 2806 5242 δίκην
2843 5173 3261 5246 εἰσπράττεσθαι
3311 5181 3438 5243 τοὺς
3482 5181 3734 5250 ⁴ἰγδικηκό-

2166 5274 2299 5322 τας,
2329 5255 2452 5312 οὔτε
2492 5259 2548 5312 δὲ
2581 5262 2743 5326 αὐτὸς
2782 5261 2906 5316 οὔτε
2951 5266 3000 5318 οἰ
3042 5267 3206 5321 αὐτοῦ
3239 5271 3455 5340 γνήσιοι
3498 5273 3734 5344 μαθηταὶ

480 5335 616 5384 tunc
675 5333 1048 5390 exsolvebam.
1099 5357 1118 5390 ι
1169 5339 1248 5394 Ac
1299 5352 1547 5414 tempore
1609 5351 1887 5418 passionis
1945 5369 2060 5408 sua:

2195 5349 2381 5417 _).wadtv
2421 5369 2550 5406 ποτε
2602 5355 2694 5408 ἐπὶ
2732 5358 3082 5431 παρανομίᾳο
3126 5333 3352 5426 εἰκότως
3395 5333 3592 5434 φησίνι
3632 5333 3732 5418 ἓαΑ

479 5422 651 5490 gratis
671 5424 1047 5496 cruciabatur,
1080 5436 1136 5484 et
1162 5433 1494 5502 supplicium
1519 5437 1724 5504 luebat,
1756 5456 1882 5496 cum
1922 5445 2057 5500 nulli

2195 5443 2260 5514 ύχ
2294 5444 2515 5515 ἦρπασα
2557 5447 2678 5500 τότε
2710 5422 3051 5507 ἀπε-τίννυον.
3077 5471 3096 5506 ι
3129 5454 3240 5507 Καὶ
3265 5422 3521 5510 κατὰπδν
3548 5459 3732 5528 καιρὸν

478 5511 736 5581 injuriam
765 5513 1007 5575 fecisset.
1045 5519 1227 5586 Quare
1263 5533 1393 5580 tunc
1422 5527 1636 5585 dicebat
1675 5547 1689 5583 :
1729 5552 1748 5584 ι
1780 5531 1912 5600 Quae
1947 5553 2054 5592 non

2195 5511 2350 5589 Eva-06
2394 5539 2598 5603 πάθους
2640 5540 2804 5594 αὐτοῦ
2847 5542 3054 5615 δωρεὰν
3098 5543 3323 5616 ἔπασχε,
3363 5548 3459 5602 καὶ
3496 5511 3742 5622 ὕπὲρλῖιν

475 5603 636 5674 rapui
659 5611 790 5661 tunc
834 5609 1222 5679 exsolvebam;
1268 5634 1287 5667 ι
1339 5616 1478 5684 sive,
1539 5624 1842 5680 secundum
1891 5627 2056 5698 Aqui-

2195 5628 2237 5700 ,ὴ
2271 5628 2519 5700 ἠδικήκει
2564 5634 2835 5704 τιμωρίαν
2877 5603 3069 5690 ἐδίδου.
3121 5635 3213 5690 Διὸ
3238 5603 3337 5692 ’καί
3367 5639 3488 5693 τότε
3519 5603 3730 5709 ἔλεγεν

449 5755 457 5766 ’
549 5781 570 5813 ⁹
614 5779 758 5839 t’tial.
802 5800 957 5858 xvut,
999 5787 1050 5844 5.
1129 5790 1151 5823 ⁸
1192 5788 1208 5844 l
1247 5791 1372 5852 Cor.
1418 5811 1515 5864 xu,
1555 5798 1645 5857 27.
