4086 6442
295 339 425 397 735

1459 337 1968 396 COMMENTARIA
2006 338 2071 394 IN
2109 337 2448 398 PSALMOS.

3481 336 3585 394 734

298 472 325 506 ε
367 451 446 506 ⁴Δ
494 449 593 522 οὐχ
636 449 884 523 ἥρπαζον
932 449 1054 509 τότε
1097 449 1444 506 ἀπετίννυον·
1481 470 1499 504 ι
1527 452 1585 522 ἢ,
1625 451 1765 506 κατά
1804 453 1878 506 τὸε

2001 455 2152 510 lam:
2197 475 2217 508 ι
2259 455 2392 524 Quae
2425 470 2534 510 non
2565 453 2836 510 violenter
2881 455 3084 513 abstuli
3143 461 3278 510 tunc
3325 454 3584 511 restitue-

308 545 588 601 Ἀκύλαν·
629 546 732 599 «Ἃ
761 545 863 600 οὐκ
894 543 1202 617 ἐϐιασάμην
1233 544 1354 600 τότε
1387 545 1745 619 ἐπέστρεφον.
1769 565 1788 598 ι

385 677 409 712 σ
430 656 492 712 '0
513 656 668 724 Θεὸς,
701 658 764 712 σὺ
791 655 964 726 ἔγνως
986 655 1086 728 τὴν
1119 657 1432 730 ἀφροσύνην
1463 675 1587 730 μου.
1626 678 1645 711 ι
1685 659 1895 731 Ὠσπερ

283 747 660 820 ἀνεγκλήτως
682 749 712 802 6
741 747 882 812 θεῖος
907 745 1228 812 Ἀπόστολος
1244 750 1448 819 μωρὸν
1461 749 1570 804 τοῦ
1588 751 1737 805 Θεοῦ
1757 751 1864 806 ώνό
1879 781 1895 792 ·

293 857 455 913 μασε
478 840 542 894 τὸ
563 838 737 903 πάθος
758 838 853 892 τοῦ
876 839 1151 912 Σωτῆρος,
1177 840 1273 894 καὶ
1297 839 1584 895 ἀσθένειαν
1606 842 1698 896 τὸν
1727 860 1893 897 σταυ-

293 934 425 1006 ρδν,
465 932 634 988 είπών
650 951 664 966 ο
694 951 714 985 ι
738 930 1086 1006 Ἐσταυρώθη
1110 932 1170 998 ἐξ
1200 933 1485 998 ἀσθενείας
1505 951 1553 987 ο»
1577 936 1672 990 καὶ
1696 933 1856 990 πάλιν
1873 952 1889 967 ·

291 1049 316 1081 σ
359 1029 558 1101 Ἡμεῖς
622 1027 680 1082 δὲ
739 1025 1087 1097 κηρύσσομεν
1152 1026 1388 1097 Χριστὸν
1452 1027 1889 1101 ἐσταυρωμένον,

300 1118 595 1182 Ἰουδαίοις
629 1117 730 1188 μὲν
759 1114 1075 1180 σκάνδαλον,
1115 1113 1294 1172 ἔθνεσι
1320 1115 1378 1170 δὲ
1421 1117 1668 1188 μωρίαν·
1709 1117 1791 1173 ὅτι
1831 1117 1892 1173 τὸ

290 1209 490 1281 μωρὸν
518 1207 614 1261 τοῦ
647 1206 782 1261 Θεοῦ
822 1203 1126 1278 σοφώτερον
1154 1205 1262 1260 τῶν
1289 1205 1592 1279 ἀνθρώπων
1623 1208 1761 1274 ἐστὶ,
1796 1209 1891 1262 καὶ

281 1302 360 1356 τὸ
391 1301 621 1366 ἀσθενὲς
653 1299 748 1354 τοῦ
771 1297 908 1353 Θεοῦ
944 1295 1296 1371 ἰσχυρότερον
1342 1299 1451 1356 τῶν
1494 1299 1798 1371 ἀνθρώπων
1818 1318 1831 1334 ο
1862 1321 1882 1355 ι

279 1393 444 1448 οὕτω
484 1393 578 1448 καὶ
615 1392 713 1449 νῦν
752 1394 852 1447 οὐκ
891 1392 959 1448 ἂν
1002 1393 1271 1464 ἁμάρτοις
1303 1394 1402 1465 τὴν
1457 1393 1689 1451 ἐνταῦθα
1729 1393 1886 1464 λεγοο-

284 1487 474 1560 μένην
523 1487 834 1559 ἀφροσύνην
882 1485 1283 1559 παραπλησίως
1328 1487 1527 1558 νοήσας
1573 1489 1639 1558 τῇ
1689 1487 1888 1558 ὀνομα-

281 1579 486 1652 σθείσῃ
514 1579 665 1652 παρά
691 1579 768 1651 τῷ
805 1580 1114 1651 Ἀποστόλῳ
1147 1577 1345 1652 μωρίᾳ.
1386 1577 1546 1632 Ἀλλά
1574 1579 1669 1633 καὶ
1697 1579 1886 1651 ὥσπερ

280 1672 444 1742 ἔγνω
475 1671 680 1745 Κύριος
727 1673 856 1736 τοὺς
900 1671 1061 1736 ὄντας
1104 1671 1306 1737 αὐτοῦ,
1345 1672 1575 1744 ἐπείπερ
1615 1671 1884 1744 ὲξαίρετοί

276 1764 442 1828 τινές
481 1765 620 1820 εἰσιν
648 1767 712 1827 οἱ,
731 1753 831 1837 τῆς
862 1764 956 1818 τοῦ
981 1765 1117 1820 Θεοῦ
1159 1765 1413 1835 γνώσεως
1452 1765 1878 1837 κατηξιωμένοι·

275 1855 469 1920 οῦτως
496 1857 653 1929 καὶὴ
703 1856 938 1912 ἐνταῦθα
985 1856 1287 1930 ἀφροσύνη,
1325 1855 1448 1922 ἀξία
1489 1856 1586 1928 τῆς
1628 1855 1883 1925 γνώσεως

275 1947 637 2019 τυγχάνουσα
681 1948 777 2001 τοῦ
825 1947 982 2014 Θεοῦ,
1037 1948 1210 2019 μέγαν
1253 1947 1374 2002 τινὰ
1411 1947 1506 2001 καὶ
1551 1946 1720 2018 βαθὺν
1767 1943 1880 2018 εἶχε

278 2037 470 2108 λόγον.
517 2039 592 2092 Ού
635 2037 744 2109 γὰρ
802 2038 956 2110 παρά
1003 2038 1101 2111 τὴν
1156 2038 1253 2111 σὴν
1299 2038 1514 2110 βουλὴν,
1561 2039 1684 2093 οὐδὲ
1731 2039 1884 2110 παρά

277 2130 392 2203 τὴν
445 2131 543 2203 σὴν
573 2130 774 2200 γνῶσιν
818 2131 1055 2202 ἐγένετο,
1111 2131 1296 2203 φησὶν,
1342 2135 1375 2202 ἠ
1426 2130 1706 2203 ἀφροσύνη
1753 2149 1878 2204 μου.

283 2221 435 2277 Ποία
483 2222 541 2276 δὲ
590 2221 729 2294 αὕτη
778 2224 829 2276 εἰ
886 2223 960 2294 μὴ
1007 2225 1040 2295 ἡ
1081 2221 1415 2295 νομιζομένη
1481 2226 1595 2288 τοῖς
1637 2223 1879 2292 πολλοῖς;

295 2311 396 2377 Ὦς
436 2313 544 2386 γὰρ
586 2314 619 2386 ὴ
659 2313 838 2386 μωρία
870 2313 1124 2385 Ἕλλησιν
1179 2315 1455 2386 ἐνομίζετο
1503 2315 1705 2388 μωρία,
1739 2317 1882 2370 κατά

289 2401 485 2472 βαθεῖς
541 2403 599 2456 δὲ
643 2401 836 2472 λόγους
887 2403 1024 2457 Θεοῦ
1089 2403 1489 2458 ωνεστελεῖτο·
1552 2407 1647 2460 καὶ
1699 2402 1768 2479 ἦν
1820 2407 1882 2460 τὸ

286 2495 426 2567 παρ’
455 2495 763 2567 ἀνθρώποις
801 2495 985 2568 μωρὸν
1030 2495 1385 2568 νομιζόμενον
1435 2496 1741 2571 σοφώτερον
1772 2499 1880 2554 τῶν

285 2586 631 2660 ἀνθρώπων·
675 2588 946 2660 ηὑδόκησε
994 2589 1104 2662 γὰρ
1150 2590 1180 2642 6
1224 2587 1359 2653 Θεὸς
1402 2589 1490 2647 διὰ
1535 2590 1634 2662 τῆς
1669 2591 1880 2664 μωρίας

285 2679 385 2736 τοῦ
417 2681 768 2753 κηρύγματος
796 2681 968 2735 σῶσαι
1011 2682 1136 2746 τοὺς
1172 2681 1546 2747 πιστεύοντας·
1579 2683 1750 2748 οὕτως
1784 2685 1879 2738 καὶ

287 2773 323 2843 ἡ
356 2771 672 2844 ἀφροσύνη,
713 2773 779 2844 ἢν
824 2773 892 2826 δι’
939 2774 1088 2844 ἡμᾶς
1131 2773 1340 2845 ὑπῆλθε
1397 2773 1640 2839 κενώσας
1687 2776 1878 2830 ἑαυτὸν

287 2865 387 2921 καὶ
433 2865 646 2936 μορφὴν
672 2865 860 2918 δούλου
904 2864 1084 2922 λαϐὼν
1110 2867 1205 2920 καὶ
1245 2867 1438 2940 μέχρις
1469 2866 1700 2921 θανάτου
1734 2884 1878 2940 παρ-

288 2957 482 3023 ελθών,
549 2959 832 3031 σοφωτέρα
877 2959 976 3030 τῆς
1025 2959 1133 3013 τῶν
1186 2959 1488 3033 ἀνθρώπων
1552 2961 1744 3030 σοφίας
1786 2957 1876 3034 ῆν.

300 3049 362 3108 Ὀ
383 3052 540 3122 λόγος
566 3052 676 3124 γὰρ
720 3055 748 3107 6
788 3051 882 3106 τοῦ
919 3051 1154 3125 σταυροῦ
1187 3055 1300 3117 τοῖς
1337 3054 1434 3125 μὲν
1459 3053 1875 3126 ἀπολλυμένοις,

1999 547 2145 600 bam.
2179 565 2198 598 ι

2068 656 2239 714 Vsus.
2270 660 2324 714 ε.
2361 677 2380 711 ι
2421 658 2586 723 Deus,
2621 667 2680 714 tu
2726 659 2838 716 scis
2889 658 3257 729 insipientiam
3315 671 3517 712 meam.
3555 675 3576 708 ι

1996 750 2474 817 Quemadmodum
2549 751 2772 807 divinus
2825 750 3123 821 Apostolus
3177 749 3403 806 stultum
3453 747 3574 812 Dei,

1996 843 2308 913 passionem
2343 839 2648 898 Salvatoris
2669 883 2685 907 ,
2717 850 2772 898 et
2805 858 3049 906 crucem,
3083 841 3457 899 inﬁrmitatem
3487 841 3575 896 in-

1994 935 2256 1006 culpatim
2285 935 2502 991 vocavit
2545 935 2738 992 dicens
2781 954 2794 991 :
2833 955 2851 988 ι
2888 935 3197 992 Crucilixus
3221 945 3394 991 estex
3423 933 3576 991 inﬁr-

1993 1027 2274 1092 mitate‘;
2313 1045 2334 1080 ι
2369 1042 2433 1081 ac
2480 1043 2741 1083 rursum:
2780 1046 2799 1078 ι
2840 1026 2952 1083 Nos
3001 1038 3178 1084 autem
3215 1027 3578 1099 praedicamus

1992 1111 2272 1168 Christum
2328 1113 2677 1179 cruciﬁxum,
2707 1113 2914 1172 Judaeis
2959 1118 3182 1188 quidem
3215 1117 3571 1182 scandalum,

1989 1205 2250 1274 gentibus
2279 1213 2460 1260 autem
2519 1207 2831 1272 stultitiam,
2860 1210 2988 1278 quia
3035 1209 3179 1279 quod
3226 1209 3456 1264 stultum
3489 1214 3576 1262 est

1992 1295 2109 1361 Dei,
2142 1298 2448 1367 sapientius
2479 1308 2564 1355 est
2588 1299 2934 1356 hominibus:
2955 1301 3172 1371 etquod
3192 1301 3466 1355 inﬁrmum
3487 1306 3574 1355 est

1990 1389 2108 1450 Dei,
2137 1389 2332 1445 fortius
2348 1399 2431 1446 est
2455 1391 2770 1448 hominibus
2790 1394 2847 1460 ⁶;
2875 1414 2891 1444 ι
2914 1395 2993 1450 sic
3015 1403 3071 1448 et
3102 1395 3155 1447 in
3187 1392 3443 1464 praasenti
3459 1407 3571 1446 non

1995 1481 2364 1547 aberraveris,
2397 1484 2445 1537 si
2482 1484 2854 1553 insipientiam
2897 1486 2984 1541 hic
3036 1495 3416 1548 memoratam,
3453 1483 3573 1554 pari

1987 1573 2201 1628 ratione
2245 1574 2517 1646 intelligas
2551 1585 2714 1646 atque
2761 1578 3054 1632 stultitiam
3088 1578 3156 1632 ab
3187 1577 3452 1648 Apostolo
3486 1573 3574 1630 di-

1987 1669 2153 1716 ctam.
2182 1661 2288 1718 Sed
2321 1665 2465 1718 sicut
2495 1668 2648 1721 novit
2683 1667 2946 1723 Dominus
2976 1668 3069 1738 qui
3100 1679 3230 1724 sunt
3250 1668 3392 1738 ejus,
3435 1682 3567 1738 quo-

1987 1753 2136 1806 niam
2159 1754 2381 1824 quidam
2411 1756 2598 1812 selecti
2623 1757 2874 1815 homines
2900 1768 3029 1814 sunt
3048 1759 3142 1814 Dei
3161 1760 3474 1830 cognitione
3495 1758 3575 1812 di-

1985 1845 2156 1914 gnati,
2208 1845 2281 1900 ita
2328 1846 2432 1902 hoc
2487 1848 2608 1904 loco
2661 1851 2974 1921 insipientia
3005 1853 3116 1918 illa,
3143 1868 3265 1922 qua:
3291 1851 3456 1922 digna
3484 1857 3572 1906 est

1987 1934 2080 1991 Dei
2130 1939 2463 2008 cognitione,
2498 1958 2753 2014 magnam
2803 1944 3246 2015 profundamque
3297 1945 3570 2000 rationem

1985 2026 2399 2100 habuit.Neque
2423 2032 2567 2086 enim
2597 2042 2794 2103 praeter
2823 2035 3160 2091 voluntatem
3186 2052 3250 2090 ac
3269 2048 3465 2106 praeter
3482 2050 3573 2092 co-

1983 2119 2284 2189 gnitionem
2311 2130 2460 2176 tuam
2493 2123 2596 2177 fuit
2617 2124 2708 2179 illa
2763 2125 3080 2196 insipientia
3122 2141 3266 2182 mea.
3307 2126 3569 2193 Quaenam

1986 2211 2099 2280 illa,
2125 2213 2230 2268 nisi
2254 2229 2376 2284 qua:
2407 2217 2531 2271 talis
2579 2233 2610 2272 a
2648 2220 2838 2274 multis
2867 2220 3196 2291 reputatur?
3227 2219 3383 2276 Sicut
3425 2220 3572 2274 enim

1985 2304 2305 2376 insipientia
2332 2310 2424 2363 illa
2453 2310 2660 2368 Grmcis
2691 2313 3008 2384 insipientia
3049 2313 3458 2378 aestimabatur,
3485 2327 3572 2368 se-

1984 2402 2230 2456 cundum
2263 2405 2594 2474 profundam
2622 2423 2752 2463 vero
2793 2407 2890 2464 Dei
2930 2409 3224 2474 rationem,
3264 2407 3332 2462 ad
3371 2406 3570 2462 melius

1984 2496 2341 2563 vertebatur;
2370 2505 2426 2550 et
2457 2497 2603 2568 quod
2638 2498 2708 2553 ab
2745 2499 3064 2554 hominibus
3083 2498 3311 2553 stultum
3342 2497 3573 2568 putaba-

1985 2593 2098 2652 tur,
2150 2587 2456 2657 sapientius
2494 2599 2612 2644 erat
2646 2590 3000 2658 hominibus;
3035 2606 3163 2645 nam
3211 2589 3324 2646 Deo
3365 2589 3572 2660 placuit

1982 2693 2080 2749 per
2112 2679 2399 2734 stultitiam
2423 2681 2832 2750 praedicationis
2846 2683 3136 2738 credentes
3156 2682 3341 2738 salvos
3364 2682 3568 2746 facere,

1985 2773 2067 2828 sic
2095 2782 2148 2828 et
2177 2773 2434 2837 stultitia,
2457 2790 2620 2846 quam
2652 2783 2874 2846 propter
2899 2791 3003 2830 nos
3048 2776 3240 2840 subiit,
3271 2777 3572 2831 humilians

1983 2865 2248 2934 seipsum,
2309 2864 2544 2920 formam
2625 2867 2770 2921 servi
2839 2867 3142 2937 accipiens,
3169 2877 3224 2923 et
3269 2884 3444 2939 usque
3498 2865 3606 2940 ad.

1984 2964 2216 3013 mortem
2257 2958 2548 3022 accedens,
2599 2959 2903 3030 sapientior
2951 2961 3070 3032 ipsa
3132 2961 3415 3017 hominum
3477 2976 3570 3017 sa-

1983 3050 2189 3122 pientia
2222 3061 2360 3106 erat.
2386 3050 2522 3106 Nam
2557 3053 2742 3109 crucis
2768 3054 2906 3109 ratio
2933 3057 3289 3126 pereuntibus
3320 3056 3566 3127 quidem,

289 3146 455 3217 φησὶν
508 3147 537 3198 6
587 3145 954 3210 ’Δπόστολος,
1009 3145 1189 3217 μωρία
1238 3146 1420 3209 ἐστὶν,
1461 3149 1510 3200 εἰ
1558 3146 1615 3201 δὲ
1670 3147 1873 3220 μωρία,

1983 3144 2161 3214 inquit
2189 3142 2508 3214 Apostolus,
2547 3143 2785 3200 stultitia
2815 3156 2920 3204 est.
2953 3145 3114 3212 Quod
3152 3148 3200 3204 si
3249 3149 3478 3203 stultitia
3513 3155 3570 3203 et

287 3239 384 3292 καὶ
431 3236 746 3308 ἀφροσύνη,
807 3240 922 3302 τοῖς
973 3237 1030 3291 δὲ
1079 3237 1411 3311 σωζομένοις
1465 3242 1597 3310 ἡμῖν
1647 3238 1878 3312 δύναμις

288 3327 424 3382 Θεοῦ
485 3330 623 3384 ὲστι.
684 3328 899 3400 Ταύτην
957 3325 1050 3383 οὖν
1099 3330 1199 3400 τὴν
1255 3330 1569 3402 ἀφροσύνην
1633 3333 1727 3385 καὶ⁹
1779 3331 1877 3404 τὴν

292 3418 500 3491 μωρίαν
550 3418 651 3474 οὐκ
701 3421 970 3492 ἠγνόησεν
1013 3423 1042 3476 6
1092 3421 1256 3486 Θεός·
1301 3423 1468 3478 αὑτοῦ
1528 3423 1637 3496 γὰρ
1697 3424 1878 3496 κρίσει

289 3512 600 3584 γεγένηται.
663 3514 753 3567 Διό
801 3531 1004 3586 φησιν·
1064 3531 1083 3565 ι
1120 3515 1178 3568 'O
1231 3514 1392 3580 Θεὸς,
1441 3518 1504 3570 σὺ
1553 3516 1725 3584 ἔγνως
1778 3515 1875 3587 τὴν

290 3603 600 3676 ἀφροσύνην
635 3622 756 3676 μου.
790 3624 809 3657 ι
880 3605 1180 3677 Ἀπήλλαξε
1234 3605 1291 3660 δὲ
1329 3608 1478 3678 ἡμᾶς
1531 3608 1875 3679 πραγμάτων

289 3697 317 3750 6
342 3694 668 3769 Σύμμαχος,
707 3697 1050 3769 ἑρμηνεύσας
1087 3698 1181 3752 καὶ
1223 3699 1427 3752 εἰπών·
1487 3718 1505 3750 ι
1529 3699 1588 3753 Ὀ
1620 3699 1773 3764 Θεὸς,
1809 3701 1873 3754 σὺ

289 3789 434 3858 οἶδας
464 3793 562 3864 τὴν
595 3792 850 3864 ἀπειρίαν
897 3810 998 3865 μου
1025 3809 1039 3822 ·
1075 3811 1091 3842 ι
1151 3793 1410 3865 ἀπειρίαν
1442 3794 1644 3866 δηλαδὴ
1681 3797 1782 3867 τὴν
1816 3799 1874 3851 ὲν

291 3885 613 3960 ἀνθρώποις.
659 3887 770 3958 Τῆς
796 3885 905 3958 γάρ
931 3888 990 3941 ὲν
1022 3885 1329 3958 ἀνθρώποις
1369 3888 1570 3952 κακίας
1598 3888 1874 3961 ἀλλότριος

292 3981 383 4043 ὢν,
413 3981 512 4052 τὴν
541 3979 712 4051 καλὴν
743 3978 946 4050 ταύτην
971 3979 1226 4050 ἀπειρίαν
1257 3979 1548 4050 ἀνατίθησι
1577 3983 1644 4051 τῇ
1675 3981 1874 4049 γνώσει

291 4072 380 4127 τοῦ
418 4071 612 4127 ἑαυτοῦ
641 4071 876 4145 Πατρός.
918 4074 1030 4126 Καὶ
1062 4073 1194 4146 ἄλλη
1238 4074 1296 4126 δὲ
1328 4073 1520 4145 Γραφὴ
1554 4073 1673 4128 Θεία
1704 4076 1875 4146 ἀφρο-

296 4164 455 4238 σύνης
489 4165 762 4238 μέμνηται
793 4165 889 4220 τοῦ
917 4165 1173 4238 Σωτῆρος
1208 4164 1514 4237 συμφώνως
1549 4168 1617 4236 τῇ
1650 4183 1870 4238 προκει-

298 4256 447 4331 μένῃ.
485 4256 800 4328 Γέγραπται
846 4255 978 4324 γοῦν
1017 4256 1074 4308 ὲν
1100 4256 1432 4328 Παροιμίαις
1455 4274 1468 4286 ·
1509 4275 1526 4308 ι
1551 4256 1690 4310 Τάδε
1727 4257 1872 4327 λέγει

294 4349 424 4424 ἀνὴρ
466 4352 580 4416 τοῖς
627 4350 942 4405 πιστεύουσι
981 4349 1121 4421 Θεῷ,
1162 4351 1255 4404 καὶ
1300 4349 1565 4422 παύομαι.
1619 4351 1874 4423 Ἀφρονέ-

297 4460 482 4506 σςατος
515 4443 626 4514 γάρ
669 4444 786 4512 είμι
833 4442 1053 4496 πάντων
1106 4441 1430 4513 ἀνθρώπων,
1468 4442 1562 4496 καὶ
1608 4444 1872 4516 φρόνησις

295 4532 572 4605 ἀνθρώπου
597 4533 697 4587 οὐκ
721 4532 866 4586 ἐστιν
893 4535 952 4586 ἐν
977 4532 1120 4604 ἐμοί.
1139 4531 1271 4596 Θεὸς
1296 4533 1534 4604 δεδίδαχέ
1561 4552 1626 4605 με
1657 4537 1870 4606 σοφίαν,

296 4627 383 4682 καὶ
431 4627 632 4697 γνῶσιν
685 4628 856 4696 ἁγίων
902 4627 1138 4697 ἔγνωκα.
1167 4647 1184 4680 ι
1245 4628 1357 4681 Καὶ
1414 4628 1474 4681 ὲν
1517 4629 1726 4694 τούτοις
1765 4630 1873 4704 γὰρ

297 4718 504 4772 πάντων
555 4719 655 4790 μὲν
697 4718 1001 4790 ἀνθρώπων
1053 4721 1453 4792 ἀφρονέστατον
1502 4721 1693 4775 ἑαυτὸν
1733 4719 1874 4778 εἶναι

296 4810 454 4880 λέγει,
487 4812 580 4865 καὶ
609 4812 871 4884 φρόνησιν
917 4813 1205 4885 ἀνθρώπου
1250 4814 1325 4884 μὴ
1366 4813 1687 4884 ἐσχηκέναι·
1724 4817 1874 4888 ὅμως

295 4899 346 4954 δὲ
378 4900 506 4972 παρ’
533 4900 699 4954 αὑτοῦ
738 4900 832 4954 τοῦ
857 4900 992 4955 Θεοῦ
1025 4901 1330 4973 δεδιδάχθαι
1364 4904 1463 4972 τὴν
1497 4906 1874 4978 πνευματικὴν

301 4990 498 5060 σοφίαν,
534 4992 630 5044 καὶ
654 4991 752 5061 τὴν
780 4991 981 5059 γνῶσιν
1008 4992 1115 5044 τῶν
1143 4993 1313 5061 ἀγίων
1342 4993 1660 5062 ἐγνωκέναι.
1713 4996 1872 5052 Ἀλλά

299 5084 382 5138 καὶ
419 5105 437 5136 ι
481 5086 540 5139 αἱ
599 5084 974 5156 πλημμέλειαι
1018 5104 1155 5156 μου,
1205 5089 1407 5157 φησὶν,
1473 5087 1580 5142 ἀπὸ
1629 5089 1725 5143 σοῦ
1772 5092 1872 5144 οὐκ

301 5173 700 5247 ἁπκρύὸησαν.
731 5194 749 5227 ι
803 5175 867 5228 Εί
909 5174 1018 5247 γάρ
1065 5171 1206 5247 ἦσάν
1250 5194 1396 5241 τινες
1440 5179 1498 5231 ἐν
1529 5179 1652 5250 ἐμοὶ
1692 5179 1874 5250 πλημ-

304 5264 520 5335 μέλειαι,
563 5267 633 5320 δι’
676 5266 744 5331 ἀς
785 5266 863 5338 τῷ
904 5267 1121 5339 σταυρῷ
1154 5286 1222 5338 με
1258 5269 1690 5342 προσετίμησαν,
1732 5272 1874 5342 τάχα

302 5371 392 5410 που
437 5359 501 5412 σὺ
540 5358 759 5430 πρῶτος
783 5358 994 5426 ἔγνως,
1041 5359 1100 5412 ὃν
1129 5359 1414 5414 λανθάνειν
1451 5359 1603 5414 οὐδὲν
1639 5355 1752 5414 οἷόν
1779 5379 1870 5415 τε·

303 5447 404 5502 ἀλλ’
430 5448 644 5513 οὐδένες
669 5447 790 5521 (sic)
825 5443 988 5520 ἦσαν.
1031 5448 1123 5501 Διὸ
1155 5451 1206 5502 οί
1242 5448 1527 5521 μισοῦντές
1562 5468 1628 5522 με
1661 5450 1873 5523 δωρεὰν

305 5539 544 5610 ἑμίσουν,
620 5541 716 5596 καὶ
771 5543 821 5595 οί
890 5540 1245 5606 ὲκδιώκοντές
1299 5559 1367 5612 με
1422 5543 1624 5607 ἀδίκως
1688 5542 1724 5597 δι
1777 5544 1875 5614 οὐχ

305 5632 515 5703 ῆρπασα
568 5634 919 5708 ἐξέπραττον.
983 5635 1137 5690 Ἐπεὶ
1178 5633 1236 5687 δὲ
1270 5633 1728 5707 ψευδομάρτυρας
1780 5636 1874 5688 καὶ

1981 3235 2297 3306 insipientia
2325 3243 2430 3301 est,
2471 3236 2634 3292 nobis
2665 3245 2845 3292 tamen
2877 3239 3112 3295 salutem
3175 3240 3355 3296 nactis
3387 3241 3568 3296 virtus

1979 3323 2074 3380 Dei
2105 3333 2209 3380 est.
2239 3323 2390 3380 ilanc
2419 3325 2588 3395 igitur
2629 3325 3004 3397 insipientiam
3040 3340 3094 3384 et
3132 3329 3423 3384 stultitiam
3455 3345 3566 3384 non

1981 3417 2252 3488 ignoravit
2291 3416 2472 3486 Deus;
2505 3433 2634 3473 nam
2692 3419 2868 3488 ipsius
2913 3421 3124 3490 judicio
3169 3421 3403 3477 exstitit.
3438 3421 3568 3476 ideo

1979 3509 2095 3564 ait:
2136 3530 2154 3561 ι
2197 3509 2359 3574 Deus,
2415 3520 2472 3566 tu
2530 3513 2642 3568 scis
2711 3514 3083 3585 insipientiam
3151 3529 3350 3569 meam.
3396 3533 3416 3567 ι
3452 3513 3567 3570 Nos

1977 3617 2109 3656 vero
2143 3600 2509 3673 Symmachus
2539 3604 2608 3658 ab
2653 3604 2756 3659 hac
2788 3620 2850 3660 re
2895 3604 3191 3674 expedivit,
3245 3605 3328 3660 sic
3389 3605 3565 3661 inter-

1979 3701 2227 3764 pretatus
2259 3714 2272 3748 :
2311 3713 2330 3746 ι
2371 3693 2537 3757 Deus.
2571 3705 2627 3750 tu
2661 3697 2772 3752 scis
2797 3697 3126 3768 imperitiam
3161 3713 3360 3768 meam,
3404 3718 3425 3752 ι
3462 3699 3570 3753 im-

1977 3786 2230 3856 peritiam
2260 3787 2475 3843 scilicet
2505 3804 2627 3859 quae
2674 3789 2730 3844 in
2777 3789 3095 3846 hominibus
3133 3799 3236 3848 est.
3264 3789 3400 3845 Nam
3439 3808 3562 3846 cum
3668 3797 3670 3800 ’

1977 3878 2046 3932 ab
2079 3877 2364 3934 hominum
2416 3881 2628 3936 malitia
2688 3883 2904 3938 alienus
2939 3892 3108 3949 esset,
3141 3885 3283 3940 hanc
3336 3885 3564 3956 probam

1976 3975 2308 4044 imperitiam
2343 3974 2524 4031 Patris
2579 3979 2668 4032 sui
2750 3979 3051 4049 cognitioni
3107 3979 3374 4048 assignat.
3421 3977 3566 4030 Alibi

1975 4081 2196 4136 quoque
2221 4067 2406 4122 divina
2441 4067 2729 4140 Scriptura
2756 4071 3088 4141 insipientia:
3122 4069 3425 4125 Salvatoris
3451 4085 3566 4124 me-

1976 4158 2158 4225 minit,
2197 4158 2396 4230 hisque
2453 4170 2745 4218 consonat.
2807 4162 3087 4235 Scriptum
3147 4164 3334 4234 itaque
3374 4169 3460 4218 est
3507 4162 3567 4217 in

1975 4251 2288 4309 Proverbiis
2354 4273 2367 4308 :
2407 4272 2426 4306 ι
2485 4253 2610 4310 Haec
2637 4255 2772 4311 dicit
2812 4258 2897 4312 vir
2947 4256 3299 4314 credentibus
3332 4257 3464 4320 Deo,
3510 4265 3568 4312 et

1975 4358 2157 4399 cesso.
2209 4342 2582 4403 Stultissimus
2605 4348 2751 4404 enim
2781 4347 2907 4405 itm
2961 4350 3204 4406 omnium
3257 4350 3564 4413 hominum,

1975 4444 2030 4491 et
2061 4436 2354 4506 prudentia
2399 4438 2641 4495 hominis
2673 4455 2781 4495 non
2826 4450 2912 4497 est
2964 4443 3018 4497 in
3055 4457 3163 4498 me.
3205 4440 3350 4497 Deus
3378 4441 3568 4496 docuit

1981 4542 2070 4581 me
2100 4527 2451 4598 sapientiam,
2479 4538 2533 4585 et
2562 4532 2931 4602 cognitionem
2962 4542 3280 4588 sanctorum
3321 4531 3507 4586 novi‘.
3541 4549 3560 4583 ι

1981 4618 2040 4673 ln
2075 4619 2164 4676 his
2200 4637 2442 4692 namque
2464 4638 2524 4679 se
2559 4624 2806 4678 omnium
2858 4623 3142 4679 hominum
3184 4623 3570 4694 insipientissi-

1981 4713 2514 4781 mumprouuntiat.
2554 4719 2610 4767 et
2663 4711 3012 4782 prudentiam
3061 4713 3300 4769 hominis
3357 4729 3416 4770 se
3453 4728 3565 4768 non

1983 4802 2185 4858 habere
2215 4802 2349 4858 dicit
2383 4823 2397 4858 :
2428 4804 2524 4860 sed
2575 4812 2761 4861 tamen
2795 4805 2865 4860 ab
2901 4805 3022 4878 ipso
3052 4804 3165 4861 Deo
3202 4806 3458 4862 edoctum
3508 4823 3568 4862 se

1982 4895 2328 4966 spiritualem
2365 4897 2716 4965 sapientiam,
2747 4905 2804 4953 et
2835 4897 3205 4968 cognitionem
3249 4907 3567 4953 sanctorum

1982 5004 2149 5044 nosse
2172 4995 2386 5043 narrat.
2422 4986 2529 5044 Sed
2565 4989 2754 5053 etiam,
2795 4989 2996 5060 inquit,
3021 5009 3040 5041 ι
3077 4989 3278 5045 delicta
3309 5006 3430 5046 mea
3451 5005 3482 5044 a
3515 4999 3569 5045 te

1978 5097 2092 5137 non
2154 5091 2282 5138 sunt
2345 5083 2688 5140 abscondita.
2725 5101 2746 5135 ι
2783 5081 2918 5136 Nam
2954 5084 3000 5140 si
3056 5084 3305 5154 quaedam
3359 5084 3417 5138 in
3481 5099 3569 5139 me

1980 5173 2184 5230 delicta
2231 5185 2443 5240 essent,
2502 5177 2575 5231 ob
2621 5191 2745 5247 qua».
2800 5191 2889 5232 me
2945 5177 3098 5232 cruci
3147 5176 3567 5243 destinaverint,

1981 5282 2116 5323 sane
2141 5275 2199 5322 tu
2233 5267 2446 5339 primus
2471 5283 2691 5332 nosses,
2716 5268 2803 5323 cui
2843 5269 3014 5324 latere
3049 5269 3185 5323 nihil
3217 5277 3434 5340 potest;
3466 5268 3564 5324 sed

1981 5360 2134 5414 nulla
2156 5368 2336 5415 erant.
2378 5359 2562 5426 Quare
2581 5363 2675 5432 qui
2698 5361 2930 5418 oderant
2952 5377 3059 5428 me,
3088 5361 3260 5433 gratis
3291 5361 3521 5417 oderant
3549 5378 3563 5413 :

1980 5459 2037 5507 et
2060 5453 2156 5523 qui
2178 5453 2655 5524 persequebantur
2685 5471 2793 5520 me,
2838 5455 3044 5527 injuste
3089 5470 3212 5526 quae
3265 5470 3376 5510 non
3409 5457 3565 5527 rapui

1981 5545 2295 5617 exigebant.
2329 5544 2470 5612 Quia
2517 5563 2652 5604 vero
2678 5548 2849 5604 falsos
2891 5555 3064 5604 testes
3109 5556 3164 5604 et
3195 5547 3567 5620 sycophantas

1982 5636 2051 5691 ad
2087 5652 2175 5694 me
2203 5640 2579 5697 accusandum
2636 5640 3040 5708 subornarunt,
3066 5651 3123 5697 tu
3163 5642 3334 5712 nosti,
3364 5643 3562 5714 inquit,

371 5792 390 5823 ⁸
423 5789 466 5845 ll
499 5792 626 5849 Cor.
670 5793 878 5864 x1u,_4.
957 5796 977 5826 ⁸
1019 5793 1194 5852 lCor.
1244 5810 1281 5862 ι,
1321 5792 1510 5862 23-25.
1591 5794 1609 5824 ⁸
1651 5791 1814 5862 Prov.
1858 5809 1988 5859 xxx,
2031 5794 2139 5850 l-5.
