4086 6442
561 427 667 482 755
1226 416 1318 476 EU
1326 413 1502 472 SEBII
1538 404 2022 470 ΟΕΒΑΚΙΕΝΞΙΞ
2056 401 2150 461 0Ρῖ

2253 397 2437 457 PARS
2473 396 2562 454 III.
2602 426 2676 441 --
2712 392 3130 452 EXEGETICA.
3783 381 3870 442 ἴδε

559 544 707 602 Deus
729 559 863 600 num
897 541 1029 614 quid
1056 547 1345 614 peccatum
1377 554 1409 593 a
1448 551 1537 593 me
1584 535 1676 591 sit.
1704 532 1893 603 Neque
1934 528 2083 587 enim
2109 525 2150 582 si

2262 521 2607 592 συκοφάντας
2640 518 2875 591 ἔστησαν
2909 517 2968 572 ὲν
2997 517 3065 588 τῇ
3101 515 3222 570 κατ’
3255 510 3406 586 ἐμοῦ
3436 494 3790 614 adstringit},
3820 509 3873 561 σὺ

557 636 811 709 quedam
833 635 973 691 mihi
1025 633 1229 690 delicta
1258 632 1528 692 inessent,
1565 627 1664 682 tibi
1691 630 1878 681 essent
1912 620 2150 677 occulta.

557 725 628 783 Et
657 725 821 790 alias,
853 724 901 781 si
931 732 1119 780 nostra
1152 721 1272 792 ipse
1303 727 1527 791 peccata
1562 715 1843 780 abstersit,
1868 722 1923 768 et
1975 711 2154 766 factus

556 827 645 877 est
673 833 775 891 pro
817 816 983 873 nobis
1031 813 1412 875 maledictum.
1446 811 1522 866 ita
1564 817 1625 864 ut
1667 807 1736 863 de
1762 807 1857 862 illo
1883 805 2101 861 dicatur
2137 818 2152 855 :

564 932 584 965 ι
624 911 748 984 Ipse
782 916 1011 982 peccata
1052 915 1242 963 nostra
1290 906 1497 976 portat,
1523 912 1577 958 et
1621 916 1721 973 pro
1751 900 1911 955 nobis
1940 899 2157 953 crucia-

559 1013 671 1061 tur.
705 1002 771 1057 Et
801 1005 921 1074 ipse
942 1001 1268 1056 vulneratus
1301 1002 1389 1053 est
1420 998 1646 1067 propter
1675 1000 1902 1064 peccata
1938 998 2153 1055 nostra,

560 1098 871 1152 infirmatus
902 1104 986 1149 est
1031 1101 1254 1163 propter
1292 1087 1615 1159 iniquitates
1674 1090 1918 1139 nostras.
1949 1082 2013 1136 lit
2049 1079 2151 1136 Do-

560 1188 751 1244 minus
785 1185 1016 1241 tradidit
1045 1199 1172 1240 eum
1224 1180 1466 1253 peccatis
1526 1176 1793 1232 nostris'.
1829 1194 1849 1228 ι
1887 1171 2036 1238 Haec,
2070 1172 2155 1227 in-

559 1281 702 1351 quit,
746 1279 949 1335 delicta
1020 1290 1123 1348 pro
1170 1270 1489 1328 hominibus
1557 1267 1777 1339 suscepi
1814 1282 1828 1318 :
1868 1270 1928 1320 tu
1979 1265 2153 1330 nosti,

561 1371 728 1437 Deus,
756 1371 888 1443 quia
918 1384 1031 1425 non
1064 1363 1386 1423 abscondita
1430 1362 1529 1419 tibi
1586 1369 1736 1416 sunt.
1774 1358 1964 1430 Neque
1994 1358 2146 1415 enim

559 1472 759 1537 praeter
787 1462 1083 1519 consilium
1116 1470 1268 1514 tuum
1320 1455 1514 1512 isthmc
1565 1453 1807 1511 suscepi.
1837 1450 2020 1519 Quare
2061 1451 2155 1505 illa

560 1558 755 1615 notitia
787 1566 885 1612 tua
913 1555 1080 1627 digna
1115 1548 1370 1608 effecisti.

630 1841 803 1898 Vens.
834 1842 885 1897 7.
916 1860 935 1893 ι
974 1840 1095 1897 Non
1123 1837 1459 1896 erubescant
1508 1836 1563 1892 in
1585 1849 1675 1890 me
1704 1832 1799 1904 qui
1824 1837 2153 1903 exspectant

2257 611 2426 680 οἶδας,
2478 614 2665 686 φησὶν,
2713 616 2742 667 ὁ
2769 610 2938 675 Θεὸς,
2985 609 3039 663 ετ
3064 607 3187 662 τινά
3226 623 3316 679 μοι
3371 597 3871 671 πεπλημμέληται.

2255 707 2332 761 Οὐ
2374 706 2485 779 γὰρ
2530 705 2598 761 ἀν
2635 702 2948 776 ὲκρύϐησάν
2999 718 3097 764 σε,
3145 700 3198 753 εί
3236 713 3395 761 τινες
3450 690 3620 766 ἦσαν
3664 691 3729 744 ιν
3769 692 3877 762 ἐμοὶ

2258 799 2650 873 πλημμέλειαι.
2677 797 2787 852 Καὶ
2813 795 3010 858 ἄλλως,
3035 795 3084 848 εἰ
3108 791 3208 857 τὰς
3228 789 3542 864 ἡμετέρας
3576 782 3880 855 ἀνεμάξατο

2257 891 2564 965 ἁμαρτίας,
2599 889 2697 945 καὶ
2727 888 2953 958 γέγονεν
2987 885 3130 956 ὑπὲρ
3173 882 3330 957 ήμῶν
3378 878 3669 951 κατάρα,
3701 877 3777 941 ὡς
3804 878 3881 931 λέ-

2255 983 2450 1053 γεσθαι
2500 983 2630 1055 περὶ
2683 980 2882 1037 αὐτοῦ’
2942 999 2961 1032 ι
2995 972 3164 1040 Οὗτος
3213 976 3315 1040 τάς
3360 970 3688 1046 ἁμαρτίας
3731 970 3880 1041 ἡμῶν

2256 1073 2435 1148 φέρει,
2470 1072 2566 1127 καὶ
2615 1071 2745 1144 περὶ
2771 1069 2930 1143 ἡμῶν
2973 1067 3244 1123 ὀδυνᾶται.
3291 1066 3413 1120 Καὶ
3467 1061 3660 1126 αὐτὸς
3696 1061 3883 1134 ἐτραυ-

2259 1165 2497 1238 ματίσθη
2531 1163 2622 1219 διὰ
2651 1163 2753 1229 τὰς
2784 1161 3057 1236 ἁμαρτίας
3093 1160 3271 1233 ἡμῶν,
3300 1159 3403 1213 καὶ
3456 1153 3882 1230 μεμαλάκισται

2254 1258 2342 1314 διὰ
2369 1258 2473 1323 τὰς
2503 1257 2734 1330 ἀνομίας
2764 1255 2942 1329 ἡμῶν.
2970 1253 3082 1308 Καὶ
3102 1252 3309 1327 Κύριος
3340 1248 3706 1323 παρέδωκεν
3731 1248 3883 1302 αὑτὸν

2255 1353 2373 1415 ταῖς
2396 1351 2694 1425 ἁμαρτίαις
2716 1349 2928 1423 ἡμῶν.»
2961 1347 3072 1403 Καὶ
3096 1346 3318 1411 ταύτας,
3350 1344 3533 1418 φησιν
3570 1342 3682 1407 τὰς
3712 1343 3884 1416 πλην

2258 1442 2481 1514 μελείας
2531 1442 2676 1515 ὑπὲρ
2736 1441 3040 1515 ἀνθρώπων
3093 1437 3480 1511 ἀνεδεξάμηνο
3556 1436 3633 1490 σὺ
3692 1434 3879 1504 ἔγνως.

2253 1535 2283 1586 ὁ
2316 1531 2469 1597 Θεὸς,
2491 1533 2614 1587 ἐπεὶ
2662 1532 2739 1606 μὴ
2780 1532 3175 1605 ἀπεκρύδησάν
3204 1549 3287 1588 σε.
3326 1531 3403 1586 Οὐ
3454 1527 3588 1600 γὰρ
3624 1526 3758 1598 δίχα
3787 1524 3883 1595 τῆς

2256 1626 2355 1697 σῆς
2387 1625 2697 1698 βουλήσεως
2755 1628 2962 1693 ταύτας
3008 1624 3348 1697 ἀνεδεξάμην
3369 1641 3385 1655 ·
3432 1622 3534 1677 διὸ
3586 1619 3694 1675 καὶ
3730 1618 3881 1686 ἀξίας

2253 1716 2351 1788 τῆς
2381 1716 2580 1772 σαυτοῦ
2606 1717 2863 1788 γνώσεως
2886 1717 3056 1782 αὑτάς
3080 1717 3341 1788 ἐποιήσω.

2302 1827 2424 1902 «Μὴ
2440 1829 2858 1901 αἰσχυνθείησαν
2873 1830 3071 1902 ὲπ“ὲμὲ
3093 1831 3143 1884 οἱ
3161 1829 3551 1902 ὑπομένοντες
3570 1843 3663 1893 σε,
3687 1825 3876 1898 Κύριε,

560 1943 638 2002 te,
694 1934 946 1998 Domine,
996 1930 1226 1986 Domine
1268 1930 1556 1985 virtutum.
1598 1945 1617 1980 ι
1650 1922 1792 1992 Quia
1847 1920 2150 1977 doctrinam

2258 1900 2431 1993 Κύριε
2454 1900 2564 1977 τῶν
2595 1923 2932 1997 δυνάμεων.»
2952 1900 3172 1995 Ἐπειδὴ
3199 1900 3299 2002 τὴν
3327 1923 3474 1996 ἐμὴν
3507 1920 3879 1977 διδασκαλίαν

561 2044 740 2086 meam
766 2026 1046 2099 sapientes
1092 2024 1260 2095 hujus
1294 2022 1481 2081 saeculi
1524 2020 1912 2081 criminantur,
1947 2016 2154 2085 ipsam-

560 2137 669 2194 que
694 2120 908 2193 pellunt
936 2125 997 2173 ut
1029 2116 1351 2188 insipientia
1392 2120 1448 2170 et
1499 2112 1733 2169 stultitia
1769 2110 1986 2182 plenam
2025 2121 2154 2178 pro-

559 2222 683 2288 pter
743 2211 1170 2285 ignominiosam
1223 2224 1468 2273 crucem,
1521 2222 1718 2278 precor
1751 2222 1817 2260 ac
1869 2219 2021 2274 rogo,
2056 2217 2155 2259 eos

560 2307 657 2378 qui
688 2306 924 2362 credunt
967 2304 1023 2359 in
1054 2319 1142 2359 me
1176 2298 1277 2358 abs
1305 2310 1358 2357 te
1398 2300 1606 2356 servari
1658 2296 2046 2359 immutabiles,
2078 2296 2152 2350 ita

561 2406 624 2455 ut
681 2413 964 2471 nunquam
1027 2398 1380 2453 erubescant.
1414 2393 1598 2462 Quare
1629 2400 1687 2447 tu
1722 2392 1861 2462 ipse,
1900 2389 2150 2455 Domine,

562 2490 796 2548 Domine
851 2491 1142 2553 virtutum,
1176 2502 1274 2544 eos
1329 2486 1425 2558 qui
1477 2493 1702 2557 propter
1780 2481 2150 2553 cognitionem

560 2592 712 2640 tuam
775 2597 807 2638 a
857 2598 945 2639 me
999 2580 1263 2636 traditam
1314 2580 1732 2649 impugnantur,
1800 2574 1896 2646 qui
1962 2573 2151 2645 gravia

560 2689 778 2746 semper
798 2673 1108 2745 patiuntur,
1127 2660 1183 2728 et
1207 2686 1385 2742 usque
1410 2668 1481 2725 ad
1506 2677 1738 2724 mortem
1761 2673 2139 2738 perseverant,

559 2783 630 2825 ne
676 2767 1053 2837 derelinquas,
1087 2780 1157 2820 ne
1210 2763 1267 2819 in
1318 2778 1406 2818 me
1447 2770 1735 2834 sperantes
1799 2760 2148 2817 confundan-

556 2866 672 2928 tur,
701 2859 797 2932 qui
834 2866 890 2915 te
934 2857 1106 2914 Deum
1165 2855 1336 2913 Israel
1382 2850 1701 2927 exquirunt.
1732 2853 1963 2909 Etiamsi
2005 2854 2150 2907 enim

558 2964 612 3008 te
639 2954 771 3009 olim
800 2968 914 3010 non
942 2957 1260 3016 noscerent,
1290 2949 1420 3021 quia
1444 2948 1789 3005 daemonibus
1819 2948 1981 3004 malis
2017 2946 2150 3004 sub-

557 3044 663 3101 diti
694 3052 855 3102 erant
879 3063 896 3114 ;
924 3052 981 3100 at
1000 3044 1115 3115 jam
1141 3059 1268 3098 cum
1287 3050 1341 3098 te
1360 3052 1614 3106 noscant,
1632 3042 1689 3097 in
1717 3043 1965 3097 omnium
1998 3041 2146 3095 obli-

558 3138 777 3195 vionem
809 3146 1106 3202 venerunt,
1136 3145 1303 3207 teque
1339 3135 1520 3192 solum
1569 3134 1867 3207 quaerendo
1896 3148 2151 3206 perseve-

558 3237 705 3289 rant.
734 3229 1106 3299 Quamobrem
1136 3229 1411 3301 supplicio
1444 3244 1516 3284 ne
1561 3227 1999 3291 confundantur,
2040 3243 2147 3283 neu
2177 3248 2219 3307 ο

562 3340 585 3375 ι
624 3321 930 3393 ignominia
977 3319 1311 3390 afﬁciantur;
1353 3339 1373 3372 ι
1420 3321 1503 3375 sic
1558 3320 1706 3375 enim
1754 3321 2151 3391 interpretatus

559 3407 930 3484 Symmachus
977 3418 1111 3467 est:
1148 3429 1169 3462 ι
1212 3409 1293 3467 Ne
1352 3408 1770 3465 confundantur
1818 3425 1985 3482 super
2038 3426 2148 3473 me,

558 3503 655 3575 qni
691 3510 1015 3575 exspectant
1046 3511 1122 3572 te,
1152 3503 1384 3561 Domine
1407 3504 1555 3561 Deus
1582 3503 1873 3568 virtutum,
1904 3518 1974 3558 ne
1995 3503 2154 3573 igno-

557 3593 732 3651 minia
776 3592 1093 3649 afficiantur
1136 3609 1306 3666 super
1346 3610 1435 3652 me
1465 3595 1562 3667 qui
1610 3605 1864 3666 quaerunt
1894 3601 1970 3659 te,
2007 3593 2153 3651 Deus

558 3685 751 3743 Israel.
795 3705 816 3739 ι
857 3683 1133 3743 Observes
1194 3701 1361 3758 porro
1435 3686 1718 3759 quomodo
1777 3687 1988 3742 dictum
2055 3686 2150 3749 sit,

564 3794 587 3830 ι
633 3774 889 3839 Domine,
919 3774 1150 3833 Domine
1189 3778 1491 3846 virtutum;
1528 3798 1548 3832 ι
1584 3777 1659 3834 ita
1705 3786 1765 3833 ut
1818 3792 2016 3833 nomen
2046 3776 2153 3831 Do-

560 3866 696 3923 mini
720 3865 1034 3939 repetitum,
1065 3874 1122 3923 et
1159 3866 1229 3923 ad
1258 3866 1432 3925 Deum
1470 3868 1859 3924 universorum
1917 3869 2151 3924 relatum

558 3958 653 4020 sit.

631 4074 806 4132 Vens.
832 4075 889 4140 8,
917 4074 974 4132 9.
1011 4093 1031 4128 ι
1070 4074 1345 4143 Quoniam
1403 4084 1631 4147 propter
1678 4082 1733 4131 te
1785 4074 2025 4132 sustinui
2054 4089 2154 4145 op-

556 4169 873 4247 probrium.
904 4171 1124 4241 operuit
1166 4169 1424 4225 confusio
1481 4168 1675 4225 faciem
1727 4182 1930 4223 meam.
1974 4187 1994 4221 ι
2034 4166 2152 4222 ϐω-

556 4260 689 4328 teri,
721 4261 926 4333 inquit,
961 4260 1217 4317 homines
1255 4261 1328 4315 oh
1372 4266 1597 4331 peccata
1647 4275 1748 4316 sua
1780 4259 2147 4330 correptioni-

557 4353 666 4411 bus
688 4364 744 4409 et
768 4353 1089 4425 opprobriis
1140 4353 1550 4423 subjiduntur;
1578 4368 1679 4425 ego
1727 4367 1861 4407 vero
1884 4352 1978 4423 qui
2020 4367 2152 4421 poc-

554 4456 744 4503 catum
780 4463 893 4502 non
926 4446 1076 4510 novi,
1111 4456 1339 4517 propter
1372 4454 1426 4503 te
1471 4447 1709 4504 sustinui
1764 4445 2148 4518 opprobrium,

553 4538 689 4609 quia
718 4546 779 4594 tu
806 4539 947 4610 ipse,
976 4537 1123 4595 Deus
1178 4539 1464 4595 hominum
1513 4551 1746 4601 amator,
1771 4554 1875 4610 pro
1908 4538 2149 4593 humano

554 4643 762 4700 genere
791 4640 882 4684 me
914 4638 1201 4700 peccatum
1225 4629 1434 4697 fecisti;
1464 4641 1524 4686 ut
1555 4631 1648 4702 qui
1680 4631 1918 4686 credunt
1945 4629 2001 4685 in
2031 4644 2141 4697 me,

549 4718 771 4797 justitia
799 4718 1128 4779 efﬁciantur.
1158 4721 1274 4778 Imo
1311 4722 1476 4779 etiam
1510 4742 1529 4775 ‹
1560 4731 1784 4794 propter
1813 4732 1866 4778 te
1903 4722 2144 4778 sustinui

552 4813 935 4886 opprobrium,
967 4833 986 4868 ι
1016 4828 1143 4870 cum
1171 4830 1241 4870 ex
1277 4815 1562 4872 voluntate
1591 4823 1685 4870 tua
1705 4830 1793 4872 me
1813 4813 1883 4870 ad
1910 4814 2143 4870 nihilum

553 4905 766 4977 redegi,
814 4915 872 4963 et
925 4905 995 4962 ad
1033 4916 1269 4964 mortem
1299 4924 1478 4980 usque
1517 4907 1791 4979 depressi,
1851 4924 1961 4980 quo
2007 4917 2148 4965 tem-

553 5014 690 5073 pore
741 5007 1141 5070 praetereuntes
1193 5000 1677 5071 blasphemabant,
1735 5011 2020 5058 moventes
2050 5016 2148 5058 ca-

553 5093 668 5166 pita
702 5107 802 5149 sua
833 5100 891 5148 et
917 5091 1165 5150 dicentes
1195 5111 1210 5148 :
1246 5112 1266 5146 ι
1298 5090 1439 5159 Vah,
1466 5092 1562 5165 qui
1585 5091 1827 5151 destruis
1854 5093 2143 5163 templum,

551 5193 610 5243 et
658 5185 716 5241 in
766 5185 946 5244 tribus
988 5186 1184 5243 diebus
1239 5186 1504 5251 rediflcas,
1539 5187 1754 5243 salvum
1812 5185 1903 5242 fac
1949 5195 2144 5243 temet-

556 5278 762 5352 ipsum.
788 5278 849 5335 Si
886 5276 1061 5337 Filius
1088 5279 1183 5337 Dei
1213 5297 1296 5345 es,
1324 5279 1599 5338 descende
1621 5281 1691 5338 de
1718 5296 1907 5338 cruce.
1942 5279 2148 5336 Simili-

553 5378 718 5427 teret
750 5370 1037 5443 principes,
1074 5373 1427 5429 sacerdotum
1460 5373 1757 5430 illudentes
1787 5386 1913 5429 cum
1961 5386 2148 5428 sacer-

553 5463 780 5523 dotibus
825 5471 882 5521 et
905 5462 1122 5521 Scribis
1175 5471 1229 5522 et
1275 5463 1574 5523 Pharisazis
1612 5465 1872 5522 dicebant
1929 5480 1945 5518 :
1992 5465 2145 5522 Alios

556 5555 743 5617 salvos
800 5553 954 5621 fecit,
986 5555 1231 5626 scipsum
1284 5570 1397 5612 non
1444 5563 1624 5629 potest
1674 5557 1890 5613 salvum
1939 5554 2144 5613 facere.

557 5647 618 5705 8i
673 5662 771 5706 rex
830 5649 1004 5705 Israel
1048 5657 1160 5714 est,
1193 5649 1498 5710 descendat
1552 5666 1700 5709 nunc
1742 5652 1813 5708 de
1875 5665 2064 5712 cruce.
2090 5657 2146 5706 et

552 5739 847 5797 credemus
886 5740 962 5797 ei.
1003 5741 1255 5813 Speravit
1319 5744 1374 5801 in
1423 5744 1617 5811 Deum,
1653 5744 1854 5819 eripiat
1900 5758 2050 5811 eum,
2094 5741 2142 5800 si

631 5874 651 5915 ⁷
691 5873 794 5941 lsa,
838 5891 957 5944 LIII,
999 5876 1123 5934 4-6.

2256 2014 2305 2068 οἱ
2347 2016 2503 2084 σοφοὶ
2544 2015 2639 2069 τοῦ
2668 2016 2866 2080 αἰῶνος
2896 2014 3085 2070 τούτου
3124 2000 3539 2081 διαϐάλλουσιν,
3582 2014 3875 2070 ἐλαύνουσί

2254 2124 2314 2161 τε
2351 2107 2522 2181 αὐτὴν
2557 2107 2634 2173 ὡς
2670 2109 2875 2181 μεστὴν
2909 2109 3220 2183 ἀφροσύνης
3248 2111 3345 2165 καὶ
3389 2110 3631 2183 μωρίας
3660 2108 3756 2164 διὰ
3788 2109 3875 2163 τὸν

2254 2201 2618 2256 ἐπονείδιστον
2653 2202 2906 2275 σταυρὸν,
2934 2201 3198 2256 ἀντιϐολῶ
3228 2202 3325 2256 καὶ
3353 2202 3589 2274 δέομαι,
3624 2202 3762 2266 τοὺς
3797 2203 3871 2267 εἰς

2253 2296 2353 2368 ἐμὲ
2384 2294 2739 2359 πιστεύοντας
2768 2292 3130 2365 φυλάττεσθαι
3159 2294 3264 2349 ὑπὸ
3296 2292 3391 2348 σοῦ
3425 2294 3868 2366 ἀδιατρέπτους,

2253 2389 2328 2455 ὡς
2366 2388 2576 2462 μήποτε
2605 2387 3086 2461 καταιηυνθῆναι.
3117 2388 3208 2443 Διὸ
3244 2389 3309 2444 σὺ
3342 2389 3549 2455 αὐτὸς,
3588 2381 3641 2442 ὧ
3671 2386 3864 2458 Κύριε,

2253 2482 2427 2555 Κύριε
2467 2480 2577 2535 τῶν
2618 2479 2923 2553 δυνάμεων,
2973 2481 3099 2546 τοὺς
3147 2479 3611 2555 πολεμουμένους
3643 2477 3741 2534 διά
3771 2479 3868 2552 τὴν

2255 2554 2353 2648 σὴν
2401 2573 2603 2645 γνῶσιν
2624 2615 2637 2641 ,
2688 2574 2756 2646 ἢν
2804 2574 2895 2628 ὑπ’
2946 2572 3082 2646 ἐμοῦ
3141 2554 3514 2648 παρειλήφασι
3544 2614 3563 2639 ,
3632 2573 3863 2628 πάντοτε

2252 2667 2625 2741 ὑπομένοντας
2651 2666 2721 2721 τὰ
2747 2666 2900 2722 δεινά
2927 2667 3022 2722 καὶ
3057 2667 3217 2742 μέχρι
3243 2668 3479 2723 Θανάτου
3514 2664 3865 2741 καρτεροῦνο

2250 2777 2381 2826 τας,
2420 2759 2495 2833 μὴ
2529 2760 2931 2834 ἐγκαταλείπῃς
2955 2800 2970 2826 ,
3009 2760 3144 2834 μηδὲ
3186 2761 3608 2834 ὲντραπείησαν
3656 2758 3863 2832 θαρσή-

2254 2868 2445 2917 σαντες
2490 2852 2576 2905 ὲπ’
2604 2851 2762 2923 ἐμοὶ,
2802 2852 2854 2906 οἱ
2896 2851 2958 2905 σὲ
2999 2851 3091 2905 τὸν
3118 2850 3251 2904 Θεὸν
3283 2849 3375 2904 τοῦ
3413 2848 3655 2924 Ἰσραὴλ
3700 2846 3861 2918 ἐκζη-

2250 2944 2491 3010 τοῦντες.
2511 2946 2574 2999 Εί
2599 2945 2708 3019 γάρ
2723 2945 2821 3000 καὶ
2841 2943 2909 2999 τά
2943 2944 3176 3018 μάλιστα
3199 2940 3338 3017 ἦσάν
3357 2962 3488 3000 ποτε
3522 2941 3862 3014 ἀγνοοῦντες

2253 3056 2313 3093 σε
2352 3038 2441 3093 διὰ
2476 3038 2537 3093 τὸ
2567 3038 2790 3112 δαίμοσι
2830 3041 3091 3111 πονηροῖς
3123 3036 3513 3104 δεδουλῶσθαι,
3557 3036 3710 3093 ἀλλά
3741 3034 3855 3101 νῦν,

2253 3129 2565 3200 ἐπιγνόντες
2611 3147 2671 3183 σε
2690 3169 2705 3194 ,
2759 3131 2978 3185 πάντων
3024 3128 3122 3201 μὲν
3168 3126 3337 3200 λήθην
3386 3128 3768 3200 ἐποιήσαντο,
3800 3121 3857 3177 σὲ

2252 3221 2310 3276 δὲ
2372 3221 2531 3294 μόνον
2586 3219 2891 3275 διατελοῦσι
2947 3219 3258 3292 ζητοῦντες.
3326 3218 3418 3273 Διὸ
3476 3219 3728 3273 ἱκετεύω
3783 3214 3854 3288 μὴ

2254 3315 2949 3388 καταιηυνθῆναιαὺτοὺς,
2986 3313 3123 3386 μηδὲ
3157 3333 3176 3365 ι
3202 3312 3590 3385 ἀσχημονῆσαι
3617 3331 3633 3344 ο
3669 3328 3690 3365 ι
3715 3308 3856 3364 οὕτω

2252 3407 2363 3480 γάρ
2386 3408 2731 3481 ⁴ἡρμήνευσεν
2757 3409 2786 3462 ὁ
2810 3405 3106 3479 Σύμμαχος
3127 3405 3295 3459 εἰπών
3310 3424 3324 3436 ο
3359 3426 3377 3457 ι
3400 3402 3493 3479 Μὴ
3514 3418 3853 3475 καταισχυν-

2254 3488 2478 3571 θείησαν
2521 3498 2608 3552 ἐπ’
2657 3497 2781 3570 ἐμοὶ
2831 3498 2883 3551 οί
2926 3495 3336 3567 προσδοκῶντες
3381 3512 3475 3560 σε,
3523 3496 3715 3569 Κύριε
3754 3490 3853 3546 Ges

2251 3590 2363 3645 τῶν
2398 3591 2683 3664 δυνάμεων
2705 3608 2719 3621 ·
2757 3590 2833 3663 μὴ
2858 3590 3302 3662 άσχημονήσαιεν
3341 3589 3429 3644 ἐπ’
3461 3589 3567 3662 ἐμὲ
3595 3591 3651 3644 οῖ
3688 3585 3851 3658 ἐκζη-

2252 3684 2473 3749 τοῠντές
2523 3701 2607 3747 σε,
2652 3682 2754 3737 Θεὲ
2792 3680 2888 3736 τοῦ
2927 3682 3165 3755 Ἰσραήλ.
3199 3701 3219 3734 ι
3281 3683 3566 3757 Ἐπιτήρει
3606 3682 3671 3737 δὲ
3702 3683 3850 3744 ὅπως

2254 3778 2471 3851 εἴρηται
2490 3777 2570 3842 τὸ,
2590 3795 2610 3828 ι
2634 3774 2828 3848 Κύριε,
2855 3773 3029 3847 Κύριε
3040 3773 3148 3828 τῶν
3163 3774 3467 3848 δυνάμεων,
3488 3794 3508 3829 ι
3534 3769 3850 3846 δευτεροῢν·

2255 3889 2346 3936 τος
2376 3870 2471 3925 τοῦ
2500 3870 2660 3940 λόγου
2703 3868 2803 3942 τὴν
2836 3868 3182 3943 κυριολογίαν
3201 3870 3297 3923 arat
3317 3866 3412 3923 ἐπὶ
3431 3867 3528 3922 τὸν
3561 3867 3678 3923 τῶν
3712 3865 3848 3920 ὅλων

2255 3963 2389 4018 Θεὸν
2413 3962 2850 4034 ἀναπέμποντος.

2332 4098 2352 4131 ‹
2382 4080 2506 4134 Ὅτι
2536 4076 2703 4131 ἕνεκά
2739 4093 2835 4131 σου
2876 4077 3163 4149 ὑπήνεγκα
3203 4075 3531 4147 ὀνειδισμὸν,
3573 4072 3846 4143 ἐκάλυψεν

2253 4171 2490 4245 ἐντροπὴ
2525 4171 2589 4225 τὸ
2621 4170 2915 4243 πρόσωπόν
2951 4187 3072 4243 μου.
3100 4189 3118 4222 ι
3183 4171 3248 4224 Oi
3292 4170 3390 4242 μὲν
3417 4170 3621 4235 λοιποὶ,
3655 4169 3840 4241 φησιν,

2253 4264 2527 4336 ἄνθρωποι
2564 4263 2634 4317 δι’
2666 4263 2875 4327 οἰκείας
2918 4263 3196 4335 ἁμαρτίας
3233 4262 3480 4335 ἐλέγχοις
3512 4264 3608 4317 καὶ
3646 4260 3841 4315 ὀνειδι-

2254 4358 2413 4428 σμοῖς
2455 4354 2882 4410 ὑποὸάλλονταιο
2929 4354 3040 4424 ἐγὼ
3074 4353 3130 4409 δὲ
3170 4356 3200 4407 ὁ
3246 4352 3323 4427 μὴ
3358 4354 3521 4424 γνοὺς
3561 4352 3839 4427 ἁμαρτίαν

2251 4447 2419 4502 ἕνεκά
2446 4464 2539 4502 σου
2570 4449 2856 4520 ὑπήνεγκα
2878 4447 3211 4519 ὀνειδισμόν·
3250 4446 3546 4520 ἐπειδήπερ
3583 4448 3650 4501 σὺ
3679 4443 3841 4507 αὑτὸς

2251 4541 2281 4594 ὁ
2304 4539 2684 4612 φιλάνθρωπος
2706 4539 2840 4605 Θεὸς
2873 4540 3015 4613 ὑπὲρ
3051 4538 3147 4594 τοῦ
3173 4539 3282 4595 τῶν
3311 4539 3615 4614 ἀνθρώπων
3646 4542 3837 4613 γένους

2251 4633 2527 4708 ἁμαρτίαν
2558 4650 2625 4706 με
2655 4632 2939 4705 ἐποίησας.
2981 4635 3130 4698 ὃπως
3163 4635 3214 4687 οἱ
3245 4633 3595 4699 πιστεύοντες
3624 4637 3716 4699 είς
3737 4631 3835 4704 ἐμὲ

2246 4728 2511 4799 γένωνται
2528 4724 2867 4797 δικαιοσύνη.
2887 4725 3047 4781 Ἀλλά
3072 4727 3168 4781 καὶ
3190 4746 3208 4778 ι
3231 4726 3396 4782 ἕνεκά
3426 4744 3517 4781 σου
3550 4727 3833 4800 ὑπήνεγκα

2251 4817 2588 4890 ὀνειδισμὸν,
2620 4836 2640 4870 ι
2678 4816 2768 4871 διὰ
2794 4815 2895 4889 τὴν
2918 4817 3018 4888 σὴν
3065 4816 3261 4888 βουλὴν
3302 4815 3549 4882 κενώσας
3599 4814 3832 4890 ἐμαυτὸν

2248 4911 2346 4965 καὶ
2397 4911 2561 4985 μέχρι
2611 4909 2844 4965 θανάτου
2910 4907 3285 4975 ταπεινώσας,
3347 4911 3469 4965 καθ’
3528 4911 3589 4965 ὃν
3646 4908 3833 4981 καιρὸν

2245 5004 2297 5057 οἱ
2358 5000 2873 5075 παραπορευόμενοι
2930 4998 3317 5073 ἐϐλασφήμουν
3398 5001 3678 5067 κινοῦντες
3735 4998 3830 5063 τὰς

2247 5095 2491 5166 κεφαλὰς
2515 5094 2697 5150 αὐτῶν
2722 5093 2817 5149 καὶ
2841 5093 3094 5164 λέγοντες
3116 5110 3130 5125 ο
3178 5112 3197 5146 ι
3227 5093 3344 5149 υύἀ
3374 5097 3403 5150 ὁ
3435 5095 3720 5151 καταλύων
3742 5092 3830 5148 τὸν

2245 5190 2405 5252 ναὸν,
2454 5190 2550 5244 καὶ
2592 5190 2649 5242 ὲν
2700 5188 2881 5261 τρισὶν
2939 5187 3174 5261 ήμέραις
3244 5189 3580 5261 οἰκοδομῶν,
3660 5189 3826 5244 σῶσον

2249 5283 2494 5340 σεαυτόν.
2546 5283 2610 5337 Εἰ
2634 5281 2765 5348 Υἱὸς
2813 5277 2866 5336 εἴ
2932 5280 3027 5336 τοῦ
3070 5280 3238 5348 Θεοῦ,
3281 5281 3551 5354 κατάῦηθι
3590 5282 3700 5337 ἀπὸ
3736 5278 3827 5337 τοῦ

2246 5374 2501 5448 σταυροῦ.
2550 5375 2782 5448 ὀμοίως
2819 5374 2879 5429 δὲ
2917 5375 3013 5430 καὶ
3055 5376 3105 5429 οἱ
3154 5375 3431 5448 ἀρχιερεῖς
3474 5375 3826 5447 ἐμπαίζοντες

2248 5465 2390 5540 μετά
2441 5465 2552 5522 τῶν
2592 5466 2784 5540 ἱερέων
2819 5467 2917 5523 καὶ
2954 5466 3339 5539 Γραμματέων
3382 5467 3479 5522 καὶ
3521 5465 3826 5542 Φαρισαίων

2246 5560 2454 5630 ἔλεγον⁹
2481 5558 2708 5625 Ἄλλους
2752 5558 2980 5626 ἔσωσεν,
3026 5559 3219 5615 ἑαυτὸν
3261 5559 3323 5615 οὐ
3368 5559 3592 5615 δύναται
3632 5559 3821 5615 σῶσαι.

2246 5653 2311 5708 Et
2360 5652 2615 5725 βασιλεὺς
2652 5652 2871 5726 Ἰσραήλ
2913 5654 3066 5720 ἐστι,
3116 5651 3412 5708 καταϐάτω
3449 5652 3546 5708 νῦν
3583 5653 3695 5709 ἀπὸ
3733 5647 3823 5707 τοῦ

2249 5747 2508 5817 σταυροῦ,
2553 5745 2647 5801 καὶ
2689 5744 3056 5818 πιστεύσομεν
3101 5742 3271 5816 αὐτῷ.
3318 5743 3586 5800 Πέποιθεν
3615 5743 3709 5799 ἐπὶ
3735 5741 3820 5798 τὸν
