4086 6442
359 299 464 356 m
1485 299 1994 357 conusu'rama
2033 299 2102 354 IN
2138 299 2480 360 PSALMOS.
3512 271 3651 369 73s

355 417 518 470 Θεόν·
555 415 810 490 ῥυσάσθω
863 416 1048 480 αὐτὸν,
1098 417 1148 470 εἰ
1199 414 1344 470 θέλει
1393 417 1576 474 αὑτὸν.
1619 414 1756 472 Εῒπε
1805 419 1916 489 γὰρ

2042 418 2162 473 vult
2199 434 2348 476 eum.
2403 419 2551 475 Dixit
2597 419 2766 486 enim,
2799 420 2928 492 quia
2978 421 3152 480 Filius
3200 423 3296 480 Dei
3346 441 3466 481 sum
3509 428 3550 482 ⁸.
3596 449 3616 483 ι

353 508 438 562 ὅτι
476 506 610 562 Θεοῦ
637 507 765 572 Υἱός
806 509 942 579 εἰμι.
982 527 1001 560 ι
1042 508 1228 564 Ταῦτα
1270 509 1335 581 δὴ
1386 505 1481 562 οὖν
1527 509 1796 573 θεσπίζων
1841 512 1917 564 ἐπ¹

2038 509 2165 567 Haec
2214 528 2364 566 nunc
2421 513 2732 569 vaticinans
2783 513 2967 568 dicit:
3011 500 3344 583 (Quoniam
3396 527 3624 590 propter

350 598 446 652 τοῦ
501 599 784 670 παρόντος,
837 599 1032 672 φησιν·
1085 617 1106 652 ι
1134 601 1256 654 Ὅτι
1302 601 1467 656 ἐνεκά
1513 617 1605 654 σου
1649 601 1917 673 ὑπήνεγκα

2035 610 2090 658 te
2145 604 2386 658 sustinui
2426 605 2805 676 opprobrium,
2835 609 3053 676 operuit
3105 609 3360 663 confusio
3423 610 3618 666 faciem

349 690 672 763 ὀνειδισμὸν,
711 690 980 761 ἐκάλυψεν
1018 691 1255 764 ἐντροπὴ
1295 691 1358 745 τὸ
1398 693 1687 765 πρόσωπόν
1757 710 1917 764 μου.ι

2033 709 2232 749 meam.
2262 714 2280 748 ι
2311 694 2431 750 Νοη
2457 697 2601 751 enim
2637 697 2708 752 ob
2741 707 2962 768 peccata
2997 708 3050 753 et
3095 699 3344 770 improba
3374 699 3621 757 facinora

349 785 429 837 Οὑ
473 784 580 858 γάρ
629 785 696 838 δι’
747 783 1022 856 ἁμαρτίας
1068 784 1228 856 ἐμάς,
1278 784 1400 838 οὑδὲ
1444 783 1534 838 διὰ
1579 785 1932 856 παρανόμους

255 935 258 939 _
347 877 613 948 πράξεις,
646 876 796 940 ἀλλ’,
837 895 855 928 ι
891 876 1056 930 ἐνεκά
1089 893 1182 930 σου
1220 895 1240 928 ι
1293 877 1388 930 καὶ
1425 876 1516 930 τὸν
1565 875 1930 948 προλεχθέντα

354 989 374 1021 ι
415 968 716 1040 ὀνειδισμὸν
749 969 1042 1044 ὑπέμεινα,
1067 967 1250 1023 καὶτὸ
1276 967 1566 1039 πρόσωπόν
1601 985 1702 1039 μου
1736 967 1932 1028 ἐκάλυ-

345 1059 449 1130 ψεν
488 1060 720 1132 ἐντροπή
744 1076 756 1090 ’
784 1078 802 1112 ι
841 1059 900 1129 ἢ,
932 1057 1072 1112 κατά
1116 1058 1207 1112 τὸν
1242 1057 1554 1130 Σύμμαχον,
1590 1077 1608 1112 ι
1633 1057 1929 1127 Ἐκάλυψεν

346 1153 724 1224 ἀτχημόνησις
747 1151 806 1206 τὸ
841 1152 1129 1223 πρόσωπον
1153 1150 1338 1206 αὑτοῦ.
1371 1171 1390 1203 ι
1425 1151 1532 1206 Καὶ
1546 1150 1719 1204 ταῦτα
1747 1151 1928 1205 πάντα

347 1244 635 1315 ὑπέμεινα,
673 1245 856 1316 φησὶν,
882 1243 1048 1296 ένεκά
1074 1260 1189 1307 σου,
1224 1243 1503 1298 τουτέστιν
1526 1244 1688 1298 ἕνεκα
1702 1243 1796 1297 τοῦ
1831 1243 1925 1298 σοῦ

346 1334 671 1407 θελήματος.
721 1334 878 1390 Ἀλλά
919 1335 1014 1388 καὶ
1059 1352 1077 1385 ι
1108 1332 1620 1406 ἀπηλλοτριωμένος
1662 1333 1926 1407 ἐγενήθην

340 1429 458 1494 τοῖς
477 1427 722 1497 ἀδελφοῖς
762 1444 862 1499 μου
882 1467 896 1494 ,
929 1428 1024 1481 καὶ
1075 1425 1224 1494 ξένος
1258 1429 1370 1490 τοῖς
1401 1427 1534 1490 υἱοῖς
1577 1423 1678 1496 τῆς
1721 1425 1925 1496 μητρός

345 1537 472 1590 μου.
506 1537 524 1570 ι
563 1519 667 1572 Δύο
697 1518 755 1574 δέ
779 1518 1034 1588 τάγματα
1054 1518 1112 1571 ἐν
1137 1515 1346 1581 τούτοις
1367 1515 1713 1589 παρίστησιν⁸
1746 1513 1804 1570 ἐν
1826 1515 1924 1586 μὲν

341 1609 406 1664 τὸ
427 1608 536 1663 τῶν
567 1607 780 1680 ἀληθῶς
812 1606 1051 1676 ἀδελφῶν
1079 1604 1242 1659 αὑτοῦ
1265 1645 1278 1670 ,
1308 1600 1389 1669 οἷς
1428 1605 1658 1676 ἐγενήθη
1691 1603 1925 1675 ἀπηλλο-

340 1699 662 1771 τριωμένος·
697 1698 882 1771 ἕτερον
915 1697 970 1750 δὲ
991 1697 1052 1750 τὸ
1079 1696 1188 1749 τῶν
1213 1696 1344 1748 υἱῶν
1364 1695 1465 1766 τῆς
1497 1694 1702 1766 μητρὸς
1731 1693 1919 1758 αὑτοῦ,

2033 801 2191 851 mea;
2225 785 2321 841 sed
2354 805 2372 838 ι
2410 797 2634 858 propter
2663 795 2715 842 te
2766 807 2785 841 ι
2821 789 3141 860 prmdictum
3193 809 3211 841 ι
3250 791 3617 861 Opprobrium

2030 876 2292 940 sustinui,
2313 887 2366 932 et
2403 879 2622 947 operuit
2651 879 2904 935 confusio
2931 881 3128 937 faciem
3159 898 3335 939 meam
3367 901 3382 951 ;
3417 903 3436 936 ι
3477 887 3615 950 sive,

2030 968 2332 1022 secundum
2386 968 2771 1041 Symmachum
2808 991 2821 1026 :
2858 991 2880 1025 ι
2917 973 3144 1044 Operuit
3185 975 3486 1047 ignominia
3530 976 3620 1031 fa-

2030 1059 2169 1114 ciem
2197 1061 2340 1131 ejus.
2377 1081 2396 1114 ›
2435 1061 2500 1116 Ει
2527 1062 2640 1120 ιιωο
2667 1064 2874 1133 omnia,
2904 1065 3080 1136 inquit
3107 1107 3122 1129 ,
3155 1078 3380 1139 propter
3410 1081 3462 1124 te
3490 1085 3618 1140 pas-

2029 1163 2125 1205 sus
2163 1166 2309 1218 sum,
2339 1152 2393 1207 id
2444 1161 2550 1222 est,
2595 1165 2817 1226 propter
2867 1157 3202 1214 voluntatem
3241 1171 3411 1214 tuam.
3467 1162 3614 1229 Quin

2027 1244 2188 1298 etiam
2235 1264 2255 1298 ι
2311 1257 2606 1304 extraneus
2659 1247 2837 1305 factus
2885 1265 3004 1304 sum
3058 1249 3324 1309 fratribus
3359 1256 3519 1318 meis,
3561 1265 3616 1313 et

2027 1331 2349 1402 peregrinus
2395 1333 2522 1388 ﬁliis
2560 1335 2753 1392 matris
2804 1353 2957 1392 mere.
3004 1357 3024 1390 ι
3061 1338 3209 1395 Duos
3261 1342 3351 1398 hic
3393 1343 3617 1402 ordines

2027 1420 2340 1490 signiﬁcat;
2387 1423 2618 1479 alterum
2673 1440 2862 1480 eorum
2918 1428 3012 1498 qui
3067 1445 3195 1486 vere
3257 1432 3459 1490 fratres
3495 1436 3615 1504 ejus

2024 1519 2201 1576 erant,
2237 1513 2439 1584 quibus
2461 1523 2758 1582 extraneus
2791 1516 2971 1574 factus
2997 1529 3116 1587 est;
3150 1523 3381 1578 alterum
3416 1540 3610 1580 eorum

2025 1602 2117 1671 qui
2149 1600 2245 1654 ﬁlii
2299 1603 2490 1658 matris
2543 1604 2665 1674 ejus
2695 1615 2874 1674 erant,
2907 1607 3000 1663 sed
3049 1625 3158 1664 non
3216 1610 3418 1668 fratres
3466 1613 3610 1683 ejus,

2024 1695 2224 1765 quibus
2251 1697 2572 1768 peregrinus
2604 1698 2830 1756 eﬁ‘eetus
2859 1710 2963 1757 est.
3017 1702 3083 1758 Et
3128 1712 3313 1762 tamen
3366 1711 3611 1778 oportuit

340 1793 403 1845 οὑ
440 1791 544 1864 μὴν
575 1791 816 1864 ἀδελφῶν
861 1790 1026 1844 αὑτοῦ
1047 1829 1061 1854 ,
1093 1785 1175 1854 οἷς
1202 1789 1432 1860 ἐγενήθη
1458 1787 1624 1855 ξένος.
1673 1788 1783 1842 Καὶ
1819 1789 1917 1860 μὴν

2031 1784 2171 1840 ﬁlios
2208 1787 2402 1842 matris
2428 1787 2571 1856 ejus,
2603 1804 2728 1843 cum
2767 1789 2966 1849 fratres
2998 1793 3122 1865 ejus
3148 1805 3356 1859 essent,
3381 1798 3612 1868 perinde

340 1885 510 1957 ἐχρῆν
544 1885 693 1950 υἱοὺς
726 1884 930 1956 μητρὸς
963 1882 1148 1947 αὑτοῦ,
1181 1882 1340 1946 ὄντας
1382 1881 1664 1950 ἀδελφοὺς,
1702 1883 1796 1935 καὶ
1831 1883 1928 1934 αὑ-

338 1979 468 2041 τοὺς
503 1976 702 2048 ὁμοίως
741 1980 855 2040 τοῖς
897 1975 1180 2048 προτέροις
1214 1973 1591 2046 χρηματίζειν.
1653 1973 1790 2026 Ἀλλ’
1826 1975 1926 2027 οὑκ

339 2069 588 2141 ὠνόμασε
613 2070 739 2132 τοὺς
768 2068 914 2131 υἱοὺς
934 2068 1033 2139 τῆς
1075 2066 1279 2138 μητρὸς
1303 2065 1582 2135 ἀδελφοὺς,
1611 2064 1685 2128 ὡς
1706 2063 1926 2136 ἑτέρους

339 2161 499 2228 ὸντας
521 2160 720 2232 δηλαδὴ
745 2159 896 2232 παρὰ
922 2159 982 2213 τὸ
1006 2159 1218 2230 πρῶτον
1251 2157 1437 2228 τάγμα
1465 2157 1574 2211 τῶν
1602 2156 1926 2228 ὀνομασθέν-

337 2252 717 2322 τωνάδελφῶν
750 2251 941 2305 αὑτοῦ.
982 2250 1058 2322 (1)
1091 2251 1186 2314 Εἱς
1211 2245 1304 2304 οὖν
1333 2249 1594 2319 ἀδελφοὺς
1626 2248 1723 2319 μὲν
1759 2246 1922 2301 αὑτοῦ

338 2345 687 2414 γιγεγονέναι
713 2345 839 2408 τοὺς
864 2343 1027 2397 αὑτοῦ
1057 2342 1324 2414 μαθητὰς,
1355 2335 1564 2413 περὶῶν
1582 2342 1676 2395 καὶ
1690 2342 1746 2394 ἐν
1761 2341 1924 2413 ἑτέρᾳ.

339 2436 522 2508 φησιν’
555 2454 572 2486 ι
614 2432 932 2503 Ἀπαγγελῶ
945 2432 1007 2486 τὸ
1029 2433 1202 2504 ὸνομά
1225 2449 1319 2486 σου
1355 2435 1466 2496 τοῖς
1505 2431 1752 2500 ἀδελφοῖς
1781 2447 1882 2502 μου
1905 2471 1919 2495 ,

338 2530 434 2583 καὶ
451 2531 510 2582 ἐν
538 2528 688 2600 μέσῳ
717 2516 1043 2599 Ἑκκλησῖας
1061 2527 1291 2596 ὑμνήσω
1307 2542 1388 2578 σε.
1415 2545 1433 2576 ι
1453 2525 1565 2578 Καὶ
1584 2526 1642 2579 ἐν
1656 2523 1735 2596 τῷ
1752 2525 1923 2593 Εὑαγ-

337 2620 501 2690 γελίῳ
522 2623 587 2691 τῇ
613 2618 802 2690 Μαρίᾳ
840 2618 1028 2688 φανεὶς
1060 2617 1197 2689 μετὰ
1227 2619 1326 2690 τὴν
1360 2618 1424 2672 ἐκ
1457 2616 1666 2688 νεκρῶν
1688 2616 1922 2670 ἀνάστα-

337 2728 422 2765 σιν
448 2711 625 2780 ἐλεγε-
651 2730 669 2762 ι
695 2709 932 2780 Πορεύου
967 2708 1100 2782 πρὸς
1131 2709 1258 2772 τοὺς
1288 2707 1552 2777 ἀδελφούς
1585 2725 1707 2778 μου,
1731 2708 1825 2762 καὶ
1839 2703 1919 2760 εἷ-

337 2819 437 2859 πον
463 2804 664 2866 αὑτοῖς·
699 2801 1000 2856 Ἀναϐαίνω
1028 2801 1165 2873 πρὸς
1187 2800 1279 2854 τὸν
1307 2800 1526 2872 Πατέρα
1559 2816 1659 2870 μου
1689 2801 1782 2853 καὶ
1803 2800 1918 2853 Πα-

335 2896 469 2968 τέρα
503 2897 532 2949 ὑ
541 2895 676 2968 μῶν,
699 2897 794 2950 καὶ
818 2894 949 2948 Θεόν
969 2911 1070 2965 μου
1095 2893 1188 2948 καὶ
1203 2892 1337 2945 Θεὸν
1354 2893 1529 2964 ὑμῶν.
1543 2912 1562 2944 ι
1583 2892 1808 2955 Τούτοις
1827 2887 1918 2946 οὖν

333 2993 444 3052 τοῖς
477 2988 722 3058 ἀδελφοῖς
755 2986 918 3042 αὑτοῦ
955 2986 1461 3058 ἀπηλλοτριωμένος
1496 2983 1728 3056 ἐγενήθη
1776 2984 1918 3038 κατὰ

334 3081 526 3154 καιρὸν
546 3080 640 3134 τοῦ
667 3080 996 3153 δηλουμένου
1021 3079 1245 3143 πάθους,
1271 3079 1358 3132 ὅτε
1385 3079 1584 3142 πάντες
1601 3079 1650 3130 οἱ
1679 3077 1916 3149 μαθηταὶ
1943 3119 1984 3176 C

332 3173 499 3226 αὑτοῦ
528 3174 756 3242 ἀφέντες
782 3172 944 3227 αὑτὸν
987 3172 1216 3242 ἔφευγον
1240 3211 1255 3235 ,
1284 3170 1446 3232 αὑτός
1470 3186 1528 3222 τε
1555 3171 1583 3223 ό
1616 3173 1911 3242 κορυφαῖος

331 3266 442 3320 τῶν
463 3267 773 3321 ἀποστόλων
802 3266 1006 3338 Πέτρος
1031 3267 1306 3338 ἠρνήσατο
1337 3262 1499 3317 αὑτὸν
1540 3264 1741 3336 τρίτον.
1781 3263 1917 3318 Τού-

331 3377 445 3424 τοις
465 3360 613 3427 ξένος
641 3360 732 3414 καὶ
754 3358 1264 3431 ἀπηλλοτριωμένος
1280 3356 1535 3429 ἐγενήθηο
1563 3359 1678 3420 τοῖς
1699 3356 1758 3409 δέ
1781 3359 1914 3421 υἱοῖς

329 3449 433 3519 τῆς
463 3447 667 3520 μητρὸς
695 3448 880 3512 αὑτοὸ,
913 3449 974 3502 οὑ
1010 3447 1117 3518 μὴν
1140 3448 1236 3501 καλ⁸
1267 3447 1514 3517 ἀδελφοῖς
1542 3443 1690 3501 οὖσιν
1727 3446 1911 3510 αὑτοῦ,

333 3539 481 3608 ξένος
509 3542 718 3610 γέγονε.
777 3540 1066 3611 Μέμνηται
1113 3540 1171 3594 δέ
1206 3540 1267 3594 τὸ
1295 3540 1626 3611 Εὑαγγέλιον
1669 3539 1913 3610 ἀδελφεῶν

331 3631 496 3687 αὑτοῦ
524 3633 620 3704 καὶ
652 3632 876 3706 μητρὸς,
895 3633 1005 3697 ὅτε,
1029 3631 1198 3686 ἐλθὼν
1224 3635 1303 3697 εἱς
1333 3633 1434 3702 τὴν
1463 3632 1698 3703 πατρίδα
1724 3629 1909 3698 αὑτοῦ,

331 3724 608 3778 ἐδίδασκεν
643 3726 700 3779 ἐν
732 3728 798 3796 τῇ
835 3727 1147 3796 συναγωγῇ,
1179 3725 1254 3789 ὡς
1285 3725 1688 3797 ἐκπλήσσεσθαι
1715 3725 1912 3789 αὐτοὺς

331 3817 429 3872 καὶ
454 3816 652 3885 λέγειν’
693 3835 711 3869 ι
743 3817 913 3870 Πόθεν
945 3817 1122 3890 τούτῳ
1156 3819 1190 3889 ἡ
1224 3817 1383 3887 σοφία
1422 3816 1592 3888 α’ύτη;
1623 3818 1734 3888 Οὑχ
1759 3812 1910 3880 οὗτός

332 3907 479 3960 ἐστιν
500 3907 529 3958 ὁ
547 3903 641 3959 τοῦ
671 3905 918 3969 τέκτονος
942 3905 1086 3972 υἱός;
1118 3907 1231 3977 οὐχ
1255 3908 1289 3978 ή
1331 3907 1516 3978 μήτηρ
1544 3905 1708 3959 αὑτοῦ
1743 3905 1836 3959 καὶ
1860 3907 1909 3958 οἱ

330 3997 548 4069 ἀδελφοὶ
580 3997 744 4052 αὑτοῦ
775 3998 868 4051 καὶ
886 4000 942 4053 αἱ
973 3998 1196 4069 ἀδελφαὶ
1209 3996 1374 4052 αὑτοῦ
1403 4000 1572 4051 πᾶσαι
1603 3998 1739 4069 πρὸς
1763 3999 1909 4069 ἡμᾶς

330 4091 465 4156 sict;
493 4091 662 4144 Πόθεν
699 4090 874 4163 τούτῳ
885 4091 1056 4146 ταῦτα
1121 4093 1334 4155 πάντας
1362 4109 1382 4143 ι
1403 4089 1528 4144 Ἐὰν
1552 4088 1651 4160 μὲν
1674 4084 1766 4141 οὖν
1787 4089 1910 4151 τοὺς

330 4183 391 4236 ἐν
427 4182 505 4253 τῷ
548 4183 686 4254 μετά
720 4186 908 4256 χεῖρας
958 4183 1281 4254 λεγομένους
1324 4182 1474 4245 υἱοὺς
1511 4180 1714 4253 μητρὸς
1744 4179 1908 4234 αὑτοῦ

290 4285 296 4289 ’
329 4272 550 4338 τούτους
585 4271 723 4328 εἶναι
762 4273 1108 4345 ἐκλάσοιμεν,
1141 4273 1356 4345 ἀνάγκη
1379 4274 1478 4344 τὴν
1505 4271 1664 4340 ἁγίαν
1695 4269 1908 4341 Παρθέ-

330 4383 418 4420 νον
450 4368 664 4440 μητέρα
684 4369 847 4437 φάναι
883 4366 1163 4436 γεγονέναι
1187 4365 1296 4419 τῶν
1322 4364 1526 4418 λοιπῶν
1548 4361 1790 4432 ἀδελφῶν
1807 4362 1907 4414 αὑ-

2027 1885 2190 1946 atque
2237 1877 2452 1952 priores
2505 1882 2813 1951 nuncupari
2873 1881 3095 1940 fratres.
3125 1884 3196 1938 At
3247 1885 3390 1941 ﬁlios
3420 1889 3614 1944 matris

2026 1968 2223 2024 fratres
2249 1983 2359 2023 non
2382 1970 2619 2034 vocavit,
2652 1981 2841 2042 utpote
2874 1974 3012 2030 alios
3035 1985 3090 2030 et
3111 1975 3360 2032 diversos
3396 1993 3425 2032 a
3460 1982 3611 2050 prio-

2027 2077 2086 2116 re
2111 2061 2305 2117 ordine
2349 2078 2540 2117 eorum
2574 2064 2668 2134 qui
2714 2065 2915 2122 fratres
2944 2068 3124 2122 vocati
3176 2077 3326 2124 sunt.
3385 2069 3610 2128 Fratres

2024 2169 2157 2226 ergo
2187 2155 2330 2223 ejus,
2362 2155 2619 2228 discipuli
2657 2158 3028 2227 existimandi,
3055 2160 3122 2216 de
3143 2162 3340 2232 quibus
3368 2164 3496 2218 alibi
3525 2165 3611 2219 di-

2023 2247 2098 2302 cit
2133 2267 2145 2303 :
2183 2267 2201 2301 ι
2235 2247 2482 2304 Narrabo
2515 2265 2714 2306 nomen
2749 2261 2903 2307 tuum
2957 2253 3224 2311 fratribus
3281 2257 3438 2320 meis,
3469 2265 3522 2312 et
3551 2259 3606 2314 in

2023 2341 2202 2396 medio
2218 2341 2485 2401 Ecclesia
2509 2343 2742 2402 laudabo
2767 2351 2818 2399 te
2842 2346 2885 2402 ’.
2927 2364 2947 2398 ι
2983 2345 3049 2399 Ει
3080 2347 3132 2400 in
3163 2345 3456 2418 Evangelio
3483 2359 3606 2419 post

2022 2435 2481 2489 resurrectionem
2525 2451 2592 2490 ex
2637 2437 2893 2502 mortuis,
2933 2453 3058 2492 cum
3100 2437 3284 2494 Maria:
3318 2441 3470 2496 visus
3497 2450 3602 2505 est,

2021 2523 2236 2580 dicebat
2281 2543 2295 2580 :
2343 2543 2362 2577 ι
2397 2524 2548 2582 Vade
2589 2527 2657 2599 ad
2709 2525 2908 2584 fratres
2963 2544 3135 2594 meos,
3193 2537 3248 2584 et
3305 2530 3396 2586 die
3445 2531 3600 2587 illis:

2020 2617 2272 2672 Ascendo
2293 2617 2360 2672 ad
2382 2616 2600 2674 Patrem
2622 2635 2800 2674 meum
2831 2631 2883 2675 et
2909 2619 3122 2675 Patrem
3141 2630 3408 2688 vestrum,
3433 2621 3600 2678 Deum

2019 2725 2201 2765 meum
2235 2721 2290 2766 et
2322 2710 2492 2766 Deum
2523 2720 2767 2767 vestrum
2795 2714 2859 2766 ιο.
2899 2733 2918 2766 ι
2955 2712 3051 2769 His
3092 2715 3276 2785 itaque
3338 2716 3601 2772 fratribus

2020 2803 2136 2858 suis
2152 2811 2450 2858 extraneus
2481 2803 2661 2859 factus
2691 2813 2776 2860 est
2809 2811 3054 2876 tempore
3077 2808 3352 2876 praedicta:
3386 2809 3602 2879 passio-

2019 2894 2124 2956 nis,
2160 2895 2382 2965 quando
2421 2911 2613 2952 omnes
2655 2895 2915 2967 discipuli
2939 2898 3060 2966 ejus
3095 2899 3287 2954 relicto
3324 2915 3390 2955 eo
3426 2900 3601 2970 fugie-

2018 2985 2168 3048 bant,
2201 2986 2425 3057 ipseque
2479 2988 2789 3058 przecipuus
2847 2991 3224 3060 apostolorum
3281 2990 3477 3047 Petrus
3517 3001 3600 3046 ter

2020 3080 2236 3148 negavit
2262 3093 2410 3134 eum.
2443 3077 2540 3135 His
2591 3081 2915 3151 peregrinus
2963 3090 3018 3136 et
3045 3091 3342 3138 extraneus
3371 3084 3596 3138 effectus

2017 3175 2120 3224 est.
2161 3169 2316 3226 Filiis
2369 3172 2497 3225 item
2558 3172 2752 3226 matris
2783 3188 2918 3238 suae,
2947 3174 3040 3243 qui
3091 3174 3288 3230 fratres
3345 3176 3429 3230 sui
3483 3191 3594 3232 non

2015 3265 2194 3326 erant,
2227 3261 2544 3332 peregrinus
2593 3260 2714 3316 fuit.
2768 3261 3013 3316 Meminit
3043 3277 3206 3333 porro
3240 3261 3590 3334 Evangelium

2017 3349 2248 3404 fratrum
2301 3357 2355 3404 et
2401 3350 2594 3405 matris
2629 3351 2770 3420 ejus,
2801 3352 2893 3406 ubi
2946 3367 3069 3406 cum
3106 3353 3350 3407 venisset
3397 3354 3451 3407 in
3498 3370 3596 3423 pa-

2013 3441 2172 3494 triam
2205 3455 2383 3505 suam,
2417 3440 2652 3495 docebat
2697 3441 2751 3495 in
2812 3456 3107 3513 synagoga,
3141 3443 3211 3496 ita
3251 3452 3309 3497 ut
3341 3444 3442 3514 ipsi
3477 3453 3595 3500 stu.

2012 3539 2202 3601 perent
2236 3547 2299 3584 ac
2326 3531 2618 3587 dicerent:
2667 3551 2686 3584 ι
2725 3530 2880 3587 Unde
2935 3533 3063 3586 huic
3111 3535 3380 3604 sapientia
3429 3536 3598 3591 lucc?

2010 3620 2204 3676 Nonne
2232 3621 2320 3675 hic
2343 3631 2429 3676 est
2455 3621 2593 3676 fabri
2629 3622 2808 3679 ﬁlius?
2837 3621 3030 3678 Nonne
3058 3632 3232 3679 mater
3254 3623 3372 3694 ejus
3401 3638 3452 3681 et
3485 3627 3595 3680 ira.

2012 3719 2125 3767 tres
2149 3711 2289 3782 ejus,
2326 3719 2380 3766 et
2407 3727 2628 3768 sorores
2680 3714 2801 3782 ejus
2843 3727 3036 3768 omnes
3078 3713 3222 3784 apud
3271 3731 3373 3770 nos
3423 3715 3596 3772 sunt?

2012 3808 2169 3864 Unde
2205 3808 2335 3862 huic
2385 3809 2501 3864 hmc
2538 3810 2721 3864 omnia
2755 3809 2835 3863 “‘2
2871 3830 2889 3862 ι
2919 3809 2976 3864 Si
3005 3811 3173 3880 igitur
3222 3811 3366 3868 filios
3399 3813 3591 3868 matris

2008 3900 2130 3971 ejus
2162 3900 2219 3956 in
2263 3902 2366 3957 hoc
2422 3903 2632 3972 psalmo
2663 3903 2744 3957 sic
2776 3910 3027 3966 vocatos,
3063 3917 3162 3973 pro
3196 3903 3318 3960 istis
3351 3904 3588 3974 accipia-

2009 4009 2155 4061 mus,
2192 4010 2417 4050 necesse
2446 4002 2530 4050 est
2575 4009 2676 4051 nos
2725 4002 2970 4050 sanctam
3009 3995 3304 4065 Virginem,
3345 3997 3589 4066 reliquo-

2007 4099 2130 4140 rum
2172 4087 2405 4140 fratrum
2449 4086 2567 4156 ejus
2601 4095 2830 4140 matrem
2879 4087 3082 4141 dicere.
3117 4085 3317 4148 Verum
3346 4086 3587 4145 Jacobus

2009 4180 2100 4250 qui
2145 4179 2345 4234 dicitur
2405 4178 2573 4232 frater
2604 4177 2841 4240 Domini,
2871 4193 2979 4232 non
3014 4179 3231 4233 videtur
3264 4181 3588 4250 peregrinus

2007 4272 2108 4342 ipsi
2140 4271 2331 4337 fuisse,
2364 4286 2467 4325 nec
2497 4270 2622 4327 ﬁdei
2650 4269 2704 4324 iu
2745 4271 2923 4340 ipsum
2955 4279 3286 4337 extraneus;
3310 4271 3421 4324 imo
3455 4287 3587 4325 vero

2007 4377 2150 4416 unus
2183 4376 2248 4415 ex
2299 4361 2368 4414 iis
2426 4359 2520 4430 qui
2553 4374 2678 4412 cum
2737 4358 2926 4428 primis
2975 4358 3120 4413 inter
3145 4375 3436 4430 germanos
3463 4360 3587 4430 ejus

328 4457 442 4512 τοῦ.
490 4457 627 4512 Ἀλλ’
653 4460 996 4529 ἐπιφαίνεται
1034 4457 1286 4521 Ἰάκωϐος
1320 4457 1348 4509 ό
1371 4453 1713 4527 χρηματίσας
1736 4453 1898 4506 αὑτοῦ

2016 4453 2304 4521 liscipulos
2335 4457 2530 4513 erant;
2565 4449 2640 4503 ita
2666 4456 2722 4503 ut
2758 4449 2875 4518 ipse
2897 4449 3107 4518 primus
3137 4448 3586 4522 Hierosolymita-

328 4547 554 4620 ἀδελφὸς
579 4551 678 4603 οὑκ
701 4549 1112 4620 ἀπεξενωμένος
1128 4547 1293 4600 αὑτοῦ
1315 4545 1574 4615 γεγονὼς,
1601 4543 1721 4596 οὑδέ
1749 4543 1903 4597 ἀλλό-

327 4658 477 4713 τριος
506 4642 608 4713 τῆς
635 4644 714 4707 εἱς
742 4642 903 4697 αὑτὸν
930 4642 1186 4704 πίστεως,
1213 4634 1294 4702 εἷς
1321 4639 1378 4692 δέ
1402 4637 1511 4692 τῶν
1544 4636 1750 4708 σφόδρα
1767 4653 1900 4707 γνη-

329 4734 458 4787 σίων
495 4734 660 4788 αὑτοῦ
693 4734 968 4807 μαθητῶν·
1003 4734 1078 4797 ὡς
1106 4732 1310 4788 καὶτὸν
1341 4731 1528 4802 θρόνον
1545 4727 1903 4793 ἀναδέξασθαι

328 4825 544 4896 πρῶτον
567 4827 666 4898 τῆς
690 4829 748 4880 ἐν
781 4827 1171 4898 Ἰεροσολύμοις
1208 4823 1555 4894 Ἐκκλησίας.
1589 4821 1700 4875 Καὶ
1719 4823 1769 4874 οἱ
1801 4819 1905 4873 λοι-

327 4921 418 4974 ποὶ
443 4919 499 4974 δέ
527 4920 690 4974 αὑτοῦ
723 4921 970 4992 ἀδελφοὶ,
1008 4923 1057 4974 εἱ
1088 4921 1185 4974 καὶ
1214 4917 1286 4975 τᾶ
1312 4917 1544 4990 μάλιστα
1576 4915 1694 4970 κατ’
1727 4913 1901 4986 ἀρχὰς

326 5012 426 5067 οὑκ
453 5013 732 5066 ἐπίστευον
764 5015 843 5078 εἱς
875 5014 1058 5078 αὑτὸν,
1085 5011 1222 5067 ἀλλά
1253 5009 1390 5083 μετά
1419 5009 1593 5063 ταῦτα
1623 5006 1772 5078 δῆλοί
1793 5009 1900 5060 εἱσι

327 5104 733 5168 πιστεύσαντες.
769 5105 992 5176 Ἱστορεῖ
1014 5105 1056 5158 δ’
1087 5099 1180 5158 οὗν
1210 5103 1273 5156 τὸ
1307 5100 1655 5170 Εὑαγγέλιον,
1689 5099 1764 5162 ὠς
1793 5099 1899 5170 ἄρα

323 5196 358 5268 ἠ
392 5199 571 5270 μήτηρ
597 5196 762 5252 αὑτοῦ
791 5197 886 5251 καὶ
905 5199 954 5251 οἱ
983 5197 1200 5267 ἀδελφοὶ
1225 5194 1389 5250 αὑτοῦ
1423 5193 1766 5264 εἱστήκεισαν
1796 5189 1900 5256 ἔξω

326 5287 614 5360 ζητοῦντες
639 5287 867 5360 λαλῆσαι
888 5287 1057 5360 αὑτῷ.
1083 5287 1194 5342 Καὶ
1219 5289 1276 5340 ἐν
1302 5288 1423 5348 ταῖς
1450 5283 1688 5354 Πράξεσι
1709 5281 1765 5334 δὲ
1787 5279 1894 5334 τῶν

325 5379 635 5434 ἀποστόλων
656 5379 924 5443 λέλεκται,
958 5377 1032 5443 ὡς
1063 5378 1172 5451 ἄρα
1189 5372 1327 5448 ἦσαν
1353 5375 1402 5429 οἱ
1432 5374 1718 5428 ἀπόστολοι
1742 5372 1892 5442 κοινῇ

326 5469 523 5534 πάντες
551 5468 1082 5543 προσκαρτεροῦντες
1113 5471 1180 5539 τῇ
1215 5467 1486 5540 προσευχῇ
1531 5464 1626 5517 σὺν
1664 5460 1896 5533 Μαριὰμ

395 5585 418 5618 ⁸
457 5583 646 5638 Matth.
687 5597 862 5644 nm,
901 5583 1087 5638 40-43.
1163 5583 1185 5616 ⁹
1222 5579 1368 5635 Psal.
1412 5593 1528 5642 xxi,
1569 5577 1661 5631 23.
1741 5576 1782 5607 ¹⁰
1819 5572 1980 5631 Joan.

326 5653 416 5714 47.
497 5655 539 5688 ³³
580 5657 702 5710 Act.
744 5669 782 5718 ι,
828 5653 915 5710 14.

400 5747 476 5821 (1)
508 5747 710 5804 Textus
735 5746 976 5800 vitiatus.

2004 4560 2088 4598 me
2116 4542 2374 4597 Ecclesia:
2403 4541 2662 4595 thronum
2713 4539 3007 4609 acciperet.
3065 4537 3279 4609 Reliqui
3303 4540 3432 4600 item
3463 4541 3587 4612 ejus

2003 4635 2223 4698 fratres,
2255 4633 2358 4688 etsi
2394 4647 2424 4686 a
2449 4630 2721 4702 principio
2755 4645 2863 4684 non
2889 4631 3177 4686 crederent
3212 4633 3268 4690 in
3294 4633 3497 4702 ipsum,
3528 4641 3583 4688 at

2002 4737 2211 4784 certum
2262 4733 2346 4781 est
2395 4740 2490 4779 eos
2551 4735 2738 4794 postea
2794 4723 3112 4782 credidisse.
3170 4723 3368 4778 Narrat
3434 4725 3580 4780 enim

2003 4818 2350 4890 Evangelium
2383 4817 2446 4882 ⁸³,
2474 4826 2702 4870 matrem
2753 4823 2807 4869 et
2856 4815 3056 4874 fratres
3087 4815 3208 4886 ejus
3261 4815 3408 4879 foras
3464 4825 3580 4873 ste-

2005 4914 2141 4968 tisse
2167 4915 2476 4982 qutcrentes
2503 4923 2628 4963 eum
2660 4907 2884 4978 alloqui.
2920 4905 2988 4962 Et
3020 4909 3076 4964 in
3109 4908 3339 4982 Actibus
3365 4916 3582 4977 aposto-

2006 5004 2184 5059 lorum
2219 5001 2263 5034 “
2285 4999 2508 5064 dicitur,
2558 4997 2730 5054 fuisse
2758 5000 3037 5069 apostolos
3074 5013 3182 5054 una
3223 5011 3582 5068 perseveran-

2005 5103 2089 5151 tes
2119 5095 2175 5148 in
2203 5090 2453 5148 oratione
2473 5104 2599 5144 cum
2635 5089 2807 5146 Maria
2836 5097 3011 5148 matre
3034 5091 3156 5161 ejus
3200 5095 3255 5144 et
3313 5087 3575 5142 frairibus

2005 5187 2147 5258 ejus.
2199 5185 2302 5252 Qui
2355 5197 2485 5254 ergo
2521 5182 2868 5239 existimetur
2921 5184 2991 5240 iis
3041 5183 3363 5256 peregrinus
3414 5182 3578 5236 esse?

1999 5275 2194 5332 Nullus
2240 5277 2424 5344 itaque
2471 5271 2628 5327 locus
2677 5282 2926 5342 superest
2977 5281 3037 5330 ut
3069 5272 3138 5327 de
3188 5271 3257 5336 iis
3308 5270 3569 5325 dicatur:

2007 5387 2026 5420 ι
2063 5367 2367 5422 Extraneus
2393 5363 2571 5419 factus
2603 5377 2726 5418 sum.
2759 5362 3022 5420 fratribus
3046 5361 3204 5427 meis,
3235 5368 3290 5416 et
3326 5356 3572 5430 peregri-

2001 5477 2106 5516 nus
2139 5460 2264 5514 ﬁliis
2298 5456 2488 5512 matris
2530 5470 2685 5510 meae.
2721 5475 2740 5508 ι
2784 5455 2903 5512 Non
2947 5457 3094 5514 enim
3127 5456 3193 5510 iis
3230 5451 3572 5524 peregrinus.

2197 5574 2247 5628 7.
2337 5573 2375 5603 “
2420 5568 2607 5626 Matth.
2663 5586 2787 5637 xm,
2846 5569 3033 5627 διεδ.
3151 5569 3194 5600 ¹¹
3234 5562 3424 5621 Matth.
3467 5577 3569 5633 ut,
