4086 6442
568 284 672 348 739

1263 287 1535 346 EUSEBII
1571 283 2054 346 CIESARIENSIS
2091 291 2242 349 OPP.
2284 289 2464 350 PARS
2494 289 2577 352 lll.
2603 327 2674 338 --
2711 291 3125 353 EXEGETICA.
3801 287 3890 353 ιιι

567 404 666 462 sed
694 403 926 460 multum
956 404 1233 476 pretiosus
1257 413 1396 469 erat,
1423 405 1498 459 ita
1535 412 1593 459 ut
1617 407 1934 465 nullatenus
1963 409 2137 467 crede-

2255 418 2323 487 τῇ
2359 416 2526 487 μητρὶ
2553 414 2717 468 αὐτοῦ
2743 417 2836 470 καὶ
2858 418 2969 480 τοῖς
2998 414 3254 486 ἀδελφοῖς
3288 401 3517 468 αὐτοῦ.
3559 405 3692 474 Πῶς
3711 407 3800 466 οὖν
3820 413 3892 468 δύ.

563 509 627 552 re
658 497 820 552 liceat
841 507 1174 553 memoratos
1208 497 1409 553 fratres
1430 498 1552 568 ejus
1583 498 1726 555 filios
1749 499 1933 556 Maria:
1957 501 2150 562 fuisse.

564 589 672 644 Alii
709 600 845 645 sane
875 587 1081 644 fuerint
1108 591 1201 661 qui
1238 591 1293 644 in
1327 590 1540 662 psalmo
1575 591 1671 645 lilii
1709 594 1900 648 matris
1922 592 2042 664 ejus
2071 595 2156 650 di-

564 688 790 745 cuntur,
832 681 1146 751 quibusque
1185 690 1484 738 extraneas
1525 682 1706 737 factus
1736 689 1841 738 est.
1875 681 2155 755 lntelligas

564 786 732 842 porro
754 780 984 828 matrem
1015 772 1238 842 quidem
1267 774 1390 844 ejus
1421 791 1544 832 esse
1567 773 1884 830 Iudaeorum
1907 776 2154 848 Synagoo

563 881 687 936 gam
739 881 1067 936 omnemque
1121 868 1506 938 cognationem
1557 868 1859 924 secundum
1908 885 2152 935 carnem,

2255 523 2412 559 ναται
2438 506 2646 570 τούτοις
2673 504 2820 570 ξένος
2847 501 2982 559 εἴναι
3017 503 3357 577 νομίζεσθαι
3382 503 3607 569 facta
3640 502 3717 574 μὴ
3735 502 3892 578 χώραν

2256 594 2401 665 ἔχειν
2442 594 2571 667 περὶ
2612 594 2816 648 τούτων
2847 594 3100 664 λέγεσθαι
3132 595 3213 663 τὸ,
3250 615 3274 647 ι
3333 592 3894 665 ’ᾼπηλλοτριωμένος

2255 687 2519 758 ἐγενήθην
2552 690 2666 751 τοῖς
2690 686 2940 756 ἀδελφοῖς
2968 705 3068 758 μου
3094 727 3109 752 ,
3140 689 3233 742 καὶ
3268 687 3454 754 ξένος
3493 688 3626 749 τοῖς
3655 688 3790 750 υἱοῖς
3811 689 3894 760 τῆς

2259 780 2463 850 μητρός
2491 796 2612 850 μου.
2656 798 2675 831 ι
2699 780 2770 833 Ού
2804 779 2913 850 γὰρ
2939 776 3007 852 ἦν
3029 781 3234 835 τούτων
3255 780 3467 848 ξένος,
3486 777 3644 834 ἀλλὰ
3660 783 3754 832 καὶ
3778 782 3896 849 ἄγαν

2254 869 2454 940 τίμιος·
2485 869 2560 932 ὼς
2586 869 2779 940 μηκέτι
2800 870 2926 933 τοὺς
2951 870 3374 941 προλεχθέντας
3420 868 3615 922 αὑτοῦ
3654 869 3896 940 ἀδελφούς

2255 961 2406 1025 υἱοὺς
2449 957 2586 1015 εῖναι
2631 962 2729 1034 τῆς
2771 961 2988 1034 Μαρίας
3025 964 3308 1034 ἡγεῖσθαι,
3350 961 3567 1033 ἕτεροι
3613 960 3664 1013 δ’
3701 960 3768 1016 ἃν
3803 959 3895 1017 εἷεν

2255 1053 2407 1124 παρὰ
2433 1054 2657 1116 τούτους
2688 1053 2736 1106 οί
2776 1052 2865 1107 διὰ
2896 1053 2990 1107 τοῦ
3023 1049 3239 1125 ψαλμοῦ
3293 1053 3639 1124 λεγόμενοι
3673 1053 3777 1105 υἱοὶ
3810 1056 3896 1126 τῆς

2259 1138 2466 1208 μητρὸς
2489 1137 2676 1204 αὐτοῦ,
2709 1133 2792 1202 οἷς
2822 1138 2969 1203 ξένος
2985 1139 3240 1212 ἐγενήθη.
3267 1140 3558 1211 Νοήσεις
3595 1137 3657 1192 δὲ
3696 1141 3894 1213 μητέρι

2258 1229 2356 1300 μὲν
2385 1228 2484 1300 τὴν
2508 1228 2615 1282 τῶν
2639 1228 2908 1282 Ἰουδαίων
2929 1230 3258 1302 Συναγωγὴν
3273 1230 3390 1284 καὶ
3411 1231 3629 1283 πᾶσαν
3651 1230 3753 1301 τὴν
3772 1235 3897 1287 κατὰ

562 969 754 1010 eorum
803 955 1013 1010 scilicet
1056 956 1150 1026 qui
1195 972 1262 1011 et
1299 957 1726 1013 circumcisione
1765 965 1960 1026 erant;
2014 958 2154 1015 filios

562 1057 694 1104 vero
717 1047 1033 1119 hujusmodi
1059 1049 1276 1116 matris,
1309 1065 1405 1106 eos
1439 1051 1533 1121 qui
1563 1050 1742 1122 ipsum
1779 1051 2150 1120 abnegarunt,

562 1155 627 1195 ac
656 1140 918 1195 dixerunt
955 1159 968 1195 :
1009 1160 1027 1192 ι
1073 1140 1231 1196 Hunc
1257 1151 1441 1198 autem
1471 1143 1753 1198 nescimus
1776 1142 1921 1198 unde
1947 1142 2017 1198 sit
2051 1143 2147 1199 ιι.»

560 1227 707 1299 Ideo,
745 1245 870 1288 cum
907 1233 1059 1288 illum
1114 1233 1465 1306 peregrinum
1505 1235 1908 1297 existimarent,
1933 1235 2154 1291 dicebat

559 1323 685 1379 eis:
724 1341 742 1375 ι
782 1324 1184 1395 Curloquelam
1236 1342 1411 1382 meam
1453 1341 1564 1381 non
1593 1327 1816 1383 nostis?
1855 1328 1988 1398 quia
2041 1344 2152 1383 non

558 1416 794 1486 potestis
842 1417 1036 1473 audire
1066 1432 1378 1474 sermonem
1425 1434 1608 1474 meum
1637 1419 1703 1472 ’⁸.
1741 1440 1758 1472 ι
1794 1419 2150 1493 Peregrinum

557 1508 724 1562 etiam
762 1508 914 1562 illum
947 1510 1211 1580 putabant
1240 1525 1366 1564 cum
1398 1510 1645 1567 dicerent
1679 1531 1693 1568 :
1732 1532 1751 1564 ι
1788 1511 1982 1570 Nonne
2015 1514 2153 1570 bene

2257 1322 2436 1394 σάρκα
2469 1321 2784 1390 συγγένειαν
2819 1321 2928 1374 τῶν
2962 1323 3027 1376 ἐκ
3065 1322 3394 1395 περιτομῆς
3429 1339 3447 1352 ο
3491 1322 3663 1386 υἱοὺς
3705 1322 3762 1376 δὲ
3807 1325 3893 1396 τῆς

2252 1413 2508 1486 τοιαύτης
2541 1414 2744 1486 μητρὸς
2766 1415 2892 1479 τοὺς
2937 1415 3356 1488 ἀρνησαμένους
3381 1415 3602 1479 αὐτὸν,
3637 1416 3738 1468 καὶ
3757 1417 3893 1490 είρη-

2254 1506 2448 1570 κότας·
2488 1524 2508 1558 ι
2532 1505 2732 1560 Τοῦτον
2756 1505 2815 1559 δὲ
2853 1507 2954 1559 οὐκ
2997 1505 3216 1576 οἴδαμεν
3277 1504 3477 1559 πόθεν
3524 1504 3727 1557 ἐστίν’
3757 1525 3779 1557 ι
3810 1506 3889 1560 Διὸ

557 1597 794 1654 dicimus
822 1615 944 1663 nos,
968 1601 1098 1670 quia
1131 1599 1514 1658 Samaritanus
1542 1619 1602 1660 es
1640 1613 1720 1669 tu,
1739 1613 1793 1660 et
1822 1605 2137 1662 daemonium

2253 1600 2436 1671 ἔλεγεν
2471 1600 2686 1664 αὐτοῖς,
2722 1600 2909 1672 ἐπειδὴ
2939 1599 3087 1667 ξένον
3119 1597 3281 1653 αὑτὸν
3313 1596 3639 1670 ἐνόμιζον·
3684 1617 3705 1650 ι
3728 1599 3824 1652 Διά
3842 1599 3888 1652 τί

557 1691 730 1748 habes
762 1693 844 1745 ‘°?
885 1713 903 1745 ι
941 1693 1124 1760 Quare
1153 1694 1374 1750 dicebat
1407 1698 1489 1752 eis
1523 1716 1536 1753 :
1575 1715 1593 1749 ι
1635 1697 1750 1770 Ego
1775 1701 1898 1756 veni
1949 1701 2003 1755 in
2046 1717 2137 1757 no-

2251 1693 2350 1765 τὴν
2375 1693 2563 1747 λαλιὰν
2603 1692 2702 1765 τὴν
2743 1693 2884 1764 ἐμὴν
2922 1692 2982 1745 οὑ
3020 1691 3359 1761 γινώσκετε;
3419 1692 3520 1744 ὅτι
3563 1691 3633 1744 οὺ
3667 1689 3884 1745 δύνασθε

557 1784 708 1840 mine
738 1784 919 1839 Patris
953 1786 1081 1849 mei,
1113 1799 1166 1840 et
1197 1803 1302 1842 non
1340 1789 1594 1859 accipitis
1637 1805 1763 1858 me;
1793 1789 1841 1846 si
1879 1791 2021 1847 alius
2054 1808 2137 1848 ve-

2253 1787 2470 1842 ἀκούειν
2502 1787 2594 1841 τδν
2631 1787 2788 1856 λόγον
2813 1787 2906 1840 τὸν
2946 1786 3096 1858 ἐμόν.
3129 1803 3148 1838 ι
3184 1785 3347 1839 Ξένον
3387 1784 3460 1839 δὲ
3501 1785 3687 1838 αὑτὸν
3735 1785 3882 1838 πάλιν

555 1877 702 1932 nerit
734 1877 787 1930 in
825 1875 1049 1930 nomine
1077 1869 1324 1947 proprio,
1353 1879 1532 1948 ipsum
1570 1879 1856 1950 accipietis
1893 1882 1958 1934 ⁸⁷.
2003 1899 2020 1932 ι
2056 1879 2137 1937 Sit

2253 1879 2483 1952 ἡγοῦντο
2512 1879 2780 1948 λέγοντες⁵
2818 1897 2836 1930 ι
2861 1879 2936 1932 Οὐ
2969 1877 3150 1941 καλῶς
3173 1879 3338 1949 ἡμεῖς
3365 1876 3645 1946 λέγομεν
3679 1876 3763 1929 ὅτι
3788 1875 3882 1930 Σα-

553 1968 725 2040 igitur
762 1969 1093 2039 peregrinus
1125 1977 1181 2023 et
1209 1980 1506 2028 extraneus
1533 1971 1712 2028 factus
1744 1980 1829 2028 est
1876 1972 2005 2028 filiis
2035 1989 2137 2028 mai

2257 1973 2519 2045 μαρείτης
2535 1967 2585 2024 εἶ
2609 1972 2692 2032 σὺ,
2727 1971 2822 2025 καὶ
2841 1970 3115 2042 δαιμόνιον
3141 1970 3316 2041 ἔχεις;
3350 1988 3370 2022 ι
3405 1969 3518 2022 Διὸ
3555 1969 3724 2037 ἔλεγε
3755 1969 3880 2041 πρὸς

553 2063 658 2118 tris
685 2078 820 2118 suae.
850 2060 977 2118 Haec
1015 2078 1180 2133 porro
1219 2065 1405 2118 omnia
1444 2066 1710 2122 sustinuit
1752 2065 1823 2121 ob
1850 2081 1993 2132 eam,
2029 2082 2137 2138 qua

2253 2065 2468 2129 αὐτούς·
2495 2085 2514 2116 ι
2538 2062 2680 2134 Ἐγὼ
2703 2062 2933 2135 ἐλήλυθα
2953 2062 3099 2132 ἐντῷ
3115 2063 3342 2133 ὀνόματι
3364 2061 3480 2116 τοῦ
3503 2062 3743 2133 Πατρός
3764 2079 3877 2132 μου,

553 2168 680 2208 mox
709 2154 957 2221 aiIertur,
993 2170 1241 2221 causam,
1265 2173 1431 2228 quam
1459 2161 1776 2216 necessario
1815 2162 2012 2232 aperit,
2065 2162 2137 2216 di-

2255 2161 2348 2214 καὶ
2381 2161 2441 2212 οὐ
2475 2157 2781 2230 λαμϐάνετέ
2824 2171 2922 2226 με’
2948 2155 3043 2209 ἐὰν
3071 2155 3228 2220 ἄλλος
3253 2156 3384 2228 ἔ).οῃ
3433 2157 3504 2208 ἐν
3539 2153 3631 2226 τῷ
3661 2154 3875 2226 ὀνόματι

553 2259 686 2299 cens
713 2265 728 2300 :
1105 2245 1108 2248 ’
2253 2252 2332 2324 τῷ
2353 2252 2489 2322 ἰδίῳ,
2518 2253 2722 2304 ἐκεῖνον
2742 2246 2998 2318 λήψεσθε.
3022 2266 3038 2298 ι
3063 2246 3218 2300 Οῦτω
3242 2247 3434 2301 τοίνυν
3470 2245 3645 2311 ξένος
3677 2246 3776 2298 καὶ
3794 2243 3878 2298 ἀλ-

551 2332 762 2408 λότριος
789 2338 980 2408 γέγονε
1007 2343 1120 2404 τοῖς
1151 2343 1286 2406 υἱοῖς
1311 2341 1409 2414 τῆς
1434 2344 1641 2416 μητρὸς
1664 2345 1852 2400 αὐτοῦ.
1881 2347 2070 2403 Ταῦτα
2084 2349 2140 2403 δὲ
2178 2349 2357 2404 πάντα
2379 2346 2639 2418 ὑπέμεινε
2656 2342 2744 2398 διὰ
2770 2342 2868 2415 τὴν
2897 2340 3294 2411 ἐπιλεγομένην
3345 2340 3581 2403 αἰτίαν,
3630 2341 3701 2411 ἦν
3716 2340 3871 2406 ἀναγ-

551 2428 724 2492 καίως
747 2430 1045 2504 παρίστησι
1073 2433 1271 2502 λέγων’

2321 2570 2341 2603 ι
2383 2551 2505 2605 Ὀτι
2534 2551 2562 2605 ὀ
2603 2548 2763 2623 ζῆλος
2810 2548 2905 2604 τοῦ
2933 2550 3086 2604 οἴκου
3144 2569 3241 2605 σου
3274 2545 3586 2623 κατέφαγέ
3644 2567 3749 2623 με,
3778 2548 3865 2603 καὶ

549 2642 665 2698 edit
693 2657 801 2707 me,
853 2649 908 2698 et
950 2643 1248 2714 opprobria
1287 2643 1741 2714 exprobrantium
1784 2643 1887 2699 tibi
1933 2645 2137 2701 cecide-

2242 2644 2296 2697 ol
2352 2641 2646 2712 ὀνειδισμοὶ
2689 2640 2799 2695 τῶν
2867 2641 3231 2706 ὀνειδιζόντων
3300 2661 3359 2698 σε
3424 2646 3736 2699 ἐπέπεσαν
3784 2626 3862 2698 ἐπ’

549 2743 681 2790 runt
711 2751 876 2806 super
908 2751 1016 2790 me.
1063 2755 1082 2788 ι
1130 2735 1269 2802 Quia
1300 2735 1447 2791 enim
1499 2735 1671 2790 multa
1723 2752 1859 2791 usus
1918 2737 2137 2803 fiducia,

2245 2732 2366 2803 ἐμέ.
2413 2750 2433 2784 ›
2491 2731 2710 2803 Ἐπειδὴ
2757 2731 2898 2802 γὰρ,
2963 2732 3132 2804 πολλῇ
3190 2735 3489 2808 παρρησίᾳ
3553 2733 3856 2808 χρώμενος,

547 2844 645 2884 eos
674 2829 771 2900 qui
793 2830 1015 2884 domum
1048 2827 1230 2884 Patris
1259 2830 1367 2894 sui,
1404 2829 1630 2884 domum
1667 2829 2056 2902 negotiationis
2086 2840 2137 2886 et

2245 2825 2372 2888 τοὺς
2412 2824 2505 2878 τὸν
2545 2821 2693 2878 οἶκον
2746 2825 2842 2878 τοῦ
2899 2827 3114 2898 Πατρός
3153 2827 3317 2881 αὑτοῦ
3357 2824 3519 2882 οἷκον
3591 2819 3858 2900 ἐμπορίαι

549 2924 868 2994 speluncam
895 2923 1173 2978 latronum
1201 2921 1496 2988 faciebant,
1523 2925 1857 2996 coarguebat
1881 2931 1936 2980 et
1966 2925 2136 2996 pelle-

2243 2919 2336 2971 καὶ
2411 2918 2674 2990 σπήλαιον
2732 2918 2946 2991 λῃστῶν
3021 2920 3311 2986 ποιοῦντας
3364 2921 3585 2994 ἦλεγχέ
3649 2937 3710 2974 τε
3768 2917 3856 2973 καὶ

623 2546 789 2602 Vens.
821 2548 1007 2604 10-15.
1049 2566 1068 2600 ι
1108 2549 1377 2616 Quoniam
1419 2549 1570 2606 zelus
1616 2549 1812 2607 domus
1849 2559 1955 2608 tua:
1984 2569 2138 2608 com-

546 3015 636 3070 bat
658 3059 672 3082 ,
701 3015 826 3071 ideo
855 3015 1263 3071 insidiabantur
1284 3017 1408 3087 ipsi.
1447 3015 1603 3083 Quod
1627 3016 1868 3073 declarat
1896 3033 2132 3090 evange-

2241 3011 2459 3088 ᾐλαυνε,
2494 3011 2685 3065 τούτου
2713 3012 2872 3084 χάριν
2929 3012 3285 3066 ἐπεϐούλευον
3329 3015 3508 3088 αὐτῷ’
3551 3014 3584 3068 ὃ
3623 3013 3692 3084 δὴ
3724 3027 3853 3082 παρ-

546 3077 693 3171 lista,
722 3108 947 3164 dicens:
986 3127 1006 3160 ι
1045 3107 1110 3162 Ει
1148 3077 1323 3180 prope
1357 3077 1491 3164 erat.
1527 3109 1739 3166 Pascha
1790 3077 2126 3177 Judaeoruvm,

2242 3077 2450 3177 ἱστησιν
2466 3107 2494 3158 ὀ
2509 3077 2899 3178 εὐαγγελιστὴς
2911 3106 3099 3160 εἰπών·
3124 3108 3271 3168 «Καὶ
3287 3105 3355 3181 ἦν
3376 3077 3560 3179 ἐγγὺς
3577 3107 3642 3162 τὸ
3662 3077 3846 3177 ilicis

545 3210 600 3253 et
624 3197 874 3254 ascendit
902 3196 1063 3254 Jesus
1104 3197 1503 3269 Jerosolymam
1535 3218 1550 3254 :
1586 3206 1641 3252 et
1675 3199 1882 3254 invenit
1910 3198 1965 3253 in
1999 3207 2138 3252 tem-

546 3291 637 3362 plo
670 3290 969 3348 vendentes
1023 3307 1154 3348 oves
1199 3299 1253 3347 et
1304 3293 1495 3356 boves,
1537 3299 1592 3346 et
1639 3292 2136 3346 nummulariorum

546 3383 737 3438 effudit
785 3400 860 3441 ωε
909 3392 964 3441 et
1013 3400 1258 3441 mensas.
1293 3383 1362 3438 Ει
1386 3385 1456 3440 iis
1481 3384 1576 3456 qui
1619 3385 1906 3442 columbas
1936 3383 2138 3441 vende-

546 3475 680 3531 bant
725 3477 904 3532 dixit:
937 3475 1164 3532 Auferte
1217 3477 1325 3532 ista
1389 3477 1540 3538 hinc,
1607 3483 1662 3532 et
1725 3477 1898 3531 nolite
1957 3475 2139 3532 facere

545 3569 768 3624 domum
797 3569 977 3625 Patris
1005 3570 1135 3636 mei,
1183 3569 1388 3624 donum
1430 3569 1819 3640 negotiationis
1850 3570 1915 3624 ⁸⁸.
1958 3588 1978 3622 ›
2005 3569 2139 3636 Qui-

545 3659 654 3716 bus
705 3660 1040 3731 subjungit:
1095 3677 1114 3712 ι
1176 3659 1469 3715 Recordati
1511 3669 1638 3716 sunt
1691 3661 1947 3731 discipuli
1995 3660 2135 3732 ejus,

545 3753 676 3824 quia
744 3753 1012 3824 scriptum
1075 3764 1216 3810 est:
1271 3753 1433 3809 Zelus
1484 3753 1682 3811 domus
1748 3762 1856 3810 tua:
1900 3755 2140 3810 comedit

544 3846 715 3901 me".
744 3865 762 3898 ι
784 3844 891 3902 Sed
936 3847 1104 3903 etiam
1135 3846 1428 3918 opprobria
1461 3847 1909 3918 exprobrantium
1940 3846 2050 3904 Deo
2081 3848 2140 3903 in

543 3954 605 3996 se
646 3941 940 4010 recipiens,
973 3956 1166 3997 eorum
1225 3942 1372 3997 ultor
1402 3940 1543 3996 fuit:
1591 3943 1948 4012 quamobrem
1997 3941 2142 3998 dice-

543 4031 638 4086 bat
666 4050 680 4088 :
708 4051 728 4086 ι
753 4031 819 4087 Et
845 4033 1142 4105 'opprobria
1189 4033 1636 4104 exprobrantium
1683 4031 1780 4087 tibi
1821 4033 2140 4088 ceciderunt

542 4141 708 4196 super
736 4142 844 4183 me.
886 4147 906 4179 ι
940 4125 1061 4182 Νοη
1088 4125 1269 4183 ferens
1299 4127 1447 4183 enim
1478 4142 1576 4183 eos
1608 4127 1703 4197 qui
1728 4127 1989 4197 operibus
2020 4126 2138 4184 suis

544 4221 904 4293 opprobrium
934 4219 1218 4292 religionis
1249 4219 1460 4291 legibus
1488 4219 1821 4282 inferebant,
1859 4219 2138 4291 principes

543 4315 722 4387 gentis
753 4313 1106 4384 coarguebat.
1139 4311 1322 4380 Quare
1352 4311 1545 4368 turbas
1579 4319 1634 4368 et
1673 4311 1978 4382 discipulos
2006 4325 2137 4367 suos

2236 3195 2344 3249 τῶν
2389 3195 2678 3268 Ἰουδαίων,
2711 3197 2804 3252 καί
2835 3197 3004 3269 ἀνέϐη
3032 3199 3061 3251 ὀ
3103 3188 3310 3271 Ἰήσοῦς
3340 3201 3422 3264 είς
3465 3197 3843 3273 Ἱεροσόλυμα·

2238 3289 2332 3342 καὶ
2361 3282 2520 3368 ευρεν
2558 3291 2615 3342 ὲν
2645 3289 2720 3360 τῷ
2753 3289 2883 3362 ἱερῷ
2915 3291 3231 3356 πωλοῦντας
3267 3293 3527 3364 πρόϐατα
3563 3293 3664 3346 καὶ
3699 3289 3838 3361 βόας.

2240 3383 2335 3435 καὶ
2362 3381 2470 3435 τῶν
2506 3382 2869 3436 κολλυϐιστῶν
2891 3383 3072 3455 ἐξέχεε
3088 3385 3156 3438 τὰ
3179 3385 3427 3457 κέρματα
3456 3387 3559 3440 καὶ
3587 3385 3692 3449 τὰς
3717 3400 3841 3454 τρα-

2240 3472 2430 3539 πέζας.
2449 3475 2561 3528 Καὶ
2574 3477 2688 3539 τοῖς
2707 3475 2805 3538 τὰς
2823 3475 3155 3548 περιστερὰς
3180 3477 3453 3533 πωλοῦσιν
3471 3477 3658 3532 εἶπεντ
3689 3477 3840 3546 ’Ἄρας

2238 3583 2298 3620 τε
2325 3567 2498 3621 ταῦτα
2534 3567 2804 3633 ἐντεῦθεν,
2829 3568 2924 3622 καί
2961 3567 3036 3640 μὴ
3069 3572 3273 3623 ποιεῖτε
3301 3570 3391 3625 τὸν
3419 3567 3577 3625 οἷκον
3610 3569 3707 3623 τοῦ
3736 3568 3839 3620 Πα-

2237 3657 2365 3730 τρός
2381 3675 2481 3729 μου
2504 3654 2650 3712 οἷκον
2669 3660 2934 3732 ἐμπορίου
2954 3675 2967 3688 ο
2994 3678 3014 3710 ι
3045 3659 3307 3730 ἐπιλέγει·
3337 3681 3355 3712 ι
3381 3662 3775 3735 Ἐμνήσθησαν
3792 3657 3836 3709 οὶ

2243 3749 2484 3822 μαθηταὶ
2509 3750 2696 3816 αὑτοῦ,
2724 3752 2806 3805 ὅτι
2837 3753 3226 3826 γεγραμμένον
3255 3754 3424 3808 ἐστίν’
3455 3747 3513 3810 Ὁ
3550 3754 3720 3826 ζῆλος
3745 3748 3835 3804 τοῦ

2239 3843 2389 3896 οἴκου
2425 3861 2520 3897 σου
2543 3845 2822 3916 κατέφαγέ
2849 3862 2936 3916 με.
2971 3865 2990 3898 ι
3036 3845 3198 3900 Ἀλλὰ
3227 3847 3467 3912 καὶτοὺς
3493 3842 3832 3916 ὀνειδισμοὺς

2237 3935 2347 3989 τῶν
2374 3936 2742 4001 ὀνειδιζόντων
2775 3937 2867 3991 τὸν
2905 3935 3038 3992 Θεὸν
3065 3941 3145 4002 είς
3176 3938 3368 3994 ἐαυτὸν
3405 3937 3827 4012 ἀναλαμϐάνων,

2239 4026 2451 4094 ἔκδικος
2485 4029 2700 4098 ἐγένετο
2724 4029 2948 4085 τούτων·
2965 4030 3234 4100 amam-
3265 4051 3284 4083 ι
3308 4033 3420 4086 Καὶ
3445 4033 3497 4086 οἱ
3529 4027 3828 4101 ὀνειδισμοὶ

2239 4121 2347 4175 τῶν
2375 4121 2738 4187 ὀνειδιζόντων
2779 4139 2841 4176 σε
2873 4123 3149 4178 ἐπέπεσαν
3169 4123 3258 4177 ἐπ’
3285 4125 3408 4197 ἐμέ.
3442 4143 3462 4179 ι
3493 4126 3572 4180 Οὐ
3602 4124 3712 4196 γὰρ
3735 4117 3823 4190 (pi-

2245 4235 2350 4290 ρων
2370 4219 2494 4281 τοὺς
2520 4216 2608 4271 διὰ
2643 4217 2751 4272 τῶν
2779 4218 2995 4273 οἰκείων
3019 4219 3197 4294 έργων
3228 4220 3432 4285 ὄνειδος
3465 4217 3827 4294 προστρίϐονιι

2240 4328 2338 4374 τας
2357 4308 2436 4381 τῷ
2465 4309 2565 4382 τῆς
2599 4309 2905 4377 θεοσεϐείας
2944 4313 3113 4385 νόμῳ,
3147 4313 3276 4378 τοὺς
3313 4312 3570 4384 ἐλέγχους
3592 4311 3820 4367 ἐποιεῖτο

541 4405 961 4468 cohortabatur,
1003 4403 1193 4460 dicens
1229 4422 1242 4459 :
1279 4423 1298 4456 ι
1342 4402 1522 4475 Super
1571 4403 1890 4459 cathedram
1931 4401 2134 4473 Moysis

2242 4401 2382 4458 κατὰ
2394 4402 2503 4458 τῶν
2533 4403 2810 4474 ἀρχόντων
2833 4404 2926 4458 τοῦ
2945 4405 3148 4470 ἔθνους.
3174 4404 3266 4459 Διδ
3279 4409 3391 4470 τοῖς
3405 4403 3586 4476 ὄχλοις
3608 4402 3817 4465 καὶτοῖς

543 4497 803 4554 sederunt
835 4493 1043 4550 Scriba:
1066 4501 1120 4550 et
1151 4493 1415 4552 Pharisaei
1451 4513 1467 4551 :
1499 4494 1683 4549 omnia
1712 4508 1843 4565 ergo
1862 4507 2124 4564 quaecun-

540 4605 650 4662 que
673 4587 913 4644 dixerint
944 4585 1105 4642 vobis
1141 4585 1304 4641 facite
1337 4594 1392 4640 et
1419 4591 1653 4652 servate,
1671 4584 1972 4640 secundum
1995 4598 2126 4655 ope-

539 4701 603 4742 ra
626 4693 810 4742 autem
841 4698 1034 4740 eorum
1065 4682 1239 4738 nolite
1271 4681 1473 4738 facere.
1510 4679 1712 4736 Dicunt
1739 4681 1906 4748 enim,
1931 4687 1986 4736 et
2015 4693 2125 4734 non

538 4778 750 4836 faciunt
772 4775 842 4830 ⁸⁸.
895 4797 916 4828 ι
964 4773 1172 4831 Deinde
1215 4789 1347 4831 vero
1385 4787 1622 4846 arguens
1671 4772 1788 4827 hac
1822 4770 1878 4826 in
1934 4785 2125 4826 eorum

537 4881 830 4942 personam
861 4863 1175 4938 proferebat
1207 4881 1222 4918 :
1255 4883 1276 4917 ι
1320 4863 1415 4920 Va:
1433 4863 1616 4929 vobis,
1648 4861 1858 4918 Scriba:
1897 4869 1953 4917 et
1980 4860 2125 4916 Pha-

534 4959 680 5017 risaei
709 4958 1031 5030 hypocrita,
1063 4957 1193 5028 quia
1216 4955 1476 5014 clauditis
1509 4971 1739 5029 regnum
1767 4956 2038 5012 cmlorum
2063 4954 2122 5010 in

534 5060 836 5123 conspectu
866 5050 1150 5106 hominum
1179 5051 1264 5118 ²¹;
1306 5069 1326 5104 ι
1365 5066 1431 5106 ac
1458 5065 1680 5106 rursum
1715 5067 1728 5104 :
1771 5066 1791 5102 ι
1826 5046 1922 5103 Va:
1941 5047 2120 5112 vobis,

536 5145 745 5201 Scriba:
798 5150 854 5200 et
909 5141 1194 5208 Pharisaei,
1222 5142 1353 5213 quia
1405 5142 1612 5199 similes
1669 5139 1806 5198 estis
1850 5139 2116 5211 sepulcris

531 5237 808 5297 dealbatis
835 5236 902 5290 υ.
943 5255 962 5289 ι
995 5233 1078 5292 Ob
1114 5236 1258 5292 tales
1290 5235 1478 5306 itaque
1525 5235 1926 5305 correptiones,
1986 5229 2119 5288 insi-

533 5330 654 5387 dias
702 5330 810 5402 ipsi
846 5337 1134 5401 pararunt.
1193 5327 1540 5400 Quapropter
1578 5327 1670 5383 bic
1721 5326 1842 5382 ait:
1881 5344 1899 5378 ι
1955 5323 2118 5380 Zelus

530 5424 730 5479 domus
757 5430 864 5477 tua:
882 5420 1119 5478 comedit
1138 5435 1247 5487 me,
1270 5429 1324 5476 et
1343 5420 1638 5492 opprobria
1665 5417 2116 5488 exprobrantium

531 5519 633 5578 tibi
666 5517 988 5575 ceciderunt
1015 5529 1184 5587 super
1203 5528 1311 5570 me.
1337 5511 1404 5568 Et
1432 5512 1628 5584 operui
1654 5513 1709 5567 in
1753 5510 1966 5583 jejunio
1996 5509 2119 5564 ani-

606 5677 650 5709 “
685 5673 842 5730 Joan.
887 5689 965 5738 ιι,
1003 5672 1097 5730 29.
1171 5673 1216 5704 ¹⁸
1251 5669 1409 5726 Joan.
1451 5683 1573 5733 vm,
1611 5668 1702 5723 45.
1754 5667 1837 5738 7?“
1866 5665 2000 5738 ibid.
2040 5663 2132 5721 ιδ.

2242 5665 2252 5697 '
2287 5661 2448 5718 Joan.
2491 5679 2546 5734 v,
2590 5664 2679 5719 45.

531 5750 580 5785 ³³
602 5746 793 5803 Matth.
838 5735 998 5811 uni,
1036 5743 1092 5809 2,
1133 5743 1186 5798 5.
1263 5743 1305 5775 ²¹
1345 5739 1478 5796 ibid.
1511 5740 1565 5795 5.
1643 5740 1688 5770 ’⁸
1729 5735 1862 5793 ibid.
1912 5736 2003 5790 27.

2236 4494 2508 4567 μαθηταῖς
2532 4495 2697 4550 αὐτοῦ
2731 4497 3171 4570 παρῄνειλέγων·
3209 4517 3228 4550 ι
3273 4497 3397 4552 Ἐπὶ
3419 4498 3522 4570 τῆς
3552 4497 3812 4567 καθέδρας

2231 4588 2510 4652 Μωῡσέως
2545 4588 2807 4644 ἐκάθισαν
2837 4591 2887 4644 οί
2916 4590 3268 4663 Γραμματεῖς
3293 4591 3389 4644 καὶ
3427 4592 3478 4644 οί
3503 4590 3812 4663 Φαρισαῖον

2231 4678 2409 4733 πάντα
2435 4676 2529 4735 οὖν
2549 4681 2648 4738 ὅσα
2671 4680 2738 4736 ἂν
2771 4681 3000 4736 εἴπωσιν
3023 4683 3153 4754 ὑμῖν
3185 4683 3447 4754 ποιήσατε
3463 4682 3557 4737 καὶ
3581 4681 3806 4754 τηρεῖ⁴ξε⁴

2231 4771 2374 4826 κατὰ
2401 4772 2458 4826 δὲ
2491 4772 2560 4827 τὰ
2580 4772 2722 4846 ἔργα
2749 4773 2928 4827 αὐτῶν
2964 4773 3040 4845 μὴ
3069 4776 3294 4828 ποιεῖτε.
3321 4774 3557 4844 Λέγουσι
3584 4775 3693 4846 γὰρ
3723 4767 3808 4825 καὶ

2230 4866 2292 4920 οὐ
2322 4865 2588 4922 ποιοῦσιν.
2621 4886 2640 4919 ι
2672 4862 2929 4939 Εἶθ’έξῆς
2955 4867 3273 4940 ἀπελέγχων
3300 4859 3498 4933 αὐτοὺς
3525 4871 3607 4934 είς
3638 4863 3803 4925 αὐτῶν

2229 4959 2519 5032 πρόσωπον
2552 4959 2758 5030 έλεγεν·
2781 4981 2800 5014 ι
2824 4961 2962 5016 Οὐαὶ
2991 4961 3140 5031 finiit,
3157 4963 3512 5036 Γραμματεῖς
3529 4965 3625 5018 καὶ
3652 4965 3805 5033 Φαρι-

2231 5055 2371 5107 σαῖοι
2406 5054 2724 5127 ὑποκριταὶ,
2754 5054 2835 5108 ὅτι
2855 5055 3067 5109 κλείετε
3089 5054 3189 5128 τὴν
3213 5055 3492 5128 βασιλείαν
3514 5055 3624 5111 τῶν
3652 5056 3799 5126 οὐρα-

2226 5143 2333 5198 νῶν
2363 5143 2674 5218 ἔμπροσθεν
2706 5143 2816 5197 τῶν
2851 5144 3186 5217 ἀνθρώπων
3227 5167 3246 5200 ι
3291 5147 3389 5202 καὶ
3421 5145 3604 5201 πάλινο
3639 5165 3657 5198 ι
3678 5139 3800 5199 Οὐαὶ

2219 5233 2370 5305 ὑμῖν,
2405 5236 2757 5306 γραμματεῖς
2794 5235 2888 5289 καὶ
2923 5237 3238 5308 Φαρισαῖοι,
3289 5237 3370 5291 ὅτι
3411 5232 3798 5308 παρομοιάζετε

2217 5325 2410 5395 τάφοις
2460 5325 2882 5397 κεκονιαμένοις.
2915 5345 2934 5380 ι
2975 5325 3094 5380 Τῶν
3138 5325 3268 5397 γοῦν
3302 5325 3557 5380 τοιούτων
3577 5325 3798 5396 ἐλέγχων

2221 5416 2385 5470 ἓνεκα
2402 5417 2501 5489 τὴν
2517 5415 2806 5489 ἐπιϐουλὴν
2824 5417 2973 5490 αὑτῷ
3001 5419 3476 5472 συνεσκευάσαντο.
3508 5417 3707 5490 Διόπερ
3721 5417 3798 5468 ὲν-

2223 5505 2398 5563 ταῦθά
2414 5523 2599 5580 φησιν*
2634 5525 2652 5559 ι
2677 5508 2734 5560 '0
2765 5506 2926 5578 ζῆλος
2955 5507 3050 5564 τοῦ
3079 5507 3227 5564 οἴκου
3267 5525 3359 5562 σου
3393 5507 3674 5578 κατέφαγέ
3703 5521 3760 5578 με
3778 5539 3793 5566 ν

2791 5665 2834 5698 ⁸⁸
2872 5662 3031 5722 Joan.
3074 5681 3137 5732 ιι,
3176 5663 3343 5721 {3-16
3468 5666 3511 5698 "
3539 5663 3674 5722 ibid.
3715 5656 3802 5748 Π..
