4086 6442
300 361 393 416 ἹΗ

1427 349 1937 409 COMMENTARIA
1976 351 2046 408 IN
2083 349 2427 413 PSALMOS.

3459 364 3564 420 742

294 479 388 534 καὶ
416 479 466 533 οί
497 473 792 547 ὀνειδισμοὶ
822 473 932 529 τῶν
969 457 1335 538 ὀνειδιζόντων
1385 489 1444 525 σε
1480 471 1754 541 ἐπέπεσαν
1786 471 1871 524 ἐπ’

1978 487 2122 526 mam
2179 489 2378 542 meam,
2421 483 2476 531 et
2505 473 2706 532 factum
2744 476 2908 534 estin
2939 477 3290 549 opprobrium
3341 479 3496 536 mihi.
3535 499 3556 534 ι

295 569 417 642 ἐμέ.
511 569 623 622 Kal.
687 565 1033 636 συνεκάλυψα
1108 565 1166 617 ἐν
1242 563 1466 635 νηστείᾳ
1533 562 1633 633 τὴν
1693 562 1873 632 ψυχήν

295 679 448 736 μου,
496 660 590 715 καὶ
649 657 881 728 ἐγενήθη
940 659 1021 720 εἰς
1077 655 1419 726 ὀνειδισμοὺς
1473 655 1616 725 ἐμοί.
1660 675 1676 707 ι
1741 655 1872 706 Ὅτε

296 754 422 828 μὲν,
469 751 652 824 φησὶν,
703 750 887 822 ἐώρων
937 749 1028 802 τὸν
1077 748 1168 801 σὺν
1211 744 1358 802 οἷκον
1407 747 1590 818 πάσης
1631 745 1873 818 πληρούς

297 863 460 918 μενον
498 843 746 913 ἀνομίας,
773 841 867 895 καὶ
901 841 1030 894 ποτὲ
1065 840 1162 912 μὲν
1189 839 1506 910 γιγνόμενον
1533 834 1678 892 οἷκον
1711 840 1876 908 ἐμπο-

295 937 436 1010 ρίου,
465 935 592 989 ποτέ
617 935 672 988 δὲ
691 934 952 1004 σπήλαιον
975 930 1206 1004 λῃστῶν,
1240 928 1580 1002 πυρούμενος
1605 929 1708 982 ὑπὸ
1728 928 1872 980 θείου

215 1033 246 1056 ⁶
293 1031 482 1103 ζήλου,
509 1028 738 1101 ήλαυνον
767 1028 892 1090 τοὺς
921 1025 1066 1079 ἔνδον
1095 1023 1567 1096 παρανομοῦντας
1609 1021 1744 1075 ἀλλὰ
1778 1023 1873 1076 καὶ

288 1123 384 1177 ὅτε
434 1123 555 1185 ταῖς
592 1119 800 1174 ἑαυτῶν
823 1117 1102 1189 ἀθεμίτοις
1149 1117 1412 1189 πράξεσιν
1456 1115 1658 1179 ὖνειδος
1709 1132 1868 1186 περι-

287 1215 464 1288 ῆπτόν
482 1231 561 1268 σοι
573 1211 650 1284 τῷ
671 1211 807 1283 Θεῷ,
826 1204 886 1265 οῦ
901 1209 996 1282 τήν
1012 1209 1321 1264 θεοσέϐειαν
1333 1208 1745 1280 ἐπηγγέλλοντο,
1767 1207 1872 1260 πά-

287 1306 376 1362 λιν
406 1308 485 1370 είς
523 1304 711 1360 ἐαυτὸν
773 1302 1168 1374 ἀναλαμϐάνων
1211 1304 1338 1365 τοὺς
1376 1301 1647 1364 τοιούτους
1685 1299 1872 1354 ὀνειδι-

289 1399 485 1468 σμοὺς,
500 1393 887 1468 ἠναγκαζόμην
905 1394 1185 1466 παρρησίᾳ
1199 1392 1456 1464 χρῆσθαι,
1475 1392 1705 1446 καὶτοὺς
1719 1391 1871 1460 ἐλέγ-

284 1508 422 1562 χους
449 1491 629 1552 αὐτοῖς
662 1485 1070 1559 θεραπευτικῶς
1104 1485 1452 1558 προσφέρειν·
1488 1487 1578 1539 ὅτε
1597 1484 1654 1537 δὲ
1683 1482 1869 1554 ἐώρων

287 1581 632 1652 ἀναισθήτως
661 1580 856 1640 αὐτοὺς
877 1576 1118 1648 ἔχοντας,
1141 1576 1234 1630 καὶ
1269 1576 1344 1647 μὴ
1372 1575 1868 1648 ἐπιστρεφομένους

285 1675 419 1738 τοὺς
451 1673 614 1744 ἐμοὺς
641 1671 923 1742 ἐλέγχους,
965 1668 1393 1738 ἀποκλαιόμενος
1422 1667 1603 1722 αὐτῶν
1638 1667 1735 1740 τὴν
1759 1669 1867 1721 ἀπ-

283 1767 506 1827 ώλειαν,
547 1765 830 1836 ἐνήστευον
863 1763 954 1816 καὶ
977 1761 1308 1815 κατεπόνουν
1341 1762 1575 1832 ἐμαυτὸν
1592 1760 1733 1832 ὑπὲρ
1767 1761 1867 1816 αύ-

285 1856 418 1912 τῶν.
452 1857 513 1910 Οἱ
544 1855 600 1908 δὲ
637 1855 730 1909 καὶ
760 1853 934 1918 οῦτως
967 1851 1238 1917 ὠνείδιζόν
1283 1870 1372 1922 μοι
1404 1851 1746 1924 διασύροντες
1775 1853 1867 1905 καὶ

285 1948 640 2021 χλευάζοντες
657 1946 752 2019 τὴν
779 1947 918 2018 ἐμὴν
949 1944 1221 2017 νηστείαν.
1245 1944 1575 2016 Βουλόμενος
1597 1945 1653 1998 δὲ
1685 1945 1868 2007 αὐτοῖς

288 2036 652 2111 ὑπογραμμὸν
686 2035 974 2108 μετανοίας
997 2033 1288 2096 δεικνύναι,
1315 2035 1374 2086 ού
1414 2033 1574 2104 μόνον
1591 2033 1868 2102 νηστείαις

286 2130 524 2204 ἐμαυτὸν
555 2128 902 2206 κατεπόνουν,
933 2125 1068 2181 ἀλλὰ
1099 2125 1191 2179 καὶ
1226 2125 1287 2178 τὸ
1307 2123 1423 2178 ἐνδυ
1433 2125 1509 2196 μά
1537 2141 1638 2196 μου
1666 2124 1867 2178 σάκκον

288 2221 612 2294 ἐποιούμην,
645 2219 889 2285 κολάζων
920 2218 1013 2272 καὶ
1051 2215 1460 2289 τιμωρούμενος
1492 2215 1589 2288 τὴν
1624 2215 1865 2287 ἐμαυτοῦ

289 2315 491 2386 σάρκα,
521 2313 670 2384 αύτῷ
690 2330 750 2366 τε
777 2311 922 2384 ἔργῳ
952 2310 1152 2384 τρόπον
1175 2308 1615 2380 ἐξομολογησεως
1633 2309 1726 2363 καὶ
1758 2309 1866 2363 τῶν

288 2407 570 2479 προτέρων
617 2403 1031 2476 ἁμαρτημάτων
1069 2401 1389 2472 καθάρσεως
1436 2401 1745 2464 ἐπιδεικνὺς
1772 2401 1868 2454 αύ-

287 2503 421 2564 τεῖς.
457 2501 520 2553 Οἱ
552 2499 609 2552 δὲ
631 2497 724 2553 καὶ
755 2497 924 2551 ταῦτα
941 2495 1208 2566 γελῶντες
1227 2495 1348 2550 ἀντὶ
1371 2495 1688 2568 παραϐολῆς
1708 2512 1776 2567 με
1791 2489 1868 2548 εἷ-

288 2609 402 2664 χον,
435 2591 818 2662 συνερχόμενοι
853 2589 952 2660 μὲν
977 2589 1094 2660 ἅμα
1125 2589 1218 2643 καὶ
1251 2588 1386 2661 πρὸς
1399 2592 1519 2652 ταῖς
1533 2587 1740 2643 ἐαυτῶν
1759 2585 1866 2643 πύ-

286 2683 408 2748 λαις
439 2682 810 2753 καθεζόμενοι,
846 2683 1025 2736 πᾶσαν
1046 2680 1102 2734 δὲ
1125 2681 1222 2752 τὴν
1253 2681 1461 2735 ἐαυτῶν
1492 2680 1707 2752 ὁμιλίαν
1737 2680 1867 2754 περὶ

287 2774 425 2846 ἐμοῦ
453 2773 797 2845 ποιούμενοι,
842 2773 938 2827 καὶ
972 2773 1253 2844 μονονουχὶ
1286 2773 1699 2844 ἀδολεσχοῦντες
1730 2775 1867 2846 πρὸς

286 2868 551 2940 ἀλλήλους
583 2868 640 2920 ἐν
669 2869 736 2939 τῇ
759 2866 880 2920 κατ’
901 2866 1034 2938 ἐμοῦ
1063 2865 1247 2939 χλεύῃ.
1285 2867 1398 2919 Οὐκ
1416 2867 1656 2938 ἀπήρκει
1683 2867 1739 2921 δὲ
1769 2868 1867 2920 αύ-

285 2962 399 3024 τοίς
439 2955 713 3031 διασύρειν
743 2958 838 3012 καὶ
882 2955 1165 3029 χλευάζειν
1206 2958 1304 3020 τὰς
1335 2956 1475 3029 ἐμάς
1504 2958 1645 3030 ὑπὲρ
1685 2959 1866 3012 αὐτῶν

285 3053 546 3124 ἀσκήσεις
566 3092 580 3116 ,
600 3049 754 3104 ’ἀλλά
787 3051 882 3104 καὶ
917 3049 1197 3120 συμπόσια
1234 3050 1690 3122 συγκροτοῦντες.,
1724 3052 1865 3123 ᾠδὰς

1976 563 2136 629 Cum,
2167 563 2602 636 inquit,domum
2643 575 2792 624 tuam
2821 569 3063 626 viderem
3097 571 3245 626 omni
3275 570 3562 642 iniquitate

1975 657 2264 726 repletam,
2286 669 2340 712 et
2364 660 2527 715 modo
2559 661 2784 715 domum
2819 663 3228 734 negotiationis,
3247 663 3409 719 modo
3437 680 3564 734 spe-

1975 748 2194 803 luncam
2227 751 2504 806 latronum
2555 752 2825 818 ell‘ectam,
2871 755 3059 810 divino
3101 756 3364 814 incensus
3419 757 3557 822 zelo,

1973 853 2070 895 eos
2115 842 2211 910 qui
2259 842 2406 897 intus
2443 843 2792 913 iniquitatem
2827 848 3204 917 operabantur
3250 848 3410 919 ejeci.
3447 848 3562 904 lmo

1972 932 2136 987 etiam
2179 950 2304 988 cum
2336 935 2566 994 nefariis
2597 939 2767 1009 gestis
2793 941 2908 994 suis
2939 941 3293 1011 opprobrium
3323 943 3422 998 tibi
3447 942 3561 999 Deo

1972 1026 2258 1095 inferrent,
2281 1044 2408 1100 erga
2440 1045 2601 1100 quem
2645 1038 2824 1085 tamen
2861 1031 3184 1102 religionem
3219 1034 3560 1103 profiteban-

1969 1128 2080 1183 tur,
2118 1119 2173 1172 in
2206 1134 2291 1173 me
2317 1134 2539 1174 rursum
2569 1121 2862 1191 opprobria
2899 1121 3216 1190 hujusmodi
3265 1123 3560 1194 recipiens,

1969 1212 2305 1268 necessitate
2332 1213 2678 1282 compulsus,
2713 1214 3091 1284 correptiones
3123 1215 3259 1285 ipsis
3283 1216 3351 1270 ad
3383 1231 3562 1272 reme-

1969 1303 2119 1358 dium
2163 1304 2540 1360 admovebam.
2593 1304 2667 1359 Ut
2721 1306 2975 1362 videbam
3034 1315 3216 1362 autem
3253 1309 3374 1365 illos
3408 1311 3562 1366 nullo

1969 1411 2136 1453 sensu
2181 1397 2410 1461 moveri,
2439 1413 2618 1468 neque
2650 1399 2978 1467 resipiscere
3021 1415 3088 1454 ex
3135 1401 3562 1471 reprehensione

1968 1501 2110 1550 mea,
2133 1501 2322 1541 eorum
2359 1489 2655 1558 perniciem
2683 1487 2977 1558 deplorans
3005 1488 3341 1560 jejunabam,
3365 1508 3562 1564 meque

1969 1578 2186 1632 illorum
2214 1592 2381 1632 causa
2407 1577 2872 1633 macerabam.llli
2904 1588 3084 1633 autem
3111 1587 3244 1634 tunc
3271 1581 3432 1635 etiam
3457 1597 3557 1637 ex-

1968 1668 2310 1738 probrabant
2334 1668 2489 1731 mihi,
2510 1676 2564 1723 et
2588 1667 2856 1737 jejunium
2882 1683 3062 1723 meum
3082 1668 3322 1739 profusis
3336 1671 3564 1726 cachin-

1969 1759 2058 1814 nis
2085 1757 2410 1813 irridebant.
2440 1757 2577 1814 Cum
2620 1760 2814 1814 vellem
2849 1773 3016 1830 porro
3047 1762 3356 1832 exemplum
3384 1763 3562 1833 paeni-

1973 1850 2155 1903 tentia:
2188 1849 2324 1920 ipsis
2356 1864 2686 1920 proponere,
2728 1866 2838 1905 non
2871 1852 3033 1907 modo
3062 1853 3294 1923 jejuniis
3325 1869 3413 1910 me
3442 1869 3559 1908 ma-

1971 1942 2246 2010 cerabam,
2283 1940 2378 1996 sed
2413 1942 2579 1996 etiam
2621 1957 2722 2012 pro
2768 1944 3098 2000 vestimento
3133 1945 3403 2015 ponebam
3433 1947 3561 2002 cili-

1973 2034 2141 2114 cium,
2165 2045 2386 2089 carnem
2447 2049 2620 2089 meam
2683 2035 2962 2107 castigans
3003 2046 3058 2092 et
3099 2039 3357 2109 puniens,
3393 2048 3561 2110 atque

1972 2128 2092 2200 ipso
2142 2143 2306 2198 opere
2353 2127 2573 2182 modum
2609 2129 2976 2186 confessionis
3003 2139 3168 2202 atque
3219 2133 3562 2202 purgationis

1970 2218 2331 2288 pristinorum
2359 2227 2710 2289 peccatorum
2739 2220 2878 2290 ipsis
2913 2225 3445 2280 commonstrabam.
3479 2225 3561 2282 llli

1970 2328 2100 2368 vero
2147 2313 2262 2368 haec
2305 2328 2526 2383 quoque
2557 2311 2874 2369 deridentes
2895 2330 2995 2386 pro
3035 2316 3294 2386 parabola
3333 2333 3421 2374 me
3462 2319 3562 2374 ha-

1969 2406 2228 2470 buerunt,
2258 2407 2422 2462 simul
2451 2408 2866 2472 convenientes,
2895 2416 2949 2463 et
2991 2409 3059 2463 ad
3092 2417 3279 2479 portas
3310 2424 3442 2465 suas
3471 2426 3563 2466 εθ-

1968 2498 2182 2563 dentes,
2215 2498 2282 2554 de
2313 2515 2399 2554 me
2445 2515 2553 2553 una
2607 2498 2882 2570 colloquia
2929 2499 3247 2567 miscentes,
3274 2519 3339 2558 ac
3368 2511 3561 2558 mutuo

1967 2604 2145 2660 nugas
2186 2597 2510 2660 spargentes
2547 2590 2678 2644 dum
2723 2604 2809 2644 me
2862 2589 3184 2649 irriderent.
3245 2592 3435 2666 Neque
3473 2600 3564 2653 sat

1967 2681 2079 2736 illis
2109 2679 2212 2734 fuit
2241 2681 2389 2752 quod
2429 2697 2515 2738 me
2548 2683 2891 2746 deluderent,
2923 2691 3088 2756 atque
3122 2685 3192 2742 ob
3216 2702 3336 2741 mea
3367 2702 3467 2758 pro
3495 2687 3562 2742 il-

1968 2774 2036 2828 lis
2065 2781 2322 2844 suscepta
2355 2774 2620 2828 exercitia
2653 2774 2950 2829 ridiculum
2985 2787 3241 2847 agerent;
3267 2776 3362 2833 sed
3391 2777 3559 2832 etiam

1969 2866 2223 2920 convivia
2257 2873 2506 2936 agentes,
2538 2867 2845 2923 cantilenas
2870 2868 3000 2923 vino
3034 2869 3176 2938 capti
3214 2876 3268 2923 et
3315 2867 3477 2932 ebrii,
3503 2867 3559 2922 in

1967 2974 2054 3013 me
2081 2956 2487 3012 debacchantes
2511 2956 2768 3012 edebant.
2807 2957 2925 3024 Qua
2963 2957 3030 3013 de
3067 2973 3232 3012 causa
3253 2973 3356 3028 ego
3387 2957 3562 3012 multo

1968 3049 2144 3120 magis
2169 3048 2482 3119 Operiebam
2520 3049 2575 3102 in
2604 3048 2815 3118 jejunio
2864 3049 3102 3103 animam
3136 3064 3332 3112 meam,
3367 3056 3422 3104 et
3459 3063 3559 3118 po-

287 3146 381 3200 καὶ
408 3146 627 3218 ᾄσματα
655 3147 735 3210 εἰς
759 3143 859 3216 ἐμὲ
880 3142 1158 3213 διεξῄεσαν
1177 3142 1620 3212 οἰνοφλυγοῦντες
1645 3144 1738 3198 καὶ
1770 3163 1866 3216 με-

1974 3143 2164 3195 nebam
2189 3141 2576 3195 vestimentum
2623 3156 2804 3194 meum
2834 3139 3100 3204 cilicium,
3135 3139 3360 3194 exitium
3414 3139 3563 3208 ipso-

287 3236 611 3308 θυσκόμενοι
639 3237 696 3290 ἐν
722 3238 842 3298 ταῖς
871 3235 990 3288 κατ’
1019 3233 1154 3305 ἐμοῦ
1175 3234 1501 3304 παροινίαις.
1537 3236 1653 3305 Ἐφ’
1684 3231 1764 3301 οἷς
1783 3237 1864 3291 ἐτι

1975 3249 2094 3287 rum
2117 3233 2432 3303 deplorans.
2465 3232 2665 3299 Quare,
2685 3231 2988 3288 secundum
3019 3231 3292 3302 Aquilam,
3317 3230 3518 3286 dicitur

289 3331 487 3403 μᾶλλον
515 3329 624 3398 ἐγὼ
655 3329 1054 3384 συνεκάλυπτον
1087 3329 1144 3380 ἐν
1176 3327 1400 3400 νηστείᾳ
1422 3328 1521 3400 τὴν
1543 3327 1721 3402 ψυχήν
1747 3348 1871 3402 μου,

285 3423 384 3478 καὶ
418 3423 674 3494 ἐτιθέμην
701 3423 763 3475 τὸ
799 3421 1004 3492 ἕνδυμά
1035 3438 1135 3492 μου
1169 3419 1395 3485 σάκκον,
1426 3421 1524 3492 τὴν
1560 3421 1740 3476 αὐτῶν
1763 3423 1873 3476 ἁπ-

285 3514 485 3569 ώλειαν
517 3513 962 3585 ἀωκλαιόμενος.
988 3513 1080 3566 Διὸ
1116 3511 1256 3566 κατὰ
1276 3512 1369 3566 τὸν
1384 3512 1614 3568 Ἀκύλαν
1630 3513 1868 3586 εἴρηται·

292 3627 312 3657 ε
354 3607 466 3661 Καὶ
508 3605 749 3660 ἔκλαυσα
770 3607 828 3659 ἐν
868 3605 1093 3678 νηστείᾳ
1122 3604 1301 3675 ψυχήν
1347 3621 1448 3675 μου
1467 3645 1483 3669 ,
1514 3606 1608 3660 καὶ
1639 3604 1872 3678 ἐγενήθη

285 3701 369 3766 είς
390 3699 726 3772 ὀνειδισμοὺς
755 3699 896 3771 ἐμοί.
917 3699 1028 3752 Kal.
1053 3698 1251 3752 ἔδωκεν
1275 3697 1486 3752 ἐνδυσίν
1515 3716 1616 3770 μου
1641 3698 1868 3762 σάκκον,

285 3793 385 3846 καὶ
418 3791 685 3864 ἐγενόμην
707 3792 891 3855 αὐτοῖς
915 3791 995 3854 είς
1012 3790 1348 3862 παραϐολήν.
1389 3790 1638 3862 Ὧμίλουν
1661 3792 1720 3844 ἐν
1749 3790 1873 3862 ἐμοὶ

285 3886 585 3958 καθήμενοι
618 3884 822 3956 πύληνο
891 3884 985 3938 καὶ
1017 3882 1222 3955 ψαλμοὶ
1259 3882 1519 3936 πινόντων
1539 3883 1808 3953 μέθυσμα.
1849 3901 1867 3934 ι

285 3973 430 4030 κατά
457 3975 514 4029 δὲ
542 3974 632 4029 τὸν
655 3973 967 4045 Σύμμαχονο
1004 3991 1022 4024 ι
1063 3973 1174 4026 Kal.
1200 3971 1418 4027 κλάοντι
1455 3971 1593 4042 μετά
1619 3971 1875 4041 νηστείας

287 4067 387 4137 τὴν
419 4065 595 4136 ψυχήν
627 4083 727 4137 μου
758 4065 974 4134 ἐγένετο
1005 4066 1086 4129 είς
1115 4063 1314 4128 ὄνειδος
1347 4065 1490 4134 ἐμοί.
1521 4063 1631 4117 Καὶ
1659 4062 1874 4116 τάσσων

288 4159 352 4214 τὸ
373 4159 490 4213 ἐνδυ
499 4160 573 4230 μά
595 4177 698 4231 μου
731 4159 954 4224 σάκκον,
976 4160 1070 4213 καὶ
1092 4158 1357 4229 ἐγενόμην
1384 4157 1566 4220 αὐτοῖς
1587 4159 1665 4219 είς
1698 4173 1876 4228 παρα-

290 4252 474 4322 ϐολήν.
508 4251 804 4323 Διηγοῦντό
836 4269 902 4323 με
949 4251 1246 4322 καθήμενοι
1278 4252 1334 4303 ἐν
1367 4249 1508 4321 πύλῃ
1527 4289 1542 4314 ,
1577 4249 1672 4302 καὶ
1713 4247 1876 4318 ἔψαλ-

290 4341 383 4396 λόν
413 4359 480 4412 με
538 4342 587 4395 ol.
628 4340 876 4405 πίνοντες
918 4341 1196 4412 μέθυσμα.
1241 4361 1259 4394 ι
1311 4340 1470 4394 Ἀλλὰ
1507 4339 1718 4404 τούτοις
1752 4357 1878 4393 συν-

1980 3344 1998 3377 ι
2040 3325 2107 3381 Et
2147 3327 2356 3396 ploravi
2411 3326 2467 3381 in
2493 3326 2708 3396 jejunio
2736 3327 2977 3381 animam
3027 3341 3226 3390 meam,
3251 3334 3308 3380 et
3351 3324 3556 3380 factum

1975 3422 2060 3471 est
2095 3417 2151 3472 in
2176 3415 2474 3487 opprobria
2502 3416 2659 3470 mihi.
2691 3414 2759 3469 Et
2787 3414 2939 3470 dedit
2961 3416 3349 3471 vestimentum
3375 3429 3556 3469 meum

1977 3523 2221 3573 saccum,
2241 3517 2296 3565 et
2327 3509 2508 3565 factus
2539 3524 2661 3564 sum
2690 3508 2802 3564 illis
2822 3508 2875 3562 in
2909 3507 3246 3578 parabolam.
3277 3506 3564 3578 Collaque-

1978 3601 2180 3656 bantur
2224 3602 2280 3655 in
2322 3616 2410 3656 me
2442 3601 2698 3656 sedentes
2725 3600 2792 3654 ad
2843 3608 3058 3670 portam
3106 3618 3119 3656 :
3161 3606 3216 3654 et
3247 3599 3444 3670 psalmi
3479 3599 3535 3654 bi

1975 3695 2220 3750 bentium
2252 3695 2608 3761 ebrietatem;
2648 3713 2666 3746 ι
2701 3692 3004 3749 secundum
3043 3690 3433 3764 Symmachum
3461 3706 3562 3745 au-

1976 3795 2086 3842 tem
2118 3806 2131 3842 :
2173 3805 2191 3837 ι
2232 3785 2299 3840 Ει
2338 3787 2578 3856 ploranti
2608 3791 2732 3856 post
2751 3785 2963 3855 jejunia
2988 3783 3227 3838 animam
3254 3799 3451 3846 meam,
3484 3780 3564 3837 fa-

1975 3892 2123 3935 ctum
2170 3880 2334 3936 estin
2366 3878 2720 3950 opprobrium
2756 3876 2992 3930 mibi.Et
3027 3892 3237 3946 ponens
3271 3875 3562 3928 indumen-

1976 3981 2088 4026 tum
2119 3987 2300 4026 meum
2333 3986 2578 4034 saccum,
2611 3977 2667 4025 et
2701 3969 2882 4026 factus
2922 3984 3044 4023 sum
3088 3968 3197 4023 illis
3243 3965 3298 4021 in
3329 3965 3560 4036 parabo-

1975 4063 2106 4118 lam.
2136 4061 2483 4116 Enarrabant
2507 4076 2614 4132 ,me
2637 4059 2892 4115 sedentes
2934 4059 2989 4112 in
3043 4065 3224 4128 porta,
3261 4064 3315 4112 et
3347 4055 3521 4126 psalle

1975 4156 2108 4210 bant
2132 4170 2219 4210 me
2239 4155 2492 4210 bibentes
2522 4153 2864 4208 ebrietatem.
2898 4171 2917 4203 ›
2947 4150 3015 4204 At
3045 4150 3239 4204 borum
3272 4147 3562 4204 occasione

1975 4245 2388 4316 disquirendum
2419 4252 2526 4307 est,
2559 4259 2660 4299 cur
2685 4259 2715 4297 a
2743 4241 3036 4298 Servatore
3060 4241 3271 4296 dictum
3303 4239 3359 4294 in
3387 4238 3536 4293 Evan

1973 4339 2116 4410 gelio
2149 4337 2314 4394 fuerit
2349 4357 2362 4392 :
2398 4356 2417 4390 ι
2461 4337 2625 4393 Venit
2675 4337 2915 4393 Joannes
2971 4349 3151 4405 neque
3198 4331 3562 4394 manducans,

292 4409 542 4493 εξετάσαι
569 4429 884 4498 ἀναγκαῖον,
917 4409 1033 4494 πῶς
1049 4409 1261 4502 εἴρηται
1295 4430 1400 4482 ὑπὸ
1413 4430 1507 4483 τοῦ
1539 4430 1790 4502 Σωτῆρος
1815 4431 1871 4484 ἐν

1977 4409 2156 4498 neque
2193 4429 2410 4493 bibens,
2446 4435 2501 4484 et
2531 4427 2764 4483 dicunt:
2799 4425 3139 4482 Daemoniutn
3189 4423 3372 4477 habet.
3403 4409 3565 4475 Venit

294 4517 664 4587 Εὐαγγελίοις’
705 4536 724 4570 ι
756 4514 960 4572 Ἦλθεν
1016 4518 1266 4589 Ἰωάννης
1315 4518 1451 4589 μήτε
1494 4516 1689 4570 ἐσθίων
1733 4517 1871 4588 μήτε

1975 4520 2147 4576 Filios
2186 4521 2427 4576 hominis
2473 4521 2816 4576 manducans
2863 4526 2919 4574 et
2967 4517 3184 4579 bibens,
3215 4524 3270 4570 et
3319 4512 3561 4568 dicunt:

296 4609 490 4674 πίνων,
531 4611 624 4664 καὶ
649 4610 919 4679 λέγουσιν·
964 4610 1250 4682 Δαιμόνιον
1285 4610 1416 4682 ἔχει.
1443 4606 1647 4664 Ἦλθεν
1683 4611 1712 4663 ό
1745 4609 1871 4673 Υἱὸς

1976 4613 2118 4669 Ecce
2146 4613 2312 4667 homo
2338 4627 2505 4668 vorax
2543 4620 2599 4668 et
2639 4619 2858 4682 potator
2886 4610 3021 4674 vini,
3054 4607 3476 4680 publicanorum
3508 4609 3565 4660 et

294 4700 391 4754 τοῦ
418 4699 704 4772 ἀνθρώπου
730 4699 925 4754 ἐσθίων
952 4701 1045 4754 καὶ
1076 4700 1267 4765 πίνων,
1303 4701 1396 4754 καὶ
1431 4701 1700 4769 λέγουσιν’
1740 4700 1871 4754 Ἰδοὺ

1979 4711 2329 4776 peccatorum
2371 4706 2584 4760 amicus
2604 4705 2672 4758 ’³.
2703 4724 2721 4756 ›
2752 4703 2860 4758 Sed
2888 4703 3042 4758 dicas
3069 4699 3186 4754 haec
3211 4696 3366 4752 initio
3387 4694 3566 4748 Evan-

298 4791 584 4865 ἅνθρωπος
618 4792 790 4862 φάγος
816 4792 911 4846 xal.
943 4793 1225 4864 οἰνοπότης
1247 4833 1262 4859 ,
1305 4792 1552 4848 τελωνῶν
1583 4793 1737 4863 φίλος
1782 4793 1871 4848 καὶ

1982 4792 2106 4862 gelii
2130 4793 2276 4848 facta
2304 4808 2447 4859 esse,
2477 4791 2701 4864 quando
2726 4808 2792 4848 eo
2813 4791 2963 4863 quod
2994 4787 3251 4858 discipuli
3286 4785 3408 4856 ejus
3453 4797 3562 4839 nou

299 4884 661 4957 ἁμαρτωλῶν.
687 4903 706 4937 ι
736 4883 876 4938 Ἀλλ’
893 4887 1039 4957 ἐρεῖς
1051 4883 1224 4940 ταῦτα
1249 4886 1368 4939 κατ’
1388 4885 1562 4958 ἀρχάς
1585 4883 1681 4940 τοῦ
1697 4885 1877 4956 Εὐαγ-

299 4978 484 5047 γελίου
529 4976 828 5048 γίγνεσθαι,
865 4977 954 5031 ὅτε
981 4976 1069 5030 διά
1098 4977 1160 5030 τὸ
1196 4977 1270 5050 μὴ
1301 4977 1579 5049 νηστεύειν
1608 4979 1735 5043 τοὺς
1775 4996 1880 5050 μα-

303 5069 472 5142 θητὰς
493 5069 678 5138 αὐτοῦ,
708 5069 806 5142 τὴν
831 5070 972 5142 ὑπὲρ
1000 5069 1176 5124 αὐτῶν
1203 5069 1496 5140 ἀπολογίαν
1539 5069 1880 5141 ποιούμενος,

303 5162 540 5232 ῐφασκεν
559 5181 572 5194 ο
599 5182 617 5215 ι
628 5163 702 5217 οὐ
715 5162 964 5216 δύνανται
980 5164 1029 5216 ot
1049 5162 1156 5216 υἱοὶ
1167 5161 1260 5216 τοῦ
1276 5163 1563 5235 νυμφῶνος
1576 5160 1879 5234 νηστεύειν,

305 5253 390 5323 ἐφ’
419 5255 543 5308 ὅσον
574 5255 691 5325 μετ’
716 5254 896 5308 αὐτῶν
920 5257 1067 5309 ἐστιν
1099 5255 1129 5308 ὁ
1155 5254 1386 5327 νυμφίος
1404 5271 1418 5287 ⁸
1445 5254 1743 5328 ἀρθήσεται
1779 5253 1874 5306 ἀπ’

304 5345 484 5401 αὐτῶν
528 5346 558 5398 ό
594 5345 848 5416 νυμφίος,
895 5345 988 5399 καὶ
1025 5344 1147 5398 τότε
1199 5343 1598 5416 νηστεύσουσιν.
1633 5363 1655 5396 ι
1718 5343 1880 5416 Ὁρᾷς

307 5435 436 5510 γὰρ,
465 5437 542 5501 ὡς
581 5439 675 5490 καὶ
707 5435 868 5498 αὐτὸς
898 5435 1167 5506 ἠπίστατο
1201 5435 1292 5489 τον
1327 5437 1426 5507 τῆς
1465 5436 1720 5508 νηστείας
1755 5453 1881 5490 και-

310 5527 432 5602 ρόν;
459 5528 712 5582 Εῑτοίνυν
732 5528 821 5581 τὸν
846 5525 1038 5599 καιρδν
1065 5527 1158 5580 τοῦ
1180 5527 1386 5592 πάθους
1409 5527 1574 5583 αὐτοῦ
1598 5527 1882 5596 συνεξετά-

309 5636 463 5684 ccta;
491 5623 602 5687 τοῖς
629 5619 764 5692 μετὰ
791 5622 978 5692 χεῖρας
1001 5621 1402 5692 προκειμένοις,
1436 5619 1617 5693 εὕροις
1639 5620 1705 5676 ἂν
1732 5621 1882 5686 ὅπως

389 5799 433 5832 ³³
463 5797 654 5858 Iatth.
703 5817 782 5868 XI,
832 5801 920 5871 i8,
962 5799 1050 5858 i9.
1127 5799 1174 5833 ’δ
1215 5797 1405 5856 Matth.
1450 5814 1532 5868 lx,
1569 5798 1666 5857 .15.

1979 4887 2322 4959 jejunarent,
2372 4901 2474 4957 pro
2511 4886 2671 4958 ipsis,
2703 4885 2920 4956 objecta
2949 4883 3266 4954 depellens,
3292 4879 3511 4936 dicebat
3545 4898 3560 4936 :

1990 4997 2009 5030 ε
2072 4977 2193 5032 Non
2245 4984 2478 5049 possunt
2534 4977 2630 5031 lilii
2684 4975 2910 5030 thalami
2963 4972 3244 5044 sponsalis
3285 4970 3561 5040 jejunare,

1983 5068 2225 5140 quandiu
2264 5085 2388 5124 cum
2445 5069 2554 5124 illis
2601 5078 2684 5123 est
2733 5081 3011 5138 sponsus:
3051 5063 3330 5119 auferetur
3362 5062 3432 5116 ab
3483 5059 3564 5115 eis

1985 5177 2249 5234 sponsus,
2281 5167 2337 5217 et
2367 5171 2500 5216 tunc
2525 5161 2854 5231 jejunabunt
2877 5158 2943 5212 ³⁵.
2984 5176 3004 5210 ι
3040 5155 3236 5210 Viden’
3267 5151 3414 5224 quod
3447 5151 3566 5222 ipse

1983 5269 2202 5324 quoque
2247 5252 2439 5323 jejunii
2489 5261 2704 5324 tempus
2729 5252 2902 5324 probe
2939 5250 3143 5306 sciret?
3179 5247 3237 5303 Si
3269 5261 3400 5316 ergo
3429 5251 3566 5298 tem-

1983 5360 2088 5416 pus
2130 5344 2406 5414 passionis
2457 5343 2633 5414 ipsius
2688 5359 2813 5400 cum
2864 5343 2932 5399 iis
2961 5357 3084 5412 quae
3113 5339 3227 5410 jam
3262 5343 3565 5391 tractamus

1987 5436 2290 5493 contuleris
2348 5437 2729 5508 deprehendes
2790 5434 3066 5507 quomodo
3115 5433 3232 5488 haec
3296 5426 3565 5497 completa

1987 5528 2212 5595 fuerint,
2245 5529 2467 5600 quando
2524 5529 2742 5586 sublato
2780 5527 3002 5586 demum
3052 5538 3278 5596 sponso,
3309 5515 3565 5589 discipuli

1984 5619 2107 5692 ejus
2129 5620 2475 5693 jejunabant.
2501 5621 2688 5694 Neque
2715 5623 2828 5680 veri
2859 5619 3113 5678 absimile
3134 5623 3243 5682 est,
3277 5626 3402 5670 eum
3425 5620 3569 5682 prat-
