4086 6442
599 277 704 332 753

1327 270 1600 330 EUSEBII
1636 269 2124 328 CESARlENSIS
2155 271 2173 327 1

2274 273 2304 326 ⁵.
2344 269 2524 336 PARS
2560 267 2646 326 Ill.
2686 297 2757 313 —
2795 269 3202 328 EXEGETICA.
3791 275 3876 332 7η

597 396 873 451 videntem
926 409 986 450 se
1028 393 1182 452 brevi
1226 405 1352 464 post
1405 403 1650 464 tempore
1683 392 1820 463 ipsis
1868 401 2173 449 extraneun

2291 391 2461 454 ταῦτα
2491 391 2812 475 ἐπληροῦτο,
2846 394 2934 448 ὅτε
2971 393 3158 452 λοιπὸν
3185 393 3504 465 αἰρομένου
3537 388 3640 446 τοῦ
3671 397 3878 467 νυμφίου

597 486 734 552 fore,
762 495 819 542 et
852 493 1028 542 totum
1075 501 1141 542 ex
1188 486 1618 540 circumcisione
1661 485 1922 556 populum
1959 485 2185 556 sangui-

596 594 722 634 nem
755 594 916 634 suum
951 579 1362 650 postulaturum
1388 594 1534 642 esse,
1566 575 1789 633 Petrum
1832 585 2180 648 negaturum,

597 678 654 724 et
685 669 815 722 talia
866 678 1061 724 contra
1107 685 1166 725 se
1216 667 1581 740 perpetranda
1621 683 1785 734 esse;
1839 676 1898 722 ut
1936 667 2182 723 futurum

597 767 750 816 esset
800 761 1055 816 tenebras
1107 760 1291 813 omnia
1349 759 1560 813 circum
1619 757 1948 821 obvolvere,
2011 759 2181 814 solem

596 853 776 924 ipsum
809 851 1121 914 obscurari,
1169 851 1348 905 velum
1397 851 1582 920 templi
1633 850 1834 913 scindi,
1891 851 2182 920 omniaque

596 947 726 1001 olim
747 947 811 1024 in
841 943 1044 1000 lsraele
1077 943 1388 998 veneranda
1420 943 1624 1009 everti;
1654 943 1910 997 nimirum
1952 959 2178 1013 regnum

595 1037 1194 1101 eorum,sacerdotium
1217 1043 1271 1090 et
1303 1035 1504 1091 Sancta
1535 1044 1882 1101 sanctorum;
1914 1035 2180 1090 omnium-

595 1145 702 1200 que
738 1143 926 1184 eorum
968 1127 1332 1195 abjectionem
1372 1133 1426 1180 et
1466 1125 1740 1180 excidium
1772 1125 2064 1181 confertim
2095 1125 2179 1180 fu-

597 1228 780 1272 turum
813 1237 826 1273 :
862 1233 971 1270 non
1003 1216 1138 1280 veri,
1171 1216 1417 1286 inquam,
1444 1216 1696 1272 absimile
1736 1225 1841 1279 est,
1873 1217 2050 1288 ipsum
2085 1218 2178 1271 ho-

595 1327 717 1364 rum
740 1326 906 1364 causa
931 1325 1241 1365 macerasse
1278 1311 1334 1364 in
1358 1310 1570 1379 jejunio
1615 1311 1854 1365 animam
1908 1328 2086 1379 suam,
2121 1321 2177 1368 et

592 1404 846 1474 posuisse
881 1403 1266 1458 vestimentum
1297 1418 1460 1457 suum
1493 1419 1738 1458 saccum.
1781 1403 1900 1469 Qua
1924 1405 1992 1459 de
2011 1421 2176 1460 causa

593 1495 746 1566 impii
773 1495 1024 1550 homines
1045 1495 1224 1565 ipsum
1255 1495 1576 1559 irridebant,
1600 1495 1730 1550 dum
1765 1497 1884 1552 loco
1907 1500 2178 1568 parabolae

592 1583 846 1640 futilibus
871 1586 988 1641 suis
1020 1585 1368 1640 sermonibus
1416 1593 1782 1656 nugarentur;
1813 1586 2030 1658 alioque
2067 1587 2174 1650 diei

593 1690 837 1748 tempore
867 1678 922 1731 in
958 1679 1126 1747 portis
1175 1679 1414 1744 collecti,
1445 1693 1542 1733 eos
1565 1678 1661 1748 qui
1694 1679 2046 1748 prazteribant
2079 1697 2175 1750 per

591 1771 896 1825 calumnias
947 1771 1001 1824 in
1055 1770 1232 1839 ipsum
1277 1779 1516 1827 structas
1557 1771 1612 1824 in
1647 1785 1890 1826 errorem
1936 1773 2172 1828 deduce-
2207 1757 2252 1817 Β

589 1875 748 1934 rent;
792 1873 1039 1935 tempore
1073 1871 1254 1918 autem
1288 1863 1418 1928 cibi,
1451 1864 1578 1918 vino
1608 1871 1663 1918 et
1685 1863 1938 1918 ebrietati
1972 1879 2174 1920 vacan-

591 1971 693 2020 tes.
722 1959 1027 2014 cantilenas
1078 1964 1270 2011 contra
1321 1956 1498 2020 ipsum
1546 1957 1795 2012 ederent.
1848 1956 2029 2024 Quare
2082 1958 2173 2014 ille

589 2053 871 2124 operiebat
905 2052 958 2105 in
997 2049 1210 2119 jejunio
1243 2049 1482 2102 animam
1517 2064 1697 2114 suam,
1731 2057 1785 2105 et
1831 2037 2067 2121 ponebat
2094 2053 2172 2108 in-

589 2144 910 2198 dumentum
962 2155 1120 2197 suum
1159 2155 1406 2199 saccum,
1443 2139 1607 2209 idque
1630 2155 1730 2209 pro
1760 2141 1992 2196 aliorum
2025 2144 2172 2198 salu-

588 2241 642 2290 te
671 2251 738 2289 ex
763 2232 1026 2288 bonitatis
1053 2230 1441 2300 exsuperantia
1474 2231 1787 2301 praestabat.

2288 485 2382 538 καὶ
2408 485 2459 537 οἱ
2491 484 2728 556 μαθηταὶ
2748 485 2913 538 αὐτοῦ
2936 486 3244 556 ἐνήστευον.
3274 486 3408 553 Ἐφ’
3427 477 3521 548 οἷς
3547 484 3656 546 οὐκ
3681 487 3879 555 artemo;

2283 571 2352 647 ἦν
2376 577 2472 630 καὶ
2505 578 2666 632 αὐτὸν
2695 576 3033 649 προορῶντα,
3060 577 3136 641 ὼς
3160 577 3367 659 μικρὸν
3391 576 3644 648 ὕστερον
3673 577 3882 650 ἀπηλλο-

2282 668 2582 740 τριωμένος
2612 669 2763 722 ἔσται
2807 670 3008 733 αὐτοῖς,
3041 669 3136 722 κα)⁵
3167 669 3242 733 ὡς
3267 669 3330 723 τὸ
3367 669 3493 732 πᾶν
3523 668 3686 732 ἔθνος
3714 671 3802 724 τοῦ
3830 677 3882 726 ὲκ

2283 759 2586 830 περιτομῆς
2617 759 2747 812 λαοῦ
2786 759 2848 812 τὸ
2877 753 3014 830 αἷμα
3049 758 3217 812 αὑτοῦ
3251 760 3637 831 ἐξαιτήσεται
3656 800 3674 826 ,
3709 763 3796 816 καὶ
3821 765 3882 829 ὡς

2283 852 2487 924 Πέτρος
2513 851 2672 906 αὑτὸν
2701 853 3019 924 ἀρνήσεται,
3053 853 3148 906 καὶ
3168 853 3406 908 τοιαῦτα
3430 855 3568 907 κατ’
3591 855 3758 908 αὐτοῦ
3784 859 3884 911 τολ-

2285 943 2609 1014 μηθήσεται,
2635 941 2776 996 ὥστε
2812 943 2997 1007 σκότος
3029 943 3303 1007 διαλαϐεῖν
3333 945 3406 998 τὸ
3438 944 3734 1016 περιέχον,
3753 947 3916 1018 ἥλιόν·

2279 1052 2338 1087 τε
2369 1033 2530 1088 αὑτὸν
2563 1035 2912 1105 σκοτισθῆναι
2935 1078 2948 1098 ,
2980 1037 3073 1089 καὶ
3106 1035 3166 1088 τὸ
3202 1036 3641 1108 καταπέτασμα
3675 1039 3767 1092 τοῦ
3795 1042 3882 1094 νεὼ

2282 1127 2596 1198 σχισθῆναι,
2657 1128 3032 1199 ἀνατραπῆναι
3078 1145 3136 1181 τε
3200 1130 3388 1182 πάντα
3458 1128 3537 1182 τὰ
3580 1129 3754 1182 πάλαι
3802 1133 3882 1186 τοῦ

2290 1217 2504 1289 Ἰσραὴλ
2536 1217 2728 1288 σεμνὰ,
2764 1217 2906 1287 λέγω
2937 1219 2993 1272 δὲ
3016 1218 3113 1290 τὴν
3141 1217 3426 1289 βασιλείαν
3451 1219 3654 1274 αὐτῶν
3689 1221 3782 1274 καὶ
3799 1223 3882 1294 τὴν

2281 1309 2577 1382 ἱερωσύνην
2611 1310 2706 1362 καὶ
2738 1308 2807 1363 τὰ
2832 1312 2997 1380 ’Ἀγια
3025 1312 3132 1364 τῶν
3164 1311 3356 1380 ἁγίων·
3398 1313 3647 1367 πάντων
3683 1330 3743 1365 τε
3776 1314 3884 1366 τού-

2279 1420 2386 1457 των
2419 1402 2689 1474 ἀποϐολὴν
2727 1403 2822 1456 καὶ
2847 1404 3157 1476 ἀνατροπὴν
3189 1405 3397 1478 ἀθρόαν
3431 1404 3746 1475 γενέσθαι·
3774 1408 3882 1460 τού-

2277 1513 2384 1549 των
2415 1495 2580 1550 ἕνεκα
2616 1497 2715 1550 οὐκ
2757 1497 2985 1561 ἀπεικὸς
3017 1493 3084 1568 ἧν
3121 1497 3281 1550 αὑτὸν
3317 1499 3677 1550 καταπονείν
3705 1499 3763 1550 ἐν
3797 1515 3881 1569 νη-

2279 1588 2432 1660 στείᾳ
2462 1587 2556 1660 τὴν
2591 1587 2768 1659 ψυχὴν
2791 1587 2977 1651 αὐτοῦ,
3011 1589 3106 1642 καὶ
3128 1587 3335 1642 τιθέναι
3359 1587 3430 1640 τὸ
3474 1588 3700 1658 ἔνδυμα
3728 1589 3879 1644 αὑτοῦ

2279 1681 2480 1735 σάκκον
2519 1683 2604 1750 ἐφ’
2633 1675 2677 1749 ᾧ
2707 1682 2800 1734 καὶ
2836 1679 3123 1750 ἐχλεύαζον
3157 1681 3320 1732 αὐτὸν
3351 1683 3402 1734 οἱ
3457 1680 3700 1744 ἀσεϐεῖς
3726 1721 3741 1744 ,
3775 1682 3881 1734 ἀντὶ

2278 1773 2592 1844 παραϐολῆς
2611 1777 2730 1836 ταῖς
2761 1773 2880 1827 κατ’
2907 1772 3072 1826 αὐτοῦ
3089 1773 3406 1844 διηγήσεσιν
3430 1773 3875 1844 ἀδολεσχοῦντες·

2278 1866 2479 1921 καὶτὸν
2497 1866 2595 1937 μὲν
2623 1865 2779 1920 ἄλλον
2798 1865 2987 1938 καιρὸν
3014 1866 3114 1936 τῆς
3139 1866 3375 1938 ἡμέρας,
3403 1869 3472 1919 ὲν
3509 1869 3647 1928 ταῖς
3697 1865 3879 1928 πύλαις

2279 1958 2665 2028 συναγόμενοι,
2686 1957 2812 2021 τοὺς
2845 1957 2912 2010 δι’
2943 1957 3124 2012 αὐτῶν
3164 1958 3572 2030 διερχομένους
3608 1961 3738 2023 ταῖς
3770 1959 3876 2012 κατ’

2277 2047 2441 2101 αὑτοῦ
2474 2046 2746 2110 διαϐολαῖς
2767 2045 3032 2100 ὲπλάνωνο
3065 2048 3123 2101 ἐν
3145 2047 3201 2102 δὲ
3220 2049 3298 2119 τῷ
3314 2048 3509 2122 καιρῷ
3533 2049 3644 2118 τῆς
3662 2050 3875 2119 τροφῆς,

2277 2143 2404 2212 οἴνῳ
2435 2141 2528 2194 καὶ
2571 2139 2709 2213 μέθῃ
2745 2139 3115 2211 σχολάζοντες,
3155 2140 3297 2212 ᾠδὰς
3345 2143 3726 2196 συνετίθεσαν
3771 2143 3875 2197 κατ’

2277 2233 2460 2288 αὑτοῦ.
2491 2233 2583 2286 Διὸ
2609 2233 3010 2287 συνεκάλυπτεν
3037 2235 3094 2288 ἐν
3123 2235 3342 2307 νηστείᾳ
3361 2236 3468 2308 τὴν
3482 2235 3680 2306 ψυχὴν
3700 2235 3875 2303 αὑτοῦ,

589 2325 684 2378 καὶ
715 2323 922 2378 ἐτίθετο
952 2323 1012 2377 τὸ
1081 2322 1285 2393 ἔνδυμα
1333 2322 1497 2377 αὐτοῦ
1533 2323 1766 2390 σάκκον,
1837 2325 1976 2397 ὑπὲρ
2015 2327 2113 2398 τῆς
2176 2328 2378 2400 ἐτέρων
2426 2327 2730 2398 σωτηρίας,
2773 2326 2840 2379 δι’
2890 2321 3194 2399 ὑπερϐολὴν
3239 2328 3681 2401 φιλανθρωπίας
3716 2327 3872 2382 ταῦτα

588 2421 866 2491 πράττων.

662 2539 830 2593 Vens.
857 2536 944 2590 l4.
976 2553 994 2586 ι
1017 2534 1128 2606 Ego
1162 2550 1293 2590 vero
1316 2535 1622 2590 orationem
1651 2551 1829 2592 meam
1857 2537 1926 2592 ad
1960 2545 2031 2602 te,
2065 2537 2168 2592 Do-

589 2633 758 2694 mine,
792 2637 1008 2698 tempus
1063 2629 1410 2698 heneplaciti,
1456 2626 1641 2684 Deus:
1703 2629 1765 2684 In
1821 2629 2168 2686 multitudine

587 2722 978 2779 misericordia:
1005 2728 1111 2775 tua:
1132 2720 1328 2776 exaudi
1360 2736 1464 2776 me.
1507 2741 1526 2773 ι
1561 2719 1642 2775 11ιί
1676 2722 1917 2792 quidem,
1945 2725 2038 2789 ait,
2073 2724 2168 2778 de-

586 2814 858 2875 ridebant,
902 2811 1363 2879 alﬂictionemque
1406 2824 1583 2864 meam
1623 2810 2002 2865 traducebant.
2054 2812 2168 2882 Ego

585 2921 716 2962 vero
748 2903 1188 2975 perseverabam,
1220 2903 1521 2957 orationem
1573 2919 1750 2958 meam
1782 2905 1882 2958 tibi
1936 2903 2167 2960 Domino

585 2998 840 3055 oﬂ'erens.
873 2997 1143 3052 Observes
1190 3011 1357 3066 porro
1409 2997 1590 3060 velim,
1635 2995 1958 3051 Hebraicam
2021 2995 2166 3052 Scri-

591 3097 808 3161 pturam
837 3089 926 3143 hic
953 3103 1170 3158 quoque
1200 3095 1438 3157 quatuor
1484 3088 1790 3142 litterarum
1816 3103 1949 3144 voce
1976 3089 2162 3144 Domi-

588 3199 719 3237 num
752 3183 1078 3252 exprimere.
1107 3179 1182 3234 Te
1209 3196 1342 3235 vero
1376 3178 1666 3234 Dominum
1699 3180 2002 3250 deprecans
2027 3181 2170 3237 dice-
2194 3154 2236 3211 Ο

586 3275 712 3350 bam
747 3293 760 3329 :
798 3293 815 3324 ‹
853 3272 1095 3344 Tempus
1132 3272 1483 3342 beneplaciti,
1517 3271 1701 3336 Deus;
1743 3291 1762 3324 ι
1799 3272 1937 3335 sive,
1969 3287 2169 3327 secun-

586 3367 715 3421 dum
739 3363 1125 3435 Symmachum
1152 3381 1166 3416 :
1196 3381 1214 3412 ‹
1235 3361 1472 3432 Tempus
1498 3361 1982 3416 reconciliationis.
2001 3361 2164 3425 Deus,

586 3458 641 3512 in
666 3455 1013 3510 multitudine
1049 3453 1444 3508 misericordia:
1483 3461 1590 3506 tua:
1609 3453 1808 3507 exaudi
1843 3469 1949 3507 me.
1986 3472 2004 3505 ι
2033 3451 2166 3506 Nam

585 3549 634 3604 si
663 3547 798 3602 alias
837 3562 932 3600 vox
965 3552 1060 3599 tua
1098 3543 1277 3599 Patris
1300 3546 1405 3598 mei
1439 3543 1572 3597 mihi
1595 3543 1711 3597 haec
1734 3543 2022 3597 testificata
2049 3551 2163 3598 est:

592 3659 611 3692 ι
654 3638 753 3693 Hic
785 3647 870 3693 est
908 3637 1080 3691 Filius
1129 3651 1285 3690 meus
1334 3635 1566 3690 dilectus
1613 3635 1669 3688 in
1704 3650 1814 3705 quo
1864 3634 1996 3688 mihi
2032 3635 2168 3688 bene

585 3731 892 3803 complacui
931 3731 1013 3798 ¹⁵;
1057 3749 1074 3782 ι
1113 3743 1260 3784 nunc
1299 3727 1537 3783 maxime
1568 3737 1782 3796 tempus
1839 3724 2166 3797 beneplaciti

584 3833 672 3882 est
706 3839 918 3894 :quare
947 3837 1144 3893 precor
1190 3829 1252 3873 ut
1285 3820 1341 3873 in
1390 3819 1740 3872 multitudine
1777 3817 2168 3872 misericordiae

584 3921 696 3969 tua;
725 3912 988 3968 exaudias
1019 3927 1122 3976 me,
1154 3917 1208 3964 et
1241 3910 1294 3962 in
1343 3908 1574 3964 veritate
1617 3908 1813 3964 salutis
1847 3915 1954 3961 tuae
1980 3923 2166 3962 serves

583 4021 690 4060 me.
741 4003 862 4058 Non
909 4004 1204 4057 humanam
1253 4003 1454 4072 quippe
1504 4000 1724 4070 postqu
1781 3999 2033 4062 salutem,
2069 3997 2166 4053 sed

582 4112 790 4152 veram.
822 4095 971 4150 Talis
997 4109 1162 4164 porro
1190 4103 1275 4149 est
1315 4109 1436 4164 quae
1465 4109 1532 4148 ex
1557 4103 1610 4147 te
1640 4090 1911 4163 provenit,
1943 4105 2049 4162 qua
2079 4106 2166 4145 me

582 4203 720 4259 rogo
769 4187 909 4257 eripi
961 4201 991 4239 a
1025 4186 1140 4240 luto
1174 4194 1236 4238 ut
1279 4201 1388 4238 non
1435 4184 1650 4254 infigar.
1678 4183 1724 4236 A
1751 4199 1862 4253 quo
1888 4183 2025 4249 luto,
2059 4181 2165 4237 nisi

583 4276 653 4332 de
689 4291 799 4347 quo
828 4276 1078 4346 superius
1106 4273 1393 4328 dicebam:
1442 4290 1460 4324 ι
1511 4271 1714 4327 Infixus
1758 4287 1879 4326 sum
1930 4271 1988 4326 in
2035 4271 2166 4324 limo

583 4369 862 4442 profundi,
896 4377 951 4422 et
981 4382 1087 4420 non
1113 4376 1196 4422 est
1226 4365 1564 4421 substantia?
1590 4383 1609 4416 ι
1633 4363 1766 4418 Nam
1795 4364 1886 4433 qui
1911 4363 2164 4433 superius

2348 2551 2366 2584 ‹
2405 2529 2575 2600 Κάγὼ
2595 2531 2653 2584 δὲ
2676 2532 2708 2601 ἡ
2737 2532 3008 2603 προσευχὴ
3035 2549 3134 2602 μου
3177 2532 3312 2604 πρὸς
3341 2533 3422 2600 σὲ,
3446 2534 3664 2608 Κύριε,
3692 2554 3871 2610 καιρος

2272 2622 2537 2687 εὐδοκίας,
2576 2625 2604 2677 ὁ
2631 2621 2762 2686 Θεὸς
2781 2639 2794 2652 ·
2824 2623 2883 2676 ἐν
2921 2622 3001 2694 τῷ
3030 2623 3222 2696 πλήθει
3250 2625 3345 2680 τοῦ
3379 2626 3580 2688 ἐλέους
3612 2644 3712 2681 σου
3745 2629 3870 2682 ἐπά-

2273 2710 2466 2763 κουσόν
2503 2727 2624 2780 μου.
2661 2730 2679 2763 ›
2715 2712 2778 2764 Οἱ
2811 2711 2909 2782 μὲν
2963 2712 3279 2782 ἐχλεύαζον,
3308 2717 3464 2786 φησὶ,
3488 2717 3595 2772 καὶ
3627 2717 3868 2790 διέσυρον

2273 2803 2373 2866 τὰς
2421 2801 2562 2873 ἐμὰς
2608 2801 2900 2867 κακώσειςο
2949 2803 3061 2873 ἐγὼ
3110 2804 3166 2857 δὲ
3223 2809 3743 2881 προσεκαρτέρουν,
3775 2811 3865 2881 τὴν

2273 2895 2414 2966 ἐμὴν
2447 2895 2753 2966 προσευχήν
2779 2912 2859 2948 σοι
2890 2895 2970 2966 τῷ
2992 2896 3180 2968 Κυρίῳ
3199 2901 3668 2972 προσαναφέρων.
3707 2903 3863 2973 Τήρει

2270 2987 2348 3052 δὲ,
2382 2987 2457 3051 ὡς
2495 2988 2586 3040 καὶ
2619 2986 2850 3040 ἐνταῦθα
2883 2987 2975 3040 τὸν
3012 2988 3214 3060 Κύριον
3246 2989 3333 3044 διὰ
3360 2991 3457 3045 τοῦ
3505 2987 3861 3065 τετραγράμ-

2272 3097 2376 3151 μου
2410 3081 2442 3150 ἡ
2481 3080 2742 3152 Ἐδραῖκὴ
2771 3081 3192 3152 ἐπισημαίνεται
3223 3086 3431 3157 γραφή.
3460 3087 3782 3158 Εὐχόμενος
3809 3086 3860 3139 δὲ

2271 3175 2406 3246 πρὸς
2437 3174 2494 3227 σὲ
2516 3175 2606 3228 τὸν
2637 3173 2840 3246 Κύριον
2857 3174 3029 3228 ταῦτα
3051 3175 3254 3244 ἔλεγον·
3299 3197 3318 3230 ι
3345 3180 3562 3252 Καιρὸς
3596 3179 3858 3239 εὐδοκίας.

2269 3265 2298 3318 ὁ
2334 3265 2484 3330 Θεός·
2522 3286 2540 3318 ι
2570 3265 2625 3337 ἢ,
2655 3265 2796 3319 κατὰ
2825 3267 2916 3319 τὸν
2929 3267 3242 3339 Σύμμαχον·
3281 3289 3299 3320 ‹
3325 3271 3517 3342 καιρὸς
3545 3271 3857 3340 διαλλαγῆς.

2283 3357 2339 3410 '0
2356 3357 2507 3422 Θεὸς,
2538 3359 2595 3411 ἐν
2618 3358 2696 3429 τῷ
2712 3357 2908 3430 πλήθει
2922 3359 3016 3412 τοῦ
3037 3360 3220 3424 ἐλέους
3236 3379 3329 3414 σου
3350 3363 3668 3417 ἐπάκουσόν
3690 3378 3808 3433 μου.
3833 3379 3851 3411 r

2271 3448 2334 3503 El
2360 3450 2467 3521 γὰρ
2505 3449 2598 3503 καί
2631 3466 2760 3502 ποτε
2784 3449 2971 3503 ἄλλοτε
3001 3451 3118 3523 ήσὴ
3135 3451 3229 3504 τοῦ
3257 3452 3472 3524 Πατρδς
3507 3453 3856 3526 ἐμαρτύρησε

2269 3543 2421 3613 φωνὴ
2454 3543 2703 3612 λέγουσαο
2748 3563 2766 3597 ι
2794 3539 2961 3609 Οὗτός
2987 3547 3134 3600 ἐστιν
3153 3549 3180 3599 ὁ
3213 3546 3338 3610 Υἱός
3368 3565 3468 3618 μου
3500 3552 3530 3602 ὁ
3550 3546 3851 3618 ἀγαπητὸς,

2267 3639 2326 3692 ὲν
2350 3633 2394 3706 ᾧ
2424 3638 2720 3710 ηὑδόκησα.
2754 3659 2772 3691 ι
2822 3639 2980 3692 Ἀλλὰ
3007 3641 3100 3694 νῦν
3134 3641 3368 3710 μάλιστα
3392 3644 3592 3714 καιρός
3628 3645 3746 3696 ἐστι
3763 3642 3853 3710 τῆς

2267 3729 2534 3793 εὐδοκίας·
2563 3730 2642 3783 διὸ
2674 3729 2901 3785 ἱκετεύω
2933 3733 2990 3785 ἐν
3041 3732 3117 3801 τῷ
3159 3732 3350 3803 πλήθει
3382 3734 3478 3788 τοῦ
3523 3735 3716 3797 ἐλέους
3761 3748 3848 3785 σου

2267 3819 2570 3872 ἐπακοῦσαι
2597 3837 2721 3890 μου,
2750 3821 2843 3873 καὶ
2872 3821 2928 3873 ἐν
2951 3818 3179 3894 ἀληθείᾳ
3195 3823 3296 3893 τῆς
3318 3825 3598 3896 σωτηρίας
3625 3840 3722 3878 σου
3752 3821 3851 3875 σῶ·

2269 3907 2357 3961 σαί
2387 3925 2473 3978 με.
2510 3909 2583 3962 Οὐ
2620 3910 2729 3980 γὰρ
2767 3910 3112 3983 ἀνθρωπίνης
3144 3913 3333 3984 δέομαι
3365 3915 3685 3984 σωτηρίας,
3719 3911 3847 3968 ἀλλὰ

2265 3999 2362 4070 τῆς
2383 3999 2634 4071 ἀληθοῦςο
2671 4001 2906 4070 Τοιαύτη
2944 4001 3001 4055 δέ
3035 4003 3183 4056 ἐστιν
3214 4005 3248 4074 ἡ
3283 4003 3434 4075 παρὰ
3475 4004 3596 4070 σοῦ,
3630 4001 3754 4059 καθ’
3786 4001 3848 4072 ῆν

2269 4089 2505 4161 σωθῆναι
2526 4091 2749 4144 ἱκετεύω
2763 4092 2870 4146 ἀπὸ
2892 4092 3085 4164 πηλοῦ,
3107 4095 3195 4148 ἵνα
3223 4096 3296 4166 μὴ
3323 4096 3582 4165 ἐμπαγῶ.
3621 4092 3843 4148 Ποίουδὲ

2266 4181 2461 4251 πηλοῦ,
2477 4182 2508 4254 ἢ
2537 4200 2604 4236 πε
2611 4184 2665 4254 pi.
2677 4176 2737 4236 οὗ
2751 4185 3004 4256 ἀνωτέρω
3021 4185 3226 4254 ἕλεγοψ
3255 4207 3273 4238 ι
3296 4187 3603 4261 Ἐνεπάγην
3619 4190 3702 4252 είς
3719 4185 3844 4254 ῦλην

2267 4269 2450 4343 βυθοῦ,
2476 4274 2568 4327 καὶ
2595 4275 2696 4327 οὐκ
2712 4274 2856 4328 ἐστιν
2878 4277 3205 4342 ὑπόστασιςς
3235 4298 3252 4329 ι
3273 4277 3334 4330 Ἦ
3360 4278 3468 4348 γὰρ
3486 4279 3750 4351 ἀνωτέρω
3762 4275 3843 4328 λε-

2265 4364 2452 4435 χθεῖσα
2473 4365 2585 4428 ίλὺς
2605 4365 2765 4436 βυθοῦ
2787 4367 3022 4421 ἐνταῦθα
3037 4368 3206 4438 πηλὸς
3227 4368 3567 4440 ὠνόμασται.
3583 4373 3658 4442 Ση
3669 4367 3838 4440 μαίνει

582 4464 750 4518 limus
801 4459 1056 4530 profundi
1120 4459 1302 4513 dictus
1359 4467 1475 4522 est,
1535 4457 1624 4510 hic
1681 4457 1855 4510 lutum
1909 4466 2161 4512 vocatur.

2274 4456 2322 4508 δὲ
2346 4455 2432 4510 διὰ
2452 4455 2652 4510 τούτων
2677 4457 2774 4528 τὴν
2803 4457 2896 4512 τοῦ
2944 4457 3194 4530 σώματος
3226 4460 3284 4512 ἐν
3323 4459 3400 4531 τῷ
3427 4459 3644 4533 θανάτῳ
3672 4458 3835 4517 λύσιν,

583 4554 682 4610 His
767 4569 928 4625 porro
1005 4551 1276 4622 significat
1369 4549 1699 4606 solutionem
1773 4549 2021 4618 corporis
2106 4549 2161 4601 in

2274 4548 2394 4620 περὶ
2441 4545 2509 4620 ἦς
2566 4551 2624 4602 ἐν
2681 4550 2852 4621 ἑτέρῳ
2893 4550 3129 4619 ἔφασκεν
3161 4567 3175 4581 ο
3217 4569 3236 4603 ι
3287 4551 3400 4605 Οὐκ
3432 4550 3836 4621 ἐγκαταλείψεις

582 4655 794 4711 morte,
859 4646 926 4700 de
983 4661 1092 4714 qua
1158 4645 1213 4697 in
1282 4643 1389 4697 alio
1435 4644 1517 4698 sic
1564 4640 1938 4711 loquebatur:
1976 4658 1994 4690 ι
2042 4637 2160 4692 Non

2274 4639 2362 4710 τὴν
2412 4639 2590 4710 ψυχήν
2643 4658 2744 4710 μου
2795 4643 2875 4694 είς
2924 4643 3014 4695 τὸν
3079 4643 3212 4714 ᾅδην
3241 4683 3256 4708 ,
3319 4643 3441 4696 οὐδὲ
3497 4643 3692 4707 δώσεις
3751 4641 3835 4695 τὸν

583 4741 934 4810 derelinques
974 4737 1214 4791 animam
1269 4750 1446 4790 meam
1491 4735 1548 4789 in
1597 4732 1832 4796 inferno,
1865 4746 1967 4787 nec
2005 4730 2162 4787 dabis

2274 4731 2404 4784 5σιόν
2457 4749 2552 4786 σου
2602 4732 2728 4785 ἰδεῖν
2777 4733 3092 4805 διαφθοράν.
3137 4753 3156 4785 ι
3202 4735 3266 4788 Οί
3306 4734 3406 4804 μὲν
3449 4731 3541 4789 οὖν
3592 4735 3698 4789 ὑπὸ
3743 4728 3830 4784 τοῦ

580 4841 833 4892 sanctum
861 4839 1013 4884 tuum
1046 4827 1234 4884 videre
1258 4827 1668 4898 corruptionem
1700 4826 1767 4881 ³⁸.
1810 4843 1829 4876 ι
1863 4822 1969 4889 Qui
1999 4823 2164 4894 igitur

2274 4822 2494 4878 )avdzou
2541 4825 2922 4897 κρατηθέντες,
2960 4826 3256 4898 διαφθορὰν
3299 4827 3691 4899 ὑπομείναντες
3747 4823 3833 4878 καὶ

582 4942 614 4980 a
648 4931 825 4980 morte
851 4923 1188 4985 detinentur,
1237 4920 1642 4988 corruptionem
1688 4915 1860 4987 passi,
1901 4916 1956 4970 in
1987 4930 2159 4985 eaque

2274 4917 2319 4967 ὲν
2355 4915 2528 4988 φθορᾷ
2561 4917 2861 4988 γενόμενοι,
2897 4917 3350 4989 ἐναπομείναντές
3373 4936 3432 4972 τε
3462 4919 3622 4990 αὐτῇ,
3647 4912 3829 4972 ἐνεπά-

581 5017 892 5080 constituti,
927 5029 1052 5070 cum
1088 5014 1144 5068 in
1187 5028 1250 5068 ea
1280 5010 1717 5083 permanserint,
1747 5007 1898 5063 infixi
1932 5017 2060 5062 sunt
2103 5009 2159 5064 in

2274 5024 2436 5078 τησαν
2459 5010 2538 5072 είς
2569 5009 2658 5062 τὸν
2693 5007 2881 5078 πηλόν.
2923 5008 3063 5077 Ἐγὼ
3093 5009 3149 5062 δὲ
3182 5011 3233 5064 εί
3259 5011 3354 5064 καὶ⁵
3375 5009 3643 5081 κατῆλθον
3669 5001 3827 5061 κενώ-

579 5109 697 5162 luto
732 5125 746 5163 :
779 5121 879 5178 ego
910 5120 1039 5160 vero
1067 5103 1286 5159 etiamsi
1331 5100 1729 5165 descenderim,
1759 5099 1823 5154 ad
1860 5099 2032 5153 lutum
2066 5114 2158 5154 us-

583 5214 688 5271 que
719 5197 1018 5253 humilians
1053 5196 1341 5265 meipsum,
1369 5208 1566 5264 precor
1603 5201 1782 5247 tamen
1816 5191 1902 5248 his
1932 5192 2114 5248 verbis
2140 5211 2152 5246 :

2265 5115 2364 5162 σας
2409 5099 2641 5170 ἐμαυτὸν
2702 5099 2862 5172 μέχρι
2906 5101 3132 5154 τούτουο
3185 5101 3300 5156 ἀλλ’
3349 5102 3572 5156 ἱκετεύω
3628 5101 3821 5168 λέγων’

2270 5211 2288 5242 ι
2314 5191 2494 5245 Σῶσόν
2525 5208 2591 5262 με
2608 5191 2716 5245 ἀπὸ
2738 5189 2931 5262 πηλοῦ,
2956 5193 3045 5248 ἵνα
3080 5193 3154 5265 μὴ
3183 5193 3434 5265 ἐμπαγῶ.
3464 5213 3483 5246 ι
3509 5193 3588 5250 Τὰ
3619 5194 3675 5247 δὲ
3706 5188 3823 5259 ἑξῆς

587 5311 607 5346 ι
652 5290 812 5361 Eripe
841 5304 927 5344 me
961 5288 1029 5343 de
1075 5288 1211 5352 luto,
1245 5294 1305 5340 ut
1351 5300 1461 5340 non
1511 5285 1728 5355 infigar.
1765 5301 1784 5335 ι
1813 5281 1944 5349 Qua:
1984 5299 2148 5353 porro

2274 5282 2614 5354 ιπιλεγόμενα
2642 5282 2743 5347 τάς
2777 5285 2834 5337 ἐν
2866 5285 3014 5357 αὐτῷ
3039 5285 3119 5357 τῷ
3147 5286 3361 5358 θανάτῳ
3392 5286 3648 5358 δυνάμεις
3691 5295 3821 5350 παρ-

581 5381 1013 5452 subsequuntur,
1038 5379 1266 5431 virtutes
1289 5375 1344 5429 in
1373 5375 1489 5445 ipsa
1512 5383 1686 5429 morte
1714 5374 1849 5430 sitas
1865 5373 2146 5440 denotant,

2257 5376 2494 5447 ίστησινο
2526 5377 2618 5446 ἀφ’
2643 5371 2718 5431 ὧν
2763 5378 3025 5449 ρυσθῆναι
3057 5378 3272 5452 εὔχεται
3303 5379 3493 5448 λέγων’
3513 5397 3532 5431 ι
3556 5375 3818 5444 Ῥυσθείην

581 5489 614 5529 a
640 5474 838 5545 quibus
868 5473 1000 5543 eripi
1033 5487 1091 5527 se
1122 5477 1277 5541 rogat
1305 5467 1495 5522 dicens
1523 5483 1536 5520 :
1569 5484 1588 5517 ι
1626 5465 1849 5522 Liberer
1871 5465 1942 5520 ab
1968 5466 2035 5521 iis
2056 5466 2151 5537 qui

2274 5485 2320 5521 ικ
2340 5469 2447 5522 τῶν
2473 5469 2772 5540 μισούντων
2801 5487 2866 5542 με
2896 5472 2988 5526 καὶ
3013 5473 3077 5526 ἐκ
3104 5472 3212 5528 τῶν
3238 5471 3442 5544 βαθέων
3470 5469 3578 5524 τῶν
3604 5470 3810 5524 ὑδάτων.

581 5567 818 5623 oderunt
843 5579 951 5629 me,
982 5572 1038 5618 et
1071 5561 1138 5617 de
1167 5558 1454 5631 profundis
1480 5573 1767 5630 aquarum.
1795 5553 1912 5612 Non
1947 5574 2032 5614 me
2058 5559 2153 5618 de-

546 5777 548 5780 ν
660 5748 706 5785 ’⁸
734 5746 922 5805 Matth.
965 5761 1050 5815 ιιι,
1092 5745 1189 5815 l7;
1223 5759 1355 5813 xvn,
1383 5743 1435 5799 5.
1513 5742 1556 5774 “
1596 5738 1743 5796 Psal.
1785 5755 1873 5809 xv,
1915 5740 2001 5795 l0.

2255 5560 2346 5631 Μή
2373 5577 2439 5630 με
2466 5563 2914 5618 καταποντισάτω
2951 5565 3204 5633 καταιγὶς
3246 5563 3454 5628 ὓδατος,
3492 5561 3626 5636 μηδὲ
3664 5573 3814 5616 κατα-
