4086 6442
275 383 388 444 ’με

1417 383 1930 441 ΟΟΜΜΕΝΤΔΙΗᾹ
1969 385 2037 441 IN
2078 385 2418 444 PSALM‘OS.

3447 395 3554 457 τισ

270 509 446 564 πιέτω
465 524 539 580 με
565 504 744 578 βυθός.
778 524 796 557 ι
835 504 1019 560 Ταῦτα
1047 505 1103 561 δὲ
1129 505 1197 560 τὰ
1229 501 1395 561 ὖδατα
1423 507 1476 561 οἵ
1504 513 1562 562 τε
1589 511 1646 562 ὲν
1673 509 1852 573 αὐτοῖς

1959 515 2166 581 mergat
2195 516 2496 580 tempestas
2527 522 2702 580 aquae,
2747 525 2924 583 neque
2965 509 3266 567 'absorbeat
3305 515 3396 566 'me
3422 525 3556 584 pro-

262 599 558 671 δράκοντες
590 599 680 652 καὶ
729 597 814 652 διὰ
863 596 972 650 τῶν
1021 595 1329 669 ἔμπροσθεν
1385 598 1689 671 ἐδηλοῢντο,
1717 602 1858 656 κατὰ

267 691 360 744 τό·
405 711 422 744 ι
455 689 635 744 Σῶσόν
665 707 754 761 με,
787 690 818 742 ό
844 689 997 752 Θεὸς,
1041 689 1123 744 ὅτι
1165 690 1483 762 είσήλθοσαν
1544 691 1710 746 ὕδατα
1753 693 1859 758 ἕως

265 785 445 858 ψιξεῆς
483 801 612 855 μου·
649 782 952 854 Ἐνεπάγην
987 783 1068 846 εἰς
1093 779 1225 855 ὕλην
1252 782 1436 854 βυθοῦ,
1461 784 1555 838 καὶ
1578 785 1677 837 οὐκ
1709 784 1858 839 ἐστιν

265 877 584 940 ὑπόστασις·
617 871 821 928 Ἦλθον
885 876 966 938 εἰς
1023 874 1094 928 τὰ
1127 875 1264 948 βάθη
1300 877 1402 946 τῆς
1435 876 1731 950 Θαλάσσης,
1764 879 1858 932 καὶ

265 969 524 1039 καταιγὶς
555 966 909 1023 κατεπόντισέ
947 985 1036 1038 με.
1069 989 1089 1020 ι
1145 966 1306 1022 Ἀλλά
1337 968 1426 1021 διὰ
1461 969 1560 1040 μὲν
1579 968 1685 1022 τῶν
1719 987 1855 1040 προ-

261 1063 441 1138 τέρων
469 1062 568 1134 τὴν
596 1059 819 1117 κάθοδον
858 1059 1022 1114 αὐτοῦ
1053 1059 1152 1132 τὴν
1181 1062 1261 1125 εἰς
1289 1059 1460 1115 ταῦτα
1487 1063 1746 1135 παρίστη,
1770 1063 1858 1118 διὰ

262 1152 325 1206 δὲ
351 1152 458 1208 τῶν
490 1149 626 1224 μετὰ
655 1154 840 1224 χεῖρας
862 1151 960 1220 τὴν
991 1149 1101 1203 ἀπὸ
1122 1143 1330 1204 τοῦτων
1357 1151 1640 1208 ἐπάνοδον.
1665 1170 1685 1203 ι
1733 1153 1858 1208 Ῥυ-

264 1243 454 1314 σθείην
478 1263 496 1296 ι
522 1243 630 1315 γάρ
663 1259 826 1312 φησιν
863 1261 881 1294 ι
926 1243 991 1296 ὲκ
1024 1241 1133 1294 τῶν
1163 1241 1373 1313 βαθέων
1405 1242 1512 1296 τῶν
1535 1244 1742 1298 ὑδάτων
1765 1245 1858 1298 καὶ

269 1341 346 1410 μή
391 1356 456 1410 με
489 1338 936 1392 καταποντισάτω
983 1337 1236 1405 καταιγὶς
1271 1335 1482 1401 ὕδατος,
1519 1335 1654 1410 μηδὲ
1687 1353 1858 1392 κατα-

265 1432 438 1486 πιέτω
473 1449 540 1503 με
584 1430 762 1501 βυθὸς,
795 1430 929 1503 μηδὲ
983 1431 1228 1502 συσχέτω
1280 1429 1366 1483 ἐπ’
1411 1429 1510 1500 ἐμὲ
1568 1429 1746 1502 φρέαρ
1797 1429 1858 1482 τὸ

269 1521 447 1592 στόμα
486 1520 673 1574 αὐτοῦ.
717 1540 735 1571 ι
765 1519 878 1583 Τάς
915 1520 1012 1590 μὲν
1040 1519 1150 1590 γὰρ
1182 1518 1373 1582 λοιπὰς
1404 1517 1510 1570 τῶν
1556 1516 1856 1590 ἀνθρώπων

263 1613 442 1684 ψυχάς
472 1612 728 1666 κατέπιεν
755 1613 784 1666 ό
808 1612 1034 1676 θάνατος
1065 1611 1312 1684 ἰσχύσας,
1331 1610 1506 1664 καὶτὸ
1530 1611 1707 1683 φρέαρ
1733 1628 1860 1664 συν-

265 1706 394 1777 έσχε
437 1707 531 1758 καὶ
596 1704 886 1759 ἀπέκλεισε
926 1703 1006 1776 τῷ
1040 1703 1240 1759 ἑαυτοῦ
1294 1704 1543 1774 στόματι.
1577 1701 1757 1776 Φρέαρ
1800 1703 1857 1758 δὲ

265 1798 445 1868 στόμα
491 1796 612 1867 ἔχον
649 1796 812 1860 αὐτὸς
843 1795 908 1849 ἂν
938 1789 1154 1866 λεχθείη
1188 1796 1217 1849 ὁ
1250 1793 1496 1858 Θάνατος,
1520 1795 1549 1847 ό
1568 1793 1636 1861 ἐξ
1662 1794 1858 1859 αἰῶνος

1963 599 2217 656 fundum.
2255 621 2274 654 ι
2310 600 2405 656 Hae
2441 615 2571 655 vero
2604 615 2778 672 aquze,
2807 611 2863 659 et
2892 603 3162 658 dracones
3189 603 3245 657 in
3283 601 3417 672 ipsis
3457 602 3556 659 de-

1960 701 2172 764 gentes,
2225 693 2483 764 superius
2545 693 2932 748 indicabantur
2987 695 3043 749 in
3079 693 3173 748 illo
3219 712 3288 749 ι(
3325 693 3552 748 Salvum

1959 801 2047 842 me
2083 786 2186 846 fac,
2219 781 2383 846 Deus,
2425 784 2682 855 quoniam
2720 786 3064 842 intraverunt
3091 799 3247 856 aquae
3279 800 3458 856 usque
3483 785 3554 840 ad

1957 879 2197 956 animam
2253 890 2449 930 meam.
2495 874 2702 931 lniixus
2749 893 2872 933 sum
2904 877 2960 931 in
3005 876 3138 930 limo
3178 875 3458 946 profundi,
3497 879 3556 934 et

1959 975 2184 1027 nonest
2219 966 2550 1024 substantia.
2582 966 2718 1023 Veni
2773 969 2832 1023 in
2887 968 3232 1024 altitudinem
3269 967 3464 1032 maris,
3497 975 3555 1024 et

1955 1070 2261 1133 tempestas
2311 1062 2576 1118 demersit
2619 1076 2724 1117 me.
2766 1081 2786 1114 ι
2830 1058 2943 1116 Sed
2992 1060 3148 1132 prius
3180 1059 3403 1131 quidem
3429 1059 3554 1131 ejus

1958 1157 2014 1212 in
2049 1172 2222 1228 aquas
2250 1155 2554 1212 descensus
2582 1155 3003 1222 declarabatur;
3038 1157 3092 1208 in
3124 1153 3212 1209 his
3243 1157 3428 1207 autem
3466 1167 3559 1207 re~

1958 1264 2180 1320 gressus
2235 1249 2361 1303 inde
2415 1253 2657 1302 notatur.
2693 1265 2711 1298 ι
2750 1247 2994 1311 Liberer,
3043 1245 3242 1318 inquit,
3309 1244 3377 1300 de
3424 1247 3557 1316 pro-

1960 1331 2144 1396 fundis
2159 1353 2450 1411 aquarum,
2467 1347 2643 1395 ‘etnon
2661 1355 2746 1394 me
2757 1338 3041 1410 demet-gat
3054 1345 3356 1409 tempestas
3369 1350 3552 1407 aquae.

1959 1447 2139 1502 neque
2163 1431 2453 1487 absorbeat
2475 1445 2562 1486 me
2578 1429 2934 1502 profundum,
2965 1444 3144 1500 neque
3167 1437 3359 1499 urgeat
3385 1441 3554 1498 super

1959 1540 2046 1581 me
2069 1533 2264 1598 puteus
2291 1539 2354 1578 os
2379 1539 2563 1578 suum.
2591 1544 2609 1576 ι
2627 1523 2867 1578 Caeteras
2898 1523 3099 1593 quippe
3121 1520 3410 1575 hominum
3433 1517 3554 1572 ani-

1961 1628 2080 1668 mas
2109 1628 2256 1667 mors
2281 1611 2579 1683 absorpsit,
2599 1623 2652 1668 et
2674 1612 2977 1683 praevaluit.
3001 1626 3065 1666 ac
3089 1618 3288 1681 puteus
3310 1609 3472 1671 ursit,
3497 1615 3552 1662 et

1960 1705 2233 1761 conclusit
2247 1721 2343 1762 ore
2371 1722 2493 1762 suo.
2526 1705 2734 1760 Puteus
2762 1711 2941 1759 autem
2965 1717 3062 1758 ore
3085 1703 3408 1764 instructus,
3429 1701 3549 1772 ipsa

1963 1810 2114 1852 mors
2137 1812 2262 1851 esse
2291 1796 2528 1862 dicatur,
2559 1812 2682 1868 quae
2705 1796 2774 1851 ab
2798 1796 2955 1852 initio
2981 1810 3173 1852 omnes
3195 1795 3377 1850 isthuc
3406 1792 3550 1848 dela~

266 1890 478 1953 πάντας
516 1883 932 1953 καταπεπωκὼς
961 1890 1088 1952 τοὺς
1121 1889 1201 1952 εἰς
1234 1887 1397 1942 αὐτὸν
1424 1885 1852 1940 καταπεπτωκό-

1956 1903 2089 1958 psos
2117 1888 2405 1959 deglutivit
2425 1908 2445 1946 ι
2479 1898 2534 1946 et
2570 1897 2861 1960 postquam
2887 1887 3194 1958 deglulivit,
3225 1883 3546 1950 momordit,

263 1999 386 2046 τας,
416 1981 514 2036 καὶ
558 1977 710 2052 ’μετὰ
754 1980 814 2034 τὸ
864 1981 1151 2036 καταπιεῖν
1203 1977 1465 2042 ἐνδακὼν,
1523 1977 1714 2051 ὥσπερ
1760 1980 1854 2032 καὶ

261 2074 595 2138 άποκλείσας
615 2073 674 2128 τὸ
703 2071 896 2128 ἑαυτοῦ
923 2072 1119 2142 στόμα,
1148 2071 1285 2144 πρὸς
1312 2071 1372 2124 τὸ
1403 2075 1476 2143 μή
1509 2087 1633 2124 τινα
1665 2069 1856 2124 παλιν-

261 2166 557 2238 δρομῖβαι.
585 2163 711 2217 ’Ἐπ’
744 2163 877 2236 ἐμοῦ
907 2163 964 2217 δὲ
1011 2163 1088 2234 μὴ
1121 2162 1328 2231 γένοιτο
1360 2160 1538 2214 τοῦτο.
1579 2160 1671 2214 Διὸ
1703 2161 1856 2214 ἀντι-

265 2253 406 2310 ϐολῶ
439 2272 499 2308 σε
525 2253 614 2308 τὸν
645 2253 864 2324 Πατέρα
895 2252 1069 2320 λέγων
1089 2269 1101 2282 ·
1136 2270 1153 2303 ι
1184 2251 1274 2322 Μή
1307 2269 1372 2323 με
1403 2252 1854 2309 καταποντισάτω

260 2346 518 2416 καταιγὶς
569 2345 777 2410 ὓδατος,
837 2345 973 2417 μηδὲ
1023 2337 1340 2399 καταπιέτω
1391 2360 1458 2414 με
1505 2341 1681 2413 βυθὸς,
1719 2343 1855 2416 μηδὲ

269 2437 516 2510 συσχέτω
563 2439 650 2490 ἐπ’
684 2437 785 2508 ἐμὲ
832 2436 1010 2509 φρέαρ
1043 2436 1105 2490 τὸ
1149 2436 1322 2506 στόμα
1354 2433 1541 2487 αὐτοῦ’
1585 2452 1605 2489 ι
1645 2432 1857 2506 ἢκατὰ

267 2526 360 2581 τὸν
415 2526 728 2598 Σύμμαχον,
774 2544 793 2578 ι
842 2525 994 2598 Μηδὲ
1050 2525 1408 2596 ὲπιπωμάσαι
1447 2543 1536 2596 μοι
1583 2525 1760 2599 φρέαρ
1792 2525 1856 2578 τδ

269 2617 444 2692 στόμα
469 2618 655 2673 αὑτοῦ.
701 2637 719 2671 ι
756 2617 866 2673 Καὶ
899 2617 992 2672 νῦν
1042 2617 1138 2690 μὲν
1192 2613 1399 2672 ὖδάτων
1456 2617 1727 2689 μέμνηται
1761 2617 1856 2672 καὶ

269 2710 447 2782 βυθῶν
503 2712 598 2768 καὶ
649 2711 882 2783 φρέατος
903 2728 916 2740 ·
975 2711 1033 2763 ὲν
1085 2709 1146 2764 δὲ
1175 2708 1252 2781 τῷ
1277 2708 1362 2763 κα¹
1393 2699 1594 2781 ψαλμῷ
1617 2709 1686 2762 τά
1715 2708 1856 2764 αὐτὰ

267 2801 436 2859 ταῦτα
489 2803 793 2876 σημαίνων,
836 2801 1043 2875 ἑτέροις
1073 2800 1299 2876 ὀνόμασι
1346 2801 1610 2874 κέχρηται
1639 2801 1849 2870 λέγων·

273 2916 293 2949 ι
315 2896 502 2950 Ῥῦσαι
532 2875 640 2950 άπὸ
667 2894 942 2967 ῥομφαίας
967 2893 1067 2965 τὴν
1096 2875 1272 2965 φυχήν
1301 2910 1423 2965 μου,
1455 2894 1550 2948 καὶ
1574 2893 1640 2947 ὲκ
1671 2893 1854 2966 χειρὸς

267 2987 428 3051 κυνὸς
452 2986 550 3058 τὴν
575 2985 832 3058 μονογενῆ
863 3002 984 3056 μου.
1008 2984 1190 3039 Σῶσόν
1217 3001 1283 3056 με
1317 2986 1380 3038 ὲκ
1411 2985 1677 3057 στόματος
1702 2983 1852 3039 λέον-

267 3095 378 3144 τος,
408 3079 503 3131 καὶ
533 3077 640 3131 άπὸ
682 3077 929 3148 κεράτων
973 3075 1358 3147 μονοκερὼτων
1402 3075 1498 3148 τὴν
1524 3075 1853 3130 ταπείνωσιν

1947 1994 2023 2034 .ac
2053 1980 2101 2034 si
2124 1981 2452 2037 occlusisset
2474 1997 2538 2037 os
2557 1997 2741 2044 suum,
2767 1995 2836 2035 ne
2863 1980 2990 2052 quis
3014 1977 3141 2034 inde
3157 1983 3544 2033 reverteretur.

1957 2063 2173 2128 Mecum
2202 2083 2384 2130 autem
2419 2090 2488 2130 ne
2513 2073 2628 2144 pari
2661 2073 2825 2128 modo
2854 2080 3064 2144 agatur.
3099 2070 3282 2141 Quare
3309 2070 3407 2124 tibi
3442 2067 3546 2122 Pa-

1956 2164 2029 2218 tri
2073 2166 2324 2236 supplico
2362 2167 2552 2222 dicens
2578 2187 2596 2221 ,ε
2627 2187 2644 2216 ι
2680 2165 2799 2220 Non
2833 2181 2919 2219 me
2942 2166 3220 2235 demerget
3249 2167 3545 2234 tempestas

1956 2261 2131 2326 aquae,
2159 2273 2336 2329 neque
2383 2259 2678 2314 absorbeat
2727 2273 2814 2313 me
2848 2255 3205 2327 profundum,
3247 2269 3424 2324 neque
3456 2267 3548 2308 ur-

1955 2358 2079 2419 geat
2115 2366 2282 2421 super
2316 2366 2405 2407 me
2437 2359 2636 2421 puteus
2677 2365 2741 2405 os
2781 2365 2976 2418 suum;
3019 2368 3037 2401 ›
3079 2347 3194 2404 sive
3243 2345 3546 2403 secundum

1957 2437 2344 2509 Symmachum
2374 2460 2397 2498 ι
2439 2458 2458 2494 ι
2495 2439 2684 2512 Neque
2727 2440 2948 2496 obturet
2997 2454 3162 2512 super
3209 2451 3297 2493 me
3347 2441 3548 2509 puteus

1956 2547 2020 2586 os
2043 2548 2234 2588 suum.
2270 2552 2289 2586 ι
2325 2531 2522 2605 Etiam
2558 2534 2778 2605 quidem
2809 2539 3003 2604 aqttas,
3063 2529 3336 2603 profunda
3360 2537 3414 2585 et
3444 2545 3549 2601 pu-

1956 2627 2102 2679 teum
2132 2632 2401 2680 memorat
2431 2643 2445 2680 :
2480 2624 2535 2678 in
2568 2623 2832 2679 vicesimo
2873 2631 3056 2678 autem
3108 2619 3286 2692 primo
3333 2619 3546 2689 psalmo

1955 2713 2145 2770 eadem
2177 2717 2296 2788 ipsa
2339 2716 2463 2770 aliis
2495 2710 2784 2771 vocabulis
2815 2715 3028 2771 indicat
3065 2713 3256 2770 dicens
3289 2731 3303 2767 :
3341 2717 3360 2764 ά
3403 2705 3547 2768 Erue

1953 2815 1988 2860 ιι
2021 2805 2248 2872 framea,
2279 2805 2445 2873 Deus,
2479 2807 2724 2862 animam
2760 2823 2961 2874 meam,
2992 2814 3046 2863 et
3071 2806 3139 2862 de
3173 2813 3341 2862 manu
3389 2805 3545 2860 canis

1951 2885 2289 2964 unigenitam
2344 2911 2544 2952 meam.
2603 2895 2764 2950 Salva
2795 2911 2884 2952 me
2934 2912 3001 2953 ex
3056 2913 3152 2951 ore
3186 2896 3382 2961 leonis,
3425 2891 3479 2950 et
3513 2899 3546 2949 'a

1955 2986 2219 3043 cornibus
2255 2988 2604 3042 unicornium
2663 2988 3030 3044 humilitatem
3080 3003 3257 3044 meam
3292 2989 3360 3042 π.
3407 2991 3426 3040 ι
3479 2985 3546 3039 Et

1955 3078 2073 3134 lucc
2108 3078 2176 3134 de
2207 3078 2542 3137 adversariis
2577 3081 2947 3153 pctestaubus
2982 3079 3036 3133 in
3078 3077 3315 3143 inferno,
3357 3083 3416 3132 ut
3447 3093 3544 3132 vo,

272 3187 395 3244 μου.
441 3189 458 3223 ι
493 3169 602 3224 Καὶ
630 3167 805 3224 ταῦτα
835 3167 944 3240 γὰρ
975 3163 1104 3239 περὶ
1135 3167 1244 3220 τῶν
1297 3167 1354 3220 ἐν
1405 3166 1484 3237 τῷ
1534 3165 1852 3239 καλουμένῳ

1958 3176 2107 3238 cant,
2141 3171 2466 3243 degentibus
2499 3173 2647 3228 dicta
2679 3183 2828 3237 sunt,
2868 3181 2927 3227 ut
2950 3173 3006 3227 in
3041 3172 3356 3243 huiusmodi
3395 3172 3544 3226 loco-

268 3262 372 3336 ᾷδῃ
393 3260 670 3332 δυνάμεων
690 3259 1080 3330 ἀντικειμένων
1109 3258 1375 3321 λέλεκται,
1400 3257 1476 3321 ὡς
1503 3257 1630 3321 τοὺς
1649 3258 1848 3323 τόπους

1953 3263 2079 3310 rum
2110 3239 2478 3328 explicatione
2501 3259 2925 3315 declaravimua.

266 3353 615 3430 διηγούμενοι
645 3353 1092 3424 παρεστήσαμεν.

341 3465 362 3500 ι
395 3446 724 3500 Εἰσάκουσόν
783 3462 904 3516 μου,
960 3443 1154 3515 Κύριε,
1205 3443 1286 3496 ὅτι
1343 3441 1579 3516 χρηστὸν
1609 3441 1672 3495 τὺ
1702 3435 1852 3506 ἔλεός

271 3556 397 3594 σου·
430 3539 569 3594 κατὰ
613 3538 671 3592 τὸ
716 3537 917 3609 πλῆθος
957 3537 1064 3590 τῶν
1093 3536 1392 3608 οἰκτιρμῶν
1427 3553 1521 3590 σου
1561 3535 1850 3606 ἐπίϐλεψον

269 3632 356 3685 ἐπ’
384 3631 506 3701 ἐμέ.
545 3651 563 3684 ι
594 3630 705 3683 Καὶ
757 3628 986 3682 ἐνταῦθα
1012 3627 1098 3681 διὰ
1119 3627 1213 3681 τοῦ
1242 3630 1371 3700 παρ’
1398 3627 1670 3700 Ἑϐραίοις
1692 3629 1852 3681 ἀνεκ-

270 3724 518 3795 φωνήτου
575 3721 664 3775 τὸν
712 3720 906 3777 ἑαυτοῦ
941 3719 1160 3791 Πατέρα
1213 3721 1241 3773 ό
1293 3717 1482 3793 Σωτὴρ
1511 3719 1850 3776 ἐπικαλεῖται

267 3815 442 3885 λέγων
464 3833 478 3847 ο
521 3813 736 3886 Ἐπειδὴ
766 3815 892 3870 τάδε
927 3815 1022 3868 καὶ
1053 3813 1179 3866 τάδε
1215 3813 1413 3886 ᾔτησα,
1445 3814 1532 3868 ἶνα
1562 3813 1636 3887 μὴ
1666 3814 1850 3886 ἐμπά-

269 3926 352 3978 γω
375 3911 455 3971 εἰς
481 3907 570 3960 τὸν
605 3907 794 3980 πηλὸν,
813 3907 906 3960 καὶ
933 3907 1080 3971 ὅπως
1129 3906 1383 3978 ρυσθείην
1412 3909 1476 3960 ὲκ
1502 3906 1610 3960 τῶν
1643 3906 1850 3978 βαθέων

267 3997 376 4053 τῶν
395 3999 624 4064 ὑδάτων,
651 3998 718 4054 τά
749 4015 805 4051 τε
825 3996 1034 4060 τούτοις
1056 3997 1204 4067 ἑξῆς,
1231 3996 1422 4055 τούτου
1447 3997 1605 4070 χάριν
1631 3997 1849 4051 ἐπίνευ-

272 4092 364 4146 σόν
398 4110 500 4162 μου
529 4095 596 4163 τῇ
641 4091 842 4161 δεήσει,
875 4083 919 4143 ὧ
957 4089 1150 4162 Κύριε,
1187 4108 1204 4140 ι
1239 4089 1318 4143 ὅτι
1351 4089 1584 4162 χρηστὸν
1612 4089 1673 4143 τὸ
1701 4089 1850 4154 ἔλεός

273 4184 498 4255 co»,va
519 4184 658 4237 κατὰ
674 4182 733 4236 τὸ
753 4181 956 4252 πλῆθος
984 4181 1092 4234 τῶν
1111 4181 1408 4252 οἰκτιρμῶν
1438 4198 1530 4234 σου
1555 4175 1849 4252 ἐπίϐλεψον

271 4279 358 4328 ἐπ’
387 4277 506 4348 ἐμέ.
537 4277 627 4348 Μὴ
662 4275 1002 4346 άπόστρεψον
1029 4273 1090 4326 τδ
1116 4273 1406 4344 πρόσωπόν
1461 4289 1555 4325 σου
1592 4273 1702 4326 ἀπὸ
1754 4272 1848 4327 τοῦ

268 4369 456 4432 παιδός
500 4379 612 4421 σου.
653 4387 671 4419 ι
712 4367 802 4421 Ἐν
835 4360 915 4430 οἷς
967 4363 1273 4438 παρακαλεῖ
1317 4363 1626 4434 ἐπιϐλέψαι,
1655 4365 1746 4418 καὶ
1774 4364 1848 4437 μὴ

267 4459 606 4530 ἀποστρέψαι
639 4458 698 4510 τὸ
721 4457 1010 4529 πρόσωπον
1041 4453 1101 4520 ἐξ
1133 4453 1298 4508 αὑτοῦ
1319 4470 1335 4486 ⁵
1373 4455 1438 4508 ἵν’
1462 4453 1651 4528 ὥσπερ
1677 4456 1849 4526 μέγας

269 4547 610 4620 ἀγωνοθέτης
658 4548 925 4619 δοκιμάσῃ
953 4547 1042 4600 τὸν
1073 4545 1258 4614 ἀγῶνα
1289 4545 1349 4597 ὃν
1387 4544 1595 4617 ὑπέστη
1629 4545 1723 4600 καὶ
1748 4547 1848 4619 τὴν

270 4642 543 4713 ὑπομονὴν
589 4641 682 4695 καὶ
735 4639 833 4711 τὴν
858 4639 1200 4703 ταπείνωσιν,
1243 4637 1327 4710 ἐφ’
1451 4639 1846 4709 σεμνυνόμενος

268 4735 409 4801 ἀξιοῖ
450 4733 538 4786 τὸν
588 4731 804 4802 Πατέρα
853 4731 926 4802 μὴ
966 4727 1301 4802 ἀποστρέψαι
1355 4727 1414 4781 τὸ
1455 4729 1746 4800 πρόσωπον
1787 4729 1847 4796 ἐξ

270 4825 455 4889 αὑτοῦ,
503 4825 616 4878 ἀλλ’
673 4823 956 4894 ἐπιϐλέψαι
1026 4823 1105 4886 είς
1169 4821 1350 4875 αὐτόν,
1379 4815 1514 4873 Εἶτα
1569 4820 1845 4890 ἐπιλέγει·

273 4936 292 4970 ι
333 4919 454 4971 Ὅτι
497 4916 766 4988 θλίϐομαι,
802 4916 938 4987 ταχὺ
979 4913 1280 4970 ὲπάκουσόν
1313 4929 1443 4983 μου·
1472 4913 1552 4984 »ἢ
1593 4913 1733 4967 κατὰ
1759 4914 1849 4969 τὸν

281 5009 533 5071 Ἀκύλαν,
574 5027 592 5059 ι
631 5010 752 5061 Ὅτι
796 5007 978 5060 στενόν
1013 5023 1123 5078 μοι,
1157 5007 1296 5076 ταχὺ
1328 5004 1632 5058 ὲπάκουσόν
1673 5023 1792 5078 μου.
1825 5025 1844 5058 ›

266 5103 499 5174 Νοήσεις
539 5101 596 5154 δὲ
616 5100 732 5154 ,καὶ
761 5099 948 5153 τούτου
978 5099 1076 5172 τὴν
1099 5099 1339 5153 διάνοιαν
1368 5099 1670 5168 ἐπιστήσας
1700 5098 1850 5160 ὅπως

267 5194 480 5268 εἴρηται
513 5195 594 5259 τὸ,
631 5211 650 5246 ι
672 5192 838 5264 Στενὴ
861 5193 953 5245 καὶ
982 5192 1310 5263 τεθλιμαενη
1333 5193 1365 5262 ἡ
1393 5191 1509 5255 ὁδδς
1542 5193 1575 5266 η
1607 5190 1848 5258 ἀπάγου-

269 5301 337 5339 σα
369 5287 449 5347 είς
483 5285 583 5355 τὴν
611 5281 776 5354 ζωὴν.
803 5283 896 5339 καὶ
931 5281 1098 5351 ὀλίγοι
1128 5281 1265 5334 εἰσὶν
1298 5280 1348 5332 οἱ
1381 5279 1747 5352 εἰσερχόμενοι
1777 5279 1843 5332 δι’

267 5375 456 5446 αὐτῆς.
505 5395 524 5430 ι
568 5375 791 5448 Πρῶτος
826 5371 956 5442 γοῦν
1004 5371 1300 5444 αὐτδςτὴν
1331 5371 1523 5443 στενὴν
1551 5372 1720 5442 αὐτὴν
1751 5373 1845 5426 καὶ

267 5465 363 5540 τὴν
389 5465 751 5540 τεθλιμμένην
778 5464 1003 5530 ὁδεύσας
1024 5462 1208 5533 ἔλεγεν
1227 5479 1240 5493 ο
1283 5483 1302 5514 ι
1329 5464 1449 5517 ’Ὁτι
1485 5464 1643 5533 στενή
1679 5479 1789 5533 μοι,
1816 5483 1838 5517 ο

265 5559 380 5622 καὶ,
418 5576 437 5610 ι
483 5559 566 5613 ὅτι
604 5558 876 5628 θλίὸομαι,
909 5555 1046 5626 ταχὺ
1083 5553 1382 5608 ὲπάκουσόν
1418 5567 1540 5625 μου·
1569 5573 1588 5605 ι
1627 5555 1858 5626 Ἑδήλου.

263 5646 322 5707 δὲ
350 5652 443 5704 καὶ
467 5649 554 5705 διά
581 5651 690 5705 τῶν
717 5648 1023 5722 ἔμπροσθεν
1050 5647 1149 5719 τὴν
1183 5645 1358 5717 θλίψιν
1392 5646 1586 5702 ἑαυτοῦ
1620 5648 1714 5704 καὶ
1747 5647 1845 5719 τὴν

336 5831 383 5866 θ’
422 5831 566 5889 Psal.
611 5849 728 5897 xxi,
768 5832 860 5895 2|,
901 5831 1009 5884 2?...
1071 5831 1116 5863 ⁸⁸
1155 5830 1344 5887 Matth.
1391 5837 1486 5898 γη,
1535 5829 1616 5886 II.

429 5931 701 5990 Parnon.
751 5928 868 5989 Gn.
905 5927 1143 5990 XXIII.

2037 3434 2202 3492 Vens.
2251 3437 2462 3492 I7-2-I.
2523 3455 2543 3489 ι
2589 3434 2801 3490 Exaudi
2839 3450 2947 3498 me,
2997 3433 3250 3498 Domine,
3281 3432 3542 3504 quoniam

1953 3533 2190 3604 benigna
2226 3535 2312 3586 est
2345 3527 2722 3584 misericordia
2749 3537 2869 3594 tua,
2903 3527 3212 3583 secundum
3231 3523 3546 3583 multitudi-

1956 3641 2080 3682 nem
2141 3624 2558 3680 miserationum
2615 3629 2834 3676 tuarum
2881 3621 3096 3692 respice
3139 3621 3196 3675 in
3230 3633 3337 3676 me.
3373 3635 3396 3673 ι
3445 3620 3545 3677 Hic

1954 3727 2172 3790 quoque
2210 3716 2474 3772 ineli’abili
2513 3715 2660 3786 apud
2691 3713 2951 3770 Hebrznos
2981 3719 3116 3770 voce
3151 3714 3413 3769 Servatur
3440 3711 3546 3768 Pa-

1948 3819 2092 3865 trem
2115 3821 2276 3864 suum
2301 3809 2520 3863 invocat
2550 3806 2740 3862 dicens
2772 3825 2786 3862 :
2817 3804 2956 3872 Quia
2984 3806 3101 3861 huic
3129 3816 3183 3861 et
3210 3806 3302 3860 illa
3333 3807 3572 3877 rogavi,-

1953 3913 2018 3959 ut
2045 3899 2112 3958 ne
2142 3901 2338 3972 inﬁgat
2360 3901 2414 3955 in
2435 3902 2566 3965 luto,
2591 3909 2653 3955 ut
2677 3901 2876 3954 liberer
2895 3914 2923 3952 a
2942 3899 3230 3968 profundis
3252 3908 3541 3970 aquarum,

1955 4004 2011 4053 et
2047 4003 2245 4050 extera
2279 4009 2400 4063 qua:
2443 3999 2772 4063 sequuntur,
2811 3991 2933 4044 ideo
2958 4005 3140 4044 annue
3171 3989 3543 4059 obsecrationi

1955 4100 2108 4148 mea},
2134 4099 2168 4139 o
2193 4083 2443 4146 Domine,
2475 4095 2499 4134 4
2542 4082 2801 4153 quoniam
2833 4080 3070 4150 benigna
3103 4088 3186 4134 est
3226 4079 3542 4133 misericor-

1953 4176 2042 4230 ‘Iia
2066 4177 2187 4240 tua,
2225 4182 2277 4230 et
2320 4173 2623 4230 secundum
2675 4171 3090 4226 multitudinem’
3127 4172 3540 4227 miseratiuuum

1953 4276 2172 4324 tuarum
2213 4269 2426 4338 respice
2459 4268 2512 4320 in
2547 4281 2650 4321 nte.
2693 4263 2772 4321 Ne
2812 4272 3032 4319 avertas
3083 4264 3279 4320 faciem
3321 4272 3471 4317 tuam
3508 4279 3541 4318 a

1953 4377 2126 4432 puero
2153 4369 2268 4415 tuo.
2310 4379 2329 4411 ι
2373 4358 2584 4426 Quibus
2611 4367 2764 4428 rogat
2794 4364 2854 4411 ut
2884 4357 3163 4427 respiciat,
3196 4370 3298 4412 nec
3334 4359 3543 4412 avertat

1952 4455 2151 4511 faciem
2183 4470 2338 4509 suam
2384 4469 2414 4506 a
2460 4469 2540 4516 se,
2591 4458 2652 4505 ut
2717 4450 2878 4521 quasi
2926 4465 3159 4520 magnus
3211 4449 3541 4522 ag'onothei‘a

1881 4585 1926 4646 ο
1955 4547 2147 4618 probet
2176 4546 2322 4617 quod
2349 4553 2630 4615 certamen
2657 4543 2914 4608 subierit,
2955 4551 3117 4615 quam
3147 4544 3466 4612 patientiam
3485 4553 3542 4599 et

1956 4640 2317 4693 humilitatem
2352 4651 2366 4694 :
2400 4637 2468 4694 de
2493 4652 2601 4708 qua
2631 4636 2919 4708 gloriatus,
2954 4635 3174 4690 Patrem
3208 4631 3364 4704 rogat
3389 4645 3449 4690 ut
3472 4647 3543 4692 ne

1951 4740 2166 4788 avertat
2199 4731 2392 4786 faciem
2420 4745 2602 4788 suam.
2632 4729 2736 4784 sed
2764 4729 3130 4799 se'reSpiciat.
3170 4727 3378 4784 Dehinc
3410 4729 3544 4783 sub-

1951 4824 2135 4894 iungit
2162 4843 2174 4876 :
2217 4841 2236 4874 ι
2268 4822 2540 4890 Quoniam
2568 4822 2826 4886 tribulor,
2845 4820 3106 4876 velociter
3131 4815 3332 4875 exaudi
3357 4829 3446 4876 me
3470 4838 3486 4884 ;
3515 4841 3534 4872 ι

1955 4917 2071 4970 sive
2093 4915 2397 4970 secundum
2429 4913 2702 4985 Aquilam,
2730 4932 2750 4965 ι
2777 4912 2914 4978 Quia
2935 4909 3230 4982 angustum
3263 4911 3541 4975 mihine-

1951 5008 2142 5062 Ioc’iter
2177 5005 2373 5060 exaudi
2402 5019 2507 5060 me.
2551 5026 2571 5058 ι
2611 5004 2764 5060 Hanc
2795 5019 2960 5076 porro
3000 5005 3330 5060 sententiam
3372 5005 3538 5060 intelv

1951 5099 2110 5168 liges,
2145 5101 2192 5153 si
2227 5096 2545 5152 consideres
2576 5096 2723 5166 quod
2757 5097 2964 5150 dictum
2999 5104 3125 5151 eSt:
3160 5113 3182 5147 ι
3213 5097 3457 5166 Angusta
3481 5103 3538 5151 et

1953 5197 2104 5242 arcta
2142 5189 2228 5242 via
2276 5194 2512 5256 estquae
2563 5187 2713 5241 ducit
2764 5184 2832 5239 ad
2867 5184 3060 5252 vizam,
3112 5192 3168 5240 et
3212 5184 3371 5254 pauci
3405 5189 3536 5239 sunt

1951 5282 2048 5352 Qui
2081 5279 2469 5351 ingrediuntur
2494 5289 2590 5348 per
2625 5289 2746 5333 eam
2779 5281 2844 5335 ’⁸.
2889 5295 2908 5334 ι
2950 5279 3068 5350 Ipse
3095 5278 3282 5349 igitur,
3307 5275 3398 5346 qui
3422 5271 3533 5345 prl-

1956 5381 2079 5430 mus
2109 5373 2212 5427 hac
2259 5378 2493 5441 angusta
2547 5379 2602 5425 et
2656 5379 2807 5426 arcta
2850 5373 2935 5426 via
2977 5370 3227 5432 inceSsit,
3263 5366 3528 5425 dicebat:

1955 5473 1980 5516 4
2009 5463 2283 5533 Quaniam
2313 5469 2546 5531 angusta
2583 5462 2738 5523 mihi,
2777 5481 2798 5514 ι
2829 5473 2906 5526 et,
2935 5473 2953 5512 ι
2984 5461 3241 5531 quoniam
3275 5457 3528 5516 tribulor.

1953 5557 2214 5611 velociter
2233 5553 2428 5610 exaudi
2461 5569 2567 5608 me.
2599 5572 2617 5604 ι
2649 5551 2705 5606 In
2727 5555 3337 5624 superioribusquoque
3361 5549 3534 5606 tribu-

1952 5649 2214 5705 lationem
2261 5657 2313 5703 et
2346 5647 2652 5717 angustiam
2701 5661 2856 5704 suam
2904 5642 3327 5703 siedeelarabat
3355 5659 3372 5698 :
3403 5655 3426 5694 ι
3465 5639 3533 5698 Et

3167 5915 3243 5979 ~25
