4086 6442
600 347 711 408 ξιτ

1245 345 1513 404 EUSEBII
1554 345 2040 404 CESANENSIS
2079 345 2185 404 OPI

2287 346 2460 403 PARS
2501 345 2589 403 ιιι.
2635 378 2702 389 -
2741 345 3170 404 EXEGETICA.
3813 349 3900 404 7ιῖ

581 467 795 540 κορετυί
835 463 890 521 in
913 463 1126 536 jejunio
1162 465 1400 519 animam
1445 478 1645 528 meam,
1678 471 1734 518 et
1768 463 1973 519 factum
2001 474 2086 520 est
2131 465 2185 520 in

2293 467 2550 521 στένωσιν
2583 466 2790 535 λέγων’
2826 483 2845 517 ι
2887 465 2996 519 Kal.
3041 463 3405 535 συνεκάλυψα
3452 463 3520 522 ἐν
3565 461 3796 536 νηστείᾳ
3820 465 3904 538 τήν

603 559 957 633 opprobrium
1009 559 1164 613 mihi.
1217 555 1286 610 Et
1335 556 1493 626 posui
1553 558 1940 613 vestimentum
2005 573 2186 612 meum

601 642 848 711 saccum.
885 673 903 706 ι
933 650 1147 707 Patrem
1180 650 1365 720 itaque
1398 649 1624 719 rogabat
1642 650 1759 704 haec
1803 658 1863 708 ut
1892 651 2187 720 respiceret

601 753 660 803 et
685 745 1060 802 consideraret
1088 758 1209 814 quae
1250 759 1346 812 pro
1373 742 1533 797 nobis
1565 742 1866 796 certamina
1908 742 2189 797 sustinue-

598 841 694 896 rit.
721 837 907 906 Quare
932 836 1145 891 dicebat
1182 855 1195 891 :
1230 854 1249 887 ι
1283 833 1506 890 Intende
1531 834 1728 888 animae
1757 850 1910 898 uncae,
1936 842 1990 890 et
2019 835 2188 890 libera

597 946 746 986 eam.
789 948 809 982 ι
845 927 1049 983 Deinde
1070 942 1198 984 vero
1232 933 1378 982 recte
1411 926 1551 980 facta
1589 925 1886 982 ostendens
1921 942 2042 992 sua,
2065 942 2190 997 qua:

595 1028 663 1080 ¹ιιι
701 1021 794 1074 ille
839 1017 1101 1090 respiciat
1153 1017 1428 1081 obsecrat,
1478 1016 1702 1089 pergit:
1746 1035 1764 1068 ι
1803 1016 2035 1088 Propter
2084 1017 2190 1071 ini-

600 1112 778 1166 micos
808 1126 961 1166 meos
989 1111 1136 1181 eripe
1175 1127 1280 1166 me.
1311 1110 1391 1164 Tu
1424 1109 1535 1165 scis
1574 1109 1968 1180 improperium
2006 1125 2187 1164 meum

601 1212 652 1256 et
674 1203 1056 1259 confusionem
1073 1219 1274 1267 meam,
1293 1212 1344 1257 et
1361 1203 1718 1258 reverentiam
1736 1217 1931 1258 meam.
1949 1221 1966 1254 ι
1989 1201 2190 1270 Quem-

603 1294 900 1350 admodum
927 1295 1073 1350 enim
1103 1311 1267 1365 supra
1301 1294 1515 1349 dicebat
1551 1313 1564 1349 :
1598 1312 1616 1345 ι
1645 1288 1736 1348 ’Τιι
1773 1295 1884 1350 scis
1925 1294 2190 1366 insipien-

601 1386 736 1438 tiam
765 1401 964 1451 meam,
1002 1397 1056 1440 et
1088 1385 1285 1441 delicta
1311 1399 1429 1440 mea
1470 1401 1501 1437 a
1554 1391 1609 1439 te
1641 1398 1751 1438 non
1789 1393 1916 1438 sunt
1963 1383 2192 1439 abscon-

605 1476 758 1542 dita;
802 1495 821 1528 ι
864 1476 945 1530 sic
979 1485 1034 1530 et
1081 1490 1249 1536 nunc,
1295 1482 1412 1538 tua,
1446 1473 1648 1545 inquit,
1682 1474 1990 1544 cognitione
2025 1471 2189 1543 digna

593 1573 737 1636 sunt
787 1565 1114 1636 improperia
1165 1582 1305 1620 mea.
1361 1563 1436 1621 De
1499 1565 1608 1622 illis
1651 1579 1870 1636 quoque
1935 1564 2190 1636 superius

604 1660 801 1730 agebat
825 1657 1017 1714 dicens
1060 1677 1074 1713 :
1113 1677 1132 1710 ι
1166 1658 1473 1729 Opprobria
1498 1658 1946 1728 exprobrantium
1975 1657 2071 1711 tibi
2101 1673 2192 1712 ce-

595 1750 860 1810 .ciderunt
893 1766 1058 1822 super
1087 1766 1192 1806 me.
1229 1769 1247 1801 |
1293 1749 1747 1821 Quandoquidem
1794 1749 1961 1822 igitur
1989 1765 2056 1806 ex
2097 1749 2190 1819 ju-

596 1843 754 1917 dicio
777 1851 875 1900 tuo
906 1851 963 1900 et
997 1852 1134 1899 nutu
1163 1845 1457 1914 opprobria
1509 1845 1747 1900 sustinui
1779 1852 1834 1900 et
1891 1844 2188 1915 ignominia

603 1937 822 2008 plenam
847 1936 1190 2008 passionem,
1228 1937 1349 1992 ideo
1381 1937 1506 1992 dico
1532 1956 1545 1992 :
1569 1954 1596 1987 ~¢
1645 1935 1725 1990 Tu
1763 1936 1873 1992 scis
1913 1936 2189 2007 imprope-

601 2029 751 2084 rium
784 2043 964 2084 meum
993 2035 1048 2083 et
1076 2027 1457 2083 confusionem
1501 2043 1677 2082 meam
1729 2035 1784 2082 et
1827 2026 2188 2082 reverentiam

603 2133 806 2175 meam.
847 2137 866 2170 ›
901 2117 1293 2175 Confusiunem
1325 2118 1472 2172 nosti
1509 2133 1709 2183 meam,
1751 2133 1862 2172 non
1906 2116 2186 2187 indignam

603 2211 800 2266 notitia
842 2218 978 2277 tua,
1029 2218 1085 2268 et
1137 2213 1500 2268 reverentiam
1554 2227 1652 2268 seu
1704 2211 1989 2284 pudorem,
2023 2226 2188 2280 quem

601 2302 868 2367 sustinui,
903 2318 1028 2358 cum
1061 2321 1081 2354 ‹
1122 2305 1348 2360 dorsum
1376 2321 1554 2361 meum
1585 2303 1712 2359 dedi
1760 2304 1829 2358 ad
1875 2304 2106 2375 ﬂagella,
2133 2311 2189 2358 et

591 2396 800 2451 .faciem
845 2412 1022 2452 meam
1047 2396 1116 2452 ad
1165 2398 1375 2469 alapas.
1412 2417 1430 2450 ι
1469 2397 1657 2468 Neque
1708 2397 1825 2468 pari
1878 2404 2042 2466 atque
2086 2409 2188 2466 ego

603 2486 819 2542 ratione
839 2488 1163 2542 cruciantes
1198 2503 1286 2544 me
1333 2489 1477 2544 nosti
1526 2509 1540 2543 :
1581 2503 1764 2559 neque
1805 2487 1950 2542 enim
1983 2486 2058 2540 illi
2093 2501 2189 2541 co-

595 2578 849 2650 gnitione
871 2588 966 2633 tua
995 2579 1164 2650 digni.
1189 2578 1367 2646 Quare
1401 2581 1469 2637 de
1499 2581 1606 2636 illis
1639 2581 1763 2635 dico
1790 2598 1803 2633 :
1833 2598 1851 2630 ‹
1887 2577 2092 2634 Contra
2135 2586 2187 2635 te

595 2681 734 2730 sunt
771 2687 961 2728 omnes
981 2672 1074 2742 qui
1113 2672 1380 2727 tribulant
1410 2689 1516 2729 me.
1557 2692 1576 2726 ι
1613 2670 1689 2727 Ita
1720 2687 1886 2743 porro
1915 2678 2107 2726 contra
2134 2678 2187 2726 te

597 2773 755 2832 sunt,
787 2773 848 2820 ut
880 2765 1157 2821 contraria
1213 2765 1309 2820 tibi
1349 2766 1636 2838 eligentes,
1667 2780 1865 2836 meque
1914 2764 2183 2827 cruciant,

597 2858 740 2914 nihil
772 2859 1025 2914 utilitatis
1075 2874 1141 2913 ex
1188 2858 1499 2913 ministerio
1549 2872 1670 2913 meo
1711 2857 1883 2922 nacti,
1920 2863 2084 2927 atque
2127 2855 2187 2911 in

601 2965 762 3007 suam
793 2951 1093 3022 perniciem
1125 2950 1402 3009 cruciant.
1442 2949 1608 3005 Addit
1640 2958 1830 3021 postea
1866 2968 1882 3006 :
1917 2966 1940 3002 ι
1976 2947 2188 3017 lmpro—

599 3044 813 3114 perium
839 3043 1174 3115 exspectavit
1208 3059 1306 3098 cor
1342 3059 1522 3098 meum
1552 3051 1606 3098 et
1637 3043 1934 3098 miseriam.
1975 3061 1994 3094 ι
2027 3040 2184 3108 Quod

595 3135 809 3192 clarius
867 3135 1263 3208 interpretatus
1323 3133 1692 3208 Symmachus
1763 3143 1848 3190 est
1915 3134 2108 3189 dicens
2167 3150 2181 3186 :

2289 558 2468 629 ψυχήν
2505 574 2628 630 μου,
2673 557 2768 610 καὶ
2818 555 3048 628 ἐγενήθη
3097 557 3179 620 είς
3221 551 3601 625 ὀνειδισμοὺς
3640 554 3783 624 ἐμοί.
3811 553 3904 610 Kal

2289 650 2492 722 ἐθέμην
2545 649 2606 703 τὸ
2648 648 2855 720 ἐνδυμά
2905 666 3005 720 μου
3047 647 3270 702 σάκκον.
3319 668 3340 702 ι
3402 646 3550 700 Ἐπὶ
3583 645 3798 710 τούτοις
3825 643 3904 704 οὖν

2290 742 2386 796 καὶ
2432 740 2733 814 παρεκάλει
2779 739 2872 794 τὸν
2914 741 3134 812 Πατέρα
3161 739 3450 812 ἐμϐλέψαι
3485 739 3593 792 καὶ
3624 735 3905 792 θεάσασθσι

2289 835 2416 896 τοὺς
2449 832 2641 897 ἄθλους
2670 831 2763 896 οὓς
2822 831 2964 904 ὑπὲρ
3016 831 3172 904 ἡμῶν
3226 831 3556 904 ύπέμεινε’
3609 828 3696 883 διὸ
3737 829 3903 900 €7.57:-

2297 944 2315 977 ι
2358 925 2601 997 Πρόσχες
2649 928 2716 996 τῇ
2769 924 2914 997 ψυχῇ
2963 942 3102 997 μου,
3148 924 3244 978 καὶ
3294 923 3610 996 λύτρωσαι
3668 921 3902 992 αὐτὴν.»

2291 1013 2424 1071 Εἶτα
2455 1017 2667 1082 δεικνὺς
2711 1016 2876 1071 αὐτοῦ
2918 1018 2989 1072 τὰ
3023 1016 3439 1089 κατορθώματα
3505 1009 3600 1078 οἷς
3656 1015 3908 1086 ἐμϐλέψαι

2293 1109 2613 1181 παρεκάλει,
2648 1108 2908 1178 ἐπιλέγει·
2933 1127 2954 1162 ι
2980 1111 3182 1163 Ἕνεκα
3209 1109 3320 1162 τῶν
3346 1105 3595 1180 ἐχθρῶν
3627 1124 3734 1178 μου
3763 1107 3907 1178 ρύσαὶ

2295 1220 2383 1274 με.
2416 1203 2488 1257 Σὺ
2513 1199 2843 1272 γιγνώσκεις
2871 1202 2962 1255 τὸν
2988 1202 3287 1274 όνειδισμόν
3318 1219 3430 1273 μου
3456 1201 3568 1254 καὶ
3598 1199 3706 1272 τὴν
3739 1201 3909 1270 αίσχύ-

2291 1305 2388 1356 νην
2423 1305 2546 1359 μου,
2573 1288 2670 1342 καὶ
2697 1289 2796 1361 τὴν
2826 1289 3096 1362 ἐντροπὴν
3141 1308 3263 1361 μου.
3301 1311 3322 1344 ι
3364 1288 3472 1354 Ὧς
3507 1289 3632 1362 γὰρ
3667 1290 3910 1364 ἀ·.ωτέρω

2291 1378 2478 1448 ἔλεγε·
2547 1397 2566 1430 ι
2618 1380 2692 1434 Συ
2745 1379 2918 1449 ἔγνως
2977 1381 3077 1452 τὴν
3128 1380 3456 1454 ἀῳροσύνην
3526 1399 3664 1452 μου,
3715 1383 3811 1435 καὶ
3859 1385 3907 1436 al

2292 1472 2662 1545 πλημμέλειαί
2699 1491 2800 1545 μου
2831 1474 2940 1528 ἀπὸ
2965 1473 3058 1528 σοῦ
3094 1474 3194 1528 οὐκ
3226 1473 3662 1547 ἀπεκρύσησαν
3683 1493 3697 1505 ·
3734 1495 3752 1528 ι
3784 1474 3908 1529 οὕτω

2293 1565 2385 1618 καὶ
2409 1565 2504 1620 νύν
2549 1567 2649 1638 τῆς
2699 1567 2818 1639 σῆς,
2852 1567 3012 1640 φησὶ,
3056 1565 3311 1637 γνώσεως
3352 1567 3752 1638 τυγχάνουσιν
3785 1568 3909 1633 ἄξιοι

2291 1657 2342 1710 οἱ
2391 1656 2687 1728 ὸνειδισμοί
2742 1675 2868 1729 μου.
2929 1659 3150 1730 Ἐδήλου
3183 1659 3239 1713 δὲ
3286 1659 3425 1731 περὶ
3483 1657 3710 1713 τούτων
3742 1661 3833 1713 καὶ
3857 1662 3907 1714 ἐν

2293 1753 2404 1812 τοῖς
2435 1748 2742 1821 ἔμπροσθεν
2774 1749 2949 1820 λέγων
2968 1768 2982 1781 ·
3017 1769 3036 1804 ι
3078 1752 3189 1806 Καὶ
3209 1753 3260 1805 ot
3293 1752 3622 1824 ὀνειδισμοὶ
3651 1753 3764 1805 τῶν
3786 1754 3907 1806 ὀνει-

2220 1825 2261 1883 Β
2288 1841 2543 1906 διζόντων
2603 1857 2664 1894 σε
2697 1840 2973 1895 ἐπέπεσαν
3015 1841 3102 1895 ἐπ’
3154 1842 3276 1914 ἐμέ.
3310 1862 3329 1894 ι
3375 1843 3553 1897 Ἐπεὶ
3603 1842 3788 1898 τοίνυν
3844 1847 3901 1915 σῇ

2288 1931 2468 2004 κρίσει
2525 1931 2618 1985 καὶ
2650 1929 2727 2004 σῷ
2767 1931 3036 2004 πνεύματι
3058 1933 3184 1998 τοὺς
3211 1934 3574 2006 ὀνειδισμοὺς
3605 1933 3903 2006 ὑπέμεινα,

2288 2023 2384 2078 καὶ
2419 2022 2479 2076 τὸ
2523 2022 2723 2095 μεστὸν
2762 2023 3025 2094 αἰσχύνης
3069 2023 3132 2077 τὸ
3169 2023 3358 2089 πάθος,
3383 2025 3484 2078 διὰ
3522 2024 3698 2078 τοῦτό
3741 2042 3898 2097 φημι-

2294 2135 2314 2168 ι
2349 2117 2422 2170 Σὺ
2449 2114 2738 2186 γινώσκεις
2770 2116 2864 2169 τὸν
2891 2116 3194 2187 ὀνειδισμόν
3230 2134 3332 2188 μου
3361 2119 3463 2172 καὶ
3502 2119 3616 2190 τὴν
3650 2116 3904 2189 αίσχύνῃν

2291 2225 2416 2279 μου,
2454 2208 2548 2260 καὶ
2580 2208 2680 2278 τὴν
2727 2208 2998 2280 ἐντροπήν
3029 2226 3151 2281 μου.
3191 2229 3210 2262 ο
3249 2209 3363 2282 Τὴν
3417 2209 3534 2282 μὲν
3583 2209 3734 2282 ἐμὴν
3770 2206 3901 2275 οἶδας

2288 2299 2551 2371 αἰσχύνην
2587 2301 2687 2353 οὐκ
2729 2295 2896 2355 οὖσαν
2938 2299 3165 2366 ἀναξίιῖν
3197 2301 3296 2374 τῆς
3333 2303 3432 2374 σῆς
3464 2301 3766 2371 γνώσεως.
3805 2303 3900 2357 Καὶ

2287 2394 2386 2464 τὴν
2434 2394 2702 2466 ἐντροπήν
2753 2411 2878 2466 μου,
2934 2394 3001 2467 ἢν
3056 2394 3348 2467 ὑπέμεινα,
3385 2414 3402 2446 ι
3445 2394 3556 2448 τὸν
3598 2394 3775 2448 νῶτόν
3806 2410 3899 2466 μου

2286 2487 2411 2552 δοὺς
2446 2489 2527 2552 είς
2562 2488 2834 2559 μάστιγας
2886 2489 2982 2542 καὶ
3025 2487 3127 2552 τὰς
3174 2490 3434 2558 σιαγόνας
3472 2507 3592 2564 μου
3631 2489 3717 2552 είς
3751 2489 3897 2560 ῥαπί-

2289 2594 2492 2647 σματα,
2529 2597 2548 2630 ι
2579 2577 2891 2648 γινώσκεις.
2921 2579 3120 2633 Οὐκέτι
3151 2579 3208 2632 δὲ
3231 2580 3434 2652 ὁμοίως
3461 2581 3606 2652 ἐμοὶ
3639 2581 3770 2643 τοὺς
3796 2577 3897 2633 01E-

2287 2670 2482 2734 δοντάς
2531 2687 2598 2742 με
2637 2670 2962 2741 γινώσκεις·
3011 2671 3073 2724 οὐ
3116 2671 3226 2745 γὰρ
3266 2672 3364 2744 τῆς
3411 2673 3522 2744 σῆς
3567 2671 3894 2743 τυγχάνουσι

2285 2761 2540 2832 γνώσεως
2586 2761 2747 2830 ἄξιοι.
2800 2762 2891 2817 Διὸ
2946 2764 3076 2836 περὶ
3107 2763 3288 2820 αὐτῶν
3332 2782 3519 2836 φημι,
3558 2781 3582 2816 ι
3629 2761 3894 2818 Ἐναντίον

2289 2852 2384 2908 σοῦ
2414 2855 2617 2919 πάντες
2667 2856 2718 2908 οί
2744 2854 3018 2920 θλίϐοντές
3053 2873 3142 2928 με.
3171 2876 3189 2908 ι
3211 2856 3366 2911 Οὕτω
3398 2855 3457 2911 δέ
3483 2858 3636 2911 εἰσιν
3663 2853 3890 2910 ἐναντίον

2287 2947 2404 3012 σού,
2436 2948 2514 3014 ὼς
2540 2947 2608 3003 τὰ
2648 2947 2866 3002 ἐναντία
2899 2949 2983 3002 σοι
3006 2949 3384 3024 προῃρημένοι
3404 2969 3418 2981 ο
3457 2949 3723 3004 θλίϐουσι
3752 2947 3806 3002 δέ
3831 2964 3890 3020 με

2290 3042 2457 3114 μηδὲν
2484 3042 2852 3115 ὠφελούμενοι
2885 3044 2950 3098 ἐκ
2992 3043 3093 3115 τῆς
3122 3043 3260 3115 ἐμῆς
3291 3042 3626 3116 θεραπείας,
3655 3044 3751 3098 καὶ
3790 3040 3888 3095 θλί-

2289 3136 2442 3190 ϐουσι
2466 3135 2554 3190 διὰ
2580 3134 2681 3206 τῆς
2697 3134 2878 3190 αὐτῶν
2900 3135 3192 3200 ἀπωλείας.
3211 3133 3326 3189 Εἶτ’
3350 3137 3613 3206 ἐπιλέγει
3635 3153 3650 3166 ο
3677 3154 3696 3186 ι
3735 3135 3888 3188 Ὀνει-

607 3247 626 3280 ι
665 3229 1060 3300 Improperium
1091 3229 1362 3301 confregit
1389 3245 1487 3283 cor
1514 3246 1716 3293 meum,
1741 3238 1797 3286 et
1827 3229 2077 3284 dolebam
2104 3246 2120 3293 ;
2157 3247 2176 3280 ι

2287 3226 2478 3298 δισμὸν
2523 3226 2928 3299 προσεδόκησεν
2979 3229 3014 3300 ὴ
3064 3227 3263 3300 καρδία
3319 3245 3421 3300 μου
3471 3231 3575 3284 καὶ
3615 3227 3884 3283 ταλαιπω-

599 3321 796 3390 Aquila
831 3335 984 3386 vero,
1017 3339 1038 3374 ι
1081 3321 1501 3393 lmproperium,
1550 3322 1753 3394 inquit,
1789 3321 2052 3378 contrivit
2088 3336 2184 3376 cor

599 3426 803 3473 meum,
831 3419 887 3466 et
911 3411 1232 3483 desperatus
1267 3429 1409 3468 sum.
1436 3433 1456 3468 ι

2291 3319 2410 3392 ρίαν
2429 3336 2442 3350 ·
2489 3339 2508 3371 ι
2537 3319 2566 3372 ὃ
2595 3318 2660 3389 δὴ
2687 3319 3018 3392 σαφέστερον
3045 3322 3392 3392 ἡρμήνευε-εν
3419 3323 3449 3375 ὁ
3484 3321 3798 3394 Σύμμαχος
3813 3319 3882 3371 εἰ-

2288 3411 2438 3466 πών’
2481 3430 2500 3462 ι
2551 3410 2878 3482 Ὀνειδισμδς
2905 3411 3135 3477 κατέαξε
3164 3411 3264 3484 τὴν
3325 3413 3557 3486 καρδίαν
3613 3429 3745 3486 μου,
3797 3408 3880 3463 καὶ

595 3503 848 3578 ἠνιώμην
880 3523 896 3538 .
952 3526 972 3559 ,
1009 3508 1037 3561 ὁ
1098 3507 1156 3560 δὲ
1230 3507 1482 3576 Ἀκύλας,
1531 3527 1551 3561 ε
1607 3508 1958 3580 Ὀνειδισμδς,
2017 3509 2172 3582 φησι,
2203 3504 2490 3578 συνέτριψε
2518 3505 2617 3578 τὴν
2639 3504 2864 3577 καρδίαν
2899 3522 3022 3576 μου,
3048 3505 3142 3558 καὶ
3173 3505 3560 3580 ἁπεγνώσθην.
3609 3525 3632 3559 ι

673 3597 844 3660 Vens.
881 3600 1088 3658 22-25.
1124 3619 1143 3655 ι
1184 3601 1250 3658 Et
1293 3604 1533 3660 sustinui
1559 3605 1654 3676 qui
1682 3604 1849 3660 simul
1883 3607 2185 3661 contrista-

593 3699 776 3758 retur,
801 3703 855 3748 et
879 3707 987 3748 non
1012 3693 1146 3763 fuit;
1163 3702 1213 3751 et
1231 3695 1325 3767 qui
1349 3695 1752 3759 consolaretur,
1774 3705 1827 3752 et
1840 3711 1949 3751 non
1981 3695 2184 3752 inveni.

596 3781 672 3838 Et
711 3783 985 3839 dederunt
1007 3784 1061 3839 in
1101 3800 1284 3841 escam
1318 3802 1493 3842 meam
1525 3784 1616 3850 fel,
1649 3797 1704 3842 et
1731 3787 1785 3841 in
1817 3787 1907 3842 siti
1941 3801 2058 3841 mea
2086 3801 2186 3857 po-

594 3885 859 3932 taverunt
901 3893 988 3934 me
1033 3886 1210 3935 aceto.
1251 3898 1270 3933 ι
1296 3878 1610 3936 Secundum
1659 3879 2046 3953 Symmachum
2083 3894 2183 3934 au-

577 3978 713 4025 .tem
746 3989 760 4025 :
795 3989 814 4024 ι
849 3969 914 4024 Et
934 3971 1324 4042 exspectabam
1375 3973 1469 4043 qui
1515 3973 1680 4029 simul
1733 3974 2179 4036 contristaretur,

591 4070 658 4116 et
686 4077 797 4117 non
825 4061 959 4129 fuit;
998 4072 1052 4118 et
1083 4070 1486 4129 consolantem,
1516 4072 1570 4121 et
1601 4080 1710 4121 non
1745 4065 1952 4121 inveni.
1986 4063 2052 4118 Et
2097 4064 2181 4118 iu-

596 4151 861 4222 j-iciebant
893 4153 949 4208 in
971 4154 1154 4209 cibum
1183 4170 1361 4210 meum
1395 4154 1488 4219 fel,
1519 4163 1576 4210 et
1601 4156 1656 4210 in
1687 4155 1776 4211 siti
1808 4170 1928 4210 mea
1961 4163 2184 4226 potave-

595 4249 733 4296 a'unt
761 4258 848 4298 me
878 4252 1054 4300 aceto.
1093 4265 1112 4298 ι
1145 4245 1457 4318 Discipulos
1476 4247 1859 4320 ejustempore
1882 4250 2179 4320 passionis,

597 4336 724 4405 ipso
745 4335 1029 4402 derelicto,
1053 4337 1333 4411 effugisse,
1357 4356 1534 4411 neque
1555 4351 1741 4396 tamen
1765 4341 1956 4396 dolore
1980 4356 2184 4398 vacuos

593 4426 794 4496 fuisse,
819 4428 977 4486 docet
1006 4433 1379 4504 Evangelium.
1409 4434 1547 4489 Cum
1567 4435 1713 4490 enim
1746 4433 1940 4492 Petrus
1967 4435 2183 4492 ﬂevisse

2369 3620 2387 3652 ι
2432 3600 2542 3654 Καὶ
2575 3600 2842 3670 ὑπέμεινα
2881 3598 3341 3671 συλλυπούμενον,
3369 3600 3464 3654 καὶ
3490 3602 3593 3672 οὐχ
3623 3596 3873 3670 ὑπῆρξεν,

2294 3692 2390 3746 καὶ
2433 3690 2876 3764 παρακαλοῦντα,
2904 3691 2999 3744 καὶ
3047 3691 3147 3762 οὐχ
3195 3682 3374 3764 εὖρον.
3405 3693 3519 3746 Καὶ
3564 3693 3778 3746 ἔδωκαν
3809 3690 3879 3752 είς

2290 3787 2352 3841 τὸ
2379 3786 2574 3858 βρῶμά
2600 3803 2702 3859 μου
2728 3785 2910 3859 χολὴν,
2946 3787 3041 3840 καὶ
3063 3789 3143 3852 είς
3171 3788 3270 3862 τὴν
3295 3787 3452 3860 δίψαν
3486 3807 3599 3861 μου
3631 3785 3876 3842 ἐπότισάν

2287 3895 2360 3950 με
2390 3877 2534 3943 ὅξος.
2579 3897 2598 3931 ι
2648 3877 2808 3934 Κατὰ
2838 3877 2894 3930 δὲ
2925 3878 3016 3931 τὸν
3048 3877 3342 3949 Σύμμαχον
3363 3894 3376 3908 ·
3418 3897 3437 3928 ι
3470 3880 3589 3934 Kal.
3627 3877 3875 3949 ἀνέμενον

2289 3969 2749 4041 συλλυπούμενον,
2781 3969 2876 4023 καὶ
2903 3970 3002 4040 οὐχ
3033 3971 3267 4042 ὑπῆρξε,
3305 3971 3401 4026 καὶ
3432 3969 3869 4045 παρηγοροῦντα.

2289 4059 2384 4114 καὶ
2427 4059 2524 4130 οὐχ
2572 4059 2824 4134 εὕρισκον
2851 4077 2864 4091 ·
2895 4062 3006 4114 Καὶ
3055 4061 3340 4116 ἐνέϐαλλον
3397 4065 3478 4128 εἰς
3529 4064 3636 4136 τὴν
3679 4061 3872 4134 τροςςήν

2292 4169 2395 4221 μου
2448 4151 2632 4223 χολὴν,
2673 4153 2767 4206 καὶ
2799 4154 2856 4206 ἐν
2883 4155 2950 4224 τῇ
2985 4153 3126 4224 δίψει
3167 4171 3270 4226 μου
3302 4155 3564 4211 ἐπότισάν
3594 4174 3663 4228 με
3688 4154 3824 4218 ὅξος.
3846 4171 3864 4202 ο

2293 4245 2415 4298 Ὀτι
2446 4244 2546 4316 μὲν
2560 4246 2609 4298 οί
2629 4245 2870 4318 μαθηταὶ
2896 4245 3084 4309 αὑτοῦ,
3111 4247 3501 4312 καταλιπόντες
3530 4249 3720 4310 αὑτὸν,
3753 4246 3869 4314 ἔφυς

2289 4355 2386 4407 γον
2419 4339 2561 4393 κατὰ
2598 4340 2691 4395 τὸν
2720 4339 2815 4394 τοῦ
2857 4341 3065 4405 πάθους
3097 4342 3307 4415 καιρὸν,
3336 4343 3486 4416 ὅμως
3516 4344 3564 4398 δ’
3595 4343 3753 4406 ἐκτὸς
3787 4337 3868 4392 λύ-

2290 4446 2400 4502 πης
2431 4432 2530 4486 οὐκ
2559 4427 2722 4502 ἦσαν,
2745 4431 2985 4486 διδάσκει
3011 4434 3072 4487 τὸ
3098 4435 3447 4504 Εύαγγέλιον.
3474 4436 3606 4490 Ὅτε
3634 4434 3741 4506 γὰρ
3773 4429 3865 4484 Πέ-

587 4535 790 4576 amare
839 4523 1153 4592 scribatur;
1190 4541 1255 4580 ae
1303 4527 1500 4597 reliqui
1541 4529 1860 4600 congregati
1917 4529 1973 4582 in
2019 4529 2182 4584 domo

2287 4537 2410 4593 τρος
2451 4522 2868 4594 ἀναγέγραπται
2913 4523 3401 4596 ἀποκλαυσάμενος
3451 4526 3692 4598 πικρῶς,
3721 4522 3773 4575 οἵ
3811 4535 3863 4572 τε

602 4626 710 4666 una
751 4611 982 4669 latuisse
1029 4624 1251 4687 propter
1285 4627 1488 4674 metum
1521 4618 1840 4675 Judazorum
1896 4619 2180 4688 ferantur;

599 4715 948 4773 nequaquam
969 4704 1159 4762 dolore
1176 4709 1336 4762 vacui
1358 4720 1536 4764 erant.
1571 4709 1698 4766 Haec
1721 4712 1890 4784 igitur
1919 4711 1988 4768 de
2011 4715 2184 4768 choro

599 4793 978 4862 apostolorum
1005 4795 1152 4851 dicta
1190 4797 1357 4856 fuisse
1386 4809 1582 4871 putare
1611 4811 2042 4859 consentaneum
2073 4821 2183 4861 non

597 4892 716 4953 est;
750 4884 844 4941 sed
885 4886 954 4944 de
989 4891 1371 4948 cruciantibus
1411 4893 1565 4950 illum
1596 4895 1662 4950 de
1683 4895 1887 4966 quibus
1921 4896 2129 4952 dictum
2165 4917 2180 4956 :

603 4990 624 5024 ι
662 4972 867 5029 Contra
920 4983 975 5032 te
1022 4987 1153 5034 sunt
1185 4995 1378 5038 omnes
1420 4984 1513 5054 qui
1567 4984 1833 5040 tribulant
1877 5001 1984 5042 me.
2017 5005 2036 5040 ι
2073 4985 2185 5057 Ego

598 5067 801 5138 quippe
826 5070 1010 5125 omnia
1056 5087 1155 5142 pro
1183 5073 1405 5130 illorum
1433 5077 1612 5132 salute
1641 5079 1894 5148 agebam,
1927 5083 2184 5150 operiens

596 5156 658 5211 in
689 5157 901 5228 jejunio
932 5161 1170 5217 animant
1208 5180 1408 5231 meam,
1445 5183 1610 5224 sacco
1663 5178 1824 5226 utens
1878 5170 2182 5226 indumenti

598 5247 723 5304 loco
747 5269 769 5317 ς
811 5252 887 5306 illi
910 5268 1041 5308 vero
1072 5255 1142 5310 iis
1161 5260 1440 5316 contraria
1465 5259 1874 5331 perpetrabant,
1905 5261 2068 5316 modo
2089 5278 2186 5317 ex-

597 5345 926 5412 probrantes
975 5348 1437 5422 traducentesque
1477 5352 1688 5423 jejunia
1740 5370 1883 5417 mea,
1940 5369 2066 5409 mox
2129 5354 2185 5410 iu

599 5438 1095 5505 compotationibus
1123 5442 1240 5498 suis
1267 5450 1460 5499 contra
1494 5462 1580 5500 me
1616 5447 1935 5518 psallentes,
1971 5462 2036 5502 ac
2065 5463 2186 5504 om-

599 5530 691 5581 nia
737 5529 919 5600 potius
952 5541 1198 5603 agentes,
1234 5549 1403 5603 quam
1431 5543 1490 5590 ut
1523 5553 1740 5592 mecum
1781 5538 2184 5594 contristaren-

597 5626 711 5674 tur.
740 5620 862 5691 Ego
891 5638 1020 5678 vero
1061 5640 1162 5695 pro
1211 5626 1320 5682 illis
1350 5627 1541 5683 dolore
1573 5631 1857 5685 alliciebar
1883 5646 1898 5699 ;
1930 5631 2006 5686 illi
2053 5645 2186 5686 vero

599 5723 711 5763 non
743 5725 849 5763 una
883 5726 1098 5767 mecum
1129 5713 1386 5771 dolebant
1409 5725 1465 5774 et
1489 5719 1832 5789 angebantur
1863 5738 1876 5774 :
1904 5735 2007 5775 nec
2034 5719 2188 5790 quis-

596 5799 750 5870 piam
785 5800 928 5858 inter
953 5802 1076 5860 illos
1107 5802 1208 5860 fuit
1241 5807 1332 5877 qui
1363 5822 1449 5864 me
1482 5808 1884 5866 consolaretur.
1916 5807 2026 5867 Sed
2049 5809 2184 5867 nihil

2285 4612 2462 4668 λοιποὶ
2491 4615 2822 4686 συνηγμένοι
2853 4616 2947 4670 καὶ
2982 4617 3074 4687 ὑφ’
3109 4617 3207 4670 ἐνα
3262 4617 3704 4688 κρυπταξόμενοι
3730 4609 3862 4666 οἷκον

2283 4704 2372 4760 διὰ
2393 4705 2485 4759 τὸν
2508 4705 2672 4776 φόϐον
2694 4706 2804 4760 τῶν
2842 4707 3129 4773 Ἰουδαίων,
3147 4709 3248 4762 ούκ
3272 4708 3378 4776 ἔξω
3409 4709 3586 4780 λύπης
3608 4707 3860 4778 ὗπῆρχονο

2287 4799 2402 4852 Οὐκ
2431 4799 2496 4854 ἂν
2517 4795 2610 4854 οὖν
2631 4799 2895 4873 ἁρμόσειε
2927 4801 3103 4857 ταῦτα
3136 4804 3264 4875 περὶ
3288 4802 3382 4856 τοῦ
3415 4802 3578 4875 χοροῦ
3607 4802 3714 4856 τῶν
3737 4801 3859 4853 ἀπο-

2288 4891 2490 4945 στόλων
2539 4891 2812 4962 λέγεσθαι,
2850 4892 2984 4948 ἀλλὰ
3033 4896 3162 4966 περὶ
3205 4895 3314 4948 τῶν
3367 4895 3658 4949 θλιϐόντων
3691 4889 3858 4948 αὐτὸν,

2286 4984 2416 5056 περὶ
2442 4977 2518 5037 ὦν
2561 4983 2777 5054 ἔλεγεν·
2817 5003 2838 5036 ι
2862 4986 3130 5041 Ἐναντίον
3169 4987 3263 5042 σού
3301 4988 3500 5053 πάντες
3519 4990 3567 5042 oi
3604 4979 3854 5041 θλίϐοντές

2289 5093 2378 5147 με.
2409 5096 2428 5130 ι
2474 5075 2614 5147 Ἐγὼ
2651 5077 2751 5149 μὲν
2784 5078 2894 5151 γὰρ
2944 5080 3124 5134 πάντα
3171 5083 3310 5154 ὑπὲρ
3336 5083 3436 5153 τῆς
3476 5082 3657 5138 αὐτῶν
3701 5090 3857 5142 σωτη-

2290 5167 2410 5239 ρίας
2445 5169 2680 5234 ἐποίουν,
2738 5170 3029 5226 καλύπτων
3055 5174 3112 5227 ἐν
3143 5175 3368 5246 νηστείᾳ
3399 5175 3500 5246 τὴν
3531 5175 3708 5246 ψυχήν
3741 5181 3850 5241 μου,

2288 5259 2480 5331 σάκκῳ
2509 5276 2570 5314 τε
2609 5259 2866 5332 ἐνδύματι
2899 5260 3180 5333 χρώμενος
3199 5280 3212 5294 ·
3238 5263 3288 5317 οἱ
3319 5263 3376 5317 δέ
3405 5263 3474 5317 τὰ
3506 5262 3716 5318 ἐναντία
3741 5253 3850 5312 τού-

2284 5369 2398 5416 τοις
2419 5352 2709 5425 έπραττον,
2743 5354 2866 5407 τοτέ
2898 5353 2998 5426 μέν
3036 5355 3385 5421 ὀνειδίζοντες
3412 5357 3507 5410 καὶ
3527 5355 3847 5426 διασύροντες

2284 5442 2386 5507 τὰς
2429 5443 2568 5514 ἐμὰς
2591 5442 2862 5515 νηστείας,
2890 5447 3010 5499 τοτὲ
3035 5445 3092 5500 δὲ
3125 5447 3182 5499 ἐν
3211 5449 3332 5511 ταῖς
3354 5447 3662 5520 παροινίαις
3691 5437 3846 5499 αὐτῶν

2286 5534 2406 5586 κατ’
2444 5532 2578 5604 ἐμοῦ
2611 5533 2926 5604 ψάλλοντες,
2950 5537 3046 5590 καὶ
3072 5537 3250 5592 πάντα
3279 5536 3480 5608 μᾶλλον
3508 5538 3541 5611 ἢ
3575 5529 3845 5592 συλλυπού-

2291 5645 2459 5700 μενοι.
2494 5627 2667 5698 Κάγὼ
2703 5630 2802 5700 μὲν
2839 5631 2982 5702 ὑπὲρ
3013 5631 3193 5685 αὐτῶν
3230 5631 3412 5701 ἀλγῶν
3445 5631 3778 5704 ἐλυπούμην·
3801 5620 3842 5676 οἱ

2285 5720 2341 5774 δέ
2374 5719 2435 5774 οὐ
2468 5720 2764 5794 συνήλγουν
2797 5739 2907 5794 μοι,
2930 5721 3050 5776 οὐδὲ
3080 5722 3420 5794 συνέπασχον
3439 5741 3452 5756 ·
3479 5724 3593 5778 ἀλλ’
3620 5721 3733 5777 οὐδὲ
3753 5731 3842 5771 πα-

2292 5812 2557 5886 ράκλητός
2593 5831 2676 5878 τις
2721 5813 2901 5872 αὐτῶν
2945 5815 3025 5879 είς
3058 5816 3198 5890 ἐμὴν
3241 5816 3595 5890 παραμυθίαν
3623 5815 3837 5888 εὓρηται.
