4086 6442
333 397 442 454 ’ΒΩ

1467 385 1974 444 (ΤΟΜΜΕΝΤᾹΒΙᾹ
2013 383 2080 442 IN
2119 377 2460 442 Ρειιιιοε.

3495 369 3608 438 73b

325 513 416 568 Πά
437 525 518 566 κτα
535 487 688 566 ﬁeri
705 509 836 564 ’κατ’
863 507 1000 581 ἐμοῦ
1031 505 1428 580 ἐγχειροῦντες,
1457 507 1540 570 εἰς
1573 505 1672 578 μὲν
1695 503 1758 560 τὺ
1779 503 1920 580 βρῶ-

2025 509 2218 556 contra
2245 513 2332 556 me
2359 513 2470 554 non
2496 493 2896 570 aggredientes,
2927 497 2982 552 in
3005 509 3190 554 escam
3219 509 3394 552 meam
3419 495 3494 554 fel
3523 499 3612 554 in-

331 605 414 678 μά
459 619 566 675 μου
621 599 784 674 χολὴν
825 599 1070 664 ἔϐαλλον,
1117 599 1295 654 καίτοι
1343 599 1550 672 τροφὰς
1571 600 1758 664 αὐτοῖς
1789 597 1924 671 ἐμοῦ

339 691 594 758 πλουσίας
627 693 1034 765 παρεχομένου·
1069 691 1378 762 διψῶντιδὲ
1401 709 1492 764 μοι
1522 691 1642 756 ὅξος
1675 689 1798 746 ἀντὶ
1824 705 1926 744 πο-

337 785 426 842 τοῦ
487 787 850 859 προσέφερον.
897 785 1164 858 Τοιαύτην
1223 783 1280 838 δέ
1343 801 1434 856 μοι
1481 783 1716 857 ἐκίρνων
1761 783 1924 856 χολὴν

329 879 520 936 ὁποίαν
565 879 756 952 ἐδήλου
807 879 838 932 ό
883 877 1221 952 προφητικὸς
1271 876 1430 946 λόγος
1479 876 1682 932 εἰπών’
1729 897 1748 930 ι
1797 877 1926 942 Πῶς

327 971 608 1045 ἐστράφης
637 971 716 1034 εἰς
747 969 992 1040 πικρίαν,
1019 969 1054 1038 ἡ
1079 965 1322 1038 ἄμπελος
1351 968 1386 1038 ἡ
1421 965 1712 1038 ἀλλοτρίας
1739 985 1758 1018 ι
1781 965 1926 1036 Νοή-

333 1079 448 1126 σεις
481 1062 538 1116 δὲ
571 1063 720 1126 ὅπως
755 1061 1014 1134 τρέφεται
1041 1062 1072 1114 ό
1103 1057 1294 1130 Σωτὴρ
1321 1057 1478 1128 ἡμῶν
1513 1057 1802 1112 ἐπακούων
1827 1057 1926 1112 αὑ-

333 1153 425 1208 τοῦ
455 1153 738 1224 λέγοντος·
765 1171 786 1206 ι
833 1151 1112 1214 Ἐπείνων,
1155 1149 1248 1204 καλ
1281 1147 1522 1202 ἐδώκατέ
1557 1167 1648 1220 μοι
1687 1151 1886 1218 φαγεῖν
1905 1163 1922 1178 ·

333 1247 554 1318 ἐδῖψων,
607 1245 702 1300 καὶ
751 1245 1040 1300 ἐποτίσατέ
1101 1259 1170 1316 με
1231 1261 1250 1296 ι
1289 1244 1352 1297 Ei
1381 1243 1438 1296 δὲ
1465 1245 1600 1298 ’ἀντὶ
1639 1243 1924 1316 τροφίμων

329 1337 562 1410 καρπῶν
591 1337 702 1392 τῶν
719 1337 812 1392 διά
835 1335 1094 1398 εὐσεϐοῦς
1127 1333 1244 1406 βίου
1275 1333 1482 1406 πικράς
1505 1349 1592 1398 τις
1622 1333 1922 1408 προσφέροι

307 1431 452 1486 ’κατ’
475 1429 640 1486 αὐτοῦ
669 1427 1036 1502 βλασφημίας,
1069 1431 1136 1500 τῇ
1153 1446 1212 1482 τε
1240 1426 1560 1500 διδασκαλίᾳ
1583 1427 1748 1482 αὐτοῦ
1781 1445 1925 1500 παρ-

331 1520 598 1600 εμπλεκοι
653 1519 796 1584 ἄθεαι
843 1519 942 1574 καὶ
987 1517 1160 1590 ψευδῆ
1209 1517 1478 1590 δόγματα,
1533 1511 1692 1582 οὗτος
1739 1519 1820 1582 είς
1860 1518 1924 1572 τὸ

331 1613 530 1686 βρῶμα
561 1612 726 1668 αὐτοῦ
774 1611 936 1684 χολὴν
971 1610 1250 1682 ἐμϐάλλει,
1284 1611 1378 1664 καὶ
1403 1610 1628 1681 διψῶντι
1653 1607 1796 1666 οἶνον
1825 1612 1920 1666 ἐκ·

329 1705 562 1776 τροπίαν
594 1705 686 1758 τὸν
727 1706 790 1760 ἐκ
825 1703 928 1774 τῆς
971 1703 1186 1766 εὐθείας
1231 1703 1352 1758 ὁδοῦ
1393 1705 1924 1776 παρατετραμμένον

325 1795 568 1852 δίδωσιν.
591 1795 826 1850 Τοιαῦτα
845 1795 900 1850 δὲ
923 1795 1180 1860 ἐθέσπιζε
1211 1797 1340 1870 περὶ
1367 1795 1462 1850 τοῦ
1489 1795 1762 1850 Ἰουδαίων
1787 1795 1920 1852 λαοῦ

327 1889 570 1959 Μωῦσῆς
603 1891 660 1942 ἐν
689 1887 902 1964 μεγάλῃ
937 1887 1048 1960 ᾠδῇ
1089 1887 1448 1962 προφητικῶς
1482 1889 1782 1960 ἀναφωνῶν
1825 1891 1922 1946 καὶ

303 1979 502 2048 ’λέγων
521 1997 534 2010 ·
585 1999 604 2032 ι
653 1979 746 2036 Ἐκ
777 1981 888 2054 γάρ
921 1981 1167 2054 ἀμπέλου
1199 1981 1450 2054 Σοδόμων
1479 1983 1512 2056 ὴ
1543 1982 1788 2055 ἄμπελος
1815 1985 1918 2038 αὐ·-

311 2071 460 2136 -τῶν,
497 2073 590 2126 καὶ
617 2073 650 2144 ἡ
683 2071 952 2146 κληματὶς
977 2073 1154 2130 αὐτῶν
1181 2075 1246 2128 ἐκ
1277 2075 1582 2148 Γομόρρας·
1605 2077 1640 2148 ἡ
1675 2074 1920 2148 σταφυλὴ

329 2165 510 2220 αὐτῶν
539 2165 784 2238 σταφυλὴ
811 2166 992 2238 χολῆς,
1021 2165 1218 2240 βότρυς
1249 2169 1480 2242 πικρίας
1503 2167 1706 2222 αὐτῶν.
1739 2187 1758 2222 ι
1793 2169 1920 2224 Ἕν-

325 2257 426 2312 θεν
469 2259 696 2324 εἰκότως
735 2259 850 2324 τοῖς
887 2259 1072 2324 αὐτοῖς
1107 2261 1202 2316 καὶ
1231 2261 1320 2316 διά
1361 2263 1580 2316 Ἡσαΐου
1627 2261 1918 2334 καταμέμ-

331 2367 492 2422 φεται
517 2351 583 2406 τὺ
611 2349 836 2424 Πνεῦμα
863 2351 1022 2422 λέγον
1041 2369 1056 2384 ⁸
1081 2351 1346 2424 ιἜμεινα
1369 2353 1456 2406 ἴνα
1477 2353 1680 2425 ποιήσῃ
1709 2369 1916 2424 σταφυ-

331 2441 452 2514 λὴν,
481 2441 706 2516 ἐποίησε
736 2441 794 2496 δὲ
827 2441 1070 2506 ἀκάνθας
1091 2459 1106 2474 ⁸
1143 2461 1162 2496 ι
1201 2441 1310 2496 Καὶ
1339 2439 1500 2496 πάλιν
1519 2459 1564 2492 ἰ
1581 2443 1812 2512 Ἕμεινα
1829 2441 1920 2496 ἵνα

327 2533 532 2606 1ποιήσῃ
561 2533 764 2608 κρίσιν,
791 2535 1018 2607 ἐποίησε
1047 2533 1106 2588 δὲ
1135 2533 1388 2606 ἀνομίαν,
1415 2533 1510 2588 καὶ
1535 2533 1596 2588 οὗ
1639 2533 1919 2588 δικαιοσύ-

329 2642 452 2698 νην,
501 2625 640 2682 and:
687 2627 958 2701 κραυγήν.
1001 2647 1022 2682 ι
1061 2629 1284 2700 Ἔργοις
1329 2625 1618 2702 τοιγαροῦν
1649 2629 1744 2682 καὶ
1777 2627 1920 2702 πρά-

333 2717 470 2784 ξεσι,
497 2719 682 2792 πικρῷ
711 2737 772 2774 τε
799 2719 946 2792 λόγῳ
975 2721 1070 2776 καὶ
1097 2719 1198 2794 βίῳ
1229 2721 1436 2776 ἔδωκαν
1485 2725 1566 2787 είς
1611 2723 1676 2778 τὸ
1717 2721 1918 2795 βρῶμα.

329 2811 426 2866 τοῦ
467 2813 722 2884 Σωτῆρος
751 2813 934 2884 χολὴν,
972 2813 1070 2868 καὶ
1099 2815 1180 2878 είς
1209 2813 1310 2886 τὴν
1337 2813 1498 2884 δίψαν
1527 2813 1692 2868 αὑτοῦ
1735 2814 1918 2868 ἐπότι-

329 2921 432 2960 σαν
463 2905 624 2960 αὑτὸν
661 2905 800 2972 ὅξος.
853 2909 1006 2962 Ἐπεὶ
1033 2907 1092 2962 δέ
1124 2907 1232 2962 ἔδει
1256 2909 1352 2962 καὶ
1377 2907 1520 2962 κατὰ
1541 2907 1638 2980 τ’ὴν
1671 2909 1916 2980 ίστορίαν

327 2997 424 3052 τὸν
451 2999 550 3069 τῆς
581 2999 914 3069 προφητείας
945 2999 1406 3072 ἀποπληρωθῆναι
1442 2999 1620 3070 λόγον,
1647 2999 1790 3054 κατὰ
1825 2999 1918 3054 τὸν

329 3091 526 3164 καιρὸν
557 3091 650 3144 τοῦ
687 3091 892 3155 πάθους
915 3091 1082 3148 αὐτοῦ
1123 3093 1328 3165 ἱστορεῖ
1349 3093 1378 3146 ό
1403 3091 1795 3163 εὐαγγελιστὴς
1825 3091 1916 3146 λέ-

2025 591 2300 662 jecerunt,
2321 587 2538 644 etiamsi
2559 597 2660 658 ego
2681 587 2860 644 lautos
2883 589 2991 644 illis
3011 590 3166 644 cibos
3191 593 3610 660 apposuissem:

2025 683 2236 740 sitienti
2265 697 2398 738 vero
2431 681 2562 736 utihi
2599 689 2812 736 acetum
2851 695 2950 752 pro
2973 691 3110 752 potu
3141 681 3466 738 ollerebant.
3499 681 3614 740 Hu-

2021 777 2266 848 jusmodi
2285 791 2414 832 vero
2443 775 2576 830 mihi
2597 773 2666 830 fel
2685 775 3010 838 miscebant,
3037 776 3200 846 quale
3221 777 3468 832 declarat
3491 793 3616 850 pro-

2027 871 2282 942 pheicus
2307 883 2490 926 sermo
2521 869 2712 924 dicens
2737 887 2753 924 :
2791 887 2810 922 ι
2843 869 3140 936 Quomodo
3168 883 3434 926 conversa
3468 885 3530 926 es
3555 871 3612 926 in

2027 962 2474 1024 amaritudinem,
2505 961 2634 1016 vitis
2681 961 2860 1016 aliena
2893 961 3012 1014 '3'?
3041 981 3058 1012 ι
3111 961 3402 1028 Quomodo
3427 973 3614 1018 autem

2025 1053 2206 1108 alatur
2235 1051 2500 1109 Sen-ator
2543 1061 2750 1118 noster,
2795 1052 3068 1124 intelliges
3099 1053 3146 1108 si
3185 1057 3366 1124 ipsum
3415 1055 3613 1110 audias

2025 1147 2300 1200 dicentem
2331 1163 2345 1200 :
2375 1163 2396 1196 ι
2425 1145 2668 1210 Esnrivi,
2703 1155 2760 1200 et
2787 1145 3021 1202 dedistis
3060 1145 3192 1200 mihi
3233 1145 3612 1212 manducare;

2025 1239 2198 1304 sitivi,
2223 1247 2277 1294 et
2305 1237 2536 1294 dedistis
2565 1237 2700 1292 mihi
2733 1237 2922 1294 bibere
2947 1238 3014 1290 1".
3055 1257 3073 1290 ι
3095 1236 3250 1304 Quod
3283 1239 3330 1293 si
3359 1253 3461 1308 pro
3491 1237 3616 1292 frti--

2025 1335 2209 1390 ctibus
2259 1333 2328 1390 ad
2388 1333 2642 1389 alendum
2691 1333 3056 1404 opportunis,
3115 1347 3212 1402 per
3259 1333 3404 1403 piam
3443 1331 3614 1386 vitam

2025 1427 2304 1498 prrebitis.
2345 1427 2572 1484 acerbas
2615 1433 2810 1482 contra
2851 1427 3030 1498 ipsum
3075 1425 3448 1496 blasphemias
3487 1423 3614 1494 quis

2023 1519 2288 1590 proferat,
2321 1527 2378 1576 et
2415 1519 2680 1574 doctrinae
2723 1517 2848 1588 ejus
2885 1515 3044 1572 atbea
3067 1523 3128 1570 ct
3183 1515 3319 1572 falsa
3357 1515 3614 1586 dogmata

2025 1611 2348 1676 admisceat,
2401 1611 2448 1666 is
2481 1611 2548 1665 ad
2583 1625 2766 1666 escam
2811 1609 2932 1680 o-jus
2975 1609 3046 1664 fel
3085 1609 3284 1678 injicit,
3315 1615 3372 1664 et
3405 1611 3612 1666 sitienti

2023 1705 2236 1764 vinum.
2267 1719 2495 1774 vappam
2529 1719 2560 1758 a
2591 1711 2738 1756 recta
2761 1703 2846 1756 via
2871 1701 3250 1758 deﬂectentem
3275 1700 3454 1758 oll‘ert.
3485 1701 3614 1758 limo

2026 1805 2206 1853 autem
2241 1797 2310 1852 de
2337 1795 2564 1850 Juda'ico
2599 1797 2800 1866 popqu
2832 1793 3048 1866 Moyses
3067 1794 3130 1848 in
3161 1809 3360 1864 magno
3387 1795 3614 1850 cantico

2025 1887 2344 1960 prophetice
2383 1887 2716 1942 vaticinatus
2739 1895 2844 1952 est,
2875 1887 2992 1942 haec
3021 1885 3334 1942 vociferans
3373 1905 3390 1942 :
3429 1905 3448 1938 ι
3473 1885 3612 1942 Nam

2027 1995 2094 2036 ex
2121 1983 2278 2034 vinea
2327 1977 2690 2032 Sodomorum
2729 1977 2888 2032 vinea
2913 1991 3128 2040 eorum,
3167 1983 3221 2030 et
3251 1977 3460 2048 palmes
3489 1977 3614 2048 ejus

2019 2087 2092 2126 ex
2117 2067 2448 2126 Gomorrba.
2481 2067 2598 2124 Uva
2619 2085 2836 2134 eorum,
2868 2085 2970 2124 uva
2995 2067 3158 2128 fellis.
3187 2069 3378 2124 botrus
3409 2069 3618 2123 amari-

2025 2157 2236 2212 tudinis
2263 2172 2456 2213 eorum
2487 2157 2555 2211 ³ο.
2595 2176 2613 2210 ι
2653 2155 2794 2214 Hinc
2827 2157 3080 2214 similiter
3105 2157 3350 2228 Spiritus
3377 2173 3474 2216 eos
3513 2173 3616 2230 per

2025 2247 2222 2306 Isaiam
2243 2249 2432 2320 arguit
2451 2249 2642 2306 dicens
2672 2268 2688 2306 :
2715 2269 2736 2302 ι
2767 2249 3092 2322 Exspectavi
3117 2261 3176 2306 ut
3199 2253 3402 2308 faceret
3427 2267 3610 2318 uvam,

2024 2345 2152 2402 fecit
2181 2353 2366 2402 autem
2397 2347 2588 2416 spinas
2615 2345 2692 2412 ³¹;
2724 2363 2746 2396 ι
2769 2355 2830 2400 et
2857 2361 3115 2402 rursum:
3137 2365 3158 2398 ι
3201 2347 3522 2416 Ειιειιειειονί
3551 2355 3616 2400 ut

2025 2437 2229 2496 faceret
2255 2439 2550 2510 judicium,
2601 2437 2730 2496 fecit
2775 2447 2956 2494 autem
3003 2439 3372 2510 iaiquitalem,
3405 2445 3460 2494 et
3499 2455 3614 2495 non

2019 2529 2296 2602 justitiam
2328 2531 2424 2586 sed
2459 2531 2756 2586 clamorem
2789 2531 2857 2583 ".
2901 2549 2922 2584 ι
2951 2529 3230 2602 Operibus
3269 2545 3402 2599 ergo
3431 2536 3488 2586 et
3527 2547 3615 2586 re-

2023 2623 2130 2680 bus
2159 2625 2356 2696 gestis,
2399 2623 2602 2680 acerbo
2649 2639 2910 2680 sermone
2959 2632 3014 2680 et
3065 2625 3178 2680 vita
3227 2623 3502 2680 dederunt
3555 2623 3612 2680 in

2022 2727 2208 2770 escam
2241 2711 2522 2770 Servatori
2555 2711 2648 2776 τρι,
2679 2721 2734 2768 οι
2769 2713 2824 2768 in
2857 2713 2950 2770 siti
2975 2713 3096 2784 ejus
3131 2723 3460 2786 potaverunt
3483 2729 3614 2770 eum

2019 2815 2198 2860 aceto.
2215 2805 2354 2872 Quia
2373 2823 2502 2862 vero
2521 2807 2822 2862 secundum
2837 2807 3124 2862 historiam
3143 2823 3360 2878 quoque
3377 2807 3616 2879 prophe-

2023 2899 2114 2954 tia:
2142 2914 2452 2956 sermonem
2471 2899 2684 2970 impleri
2703 2899 2970 2970 oportuit,
2997 2899 3112 2954 haec
3133 2901 3202 2954 de
3223 2907 3468 2968 tempore
3485 2915 3615 2970 pas-

2023 2991 2198 3048 siouis
2213 2991 2336 3060 ejus
2353 2999 2542 3046 narrat
2567 2993 2904 3064 evangelista
2923 2993 3112 3048 dicens
3131 3007 3144 3044 :
3165 3010 3184 3042 ι
3199 2989 3398 3048 Postea
3429 2993 3614 3048 sciens

2019 3083 2184 3142 Jesus
2203 3085 2332 3156 quia
2351 3085 2538 3140 omnia
2561 3093 2944 3140 consummata
2971 3093 3100 3140 sunt
3125 3085 3258 3154 jam,
3285 3095 3614 3140 utconsum-

329 3197 474 3252 γωνο
505 3201 526 3234 ι
565 3183 718 3238 Μετὰ
747 3183 903 3238 τοῦτο
931 3183 1084 3248 εἰδὼς
1111 3187 1142 3238 ό
1185 3184 1412 3256 Ἰησοῦς,
1447 3183 1528 3238 ὅτι
1563 3183 1740 3238 πάντα
1769 3183 1918 3238 τετέ-

2023 3186 2268 3234 maretur
2299 3177 2608 3250 Scriptura,
2641 3177 2780 3234 dixit
2815 3197 2830 3234 :
2865 3177 3026 3232 S;tio.
3067 3176 3176 3234 Vas
3215 3187 3334 3234 erat
3371 3179 3612 3250 positum

329 3275 518 3332 λεσται
537 3277 662 3348 ήδη,
699 3277 786 3332 ἵνα
813 3277 1074 3350 πληρωθῇ
1107 3281 1140 3348 ἡ
1177 3279 1390 3350 Γραφὴ,
1417 3277 1587 3348 λέγει·
1617 3277 1786 3348 4:21:63.
1813 3279 1918 3332 Λε-

331 3367 472 3440 κάνη
505 3369 680 3424 ἔκειτο
711 3369 864 3436 ὄξους
897 3371 1092 3442 μεστή.
1125 3371 1376 3440 Σπόγγον
1405 3365 1500 3424 οὖν
1523 3369 1726 3442 μεστὸν
1759 3369 1920 3440 ποιή-

331 3477 526 3526 σαντες
563 3463 718 3530 ὖξους
769 3461 908 3534 μετὰ
949 3463 1111 3534 χολῆς
1161 3461 1256 3516 καὶ
1313 3459 1550 3534 ὑσσώπῳ
1603 3459 1920 3534 περιθέντες

331 3555 714 3635 προσήνεγκαν
761 3551 926 3608 αὐτοῦ
971 3553 1050 3626 τῷ
1091 3554 1322 3625 στόματι
1341 3593 1356 3608 .
1385 3554 1514 3608 Ὅτε
1543 3549 1636 3608 οὖν
1675 3551 1864 3606 ἐλαϐεν
1889 3555 1920 3606 ό

343 3647 551 3718 Ἰησοῦς
597 3647 658 3702 τὸ
705 3647 826 3712 ὅξος
867 3647 1006 3720 μετὰ
1031 3647 1130 3720 τῆς
1173 3645 1358 3720 χολῆς,
1401 3643 1554 3700 εἴπεο
1591 3645 1916 3700 Τετέλεσται

331 3739 428 3792 καὶ
467 3738 608 3810 αὕτη
635 3741 670 3810 ἠ
703 3739 914 3812 Γραφή.
947 3739 1056 3792 Καὶ
1093 3741 1282 3804 κλίνας
1310 3739 1408 3812 τὴν
1443 3737 1708 3811 κεφαλὴν,
1739 3739 1919 3810 ἀφῆκε

331 3828 392 3884 τὺ
425 3827 660 3900 πνεῦμα.
701 3845 718 3878 ι
757 3827 866 3882 Καὶ
897 3827 1086 3902 ἐπειδὴ
1117 3829 1304 3894 κλίνας
1343 3829 1442 3902 τὴν
1481 3829 1722 3902 κεφαλὴν
1749 3829 1920 3902 παρέ-

329 3919 472 3974 δωκε
491 3919 550 3974 τὸ
575 3919 792 3992 πνεῦμα
825 3919 964 3992 μετὰ
991 3921 1094 3994 τὴν
1123 3921 1518 3994 συμπλήρωσιν
1547 3921 1648 3994 τῆς
1671 3919 1916 3994 Γραφῆςς

331 3997 556 4078 εἰκότως
599 4013 696 4068 καὶ
735 4013 794 4064 ὲν
835 4009 912 4082 τῷ
963 4011 1162 4084 ψαλμῷ
1193 4013 1356 4086 μέχρι
1403 4013 1594 4068 τούτου
1623 4013 1694 4068 τά
1723 4011 1918 4068 ἑαυτοῦ

333 4105 664 4178 περιγράφει
705 4105 874 4180 πάθη.
911 4101 1024 4160 Εἶτ’
1061 4105 1310 4162 ἐντεῦθεν
1343 4109 1502 4162 όποῖα
1535 4105 1921 4178 μετελεύσεται

331 4199 528 4264 αὐτοὺς
563 4199 828 4268 θεσπίζει·
867 4219 886 4254 ι
926 4201 1270 4274 Γενηθήτωή
1301 4201 1550 4274 τράπεζα
1581 4199 1762 4256 αὐτῶν
1784 4201 1922 4256 ἐνώ-

333 4311 456 4350 πιον
497 4295 678 4348 αὐτῶν
709 4297 790 4359 είς
821 4295 1048 4365 παγίδα,
1093 4295 1186 4348 καὶ
1225 4296 1304 4358 εἰς
1331 4294 1686 4348 ἀνταπόδοσιν
1725 4295 1816 4350 καί
1843 4299 1922 4360 εἰς

333 4383 646 4440 σκάνδαλον.
689 4403 708 4437 ι
757 4387 966 4458 Ὥσπερ
993 4387 1136 4440 κατά
1171 4403 1292 4440 τινα
1349 4385 1658 4456 συνήθειαν,
1693 4385 1760 4440 τά
1795 4385 1924 4456 μὲλ-

331 4475 490 4530 λοντα
517 4475 592 4540 ὼς
620 4477 988 4549 παρῳχηκότα
1023 4475 1396 4550 προφέρεσθαι
1431 4475 1620 4530 εἴωθεν
1649 4475 1918 4548 ήΓραφή·

2021 3279 2176 3328 aceto
2203 3271 2446 3342 plenum.
2479 3271 2560 3326 llli
2625 3279 2808 3326 autem
2859 3271 3146 3342 spongiam
3193 3271 3410 3342 plenam
3455 3279 3614 3326 aceto

2019 3379 2146 3421 cum
2177 3359 2324 3420 'l'clle
2372 3373 2428 3420 et
2463 3363 2704 3438 ltyssopo
2749 3363 3238 3434 circumponentes
3295 3363 3615 3420 obtulerunt

2019 3458 2104 3512 ori
2151 3458 2296 3528 ejus.
2353 3455 2490 3514 Cum
2523 3471 2656 3528 ergo
2699 3457 3004 3526 accepisset
3053 3463 3268 3512 acetum
3303 3471 3428 3510 cum
3463 3455 3609 3522 l‘elle,

2001 3547 2192 3606 dixit:
2221 3547 2616 3602 Consummata
2643 3555 2729 3602 est
2756 3557 2814 3602 et
2839 3547 2956 3602 haec
2985 3545 3293 3618 Scriptura.
3329 3545 3418 3609 Et,
3453 3549 3616 3602 incli-

2020 3647 2154 3696 nato
2177 3641 2378 3710 capite.
2421 3637 2649 3694 tradidit
2705 3638 2960 3710 spiritum
2996 3637 3064 3692 ³³.
3109 3657 3126 3692 ι
3163 3637 3436 3705 Quoniam
3481 3653 3612 3694 vero

2023 3731 2286 3788 inclinante
2315 3729 2498 3802 capite
2525 3729 2758 3786 tradidit
2785 3731 3040 3800 spiritum
3085 3739 3210 3802 post
3261 3744 3615 3788 consumma-

2023 3825 2226 3880 tionem
2285 3823 2606 3890 Scripturaz,
2661 3823 2790 3894 jure
2835 3823 2892 3880 in
2950 3825 3162 3894 psalmo
3199 3823 3264 3878 ad
3297 3823 3402 3878 hoc
3437 3837 3614 3894 usque

2021 3927 2240 3988 tempus
2271 3917 2554 3972 cruciatus
2583 3917 2998 3972 circumscribit
3041 3931 3196 3972 suos.
3241 3915 3449 3970 Deinde
3483 3931 3614 3970 rem

2021 4027 2144 4084 qua:
2181 4012 2318 4082 ipsis
2362 4011 2506 4066 mala
2545 4020 2810 4066 eventura
2863 4011 2974 4066 sint
3023 4009 3400 4064 vaticinatur:
3441 4027 3460 4060 ι
3495 4007 3614 4064 Fiat

2023 4117 2212 4158 nneusa
2241 4117 2434 4158 eorum
2469 4115 2658 4158 coram
2691 4099 2904 4172 ipsisin
2941 4102 3220 4170 laqueum,
3263 4109 3318 4154 et
3352 4099 3406 4154 in
3449 4101 3614 4154 retri-

2023 4193 2304 4250 butionem
2321 4201 2382 4248 et
2403 4193 2456 4248 in
2475 4192 2820 4250 scandalum.
2861 4211 2880 4246 ι
2911 4191 3080 4260 Quasi
3109 4207 3174 4248 ex
3207 4193 3614 4248 consuetudine

2023 4287 2164 4340 solet
2210 4283 2492 4354 Scriptura
2545 4283 2728 4340 futura
2761 4285 2922 4356 «ιιιοεὶ
2968 4285 3246 4356 praeterita
3279 4285 3610 4354 vaticinari;

2023 4395 2194 4448 quare
2221 4379 2445 4448 jamjam
2469 4377 2690 4434 diccbat
2719 4396 2736 4434 :
2765 4395 2784 4430 ι
2817 4377 3096 4434 Dederunt
3123 4377 3177 4432 in
3211 4391 3398 4434 escam
3433 4393 3614 4434 meam

2027 4471 2120 4536 fel,
2165 4491 2182 4522 ι
2225 4487 2290 4526 ac
2319 4471 2366 4526 si
2393 4471 2622 4534 diceret,
2653 4469 2896 4535 dabunti;
2933 4489 2952 4524 ι
2993 4471 3132 4526 etin
3173 4471 3266 4526 siti
3295 4485 3416 4526 mea
3457 4479 3616 4542 pota-

331 4569 536 4642 ἀρτίως
563 4569 694 4638 γοῦν
735 4569 888 4638 ἔλεγε
915 4569 998 4633 τὸ,
1037 4587 1056 4620 ι
1089 4569 1336 4622 Ἔδωκαν
1359 4569 1440 4632 εἰς
1473 4567 1532 4622 τὸ
1575 4565 1774 4640 βρῶμά
1809 4585 1910 4638 μου

2023 4571 2212 4626 verunt
2273 4581 2362 4620 me
2409 4575 2596 4632 aceto,
2627 4583 2648 4616 ι
2691 4563 2748 4622 id
2799 4571 2888 4622 est
2929 4563 3206 4630 potabant.
3269 4563 3412 4620 Alibi
3476 4579 3618 4636 quo-

311 4661 516 4732 ¹χολὴν,
561 4679 580 4713 ι
624 4660 746 4714 ἀντὶ.
783 4659 899 4724 τοῦ,
953 4657 1244 4722 δώσουσι,
1277 4677 1296 4708 ι
1333 4659 1430 4714 καὶ
1475 4659 1556 4720 είς
1617 4657 1716 4728 τὴν
1760 4655 1920 4726 δίψαν

335 4769 438 4824 μου
501 4749 760 4806 ὲπότισάν
819 4767 888 4822 με
944 4749 1097 4818 ὅξος·
1141 4769 1158 4802 ι
1199 4749 1318 4804 ἀντὶ
1367 4747 1494 4812 τοῦ,
1563 4747 1916 4802 ποτίσοινσι.

331 4843 442 4900 Καὶ
487 4843 718 4916 ἀλλαχοῦ
749 4843 806 4898 δὲ
835 4845 1035 4916 ὁμοίως
1081 4842 1300 4916 εἴρηται
1319 4859 1334 4874 ·
1371 4861 1390 4894 ι
1429 4840 1824 4914 Διεμερίσαντο
1851 4839 1922 4894 τὰ

335 4935 524 5008 ἱμάτιά
557 4953 659 5008 μου
691 4939 924 5002 ἑαυτοῖς,
951 4937 1042 4990 καὶ
1081 4939 1176 4992 ἐπὶ
1199 4937 1292 4990 τὸν
1327 4935 1623 5008 ίματισμόν
1654 4951 1754 5007 μου
1789 4933 1912 4986 ἔϐα-

329 5027 422 5082 λον
461 5027 686 5100 κλῆρον’
727 5049 746 5078 ι
783 5029 878 5082 καὶ
909 5029 1100 5082 πάλιν
1143 5047 1162 5080 ι
1199 5027 1558 5100 Παρέστησαν
1587 5025 1638 5078 οί
1673 5023 1916 5096 βασιλεῖς

329 5117 432 5190 τῆς
467 5117 592 5190 γῆς,
637 5121 734 5174 καὶ
787 5121 836 5174 ot
869 5121 1126 5192 ἄρχοντες
1157 5117 1506 5190 συνήχθησαν
1535 5117 1632 5171 ἐπὶ
1674 5115 1736 5170 τὸ
1761 5117 1914 5182 αὐτὸ,

333 5209 476 5264 κατὰ
531 5209 626 5264 τοῦ
675 5209 882 5282 Κυρίου
929 5211 1024 5264 καὶ
1057 5209 1198 5264 κατὰ
1240 5209 1335 5264 τοῦ
1383 5206 1622 5280 Χριστοῦ
1667 5205 1856 5262 αὐτοῦ.
1895 5225 1914 5260 ι

343 5299 578 5372 ὐμοίως
617 5301 728 5376 γὰρ
767 5303 862 5356 καὶ
889 5301 1060 5354 ταῦτα
1093 5299 1354 5372 μέλλοντα
1387 5297 1670 5370 γίγνεσθαι
1709 5299 1788 5363 ὡς
1815 5299 1920 5370 ἥδη

335 5395 704 5467 παρῳχηκότα
737 5395 1192 5466 προανεςωνεῖτο.
1221 5391 1380 5448 οὕτω
1435 5391 1530 5446 καὶ
1557 5391 1659 5446 ὅσα
1703 5389 1920 5462 νομίζε-

331 5503 426 5540 ται
455 5485 868 5560 προστακτικῶς
905 5485 938 5556 ἦ
981 5483 1248 5550 εὐκτικῶς
1281 5483 1558 5554 λέγεσθαι,
1603 5485 1700 5538 καὶ
1743 5481 1922 5538 ταῦτα

335 5577 658 5652 προφητικῷ
707 5579 894 5652 τρόπῳ
933 5575 1416 5652 προαγορευτικῶς
1443 5575 1764 5642 ἐξακούεται
1785 5591 1798 5604 ·
1831 5569 1922 5629 οἷά

2025 4675 2136 4732 que
2165 4657 2422 4716 similiter
2451 4657 2657 4712 dicitur
2683 4677 2698 4713 :
2737 4675 2758 4710 ι
2797 4655 3114 4712 Diviserunt
3144 4657 3250 4712 sibi
3281 4657 3618 4712 vestimenta

2029 4767 2172 4814 mea,
2199 4757 2254 4806 et
2283 4765 2450 4820 super
2482 4757 2686 4804 vestem
2721 4763 2898 4804 meam
2937 4753 3210 4805 miserunt
3239 4759 3446 4806 sortem
3471 4749 3520 4780 "
3545 4765 3564 4817 ;
3595 4767 3614 4802 ι

2025 4857 2096 4898 ac
2125 4857 2346 4898 rursum
2381 4860 2394 4896 :
2427 4859 2448 4893 ι
2485 4841 2796 4897 Astiterunt
2831 4857 2990 4914 reges
3039 4851 3220 4904 terrae,
3251 4851 3306 4898 et
3337 4841 3620 4913 principes

2027 4941 2406 4990 convenerunt
2433 4931 2486 4986 in
2519 4946 2690 4986 unum
2723 4930 2990 4988 adversus
3015 4929 3306 4986 Dominum
3335 4937 3392 4986 et
3419 4929 3622 4984 adver-

2027 5041 2124 5082 sus
2151 5023 2434 5080 Christum
2461 5023 2582 5094 ejus
2611 5022 2678 5080 ³³⁵.
2713 5043 2732 5074 ι
2773 5021 2908 5076 Νιιιιι
2937 5023 3190 5080 similiter
3223 5023 3338 5080 haec
3369 5037 3493 5094 qua:
3527 5019 3618 5078 [ιι-

2025 5126 2150 5172 tura
2181 5125 2360 5182 erant,
2397 5119 2556 5188 quasi
2595 5117 2710 5187 jam
2749 5119 3024 5188 praeterita
3067 5117 3614 5188 prtermutiabuntur.

2029 5209 2154 5264 Pari
2211 5211 2420 5266 ratione
2465 5223 2810 5282 quaecunque
2857 5221 3120 5281 putantur
3162 5209 3486 5282 imperando
3523 5219 3620 5264 aut

2025 5301 2268 5374 optando
2299 5301 2431 5365 dici,
2467 5301 2787 5374 prophetico
2833 5317 2986 5358 more
3017 5301 3376 5374 praenuntiari
3411 5307 3619 5372 putan-

2025 5393 2156 5448 dum
2183 5401 2268 5450 est
2323 5411 2336 5449 :
2381 5395 2564 5464 qualia
2601 5399 2731 5450 sunt
2789 5395 2904 5448 haec
2931 5401 3074 5466 .qmt:
3113 5401 3438 5448 tractamus.
3470 5389 3616 5446 Illud

2026 5487 2172 5542 enim
2207 5503 2220 5540 :
2251 5503 2270 5537 ι
2309 5483 2430 5540 Fiat
2473 5501 2664 5542 mensa
2717 5501 2936 5552 eorum,
2975 5505 2994 5538 ι
3031 5485 3328 5556 intelligas,
3359 5501 3381 5538 ι
3409 5481 3504 5540 ﬁet
3535 5501 3552 5541 :
3587 5501 3610 5536 ι

2025 5585 2082 5632 et
2111 5577 2242 5634 illud
2272 5595 2287 5634 :
2315 5577 2726 5636 «Obscureatur
2753 5579 2899 5636 oculi
2923 5593 3136 5644 eorum,
3163 5597 3184 5630 ι
3213 5591 3318 5650 pro
3349 5593 3372 5632 ι
3407 5575 3616 5634 obseu-

407 5735 926 5856 JeremLH.A2l.
1003 5777 1452 5856 "‘plattbuxxv,
1493 5779 1617 5856 55.Δ
1663 5781 1708 5814 ³⁸
1751 5735 1906 5840 Deut.
1949 5799 2122 5852 nam,
2167 5783 2257 5840 52.
2335 5784 2376 5816 "
2416 5781 2522 5840 lsa.
2571 5799 2622 5850 v,
2661 5781 2718 5840 2.
2797 5783 2842 5816 "
2887 5781 3022 5840 ibid.
3067 5781 3118 5840 7.
3201 5779 3245 5816 ³³
3285 5775 3448 5838 Joan.
3491 5797 3614 5856 nx,

336 5851 528 5912 28-30.
607 5851 653 5886 “
689 5851 836 5910 Psal.
882 5865 998 5922 ut,
1041 5851 1128 5907 19.
1205 5850 1250 5884 ⁸⁵
1291 5849 1440 5910 Psal.
1483 5865 1546 5922 II,
1585 5849 1640 5906 2.
