4086 6442
501 249 602 310 751
1174 249 1449 308 EUSEBII
1489 246 1972 306 CIESARlENSIS
2008 244 2157 303 OPP.
2200 243 2381 302 PARS
2420 245 2510 302 Ill.
2545 275 2616 288 —-
2653 240 3069 304 EXEGETICA.
3699 241 3802 308 752

499 375 802 441 rabuntur;
841 390 858 426 ι
891 380 944 428 et
975 372 1260 444 sequentia
1307 371 1582 430 similiter.
1621 369 1742 434 Non
1773 371 1921 427 enim
1951 385 2083 426 con-

2191 369 2307 422 ἐστι
2336 367 2404 424 τὰ
2435 369 2578 440 μετὰ
2601 371 2806 442 χεῖρας.
2830 368 2904 424 Τὸ
2931 369 3059 442 γάρ,
3089 389 3107 421 ι
3149 369 3464 444 Γενηθήτω
3557 357 3804 442 ’τράπεζα

499 472 827 525 sentaneum
859 474 966 530 est,
1005 479 1130 519 eum
1157 464 1253 534 qui
1285 463 1447 520 nobis
1491 463 1739 534 praecipit
1791 473 1852 520 ut
1887 462 2083 516 malum

2189 461 2391 526 αὐτῶν,
2429 480 2451 515 ι
2481 461 2774 516 ἀκουστέον
2807 463 2926 516 ἀντί
2953 463 3068 527 τοῦ,
3100 483 3118 515 ι
3147 466 3462 535 γενήσεται
3482 480 3500 494 ο
3542 482 3563 515 ι
3605 463 3699 517 καὶ
3729 465 3803 529 τὸ,

496 573 601 630 pro
638 558 783 614 malo
813 573 920 614 non
947 557 1266 620 reddamus,
1300 555 1395 612 sed
1420 571 1708 627 precemur
1751 571 1851 626 pro
1885 555 1954 611 iis
1995 555 2083 625 qui

2199 572 2216 606 ι
2268 553 2715 627 Σκοτισθήτωσαν
2755 555 2808 608 οἱ
2853 556 3120 628 ὀφθαλμοὶ
3159 557 3367 622 αὐτῶν,
3419 575 3443 610 ι
3501 556 3632 610 ἀντὶ
3698 558 3802 624 τοῦ,

498 652 666 710 nobis
686 651 994 707 molestiam
1022 656 1236 712 creant,
1263 658 1318 703 et
1345 655 1403 702 ut
1433 647 1848 713 benedicamns,
1871 662 1974 702 nec
2001 663 2083 704 ex

2198 665 2215 698 ι
2251 648 2720 720 σκοτισθήσονται·
2771 667 2790 701 ι
2841 651 2934 703 καὶ
2962 649 3031 704 τὰ
3065 651 3193 724 ἑξῆς
3241 651 3480 714 τούτοις
3518 651 3807 723 παραπληο

498 759 808 809 seeremur,
841 743 1203 812 inimicosque
1232 741 1550 812 diligamus,
1589 739 2083 810 hujusmodiqnala

2194 743 2345 810 σίως.
2385 745 2460 798 Οὐ
2502 745 2613 817 γὰρ
2644 745 2757 816 ἔχει
2785 743 2942 813 λόγον
2972 745 3063 800 τὸν
3094 747 3226 817 ἡμῖν
3263 744 3712 820 προστάττοντα
3740 747 3807 819 μὴ

499 837 625 893 aliis
660 835 976 907 imprecari.
1001 833 1119 894 Non
1151 835 1392 904 oplativo
1425 834 1610 906 igitur,
1636 848 1813 904 neque
1851 834 2083 904 impera-

2189 837 2595 892 ἀνταποδιδόναι
2636 841 2804 894 κακὸν
2843 840 2965 896 ἀντὶ
2994 839 3188 905 κακοῦ,
3215 839 3356 893 ἀλλὰ
3392 836 3811 909 προσεύχεσθαι

501 932 614 984 tivo
649 927 832 992 modo,
856 927 953 984 sed
1006 928 1310 984 secundum
1365 927 1620 986 traditam
1655 929 1922 983 rationem
1974 929 2083 983 haec

2192 929 2338 1002 ὑπὲρ
2359 930 2466 984 τῶν
2499 930 2936 1004 ἐπηρεαζόντων,
2969 933 3065 986 καὶ
3093 931 3339 1000 εὐλογεῖν
3382 930 3496 984 καὶ
3533 927 3618 1000 μὴ
3649 946 3810 982 κατα-

500 1021 824 1093 prOphetice
845 1021 1196 1092 pronuntiata
1228 1027 1379 1076 sunt.
1405 1018 1512 1074 Pro
1535 1020 1602 1075 iis
1623 1019 1768 1076 enim
1803 1033 1924 1089 quae
1951 1033 2083 1073 con-

2193 1023 2406 1094 ρᾶσθαι,
2438 1023 2658 1095 ἀγαπᾷν
2693 1023 2750 1078 δὲ
2778 1025 2874 1078 καὶ
2909 1024 3035 1088 τοὺς
3078 1022 3330 1095 ἐχθροὺς,
3363 1017 3557 1074 αὐτὸν
3591 1019 3811 1072 τοιαῦτα

499 1123 588 1169 tra
641 1130 729 1170 me
781 1114 903 1170 ausi
944 1121 1354 1186 perpetrarunt,
1389 1113 1506 1170 haec
1562 1112 1712 1184 ipsos
1769 1113 2081 1184 excipient:

2190 1113 2550 1185 κατεύχεσθαι
2609 1115 2840 1187 ἑτέροις.
2889 1116 3004 1168 Οὐκ
3057 1113 3330 1180 εύκτικῶς
3400 1111 3643 1180 τοίνυν,
3697 1110 3809 1164 οὐδὲ

500 1223 692 1264 mensa
729 1223 922 1263 eorum
981 1208 1089 1264 illis
1136 1223 1247 1267 non
1297 1206 1367 1260 ad
1409 1205 1874 1276 suppeditandum
1901 1205 2083 1260 cibum

2188 1207 2624 1280 προστακτικῶς.
2652 1208 2793 1262 κατὰ
2827 1208 2887 1268 δὲ
2919 1207 3008 1266 τὸν
3043 1207 3382 1262 ἀποδοθέντα.
3420 1204 3649 1278 τρόπον
3682 1218 3809 1275 προ.

501 1301 630 1363 erit,
656 1299 753 1356 sed
774 1302 830 1354 in
859 1301 1136 1370 laqueum,
1163 1306 1217 1354 et
1248 1302 1302 1353 in
1327 1298 1719 1354 retributiones
1749 1309 1804 1353 ct
1839 1298 1893 1352 in
1926 1313 2083 1355 scan-

2188 1298 2431 1368 φητικῶς
2466 1299 2562 1352 καὶ
2589 1299 2761 1354 ταῦτα
2786 1299 3059 1354 λέλεκται.
3099 1299 3240 1353 Ἀνθ’
3270 1291 3347 1356 ὧν
3381 1297 3513 1370 γὰρ
3547 1295 3810 1370 τετολμή-

502 1391 712 1455 dalum,
746 1392 876 1460 quia
903 1390 1173 1446 dederunt
1209 1389 1266 1444 in
1291 1404 1476 1445 escam
1507 1403 1683 1444 meam
1712 1387 1811 1444 fel.
1844 1388 2082 1444 Mensam

2189 1406 2317 1443 κασι
2369 1389 2466 1444 καὶ
2515 1389 2876 1463 διεπράξαντο
2922 1394 3046 1448 κατ’
3093 1391 3253 1464 ἐμοῦ,
3301 1389 3566 1447 τοιαῦτα
3614 1388 3809 1455 αὐτοὺς

502 1499 671 1554 porro
698 1481 914 1538 Judaici
947 1483 1131 1554 populi
1170 1498 1331 1552 quam
1369 1480 1578 1536 dixeris
1619 1496 1763 1544 esse,
1791 1481 1909 1538 nisi
1947 1481 2083 1536 divi-

2186 1474 2514 1545 διαδέξεται’
2551 1483 2585 1555 ὴ
2625 1481 2872 1555 τράπεζα
2904 1482 3082 1537 αὐτῶν
3134 1482 3288 1537 ἔσται
3340 1482 3552 1550 αὐτοῖς
3592 1479 3698 1534 οὐκ
3735 1480 3811 1543 εις

503 1579 652 1636 nitus
704 1577 1002 1646 inspiratus
1049 1574 1385 1644 Scripturas,
1421 1588 1558 1644 quas
1599 1573 1851 1628 meditari
1885 1580 1940 1628 et
1971 1589 2083 1628 me-

2188 1571 2486 1644 παράθεσιν
2534 1574 2763 1645 τροφῆς,
2801 1573 2916 1628 ἀλλ’
2965 1574 3048 1638 είς
3080 1573 3283 1644 παγίδα
3314 1574 3419 1628 καὶ
3457 1573 3550 1635 είς
3584 1571 3810 1628 ἀνταπο-

502 1668 734 1723 moriter
784 1667 1030 1738 proferre
1069 1665 1554 1732 solent?'~Quarum
1601 1664 1990 1735 contemplatio
2029 1672 2083 1719 et

2187 1665 2360 1730 δόσεις
2411 1667 2507 1719 καὶ
2559 1668 2639 1730 εἰς
2687 1666 3004 1734 σκάνδαλον,
3062 1665 3181 1720 ἀνθ’
3227 1659 3305 1720 ὧν
3356 1665 3596 1723 ἔδωκαν
3632 1666 3718 1730 εἰς
3751 1665 3811 1717 τὸ

503 1760 886 1830 intelligentia,
921 1759 1230 1812 animarum
1265 1756 1672 1814 rationabilium
1708 1771 1891 1810 escam
1933 1771 2083 1810 coma-

2186 1757 2383 1830 βρῶμά
2408 1775 2511 1828 μου
2546 1757 2730 1830 χολήν.
2755 1757 3049 1830 Τράπεζαν
3078 1757 3138 1811 δὲ
3163 1757 3258 1811 τοῦ
3299 1757 3604 1812 Ἰουδαίων
3625 1755 3806 1821 ἔθνους

500 1854 788 1922 plectitur,
812 1851 981 1906 dictio
1007 1858 1186 1905 autem
1220 1865 1422 1904 mensa:
1451 1851 1570 1903 loco
1600 1859 1706 1905 est.

2189 1849 2310 1904 τίνα
2331 1848 2397 1902 ἂν
2428 1850 2600 1914 εἴποις
2623 1850 2655 1921 ἦ
2677 1849 2774 1920 τὰς
2795 1848 3181 1914 θεοπνεύστους
3196 1849 3457 1922 Τραφὰς,
3476 1849 3554 1914 ἃς
3580 1848 3809 1920 μελετᾷν

499 1944 596 2000 καὶ
644 1944 1097 2015 ἀποστοματίζειν
1139 1943 1428 2008 εἰώθασιν;
1463 1933 1537 2000 ὧν
1565 1945 1598 2014 ἡ
1638 1944 1738 2014 μὲν
1773 1943 1974 2016 θεωρία
2035 1939 2130 1998 καὶ
2161 1944 2199 2015 ἡ
2255 1944 2459 2017 νόησις,
2485 1943 2670 2015 ψυχῶν
2693 1945 2900 2017 τροφὴν
2929 1944 3160 2014 λογικῶν
3194 1945 3472 2019 περιέχει,
3499 1946 3538 2016 ἡ
3573 1943 3634 2009 δέ
3663 1940 3804 2011 λέξις

495 2035 778 2108 τραπέζης
811 2034 994 2107 χώραν
1029 2036 1295 2108 περιέχει.

571 2149 726 2205 Hanc
771 2150 956 2220 itaque
986 2165 1234 2206 mensam
1268 2166 1488 2217 eorum,
1520 2167 1718 2222 nempe
1752 2151 1968 2207 obviam
2001 2151 2083 2206 di-

2265 2144 2482 2220 Ταύτην
2505 2147 2683 2202 τοίνυν
2706 2148 2805 2220 τὴν
2827 2147 3110 2220 τράπεζαν
3145 2145 3347 2210 αὐτῶν,
3365 2147 3476 2220 τὴν
3506 2148 3805 2221 πρόχειρον

499 2242 754 2296 vinarum
778 2240 1190 2310 Scripturarum
1219 2242 1536 2310 let-tionem,
1557 2244 1694 2314 ipsis
1716 2246 1771 2298 in
1804 2244 2081 2315 laqueum,

497 2342 556 2386 et
580 2331 637 2388 in
665 2331 1057 2387 retributiones
1078 2331 1207 2387 etin
1232 2333 1552 2388 scandalum
1578 2334 1694 2390 fore
1712 2334 2080 2406 praenuntiat;

501 2430 666 2494 atque
701 2439 811 2478 non
857 2432 1054 2477 natura
1098 2423 1261 2479 talem
1297 2440 1442 2489 esse,
1477 2425 1574 2481 sed
1604 2426 1738 2497 ipsis
1767 2425 2085 2497 hujusmodi

500 2514 766 2570 futuram.
803 2514 859 2569 ld
891 2517 1038 2571 enim
1074 2515 1160 2572 his
1183 2516 1365 2572 verbis
1404 2518 1746 2588 signiﬁcatur
1781 2537 1796 2574 :
1829 2537 1848 2571 ι
1883 2518 2084 2574 Coram

496 2608 638 2679 ipsis
665 2607 758 2661 ﬁat
787 2623 978 2663 mensa
1008 2622 1199 2662 eorum
1232 2610 1285 2662 in
1315 2609 1566 2679 laqueum
1599 2619 1653 2667 et
1681 2611 1737 2665 in
1765 2609 2087 2665 retributio-

498 2711 600 2756 nes
645 2704 701 2755 et
731 2697 788 2752 in
840 2698 1184 2755 scandalum.
1225 2717 1245 2752 ι
1297 2698 1412 2756 lloc
1448 2709 1629 2756 autem
1672 2716 1838 2771 opere
1881 2702 1935 2756 in
1977 2701 2085 2756 illis

497 2791 826 2860 completur.
866 2788 1092 2847 Divinas
1146 2807 1385 2863 namque
1435 2791 1754 2864 Scripturas
1807 2793 2084 2865 legentes,

499 2881 699 2938 exinde
744 2883 956 2954 laqueis
995 2884 1400 2954 complicantur
1428 2901 1445 2950 ﬂ:
1474 2900 1664 2940 earum
1700 2887 1904 2957 quippe
1935 2887 2082 2941 dicta

499 2983 697 3044 praeter
716 2991 901 3032 veram
927 2976 1213 3032 scientiam
1237 2967 1594 3048 excipientes,
1624 2991 1946 3050 rectumque
1971 2995 2087 3036 ver-

498 3069 694 3124 borum
740 3084 965 3124 sensum
998 3076 1338 3131 evertentes;
1387 3069 1454 3126 iis
1484 3071 1552 3125 ad
1597 3087 1706 3125 non
1747 3071 2082 3127 credendum

498 3159 782 3216 Servatori
828 3158 1040 3215 seducti
1085 3168 1236 3217 sunt.
1287 3163 1404 3216 Itno
1433 3163 1598 3216 etiam
1651 3178 1840 3218 mensa
1890 3179 2081 3219 eorum

498 3250 636 3324 ipsis
689 3251 744 3306 in
813 3253 1204 3308 retributiones
1263 3254 1513 3309 vertitur.
1577 3254 1734 3322 Quod
1797 3257 1944 3312 enim
2010 3259 2090 3312 le-

498 3345 711 3400 ctiones
739 3360 849 3399 non
878 3344 1214 3416 intelligant.
1245 3347 1330 3401 vel
1357 3347 1486 3404 inde
1512 3347 1822 3403 facinorum
1857 3365 2087 3405 suorum

499 3438 555 3492 in
588 3437 766 3508 ipsum
795 3451 991 3508 poenas
1020 3438 1196 3492 luunt.
1228 3437 1411 3506 Quare
1437 3438 1800 3512 Symmachus
1829 3458 1927 3512 pro
1957 3443 2048 3496 illo
2067 3483 2085 3508 ,

505 3549 523 3577 ε
549 3536 604 3582 et
637 3528 691 3582 in
725 3529 1156 3588 retributiones.
1179 3549 1198 3582 ι
1221 3533 1420 3598 vertit,
1445 3552 1463 3584 ι
1490 3542 1544 3587 et
1579 3532 1632 3586 in
1665 3534 1995 3605 supplicium
2020 3553 2034 3600 ;
2062 3553 2080 3586 ι

498 3621 633 3691 quin
658 3621 824 3676 etiam
859 3623 914 3677 in
947 3622 1268 3678 scandalum
1295 3640 1481 3680 coram
1513 3627 1647 3696 ipsis
1675 3642 1867 3682 mensa
1895 3642 2087 3683 eorum

496 3717 752 3770 vertitur.
797 3713 954 3769 Nuda
996 3718 1200 3788 quippe
1251 3719 1417 3774 verba
1462 3719 1705 3790 legentes
1737 3719 2083 3790 impingunt,

499 3821 761 3862 arcanum
812 3822 1004 3862 eorum
1054 3823 1278 3864 sensum
1327 3826 1436 3864 non
1482 3813 1784 3882 capientes.
1839 3812 2085 3882 Exempli

497 3914 666 3956 causa
686 3941 701 3964 ,
729 3916 853 3956 cum
879 3901 1146 3965 audiunt,
1173 3913 1262 3968 ut,
1295 3903 1618 3960 adveniente
1644 3904 1895 3969 Christo,
1920 3905 2086 3960 simul

500 4003 688 4063 pascet
717 3994 878 4065 lupus
902 4010 1026 4049 cum
1059 4011 1200 4066 agno
1221 4038 1236 4060 ,
1264 4005 1319 4051 et
1350 3997 1555 4067 pardus
1581 4012 1706 4051 cum
1742 3997 1896 4052 hmdo
1922 4012 2088 4052 accu-

503 4084 659 4139 babit
681 4124 694 4149 ,
727 4085 814 4140 leo
843 4093 896 4141 et
929 4086 1032 4142 bos
1063 4087 1354 4142 comedent
1384 4089 1569 4158 paleas
1612 4088 1697 4155 ³⁶;
1748 4089 1864 4142 haec
1911 4097 1966 4144 et
2007 4091 2085 4144 εἰ·

500 4177 654 4230 milia
687 4191 796 4231 non
828 4177 1230 4248 intelligentes,
1267 4178 1592 4234 adveniente
1623 4177 1850 4234 Christo
1882 4179 1936 4232 in
1970 4178 2086 4233 haec

500 4267 842 4339 impingunt;
867 4269 997 4340 quia
1027 4270 1142 4324 haec
1166 4286 1274 4325 non
1299 4270 1548 4326 sensibili
1580 4272 1744 4326 modo
1765 4272 1821 4325 in
1844 4272 1966 4342 ejus
1989 4271 2088 4326 ad-

497 4369 667 4422 ventu
691 4364 1061 4434 contigerunt.
1099 4361 1192 4417 Sic
1221 4378 1354 4434 ergo
1384 4363 1644 4434 praedicta
1676 4379 1866 4418 eorum
1895 4379 2084 4419 mensa

2185 2239 2299 2293 τῶν
2347 2238 2506 2292 θείων
2539 2237 2770 2309 Γραφῶν
2813 2239 3119 2306 ἀνάγνωσιν
3149 2234 3530 2308 προαγορεύει
3581 2236 3803 2291 ἔπεσθαι

2190 2331 2374 2393 αὐτοῖς
2402 2331 2482 2394 είς
2507 2321 2827 2398 παγίδα-καὶ
2853 2330 2934 2393 εἰς
2957 2323 3346 2393 ἀνταποδόσεις
3380 2329 3486 2383 καὶ
3525 2331 3615 2393 είς
3642 2329 3800 2386 σκάν-

2171 2421 2379 2476 δαλον·
2417 2422 2512 2474 καὶ
2541 2421 2760 2474 ἔσεσθαι
2789 2421 2957 2492 αὐτὴν
2989 2421 3246 2494 τοιαύτην
3277 2421 3496 2491 αὐτοῖς,
3541 2422 3608 2475 οὐ
3646 2422 3801 2491 φύσει

2169 2512 2353 2569 οὖσαν
2384 2515 2661 2586 τοιαύτην,
2684 2515 2801 2570 ἀλλ’
2832 2516 3020 2580 αὐτοῖς
3052 2515 3275 2570 ἐσεῖσθαι
3307 2515 3608 2587 τοιαύτην.
3637 2515 3796 2569 Τοῦτο

2187 2606 2297 2678 γάρ
2322 2605 2576 2678 σημαίνει
2605 2607 2633 2660 ό
2667 2605 3078 2674 λόγος-εἰπώνί
3117 2605 3379 2672 Ἑνώπιον
3407 2606 3608 2662 αὐτῶν
3641 2617 3797 2678 γενη-

2189 2699 2338 2772 θήτω
2368 2701 2400 2771 ἡ
2433 2699 2682 2770 τράπεζα
2709 2701 2888 2754 αὐτῶν
2926 2703 3007 2766 εἰς
3047 2703 3272 2772 παγίδα,
3309 2703 3406 2757 καὶ
3429 2704 3520 2767 είς
3559 2705 3791 2757 ἀνταποο

2185 2793 2363 2858 δόσεις
2395 2793 2491 2848 καὶ
2513 2795 2594 2858 εἰς
2623 2793 2940 2856 σκάνδαλον.
2966 2812 2984 2844 ι
3012 2795 3199 2867 Ἔργῳ
3213 2794 3270 2848 δέ
3293 2794 3453 2849 τοῦτο
3485 2797 3576 2860 είς
3599 2795 3793 2856 αὐτοὺς

2190 2881 2514 2956 πληροῦται.
2548 2886 2680 2949 Ταῖς
2710 2885 2840 2954 γοῦν
2874 2885 3045 2950 θείαις
3077 2885 3323 2958 Γραφαῖς
3358 2887 3791 2958 ἐντυγχάνοντες

2191 2978 2250 3045 ἐξ
2299 2977 2478 3032 αὐτῶν
2512 2978 2701 3047 παγίσι
2743 2979 3175 3052 περιπείρονται,
3210 2979 3416 3051 ἑτέρως
3446 2980 3482 3052 ἢ
3525 2979 3676 3034 κατὰ
3703 2977 3790 3030 τὸν

2190 3072 2366 3142 ἀληθῆ
2385 3070 2508 3124 νοῦν
2527 3070 2960 3142 ἐκλαμϐάνοντες
2982 3070 3078 3136 τὰς
3097 3071 3292 3139 λέξεις,
3315 3071 3413 3125 καὶ⁸
3433 3071 3788 3145 διαστρέφον-

2187 3183 2279 3230 τες
2299 3164 2388 3218 τὸν
2413 3167 2471 3218 ἐν
2495 3165 2686 3228 αὑταῖς
2703 3163 2860 3235 ὀρθὸν
2881 3164 3059 3234 λόγον,
3073 3165 3130 3232 ἐξ
3147 3165 3326 3219 αὐτῶν
3349 3184 3412 3220 τε
3433 3168 3520 3231 είς
3530 3165 3787 3221 ἀπιστίαν

2188 3257 2283 3311 τοῦ
2317 3257 2570 3328 Σωτῆρος
2605 3258 3076 3328 περιπειρόμενοι.
3118 3255 3278 3311 Ἀλλὰ
3311 3257 3407 3311 καὶ
3439 3259 3529 3321 εἰς
3557 3258 3791 3311 ἀνταπο-

2188 3351 2364 3414 δόσεις
2383 3349 2594 3420 γίνεται
2619 3350 2800 3413 αὐτοῖς
2825 3349 3124 3421 ήτρόιπεζα
3153 3349 3352 3404 αὐτῶν.
3388 3351 3477 3404 Ἐν
3502 3351 3619 3422 γὰρ
3645 3347 3789 3418 αὐτῷ

2187 3443 2364 3514 τούτῳ
2395 3442 2473 3513 τῷ
2509 3441 2582 3514 μὴ
2619 3443 2855 3496 συνιέναι
2885 3441 2953 3496 τά
2982 3441 3420 3514 άναγνῶσματαν
3451 3439 3787 3504 ἅπολαμόάο

2189 3552 2370 3588 νουσιν
2398 3529 2473 3587 ὧν
2496 3533 2733 3606 ἔδρασαν
2767 3536 2887 3588 κατ’
2919 3533 3081 3588 αὐτοῦ
3117 3534 3216 3606 τὴν
3246 3533 3548 3607 τιμωρίαν.
3585 3533 3784 3602 Διόπερ

2188 3627 2217 3678 ὁ
2240 3625 2536 3697 Σύμμαχος
2563 3624 2684 3678 ἀντὶ
2707 3624 2825 3691 τοῦ,
2853 3643 2872 3674 ι
2902 3624 2996 3678 καὶ
3029 3624 3109 3686 είς
3133 3623 3524 3688 ἀνταποδόσεις
3543 3664 3559 3688 ,
3588 3621 3785 3685 καὶείς

2189 3719 2500 3788 τιμωρίαν,
2549 3717 2916 3788 ἡρμήνευσεν.
2973 3714 3134 3769 Ἀλλὰ
3193 3715 3290 3770 καὶ
3336 3716 3418 3780 είς
3477 3712 3780 3770 σκάνδαλον

2188 3811 2399 3879 γίνεται
2435 3808 2664 3864 ἐνώπιον
2699 3807 2878 3862 αὐτῶν
2911 3809 2946 3879 ή
2976 3806 3225 3880 τράπεζα
3256 3807 3455 3861 αὐτῶν.
3492 3801 3781 3861 Σκανδαλί-

2190 3900 2370 3966 ζονται
2399 3901 2508 3973 γὰρ
2534 3899 2954 3971 ἐντυγχάνοντες
2981 3898 3163 3969 ψιλαῖς
3192 3901 3310 3963 ταῖς
3340 3898 3544 3965 λέξεσι,
3583 3897 3678 3951 καῖ⁸
3707 3893 3778 3966 μὴ

2190 3993 2462 4057 συνιέντες
2488 3993 2587 4065 τὴν
2610 3995 2669 4047 ἐν
2697 3993 2888 4056 αὑταῖς
2917 3992 3150 4064 θεωρίαν
3171 4007 3184 4021 ⁵
3210 3989 3321 4046 οἷον
3343 3991 3660 4055 ἀκούοντες,
3684 3989 3775 4054 ὡς,

2185 4086 2512 4148 ἐπιστάντος
2535 4083 2627 4138 τοῦ
2651 4083 2910 4156 Χριστοῦ,
2936 4083 3374 4156 συμϐοσκὴσεται
3423 4082 3590 4147 λύκος
3643 4077 3775 4153 μετὰ

2186 4177 2371 4248 ἀρνὸς,
2391 4176 2484 4229 καὶ
2507 4174 2770 4248 πάρδαλις
2797 4171 3266 4228 συναναπαύσεται
3291 4174 3466 4245 ἐρίφῳ
3481 4214 3499 4240 ,
3525 4174 3623 4228 καὶ
3644 4169 3776 4228 λέων

2189 4269 2284 4322 καὶ
2323 4267 2449 4339 βοῦς
2481 4267 2715 4338 φάγεται
2744 4267 2953 4338 ἄχυρα·
3003 4265 3175 4320 ταῦτα
3214 4265 3306 4320 καὶ
3340 4265 3409 4322 τά
3441 4265 3668 4324 τοιαῦτα
3700 4260 3770 4334 μὴ

2191 4361 2483 4426 συνιέντες,
2515 4357 2956 4423 σκανδαλίζονται
2994 4359 3087 4413 ἐπὶ
3114 4358 3191 4430 τῷ
3219 4358 3500 4428 ἐληλυθότι
3530 4353 3768 4432 Χριστῷ,

496 4453 604 4510 fuit
632 4469 818 4508 coram
851 4454 986 4524 ipsis
1018 4453 1076 4509 in
1107 4454 1364 4525 laqueum
1388 4493 1405 4520 ,
1433 4463 1488 4510 et
1520 4457 1574 4510 in
1604 4456 1998 4511 retributiones
2029 4462 2083 4512 et

2189 4455 2273 4509 ὅτι
2307 4454 2382 4526 μὴ
2427 4451 2702 4523 αἰσθητῶς
2735 4453 2951 4520 ἐγένετο
2975 4452 3149 4505 ταῦτα
3173 4452 3232 4504 ἐν
3263 4451 3533 4523 τῇςαὺτοῦ
3568 4466 3765 4524 παρουο

499 4547 557 4601 in
587 4545 931 4602 scandalum.
961 4545 1198 4617 Hachue
1226 4548 1375 4618 passi
1425 4556 1588 4609 sunt.
1631 4550 1759 4618 quia
1801 4550 2083 4604 obscurati

497 4647 629 4696 sunt
659 4639 804 4693 oculi
829 4655 1020 4694 corum
1047 4648 1105 4695 ut
1132 4655 1242 4695 non
1278 4641 1564 4705 viderent,
1593 4641 1722 4712 quia
1753 4649 2085 4711 respuerunt

495 4733 674 4788 lucem
702 4731 1104 4786 illuminantem
1131 4746 1350 4786 omnem
1382 4732 1657 4787 hominem
1675 4772 1690 4796 ,
1716 4739 1772 4787 et
1801 4733 1930 4802 quia
1958 4749 2086 4788 ocu-

495 4827 578 4879 los
612 4823 879 4881 habentes
908 4840 1018 4880 non
1051 4824 1313 4880 videbant
1339 4866 1352 4888 ,
1383 4837 1436 4880 et
1464 4841 1628 4881 aures
1672 4824 1940 4881 habentes
1972 4841 2083 4880 non

494 4917 815 4972 audiebant.
862 4915 1234 4974 lncrassatum
1268 4919 1414 4972 enim
1455 4927 1541 4973 est
1588 4933 1685 4973 cor
1730 4931 1947 4982 eorum,
1997 4935 2085 4973 se-

494 5010 738 5065 cundum
763 5010 980 5073 Isaiam,
1022 5019 1075 5064 et
1099 5011 1290 5066 oculos
1313 5011 1666 5076 obturarunt,
1694 5026 1966 5083 auresque
1989 5026 2083 5082 ag-

497 5113 801 5176 gravarunt
823 5103 893 5159 ⁸⁷.
930 5105 1114 5170 Quare
1138 5103 1226 5159 hic
1249 5104 1651 5174 prmnuntiatur
1677 5123 1690 5159 :
1721 5123 1738 5154 ι
1765 5103 2079 5159 Obscurcn-

494 5201 588 5248 tur
605 5195 753 5254 oculi
779 5209 972 5249 eorum
1003 5210 1070 5250 ne
1099 5193 1341 5248 videant.
1375 5213 1396 5245 ι
1425 5195 1607 5256 Alium
1635 5208 1858 5264 quoque
1884 5209 2074 5252 casum

495 5301 686 5344 eorum
715 5288 864 5341 clare
886 5286 1222 5342 vaticinatur
1247 5286 1336 5341 his
1362 5287 1584 5341 verbis:
1608 5305 1626 5337 ι
1647 5286 1714 5340 Ει
1739 5286 1964 5341 dorsum
1991 5301 2081 5341 eo-

494 5391 622 5431 rum
653 5393 870 5448 semper
901 5378 1128 5431 incurva
1149 5417 1164 5440 ,
1200 5395 1219 5428 ι
1247 5375 1301 5430 id
1328 5383 1414 5432 est
1439 5416 1454 5440 ,
1482 5395 1500 5428 ι
1535 5376 1852 5432 incurvabis
1879 5394 1894 5445 ;
1931 5396 1951 5429 ι
1979 5385 2033 5431 et
2060 5395 2074 5432 :

503 5468 764 5525 d-Iil'unde
789 5487 956 5540 super
983 5486 1078 5525 eos
1101 5470 1239 5522 iram
1265 5477 1439 5534 tuam,
1456 5471 1714 5533 rscilicet,
1739 5469 2072 5536 ceﬂ'undeSp

493 5569 550 5617 et
576 5578 592 5616 :
630 5558 842 5616 «Furor
873 5561 968 5616 ira:
1003 5571 1111 5616 tute
1139 5561 1570 5632 comprehendat
1599 5577 1696 5619 eos
1717 5565 2036 5630 ,mimirum
2059 5605 2073 5631 ,

564 5719 617 5758 ³⁸
654 5721 761 5776 13a.
800 5732 880 5780 ιι,
921 5717 974 5773 6.
1055 5719 1095 5750 ³⁷
1136 5716 1242 5776 Isa.
1283 5735 1355 5782 vi,
1399 5719 1484 5774 10.

2189 4548 2300 4619 σίᾳ.
2342 4544 2528 4610 Οὕτως
2550 4542 2642 4601 οὖν
2668 4547 2703 4617 ή
2736 4545 3056 4600 ἀποδοθεῖσα
3079 4545 3256 4599 αὐτῶν
3277 4544 3529 4617 τράπεζα
3553 4545 3767 4616 γέγονεν

2189 4638 2419 4694 ἐνώπιον
2452 4638 2632 4692 αὐτῶν
2665 4639 2744 4701 είς
2778 4638 3001 4706 παγίδα,
3035 4638 3131 4692 καὶ
3161 4639 3240 4702 είς
3265 4637 3652 4700 ἀνταποδόσεις
3679 4632 3764 4688 καὶ

2187 4733 2269 4794 είς
2291 4730 2604 4786 σκάνδαλον.
2624 4730 2731 4784 Καὶ
2747 4729 2917 4782 ταῦτα
2937 4728 3291 4793 πεπόνθασιν,
3313 4728 3612 4801 ἐπειδήπερ
3627 4729 3766 4781 ἐσκο-

2186 4821 2452 4895 τίσθησαν
2479 4822 2530 4875 οἱ
2557 4819 2824 4891 ὀφθαλμοὶ
2852 4819 3030 4874 αὐτῶν
3060 4819 3156 4874 τοῦ
3195 4819 3270 4892 μὴ
3304 4819 3520 4891 βλέπειν
3547 4859 3564 4884 ,
3597 4817 3683 4876 διὰ
3713 4814 3768 4870 τὸ

2191 4914 2539 4989 παρῃτῆσθαι
2560 4914 2621 4968 τὸ
2650 4913 2766 4984 φῶς
2793 4913 2854 4966 τὸ
2880 4912 3113 4982 φωτίζον
3143 4912 3320 4967 πάντα
3339 4912 3654 4984 ἄνθρωπον,
3677 4905 3764 4962 καὶ

2189 5005 2314 5061 ἐπεὶ
2335 5006 2645 5077 ὀφθαλμοὺς
2680 5003 2893 5075 ἔχοντες
2923 5004 3024 5058 οὐκ
3063 5003 3308 5071 ἔϐλεπον,
3340 5005 3436 5058 καὶ
3471 4997 3584 5060 ὦτα
3624 5000 3763 5072 Exuv-

2173 5117 2277 5164 -τες
2317 5100 2417 5152 οὐκ
2473 5097 2690 5169 ἤκουον.
2742 5095 3050 5168 Ἐπαχύνθη
3095 5097 3205 5168 γὰρ
3239 5099 3273 5168 ἡ
3319 5097 3517 5170 καρδία
3553 5090 3754 5154 αὐτῶν,

2184 5189 2327 5246 κατὰ
2351 5190 2443 5244 τὸν
2483 5187 2727 5254 Ἦσαταν,
2774 5188 2865 5242 καὶ
2907 5189 3034 5250 τοὺς
3065 5188 3378 5260 ὀφθαλμοὺς
3419 5188 3753 5262 ἐκάμμυσαν,

2189 5285 2283 5339 καὶ
2327 5284 2394 5339 τά
2433 5281 2546 5338 ὦτα
2612 5284 2904 5355 ἐϐάρυναν.
2946 5283 3037 5339 Διὺ
3091 5285 3450 5358 προαγορεύει
3488 5286 3702 5356 φάσκων
3727 5278 3754 5332 ὁ

2187 5379 2372 5448 λόγος·
2416 5397 2434 5430 ι
2455 5378 2901 5450 Σκοτισθήτωσαν
2945 5380 2994 5431 οι
3042 5378 3312 5450 ὀφθαλμοὶ
3349 5380 3529 5434 αὐτῶν
3569 5377 3657 5432 τοῦ
3685 5370 3753 5446 μὴ

2191 5471 2425 5541 βλέπειν.
2454 5470 2612 5526 »⁸Καὶ
2635 5470 2766 5524 ἄλλο
2787 5470 2842 5524 δὲ
2868 5470 3112 5542 ἐναργῶς
3142 5470 3356 5542 συμϐάν
3375 5473 3557 5535 αὐτοῖς
3583 5463 3752 5524 θεσπί-

2187 5563 2267 5628 ζει
2286 5562 2460 5632 λέγων
2475 5580 2493 5598 ο
2526 5582 2550 5617 ι
2570 5562 2680 5618 Καὶ
2701 5563 2792 5617 τὸν
2815 5561 2984 5617 νῶτον
3006 5562 3185 5617 αὐτῶν
3210 5563 3498 5628 διαπαντὸς
3525 5562 3754 5633 σύγκαμ-
