4086 6442
553 286 659 344 73’}

1242 297 1514 356 EUSEBII
1553 299 2039 360 CESARIENSIS
2078 302 2227 364 OPP.
2268 306 2450 366 PARS
2489 309 2577 367 Ill.
2617 341 2687 356 —-
2716 309 3130 371 EXEGETICA.

3712 316 3806 375 750

551 403 752 464 mentis
797 424 989 467 eorum
1041 413 1392 482 obscuratio,
1453 419 1763 491 ignorantia
1812 424 2088 481 divinat-ui

2193 472 2200 494 ,
2231 431 2524 503 σκοτισμοῦ
2551 435 2649 506 τῆς
2677 433 2916 500 διανοίας
2949 435 3128 491 αὐτῶν
3150 475 3170 500 ,
3196 435 3459 506 ἁνοησεας
3514 431 3625 490 τῶν
3663 434 3806 496 θείων

549 495 1003 570 Setipturarum;
1059 522 1181 576 quae
1235 523 1344 562 non
1395 511 1504 566 alio
1555 519 1805 584 tempore
1858 519 2128 586 completa

546 598 677 644 sunt
699 631 714 654 ,
746 608 911 662 quam
944 605 1068 666 p0st
1103 599 1267 668 impia
1297 616 1396 656 sua
1429 603 1486 657 in
1517 603 1798 661 Christum
1831 607 1921 665 Dei
1953 620 2125 680 gesta.

543 680 726 746 Quare
749 684 946 740 horum
972 705 1197 745 causam
1225 695 1526 750 secundum
1552 697 1664 753 haec
1690 703 1970 771 prophetia
2001 719 2130 757 nar-

541 782 629 827 rat
681 775 769 831 his
817 779 1038 836 verbis:
1069 800 1088 832 ι
1118 783 1388 850 Quoniam
1446 804 1608 858 quem
1658 799 1716 846 tu
1768 787 2125 865 percussisti,

540 871 816 935 persecuti
841 881 1002 938 sunt,
1025 881 1080 930 et
1105 891 1272 946 super
1297 877 1540 936 dolorem
1569 885 1852 942 vulnerum
1879 906 2124 950 meorum

540 957 911 1024 addiderunt.
943 985 962 1017 ι
989 976 1096 1023 rte.
1149 968 1346 1026 Omnia
1391 976 1646 1044 superius
1687 992 1941 1038 enarrata
1990 986 2125 1056 ipsis

539 1060 804 1110 eventura
833 1073 956 1114 esse
983 1060 1154 1127 dicit,
1183 1080 1291 1118 non
1325 1079 1548 1138 propter
1578 1069 1849 1128 idolorum
1876 1077 2082 1132 cultum
2106 1095 2123 1148 ;

539 1145 637 1199 δρᾶ
665 1149 955 1218 «quoniam
988 1168 1150 1222 quem
1181 1166 1235 1211 tu
1266 1161 1592 1228 percussisti
1621 1169 1901 1232 persecuti
1932 1179 2117 1226 sunt.»

539 1237 620 1294 Tu
667 1256 908 1314 namque
943 1248 1249 1303 secundum
1283 1251 1425 1306 hanc
1460 1256 1840 1328 prophetiam,
1871 1280 1890 1312 ι
1918 1261 2123 1320 Percu-

534 1330 668 1385 tiam
715 1345 1030 1402 pastorem,
1079 1347 1134 1394 et
1176 1340 1570 1415 dispergentur
1613 1365 1746 1406 oves
1777 1355 1963 1424 gregis
1993 1355 2060 1422 ‘°,
2095 1376 2116 1410 ι

533 1422 846 1483 rationibus
891 1429 988 1485 abs
1033 1440 1088 1486 te
1132 1437 1372 1504 cognitis
1411 1426 1756 1509 percussisti.
1789 1422 1944 1501 Unde
1974 1448 2119 1517 apud

531 1514 860 1585 Apostolutn
889 1521 1092 1578 dicitur
1115 1545 1127 1580 :
1155 1545 1174 1577 ι
1204 1527 1260 1581 Si
1286 1530 1431 1584 enim
1467 1535 1690 1603 proprio
1717 1535 1856 1592 Filio
1877 1555 1980 1594 suo
2005 1514 2115 1598 non

529 1612 771 1678 pepercit
794 1654 807 1673 .
839 1617 932 1670 sed
966 1634 1066 1687 pro
1097 1622 1257 1678 nobis
1289 1626 1548 1683 omnibus
1575 1629 1800 1685 tradidit
1828 1632 1980 1689 illum
2009 1636 2111 1693 δ’.»

527 1701 630 1757 Cui
661 1705 945 1763 tradiderit
973 1727 1131 1778 eum,
1164 1713 1334 1774 lsaias
1366 1719 1587 1777 docebit
1619 1723 1709 1780 his
1739 1725 1958 1783 verbis:
1994 1746 2013 1780 ι
2049 1728 2114 1784 Et

2233 527 2604 600 Γραμμάτων,
2637 528 2674 583 ἁ
2705 529 2797 583 καὶ
2830 531 2932 584 οὐκ
2962 529 3147 584 ἄλλοτε
3173 529 3486 603 ἐπληροῦτο
3518 531 3601 593 είς
3627 532 3805 598 αὐτοὺς

2231 621 2265 692 ἢ
2301 619 2438 691 μετά
2471 620 2534 674 τὸ
2565 620 2834 692 ἁσεδῆσαι
2862 623 2938 686 είς
2972 621 3064 678 τὸν
3100 623 3335 693 Χριστὸν
3367 622 3467 676 τοῦ
3511 621 3671 677 Θεοῦ.
3727 625 3807 679 Διὸ

2231 713 2474 783 ἐπιλέγει
2497 715 2708 779 τούτοις
2734 715 2862 786 ἑξῆς
2885 714 2983 786 τὴν
3014 715 3194 769 αἰτίαν
3222 709 3326 770 ὧδε
3359 715 3654 785 φάσκουσα
3688 733 3806 788 προ-

2230 808 2426 881 φητεία
2442 825 2456 839 ·
2491 828 2510 861 ι
2534 809 2656 862 Ὅτι
2685 807 2744 863 ὃν
2767 811 2834 864 σὺ
2862 808 3166 876 ὲπὰταξας,
3199 809 3541 875 κατεδίωξαν
3567 851 3583 876 ,
3610 810 3702 864 καὶ
3727 812 3808 865 ἐπὶ

2227 903 2290 956 τὸ
2326 902 2490 972 ἁλγος
2529 901 2638 956 τῶν
2663 901 2995 975 τραυμάτων
3027 919 3128 973 μου
3157 901 3510 974 προσέθηκαν
3531 944 3547 968 ,
3571 921 3591 954 ι
3631 902 3720 956 καὶ
3747 901 3807 956 τὰ

2227 999 2373 1070 έξῆς.
2400 997 2481 1051 Τά
2502 996 2869 1069 προλεχθέντα
2895 997 3074 1051 πάντα
3101 995 3484 1066 συμθησεσθαι
3509 995 3696 1059 αὐτοῖς
3721 1012 3809 1067 φη.

2227 1108 2333 1155 σιν,
2365 1091 2427 1144 οὺ
2449 1091 2538 1145 διὰ
2557 1107 2681 1144 τινα
2706 1089 3171 1160 είδωλολατρείαν,
3203 1087 3316 1142 ἀλλ’
3349 1105 3372 1139 ι
3390 1089 3480 1141 ὅτι
3504 1087 3568 1140 ὃν
3595 1089 3660 1141 σὺ
3686 1087 3808 1140 ἑπά-

2223 1181 2421 1248 ταξας,
2453 1180 2803 1247 κατεδίωξαν.
2828 1200 2845 1232 ι
2881 1181 2954 1234 Σὺ
2988 1179 3086 1251 μὲν
3111 1179 3219 1250 γὰρ
3250 1177 3396 1233 κατὰ.
3413 1179 3522 1251 τὴν
3551 1177 3806 1247 λέγουσαν

2223 1277 2596 1350 προφητείαν,
2652 1295 2670 1327 ι
2699 1274 2932 1339 Πατάξω
2976 1273 3069 1327 τὸν
3116 1273 3382 1344 ποιμένα,
3426 1271 3526 1325 καὶ
3564 1272 3808 1343 διασκορ-

2221 1369 2550 1440 πισθήσεται
2577 1365 2649 1422 τὰ
2679 1364 2928 1439 πρόϐατα
2951 1364 3052 1435 τῆς
3083 1363 3319 1435 ποίμνης
3337 1402 3352 1426 ,
3380 1380 3400 1414 ι
3432 1361 3504 1415 δι’
3527 1361 3628 1425 οὒς
3655 1361 3804 1425 αὐτὸς

2219 1458 2368 1526 οἶδας
2389 1461 2582 1531 λόγους
2609 1457 2905 1526 ὲπάταξας.
2939 1456 3104 1510 Ὅθεν
3126 1457 3341 1528 είρηται
3365 1453 3528 1525 παρὰ
3543 1453 3630 1524 τῷ
3657 1454 3806 1507 Ἄπο-

2221 1556 2418 1628 στόλῳο
2443 1580 2461 1608 ι
2484 1555 2546 1608 Ei
2565 1553 2674 1623 γὰρ
2693 1549 2791 1606 τοῦ
2813 1548 3080 1605 ίδίουΥίοῦ
3104 1549 3205 1603 οὐκ
3226 1547 3508 1618 ἐφείσατο,
3537 1545 3655 1600 ἁλλ’
3675 1546 3805 1618 ὑπὲρ

2215 1651 2248 1721 ἡ
2258 1648 2375 1720 μῶν
2405 1647 2622 1702 πάντων
2655 1643 2971 1715 παρέδωκεν
2998 1642 3179 1697 αὐτόν.
3220 1659 3238 1694 ο
3274 1641 3392 1694 Τίνι
3407 1640 3466 1694 δὲ
3491 1639 3805 1711 παρέδωκεν

2215 1740 2407 1804 αὐτὸν,
2450 1738 2678 1801 Ἡσαΐας
2721 1735 2920 1800 διδάξει
2953 1733 3154 1804 λέγων’
3197 1751 3215 1786 ι
3240 1733 3352 1786 Καὶ
3388 1732 3603 1803 Κύριος
3641 1732 3804 1804 παρέ-

527 1789 801 1856 Dominus
833 1803 1062 1859 tradidit
1092 1823 1219 1862 eum
1253 1813 1492 1880 peccatis
1525 1817 1734 1872 nostris
1761 1818 1847 1874 “:
1883 1839 1902 1872 ι
1935 1837 2090 1891 quare

2206 1789 2921 1902 ὧκενίαθτδνὰμαρτίαις
2964 1789 3154 1900 ἡμῶν·
3186 1845 3205 1878 ι
3261 1825 3344 1880 διὸ
3387 1825 3622 1894 γέγονεν
3668 1826 3804 1899 ὑπὲρ

526 1884 708 1942 factus
736 1898 822 1944 est
854 1907 952 1961 pro
985 1896 1148 1952 nobis
1182 1900 1556 1959 maledictum.
1590 1904 1726 1961 Nam
1756 1923 1881 1964 cum
1913 1884 2111 1981 νεοθα-

523 1985 640 2030 tum
673 1996 780 2035 non
811 1998 942 2039 noss
979 1993 1033 2054 t,
1071 1987 1214 2046 Deus
1247 1992 1400 2048 illum
1435 2011 1532 2064 pro
1563 1998 1722 2054 nobis
1764 1999 1945 2057 effecit
1983 2019 2108 2060 esse

521 2080 848 2140 peccatum,
885 2085 943 2130 ut
987 2095 1090 2136 nos
1140 2082 1316 2140 simus
1353 2086 1572 2155 justitia
1621 2089 1677 2146 in
1724 2091 1864 2162 ipso.
1909 2093 2015 2150 Sed
2051 2105 2107 2152 et

526 2182 544 2215 ι
581 2165 742 2224 homo
793 2167 895 2223 fuit
941 2172 995 2226 in
1041 2176 1199 2246 plaga
1243 2179 1618 2246 constitutus,
1652 2191 1705 2239 et
1748 2185 1930 2243 sciens
1961 2187 2107 2245 ferre

519 2257 893 2318 inﬁrmitatem
923 2283 934 2318 :
971 2273 1026 2320 et
1054 2267 1232 2324 vibice
1261 2269 1383 2341 ejus
1412 2287 1517 2329 nos
1543 2278 1722 2331 sanati
1757 2293 1952 2336 sumus
1979 2281 2045 2334 “.
2076 2300 2098 2334 ι

515 2347 712 2420 Plagas
742 2353 924 2424 itaque
947 2365 1002 2412 et
1028 2358 1234 2414 vibices
1261 2364 1493 2434 accepit,
1522 2373 1576 2420 et
1606 2365 1720 2422 haec
1748 2370 1932 2424 omnia
1953 2411 1968 2434 ,
1998 2369 2108 2426 Pa-

515 2448 601 2496 tre
626 2445 844 2502 volente
866 2457 921 2502 et
952 2453 1304 2520 permittente
1324 2496 1340 2520 ,
1373 2473 1570 2527 passus
1593 2470 1698 2516 est.
1728 2461 2096 2528 Quamobrem

515 2531 572 2592 in
605 2533 868 2593 Zacharia
903 2543 1168 2614 propheta
1212 2547 1419 2604 dictum
1463 2562 1585 2607 est:
1615 2574 1632 2603 ι
1666 2552 1893 2612 Framea
1917 2598 1931 2624 ,
1975 2575 2099 2617 sus-

511 2625 684 2684 citare
711 2645 876 2699 super
901 2647 1176 2704 pastorem
1206 2656 1409 2706 meum,
1437 2651 1492 2698 et
1521 2661 1688 2716 super
1713 2649 1888 2704 virum
1919 2651 2096 2708 civem

508 2720 651 2786 eius.
686 2719 920 2782 Percute
950 2737 1256 2797 pastorem,
1289 2741 1343 2788 et
1382 2735 1771 2808 disperguntur
1805 2755 1935 2798 oves
1967 2759 2095 2814 gre-

505 2814 592 2879 gis
627 2814 690 2868 “.
725 2835 741 2866 ι
773 2817 829 2872 In
877 2817 1172 2892 Evangelia
1215 2834 1396 2880 autem
1439 2827 1558 2899 ipse
1601 2829 1861 2888 Servator
1907 2845 2095 2893 noster

505 2907 753 2976 passioni
798 2911 1017 2970 Vicinus
1071 2914 1360 2987 discipulis
1408 2923 1813 2989 praenuntiabat
1853 2926 2086 2985 dicens:

513 3018 532 3048 ι
560 2997 767 3058 Omnes
800 3021 898 3061 vos
925 3009 1440 3067 scandalizabimiui
1473 3015 1527 3068 in
1558 3032 1664 3072 me.
1701 3015 1977 3091 Scriptum
2007 3031 2090 3078 est

2209 1924 2366 1999 ἡμῶν
2391 1923 2626 1996 κατάρα.
2657 1922 2749 1994 Μὴ
2773 1922 2968 1992 γνόντα
2989 1919 3101 1992 γὰρ
3125 1918 3290 1973 αὑτὸν
3316 1917 3601 1998 ἁμαρτίαν
3623 1918 3653 1970 ό
3677 1917 3800 1980 Θεὸς

2209 2015 2352 2088 ὑπὲρ
2383 2013 2539 2087 ἡμῶν
2579 2011 2851 2084 ἁμαρτίαν
2881 2010 3166 2082 ἐποίησεν,
3198 2011 3288 2064 ἴνα
3319 2012 3482 2082 ἡμεῖς
3513 2007 3800 2078 γενώμεθα

2205 2107 2520 2179 δικαιοσύνη
2546 2107 2605 2161 ὲν
2632 2105 2800 2177 αὐτῷ.
2821 2105 2980 2160 Ἀλλὰ
3006 2105 3101 2158 καὶ
3144 2122 3162 2154 ι
3199 2103 3487 2176 ἄνθρωπος
3529 2105 3590 2155 ὲν
3621 2100 3794 2170 πληγῇ

2205 2203 2314 2268 ὢν,
2345 2201 2441 2256 καὶ
2473 2199 2629 2265 εἰδὼς
2665 2199 2854 2272 φέρειν
2888 2197 3158 2269 μαλακίαν
3189 2197 3380 2265 γέγονε
3400 2211 3414 2226 ο
3446 2194 3546 2248 καὶ
3576 2191 3658 2263 τῷ
3685 2190 3794 2264 μώ-

2203 2295 2343 2349 λωπι
2380 2291 2547 2348 αὐτοῦ
2568 2294 2732 2365 ἡμεῖς
2773 2289 3024 2362 ἰάθημεν.
3049 2309 3067 2342 ι
3095 2286 3304 2342 οὐκοῦν
3330 2287 3426 2341 καὶ
3443 2285 3679 2385 ,πληγὰς
3705 2283 3795 2385 και

2205 2387 2481 2460 μώλωπας
2508 2385 2752 2456 εἴληφε,
2802 2383 2899 2438 καὶ
2937 2381 3112 2437 ταῦτα
3162 2381 3345 2436 πάντα
3385 2378 3664 2444 πέπονθε,
3701 2378 3792 2431 τοῦ

2200 2482 2317 2534 Πατ
2325 2481 2413 2553 ρὸς
2438 2477 2763 2550 βουλομένου
2781 2479 2876 2530 καὶ
2891 2472 3300 2546 συγχωροῦντος
3316 2472 3465 2526 οὓτω
3484 2469 3786 2540 γίγνεσθαι.

2198 2573 2290 2626 Διὸ
2309 2575 2366 2627 ὲν
2395 2573 2492 2644 μὲν
2507 2570 2754 2645 Ζαχαρία
2774 2568 2851 2640 τῷ
2871 2569 3126 2641 προφήτῃ
3145 2565 3393 2620 λέλεκται
3407 2582 3421 2596 ·
3451 2583 3471 2616 ι
3494 2562 3791 2635 Ῥομφαία.

2197 2665 2512 2738 ὲξεγέρθητι
2541 2666 2636 2718 ἐπὶ
2665 2664 2756 2718 τὸν
2789 2663 3024 2734 ποιμένα
3053 2679 3176 2734 μου,
3203 2661 3298 2715 καὶ¹
3329 2661 3416 2714 ἐπ’
3443 2659 3621 2731 ἄνδρα
3643 2655 3789 2710 πολί-

2194 2774 2296 2828 την
2320 2754 2506 2809 αὑτοῦ.
2545 2753 2791 2820 Ιιὰταξον
2821 2752 2913 2805 τὸν
2946 2752 3200 2822 ποιμένα,
3233 2751 3329 2805 καί
3351 2747 3783 2822 διασκορπισθή-

2192 2864 2273 2902 τω
2314 2848 2382 2902 τὰ
2427 2847 2675 2920 πρόϐατα
2706 2845 2808 2916 τῆς
2837 2844 3100 2915 ποίμνης·
3123 2863 3142 2897 ι
3183 2845 3242 2896 ὲν
3267 2843 3324 2896 δὲ
3356 2841 3434 2913 τῷ
3463 2839 3786 2910 Εὑαγγελίῳ

2195 2938 2358 3001 αὐτὸς
2399 2940 2428 2992 ό
2455 2937 2646 3008 Σωτὴρ
2696 2935 2855 3008 ἡμῶν
2888 2934 3024 3006 πρὸς
3051 2934 3130 3006 τῷ
3162 2933 3324 2988 πάθει
3350 2933 3650 3003 γενόμενος
3675 2931 3782 2991 τοῖς

2191 3031 2358 3085 αὑτοῦ
2390 3030 2660 3102 μαθηταῖς
2706 3029 3038 3084 διεστέλλετο
3079 3027 3284 3082 εἰπών·
3334 3046 3352 3078 ι
3379 3026 3596 3088 Πάντες
3629 3023 3780 3094 ὑμεῖς

503 3091 691 3147 enim:
739 3093 1047 3152 Percutiam
1089 3108 1402 3170 pastorem,
1442 3111 1496 3159 et
1543 3106 1929 3178 dispergentur
1957 3126 2089 3169 ores

503 3186 678 3213 ...νη-2..
707 3187 751 3213 ιι
801 3208 816 3213 -
849 3187 902 3213 Ι..
941 3191 1043 3213 ι..Δ
1078 3193 1322 3213 -;..-ει·.,η
1359 3212 1364 3213 ,
1457 3197 1468 3213 ι
1591 3199 1624 3211 ,ι
1723 3203 1767 3213 η.
1816 3203 1827 3213 .
1911 3203 1943 3213 ι.

2193 3091 2717 3194 σκανδαλισθησεσθε
2771 3122 2830 3173 ὲν
2853 3119 2996 3192 ὲμοί.
3027 3116 3475 3213 ῐῖἐγραπταιὲγάρ
3489 3091 3790 3213 Lucii.»

498 3186 680 3257 gregis
707 3187 774 3241 ".
801 3208 820 3241 ι
849 3187 904 3244 In
941 3191 1045 3246 hoc
1075 3193 1328 3250 similiter
1355 3197 1564 3267 psalmo
1591 3199 1658 3253 iis
1686 3203 1865 3272 anima
1891 3203 2084 3259 dicun-

501 3286 594 3311 tur-
653 3295 848 3311 nnmnn
918 3303 934 3311 -
962 3282 1043 3311 n..
1069 3286 1230 3311 ...ζ-..ι
1271 3304 1424 3311 .----._
1457 3299 1512 3311 ι--
1547 3308 1730 3311 μξημμ
1780 3295 1792 3308 σ
1831 3297 1865 3311 ,ο

2193 3211 2280 3265 τὸν
2312 3211 2568 3283 ποιμένα,
2605 3211 2700 3266 καὶ
2723 3209 3270 3282 διασκορπισθήσεται
3303 3207 3371 3262 τὰ
3397 3205 3662 3311 πρόϐατα.
3684 3218 3778 3272 της

501 3286 613 3339 tur,
651 3295 880 3352 nempe,
915 3303 934 3336 ι
962 3282 1232 3352 Quoniam
1267 3304 1427 3356 quem
1457 3299 1514 3345 tu
1547 3295 1867 3361 percussisti
1898 3312 2084 3366 perse-

2193 3305 2439 3378 ποίμνης.
2465 3323 2484 3357 ι
2532 3303 2643 3358 Καὶ
2677 3306 2736 3358 ὲν
2760 3302 2840 3375 τῷ
2869 3301 3009 3375 μετὰ
3036 3305 3226 3374 χεῖρας
3251 3299 3543 3372 τοιγαροῦν
3569 3296 3777 3357 τούτοις

499 3370 611 3424 cuti
643 3380 792 3427 sunt.
821 3393 840 3425 ι
861 3372 1026 3430 Pater
1056 3376 1220 3446 igitur
1252 3380 1477 3450 proprio
1507 3380 1648 3438 Filio
1677 3402 1785 3440 non
1815 3389 2079 3458 pepercit,

2193 3370 2491 3471 συμφώνως
2513 3396 2730 3471 εἴρηται
2743 3370 2825 3464 eo,
2851 3370 3008 3452 ι’Ὄτι
3109 3370 3173 3451 σὺ
3197 3370 3498 3462 ἐπάταεας,
3519 3387 3776 3446 κατεδίω-

498 3461 596 3520 sed
630 3479 730 3534 pro
764 3467 926 3524 nobis
959 3469 1220 3527 omnibus
1254 3472 1481 3528 tradidit
1516 3475 1692 3533 illum.
1733 3476 1795 3532 Vi
1829 3481 1991 3536 etiam
2026 3489 2080 3536 et

2193 3461 2343 3557 ἕσιν..)
2385 3490 2444 3546 '0
2469 3461 2683 3562 μὲνοιῖν
2710 3461 2901 3562 Πατὴρ
2927 3487 3022 3542 τοῦ
3051 3488 3181 3543 ἰδίου
3202 3487 3335 3542 Υίοῦ
3361 3461 3462 3541 ουκ
3489 3483 3767 3554 ἐφείσατο,

495 3557 710 3614 ratione
734 3558 968 3629 quadam
998 3562 1114 3632 ipse
1142 3574 1226 3619 est
1255 3565 1348 3634 qui
1377 3570 1651 3635 percussit
1673 3610 1688 3633 ,
1717 3571 1845 3642 quia
1878 3575 2080 3643 permi-

495 3648 567 3704 sit
597 3649 774 3718 ipsum
811 3652 938 3706 talia
973 3655 1205 3725 perpeti.
1243 3656 1322 3712 lili
1359 3673 1487 3713 vero
1516 3675 1624 3716 non
1658 3663 1816 3718 modo
1853 3680 2078 3735 percus-

493 3751 707 3807 serunt,
741 3743 838 3799 sed
874 3744 974 3801 abs
1013 3762 1072 3802 se
1119 3749 1437 3818 ahjeceruut
1470 3760 1524 3806 et
1566 3756 1756 3823 procul
1802 3761 2075 3826 persecuti

491 3843 623 3888 sunt
655 3851 780 3892 eum
819 3855 832 3891 :
869 3853 994 3897 cum
1031 3856 1131 3910 par
1166 3842 1360 3900 fuisset
1398 3847 1591 3902 saltem
1629 3864 1949 3919 percussum
1982 3868 2079 3908 ex-

488 3926 700 3998 cipere.
730 3936 784 3986 et
817 3947 983 3988 nosse
1003 3933 1282 3992 Christum
1318 3955 1416 4008 pro
1441 3939 1600 3996 nobis
1624 3951 1902 4000 mortuum
1927 3962 2073 4011 esse,

486 4019 694 4078 factum
746 4038 848 4094 pro
903 4026 1062 4083 nobis
1116 4030 1742 4106 maledictum;quem,
1793 4055 1916 4094 cum
1961 4057 2072 4097 non

486 4122 677 4170 nosset
707 4125 990 4186 peccatum
1013 4159 1028 4183 ,
1058 4120 1203 4177 Deus
1234 4138 1334 4193 pro
1359 4127 1519 4184 nobis
1548 4138 1832 4200 peccatum
1861 4132 2072 4197 ell'ecit,

487 4213 550 4261 ut
596 4221 698 4263 nos
738 4207 1042 4266 elliciamur
1075 4213 1294 4282 justitia
1348 4215 1444 4272 Dei
1485 4219 1540 4274 in
1591 4221 1707 4278 illo.
1755 4221 2072 4282 Meminisse

483 4295 615 4351 item
650 4307 866 4368 oportet
898 4300 1049 4358 Isaiae
1080 4320 1274 4360 vocum
1305 4325 1430 4377 quae
1461 4311 1541 4365 sic
1575 4311 1778 4368 habent
1803 4333 1817 4369 :
1847 4333 1866 4366 ι
1897 4302 2070 4372 Ποιιιο

483 4386 539 4442 in
572 4388 726 4459 plaga
758 4376 1134 4462 c'onstitutus,
1163 4406 1218 4454 et
1251 4376 1433 4456 sciens
1470 4401 1613 4459 ferre
1647 4405 2063 4466 inﬁrmitatem:

2177 3582 2292 3637 ἀλλ’
2315 3582 2457 3655 ὑπὲρ
2477 3580 2632 3654 ἡμῶν
2658 3581 2877 3637 πάντων
2903 3581 3221 3655 παρέδωκεν
3239 3580 3420 3636 αὐτόν.
3450 3579 3694 3650 Δυνάμει
3715 3591 3772 3628 τε

2177 3672 2340 3737 αὐτὸς
2367 3669 2436 3746 ἦν
2461 3673 2490 3727 ὁ
2515 3672 2762 3738 πατάξας
2789 3671 2880 3726 διὰ
2908 3671 3002 3726 τοῦ
3033 3672 3388 3745 συγχωρῆσαι
3413 3669 3644 3723 τοιαῦτα
3675 3666 3771 3722 αὐ-

2174 3765 2267 3819 τὸν
2301 3765 2514 3819 παθεῖν.
2547 3765 2610 3819 Οἱ
2633 3763 2690 3817 δὲ
2717 3764 2817 3819 οὐκ
2843 3763 3124 3831 ἐπάταξαν
3153 3763 3332 3835 μόνον,
3358 3761 3495 3818 ἀλλὰ
3515 3764 3614 3817 καὶ
3643 3758 3770 3832 ἦλα-

2179 3875 2276 3912 σαν
2303 3857 2361 3926 ἐξ
2384 3856 2592 3912 ἑαυτῶν
2614 3857 2709 3912 καὶ
2736 3856 2954 3930 μακρὰν
2977 3855 3286 3922 ἁπεδίωξαν
3308 3854 3471 3910 αὐτόν
3492 3873 3506 3887 ·
3532 3856 3654 3911 δέον
3677 3851 3768 3908 καὶ

2176 3948 2525 4020 παταχθέντα
2545 3947 2954 4022 παραδέξασθαι
2969 3967 2981 3978 ο
3003 3948 3251 4018 γνόντας,
3268 3948 3349 4002 ὅτι
3372 3947 3609 4019 Χριστὸς
3629 3943 3765 4013 ὑπὲρ

2173 4041 2331 4115 ἡμῶν
2369 4041 2650 4124 ἀπέθανε,
2696 4041 2986 4114 γενόμενος
3019 4042 3162 4114 ὑπὲρ
3186 4041 3347 4114 ἡμῶν
3375 4043 3594 4114 κατάρα
3616 4082 3633 4107 ,
3674 4039 3764 4094 καὶ

2171 4137 2254 4192 ὅτι
2300 4135 2375 4209 μὴ
2415 4135 2610 4205 γνόντα
2649 4134 2925 4208 ἁμαρτίαν
2949 4177 2964 4201 ,
3010 4135 3172 4190 αὐτὸν
3205 4137 3234 4189 ὁ
3273 4134 3406 4199 Θεὸς
3437 4134 3581 4208 ὑπὲρ
3606 4133 3761 4206 ἡμῶν

2174 4229 2450 4301 ἁμαρτίαν
2483 4228 2740 4300 ἐποίησεν
2763 4243 2778 4260 ο
2813 4227 2902 4281 ἴνα
2935 4228 3096 4298 ἡμεῖς
3127 4225 3413 4299 γενώμεθα
3444 4224 3760 4294 δικαιοσύνη

2169 4321 2305 4376 Θεοῦ
2339 4323 2398 4375 ὲν
2427 4321 2597 4393 αὐτῷ.
2625 4319 3012 4392 Μνημονεῦσαι
3035 4320 3090 4373 δὲ
3120 4320 3224 4392 χρὴ
3257 4321 3351 4374 καὶ
3377 4320 3492 4374 τῶν
3535 4318 3756 4374 Ἡσαΐου

2169 4415 2384 4484 φωνῶν,
2412 4413 2477 4467 δι’
2503 4406 2579 4468 ὧν
2605 4413 2850 4483 ἐλέγετο·
2887 4432 2905 4465 ι
2923 4413 3054 4467 Ἀνθ
3064 4430 3241 4486 ρωπος
3262 4413 3320 4466 ὲν
3345 4411 3528 4484 πληγῇ
3546 4411 3645 4476 ὣν,
3668 4411 3758 4463 καὶ

480 4490 537 4535 et
573 4479 836 4540 Dominus
871 4487 1098 4544 tradidit
1126 4507 1252 4546 cum
1288 4498 1530 4564 peccatis
1561 4499 1769 4554 nostris
1804 4500 1893 4568 “;
1922 4520 1941 4553 ι
1968 4510 2063 4558 et:

2193 4506 2325 4572 ,ἱδὼς
2367 4506 2554 4583 φέρειν
2602 4479 2906 4579 μαλακίανο
2947 4479 3290 4580 καὶ-Κύριος
3321 4479 3607 4578 παρέδωκε
3640 4506 3755 4566 ταῖς

485 4591 505 4625 ι
537 4571 806 4641 Quoniam
843 4581 960 4650 ipse
997 4596 1220 4654 peccata
1256 4597 1444 4642 nostra
1484 4601 1700 4661 portat,
1737 4601 1792 4648 et
1824 4610 1925 4665 pro
1959 4611 2062 4650 no-

477 4661 566 4723 bis
591 4673 873 4729 cruciatur
895 4676 961 4732 ⁸⁷.
991 4696 1008 4729 ι
1027 4678 1295 4744 Quoniam
1327 4684 1648 4742 vulneratus
1672 4695 1757 4742 est
1774 4729 1788 4748 .
1822 4703 1930 4744 non
1956 4689 2062 4745 alia

476 4760 546 4818 de
579 4779 741 4820 causa
786 4769 890 4824 nisi
925 4780 1148 4842 pr0pter
1178 4783 1402 4841 peccata
1435 4787 1720 4845 nostra,et
1753 4781 2064 4840 infirmatus

474 4863 560 4912 cst
587 4865 808 4929 prapter
837 4860 1155 4932 iniquitates
1184 4874 1426 4924 nostras.
1459 4869 1537 4924 illi
1565 4887 1696 4926 vero
1714 4872 1847 4927 nihil
1867 4888 2060 4930 eorum

473 4949 806 5020 cogitarunt,
835 4953 928 5009 sed
960 4954 1240 5024 ejecerunt
1261 4975 1384 5014 eum
1414 4969 1470 5016 et
1497 4963 1594 5018 abs
1621 4979 1680 5018 se
1708 4966 2060 5036 repulerunt,

471 5043 819 5112 postulantes
877 5047 1264 5116 homicidiam,
1314 5068 1378 5108 ac
1431 5054 1554 5111 vita:
1608 5057 1908 5128 principem
1965 5076 2063 5115 ne-

468 5143 686 5204 gantes.
750 5135 877 5194 ldeo
923 5140 1013 5194 hic
1067 5143 1180 5196 ait:
1237 5161 1256 5195 ι
1305 5143 1575 5211 Quoniam
1609 5165 1771 5219 quem
1818 5161 1872 5205 tu
1934 5168 2061 5221 per-

465 5225 693 5282 cussisti
725 5231 998 5299 persecuti
1047 5241 1210 5302 sunt,
1256 5243 1310 5290 et
1359 5253 1525 5307 super
1569 5239 1811 5297 dolor-em
1869 5244 2059 5300 vulne-

461 5334 585 5374 rum
626 5335 869 5376 meorum
907 5324 1256 5392 addiderunt.
1288 5347 1308 5380 ι
1339 5327 1452 5400 Ego
1493 5330 1712 5402 quidem
1758 5351 1856 5405 pro
1906 5335 2044 5407 ipsis

465 5412 698 5468 vulnera
748 5416 972 5488 excepi,
1023 5419 1278 5490 purgatio
1322 5436 1512 5476 eorum
1558 5423 1818 5490 eﬂ‘ectus,
1859 5437 1912 5482 et
1963 5445 2052 5485 re-

459 5502 712 5574 demptio
751 5520 851 5576 pro
903 5508 1148 5578 peccatis
1186 5524 1416 5568 eorum:
1464 5513 1541 5569 illi
1592 5531 1720 5572 vero
1762 5520 1902 5573 mala
1948 5536 2051 5576 sua

537 5683 584 5773 ις
623 5683 789 5742 Zach.
821 5703 940 5773 xu},
1083 5689 1510 5773 ._‘.'_iiqm.uvm,
1551 5695 1638 5753 52.
1715 5699 1761 5732 δ’
1803 5697 1908 5757 lsa.
1952 5717 2070 5773 LIII,

2247 5705 2290 5739 ’⁸³
2329 5707 2457 5763 ibid.

470 5756 517 5794 “
557 5753 663 5812 lsu.
705 5771 825 5826 Lm,
865 5753 930 5818 ϐ.
997 5761 1038 5794 ⁵⁷
1083 5761 1212 5819 ibid.
1255 5764 1306 5831 4,
1350 5765 1402 5820 5.

2171 4600 2465 4672 ἁμαρτίαις
2501 4601 2662 4672 ἡμῶν
2682 4617 2696 4634 ”
2719 4619 2739 4654 ι
2790 4600 2916 4660 καὶ.
2957 4620 2976 4654 ι
3006 4603 3126 4655 Ὅτι
3157 4594 3312 4664 οὗτος
3341 4601 3440 4665 τὰς
3483 4599 3754 4673 ἁμαρτίας

2165 4693 2324 4764 ἡμῶν
2354 4692 2526 4767 φέρει,
2553 4693 2798 4765 καὶπερὶ
2825 4694 2983 4766 ἡμῶν
3006 4695 3288 4748 ὀδυνᾶται·
3312 4714 3330 4747 ι
3362 4695 3443 4749 ὅτι
3471 4711 3529 4748 τε
3561 4697 3752 4766 ἐτραυ-

2169 4785 2408 4858 ματίσθη
2434 4787 2494 4840 οὑ
2523 4787 2590 4840 δι’
2620 4786 2748 4841 ἄλλο
2767 4804 2852 4854 τι,
2877 4786 3015 4841 ἀλλὰ
3041 4785 3129 4842 διὰ
3155 4787 3253 4851 τὰς
3275 4789 3551 4860 ἁμαρτίας
3569 4787 3746 4861 ἡμῶν,

2165 4878 2260 4931 καὶ
2291 4877 2695 4950 μεμαλάκισται
2724 4877 2813 4932 διὰ
2843 4878 2942 4944 τὰς
2969 4878 3198 4950 ἀνομίας
3229 4883 3261 4950 ή
3272 4881 3408 4951 μῶν.
3453 4882 3516 4936 Ol
3545 4881 3604 4936 δὲ
3631 4878 3750 4934 τού-

2162 4985 2272 5024 των
2306 4969 2406 5041 μὲν
2431 4969 2582 5025 οὐδὲν
2605 4971 2977 5043 διενοήθησαν,
3005 4972 3210 5044 ἤλασαν
3233 4972 3290 5028 δὲ
3315 4974 3480 5028 αὐτὸν
3499 4975 3596 5028 καὶ
3619 4976 3746 5029 ἀπε·

2159 5060 2352 5126 δίωξαν
2382 5063 2590 5118 ἑαυτῶν
2615 5105 2630 5129 ,
2665 5064 3082 5137 ὲξαιτησὰμενοι
3115 5067 3212 5138 μὲν
3238 5067 3330 5121 τὸν
3355 5069 3520 5138 φονέα
3538 5109 3554 5132 ,
3578 5069 3670 5123 τὸν
3689 5065 3744 5120 δὲ

2158 5153 2403 5226 ἀρχηγὸν
2433 5156 2534 5227 τῆς
2572 5155 2720 5228 ζωῆς
2745 5159 3134 5230 ἀρνησάμενοι.
3164 5160 3256 5214 Διό
3280 5177 3448 5232 φησιν.
3477 5161 3739 5216 ἐνταῦθα’

2163 5247 2318 5301 «Ὅτι
2345 5248 2405 5301 ὃν
2433 5249 2498 5302 σὺ
2530 5250 2808 5315 ὲπάταξας
2827 5290 2842 5314 ,
2871 5251 3200 5319 κατεδίωξαν
3225 5292 3240 5318 ,
3269 5253 3362 5306 καὶ
3388 5254 3481 5307 ἐπὶ
3503 5253 3564 5308 τὸ
3583 5254 3741 5324 ἄλγος

2155 5337 2266 5390 τῶν
2287 5339 2619 5410 τραυμάτων
2649 5357 2751 5412 μου
2779 5342 3145 5415 προσέθηκαν.
3175 5368 3192 5398 ο
3249 5345 3392 5413 Ἐγὼ
3417 5346 3515 5418 μὲν
3547 5346 3658 5418 γὰρ
3675 5345 3742 5398 τὰ

2157 5430 2298 5503 ὑπὲρ
2335 5432 2515 5486 αὐτῶν
2545 5433 2876 5506 ἁνεδεχόμην
2908 5435 3228 5508 τραύματα,
3263 5437 3738 5510 καθαρμὸς-αὐτῶν

2155 5522 2464 5596 γενόμενος,
2491 5525 2588 5580 καὶ
2614 5525 2908 5600 ἁντίψυχον
2930 5527 3020 5582 διὰ
3045 5529 3144 5594 τὰς
3167 5531 3443 5604 ἁμαρτίας
3467 5531 3666 5586 αὐτῶν*
3689 5527 3736 5582 ci

2636 5710 2675 5744 ⁸³
2700 5711 2864 5769 Zach.
2901 5729 3020 5782 xm,
3043 5714 3093 5770 7.
3171 5717 3217 5750 “
3256 5717 3445 5775 Matth.
3471 5736 3619 5789 nm,
3645 5715 3726 5776 51.
