4086 6442
335 391 442 448 757

1476 395 1991 454 COMMENTABIA
2027 396 2098 454 IN
2136 397 2473 456 PSALMOS.

3500 405 3604 462 758

328 507 391 564 δὲ
418 508 766 582 προσέθηκαν
789 511 914 582 ἐμοὶ
937 513 1007 566 τὰ
1027 513 1235 567 ἑαυτῶν
1251 516 1416 570 κακά.
1451 533 1472 566 ι
1487 516 1734 571 Ἔδωκαν
1755 537 1774 570 θ
1795 517 1918 588 γοῦι

2028 520 2162 575 mihi
2190 521 2567 577 addiderunt.¢
2591 519 2866 577 Dederunt
2895 542 2912 574 ι
2936 521 3124 594 igitur:
3153 522 3208 578 in
3224 537 3406 578 escam
3426 538 3603 581 meam

334 604 449 666 «είς
471 603 532 656 τὸ
564 603 761 674 βρῶμά
789 619 891 674 μου
919 603 1104 676 χολὴν,
1131 606 1227 659 καὶ
1254 607 1333 671 εἰς
1358 607 1455 678 τὴν
1485 607 1772 679 δίψαν’μου
1799 611 1929 664 ἐπό-

327 696 491 748 τισάν
517 712 582 765 με
606 693 726 760 ὅξος
746 714 759 727 ·
791 715 815 747 ιι
856 697 917 750 ού
945 697 1108 768 μόνον
1138 698 1260 752 καθ’
1287 699 1346 752 ὃν
1374 699 1616 772 ἔπασχον
1637 703 1729 756 ὑπ’
1751 703 1930 757 αὐτῶν

330 787 523 860 καιρὸν
541 827 557 852 ,
592 787 728 842 ἀλλά
759 789 854 842 καὶ
878 791 936 843 ἐν
959 793 1074 854 τοῖς
1092 791 1233 862 μετά
1246 791 1416 846 ταῦτα
1432 795 1645 867 χρόνοις
1665 799 1784 860 ταῖς
1807 798 1928 850 κατ’

334 879 469 951 ἐμοῦ
503 880 877 953 βλασφημίαις
907 884 1339 955 παραμένοντες.
1364 886 1456 940 Διὸ
1478 887 1622 940 κατά
1647 887 1738 942 τὸν
1770 887 1929 942 Ἀκύ-

327 967 449 1038 ὶαν,
475 975 596 1028 ἀντὶ
624 973 742 1039 τοῦ,
764 992 784 1024 ι
811 975 1177 1047 προσέθηκαν,
1200 994 1218 1026 ι
1253 975 1666 1046 διηγήσονται.
1689 980 1923 1051 εἴρηταιο

331 1065 472 1120 κατά
492 1065 549 1119 δὲ
567 1065 658 1118 τὸν
678 1065 995 1137 Σύμμαχον,
1026 1084 1045 1117 ι
1070 1064 1383 1136 ἐξηγοῦντο.
1407 1087 1425 1120 ι
1452 1068 1528 1122 Οὐ
1553 1067 1664 1139 γάρ
1685 1069 1796 1140 ἀπή
1807 1085 1925 1140 ρκει

329 1158 394 1212 τὸ
421 1158 569 1226 ἅπαξ
608 1157 740 1212 ποτέ
777 1159 1148 1231 τραυματίσαι
1177 1159 1375 1225 αὑτὸν,
1419 1160 1517 1214 καὶ
1551 1159 1776 1215 τοιαῦτα
1807 1163 1924 1216 κατ’

331 1250 498 1305 αὐτοῦ
517 1251 813 1323 τολμῆσαι·
833 1251 948 1305 ἀλλ’
965 1250 1158 1324 ὥσπερ
1173 1252 1267 1306 ἐπὶ
1287 1251 1706 1324 κατορθώμασιν
1725 1255 1924 1322 ἐγκαυ-

331 1343 568 1416 χώμενοι
601 1349 712 1410 τοῖς
743 1344 952 1400 ἑαυτῶν
980 1344 1223 1410 τέκνοις,
1255 1344 1325 1400 τά
1368 1346 1488 1399 κατ’
1522 1345 1686 1401 αὐτοῦ
1717 1346 1922 1418 τολμη-

333 1437 494 1492 θέντα
544 1438 730 1501 αύτοίς
765 1435 1070 1509 διηγοῦντο.
1115 1435 1272 1491 Ἐπεὶ
1301 1436 1484 1492 τοίνυν
1527 1439 1681 1494 αὐτοὶ
1718 1437 1923 1508 ταύτην

330 1531 544 1585 εἵλαντο
573 1530 672 1602 τὴν
707 1530 900 1602 μερίδα
919 1570 934 1592 ,
981 1528 1274 1596 διώξαντες
1309 1530 1408 1601 μέν
1432 1531 1492 1585 ὃν
1522 1532 1588 1585 σὺ
1618 1530 1918 1595 ἐπάταξας,

330 1625 560 1696 ἀνομίας
585 1624 642 1678 δέ
671 1625 766 1678 καὶ
784 1623 1039 1688 ἀσεϐείας
1070 1625 1154 1694 ἐφ’
1179 1624 1408 1688 ἑαυτοὺς
1433 1623 1530 1678 καὶ
1551 1623 1644 1677 ἐπὶ
1665 1622 1731 1676 τά
1753 1623 1922 1678 τέκνα

329 1715 508 1768 αὐτῶν
564 1713 939 1786 σωρεύσαντες
964 1731 980 1746 ο
1033 1715 1260 1779 είκότως
1309 1714 1623 1783 ἐπιλέγεται
1671 1713 1917 1778 τούτοις·

336 1826 357 1858 ι
381 1805 625 1879 Πρόσθες
645 1806 872 1878 ἀνομίαν
894 1806 986 1860 ἐπὶ
1007 1806 1106 1877 τὴν
1138 1805 1368 1878 ἀνομίαν
1385 1805 1563 1860 αὐτῶν
1579 1823 1592 1836 ·
1608 1825 1628 1858 ι
1653 1807 1772 1860 ἀντὶ
1798 1804 1915 1871 τοῦ,

335 1917 358 1950 ε
385 1899 740 1970 προσθήσειςυ
768 1918 786 1950 ι
827 1897 978 1952 ἐσται
1010 1898 1120 1970 γὰρ
1151 1898 1335 1962 αὐτοῖς
1381 1897 1568 1952 κακῶν
1609 1897 1917 1970 προσθήκη.
1952 1881 1995 1935 Β

329 1990 414 2045 Τά
444 1992 540 2063 μὲν
573 1990 682 2062 γὰρ
707 1992 772 2044 ἐκ
796 1989 890 2044 τοῦ
923 1991 1009 2060 ἐφ’
1041 1992 1174 2062 ἡμῖν
1207 1988 1514 2061 ἀνθρώποις
1536 1989 1824 2059 γίγνεται,
1851 1989 1923 2044 τὰ

325 2081 388 2136 δὲ
421 2085 486 2136 ἐκ
518 2082 626 2135 τῶν
659 2079 1166 2135 ἐπακολουθούντων
1197 2080 1396 2146 ἔξωθεν
1425 2080 1504 2152 τῷ
1531 2081 1617 2150 ἐφ’
1647 2082 1800 2152 ἡμῖν.
1829 2081 1922 2134 Διὸ

329 2173 578 2228 λέλεκταί
611 2191 712 2227 που
745 2173 880 2246 πρὸς
903 2173 994 2226 τὸν
1017 2173 1150 2227 Θεόν
1169 2190 1182 2203 ·
1222 2193 1240 2224 ι
1267 2172 1421 2227 Μετά
1444 2173 1591 2226 ὁσίου
1617 2173 1918 2244 ὁσιωθήσῃ,

329 2267 428 2321 καὶ
471 2266 611 2337 μετὰ
653 2265 914 2338 στρεϐλοῦ
961 2263 1340 2338 διαστρέψειςο
1364 2284 1380 2316 ι
1419 2264 1532 2318 Καὶ
1571 2264 1629 2316 ἐν
1660 2263 1741 2335 τῷ
1772 2263 1922 2334 νόμῳ

328 2357 387 2412 δὲ
415 2358 630 2430 εἴρηται
662 2358 728 2410 ἐκ
759 2355 1053 2429 προσώπου
1092 2354 1281 2410 αὑτοῦ.
1323 2374 1340 2407 ι
1362 2355 1471 2409 Καὶ
1496 2354 1592 2410 ἐὰν
1613 2352 1919 2426 πορευθῆτε

331 2447 472 2519 πρὸς
501 2448 567 2518 μὲ
597 2447 815 2515 πλάγιοι
835 2486 849 2510 .
881 2444 1220 2518 πορεύσομαι
1252 2442 1408 2514 κάγὼ
1431 2443 1566 2516 πρὸς
1593 2443 1737 2514 ὑμᾶς
1761 2439 1920 2513 θυμῷ

331 2537 568 2608 πλαγίῳ.
595 2556 615 2591 ι
664 2536 818 2591 Ἐπεὶ
862 2535 1042 2590 τοίνυν
1071 2535 1226 2590 αὐτοὶ
1256 2534 1446 2608 ὥσπερ
1479 2532 1674 2606 μακρῷ
1701 2532 1919 2603 σχοινίῳ

327 2629 432 2693 τάς
461 2629 691 2706 ἀνομίας
720 2629 929 2684 ἑαυτῶν
962 2628 1343 2684 ἐπεσπάσαντο
1363 2668 1377 2691 ,
1407 2626 1633 2690 εἰκότως
1670 2625 1764 2679 καὶ
1793 2624 1858 2678 σὺ
1889 2626 1919 2678 ό

326 2721 536 2786 δίκαιος
571 2720 762 2793 κριτὴς
801 2718 1132 2792 προσθήσεις
1163 2719 1390 2790 ἀνομίαν
1421 2717 1515 2771 ἐπὶ
1551 2715 1650 2788 τὴν
1687 2713 1918 2786 ἀνομίαν

328 2813 542 2868 αὐτῶνθ
580 2811 844 2885 δευτέραν
873 2811 1057 2874 αὐτοῖς
1081 2810 1221 2882 πρὸς
1249 2812 1320 2882 τῇ
1359 2808 1602 2882 προτέρᾳ
1632 2797 1916 2876 λογιζόμε-

329 2922 442 2971 νος.
488 2905 652 2959 Ἀλλά
691 2905 788 2960 καὶ
821 2921 840 2956 ι
875 2902 968 2974 Μὴ
1014 2902 1442 2965 είσελθέτωσαν,
1485 2899 1684 2971 φησιν,
1739 2900 1794 2950 ἐν
1840 2897 1920 2951 δι-

330 2996 593 3070 καιοσύνῃ
624 3013 740 3051 σου.
766 3014 786 3048 ι
847 2995 910 3049 Ἦ
947 2995 1044 3066 μὲν
1081 2993 1191 3066 γὰρ
1235 2992 1302 3064 σὴ
1335 2989 1652 3061 δικαιοσύνη
1677 2988 1918 3054 δικαίους

327 3088 682 3152 εἱπαλεῖται,
707 3088 802 3142 καὶ
831 3088 1038 3151 πάντας
1060 3088 1140 3150 είς
1163 3083 1233 3139 τά
1263 3082 1532 3138 ἐνδοτάτω
1556 3083 1658 3154 τῆς
1690 3081 1790 3152 σῆς
1819 3081 1916 3152 βα-

2035 613 2137 677 fel.
2169 623 2223 668 et
2257 614 2310 668 in
2343 614 2434 668 siti
2466 629 2584 668 mea
2622 623 2949 684 potaverunt
2984 632 3070 671 me
3099 623 3295 683 aceto;
3327 634 3346 668 ι
3376 631 3484 671 non
3515 629 3607 674 so-

2033 704 2142 760 lum
2193 717 2438 777 tempore
2485 709 2756 778 passionis
2791 723 2959 772 meae,
3005 706 3102 764 sed
3149 709 3202 762 in
3247 709 3607 778 sequentibus

2030 799 2350 869 blasphema
2375 808 2570 854 contra
2598 815 2684 855 me
2715 800 2864 854 dicta
2896 798 3142 870 proferre
3168 811 3604 870 perseverantes.

2030 888 2236 955 Quare,
2261 890 2563 944 secundum
2596 890 2849 960 Aquilam
2871 929 2888 953 ,
2917 904 3015 960 pro
3039 888 3154 955 illo,
3179 908 3197 940 ι
3222 889 3603 954 addiderunt,»

2029 982 2252 1045 dicitur.
2308 999 2326 1032 ι
2361 983 2740 1046 enarrabunt;
2783 1002 2802 1035 ι
2858 982 3161 1037 secundum
3220 979 3607 1053 Symmachum

2032 1089 2161 1131 vero
2191 1092 2208 1126 ι
2237 1075 2592 1130 enarrabant.
2629 1093 2647 1126 ι
2677 1073 2798 1128 Non
2846 1076 2992 1128 enim
3035 1083 3120 1128 sat
3161 1073 3270 1129 illis
3315 1073 3420 1129 fuit
3459 1075 3607 1145 quod

2029 1167 2200 1221 semel
2260 1166 2438 1236 ipsum
2489 1167 2910 1228 vulnerassent,
2957 1173 3015 1220 et
3063 1166 3196 1219 talia
3240 1175 3433 1223 contra
3480 1181 3606 1228 cum

2026 1260 2144 1313 ausi
2192 1259 2463 1323 fuissent;
2508 1259 2601 1314 sed
2652 1257 2809 1327 quasi
2859 1274 2918 1314 re
2967 1259 3108 1314 bene
3151 1265 3304 1328 gesta
3345 1257 3604 1329 gloriosi,

2025 1369 2194 1410 ausus
2245 1368 2376 1408 suos
2425 1353 2550 1408 tiliis
2592 1352 2946 1406 enarrabant.
3002 1352 3272 1418 Quoniam
3319 1351 3486 1422 igitur
3526 1350 3604 1407 illi

2025 1447 2187 1500 talem
2219 1447 2525 1516 portionem
2561 1451 2940 1515 cooptarunt,
2973 1459 3134 1514 quem
3181 1454 3237 1498 lu
3281 1442 3606 1514 percussisti

2025 1549 2445 1611 persequentes,
2479 1538 2802 1610 iniquitates
2830 1546 3012 1592 autem
3034 1546 3090 1593 et
3119 1537 3428 1608 impietates
3461 1536 3516 1591 i-n
3545 1549 3608 1592 se

2021 1639 2078 1686 et
2109 1631 2166 1686 in
2195 1632 2335 1686 tilios
2361 1646 2495 1686 suos
2518 1637 2910 1685 coacervantes
2935 1645 2950 1692 ;
2989 1627 3114 1697 jure
3142 1627 3432 1697 adjicitur:
3456 1644 3475 1677 ι
3495 1625 3606 1698 Aps

2021 1737 2166 1793 pone
2203 1721 2549 1792 iniquitatem
2597 1735 2764 1790 super
2807 1719 3154 1790 iniquitatem
3191 1717 3469 1787 ipsorum,
3503 1733 3521 1767 ι
3548 1713 3606 1770 id

2022 1820 2139 1878 est,
2171 1831 2190 1865 ι
2224 1827 2467 1884 appones
2495 1831 2509 1867 :
2543 1829 2561 1864 ι
2591 1809 2731 1882 ipsis
2771 1823 3008 1879 namque
3043 1807 3316 1862 malorum
3357 1804 3604 1864 accessio

2022 1907 2147 1963 erit.
2201 1905 2321 1960 Alia
2369 1905 2514 1960 enim
2569 1903 2730 1959 nobis
2773 1900 3096 1956 hominibus
3135 1915 3206 1954 ex
3246 1896 3604 1953 interioribus

2022 1999 2324 2064 eveniunt;
2364 1999 2469 2053 alia
2511 2013 2640 2052 vero
2687 1995 2908 2050 aliunde
2951 2010 3019 2049 ex
3070 1992 3428 2063 sequentibus
3457 1990 3602 2046 inte-

2023 2093 2171 2148 riora
2223 2099 2437 2147 nostra.
2487 2088 2668 2155 Quare
2721 2085 2922 2142 alicubi
2978 2083 3092 2140 Deo
3139 2085 3378 2139 dicitur:
3411 2099 3430 2132 ι
3462 2079 3603 2146 Cum

2023 2192 2218 2240 sancto
2241 2190 2464 2239 sanctus
2484 2181 2618 2244 eris,
2641 2189 2837 2236 etcum
2870 2191 3129 2248 perverso
3155 2173 3485 2246 perverteris
3497 2170 3598 2229 ⁵⁸.»

2021 2275 2082 2332 In
2116 2274 2233 2345 lege
2265 2288 2484 2346 quoque
2514 2288 2582 2327 ex
2613 2270 2787 2342 ipsius
2823 2283 3057 2339 persona
3089 2265 3332 2320 dicitur:
3365 2283 3382 2313 ι
3413 2261 3473 2317 Si
3502 2277 3600 2318 ve-

2022 2368 2188 2425 niatis
2215 2365 2284 2422 ad
2317 2381 2402 2421 me
2429 2363 2670 2435 obliqui,
2697 2361 2955 2417 accedam
2983 2367 3041 2413 et
3068 2372 3171 2428 ego
3198 2358 3265 2411 ad
3294 2370 3391 2411 vos
3416 2354 3603 2408 animo

2019 2462 2248 2532 obliquo
2275 2459 2343 2513 δ’.
2377 2477 2398 2512 ι
2427 2457 2565 2525 Quia
2600 2457 2764 2528 igitur
2793 2455 2872 2511 illi
2902 2452 3060 2525 quasi
3092 2449 3338 2504 funiculo
3367 2446 3603 2516 oblonga

2021 2555 2246 2620 peccata
2282 2561 2381 2602 sua
2415 2545 2746 2608 trahebant,
2779 2543 2906 2614 jure
2940 2550 2998 2596 tu
3029 2553 3249 2613 quoque
3279 2536 3468 2608 justus
3502 2534 3599 2605 ju-

2020 2641 2127 2696 dex
2167 2655 2412 2711 appones
2454 2637 2795 2708 iniquitatem
2843 2649 3012 2704 super
3057 2629 3405 2702 iniquitatem
3451 2627 3604 2699 ipso-

2021 2747 2142 2786 rum
2169 2748 2186 2799 ;
2215 2729 2284 2785 ad
2313 2730 2552 2801 priorem
2578 2729 2758 2790 illam,
2787 2725 2950 2780 aliam
2985 2724 3283 2794 imputans.
3313 2717 3428 2775 lmo
3457 2731 3600 2788 quo-

2021 2838 2128 2894 que
2170 2823 2285 2876 ait:
2320 2841 2339 2874 ι
2365 2819 2484 2876 Non
2535 2821 2741 2875 intrent
2789 2818 2844 2872 in
2887 2815 3160 2887 justitiam
3207 2820 3380 2868 tuam.
3411 2830 3431 2864 ι
3460 2809 3600 2864 Nam

2015 2914 2234 2985 justitia
2267 2912 2486 2985 quidem
2527 2919 2623 2965 tua
2663 2910 2850 2980 justos
2890 2906 3156 2970 advocat,
3192 2917 3495 2972 omnesque
3527 2899 3599 2954 ad

2021 3007 2212 3063 intima
2258 2983 2429 3076 regni.
2461 3003 2542 3062 tui
2579 3001 2884 3059 secundum
2917 2997 3342 3070 promissionem
3379 2993 3604 3064 recipit.-

2021 3097 2126 3166 Qui
2173 3113 2304 3154 vero
2355 3096 2488 3152 talia
2536 3095 2657 3152 ausi
2701 3101 2831 3150 sunt
2878 3107 2986 3148 non
3037 3089 3324 3146 intrabunt
3370 3101 3496 3142 cum
3531 3084 3608 3146 iis.

329 3181 536 3246 σιλείας
565 3180 710 3235 κατὰ
737 3179 837 3244 τάς
867 3177 1202 3249 ἐπαγγελίας
1229 3176 1554 3247 ὑποδέχεται
1573 3193 1586 3206 ·
1637 3177 1688 3228 oi
1717 3174 1776 3229 δὲ
1809 3191 1918 3227 τοι-

337 3275 464 3295 -~_-
498 3273 866 3295 --μμ-η---
891 3271 987 3295 -.ιη
1022 3269 1411 3295 -ι--ἰ-.ε,-..-...
1454 3267 1588 3295 ..--.ι.
1618 3267 1811 3295 “1..-:
1849 3269 1911 3295 ,ι

2020 3189 2115 3262 qui
2151 3204 2259 3245 una
2290 3204 2416 3246 cum
2447 3187 2662 3258 justitia
2697 3195 2792 3242 tua
2823 3181 3130 3255 ingressuri
3167 3187 3338 3238 sunt:
3373 3178 3470 3236 sed
3503 3191 3601 3233 ne~

326 3275 469 3330 αῦτα
493 3273 866 3345 τολμήσαντες
888 3271 990 3325 οὐκ
1019 3269 1418 3324 εἰσελεύσονται
1452 3267 1592 3340 μετά
1617 3267 1727 3322 τῶν
1748 3269 1814 3338 τῇ
1847 3269 1914 3338 σῇ

327 3365 644 3438 δικαιοσύνῃ
676 3361 1170 3435 συνελευσομένωνο
1209 3360 1327 3416 ἀλλ’
1357 3361 1479 3423 οὐδὲ
1534 3360 1916 3432 ἐγγραφήσον-

325 3477 420 3514 ται
453 3461 511 3513 ἐν
545 3457 714 3530 βίϐλῳ
744 3454 996 3522 ζώντωνο
1035 3453 1345 3508 τούναντίον
1383 3452 1442 3506 δὲ
1479 3451 1758 3506 πείσονται
1805 3453 1919 3514 τοῖς

327 3549 780 3622 ἐγγραφομένοις.
813 3547 878 3600 Et
909 3545 1128 3618 γὰρκαὶ
1160 3543 1369 3618 πρῶτοι
1398 3543 1501 3614 τῆς
1532 3543 1676 3614 ἐμῆς
1694 3543 1917 3614 χάριτος

326 3640 648 3710 ἀξιωθέντες
686 3637 1068 3710 ἐνεγράφησαν
1100 3654 1233 3691 ποτε
1258 3638 1324 3690 ἐν.
1343 3639 1413 3707 τῇ
1445 3635 1615 3706 βίϐλῳ
1646 3633 1756 3688 τῶν
1782 3632 1918 3698 ζὼν*

324 3751 436 3788 των
466 3732 556 3787 διὰ
587 3732 714 3796 τοὺς
753 3729 904 3801 παρά
935 3729 1014 3801 τῷ
1043 3728 1166 3801 Θεῷ
1206 3727 1414 3794 ζῶντας
1447 3726 1691 3798 πατέρας
1713 3724 1914 3790 αὐτῶν,

323 3825 402 3889 ὡς
424 3824 519 3878 καὶ
542 3825 725 3887 αὐτοῖς
747 3823 994 3877 δεδόσθαι
1014 3821 1115 3886 τὰς
1135 3821 1469 3890 ἐπαγγελίας
1488 3837 1503 3852 ο
1529 3819 1644 3874 ἀλλ’
1666 3819 1789 3874 ἐπεὶ
1814 3837 1920 3873 τοι-ν

324 3916 466 3972 αῦτα
513 3915 915 3988 τετολμήκασιν
939 3956 955 3980 ,
1013 3932 1032 3966 ι
1072 3905 1592 3985 Ἐξαλειφθήτωσαν
1619 3914 1685 3968 ὲκ
1731 3910 1914 3982 βίϐλου

325 4009 560 4075 ζώντων.
591 4028 610 4062 ι
663 4007 952 4078 Διασαφῶν
985 4007 1044 4062 δὲ
1066 4008 1169 4079 τὴν
1205 4007 1414 4061 ἔννοιαν
1452 4005 1554 4076 τῆς
1589 4005 1772 4076 βίϐλου
1803 4003 1914 4056 τῶν

326 4100 568 4168 ζώντων,
599 4102 840 4170 ἐπιλέγει
877 4101 1004 4172 ἐξῆς
1024 4116 1037 4131 ·
1081 4119 1099 4152 ι
1120 4100 1232 4157 Καὶ
1259 4097 1401 4170 μετά
1424 4097 1645 4152 δικαίων
1674 4095 1750 4168 μὴ
1773 4112 1914 4168 γρα-

326 4194 608 4264 φήτωσαν·
623 4213 642 4246 ³
663 4193 923 4264 Ἐκλογῆς
943 4193 1052 4264 γὰρ
1071 4191 1398 4264 γιγνομένης
1416 4189 1525 4244 τῶν
1548 4188 1688 4243 κατά
1707 4188 1797 4242 τὸν
1818 4189 1912 4242 ἁν-

327 4285 598 4358 θρώπινον
631 4286 745 4358 βίον
765 4325 780 4349 ,
819 4286 869 4340 οί
904 4286 1002 4357 μέν
1027 4285 1172 4356 ζωῆς
1201 4283 1340 4350 ἄξιοι
1371 4283 1472 4354 τῆς
1501 4281 1653 4353 παρά
1683 4280 1763 4352 τῷ
1795 4279 1915 4350 Θεῴ

325 4378 418 4434 διὰ
461 4378 558 4451 τὴν
591 4377 798 4432 οίκείαν
819 4361 1168 4446 δικαιοσύνην
1199 4376 1542 4446 ἀνάγραπτοι
1589 4373 1912 4444 γενήσονται

323 4472 456 4543 παρ’
486 4469 634 4541 αὐτῷ
652 4487 668 4503 ο
691 4470 742 4523 οἱ
767 4469 824 4522 δέ
852 4467 1150 4538 ἀπόϐλητοι
1171 4467 1269 4537 τῆς
1298 4466 1482 4537 βίϐλου
1515 4467 1728 4520 ἔσονται
1750 4466 1798 4518 oi
1822 4463 1912 4517 τὸν

2019 3298 2126 3354 que
2151 3283 2208 3338 in
2234 3281 2374 3337 libro
2397 3279 2694 3336 viventium
2717 3277 3070 3344 scribentur;
3099 3273 3208 3328 imo
3231 3270 3514 3328 contraria
3530 3269 3604 3328 iis.

2019 3374 2117 3446 qui
2161 3373 2424 3444 descripti
2471 3379 2602 3428 sunt
2634 3371 2932 3442 patientur.
2981 3365 3209 3423 Etiamsi
3240 3365 3385 3421 enim
3421 3360 3608 3434 gratia

2019 3467 2206 3526 donati
2238 3482 2359 3523 mea
2389 3463 2690 3536 aliquando
2723 3463 2782 3518 in
2819 3462 2964 3517 libro
2996 3459 3342 3524 viventium,
3381 3463 3604 3528 patrum
3705 3487 3718 3519 χ

2019 3575 2245 3618 suorum
2285 3557 2428 3630 apud
2490 3556 2657 3613 Deum
2708 3553 3009 3610 viventium
3063 3567 3228 3608 causa
3245 3589 3270 3615 ,,
3299 3547 3606 3618 conscripti

2021 3655 2256 3715 fuerint,
2303 3653 2378 3708 ita
2426 3661 2486 3706 ut
2537 3659 2588 3707 et
2611 3649 2750 3721 ipsis
2796 3647 3073 3720 promissa
3119 3645 3302 3700 oblata
3355 3642 3500 3708 sint;
3546 3648 3604 3695 at

2017 3747 2277 3818 quoniam
2329 3745 2461 3799 talia
2545 3751 2674 3800 sunt
2737 3741 2894 3804 ausi,
2948 3759 2968 3794 ι
3017 3738 3305 3796 deleantur
3350 3735 3418 3790 de
3459 3733 3603 3788 libro

2018 3838 2338 3894 viventium.
2373 3855 2391 3888 ι
2420 3833 2572 3892 Libri
2599 3840 2780 3888 autem
2811 3830 3110 3886 viventium
3133 3828 3400 3882 rationem
3427 3822 3604 3894 expli-

2017 3945 2187 3991 cans.
2223 3926 2410 3984 subdit
2440 3933 2626 3997 postea
2647 3963 2662 3990 ,
2696 3941 2721 3975 ι
2746 3921 2822 3981 Et;
2845 3937 2970 3979 cum
2999 3920 3165 3990 justis
3207 3934 3318 3973 non
3349 3916 3601 3972 scribam

2019 4029 2128 4077 tur.
2163 4040 2182 4074 ι
2207 4018 2489 4075 Electione
2520 4017 2722 4088 quippe
2755 4014 2900 4069 facta
2933 4027 3124 4067 eorum
3154 4009 3249 4081 qui
3297 4009 3352 4064 in
3393 4004 3600 4062 mundo

2017 4120 2177 4166 erant
2209 4108 2499 4164 hominum
2519 4146 2534 4170 ,
2572 4105 2666 4165 alii
2709 4104 2929 4176 quidem
2961 4101 3072 4156 vita
3102 4115 3224 4171 qua:
3254 4096 3396 4168 apud
3428 4096 3600 4153 Deum

1977 4237 1980 4242 -
2016 4213 2102 4259 est
2130 4201 2321 4274 digni,
2355 4201 2427 4255 oh
2458 4197 2735 4270 progriam
2767 4195 3039 4266 justitiam
3085 4191 3230 4263 apud
3278 4191 3458 4262 ipsum
3505 4188 3601 4244 de-

2015 4297 2361 4362 scribentur;
2388 4293 2480 4364 qui
2505 4300 2687 4348 autem
2714 4305 2782 4345 ex
2812 4288 2954 4342 libro
2983 4285 3334 4346 delehuntur,
3369 4282 3405 4336 ii
3435 4287 3601 4336 erunt

2014 4393 2111 4464 qui
2145 4391 2272 4448 vitae
2309 4389 2615 4460 principem
2660 4383 3040 4456 repudiarunt.
3089 4377 3156 4433 Et
3206 4377 3296 4432 hic
3340 4375 3467 4430 ﬁnis
3493 4375 3601 4430 erit

2016 4501 2210 4542 eorum
2249 4483 2344 4555 qui
2378 4483 2491 4552 jam
2537 4484 2840 4534 memorata
2891 4480 3085 4528 contra
3125 4467 3469 4526 Servatorem
3498 4481 3600 4524 no-

323 4561 569 4635 ἀρχηγὸν
599 4561 699 4633 τῆς
730 4558 875 4633 ζωῆς
908 4558 1397 4639 παραιτησάμενοι.
1449 4559 1560 4612 Καὶ
1601 4555 1761 4610 τοῦτο
1811 4558 1908 4627 μὲν

2020 4585 2188 4634 strum
2221 4574 2468 4648 aggressi
2502 4579 2650 4628 sunt.
2682 4571 2814 4637 Quae
2845 4572 3150 4638 sequuntur
3178 4569 3382 4628 autem,
3417 4560 3474 4617 in
3506 4562 3600 4617 lte-

321 4655 386 4708 τὸ
408 4653 561 4718 τέλος
581 4652 690 4707 τῶν
713 4651 782 4708 τὰ
809 4651 1171 4725 προλεχθέντα
1199 4649 1340 4704 κατά
1364 4648 1458 4703 τοῦ
1481 4649 1734 4720 Σωτῆρος
1755 4648 1910 4721 ἡμῶν

320 4747 735 4818 τετολμηκότων
755 4763 767 4776 ·
803 4747 871 4800 τά
893 4747 938 4801 δ’
963 4747 1091 4816 ἑξῆς
1116 4749 1145 4799 ό
1173 4745 1330 4812 λόγος
1359 4743 1452 4796 ἐπὶ
1478 4743 1539 4796 τὸ
1564 4742 1910 4814 φαιδρότερον

324 4837 652 4910 μεταϐάλλει
670 4876 686 4901 ,
713 4835 960 4892 ἐντεῦθεν
983 4834 1166 4889 λοιπὸν
1189 4835 1290 4906 τῆς
1311 4832 1672 4904 εύαγγελικῆς
1690 4831 1908 4904 χάριτος

321 4931 727 5003 ἀπαρχόμενος.

401 5062 419 5096 ι
440 5043 664 5114 Πτωχὸς
695 5043 791 5096 καὶ
823 5040 1004 5110 ἀλγῶν
1031 5039 1142 5110 ἐγώ
1177 5044 1331 5114 εἰμι,
1379 5043 1412 5112 ἡ
1445 5038 1688 5111 σωτηρία
1737 5054 1852 5100 σου,
1879 5039 1908 5091 ό

322 5135 473 5200 Θεὸς,
497 5135 820 5190 ἀντελάϐετό
873 5153 996 5207 μου.
1023 5155 1042 5187 ι
1108 5133 1170 5190 Ὀ
1199 5132 1368 5188 εἰπὼν
1417 5133 1476 5186 ἐν
1515 5129 1868 5198 Εὐαγγελίοις
1890 5145 1905 5158 ·

271 5241 285 5292 ',.
325 5248 347 5283 ι
371 5229 587 5284 Μάθετε
635 5229 730 5283 ἀπ’
759 5228 924 5300 ἐμοῦ,
965 5228 1052 5281 ὅτι
1084 5226 1259 5298 πρᾶός
1289 5226 1406 5296 είμι
1436 5223 1530 5278 καὶ
1555 5221 1807 5284 ταπεινὸς
1837 5222 1908 5292 τῇ

321 5319 519 5392 καρδία
535 5360 547 5376 .
575 5338 594 5372 ι
623 5317 711 5372 διά
736 5318 844 5371 τῶν
859 5315 1231 5388 προκειμένων
1253 5312 1468 5384 πτωχὸς
1485 5311 1578 5366 καὶ
1597 5310 1778 5380 ἀλγῶν
1797 5308 1909 5378 ἐγώ

322 5408 471 5478 εἰμι,
507 5407 662 5479 φησί,
726 5405 950 5477 Πτωχὸς
981 5405 1039 5459 δὲ
1073 5400 1142 5475 ἦν
1181 5403 1272 5456 τὸν
1301 5401 1529 5457 πλοῦτον
1553 5401 1651 5472 τῆς
1685 5398 1904 5454 αἰωνίου

321 5498 599 5570 βασιλείας
627 5497 962 5569 ἀποθέμενος
1009 5495 1102 5549 Διό
1132 5511 1294 5565 φησιν
1314 5494 1344 5546 ό
1369 5492 1608 5556 Παῦλος,⁹
1647 5510 1664 5543 ι
1699 5489 1907 5563 Ἰησοῦς

321 5592 556 5666 Χριστὸς
581 5593 839 5656 πλούσιος
856 5590 954 5654 ῶν,
977 5591 1045 5644 δι’
1069 5592 1218 5662 ἡμᾶς
1243 5588 1608 5659 ἐπτώχευσεν,
1641 5588 1728 5641 ἵνα
1744 5589 1908 5658 ἡμεῖς

318 5688 387 5757 τῇ
405 5684 575 5742 αὐτοῦ
600 5686 842 5758 πτωχείᾳ
864 5684 1272 5755 πλουτήσωμεν.
1288 5680 1497 5737 »Ἀλλά
1517 5679 1612 5734 καὶ
1633 5698 1651 5730 ι
1676 5677 1859 5748 ἀλγῶν
1882 5696 1900 5729 ι

396 5841 440 5874 ⁸⁸
479 5840 623 5899 Psal.
669 5857 802 5909 xvu,
837 5841 930 5909 26,
970 5839 1061 5896 27.
1141 5839 1184 5871 δ’
1225 5835 1401 5894 Levit.
1444 5852 1595 5902 ιινι,
1633 5835 1725 5900 23,
1765 5833 1856 5890 ει.

2023 5829 2210 5887 Matth.
2258 5845 2335 5892 xl,
2370 5826 2463 5888 29.

2020 4672 2216 4726 tiorem
2265 4667 2498 4723 formam
2551 4671 2869 4720 mutantur:
2921 4677 3048 4718 nam
3095 4659 3226 4717 inde
3271 4656 3602 4730 evangelica

2018 4762 2206 4834 gratia:
2233 4759 2453 4815 initium
2481 4755 2721 4813 ducitur.

2085 5027 2255 5082 Vens.
2297 5025 2366 5080 50
2386 5066 2401 5089 ,
2431 5025 2520 5079 5|.
2548 5041 2567 5075 ι
2589 5022 2700 5095 Ego
2725 5035 2846 5077 sum
2873 5035 3085 5092 pauper
3111 5026 3166 5076 et
3189 5018 3416 5082 dolens,
3447 5018 3602 5072 salus

2017 5130 2108 5176 tua
2129 5160 2145 5184 ,
2190 5117 2358 5183 Deus,
2383 5117 2628 5186 suscepit
2669 5130 2775 5171 ιιιθ.
2801 5113 2947 5180 »Ωιιί
2981 5115 3041 5167 in
3074 5111 3384 5182 Evangeliis
3413 5110 3552 5164 dixit
3579 5129 3595 5166 :

2021 5231 2040 5262 ι
2065 5209 2272 5266 Discite
2294 5223 2323 5262 a
2351 5223 2436 5262 me
2465 5207 2594 5277 quia
2651 5205 2802 5258 mitis
2827 5219 2948 5258 sum
2976 5209 3031 5256 et
3059 5201 3282 5254 humilis
3306 5198 3470 5257 corde
3491 5198 3592 5260 ³ο.»

2016 5305 2069 5359 iu
2107 5301 2362 5374 praesenti
2383 5315 2442 5356 se
2473 5313 2765 5369 pauperem
2798 5305 2852 5350 et
2879 5295 3156 5350 dolentem
3191 5291 3347 5348 dicit.
3383 5289 3596 5360 Pauper
3680 5361 3686 5366 ,

2013 5406 2194 5454 autem
2225 5402 2346 5452 erat
2365 5432 2382 5458 ,
2413 5391 2679 5462 depositis
2718 5387 2907 5444 aeterni
2938 5387 3090 5458 regni
3120 5385 3348 5442 divitiis.
3397 5383 3601 5453 Q.uam~

2013 5489 2200 5545 obrem
2231 5489 2308 5544 ait
2324 5485 2530 5543 Paulus
2551 5501 2566 5538 :
2589 5504 2607 5534 ι
2627 5481 2788 5539 Jesus
2808 5481 3065 5537 Christus
3087 5494 3212 5534 cum
3242 5475 3394 5531 dives
3423 5481 3600 5536 esset.

2015 5588 2240 5654 propter
2269 5595 2373 5635 nos
2413 5579 2577 5647 inops
2603 5575 2830 5632 eﬂ‘ectus
2858 5583 2978 5637 est,
3013 5578 3074 5626 ut
3115 5585 3218 5626 nos
3248 5567 3370 5637 ejus
3411 5566 3597 5638 inopia

2016 5674 2217 5730 divites
2237 5687 2488 5728 essemus
2509 5669 2575 5724 ⁸³.
2606 5689 2623 5721 ι
2649 5665 2755 5722 Sed
2777 5667 2940 5722 etiam
2965 5682 2988 5715 ι
3004 5663 3196 5719 dolens
3221 5659 3363 5716 tfuit
3387 5672 3594 5732 ςιιιῖῑιιό

2565 5826 2606 5857 ¹¹
2649 5822 2690 5880 ΙΙ
2727 5822 2855 5903 Cor.
2899 5834 3018 5887 vm,
3053 5817 3106 5876 9.
