4086 6442
591 391 699 453 π)

1274 391 1543 450 Εῐεειιιι
1578 389 2067 450 CA‘ZSARIENSIS
2105 388 2259 449 OPP.
2290 387 2476 446 PARS
2509 387 2690 445 lll.—-.
2713 381 3129 441 EXEGETICA.

3795 380 3882 438 7m

579 529 749 589 supra
781 513 997 572 dicebat
1026 534 1039 570 :
1073 535 1094 568 ε
1121 515 1187 571 Et
1215 531 1382 588 super
1408 515 1654 571 dolorem
1684 516 1978 571 vulnerum
2009 529 2146 571 meo-

2263 512 2457 582 γέγονε
2471 527 2494 540 ··
2521 509 2603 563 διὸ
2624 507 2810 576 ἔλεγεν
2838 502 3097 576 ἀνωτέρω
3118 520 3132 534 ο
3175 521 3194 554 ι
3217 501 3330 556 Καὶ
3361 499 3476 555 ἐπὶ
3508 498 3580 552 τὺ
3600 497 3770 566 ἄλγος
3789 499 3884 554 τῶν

576 625 702 666 rum
728 610 1080 668 addiderunt.
1113 631 1132 664 ι
1160 611 1387 667 Dolebat
1411 613 1558 667 enim
1592 628 1692 683 pro
1724 613 1794 668 iis
1823 613 1915 684 qui
1948 612 2002 668 in
2034 629 2159 683 per-

577 699 794 756 niciem-
829 701 1014 766 ibant,
1060 711 1114 757 et
1157 702 1468 774 patiebatur
1505 719 1696 758 eorum
1738 719 1911 758 causa
1949 706 2044 773 qui
2091 703 2160 758 ad

573 790 807 846 salutem
850 791 950 846 abs
993 807 1054 848 se
1096 801 1445 861 procuratam
1491 808 1600 847 non
1645 794 1991 849 accederent.
2035 792 2161 849 Ideo

577 899 678 941 seu
725 886 920 940 dolens
973 886 1284 940 clamabat:
1317 905 1335 938 ι
1367 885 1411 940 0
1441 889 1724 957 generatio
1777 887 2056 942 incredula
2105 897 2161 943 et

572 991 865 1050 perversa,
907 994 1195 1049 quousque
1239 980 1525 1035 vobiscum
1561 981 1707 1035 ero?
1744 997 2034 1052 quousque
2059 995 2159 1038 vos

570 1071 752 1140 patiar
780 1071 869 1124 "1'
898 1091 916 1124 ι
944 1069 1071 1126 ldeo
1099 1071 1264 1126 dicit:
1293 1091 1310 1123 ι
1337 1071 1454 1142 Ego-
1479 1088 1600 1128 sum
1627 1087 1834 1142 panper
1859 1082 1912 1128 et
1941 1074 2174 1140 dolens,

572 1163 724 1218 salus
753 1170 882 1229 tua,
913 1163 1091 1227 Deus,
1127 1165 1373 1234 suscepit
1404 1179 1512 1219 me.
1546 1183 1565 1217 ι
1592 1163 1692 1218 llis
1725 1181 1892 1236 porro
1923 1167 2154 1222 salutem

569 1254 888 1310 aubindicat
909 1272 1018 1325 qua
1042 1265 1166 1326 post
1188 1266 1415 1312 mortem
1440 1255 1732 1313 donandus
1752 1267 1854 1313 est.
1871 1257 2006 1313 Nam
2028 1274 2153 1313 cum

570 1345 781 1415 pridem
830 1348 1033 1403 inlisus
1077 1349 1132 1402 in
1174 1349 1306 1402 limo
1360 1347 1655 1419 profundi,
1695 1351 1908 1405 venerit
1942 1352 1996 1405 in
2030 1351 2156 1405 alti-

569 1441 818 1496 tudinem
855 1444 1024 1496 maris
1044 1483 1059 1506 ,
1097 1451 1155 1496 ut
1190 1444 1243 1496 in
1275 1442 1561 1513 prophetia
1593 1442 1809 1498 dicebat
1833 1483 1848 1507 ,
1877 1443 1991 1514 jam
2024 1458 2155 1499 vero

568 1533 740 1597 dicit,
787 1553 806 1586 ι
839 1534 1002 1590 Salus
1056 1546 1146 1588 tua
1169 1575 1184 1597 ,
1217 1535 1360 1592 Deus
1386 1575 1401 1598 ,
1462 1537 1704 1607 suscepit
1757 1554 1882 1593 me:
1918 1557 1937 1589 ι
1967 1547 2153 1609 aperte

566 1627 812 1684 declarat
862 1644 960 1692 se,
1011 1637 1299 1700 postquam
1349 1629 1405 1683 in
1456 1629 1802 1684 altitudinem
1848 1632 2018 1687 maris
2057 1647 2152 1688 ve-

563 1727 754 1782 nerat,
780 1729 1070 1790 postquam
1096 1727 1395 1775 memorata
1423 1720 1678 1790 superius
1707 1738 1904 1792 passus
1934 1723 2148 1789 fuerat,

563 1811 936 1880 patrocinium
983 1825 1342 1868 consecutum
1387 1828 1530 1868 esse.
1580 1813 1762 1879 Quare
1797 1815 1852 1868 in
1887 1815 2151 1871 vicesimo

2266 602 2599 676 τραυμάτων
2632 617 2733 672 μου
2769 595 3140 670 προσέθηκαν.
3181 614 3204 647 ι
3239 593 3456 664 Ἥλγει
3507 589 3634 661 γὰρ
3673 591 3766 644 ἐπὶ
3788 593 3884 657 WE;

2263 694 2678 766 ἀπολλυμένοις,
2707 691 2802 745 καὶ
2823 689 3175 762 ὑπερέπασχε
3199 686 3308 740 τῶν
3331 687 3420 758 μὴ
3451 683 3808 756 προσιόντων
3827 689 3883 756 τῇ

2263 791 2330 844 δι’
2369 785 2543 843 αὐτοῦ
2581 781 2986 857 προξενουμένῃ
3019 779 3283 852 σωτηρίᾳ..
3333 779 3442 832 Διὸ
3471 773 3688 844 ὥσπερ
3719 771 3885 843 ἀλγῶν

2263 882 2393 936 ἐϐόα
2411 898 2424 911 ·
2461 899 2486 932 ι
2505 875 2578 932 ’Ὦ
2608 875 2774 948 γενεά
2799 875 2996 930 ἄπιστε
3029 873 3124 928 καὶ
3147 871 3618 946 διεστραμμένη,
3643 870 3753 934 ’ἕως
3771 871 3884 925 πότε

2265 973 2383 1047 μεθ’
2439 971 2592 1043 ὐμῶν
2637 970 2787 1040 etut;
2835 967 2940 1030 ἕως
2986 965 3117 1019 πότε
3177 965 3461 1036 ἀνέχομαι
3505 961 3716 1032 ὑμῶν;
3753 981 3776 1012 ι
3807 963 3888 1016 Διό

2261 1085 2396 1140 φησι
2419 1083 2433 1098 ·
2475 1085 2493 1117 ι
2519 1062 2742 1135 Πτωχὸς
2772 1061 2869 1115 καὶ
2889 1059 3073 1130 ἀλγῶν
3104 1057 3216 1128 ἐγώ
3241 1060 3388 1128 ειμι·
3423 1057 3467 1127 ἡ
3492 1055 3760 1127 σωτηρία
3777 1073 3882 1121 σου,

2259 1161 2288 1212 6
2335 1157 2468 1222 Θεὸς
2487 1199 2502 1222 ,
2534 1153 2860 1211 ἀντελάϐετό
2892 1169 3015 1225 μου.
3043 1170 3065 1203 ι
3088 1151 3396 1205 Αίνίττεται
3443 1148 3512 1202 δὲ
3559 1146 3662 1201 διὰ
3693 1148 3890 1201 τούτων

2256 1255 2360 1326 τὴν
2399 1251 2539 1325 μετά
2570 1252 2662 1306 τὸν
2690 1249 2918 1306 θάνατον
2952 1246 3117 1304 αὐτοῦ
3149 1243 3472 1317 σωτηρίαν,
3529 1243 3604 1296 Εἰ
3637 1240 3750 1312 γὰρ
3781 1241 3884 1294 ἐνε-

2257 1347 2409 1418 πάγη
2435 1348 2516 1410 είς
2550 1342 2683 1416 ὕλην
2711 1342 2874 1415 βυθοῦ
2899 1383 2915 1404 ,
2954 1344 3049 1396 καὶ
3075 1337 3238 1412 ἦλθεν
3264 1341 3344 1404 είς
3372 1337 3456 1392 τὰ
3489 1335 3652 1406 βάθη
3675 1335 3776 1404 τῆς
3795 1333 3884 1387 θα-

2255 1437 2461 1511 λάσσης
2480 1479 2494 1502 ,
2527 1432 2604 1501 ὡς
2631 1437 2719 1490 διὰ
2750 1436 2862 1488 τῶν
2889 1435 2988 1507 τῆς
3024 1432 3363 1505 προφητείας
3388 1428 3614 1500 ἐδήλου
3635 1465 3654 1490 ,
3692 1427 3808 1480 νυνὶ
3831 1425 3884 1480 δέ

2256 1549 2420 1606 φησιν
2435 1546 2454 1564 ν
2486 1551 2504 1582 ι
2527 1532 2593 1585 Ἦ
2619 1521 2861 1602 σωτηρία
2895 1545 3012 1590 σου,
3037 1530 3070 1585 ὁ,
3091 1526 3224 1590 Θεὸς
3244 1565 3258 1588 ,
3305 1519 3673 1578 ἀντελάϐετό
3707 1538 3808 1592 μου
3825 1537 3838 1550 ⁸
3861 1542 3877 1572 ι

2256 1623 2450 1695 σαφῶς
2495 1623 2824 1694 παρίστησιν
2872 1618 3213 1690 ἀντιλήψεως
3263 1614 3692 1686 τετυχηκέναι,
3753 1611 3884 1684 μετά

2251 1714 2314 1768 τὸ
2359 1713 2674 1786 ἐληλυθέναι
2712 1715 2793 1776 είς
2829 1711 2902 1765 τὰ
2941 1709 3076 1782 βάθη
3116 1709 3218 1779 τῆς
3257 1708 3558 1778 θαλάσσης
3583 1747 3600 1770 ,
3649 1705 3794 1776 μετά
3825 1703 3882 1756 τέ

2253 1803 2580 1862 πεπονθέναι
2606 1806 2676 1860 τὰ
2702 1804 3086 1876 προλεχθέντα.
3115 1803 3206 1858 Διδ
3227 1803 3320 1856 καὶ
3347 1804 3412 1856 ὲν.
3435 1807 3535 1854 κα’
3558 1797 3778 1870 ψαλμῷ
3799 1795 3884 1850 τὸν

565 1899 744 1966 primo
786 1900 997 1968 psalmo
1046 1901 1308 1971 hymnum
1340 1921 1356 1953 ι
1383 1917 1482 1972 pro
1531 1905 1887 1974 susceptione
1931 1907 2146 1960 matuti-

2255 1917 2276 1951 ι
2300 1897 2444 1969 ὑπὲρ
2477 1898 2582 1968 τῆς
2605 1895 2947 1968 ἀντιλήψεως
2978 1894 3077 1966 τῆς
3103 1893 3334 1964 ἑωθινῆς
3355 1912 3374 1944 ›
3404 1892 3760 1962 ἀνέπεμπεν
3785 1889 3880 1959 ὐμ-

564 2006 634 2042 na
659 1991 734 2042 ⁸³»
756 1993 980 2046 emittit.
1008 1993 1214 2050 Deinde
1236 2011 1390 2054 vero.
1416 2003 1475 2049 ut
1496 1997 1858 2066 patrocinium
1882 2012 2143 2054 consecu-

564 2088 673 2146 tus,
703 2083 770 2137 ad
798 2086 1127 2151 jucundiora
1161 2103 1471 2143 sermonem
1504 2089 1777 2144 convertit
1806 2089 2026 2161 hymnis
2047 2089 2151 2144 Pa-

561 2183 701 2228 trem
729 2176 1038 2240 celebrans,
1069 2194 1193 2231 eum
1221 2178 1331 2242 ait,
1349 2196 1367 2228 ι
1393 2179 1654 2234 Laudabo
1679 2194 1877 2235 nomen
1904 2179 1997 2234 Dei
2023 2195 2150 2236 cum

561 2267 797 2323 cantico.
834 2289 851 2319 ι
883 2267 1017 2321 Cum
1053 2269 1285 2324 melodia
1319 2279 1502 2326 autem
1533 2279 1588 2326 et
1615 2271 1838 2326 cantico
1865 2287 2152 2328 sermones

561 2358 831 2428 proferre,
870 2358 925 2413 id
990 2361 1208 2429 signum
1255 2363 1441 2432 gaudii
1495 2370 1550 2417 et
1610 2363 1817 2418 laetitiae
1869 2372 2006 2418 erat.
2045 2363 2151 2420 Sed

560 2451 726 2505 etiam
755 2469 775 2500 ‹
805 2451 1164 2521 magnilicabu
1193 2467 1340 2519 eum,
1383 2472 1402 2505 ι
1450 2453 1646 2525 inquit.
1685 2454 1899 2508 scilicet
1931 2454 2150 2511 Patrem

561 2559 743 2600 suum.
768 2541 872 2608 Qui
903 2543 1274 2613 magniﬁeabit
1297 2556 1488 2615 postea
1517 2546 1767 2615 subjicit,
1795 2565 1813 2598 ι
1849 2547 1904 2602 in
1931 2547 2146 2616 laude,»

559 2634 696 2699 sive,
723 2632 1024 2687 secundum
1059 2634 1333 2703 Aquilam,
1373 2653 1392 2686 ι
1435 2635 1490 2689 in
1518 2637 1822 2706 gratiarum
1847 2639 2085 2694 actione.
2126 2659 2145 2692 ι

561 2725 874 2780 Gratiarum
905 2741 1038 2780 vero
1071 2727 1339 2782 actionem
1405 2736 1460 2784 et
1512 2729 1736 2784 laudem
1780 2746 1890 2800 qua
1929 2730 2148 2786 Patrem

556 2809 732 2870 Filius
787 2815 1102 2888 magniﬁcat
1156 2817 1452 2888 intelliges,
1511 2818 1557 2874 si
1611 2819 1750 2875 Novi
1814 2819 2152 2879 Testamenti

555 2907 836 2979 mysteriis
890 2909 1134 2963 animum
1163 2909 1452 2974 adhibens,
1497 2911 1592 2967 ubi
1624 2909 1870 2969 Ecclesia
1908 2913 2004 2970 Dei
2053 2931 2154 2986 per

556 3004 732 3054 totum
751 3001 939 3056 orbem
959 3001 1027 3056 ad
1059 3001 1360 3072 gratiarum
1388 3003 1655 3069 actiones,
1683 3004 1750 3060 ad
1766 3005 2151 3063 rationabilem

554 3099 612 3146 et
647 3091 767 3146 sine
789 3089 946 3146 fumo
984 3093 1194 3148 cultum
1247 3092 1358 3149 Deo
1389 3095 1732 3151 oll'erendum
1761 3097 2014 3152 instituta
2040 3108 2148 3155 est.

555 3177 706 3238 Laus
743 3182 932 3238 isthaee
972 3191 1025 3240 et
1075 3186 1380 3256 gratiarum
1433 3188 1578 3242 actio
1611 3191 1895 3260 corporeis
1925 3192 2147 3258 hostiis,

2252 2005 2362 2043 νον.
2390 1983 2502 2042 Εἶθ’
2529 1983 2605 2052 ὡς
2629 1985 2809 2058 τυχὼν
2837 1985 3174 2058 ἀντιλήψεως
3191 2025 3206 2048 ,
3243 1981 3592 2057 μεταϐάλλει
3629 1981 3765 2043 τοὺς
3796 1979 3877 2032 λό-

2251 2098 2382 2152 γους
2408 2080 2500 2134 ἐπὶ
2526 2080 2588 2133 τὸ
2617 2078 2985 2150 φαιδρότερον,
3022 2076 3225 2149 ὕμνους
3251 2074 3624 2146 ἀναπέμπων
3654 2072 3736 2143 τῷ
3756 2074 3876 2126 ἐαυ-

2251 2175 2345 2228 τοῦ
2385 2172 2589 2244 Πατρῖ,
2627 2173 2687 2224 ἐν
2730 2164 2811 2234 οἷς
2851 2187 3016 2241 φησιν
3043 2187 3059 2200 ο
3119 2188 3138 2218 ι
3162 2167 3371 2221 Αίνέσω
3395 2167 3500 2220 ’τὺ
3553 2164 3740 2235 ὄνομα
3785 2163 3880 2215 τοῦ

2250 2265 2392 2320 Θεοῦ
2421 2266 2537 2337 μετ’
2565 2263 2726 2335 ᾠδῆς.
2743 2282 2762 2314 ι
2788 2261 2861 2316 Τὸ
2889 2261 2948 2315 δέ
2974 2262 3114 2332 μετά
3146 2259 3338 2331 μέλους
3372 2258 3473 2312 καὶ
3501 2257 3662 2329 ᾠδῆς
3688 2256 3873 2324 λόγους

2253 2357 2662 2431 προσφέρεσθαι
2689 2355 2956 2427 σύμϐολον
2986 2351 3053 2425 ἦν
3077 2352 3345 2426 θυμηδίας
3367 2352 3468 2407 καὶ
3493 2349 3873 2422 εὐφροσύνης.

2266 2451 2425 2505 Ἀλλά
2458 2453 2550 2504 καὶ
2591 2471 2608 2502 ι
2649 2447 2938 2521 μεγαλυνῶ
2993 2448 3179 2512 αὐτὸν,
3217 2467 3234 2498 ι
3270 2446 3478 2518 φησίν·
3516 2445 3693 2518 δῆλον
3723 2444 3770 2500 δ’
3793 2444 3872 2496 ὅτι

2249 2544 2342 2598 τὸν
2374 2542 2536 2598 αὐτοῦ
2582 2541 2826 2614 Πατέρα.
2879 2540 3005 2604 Πῶς
3055 2540 3112 2594 δὲ
3159 2540 3255 2594 καὶ
3307 2539 3480 2592 αὐτὸν
3544 2535 3866 2609 μεταλυνεί,

2251 2635 2491 2704 ἐπιλέγει
2515 2633 2662 2705 ἑξῆς,
2715 2652 2735 2685 ι
2771 2634 2830 2686 ὲν
2868 2631 3130 2687 αἰνέσευ)
3178 2631 3211 2702 ἢ
3272 2629 3415 2682 κατὰ
3447 2629 3570 2702 τὸν.
3606 2623 3860 2687 Ἀκύλαν,

2258 2729 2344 2780 «ἐν
2378 2725 2755 2798 εὐχαριστίᾳ.»
2790 2725 3020 2796 Νοήσεις
3053 2723 3230 2793 δὲτὴν
3259 2720 3632 2793 εὐχαριστίαν
3654 2715 3866 2787 καὶτὴν

2252 2822 2458 2875 αίνεσιν
2487 2819 2554 2872 δι’
2576 2816 2646 2891 ἦς
2667 2821 2695 2872 6
2721 2818 2849 2882 Υἱὸς
2880 2816 3171 2889 μεγαλύνει
3221 2816 3316 2869 τὸν
3343 2810 3599 2882 Πατέρα,
3639 2809 3868 2879 ἐπιστή-

2253 2929 2352 2976 σας
2381 2913 2492 2976 τοῖς
2533 2909 2852 2982 μυστηρίοις
2908 2909 3008 2979 τῆς
3071 2905 3276 2977 Καινῆς
3324 2906 3645 2979 Διαθήκης,
3697 2905 3756 2956 ἐν
3785 2896 3864 2966 οἷς

2249 3001 2375 3056 καθ’
2407 2999 2538 3070 ὅλης
2567 3000 2668 3072 τῆς
2697 2999 3025 3070 οἰκουμένης
3054 3001 3087 3068 ὴ
3129 2997 3429 3069 Ἐκκλησία
3447 2997 3552 3050 τοῦ
3579 2994 3724 3050 Θεοῦ
3767 2992 3860 3056 τὰς

2250 3091 2603 3164 εὐχαριστίας
2628 3091 2724 3145 καὶ
2753 3091 2852 3154 τὰς
2884 3090 3109 3160 λογικὰς
3141 3092 3237 3145 καὶ
3271 3091 3564 3154 ἀκάπνους
3597 3085 3858 3160 λατρείας

2249 3184 2543 3256 ἀναφέρειν
2576 3183 2658 3255 τῷ
2703 3181 2822 3254 Θεῷ
2871 3181 3229 3254 παρείληφεν.
3278 3182 3428 3252 Αὕτη
3467 3182 3530 3236 δέ
3589 3183 3626 3253 ἡ
3658 3181 3857 3241 αενεσις

555 3289 678 3344 qua?
731 3275 863 3330 olim
916 3276 1225 3332 secundum
1278 3279 1450 3349 legem
1505 3279 1710 3352 Moysis
1753 3282 2145 3352 oll‘erebantur,

2251 3280 2346 3331 καὶ
2379 3280 2412 3350 ή
2441 3273 2764 3349 εὐχαριστία
2796 3275 2934 3329 πολύ
2989 3275 3254 3347 κρείττων
3290 3275 3557 3346 τυγχάνει
3591 3273 3708 3328 τῶν
3757 3289 3857 3325 σω-

553 3366 730 3420 multo
759 3369 1112 3436 praestantior
1157 3376 1263 3425 est.
1326 3370 1701 3437 Quamobrem
1752 3375 1943 3446 adjicit
1985 3395 2048 3433 τι
2080 3377 2148 3433 Et

449 3485 454 3490 ς
557 3458 800 3528 placebit
850 3459 1081 3516 Domino
1123 3475 1296 3532 super
1315 3464 1551 3518 vitulum
1601 3467 1901 3533 novellum,
1936 3484 2147 3526 cornua

552 3546 949 3616 producentem
983 3556 1038 3603 et
1072 3551 1328 3621 ungulas.
1362 3572 1380 3602 ι
1422 3551 1480 3606 Si
1517 3569 1758 3624 namque
1785 3557 1854 3612 de
1888 3559 2146 3616 iisJudazi

551 3637 882 3709 gloriantur,
950 3642 1130 3697 sciant
1164 3645 1356 3713 utique
1407 3646 1568 3717 longe
1611 3649 1892 3706 meliorem
1927 3651 2148 3724 Deoque

554 3733 920 3802 acceptiorem
957 3749 1134 3790 meam
1177 3737 1481 3807 gratiarum
1529 3740 1806 3798 actionem
1835 3751 1892 3798 et
1928 3744 2145 3800 laudem

553 3836 719 3890 supra
787 3825 1106 3880 memoratis
1167 3841 1311 3882 esse.
1388 3827 1758 3894 Quamobrem
1840 3834 2144 3890 secundum

553 3911 946 3984 Symmachum
981 3917 1203 3983 dicitur,
1241 3935 1260 3970 ε
1291 3918 1358 3972 Et
1412 3921 1650 3991 placebit
1688 3921 1924 3980 Domino
1945 3927 2140 3998 magis,

550 4021 718 4077 quam
742 4008 842 4063 bos
875 4018 1091 4076 taurus,
1137 4011 1375 4082 ungulas
1425 4012 1737 4080 dillindens,
1794 4029 2084 4075 cornutus.
2117 4037 2140 4072 ›

550 4099 664 4155 Cur
691 4100 779 4156 hic
817 4102 1051 4157 vitulum
1110 4103 1278 4169 dicat,
1311 4120 1426 4160 non.
1457 4106 1604 4162 aliud
1656 4110 1855 4164 animal
1885 4114 1938 4165 in
1971 4113 2143 4168 sacri-

552 4191 677 4246 llcio
702 4191 888 4248 ol'l‘erri
917 4196 1163 4257 solitum,
1217 4213 1326 4250 nun
1359 4198 1480 4253 sine
1521 4201 1772 4256 examine
1817 4203 2143 4272 practermit-

550 4285 800 4340 tendum.
863 4286 998 4340 Nam
1063 4304 1128 4343 ex
1193 4289 1526 4347 animalibus
1591 4293 1896 4348 secundum
1969 4296 2140 4367 legem

550 4372 757 4448 Moysis
797 4378 1074 4434 immolari
1131 4381 1330 4450 jussis,
1391 4385 1498 4438 alia
1542 4399 1607 4440 ex
1664 4396 1916 4441 armento
1951 4388 2136 4452 boum,

551 4466 659 4520 alia
692 4483 756 4522 ex
800 4483 963 4538 grege
985 4471 1168 4524 ovium
1192 4472 1630 4536 adducebantur,
1660 4476 1769 4530 alia
1791 4492 1858 4531 ex
1904 4478 2139 4534 volatili-

2255 3370 2502 3440 ματικῶν
2521 3367 2745 3433 θυσιῶν,
2764 3367 2874 3422 τῶν
2895 3367 3040 3421 κατὰ
3066 3367 3158 3422 τὸν
3175 3367 3454 3431 Μωῦσέως
3479 3366 3662 3438 νόμον
3692 3363 3854 3417 πάλαι

2249 3461 2698 3534 προσαγομένων.
2743 3457 2837 3513 Διὸ
2860 3458 3125 3529 ἐπιλέγει·
3158 3478 3178 3510 ι
3203 3459 3315 3512 Καὶ
3348 3459 3548 3532 ἀρέσει
3567 3457 3654 3530 τῷ
3668 3453 3852 3527 Κυρίῳ

2249 3551 2386 3625 ὑπὲρ
2425 3551 2626 3624 μόσχον
2659 3549 2802 3615 νέον,
2859 3549 3066 3621 κέρατα
3096 3546 3398 3621 ἐκφέροντα
3447 3550 3552 3603 καὶ
3586 3546 3787 3609 ὁπλάς.
3828 3562 3846 3595 ι

2247 3645 2312 3698 El
2344 3643 2454 3716 γὰρ
2486 3643 2580 3698 ἐπὶ
2635 3641 2845 3707 τούτοις
2910 3641 3267 3713 σεμνύνονται
3312 3641 3592 3695 Ἰουδαίων
3643 3637 3847 3700 παίδες,

2248 3737 2506 3801 ῐστωσαν,
2538 3736 2620 3789 ὅτι
2646 3733 2782 3788 πολύ
2820 3733 3043 3805 βελτίων
3076 3735 3170 3788 καὶ¹
3199 3733 3279 3805 τῷ
3323 3731 3443 3805 Θεῴ
3467 3729 3850 3805 προτιμοτέρσ

2245 3828 2278 3900 ή
2303 3828 2410 3900 ἐμὴ
2436 3827 2760 3900 εὐχαριστία
2793 3827 2888 3880 καὶ
2932 3828 2968 3898 ή
2997 3826 3104 3898 ἐμὴ
3127 3826 3336 3892 αίνεσις
3377 3825 3488 3881 τῶν
3514 3823 3848 3900 προλεχθένι-

2243 3937 2374 3979 των.
2405 3921 2497 3974 Διὸ
2523 3920 2664 3974 κατὰ
2705 3919 2798 3974 τὸν
2838 3919 3138 3990 Σύμμαχον
3169 3920 3405 3992 εἴρηται⁹
3449 3940 3466 3972 ι
3501 3922 3622 3974 Καὶ
3660 3916 3844 3990 ἀρέσει

2244 4011 2322 4084 τῷ
2351 4011 2542 4085 Κυρίῳ
2597 4011 2862 4084 μᾶλλονῆ
2919 4011 3044 4080 βοῦς
3093 4011 3295 4082 ταῦρος
3355 4011 3622 4083 διχηλῶν,
3683 4009 3844 4081 κερά-

2248 4123 2431 4177 στης.»
2467 4105 2568 4159 Διά
2593 4106 2646 4159 τί
2668 4105 2724 4158 δὲ
2751 4103 2990 4159 ἐνταῦθα
3014 4105 3218 4176 μόσχου
3251 4105 3586 4176 μνημονεύει
3617 4104 3715 4160 καὶ
3747 4100 3842 4171 οὐχ

2245 4201 2432 4273 ἐτέρου
2465 4198 2608 4264 τινὸς
2639 4200 2750 4254 τῶν
2783 4201 3188 4273 προσφέρεσθαι
3215 4198 3485 4253 εἰωθότων
3537 4202 3625 4262 είς
3653 4194 3838 4251 θυσίαν

2245 4289 2420 4356 ζώων,
2448 4291 2596 4358 ἄξιον
2633 4290 2708 4362 μή
2774 4291 3152 4354 ἀϐασανίστως
3214 4289 3526 4361 παρελθεῖν.
3567 4287 3698 4341 Τῶν
3735 4282 3838 4352 γὰρ

2245 4383 2385 4437 κατὰ
2429 4382 2520 4436 τὸν
2565 4382 2844 4446 Μωῦσέως
2867 4384 3030 4454 νόμον
3077 4381 3300 4435 θύεσθαι
3349 4377 3834 4452 προσταττομένων

2244 4474 2398 4541 ζώων
2433 4475 2502 4528 τὰ
2539 4476 2636 4546 μὲν
2668 4474 2728 4540 ἐξ
2775 4475 2980 4548 ἀγέλης
3015 4474 3152 4546 βοῶν
3209 4475 3548 4545 προσήγετο,
3582 4471 3652 4526 τὰ
3679 4467 3738 4522 δὲ
3775 4467 3836 4518 ἐκ

549 4555 695 4624 bus;
729 4573 962 4628 quorum
994 4561 1098 4614 alia
1135 4564 1382 4627 masculi,
1413 4567 1520 4620 alia
1556 4565 1772 4622 feminae
1801 4576 1999 4635 erant;
2033 4569 2138 4623 alia

2250 4569 2556 4640 προϐάτων,
2585 4568 2652 4622 τά
2691 4568 2748 4622 δὲ
2785 4567 2893 4622 ἀπὸ
2930 4567 3213 4622 πετεινῶν·
3252 4566 3436 4622 καὶτὰ
3475 4566 3577 4637 μὲν
3609 4565 3828 4636 ἄρρενα,

553 4657 859 4718 spontanee
879 4667 947 4709 ex
979 4655 1232 4717 arbitrio,
1270 4657 1378 4711 alia
1431 4674 1496 4714 ex
1535 4645 1760 4727 debito;
1789 4662 1893 4714 alia
1923 4663 2138 4718 sacrifi—

551 4743 698 4796 cium
732 4744 1013 4808 salutaris,
1050 4747 1156 4800 alia
1208 4761 1305 4818 pro
1354 4760 1580 4819 peccato
1639 4755 2139 4820 vocabantur;alia

555 4848 658 4905 pro
687 4850 903 4891 summo
949 4840 1256 4905 sacerdote,
1291 4844 1396 4896 alia
1457 4859 1553 4914 pro
1608 4846 1868 4902 universo
1915 4850 2137 4917 populo,

550 4926 658 4980 alia
677 4941 777 4996 pro
798 4929 1046 4998 principe
1079 4943 1340 5000 peccante
1391 4935 1783 4990 oll'erebantur.
1823 4937 1960 4992 Cum
2019 4954 2139 4994 tua-

552 5035 718 5088 gnum
749 5020 936 5090 itaque
971 5025 1024 5077 in
1057 5025 1141 5080 liis
1165 5026 1460 5082 discrimen
1491 5038 1669 5092 esset,
1722 5045 2007 5100 nunquam
2055 5039 2138 5086 ta.-

553 5125 678 5166 men
713 5127 812 5181 pro
835 5113 1082 5183 principe
1101 5117 1345 5186 quolibet
1380 5119 1461 5172 vel
1496 5133 1595 5188 pro
1625 5122 1882 5190 quopiam
1926 5123 2139 5191 privato

548 5202 758 5259 vitulus
819 5207 1166 5263 oﬂ'erebatur.
1224 5206 1443 5266 Vitulus
1511 5216 1788 5268 masculus
1842 5215 2136 5284 aliquando

549 5295 974 5367 immolabatur;
1014 5302 1310 5373 aliquando
1340 5320 1491 5368 vero,
1524 5320 1647 5359 cum
1700 5312 1812 5360 tota
1860 5321 2135 5377 synagoga

543 5387 604 5444 in
630 5400 918 5460 peccatum
977 5395 1134 5465 lapsa
1185 5403 1352 5461 esset,
1419 5397 1698 5464 sacerdos,
1751 5399 1843 5468 qui
1897 5399 2137 5454 universi

545 5483 733 5555 populi
774 5500 872 5540 seu
903 5495 1070 5557 caput
1097 5498 1233 5549 erat,
1282 5496 1341 5542 ut
1384 5490 1596 5559 peccati
1625 5505 1862 5546 consors
1903 5493 2132 5548 vitulum

546 5572 830 5633 offerebat.
863 5576 990 5633 llaec
1031 5595 1198 5649 porro
1248 5580 1301 5634 in
1345 5579 1590 5635 chitico
1641 5581 2039 5652 deprehendas,
2078 5585 2132 5642 in

547 5682 656 5739 quo
680 5668 977 5727 scribitur:
1017 5691 1036 5723 ι
1074 5670 1141 5726 Et
1162 5672 1376 5728 locutus
1403 5685 1486 5728 est
1501 5671 1766 5730 Dominus
1785 5677 1864 5730 ad-
1885 5675 2135 5748 Moyscm

624 5857 670 5888 “
714 5854 900 5911 Matth.
947 5873 1079 5922 xm,
1129 5857 1210 5914 l6.
1288 5859 1332 5891 ³³
1373 5857 1518 5916 Psal.
1564 5877 1677 5931 ut,
1727 5863 1772 5916 Ι.

2245 4662 2313 4714 τὰ
2340 4662 2396 4714 δὲ
2428 4661 2611 4733 θήλεα·
2649 4662 2744 4716 καὶ
2781 4660 2851 4714 τὰ
2883 4662 2980 4733 μὲν
3022 4660 3247 4715 ἑκούσια
3299 4659 3441 4714 κατά
3491 4657 3827 4731 προαίρεσιν.

2245 4753 2315 4807 τὰ
2347 4749 2404 4807 δὲ
2437 4755 2580 4808 κατά
2611 4755 2853 4828 ὀφειλὴν·
2896 4755 2989 4809 καὶ
3043 4755 3113 4807 τά
3163 4754 3262 4826 μὲν
3313 4753 3631 4825 ὠνομάζετο
3675 4744 3826 4802 θυσία

2248 4850 2540 4920 σωτηρίου,
2565 4850 2634 4903 τὰ
2662 4851 2718 4904 δὲ
2758 4849 2898 4921 ὑπὲρ
2953 4848 3249 4919 ἁμαρτίας·
3300 4849 3394 4901 καὶ
3438 4849 3508 4900 τά
3567 4846 3668 4918 μὲν
3696 4839 3826 4907 ὑπὲρ

2245 4941 2340 4994 τοῦ
2376 4941 2676 5015 ἀρχιερέως
2705 4941 3098 5015 προσεφέρετο,
3147 4942 3217 4994 τὰ
3247 4941 3305 4995 δὲ
3345 4941 3484 5012 ὐπέρ
3515 4938 3715 5000 παντὸς
3735 4930 3822 4987 τοῦ

2245 5033 2398 5097 λαοῦ,
2429 5033 2497 5088 τὰ
2526 5033 2583 5088 δέ
2613 5031 2754 5105 ὐπέρ
2779 5033 3040 5104 ἄρχοντος
3077 5033 3478 5104 ἡμαρτηκότος.
3533 5031 3740 5101 Πολλῆς
3769 5024 3822 5076 δὲ

2243 5125 2409 5196 οὔσης
2456 5131 2512 5182 ἐν
2551 5125 2759 5190 τούτοις
2811 5126 3094 5195 διαφορᾶς,
3124 5125 3244 5179 οὐδὲ
3284 5124 3503 5179 πώποτε
3555 5125 3697 5194 ὑπὲρ
3734 5115 3820 5171 τοῦ

2244 5215 2498 5288 τυχόντος
2520 5221 2800 5290 ἄρχοντος,
2836 5216 2943 5270 οὐδ’
2976 5216 3117 5288 ὑπὲρ
3154 5215 3359 5270 ίδιώτου
3419 5216 3611 5288 ἀνδρὸς
3635 5216 3819 5288 μόσχος

2243 5312 2556 5384 ἀνεφέρετο.
2594 5311 2731 5364 Ποτέ
2759 5309 2816 5362 δὲ
2845 5312 2873 5363 6
2903 5309 3101 5380 μόσχος
3127 5311 3154 5362 6
3183 5309 3358 5382 ἄρρην
3383 5309 3590 5374 ἐθύετο,
3642 5306 3817 5363 ἄλλοτε

2244 5405 2444 5475 πᾶσαή
2479 5402 2771 5474 συναγωγὴ
2805 5399 3054 5472 ἁμαρτίᾳ
3102 5401 3536 5472 περιπεπτώκει,
3567 5400 3720 5470 ὑπὲρ¹
3749 5388 3814 5466 ἧς

2239 5498 2333 5550 καὶ
2366 5497 2526 5560 αὐτὸς
2559 5499 2594 5550 6-
2640 5497 2826 5568 ἱερεύς-
2869 5496 3062 5567 ὥσπερ
3120 5495 3331 5566 κεφαλὴ
3379 5494 3454 5548 ῶν
3502 5493 3595 5548 τοῦ
3627 5486 3812 5552 παντὸς

2237 5587 2367 5642 λαοῦ
2399 5589 2504 5659 τῆς
2534 5590 2808 5663 ἁμαρτίας
2859 5589 3115 5654 κοινωνὸς
3170 5589 3266 5642 τὸν
3305 5588 3504 5659 μόσχον
3557 5583 3806 5663 προσῆγε

2237 5680 2422 5736 Ταῦτα
2447 5681 2504 5734 δὲ
2551 5683 2611 5735 ἐν
2641 5681 2913 5754 Λευιτικῷ
2969 5681 3150 5752 εὕροις
3209 5679 3274 5734 ἂν
3302 5682 3622 5752 ἐπιστήσας,
3684 5677 3740 5731 ἐν
3763 5656 3808 5740 ᾧ
