4086 6442
287 423 387 483 1θί

1416 417 1918 478 COMMENTARIA
1955 417 2020 474 IN
2057 418 2397 476 PSALMOS.

3438 418 3550 480 763

284 538 618 611 γέγραπται·
650 555 670 588 ι
706 535 816 590 Καὶ
843 535 1072 608 ὲλάλησε
1093 534 1300 609 Κύριος
1334 535 1472 608 πρὸς
1509 535 1754 605 Μωῢσῆν
1777 533 1867 588 λέ-

1968 534 2192 592 dicens:
2212 535 2463 607 Loquere
2494 535 2560 591 ad
2580 533 2720 591 lilios
2747 533 2936 600 israel,
2959 534 3152 592 dicens
3175 553 3189 590 :
3213 533 3276 590 Si
3293 549 3550 592 summus

283 647 419 700 γων·
461 628 712 700 Δάλησον
737 628 872 700 πρὸς
901 630 1027 692 τοὺς
1059 629 1207 692 υἱοὺς
1248 629 1465 700 Ἰσραὴλ
1489 627 1682 696 λέγων·
1739 627 1866 682 Ἐὰν

281 721 313 774 6
342 721 630 792 ἀρχιερεὺς
660 721 690 773 6
716 721 1075 792 κεχρισμένος
1112 720 1335 794 ἁμάρτῃ
1396 719 1493 774 τοῦ
1531 719 1662 774 λαὸν
1690 721 1868 792 ἀμαρ-

283 813 418 875 τεῖν,
454 812 550 865 καὶ⁸
579 810 841 883 προσάξει
896 812 1024 883 περί
1081 812 1180 884 τῆς
1239 812 1516 884 ἁμαρτίας
1579 811 1743 866 αὑτοῦ
1798 807 1866 884 ἧς

279 903 518 973 ἥμαρτε,
559 901 763 972 μόσχον
785 902 850 954 ἐκ
902 900 1042 971 βοῶν
1097 901 1328 973 ἄμωμον
1357 901 1438 972 τῷ
1491 903 1736 974 Κυρίῳη
1771 906 1868 960 καὶ

282 994 431 1064 ἑξῆς·
475 1013 494 1046 ‹
532 995 656 1048 Ἐὰν
697 994 755 1048 δὲ
787 995 938 1048 πᾶσα
987 995 1278 1068 συναγωγὴ
1323 995 1539 1068 Ἰσραὴλ
1600 998 1862 1070 ἀγνοήσῃ,

283 1085 380 1141 καὶ
414 1086 551 1159 λάθῃ
577 1087 730 1158 ῥῆμα
781 1085 842 1151 ἐξ
893 1087 1186 1158 ὀφθαλμῶν
1240 1088 1340 1159 τῆς
1377 1091 1720 1160 συναγωγῆς·
1773 1091 1867 1146 καὶ

282 1181 550 1250 ποιήσωσι
588 1180 717 1248 μίαν
742 1177 849 1232 ἀπὺ
874 1178 1064 1232 πασῶν
1099 1179 1206 1232 τῶν
1237 1179 1468 1234 ἐντολῶν
1505 1182 1600 1235 τοῦ
1638 1182 1862 1253 Κυρίου,

281 1268 316 1343 ἦ
350 1271 410 1324 ού
449 1269 825 1342 ποιηθήσεται,
857 1271 951 1324 καὶ
984 1269 1368 1341 πλημμελῶσι,
1404 1273 1498 1326 καὶ
1525 1273 1740 1344 γνωσθῇ
1768 1274 1867 1326 αύ-

283 1365 396 1426 τοῖς
426 1363 460 1433 ἡ
482 1361 727 1434 ἁμαρτία
757 1361 826 1432 ἢν
860 1362 1107 1432 ἥμαρτον
1141 1363 1199 1415 ὲν
1221 1363 1380 1434 αὐτῇσ
1418 1364 1511 1417 καὶ
1542 1365 1804 1435 προσάξει
1829 1367 1863 1436 ἡ

285 1455 572 1528 συναγωγὴ
609 1456 806 1526 μόσχον
832 1454 895 1509 ἐκ
926 1455 1066 1527 βοῶν
1097 1456 1347 1530 περὶτῆς
1373 1458 1668 1530 ἁμαρτίας.
1712 1478 1730 1512 ι
1755 1461 1866 1513 Καὶ
1901 1513 1906 1517 ,

286 1545 424 1616 μετά
473 1545 647 1599 ταῦτα
673 1547 708 1618 ὴ
739 1545 950 1619 ἱστορία
981 1547 1192 1616 εἰσάγει
1249 1548 1389 1620 ὑπὲρ
1415 1549 1508 1603 τοῦ
1566 1551 1866 1623 ἀρχιερέως

283 1636 474 1692 θυσίαν
523 1636 743 1710 μόσχον,
797 1639 856 1694 ἐν
905 1633 986 1703 οἷς
1034 1638 1272 1712 εἴρηται·
1341 1659 1361 1692 ι
1399 1642 1507 1694 Καὶ
1543 1645 1864 1715 προσήγαγε

282 1726 523 1800 Μωῦσῆς
552 1727 642 1783 τὸν
669 1730 866 1800 μόσχον
893 1727 986 1784 τὸν
1001 1733 1129 1801 περὶ
1165 1731 1266 1802 τῆς
1290 1733 1583 1805 ἁμαρτίας,
1614 1735 1707 1789 καὶ
1736 1735 1864 1789 ἐπέ-

283 1817 452 1892 θηκεν
508 1819 715 1893 Ἀαρὼν
743 1823 837 1876 καὶ
859 1823 908 1876 oi
939 1823 1044 1877 υἰοὶ
1071 1823 1240 1877 αὐτοῦ
1266 1823 1372 1888 τὰς
1414 1827 1606 1898 χεῖρας
1645 1828 1738 1881 ἐπὶ
1765 1827 1864 1898 τὴν

279 1911 522 1982 κεφαλὴν
553 1911 646 1965 τοῦ
674 1913 872 1983 μόσχου
899 1913 992 1967 τοῦ
1019 1913 1118 1984 τῆς
1151 1915 1446 1988 ἁμαρτίας,
1506 1916 1599 1972 καὶ
1631 1917 1864 1989 ἔσφαξεν
1897 1901 1938 1960 Β

280 2002 496 2056 αὐτόν.»
543 2003 708 2075 Ὁρᾷς
739 2004 831 2058 ἐπὶ
869 2001 1043 2068 ποίοις
1071 2007 1100 2059 6
1137 2007 1335 2078 μόσχος
1373 2010 1744 2082 προσεφέρετο
1771 2011 1864 2063 ἐπὶ

279 2092 432 2166 πάσῃ
456 2097 523 2165 τῇ
554 2097 840 2165 συναγωγῇ
883 2095 1098 2168 Ἰσραὴλ
1148 2098 1488 2172 ἁμαρτούσῃ,
1519 2101 1612 2154 καὶ
1641 2103 1732 2155 ἐπὶ
1760 2103 1863 2176 ἀρ-

279 2186 454 2252 χιερεῖ
504 2185 884 2255 ἡμαρτηκότιο
934 2186 1031 2240 καὶ
1083 2187 1180 2259 οὐχ
1232 2189 1420 2254 ἁπλῶς
1482 2195 1862 2265 ἡμαρτηκότι,

277 2273 416 2328 ἀλλὰ
445 2276 543 2328 καὶ
598 2275 676 2346 τῷ
708 2275 826 2348 λαῷ,
855 2278 1011 2350 αἰτίῳ
1043 2279 1320 2352 γενομένῳ
1374 2283 1673 2354 ἁμαρτίας·
1717 2284 1864 2356 λέγει

277 2366 410 2438 γάρ·
446 2386 464 2418 ι
487 2366 610 2420 Ἐὰν
639 2370 667 2422 6
711 2369 1001 2441 ἀρχιερεὺς
1028 2371 1056 2423 6
1100 2373 1458 2443 κεχρισμένος
1499 2375 1721 2448 ἁμάρτῃ
1767 2375 1862 2431 τοῦ

278 2458 374 2516 τὸν
403 2455 529 2514 λαὸν
556 2460 846 2532 ἁμαρτεῖν·
866 2481 884 2512 ι
918 2462 1034 2516 ἀνθ’
1067 2458 1127 2518 οὗ
1155 2465 1184 2516 ὁ
1231 2463 1459 2530 Ἀκύλας
1496 2468 1861 2540 ἡρμήνευσεν-’

285 2571 304 2602 ι
345 2551 440 2615 Εἰς
469 2552 854 2624 πλημμέλησιν
888 2553 984 2608 τοῦ
1018 2553 1208 2610 λαοῦ.»
1249 2557 1404 2611 Ἐπεὶ
1431 2560 1612 2614 τοίνυν
1641 2561 1782 2616 κατά
1804 2561 1865 2616 τὸ

281 2643 551 2714 σωτήριον
585 2643 756 2709 πάθος
799 2645 848 2697 οἰ
908 2646 1189 2717 ἀρχιερεῖς
1228 2647 1324 2701 καὶ
1373 2650 1422 2702 οἰ
1466 2649 1727 2720 ἀρχοντες
1767 2651 1862 2705 τοῦ

292 2729 560 2786 Ἰουδαίων
597 2731 782 2796 ἔθνους
814 2735 1157 2806 συνήχθησαν
1215 2735 1307 2788 ὲπὶ
1352 2738 1413 2790 τὸ
1438 2739 1570 2793 αὐτὸ
1600 2740 1744 2795 xm
1768 2741 1862 2796 τοῦ

280 2823 488 2896 Κυρίου
516 2825 784 2880 καὶκατὰ
827 2827 924 2880 τοῦ
974 2829 1214 2901 Χριστοῦ
1247 2831 1435 2897 αὐτοῦ,
1481 2833 1560 2905 τῷ
1603 2852 1664 2888 τε
1702 2835 1865 2890 παντί

276 2911 389 2983 λαῷ
429 2913 756 2987 διαστροφῆς
787 2916 943 2970 αύτοί
997 2918 1294 2988 γεγόνασιν.
1323 2919 1508 2976 αἴτιοι·
1557 2923 1865 2995 γέγραπται

278 3005 408 3076 γάρ·
445 3025 463 3055 ι
497 3007 607 3060 Καὶ
638 3009 686 3060 οἰ
720 3008 998 3082 ἀρχιερεῖς
1035 3011 1131 3064 καὶ
1182 3011 1244 3066 τὸ
1273 3013 1548 3085 συνέδριον
1596 3015 1720 3070 ὃλον.
1741 3018 1866 3090 εζη-

277 3113 406 3152 τουν
431 3099 904 3174 ψευδομαρτυρίαν
931 3105 1072 3159 κατά
1092 3106 1186 3161 τοῦ
1230 3106 1424 3177 Ἰησοῦ,
1446 3109 1594 3173 ὅπως
1619 3109 1866 3164 θανωτώ-

281 3209 449 3248 σωσιν
472 3192 693 3248 αὐτόν’»,
721 3193 818 3250 καὶ
838 3196 997 3251 πάλιν
1025 3197 1176 3270 ἑξῆς·
1207 3218 1225 3251 ι
1249 3201 1318 3256 Οἱ
1366 3200 1424 3254 δὲ
1457 3201 1744 3274 ἀρχιερεῖς¹
1768 3202 1864 3258 καὶ

278 3286 330 3340 οί
356 3285 718 3360 πρεσϐύτεροι
744 3286 969 3342 ἔπεισαν
993 3265 1122 3352 τοὺς
1144 3289 1336 3360 ὄχλους
1356 3292 1443 3346 ἵνα
1476 3265 1742 3364 αἰτήσωσι
1771 3294 1860 3348 τὸν
1887 3265 1932 3323 c

279 3377 596 3451 Βαραϐϐᾶν,
631 3378 724 3434 τὸν
745 3379 803 3434 δὲ
842 3379 1050 3452 Ἰησοῦν
1083 3381 1478 3438 ἀπολέσωσιν-ι
1509 3384 1680 3457 Χρεία
1703 3385 1766 3438 δὲ
1791 3381 1862 3457 ἧν

279 3472 600 3545 καθάρσεως
628 3476 742 3539 τοῖς
773 3473 944 3529 ταῦτα
991 3475 1373 3548 τετολμηκόσι,
1405 3480 1498 3532 καὶ
1541 3478 1732 3544 θυσίας
1762 3481 1863 3534 οὐκ

277 3565 467 3638 ἄλλης,
493 3567 527 3638 ἢ
554 3567 656 3639 τῆς
674 3566 764 3622 διὰ
790 3565 884 3622 τοῦ
919 3567 1142 3639 μόσχου,
1198 3568 1276 3633 ὡς
1317 3570 1738 3643 μεμαρτύρηται
1773 3570 1866 3626 διὰ

275 3659 382 3731 τῆς
403 3660 762 3733 προτεθείσης
786 3660 1032 3733 Γραφῆςο
1046 3659 1294 3726 εἰκότως,
1318 3662 1432 3717 Οὺκ
1447 3662 1704 3734 αἰσθητὸν
1727 3661 1862 3733 ἐγὼ,

279 3751 438 3828 φησι,
474 3753 675 3826 μόσχον
710 3753 1026 3826 προσφέρω,
1052 3753 1142 3808 διά
1167 3753 1279 3809 τῶν
1306 3755 1682 3828 προκειμένων
1703 3755 1732 3809 ό
1751 3756 1864 3810 Σωο

276 3845 384 3919 τηρ
415 3845 601 3925 ἡμῶν,
633 3845 774 3901 ἀλλά
801 3845 902 3920 τὴν
955 3845 1204 3919 καθαρὰν
1229 3847 1325 3902 καὶ⁸
1368 3848 1600 3920 ἄναιμον
1648 3847 1862 3914 θυσίαν,

277 3938 347 4008 ἢν
378 3935 538 4000 αὐτὸς
563 3934 1114 4009 ὲγὼσυνεστησάμην
1168 3938 1226 3992 ὲν
1249 3941 1316 4009 τῇ
1360 3937 1596 4010 ἐμαυτοῦ
1637 3937 1862 4008 Ἐκκλη-

281 4029 374 4100 σίᾳ
393 4027 480 4082 διὰ
512 4027 612 4100 τῆς
644 4027 876 4100 ἀναίμου
902 4029 996 4082 καὶ
1016 4028 1231 4104 ἀπύρου
1265 4029 1628 4103 λειτουργίας,
1663 4029 1763 4101 τῆς
1794 4030 1865 4084 δι’

279 4121 558 4187 αἰνέσεως·
592 4122 714 4193 ἥτις
767 4121 954 4195 ἀρέσει
1003 4121 1082 4194 τῷ
1139 4122 1262 4195 Θεῷ
1309 4123 1508 4196 μᾶλλον
1559 4120 1592 4194 ἢ
1629 4125 1660 4178 6
1712 4122 1868 4194 παρά

277 4218 506 4274 Μωῦσεῖ
533 4215 856 4288 νενομοθετη
865 4216 1024 4287 μένος
1048 4215 1266 4288 μόσχος.
1299 4215 1389 4272 Διὸ
1412 4215 1686 4271 λέλεκταιθ
1705 4233 1730 4268 t
1747 4217 1866 4270 Ms-

278 4309 497 4379 γαλυνῶ
527 4308 693 4365 αὑτὸν
719 4311 776 4363 ὲν
806 4309 1024 4363 αἰνέσει.
1055 4308 1167 4364 Καὶ
1195 4309 1383 4382 ἀρέσει
1413 4309 1493 4380 τῷ
1515 4308 1690 4380 Θεῷ,ι
1717 4311 1751 4381 ἡ
1782 4309 1867 4364 al-

280 4419 429 4466 νεσις
449 4402 673 4474 δηλαδὴ.
701 4421 722 4455 ι
747 4383 889 4474 ύπὲρ
913 4399 1115 4473 μόσχον
1141 4401 1283 4467 νέον,
1313 4400 1524 4474 κέρατα
1553 4402 1870 4473 ἐκφέροντα

278 4496 376 4550 καὶ
401 4495 591 4568 ὁπλάς.
619 4515 640 4549 ι
679 4495 908 4566 Ἔτυχον
935 4493 980 4547 δ’
1008 4494 1078 4548 ἂν
1108 4492 1358 4564 ἀφέσεως
1407 4495 1503 4549 καὶ
1547 4494 1868 4568 καθάρσεως

1968 631 2228 687 sacerdos
2249 631 2342 702 qui
2369 636 2570 685 unctus
2597 639 2681 686 est
2710 629 3037 700 peccaverit,
3085 637 3150 684 ut
3201 643 3432 702 peccare
3461 627 3543 682 fa-

1967 722 2076 776 ciat
2097 723 2377 794 populum,
2408 721 2598 779 oﬂ‘eret
2631 738 2731 794 pro
2777 731 3000 793 peccato
3055 738 3156 779 suo
3192 737 3300 793 quo
3347 737 3549 793 pecca-

1966 815 2066 880 vit,
2100 815 2335 870 vitulum
2361 831 2425 870 ex
2453 815 2628 870 bobus
2681 815 3091 870 immaculatum
3136 814 3374 871 Domino
3400 812 3477 883 ἰς
3517 831 3540 867 ι

1966 919 2031 961 ac
2063 905 2261 962 deinde
2291 921 2309 958 :
2346 923 2364 956 ι
2391 904 2548 972 Quod
2593 906 2638 961 si
2679 905 2860 960 omnis
2897 919 3170 977 synagoga
3197 903 3364 960 Israel
3397 905 3548 974 igno-

1969 997 2188 1063 raverit,
2238 1003 2294 1054 et
2336 997 2558 1052 latuerit
2600 999 2827 1053 verbum
2875 1013 2942 1053 ex
2989 997 3165 1054 oculis
3217 1011 3546 1069 synagoga:

1966 1100 2061 1145 aut
2096 1089 2288 1145 fecerit
2311 1104 2485 1143 unum
2533 1105 2601 1144 ex
2637 1088 2898 1145 omnibus
2944 1091 3232 1161 praeceptis
3293 1087 3552 1155 Domini;

1966 1191 2060 1237 aut
2093 1197 2203 1238 non
2235 1181 2446 1246 fecerit,
2482 1189 2538 1236 et
2563 1180 2855 1252 deliquerit
2891 1189 2946 1237 et
3000 1182 3318 1253 cognoverit
3350 1196 3542 1252 pecca-

1965 1283 2082 1330 tum
2109 1289 2270 1331 suum
2299 1290 2418 1346 quo
2451 1275 2736 1344 peccavit;
2761 1273 2954 1329 atteret
3007 1289 3282 1346 synagoga
3310 1273 3551 1328 vitulum

1965 1384 2030 1422 ex
2059 1369 2234 1424 bobus
2266 1383 2368 1438 pro
2388 1376 2615 1438 peccato
2643 1368 2710 1422 “.
2745 1387 2772 1419 »ι
2803 1367 2916 1427 Sub
2941 1366 3054 1423 haec
3086 1374 3267 1421 autem
3315 1382 3417 1436 pro
3467 1382 3554 1421 sa-

1964 1458 2184 1514 eerdote
2205 1458 2490 1515 inducitur
2538 1459 2593 1513 in
2652 1458 2984 1515 sacriﬁcium
3041 1459 3268 1522 vitulus,
3301 1473 3426 1512 nam
3458 1457 3541 1511 di-

1965 1550 2107 1604 citur
2135 1565 2149 1600 :
2178 1569 2197 1602 ι
2222 1547 2289 1603 Ει
2315 1549 2514 1604 obtuiit
2537 1548 2752 1620 Moyses
2790 1549 3022 1602 vitulum
3052 1563 3155 1617 pro
3200 1554 3427 1618 peccato
3451 1561 3465 1598 :
3490 1555 3547 1601 et

1966 1641 2226 1711 imposuit
2246 1643 2499 1696 Aaronet
2545 1639 2638 1694 lilii
2681 1641 2802 1711 eius
2830 1654 3026 1694 manus
3055 1653 3226 1709 super
3279 1638 3547 1708 eaputvi—

1965 1734 2062 1787 tuli
2097 1749 2198 1804 pro
2222 1741 2470 1804 peccato,
2501 1740 2556 1788 et
2578 1733 2894 1788 immolavit.
2930 1747 3054 1787 eum
3077 1733 3146 1783 ".
3179 1749 3204 1784 ν
3236 1731 3398 1786 Vides
3424 1730 3548 1801 qui-

1966 1827 2070 1883 bus
2089 1827 2157 1882 de
2180 1827 2367 1884 causis
2388 1827 2594 1882 vitulus
2625 1825 2920 1881 otl‘erretur
2961 1841 3068 1896 pro-
3083 1825 3342 1880 universa
3376 1837 3546 1894 syna-

1967 1933 2103 1990 goga
2134 1914 2356 1974 lsraelis
2401 1926 2690 1989 peccante,
2739 1927 2792 1972 et
2837 1932 2938 1988 pro
2994 1932 3214 1973 summo
3263 1917 3548 1972 sacerdote

1966 2018 2264 2083 peccante;
2289 2027 2390 2067 uec
2422 2011 2584 2065 modo
2607 2017 2890 2081 peccante,
2947 2009 3042 2065 sed
3088 2010 3255 2065 etiam
3287 2009 3546 2080 populum

1965 2103 2021 2158 in
2051 2111 2338 2174 peccatum
2379 2102 2708 2168 inducente;
2744 2102 2878 2157 dicit
2930 2104 3109 2157 enim:
3149 2121 3167 2154 ‹
3207 2101 3265 2157 Si
3296 2118 3552 2159 summus

1965 2196 2245 2261 sacerdos,
2273 2195 2364 2266 qui
2388 2203 2590 2252 unctus
2609 2204 2714 2256 est,
2750 2196 3078 2265 peccaverit,
3125 2205 3182 2250 ut
3211 2211 3440 2266 peccare
3469 2195 3551 2249 fa»

1963 2289 2420 2360 ciatpopu~lum..r
2455 2287 2564 2343 Pro
2587 2304 2698 2358 quo
2754 2289 2950 2360 Aquila
3013 2289 3093 2344 sic
3156 2288 3551 2360 interpretatus
3654 2345 3658 2348 ,

1963 2387 2086 2434 est:
2125 2397 2144 2430 ι
2183 2378 2242 2434 In
2293 2379 2552 2434 delictum
2603 2380 2812 2450 populi.
2847 2397 2870 2430 r
2925 2377 3064 2446 Quia
3123 2378 3288 2450 igitur
3307 2386 3549 2446 tempore

1965 2473 2242 2544 passionis
2301 2471 2514 2527 Domini
2572 2474 2776 2528 summi
2833 2472 3152 2528 sarerdotcs
3184 2483 3236 2528 et
3268 2472 3552 2543 principes

1962 2561 2204 2618 Judaicaa
2268 2563 2448 2634 gentis
2510 2569 2886 2619 convenerunt
2941 2563 2998 2618 in
3061 2579 3240 2617 uuum-
3283 2564 3552 2618 adversus

1965 2661 2252 2718 Dominum
2287 2669 2344 2718 et
2373 2661 2646 2717 adversus
2686 2659 2968 2715 Christum
3003 2660 3145 2730 ejus,
3195 2661 3405 2730 totique
3458 2675 3554 2729 po-

1965 2755 2093 2828 pui’o
2155 2754 2526 2825 perversionis
2571 2761 2828 2808 auctores
2889 2751 3064 2817 fuere,
3133 2753 3400 2822 scriptum
3466 2758 3548 2804 est

1963 2850 2141 2906 enim:
2169 2866 2190 2900 ι
2219 2847 2502 2918 Principes
2537 2845 2887 2903 sacerdotum
2938 2853 2994 2900 et
3046 2844 3338 2899 consilium
3373 2851 3546 2898 totum

1964 2941 2283 3014 quaerebant
2303 2939 2502 2996 falsum
2539 2939 2916 2994 testimonium
2947 2947 3138 2992 contra
3173 2935 3383 3003 Iesum,
3406 2952 3548 3006 quc-

1965 3033 2129 3088 modo
2161 3032 2325 3086 morti
2354 3030 2773 3108 traderenteum
2799 3031 2880 3098 l"';-
2903 3047 2922 3081 ι
2959 3043 3022 3085 ac
3051 3044 3303 3084 rursum:
3334 3045 3354 3079 ι
3388 3025 3548 3082 Prin-

1965 3125 2116 3196 cipes
2145 3125 2496 3181 sacerdotum
2533 3132 2590 3178 et
2627 3122 2878 3179 seniores
2923 3128 3322 3192 persuaserunt
3368 3120 3548 3177 turbis

1968 3228 2028 3274 ut
2045 3225 2292 3290 peterent
2337 3215 2665 3282 Barabbam,
2696 3212 2880 3271 Jesum
2928 3228 3059 3270 vero
3099 3212 3389 3284 perderent
3421 3213 3488 3267 ³⁸.
3521 3211 3545 3266 ι

1962 3310 2032 3368 lis
2055 3325 2220 3381 porro
2247 3309 2339 3378 qui
2369 3307 2496 3362 talia
2520 3307 2639 3363 ausi
2669 3305 2886 3362 fuerant
2903 3307 3226 3378 purgatione
3238 3322 3379 3376 opus
3404 3314 3545 3371 erat,

1961 3411 2017 3461 ct
2045 3401 2341 3468 sacriﬁcio,
2374 3416 2483 3456 non
2513 3400 2621 3456 alio
2647 3415 2809 3470 quam
2847 3400 3030 3465 vituli,
3051 3407 3110 3454 ut
3138 3397 3423 3470 Scriptura
3448 3415 3547 3456 su-

1963 3498 2151 3570 perius
2181 3496 2354 3550 allata
2397 3494 2745 3550 testiﬁcatur.
2777 3492 2910 3549 Jure
2945 3494 3034 3548 hic
3075 3492 3336 3550 Servator
3361 3501 3554 3550 noster

1963 3591 2077 3646 ait:
2109 3588 2229 3644 Non
2277 3588 2592 3644 sensibilem
2627 3601 2727 3657 ego
2760 3586 2992 3640 vitulum
3029 3585 3268 3656 profero.
3325 3584 3420 3641 sed
3448 3601 3552 3656 pu-

1963 3696 2080 3738 ram
2103 3687 2157 3736 et
2184 3682 2528 3735 incruentam
2578 3677 2838 3742 hostiam,
2880 3693 3042 3748 quam
3075 3693 3177 3750 ego
3204 3678 3322 3749 ipse
3361 3678 3416 3732 in
3447 3677 3553 3731 Ec-

1964 3775 2131 3831 clesia
2191 3787 2312 3827 mea
2339 3770 2627 3836 constitui,
2669 3786 2768 3841 per
2823 3771 3174 3825 incruentum
3221 3777 3274 3824 et
3299 3769 3424 3839 igne
3453 3783 3552 3824 va-

1965 3879 2127 3920 cuum
2157 3859 2544 3925 ministerium,
2579 3861 2726 3931 quod
2757 3859 2920 3915 laude
2968 3859 3341 3930 persolvitur;
3401 3858 3549 3929 quod

1965 3971 2100 4012 sane
2129 3954 2240 4012 Deo
2269 3956 2430 4028 longe
2483 3954 2763 4025 acceptius
2792 3960 2846 4006 et
2881 3951 3091 4023 gratius
3115 3951 3240 4013 erit,
3271 3963 3436 4020 quam
3460 3949 3555 4005 ille
3587 3981 3592 3990 ι

1965 4045 2171 4119 Moysis
2201 4048 2320 4118 lege
2367 4046 2688 4116 assignatus
2715 4043 2944 4098 vitulus.
2969 4042 3315 4110 Quapropter
3337 4039 3550 4094 dictum

1964 4148 2050 4194 est
2077 4157 2092 4194 :
2130 4155 2150 4190 ι
2175 4136 2534 4208 Magniﬁcabo
2555 4150 2680 4190 eum
2720 4134 2774 4189 in
2804 4132 2986 4187 laude.
3019 4131 3085 4185 Et
3106 4129 3340 4201 placebit
3360 4128 3490 4191 Deo,
3523 4148 3547 4181 ι

1967 4231 2089 4288 laus
2138 4231 2386 4296 scilicet,
2445 4247 2464 4280 ι
2493 4243 2660 4300 super
2715 4226 2953 4281 vitulum
3001 4223 3296 4288 novellum,
3340 4237 3554 4278 cornua

1965 4322 2356 4396 producentem
2387 4329 2442 4378 et
2468 4319 2724 4392 ungulas.
2767 4337 2788 4372 ι
2822 4316 2890 4372 Et
2916 4331 3050 4374 sane
3085 4316 3302 4372 veniam
3349 4329 3550 4387 purga-

1966 4419 2279 4489 tionemque
2299 4431 2424 4472 cum
2465 4414 2744 4487 principes
2770 4411 3141 4474 sacerdotum,
3168 4419 3282 4465 tum
3315 4409 3553 4480 populus

1967 4512 2146 4568 omnis
2209 4509 2490 4566 consecuti
2553 4515 2761 4574 esseut,
2829 4505 2874 4562 si
2938 4521 3139 4561 novum
3207 4511 3263 4558 et
3311 4504 3556 4558 salutare

275 4587 386 4641 τῶν
419 4587 826 4661 ἡμαρτημένων
877 4587 1062 4650 αὐτοῖς
1111 4587 1162 4640 οἰ
1199 4587 1476 4658 ἀρχιερεῖς
1523 4587 1628 4642 καὶ.
1666 4588 1722 4641 οἰ
1768 4586 1864 4642 τοῦ

1967 4605 2380 4662 Testamentum
2427 4600 2815 4672 suscipientes,
2864 4597 2961 4652 tali
3015 4595 3288 4653 sacriﬁcio
3316 4595 3560 4651 fuissent

277 4679 479 4744 παντὸς
505 4679 709 4743 ἔθνους,
735 4681 785 4733 εἰ
823 4679 1092 4751 κέχρηντο
1117 4676 1288 4750 ταύτῃ
1314 4681 1380 4750 τῇ
1405 4677 1710 4750 θυσίᾳ,,τὴν
1734 4695 1860 4733 και-

277 4772 376 4844 νὴν
407 4772 503 4826 καὶ
541 4772 808 4845 σωτήριον
834 4771 1112 4843 Διαθήκην
1142 4771 1597 4844 παραδεξάμενοι.

346 4861 484 4920 Εἶτα
510 4864 673 4936 εὐχὴν
703 4863 1024 4934 ἀναπέμπειν
1051 4866 1082 4918 6
1121 4863 1441 4937 προλεχθεὶς
1480 4862 1694 4934 πτωχὸς
1723 4862 1872 4935 ὑπὲρ.

277 4956 393 5012 τῶν.
415 4957 812 5029 παραπλησίως
839 4955 989 5028 αὐτῷ
1045 4956 1298 5028 πτωχῶν,
1332 4954 1462 5028 περί
1515 4949 1589 5010 ὧν
1625 4955 1865 5010 διδάσκει

275 5049 472 5119 λέγων·
504 5069 522 5100 ι
547 5049 822 5119 Μακάριοι
854 5051 904 5103 oi
952 5049 1159 5121 πτωχοὶ
1208 5047 1286 5119 τῷ
1321 5047 1732 5120 πνεύματι,.ὅτι
1769 5047 1867 5102 αὑ·-

274 5139 386 5194 τῶν
413 5141 559 5193 ἐστιν
587 5139 620 5211 ἡ
648 5138 892 5210 βασιλεία
941 5139 1049 5193 τῶν
1081 5139 1387 5211 οὐρανῶν.»
1441 5139 1549 5192 Καί
1601 5155 1734 5211 φησι
1775 5137 1867 5192 διά

273 5232 376 5304 τῆς
399 5231 584 5303 εὐχῆςο
625 5251 642 5283 ι
666 5231 946 5286 Ἰδέτωσαν
985 5232 1192 5304 πτωχοί
1224 5232 1318 5286 καὶ
1343 5229 1856 5304 εύφρανθήτωσαν.»

275 5323 510 5396 Εὔχεται
571 5323 628 5377 δὲ
681 5323 784 5395 ἤδη
832 5323 964 5378 ποτὲ
995 5326 1076 5389 εἰς
1133 5323 1273 5394 ἔργα
1302 5325 1549 5398 χωρῆσαι
1607 5321 1676 5376 τά
1727 5339 1863 5395 προ-

275 5417 558 5490 λεχθέντα,
583 5403 724 5470 ὥστε
745 5416 1043 5488 ὀφθαλμοῖς
1069 5417 1207 5470 αὐτὰ
1229 5415 1528 5470 θεάσασθαι
1558 5417 1684 5479 τοὺς
1714 5417 1865 5487 εἰρης-

280 5509 478 5581 μένους
512 5509 778 5580 πτωχοὺς,
835 5507 1038 5579 δηλαδὴ
1095 5508 1223 5571 τοὺς
1281 5507 1529 5580 μαθητὰς
1568 5505 1733 5561 αὑτοῦ
1767 5506 1863 5560 καὶ

275 5603 404 5666 τοὺς
426 5601 778 5666 ἀποστόλους.
809 5601 956 5655 Ἰδεῖν
983 5601 1040 5660 δὲ
1073 5600 1287 5664 τούτοις
1308 5599 1650 5678 εὔχεται-τὴν
1678 5599 1866 5653 ἀποδο-

279 5692 570 5764 μασμένην
598 5693 726 5762 ὑμῖν
780 5691 1059 5762 βασιλείαν
1104 5691 1212 5746 ἀπὸ
1262 5691 1569 5763 καταϐολῆς
1596 5692 1856 5763 κόσμου.»

349 5807 406 5840 ’δ’
451 5806 625 5864 Lavit.
692 5823 766 5869 tv,
828 5807 943 5864 1-5.
1020 5809 1064 5842 ³³
1114 5807 1245 5866 ibid.
1278 5809 1471 5875 15,15.

279 5879 328 5928 ’ἲ
365 5877 555 5936 Matth.
604 5895 658 5942 ν,
691 5879 744 5936 5.

1965 4697 2073 4754 usi.

2033 4850 2240 4907 Deinde
2256 4847 2542 4904 mendicus
2573 4846 2666 4901 ille
2692 4843 3013 4902 orationem
3032 4841 3269 4898 eﬂundit
3292 4856 3396 4912 pro
3415 4855 3560 4912 pau—

1961 4943 2186 5017 peribus
2213 4943 2298 4998 sui
2328 4938 2627 5002 similibus,
2659 4936 2728 4991 de
2753 4935 2954 5006 quibus
2989 4934 3103 4988 hate
3131 4933 3330 4989 tradit:
3359 4951 3382 4985 ο
3401 4931 3559 4989 Beati.

1961 5049 2231 5108 pauperes
2285 5029 2508 5102 Spiritu,
2565 5025 2830 5098 quoniam
2879 5025 3127 5095 ipsorum
3184 5032 3269 5079 est
3324 5037 3568 5094 regnum.

1961 5127 2228 5184 caelorum
2262 5124 2330 5179 ".
2361 5140 2381 5173 ›
2421 5119 2479 5176 In
2505 5119 2760 5176 oratione
2793 5133 2924 5173 vero
2973 5131 3072 5172 sua
3122 5115 3200 5169 ait
3227 5133 3250 5168 :.
3273 5133 3306 5166 ι.
3322 5112 3556 5168 Videant

1964 5233 2235 5292 pauperes
2264 5225 2320 5272 et
2347 5215 2614 5270 lxetentur.
2651 5229 2672 5262 ι
2709 5209 2829 5264 Jam
2865 5220 3044 5265 autem
3069 5215 3325 5280 precatur
3358 5214 3553 5274 utqua:

1966 5327 2133 5382 supra
2153 5309 2297 5364 dicta
2320 5315 2450 5363 sunt
2479 5303 2755 5368 eveniant,
2787 5303 2861 5358 ita
2891 5312 2951 5357 ut
2970 5315 3244 5373 pauperes
3279 5298 3394 5362 isti,
3448 5297 3551 5351 sci-

1966 5407 2092 5464 licet
2129 5401 2386 5472 discipuli
2437 5407 2493 5460 et
2547 5396 2782 5469 apostoli
2835 5395 2944 5470 sui,
2992 5395 3229 5450 videant.
3289 5391 3553 5446 Precatur

1965 5517 2096 5556 vero
2128 5508 2186 5553 ut
2213 5495 2428 5552 laudem
2475 5492 2623 5548 illam
2652 5491 2826 5545 vitulo
2853 5488 3069 5545 novello
3099 5498 3306 5541 cornua
3339 5479 3548 5551 produ-

1969 5599 2129 5648 cente
2169 5598 2224 5646 et
2265 5586 2497 5658 ungulas
2536 5587 2832 5655 gratiorem
2886 5579 3249 5650 conspiciant.
3303 5571 3370 5628 Et
3413 5587 3549 5629 sane

1977 5705 1998 5739 ι
2035 5687 2111 5742 Ea
2153 5697 2283 5740 vero
2308 5696 2430 5753 qua:
2489 5669 2710 5736 sursum
2770 5684 2856 5732 est
2911 5673 3210 5728 Jerusalem
3244 5669 3412 5724 libera
3437 5676 3547 5731 est,

1571 5807 1618 5840 ⁸⁸
1646 5807 1818 5866 Levit.
1853 5821 1982 5873 vnt,
2025 5805 2106 5861 l-i.
2200 5805 2242 5835 ³⁷
2277 5801 2466 5856 Matth.
2528 5813 2677 5862 xxvi,
2725 5793 2813 5850 59.
2912 5791 2964 5826 ⁸⁸
3011 5789 3199 5845 Multli.
3229 5803 3398 5854 xxvii,
3451 5783 3547 5844 20.
