4086 6442
604 383 713 442 765

1285 379 1561 438 EUSEBll
1593 377 2080 438 CESARIENSIS
2117 377 2182 436 01

2310 377 2495 439 PARS
2531 375 2624 434 111.
2664 397 2730 418 -ι-
2762 373 3175 431 ΕΧΕΕΕΤΙΟᾹ.

3841 371 3930 430 764

602 503 864 578 quoniam
906 502 1085 558 oratio
1142 499 1264 571 ejus
1307 499 1586 557 diuturnis
1630 509 1822 571 postea
1847 498 2182 570 temporibus

2287 499 2470 553 θεῖσαν
2489 494 2656 551 αὐτοῦ
2684 496 2888 549 αἴνεσιν
2907 493 3005 565 τήν
3025 494 3166 565 ὑπὲρ
3193 503 3410 564 μοσχον
3433 490 3593 545 νέον
3613 488 3720 543 τὸν
3741 489 3930 562 κέρατα

604 597 858 654 effectum
880 603 1178 651 consecuta
1231 599 1338 657 est,
1370 592 1560 648 beatos
1613 591 1944 663 praedicabat
1963 607 2060 647 eos
2092 589 2187 660 qui

605 688 798 744 talium
852 702 1037 742 rerum
1098 685 1412 756 spectaculo
1445 683 1651 755 dignati
1698 692 2112 754 essentzquare
2131 681 2186 736 in

605 777 918 841 Evangeliis
946 774 1232 846 discipulis
1262 774 1380 830 suis
1400 773 1607 838 dixisse
1628 773 1890 830 scribitur
1913 789 1928 828 :
1965 790 1984 823 ι
2005 769 2188 826 Vestri

602 880 788 926 autem
850 869 1186 932 heatioculi,
1239 869 1369 938 quia
1419 867 1645 932 vident;
1683 873 1740 920 ct
1767 880 1932 922 aures
1967 871 2186 931 vestrae,

605 965 738 1035 quia
770 963 1001 1020 audiunt
1054 963 1120 1014 ⁸ο.
1157 981 1178 1017 ι
1214 961 1342 1018 Haec
1395 962 1599 1032 quippe
1622 958 1802 1013 aliinia
1862 958 1991 1013 huic
2041 957 2187 1014 dicto

601 1064 783 1123 erant,
828 1053 1107 1111 «Videant
1160 1069 1436 1125 pauperes
1464 1093 1481 1116 ,
1531 1061 1585 1109 et
1632 1051 1925 1107 laetentur:
1959 1051 2187 1121 quierite

603 1147 799 1211 Deum,
827 1159 882 1204 et
921 1149 1068 1204 vivet
1102 1147 1284 1202 anima
1322 1153 1532 1202 vestra.
1566 1165 1588 1198 ι
1629 1142 1768 1200 Cum
1808 1159 1908 1214 pro
1933 1143 2188 1214 pauperi-

604 1242 709 1298 bus
751 1247 1022 1312 rogasset,
1080 1239 1232 1311 ipsos
1289 1237 1510 1294 demum
1573 1237 1894 1308 alloquitur,
1943 1236 2187 1307 ipsisque

603 1339 773 1394 vitam
801 1337 1115 1400 denuntiat,
1174 1352 1286 1392 non
1343 1351 1660 1407 corporum,
1707 1334 1805 1392 sed
1829 1335 2135 1390 animarum
2167 1352 2181 1388 :

603 1446 770 1502 quam
804 1431 874 1485 ab
907 1429 1044 1500 ipsis
1073 1428 1243 1486 Deum
1271 1429 1645 1498 quaerentibus
1664 1427 2040 1498 reperiendam
2063 1441 2186 1482 esse

605 1521 917 1593 pollicetur,
969 1521 1102 1575 talia
1165 1519 1398 1575 fatusu
1429 1518 1668 1586 Qumrite
1693 1517 1885 1582 Deum,
1934 1525 1990 1572 et
2040 1516 2186 1572 vivet

605 1614 789 1668 anima
821 1621 1024 1669 vestra.
1055 1631 1074 1667 ι
1113 1609 1258 1668 Fons
1287 1612 1490 1682 quippe
1539 1611 1665 1665 vita:
1689 1624 1858 1680 penes
1891 1609 2046 1664 illum
2076 1615 2182 1664 est.

603 1705 972 1772 Quamobrem
996 1704 1189 1761 iisdem
1229 1702 1566 1774 pauperibus
1587 1701 1854 1774 praecipit,
1890 1708 1972 1764 ut,
2002 1700 2184 1754 omnia

605 1807 1018 1870 postponentes,
1055 1798 1209 1852 illum
1264 1797 1369 1852 tide
1407 1797 1659 1867 bonaque
1691 1810 1788 1866 spe
1841 1794 2036 1848 muniti
2063 1808 2186 1864 per-

2291 590 2594 662 έκφέροντα
2652 590 2747 644 καὶ
2797 588 2987 652 ὁπλάς.
3023 589 3132 642 Καὶ
3171 586 3237 658 δὴ
3286 582 3746 656 πληρουμένης
3782 585 3929 640 αὑτοῦ

2289 681 2392 751 τῆς
2417 680 2585 751 εὐχῆς
2623 681 2859 752 μακροῖς
2887 677 3113 748 ὕστερον
3145 677 3387 749 χρόνοις,
3434 673 3794 746 ἐμακάριζε
3821 679 3926 742 τοῦ,

2291 769 2732 844 κατηξιωμένους
2775 771 2876 842 τῆς
2916 769 3026 824 τῶν
3073 771 3438 841 πραγμάτων
3507 767 3691 829 θέας·
3757 765 3838 820 διὸ
3883 771 3931 821 έν

2289 865 2644 935 Εὑαγγελίοις
2672 865 3086 935 ἀναγέγραπται
3132 867 3249 929 τοῖς
3280 861 3476 919 αὑτοῦ
3508 861 3818 934 μαθηταῖς
3863 865 3930 916 εί-

2289 957 2426 1012 πὼνο
2459 977 2479 1010 ι
2514 957 2697 1029 ’Υμῶν
2723 957 2782 1010 δὲ
2816 957 3141 1030 μακάριοιοί
3171 955 3490 1030 ὀφθαλμοὶ,
3510 956 3618 1008 ὅτι
3655 953 3931 1025 βλέπυσι,

2288 1049 2386 1102 καὶ
2411 1048 2480 1103 τὰ
2504 1041 2619 1102 ὦτα
2650 1048 2826 1119 ὑμῶν,
2857 1048 2940 1101 ὅτι
2969 1047 3281 1102 ἀκούουσαι
3338 1045 3574 1102 Ταῦτα
3631 1044 3757 1115 γὰρ
3802 1045 3930 1115 σύμ-

2289 1159 2442 1212 φωνα
2471 1137 2540 1210 ἦν
2570 1139 2648 1211 τῷ
2673 1141 2904 1212 φήσαντι
2943 1140 3104 1211 λόγῳ·
3158 1159 3178 1192 ι
3213 1139 3524 1194 Ἰδέτωσαν
3586 1138 3820 1209 πτωχοὶ
3847 1140 3928 1191 κειὶ

2287 1231 2767 1303 εύφρανθήτωσανο
2801 1231 3137 1303 ἑκζητήσατε
3158 1231 3248 1285 τὸν
3277 1231 3445 1295 Θεὸν,
3482 1228 3604 1283 καὶ
3640 1227 3927 1300 ζήσεταιή

2286 1322 2432 1394 ψυχὴ
2467 1322 2672 1394 ὑμῶν.»
2729 1321 3042 1392 Εύξὰμενος
3088 1321 3228 1393 ὑπὲρ
3258 1321 3368 1375 τῶν
3441 1318 3759 1388 πτωχῶν,
3805 1319 3929 1388 πρὸς

2286 1415 2484 1479 αὐτοὺς
2504 1414 2689 1467 λοιπὸν
2716 1417 2947 1468 ποιεῖται
2988 1413 3080 1466 τὸν
3135 1412 3312 1483 λόγον,
3370 1410 3850 1482 εὐαγγελίζεται
3873 1429 3927 1464 τι

2286 1509 2469 1572 αὐτοῖς
2501 1507 2646 1580 ζωὴν
2671 1507 2731 1562 οὐ
2762 1506 3054 1578 σωμάτων.
3106 1506 3242 1560 ἀλλὰ
3273 1507 3506 1578 ψυχῶνο
3579 1506 3697 1560 καὶ
3727 1504 3928 1574 1:2”va

2286 1603 2472 1666 αὐτοῖς
2502 1601 2896 1674 εὑρεθήσεσθαι
2931 1601 3266 1672 ὲκζητήσασι
3291 1602 3383 1656 τὸν
3417 1600 3587 1655 Θεὸν
3640 1599 3924 1669 ἐπαγγέλ-

2285 1695 2455 1750 λεταιο
2490 1695 2570 1748 διό
2599 1711 2750 1766 φησιο
2785 1715 2804 1747 ι
2826 1695 3196 1768 Ἑκζητήσατε
3224 1695 3315 1750 τὸν
3333 1695 3504 1761 Θεὸν,
3549 1694 3667 1748 καὶ
3697 1693 3924 1765 ζήσεται

2286 1785 2502 1858 ἡψυχὴ
2525 1785 2701 1856 ὑμῶν.
2738 1804 2756 1837 ι
2809 1786 2968 1856 Πηγὴ
3025 1786 3134 1857 γὰρ
3178 1784 3322 1857 ζωῆς
3375 1788 3527 1858 παρ’
3581 1783 3776 1855 αύτῷ.
3835 1787 3920 1838 Διὸ

601 1891 856 1961 quirant;
891 1891 966 1946 ita
997 1891 1144 1948 enim
1183 1906 1278 1947 eos
1310 1891 1420 1944 vita
1463 1891 1662 1944 animae
1696 1890 1940 1944 victuros
1963 1887 2182 1959 pollice-

2288 1881 2468 1934 πάντα
2499 1879 2728 1951 δεύτερα
2751 1879 3011 1952 θεμένους
3065 1880 3190 1944 τοὺς
3241 1881 3599 1953 εἰρημένους
3639 1878 3918 1950 πτωχοὺς,

603 1991 734 2038 tur:
764 1983 832 2039 de
881 1999 990 2054 qua
1040 1984 1152 2039 vita
1208 1983 1324 2038 haec
1384 1981 1680 2052 Apostolus
1737 1981 1965 2036 docuit:
2007 1977 2184 2032 «Nam

602 2075 720 2134 vita
773 2083 956 2132 vestra
1011 2075 1334 2130 abscondita
1387 2081 1472 2129 est
1511 2088 1637 2128 cum
1690 2071 1914 2128 Christo
1960 2072 2020 2126 in-
2049 2069 2180 2125 Deo.

599 2165 739 2222 Cum
763 2173 944 2221 autem
987 2165 1243 2221 Christus
1290 2165 1605 2235 apparuerit
1655 2163 1766 2216 vita
1816 2171 2017 2224 vestra,
2052 2169 2185 2214 tunc

599 2271 660 2316 et
711 2273 810 2314 vos
845 2251 972 2312 cum'
1005 2258 1099 2312 illo
1145 2255 1486 2328 apparebitis
1534 2255 1588 2308 in
1637 2253 1809 2325 gloria
1833 2252 1901 2305 ⁶¹.
1941 2271 1962 2306 ι
1987 2251 2183 2308 Postea

601 2350 822 2406 subdit:
862 2369 879 2401 ι
902 2349 1170 2416 Quoniam
1189 2349 1469 2404 exaudivit
1521 2361 1786 2418 pauperes
1815 2345 2100 2410 Dominus,
2129 2353 2184 2401 et

601 2442 815 2497 vinctos
838 2457 969 2498 suos
992 2457 1100 2496 non
1129 2442 1398 2512 despexit.
1438 2462 1458 2494 ι
1493 2439 1593 2495 llic
1632 2455 1888 2503 rursum,
1927 2438 2184 2494 «exaudi-

600 2535 701 2598 vit,
731 2555 750 2588 ι
787 2550 906 2606 pro,
945 2553 963 2586 ι
993 2535 1283 2599 exaudiet;
1325 2554 1343 2586 ι
1377 2543 1432 2590 et
1461 2576 1476 2600 ,
1512 2552 1532 2584 ι
1564 2547 1671 2588 ηοη
1707 2532 1977 2603 despexit.
2006 2549 2025 2582 ι
2060 2545 2181 2602 pro,

607 2637 628 2672 ι
665 2635 775 2677 non
799 2620 1086 2693 despiciet,
1115 2642 1134 2674 ι
1169 2622 1376 2676 dictqu
1399 2631 1504 2677 est.
1535 2621 1804 2691 Cumjarn
1833 2622 1983 2676 enim
2011 2619 2182 2675 dixis-

599 2721 706 2777 set,
742 2730 761 2764 ι
789 2712 1026 2779 Quaerite
1057 2711 1249 2780 Deum,
1297 2722 1352 2768 et
1394 2713 1538 2768 vivet
1591 2715 1771 2768 anima
1818 2721 2040 2777 vestra;
2071 2732 2092 2766 ›
2119 2711 2184 2767 fi—

599 2805 795 2861 denter
829 2806 926 2870 ait,
973 2807 1220 2877 qurerite,
1275 2807 1536 2876 quoniam
1590 2804 1848 2861 exaudiet
1892 2819 2178 2876 pauperes.

597 2895 786 2968 Neque
807 2898 950 2952 enim
981 2897 1436 2968 voluptariorum,
1462 2899 1825 2968 superborum
1851 2905 1905 2952 et
1925 2912 2184 2965 arrogan-

599 2991 738 3044 tium
788 2989 931 3046 Deus
960 2997 1078 3058 est;
1115 2989 1210 3045 sed
1256 2990 1544 3045 humilium
1577 2998 1632 3046 et
1666 3006 1986 3060 pauperum.
2034 2988 2182 3056 Qua-

599 3084 1040 3154 propterdicitur
1071 3103 1084 3138 :
1124 3103 1142 3136 ‹
1175 3081 1235 3138 In
1263 3099 1425 3154 quem
1459 3078 1769 3154 respiciain,
1810 3083 1918 3138 nisi
1946 3083 2000 3137 in
2025 3098 2182 3138 man.

599 3186 818 3233 suetum
851 3186 904 3234 et
948 3178 1208 3232 humilem
1263 3185 1318 3232 et
1349 3177 1592 3248 quietum
1623 3185 1678 3233 et
1714 3185 2037 3232 trementem
2064 3191 2182 3231 ser-

2285 1972 2534 2043 ἐκζητεῖν
2556 1974 2719 2029 αὐτὸν
2748 1973 3074 2046 προστάττει
3108 1974 3246 2045 μετὰ
3278 1974 3534 2038 πίστεως
3565 1974 3680 2027 καὶ
3707 1973 3918 2043 ἀγαθῆς

2283 2062 2516 2127 ἐλπίδος⁸
2579 2063 2842 2130 ζήσεσθαι
2893 2064 3002 2136 γὰρ
3035 2065 3232 2130 αὐτοὺς
3299 2064 3750 2135 ἐπαγγέλλεται
3777 2061 3918 2134 ζωὴν

2282 2155 2480 2227 ψυχῆς,
2544 2155 2671 2230 περὶ
2723 2152 2792 2230 ἧς
2836 2157 2930 2210 καὶ
2955 2160 2984 2211 ὁ
3030 2157 3350 2222 ’Λπόστολος
3383 2159 3672 2213 ἐδίδασκε
3701 2157 3910 2226 λέγων·

2288 2267 2308 2302 ‹
2333 2250 2394 2302 Ἡ
2423 2249 2532 2321 γὰρ
2562 2249 2673 2320 ζωὴ
2696 2249 2850 2321 ὑμῶν
2882 2250 3188 2323 κέκρυπται
3225 2251 3325 2304 σὺν
3352 2249 3429 2322 τῷ
3463 2248 3728 2322 Χριστῷ
3759 2250 3821 2300 ἐν
3841 2249 3911 2319 τῷ

2283 2341 2422 2413 Θεῷ.
2467 2344 2634 2396 Ὅταν
2663 2345 2693 2397 ὁ
2731 2343 2963 2415 Χριστὸς
3019 2345 3366 2417 φανερωθῇή
3398 2343 3520 2416 ζωὴ
3565 2344 3765 2415 ὑμῶν,
3795 2342 3907 2396 τότε

2283 2438 2377 2490 καὶ
2409 2437 2566 2507 ὑμεῖς
2595 2437 2693 2490 σὺν
2715 2437 2864 2508 αὐτῷ
2895 2437 3344 2510 φανερωθήσεσθε
3377 2441 3434 2492 ὲν
3489 2438 3665 2513 δόξῃ.
3715 2457 3734 2490 ι
3800 2434 3904 2490 Εἶτ’

2282 2529 2542 2597 ἐπιλέγει·
2591 2529 2748 2582 «Ὅτι
2793 2531 3077 2601 εἱσήκουσε
3119 2530 3236 2585 τῶν
3278 2534 3536 2605 πενήτων
3595 2535 3629 2586 ὁ
3675 2530 3900 2602 Κύριος,

2282 2622 2376 2675 καὶ
2407 2623 2532 2687 τοὺς
2554 2621 2961 2693 πεπεδημένους
2982 2622 3149 2676 αὑτοῦ
3175 2624 3276 2677 οὐκ
3301 2624 3673 2691 ἐξουδένωσε.
3691 2645 3711 2675 ι
3735 2622 3899 2676 Πάλιν

2281 2713 2339 2767 δὲ
2370 2713 2649 2768 κάνταῦθα
2675 2714 2758 2776 τὸ,
2796 2733 2814 2766 ι
2843 2717 3219 2785 εἰσήκουσεν,ι
3258 2716 3379 2770 ἀντὶ
3426 2715 3552 2779 τοῦ,
3590 2735 3612 2767 ¢
3646 2712 3899 2768 εἰσακού-

2283 2823 2454 2868 σεται,
2478 2825 2497 2857 ι
2513 2805 2746 2878 εἴρηται,
2765 2806 2860 2860 καὶ
2885 2806 2965 2870 τὸ,
3003 2826 3021 2859 ι
3053 2807 3154 2862 οὐκ
3172 2807 3556 2874 ὲξουδένωσεν,
3589 2828 3610 2860 ι
3635 2807 3766 2862 ἀντὶ
3781 2805 3892 2867 τοῦ,

2287 2916 2308 2948 ι
2335 2898 2434 2952 οὐκ
2461 2897 2858 2963 ὲξουδενώσει.»
2899 2898 3185 2971 Προειπὼν
3216 2899 3345 2973 γὰρ,
3391 2920 3409 2953 ι
3436 2903 3746 2973 Ζητήσατε
3806 2896 3893 2952 τὸν

2281 2988 2432 3053 Θεὸν,
2465 2990 2560 3043 καὶ
2593 2988 2818 3062 ζήσεται
2844 2991 2878 3060 ὴ
2901 2989 3048 3061 ψυχὴ
3078 2990 3287 3061 ύμῶν,ι
3334 2991 3704 3064 θαρσούντως
3737 2991 3886 3062 φησὶ,

2280 3083 2583 3154 Ζητήσατε,
2613 3083 2696 3136 ὃτι
2747 3085 3124 3138 εἰσακούσεται
3181 3085 3290 3139 τῶν
3316 3087 3600 3158 πενήτων.
3647 3086 3729 3140 Ού
3785 3083 3889 3156 γὰρ

2279 3172 2610 3245 τρυφώντων
2638 3173 2786 3228 ἐστὶν
2811 3175 2840 3227 ὁ
2871 3175 3025 3240 Θεὸς,
3053 3175 3174 3229 οὐδὲ
3197 3177 3524 3248 ἐπηρμένων
3549 3178 3656 3232 καὶ
3689 3176 3882 3241 ἀλαζο-

599 3285 792 3326 mones
832 3286 980 3327 meos
1017 3269 1096 3325 “?
1135 3289 1153 3322 ι
1189 3268 1417 3325 Fiducia
1459 3271 1627 3341 igitur
1669 3269 1926 3325 instructi
1957 3269 2182 3338 quzerite

2285 3265 2608 3336 νευομένων,
2635 3266 2769 3321 ἀλλὰ
2819 3267 3094 3322 ταπεινῶν
3147 3268 3240 3322 καὶ
3293 3269 3566 3342 πενήτων.
3606 3268 3708 3324 Διδ
3741 3271 3886 3340 εἴρη-

600 3360 796 3424 Deum,
825 3363 979 3432 gnari
1008 3361 1295 3418 Dominum
1329 3379 1429 3420 vos
1468 3377 1737 3434 pauperes
1770 3361 2184 3426 exauditurum,

598 3464 654 3510 et
689 3455 899 3510 vinctos
919 3471 1050 3511 suos
1084 3472 1194 3511 non
1232 3455 1618 3525 deSpecturum
1641 3469 1802 3522 esse;
1835 3454 1953 3510 sive
1981 3468 2180 3510 secun-

598 3544 731 3599 dum
790 3544 1220 3614 Symmachum:
1253 3565 1270 3598 ι
1305 3545 1371 3600 Et
1407 3547 1622 3600 vinctos
1683 3559 1814 3600 suos
1871 3560 1980 3602 non
2026 3545 2182 3617 parvi

599 3636 815 3692 faciet.»
846 3635 966 3703 Quo
987 3646 1148 3708 pacto
1175 3647 1356 3693 autem
1371 3637 1424 3692 hi
1453 3651 1742 3708 pauperes,
1761 3636 1926 3691 vincti
1953 3647 2008 3693 et
2027 3653 2181 3693 com.

599 3727 766 3798 pediti
803 3726 1303 3800 fuerintintelliges.
1328 3731 1374 3784 si
1399 3731 1624 3784 Paulum
1655 3731 1846 3786 audias
1876 3731 2178 3788 dicentem:

605 3839 624 3870 ι
648 3817 852 3874 Paulus
880 3818 1097 3874 vinctus
1125 3819 1256 3876 .Iesu
1303 3821 1512 3876 Christi
1537 3821 1582 3852 ⁸³
1607 3839 1621 3876 :
1647 3839 1666 3873 ι
1696 3836 1762 3875 ac
1795 3822 2053 3877 similiter
2103 3838 2183 3878 re.-

600 3912 736 3982 liqui
799 3913 1054 3984 discipuli
1109 3930 1208 3983 pro
1245 3915 1450 3971 Christi
1489 3914 1689 3970 vinctis
1737 3913 1992 3970 habendi.
2039 3914 2184 3982 Quin

596 4006 762 4060 etiam
800 4007 835 4060 ii
867 4007 960 4077 qui
994 4007 1048 4062 in
1081 4007 1433 4063 tabernaculo
1463 4007 1752 4080 (corporis)
1782 4008 1941 4078 quasi
1973 4009 2026 4064 in
2061 4010 2181 4063 vin-

597 4097 739 4153 culis
790 4105 940 4162 sunt,
989 4097 1176 4168 lugent
1224 4098 1598 4169 supplicantes
1629 4114 1661 4153 a
1694 4100 1926 4156 vinculis
1989 4101 2126 4170 eripi
2163 4115 2187 4153 :.

596 4201 769 4258 quare
797 4186 990 4241 dicunt
1017 4205 1030 4241 :
1069 4205 1088 4238 ι
1123 4185 1316 4240 Infelix
1331 4203 1436 4257 ego.
1455 4187 1639 4252 homo,
1665 4186 1789 4256 quis
1815 4203 1900 4242 me
1929 4185 2186 4241 liberabit

595 4293 664 4332 ex
701 4293 930 4348 corpore
984 4278 1178 4334 mortis
1213 4278 1377 4348 hujus
1409 4279 1488 4334 “‘2
1525 4297 1544 4330 ι
1579 4277 1684 4344 Qui
1728 4295 1860 4350 ergo
1909 4277 2186 4348 corrupti-

596 4368 691 4425 bili
713 4385 944 4440 corpore
972 4371 1158 4428 onusti
1190 4379 1339 4437 sunt,
1375 4377 1430 4427 et
1459 4373 1872 4443 corruptionem
1927 4385 2186 4426 aversan-

594 4469 709 4526 tur,
759 4470 1039 4533 gementes
1087 4462 1142 4517 in
1193 4462 1296 4518 hac
1326 4465 1673 4534 corruptibili
1718 4465 1850 4529 vita,
1889 4464 2056 4518 vincti
2089 4462 2181 4518 Dei

596 4559 748 4617 sunt,
782 4562 838 4609 et
866 4554 1159 4625 compediti
1182 4555 1325 4625 ejus,
1353 4572 1588 4627 quorum
1631 4557 2048 4628 deprecationes
2070 4569 2179 4610 non

595 4645 856 4716 despiciet
879 4662 1056 4717 neque
1079 4647 1442 4703 aversabitur.
1494 4649 1597 4714 Qui
1627 4665 1755 4704 vero
1798 4647 2017 4703 vincula
2076 4661 2177 4702 sua

597 4738 960 4810 impinguant,
987 4747 1042 4796 et
1075 4741 1245 4796 nimia
1275 4743 1554 4812 voluptate
1618 4741 1823 4808 fovent,
1857 4742 2026 4798 vincti
2049 4757 2178 4798 cor-

595 4833 865 4903 ruptionis
892 4840 948 4888 et
981 4837 1174 4889 mortis
1198 4834 1322 4902 jure
1345 4834 1618 4891 dicantur.

2280 3375 2389 3412 ταιο
2438 3378 2456 3410 ι
2499 3359 2624 3412 Ἐπὶ
2645 3359 2768 3414 τίνα
2789 3359 3063 3430 autem.»
3102 3361 3135 3433 ἢ
3171 3361 3264 3414 ἐπὶ
3295 3361 3388 3415 τὸν
3420 3364 3604 3434 πρᾶον
3642 3361 3744 3416 καὶ
3788 3377 3878 3414 τα-

2282 3451 2488 3517 πεινὸν,
2523 3453 2620 3506 καὶ⁵
2656 3451 2877 3524 ἡσύχιον
2902 3455 2998 3508 καὶ
3023 3453 3298 3526 τρέμοντα
3324 3471 3424 3527 μου
3449 3456 3580 3521 τοὺς
3609 3455 3875 3524 λόγουςςο

2281 3544 2620 3617 Θαρσοῦντες
2653 3542 2746 3600 οὖν
2767 3544 3038 3618 ξητήσατε
3070 3547 3164 3600 τὸν
3213 3547 3366 3614 Θεὸν,
3393 3548 3623 3615 εἰδότες.
3657 3550 3742 3604 ὅτι
3771 3549 3874 3601 εἱσ-

2283 3637 2576 3693 ακούσεται
2626 3637 2778 3710 ὑμῶν
2827 3639 2936 3692 τῶν
2989 3640 3238 3711 πενήτων
3279 3640 3504 3715 Κύριος,
3597 3644 3712 3698 καὶ.
3753 3643 3873 3704 τοὺς

2283 3728 2690 3800 πεπεδημένους
2740 3730 2905 3784 αὑτοῦ
2949 3731 3050 3786 οὐκ
3081 3731 3448 3796 έξουδενώσει·
3496 3734 3530 3806 ἦ
3581 3734 3736 3790 κατὰ
3788 3733 3873 3786 τὸν

2282 3820 2598 3892 Σύμμαχον,
2651 3841 2670 3872 ι
2718 3822 2830 3876 Καὶ
2888 3825 3016 3888 τοὺς
3057 3823 3340 3895 δεσμώτας
3375 3827 3503 3891 τοὺς
3548 3828 3752 3882 ἑαυτοῦ
3779 3825 3870 3880 οὐκ

2282 3913 2624 3979 έξευτελίσει.
2661 3934 2678 3967 ι
2741 3915 2975 3988 Νοήσεις
3025 3916 3082 3970 δὲ
3140 3917 3289 3982 ὅπως
3350 3919 3402 3972 οἱ
3457 3921 3673 3991 πτωχοὶ
3733 3915 3868 3974 οὗτοι

2281 4007 2556 4077 δεσμῶται
2581 4009 2676 4060 καὶ
2703 4007 3065 4080 πεπεδημένοι
3087 4009 3373 4078 γεγόνασιν
3403 4012 3619 4068 ἁκούων
3658 4012 3866 4066 Παύλου

2282 4094 2552 4165 λέγοντος·
2613 4116 2630 4148 ι
2686 4096 2898 4161 Παῦλος
2934 4098 3160 4170 δέσμιος
3222 4098 3397 4170 Ἰησοῦ
3453 4103 3720 4174 Χριστοῦο
3763 4121 3780 4152 ι

2283 4189 2683 4260 παραπλησίως
2725 4190 2820 4244 καὶ
2882 4192 2933 4245 οἱ
2989 4191 3170 4246 λοιποὶ
3205 4194 3445 4266 μαθηταὶ
3474 4195 3689 4266 δέσμιοι
3732 4190 3863 4266 ἦσαν

2282 4281 2537 4352 Χριστοῦ.
2587 4281 2748 4336 Ἀλλὰ
2797 4282 2893 4336 καὶ
2926 4285 2975 4337 οἱ
3023 4283 3174 4349 ὄντες
3222 4288 3280 4340 έν
3329 4287 3407 4359 τῷ
3464 4291 3654 4359 σκήνει
3684 4287 3866 4356 ὥσπερ

2282 4373 2342 4426 έν
2375 4373 2592 4444 δεσμοῖς
2630 4374 2782 4438 ὄντες
2817 4373 3059 4430 στένουσι
3097 4377 3320 4451 λυθῆναι
3365 4379 3475 4433 τῶν
3513 4379 3732 4452 δεσμῶν
3761 4381 3864 4432 its--

2281 4465 2543 4531 τεύοντεςο
2577 4466 2657 4521 διό
2685 4483 2835 4537 φασιο
2872 4485 2892 4519 ι
2921 4469 3278 4543 Ταλαεπωρος
3325 4472 3438 4542 ἐγὼ
3457 4473 3765 4545 ἄνθρωπος,
3784 4469 3862 4534 τίς

2289 4578 2354 4633 με
2386 4561 2606 4632 ῥύσεται
2645 4565 2710 4618 ὲκ
2740 4563 2991 4636 σώματος
3045 4563 3138 4619 τοῦ
3176 4564 3406 4619 θανάτου
3465 4567 3657 4621 τούτου
3687 4585 3745 4634 ;›
3798 4562 3856 4618 οἱ

2287 4651 2387 4724 μὲν
2418 4648 2512 4707 οὖν
2548 4654 2609 4707 τὸ
2639 4654 2874 4727 φθαρτὸν
2905 4655 3063 4726 σῶμα
3109 4655 3458 4728 βαρούμενοι,
3499 4660 3592 4712 καὶ
3613 4660 3716 4732 τὴν
3737 4656 3856 4728 φθο·

2285 4742 2386 4816 ρὰν
2418 4745 2907 4818 ἀποστρεφόμενοι,
2935 4747 3212 4811 στένοντες
3267 4765 3327 4801 τε
3362 4747 3456 4801 ἐπὶ
3513 4748 3592 4820 τῷ
3639 4745 3852 4820 φθαρτῴ

2286 4834 2406 4905 βίῳ,
2435 4835 2709 4908 δεσμῶται
2743 4837 2836 4890 τοῦ
2876 4838 3011 4892 Θεοῦ
3045 4841 3391 4911 τυγχάνουσι,
3427 4842 3523 4895 καὶ
3558 4836 3854 4910 πεπεδημέ-

593 4944 676 4981 νοι
707 4927 895 4993 αὐτοῦ,
925 4921 1002 4983 ὧν
1023 4929 1123 4994 τὰς
1145 4930 1313 5002 εὐχὰς
1343 4931 1443 4985 οὐκ
1473 4931 1843 4997 ὲξουδενώσει,
1883 4931 2005 4985 οὐδὲ
2039 4931 2540 5004 ἀποστραφήσεται.
2583 4933 2647 4985 Οἱ
2671 4932 2730 4986 δὲ
2759 4933 2886 4997 τοὺς
2908 4933 3115 4988 ἑαυτῶν
3141 4934 3374 5008 δεσμοὺς
3401 4937 3727 5005 πιαίνοντες,
3766 4931 3850 4986 καὶ

592 5020 684 5076 διὰ
720 5021 920 5095 πολλῆς
950 5024 1166 5096 τρυφῆς
1193 5024 1565 5098 περιέποντες,
1598 5027 1877 5100 δεσμῶται
1911 5026 2120 5100 φθορᾶς
2155 5028 2250 5081 καὶ
2271 5027 2502 5082 θανάτου
2529 5026 2770 5096 λεχθεῖεν
2801 5028 2868 5082 ἂν
2902 5030 3146 5095 εἰκότως.

668 5141 832 5200 Vsus.
857 5144 946 5200 ⁸55.
976 5165 994 5197 ι
1032 5145 1280 5203 Laudent
1319 5149 1471 5204 illum
1515 5150 1638 5205 caeli
1667 5158 1723 5206 et
1753 5158 1919 5216 terra,
1953 5163 2103 5205 mare
2123 5159 2179 5205 et

593 5233 774 5287 omnia
806 5235 1021 5304 reptilia
1047 5236 1102 5290 in
1125 5253 1210 5293 eo.
1239 5257 1258 5291 ι
1307 5234 1578 5306 Quoniam
1632 5256 1856 5312 regnum
1910 5241 2176 5298 etelorum

593 5325 924 5400 pauperibus
956 5327 1232 5398 pollicitus
1275 5337 1362 5385 est
1418 5330 1505 5388 his
1553 5331 1772 5388 verbis:
1817 5351 1837 5385 ι
1871 5331 2018 5387 Beati
2047 5348 2178 5404 pau-

593 5430 752 5486 peres
775 5417 992 5488 spiritu,
1025 5420 1286 5490 quoniam
1329 5421 1574 5492 ipsorum
1624 5433 1709 5479 est
1757 5440 1986 5497 regnum
2008 5426 2176 5483 caelo-

593 5524 714 5564 rum
775 5510 853 5578 “;
888 5528 907 5563 ι
971 5512 1264 5568 admodum
1325 5525 1728 5587 consequenter
1770 5527 2057 5590 postquam
2107 5518 2176 5575 de

592 5603 926 5672 pauperibus
986 5603 1201 5662 locutus
1221 5613 1307 5662 est
1335 5647 1351 5674 ,
1409 5607 1620 5664 infert:
1660 5607 1952 5668 «Laudent
2019 5611 2172 5668 illum

663 5756 935 5832 '_'_Ma_ttb.
995 5777 1115 5832 κιιι,
1176 5761 1262 5820 l6.

594 5763 935 5864 ,εᾯὲῇιιιιὲ
985 5777 1115 5864 gini,
1176 5763 1262 5820 l6.
1375 5765 1416 5799 ⁶¹
1453 5763 1666 5824 Coloss.
1728 5783 1823 5835 ιιι..
1858 5767 1914 5838 '5,
1972 5767 2027 5826 6ο

587 5827 643 5915 ,σε
680 5827 872 5886 uana.
903 5846 955 5899 ι’,
985 5831 1037 5888 3.

2136 5768 2182 5804 "
2233 5765 2342 5828 [ει.
2399 5784 2546 5833 um,
2605 5769 2659 5826 2.

2362 5167 2382 5201 ι
2425 5148 2807 5204 Αἱνεσάτωσαν
2840 5149 3001 5205 αὑτὸν
3027 5151 3244 5224 οὐρανοὶ
3266 5155 3362 5207 καὶ
3383 5153 3478 5225 γῆ,
3501 5152 3744 5210 Θάλασσα
3765 5147 3848 5206 καὶ

2283 5237 2463 5292 πάντα
2490 5237 2560 5291 τὰ
2583 5239 2818 5312 ἓρποντα
2865 5242 2922 5294 ἐν
2975 5242 3167 5314 αὐτῇ.»
3224 5243 3442 5317 Ἐπειδὴ
3471 5249 3589 5310 τοῖς,
3630 5246 3846 5318 πτωχοῖς

2282 5328 2648 5401 ἐπηγγείλατο
2673 5330 2950 5401 βασιλείαν
3007 5333 3253 5407 οὐρανῶν
3297 5334 3488 5402 εἰπὼν,
3522 5355 3542 5389 ι
3586 5339 3843 5410 Μακάριοι

2281 5426 2330 5478 οἱ
2353 5425 2558 5495 πτωχοὶ
2589 5423 2670 5494 τῷ
2696 5425 2987 5498 πνεύματι,
3026 5429 3109 5482 ὅτι
3147 5428 3326 5485 αὐτῶν
3363 5431 3509 5484 ἐστιν
3549 5433 3582 5504 ή
3615 5427 3844 5502 βασιλεία

2281 5517 2390 5571 τῶν
2410 5517 2708 5590 οὐρανῶν»
2745 5519 2950 5592 σφόδρα
2971 5521 3278 5586 ἀκολούθως
3309 5521 3448 5594 μετὰ
3478 5523 3568 5578 τὸν
3597 5525 3725 5597 περὶ
3750 5517 3840 5576 τῶν

2281 5612 2530 5684 πενήτων
2553 5611 2710 5683 λόγον
2736 5613 3008 5688 ἐπιφέρει·
3045 5632 3063 5666 ι
3103 5615 3482 5670 Αἰνεσάτωσαν
3509 5615 3670 5670 αὐτὸν
3697 5616 3840 5688 ούρα-

2741 5771 2814 5827 λ⁶³
2863 5769 3092 5828 Philem.
3136 5787 3173 5838 ι,
3213 5773 3260 5830 l.
3373 5771 3418 5805 “
3445 5769 3600 5828 Rom.
3635 5788 3731 5838 vn,
3762 5766 3835 5827 24.
