4086 6442
225 411 336 469 765

1352 408 1855 465 COMMENTAth
1878 406 1949 463 ιιι
1986 405 2335 479 esu-mos.

3401 404 3511 478 766

226 522 364 580 vol.»
416 519 632 593 Ἐπειδὴ
670 520 811 576 κατὰ
850 520 1028 574 πᾶσαν
1056 520 1156 591 τὴν
1194 521 1520 593 οἰκουμένην
1550 523 1693 576 κατά
1746 540 1805 576 τε

1925 522 2058 577 :mli.
2093 540 2112 574 ι
2143 520 2281 588 Quia
2333 534 2465 576 vero
2507 517 2753 576 futurum
2787 525 2930 583 erat,
2956 526 3016 573 ut
3048 533 3146 589 per
3191 525 3379 574 totum
3400 532 3493 574 or-

226 619 335 688 γῆν
362 617 454 671 καὶ
488 614 764 669 θάλασσαν
790 614 1020 685 ήμελλον
1061 613 1380 686 Ἐκκλησίαι
1401 613 1479 685 τῷ
1519 613 1640 683 Θεῷ
1667 615 1816 668 συνεί-

230 708 462 765 στασθαι
490 708 554 761 ὲκ
582 706 691 759 τῶν
740 704 1187 777 προλελεγμένων
1215 704 1469 776 πτωχῶν,
1511 706 1819 770 ἀκολούθως

229 800 618 870 ὲπισυνῆπται,
662 815 680 847 ι
718 797 906 866 καὶγῆ
964 796 1059 848 καὶ
1101 794 1346 849 Θάλασσα
1389 796 1485 850 καί
1530 796 1709 851 πάντα
1750 796 1819 850 τὰ

228 892 467 963 ἕρποντα
504 890 561 941 ἐν
592 889 827 951 αὐτοῖς.»
861 888 1136 959 Ἔρποντα
1167 887 1225 940 δὲ
1274 886 1370 940 ἐπὶ
1408 887 1514 957 γῆς
1566 888 1661 941 καὶ
1710 886 1812 941 θα·

229 979 437 1050 λάσσης
461 977 694 1033 ἐνταῦθα
719 976 1049 1046 κελευόμενα
1076 977 1174 1030 σὺν
1202 974 1414 1047 οὐρανῷ
1431 976 1525 1029 καὶ
1550 979 1619 1047 γῇ
1650 978 1820 1030 αἰνεῖν

229 1072 302 1127 τὰ
330 1071 457 1141 ἔθνη
475 1069 731 1140 τυγχάνει
758 1069 825 1122 τά
848 1071 904 1121 ὲν
926 1067 1004 1138 τῷ
1038 1066 1215 1138 θνητῷ
1247 1066 1348 1138 βίῳ
1378 1066 1487 1120 τῶν
1515 1066 1819 1139 ἀνθρώπων

231 1161 479 1235 ἑρπετῶν
493 1160 647 1231 δίκην
676 1160 736 1213 τὸ
753 1158 978 1212 παλαιὸν
995 1158 1088 1212 ἐπὶ
1108 1157 1185 1229 τῷ
1214 1157 1401 1228 στήθει
1428 1158 1521 1210 καὶ
1543 1160 1609 1228 τῇ
1643 1157 1821 1228 κοιλία

233 1252 594 1323 πορευόμενα.
622 1251 734 1304 Kal
755 1248 907 1317 παρά
949 1248 1027 1318 τῷ
1071 1248 1272 1319 Ἡσαΐᾳ
1303 1246 1468 1318 θηρία
1498 1247 1591 1300 καὶ
1616 1245 1822 1318 ἑρπετά

230 1340 579 1413 ἀλληγορικῷ
610 1339 801 1412 τρόπῳ
821 1339 890 1393 τά
938 1338 1066 1412 ἔθνη
1106 1338 1392 1410 κέκληται,
1432 1339 1491 1391 ὲν
1539 1331 1623 1402 οἷς
1671 1337 1823 1408 εἴρη-

231 1451 344 1489 ταιο
384 1454 400 1484 ι
430 1434 541 1487 Kal
585 1432 1024 1503 συμϐοσκήσεται
1076 1430 1240 1495 λύκος
1310 1429 1453 1502 μετά
1501 1430 1684 1499 ἀρνὸς,
1728 1428 1823 1482 xal

234 1525 498 1598 πάρδαλις
522 1522 993 1577 συναναπαύσεται
1047 1521 1240 1593 ἐρίφῳ,
1281 1521 1376 1574 καὶ
1397 1519 1533 1573 λέων
1559 1518 1635 1583 ὼς
1697 1517 1823 1589 βοῦς

234 1619 468 1688 φάγεται
515 1617 714 1687 ἄχυρα.
778 1614 887 1667 Kal
930 1613 1140 1667 παιδίον
1187 1614 1382 1687 νήπιον
1432 1611 1526 1664 ἐπὶ
1573 1609 1823 1684 τρώγλην

234 1710 480 1765 ἀσπίδιον
516 1707 726 1761 καΥὲπί
759 1706 946 1776 κοίτην
972 1704 1212 1774 ἐγγόνων
1254 1703 1494 1758 ἀσπίδων
1544 1702 1643 1775 τὴν
1668 1705 1824 1773 χεῖρα

235 1800 506 1863 ὲπιϐαλεῖ,
534 1800 629 1853 καί
649 1800 710 1851 οὔ
755 1798 829 1870 μὴ
859 1798 1263 1869 ἀδικήσουσιν»
1290 1795 1326 1851 ἀ
1347 1796 1442 1849 καὶ
1456 1793 1824 1868 διερμηνεύων

1921 614 2055 669 bem.
2076 614 2132 667 in
2165 624 2322 667 terra-
2343 620 2397 666 et
2432 612 2488 667 in
2524 611 2661 666 mari
2694 609 2957 667 Ecclesia:
3002 612 3113 667 Deo
3136 628 3203 666 ex
3235 626 3507 667 memera-

1920 705 1994 760 tis
2026 705 2360 775 pauperibus
2389 704 2879 767 constituerentur,
2918 702 3217 758 secundum
3260 703 3374 756 [nec
3408 701 3501 756 adv

1920 797 2069 851 ditur
2101 815 2115 851 :
2151 814 2171 847 ι
2208 807 2262 850 et
2291 803 2435 851 terra
2468 804 2527 850 et
2552 811 2703 851 mare
2742 805 2795 851 et
2816 795 3001 850 omnia
3029 794 3239 864 reptilia
3269 795 3323 847 in
3355 793 3457 848 eis.
3481 812 3501 845 ι

1922 888 2054 955 Quae
2086 888 2302 958 reptilia
2335 888 2388 941 in
2417 896 2561 943 terra
2585 895 2639 942 et
2671 889 2725 943 in
2771 887 2911 942 mari
2962 903 3067 940 una
3108 902 3232 940 cum
3270 896 3417 939 terra
3452 894 3508 938 et

1920 981 2062 1035 coelo
2101 980 2333 1034 laudare
2374 980 2665 1049 iubentur,
2708 987 2897 1050 gentes
2920 989 3070 1043 sunt,
3117 996 3238 1050 quae
3266 979 3396 1032 olim
3451 979 3506 1032 in

1922 1072 2139 1126 mortali
2165 1070 2447 1125 hominum
2483 1072 2592 1126 vita
2611 1072 2886 1143 reptilium
2920 1070 3093 1126 instar
3118 1084 3281 1141 supra
3313 1076 3508 1139 pectus

1921 1173 1976 1219 et
2026 1173 2267 1219 ventrem
2301 1164 2709 1235 gradiebantur.
2766 1163 2823 1218 ιιι
2859 1165 3000 1219 Isaia
3046 1180 3267 1235 quoque
3303 1163 3429 1219 fera:
3450 1169 3506 1218 et

1923 1256 2136 1326 reptilia
2186 1256 2482 1327 allegorice
2515 1271 2666 1312 more
2697 1264 2887 1328 gentes
2922 1264 3206 1322 vocantur,
3260 1271 3387 1311 cum
3418 1256 3501 1317 di-

1922 1352 2068 1404 citur
2099 1369 2113 1405 :
2154 1368 2172 1401 ι
2213 1348 2279 1403 Et
2309 1356 2498 1420 pascet
2521 1349 2689 1419 lupus
2720 1365 2843 1405 cum
2874 1364 3035 1420 agno,
3063 1357 3116 1403 et
3138 1349 3342 1419 pardus
3374 1364 3501 1403 cum

1924 1440 2080 1496 haedo
2108 1440 2418 1504 accubabit,
2461 1448 2515 1495 et
2551 1440 2638 1496 leo
2673 1442 2832 1511 quasi
2876 1441 2975 1496 bos
3020 1440 3267 1495 comedet
3293 1441 3499 1510 paleas.

1925 1530 1990 1583 Et
2023 1546 2157 1601 puer
2184 1529 2368 1586 infans
2401 1532 2455 1585 in
2488 1531 2696 1586 foveam
2756 1531 3028 1602 aspidum,
3061 1542 3114 1587 et
3144 1534 3196 1586 in
3233 1534 3411 1587 cubile
3438 1535 3501 1589 li-

1926 1623 2123 1677 liorum
2188 1621 2437 1690 aspidum
2498 1638 2719 1677 manum
2773 1623 3014 1693 injiciet;
3047 1632 3102 1679 et
3144 1625 3278 1678 nilnil
3306 1624 3503 1679 laedent

1925 1731 2048 1769 eum
2082 1715 2147 1769 “.
2189 1734 2206 1766 ι
2245 1714 2379 1781 Quae
2417 1716 2521 1769 sub
2554 1715 2667 1770 haec
2706 1717 2991 1786 explicans
3017 1716 3219 1773 infert":
3252 1736 3271 1769 ι
3300 1716 3365 1771 Ει
3397 1718 3503 1773 erit

1927 1806 2081 1859 radix
2108 1804 2297 1869 lassae,
2328 1815 2381 1860 et
2413 1806 2702 1877 quisurgit
2734 1808 2799 1862 ad
2819 1809 3195 1877 imperandum
3224 1809 3501 1880 gentibus,

235 1893 364 1960 ἑξῆς
392 1894 420 1945 ό
441 1892 595 1956 λόγος
635 1890 902 1962 ἐπιφέρει*
942 1907 960 1941 ι
987 1889 1097 1942 Kal
1126 1887 1277 1941 ἔσται
1333 1888 1368 1959 ή
1405 1886 1529 1958 ῥίζα
1559 1885 1654 1940 τοῦ
1688 1884 1819 1938 Ἰεσ-

1927 1890 1980 1942 in
2009 1905 2132 1944 eum
2168 1898 2358 1960 gentes
2396 1870 2775 1961 sperabunt".
2810 1912 2829 1945 ι
2868 1870 3039 1948 Tanta
3062 1870 3499 1965 igiturvgentiuni

237 1983 330 2036 cal
354 1982 449 2035 καὶ
485 1983 513 2035 ό
544 1980 899 2049 ἀνιστάμενος
935 1977 1126 2049 ἀρχειν
1170 1975 1361 2043 ἐθνῶν,
1416 1975 1476 2029 ὲν
1515 1973 1663 2045 αὐτῷ
1691 1973 1818 2046 ἔθνη

235 2071 535 2127 ιλπωῡω..
564 2070 676 2141 Τῆς
698 2066 791 2123 οὖν
822 2067 1123 2139 μεταϐολῆς
1159 2065 1366 2137 ταύτης
1400 2064 1510 2118 τῶν
1540 2062 1709 2118 ἐθνῶν
1729 2064 1823 2119 ἐπὶ

235 2165 302 2236 τῇ
334 2160 432 2216 τοῦ
475 2159 713 2232 Χριστοῦ
744 2157 1019 2232 παρουσίᾳ.
1058 2156 1410 2229 γιγνομένης,
1456 2154 1683 2219 εἰκότως
1723 2156 1821 2209 σὺν

235 2253 450 2330 οὐρανῷ
512 2253 607 2307 καὶ
652 2255 764 2315 τοῖς
802 2253 923 2305 κατ’
960 2250 1190 2322 οὐρανὸν
1237 2247 1489 2318 ἀγγέλοις
1524 2247 1591 2300 τὰ
1630 2247 1822 2300 ἀποδο-

238 2348 397 2402 θέντα
447 2346 650 2419 ἑρπετὰ
704 2347 872 2399 αἰνεῖν
923 2344 1320 2414 προστάττεται
1372 2342 1464 2394 τὸν
1526 2341 1679 2394 Θεόν.
1732 2340 1823 2393 Διὸ

235 2439 503 2494 λέλεκται·
541 2464 558 2490 ι
586 2437 964 2491 Αίνεσάτωσαν
1012 2435 1173 2489 αὐτὸν
1218 2434 1435 2506 οὐρανοὶ
1464 2433 1555 2486 καὶ
1594 2432 1689 2503 γῆ,
1729 2431 1825 2485 θά-

237 2532 413 2584 λασσα
447 2531 537 2583 καί¹
587 2530 765 2583 πάντα
804 2525 873 2579 τὰ
927 2525 1169 2597 ἒρποντα
1199 2526 1259 2577 ὲν
1308 2524 1549 2586 αὐτοῖς.»
1593 2522 1718 2586 Πῶς
1765 2521 1822 2575 δὲ

236 2623 461 2677 δύναται
492 2621 582 2674 τὸν
613 2619 745 2672 Θεόν
785 2620 955 2672 αἰνεῖν
984 2616 1053 2670 τά
1094 2616 1318 2688 ἑρπετὰ,
1358 2618 1405 2669 εἰ
1448 2614 1523 2687 μὴ
1567 2615 1825 2686 μετάσχοι

238 2717 553 2787 φρονήσεως
582 2713 676 2779 καὶ
732 2711 867 2764 Θεοῦ
925 2709 1213 2781 γνώσεως;
1266 2708 1474 2762 υύκοῦν
1527 2708 1678 2761 θύσει
1723 2706 1822 2779 τὴν

238 2810 430 2864 θυσίαν
459 2808 557 2880 τῆς
593 2805 851 2869 αἰνέσεως
890 2804 985 2858 καί
1012 2802 1082 2856 τά
1108 2802 1316 2874 ἑρπετά
1340 2818 1354 2868 ;
1386 2803 1506 2855 Ὅτι
1528 2801 1583 2855 δὲ
1610 2800 1820 2872 ἀνθρώ-

238 2917 376 2964 πους
404 2901 491 2954 διὰ
524 2898 729 2953 τούτων
762 2898 1078 2960 αἰνίττεται,
1102 2895 1343 2950 διδάσκει
1372 2894 1433 2948 τὸ
1463 2893 1814 2963 Εύαγγέλιον,

1925 1981 2226 2036 mutatione
2259 1981 2310 2035 in
2345 1983 2578 2037 adventu
2612 1983 3337 2054 Cbristieffecta,jure~cum
3361 1986 3502 2042 ctelo

1924 2072 2067 2127 etiis
2089 2073 2182 2143 qui
2216 2072 2270 2127 in
2324 2074 2463 2128 ccelo
2514 2084 2643 2130 sunt
2700 2075 2909 2147 angelis
2973 2077 3231 2146 praedicta
3288 2080 3503 2148 reptilis

1928 2162 2093 2217 Deum
2138 2163 2346 2218 laudari
2378 2164 2662 2234 iubentur.
2697 2164 2877 2231 Quare
2904 2166 3109 2221 dictum
3140 2181 3265 2223 est:
3298 2187 3315 2219 ι
3351 2167 3498 2223 Lau-

1923 2255 2053 2310 dent
2082 2255 2236 2309 illum
2276 2256 2399 2310 coeli
2434 2266 2489 2312 et
2520 2264 2688 2321 terra,
2724 2274 2876 2313 mare
2908 2266 2961 2312 et
3003 2260 3186 2313 omnia
3205 2261 3417 2330 reptilia
3443 2261 3501 2314 in

1923 2348 2024 2400 eis.
2056 2364 2075 2397 ι
2115 2348 2402 2412 Quomodo
2434 2350 2896 2420 possuntreptilia
2926 2350 3093 2405 Deum
3125 2352 3370 2424 laudare,
3393 2352 3504 2408 nisi

1924 2436 2213 2506 prudentia
2244 2446 2297 2492 et
2330 2439 2644 2508 cognitione
2677 2437 2771 2494 Dei
2826 2440 3097 2495 instructa
3118 2441 3145 2494 ἲ
3170 2442 3249 2495 An
3285 2443 3503 2513 reptilia

1924 2529 2254 2583 sacriﬁcium
2287 2530 2466 2585 laudis
2512 2531 2779 2586 ederent?
2840 2531 2995 2599 Quod
3055 2535 3343 2604 reptilibus
3391 2536 3505 2593 illis

1923 2618 2174 2676 homines
2202 2623 2637 2689 subindicentur,
2677 2628 2838 2679 docet
2871 2624 3221 2695 Evangelium
3256 2625 3340 2681 bis
3377 2642 3505 2681 ver-

1919 2713 2004 2769 bis
2036 2730 2049 2767 :
2086 2736 2103 2767 ι
2134 2713 2420 2771 Genimina
2458 2719 2792 2788 viperarum,
2824 2719 2949 2788 quis
2980 2734 3076 2773 vos
3093 2717 3281 2773 docuit
3312 2717 3506 2789 fugere

1916 2821 1946 2859 a
1985 2815 2212 2861 ventura
2246 2809 2373 2863 ira?
2424 2808 2610 2865 Facite
2659 2825 2787 2881 ergo
2833 2808 3046 2865 fructus
3093 2810 3287 2880 dignos
3326 2810 3504 2880 ι)ωηὶ-

1915 2901 2099 2955 tentia:
2122 2900 2188 2954 ⁴⁸.
2229 2919 2248 2955 ι

238 2996 299 3048 ιν
325 2990 369 3064 ᾧ
396 2995 722 3065 γέγραπται·
771 3012 789 3045 ι
826 2993 1143 3060 Γεννήματα
1169 2989 1411 3062 ἐχιδνῶν,
1434 2989 1518 3053 τίς
1550 2984 1826 3057 ὑπέδειξεν
1861 2991 1989 3065 ὑμῖν
2024 2999 2213 3067 φυγεῖν
2241 2996 2350 3051 ἀπὸ
2374 2998 2473 3070 τῆς
2506 2996 2803 3070 μελλούσης
2828 2997 3032 3071 όργῆς;
3082 2997 3350 3069 Ποιήσατε
3407 2991 3503 3050 οὖν

240 3089 488 3162 καρποὺς
519 3087 703 3153 ἀξίους
729 3086 1033 3158 μετανοίας.
1061 3103 1079 3137 ι

319 3210 474 3261 «Ὅτι
492 3205 665 3271 όΘεδς
696 3205 856 3259 σώσει
883 3204 982 3277 τήν
1010 3203 1167 3267 Σιὼν,
1186 3204 1279 3257 καὶ
1298 3202 1814 3277 οίκοδομηθήσονται

1987 3202 2155 3259 Vens.
2183 3203 2273 3268 36,
2294 3204 2382 3259 37.
2412 3223 2431 3256 ι
2456 3201 2724 3270 Quoniam
2752 3201 2895 3258 Deus
2917 3201 3121 3257 salvam
3153 3201 3313 3259 faciet
3342 3205 3502 3271 Sion,

238 3304 299 3359 αἰ
338 3302 521 3364 πόλεις
552 3301 652 3371 τῆς
708 3299 1022 3362 Ἰουδαίας.»
1078 3298 1268 3351 Αίτίαν
1314 3298 1607 3353 ἀποδίδωσι
1662 3298 1818 3371 δι’ήν

240 3394 461 3467 οὐρανοὶ
495 3392 590 3446 καὶ
636 3391 709 3462 γῆ
749 3391 843 3445 καί
883 3390 1125 3444 θάλασσα
1168 3390 1261 3444 καί
1311 3390 1487 3443 πάντα
1510 3390 1581 3443 τὰ
1618 3391 1678 3443 ὲν
1722 3392 1821 3445 αύ-

239 3489 352 3549 τοίς
385 3484 618 3539 αἰνέσειν
673 3483 922 3551 λέγονται
970 3483 1064 3535 τὸν
1106 3480 1259 3536 Θεόν.
1295 3483 1357 3535 Ἦ
1389 3482 1445 3536 δὲ
1477 3482 1626 3537 αἰτία
1673 3485 1820 3539 ἐστὶν

241 3578 405 3649 αὕτη,
449 3597 467 3629 ι
494 3578 615 3631 Ὀτι
647 3578 676 3630 ό
706 3574 838 3638 Θεὸς
870 3573 1034 3628 σώσει
1087 3573 1187 3646 τήν
1217 3573 1376 3640 Σιὼν,
1402 3576 1496 3630 καὶ
1536 3578 1821 3650 οἰκοδομη-

241 3666 498 3740 θήσονται
541 3667 599 3720 αἰ
630 3656 843 3729 ’πόλεις
903 3664 1212 3729 Ἰουδαίας.»
1265 3664 1432 3719 Ποίαν
1490 3665 1548 3720 δὲ
1581 3667 1740 3734 Σιὼν,
1784 3668 1818 3741 ἢ

240 3757 481 3831 δηλονότι
509 3757 608 3829 τήν
634 3756 755 3811 καθ’
784 3755 910 3828 ὅλης
931 3756 1028 3827 τῆς
1049 3756 1369 3829 οἰκουμένης
1397 3757 1697 3830 ἱδρυθεῖσαν
1725 3758 1820 3814 τοῦ

242 3850 495 3922 Σωτῆρος
538 3848 696 3921 ήμῶν
740 3848 1099 3920 Ἐκκλησίαν;
1125 3848 1314 3912 Πόλεις
1359 3848 1417 3903 δὲ
1462 3852 1720 3915 Ἰουδαίας
1748 3850 1823 3925 μὴ

240 3943 391 3995 ὄκνει
442 3941 621 4011 λέγειν
668 3939 768 4004 τὰς
810 3938 1200 4003 θεοπνεύστους
1253 3940 1497 4012 Γραφάς,
1556 3942 1624 3995 δι’
1678 3937 1753 3997 ὧν
1785 3946 1820 4016 ή

257 4033 518 4103 Ἰουδαῖκὴ
548 4031 792 4085 πολιτεία
845 4030 1174 4085 τετύπωται.
1235 4031 1375 4085 Ἀλλ’
1428 4025 1587 4087 αὗται
1623 4033 1723 4105 μὲν
1766 4036 1823 4089 αἰ

244 4124 429 4187 πόλεις
461 4123 790 4196 καθῄρηντο,
821 4123 944 4176 ὅσον
985 4123 1079 4176 ἐπὶ
1121 4123 1417 4188 Ἰουδαίοις,
1451 4124 1738 4197 οἰκοδομὴν
1766 4126 1824 4180 δὲ

244 4217 499 4287 εἰλήφασι
530 4217 618 4269 διὰ
648 4217 750 4287 τῆς
783 4219 839 4270 ὲν
868 4217 1088 4289 Χριστῷ
1119 4219 1313 4290 καινῆς
1344 4219 1715 4285 διδασκαλίαςο
1755 4221 1823 4276 δι’

216 4322 217 4325 ‘
242 4305 313 4380 ἧς
342 4306 436 4360 καὶ
462 4309 496 4379 ή
518 4306 744 4379 ἀληθινὴ
769 4305 1037 4379 περιτομὴ
1067 4308 1401 4371 συνίσταται,
1440 4309 1536 4364 καί.
1564 4308 1634 4362 τὰ
1664 4327 1827 4363 πνευ-

246 4397 455 4470 ματικά
510 4398 780 4462 Σάϐϐατα,
826 4398 922 4452 καὶ
978 4399 1033 4452 αἰ
1090 4399 1456 4471 πνευματικαί
1503 4400 1684 4454 θυσίαι
1732 4402 1827 4455 καί

245 4490 427 4543 πάντα
453 4487 664 4551 τούτοις
707 4485 1015 4550 ἀκολούθως
1062 4485 1205 4541 κατὰ
1240 4486 1341 4559 τὴν
1392 4485 1687 4558 ἑρμηνείαν
1731 4486 1825 4539 τοῦ

1918 3302 1971 3349 et
2009 3292 2426 3348 aedificabuntur
2454 3292 2707 3346 civitates
2758 3289 2977 3346 Judazaz.
3022 3310 3040 3343 ι
3080 3290 3311 3348 Causam
3340 3296 3496 3351 effert

1918 3385 2184 3447 curcmli,
2252 3392 2420 3448 terra,
2477 3398 2630 3437 mare
2661 3389 2716 3437 et
2746 3383 2927 3437 omnia
2989 3400 3110 3454 quae
3149 3384 3205 3438 in
3258 3386 3342 3441 eis
3373 3395 3507 3442 sunt

1919 3476 2089 3533 Deum
2120 3477 2407 3533 laudatura
2427 3492 2551 3532 esse
2578 3475 2851 3530 dicantur.
2890 3474 2965 3530 Ea
3002 3492 3130 3532 vero
3155 3484 3237 3532 est
3263 3495 3276 3532 :
3315 3496 3334 3530 ι
3358 3477 3504 3547 Quo-

1919 3570 2067 3624 niam
2107 3569 2249 3624 Deus
2274 3568 2481 3625 salvam
2516 3566 2677 3621 faciet
2709 3564 2866 3632 Sion,
2898 3574 2952 3621 et
2978 3566 3396 3623 aedificabuutur
3420 3586 3505 3624 Cl-

1918 3664 2117 3719 vitates
2147 3660 2366 3717 Judaaxe.
2389 3679 2408 3712 ι
2443 3658 2615 3726 Quam
2638 3657 2859 3715 Sionem
2893 3658 3045 3723 dicit,
3072 3659 3175 3715 nisi
3204 3658 3503 3715 Ecclesiam

1924 3751 2236 3809 Servatoris
2270 3749 2445 3806 nostri
2489 3750 2547 3804 in
2582 3756 2698 3803 toto
2725 3748 2858 3803 orbe
2886 3746 3210 3802 fundatam?
3241 3750 3505 3807 Civitates

1923 3850 2106 3899 autem
2140 3840 2341 3897 Judaeae
2363 3858 2433 3896 ne
2474 3839 2753 3895 cuncteris
2783 3838 2969 3894 dicere
2997 3839 3263 3895 divinitus
3294 3840 3506 3900 adlatas

1924 3931 2261 4004 Scripturas,
2286 3933 2442 4001 queis
2469 3929 2781 3984 Judazorum
2816 3929 3125 3999 respublica
3152 3928 3499 3986 informatur.

1926 4023 2033 4081 Sed
2082 4025 2167 4080 lue
2226 4024 2448 4094 quidem
2506 4022 2781 4086 civitates,
2848 4027 3114 4091 quantum
3169 4021 3234 4075 ad
3283 4020 3504 4079 Iudaeos

1925 4116 2239 4188 spectat,de
2263 4115 2441 4170 medio
2473 4114 2699 4168 sublata:
2715 4120 2872 4179 sunt;
2905 4114 2999 4168 sed
3028 4112 3208 4167 denuo
3228 4113 3506 4169 aedificatae

1926 4227 2023 4283 per
2055 4225 2251 4265 novam
2283 4210 2336 4263 in
2356 4208 2574 4263 Christo
2613 4208 2915 4263 doctrinam
2952 4207 3122 4271 fuere,
3160 4223 3265 4278 qua
3296 4216 3347 4262 et
3375 4225 3505 4265 vera

1927 4297 2276 4354 circumcisio
2329 4297 2607 4361 consistit,
2650 4312 2864 4351 necnon
2900 4297 3208 4368 spiritualia
3241 4297 3500 4359 Sabbata.

1928 4390 2241 4462 spirituales
2268 4391 2463 4446 hostiae
2500 4399 2554 4445 et
2579 4389 2762 4445 omnia
2783 4406 2904 4461 quae
2946 4391 3060 4445 haec
3091 4401 3507 4459 consequuntur

1930 4484 2231 4547 secundum
2283 4484 2785 4553 interpretationem
2842 4484 3144 4554 Spiritualis
3194 4485 3347 4555 legis.
3413 4483 3505 4539 Sic

245 4580 617 4651 πνευματικοῦ
644 4579 831 4651 νόμου.
850 4578 1038 4642 Οὕτως
1063 4573 1156 4631 οὗν
1187 4577 1595 4649 οἰκοδομοῦνται
1646 4578 1704 4632 αἱ
1732 4577 1822 4631 πό-

1932 4576 2116 4646 itaque
2138 4573 2481 4630 aediﬁcantur
2508 4575 2761 4630 civitates
2780 4573 3003 4643 ludam,
3038 4576 3091 4631 in
3123 4578 3313 4648 eisque
3347 4578 3504 4632 iuba-

246 4672 359 4736 λεις
387 4673 487 4744 τῆς
527 4671 804 4735 Ἰουδαίας,
845 4670 941 4724 καὶ
985 4670 1408 4741 κατοικήσουσιν
1450 4670 1507 4722 ὲν
1550 4669 1741 4733 αύταῑς
1775 4670 1825 4722 οἰ

247 4762 462 4818 πολῖται
485 4762 577 4814 καὶ
602 4764 651 4815 οἰ
683 4759 1007 4832 κληρονόμοι
1038 4758 1146 4812 τῶν
1166 4761 1223 4811 ἐν
1242 4761 1363 4820 ταῖς
1389 4757 1561 4822 θείαις
1582 4758 1827 4829 Γραφαίς

246 4854 691 4926 ιπηγγελμένων·
718 4853 797 4907 διὸ
830 4854 1101 4907 λέλεκταιο
1138 4871 1157 4904 ι
1192 4852 1302 4905 Kal
1330 4851 1826 4923 κληρονομήσουσιν

248 4947 473 5017 αὑτήν.»
520 4946 680 4999 Ἀλλά
718 4948 812 5001 καὶ
873 4966 891 4998 ι
924 4947 985 5000 τὸ
1014 4946 1236 5018 σπέρμα
1267 4944 1376 4999 τῶν
1425 4945 1625 4999 δούλων
1660 4943 1824 4998 αὑτοῦ

249 5037 566 5105 καθέξουσιν
594 5039 781 5110 αὐτήν.
806 5057 823 5090 ι
878 5038 1062 5091 Δοῦλοι
1096 5036 1154 5090 δὲ
1199 5035 1365 5090 αὐτοῦ
1414 5037 1557 5099 τίνες
1586 5034 1651 5089 ἂν
1694 5030 1824 5100 εἷεν,

249 5129 283 5199 ἢ
310 5129 525 5191 παντως
551 5130 598 5180 οἰ
657 5127 751 5179 τοῦ
788 5126 1039 5197 Σωτῆρος
1081 5126 1239 5197 ήμῶν
1290 5125 1567 5197 μαθηταὶ,
1628 5125 1722 5177 καὶ
1766 5123 1829 5177 τὸ

252 5219 473 5290 σπέρμα
497 5218 558 5271 τὸ
590 5218 712 5271 καθ’
750 5218 879 5289 ὅλης
927 5219 1026 5288 τῆς
1075 5218 1399 5289 οἰκουμένης
1454 5214 1826 5288 κατασπαρὲν,

251 5311 388 5382 ὅπερ
430 5310 527 5381 τὴν
583 5308 944 5381 κληρονομίαν
993 5308 1095 5379 τὴν
1151 5307 1569 5380 ἐπηγγελμένην
1616 5308 1674 5361 ὲν
1709 5308 1832 5371 ταῖς

252 5402 426 5465 θείαις
453 5402 694 5474 Γραφαῖς
747 5399 999 5465 καθέξεις
1044 5399 1204 5453 Ἀλλά
1234 5401 1331 5454 καὶ
1393 5418 1412 5452 ι
1440 5401 1488 5453 οί
1510 5398 1831 5469 ἀγαπῶντες

251 5492 311 5545 τὸ
345 5490 517 5561 ὄνομα
541 5488 706 5543 αὑτοῦ
756 5485 1274 5559 κατασκηνώσουσιν
1311 5488 1369 5542 ὲν
1412 5488 1571 5560 αὐτῇ,
1604 5505 1623 5539 ι
1671 5486 1828 5558 δῆλον

252 5587 294 5641 δ’
327 5587 410 5639 ὅτι
440 5588 507 5656 τῇ
529 5585 887 5657 κληρονομία·
919 5580 1002 5647 οἷς
1047 5582 1388 5654 λεχθήσεταισ
1429 5602 1447 5635 ι
1478 5582 1639 5636 Δεῦτε
1659 5584 1706 5635 οἰ
1738 5582 1827 5634 εὐ-

250 5679 381 5748 λογη
393 5679 542 5749 μένοι
569 5678 664 5733 τοῦ
690 5678 903 5748 Πατρός
938 5694 1061 5748 μου,
1092 5676 1535 5747 κληρονομήσατε
1562 5676 1658 5746 τὴν
1684 5675 1827 5747 ἡτοι-

213 5886 221 5900 ,
327 5834 371 5865 ⁸⁸
397 5832 502 5889 lsa.
529 5849 606 5900 ιι,
637 5834 747 5890 6-9.
828 5835 869 5864 ⁸⁷
896 5832 1028 5888 ibid.
1053 5832 1133 5886 lO.
1210 5830 1253 5859 “
1276 5828 1408 5884 Luc.
1446 5844 1527 5896 ιιι,
1560 5830 1612 5883 8.

1927 4669 2180 4725 bitabunt
2212 4669 2360 4724 cives
2392 4677 2447 4723 et
2479 4668 2724 4725 lizeredes
2759 4670 3154 4739 promissorum
3191 4687 3311 4741 quae
3340 4670 3394 4725 in
3422 4671 3506 4725 di-

1926 4760 2071 4815 vinis
2121 4759 2424 4829 Scripturis
2466 4758 2737 4815 feruntur.
2768 4760 2949 4826 Quare
2978 4761 3184 4815 dictum
3232 4772 3356 4816 est:
3387 4780 3405 4813 ι
3439 4760 3506 4815 Et

1923 4849 2323 4905 haereditabunt
2356 4850 2524 4904 illam.
2565 4870 2586 4902 ι
2619 4847 2725 4903 Sed
2749 4850 2913 4904 etiam
2948 4868 2966 4901 ι
3005 4865 3190 4906 semen
3223 4866 3506 4906 servorum

1929 4943 2050 5014 ejus
2073 4943 2371 5014 possidebit
2394 4958 2536 4998 eam.
2567 4961 2585 4993 ι
2618 4941 2769 4997 Servi
2798 4951 2977 4998 autem
3006 4944 3125 5012 ejus
3146 4944 3239 5014 qui
3282 4944 3504 5007 fuerint.

1934 5036 2041 5091 nisi
2069 5034 2213 5090 baud
2270 5034 2438 5091 dubie
2481 5033 2784 5090 Salvatoris
2820 5035 2993 5089 nostri
3018 5034 3296 5107 discipuli,
3340 5044 3395 5090 et
3431 5053 3513 5092 se-

1933 5141 2057 5182 men
2085 5126 2141 5179 in
2165 5125 2425 5181 universo
2451 5127 2582 5181 orbe
2630 5141 2905 5196 sparsum,
2958 5127 3103 5197 quod
3132 5127 3511 5183 haereditatem

1934 5215 1992 5271 in
2025 5217 2226 5273 divinis
2286 5216 2588 5289 Scripturis
2649 5219 2975 5289 promissam
3022 5218 3320 5273 obtinebit?
3356 5218 3512 5283 lmo,

1943 5326 1963 5361 ι
2001 5309 2094 5378 qui
2126 5307 2361 5380 diligunt
2414 5323 2614 5363 nomen
2654 5309 2773 5379 ejus
2840 5309 3159 5364 habitabunt
3191 5311 3243 5363 in
3294 5324 3380 5372 ea,
3404 5328 3422 5362 ι
3460 5309 3512 5362 id

1934 5409 2041 5465 est,
2096 5400 2153 5455 in
2205 5417 2268 5455 ea
2307 5400 2640 5457 haereditate.
2699 5401 2911 5467 Quibus
2969 5401 3221 5456 dicetur:
3253 5398 3507 5459 «Venite,

1935 5491 2205 5547 benedicti
2227 5490 2404 5547 Patris
2430 5493 2556 5556 mei,
2582 5493 2844 5563 percipite
2895 5508 3121 5563 regnum
3156 5491 3311 5546 vobis
3350 5506 3509 5561 para-

1932 5590 2048 5638 tum
2076 5599 2105 5637 a
2137 5584 2533 5639 constitutione
2578 5586 2763 5639 mundi
2793 5587 2859 5638 °’.
2914 5603 2931 5637 ι
2973 5583 3128 5651 Quod
3172 5583 3217 5638 si
3264 5580 3506 5637 cmlestis

1932 5674 2003 5728 sit
2036 5672 2125 5730 Dei
2158 5674 2349 5732 civitas
2386 5674 2539 5742 Sion,
2580 5675 2647 5733 de
2673 5692 2779 5749 qua
2816 5676 3111 5747 Apostolus
3137 5674 3253 5730 haec
3276 5672 3461 5731 docuit
3488 5686 3503 5724 :

1689 5829 1731 5859 ⁶⁹
1765 5826 1953 5883 Matth.
1988 5845 2111 5893 xxv,
2139 5828 2224 5883 τιυὶ.
