4086 6442
605 365 754 424 ,⁸167

1323 363 1596 422 EUSEBII
1633 364 2125 422 CESARIENSIS
2161 364 2313 422 ουρ.
2355 359 2539 418 ΡΜὶὸ
2577 361 2676 418 ιιι.
2718 392 2788 402 ——
2827 357 3243 416 EXEGETICA.
3827 357 3896 412 768

650 497 780 557 quae
799 489 890 540 est
913 488 1088 538 mater
1113 487 1306 536 nostra
1327 480 1409 546 τος
1445 487 1502 536 et
1537 499 1556 536 :
1593 500 1611 528 σ
1644 481 1973 538 Accessistis
2002 458 2231 537 ad.Sion

2337 480 2400 532 El
2433 478 2490 538 δέ
2515 475 2841 548 ἐπουράνιός
2874 473 3110 530 ἐστιτοῦ
3149 473 3287 528 Θεοῦ
3322 471 3500 535 πόλις
3533 465 3698 535 Σιὼν,
3736 473 3901 546 περἧ

651 584 915 637 montem,
939 581 994 630 et
1023 573 1302 629 civitatem
1341 570 1437 628 Dei
1474 573 1736 636 viventis,
1783 571 2088 630 Jerusalem
2120 585 2231 628 cce-

2336 573 2366 626 ὀ
2414 569 2736 633 ’Δπόστολος
2767 567 3004 635 ἐδίδαξεν
3046 566 3236 621 εἰπών’
3277 585 3296 618 ι
3339 564 3513 620 Ἡδὲ
3544 563 3663 617 ἄνω
3698 560 3904 638 Ἱερουπ-

650 668 846 724 lestem
865 669 907 699 ⁷¹
925 685 973 734 ;ι
1004 665 1242 721 fueritne
1268 663 1477 720 Judaeaa
1503 665 1739 721 civitas?
1772 666 1870 722 sed
1891 655 2235 736 consequen-

649 768 736 816 ter
789 759 1040 814 dicamus
1073 773 1200 814 esse
1253 759 1534 815 caelestem
1586 757 1718 814 Sion
1769 759 1861 813 ubi
1920 759 2236 814 mansiones

648 851 795 923 apud
824 849 1042 906 Patrem
1071 851 1254 906 multae
1292 853 1366 904 ἠε
1397 865 1536 922 quas
1567 851 1806 906 incolent
1838 858 1891 904 ct
1923 851 2237 906 lizereditale

649 944 924 1014 accipient
949 959 1142 1000 omnes
1166 944 1311 1000 servi
1336 944 1478 1013 ejus.
1508 945 1626 998 sive
1660 943 1738 997 illi
1780 945 1911 999 olim
1958 945 2236 1014 prophetae

646 1044 704 1090 et
735 1037 978 1108 religiosi
999 1037 1126 1102 viri,
1157 1039 1273 1094 sive
1294 1037 1388 1108 qui
1429 1046 1618 1108 postea
1674 1037 1912 1092 ministri
1955 1035 2236 1106 Evangelii

648 1127 824 1198 ipsius
855 1127 1028 1184 fuere.
1069 1128 1183 1184 lmo
1217 1128 1379 1182 etiam
1437 1143 1626 1183 semen
1671 1144 1864 1184 eorum
1885 1127 2094 1182 scilicet
2142 1124 2236 1195 qui

649 1220 720 1276 ab
749 1221 861 1277 illis
889 1221 1196 1276 secundum
1245 1219 1414 1276 Deum
1444 1220 1552 1275 orti
1603 1229 1756 1285 sunt,
1807 1220 2055 1290 profectu
2084 1217 2229 1272 aucti

647 1320 704 1365 et
728 1313 796 1367 ad
826 1312 1122 1384 perlectam
1151 1311 1242 1367 Dei
1271 1314 1600 1370 charitatem
1619 1313 1921 1383 progressi,
1967 1311 2074 1366 boc
2117 1326 2234 1364 mu-

647 1418 756 1458 nus
814 1401 1257 1473 condignumque
1309 1403 1594 1472 przemium
1653 1401 1723 1456 ab
1778 1402 1900 1473 ipso
1942 1399 2232 1471 recipient,

645 1493 792 1562 quod
821 1493 1125 1547 inhabitent
1154 1493 1208 1546 in
1241 1493 1512 1562 promissa
1545 1491 1654 1547 sibi
1686 1490 2024 1546 haereditate.

2336 662 2450 734 λὴμ
2473 659 2738 731 ἐλευθέρα
2763 660 2943 724 ἐστὶν,
2987 659 3110 730 ἥτις
3156 657 3278 712 ἐστὶ
3325 657 3536 728 μήτηρ
3581 653 3794 726 ἡμῶν-ι.
3823 661 3902 721 καὶ,

2345 773 2366 806 ι
2390 751 2834 825 Προσεληλύθατε
2863 750 3002 822 Σιῲν
3053 750 3191 822 ὄρει,
3240 751 3336 804 καὶ
3396 747 3570 801 πόλει
3595 745 3731 799 Θεοῦ
3754 747 3906 814 (me;

2351 844 2708 916 Ἰερουσαλὴμ
2733 843 3060 915 ἐπουρανίῳ,
3076 861 3094 893 ι
3121 838 3230 896 εἷεν
3258 841 3326 894 ἂν
3343 841 3524 902 πόλις
3549 838 3654 910 τῆς
3678 838 3907 906 ἰουδαίας

2340 937 2422 1010 (l)
2449 937 2516 990 δι’
2547 937 2615 1000 ἃς
2662 935 2974 998 ἀκολούθως
3008 938 3074 1006 τῇ
3103 935 3422 1006 ἐπουρανίῳ
3471 932 3624 985 Σιὼν
3654 932 3709 983 αἱ
3761 931 3909 984 mna!

2341 1030 2492 1103 παρέ
2545 1030 2625 1100 τῷ
2663 1027 2839 1100 Πατρὶ
2871 1029 3048 1100 μοναὶ,
3081 1031 3139 1081 ἐν
3173 1023 3261 1093 αἷς
3303 1025 3741 1096 κατοικήσουσι,
3763 1024 3843 1075 καὶ
3862 1025 3908 1086 ἃς

2343 1123 2812 1195 κληρονομήσουσι
2842 1121 3044 1185 πάντες
3070 1122 3118 1174 ol
3140 1119 3315 1174 δοῦλοι
3346 1115 3559 1174 αὑτοῦ·
3609 1115 3666 1168 οἶ
3702 1130 3760 1166 τε
3783 1114 3911 1166 πόλει

2339 1215 2623 1285 γενόμενοι
2645 1213 2919 1286 προφῆται
2942 1213 3037 1267 καὶ
3059 1210 3325 1281 θεοφιλεῖς
3353 1209 3594 1280 ἄνδρες,
3627 1205 3721 1258 καὶ
3745 1206 3790 1257 οἰ
3805 1206 3910 1274 peti

2339 1306 2512 1361 ταῦτα
2535 1306 2802 1376 ὑπηρέται
2861 1307 2956 1360 καὶ
2977 1304 3214 1362 διάκονοι
3243 1301 3337 1355 τοῦ
3371 1297 3735 1366 Εὑαγγελίου
3765 1296 3913 1349 αὐτοῦ.

2349 1397 2511 1452 Ἀλλὰ
2537 1401 2630 1456 καὶ
2659 1397 2720 1451 τὸ
2763 1397 2987 1468 σπέρμα
3040 1394 3242 1458 αὐτῶν,
3279 1394 3330 1447 οἱ
3374 1391 3441 1458 ἐξ
3511 1388 3708 1444 αὐτῶν
3753 1387 3912 1458 δηλαδὴ

2331 1494 2478 1544 κατὰ
2512 1491 2645 1544 Θεὸν
2692 1488 3071 1560 γεγενημένοι,
3108 1486 3496 1558 προκόψαντες
3522 1484 3625 1537 καὶ
3673 1481 3753 1542 είς
3777 1480 3912 1532 τοτὲ·

646 1587 787 1642 λειον
836 1587 1082 1652 ἐλθόντες
1124 1587 1224 1657 τῆς
1256 1587 1352 1640 τοῦ
1407 1588 1542 1640 Θεοῦ
1589 1585 1832 1656 ἀγάπης,
1875 1585 2034 1640 τοῦτο
2069 1583 2238 1657 γέρας
2263 1584 2445 1650 ἕξουσι
2471 1587 2565 1641 καὶ
2601 1586 2792 1658 μισθὸν
2822 1584 3044 1652 ἐπάξιον
3095 1584 3226 1657 παρ’
3287 1581 3502 1646 αὑτοῦ,
3539 1581 3609 1634 τὸ
3676 1592 3913 1646 κατασκη-

646 1682 822 1738 νῶσαι
834 1685 892 1736 ἐν
919 1687 982 1756 τῇ
1018 1683 1398 1756 ἐπηγγελμένῃ
1426 1684 1609 1748 αὐτοῖς
1633 1683 1987 1754 κληρονομίᾳ.

648 1778 702 1833 1.
744 1776 811 1832 ΙΝ
843 1776 1080 1846 FINEM,
1130 1777 1261 1833 lPSI
1319 1776 1526 1830 DAVID
1579 1775 1646 1846 IN
1687 1772 2226 1831 REMEMORATIO-

2333 1770 2440 1823 Et}:
2477 1770 2570 1823 ro
2629 1769 2852 1824 TEAOZ
2901 1770 2996 1842 re
3035 1770 3233 1846 AAle
3274 1768 3412 1840 ⁸ιειΣ
3495 1763 3912 1822 ANABD’HSIN.

1255 1847 1418 1902 NEM.
1449 1845 1639 1902 LXIX.

719 1939 886 1996 Vens.
924 1938 1044 1996 2-4.
1093 1959 1112 1991 ι
1155 1937 1320 2004 Deus,
1355 1938 1409 1993 in
1458 1937 1792 2008 adiutorium
1828 1951 2009 1992 meum
2060 1935 2236 1990 inten-

644 2031 733 2086 de.
767 2051 786 2083 ι
820 2030 1006 2102 Neque
1026 2032 1302 2091 canticum
1328 2070 1342 2093 ,
1375 2045 1550 2100 neque
1593 2031 1837 2101 psalmus
1858 2069 1872 2091 ,
1900 2043 2080 2099 neque
2103 2027 2234 2098 quid

645 2121 824 2178 simile
856 2122 933 2184 bi,
969 2137 1108 2193 quos
1140 2129 1440 2176 tractamus
1462 2161 1476 2185 ,
1520 2136 1800 2176 sermones
1850 2127 1977 2176 sunt
2006 2137 2018 2173 :
2071 2129 2233 2174 ciete-

644 2229 768 2268 rnm
799 2215 866 2269 ad
913 2215 1075 2268 linem
1127 2215 1438 2278 remittunt,
1467 2213 1594 2283 quia
1629 2213 1698 2268 de
1729 2213 1914 2268 futuro
1959 2214 2232 2283 supplica-

643 2305 847 2359 tionem
881 2303 1100 2357 habent.
1161 2302 1428 2356 Dicuntur
1481 2312 1696 2369 autein,
1743 2321 1761 2354 ι
1807 2302 1910 2373 ipsi
1952 2301 2123 2357 David
2175 2304 2232 2357 in

644 2396 1192 2460 rememorationem;
1228 2415 1245 2446 ι
1279 2403 1463 2465 utpote
1485 2395 1578 2466 qui
1605 2396 1726 2450 ideo
1755 2395 1886 2450 dicti
1918 2394 2138 2458 fuerint,
2172 2405 2226 2450 ut

644 2493 830 2554 posset
870 2500 965 2540 eos
1007 2485 1060 2539 in
1119 2496 1368 2556 promptu
1399 2502 1492 2541 ore
1528 2487 1791 2556 proferre,
1829 2497 1997 2558 utque
2029 2487 2096 2543 iis
2134 2503 2233 2558 pro

645 2577 886 2631 remedio
918 2579 972 2631 in
1005 2579 1227 2633 casibus
1253 2579 1422 2633 variis
1445 2587 1709 2634 uteretur.
1745 2579 1860 2633 Duo
1893 2589 2073 2634 autem
2101 2585 2232 2634 sunt

649 2687 668 2718 ι
710 2671 762 2722 in
792 2657 1305 2725 rememorationem
1341 2691 1357 2722 ι
1390 2672 1674 2742 inscripti;
1704 2672 1791 2727 hic
1829 2688 1990 2742 quem
2025 2680 2233 2727 tracta-

643 2776 788 2827 mus,
819 2769 874 2817 et
926 2778 1134 2830 xxxvii,
1169 2763 1262 2834 qui
1319 2766 1447 2818 item
1484 2782 1503 2813 ε
1545 2764 1600 2819 in
1648 2764 2164 2820 rememorationem
2206 2783 2226 2817 ι

643 2854 944 2924 inscriptus
970 2864 1075 2910 est.
1127 2854 1233 2910 Sed
1263 2856 1352 2911 ille
1388 2872 1495 2910 non
1530 2856 1595 2911 ad
1627 2858 1786 2911 linem
1814 2857 2084 2922 remittit,
2133 2856 2231 2913 sed

642 2954 779 3000 esti
821 2947 1066 3015 psalmus
1110 2945 1307 3000 Davidi-
1361 2947 1414 3001 in
1473 2949 2016 3016 rememorationem;
2067 2968 2084 3002 ι
2144 2950 2230 3004 hic

642 3053 776 3092 vero
807 3056 825 3088 ι
856 3038 912 3092 ἱιι
941 3038 1098 3092 linem
1141 3057 1160 3090 ι
1199 3040 1501 3110 inscriptus
1545 3037 1646 3095 est.
1704 3039 1839 3094 Nam
1869 3057 2075 3106 xxxvii,
2122 3057 2228 3094 non

642 3131 824 3186 futura
857 3133 1289 3202 prmnuntiabat,
1343 3133 1437 3189 sed
1472 3134 1868 3204 praeteritarum
1901 3149 2079 3188 rerum
2114 3149 2229 3188 me-
2257 3157 2308 3219 ϐ

643 3224 874 3278 moriam
907 3225 1245 3280 refricabat:
1281 3227 1632 3296 quamobrem
1664 3226 1853 3298 eodem
1883 3242 1991 3296 quo
2042 3236 2231 3282 sextus

640 3315 866 3370 exordio
890 3317 1082 3380 utitur,
1119 3333 1334 3388 nempe,
1371 3337 1390 3370 ι
1446 3317 1690 3378 Domine.
1715 3335 1780 3372 ne
1816 3318 1869 3372 in
1921 3317 2104 3373 furore
2137 3325 2231 3371 tuo

641 3417 842 3475 arguas
890 3421 1004 3468 me,
1055 3423 1233 3478 neque
1282 3407 1336 3461 in
1390 3408 1469 3462 ira
1507 3417 1598 3462 tua
1647 3409 1916 3480 corripias
1957 3425 2060 3464 me.
2104 3428 2122 3462 ι
2166 3408 2232 3464 Ει

641 3495 831 3549 eodem
868 3506 1097 3568 uterque
1123 3509 1448 3569 argumento
1489 3508 1666 3554 erant.
1729 3501 2009 3572 Siquidem
2043 3511 2231 3558 sextus

643 3585 699 3640 in
751 3589 1111 3658 sequentibus
1149 3590 1264 3672 ait:
1316 3609 1335 3642 ι
1382 3590 1651 3647 Laboravi
1709 3595 1762 3646 in
1813 3595 2013 3663 gemitu
2065 3609 2226 3650 meo:

640 3679 835 3735 lavabo
859 3698 955 3752 per
980 3683 1228 3755 singulas
1262 3694 1453 3740 noctes
1483 3686 1684 3740 lectum
1714 3701 1894 3741 meum
1916 3726 1930 3747 .
1973 3687 2234 3759 lacrymis

640 3771 777 3827 meis
823 3782 1058 3829 stratum
1107 3791 1287 3830 mcum
1324 3777 1512 3848 rigabo
1545 3778 1612 3832 ⁷³.
1675 3797 1693 3830 ι
1731 3777 2067 3834 Triccsimus
2099 3795 2230 3835 vero

639 3867 906 3938 septimus
937 3869 1137 3925 similia
1168 3870 1328 3926 docet
1385 3873 1470 3927 his
1524 3872 1706 3929 verbis
1739 3893 1751 3928 :
1793 3891 1811 3924 ι
1853 3872 1972 3928 Νοιι
2008 3881 2092 3929 est
2124 3889 2234 3943 pax.

639 3959 860 4015 ossibus
893 3960 1028 4016 meis
1070 3976 1099 4015 a
1147 3961 1284 4017 facie
1333 3974 1680 4032 peccatorum
1732 3979 1976 4019 meorum
2015 3984 2029 4021 :
2085 3981 2234 4034 quo--

638 4051 785 4106 niam
847 4052 1163 4123 iniquitates
1225 4071 1358 4109 meae
1425 4071 1795 4126 supergressa:
1873 4064 2003 4113 sunt
2064 4065 2230 4128 caput

638 4161 841 4209 meum,
876 4146 1018 4202 sicut
1048 4162 1190 4202 onus
1223 4163 1388 4218 grave
1428 4157 1666 4220 gravata:
1722 4158 1852 4206 sunt
1900 4165 2066 4221 super
2119 4166 2223 4206 me.

637 4235 972 4293 Putruerunt
1003 4247 1057 4295 et
1077 4248 1348 4311 corruptae
1382 4249 1512 4295 sunt
1543 4242 1832 4298 cicatrices
1862 4256 1995 4297 mea:
2024 4257 2054 4296 a
2089 4241 2234 4297 facie

636 4328 964 4397 insipientia:
1009 4345 1143 4385 meze
1171 4331 1238 4384 ⁷⁵.
1283 4349 1303 4383 ι
1339 4329 1465 4386 llaec
1495 4347 1662 4401 porro
1700 4342 1754 4388 et
1784 4333 1985 4386 similia
2014 4333 2080 4386 ad
2113 4348 2222 4388 me-

637 4421 867 4474 moriam
893 4420 1121 4476 admissi
1155 4422 1381 4478 sceleris
1413 4423 1706 4480 referebat.
1741 4425 1924 4491 Quare
1961 4443 1980 4476 ιι
2036 4424 2092 4479 in
2134 4441 2222 4482 re-

2629 1872 2657 1894 ,ι
3097 1841 3214 1894 ΞΘ.

2415 1952 2436 1986 ι
2468 1933 2526 1988 '0
2545 1933 2696 1998 Θεὸς,
2721 1937 2800 1999 είς
2812 1933 2912 2006 τὴν
2929 1932 3183 2005 βοήθειάν
3203 1949 3304 2004 μου
3319 1931 3596 2004 πρόσχες.
3611 1950 3631 1982 ι
3657 1929 3910 2002 οὔτελῴδῇ,

2335 2026 2459 2081 οὔτε
2489 2025 2731 2099 ψαλμδς,
2776 2024 2900 2080 οὔτε
2942 2041 2996 2078 τι
3039 2023 3154 2079 τῶν
3185 2025 3446 2080 τοιούτων
3483 2027 3538 2079 οι
3582 2026 3910 2096 προκείμενα.

2333 2119 2658 2190 τυγχάνουσι
2700 2118 2847 2187 λόγοι
2865 2137 2884 2153 ·λ
2933 2119 3071 2190 πλὴν
3124 2119 3563 2189 άνοιπέμπουσιν
3620 2120 3703 2181 είς
3747 2118 3808 2170 τὸ
3843 2119 3912 2170 τέ-

2333 2211 2442 2274 λος,
2486 2211 2607 2264 ἐπεὶ
2649 2210 2782 2281 περὶ
2815 2209 3118 2281 μελλόντων
3155 2211 3255 2280 τὴν
3291 2211 3602 2283 ἱκετηρίαν
3643 2209 3910 2263 ποιοῦνται.

2333 2305 2591 2374 Εἴρηνται
2622 2302 2680 2355 δὲ
2728 2301 2848 2372 αυτῷ
2884 2303 3047 2358 Δαυῖδ
3096 2304 3175 2366 είς
3204 2303 3522 2374 ἀνάμνησιν
3547 2318 3562 2334 ⁸
3603 2321 3624 2354 ι
3669 2302 3746 2366 ὡς
3772 2303 3832 2355 ἂν
3853 2303 3913 2365 είς

2333 2395 2465 2448 αὐτὸ
2494 2394 2653 2447 τοῦτο
2703 2393 3023 2465 λεχθέντες,
3081 2395 3146 2448 ἵν’
3190 2395 3304 2466 ἔχοι
3354 2395 3686 2467 προχείρως
3711 2393 3910 2447 6:13:6-

2337 2503 2502 2556 ματος
2557 2485 3032 2557 ἀπομνημονεύειν
3095 2487 3331 2551 αὐτοὺς,
3376 2487 3475 2541 καὶ
3547 2487 3680 2540 ἀντὶ
3724 2486 3911 2556 ἐπῳδῆς

2334 2579 2516 2641 αὐτοῖς
2543 2579 2601 2629 ἐν
2634 2581 2754 2640 ταῖς
2782 2577 3138 2648 περιστάσεσι
3175 2577 3429 2650 χρῆσθαι.
3467 2578 3594 2632 Δύο·
3622 2579 3680 2632 δέ
3718 2581 3845 2632 εἰσιν
3870 2578 3908 2628 οἱ

2339 2689 2358 2721 ι
2386 2671 2464 2733 εἰς
2497 2670 2802 2742 ἀνάμνησιν
2830 2690 2848 2720 ι
2876 2672 3367 2742 ἐπιγεγραμμένοι,
3397 2672 3427 2725 ὃ
3456 2689 3520 2725 τε
3551 2671 3702 2743 μετὰ
3730 2671 3908 2742 χεῖρας,

2333 2763 2428 2816 καὶ
2454 2763 2483 2816 ὁ
2516 2761 2591 2826 λζ’
2636 2743 3117 2834 ἐπιγεγραμμένος
3166 2763 3260 2817 καὶ
3301 2764 3468 2828 αὐτὸς
3509 2783 3538 2815 «ε
3570 2767 3656 2828 είς
3698 2765 3907 2833 ἀνάμνῃο

2335 2869 2439 2910 σιν.
2475 2871 2493 2903 ι
2542 2851 2682 2906 Ἀλλ’
2722 2853 2930 2916 ἐκεῖνος
2979 2854 3076 2924 μὲν
3125 2854 3226 2908 οὐκ
3253 2857 3335 2918 εἰς
3387 2856 3448 2909 τὸ
3498 2857 3666 2919 τέλος
3701 2856 3909 2924 ἀνέπεμ-

2334 2959 2474 3009 πεν,
2501 2945 2614 2998 ἀλλ’
2645 2941 2712 3018 ἦν
2757 2965 2774 2996 ι
2803 2945 3017 3016 ψαλμὺς
3057 2946 3132 3016 τῷ
3183 2947 3345 3001 Δαυῒδ
3397 2951 3478 3013 είς
3526 2950 3902 3020 ἀνάμνησινοι

2333 3031 2503 3102 Οὗτος
2531 3037 2586 3090 δὲ
2626 3056 2642 3087 ι
2674 3040 2752 3101 εἰς
2794 3039 2854 3090 τὸ
2885 3039 3036 3101 τέλος
3068 3060 3086 3090 ι
3123 3041 3442 3113 ἐπιγράφει.
3471 3043 3533 3096 '0
3581 3045 3688 3114 μὲν
3716 3039 3804 3096 οὖν
3827 3040 3907 3106 λζ’,

2332 3131 2394 3182 οὐ
2424 3130 2728 3200 μελλόντων
2750 3125 2819 3201 ἦν
2838 3132 3319 3202 προαγορευτικὸς,
3356 3132 3907 3206 ἀλλὲιλπαρῳχηκότων

2333 3221 2678 3292 πραγμάτων
2703 3220 3109 3292 ὑπομνηστικός
3127 3237 3142 3251 °
3171 3223 3376 3296 6tb~rhv
3405 3224 3581 3297 αὐτὴν
3612 3223 3786 3297 ἀρχὴν
3815 3217 3909 3294 εἶχε

2331 3311 2409 3383 τῷ
2445 3312 2499 3377 ς’
2528 3313 2703 3382 λέγων
2722 3329 2735 3344 ο
2770 3333 2787 3364 ι
2815 3314 3009 3388 Κύριε,
3049 3314 3124 3387 μὴ
3149 3313 3228 3387 τῷ
3254 3314 3411 3388 θυμῷ
3445 3334 3542 3370 σου
3573 3316 3803 3387 ἐλέγξῃς
3833 3330 3907 3385 με»

2335 3403 2471 3476 μηδέ
2512 3407 2578 3476 τῇ
2619 3401 2758 3478 ὀργῇ
2810 3415 2904 3458 σου
2945 3405 3241 3478 παιδεύσῃς
3271 3424 3360 3478 με.
3397 3427 3418 3459 ι
3450 3407 3608 3463 Μίαν
3649 3425 3710 3461 τε
3743 3408 3790 3460 οξ
3820 3407 3908 3475 ἀμ-

2332 3497 2547 3568 φότεροι
2571 3497 2825 3552 ὑπόθεσιν
2853 3502 3149 3571 περιεῖχον.
3182 3500 3240 3552 '0
3269 3500 3372 3572 μὲν
3396 3500 3506 3572 γάρ
3533 3501 3702 3566 ἕκτος
3729 3497 3908 3568 προῖὼν

2331 3593 2605 3662 ἐπιλέγει·
2633 3613 2652 3646 ι
2706 3595 3006 3649 Ἐκοπίασα
3039 3597 3096 3648 ἐν
3131 3595 3210 3667 τῷ
3244 3595 3532 3668 στεναγμῷ
3583 3615 3691 3670 μου
3713 3615 3725 3627 ·
3754 3593 3907 3647 lotiqu

2331 3681 2451 3740 καθ’
2504 3687 2744 3759 ἑκάστην
2792 3687 2965 3742 νύκτα
3013 3689 3110 3760 τὴν
3161 3689 3350 3761 κλίνην
3403 3707 3539 3762 μου·
3599 3693 3662 3744 ἐν
3699 3686 3907 3759 δάκρυσέ

2334 3794 2434 3847 μου
2472 3778 2569 3848 τὴν
2609 3780 2896 3851 στρωμνήν
2940 3797 3042 3850 μου
3093 3780 3297 3853 βρέξω·
3330 3801 3356 3834 ι
3381 3785 3410 3835 ὁ
3442 3783 3500 3836 δὲ
3539 3783 3626 3849 λζ’
3651 3783 3720 3837 τὰ
3765 3781 3904 3850 ὅμοια

2328 3867 2570 3922 διδάσκει
2587 3870 2761 3938 λέγων
2780 3888 2793 3901 ·
2823 3891 2840 3922 ι
2867 3872 2981 3924 Οὐκ
3004 3871 3149 3926 ἔστιν
3163 3875 3352 3946 εἰρήνη
3375 3875 3433 3928 ἐν
3451 3877 3573 3940 τοῖς
3591 3875 3802 3934 ὀστέοις
3819 3885 3907 3942 μου

2329 3960 2440 4016 ἀπὸ
2470 3961 2761 4033 προσώπου
2804 3964 2916 4018 τῶν
2956 3967 3246 4040 ἁμαρτιῶν
3293 3984 3427 4040 μου⁸
3471 3969 3556 4022 ὅτι
3611 3970 3672 4024 αἱ
3705 3964 3902 4036 ἀνομίαι

2332 4071 2434 4124 μου
2495 4055 2778 4129 ὑπερῇραν
2836 4057 2936 4128 τῆν
3006 4059 3248 4131 κεφαλήν
3323 4077 3423 4131 μου
3496 4059 3637 4114 ibat!
3703 4055 3905 4129 φορτίον

2331 4143 2468 4216 βαρὺ
2515 4144 2895 4218 ἐϐαρύνθησαν
2951 4146 3039 4198 ἐπ’
3069 4147 3190 4218 ἐμέ.
3231 4146 3596 4220 Προσὼζεσαν
3646 4148 3750 4200 καὶ
3787 4141 3900 4216 ἐσᾴ-

2329 4253 2508 4307 πησαν
2546 4238 2594 4290 οἱ
2647 4236 2914 4310 μώλωπές
2961 4256 3064 4310 μου
3111 4239 3226 4292 ἀπὸ
3267 4239 3564 4313 προσώπου
3607 4241 3709 4312 τῆς
3751 4238 3904 4307 ἀφροο

2330 4326 2500 4398 σύνης.
2549 4345 2674 4398 μου.
2705 4348 2734 4380 ι·
2785 4328 2972 4384 Ταῦτα
3021 4329 3078 4383 δὲ
3135 4331 3229 4384 καὶ⁵
3279 4331 3346 4384 τὰ
3395 4331 3636 4387 τοιαῦτα
3678 4330 3770 4383 ἐπὶ
3817 4325 3901 4394 τὴν

2331 4421 2561 4492 μνήμην
2603 4420 2699 4475 τοῦ
2748 4422 3086 4494 πραχθέντος
3109 4423 3258 4496 αὐτῷ
3291 4423 3768 4497 πλημμελήμάτος
3794 4417 3903 4474 άνέι

636 4513 1084 4568 memorationem
1121 4534 1140 4566 ι
1177 4515 1475 4585 inscriptus
1521 4525 1607 4571 est
1631 4556 1646 4579 .
1700 4516 1971 4588 frequenti
2006 4517 2224 4572 confes-

2333 4528 2485 4584 φερε.
2533 4513 2736 4587 Διόπερ
2791 4517 2920 4579 (είς
2976 4515 3284 4588 ἀνάμνησιν
3319 4536 3338 4569 ι
3373 4518 3722 4590 ἐπέγραφεν,
3778 4517 3898 4567 ἐπα-

635 4602 789 4659 sione
823 4607 1095 4675 prmterita
1146 4619 1420 4677 repetens.
1469 4607 1601 4676 Quae
1651 4609 1779 4664 item
1827 4619 2126 4676 causaest,
2164 4621 2224 4666 ut

639 4717 658 4749 ‹
698 4699 752 4754 in
794 4700 957 4755 tinem
994 4721 1012 4750 ι
1047 4715 1157 4754 ιιοιι
1180 4702 1540 4757 inscribatnr.
1573 4701 1672 4758 llic
1698 4719 1828 4758 vero
1857 4721 1875 4755 ι
1912 4705 1966 4759 ἱιι
2003 4704 2162 4761 linem
2198 4724 2217 4758 ι

633 4791 874 4857 dicitur,
910 4792 1038 4864 quia
1070 4801 1510 4864 exspectatarum
1569 4811 1753 4849 rerum
1807 4799 2050 4866 precatio
2103 4808 2224 4863 est,

633 4894 994 4956 praevertente
1033 4884 1304 4956 Propheta
1355 4901 1419 4941 ac
1467 4894 1724 4955 rogante;
1779 4901 1842 4943 ut-
1895 4892 1939 4945 si
2001 4892 2223 4962 quando

632 4977 957 5044 contingant
987 4976 1335 5030 inimicorum
1388 4980 1626 5036 insultus
1684 4989 1739 5036 et
1793 4982 2007 5038 insidia:
2053 4984 2110 5038 in
2164 4998 2238 5039 se.

634 5074 858 5138 paratze,
891 5068 976 5122 his
1003 5069 1263 5123 remediis
1289 5086 1444 5136 usus,
1477 5087 1541 5126 ea
1577 5073 1732 5142 quasi
1767 5075 2012 5131 antidota
2039 5076 2222 5147 quod-

630 5158 714 5211 vis
745 5158 1118 5227 perniciosum
1145 5160 1442 5215 amulctuni
1475 5162 1802 5232 depellentia
1835 5167 2044 5223 afferat.
2079 5167 2222 5222 Num

627 5251 794 5302 etiam
848 5249 962 5304 haec
1021 5250 1168 5305 dicta
1225 5252 1291 5306 ad
1348 5269 1637 5322 personam
1690 5254 1992 5313 Salvatoris
2045 5259 2237 5315 nostri.

627 5340 952 5409 prophetice
1001 5339 1347 5396 referantur?
1397 5341 1849 5417 Quandoquidem
1903 5347 1959 5403 in
2019 5364 2224 5418 prame-

625 5431 776 5485 denti
809 5432 1019 5502 psalmo
1055 5433 1204 5487 clare
1237 5434 1549 5503 passionem
1601 5437 1721 5506 ejus
1766 5439 2089 5494 vaticinanti
2155 5455 2222 5495 ex

624 5523 748 5590 ejus
788 5539 1024 5594 persona
1050 5521 1380 5580 dicebatur:
1420 5545 1438 5577 ι
1481 5527 1590 5598 Ego
1635 5546 1757 5585 sum
1791 5546 1998 5602 pauper
2033 5540 2096 5587 et.
2119 5531 2250 5594 do-_

628 5614 770 5680 lens,
810 5616 962 5673 salus
994 5624 1110 5684 tua,
1149 5615 1314 5674 Deus.
1347 5621 1593 5690 suscepit
1635 5637 1721 5678 me
1753 5624 1829 5692 7‘;
1883 5641 1902 5675 ι
1966 5623 2222 5680 similiter

682 5732 730 5764 "°
757 5731 933 5789 Galat.
961 5734 1145 5800 tv,9.6.
1198 5737 1242 5768 τί
1272 5735 1438 5794 Hebr.
1465 5755 1566 5800 xu,
1589 5739 1677 5794 22.
1751 5743 1795 5773 "
1820 5739 1976 5798 Joan.
2002 5740 2187 5810 mna.

2333 5740 2460 5801 Psai.
2489 5759 2562 5809 ιἰ,
2591 5744 2639 5800 7.

712 5828 788 5898 (l)
809 5827 1018 5900 Lectio,
1056 5842 1111 5888 ut
1143 5831 1380 5902 videtur,
1408 5835 1618 5891 vitiata.

2330 4604 2692 4676 ναλαμεάνων
2745 4605 2816 4660 τὰ
2860 4608 3202 4680 παρελθόντα
3245 4607 3335 4662 διὰ
3372 4609 3472 4680 τῆς
3507 4609 3774 4681 συνεχοῦς
3797 4604 3899 4669 ἐξο-

2334 4697 2698 4770 μολογήσεως.
2732 4699 2822 4752 Διὸ
2847 4701 2946 4753 οὐκ
2974 4701 3288 4772 ἐπέγραφεν
3327 4722 3346 4754 ι
3378 4705 3459 4767 είς
3483 4702 3546 4756 τὸ
3573 4705 3746 4765 τέὶως.
3783 4719 3800 4750 ι
3851 4697 3902 4748 Ὁ

2321 4789 2387 4843 δὲ
2421 4791 2612 4863 παρὼν
2653 4811 2672 4843 ι
2708 4795 2787 4855 είς
2819 4791 2879 4844 τὸ
2893 4791 3046 4855 τέλος
3082 4813 3100 4844 ι
3142 4793 3379 4866 εἴρηται,
3401 4795 3702 4866 ἐπειδήπερ
3731 4796 3898 4857 ἱκετη-

2329 4881 2420 4955 ρία
2449 4883 2566 4936 ἐστὶ
2601 4883 3070 4954 προσδοκωμένων
3105 4885 3466 4956 πραγμάτων,
3501 4886 3596 4939 τοῦ
3627 4883 3896 4958 Προφήτω

2326 4977 2807 5048 προλαμσάνοντος
2823 4979 2917 5031 καὶ
2941 4977 3256 5050 εὐχομένου·
3286 4980 3377 5044 ἵν’,
3411 4981 3465 5032 εἴ
3494 4997 3623 5034 ποτε
3649 4976 3896 5049 συμδσῖεν

2327 5069 2548 5142 ἐχθρῶν
2594 5069 2990 5132 ἐπαναστάσεις
3046 5069 3141 5123 καὶ
3186 5069 3475 5124 ἐπιϐουλαὶ
3546 5073 3666 5124 κατ’
3715 5060 3892 5122 αὑτοῦ,

2326 5166 2446 5227 ταῖς
2479 5163 2869 5234 προκειμέναις
2893 5162 3126 5233 ἐπῳδαῖς
3171 5162 3452 5234 χρώμενος
3495 5163 3894 5234 ἀλεξιφάρμακα

2331 5256 2518 5328 ὥσπερ
2539 5256 2880 5329 ἀποτρόπαια
2911 5255 3114 5322 παντὸς
3152 5256 3388 5328 πονηροῦ
3410 5256 3900 5328 ἀντιπεριάτιματος-

2331 5350 2607 5416 ἐπάγοιτο.
2653 5349 2880 5419 Μήποτε
2903 5349 2959 5402 δὲ
2989 5349 3084 5402 καὶ
3117 5348 3474 5420 προφητικῶς
3502 5351 3590 5413 εἰς.
3623 5347 3900 5421 πρόσωπον

2329 5441 2660 5513 ἀναφέρεται
2692 5441 2766 5495 τὰ
2788 5441 3059 5512 λεγόμενα
3089 5440 3185 5494 τοῦ
3218 5440 3502 5512 Σωτῆρος
3529 5442 3817 5510 ἐπειδήπερ
3842 5433 3896 5484 ἐν

2331 5534 2430 5604 μὲν
2483 5533 2560 5614 τῷ
2605 5534 2710 5606 πρὸ
2758 5533 2948 5586 τούτου
3012 5532 3199 5602 σαφῶς
3250 5532 3560 5596 θεσπίζοντι
3625 5537 3684 5587 τὸ
3737 5525 3894 5584 πάθοςσ

2327 5625 2492 5680 αὐτοῦ
2535 5625 2750 5694 ἐλέγετο
2798 5629 2856 5694 ἐξ
2908 5625 3076 5680 αὐτοῦ
3132 5626 3456 5698 προσώπου·
3500 5645 3532 5677 ι»
3555 5625 3770 5696 Πτωχὸς
3805 5613 3886 5672 καὶ

2707 5746 2752 5776 ⁷³
2775 5743 2916 5801 Psal.
2941 5759 3148 5810 xxxvii,
3177 5743 3292 5800 ι-σ.
3357 5745 3401 5777 ⁷³
3425 5741 3568 5801 Psal.
3600 5755 3782 5804 urm,
3807 5734 3884 5790 30-
