4086 6442
223 349 346 412 ‘769

1371 347 1878 407 COMMENTARIA
1910 347 1979 405 lN
2018 347 2358 406 PSALMOS.

3411 358 3518 416 πο

230 473 424 544 ἀλγῶν
451 470 564 542 ἐγώ
589 473 724 544 εἰμι,
753 472 790 542 ἠ
825 469 1070 543 σωτηρία
1117 486 1233 533 σου,
1267 471 1296 523 ὁ
1317 468 1469 533 Θεὸς,
1503 466 1816 522 ἀντελάϐετι

1931 467 1989 522 in
2007 468 2263 540 praesenti
2293 474 2482 538 postea
2514 465 2648 522 dicit
2672 483 2687 523 :
2723 485 2745 523 ι
2785 465 2900 541 Ego
2917 482 3049 525 vero
3077 484 3286 537 egenus
3307 479 3361 529 et
3379 486 3518 545 pau-

233 583 379 639 μου·
418 584 436 616 ι
479 562 740 628 ὡσαύτως
776 563 832 617 δὲ
871 564 966 618 καὶ
1002 565 1060 616 ἐν
1098 562 1175 631 τῷ
1213 561 1352 634 μετᾶ
1382 563 1569 632 χεῖρας
1618 558 1820 632 προῖὼν

235 658 468 726 φάσκειο
499 674 518 708 ι
561 653 703 724 Ἐγὼ
734 655 790 708 δὲ
825 654 1038 725 πτωχὸς
1070 653 1166 708 καὶ
1195 653 1403 723 πένης,
1447 651 1476 704 ὁ
1513 650 1666 714 Θεὸς,
1699 649 1823 721 βοή-

217 750 407 823 ’θησόν
432 767 542 820 μοι.
580 767 600 800 ι
627 748 790 800 ’Ὥστε
824 747 919 800 καὶ
947 746 1036 799 διὰ
1059 745 1220 799 τοῦτο
1252 743 1565 814 ἀναγκαίως
1592 743 1822 815 ἐπιγρά-

236 861 364 913 φειν
397 863 414 893 ι
451 844 532 905 εἰς
569 841 630 894 τὸ
679 840 854 904 τέλος.
891 858 911 891 ι
958 839 1084 892 Ἐὰν
1141 838 1240 910 μὲν
1273 834 1368 892 οὖν
1409 839 1475 890 ὲκ
1528 834 1821 909 προσώπου

234 938 336 991 τοῦ
367 933 528 990 Δαυῗδ
554 935 787 1004 λέγοιτο,
817 933 988 996 εἴποι,
1025 931 1090 987 ἂν
1137 933 1218 986 δτι
1248 930 1483 1002 μεγάλου
1521 928 1822 999 βασιλεύων

237 1027 458 1093 ἔθνους,
509 1026 718 1099 σφόδρα
775 1024 1178 1087 πλουσιώτατος
1218 1021 1325 1087 ὢν,
1381 1022 1482 1076 οὐκ
1525 1015 1712 1092 ἠγνόει
1759 1019 1823 1074 τὸ

235 1121 450 1191 φάσκον
482 1119 690 1189 λόγιον·
723 1137 741 1171 ι
779 1119 928 1188 Ὂσῳ
965 1117 1138 1188 μέγας
1170 1111 1256 1178 εἴ,
1291 1114 1530 1185 τοσούτῳ
1559 1112 1820 1167 ταπεινοῦ

236 1213 495 1277 σεαυτὸν,
529 1214 624 1266 καὶ
663 1208 892 1266 ἐνώπιον
923 1209 1130 1281 Κυρίου
1165 1209 1420 1281 εὑρήσεις
1453 1208 1634 1280 χάριν.
1673 1227 1692 1258 ι
1731 1205 1822 1262 Διὸ

237 1303 646 1377 μετριοφρονῶν
686 1303 779 1356 καὶ
823 1301 1262 1371 ταπεινοφρονῶν
1297 1301 1391 1354 καὶ
1433 1299 1650 1371 ἀληθῶς
1689 1317 1820 1370 σμι-

221 1397 454 1472 ”κρύνων
487 1397 676 1450 ἑαυτὸν
697 1437 712 1462 ,
757 1395 852 1450 καὶ
899 1391 1037 1465 πρὸς
1078 1389 1140 1446 τὸ
1185 1387 1414 1464 μέγεθος
1459 1393 1680 1465 ἀφορῶν
1726 1391 1820 1446 τοῦ

227 1492 471 1546 ’πλούτου
501 1490 602 1560 τῆς
635 1489 1005 1562 χρηστότητος
1037 1485 1129 1539 τοῦ
1153 1485 1289 1540 Θεοῦ
1309 1527 1324 1552 ,
1353 1485 1568 1556 πτωχὸν
1595 1485 1689 1540 καὶ
1723 1480 1822 1539 πέέ-

229 1599 377 1658 ’νητα
426 1583 618 1638 ἑαυτὸν
669 1581 758 1635 διὰ
805 1581 915 1634 τῶν
957 1577 1340 1651 προκειμένων
1389 1577 1638 1649 ὠνόμασε
1665 1595 1677 1608 ·
1726 1572 1820 1631 καὶ

235 1675 540 1750 ἀρχόμενος
579 1673 634 1728 δὲ
672 1671 768 1726 τοῦ
797 1665 978 1739 λδγου,
1009 1663 1086 1733 ὦς
1119 1667 1285 1740 μηδὲν
1325 1663 1475 1738 αύτῷ
1515 1666 1818 1738 συμϐαλλο-

231 1769 429 1837 μένου,
465 1766 599 1836 μήτε
623 1761 882 1827 πλούτου,
915 1761 1052 1832 μήτε
1087 1758 1384 1830 βασιλείας,
1420 1759 1556 1830 μήτε
1595 1758 1694 1829 τῆς
1723 1757 1817 1812 τοῦ

1927 577 2024 630 per
2052 578 2196 628 sum,
2235 560 2397 626 Deus,
2431 559 2630 625 adiuva
2681 575 2790 617 me.
2840 581 2863 614 ι
2893 561 2972 617 lta
3020 571 3081 618 ut
3130 580 3194 619 ea
3231 564 3300 622 de
3345 580 3514 623 causa

1931 671 1949 704 ι
1982 653 2037 708 in
2085 652 2248 708 tinem
2283 673 2306 708 ο
2361 653 2675 708 necessario
2737 653 3090 711 inscribatur.
3145 657 3302 728 Quod
3359 660 3407 716 si
3441 673 3516 718 ex

1925 761 2162 816 persona
2197 745 2421 802 Davidis
2454 745 2789 817 proferatur,
2823 748 2976 804 dicas
3011 750 3138 805 licet
3175 751 3354 822 ipsum
3396 767 3517 811 ma-

1924 855 2044 909 gna:
2080 840 2256 911 gentis
2301 856 2501 912 regem,
2537 856 2601 897 ac
2631 843 2964 899 ditissimum
2991 882 3006 906 .
3058 835 3170 898 non
3233 845 3518 916 ignorasse

1922 942 2107 987 tamen
2141 933 2347 987 dictum
2401 934 2582 989 illud:
2642 953 2661 986 l
2702 933 2919 1002 Quanto
2975 937 3154 1005 major
3205 952 3298 1002 es,
3357 945 3518 996 tanto

1923 1023 2101 1093 magis
2141 1024 2376 1094 teipsum
2427 1024 2692 1092 humilia,
2745 1031 2799 1080 et
2847 1025 2902 1078 in
2948 1034 3247 1096 conspectu
3295 1025 3516 1085 Domini

1920 1115 2173 1171 invenies
2197 1118 2429 1188 gratiam
2459 1119 2548 1171 ⁷⁸⁸.
2575 1136 2593 1170 ›
2624 1116 2805 1183 Quare
2837 1119 3118 1176 moderate
3151 1127 3205 1175 et
3235 1119 3519 1178 humiliter

1920 1209 2191 1274 sentiens,
2211 1226 2459 1281 vereque
2487 1225 2610 1266 sese
2645 1225 2872 1281 parvum
2918 1220 3201 1282 reputans,
3237 1227 3302 1268 ac
3338 1214 3516 1281 respi-

1921 1303 2078 1359 ciens
2109 1303 2542 1374 magnitudinem
2569 1303 2884 1359 divitiarum
2924 1305 3188 1362 bonitatis
3219 1305 3354 1372 Dei,
3389 1321 3518 1378 ego-

1924 1411 2056 1449 nutn
2091 1411 2152 1451 se
2197 1405 2254 1452 et
2285 1411 2580 1467 pauperem
2639 1397 2695 1450 in
2745 1397 2997 1466 praesenti
3044 1398 3296 1456 vocavit:
3349 1405 3518 1468 atque

1921 1501 2232 1542 sermonem
2265 1487 2508 1550 ordiens,
2543 1501 2608 1541 ac
2641 1485 2690 1543 si
2729 1487 2970 1554 divitias,
3027 1503 3288 1560 regnum.
3345 1491 3518 1549 totius

1921 1580 2108 1651 populi
2139 1580 2362 1644 auxilia,
2392 1581 2631 1654 itemque
2670 1580 2883 1652 justitia
2919 1596 3017 1652 per
3061 1583 3515 1641 exercitationem

1921 1679 2260 1742 comparata.
2294 1671 2432 1729 nihil
2462 1673 2568 1730 sibi
2619 1673 2960 1740 conferrent,
2990 1671 3164 1730 solius
3208 1672 3304 1729 Dei
3356 1674 3516 1730 auxi-

1923 1761 2055 1817 lium
2114 1765 2402 1835 expetebat
2460 1765 2698 1824 dicens:
2745 1784 2768 1821 ι
2820 1764 3002 1832 Deus,
3063 1765 3121 1822 in
3179 1764 3512 1835 adjutorium

235 1858 442 1922 παντὸς
481 1857 664 1920 εθνους
696 1854 947 1927 βοηθείας
966 1892 982 1916 ,
1019 1855 1154 1926 μήτε
1180 1853 1278 1924 τῆς
1319 1849 1380 1915 ἐξ
1406 1852 1692 1922 ἀσκήσεως
1725 1867 1816 1903 πο-

1921 1867 2105 1910 mcum
2124 1854 2341 1911 intende
2361 1875 2376 1924 ;
2395 1855 2644 1922 Domine,
2669 1858 2738 1914 ad
2759 1859 3130 1930 adjuvandum
3153 1871 3238 1916 me
3256 1858 3510 1915 festina.»

238 1949 520 2022 ρισθείσης
563 1947 712 2018 αύτῷ
754 1945 1119 2017 δικαιοσύνης,
1167 1945 1266 2016 τὴν
1311 1944 1462 2016 παρά
1517 1943 1677 2014 μόνου
1726 1941 1822 2031 τοῦ

223 2041 375 2095 ’Θεοῦ
419 2041 668 2113 βοήθειαν
703 2037 1070 2111 ὲξῄτειλὲγων
1090 2055 1105 2068 ·
1147 2056 1165 2088 ι
1189 2037 1248 2090 '0
1280 2037 1431 2100 Θεὸς,
1459 2037 1540 2100 εἰς
1563 2033 1661 2106 τὴν
1691 2034 1821 2105 βοή-ν

227 2135 390 2188 θειάν
419 2150 520 2206 μου
542 2132 798 2204 πρόσχες.
825 2130 1020 2203 Κύριε,
1056 2132 1135 2194 εἰς
1155 2129 1218 2182 τὸ
1239 2128 1504 2200 βοηθῆσαί
1534 2144 1624 2200 μοι
1652 2126 1821 2182 σπεῦ-

231 2241 352 2278 σον.
389 2244 407 2277 ι
456 2223 628 2296 Ὀρῶν
672 2223 729 2276 δὲ
762 2221 991 2284 πολλοὺς
1035 2219 1522 2292 διαφθονουμένους
1568 2221 1636 2290 τῇ
1681 2215 1822 2274 κατὰ

227 2318 371 2372 Θεὸν
395 2315 560 2372 αὐτοῦ
585 2316 834 2388 προκοπῇ
869 2313 964 2367 καὶ
993 2311 1386 2383 βασκαίνοντας
1413 2313 1579 2367 αὑτοῦ
1607 2315 1674 2384 τῇ
1707 2329 1817 2367 σω·-

223 2409 405 2482 ’τηρίᾳ
443 2410 540 2480 τῆς
575 2408 786 2480 ψυχῆς,
834 2404 1143 2478 προσετίθει
1177 2404 1270 2465 τὸ,
1299 2423 1319 2456 ι
1359 2404 1818 2477 Δίσχυνθήτωσαν

229 2504 336 2558 ικαὶ
380 2501 805 2572 ἐντραπήτωσαν
853 2499 904 2552 οἰ
957 2495 1250 2568 ζητοῦντες
1298 2497 1397 2568 τὴν
1448 2496 1628 2569 ψυχήν
1691 2514 1815 2568 μου.

237 2583 780 2660 Ἆποστραφήτωσαν
809 2588 889 2650 είς
919 2587 986 2648 τὰ
1022 2587 1199 2640 ὀπίσω
1220 2587 1314 2642 καὶ
1343 2587 1818 2660 καταισχυνθήτω-

229 2703 340 2740 ’σαν
370 2687 420 2739 oi
453 2683 766 2756 βουλόμενοι
801 2697 891 2753 μοι
929 2681 1095 2736 κακά.
1137 2682 1670 2754 Ἀποστραφήτωσαν
1710 2698 1816 2736 παρ

233 2778 473 2853 pararim
503 2774 877 2846 αἰσχυνόμενοι
903 2775 954 2827 οἰ
983 2773 1232 2842 λέγοντές
1263 2791 1386 2844 μοι,
1415 2769 1580 2843 Εὖγε,
1607 2770 1757 2842 εὖγε.
1789 2790 1810 2826 ι

239 2871 337 2925 Διὰ
355 2869 558 2923 τούτων
571 2869 682 2940 γὰρ
693 2865 946 2939 ὁμολογεῖ
961 2866 1122 2930 αὐτὸς
1145 2866 1242 2938 μὲν
1259 2865 1438 2938 ἑαυτῷ
1463 2866 1539 2938 μὴ
1558 2865 1817 2922 δύνασθαι

239 2963 500 3034 ιπαρκείν
519 3000 533 3024 ,
565 2959 772 3014 δεῖσθαι
807 2957 866 3013 δὲ
897 2959 996 3022 τῆς
1033 2957 1184 3030 παρὰ
1226 2958 1320 3011 τοῦ
1344 2959 1650 3030 κρείττονος
1689 2958 1816 3031 βοη..

239 3053 423 3116 θείας⁹
458 3052 555 3118 ὡς,
584 3052 634 3105 εἰ
671 3051 744 3123 μὴ
771 3051 922 3121 τύχοι
953 3049 1176 3123 ταύτης,
1209 3050 1414 3123 ἔρημος
1441 3049 1696 3121 ἐσόμενος
1721 3049 1818 3103 καὶ

241 3143 697 3215 ἐλεγχοησόμενος
721 3141 960 3214 ἀσθενὴς
974 3142 1068 3196 καὶ
1095 3141 1258 3196 πλέον
1272 3142 1423 3196 οὐδὲν
1450 3142 1483 3213 ἢ
1512 3141 1702 3213 θνητὸς
1721 3143 1816 3196 ἇν-

243 3237 458 3307 θρωπος
477 3255 490 3266 ·
520 3236 618 3296 καὶ
644 3235 721 3299 ὼς·
751 3237 798 3289 οἰ
825 3234 1011 3308 ἐχθροὶ
1043 3234 1204 3287 αὐτοῦ
1231 3234 1700 3306 ὲπιχαιρεσίκακοί
1735 3251 1817 3286 τι-

231 3343 328 3390 νες
365 3327 519 3391 ὄντες
560 3323 783 3380 πεσόντι
827 3324 977 3396 αὐτῷ
1017 3324 1472 3396 ὲπαναϐἡσονται.
1515 3325 1579 3378 Εἰ
1605 3324 1660 3378 δὲ
1693 3323 1820 3395 βοη-

241 3421 334 3475 θοῦ
391 3421 542 3492 τύχοι
591 3419 684 3473 τοῦ
739 3418 896 3484 Θεοῦ,
950 3418 1110 3482 αὐτὸς
1161 3416 1259 3489 μὲν
1323 3415 1474 3470 ἔσται
1517 3414 1816 3488 ἀνώτεροςο

239 3514 502 3584 αἰσχύνην
538 3511 596 3566 δὲ
636 3509 1029 3582 καταχεοῦνται
1071 3511 1120 3564 οἱ
1157 3509 1258 3579 τῆς
1286 3506 1450 3562 αὑτοῦ
1491 3506 1668 3578 ψυχῆς
1702 3505 1820 3560 ὲπί-

237 3607 449 3676 ϐουλον
474 3605 676 3668 οἵτινες
723 3604 807 3672 ἐφ’
835 3603 1042 3676 ἑκάστῃ
1073 3602 1268 3675 πράξει
1293 3601 1436 3655 κατά
1459 3600 1626 3664 πόδας
1651 3598 1816 3654 αὑτοῦ

238 3700 514 3772 βαίνοντες
525 3698 620 3752 καὶ
632 3695 960 3772 πειρώμενοι
977 3692 1439 3766 ἐπιλαμϐάνεσθαι
1453 3692 1616 3746 αὐτοῦ
1635 3691 1815 3762 λέγειν

233 3791 514 3853 εἰώθασιν,
550 3807 569 3840 ι
600 3785 741 3858 Εὖγε
761 3828 776 3854 ,
808 3784 936 3856 εὖγε
957 3828 970 3851 ,
1001 3806 1020 3839 υ
1049 3786 1125 3850 ὡς
1146 3786 1212 3840 ἂν
1242 3784 1695 3856 ἐπιτυγχάνοντες
1720 3785 1814 3838 καὶ

233 3887 359 3940 (κατ’
387 3882 553 3954 εὐχὰς
582 3882 913 3954 πράττοντες
933 3883 992 3934 ὲν
1024 3874 1106 3942 οἷς
1132 3879 1297 3933 αὑτὸν
1333 3875 1663 3946 σφάλλεσθαι
1695 3877 1813 3930 ὲνό-

229 3975 414 4047 ομιξον.
455 3975 518 4030 Ei
540 3973 594 4027 δὲ
633 3972 728 4026 ἐπὶ
759 3972 851 4025 τὸν
877 3969 1106 4043 Σωτῆρά
1124 3987 1208 4032 τις
1233 3969 1491 4040 ἀναφέροι
1521 3966 1692 4022 ταῦτα
1728 3966 1816 4022 διὰ

229 4065 334 4138 τὴν
359 4064 713 4119 ἀποδοθεῖσαν
743 4063 944 4126 αἰτίαν,
978 4063 1126 4133 ἐρεῖ,
1153 4061 1236 4114 ὃτι
1280 4061 1406 4123 τοὺς
1441 4059 1816 4116 ἐπιϐουλεύον-

226 4172 337 4222 νιας
361 4154 526 4212 αὐτοῦ
551 4156 630 4226 τῷ
651 4156 795 4225 λόγῳ
821 4155 916 4210 καὶ
939 4157 1004 4224 τῇ
1034 4151 1373 4224 διδασκαλίᾳ,
1403 4152 1480 4223 τῷ
1500 4169 1559 4206 τε
1591 4151 1814 4224 μεγάλῳ

235 4249 450 4321 σώματι
479 4249 578 4320 τῆς
616 4246 942 4318 Ἐκκλησίας
981 4243 1143 4299 αὑτοῦ
1186 4243 1406 4317 θεωρῶν
1442 4243 1802 4314 ἐπανισταμέ-

1922 1948 2386 2006 Animdvertens
2419 1961 2600 2008 autem
2655 1953 2925 2024 plurimos
2964 1969 3089 2010 esse
3121 1954 3217 2025 qui
3263 1968 3370 2010 suo
3427 1967 3516 2009 se-

1919 2043 2164 2098 cundum
2195 2039 2366 2097 Deum
2397 2042 2688 2114 profectui,
2715 2047 2887 2100 livore
2913 2045 3086 2114 ducti,
3107 2061 3173 2102 ac
3195 2046 3362 2102 saluti
3386 2045 3512 2102 ani,

1921 2148 2026 2188 nne
2049 2147 2163 2188 suae
2207 2133 2534 2199 inviderent,
2566 2137 2699 2192 illud
2749 2138 2990 2209 adjecit:
3031 2157 3051 2192 ι
3087 2137 3514 2195 Confundantur

1918 2232 1977 2281 et
2005 2237 2358 2282 revereantur
2395 2230 2491 2300 qui
2525 2237 2778 2299 quaerunt
2809 2231 3046 2286 animam
3081 2247 3280 2288 meam.
3337 2231 3514 2287 Aver-

1919 2326 2108 2374 tantur
2154 2328 2459 2378 retrorsum
2507 2331 2561 2378 et
2613 2325 2943 2382 erubescant
2985 2325 3082 2396 qui
3136 2326 3326 2381 volunt
3374 2326 3511 2382 mihi

1919 2407 2082 2460 mala.
2111 2405 2449 2464 Avertantur
2484 2411 2671 2466 statim
2730 2414 3124 2470 erubescentes
3163 2415 3265 2493 qui
3318 2417 3512 2472 dicunt

1916 2498 2075 2564 mihi,
2099 2498 2269 2572 Euge,
2297 2517 2456 2572 euge.
2497 2522 2516 2555 ι
2551 2502 2648 2558 His
2686 2506 2980 2561 conﬁtetur
3007 2521 3068 2562 se
3095 2521 3208 2561 non
3240 2506 3344 2562 sibi
3375 2509 3512 2566 satis

1914 2605 2062 2656 esse,
2089 2591 2187 2647 sed
2221 2591 2316 2647 Dei
2357 2594 2564 2651 auxilio
2599 2611 2780 2668 egere.
2815 2594 3084 2652 Futurum
3117 2597 3326 2670 quippe
3350 2607 3506 2666 erat,

1918 2683 1968 2742 si
1989 2683 2045 2739 id
2071 2700 2182 2740 non
2207 2697 2660 2758 consequeretur,
2695 2697 2755 2744 ut
2797 2689 3050 2747 desertus
3075 2701 3244 2756 esset,
3265 2678 3332 2747 ac
3358 2693 3510 2748 infir-

1917 2792 2044 2834 mus
2070 2779 2317 2849 nihilque
2339 2780 2512 2852 magis
2534 2797 2698 2852 quam
2729 2785 2977 2840 mortalis
3004 2784 3165 2840 homo
3197 2784 3502 2856 depreheno

1917 2870 2162 2936 deretur,
2181 2871 2500 2944 inimicique
2529 2875 2722 2930 alienis
2741 2875 2901 2931 malis
2933 2877 3258 2946 gaudentes,
3289 2878 3506 2949 lapsum

1919 2963 2253 3020 seinvasuri
2279 2973 2485 3021 essent.
2522 2964 2582 3021 Si
2627 2981 2762 3022 vero
2793 2968 3100 3038 adjutorem
3149 2968 3322 3026 Deum
3368 2985 3510 3026 nan-

1918 3058 2239 3123 ciscere‘tur,
2273 3058 2612 3130 superiorem
2647 3074 2707 3115 se
2739 3058 2852 3116 fore
2883 3047 3187 3133 animaeque
3239 3077 3354 3118 sure
3402 3063 3512 3120 ini-

1921 3147 2094 3204 micos
2119 3149 2328 3218 pudore.
2357 3149 2624 3205 sun‘usum
2673 3151 2742 3206 iri
2787 3151 3064 3221 sperabat.
3121 3151 3188 3207 Hi
3235 3154 3382 3210 enim
3437 3153 3509 3210 ad

1921 3239 2135 3309 singula
2169 3252 2320 3311 gesta
2339 3243 2458 3312 ejus
2473 3257 2505 3297 e
2519 3243 2752 3314 vestigio
2773 3244 3092 3301 incedentes
3114 3246 3507 3322 observabant,

1923 3328 2213 3400 ipsumque
2267 3331 2728 3401 comprehendere
2783 3335 3067 3391 studentes
3129 3337 3318 3392 dicere
3360 3339 3508 3394 soleo

1924 3421 2074 3488 bant,
2105 3440 2123 3473 ι
2166 3420 2315 3493 Euge
2339 3462 2355 3487 ,
2392 3439 2548 3494 euge,
2584 3443 2603 3477 ›
2639 3425 2794 3494 quasi
2837 3441 2893 3480 re
2938 3427 3077 3483 bene
3121 3436 3273 3498 gesta
3295 3438 3376 3484 μοι
3408 3443 3510 3500 pro

1919 3522 2047 3567 voto
2079 3514 2432 3578 succedente,
2464 3529 2586 3569 cum
2624 3517 2835 3585 lapsum
2870 3532 2993 3572 eum
3039 3527 3317 3589 putarent.
3351 3520 3509 3589 Quod

1920 3605 1968 3661 si
1995 3606 2120 3677 quis
2148 3607 2265 3662 tunc
2295 3606 2362 3661 ad
2398 3607 2733 3662 Salvatorem
2781 3608 2851 3664 ob
2895 3625 3060 3680 super
3086 3613 3345 3668 traditam
3373 3629 3510 3669 catl-

1922 3713 2040 3754 sam
2071 3699 2292 3762 referat,
2330 3700 2379 3755 is
2409 3699 2586 3766 dicet,
2635 3701 2814 3772 ipsum
2843 3717 2968 3756 cum
3004 3713 3253 3760 cerneret
3289 3720 3386 3762 eos
3412 3708 3509 3777 qui

1922 3793 2090 3848 verbo
2133 3799 2188 3848 et
2249 3791 2514 3849 doctrina:
2567 3809 2683 3850 suae
2728 3809 3034 3866 magnoque
3079 3795 3340 3853 Ecclesiae
3394 3815 3509 3857 suae

1922 3883 2142 3953 corpori
2183 3882 2611 3948 insidiabantur,
2649 3884 2932 3955 insurgere
2962 3900 3026 3941 ac
3069 3885 3386 3958 frequenter
3411 3891 3509 3945 ad-

1919 3989 2116 4032 versus
2165 3974 2316 4028 illam
2344 3976 2755 4044 persecutiones
2791 3977 3074 4044 excitare;
3111 3993 3302 4035 eorum
3351 3981 3508 4037 mali-

1918 4068 2048 4121 tiam
2073 4074 2440 4132 exsecratum,
2477 4067 2620 4124 hanc
2651 4069 2972 4140 prophetice
3011 4073 3318 4130 cntionem
3367 4074 3508 4130 emi-

1917 4159 2078 4222 sisse,
2108 4158 2320 4228 hocque
2353 4159 2547 4215 orandi
2582 4161 2896 4218 institutum
2941 4161 3204 4220 Ecclesiae
3249 4179 3365 4220 sua:
3393 4173 3508 4221 trao

1916 4244 2139 4300 «lidisse.

231 4361 378 4409 1νους,
404 4343 649 4407 καὶτοὺς
685 4340 955 4412 διωγμοὺς
994 4339 1231 4409 συνεχῶς
1267 4338 1386 4393 κατ’
1415 4337 1588 4409 αὐτῆς
1631 4337 2020 4408 ἐνεργοῦντας,
2053 4340 2584 4413 άποτροπιαζόμενος
2646 4343 2827 4400 αὐτῶν
2888 4344 2987 4418 τὴν
3038 4345 3271 4415 κακίαν,
3302 4347 3509 4423 ταύτην

231 4437 586 4510 προφητικῶς
639 4436 918 4507 ἀνέπεμπε
971 4435 1071 4504 τὴν
1113 4433 1309 4505 εὐχὴν,
1358 4432 1500 4496 οὕτω
1543 4433 1654 4487 δεῖν
1698 4433 1952 4504 εὔχεσθαι
1983 4434 2246 4520 διδάσκων
2268 4437 2366 4510 τὴν
2413 4439 2738 4510 Ἐκκλησίαν
2770 4441 2957 4497 αὑτοῦ.

309 4547 330 4582 ι
375 4529 842 4599 ’Δγαλλιάσθωσαν
874 4529 968 4583 καὶ
996 4528 1457 4602 εύφρανθήτωσαν
1487 4529 1578 4582 ἐπὶ
1605 4528 1663 4583 σὲ
1686 4528 1816 4582 πάνμ

1996 4527 2162 4586 Vens.
2205 4531 2258 4596 5,
2298 4533 2351 4586 6.
2376 4549 2394 4582 ι
2422 4530 2709 4592 Exsultent
2745 4544 2799 4588 et
2833 4535 3085 4591 lmtvntur
3103 4552 3271 4609 super
3302 4548 3358 4596 te
3389 4555 3511 4596 om-

227 4639 325 4686 τες
355 4623 406 4675 οἰ
454 4621 740 4695 ζητοῦντές
767 4639 846 4676 σε.
881 4642 898 4673 ι
937 4622 1019 4676 Τὰ
1061 4621 1160 4692 μὲν
1203 4619 1395 4692 πρῶτα
1443 4620 1816 4692 ἁνατρεπτικὰ

229 4710 303 4786 ἦν
359 4713 468 4768 τῶν
505 4715 798 4770 ἐναντίωνο
855 4713 1161 4776 ἀκολούθως
1196 4712 1252 4766 δὲ
1294 4710 1363 4765 τὰ
1406 4711 1636 4784 δεύτερα
1675 4713 1814 4784 ὑπὲρ

231 4804 342 4862 τῶν
370 4806 588 4861 οἰκείων
627 4807 939 4879 πρεσϐεύει.
977 4807 1086 4862 Καὶ
1121 4807 1168 4861 εἰ
1218 4806 1315 4878 μὲν
1355 4807 1384 4858 ὁ
1420 4804 1582 4860 Δαυῖδ
1620 4805 1814 4878 δικαίῳ

234 4897 552 4970 πρέπουσαν
579 4899 741 4971 εὐχὴν
773 4902 1028 4964 ἐποιεῖτο,
1065 4899 1140 4964 ὡς
1167 4899 1231 4953 ἂν
1265 4901 1467 4964 πάντες
1487 4901 1535 4954 οἰ
1561 4899 1656 4954 τὸν
1679 4899 1812 4954 Θεὸν

233 4989 542 5060 ζητοῦντες,
577 4985 654 5046 ὧν
702 4987 781 5056 εἷς
831 4992 924 5050 καὶ
971 4992 1135 5056 αὐτὸς
1180 4987 1282 5062 ἦν,
1311 4993 1686 5062 ἀγαλλιάσεως
1718 4992 1813 5052 καὶ

231 5081 572 5154 εὐφροσύνης
595 5081 870 5154 μετέχοιεν
889 5082 996 5136 τῶν
1026 5082 1235 5156 ἐχθρῶν
1263 5083 1774 5155 καταισχυνομένων
1794 5102 1808 5116 ·

232 5175 282 5228 oi
320 5174 378 5228 δὲ
417 5176 736 5244 ἀγαπῶντες
769 5175 828 5238 τὸ
868 5176 1132 5248 σωτήριον
1177 5175 1270 5230 τοῦ
1303 5175 1440 5230 Θεοῦ
1481 5176 1689 5244 λέγοιεν
1716 5174 1806 5240 ἂν,

237 5283 259 5316 ε
286 5265 690 5339 Μεγαλυνθήτω
737 5269 766 5320 ὁ
811 5268 974 5332 Θεὸς·
1008 5289 1027 5322 δ
1084 5271 1178 5324 καὶ
1218 5271 1376 5324 τοῦτο
1432 5270 1508 5340 μὴ
1553 5266 1808 5332 εἰσάπαξ,

237 5357 372 5432 μηδὲ
416 5358 496 5416 ἑνί
547 5376 674 5413 ποτε
726 5360 901 5432 καιρῷ
925 5401 939 5422 .
974 5361 1109 5416 ἀλλὰ
1135 5362 1425 5425 διαπαντὸς
1464 5361 1707 5430 λέγοιεν,
1733 5379 1812 5414 νιν

233 5448 438 5516 κῶντος
489 5451 547 5503 ἐν
591 5451 774 5515 αὐτοῖς
818 5453 910 5505 καὶ
941 5453 1006 5506 δι’
1042 5453 1221 5506 αὐτῶν
1261 5453 1372 5505 πᾶν
1417 5451 1510 5506 τὸν
1549 5452 1810 5524 πολέμιον

234 5540 389 5610 γένος
413 5539 506 5598 τοῦ
532 5541 689 5598 Θεοῦ.
721 5545 786 5597 Εἰ
813 5545 870 5598 δὲ
895 5547 924 5598 ό
957 5545 1146 5615 Σωτὴρ
1170 5545 1279 5607 τοῖς
1319 5542 1694 5615 προλεχθεῖσιν
1731 5544 1808 5616 (l)

234 5633 540 5700 ἀκολούθως
575 5635 660 5707 εἴη
698 5637 838 5710 ὑπὲρ
864 5636 970 5690 τῶν
1017 5635 1075 5701 ὲξ
1113 5635 1366 5690 ἁπάντων
1401 5636 1709 5709 τῶνοὲθνῶν
1733 5637 1812 5701 εἰς

305 5728 373 5760 ἠ’
401 5725 568 5784 Eccli.
605 5745 684 5790 Ill,
713 5729 803 5786 20.

313 5822 386 5890 (ί)
417 5823 626 5876 Λείπει.

1918 4638 2017 4682 nes
2050 4623 2144 4692 qui
2177 4632 2428 4694 quaerunt
2453 4633 2526 4682 te.
2566 4647 2584 4678 ι
2633 4625 2825 4682 Priora
2867 4629 3086 4698 quidem
3125 4632 3193 4686 ad
3251 4633 3508 4691 inimicos

1916 4716 2245 4775 avertendos
2277 4717 2422 4774 dicta
2473 4727 2640 4786 sunt;
2681 4721 2922 4775 secunda
2953 4738 3082 4778 vero
3113 4738 3213 4794 pro
3245 4723 3509 4782 domesti-

1913 4805 2000 4860 cis
2040 4807 2372 4876 supplicant.
2409 4805 2475 4864 Et
2517 4821 2650 4862 sane
2704 4807 2926 4878 quidem
2981 4809 3148 4870 David
3199 4815 3508 4872 orationem

1910 4896 2062 4968 justo
2095 4907 2488 4971 congruentem
2521 4900 2727 4966 emisit,
2765 4913 3024 4972 precatus
3047 4913 3106 4960 ut
3140 4907 3380 4964 universi
3409 4908 3506 4979 qui

1914 4990 2086 5050 Deum
2122 4992 2432 5063 requirunt,
2466 5009 2532 5049 ex
2563 5009 2799 5064 quorum
2825 4995 2916 5052 ille
2942 5012 3174 5054 numero
3197 5006 3357 5064 erat,
3393 5000 3507 5056 iui-

1919 5084 2076 5139 micis
2099 5084 2307 5155 pudore
2336 5084 2582 5150 sull‘usis,
2605 5088 2992 5145 exsultationis
3015 5097 3069 5144 et
3109 5090 3293 5160 gaudii
3337 5091 3510 5162 parti-

1919 5173 2070 5244 cipes
2101 5175 2232 5230 sint.
2291 5175 2330 5231 li
2367 5193 2496 5234 vero
2541 5181 2635 5249 qui
2667 5180 2904 5252 diligunt
2956 5181 3198 5238 salutare
3230 5180 3348 5248 Dei,
3379 5179 3509 5251 jure

1919 5265 2191 5331 dixerint,
2252 5287 2271 5320 ι
2339 5268 2716 5340 Magniﬁcetur
2776 5272 3070 5340 Dominus;
3115 5293 3135 5326 ι
3189 5272 3355 5329 idaue
3397 5285 3506 5330 non

1918 5360 2108 5427 semel,
2141 5361 2237 5417 sed
2261 5363 2408 5420 omni
2427 5371 2698 5434 tempore,
2720 5366 2849 5437 quia
2869 5367 2988 5438 ipse
3005 5365 3276 5422 Dominus
3291 5365 3346 5421 in
3369 5365 3506 5437 ipsis

1915 5451 2274 5524 ipsorumque
2301 5469 2468 5526 opera
2502 5473 2680 5530 genus
2725 5473 2890 5514 omne
2937 5457 3383 5514 adversariorum
3407 5455 3505 5512 Dei

1917 5544 2193 5616 proﬂigat.
2227 5546 2383 5613 Quod
2429 5549 2474 5605 si
2526 5549 2780 5606 Salvator
2827 5551 3106 5621 praedictis
3137 5549 3320 5606 verbis
3369 5562 3505 5606 usus

1920 5637 2015 5700 sit,
2037 5646 2437 5709 consequenter
2483 5640 2552 5696 de
2602 5642 2861 5699 omnibus
2911 5642 3166 5714 gentibus
3194 5640 3257 5695 in
3288 5654 3349 5696 se
3380 5653 3503 5698 crc-
