4086 6442
1411 356 1912 416 (ἷΟΜΞιΙΕΝΤΑΒΙΛ
1955 362 2017 419 IN
2056 362 2395 424 PSALMOS.

3424 377 3540 434 ΤΜ

274 460 389 536 πρδ
426 461 590 516 αὑτοῦ
629 462 1015 535 τεταγμένοις,
1060 465 1150 520 διὰ
1198 466 1261 521 τὸ
1296 470 1495 542 πολλὴν
1534 471 1672 544 πρὸς
1717 473 1851 528 αὐτὰ

1959 477 2082 532 beat
2133 480 2467 540 afﬁnitatem.
2522 474 2667 541 Nam»
2719 487 2774 543 in
2837 491 3162 560 precem-nti
3210 464 3535 553 dicebatur:

266 552 475 619 ’σώζειν
503 554 820 609 ἀκολουθίαν
838 570 854 585 ⁸
883 556 941 608 ἐν
981 557 1112 625 γοῦν
1145 558 1222 630 τῷ
1250 560 1354 632 πρὸ
1384 563 1572 615 τούτου
1599 563 1816 633 ἐλέγετο
1834 582 1851 598 ·

266 666 303 700 ε(
343 646 404 702 '0
424 647 575 711 Θεὸς,
619 649 699 712 εἰς
718 647 817 719 τὴν
849 648 1099 720 βοήθειάν
1129 669 1231 722 μου
1260 652 1514 725 πρόσχες.
1546 656 1854 729 Αἰσχυνθή-

275 753 457 792 στωσαν
500 737 598 791 καὶ
645 739 1080 810 ὲντραπήτωσαν
1107 742 1156 793 οἰ
1201 742 1487 812 ζητοῦντες
1533 744 1632 816 τὴν
1674 747 1855 820 ψυχήν

272 846 403 901 μου.
437 831 943 902 ’Λποστραφείησαν
974 834 1056 895 εἰς
1094 832 1161 887 τά
1189 834 1366 887 ὀπίσω
1404 837 1497 891 καὶ
1522 855 1852 911 καταισχυν-

264 921 503 993 ’θείησαν
539 923 590 975 οἰ
632 921 940 994 βουλόμενοί
972 941 1062 995 μοι
1095 925 1271 978 κακά’
1310 944 1328 977 ι
1365 928 1460 981 καί
1493 929 1550 981 ἐν
1574 933 1686 994 τοῖς
1717 930 1855 1002 μετά

266 1016 466 1087 χεῖρας
492 1014 550 1068 δὲ
584 1014 789 1086 προῖὼν
826 1018 855 1071 ὸ
881 1016 1038 1086 λόγος
1068 1019 1188 1081 ταῖς
1220 1019 1413 1083 αὐταῖς
1449 1021 1714 1094 κέχρηται
1745 1041 1856 1093 φω-

264 1109 399 1170 ναῖς
419 1107 593 1176 λέγων
611 1125 625 1136 ·
656 1125 675 1158 ι
698 1107 755 1160 '0
782 1107 936 1173 Θεδς,
964 1109 1045 1174 εἰς
1067 1108 1165 1180 τὴν
1186 1108 1437 1182 βοήθειάν
1465 1130 1566 1184 μου
1593 1114 1850 1185 πρόσχες,

278 1198 727 1272 αἰσχυνθείησαν*
762 1219 779 1250 ι
825 1201 918 1254 καὶ
962 1202 1031 1255 τά
1067 1201 1228 1256 λοιπά
1256 1204 1314 1257 δὲ
1347 1206 1446 1274 τῆς
1472 1207 1641 1278 αὐτῆς
1674 1208 1852 1278 ἔχεται

276 1291 534 1355 διανοίας,
562 1294 641 1355 εἰς
673 1292 872 1356 πλάτος
902 1295 1279 1365 ὲκτεινομένου
1308 1298 1402 1349 τοῦ
1431 1298 1591 1366 λόγου
1627 1299 1714 1353 διὰ
1744 1302 1853 1353 τῶν

278 1384 687 1455 προκειμένων,
721 1384 863 1456 ἆπερ
889 1386 990 1439 οὐκ
1020 1386 1128 1440 ἀπὸ
1160 1388 1361 1442 σκὸπου
1390 1390 1453 1443 ἀν
1480 1407 1561 1453 τις
1586 1392 1727 1445 εἰποι
1756 1393 1855 1464 ἁρ-

281 1477 467 1546 μόζειν
487 1475 565 1547 τῷ
587 1478 762 1549 Πατρί
781 1494 794 1508 ο
829 1478 928 1532 Διά
946 1495 1005 1531 τε
1035 1478 1096 1531 τό
1118 1478 1373 1547 λέγεσθαι
1412 1482 1468 1535 ἐν
1500 1483 1669 1554 αὐτῷ’
1700 1485 1853 1537 «Ὅτι.

280 1570 346 1623 σὺ
372 1565 479 1640 εἷὴ
509 1570 753 1642 ὑπομονή
791 1588 913 1642 μου,
948 1571 1144 1642 Κύριε,
1180 1571 1370 1644 Κύριε,
1402 1576 1434 1645 ἡ
1468 1574 1621 1639 ἐλπίς
1656 1593 1755 1647 μου
1790 1578 1853 1631 ἐκ

268 1662 526 1733 νεότητός
562 1680 662 1733 μου
683 1679 698 1694 ·
731 1683 750 1715 ι
786 1663 923 1717 αύτά
948 1664 1053 1736 γάρ
1074 1665 1249 1719 ταῦτα
1280 1667 1337 1718 ὲν
1371 1666 1465 1719 καὶ
1491 1663 1568 1736 τῷ
1611 1666 1696 1719 κα¹
1722 1666 1854 1736 ψαλ-

268 1753 365 1823 μῷ
393 1753 453 1818 ἐξ
476 1754 640 1808 αὑτοῦ
671 1754 957 1828 προσώπου
988 1756 1204 1826 ἐλέγετο
1226 1758 1284 1809 ὲν
1312 1756 1521 1822 τούτοις
1538 1775 1551 1788 ο
1591 1776 1610 1810 ι
1643 1759 1760 1811 Ὅτι
1788 1760 1851 1813 σὺ

268 1842 325 1897 ἐἴ
350 1849 378 1898 ὁ
410 1847 690 1912 ὲκσπάσας
719 1864 785 1919 με
820 1849 883 1901 ἐκ
921 1848 1189 1919 γαστρόςο
1221 1867 1240 1900 ›
1278 1848 1373 1901 καί
1415 1848 1485 1901 τά
1514 1848 1660 1921 ἐξῆς.
1696 1848 1855 1903 Ἀλλά
1886 1889 1926 1943 Β

274 1938 371 1989 καὶ
404 1936 463 1989 τὸ
499 1933 627 2007 ἑξῆς
658 1937 1044 2007 ἐπιλεγόμενον
1064 1939 1122 1991 ἐν
1151 1940 1217 2009 τῇ
1255 1938 1393 2009 μετά
1419 1942 1609 2012 χεῖρας
1642 1958 1853 2013 προφη-

266 2029 396 2101 τεία
422 2029 479 2082 ὲν
511 2026 607 2098 τῷ,
642 2048 660 2079 ι
701 2028 758 2082 '0
788 2029 921 2093 Θεός
951 2047 1075 2101 μου,
1120 2030 1195 2102 μὴ
1246 2031 1616 2104 ἐγκαταλίπῃς
1639 2050 1728 2103 με,
1747 2034 1852 2097 ἕως

264 2121 339 2175 ’ἂν
371 2117 669 2187 ἀπαγγελῶ
687 2119 777 2174 τὸν
809 2120 1070 2192 βραχίονά
1098 2139 1190 2175 σου
1218 2125 1283 2194 τῇ
1307 2125 1469 2195 γενεᾷ
1498 2125 1647 2197 πάσῃ
1671 2128 1735 2197 τῇ
1764 2128 1853 2199 ἐρ-

268 2213 500 2286 χομένῃ,
525 2233 543 2265 ι
570 2214 907 2284 ἰσοδυναμεῖν
932 2214 1071 2268 ἔοικε
1092 2213 1168 2286 τῷ
1190 2216 1246 2267 ἐν
1267 2216 1352 2269 κα¹
1369 2216 1569 2289 ψαλμῷ
1592 2219 1851 2287 φάσκοντι

273 2302 418 2372 λόγῳ
432 2319 449 2333 ο
475 2322 493 2355 ι
516 2303 971 2374 Ἀναγγελήσεται
987 2303 1064 2375 τῷ
1080 2305 1268 2376 Κυρίῳ
1289 2306 1451 2374 γενεά
1470 2309 1502 2378 ἡ
1523 2307 1810 2381 ἐρχομένη.
1826 2325 1845 2359 ι

269 2391 520 2463 ⁴Πρόσχες
565 2393 672 2465 γὰρ
707 2394 950 2466 ἀκριϐῶς
988 2396 1136 2460 ὅπως
1166 2396 1225 2449 ἐν
1252 2396 1448 2468 ἐκείνῳ
1482 2398 1580 2468 μὲν
1609 2398 1847 2468 ἐλέγετο,

277 2507 295 2537 ι
307 2489 601 2561 Ἀναγγελὴ
611 2507 758 2543 σεται
770 2490 849 2560 τῷ
862 2491 1053 2562 Κυρίῳ
1066 2492 1227 2560 γενεά
1240 2494 1272 2561 ἡ
1297 2492 1586 2565 ἐρχομένη,
1601 2494 1685 2547 »ἐν
1698 2494 1752 2548 δὲ
1772 2493 1851 2566 τῷ

270 2582 656 2653 προκειμένῳ,
696 2602 715 2634 ι
751 2585 895 2648 Ἕως
923 2583 988 2637 ἂν
1021 2585 1318 2653 ἀπαγγελῶ
1338 2587 1432 2641 τὸν
1466 2586 1727 2660 βραχίονά
1754 2606 1849 2643 σου

269 2675 337 2744 τῇ
365 2676 527 2745 γενεᾷ
552 2676 699 2749 πασῃ
723 2678 787 2747 τῇ
822 2676 1112 2749 ἐρχομένη.
1149 2696 1167 2728 ι
1207 2678 1366 2732 Ἀλλά
1404 2680 1499 2733 καί⁸
1531 2680 1632 2751 τὴν
1665 2680 1731 2734 ὲκ
1760 2698 1850 2734 νε-

271 2765 418 2837 κρῶν
437 2766 729 2820 ἀνάστασιν
746 2768 907 2822 αὑτοῦ
925 2768 1110 2839 σαφῶς
1124 2770 1450 2843 παρίστησιν
1468 2773 1501 2844 ἡ
1516 2771 1651 2842 μετά
1662 2775 1851 2845 χεῖρας

268 2859 574 2930 προφητεία
600 2858 834 2928 λέγουσα
850 2859 910 2924 ἐξ
932 2860 1094 2914 αὑτοῦ
1114 2862 1405 2933 προσώπου
1422 2879 1435 2893 ο
1466 2881 1484 2914 ι
1509 2864 1565 2916 '0
1580 2863 1731 2928 Θεὸς,
1765 2864 1852 2928 τίς

266 2948 449 3019 ὅμοιός
479 2967 560 3003 σοι
577 2968 590 3014 ;
609 2952 737 3016 ὅσας
768 2951 972 3017 ἔδειξας
990 2970 1079 3023 μοι
1107 2952 1314 3022 θλίψεις
1330 2952 1528 3017 πολλὰς
1548 2954 1646 3008 καὶ
1675 2955 1851 3018 κακὰς

267 3043 361 3095 καὶ
382 3043 712 3115 ἐπιστρέψας
740 3044 1004 3116 ἐζωοποίη
1014 3045 1108 3106 σας
1131 3061 1218 3115 με,
1241 3045 1336 3097 καὶ
1355 3044 1465 3098 τῶν
1483 3045 1737 3114 ἀναγκῶν
1750 3047 1848 3117 τῆς

266 3134 369 3204 γῆς
385 3135 542 3188 πάλιν
553 3136 827 3208 ἀνήγαγές
841 3152 906 3206 με
924 3153 937 3200 ;
965 3156 983 3188 ι
1004 3136 1119 3190 Εἶτ’
1132 3132 1223 3191 οὖν
1237 3138 1301 3189 ἐκ
1322 3136 1610 3208 προσώπου
1626 3137 1720 3191 τοῦ
1739 3139 1823 3191 Σω
1835 3169 1851 3183 ο

1962 584 1982 618 ι
2015 567 2178 634 Deus,
2211 571 2265 625 in
2293 572 2625 642 adjutorium
2658 593 2837 633 meum
2875 580 3093 638 intende
3116 624 3131 642 .
3185 582 3515 642 Confundan

1956 667 2045 713 tur
2095 669 2151 716 et
2197 676 2550 720 revereantur
2596 670 2689 739 qui
2743 682 2993 741 quarunt
3046 675 3283 729 animam
3336 692 3536 735 mram.

1954 748 2283 807 Avertantur
2335 764 2638 813 retrorsum
2697 768 2749 815 et
2796 763 3126 819 erubescant
3190 768 3282 838 qui
3348 771 3542 827 volunt

1952 840 2086 895 mihi
2118 843 2261 897 mala
2297 845 2362 901 ⁷⁸.
2409 866 2427 899 ι
2472 847 2528 903 la
2562 850 2667 906 hoc
2703 869 2835 909 vero
2861 895 2877 919 ,
2927 872 3089 926 quem
3143 875 3290 914 nunc
3344 873 3541 919 tracta-

1955 949 2105 998 mus,
2147 934 2434 1005 ipsissima:
2460 957 2621 999 voces
2654 943 2710 998 in
2743 949 3100 1017 sequentibus
3150 964 3489 1021 usurpantur
3521 974 3536 1010 :

1960 1040 1978 1074 ι
2015 1023 2176 1089 Deus,
2208 1025 2261 1080 in
2290 1028 2625 1097 adjutorium
2659 1049 2839 1089 meum
2872 1037 3098 1093 intende
3121 1079 3135 1099 .
3192 1042 3540 1097 confundan-

1955 1122 2064 1179 tur,
2088 1135 2106 1169 ›
2133 1125 2186 1171 et
2212 1126 2430 1185 cmtera,
2466 1138 2685 1196 qu0que
2709 1127 2884 1182 eidem
2920 1132 3205 1185 sententia:
3235 1132 3503 1189 insistunt
3526 1153 3540 1199 ;

1950 1207 2051 1262 sed
2082 1208 2171 1265 hic
2200 1208 2379 1267 fusius
2402 1230 2488 1269 res
2518 1229 2869 1284 enarrantur,
2902 1237 3038 1291 quas
3065 1222 3209 1278 Patri
3244 1226 3544 1279 convenire

1954 1314 2062 1353 non
2084 1300 2181 1357 abs
2207 1319 2268 1358 re
2295 1306 2565 1376 quispiam
2596 1308 2818 1365 dixerit.
2844 1312 2981 1367 Cum
3018 1318 3142 1369 item
3172 1316 3226 1369 in
3254 1318 3355 1371 hoc
3391 1319 3543 1388 psal-

1952 1409 2044 1448 mo
2070 1396 2305 1461 dicatur,
2336 1416 2354 1448 ι
2389 1397 2659 1465 Quoniam
2679 1410 2735 1455 tu
2760 1421 2819 1458 es
2841 1406 3097 1474 patientia
3118 1422 3261 1472 mea,
3286 1406 3537 1474 Domine,

1961 1484 2191 1543 Domine
2220 1505 2345 1559 spes
2381 1506 2499 1547 mea
2521 1507 2549 1546 a
2573 1492 2856 1562 juventute
2888 1512 3042 1562 mea;
3087 1516 3105 1549 ι
3139 1497 3244 1553 hoc
3275 1498 3450 1570 ipsum
3480 1501 3535 1554 in

1952 1580 2168 1648 psalmo
2198 1598 2312 1646 χχι,
2342 1599 2407 1638 ex
2435 1584 2623 1640 eadem
2653 1602 2888 1658 persona
2929 1588 3171 1646 dicitur:
3204 1608 3224 1642 ι
3262 1589 3535 1657 Quoniam

1954 1678 2011 1724 tu
2038 1688 2096 1727 es
2119 1674 2212 1743 qui
2235 1676 2519 1730 extruxisti
2555 1692 2639 1731 me
2663 1679 2731 1733 de
2776 1689 2964 1736 Ventre
2992 1682 3060 1745 τ’,
3099 1702 3117 1734 ι
3152 1691 3205 1737 et
3228 1685 3533 1754 sequentia.

1954 1758 2062 1816 Sed
2112 1763 2275 1818 etiam
2332 1765 2476 1837 quod
2525 1768 2581 1821 in
2634 1768 2737 1823 bac
2794 1771 3076 1842 prophetia
3143 1774 3535 1845 subjungitur,

1960 1869 1980 1902 ι
2013 1851 2156 1909 Deus
2193 1871 2347 1911 meus
2367 1896 2381 1920 .
2415 1873 2482 1911 ne
2504 1858 2853 1930 derelinquas
2885 1876 2987 1927 me,
3010 1861 3183 1918 donec
3213 1866 3535 1919 annuntiem

1953 1942 2237 1997 brachium
2267 1951 2418 1999 tuum
2446 1950 2785 2018 generationi
2806 1952 2957 2006 omni
2979 1964 3100 2023 qna:
3126 1963 3347 2009 tentura
3377 1966 3481 2021 est;
3508 1975 3531 2008 ι

1953 2035 2133 2091 simile
2159 2037 2374 2092 videtur
2404 2040 2480 2095 illi
2530 2056 2621 2095 xxi
2665 2043 2859 2112 psalmi
2911 2043 3082 2107 dicto,
3119 2064 3137 2098 ι
3178 2047 3537 2103 Annnntiabi-

1951 2135 2044 2179 tur
2075 2126 2301 2183 Domino
2330 2132 2611 2201 generatio
2629 2142 2862 2189 ventura
2893 2136 2961 2188 ⁸⁸.
2996 2156 3015 2188 ι
3043 2137 3312 2193 Attendas
3331 2138 3538 2209 quippe

1952 2218 2135 2285 velim,
2159 2221 2433 2289 quomodo
2461 2223 2513 2276 in
2541 2223 2633 2278 illo
2654 2225 2874 2295 quidem
2900 2227 3135 2292 dicatur,
3165 2247 3186 2281 ι
3224 2230 3536 2284 Annuntia-

1952 2307 2102 2363 bitur
2142 2308 2375 2367 Domino
2417 2316 2699 2383 generatio
2729 2326 3001 2385 ventura;
3044 2338 3065 2372 ι
3102 2318 3156 2374 in
3187 2320 3289 2374 hoc
3326 2328 3532 2386 autem,

1956 2410 1977 2453 ι
2004 2400 2187 2458 Donec
2216 2407 2535 2461 annuntiem
2562 2407 2846 2463 brachium
2869 2419 3021 2465 tuum
3049 2413 3384 2482 generationi
3414 2428 3536 2467 om-

1951 2492 2005 2546 ni
2032 2508 2152 2562 qua:
2173 2502 2400 2549 ventura
2441 2506 2544 2552 est.
2588 2516 2606 2549 ι
2645 2495 2788 2563 Quin
2833 2501 2997 2554 etiam
3029 2502 3150 2570 ejus
3185 2518 3248 2556 ex
3300 2502 3537 2557 mortuis

1951 2587 2410 2641 resurrectionem
2447 2596 2632 2659 aperte
2659 2591 2902 2646 declarat
2933 2591 3047 2646 haec
3081 2592 3364 2663 prophetia
3386 2633 3402 2657 ,
3465 2609 3534 2648 ex

1950 2678 2073 2749 ejus
2090 2694 2325 2751 persona
2342 2680 2565 2736 dicens:
2591 2700 2610 2733 ι
2648 2681 2812 2748 Deus,
2827 2684 2951 2753 quis
2980 2684 3177 2739 similis
3197 2686 3295 2739 tibi
3309 2666 3339 2738 1"
3353 2686 3535 2752 Quan-

1951 2776 2038 2826 tas
2070 2772 2358 2827 ostendisti
2386 2775 2518 2828 mibi
2542 2776 2927 2831 tribulationes
2949 2778 3149 2833 multas
3170 2787 3223 2832 et
3244 2780 3417 2835 malas
3439 2820 3455 2847 ,
3477 2789 3534 2834 et

1950 2876 2253 2917 conversus
2279 2864 2564 2921 vivilicasti
2601 2882 2707 2929 me,
2749 2874 2803 2920 ct
2827 2867 2894 2922 de
2926 2867 3343 2924 necessitatibus
3371 2876 3534 2923 terra:

1950 2946 2149 3003 iterum
2177 2950 2441 3023 reduxisti
2475 2954 2596 3008 me?
2632 2973 2652 3006 ι
2689 2954 2817 3007 Sive
2851 2956 3018 3026 igitur
3044 2972 3108 3011 ex
3134 2973 3367 3027 persona
3404 2957 3531 3014 Ser-

1950 3038 2176 3101 vatoris,
2209 3039 2324 3095 sive
2351 3055 2417 3093 ex
2450 3056 2683 3111 persona
2728 3042 3023 3109 cujuslibet
3052 3043 3188 3113 justi
3235 3043 3352 3101 btec
3383 3045 3532 3099 acci-

1950 3132 2145 3201 pienda
2168 3141 2316 3187 sunt.
2352 3131 2662 3188 Doctrinam
2708 3135 2853 3189 enim
2902 3136 3339 3206 complectuntur
3361 3174 3378 3202 ,
3407 3152 3529 3209 qua:

264 3228 450 3299 τῆρος,
476 3228 583 3282 εἴτε
613 3231 677 3281 ὲκ
700 3228 994 3300 προσώπου
1021 3231 1218 3292 παντὸς
1239 3229 1467 3291 δικαίου,
1490 3230 1598 3283 τῶν
1630 3247 1851 3303 προκει-

1953 3239 2055 3279 nos
2081 3224 2317 3279 instituit
2348 3235 2406 3279 ut
2436 3243 2503 3281 ex
2538 3226 2683 3281 bono
2712 3228 2994 3298 proposito
3023 3228 3207 3282 omnia
3259 3237 3383 3300 post
3436 3230 3534 3285 du-

270 3322 446 3391 μένων
465 3319 777 3375 ἀκουστέον.
804 3322 1051 3393 Περιέχει
1076 3321 1184 3394 γὰρ
1203 3321 1549 3376 διδασκαλίαν
1571 3322 1848 3377 παιδεύου-

268 3430 370 3466 σαν
402 3415 548 3484 qui;
580 3415 716 3485 μετά
747 3414 1040 3477 διαθέσεως
1073 3414 1259 3483 ὑγιοῦς
1293 3416 1471 3469 πάντα
1497 3415 1600 3487 μὲν
1619 3415 1848 3487 δεύτερα

265 3507 531 3569 τίθεσθαι,
549 3508 643 3560 ἐπὶ
666 3508 824 3578 μόνον
845 3507 901 3560 δὲ
923 3508 1012 3560 τὸν
1035 3507 1239 3580 Κύριον
1257 3508 1358 3571 τὰς
1380 3507 1587 3561 ἑαυτῶν
1609 3509 1847 3581 ἀναρτᾷν

267 3600 509 3664 ἐλπίδας,
532 3599 669 3652 ῶστε
692 3600 870 3668 λέγειν
892 3599 1039 3671 αὑτῷ
1059 3599 1293 3653 διαθέσει
1318 3600 1567 3670 γνησίαα
1592 3601 1716 3654 Ἐπὶ
1741 3602 1844 3665 σοὶ,

267 3695 701 3767 Κύριε,ηλπισα,
732 3696 805 3768 μὴ
833 3695 1283 3767 καταισχυνθείην
1306 3696 1387 3758 εἰς
1411 3695 1501 3748 τὸν
1527 3694 1719 3749 αἰῶνα.
1747 3715 1765 3748 ι
1783 3696 1847 3749 Οἱ

266 3788 480 3860 γάρὲπὶ
506 3787 719 3859 πλούτῳ
740 3789 833 3842 καὶ
855 3787 1019 3859 πολλῇ
1042 3787 1327 3860 περιουσίᾳ
1360 3786 1549 3858 βίου,ἢ
1574 3787 1666 3841 ἐπὶ
1682 3786 1849 3855 ἀξιώ-

268 3897 403 3949 μασι
420 3884 720 3950 κοσμικοίς,
740 3880 771 3951 ἦ
793 3882 883 3933 ἐπὶ
900 3879 1174 3951 ἀρχόντων
1197 3880 1485 3951 οἰκειότητι
1508 3882 1599 3935 καὶ
1621 3897 1851 3953 προστα-

268 3970 379 4041 σίᾳ,
429 3970 513 4040 ἐφ’
549 3971 720 4043 ἑτέρῳ
751 3973 858 4025 τινὶ
904 3971 1013 4024 τῶν
1048 3971 1255 4043 θνητῶν
1294 3972 1388 4026 καὶ
1434 3974 1715 4044 ἐπικήρων
1751 3971 1850 4037 τάς

267 4062 475 4115 ἑαυτῶν
519 4063 859 4128 ἀνατιθέντες
909 4064 1151 4127 ἐλπίδας,
1202 4063 1464 4135 αἰσχύνην
1504 4064 1846 4136 ὀφλήσουσιν.

271 4172 290 4204 ι
331 4154 758 4225 Ἐπικατάρατος
774 4154 883 4227 γὰρ
904 4154 1187 4225 ἄνθρωπος
1206 4154 1264 4220 ὃς
1293 4156 1390 4226 τὴν
1408 4155 1596 4210 ἐλπίδα
1621 4155 1733 4227 ἔχει
1761 4156 1849 4211 ἐπ’

266 4243 574 4315 ἄνθρωπον,
638 4246 732 4300 καὶ
790 4244 1033 4317 στηρίξει
1070 4245 1247 4317 σάρκα
1275 4247 1556 4319 βραχίονος
1593 4247 1779 4303 αὑτοῦ.
1825 4266 1845 4300 ι

266 4336 521 4409 Κέκραγέ
563 4354 620 4390 τε
654 4337 792 4407 βοῶν
819 4340 848 4392 ὁ
891 4337 1044 4407 λόγος
1070 4357 1084 4370 ο
1115 4358 1133 4389 ι
1169 4338 1260 4409 Μὴ
1300 4338 1595 4393 πεποίθατε
1625 4340 1711 4393 ἐπ’
1751 4339 1852 4412 ἀρ-

266 4443 480 4498 χοντας,
520 4428 654 4499 μηδὲ
677 4427 760 4497 ἐφ’
794 4429 941 4492 υἱοὺς
991 4429 1313 4502 ἀνθρώπων,
1344 4425 1424 4493 οἷς
1456 4432 1554 4484 οὐκ
1583 4429 1699 4484 ἐστι
1744 4447 1853 4484 σω-

265 4520 430 4591 τηρία
454 4536 470 4551 °
514 4539 531 4572 ι
559 4522 655 4574 καὶ
685 4521 846 4576 πάλιν
869 4539 882 4552 ο
913 4543 930 4574 ι
974 4523 1208 4587 Πλοῦτος
1241 4523 1335 4577 ἐὰν
1370 4523 1490 4594 ρἐ,
1524 4522 1598 4595 μὴ
1630 4523 1853 4596 προστί-

1947 3332 2158 3382 camus,
2187 3319 2241 3374 in
2261 3334 2481 3390 unoque
2505 3318 2739 3375 Domino
2760 3335 2911 3390 spem
2939 3328 3244 3377 statuamus
3261 3331 3531 3386 nostram,

1947 3410 2021 3466 ita
2052 3417 2111 3462 ut
2144 3409 2363 3465 sincero
2391 3410 2588 3467 aﬂ'ectu
2633 3412 2882 3469 dicamus
2913 3432 2929 3469 :
2968 3430 2989 3466 ι
3040 3412 3100 3468 In
3148 3422 3229 3478 te,
3264 3413 3493 3471 Domine
3515 3457 3531 3482 ,

1948 3502 2186 3568 speravi,
2204 3518 2311 3557 non
2335 3503 2644 3560 confundar
2665 3508 2719 3559 in
2736 3512 3021 3560 internum.
3046 3526 3066 3558 ι
3091 3504 3197 3573 Qui
3214 3507 3358 3561 enim
3377 3507 3432 3562 in
3449 3508 3534 3563 die

1946 3595 2100 3650 vitiis
2116 3611 2180 3651 ac
2195 3595 2250 3649 in
2266 3596 2506 3668 copiosis
2520 3599 2647 3653 vita:
2663 3598 3155 3661 facultatibus,sive
3170 3600 3223 3653 in
3239 3599 3533 3656 mundanis

1951 3687 2344 3758 dignitatibus,
2372 3690 2490 3746 sive
2523 3690 2580 3746 in
2616 3692 2926 3762 principum
2979 3690 3165 3746 favore
3196 3700 3250 3746 et
3295 3694 3534 3763 patroci-

1949 3781 2065 3845 nio,
2102 3780 2219 3837 sive
2275 3782 2330 3836 in
2378 3782 2485 3836 alia
2522 3784 2780 3855 quapiam
2816 3782 3131 3838 mortalium
3171 3792 3227 3838 et
3261 3782 3532 3839 ﬁuxarum

1950 3888 2134 3929 rerum
2189 3890 2341 3945 spem
2402 3885 2698 3946 reponunt,
2735 3875 3048 3947 ignominiae
3075 3875 3298 3930 obnoxii
3347 3884 3531 3934 erunt.

1956 3983 1976 4017 ι
2021 3965 2347 4021 Maledictus
2375 3968 2523 4023 enim
2550 3968 2715 4023 homo
2749 3969 2843 4038 qui
2880 3983 3033 4038 spem
3059 3967 3224 4022 habet
3255 3969 3310 4021 in
3348 3967 3531 4023 homi‘

1952 4074 2102 4123 nem,
2138 4068 2193 4113 et
2214 4060 2393 4114 ﬁrmat
2423 4075 2648 4116 carnem
2684 4061 2893 4116 brachii
2923 4061 3093 4115 sui".
3123 4081 3141 4112 ι
3161 4060 3371 4115 Clamat
3403 4064 3532 4116 item

1954 4150 2266 4223 Scriptura,
2300 4170 2318 4204 ι
2356 4151 2534 4209 Nolite
2569 4154 2845 4210 conlidere
2878 4155 2932 4208 in
2964 4153 3329 4225 principibus,
3357 4168 3533 4223 neque

1954 4245 2008 4299 in
2063 4246 2191 4299 ﬁliis
2233 4245 2538 4310 hominum,
2584 4247 2640 4301 in
2685 4247 2889 4318 quibus
2934 4261 3046 4302 non
3088 4253 3173 4301 est
3213 4246 3363 4301 salus
3385 4245 3469 4311 ⁸¹;
3506 4262 3528 4296 ι

1952 4344 2007 4391 et
2035 4353 2281 4399 rursum,
2316 4355 2334 4389 ι
2378 4337 2590 4394 Divitize
2634 4339 2680 4394 si
2732 4339 2977 4401 atlluant,
3028 4337 3195 4393 nolite
3228 4351 3326 4391 cor
3358 4352 3529 4407 appo-

1954 4442 2085 4482 nere
2106 4428 2173 4479 ⁸³.
2207 4446 2226 4480 ι
2256 4425 2315 4481 In
2339 4427 2462 4483 aliis
2487 4429 2615 4484 item
2638 4429 2707 4483 ad
2737 4429 2850 4484 haec
2881 4428 3114 4484 dicenda
3138 4427 3481 4483 instituimur
3511 4445 3526 4482 :

1958 4537 1979 4569 ι
2018 4517 2283 4575 Dominus
2334 4521 2465 4574 mihi
2511 4519 2752 4590 adjutor,
2805 4536 2913 4576 non
2958 4519 3161 4574 timebo
3191 4520 3325 4590 quid
3368 4519 3535 4575 faciat

264 4608 424 4662 θεσθε
454 4610 699 4683 καρδίαν.
718 4614 853 4667 »Καὶ
880 4616 937 4666 ἐν
960 4614 1166 4686 ἑτέροις
1188 4614 1244 4666 δὲ
1266 4613 1442 4682 λέγειν
1465 4614 1846 4686 διδασκόμεθα·

1955 4610 2086 4665 mihi
2127 4611 2310 4666 homo.
2348 4610 2559 4667 Bonum
2597 4622 2680 4669 est
2711 4613 2986 4669 conﬁdere
3013 4615 3066 4668 in
3091 4613 3344 4677 Domino,
3366 4629 3535 4685 quam

273 4720 291 4752 ι
325 4701 528 4772 Κύριος
555 4704 678 4775 ἐμοὶ
699 4705 910 4776 βοηθδς,
933 4707 994 4758 οὐ
1017 4705 1395 4776 φοϐηθήσομαι
1419 4705 1472 4759 τί
1500 4706 1721 4778 ποιήσει
1756 4724 1846 4778 μοι

266 4790 573 4863 ἄνθρωπος.
613 4795 841 4864 Ἀγαθὸν
859 4796 1178 4849 πεποιθέναι
1211 4798 1303 4850 ἐπὶ
1334 4796 1562 4869 Κύριον,
1594 4796 1627 4868 ἢ
1663 4813 1849 4851 πεποι-

265 4883 417 4937 θέναι
446 4886 538 4937 ἐπὶ
557 4886 864 4958 ἄνθρωπον.
909 4887 1134 4958 Ἀγαθὸν
1170 4887 1411 4953 ἐλπίζειν
1436 4890 1530 4941 ἐπὶ
1566 4888 1844 4961 Κύριον,ἢ

264 4974 506 5039 ἐλπίζειν
549 4978 647 5030 ἐπὶ
672 4976 955 5049 ἄρχοντας.
998 4998 1016 5030 ι
1066 4979 1124 5033 Ὀ
1151 4979 1209 5033 δὲ
1246 4979 1427 5049 ἀγαθὰ
1466 4979 1643 5051 ἐαυτῷ
1673 4998 1851 5035 συνει-

263 5063 367 5128 δὼς
397 5066 537 5119 εἴποι
560 5066 626 5119 ἂν
651 5066 730 5137 τῷ
752 5068 941 5139 Κυρίῳ
968 5068 1060 5121 καὶ
1096 5069 1178 5134 τὸ,
1214 5088 1233 5121 ι
1286 5071 1373 5123 Ἐν
1404 5070 1720 5143 δικαιοσύνῃ
1750 5087 1845 5123 σου

266 5153 428 5224 ῥῦσαί
492 5174 558 5227 με
615 5158 710 5211 καὶ
761 5158 943 5223 ἐξέλου
980 5177 1067 5231 με.
1112 5178 1132 5212 ι
1170 5160 1346 5232 Πολλῇ
1380 5163 1490 5233 γὰρ
1525 5162 1846 5232 πεποιθήσει

264 5246 622 5319 τεθάρῤηκεν,
652 5252 754 5315 ὅτι,
791 5251 1032 5306 κατὰ.τὸ
1059 5252 1397 5306 δικαιότατον
1432 5254 1625 5326 κρίνας
1650 5254 1847 5317 ὁθεὸς,

267 5340 490 5413 εὑρήσει
525 5343 689 5397 αὑτὸν
718 5346 779 5397 οὐ
807 5344 1201 5417 κατακρίσεως,
1233 5346 1352 5399 οὐδὲ
1380 5345 1652 5417 ἀποϐολῆς
1677 5347 1847 5414 ἄξιον,

263 5431 401 5486 ἀλλὰ
428 5433 680 5505 βοηθείας
712 5436 808 5489 καὶ
840 5436 1175 5509 ἀντιλήψεως
1200 5456 1214 5469 ·
1250 5438 1333 5492 διό
1358 5456 1521 5509 φησιν
1540 5457 1554 5471 ’
1594 5459 1612 5491 ι
1664 5440 1752 5493 Ἐν
1778 5442 1844 5512 τῇ

264 5522 702 5601 δικαιοσύνῃσου
720 5527 882 5601 ῥῦσαί
919 5545 985 5600 με
1022 5531 1117 5583 καὶ
1147 5530 1329 5597 ἐξέλου
1365 5549 1454 5605 με.
1483 5552 1502 5586 ι
1536 5533 1847 5607 Συνειδήσει

1951 4699 2227 4756 conﬁdere
2266 4700 2321 4757 in
2352 4701 2594 4758 homine.
2650 4703 2859 4759 Bonum
2892 4711 2976 4759 est
3003 4717 3226 4774 sperare
3263 4702 3320 4757 in
3350 4702 3537 4758 Domi-

1954 4808 2048 4855 no,
2083 4809 2249 4863 quam
2298 4810 2525 4865 sperare
2582 4796 2637 4851 in
2684 4797 3024 4868 principibus
3045 4795 3111 4849 “.
3153 4815 3172 4849 ι
3213 4795 3319 4862 Qui
3349 4802 3534 4852 autem

1955 4886 2228 4942 bonorum
2260 4887 2366 4943 sibi
2407 4889 2669 4944 conscius
2698 4898 2804 4954 est,
2837 4890 3072 4946 Domino
3102 4887 3305 4944 dixerit
3351 4887 3484 4943 illud
3516 4905 3531 4941 :

1960 4996 1980 5032 ι
2025 4979 2083 5032 ln
2112 4978 2330 5048 justitia
2380 4988 2475 5035 tua
2525 4982 2699 5038 libera
2759 4998 2848 5038 me
2879 4990 2933 5039 et
2980 4984 3131 5054 eripe
3157 4997 3266 5037 me.
3310 5000 3330 5035 ι
3366 4980 3538 5035 Multa

1955 5073 2158 5143 quippe
2197 5072 2393 5129 ﬁducia
2423 5076 2686 5146 repletur,
2720 5078 2849 5148 quia
2874 5076 3188 5147 justissima
3232 5090 3420 5132 secum
3448 5073 3537 5144 ju-

1954 5164 2103 5219 dicio
2135 5162 2280 5220 Deus
2301 5179 2492 5235 agens,
2521 5184 2631 5222 non
2665 5168 3041 5234 damnatione,
3081 5183 3260 5239 neque
3294 5165 3536 5237 repulsa,

1956 5256 2052 5314 sed
2083 5256 2289 5312 auxilio
2310 5265 2364 5312 et
2394 5260 2702 5328 patrocinio
2726 5260 2950 5332 dignum
2982 5259 3324 5330 comperiet:
3363 5271 3539 5327 quare

1955 5348 2033 5403 ait
2067 5369 2080 5404 :
2119 5369 2138 5404 ι
2186 5351 2244 5405 ln
2273 5351 2488 5419 justitia
2515 5359 2607 5407 tua
2639 5352 2809 5407 libera
2836 5369 2923 5408 me
2947 5360 3003 5408 et
3036 5353 3187 5421 eripe
3211 5366 3321 5405 me.
3355 5371 3377 5402 ι
3430 5346 3539 5401 Ριιο

1954 5458 2126 5514 raque
2178 5445 2516 5500 conscientia
2565 5446 2844 5517 supplices
2871 5460 3036 5501 voces
3069 5446 3138 5500 ad
3175 5443 3341 5499 Deum
3376 5441 3541 5497 emit~

1956 5541 2081 5592 tens
2106 5535 2158 5591 id
2180 5551 2400 5609 quoque
2424 5537 2691 5593 dicebat:
2750 5555 2770 5591 ι
2825 5536 3035 5594 lnclina
3087 5537 3155 5593 ad
3208 5552 3297 5590 mu
3346 5548 3539 5589 aurem
3640 5520 3643 5537 ¹

341 5726 391 5810 ξς
419 5727 562 5810 P_sal.
588 5729 876 5810 aug-:4.
953 5733 996 5767 τ’
1021 5686 1162 5791 Psal.
1188 5749 1299 5803 ni,
1334 5734 1419 5791 ιο.
1497 5736 1542 5768 ⁸⁸
1573 5736 1703 5794 ibid.
1727 5737 1815 5794 52.
1892 5738 1937 5772 ⁸⁸
1969 5736 2340 5810 Jerem.'xvu,
2362 5742 2410 5797 5.
2502 5741 2891 5809 "Psal.cxr.v,
2920 5740 2974 5799 εἰ.
3053 5741 3100 5773 ⁸³
3132 5738 3279 5797 Psal.
3312 5752 3424 5807 ut,
3445 5737 3538 5800 H'.

261 5798 314 5830 ⁸⁵
344 5796 490 5853 Psal.
522 5815 692 5865 cxvu.
730 5801 844 5856 τοῦ.
