4086 6442
581 333 694 392 ⁸173

1260 328 1523 385 EUSEBII
1562 325 2048 385 CESARIENSIS
2083 325 2234 383 OPP.
2273 323 2456 381 PARS
2490 323 2580 379 lli.
2617 351 2691 364 --
2725 320 3140 378 EXEGETICA.

3755 313 3870 370 πε

585 451 844 510 1113111,ἐῑ
894 443 1046 500 salva
1081 456 1181 496 ~me
1203 440 1270 493 ⁸⁸.
1312 460 1330 493 ι
1373 438 1489 496 Imo
1523 440 1681 511 quasi
1726 455 1794 494 ex
1835 438 2162 494 necessitate

2265 437 2322 490 δὲ
2349 434 2739 507 κεκαθαρμένη
2764 433 2862 497 τὰς
2895 432 3202 504 ίικετηρίους
3224 431 3406 501 φωνὶς
3437 428 3570 500 πρὸς
3603 427 3704 482 τδν
3729 427 3872 482 Θεδν

584 537 758 593 Deum
792 537 869 590 ita
898 535 1127 606 rogabat
1159 553 1172 588 :
1205 551 1224 584 ι
1257 529 1391 586 Esto
1434 533 1569 586 mihi
1603 533 1657 586 in
1685 530 1857 586 Deum
1888 538 2164 601 protecto-

581 645 703 686 rem
733 636 787 684 et
817 629 875 682 in
904 627 1085 683 locum
1117 625 1413 688 munitum,
1451 632 1512 679 ut
1543 625 1756 680 salvum
1782 639 1868 680 me
1904 623 2096 678 facias.
2140 643 2158 676 ι

583 720 722 778 Nam
754 735 880 776 cum
917 717 1059 773 Deus
1087 717 1324 788 protegit
1346 725 1400 770 et
1422 725 1754 789 propugnat,
1780 731 1890 770 non
1921 731 2020 786 pro
2043 718 2167 770 nul-

582 811 887 883 lius~pretii
932 811 1152 865 homine
1197 809 1250 864 id
1307 809 1440 881 agit,
1484 811 1748 878 solusque
1777 808 2060 880 perfectus
2109 809 2166 862 id

581 902 697 958 Deo
723 902 907 958 dicere
933 903 1110 957 valeat
1143 920 1157 957 :
1191 918 1212 952 ι
1250 900 1518 966 Quoniam
1555 902 1958 955 ﬁrmamentum
1984 917 2163 954 meum

583 1002 639 1049 et
667 993 938 1064 refugium
968 1008 1150 1048 meum
1180 1007 1242 1047 es
1275 1001 1357 1048 tu.
1399 1011 1418 1044 ι
1456 991 1563 1047 Pro
1586 1008 1696 1062 quo
1724 993 1942 1063 Aquila,
1975 1011 1992 1043 ι
2021 991 2167 1059 Quo-

584 1087 735 1144 niam
769 1095 923 1159 petra
955 1102 1076 1141 mea
1112 1094 1166 1141 et
1196 1085 1510 1156 praesidium
1545 1100 1748 1147 meum,
1787 1102 1805 1136 ι
1839 1085 2169 1153 interpreta-

584 1187 677 1236 tus
703 1186 822 1246 est;
847 1176 1215 1249 Symmachus
1235 1191 1386 1240 vero,
1427 1193 1446 1226 ι
1476 1174 1747 1242 Quoniam
1781 1184 1935 1245 petra
1963 1189 2084 1229 mea
2109 1182 2166 1230 et

581 1272 860 1342 refugium
889 1286 1072 1326 meum
1099 1277 1393 1326 estun—r
1407 1267 1552 1325 Deus
1581 1285 1758 1329 meus,
1787 1267 1940 1337 eripe
1974 1283 2060 1323 me
2099 1267 2168 1323 de

587 1378 752 1416 manu
784 1360 1112 1431 peccatoris,
1145 1369 1198 1414 et
1227 1359 1294 1414 de
1335 1374 1499 1413 manu
1526 1367 1720 1411 contra
1753 1357 1925 1428 legem
1955 1357 2166 1428 agentis

585 1461 642 1509 et
689 1452 883 1522 iniqui.
914 1449 1183 1517 Quoniam
1216 1457 1277 1508 tu
1327 1464 1386 1505 es
1419 1449 1685 1519 patientia
1718 1463 1861 1511 mea,
1897 1447 2162 1512 Domine,

588 1561 715 1617 spes
745 1560 865 1598 mea
892 1560 921 1597 a
947 1543 1240 1613 juventute
1285 1557 1426 1598 mea.
1469 1562 1486 1594 ι
1534 1541 1632 1594 Vir
1683 1539 1956 1609 perfectus
2002 1539 2165 1610 quasi

587 1637 868 1708 propriam
930 1635 1336 1707 possessionem
1389 1632 1560 1688 Deum
1633 1633 1856 1687 invocat
1932 1632 2161 1696 dicens,

589 1748 613 1778 ι
653 1725 796 1781 Deus
823 1739 978 1780 meus
1012 1743 1024 1778 :
1065 1743 1084 1776 ι
1119 1724 1249 1794 quia
1277 1720 1576 1793 promissio
1611 1721 1794 1792 dignis
1827 1735 1859 1775 a
1893 1719 2002 1776 Deo
2032 1721 2165 1776 data

2264 527 2604 598 ἀναπέμπων
2633 565 2649 587 ,
2692 527 2785 578 καὶ
2815 524 2895 586 τὺ,
2932 543 2949 574 ι
2992 523 3186 575 Κλῖνον
3207 519 3350 591 πρὸς
3393 518 3461 590 μὲ
3505 519 3566 572 τὸ
3589 513 3694 581 οὖς
3739 533 3870 580 σου,

2264 623 2361 677 καὶ
2395 619 2567 673 σῶσόν
2591 635 2680 689 με,
2715 637 2737 670 ι
2775 617 2978 686 ἔλεγεν.
3009 613 3169 668 Ἀλλὰ
3191 614 3286 667 καὶ
3315 612 3392 676 ὡς
3428 609 3754 679 ἀναγκαίως
3789 607 3875 681 τῷ

2265 713 2383 785 Θεῷ
2428 713 2724 786 παρεκάλει
2766 709 2970 778 λέγων’
3009 725 3028 758 ι
3068 705 3234 759 Γενοῦ
3279 721 3369 774 μοι
3399 705 3480 767 είς
3517 703 3653 756 Θεὸν
3689 704 3878 775 tim?-

2265 803 2535 876 ασπιστὴν
2555 805 2649 856 καὶ
2683 803 2763 866 εἰς
2794 799 2956 854 τόπον
2989 796 3184 869 ὀχυρὸν
3211 795 3305 850 τοῦ
3337 794 3509 849 σῶσαί
3546 795 3880 865 με.ιΠροα-

2268 894 2476 958 σπίζων
2501 894 2611 966 γὰρ
2634 895 2664 946 ὁ
2686 893 2818 956 Θεὸς
2860 893 2954 945 καὶ
2991 887 3347 960 ὑπερμαχῶν,
3373 888 3476 940 οὐκ
3501 887 3569 940 ἂν
3599 887 3740 958 περὶ
3781 903 3882 956 μι-

2269 984 2402 1057 κροῦ
2425 1002 2569 1048 τινος
2588 983 2733 1037 τοῦτ’
2755 980 2977 1051 ἐποίησε
2997 997 3010 1010 ·
3048 979 3208 1050 μόνος
3225 978 3284 1032 δὲ
3316 981 3345 1032 ὁ
3371 977 3576 1040 τέλειος
3607 976 3765 1029 εἴποι
3807 974 3880 1027 ἄν

2266 1078 2344 1149 τῷ
2379 1077 2525 1149 Θεῷ·
2563 1095 2580 1128 ι
2620 1077 2741 1128 Ὅτι
2773 1072 3062 1146 στερέωμα
3116 1088 3219 1142 μου
3270 1071 3364 1126 καὶ
3413 1068 3708 1138 καταφυγή
3761 1081 3879 1137 μου

2269 1169 2333 1223 σὺ
2368 1164 2436 1222 εἷ.
2474 1187 2491 1220 ι
2529 1166 2668 1220 ἈνΘ’
2701 1161 2762 1220 οὗ
2786 1169 2814 1219 ὁ
2851 1165 2950 1236 μὲν
2995 1164 3257 1226 ’Δκύλαςο
3311 1180 3332 1214 ι
3370 1163 3491 1214 Ὅτι
3530 1160 3708 1232 πέτρα
3761 1173 3880 1228 μω

2267 1260 2363 1313 καὶ
2413 1259 2678 1331 ὀχύρωμά
2725 1275 2849 1330 μου,
2894 1276 2912 1309 ι
2945 1259 3290 1329 ἡρμήνευσεν
3317 1272 3331 1286 ·
3355 1257 3385 1311 ὁ
3426 1255 3484 1308 δὲ
3517 1254 3876 1325 Σύμμαχοςο

2273 1351 2426 1404 (Ὅτι
2451 1352 2624 1423 πέτρα
2648 1367 2748 1422 μου
2771 1349 2864 1403 καὶ
2885 1349 3174 1420 καταφυγή
3197 1365 3298 1419 μου
3313 1349 3377 1400 σὺ
3390 1343 3456 1401 εἴ.
3472 1365 3491 1398 ι
3510 1366 3607 1397 -ι
3633 1347 3695 1398 ὐ
3719 1344 3878 1406 Θεὸς

2267 1462 2394 1517 μου,
2425 1443 2585 1516 ῥῦσαί
2629 1461 2696 1515 με
2728 1446 2793 1498 ὲκ
2815 1443 2998 1515 χειρὸς
3033 1442 3382 1513 ἀμαρτωλοῦ,
3434 1442 3530 1496 καὶ
3564 1441 3631 1494 ἐκ
3674 1436 3880 1512 χειρὺς

2267 1538 2716 1612 παρανομοῦντος
2743 1539 2838 1594 καὶ
2855 1537 3186 1602 ἀδικοῦντος.
3213 1539 3338 1592 Ὀτι
3367 1539 3432 1592 σὺ
3465 1534 3570 1608 εἷή
3605 1538 3877 1609 ὑπομονὴ

2271 1647 2396 1702 μου,
2427 1630 2622 1703 Κύριε,
2655 1630 2860 1704 attat;
2887 1647 2997 1701 μου
3022 1631 3086 1684 ἐκ
3105 1631 3356 1702 νεότητός
3379 1647 3502 1701 μου.
3523 1648 3543 1682 ι
3574 1630 3633 1683 '0
3650 1629 3878 1692 τέλειος

2265 1727 2455 1799 ὥσπερ
2518 1725 2648 1781 ίδιον
2701 1726 2892 1796 κτῆμα
2941 1724 3034 1778 τδν
3083 1725 3215 1778 Θεὸν
3255 1723 3594 1778 ἐπικαλεῖται
3645 1725 3872 1793 λέγων’

585 1826 674 1873 est
707 1816 791 1872 bis
817 1815 996 1871 verbis
1033 1834 1049 1870 :
1101 1833 1120 1866 ι
1159 1813 1267 1867 Ero
1292 1813 1520 1868 illorum
1571 1813 1737 1876 Deus,
1787 1822 1838 1868 et
1863 1812 1969 1882 ipsi
2003 1819 2163 1867 erunt

2273 1837 2291 1871 ι
2338 1819 2398 1873 '0
2436 1819 2570 1884 Θεὸς
2611 1834 2752 1886 μουο
2793 1836 2816 1869 ο
2863 1817 3193 1889 Ἐπειδήπερ
3243 1817 3545 1886 ἐπαγγελία
3591 1815 3714 1870 ἐστὶ
3759 1814 3874 1872 τοῦ

589 1910 721 1964 mihi
757 1910 990 1980 populus
1020 1908 1086 1962 ⁸⁸.
1119 1926 1140 1960 ι
1175 1906 1277 1973 Qui
1298 1921 1434 1962 vero
1463 1904 1618 1968 dicit,
1639 1923 1663 1956 ι
1716 1905 1774 1960 In
1796 1913 1880 1970 te,
1913 1904 2164 1970 Domine,

585 2000 829 2072 speravi,
872 2018 890 2050 ι
918 1997 1186 2076 ειοιηιιίε
1212 2005 1336 2067 post
1365 1997 1575 2066 putavit
1604 2007 1661 2049 ut
1684 1997 1778 2051 uni
1801 1995 1909 2052 Deo
1937 2012 1996 2052 se
2015 2013 2167 2052 eom-

577 2094 850 2156 ruitteret,
883 2093 1008 2161 jure
1031 2090 1200 2154 dicat,
1233 2108 1253 2141 ι
1294 2088 1438 2144 Deus
1467 2105 1646 2146 meus.
1695 2108 1718 2142 ο
1769 2088 1917 2160 Eripi
1947 2103 2078 2144 vero
2103 2103 2167 2145 se

586 2183 656 2238 de
684 2198 846 2237 manu
879 2183 1186 2253 peccatoris
1214 2187 1389 2252 rogat,
1435 2195 1506 2236 ne
1533 2181 1701 2251 gestis
1734 2181 1851 2235 suis
1883 2179 2161 2251 peecatori

583 2275 674 2329 vel
705 2275 893 2344 iniquo
923 2274 1121 2329 similis
1151 2274 1347 2329 evadat
1375 2290 1390 2330 ;
1435 2288 1605 2343 quare
1637 2272 1808 2337 addit,
1841 2291 1864 2325 ι
1895 2271 1968 2327 De
2000 2286 2164 2327 manu

586 2372 895 2438 peccatoris
921 2377 975 2424 et
1008 2368 1076 2424 de
1099 2383 1261 2422 manu
1291 2373 1484 2421 contra
1512 2366 1682 2436 legem
1717 2365 1933 2436 agentis
1966 2347 2023 2420 et
2051 2364 2162 2420 ini-

585 2463 711 2533 qui;
751 2480 770 2514 ι
793 2477 856 2515 ac
883 2461 1037 2515 neiis
1056 2460 1343 2529 subjectus
1365 2457 1469 2524 sit;
1492 2457 1589 2512 sed
1606 2456 1804 2511 merito
1830 2454 2024 2521 Deum,
2051 2471 2164 2512 non

583 2554 765 2610 solum
795 2554 866 2608 ob
893 2552 1059 2605 allata
1096 2550 1372 2621 superius,
1405 2549 1501 2606 sed
1529 2549 1694 2603 etiam
1722 2549 1793 2602 ob
1826 2548 2166 2618 subsequen—

583 2655 672 2701 tes
706 2659 927 2708 causas,
985 2644 1091 2698 sibi
1139 2642 1308 2697 Deum
1361 2642 1617 2712 appellat.
1677 2639 1838 2702 Nam,
1874 2639 2072 2710 inquit,
2105 2648 2163 2695 tu

578 2738 722 2794 mihi
757 2735 1022 2806 patientia
1052 2751 1134 2797 es,
1167 2743 1224 2788 tu
1255 2750 1383 2804 spes
1427 2748 1546 2787 mea
1587 2747 1617 2786 a
1654 2731 1965 2802 iuventute.
2015 2730 2166 2787 Nun-

576 2844 750 2898 quam
777 2828 923 2882 enim
953 2837 1004 2882 te
1028 2836 1348 2896 exspectare
1375 2824 1586 2887 destiti,
1621 2839 1795 2893 neque
1821 2823 1922 2877 fuit
1950 2830 2164 2894 tempus

578 2934 696 2984 quo
755 2935 864 2973 non
911 2926 968 2972 te
1009 2917 1144 2971 mihi
1198 2917 1252 2971 in
1303 2931 1454 2988 spem
1515 2930 1895 2986 proponerem.
1954 2913 2165 2981 Quam¢

573 3013 775 3067 obrem
824 3026 958 3082 rogo
1001 3026 1069 3066 ex
1128 3025 1292 3064 manu
1352 3019 1701 3080 peccatorum
1733 3001 1801 3064 ἐι
1853 3008 2162 3078 iniquorum

575 3105 744 3175 eripi.

2262 1909 2399 1963 Θεοῦ
2456 1911 2585 1982 περὶ
2632 1910 2742 1963 τῶν
2788 1909 2954 1975 ἀξίων
2997 1909 3233 1978 λέγουσα
3251 1926 3269 1940 ⁸
3324 1928 3344 1961 ι
3396 1909 3630 1980 Ἔσομαι
3673 1906 3877 1962 αὐτῶν

2264 2001 2418 2066 Θεὸς,
2465 2002 2562 2056 καὶ
2599 2001 2755 2055 αὐτοὶ
2801 2000 3013 2054 ἔσονταί
3059 2017 3150 2071 μοι
3204 1999 3354 2064 λαός.
3396 2015 3414 2052 ι
3469 2001 3525 2053 Ὀ
3561 2001 3618 2053 δὲ
3653 1999 3872 2068 λέγων,

2269 2111 2292 2146 ι
2333 2094 2456 2147 Ἐπὶ
2490 2093 2594 2158 σοὶ,
2633 2094 2831 2164 Κύριε,
2859 2091 3086 2163 ἤλπισα,
3126 2111 3146 2144 ι
3178 2092 3271 2145 καὶ
3295 2091 3473 2146 πάντα
3504 2090 3736 2162 δεύτερα
3773 2088 3876 2142 θέο

2268 2202 2448 2256 μενος,
2473 2186 2566 2237 ἐπὶ
2598 2185 2757 2255 μόνον
2785 2185 2843 2239 δὲ
2859 2185 2951 2239 τὸν
2986 2184 3116 2239 Θεὸν
3143 2183 3332 2236 ἑαυτὸν
3353 2182 3672 2256 ἐπιρρίψας,
3708 2181 3874 2235 εἰκό-

2261 2294 2371 2342 τως
2395 2276 2540 2332 εἴποι
2558 2277 2645 2342 ἂν,
2678 2295 2697 2329 ι
2747 2277 2805 2332 ὐ
2833 2278 2966 2342 Θεός
2996 2294 3121 2349 μου.
3160 2295 3179 2328 ι
3222 2275 3514 2347 Ῥυσθῆναι
3541 2274 3599 2328 δὲ
3645 2275 3712 2327 ἐκ
3737 2291 3872 2343 χει-

2267 2369 2359 2442 ρδς
2426 2369 2757 2442 ἁμαρτωλοῦ
2832 2369 3089 2442 εῦχεται,
3142 2371 3230 2424 ἴνα
3282 2369 3358 2441 μὴ
3407 2371 3528 2432 ταῖς
3584 2367 3870 2438 πράξεσιν

2261 2459 2448 2530 ὅμοιος
2465 2458 2689 2530 γένηται
2711 2457 2788 2529 τῷ
2807 2445 3139 2530 ἁμαρτωλῷ,
3166 2455 3301 2530 μήδὲ
3325 2456 3402 2528 τῷ
3421 2456 3866 2528 παρανομοῦντυ

2257 2551 2346 2604 διδ
2374 2549 2654 2620 ἐπιλέγει⁴
2688 2569 2706 2602 ι
2750 2549 2844 2603 Ἐκ
2858 2548 3042 2621 χειρὸς
3075 2548 3426 2621 ἁμαρτωλοῦ,
3461 2549 3558 2601 καὶ
3580 2549 3643 2601 ἐκ
3667 2547 3871 2620 χειρδς

2267 2643 2711 2716 παρανομοῦντος
2742 2642 2835 2698 καὶ
2864 2640 3176 2706 ἀδικοῦντος
3198 2659 3210 2671 ·
3243 2662 3266 2693 ο
3308 2640 3445 2696 ἀλλὰ
3467 2641 3561 2695 καὶ
3588 2641 3739 2704 ὅπως
3781 2641 3868 2712 μὴ

2267 2736 2576 2809 ὑποχείριος
2620 2734 2848 2806 γένηται
2899 2738 3011 2798 τοῖς
3060 2733 3343 2798 τοιούτοις,
3388 2733 3622 2802 εὐλόγως
3664 2732 3723 2786 δὲ
3762 2730 3869 2785 τὸν

2264 2827 2397 2881 Θεὸν
2457 2828 2650 2882 ἑαυτοῦ
2706 2828 2838 2882 Θεὸν
2893 2825 3147 2898 ὀνομάζοι
3199 2827 3288 2892 ἂν,
3346 2826 3407 2880 οὐ
3457 2825 3618 2898 μόνον
3653 2824 3742 2878 διὰ
3788 2825 3869 2879 τὰ

2265 2919 2573 2992 ἔμπροσθεν
2599 2920 2920 2992 λελεγμένα,
2958 2920 3096 2974 ἀλλὰ
3139 2919 3235 2972 καὶ
3268 2918 3356 2973 διὰ
3381 2919 3480 2983 τὰς
3514 2918 3639 2992 ἑξῆς
3665 2918 3868 2972 ἐπιλε-

2264 3012 2502 3082 γομένας
2553 3014 2750 3078 αἰτίας.
2795 3014 2867 3067 Σὺ
2910 3014 3020 3086 γάρ
3063 3032 3185 3085 μου,
3227 3015 3382 3084 φησι,
3408 3013 3695 3084 τυγχάνεις
3723 3014 3870 3066 ὓπο-

2269 3104 2425 3175 μονὴ,
2455 3106 2550 3159 καὶ
2581 3105 2644 3159 σύ
2682 3124 2784 3177 μου
2819 3107 2976 3170 ἐλπὶς
2994 3109 3058 3160 ὲκ
3087 3108 3358 3176 νεότητος.
3379 3106 3454 3160 Οῦ
3488 3105 3598 3177 γὰρ
3629 3105 3868 3159 πώποτε

577 3197 820 3252 διέλιπον
855 3214 914 3250 σε
955 3195 1264 3267 ὕπομένων,
1301 3194 1421 3248 οὐδὲ
1445 3194 1636 3263 γέγονὲ
1670 3211 1754 3257 τις
1783 3192 1996 3265 καιρὸς,
2034 3195 2091 3246 ἐν
2119 3186 2164 3262 ᾧ
2199 3197 2321 3267 οὐχί
2373 3215 2432 3252 σε
2477 3199 2788 3272 προεθέμην
2830 3199 3070 3271 ἐμαυτοῦ
3124 3199 3334 3254 ἐλπίδα,
3364 3191 3464 3254 ’Ὧν
3518 3199 3678 3269 χάριν
3739 3200 3868 3252 ικε.

577 3292 727 3349 satis»
756 3293 820 3346 ἐκ
851 3291 1034 3366 χειρὸς
1073 3290 1415 3362 ἁμαρτωλῶν
1445 3291 1538 3342 καὶ
1583 3288 2040 3361 παρανομούντων
2075 3291 2360 3364 ῥυσϐῆναι.

657 3412 827 3469 Vens.
859 3413 914 3476 6,
946 3413 996 3467 7.
1029 3429 1052 3463 ι
1083 3409 1142 3465 ln
1174 3417 1228 3464 te
1255 3410 1614 3465 coniti-matus
1642 3425 1762 3464 sum
1789 3425 1854 3464 cx
1890 3419 2066 3474 utero,
2089 3411 2156 3465 de

2339 3433 2359 3468 ι
2412 3415 2534 3469 Ἐπὶ
2580 3415 2640 3469 σὲ
2686 3415 3083 3488 ὲπεστηρίχθην
3125 3415 3234 3468 ἀπὸ
3268 3414 3521 3487 γαστρὸς,
3549 3415 3613 3467 ὲκ
3643 3411 3868 3475 κοιλῖας

581 3510 780 3559 ventre
809 3504 1002 3558 matris
1023 3517 1156 3558 mere
1183 3509 1238 3556 tu
1266 3517 1328 3556 es
1361 3508 1639 3570 protector
1659 3515 1836 3556 meus.
1877 3520 1898 3553 ι
1938 3499 2014 3555 De
2055 3499 2163 3554 Da-

585 3596 674 3652 vid
711 3611 930 3667 quoque
963 3595 1072 3649 diei
1099 3595 1277 3649 valeat
1302 3594 1448 3664 quod
1481 3609 1511 3646 a
1540 3602 1734 3647 tenera
1783 3594 2074 3664 juventute
2103 3594 2161 3648 in

585 3689 699 3745 Deo
727 3689 985 3758 speravit.
1025 3685 1159 3740 Nam
1188 3686 1411 3755 juvenis
1451 3700 1575 3740 cum
1621 3695 1786 3750 esset,
1825 3694 1879 3740 et
1913 3695 2164 3755 pasceret

584 3796 716 3835 oves
750 3779 920 3836 lessus
946 3779 1123 3850 patris
1151 3779 1262 3842 sui,
1299 3777 1404 3832 title
1429 3793 1498 3832 ac
1532 3791 1628 3847 spe
1659 3777 1713 3832 in
1748 3777 1940 3840 Deum,
1966 3779 2021 3833 in
2053 3780 2166 3834 leo-

579 3888 685 3928 nes
715 3881 773 3928 et
804 3887 965 3928 ursos
994 3872 1260 3933 irruebat,
1305 3878 1364 3923 ut
1408 3878 1654 3924 servaret
1701 3884 1831 3924 oves
1889 3888 1902 3923 :
1960 3871 2162 3924 bonum

585 3973 865 4036 pastorem
894 3964 1170 4026 imitatus,
1215 3963 1284 4016 de
1319 3978 1430 4032 quo
1453 3961 1661 4015 dicitur
1692 3977 1708 4015 :
1744 3982 1764 4012 ι
1800 3960 2164 4027 Quemadmo-

585 4058 716 4112 dum
749 4071 873 4111 cum
899 4055 1202 4111 extraxerit
1225 4063 1412 4124 pastor
1441 4069 1508 4107 ex
1541 4068 1640 4107 ore
1685 4053 1862 4108 leonis
1891 4052 2000 4108 duo
2029 4067 2164 4107 eruc

582 4166 670 4213 ra,
717 4159 812 4203 aut
863 4147 1187 4219 particulam
1241 4147 1505 4201 nuriCulzn
1533 4146 1600 4200 ⁸⁷.
1649 4163 1666 4195 ι
1699 4142 1811 4198 Sed
1844 4147 2006 4199 etiam
2037 4159 2164 4201 cum

580 4254 722 4309 puer
759 4247 927 4301 esset,
965 4237 1220 4308 spiritum
1257 4237 1555 4307 malignum
1602 4254 1669 4292 ex
1705 4237 1869 4292 Saule
1905 4236 2159 4306 pellebat,

583 4333 754 4403 idque
777 4332 829 4385 vi
865 4332 988 4385 lidei
1021 4339 1077 4385 et
1107 4331 1222 4400 spei
1256 4330 1310 4384 in
1347 4329 1540 4384 Deum.
1581 4330 1799 4383 Att-nim
1846 4329 1900 4382 id
1944 4343 2165 4398 quoque

581 4429 770 4498 iuveni
799 4426 1050 4486 cuilibet.
1075 4425 1170 4495 qui
1203 4424 1297 4480 Dei
1324 4425 1594 4480 electione
1625 4423 1882 4493 dignatus
1911 4425 2000 4482 sit,
2023 4435 2163 4491 qua-

582 4521 656 4574 lis
687 4526 807 4574 erat
835 4517 1178 4580 Timotheus,
1214 4518 1358 4586 quia
1388 4533 1555 4586 puero
1591 4531 1778 4571 sacras
1792 4515 2031 4568 Litteras
2055 4511 2166 4567 edi-

576 4613 817 4672 diceret,
853 4610 1036 4664 dicere
1065 4610 1355 4679 competit,
1395 4627 1415 4659 ι
1455 4607 1596 4677 Spes
1627 4623 1745 4661 mea
1794 4623 1826 4659 a
1875 4606 2165 4675 juventute

2269 3507 2477 3578 μητρός
2512 3525 2616 3578 μου
2645 3507 2709 3560 σύ
2736 3524 2844 3578 μου
2883 3502 2933 3559 εἴ
2975 3506 3304 3577 σκεπαστής.
3351 3525 3370 3558 ι
3396 3506 3469 3558 Th
3497 3505 3595 3576 μὲν
3633 3505 3698 3556 ὲκ
3724 3503 3868 3567 νέας

2259 3596 2479 3667 ⁴ιἰλιιιίας
2508 3597 2601 3651 ἐπὶ
2650 3597 2743 3649 τὸν
2793 3596 2926 3650 Θεὸν
2953 3595 3194 3660 ἐλπίζειν
3232 3595 3428 3664 λέγοιτ’
3474 3595 3542 3649 ἂν
3586 3594 3681 3648 καὶ
3723 3593 3866 3665 περὶ

2259 3689 2356 3744 τοῦ
2385 3689 2564 3743 Δαυῒδ.
2600 3690 2882 3762 Ἐπείπερ,
2920 3690 3040 3754 νέος
3066 3688 3141 3742 ὢν
3169 3690 3264 3742 καὶ
3293 3689 3598 3759 ποιμαίνων
3625 3687 3693 3743 τὰ
3718 3686 3864 3759 πρό-

2264 3783 2400 3836 ϐατα
2439 3781 2638 3837 Ἰεσσαὶ
2694 3784 2786 3836 τοῦ
2845 3783 3072 3854 πατρὸς,
3107 3781 3286 3835 πίστει
3317 3782 3412 3835 καὶ
3457 3781 3631 3836 ἐλπίδι
3671 3783 3742 3852 τῇ
3769 3783 3864 3846 είς

2261 3874 2353 3927 τδν
2381 3874 2514 3928 Θεὸν
2547 3877 2642 3928 καὶ
2667 3875 2847 3928 λέουσι
2881 3875 2976 3928 καὶ
3007 3875 3230 3946 ἄρκτοις
3271 3873 3428 3946 ἐπῄει
3457 3876 3558 3945 τῆς
3582 3874 3692 3926 τῶν
3724 3889 3865 3944 προ-

2263 3963 2446 4020 δὰτων
2492 3967 2766 4039 σωτηρίας
2802 3967 2965 4020 ἓνεκα
2986 3983 2999 3997 ·
3032 3967 3123 4020 τδν
3150 3964 3312 4019 καλὸν
3349 3965 3684 4037 μιμούμενος
3722 3980 3858 4018 ποι-

2263 4059 2423 4130 μένα,
2460 4060 2589 4130 περὶ
2622 4052 2682 4110 οῦ
2721 4057 3110 4131 εἴρηται’‹“ον
3127 4059 3326 4130 τρόπον
3359 4059 3488 4112 ὅταν
3533 4057 3789 4131 ἐκσπάσῃ
3820 4059 3858 4111 ὸ

2263 4151 2469 4223 ποιμὴν
2497 4152 2560 4204 ὲκ
2605 4151 2869 4220 στὸματος
2900 4151 2994 4204 τοῦ
3030 4151 3243 4214 λέοντος
3281 4149 3374 4204 δύο
3411 4150 3598 4221 σκέλη,
3627 4151 3660 4223 ἢ
3689 4149 3857 4205 λοξὸν

2264 4243 2443 4298 ὠτίου.
2477 4261 2494 4294 ι
2533 4242 2693 4294 Ἀλλὰ
2719 4245 2817 4296 καὶ
2844 4244 3127 4315 παιδάριον
3148 4241 3225 4295 ὣν
3257 4244 3454 4314 ἤλαυνε
3470 4244 3530 4297 τὸ
3551 4244 3768 4315 πνεῦμα
3784 4242 3858 4298 τὸ

2267 4334 2502 4406 πονηρὸν
2535 4335 2644 4388 ἀπὸ
2664 4335 2758 4388 τοῦ
2796 4334 2969 4391 Σαοὺλ
2995 4335 3223 4407 δυνάμει
3256 4338 3492 4400 πίστεως
3509 4337 3603 4389 καὶ
3632 4335 3856 4400 ἐλπίδος

2263 4421 2365 4490 τῆς
2384 4424 2464 4485 είς
2498 4423 2590 4475 τὸν
2614 4423 2767 4478 Θεὸν.
2801 4423 3049 4478 Ἐπειδὰν
3071 4427 3165 4479 καὶ
3197 4428 3306 4490 πᾶς
3333 4427 3361 4480 ὁ
3383 4427 3447 4480 ἐκ
3476 4427 3602 4489 νέας
3631 4427 3858 4497 ἡλικίας

2263 4517 2366 4584 τῆς
2391 4513 2537 4568 κατὰ
2567 4514 2699 4568 Θεὸν
2734 4515 2964 4588 ἐκλογῆς
2997 4518 3418 4588 κατηξιωμένος,
3442 4509 3554 4581 οἶος
3577 4513 3646 4590 ἦν
3677 4517 3852 4586 Τιμό-

2267 4602 2386 4667 θεος
2417 4607 2482 4658 ὲκ
2518 4606 2703 4670 παιδὸς
2729 4606 2858 4675 ἅγια
2887 4607 3193 4680 Γράμματα
3245 4608 3580 4680 μεμαθηκὼς
3603 4610 3684 4673 τὺ,
3717 4627 3736 4661 ι
3780 4608 3853 4664 Ἡ

580 4717 728 4757 enea.
765 4721 792 4754 ο
836 4700 971 4754 Illud
1015 4708 1223 4763 autem,
1260 4717 1280 4750 ι
1328 4700 1386 4753 ln
1426 4709 1477 4754 te
1511 4697 1864 4753 conﬁrmatus
1919 4711 2040 4750 sum
2095 4711 2162 4752 ex

2268 4693 2424 4760 ἐλπίς
2455 4713 2556 4766 μου
2580 4697 2644 4748 ὲκ
2671 4697 2919 4768 νεότητός
2948 4715 3069 4768 μου.
3101 4717 3118 4749 ι
3141 4699 3213 4752 Τὸ
3233 4698 3310 4762 δὲ,
3338 4717 3357 4750 ι
3381 4700 3505 4752 Ἐπὶ
3538 4699 3598 4752 σὲ
3624 4701 3854 4770 ὲπεστηυ

579 4806 764 4859 utero,
795 4794 864 4848 de
891 4801 1080 4848 ventre
1107 4793 1302 4846 matris
1321 4807 1454 4846 mea:
1481 4799 1539 4845 tu
1558 4805 1618 4846 es
1643 4798 1924 4861 protector
1946 4801 2156 4852 meus,»

2265 4763 2466 4858 ρίχθην
2486 4786 2594 4840 ἀπὸ
2622 4763 2876 4859 γαστρδς,
2903 4763 2966 4841 ὲκ
2993 4787 3200 4852 κοιλίας
3237 4790 3439 4861 μητρός
3490 4807 3613 4860 μου,
3645 4789 3710 4842 σύ

586 4888 690 4942 soli
716 4885 1012 4939 conveniat
1035 4883 1315 4937 Salvatori
1345 4890 1554 4940 nostro.
1577 4883 1670 4952 qtti
1701 4880 2092 4936 immaculatus
2109 4889 2166 4935 et

580 4977 722 5031 mlnl
754 4977 1076 5046 inquinatus
1108 4983 1227 5029 erat
1273 4989 1383 5045 quo
1426 4982 1672 5042 tempore
1704 4973 1757 5026 in
1793 4979 1950 5026 utero
1985 4979 2166 5043 gesta-

581 5073 766 5122 tiatur.
795 5063 930 5118 Nam
965 5064 1162 5133 reliqui
1193 5063 1443 5117 homines
1477 5077 1693 5124 omnes,
1733 5060 1865 5116 dum
1889 5070 2044 5115 utero
2065 5076 2160 5130 ge-

589 5159 828 5214 stiuntur
873 5163 928 5211 et
957 5156 1187 5226 primam
1237 5155 1488 5223 corporis
1541 5153 1986 5208 constitutionem
2021 5152 2163 5206 acci-

588 5251 761 5320 piunt,
804 5249 962 5320 quasi
996 5250 1104 5304 ritu
1134 5249 1445 5319 plantarum
1474 5248 1742 5312 viventes,
1773 5262 1953 5316 neque
1982 5247 2164 5302 sensi-

584 5345 687 5399 bus
731 5358 912 5413 neque
965 5349 1146 5397 mente
1199 5355 1398 5396 sensus
1447 5347 1711 5411 sequente
1756 5347 2015 5406 utuntur;
2062 5336 2162 5394 sed

589 5437 748 5490 etiam
785 5436 905 5508 ipsa
939 5434 1190 5506 principe
1213 5434 1384 5488 animi
1422 5441 1580 5503 parte
1611 5440 1667 5488 et
1713 5440 1895 5488 mente
1920 5431 2160 5486 demersi

579 5528 722 5584 nihil
747 5543 778 5582 a
809 5543 994 5583 verme
1034 5525 1314 5581 dill‘erunt.
1350 5524 1454 5589 Qui
1486 5532 1670 5578 autem
1703 5522 1812 5578 Deo
1837 5522 1992 5585 dicit,
2039 5539 2060 5572 ι
2103 5519 2162 5574 In

579 5627 638 5674 te
666 5618 1022 5673 conﬁrmatus
1073 5632 1192 5670 sum
1241 5631 1305 5669 ex
1341 5623 1516 5679 utero,
1557 5632 1576 5664 ι
1629 5628 1737 5666 non
1784 5612 1945 5665 modo
1977 5627 2035 5666 se
2065 5609 2156 5663 Dei

2261 4867 2316 4926 εἷ
2359 4875 2694 4943 σκεπαττὴς,
2735 4893 2753 4924 ι
2787 4875 2931 4945 μόνῳ
2957 4875 3024 4930 ἂν
3074 4877 3305 4949 ἁρμόζοι
3327 4878 3405 4948 τῷ
3437 4878 3652 4950 Σωτῆρι
3691 4878 3856 4950 ἡμῶν

2265 4963 2524 5034 ἁϐολώτῳ
2574 4964 2669 5016 καὶ
2707 4964 3002 5035 ὰσυγχύτῳ
3056 4966 3330 5037 γενομένῳ
3383 4965 3502 5019 καθ’
3566 4965 3627 5018 ὃν
3689 4968 3854 5019 ἐκνο-

2269 5059 2488 5127 φορεῖτο
2510 5057 2716 5126 καιρόν.
2747 5057 2810 5107 υἱ
2846 5057 2943 5127 μὶν
2970 5056 3078 5128 γὰρ
3119 5057 3297 5110 λοιποὶ
3337 5057 3539 5121 πάντες
3572 5057 3854 5129 ἄνθρωποι

2265 5147 2326 5199 ὲν
2360 5146 2438 5217 τῷ
2471 5147 2808 5210 κυΐσκεσθαι,
2859 5147 2955 5200 καὶ
2997 5147 3226 5220 πρώτην
3253 5149 3548 5220 λαμδάνειν
3587 5149 3852 5203 σύστασιν

2265 5240 2361 5292 τοῦ
2396 5240 2664 5310 σώματος,
2700 5240 2931 5312 φυτικὴν
2949 5239 3139 5313 ὥσπερ
3160 5241 3306 5312 ζωὴν
3335 5241 3556 5307 ζῶντες,
3586 5240 3708 5294 οὔτε
3737 5242 3854 5304 τοῖς

2265 5331 2356 5385 τοῦ
2381 5331 2630 5401 σώματος
2640 5330 3034 5403 αἰσθητηρίοις,
3053 5331 3182 5386 οὔτε
3193 5335 3260 5403 τῇ
3274 5332 3480 5402 διανοίᾳ
3505 5331 3850 5403 παρακολου-

2267 5423 2434 5494 Θοῦσῃ
2485 5423 2813 5494 κέχρηνταιο
2849 5424 2988 5478 ἀλλὰ
3022 5426 3117 5480 καὶ
3146 5424 3206 5478 τὸ
3234 5422 3560 5494 ἡγεμονικὸν
3583 5422 3714 5477 αὐτὸ
3750 5422 3850 5476 καὶ

2264 5516 2356 5569 τὸν
2385 5515 2509 5568 νοῦν
2541 5514 2960 5588 βεϐαπτισμένοι
2987 5557 3001 5580 ,
3029 5517 3182 5570 οὐδὲν
3211 5515 3493 5586 σκώληκος
3522 5514 3856 5584 διενέγκοιεν

2267 5609 2352 5662 ἄν.
2400 5609 2458 5660 '0
2493 5607 2551 5662 δὲ
2591 5607 2764 5678 λέγων
2791 5609 2869 5681 τῷ
2922 5609 3063 5681 Θεῷ,
3102 5629 3119 5678 ι
3172 5610 3294 5663 Ἐπὶ
3341 5611 3399 5666 σὲ
3447 5604 3843 5681 ὲπεστηρίχεην

645 5775 699 5807 ⁸⁸
731 5773 878 5833 Psal.
921 5789 1048 5836 xu,
1079 5772 1136 5827 3.
1212 5771 1259 5804 ⁸⁸
1291 5770 1488 5827 Elei-lt.
1531 5782 1739 5835 rxxvn,
1765 5767 1855 5822 9.3.
1936 5767 1979 5799 "’
2008 5765 2174 5820 Amos
2201 5779 2278 5828 tu,
2309 5763 2390 5816 12.
