3930 6436
161 410 247 466 ΤΠ
1254 402 1681 456 ςυιιιιιίχτέιιι

1797 403 1859 456 |~.\'
1898 403 2238 459 PSALMOS.

3261 407 3364 458 ’⁵78

149 530 242 584 ἀπὺ
265 523 509 596 γαστρὸς.
546 540 564 572 ι
602 522 661 574 οὗ
695 521 855 592 μόνον
882 521 1080 589 γνῶσιν
1120 522 1376 590 ἐμφαίνει
1397 521 1681 592 κεκτῆσθαε

1797 522 2109 590 cognitione
2133 523 2399 578 imbutum
2432 522 2604 577 fuisse
2649 522 2908 587 ostendit,
2934 523 3026 578 sed
3053 522 3218 576 etiam
3253 537 3356 573 ma.

148 617 285 681 om).
309 614 436 669 ἀλλά
470 613 562 667 καὶ
591 613 849 683 μεγίστην
877 611 1074 683 ἀρετὴν
1113 611 1358 681 φιλοθέου
1392 612 1690 683 δυνάμεως.

148 713 202 766 δι’
228 708 385 782 ἦςέπ⁸
418 707 582 760 αὐτὸν
622 705 711 758 τὸν
745 704 878 758 Θεὸν
931 706 1268 778 ἐστηρίζετο.
1310 707 1420 760 Καὶ
1455 705 1692 770 τοιοῦτος

146 800 203 876 ἦν
245 799 592 869 κυῐσκόμενος
628 797 717 850 καὶ
763 798 820 850 ἐν
850 797 1050 870 γαστρὶ
1081 801 1178 868 τῆς
1201 797 1407 869 μητρὸς
1454 796 1691 867 συλλαμ-

146 889 430 951 ϐανόμενος.
454 887 527 940 Τὸ
552 885 632 947 δὲ,
669 903 688 937 t
738 885 831 939 Ἐκ
867 885 1076 950 κοιλίας
1103 886 1308 958 μητρός
1343 904 1442 958 μου
1469 882 1521 939 εἷ
1569 903 1693 939 σκε-

146 986 349 1051 παστης,
372 999 390 1030 ι
427 978 652 1032 δύναται
680 979 774 1032 καὶ
794 978 886 1030 ἐπὶ
915 978 1130 1033 πάντων
1165 978 1441 1050 ἁρμόζειν.
1481 979 1543 1033 El
1584 978 1691 1052 γὰρ

149 1074 212 1144 μὴ
255 1073 380 1126 6εοῦ
432 1063 664 1142 δύναμις
705 1070 962 1143 ἐφρούρει
1011 1071 1103 1124 καὶ
1155 1069 1419 1140 ἐφύλαττε
1450 1069 1512 1123 τὸ
1551 1069 1693 1124 κατὰ

145 1164 352 1236 γαπρὸς
387 1153 766 1235 κυϊσκόμενον,
807 1163 916 1216 οὐδ’
945 1162 1013 1217 ἂν
1060 1162 1310 1234 συνέστη,
1345 1162 1535 1217 οὐδ’ἂν
1564 1181 1692 1234 μετ-

145 1256 251 1326 ἔσχε
283 1255 446 1326 ζωῆς,
488 1257 630 1327 μήτε
659 1258 810 1308 πνεῖν
834 1254 1154 1324 δυνάμενον,
1176 1256 1314 1326 μήτε
1344 1257 1458 1320 τοῖς
1487 1255 1690 1320 λοιποῖς

146 1345 414 1418 κεχρῆσθαι
439 1344 836 1417 αίσθητηρίοις.
889 1345 1058 1399 Πάλιν
1091 1345 1150 1398 δὲ
1181 1344 1275 1398 καὶ
1308 1345 1366 1397 ἐν
1394 1344 1569 1414 τούτῳ
1600 1344 1688 1398 λέ-

146 1453 254 1504 γων,
285 1453 302 1486 ι
331 1433 399 1488 Σύ
445 1451 549 1505 μου
591 1429 643 1486 εἴ
684 1434 1016 1506 σκεπαστὴς,
1055 1454 1074 1488 ι
1107 1435 1386 1504 ἐνέφαινεν
1417 1433 1690 1506 ἐξαίρετόν

145 1544 187 1578 τι
211 1525 481 1597 ἐσχηκέναι
508 1526 660 1598 παρὰ
674 1527 798 1590 τοὺς
819 1525 1038 1590 λοιποὺς
1064 1526 1188 1590 τοὺς
1212 1529 1268 1580 ἐν
1288 1526 1464 1597 κοιλίᾳ
1485 1526 1691 1598 μητρὸς

148 1617 532 1690 συλληφθέντας.
592 1618 746 1689 Τάχα
787 1617 896 1690 γὰρ
939 1620 1031 1672 ἐπὶ
1069 1619 1166 1690 μέν
1210 1619 1309 1691 τῆς
1349 1618 1456 1672 τῶν
1487 1617 1689 1673 λοιπῶν

146 1709 415 1782 ἀνθρώπων
447 1710 716 1778 γενέσεως
744 1710 891 1766 ἄλλοι
916 1712 1059 1776 τινὲς
1086 1713 1450 1784 ἐφεστήκασιν
1471 1711 1689 1781 ἄγγελοι

143 1801 514 1872 διακονούμενοι
559 1804 624 1873 τῇ
656 1802 885 1856 ἑκάστου
930 1803 1010 1867 είς
1035 1802 1128 1856 τὸν
1160 1802 1274 1873 βίον
1307 1803 1557 1875 παρόδῳ·
1595 1804 1687 1856 ἐπὶ

1789 627 1950 682 gnam
1986 629 2044 670 se
2074 613 2348 677 virtutem,
2385 614 2604 684 vimque
2637 614 2840 668 amoris
2870 628 2998 684 erga
3038 614 3226 674 Deum,
3254 627 3361 681 qua

1790 700 1844 754 in
1881 702 2003 770 ipso
2041 703 2492 768 conﬁrmabatur,
2532 703 2791 758 habuisse
2821 703 3178 758 demonstrat.
3207 699 3362 756 Talis

1791 801 1970 848 autem
1998 795 2059 849 in
2097 805 2254 850 utero
2283 804 2337 850 et
2388 795 2443 850 in
2485 804 2673 851 ventre
2722 795 2915 849 matris
2940 794 3241 849 conclusus
3271 795 3362 847 ille

1788 896 1929 942 erat.
1963 887 2100 942 Illud
2130 903 2282 951 vero,
2319 907 2339 940 ι
2376 887 2454 943 De
2473 897 2664 942 ventre
2688 888 2880 941 matris
2903 902 3036 942 mea:
3063 894 3123 941 tu
3148 902 3208 942 es
3232 900 3334 957 pro
3352 914 3364 924 -

1788 989 1983 1044 tector,
2019 999 2037 1032 ι
2090 981 2346 1036 omnibus
2381 981 2676 1036 convenire
2705 981 2898 1052 possit.
2927 979 3043 1034 Nisi
3083 981 3227 1034 enim
3261 978 3356 1035 Dei

1787 1069 1964 1127 virtus
1991 1071 2297 1126 custodiret
2342 1087 2405 1126 ac
2458 1079 2705 1128 servaret
2757 1070 2926 1126 fetum
2978 1072 3143 1136 uteri,
3179 1085 3359 1141 neque

1789 1162 2145 1230 formaretur,
2196 1179 2375 1236 neque
2420 1165 2545 1220 vita:
2595 1165 2870 1238 particeps
2897 1173 3065 1230 esset,
3102 1181 3227 1220 cum
3257 1181 3360 1220 nec

1788 1257 2082 1326 respirare,
2110 1273 2213 1313 nec
2252 1258 2478 1329 reliquis
2522 1258 2776 1314 sensibus
2828 1259 2909 1313 uti
2957 1258 3180 1314 valeret.
3215 1258 3360 1312 Rur-

1787 1360 2018 1418 sumque
2037 1362 2161 1402 cum
2195 1348 2351 1414 dicit,
2374 1367 2392 1400 ι
2418 1348 2498 1404 Tu
2518 1365 2578 1405 es
2607 1357 2884 1420 protector
2913 1366 3091 1412 meus,
3115 1369 3136 1402 ι
3166 1365 3226 1406 se
3259 1351 3360 1404 ali-

1786 1437 1919 1508 quid
1942 1440 2294 1511 prmstantius
2323 1441 2550 1511 reliquis
2585 1441 2901 1498 hominibus
2932 1440 2990 1496 in
3021 1449 3212 1497 ventre
3242 1457 3360 1495 ma-

1788 1530 1890 1586 tris
1950 1533 2230 1602 conceptis
2296 1533 2555 1589 habuisse
2613 1541 3030 1590 commonstrat.
3099 1533 3358 1589 Fortasse

1787 1621 1986 1691 quippe
2019 1621 2074 1676 in
2116 1623 2453 1694 reliquorum
2485 1625 2769 1680 hominum
2794 1627 3142 1696 generatione
3174 1626 3349 1696 angeli

1787 1709 2010 1780 quidam
2033 1711 2239 1767 adsunt
2273 1713 2618 1785 singulorum
2657 1714 2725 1769 ad
2755 1717 2925 1770 vitam
2955 1716 3224 1787 ingressui
3252 1717 3357 1770 mi-

1789 1801 2122 1871 nistrantes;
2155 1806 2210 1859 in
2238 1806 2588 1875 generatione
2614 1820 2742 1860 vero
2777 1805 3086 1861 Servatoris
3116 1806 3233 1878 ipse
3254 1803 3358 1860 Pa-

145 1892 190 1944 δὲ
215 1891 304 1963 τῆς
330 1893 593 1961 γενέσεως
645 1892 739 1946 τοῦ
794 1894 1045 1966 Σωτῆρος
1067 1934 1083 1954 .
1116 1895 1276 1959 αὐτὸς
1308 1889 1377 1966 ἧν
1423 1896 1450 1948 ὁ
1497 1895 1681 1968 Πατὴρ

1784 1901 1867 1948 ter
1897 1902 2175 1964 protector
2202 1895 2322 1964 ejus
2349 1903 2501 1963 erat;
2534 1911 2705 1966 quare
2739 1897 2794 1950 in
2840 1899 2959 1967 ipso
2988 1897 3356 1951 confirmaba-

149 1985 423 2057 σκεπαστὴς
448 1984 616 2040 αὐτοῦ
641 1986 954 2057 γιγνόμενος
972 2003 987 2017 ο
1023 1986 1102 2040 διὸ
1123 1988 1217 2041 καὶ
1245 1988 1338 2041 ἐπὶ
1377 1989 1536 2043 αὐτὸν
1586 1989 1684 2042 ἐπ·-

147 2079 448 2152 επηρίζετο.
484 2080 675 2144 Οὕτως
721 2080 1011 2145 διαπαντὸς
1061 2101 1080 2132 ι
1129 2082 1365 2154 ὕμνησιν
1414 2103 1435 2136 ι
1489 2084 1681 2138 ἑαυτοῦ

149 2169 239 2244 εἶχε
263 2174 345 2226 τὸν
377 2174 613 2245 Πατέρα.
646 2173 736 2226 Διὸ
766 2174 1004 2244 ἐπιλέγει
1025 2194 1038 2207 ·
1078 2192 1097 2228 ι
1150 2176 1238 2230 Ἐν
1260 2177 1343 2230 σοὶ
1373 2179 1406 2248 ἡ
1453 2176 1684 2249 ὕμνησίς

151 2281 233 2334 μου
255 2265 550 2330 διαπαντός.
586 2285 604 2317 ι
633 2266 706 2320 Ού
735 2265 843 2338 γὰρ
884 2267 1093 2322 διέλιπέ
1133 2285 1254 2322 τινα
1285 2270 1473 2340 καιρὸν
1501 2271 1684 2340 ὑμνῶν

146 2353 221 2408 τὸν
264 2355 488 2427 Πατέρα,
549 2355 582 2427 ἢ
641 2358 734 2410 καὶ
779 2357 1115 2430 ὑμνούμενος
1170 2359 1260 2412 ὑπ’
1291 2360 1455 2414 αὐτοῦ
1497 2363 1588 2416 ἐπὶ
1615 2365 1682 2434 τῇ

147 2447 346 2522 τοσαύτη
365 2449 600 2521 ὑπακοῇ.
649 2449 810 2515 Ἀλλ’,
852 2451 918 2504 Ἦ
950 2450 1047 2522 μὲν
1071 2450 1200 2522 ἐμὴ,
1237 2452 1422 2520 φησιν,
1456 2453 1682 2516 αῐνεσις,

147 2538 275 2610 ﬁmi.
302 2540 525 2612 ὖμνησις
555 2545 615 2596 ἐν
648 2543 730 2596 σοὶ
749 2542 939 2611 γέγονε
967 2542 1277 2606 διαπαντός.
1311 2543 1373 2597 Οἱ
1402 2543 1459 2595 δὲ
1501 2543 1686 2597 πολλοὶ

148 2629 234 2681 τῶν
271 2630 584 2703 ἀνθρώπων,
637 2632 804 2704 μηδὲν
836 2633 1040 2687 τούτων
1078 2633 1450 2704 ἐπιστάμενοι,
1496 2634 1685 2706 ὥσπερ

148 2719 280 2789 τέρας
304 2724 593 2795 ἐκτήσαντο
636 2742 724 2795 με.
753 2725 1046 2797 Τεράστιον
1068 2725 1199 2794 γοῦν
1231 2744 1285 2778 τι
1319 2728 1552 2799 πρᾶγμα
1574 2731 1685 2792 τοῖς

152 2811 327 2876 πολλοῖς
377 2816 662 2886 ἐγενόμην,
714 2815 790 2878 ὡς
816 2817 1046 2887 διάφορα
1091 2818 1220 2889 περὶ
1267 2818 1402 2889 ἐμοῦ
1441 2819 1684 2887 δοξάζειν

149 2900 343 2966 αὐτούς’
384 2905 475 2958 καί
510 2923 662 2968 τινας
705 2905 803 2975 μὲν
825 2905 958 2959 Θεὸν
987 2902 1126 2960 εἶναι
1155 2909 1394 2978 ἄσαρκον
1428 2910 1518 2963 καὶ
1541 2910 1684 2963 ἀσώ-

152 3009 306 3061 ματον,
345 2995 559 3067 δοκήσει
617 2998 775 3067 μόνον
825 2999 1056 3067 ὀφθέντα
1106 3001 1197 3052 ἐπὶ
1241 3001 1364 3071 γῆς,
1409 3003 1681 3073 ἡγεῖσθαι,

149 3083 274 3148 τινὰς
295 3085 344 3140 δέ
369 3088 522 3157 ψιλὸν
552 3088 856 3160 ἄνθρωπον,
897 3090 973 3154 ὼς
1005 3091 1169 3163 μηδὲν
1199 3093 1358 3146 πλέον
1383 3095 1532 3166 παρὰ
1558 3095 1682 3158 τοὺς

150 3172 332 3240 λοιποὺς
353 3179 623 3251 ἐσχηκότα
645 3195 658 3210 ⁶
687 3182 781 3235 καὶ
812 3182 1004 3248 ἄλλους
1029 3183 1130 3252 μὲν
1159 3186 1318 3256 ἀραῖς
1352 3188 1446 3239 καὶ
1478 3186 1680 3258 δυσφη-

151 3267 275 3335 μίαις
303 3270 641 3337 ὑποϐάλλειν,
659 3273 880 3347 ἐτέρους
911 3275 966 3328 δὲ
998 3276 1175 3330 σέϐειν
1216 3279 1308 3331 καὶ
1336 3285 1678 3351 προσκυνεῖν.

152 3359 295 3432 Τέρας
315 3361 368 3416 δέ
391 3366 502 3428 τοῖς
531 3366 698 3418 πᾶσιν
729 3365 944 3437 ἀληθῶς
968 3367 1189 3436 γέγονεν
1224 3369 1252 3420 ὁ
1279 3369 1408 3440 ἐμὸς
1434 3371 1682 3435 Θάνατος.

151 3450 210 3503 Τὸ
235 3452 329 3526 γὰρ
357 3457 582 3528 σταυρὸν
633 3456 919 3528 ὑπομεῖναι
964 3457 1095 3511 Θεὸν
1131 3459 1278 3526 ὄντα,
1324 3463 1416 3515 καὶ
1459 3462 1683 3516 τοιαῦτα

153 3543 309 3597 παθεῖν
344 3545 428 3599 τὸν
476 3549 686 3620 ἑτέροις
736 3547 878 3620 ζωὴν
935 3553 1347 3623 κεχαρισμένον,
1398 3555 1562 3627 τέρας
1614 3551 1684 3626 ἢν

151 3632 345 3704 ἀληθῶς.
394 3637 482 3691 Διό
526 3655 725 3710 φησιν’
775 3657 794 3690 ι
851 3640 994 3692 Ὠσεὶ
1048 3641 1212 3712 τέρας
1258 3642 1519 3715 ἐγενήθην
1572 3649 1682 3709 τοῖς

154 3723 345 3791 πως.
381 3748 399 3780 ι
440 3729 578 3783 Ἀλλ’
603 3731 662 3782 ἐν
694 3732 825 3784 πᾶσι
859 3733 1065 3796 τούτοις
1092 3733 1178 3795 σὺ,
1207 3735 1358 3803 φησι,
1395 3753 1413 3786 ι
1441 3734 1632 3807 βοηθός
1657 3756 1675 3789 ι

153 3833 233 3883 μου
260 3819 474 3889 γέγονας
509 3842 527 3873 ι
567 3823 828 3896 κραταιός
849 3841 863 3854 ’
907 3844 924 3875 ι
963 3824 1082 3878 οὐδὲ
1115 3824 1223 3897 γάρ
1255 3825 1411 3880 ἄλλον
1452 3829 1682 3900 ἐκτησά-

152 3925 238 3978 μην
264 3909 461 3984 βοηθόν.
489 3915 676 3968 Πάντα
702 3914 810 3986 γὰρ
836 3911 904 3986 ἦν
935 3915 1161 3988 δεύτερα
1187 3918 1280 3971 καὶ
1306 3918 1682 3991 ὑποϐεϐηκότα

151 4000 228 4071 τὴν
250 4004 375 4077 ἐμὴν
419 4006 646 4079 δύναμιν
670 4022 683 4035 ⁶
715 4008 778 4062 σὺ
823 4007 879 4060 δὲ
917 4008 1096 4079 μόνος,
1128 4009 1186 4062 ὃν
1221 4010 1413 4065 ἐλπίδα
1445 4013 1680 4083 ἐμαυτὸν

152 4090 532 4171 ὑπεγραψάμην,
578 4119 597 4152 ι
629 4099 821 4171 βοηθός
856 4121 874 4152 ι
902 4117 1003 4172 μου
1037 4101 1266 4170 γέγονας
1297 4122 1316 4154 ι
1341 4104 1617 4175 κραταιός.
1655 4123 1673 4157 ι

155 4184 238 4238 Καὶ
283 4190 412 4243 κατὰ
454 4193 544 4245 τὸν
573 4192 866 4262 Σύμμαχον
904 4192 962 4246 δὲ
1001 4193 1202 4266 ὁμοίως
1245 4195 1487 4266 εἴρηται·
1521 4216 1538 4249 ι
1590 4199 1679 4251 Σοὶ

155 4272 509 4355 ἐπεστηρίχθην
549 4282 660 4337 ἀπὸ
701 4283 956 4356 γαστρὸς,
993 4287 1102 4339 ἀπὸ
1131 4286 1238 4340 τῶν
1278 4288 1560 4343 ἐνδοσθίων
1581 4293 1677 4365 τῆς

155 4369 324 4438 μητρός
365 4390 463 4443 μου
515 4375 580 4428 σὺ
625 4375 834 4439 ἐπεῖδές
879 4393 969 4448 με.
1000 4377 1094 4440 El;
1129 4378 1190 4432 σέ
1228 4382 1260 4450 η
1297 4379 1534 4453 ἀναμονή
1573 4401 1675 4452 μου

153 4457 417 4533 ἐνδελεχῶς,
446 4467 577 4521 ὡσεὶ
608 4467 770 4538 τέρας
815 4469 1080 4539 ἐγενόμην
1105 4473 1218 4533 τοῖς
1242 4472 1452 4536 πολλοῖς
1472 4490 1485 4503 ο
1526 4477 1588 4528 σὺ
1619 4475 1674 4527 δὲ

155 4554 430 4628 πεποίθησίς
467 4578 570 4632 μου
601 4561 818 4633 ἰσχυρά.
855 4581 874 4614 ι

211 4684 226 4717 ι
250 4668 576 4746 Πληρωθήτω
589 4675 651 4728 τὸ
672 4675 844 4748 στόμα
857 4695 957 4749 μου
973 4677 1252 4743 αἰνέσεως,
1277 4679 1424 4743 ὅπως
1450 4680 1676 4753 ὑμνήσω

155 4757 231 4829 τὴν
246 4760 384 4828 δόξαν
415 4783 528 4830 σου,
555 4767 684 4838 ὅλην
714 4768 812 4840 τὴν
833 4770 1044 4842 ἡμέραν
1083 4769 1182 4842 τὴν
1207 4771 1677 4849 μεγαλτπρέπειὰν

157 4862 248 4904 σου.
275 4871 292 4904 ι
322 4856 452 4930 Ἤδη
486 4861 583 4931 μὲν
615 4859 753 4914 κατὰ
794 4860 886 4912 τδν
921 4859 1257 4932 παρελθόντα
1290 4863 1478 4935 χρόνον
1501 4863 1674 4935 ὕμνη-

157 4936 221 4999 σίς
243 4956 350 5010 μου,
372 4949 550 5017 φησὶν,
598 4950 655 5001 ἐν
701 4949 785 5002 σοι
809 4948 998 5018 γέγονε
1023 4951 1312 5015 διαπαντός
1329 4967 1343 4980 ο
1383 4951 1520 5024 πλὴν
1540 4952 1675 5006 ἀλλὰ

154 5027 358 5104 κιιπερι
385 5035 476 5088 τοῦ
503 5036 782 5109 μέλλοντος
800 5036 1010 5108 δέομαι,
1037 5037 1114 5101 ὼς
1141 5038 1208 5092 ἂν
1232 5037 1423 5111 μέχρις
1439 5039 1675 5110 ἐσχάτης

155 5115 273 5188 ὧρας
299 5124 385 5178 τοῦ
416 5126 526 5198 βίου
554 5129 616 5182 τὸ
650 5129 823 5200 στόμα
850 5145 952 5198 μου
982 5129 1084 5199 τῆς
1117 5130 1217 5200 σῆς
1251 5131 1508 5193 αἰνέσεως
1539 5131 1676 5202 πλη-

156 5208 285 5279 ρῷτο,
311 5217 397 5270 καὶ
419 5218 585 5282 οὕτως
601 5236 666 5289 γε
694 5218 967 5291 πληρῷτο,
996 5220 1073 5284 ὠς
1102 5219 1306 5291 μηδένα
1340 5219 1522 5292 χώραν
1549 5238 1672 5293 σχο-

156 5293 379 5363 λάζουσαν
423 5307 558 5379 ἔχειν
617 5309 746 5382 πρὸς
776 5309 838 5363 τὸ
868 5309 996 5365 ἄλλο
1043 5327 1094 5363 τι
1133 5309 1480 5380 φθέγγεσθαι,
1538 5312 1673 5384 μηδὲ

155 5388 416 5462 ἀνθρώποις
461 5401 697 5471 ὁμιλεῖν
744 5402 837 5455 καὶ
881 5401 1038 5455 τοῦτό
1095 5419 1185 5473 μοι
1242 5402 1480 5474 ὑπάρξαι
1535 5403 1672 5470 ἀξιῶ

158 5484 269 5538 κατὰ
293 5490 458 5545 πᾶσαν
482 5493 712 5566 ἡμέραν,
740 5494 830 5548 καὶ
854 5491 1015 5566 ἐν’τῷ
1044 5494 1204 5548 παντὶ
1228 5496 1402 5567 χρόνῳ
1423 5498 1521 5568 τῆς
1531 5498 1671 5568 ἐμῆς

159 5569 274 5646 ζωῆς
295 5582 361 5654 μὴ
388 5584 819 5659 ἀποστερηθῆναι
835 5587 930 5642 καὶ
944 5588 1315 5660 ἅποῤῥιφῆναι
1345 5589 1548 5660 ταύτης
1571 5589 1672 5660 τῆς

159 5665 354 5737 χάριτος,
375 5675 469 5729 κᾶν
497 5678 590 5731 ἐπὶ
615 5680 816 5750 γήραος
844 5679 982 5751 οὐδῷ
1010 5678 1118 5733 δέοι
1136 5677 1356 5749 φθάσαι,
1389 5682 1524 5752 μηδὲ
1571 5683 1670 5752 μέν

159 5770 254 5824 ιρις
263 5762 470 5839 ἐσχάτης
479 5770 730 5842 τελευτῆς
740 5771 866 5826 ἄλλο
878 5771 927 5823 τί
943 5787 1009 5841 με
1023 5772 1280 5843 πράττειν
1291 5773 1324 5843 ἢ
1342 5772 1442 5844 πλη
1451 5774 1543 5844 ροῦ
1551 5773 1671 5828 σθαι

162 5846 206 5898 τὸ
226 5854 372 5920 στόμα
398 5877 490 5927 μου
514 5863 610 5934 τῆς
643 5863 742 5933 σῆς
775 5863 1029 5927 αἰνέσεως
1051 5864 1145 5918 καὶ
1182 5863 1278 5934 τῆς
1313 5863 1410 5933 σῆς
1442 5866 1670 5934 μεγαλο-

361 5953 611 6018 Ρηιιοι.
645 5957 762 6019 Gn.
803 5959 1036 6022 XXIII.

1789 1993 1899 2039 tur.
1936 1983 2028 2040 Sic
2069 2002 2284 2058 semper
2339 2007 2358 2040 ι
2408 1988 2777 2043 cantationem
2812 2007 2831 2041 ι
2869 1989 3060 2044 habuit
3089 1989 3146 2043 in
3175 1987 3358 2044 Patris

1788 2076 2024 2134 laudem.
2058 2075 2240 2144 Quare
2269 2079 2458 2135 subdit
2491 2098 2506 2134 :
2548 2098 2568 2131 ι
2607 2079 2663 2133 In
2694 2087 2749 2135 te
2773 2080 3018 2136 cantatio
3048 2095 3168 2136 mea
3213 2097 3358 2136 sem-

1787 2184 1901 2238 per.
1947 2188 1966 2220 ι
2003 2168 2222 2225 Nullum
2269 2175 2415 2228 enim
2446 2173 2798 2244 praetermisit
2837 2180 3076 2244 tempus,
3110 2174 3242 2244 quin
3275 2175 3358 2229 vel

1784 2259 2002 2318 Patrem
2033 2263 2252 2336 hymnis
2301 2266 2628 2331 celebraret,
2673 2266 2755 2321 vel
2811 2266 2880 2321 ab
2910 2267 3034 2337 ipso
3076 2282 3176 2337 pro
3205 2276 3354 2321 tanta

1784 2355 2145 2426 obsequentia
2193 2359 2583 2414 celebraretur.
2638 2358 2840 2414 Verum
2897 2361 2994 2425 ait,
3043 2358 3188 2415 Laus
3242 2360 3356 2414 sive

1785 2448 2027 2502 cantatio
2050 2465 2169 2504 mea
2192 2448 2246 2504 in
2266 2461 2317 2506 te
2335 2449 2438 2505 fuit
2462 2467 2697 2522 semper.
2725 2449 3016 2506 Hominum
3043 2466 3174 2506 vero
3200 2451 3357 2505 multi

1787 2538 1981 2594 borum
2012 2542 2208 2611 ignari,
2246 2551 2506 2616 tanquam
2547 2545 2857 2615 prodigium
2901 2559 2989 2600 me
3022 2543 3355 2600 habuerunt.

1786 2627 2164 2700 Prodigiosum
2205 2649 2335 2704 ergo
2367 2633 2647 2704 quidpiam
2696 2635 2886 2692 multis
2927 2634 3155 2692 effectus
3208 2651 3356 2703 sum,

1788 2721 1858 2775 ita
1888 2731 1948 2775 ut
1987 2723 2042 2777 in
2098 2725 2278 2781 varias
2315 2725 2382 2781 de
2434 2744 2520 2782 me
2557 2728 2861 2784 sententias
2897 2728 3147 2795 abirent;
3178 2738 3232 2784 et
3264 2730 3355 2782 alii

1781 2811 2001 2884 quidem
2036 2811 2203 2868 Deum
2233 2830 2399 2871 carne
2442 2832 2672 2871 vacuum
2702 2825 2758 2872 et
2788 2820 3195 2888 incorporeum,
3239 2819 3354 2873 sola

1784 2900 1966 2970 specie
1989 2902 2164 2957 visum
2195 2903 2251 2958 in
2283 2912 2428 2961 terra
2471 2915 2765 2977 putarent;
2799 2910 2891 2964 alii
2927 2909 3136 2964 nudum
3176 2909 3354 2962 homi-

1784 3005 1928 3056 nem,
1964 2991 2100 3046 nihil
2135 2993 2259 3064 plus
2305 3009 2469 3064 quam
2502 2995 2594 3049 alii
2624 2995 2948 3063 habentem;
2981 2997 3074 3050 alii
3096 3010 3354 3050 exsecra-

1783 3081 2029 3138 tionibus
2053 3091 2110 3138 et
2141 3085 2408 3142 conviciis
2438 3101 2525 3142 me
2552 3086 2919 3157 subjicerent;
2968 3087 3059 3140 alii
3111 3086 3355 3140 colerent

1782 3181 1837 3227 et
1869 3173 2183 3231 adorarent.
2216 3174 2361 3231 Mors
2411 3193 2541 3233 vero
2575 3192 2697 3232 mea
2743 3177 2998 3233 omnibus
3044 3176 3351 3248 prodigium

1786 3266 1945 3335 plane
1973 3265 2092 3320 fuit.
2134 3264 2269 3321 Nam
2299 3283 2424 3322 eum
2456 3269 2548 3341 qui
2577 3268 2721 3326 Deus
2759 3279 2906 3326 esset
2940 3285 3161 3327 crucem
3193 3272 3355 3325 sustio

1787 3374 1935 3422 nere,
1967 3366 2021 3414 et
2043 3359 2170 3413 talia
2203 3360 2315 3430 pati
2341 3376 2468 3416 eum
2511 3361 2606 3433 qui
2663 3362 2785 3417 aliis
2831 3363 2997 3417 vitam
3029 3361 3351 3432 impertiret,

1786 3463 1909 3504 vere
1935 3449 2242 3522 prodlgium
2275 3449 2815 3527 erat._Quamobrem
2845 3454 2963 3508 ait:
3005 3471 3024 3504 ι
3065 3450 3349 3524 Tanquam

1784 3541 2091 3614 prodigium
2119 3541 2299 3598 factus
2329 3560 2451 3600 sum
2472 3546 2681 3601 multis.
2713 3564 2732 3598 ι
2767 3545 2875 3602 Sed
2907 3547 2962 3602 in
2988 3546 3073 3601 his
3096 3548 3352 3602 omnibus

1783 3640 1840 3684 tu
1874 3632 2030 3697 mihi,
2063 3633 2262 3705 inquit,
2302 3653 2321 3686 ι
2358 3635 2578 3705 adjutor
2613 3635 2793 3700 fortis,
2867 3655 2885 3688 ι
2953 3636 3127 3692 fuisti.
3168 3635 3352 3710 Neque

1780 3721 1924 3775 enim
1975 3722 2106 3776 mihi
2158 3724 2299 3779 alius
2338 3723 2560 3794 adjutor
2610 3726 2844 3782 exstitit.
2897 3724 3095 3782 Omnia
3149 3729 3352 3800 quippe

1780 3813 1969 3868 virtuti
1993 3830 2128 3870 mea:
2153 3816 2410 3872 inferiora
2441 3827 2495 3872 et
2535 3819 2763 3888 imparia
2786 3828 2944 3873 erant
2978 3838 2990 3872 :
3027 3827 3083 3874 tu
3115 3836 3245 3874 vero
3264 3837 3353 3876 so-

1782 3903 1888 3967 lus,
1923 3920 2086 3975 quem
2113 3905 2245 3960 mihi
2270 3907 2325 3962 in
2351 3923 2501 3979 spem
2532 3909 2788 3980 ascripsi,
2831 3907 2982 3964 fuisti
3026 3910 3161 3965 mihi
3198 3929 3217 3961 ι
3256 3911 3354 3964 ad-

1775 3996 1928 4065 jutor
1959 3997 2137 4053 fortis.
2180 4018 2199 4051 ι
2234 3999 2547 4055 Secundum
2569 4001 2957 4073 Symmachum
2989 4002 3120 4057 item
3157 4003 3350 4058 simili-

1780 4099 1862 4144 ter
1896 4091 2119 4158 dicitur,
2161 4113 2179 4143 ι
2221 4090 2341 4147 Tibi
2379 4093 2740 4152 conﬁrmatus.
2786 4109 2907 4149 sum
2937 4111 3003 4150 ex
3043 4103 3253 4156 ventre,
3281 4110 3350 4150 ex

1777 4181 2083 4236 visceribus
2113 4182 2306 4238 matris
2345 4197 2478 4237 mea:
2511 4189 2568 4236 tu
2602 4181 2886 4252 respexisti
2930 4197 3038 4237 me.
3086 4182 3142 4237 In
3173 4191 3224 4236 te
3256 4198 3352 4252 pa-

1779 4272 1970 4327 tientia
2020 4287 2140 4328 mea
2186 4282 2474 4344 perpetuo,
2519 4283 2778 4345 tanquam
2831 4275 3138 4347 prodigium
3170 4277 3350 4331 factus

1778 4381 1897 4419 sum
1931 4365 2118 4422 multis
2154 4385 2166 4421 :
2198 4375 2256 4421 tu
2287 4382 2415 4422 vero
2447 4366 2646 4422 ﬁducia
2681 4383 2800 4422 mea
2822 4368 3001 4424 fortis.
3043 4388 3061 4420 ι

1848 4669 2013 4726 Vsus.
2059 4671 2208 4726 8—H.
2279 4688 2299 4721 ‹
2371 4667 2666 4741 Repleatur
2710 4687 2774 4726 os
2831 4687 3009 4727 meum
3046 4672 3225 4738 laude,
3289 4685 3347 4730 ut

1777 4773 1991 4819 cantem
2055 4763 2282 4832 gloriam
2338 4771 2534 4827 tuam,
2596 4771 2710 4819 tota
2774 4764 2863 4820 die
2915 4767 3344 4838 magnitudinem

1776 4866 1948 4915 tuam.
1988 4876 2006 4910 ι
2041 4855 2162 4912 Iam
2218 4857 2513 4929 praeterito,
2555 4859 2752 4928 inquit,
2807 4867 3072 4930 tempore,
3102 4865 3347 4918 cantatio

1777 4962 1896 5003 mea
1927 4947 1984 5003 in
2017 4956 2070 5005 te
2103 4948 2207 5003 fuit
2234 4965 2452 5020 semper
2485 4969 2498 5004 :
2551 4959 2806 5006 caeterum
2837 4967 2937 5022 pro
2970 4952 3156 5009 futuro
3205 4971 3347 5027 quo-

1774 5054 1881 5109 que
1909 5040 2179 5112 supplico,
2210 5049 2269 5095 ut
2293 5042 2360 5098 ad
2393 5045 2638 5100 ultimam
2679 5044 2806 5101 vita:
2849 5045 3040 5100 horam
3072 5063 3134 5104 os
3163 5063 3345 5103 meum
3402 5077 3410 5086 ο

1774 5132 1935 5189 laude
1963 5142 2054 5189 tua
2081 5136 2375 5204 repleatur,
2405 5143 2461 5192 et
2491 5137 2564 5192 ita
2597 5137 2895 5209 repleatur,
2928 5145 2988 5194 ut
3015 5139 3161 5194 aliud
3184 5139 3345 5210 quid-

1771 5227 1916 5297 piam
1951 5227 2226 5298 loqnendi,
2257 5229 2346 5283 vel
2373 5243 2498 5284 cum
2531 5230 2846 5287 hominibus
2879 5231 3130 5287 versandi
3160 5233 3344 5287 nullus

1773 5319 2014 5390 supersit
2053 5320 2210 5375 locus
2241 5338 2254 5374 :
2281 5335 2478 5391 meque
2507 5322 2751 5392 quotidie
2782 5331 2836 5377 et
2879 5331 2994 5378 toto
3048 5324 3171 5378 vitae
3210 5335 3344 5378 mea:

1771 5411 2008 5468 decursu
2063 5411 2139 5467 ita
2185 5422 2562 5484 comparatum
2597 5430 2719 5471 esse
2762 5430 2916 5486 rogo,
2953 5425 3014 5470 ut
3040 5415 3133 5469 tali
3165 5417 3340 5486 gratia

1769 5504 1996 5560 orbatus
2030 5518 2311 5574 nunquam
2340 5517 2441 5558 nec
2462 5504 2724 5576 depulsus
2753 5509 2854 5562 sim
2885 5526 2897 5560 :
2933 5514 3100 5577 utque
3123 5506 3341 5566 etiamsi

1771 5597 1838 5653 ad
1867 5598 2028 5653 limen
2056 5596 2356 5654 senectutis
2385 5594 2679 5663 devenero,
2714 5599 2850 5654 nihil
2872 5668 2876 5673 ἡ
2897 5598 3043 5654 aliud
3099 5598 3166 5654 ad
3198 5613 3342 5654 mor-

1769 5697 1877 5743 tem
1902 5701 2072 5757 usque
2093 5699 2370 5757 peragam,
2396 5701 2580 5755 quam,
2601 5685 2742 5755 quod
2772 5685 3048 5753 repleatbr
3073 5699 3134 5740 os
3158 5700 3340 5741 meum

1771 5780 1930 5834 laude
1964 5786 2017 5832 et
2051 5775 2459 5848 magniﬁcentia
2495 5784 2609 5831 tua.
2646 5776 2750 5832 Pro
2791 5777 2883 5832 illo
2922 5785 3127 5841 autem,
3165 5795 3184 5827 ι
3223 5784 3340 5832 tota

1771 5870 1881 5940 die,
1917 5891 1934 5923 ι
1980 5869 2368 5943 Symmachus,
2410 5889 2427 5920 ‹
2468 5884 2563 5940 per
2613 5883 2831 5924 omnem
2885 5868 3052 5933 diem,
3109 5889 3126 5921 ι
3168 5868 3340 5925 edidit

2941 5963 3017 6024 25
