4086 6442
552 349 654 410 779

1217 347 1486 405 EUSEBlI
1525 344 2012 406 CESARIENSIS
2049 343 2205 402 OPP.
2247 343 2429 398 PARS
2466 342 2554 399 Ill.
2577 375 2644 383 ——
2675 341 3086 400 EXEGETICA.

3695 345 3820 398 780

555 509 576 543 ι
609 488 925 561 Repleatur,
959 489 1158 561 inquit,
1212 505 1276 545 os
1310 504 1489 544 meum
1523 489 1684 544 laude
1713 496 1828 552 tua,
1875 503 1971 558 per
2004 501 2110 540 om‘

2223 483 2510 556 πρεπείας.
2557 483 2702 536 Ἀντὶ
2730 483 2787 536 δέ
2809 482 2925 546 τοῦ,
2951 501 2970 533 ι
2999 481 3127 552 ὅλην
3158 481 3258 551 τὴν
3286 480 3518 554 ἡμέραν,
3547 500 3564 533 ι
3597 483 3625 534 ὁ
3651 483 3816 553 Σύρι-⁵

550 597 675 638 nem
705 581 871 648 diem,
916 581 971 635 in
1013 583 1212 636 decore
1247 590 1339 634 tuo
1373 595 1442 635 ne
1490 580 1724 649 abjicias
1755 595 1843 634 me
1878 587 2123 647 tempore

550 672 871 728 senectutis.
927 690 948 724 ι
988 668 1123 724 Nam
1177 670 1222 725 si
1274 670 1340 724 ad
1377 677 1717 724 senectutem
1753 682 1928 736 usque
1956 667 2122 718 vitam

549 763 807 819 devenire
843 777 1021 817 meam
1058 769 1330 832 oporteat,
1367 776 1480 814 non
1537 761 1720 813 abnuo
1749 772 1763 811 :
1793 756 1846 811 id
1877 754 2122 825 supplico

550 867 784 925 tantum,
809 868 868 911 ut
897 871 959 911 os
986 870 1171 910 meum
1212 869 1494 924 nunquam
1541 852 1703 907 ﬁnem
1753 850 1917 904 faciat
1977 848 2122 902 cele-

551 949 745 1006 brandi
770 947 985 1004 laudem
1015 955 1167 1001 tuam
1198 954 1252 1001 et
1277 944 1736 1016 magniﬁcentiam
1758 950 1927 997 tuam.
1964 938 2122 1006 Quod

549 1041 596 1098 si
639 1041 940 1096 senectutis
974 1054 1142 1094 causa
1189 1037 1488 1108 aliquando
1523 1038 1668 1090 vires
1710 1051 1796 1089 me
1843 1033 2118 1096 deﬁciant,

548 1149 619 1188 ne
658 1143 787 1187 tunc
818 1131 1038 1202 quidem
1073 1144 1160 1184 me
1186 1129 1562 1199 derelinquas.
1599 1125 1724 1180 Haec
1773 1125 1827 1180 in
1875 1125 2122 1180 oratione

549 1227 737 1281 dicere
765 1223 1025 1279 convenit
1057 1231 1174 1278 tum
1210 1221 1496 1284 Davidem,
1527 1230 1641 1276 tum
1677 1219 1925 1292 quemvis
1952 1218 2123 1273 homi-

545 1331 671 1370 nem
720 1314 1056 1385 religiosum.
1092 1311 1480 1368 Animadverte
1527 1326 1692 1382 porro
1737 1309 2010 1380 quomodo
2052 1309 2121 1364 de

549 1407 831 1464 Salvatore
855 1406 922 1461 ab
944 1407 1210 1478 Apostolo
1239 1405 1466 1460 dicatur
1492 1422 1507 1459 ε
1547 1423 1565 1455 ι
1597 1403 1905 1459 Cruciﬁxus
1935 1411 2020 1458 est
2051 1418 2118 1457 ex

544 1500 883 1564 inﬁrmitate,
916 1498 1012 1555 sed
1045 1498 1180 1552 vivit
1209 1513 1277 1552 ex
1301 1499 1505 1552 virtute
1540 1495 1634 1550 Dei
1660 1497 1727 1551 ⁸⁸.
1772 1515 1790 1546 ι
1824 1495 1937 1549 Etsi
1971 1495 2116 1549 enim

544 1608 610 1646 ex
638 1592 958 1646 inlirmitate
990 1590 1290 1644 cruciﬁxus
1315 1589 1386 1644 sit
1427 1606 1442 1656 ;
1472 1599 1525 1642 at.
1553 1601 1662 1642 non
1696 1586 1765 1640 ab
1797 1585 1922 1640 aliis
1956 1601 2119 1655 supe-

542 1692 699 1739 ratus
729 1702 744 1737 :
773 1684 889 1753 ipse
918 1683 1121 1752 quippe
1140 1696 1262 1735 sese
1291 1680 1565 1733 inﬁrmum
1593 1678 1794 1741 effecit,
1831 1692 1996 1746 seque
2021 1675 2118 1731 de-

544 1771 786 1826 dititium
817 1771 1133 1825 hominibus
1169 1769 1392 1823 obtulit.
1419 1767 1576 1833 Quod
1608 1767 1773 1822 etiam
1807 1767 1924 1836 ipse
1954 1765 2114 1819 docet

2231 594 2420 648 μαχος,
2453 596 2469 626 ι
2497 575 2638 628 κατά
2659 577 2838 628 πᾶσαν
2875 574 3090 646 ἡμέραν
3128 593 3145 626 ι
3171 573 3400 638 ἐξέδωκε
3418 591 3431 603 ·
3472 592 3491 625 ι
3521 574 3813 645 Πλησθέεη

2223 669 2286 722 τὸ
2311 668 2486 738 στόμα
2526 683 2619 720 σου
2657 667 2842 730 αῐνους
2874 683 2968 718 σου
3001 665 3144 718 κατὰ
3180 667 3360 718 πᾶσαν
3381 665 3612 735 ἡμέραν,
3640 666 3701 716 ἐν
3727 670 3812 735 τῇ

2224 758 2525 832 εὐπρεπείᾳ
2562 775 2654 811 σου
2707 757 2781 828 μὴ
2823 756 3103 830 ἀποϐάλῃς
3133 773 3200 826 με
3234 755 3411 827 καιρῷ
3441 758 3644 828 γήρως.
3679 776 3699 809 ι
3733 759 3816 810 Ei

2223 850 2330 922 γὰρ
2355 850 2462 903 δέοι
2515 849 2609 902 καὶ
2647 848 2809 920 μέχρι
2854 848 3042 918 γήρως
3076 849 3399 917 παρατεῖναι
3431 847 3528 916 τὴν
3559 847 3812 916 ἠλικίαν,

2221 942 2379 995 τοῦτο
2409 940 2508 1010 μὲν
2534 941 2595 992 ού
2637 937 3020 1010 παραιτητέον,
3045 936 3272 990 ἱκετεύω
3303 937 3359 990 δὲ
3379 935 3453 1006 μὴ
3485 937 3816 1008 ἀποστερη-

2223 1034 2380 1104 θῆναί
2416 1051 2546 1087 ποτε
2593 1031 2686 1085 τοῦ
2716 1029 3104 1102 πεπληρῶσθαι
3146 1029 3208 1082 τὸ
3239 1030 3412 1100 στόμα
3439 1046 3539 1100 μου
3566 1029 3670 1100 τῆς
3697 1029 3817 1099 σῆς

2222 1126 2478 1189 αἰνέσεως
2519 1125 2613 1178 κα)⁸
2654 1123 2753 1194 τῆς
2782 1123 2882 1193 σῆς
2919 1122 3411 1193 μεγαλοπρεπείας.
3446 1122 3507 1174 Εἰ
3539 1121 3597 1174 δὲ
3617 1122 3820 1192 καιρῷ

2221 1235 2325 1271 τινι
2345 1215 2433 1270 διὰ
2457 1216 2632 1288 γῆρας
2657 1214 2869 1268 ἐκλίποι
2894 1216 2927 1284 ὴ
2980 1212 3134 1283 ἰσχύς
3155 1229 3278 1283 μου,
3313 1211 3446 1282 μηδέ
3477 1211 3595 1265 τότε
3632 1229 3702 1282 με
3729 1214 3814 1266 σὺ

2219 1308 2621 1378 ἐγκαταλίποις.
2666 1307 2852 1360 Ταῦτα
2885 1305 2984 1377 μὲν
3012 1301 3104 1358 οὖν
3138 1304 3366 1376 ἁρμόζοι
3400 1305 3468 1358 ἂν
3493 1304 3674 1372 λέγειν
3703 1306 3816 1359 καὶ

2220 1401 2298 1472 τῷ
2318 1399 2478 1454 Δαυῒδ
2506 1401 2598 1454 καὶ
2641 1403 2803 1453 παντὶ
2844 1395 3115 1469 ἀνθρώπῳ
3156 1395 3393 1465 θεοφιλεῖ
3421 1397 3478 1448 ἐν
3507 1398 3626 1458 ταῖς
3658 1395 3810 1467 πρὸς

2217 1493 2307 1546 τὸν
2340 1492 2470 1546 Θεὸν
2512 1491 2834 1562 ἱκετηρίαις.
2883 1489 3004 1542 Ἐπὶ
3027 1488 3084 1541 δέ
3112 1486 3210 1540 τοῦ
3225 1488 3474 1558 Σωτῆρος
3503 1488 3813 1558 ἐπίστησον

2217 1585 2364 1648 ὅπως
2387 1586 2600 1657 εἴρηται
2643 1583 2722 1654 τῷ
2767 1581 3071 1652 Ἀποστόλῳ
3097 1581 3178 1644 τὸ,
3212 1600 3232 1631 ο
3273 1578 3618 1651 Ἐσταυρώθη
3653 1579 3712 1632 δὲ
3733 1579 3812 1643 ἐξ

2217 1677 2522 1740 ἀσθενείας,
2553 1675 2688 1730 ἀλλά
2716 1673 2780 1745 ζῇ
2813 1675 2878 1727 ἐκ
2905 1674 3188 1744 δυνάμεως
3213 1671 3370 1727 Θεοῦ.
3408 1692 3426 1724 ι
3463 1674 3525 1725 ΕΞ
3557 1673 3670 1743 γὰρ
3699 1674 3808 1725 καὶ

2217 1768 2276 1835 ἐξ
2324 1767 2607 1831 ἀσθενείας
2661 1765 3000 1838 ἐσταυρώθη,
3045 1765 3158 1819 ἀλλ’
3186 1763 3302 1818 οὔτι
3335 1781 3398 1833 γε
3433 1765 3672 1835 νικηθεὶς
3702 1765 3808 1832 ὑφ’

544 1864 631 1917 his
650 1862 869 1918 verbis:
913 1881 932 1913 ι
973 1861 1141 1918 Nemo
1170 1862 1312 1916 tollit
1340 1861 1576 1914 animam
1601 1874 1776 1913 meam
1810 1873 1840 1911 a
1870 1874 1990 1913 me:
2017 1857 2110 1913 sed

2217 1859 2438 1930 ἐτέρων,
2468 1858 2631 1922 αὐτὸς
2653 1857 2710 1911 δέ
2748 1857 2940 1911 ἑαυτὸν
2961 1855 3160 1925 ἀσθενῆ
3191 1857 3442 1926 ποιήσας,
3479 1857 3573 1909 καὶ
3601 1855 3808 1908 ἑαυτὸν

543 1968 642 2023 ego
667 1967 811 2023 pono
843 1967 964 2008 eam
999 1967 1029 2005 a
1061 1951 1288 2022 meipso.
1315 1950 1648 2006 Potestatem
1677 1950 1852 2005 habeo
1877 1951 2112 2020 ponendi

541 2060 682 2110 eam,
701 2051 754 2100 et
777 2051 1100 2115 potestatem
1122 2044 1296 2098 habeo
1318 2042 1619 2113 recipiendi
1640 2057 1760 2097 eam
1776 2043 1842 2098 ⁸⁹.
1873 2061 1892 2094 ι
1914 2042 2116 2108 Quem-

541 2135 836 2190 admodum
891 2135 1058 2205 igitur
1114 2134 1422 2189 humiliavit
1471 2133 1846 2204 semetipsum.
1882 2133 2114 2188 formam

541 2227 686 2280 servi
717 2225 1032 2294 accipiens;
1069 2226 1150 2280 sic
1184 2239 1306 2280 sese
1344 2223 1623 2278 inﬁrmum
1679 2223 1880 2288 eﬁ‘ecit,
1944 2231 2004 2278 ut
2047 2223 2115 2277 ab

541 2316 856 2372 hominibus
885 2317 1005 2387 capi
1030 2323 1237 2386 posset,
1276 2324 1444 2387 utque
1464 2333 1684 2372 crucem
1715 2317 1944 2382 subiret,
1983 2335 2002 2368 ι
2033 2317 2114 2370 fa-

539 2417 662 2465 ctus
688 2408 949 2464 obediens
979 2427 998 2459 ι
1027 2407 1178 2461 Patri
1216 2429 1233 2459 ι
1271 2425 1448 2480 usque
1481 2410 1548 2464 ad
1595 2419 1846 2474 mortem,
1883 2418 2114 2465 mortem

540 2509 723 2555 autem
753 2499 938 2554 crucis
959 2501 1028 2554 ’°.
1072 2518 1090 2551 ι
1128 2498 1310 2577 Quare
1339 2500 1435 2566 ait;
1485 2520 1504 2552 ι
1545 2501 1682 2556 Cum
1716 2501 1977 2556 defecerit
2002 2503 2115 2556 vir-

539 2603 631 2648 tus
663 2607 804 2657 mea,
837 2607 906 2647 ne
926 2591 1280 2662 derelinquas
1314 2608 1419 2648 me.
1455 2614 1473 2645 ›
1509 2591 1718 2649 Deinde
1747 2609 1870 2648 cum
1901 2594 2116 2664 passio-

538 2700 662 2738 nem
695 2689 1076 2749 memorasset,
1109 2682 1384 2750 passionis
1434 2690 1722 2738 auctorum
1780 2683 2112 2744 mentionem

537 2775 670 2829 facit
698 2773 890 2829 dicens
921 2792 934 2828 :
973 2791 992 2824 ι
1037 2774 1175 2840 Quia
1211 2773 1466 2828 dixerunt
1498 2774 1708 2829 inimici
1739 2775 1843 2830 mei
1875 2775 2030 2838 mihi,
2060 2784 2114 2830 et

536 2867 630 2937 qui
654 2865 1038 2921 custodiebant
1069 2865 1307 2919 animam
1355 2881 1564 2932 meam;
1612 2886 1632 2919 ι
1662 2867 1777 2922 sive
1811 2867 2111 2922 secundum

539 2957 948 3031 Symmachum,
990 2974 1009 3008 ι
1047 2956 1113 3010 Et
1140 2957 1234 3026 qui
1263 2957 1632 3012 observabant
1653 2958 1890 3012 animam
1915 2975 2111 3027 meam,

538 3051 838 3106 consilium
865 3049 1106 3104 inierunt
1139 3049 1303 3104 simul
1335 3049 1582 3104 dicentes
1603 3089 1618 3115 ,
1652 3048 1795 3105 Deus
1825 3050 2115 3121 dereliquit

533 3158 690 3209 eum;
734 3140 1126 3212 persequimini
1171 3147 1224 3194 et
1277 3140 1722 3211 comprehendite
1780 3155 1944 3207 eum,
1983 3144 2112 3210 quia

2217 1953 2489 2024 παραδοὺς
2507 1951 2816 2021 ὑποχείριον
2857 1948 3162 2020 ἀνθρώποις
3184 1965 3197 1978 ·
3234 1949 3263 2001 ὃ
3293 1948 3358 2019 δὴ
3403 1947 3643 2001 διδάσκει
3691 1947 3810 2016 φά-

2216 2061 2391 2098 σκωνο
2420 2062 2437 2094 ι
2469 2042 2656 2105 Οὐδεὶς
2703 2041 2844 2111 αἴρει
2887 2040 2984 2111 τὴν
3011 2039 3188 2110 ψυχήν
3217 2055 3316 2110 μου
3344 2038 3437 2092 ἀπ’
3467 2037 3602 2109 ἐμοῦ
3621 2055 3634 2068 ’
3677 2039 3804 2092 ἀλλ’

2215 2134 2324 2205 ἐγὼ
2343 2133 2532 2205 τίθημι
2563 2132 2734 2204 αὐτὴν
2765 2133 2861 2185 ἀπ’
2883 2130 3140 2203 ἐμαυτοῦ.
3186 2131 3460 2197 Ἐξουσίαν
3483 2131 3592 2200 ἔχω
3621 2130 3802 2184 θεῖναι

2214 2227 2404 2300 αὐτὴν,
2437 2226 2530 2280 καὶ
2559 2225 2804 2290 ἐξουσίαν
2830 2223 2938 2296 ἔχω
2971 2223 3152 2277 λαϐεῖν
3186 2225 3376 2295 αὑτήν.
3415 2243 3434 2276 ι
3466 2224 3676 2296 ’Ὠσπερ
3698 2219 3807 2277 οὖν

2213 2320 2478 2373 ἐκένωσεν
2509 2318 2672 2381 αὐτὸς
2703 2317 2892 2371 ἐαυτὸν
2923 2316 3137 2388 μορφὴν
3170 2315 3358 2369 δούλου
3389 2316 3590 2380 λαϐὼν,
3617 2316 3806 2379 οὓτως

2211 2410 2412 2480 ἀσθενῆ
2439 2410 2627 2464 ἐαυτὸν
2675 2409 2987 2480 εἰργάσατο,
3033 2409 3180 2472 ὅπως
3211 2408 3414 2472 ἀλωτὸς
3451 2409 3673 2478 γένηται
3707 2408 3806 2461 ἀν-

2214 2501 2470 2574 θρώποις,
2494 2504 2587 2556 καὶ
2622 2504 2708 2555 ἵνα
2742 2501 2974 2572 σταυρὸν
2997 2501 3244 2572 ὑπομένῃ
3285 2521 3304 2551 ι
3345 2501 3586 2572 ὑπήκοος
3614 2499 3801 2568 γιγνό-

2217 2613 2376 2666 μενος
2421 2614 2440 2647 ι
2477 2593 2556 2666 τῷ
2609 2594 2784 2666 Πατρὶ
2817 2613 2834 2644 ι
2883 2593 3043 2665 μέχρι
3097 2592 3347 2655 θανάτου,
3407 2592 3503 2645 καὶ
3558 2592 3802 2645 θανάτου

2215 2686 2468 2759 σταυροῦ.
2504 2706 2523 2739 ›
2558 2685 2648 2739 Διό
2695 2701 2857 2755 φησιν
2877 2701 2892 2715 ο
2933 2705 2952 2736 ι
3001 2685 3090 2739 Ἐν
3119 2683 3196 2755 τῷ
3219 2684 3490 2737 ἐκλείπειν
3510 2684 3608 2753 τὴν
3636 2682 3804 2755 ἰσχύν

2217 2797 2318 2851 μου
2351 2780 2424 2850 μὴ
2466 2776 2836 2848 ἐγκαταλίπῃς
2884 2794 2972 2849 με.
3010 2797 3028 2828 ι
3067 2773 3199 2830 Εἶτα
3228 2777 3412 2847 ἐπειδὴ
3450 2775 3543 2829 τοῦ
3585 2775 3798 2838 πάθους

2213 2871 2407 2925 ἐαυτοῦ
2431 2869 2804 2941 ἐμνημόνευσε
2839 2871 2934 2924 καὶ
2961 2869 3070 2922 τῶν
3095 2869 3156 2922 τὸ
3188 2868 3359 2932 πάθος
3401 2869 3802 2940 ἐργασαμένων

2213 2963 2520 3026 ἀκολούθως
2572 2966 2801 3016 ποιεῖται
2851 2963 3073 3044 μνήμην
3119 2961 3323 3030 λέγων’
3357 2982 3374 3012 ι
3411 2962 3529 3014 ’Ὁτι
3559 2958 3716 3014 εἶπαν
3736 2963 3796 3014 οἱ

2213 3055 2398 3128 ἐχθροί
2416 3074 2516 3127 μου
2546 3056 2690 3126 ἐμοὶ,
2715 3055 2810 3108 καὶ
2831 3057 2879 3107 οἱ
2898 3053 3261 3124 φυλάσσοντες
3286 3055 3386 3124 τὴν
3410 3052 3587 3126 ψυχήν
3613 3070 3715 3125 μου
3733 3071 3748 3083 ο
3764 3072 3790 3104 ι

2212 3149 2246 3219 ἢ
2277 3147 2418 3202 κατά
2471 3148 2563 3201 τὸν
2598 3146 2910 3218 Σύμμαχον,
2958 3165 2976 3196 ι
3026 3147 3134 3200 Καὶ
3167 3146 3215 3198 οἱ
3259 3145 3648 3216 ἐπιτηροῦντες
3687 3145 3800 3216 τὴν

532 3249 644 3291 non
670 3242 755 3288 est
785 3234 880 3304 qui
910 3232 1128 3302 eripiat.
1164 3251 1181 3282 ι
1220 3230 1344 3286 Haec
1388 3232 1590 3303 quippe
1619 3231 1877 3287 dicebant
1901 3234 2109 3303 princi-

2213 3239 2385 3311 ψυχήν
2411 3256 2512 3310 μου
2567 3237 2955 3291 ἐϐουλεύσαντο
2989 3238 3082 3290 ἐπὶ
3122 3237 3180 3291 τὸ
3223 3237 3354 3291 αύτὸ
3401 3237 3683 3310 λέγοντεςο
3727 3237 3795 3290 ὐ

533 3341 634 3397 pes
666 3324 1011 3379 sacerdotum
1042 3331 1100 3400 et
1125 3324 1218 3392 qui
1258 3338 1381 3377 cum
1417 3323 1485 3378 iis
1531 3330 1710 3388 erant,
1748 3324 1804 3377 in
1858 3331 2105 3394 tempore

2213 3329 2343 3393 Θεὸς
2380 3329 2734 3397 ἐγκατέλιπεν
2767 3321 2960 3382 αὐτόν’
3005 3327 3370 3394 καταδιώξατε
3416 3329 3509 3382 καὶ
3555 3327 3798 3382 καταλά-

531 3416 813 3490 passionis
847 3423 1130 3471 moventes
1156 3415 1338 3486 capita
1373 3430 1473 3470 sua
1526 3423 1582 3470 et
1635 3415 1716 3470 sic
1765 3416 2054 3486 loquentes
2088 3435 2104 3472 :

537 3527 558 3561 ι
593 3507 697 3575 Qui
726 3507 960 3564 destruit
989 3507 1251 3576 templum
1287 3517 1341 3562 et
1373 3508 1429 3562 in
1460 3507 1640 3562 tribus
1671 3505 1866 3563 diebus
1899 3508 2109 3563 excitat

533 3600 688 3665 illud,
715 3599 854 3656 alios
879 3599 1061 3654 salvos
1085 3597 1235 3664 fecit,
1272 3599 1512 3669 seipsum
1549 3593 1661 3654 non
1691 3608 1869 3670 potest
1895 3602 2105 3656 salvum

534 3694 735 3748 facere.
773 3690 832 3747 Si
857 3707 953 3746 rex
985 3689 1153 3746 lsrael
1186 3699 1293 3756 cst,
1321 3690 1620 3747 descendat
1647 3706 1796 3748 nunc
1815 3693 1883 3749 de
1912 3707 2100 3760 cruce,

449 3817 456 3824 -
531 3793 587 3840 et
612 3785 899 3840 credemus
927 3783 978 3838 ei
1004 3784 1071 3836 ⁹¹.
1121 3802 1138 3835 ι

2211 3419 2332 3474 ϐετε
2358 3421 2538 3486 αὑτὸν,
2563 3421 2646 3474 ὅτι
2693 3421 2796 3475 οὐκ
2838 3419 2983 3473 ἔστιν
3022 3421 3050 3472 ὁ
3085 3420 3363 3490 ῥυόμενος.
3406 3439 3425 3470 ι
3466 3419 3650 3473 Ταῦτα
3680 3420 3793 3493 γὰρ

2212 3512 2399 3582 ἔλεγον
2441 3515 2490 3566 οἱ
2532 3515 2807 3584 ἀρχιερεῖς
2839 3512 2934 3566 καὶ
2958 3513 3006 3564 οἱ
3043 3513 3138 3565 σὺν
3171 3512 3350 3575 αὐτοῖς
3381 3510 3522 3565 κατά
3549 3513 3642 3564 τὸν
3670 3519 3796 3565 καιὲ

2215 3605 2305 3674 ρὸν
2333 3603 2430 3658 τοῦ
2485 3604 2711 3670 πάθους,
2761 3603 3038 3666 κινοῦντες
3067 3602 3246 3658 αὐτῶν
3285 3603 3386 3666 τάς
3423 3605 3660 3674 κεφαλὰς
3694 3605 3794 3658 καὶ

2209 3695 2488 3764 λέγοντεςο
2534 3716 2553 3748 ι
2599 3697 2660 3748 '0
2712 3695 2997 3750 καταλύων
3053 3696 3144 3749 τὸν
3192 3695 3317 3750 ναὸν
3375 3696 3470 3748 καὶ
3497 3697 3554 3748 ἐν
3609 3697 3794 3768 τρισὶν

2209 3787 2447 3858 ἡμέραις
2505 3786 2734 3858 ἐγείρων
2791 3785 2976 3848 αὐτὸν,
3020 3785 3212 3849 ἄλλους
3247 3785 3470 3849 ἔσωσεν,
3505 3786 3693 3839 ἐαυτὸν
3725 3787 3792 3838 οὐ

529 3873 748 3932 δύναται
777 3876 968 3930 σῶσαι.
1011 3875 1072 3928 El
1139 3874 1387 3945 βασιλεύς
1419 3876 1535 3928 ἐστι
1584 3876 1677 3928 τοῦ
1724 3875 1938 3950 Ἰσραὴλ
1959 3917 1972 3943 ,
2015 3877 2306 3933 καταϐάτω
2340 3879 2435 3934 νῦν
2464 3877 2572 3932 ἀπὸ
2593 3877 2686 3931 τοῦ
2720 3877 2952 3949 σταυροῦ
2977 3918 2992 3943 ,
3041 3878 3138 3932 καὶ
3167 3877 3530 3950 πιστεύσομεν
3554 3878 3723 3950 αὐτῷ.
3764 3899 3786 3929 ι

602 3991 770 4046 Vens.
808 3989 993 4045 12-16.
1033 4008 1052 4041 ι
1116 3987 1281 4053 Deus,
1314 4005 1383 4045 ne
1418 3991 1693 4060 elongeris
1735 4005 1766 4044 a
1812 4007 1921 4056 me,
1959 3991 2103 4048 Deus

529 4083 587 4139 in
617 4082 884 4138 auxilium
944 4097 1125 4137 meum
1176 4081 1411 4150 reSpice.
1452 4100 1470 4132 ι
1510 4080 1723 4136 Inimici
1775 4082 1884 4136 mei
1934 4097 2103 4154 supra

529 4175 822 4234 memorati
865 4173 1145 4238 dicebant,
1180 4193 1197 4224 ι
1234 4172 1378 4229 Deus
1405 4173 1696 4243 dereliquit
1728 4189 1852 4228 eum
1890 4193 1904 4228 :
1946 4194 1966 4226 ι
2001 4190 2102 4244 ego

529 4276 714 4322 autem
741 4280 877 4337 rogo
907 4267 1285 4336 deprecorque
1315 4273 1368 4320 te
1415 4263 1586 4318 Deum
1622 4281 1825 4328 meum,
1856 4272 1915 4320 ut
1950 4265 2102 4321 adsis

527 4373 744 4428 semper
795 4357 948 4421 mihi,
987 4372 1166 4426 neque
1195 4357 1386 4426 procul
1419 4371 1449 4409 a
1502 4371 1588 4410 me
1618 4355 1866 4420 recedas,
1901 4358 1996 4411 sed
2033 4359 2102 4413 ad

527 4450 790 4504 auxilium
824 4463 1006 4504 meum
1035 4448 1323 4518 respicias.
1346 4446 1423 4502 Te
1449 4448 1649 4518 quippe
1675 4447 1980 4518 adjutorem
2005 4465 2103 4503 na-

2285 4012 2304 4044 ι
2352 3994 2412 4046 '0
2433 3993 2584 4056 Θεὸς,
2614 3991 2687 4065 μὴ
2715 3991 2996 4064 μακρύνῃς
3023 3993 3116 4045 ἀπ’
3139 3991 3273 4063 ἐμοῦ
3293 4008 3307 4022 ·
3336 3994 3364 4044 ὁ
3392 3991 3544 4056 Θεὸς,
3580 3994 3658 4056 εἰς
3687 3992 3791 4065 τὴν

2211 4085 2457 4157 βοήθειάν
2495 4102 2597 4156 μου
2624 4087 2878 4157 πρόσχες.
2906 4106 2924 4137 ι
2953 4087 3016 4138 Οἱ
3058 4083 3156 4156 μέν
3195 4083 3581 4155 προλεχθέντες
3603 4083 3790 4156 ἐχθροί

2212 4196 2314 4249 μου
2361 4178 2573 4247 ἔλεγον⁹
2622 4198 2640 4230 ι
2685 4180 2744 4233 '0
2792 4178 2924 4242 Θεὸς
2975 4163 3329 4248 ἐγκατέλιπεν
3377 4178 3572 4231 αὐτόν’
3615 4197 3634 4229 ι
3675 4177 3790 4245 ἐγὼ

2208 4270 2265 4322 δέ
2293 4267 2554 4322 ἀντιϐολῶ
2582 4269 2677 4323 ml.
2721 4269 2912 4341 δέομαί
2941 4287 3001 4324 σε
3041 4270 3132 4323 τὸν
3164 4269 3401 4340 ἐμαυτοῦ
3435 4269 3574 4322 Θεὸν·
3599 4271 3788 4340 παρεῖ-

2209 4361 2298 4415 ναί
2360 4380 2450 4434 μοι
2505 4362 2818 4428 διαπαντὸς,
2884 4365 3018 4436 μηδέ
3077 4363 3293 4435 μακράν
3346 4381 3447 4434 μου
3506 4362 3785 4424 ἵστασθαι,

2211 4454 2498 4526 προσέχειν
2529 4454 2585 4509 δέ
2635 4457 2716 4520 εἰς
2747 4456 2846 4527 τὴν
2888 4455 3141 4528 βοήθειάν
3187 4473 3306 4526 μου.
3350 4457 3418 4508 Σέ
3451 4455 3561 4527 γὰρ
3597 4455 3788 4527 βοηθὸν

525 4548 672 4605 ctus,
699 4541 869 4611 probe
909 4540 1026 4596 scio
1067 4555 1154 4594 me
1185 4554 1377 4594 omnes
1409 4539 1664 4593 inimicos
1709 4555 1861 4595 meos
1891 4541 2099 4608 pudore

2213 4546 2499 4617 κτώμενος,
2529 4543 2625 4601 οἷδ’
2661 4549 2742 4602 ὅτι
2784 4548 2986 4619 ὂψομαι
3024 4547 3547 4619 καταισχυνομένους
3580 4548 3785 4612 πάντας

525 4633 767 4690 ευίΐιιεοε
810 4633 1056 4687 visurum
1109 4646 1252 4685 esse.
1289 4629 1425 4684 Illud
1457 4638 1661 4697 autem,
1697 4649 1714 4681 ι
1761 4631 2106 4686 confundan-

523 4735 637 4791 tur,
677 4745 696 4778 ι
721 4740 821 4796 pro
849 4733 1116 4779 consueto
1138 4724 1194 4778 in
1217 4723 1403 4778 divina
1434 4720 1720 4792 Scriptura
1745 4737 1920 4788 more,
1955 4739 2103 4778 nunc

523 4836 744 4890 quoque
798 4835 896 4889 pro
945 4836 964 4868 ι
1025 4815 1435 4871 confundentur
1487 4835 1506 4867 ι
1543 4814 1754 4870 dictum
1803 4823 1923 4882 est;
1971 4816 2103 4870 illud

525 4912 680 4975 item,
719 4929 738 4962 ι
795 4918 849 4965 et
880 4909 1159 4972 deﬁciant,
1205 4927 1224 4960 ι
1259 4923 1358 4979 pro
1405 4925 1423 4959 ι
1463 4906 1719 4962 deﬁcient
1748 4905 2102 4964 detrahentes

523 5005 719 5058 animm
749 5018 900 5066 meae,
944 5021 963 5054 ι
1013 5001 1247 5071 positum
1278 5009 1404 5066 est;
1459 4999 1575 5054 sive
1606 4998 1905 5053 secundum
1929 4995 2102 5071 Sym-

523 5095 803 5158 machum,
846 5112 865 5144 ‹
904 5093 1207 5148 adversarii
1238 5094 1434 5147 animae
1453 5107 1605 5146 meaa.
1643 5110 1662 5143 ι
1695 5091 1981 5158 Quomodo
2001 5108 2101 5147 au-

525 5196 637 5243 tem
669 5189 881 5259 pudore
915 5187 1110 5244 suﬁ‘usi
1151 5185 1455 5242 defecerint
1481 5187 1576 5256 qui
1609 5202 1796 5241 necem
1827 5186 1950 5255 ejus
1981 5201 2100 5241 mo-

524 5281 607 5336 liti
639 5289 789 5346 sunt,
825 5297 934 5335 non
969 5281 1134 5351 longo
1169 5279 1330 5333 nobis
1353 5294 1607 5334 sermone
1634 5277 1942 5349 disquirere
1961 5292 2101 5348 opus

471 5401 482 5406 -’
523 5382 609 5430 est
638 5393 652 5429 :
685 5390 809 5429 nam
841 5389 908 5428 ex
933 5389 999 5428 eo
1029 5380 1273 5442 tempore
1303 5371 1558 5443 princeps
1581 5372 1928 5426 sacerdotum
1956 5369 2100 5440 apud

524 5484 621 5523 cos
655 5468 876 5538 penitus
923 5465 1141 5530 defecit,
1190 5464 1591 5520 Pharisaeorum
1630 5450 1865 5520 verone
1899 5481 2098 5522 nomen

524 5559 742 5629 quidem
778 5568 1050 5629 superest,
1099 5572 1276 5626 neque
1324 5555 1589 5610 memoria
1625 5557 1734 5610 ulla
1769 5555 2097 5627 dignitatum

2209 4656 2310 4709 μου
2338 4639 2465 4702 τοὺς
2511 4639 2760 4711 ἐχθρούς.
2807 4640 2882 4693 Τὸ
2921 4640 3000 4704 δέ,
3041 4659 3060 4692 ι
3097 4639 3564 4711 αἰσχυνθήτωσαν.
3609 4660 3628 4692 ι
3664 4658 3790 4694 συν-

2205 4730 2350 4803 ήθως
2372 4735 2440 4804 τῇ
2464 4731 2583 4804 θεία
2602 4733 2790 4804 Γραφῇ
2829 4732 2924 4785 καὶ
2958 4731 3054 4785 νῦν
3085 4732 3206 4785 ἀντὶ
3236 4730 3354 4794 τοῦ,
3374 4731 3786 4801 ιαίσχυνθήσον-

2203 4839 2294 4877 ται
2328 4843 2347 4876 ι
2380 4827 2627 4896 εἴρηται·
2677 4827 2771 4879 καὶ
2801 4824 2882 4887 τὸ,
2927 4842 2946 4875 ι
2996 4822 3417 4885 ἐκλειπέτωσαν,
3453 4843 3473 4876 ι
3507 4824 3627 4877 ἀντὶ
3665 4824 3780 4887 τοῦ,

2214 4933 2233 4967 ι
2271 4915 2608 4985 ἐκλείψουσιν
2633 4916 2683 4969 οἶ
2719 4914 3152 4979 ἐνδιαϐάλλοντες
3177 4916 3279 4988 τὴν
3305 4916 3486 4986 ψυχήν
3519 4932 3621 4986 μου
3643 4931 3660 4945 ·
3693 4935 3712 4966 ι
3743 4914 3778 4986 ἢ

2207 5005 2349 5059 κατά
2367 5006 2458 5059 τὸν
2485 5007 2800 5077 Σύμμαχον,
2831 5024 2849 5055 ι
2873 5007 2921 5059 οἱ
2943 5006 3306 5078 ἀντικείμενοι
3344 5009 3408 5077 τῇ
3443 5006 3586 5077 ψυχῇ
3623 5023 3775 5076 μου.»

2209 5096 2394 5160 Ὅπως
2414 5096 2470 5150 δὲ
2496 5096 2872 5150 ἐκλελοίπασιν
2905 5097 3168 5170 αἰσχύνην
3193 5099 3590 5169 καταχεάμενοι
3623 5099 3672 5150 οἱ
3691 5098 3781 5150 τὸν

2207 5185 2433 5241 θάνατον
2477 5187 2624 5258 αὐτῷ
2661 5188 3046 5259 τυρεύσαντες,
3083 5191 3145 5242 ού
3185 5189 3408 5261 μακρῶν
3429 5193 3558 5261 ἡμῖν
3589 5190 3671 5242 δεῖ
3690 5189 3778 5242 λό-

2203 5293 2316 5347 γων
2336 5295 2350 5308 °
2386 5280 2545 5331 ὁπότε
2573 5279 2630 5345 ἐξ
2655 5280 2862 5332 ἐκείνου
2892 5280 3168 5334 ἐκλέλοιπε
3197 5283 3304 5345 πᾶς
3335 5281 3626 5352 ἀρχιερεὺς
3651 5283 3778 5352 παρ’

2205 5370 2407 5434 αὐτοῖς,
2432 5372 2741 5442 Φαρισαίων
2783 5373 2839 5426 δὲ
2882 5375 3003 5427 οὐδὲ
3046 5374 3216 5444 ὸνομα
3245 5373 3324 5426 ἔτι
3364 5372 3629 5435 Isim-tat,
3663 5372 3776 5426 οὐδὲ

2209 5466 2396 5536 μνήμη
2441 5463 2550 5517 τῶν
2595 5467 2726 5536 παρ’
2757 5467 2939 5530 αὐτοῖς
2958 5465 3300 5537 ἀξιωμάτων.
3356 5465 3630 5531 Ἐξέλιπον
3673 5465 3777 5535 γὰρ

2204 5559 2465 5629 ἄρχοντες
2492 5557 2552 5622 ἐξ
2591 5557 2761 5612 ’ἰούδα
2800 5562 2893 5614 καὶ
2922 5561 3213 5633 ἡγούμενοι
3245 5563 3308 5614 ἐκ
3333 5559 3439 5614 τῶν
3470 5559 3660 5633 μηρῶν
3683 5556 3778 5615 αύ-

603 5757 647 5811 ll
685 5757 810 5814 Cor.
845 5770 968 5821 sui,
993 5755 1085 5824 ὧν
1125 5754 1164 5786 ⁸9
1211 5751 1363 5813 Ioan.
1410 5770 1462 5823 χ,
1502 5753 1581 5809 τε.
1659 5753 2026 5832 “Philippi,
2061 5754 2116 5812 8.
2175 5756 2230 5829 _"
2261 5753 2452 5811 Matth.
2487 5746 2755 5819 “vnn-40
