4086 6442
245 443 342 499 ’181

1379 442 1884 500 COMMENTABIA
1924 443 1989 498 IN
2031 441 2368 498 PSALMOS.
3401 433 3500 504 73.2

239 560 360 624 τοῦ,
398 559 498 631 τῆς
530 560 852 632 προσδοκίας
878 559 986 614 τῶν
1019 561 1186 614 ἐθνῶν
1222 563 1523 634 ἐπιστάσης
1553 562 1696 616 κατὰ
1721 563 1822 633 τὴν

1925 577 2137 616 eorum.
2171 561 2493 617 Defecernnt
2524 561 2726 632 quippe
2755 563 3028 634 principes
3061 579 3127 619 ex
3158 563 3299 620 Juda
3329 569 3502 622 etdn-

243 649 404 704 τοῦτο
459 649 820 713 θεσπίζουσαν
855 651 1212 722 προφητείαν.
1237 652 1348 705 Καὶ
1391 650 1514 704 οὔτε
1561 650 1820 721 βασιλεῖς,

242 741 368 796 οὔτε
393 741 680 812 ἡγεμόνες,
705 740 829 794 οὔτε
851 742 992 805 τινὲς
1012 743 1143 814 παρ’
1162 744 1347 807 αὐτοῖς
1377 743 1632 797 δυνάσται
1663 745 1822 808 εἰσὶν,

243 835 364 891 οὐδὲ
395 851 447 887 τι
467 833 653 904 τάγμα
689 833 796 886 τῶν
825 834 992 889 πάλαι
1022 837 1150 906 παρ’
1179 835 1364 898 αὐτοῖς
1397 835 1566 888 ὄντων
1608 835 1825 907 περιλέ-

244 933 486 985 λειπται·
544 931 1030 1002 καταισχυνθέντες
1073 933 1130 985 δὲ
1183 933 1386 995 πάντες
1447 931 1822 986 ἐκλελοίπασιν

246 1028 294 1079 oi
323 1023 698 1088 διαῦάλλοντες
745 1025 907 1078 αὑτοῦ
945 1025 1044 1096 τὴν
1090 1024 1290 1095 ψυχήν.
1329 1025 1416 1077 Ἐν
1445 1025 1606 1094 ὁποίᾳ
1644 1025 1700 1077 δὲ
1736 1028 1822 1078 αἰ-

248 1117 420 1192 σχύνῃ
469 1117 824 1188 τυγχάνουσιν
873 1118 1038 1170 εἰσέτι
1082 1119 1176 1171 καὶ
1209 1117 1304 1171 νῦν
1330 1118 1380 1170 οἰ
1409 1117 1517 1170 τῶν
1552 1117 1832 1170 Ἰουδαίων

247 1209 574 1283 προεστάναι
631 1208 1008 1280 νομιζόμενοι,
1053 1207 1288 1281 ὁρῶντες
1327 1209 1552 1272 ἑαυτοὺς
1593 1211 1689 1280 μὲν
1733 1209 1821 1263 διὰ

247 1303 431 1373 πάσης
465 1300 689 1370 Γραφῆς
725 1300 818 1353 ἐπὶ
847 1298 1312 1370 εἰδωλολατρείαις
1344 1299 1818 1370 διαῧεῦλημὲνους,

245 1396 423 1449 πάντα
449 1394 505 1447 δέ
540 1393 608 1446 τὰ
647 1392 768 1446 καθ’
795 1392 927 1464 ὅλης
955 1393 1054 1464 τῆς
1087 1393 1416 1464 οἰκουμένης
1443 1392 1570 1464 ἔθνη
1604 1393 1692 1446 διά
1718 1392 1822 1462 τῆς

245 1486 338 1540 τοῦ
370 1482 605 1557 Χριστοῦ
651 1484 996 1548 διδασκαλίας
1027 1484 1126 1555 τῆς
1168 1485 1647 1556 πατροπαραδότου
1688 1483 1823 1538 πλά-

245 1595 344 1650 νης
372 1576 812 1650 μεταδεδληκὸτα
829 1594 842 1607 ·
873 1579 930 1630 ἐν
948 1571 1030 1641 οἷς
1043 1577 1147 1648 ’ήδη
1174 1577 1552 1648 τυγχάνουσιν,
1586 1578 1818 1649 ἐντροπῇ

247 1671 480 1744 ὁρῶντες
509 1671 732 1734 ἐαυτοὺς
769 1671 865 1741 μὲν
895 1669 997 1740 τῆς
1019 1669 1300 1741 βασιλικῆς
1329 1669 1510 1724 αὐτῶν
1546 1669 1819 1742 μητροπό-

247 1765 386 1828 λεως
409 1765 505 1817 καὶ
531 1763 889 1835 άποθλήτους,
910 1762 1172 1834 Ἕλληνας
1199 1763 1256 1816 δὲ
1286 1761 1485 1834 ἄνδρας
1501 1761 1820 1829 άλλογενεῖς

247 1857 343 1912 καὶ
392 1855 720 1926 ἀλλοφύλους
762 1856 854 1909 τὸν
899 1856 1061 1909 τόπον
1113 1855 1291 1910 αὐτῶν
1342 1855 1642 1918 οἰκοῦντας,
1675 1854 1821 1908 κατὰ

1927 669 2019 707 ces
2049 669 2116 707 ex
2139 651 2447 707 femoribus
2488 653 2630 722 ejus,
2659 669 2783 708 cum
2817 655 3128 711 advenisset
3160 662 3500 728 exspectatio

1927 744 2168 812 gentium
2200 743 2589 806 ",secundum
2632 745 2975 816 prophetiam
3025 747 3141 802 haec
3193 749 3500 803 vaticinan-
3593 739 3606 760 ¹

1925 844 2054 890 tem.
2085 835 2163 890 Ac
2193 851 2370 906 neque
2417 851 2596 907 reges,
2631 853 2809 908 neque
2845 839 3036 905 duces,
3073 856 3252 910 neque
3284 842 3377 896 ulli
3411 857 3502 914 pe-

1925 945 2022 984 nes
2041 945 2136 985 eos
2163 937 2448 1002 magnates
2483 939 2632 995 sunt,
2665 945 2777 986 non
2809 932 2946 987 ordo
2983 933 3256 1004 quispiam
3287 936 3501 1006 prisco-

1926 1039 2045 1076 rum
2073 1023 2490 1092 magistratuum
2522 1025 2631 1080 illis
2669 1034 2950 1096 superstcs
3002 1036 3122 1094 cst;
3177 1029 3274 1084 sed
3305 1045 3499 1086 omnes

1923 1113 2017 1183 qui
2039 1113 2404 1167 detrahebant
2437 1113 2634 1168 animai
2686 1115 2828 1184 ejus,
2889 1117 3107 1173 confusi
3158 1117 3494 1176 defecerunt.

1925 1203 2139 1270 Quanta
2170 1219 2300 1259 vero
2319 1205 2372 1258 in
2403 1204 2734 1260 confusione
2755 1217 3048 1264 versantur
3079 1210 3370 1282 hodieque,
3402 1215 3496 1285 qui

1922 1294 2130 1351 Judieis
2179 1311 2416 1366 praeesse
2445 1303 2734 1366 putantur,
2790 1298 3041 1356 videntes
3092 1317 3151 1358 se
3200 1305 3401 1373 passim
3440 1306 3496 1360 in

1927 1385 2572 1456 Scripturisidololatriai
2593 1389 2814 1446 nomine
2844 1395 3117 1461 accusari,
3145 1409 3338 1452 omnes
3369 1413 3499 1452 vero
3562 1411 3566 1413 '

1924 1494 2020 1550 per
2044 1479 2230 1534 orbem
2260 1488 2448 1550 gentes
2482 1496 2582 1550 per
2609 1481 2816 1537 Christi
2853 1483 3159 1540 doctrinam
3198 1503 3226 1541 a
3269 1497 3497 1558 paterno

1921 1583 2108 1626 errore
2133 1569 2439 1627 descivisse
2475 1587 2576 1627 :ac
2614 1573 2668 1627 in
2696 1573 2898 1644 quibus
2941 1577 3078 1634 locis
3129 1579 3239 1650 jam
3266 1581 3495 1650 degunt,

1921 1677 2023 1717 nec
2051 1661 2172 1718 sine
2194 1662 2522 1719 confusione
2547 1674 2860 1736 cernentes,
2887 1683 2946 1724 se
2966 1669 3185 1740 quidem
3222 1673 3369 1743 regia
3398 1689 3497 1728 sua

1921 1755 2216 1826 metropoli
2237 1763 2497 1812 extrusos
2527 1773 2591 1814 ac
2615 1758 2879 1828 dejectos,
2913 1759 3134 1817 Graecos
3167 1771 3346 1818 autem
3373 1766 3501 1820 alic-

1923 1847 2151 1919 nigenas
2181 1857 2237 1904 et
2269 1856 2562 1907 extraneos
2589 1853 2766 1907 locum
2804 1870 2965 1910 suum
2995 1855 3332 1923 incolentes;
3368 1874 3499 1930 gen-

248 1948 432 2012 πάσας
467 1965 526 2001 τε
557 1947 825 2019 ἐπαρχίας
865 1947 958 2000 καὶ
1003 1945 1203 2018 χώρας,
1245 1946 1339 2000 καὶ
1375 1946 1559 2010 πόλεις
1600 1948 1726 2010 τοὺς
1759 1946 1818 2012 ἐξ

1925 1947 2111 2012 tesque
2133 1942 2188 1996 in
2218 1944 2474 2000 omnibus
2504 1945 2827 2016 provinciis,
2855 1948 3174 2019 regionibus
3198 1953 3498 2008 eturbibus

245 2039 416 2093 ἐθνῶν
439 2038 538 2103 τὰς
562 2037 690 2111 περὶ
721 2037 816 2091 τοῦ
847 2038 1096 2111 Σωτῆρος
1129 2035 1472 2110 πῳφητικάς
1499 2037 1684 2108 φωνὰς
1722 2054 1822 2108 κτε-

244 2132 577 2204 ρύττοντας;
611 2130 853 2202 Αἰσχύνη
890 2130 948 2183 δέ
985 2129 1199 2202 άληθῶς
1245 2130 1339 2183 καὶ
1374 2129 1608 2200 ἐντροπὴ
1636 2129 1822 2182 κατεί-

240 2227 414 2298 ληφεν
445 2225 624 2280 αὐτῶν
671 2224 771 2288 τὰς
802 2224 1002 2295 ψυχὰς,
1034 2224 1128 2277 τὸν
1158 2223 1284 2293 χθὲς
1303 2223 1371 2276 δι’
1403 2221 1582 2276 αὐτῶν
1604 2221 1823 2294 σταυρῷ

242 2317 619 2390 παραδοθέντα
649 2317 774 2371 καθ’
813 2317 942 2389 ὅλης
979 2319 1080 2390 τῆς
1129 2315 1454 2386 οἰκουμένης
1486 2317 1822 2386 προσκυνού-

244 2427 408 2481 μενον
445 2411 541 2464 καί
574 2408 992 2480 θεολογούμενον
1031 2409 1306 2481 ὁρῶνταςο
1342 2407 1380 2462 ἃ
1420 2407 1485 2479 δὴ
1519 2406 1824 2477 ἐπληροῦτο

244 2502 553 2566 ἀκολούθως
576 2505 641 2574 τῇ
671 2500 810 2572 μετὰ
835 2504 1027 2572 χεῖρας
1066 2502 1368 2573 προρρήσει
1397 2500 1688 2571 λεγούσῃοι
1718 2499 1823 2552 Πε-

248 2593 650 2666 ριθαλέσθωσαν
684 2591 942 2664 αἰσχύνην
975 2592 1072 2646 καὶ
1093 2593 1356 2665 ἐντροπὴν
1381 2594 1431 2646 οἰ
1448 2592 1738 2665 ζητοῦντες
1755 2593 1824 2646 τά

244 2686 393 2742 κακά
424 2704 563 2757 μοι..
586 2686 694 2738 Καὶ
721 2679 864 2739 οὗτοι
899 2685 996 2754 μὲν
1019 2683 1143 2738 τάδε
1173 2685 1467 2739 πείσονταν
1507 2703 1524 2736 ι
1546 2683 1688 2752 Ἐγὼ
1708 2684 1818 2746 δὲ,›

246 2778 343 2832 ὑπ’
374 2777 552 2832 αὐτῶν
567 2777 634 2831 τά
662 2777 896 2832 τοσαῦτα
915 2775 1216 2841 πεπονθὼς,
1247 2795 1265 2828 ι
1301 2776 1609 2840 διαπαντὸς,
1637 2777 1822 2847 φησὶν,

245 2871 439 2935 ἐλπιῶ,
460 2871 554 2924 καὶ
583 2869 876 2943 προσθήσω
901 2870 996 2924 ἐπὶ
1047 2872 1227 2923 πᾶσαν
1249 2868 1346 2940 τὴν
1387 2869 1590 2923 αῑνεσίν
1645 2887 1760 2922 σου.
1799 2889 1817 2921 ι

260 2961 413 3020 Ἐπεὶ
448 2960 504 3013 δὲ
577 2959 719 3013 κατὰ
770 2959 980 3023 πάντας
1030 2959 1157 3020 τοὺς
1232 2958 1674 3030 ἑρμηνεύσαντας
1724 2957 1822 3020 τὸ,

253 3071 276 3106 ι
303 3053 594 3124 προσθήσω
624 3092 640 3117 ,
682 3071 702 3104 ι
725 3052 975 3106 λέλεκται
1011 3052 1040 3105 ὅ
1073 3069 1134 3105 τε
1184 3050 1414 3114 Ἀκύλας
1439 3051 1600 3120 φησὶ,
1637 3069 1658 3102 ι
1715 3050 1826 3103 Καὶ

248 3145 542 3217 προσθήσω
575 3145 668 3198 ἐπὶ
702 3144 881 3208 πάσας
913 3145 1211 3214 ὁμνήσειςο
1255 3163 1275 3196 ι
1307 3145 1402 3197 καὶ
1431 3146 1459 3196 ὁ
1485 3143 1781 3215 Σύμμαχος
1807 3183 1821 3208 ,

1925 2033 2280 2104 propheticas
2308 2032 2628 2092 Servatoris
2661 2052 2825 2094 voces
2855 2039 3258 2109 praedicantes?
3286 2041 3496 2098 Conlu-

1924 2124 2007 2179 sio
2053 2140 2242 2180 revera
2271 2137 2326 2180 et
2353 2126 2654 2196 ignominia
2689 2129 2900 2186 animas
2937 2145 3127 2186 eorum
3164 2133 3384 2198 invasit,
3417 2133 3496 2186 vi-

1923 2216 2115 2272 dentes
2137 2231 2260 2270 cum
2277 2217 2372 2287 qui
2394 2218 2465 2273 ab
2485 2218 2619 2288 ipsis
2643 2219 2901 2275 hesterna
2928 2221 3016 2276 die
3045 2223 3114 2276 ad
3147 2237 3366 2280 crucem
3385 2233 3500 2280 tra-

1924 2305 2070 2360 ditus
2086 2315 2190 2371 est,
2210 2322 2309 2377 per
2321 2314 2496 2362 totum
2516 2309 2705 2364 orbem
2722 2312 2937 2365 adorari
2951 2311 3233 2383 Deumque
3246 2314 3501 2384 praedica-

1924 2395 2007 2462 ri;
2029 2411 2150 2466 qua:
2168 2412 2302 2452 sane
2319 2397 2540 2468 impleta
2559 2407 2687 2454 sunt
2701 2411 3108 2472 consequenter
3124 2403 3191 2457 ad
3205 2403 3344 2458 hanc
3363 2420 3500 2475 prai-

1923 2487 2219 2543 dictionem
2238 2489 2317 2545 sic
2334 2489 2626 2546 habentem
2657 2511 2671 2548 :
2703 2499 2730 2545 ἰ
2763 2484 3071 2550 lnduantur
3096 2495 3422 2552 confusione
3446 2506 3502 2552 et

1924 2581 2229 2636 reverentia
2240 2582 2330 2652 qui
2347 2591 2597 2652 quarunt
2614 2585 2752 2638 mala
2769 2586 2920 2642 mihi.
2935 2586 3028 2641 »Ει
3042 2587 3118 2641 illi
3136 2587 3354 2659 quidem
3371 2589 3500 2644 talia

1926 2673 2237 2742 patientur:
2261 2693 2278 2726 ι
2303 2690 2402 2744 ego
2417 2691 2570 2739 vero,
2597 2696 2614 2729 ι
2644 2679 2742 2742 ait,
2765 2687 2845 2733 tot
2862 2680 3021 2737 malis
3043 2680 3266 2738 allectus
3280 2683 3349 2738 ali
3373 2683 3499 2748 illis,

1931 2787 1949 2817 ι
1972 2782 2188 2837 semper
2219 2770 2471 2838 sperabo,
2508 2777 2564 2826 et
2610 2769 2867 2841 adjiciam
2918 2787 3084 2842 super
3123 2789 3341 2831 omnem
3379 2777 3501 2831 lau-

1924 2859 2047 2915 dem
2082 2868 2286 2914 tuam.»
2330 2860 2468 2916 Cum
2496 2871 2677 2918 autem
2719 2865 2789 2918 ab
2820 2865 3077 2922 omnibus
3111 2865 3500 2938 interpretibus

1930 2971 1950 3004 ι
1971 2952 2223 3023 adjiciam
2255 2972 2274 3004 ι
2295 2954 2532 3019 dicatur,
2554 2963 2607 3010 et.
2627 2954 2820 3026 Aquila
2842 2957 2922 3012 sic
2939 2957 3156 3024 habeat,
3188 2977 3206 3011 ι
3230 2959 3497 3030 Adjiciani

1925 3061 2091 3116 super
2118 3061 2316 3102 omnes
2345 3047 2599 3120 hymnos,
2645 3069 2664 3102 ι
2695 3049 3060 3121 Symmachus
3090 3068 3240 3119 vero,
3273 3072 3291 3108 ι
3310 3053 3377 3108 Et
3406 3055 3502 3108 ad-

1921 3136 2109 3206 jiciam
2144 3137 2398 3209 hymnis;
2425 3158 2444 3190 i
2483 3138 2605 3194 vide
2634 3154 2767 3194 num
2820 3141 3038 3212 hymnis
3076 3141 3256 3198 Patris
3287 3145 3374 3199 sui
3403 3145 3502 3199 ad-

253 3261 274 3294 ι
319 3239 412 3293 καὶ
445 3228 736 3311 προσθήσω
755 3239 868 3301 τοῖς
902 3235 1115 3306 ὕμνοιςο
1150 3255 1168 3288 ι
1201 3236 1302 3308 δρα
1323 3237 1371 3288 εἰ
1403 3235 1476 3307 μὴ
1507 3234 1822 3307 προσθήκην

1925 3228 2290 3286 ditamentum
2349 3229 2562 3296 fecerit,
2612 3229 2824 3286 Novum
2869 3231 3279 3291 Testamentum
3318 3235 3500 3293 Veteri

247 3334 542 3402 ἐποιήσατο
576 3332 687 3392 τοῖς
717 3329 810 3383 τοῦ
840 3327 1048 3398 [ἰατρὸς
1078 3326 1285 3397 ὕμνοις,
1312 3325 1409 3398 τὴν
1453 3325 1658 3396 Καινὴν
1707 3329 1822 3380 Δια-

1937 3323 2170 3378 addens.
2209 3323 2397 3394 Neque
2424 3323 2571 3379 enim
2603 3325 2785 3394 priora
2824 3327 3067 3391 sustulit,
3108 3343 3232 3382 cum
3260 3333 3503 3385 secunda

249 3427 423 3498 θήκην
452 3423 588 3494 πρδς
621 3425 686 3494 τῇ
734 3421 946 3490 Παλαιᾷ
979 3417 1270 3491 παραδούς.
1300 3419 1375 3473 Οὐ
1427 3417 1534 3490 γάρ
1547 3418 1724 3472 ἀνεῖλε
1755 3417 1824 3471 τά

249 3515 464 3587 πρῶτα,
493 3511 803 3582 εἰσαγαγὼν
833 3511 904 3564 τά
933 3510 1181 3582 δεύτερα,
1213 3509 1530 3582 προσθήκην
1547 3510 1606 3564 δὲ
1633 3511 1822 3580 ἐποιή-

249 3622 381 3662 σατο
397 3623 410 3636 °
447 3604 540 3659 καὶ
569 3603 728 3658 τοῦτό
753 3606 902 3657 ἐστιν
927 3604 1112 3674 εὑρεῖν
1137 3603 1194 3655 ὲν
1217 3604 1338 3666 ταῖς
1367 3599 1529 3654 αὐτοῦ
1567 3601 1824 3656 διδασκα-

245 3697 408 3761 λίαις,
431 3696 496 3750 δι’
525 3689 598 3750 ὧν
633 3713 795 3765 φησιν
817 3712 829 3723 ·
872 3715 891 3746 ι
914 3694 1144 3767 Ἐρρέθη
1175 3697 1286 3758 τοῖς
1312 3693 1578 3766 ἀρχαίοις,
1620 3695 1694 3747 Οὐ
1725 3712 1824 3765 φο-

246 3789 490 3853 νεύσειςο
524 3787 634 3858 ἐγὼ
665 3789 720 3842 δέ
745 3788 888 3857 λέγω
905 3827 920 3852 ,
947 3787 1080 3860 μηδὲ
1101 3786 1431 3858 ὀργίζεσθαι.
1469 3786 1696 3859 Ἐρρέθη
1715 3790 1825 3851 τοῖς

245 3880 512 3953 ἀρχαίοις,
541 3881 616 3935 Οὐ
649 3879 952 3950 μοιχεύσεις
971 3889 987 3908 ⁸
1018 3876 1130 3946 ἐγὼ
1173 3878 1232 3931 δέ
1255 3878 1417 3948 λέγω,
1459 3879 1594 3950 μηδὲ
1639 3878 1826 3932 ἐπιθυ-

249 3976 402 4046 μεῖν·
441 3991 460 4025 ›
498 3973 590 4026 καὶ
623 3973 722 4024 ὅσα
755 3971 889 4026 ἄλλα
919 3971 1144 4026 τοιαῦτα
1175 3971 1493 4045 προσθήκην
1518 3970 1708 4042 ἔχοντα
1737 3972 1826 4026 διὰ

245 4065 348 4136 τῆς
373 4065 744 4134 πνευματικῆς
766 4063 998 4135 θεωρίας
1026 4081 1085 4117 τε
1113 4065 1208 4118 καὶ
1225 4063 1518 4136 ἑρμηνείας
1538 4062 1630 4116 τοῦ
1659 4063 1822 4134 νόμου

245 4156 307 4209 ἐν
335 4158 401 4227 τῇ
439 4155 732 4227 Ἐκκλησία
759 4155 925 4210 αὐτοῦ
959 4155 1335 4228 παραδέδοται.
1384 4155 1544 4210 Ἀλλὰ
1584 4157 1678 4210 καί¹
1710 4175 1728 4207 ι
1765 4157 1825 4211 τὸ

247 4247 425 4318 στόμα
487 4265 590 4319 μου
616 4286 632 4310 ,
724 4248 887 4319 φησὶν
910 4287 925 4311 ,
984 4249 1272 4317 ἀναγγελεῖ
1336 4249 1435 4318 τὴν
1479 4247 1824 4320 δικαιοσύνην

247 4358 365 4394 σου.
393 4360 410 4392 ι
431 4340 504 4394 Τὸ
540 4340 651 4414 γὰρ
682 4340 1010 4410 Εύαγγέλιον
1024 4341 1366 4413 δικαιοσύνην
1388 4342 1640 4412 ἐμφαίνει
1666 4341 1822 4403 Θεοῦ,

244 4437 347 4489 οὐκ
362 4435 636 4498 Ἰουδαίοις
669 4435 850 4506 μόνοις
871 4433 1254 4506 ἀφωρισμένον
1277 4433 1464 4505 ὥσπερ
1488 4435 1518 4487 ὁ
1543 4434 1630 4488 διά
1658 4436 1821 4488 Maii)—

248 4526 388 4589 σέως
413 4525 596 4596 νόμος.
629 4524 719 4578 Διό
749 4541 912 4594 φησιν
934 4525 962 4576 ὁ
1002 4523 1321 4588 Ἀπόστολος
1342 4541 1356 4554 ·
1387 4543 1406 4576 ι
1437 4525 1512 4577 Οὐ
1542 4523 1652 4595 γὰρ
1667 4525 1824 4577 ἐπαι-

247 4617 513 4688 σχύνομαι
544 4617 606 4670 τὺ
629 4617 980 4685 Εὑαγγέλιον.
1017 4615 1255 4688 Δύναμις
1280 4615 1387 4688 γάρ
1411 4615 1545 4669 Θεοῦ
1573 4617 1718 4670 ἐστιν
1744 4619 1822 4682 εἰς

248 4709 522 4781 σωτηρίαν
550 4709 712 4762 παντί
739 4708 815 4780 τῷ
841 4709 1175 4774 πιστεύοντι,
1236 4708 1471 4780 Ἰουδαίῳ
1499 4727 1559 4763 τε
1607 4709 1820 4780 πρῶτον

246 4802 342 4856 καὶ
371 4801 612 4872 Ἕλληνι.
651 4803 976 4872 Δικαιοσύνη
1006 4800 1113 4873 γὰρ
1149 4801 1284 4854 Θεοῦ
1317 4802 1376 4854 ἐν
1421 4800 1571 4872 αύτῷ
1611 4801 1820 4855 ἀποκα-

244 4892 521 4948 λύπτεται.
576 4912 596 4945 ι
628 4891 718 4946 Διὸ
767 4891 999 4946 ἐνταῦθα
1033 4890 1278 4946 λέλεκται
1299 4909 1310 4918 '
1358 4911 1377 4942 ι
1412 4892 1486 4945 Τὸ
1508 4891 1682 4962 στόμα
1720 4909 1820 4961 μου

245 4981 538 5051 ἀναγγελεῖ
566 4981 664 5053 τὴν
687 4981 1032 5052 δικαιοσύνην
1061 4999 1178 5048 σου,
1203 4980 1331 5053 ὅλην
1359 4981 1458 5053 τὴν
1481 4981 1692 5052 ἡμέραν
1722 4981 1822 5051 τὴν

248 5073 525 5146 σωτηρίαν
552 5091 645 5127 σου
667 5089 682 5106 ο
724 5093 745 5126 ι
780 5074 813 5145 ἦ
841 5072 980 5127 κατά
1009 5074 1098 5126 τὸν
1131 5072 1447 5145 Σύμμαχον,
1492 5091 1511 5122 ι
1546 5071 1686 5126 κατὰ
1726 5074 1824 5126 πᾶ-

248 5183 348 5220 σαν
377 5167 594 5239 ἡμέραν
624 5167 720 5239 τήν
750 5166 1022 5238 σωτηρίαν
1054 5183 1169 5220 σου.
1212 5185 1232 5218 ι
1277 5165 1388 5220 Καὶ
1431 5164 1591 5219 τοῦτο
1621 5165 1676 5219 δέ
1711 5168 1825 5218 ἐστι

245 5257 625 5331 πληρούμενον
653 5259 877 5330 θεωρεῖν
902 5256 1019 5310 καθ’
1035 5257 1164 5328 ὅλης
1189 5257 1289 5328 τῆς
1312 5257 1635 5330 οἰκουμένης
1659 5275 1672 5288 ο
1708 5259 1764 5310 ἐν
1792 5251 1825 5334 ᾖ

243 5349 307 5402 τὸ
335 5349 517 5418 στόμα
548 5348 641 5402 τοῦ
678 5349 930 5419 Σωτῆρος
961 5349 994 5418 ή
1004 5346 1120 5418 μῶν
1153 5347 1240 5400 διὰ
1269 5348 1376 5401 τῶν
1408 5346 1567 5402 θείων
1594 5348 1826 5420 Γραφῶν

245 5441 413 5494 πᾶσιν
447 5439 754 5512 ἀνθρώποις
787 5442 873 5510 ἐφ’
903 5441 1139 5512 ἑκάστης
1179 5441 1391 5513 ἡμέρας
1431 5443 1531 5515 τὴν
1559 5443 1626 5496 δι’
1661 5443 1824 5496 αὐτοῦ

244 5529 672 5602 προξενηθεῖσαν
725 5530 898 5584 άπασι
942 5529 1215 5602 σωτηρίαν
1240 5531 1518 5602 κηρύττει.
1555 5533 1824 5602 Ἐπιλέγει

244 5622 305 5676 δέ
329 5622 726 5688 τούτοις,‹”οτι
751 5623 852 5677 οὐκ
869 5623 1039 5692 ἔγνων
1064 5625 1470 5695 γραμματείας.
1502 5643 1520 5677 ι
1545 5625 1654 5690 Τὰς
1677 5626 1825 5689 κλεῖς

242 5715 529 5788 ιιληφότες
562 5718 660 5788 τῆς
687 5715 984 5786 βασιλείας.
1013 5716 1106 5770 καὶ
1134 5717 1271 5788 μήτε
1311 5717 1464 5772 αὐτοὶ
1504 5718 1822 5790 εἰσερχόμε-

1928 3415 2153 3483 adjecit,
2186 3417 2284 3470 sed
2313 3415 2750 3472 additamentum
2779 3417 2982 3473 eﬂ‘ecit.
3040 3418 3196 3484 Quod
3237 3421 3400 3476 etiam
3444 3422 3500 3475 in

1925 3507 2046 3575 ejus
2086 3507 2336 3562 doctrina
2365 3508 2606 3578 reperire
2647 3517 2752 3575 est,
2809 3509 2898 3565 ubi
2937 3511 3018 3565 ait
3065 3531 3078 3566 :
3119 3530 3138 3564 ι
3163 3493 3375 3568 Dictum
3413 3525 3499 3570 est

1927 3599 2192 3670 antiquis,
2229 3598 2346 3654 Non
2384 3599 2642 3669 occides;
2677 3617 2779 3672 ego
2810 3593 3164 3659 autem'dico
3218 3605 3395 3668 vobis.
3423 3604 3503 3662 Ne

1926 3691 2266 3748 irascamini.
2297 3691 2512 3748 Dictum
2539 3703 2625 3749 est
2655 3696 2917 3767 antiquis,
2946 3696 3064 3753 Non
3098 3700 3498 3768 nimchaberis;

1926 3799 2027 3855 ego
2079 3794 2262 3840 autem
2291 3785 2416 3840 dico
2463 3786 2643 3850 vobis,
2677 3787 2755 3842 Nc
2800 3791 3212 3859 concupiscatis
3231 3793 3334 3858 “,i
3370 3803 3424 3849 et
3453 3799 3497 3849 si

1926 3890 2033 3944 qua
2089 3876 2312 3941 similia,
2365 3892 2487 3946 quae
2544 3878 2818 3948 spirituali
2865 3896 3029 3936 sensu
3078 3891 3134 3937 et
3175 3884 3503 3953 interpreta-

1928 3969 2076 4022 tione
2126 3968 2422 4032 intellecta,
2458 3977 2513 4023 et
2560 3969 2994 4026 additamentum
3047 3974 3151 4045 legi
3186 3975 3497 4037 inferentia.

1927 4061 1982 4116 in
2023 4059 2274 4116 Ecclesia
2321 4062 2443 4132 ejus
2491 4063 2690 4120 tradita
2743 4072 2896 4119 sunt.
2939 4063 3048 4119 Sed
3079 4067 3268 4130 etiam,
3301 4067 3498 4139 inquit,

1932 4169 1950 4200 ι
1971 4164 2035 4204 os
2065 4165 2249 4205 meum
2276 4152 2916 4222 annuntiabitjustitiam
2956 4161 3131 4209 tuam.
3153 4173 3175 4208 ι
3219 4155 3500 4228 Siquidem

1921 4241 2192 4310 justitiam
2227 4242 2322 4299 Dei
2356 4245 2576 4301 exhibet
2602 4245 2976 4316 Evangelium,
3007 4265 3114 4302 non
3135 4247 3340 4306 Iudaeis
3363 4253 3502 4306 dun-

1927 4339 2076 4386 taxat
2105 4332 2462 4400 destinatum,
2493 4342 2552 4388 ut
2581 4337 2666 4392 lex
2695 4353 2792 4406 per
2813 4337 3052 4410 Moysem
3099 4340 3248 4396 data.
3292 4340 3498 4407 Quam-

1926 4424 2114 4480 obrem
2147 4426 2222 4479 ait
2250 4425 2581 4497 Apostolus:
2622 4447 2642 4481 ι
2672 4428 2794 4486 Non
2825 4433 2970 4487 enim
3014 4435 3280 4490 erubesco
3317 4434 3500 4490 Evan-

1927 4519 2148 4588 gelium.
2202 4518 2393 4576 Virtus
2424 4523 2568 4577 enim
2601 4521 2693 4579 Dei
2719 4533 2804 4579 est
2843 4525 2899 4580 in
2935 4527 3164 4582 salutem
3197 4530 3347 4584 omni
3375 4547 3498 4586 cre~

1885 4685 1888 4688 ῃ
1926 4611 2098 4674 denti,
2133 4610 2322 4667 Judaeo
2353 4615 2589 4682 primum
2619 4615 2908 4677 ctGrzcco.
2961 4617 3185 4674 Iustitia
3214 4623 3360 4676 enim
3405 4621 3499 4678 Dei

1928 4703 1983 4757 in
2015 4719 2082 4758 eo
2111 4705 2385 4760 revelatur
2421 4706 2522 4760 “.i
2541 4707 2752 4764 Idcirco
2772 4710 2865 4765 hic
2890 4711 3134 4767 dicitur:
3169 4732 3188 4764 ι
3213 4711 3287 4767 Os
3321 4730 3501 4770 meum

1930 4796 2274 4850 annuntiabit
2287 4797 2560 4867 justitiam
2580 4811 2750 4864 tuam,
2770 4811 2883 4856 tota
2909 4803 2997 4859 die
3023 4804 3255 4860 salutem
3280 4816 3425 4862 tuam
3451 4827 3498 4873 ς»

1931 4888 2046 4941 sive
2093 4889 2398 4943 secundum
2449 4890 2862 4959 Symmachum,
2919 4913 2938 4946 ι
2967 4893 3074 4949 Per
3108 4911 3328 4951 omnem
3359 4897 3500 4952 diem

1933 4978 2166 5033 salutem
2205 4989 2418 5036 tuam.»
2462 4979 2630 5052 quue
2660 4999 2758 5054 per
2792 4995 2966 5039 totum
2995 4987 3185 5042 orbem
3220 4989 3501 5060 impletum

1931 5069 2115 5124 videre
2167 5083 2296 5126 esu
2336 5071 2394 5126 in
2439 5089 2551 5143 quo
2581 5090 2646 5129 os
2679 5074 2981 5132 Salvatoris
3015 5079 3191 5134 nostri
3223 5095 3320 5150 per
3363 5081 3504 5137 divi-

1930 5176 2031 5214 nas
2095 5159 2414 5232 Scripturas
2447 5165 2706 5221 omnibus
2739 5167 3054 5224 hominibus
3081 5173 3326 5242 quotidie
3355 5175 3501 5228 salu.

1931 5260 2039 5306 tem
2069 5253 2139 5308 ab
2176 5270 2236 5310 se
2263 5257 2520 5314 omnibus
2567 5269 2918 5328 procuratam
2953 5263 3234 5332 praedicat.
3282 5263 3377 5321 His
3400 5269 3465 5320 ad
3495 5300 3500 5304 ι

1922 5343 2067 5412 jicit,
2129 5366 2146 5396 ι
2175 5343 2444 5412 Quoniam
2496 5365 2608 5404 non
2643 5353 2872 5423 cognovi
2914 5353 3300 5412 litteraturam.
3350 5376 3368 5407 ›
3397 5355 3500 5424 Qui

1928 5435 2174 5492 clavibus
2215 5441 2370 5510 regni
2401 5443 2660 5511 acceptis,
2692 5459 2868 5515 neque
2895 5446 2997 5517 ipsi
3029 5447 3498 5518 ingrediebantur,

1933 5541 2109 5596 neque
2136 5529 2275 5584 alios
2324 5531 2534 5603 ingredi
2577 5535 2976 5602 concedebant,
3007 5538 3370 5593 litteraturam
3403 5539 3502 5596 de-

1934 5624 2205 5679 tinebant.
2245 5626 2358 5699 Ego
2411 5645 2564 5697 vero,
2620 5633 2817 5705 inquit,
2861 5634 2954 5704 qui
3017 5634 3220 5706 Moysis
3278 5639 3498 5710 scriptis

1931 5733 2039 5773 non
2076 5719 2322 5788 attendo,
2356 5740 2534 5796 neque
2580 5743 2898 5799 corpoream
2947 5728 3081 5798 legis
3137 5731 3497 5790 litteraturam

318 5873 364 5906 "
388 5871 522 5930 Gen.
551 5889 700 5939 χιιι,
736 5874 822 5930 t0.
899 5877 944 5910 ”
977 5873 1164 5931 Matth.
1192 5893 1244 5946 ν,
1269 5875 1360 5943 21,
1389 5875 1480 5943 27,
1507 5874 1598 5932 ‘28.
1677 5875 1724 5910 ⁸⁵
1756 5873 1963 5944 Romn,
1998 5874 2195 5974 l6,’l7.
