4086 6442
592 397 701 452 715

1269 396 1534 452 EUSEBII
1574 395 2056 450 CASSARIENSlS
2094 397 2246 453 OPP.
2289 397 2470 453 PARS
2509 398 2598 452 Ill.
2641 429 2710 439 -—
2749 398 3160 456 EXEGETICA.

3749 409 3860 464 73‘

587 516 877 588 discipulis
918 515 1054 571 meis
1091 514 1315 578 tradidi,
1343 530 1456 570 non
1501 515 1734 585 cognovi
1766 516 2153 570 litteraturam.

2274 535 2332 570 μοι
2368 519 2506 588 μήτε
2539 517 2746 588 ἐτέροις
2800 517 3209 589 συγχωροῦντες
3238 559 3252 579 ,
3308 518 3408 582 τὰς
3455 522 3858 591 γραμματείας

590 606 733 677 Quid
760 615 942 662 autem
972 607 1157 662 nosti?
1204 604 1262 659 ld
1296 615 1482 674 postea
1509 605 1754 661 declarat
1782 605 2002 663 dicens:
2035 627 2052 658 ι
2076 605 2161 661 lu-

590 701 772 757 troibo
795 700 849 754 in
878 699 1154 769 potentias
1198 695 1414 752 Domini
1448 697 1688 761 Domini,
1719 706 1773 753 et
1812 699 2160 754 memorabor

593 793 822 865 iustitia:
856 798 964 846 tua:
1002 791 1228 847 solius.»
1270 789 1406 845 Nam
1444 791 1752 845 litteratura
1781 789 1986 846 Judaeis
2027 791 2160 848 solis

591 888 955 960 competebat,
1003 886 1099 958 qui
1150 896 1232 940 ter
1275 885 1332 940 in
1377 901 1523 940 anno
1564 885 1957 956 Jerosolymam
2008 885 2162 941 adire

588 977 951 1048 jubebantur;
981 990 1155 1044 eaque
1185 974 1354 1028 multa
1387 975 1494 1028 alia
1524 975 1693 1029 ardua
1723 991 1824 1029 nec
1848 976 2160 1030 necessaria

593 1071 927 1128 continebat.
972 1069 1084 1142 Ego
1111 1084 1242 1125 vero
1292 1069 1347 1122 in
1392 1069 1632 1140 potentia
1696 1065 1911 1122 Domini
1945 1067 2157 1122 Domini

596 1166 650 1219 in
695 1163 971 1220 Ecclesiae
1011 1177 1162 1217 meas
1197 1159 1457 1227 introibo,
1489 1169 1542 1215 et
1569 1159 1912 1215 memorabor
1934 1159 2165 1230 justitiaa

592 1264 700 1311 tua:
730 1255 920 1311 solius.
949 1253 1167 1309 Iustitia
1206 1267 1441 1324 namque
1487 1249 1667 1308 Patris
1692 1262 1829 1318 erat,
1884 1262 1943 1307 ut
1973 1268 2163 1309 onmes

592 1348 842 1404 homines
886 1344 1105 1402 Graecos
1140 1345 1304 1401 simul
1335 1353 1390 1400 et
1425 1343 1690 1400 barbaros
1723 1359 1822 1401 sua
1852 1345 2164 1415 cognitione

593 1440 845 1503 donaret,
879 1445 933 1494 et
961 1445 1022 1492 ut
1053 1437 1106 1491 in
1141 1436 1290 1490 omni
1319 1436 1461 1503 loco,
1498 1451 1678 1507 neque
1700 1436 1754 1491 in
1786 1452 1896 1492 uno
1923 1445 1982 1492 ut
2007 1437 2160 1505 olim,

595 1533 699 1587 coli
735 1547 793 1587 se
826 1530 1178 1602 praeciperet;
1211 1528 1287 1583 ita
1334 1536 1394 1583 ut
1443 1528 1513 1582 ab
1563 1529 1778 1584 oriente
1825 1529 1940 1584 sole
1986 1545 2164 1599 usque

596 1625 664 1680 ad
703 1624 1042 1680 occidentem
1091 1637 1292 1678 nomen
1322 1621 1444 1692 ejus
1481 1622 1855 1678 celebraretur
1897 1623 1952 1678 in
1982 1624 2162 1694 genti-

596 1717 700 1771 bus
721 1716 790 1770 ⁸³.

2264 610 2534 678 κατεῖχον.
2576 606 2717 677 Ἐγὼ
2736 608 2812 672 δέ,
2842 610 2995 679 φησι,
3026 608 3102 680 μὴ
3127 607 3207 679 τῷ
3241 610 3518 673 Μωῦσέως
3559 612 3862 683 συγγράμ-

2267 716 2397 770 ματι
2421 698 2720 768 προσέχων,
2741 699 2874 770 μηδέ
2901 700 3000 763 τὰς
3029 699 3126 753 τοῦ
3146 701 3313 770 νόμου
3331 701 3645 771 σωματικὰς
3670 721 3864 774 79:71..-

2267 791 2498 860 ματείας
2527 793 2640 854 τοῖς
2660 791 2902 861 ἐμαυτοῦ
2925 793 3198 864 παραδοὺς
3224 792 3510 864 μαθηταῖς,
3540 795 3642 846 οὐκ
3670 793 3858 861 εγνων

2265 881 2670 954 γραμματείας.
2707 881 2772 934 Τί
2803 881 2862 935 δέ
2901 882 3112 950 έγνωςς
3152 882 3308 953 Ἑξῆς
3346 883 3600 952 διασαφεῖ
3629 883 3810 951 λέγων
3837 897 3854 912 ⁸

2273 992 2289 1025 ι
2333 973 2722 1043 Είσελεύσομαι
2747 976 2828 1037 είς
2851 973 3168 1038 δυναστείας
3212 973 3416 1046 Κυρίου
3460 975 3702 1046 Κυρίου,
3751 976 3862 1028 καὶ

2271 1067 2650 1140 μνησθήσομαι
2697 1069 2797 1139 τῆς
2829 1067 3174 1139 δικαιοσύνης
3206 1085 3299 1121 σου
3342 1068 3524 1140 μόνου.
3566 1088 3585 1120 ι
3617 1070 3684 1122 Δί
3746 1071 3859 1140 μὲν

2268 1159 2376 1230 γὰρ
2403 1163 2781 1231 γραμματεῖαι
2840 1159 3113 1222 Ἰουδαίοις
3157 1159 3340 1231 μόνοις
3385 1161 3692 1232 ἣρμοττον,
3725 1161 3858 1233 τρὶς

2265 1248 2360 1301 τοῦ
2381 1250 2629 1303 ἐνιαυτοῦ
2661 1249 3189 1321 παρακελευομένοις
3220 1253 3470 1323 ἀπαντᾷν
3510 1255 3590 1317 είς
3631 1253 3704 1307 τὰ
3747 1253 3860 1306 Ἱε-

2270 1344 2563 1416 ροσόλυμα,
2592 1344 2762 1400 πολλά
2784 1362 2842 1398 τε
2866 1345 2998 1400 ἄλλα
3021 1345 3261 1417 δυσχερῆ
3304 1345 3402 1401 καὶ
3432 1347 3533 1400 οὐκ
3570 1347 3864 1415 ἀναγκαῖα.

2269 1439 2560 1507 περιεῖχον.
2614 1435 2755 1506 Ἐγὼ
2785 1437 2842 1491 δέ
2872 1441 2928 1492 ἐν
2951 1439 3239 1510 δυναστείᾳ
3259 1439 3466 1509 Κυρίου
3503 1438 3736 1510 Κυρίου,
3766 1441 3862 1502 εἰς

2266 1527 2368 1590 τὰς
2396 1526 2632 1598 ἐμαυτοῦ
2679 1529 3004 1601 Ἑκκλησίας
3043 1529 3441 1601 εἰσελεύσομαι,
3480 1531 3574 1584 καὶ
3604 1529 3866 1602 μνησθή-

2270 1636 2434 1689 σομαι
2459 1619 2560 1690 τῆς
2580 1619 2924 1693 δικαιοσύνης
2951 1638 3043 1674 σου
3076 1622 3258 1692 μόνου.
3284 1621 3608 1692 Δικαιοσύνη
3625 1621 3736 1692 γὰρ
3750 1619 3860 1674 τοῦ

2268 1711 2482 1782 Πατρὸς
2507 1706 2575 1781 ἦν
2605 1711 2666 1764 τὸ
2689 1711 2896 1776 πάντας
2923 1711 3241 1784 ἀνθρώπους
3279 1713 3545 1784 Ἕλληνας
3591 1713 3708 1783 ἅμα
3751 1713 3860 1765 καὶ

597 1807 902 1880 βαρϐάρους
932 1806 1031 1877 τῆς
1079 1803 1244 1859 αὑτοῦ
1275 1801 1676 1873 καταξιωθῆναι
1725 1801 2012 1871 γνώσεως,
2057 1800 2150 1854 καὶ
2197 1798 2257 1853 τὸ
2306 1801 2364 1853 ἐν
2387 1803 2546 1856 παντὶ
2581 1803 2752 1875 τόπῳ,
2781 1803 2916 1858 ἀλλὰ
2945 1805 3139 1876 μηκέτι
3166 1807 3224 1859 ἐν
3277 1805 3358 1858 ἐνὶ
3403 1806 3687 1877 ἐπιτρέψαι
3749 1806 3860 1858 λα-

592 1904 805 1978 τρεύειν
831 1901 1008 1974 αὐτῷ·
1071 1903 1212 1957 ὥστε
1250 1900 1358 1954 ἀπὸ
1379 1899 1650 1954 ἀνατολῶν
1696 1898 1846 1970 ἡλίου
1898 1897 2059 1967 μέχρι
2101 1895 2321 1966 δυσμῶν
2366 1897 2684 1966 δοξάζεσθαι
2706 1899 2868 1954 αὑτοῦ
2902 1899 2961 1953 τὸ
2990 1900 3159 1971 ὄνομα
3182 1900 3240 1955 ἐν
3265 1902 3377 1964 τοῖς
3401 1900 3629 1956 ἔθνεσιν.

673 2023 835 2080 Vsus.
889 2023 978 2078 l7.
1031 2040 1049 2075 ι
1082 2021 1247 2086 Deus,
1281 2021 1517 2076 docuisti
1546 2034 1631 2074 me
1663 2034 1692 2072 a
1718 2018 2002 2087 juventute
2029 2033 2171 2082 mea,

2348 2037 2366 2069 ι
2410 2019 2469 2072 '0
2491 2019 2643 2084 Θεὸς,
2669 2019 2912 2088 ἐδίδαξας
2935 2038 3002 2092 με
3030 2021 3096 2074 ἐκ
3116 2021 3368 2092 νεότητός
3402 2039 3528 2088 μου,
3554 2023 3648 2076 καὶ
3683 2025 3858 2095 μέχρι

595 2127 650 2173 et
687 2133 862 2188 usque
901 2129 1049 2171 nunc.
1082 2114 1452 2186 pronuntiabo
1499 2111 1773 2166 mirabilia
1803 2121 1950 2165 tua.)
2003 2107 2166 2164 Solus

599 2209 855 2264 Servatur
891 2206 1107 2262 Patrem
1153 2206 1259 2262 sibi
1307 2204 1626 2276 magistrum
1689 2202 1946 2257 ascribit:
1997 2217 2169 2271 quare

597 2300 935 2355 contribules
983 2299 1103 2369 ejus
1150 2296 1440 2352 dicebant:
1479 2292 1678 2350 «Unde
1724 2294 1854 2349 huic
1893 2293 2166 2364 sapientia

597 2399 774 2455 tanta,
805 2399 860 2446 et
907 2389 1184 2442 virtutes?
1227 2384 1418 2442 Nonne
1464 2385 1552 2440 hic
1586 2393 1670 2440 est
1709 2384 1847 2439 fabri
1887 2383 2164 2439 ﬁlius”?i

597 2480 776 2538 ?robe
802 2481 1005 2552 quippe
1037 2479 1286 2536 sciebant
1315 2478 1493 2548 ipsum
1524 2493 1633 2532 non
1668 2475 1948 2548 magistris
1993 2475 2172 2529 homi-

598 2571 764 2626 nibus
790 2584 1012 2642 operam
1048 2567 1284 2624 dedissc.
1345 2565 1484 2632 Quia
1516 2566 1682 2638 igitur
1708 2565 1881 2622 forma
1913 2565 2057 2621 servi
2079 2579 2171 2619 ac-

598 2668 779 2732 cepta,
829 2667 886 2716 et
961 2659 1154 2712 habitu
1213 2659 1470 2713 inventus
1529 2664 1588 2711 ut
1652 2656 1838 2720 homo,
1905 2655 2172 2726 puerilem

599 2765 856 2809 emensus
886 2756 972 2806 est
1009 2757 1247 2813 aetatem,
1279 2763 1344 2803 ac
1387 2747 1618 2818 perinde
1643 2754 1812 2818 atque
1840 2759 1944 2802 nos
1973 2746 2173 2815 juven-

601 2848 733 2901 tntis
767 2858 945 2900 annos
981 2841 1248 2904 decurrit,
1299 2842 1503 2911 illoque
1542 2847 1789 2910 tempore
1842 2853 1953 2893 non
2003 2837 2174 2892 disci-

603 2937 788 3009 plinis,
847 2951 954 2991 non
987 2934 1268 3006 magistris
1318 2947 1539 3003 operam
1582 2931 1763 2999 dedit;
1817 2930 1912 2986 sed
1969 2931 2174 2985 virtute

601 3031 786 3086 divina
817 3029 1137 3100 proﬁciebat
1173 3036 1333 3083 aetate
1370 3035 1424 3081 et
1453 3025 1725 3096 sapientia
1751 3034 1804 3078 et
1825 3022 2001 3095 gratia
2029 3020 2174 3092 apud

603 3122 770 3179 Deum
809 3128 864 3176 et
901 3119 1190 3186 homines;
1235 3118 1360 3188 jure
1395 3117 1482 3171 hic
1508 3118 1584 3170 ait
1625 3136 1640 3171 ι
1693 3114 1901 3179 «Deus,
1937 3111 2174 3169 docuisti

604 3227 690 3269 me
732 3229 762 3267 a
791 3213 1076 3282 iuventute
1103 3225 1247 3275 mea,
1278 3218 1332 3264 et
1382 3225 1557 3278 usque
1607 3223 1755 3262 nunc
1809 3207 2175 3279 pronuntiabo

603 3303 876 3359 mirabilia
906 3311 999 3357 tua
1024 3319 1040 3370 ;
1068 3321 1087 3354 ι
1119 3303 1265 3371 quod
1297 3302 1462 3355 etiam
1496 3315 1664 3371 penes
1692 3300 1993 3370 discipulos
2021 3313 2173 3354 meos

2267 2106 2361 2160 τοῦ
2389 2107 2484 2162 νῦν
2506 2109 2792 2178 ἀναγγελῶ
2817 2109 2887 2163 τὰ
2913 2109 3192 2182 θαυμάσια
3216 2128 3334 2165 σου.
3357 2131 3375 2165 i
3399 2113 3574 2176 Μόνος
3603 2116 3632 2167 6
3657 2114 3860 2186 Σωτὴρ

2266 2195 2358 2248 τὸν
2385 2195 2603 2268 Πατέρα
2634 2198 2954 2254 διδάσκαλον
2982 2202 3347 2273 ἐπιγράφεται
3367 2220 3381 2235 ·
3405 2202 3596 2275 διόπερ
3625 2206 3673 2258 οί
3700 2207 3760 2258 ἐν
3779 2211 3859 2277 τῇ

2268 2288 2487 2360 πατρίδι
2519 2290 2684 2344 αὐτοῦ
2708 2291 2923 2360 ἐλεγονο
2966 2311 2983 2343 ι
3023 2292 3193 2346 Πόθεν
3225 2293 3402 2364 τούτῳ
3432 2295 3580 2348 πᾶσα
3625 2298 3659 2367 ἡ
3687 2297 3860 2366 σοφία

2268 2380 2407 2451 αῦτη
2438 2380 2531 2434 καὶ
2556 2383 2610 2434 αί
2643 2381 2899 2453 δυνάμεις
2923 2399 2937 2448 ;
2963 2383 3074 2454 οὐχ
3105 2380 3258 2448 οὗτός
3297 2386 3446 2439 ἐστιν
3474 2387 3502 2438 6
3534 2386 3632 2439 τοῦ
3662 2388 3863 2443 τέκτο-

2269 2490 2357 2537 νος
2402 2474 2548 2540 υἱός;
2587 2492 2606 2525 ι
2649 2474 2884 2546 ᾜδεσαν
2938 2475 3046 2549 γὰρ
3085 2475 3331 2548 ἀκριϐῶς
3385 2477 3461 2549 μὴ
3508 2478 3863 2545 διδασκάλοις

2269 2565 2576 2637 ἀνθρώποις
2608 2568 3022 2640 προσεσχηκότα
3049 2569 3233 2622 αὐτόν.
3283 2569 3436 2622 Ἐπεὶ
3462 2571 3662 2634 τοίνυν,
3716 2591 3864 2644 p.09-

2272 2660 2378 2732 φὴν
2407 2658 2593 2713 δούλου
2617 2657 2816 2724 λαϐὼν,
2851 2659 2948 2713 κα)⁵
2972 2660 3210 2730 σχήματι
3250 2659 3494 2731 εὑρεθεὶς
3522 2661 3598 2725 ὡς
3636 2662 3864 2734 ἄνθρω-

2272 2767 2390 2815 πος,
2424 2749 2522 2821 τὴν
2546 2749 2798 2820 παιδικὴν
2821 2749 3034 2820 διῆλθεν
3062 2750 3278 2822 ἡλικίαν
3297 2790 3314 2816 ,
3348 2751 3443 2805 καὶ
3472 2752 3570 2824 τῆς
3601 2754 3862 2824 νεότητος

2271 2840 2368 2912 τὴν
2392 2839 2540 2913 ὥραν
2578 2841 2778 2912 ὁμοίως
2802 2843 2934 2914 ἡμῖν
2966 2842 3287 2912 ὑπέμεινενο
3319 2843 3442 2897 οῦτε
3472 2845 3528 2898 δὲ
3552 2844 3862 2919 διατριϐαῖς

2273 2933 2596 3005 προσέσχεν,
2613 2932 2737 2987 οῦτε
2760 2933 3100 2999 διδασκάλοις
3125 2935 3267 2988 κατὰ
3301 2935 3491 2990 τοῦτον
3513 2936 3606 2990 τδν
3637 2940 3856 3010 χρόνον,

2273 3026 2497 3096 δυνάμει
2529 3025 2585 3078 δέ
2628 3025 2783 3098 θεῖκῇ
2811 3025 3147 3097 προέκοπτεν
3183 3027 3369 3100 ἡλικίᾳ
3404 3029 3498 3082 καὶ
3541 3032 3725 3102 σοφίᾳ,
3760 3033 3863 3086 καὶ

2275 3117 2456 3188 χάριτι
2502 3115 2653 3188 παρὰ
2675 3115 2798 3187 Θεῷ
2824 3116 2918 3169 καὶ
2967 3115 3307 3189 ἀνθρὼποις’
3348 3119 3575 3184 εἰκότως
3620 3122 3864 3176 ἐνταῦθὰ

2277 3226 2467 3282 φησιν·
2504 3227 2524 3260 ι
2580 3210 2639 3262 '0
2663 3208 2815 3273 Θεὸς,
2851 3209 3096 3276 ἐδίδαξας
3131 3227 3198 3280 με
3227 3212 3292 3264 ἐκ
3319 3212 3572 3283 νεότητός
3601 3230 3725 3284 μου,
3759 3216 3866 3267 καὶ

2280 3303 2443 3373 μέχρι
2465 3302 2558 3356 τοῦ
2584 3301 2677 3356 νῦν
2703 3301 2989 3371 ἀναγγελῶ
3019 3303 3087 3357 τὰ
3109 3303 3392 3374 θαυμάσια
3420 3321 3513 3359 σου
3539 3323 3553 3336 ο
3581 3324 3601 3358 i
3622 3306 3716 3360 καὶ
3743 3310 3860 3370 τοῖς

603 3403 853 3450 servetur
882 3408 1058 3464 usque
1089 3395 1158 3446 ad
1185 3391 1718 3446 consummationem
1748 3390 1968 3446 seculi:
2006 3399 2081 3456 et,
2114 3397 2171 3444 ut

2274 3396 2426 3466 ἐμοῖς
2456 3395 2752 3466 φυλαχθείη
2783 3394 3048 3467 μαθηταῖς
3078 3395 3240 3468 μέχρι
3266 3397 3577 3462 συντελείας
3597 3397 3692 3452 τοῦ
3725 3398 3862 3452 αίῶ-

602 3487 802 3544 dixerit
838 3485 1137 3557 quispiam,
1167 3498 1342 3553 usque
1373 3481 1442 3538 ad
1498 3492 1858 3547 senectutem,
1893 3489 1947 3538 et
1975 3480 2044 3535 ad
2083 3497 2180 3537 us-

603 3591 709 3651 que
745 3583 1078 3646 postremam
1124 3571 1677 3633 consummationem,
1730 3579 1782 3626 te
1828 3585 2048 3626 rursum
2078 3571 2174 3624 de-

603 3683 819 3740 precor,
861 3665 1031 3732 Deus,
1065 3681 1134 3720 ne
1167 3679 1255 3719 me
1305 3663 1694 3734 derelinquas;
1726 3661 1822 3718 sed
1853 3663 1991 3716 mihi
2025 3661 2178 3718 adsis

604 3775 670 3815 ac
701 3775 802 3832 per
833 3772 922 3814 me
964 3756 1236 3811 mirabilia
1265 3763 1356 3808 tua
1401 3754 1668 3824 opereris,
1718 3771 1737 3804 ι
1760 3752 1933 3808 donec
1965 3768 2180 3807 annun-

603 3855 730 3909 tiem
765 3851 1048 3907 brachium
1091 3858 1245 3903 tuum
1283 3847 1628 3919 generationi
1674 3846 1846 3910 omni,
1882 3861 2006 3917 qua:
2036 3861 2174 3900 ven-

604 3955 727 4001 tura
757 3952 860 4001 est.
878 3967 899 3994 ι
926 3941 1062 3998 Nam
1093 3956 1357 4014 praesens,
1388 3941 1588 4011 inquit,
1610 3941 1894 4010 generatio
1929 3947 2176 3995 tortuosa

603 4047 762 4094 estet
789 4050 1073 4108 perversa,
1116 4033 1394 4106 generatio
1447 4035 1593 4086 mala
1626 4041 1682 4088 et
1709 4032 1986 4087 adultera.
2023 4029 2176 4097 Qua-

604 4137 828 4202 propter
867 4128 924 4182 in
977 4126 1161 4181 l‘utura
1210 4124 1564 4195 generatione
1625 4123 1966 4177 annuntiabo
2035 4139 2052 4172 ι
2082 4137 2178 4191 po—

605 4223 831 4280 tentiam
868 4230 1018 4275 tuam
1049 4226 1104 4273 et
1149 4217 1422 4289 justitiam
1470 4225 1644 4280 tuam,
1676 4216 1844 4280 Deus,
1892 4230 2068 4286 usque
2119 4214 2176 4269 in

605 4308 905 4372 altisnima,
929 4315 985 4361 et
1007 4321 1128 4377 quae
1158 4305 1338 4361 fecisti
1369 4305 1690 4376 magnalia.i
1720 4303 1802 4358 Tu
1833 4305 1970 4374 ipse,
1994 4303 2176 4369 Pater,

607 4417 702 4472 per
735 4415 822 4455 me
852 4400 968 4454 bazc
994 4398 1274 4464 omnibus,
1308 4399 1402 4468 qui
1436 4405 1560 4469 post
1609 4396 1778 4451 futuri
1813 4406 1945 4452 sunt
2001 4395 2179 4450 homi-

606 4495 790 4557 nibus,
821 4501 876 4550 et
904 4499 1149 4548 ventura:
1185 4492 1524 4564 generationi
1556 4489 1928 4552 annuntiabis,
1959 4497 2013 4545 et
2039 4505 2178 4560 pra:-

605 4587 881 4644 dicabitur
903 4586 1119 4657 justitia
1147 4593 1244 4640 tua
1275 4600 1448 4655 usque
1478 4587 1532 4640 in
1563 4584 1852 4640 altissima.
1884 4581 2020 4636 Nam
2052 4598 2178 4637 cum

2277 3505 2367 3551 νος
2386 3505 2402 3518 ο
2426 3489 2521 3542 καὶ
2549 3488 2623 3551 ὡς
2647 3487 2713 3542 ἄν
2741 3505 2826 3552 τις
2850 3487 3016 3553 εῐποι,
3053 3490 3215 3560 μέχρι
3250 3492 3437 3562 γήρως
3491 3491 3588 3545 καὶ
3626 3493 3726 3562 τῆς
3773 3497 3862 3558 εις

2279 3581 2446 3652 ἄκρον
2471 3579 2818 3644 τελειώσεως,
2852 3581 2913 3634 σὲ
2945 3581 3107 3635 πάλιν
3136 3581 3226 3635 τὸν
3246 3583 3380 3638 Θεὸν
3405 3584 3634 3637 ἱκετεύω
3671 3587 3746 3656 μή
3786 3603 3860 3657 με

2281 3673 2688 3742 ἐγκαταλιπεῖν,
2723 3676 2961 3728 συνεῖναι
2989 3673 3049 3728 δέ
3079 3691 3168 3745 μοι
3196 3676 3290 3728 καὶ
3320 3675 3390 3729 τὰ
3433 3675 3714 3748 θαυμάσιά
3761 3696 3862 3732 σου

2279 3765 2518 3836 ἐνεργεῖν
2538 3763 2606 3817 δι’
2641 3762 2795 3834 ἐμοῦ,
2833 3781 2851 3815 ι
2884 3763 2988 3828 ῑως
3021 3763 3331 3832 ἀναγγείλω
3353 3763 3444 3817 τὸν
3479 3764 3742 3836 βραχίονα
3761 3782 3860 3819 σου

2277 3859 2344 3927 τῇ
2372 3856 2534 3927 γενεᾷ
2560 3857 2710 3929 πάσῃ
2725 3858 2791 3926 τῇ
2819 3855 3142 3928 ἐρχομένῃ.»
3163 3856 3227 3909 Ἦ
3251 3856 3359 3929 γὰρ
3383 3855 3501 3920 νῦν,
3532 3857 3686 3927 φησὶ,
3717 3874 3866 3930 παρ-

2277 3948 2414 4002 οῦσα
2454 3947 2617 4017 γενεὰ
2669 3947 2857 4002 σκολιὰ
2888 3949 3147 4019 τυγχάνει
3173 3949 3267 4002 καὶ
3292 3948 3722 4022 διεστραμμένη,
3763 3952 3863 4004 καὶ

2277 4037 2437 4107 γενεὰ
2467 4036 2677 4110 πονηρὰ
2697 4035 2790 4089 καὶ⁵
2820 4035 3088 4108 μοιχαλίς.
3135 4037 3231 4090 Διὸ
3266 4040 3333 4109 τῇ
3379 4039 3543 4109 γενεᾷ
3587 4041 3654 4110 τῇ
3702 4040 3863 4110 ἐρχο-

2280 4131 2418 4210 μένῃ
2445 4129 2740 4200 ἀπαγγελῶ
2779 4149 2797 4181 ι
2821 4128 2919 4202 τὴν
2949 4129 3272 4184 δυναστείαν
3297 4147 3390 4183 σου
3420 4131 3517 4184 καὶ
3538 4130 3638 4202 τὴν
3655 4129 3864 4184 δικαιο-

2280 4220 2446 4293 σύνην
2472 4237 2589 4290 σου,
2616 4221 2645 4273 6
2671 4219 2823 4284 Θεὸς,
2855 4221 2960 4284 ἓως
2986 4220 3094 4274 τῶν
3116 4220 3375 4290 ὑψίστων,
3419 4221 3456 4274 δι
3499 4238 3560 4274 τε
3597 4221 3862 4292 ἐποίησας

2281 4314 2560 4385 μεγαλεῖα.
2591 4332 2611 4366 i
2645 4314 2716 4366 Σὺ
2737 4313 2897 4377 αὐτὸς
2920 4315 2952 4367 6
2976 4305 3188 4386 Πατὴρ,
3217 4314 3284 4368 δι’
3324 4312 3460 4384 ἐμοῦ
3495 4313 3669 4368 ταῦτα
3719 4316 3862 4367 πᾶσι

2261 4405 2390 4470 ’τοῖς
2415 4405 2552 4478 μετὰ
2575 4405 2749 4461 ταῦτα
2781 4407 3168 4479 γενησομένοις
3193 4405 3500 4476 ἀνθρώποις
3532 4407 3628 4459 καὶ
3666 4407 3734 4477 τῇ
3759 4422 3862 4474 γε-

2277 4501 2374 4570 νεᾷ
2398 4501 2469 4571 τῇ
2520 4499 2788 4570 ἐρχομένη
2828 4498 3195 4567 ἀπαγγελεῖς,
3241 4498 3336 4550 καὶ
3384 4496 3789 4568 κηρυχθήσεται
3820 4500 3860 4570 ὴ

2277 4591 2591 4663 δικαιοσύνη
2613 4607 2708 4646 σου
2729 4592 2832 4656 ἕως
2853 4591 2960 4646 τῶν
2988 4589 3245 4660 ύψίστων.
3266 4589 3594 4660 Σωζομένων
3618 4589 3728 4662 γὰρ
3749 4590 3864 4644 τῶν

605 4680 644 4735 ii
673 4680 768 4750 qui
794 4679 848 4733 in
879 4687 1028 4733 terra
1046 4687 1198 4742 sunt,
1221 4679 1450 4732 salutem
1472 4684 1895 4746 consequentur,
1919 4675 2171 4745 gaudium

2281 4684 2376 4737 ἐπὶ
2407 4684 2536 4755 γῆς,
2566 4682 2710 4755 χαρὰ
2741 4681 2893 4738 ἔσται
2924 4685 2983 4736 ἐν
3015 4683 3284 4752 οὐρανοῖς,
3320 4681 3724 4753 συγχαιρόντων
3747 4680 3864 4733 τῶν

604 4773 710 4826 erit
744 4772 800 4825 in
847 4769 1026 4834 caelis,
1057 4770 1289 4840 angelis,
1318 4769 1413 4838 qui
1463 4765 1518 4822 in
1576 4767 1861 4822 altissimis
1901 4767 2174 4830 habitant,

607 4862 891 4917 hominum
929 4860 1093 4916 saluti
1139 4859 1566 4930 gratulantibus.
1609 4858 1899 4914 Seneclam
1956 4872 2088 4913 vero
2115 4867 2172 4913 et

608 4956 822 5012 senium
857 4968 928 5008 ne
973 4953 1254 5008 cuncteris
1300 4953 1508 5014 dicere,
1540 4968 1660 5008 esse
1689 4951 2090 5020 discipulorum
2123 4961 2179 5005 et

606 5045 867 5102 Ecclesiae
921 5045 1096 5116 ipsius
1130 5045 1548 5115 perfectionem.
1606 5044 1664 5098 Si
1702 5059 1940 5113 namque
1969 5058 2174 5112 corpus

605 5141 726 5210 ejus
755 5139 998 5194 Ecclesia
1013 5148 1118 5206 est,
1143 5149 1200 5194 ut
1226 5139 1412 5194 docuit
1431 5137 1726 5208 Apostolus
1759 5137 1981 5192 dicens:
2021 5154 2041 5188 ι
2070 5134 2182 5190 Vos

606 5239 788 5287 autem
817 5231 954 5287 estis
976 5246 1179 5303 corpus
1207 5229 1414 5286 Christi
1439 5241 1493 5286 et
1515 5229 1755 5286 membra
1777 5243 1845 5284 ex
1869 5235 2024 5299 parte
2042 5228 2125 5295 '7;
2153 5247 2174 5279 ο

608 5338 736 5395 pars
770 5323 1031 5380 Ecclesiae
1078 5333 1134 5380 et
1184 5325 1397 5380 senium
1443 5326 1570 5394 ejus
1611 5331 1925 5395 opportune
1961 5323 2180 5378 dicatur

605 5429 752 5479 esse,
809 5415 931 5484 ejus
989 5416 1043 5469 in
1086 5415 1342 5484 praesenti
1389 5416 1498 5468 vita
1553 5414 1857 5470 secundum
1920 5413 2178 5468 virtutem

606 5507 1032 5571 consummatio,
1083 5515 1209 5576 post
1251 5520 1417 5577 quam
1471 5516 1640 5560 exuta
1698 5505 1916 5560 mortali
1971 5519 2036 5559 ac
2071 5513 2181 5559 ter-

607 5612 756 5651 rena
778 5599 911 5662 vita,
943 5595 1155 5651 caelesti
1203 5597 1488 5652 mansione
1520 5595 1764 5668 dignata,
1796 5605 1852 5652 et
1881 5596 2179 5665 conjuncta

609 5685 869 5742 ltrclesia'.
921 5687 1408 5759 primogenitorum
1459 5687 1866 5764 descriptorum
1907 5687 1962 5742 in
1997 5684 2176 5749 caelis,

2278 4775 2338 4825 ἐν
2363 4775 2476 4836 τοῖς
2509 4771 2752 4842 ὑψίστοις
2786 4771 3079 4824 οἰκούντων
3106 4771 3352 4840 ἀγγέλων
3392 4773 3459 4842 τῇ
3487 4771 3596 4825 τῶν
3643 4769 3860 4844 ἀνθρὼ-

2279 4875 2397 4913 πων
2421 4859 2683 4931 σωτηρίᾳ.
2712 4859 2893 4930 Γῆρας
2911 4858 2968 4912 δὲ
2996 4860 3090 4913 καὶ
3121 4861 3386 4932 πρεσϐεία
3408 4863 3482 4934 μὴ
3505 4861 3651 4916 ϐκνει
3680 4861 3866 4930 λέγειν

2281 4949 2378 5021 τὴν
2407 4950 2719 5022 τελειότητα
2747 4950 2856 5005 τῶν
2883 4950 3047 5005 αὑτοῦ
3080 4953 3335 5023 μαθητῶν
3363 4955 3457 5008 καὶ
3483 4955 3579 5025 τῆς
3633 4954 3866 5026 Ἐκκλη-

2283 5043 2405 5106 σίας
2427 5043 2613 5098 αὑτοῦ.
2646 5044 2709 5097 El
2736 5045 2845 5115 γὰρ
2881 5045 3038 5116 σῶμα
3059 5045 3221 5099 αὑτοῦ
3255 5048 3292 5117 ἡ
3333 5046 3628 5118 Ἐκκλησία
3657 5048 3864 5118 τυγχά-

2281 5151 2382 5199 νει,
2404 5135 2480 5199 ὠς
2506 5134 2744 5204 ἐδίδαξεν
2767 5136 2796 5188 6
2837 5136 3155 5202 ’Δπόστολος
3172 5135 3340 5190 εἰπών
3357 5154 3371 5168 ·
3399 5156 3419 5190 ε
3443 5139 3628 5209 Ὑμεῖς
3649 5138 3707 5192 δέ
3733 5141 3860 5192 ἐστε

2286 5227 2445 5299 σῶμα
2492 5229 2728 5300 Χριστοῦ
2773 5230 2868 5283 καὶ
2904 5230 3040 5300 μέλη
3093 5231 3156 5284 ἐκ
3211 5229 3440 5300 μέρουςο
3478 5249 3500 5282 ι
3541 5231 3708 5302 μέρος
3756 5232 3860 5302 τῆς

2297 5319 2619 5391 Ἐκκλησίας
2651 5322 2746 5374 καὶ
2767 5322 3052 5394 πρεσϐεῖον
3079 5321 3248 5392 αὐτῆς
3292 5320 3486 5391 λέγοιτ’
3527 5321 3594 5376 ἂν
3633 5322 3860 5386 εἰκότως

2283 5413 2316 5480 ἡ
2346 5411 2466 5464 κατ’
2495 5411 2695 5483 ἀρετὴν
2716 5410 2812 5483 τὴν
2842 5414 2900 5465 ἐν
2927 5413 3005 5484 τῷ
3031 5413 3257 5485 παρόντι
3281 5413 3382 5486 βίῳ
3407 5413 3714 5478 τελείωσις,
3737 5411 3839 5484 μεθ

2284 5502 2370 5572 ἢν,
2407 5501 2596 5575 ὥσπερ
2617 5503 3002 5576 ἀποδυσαμένη
3028 5505 3118 5558 τδν
3135 5507 3225 5559 ἐπὶ
3244 5507 3347 5577 γῆς
3365 5505 3556 5578 θνητὸν
3579 5505 3713 5576 βίον,
3733 5506 3858 5558 ἀνα·

2282 5594 2688 5666 καινισθήσεται
2716 5595 2815 5666 τῆς
2844 5596 3098 5666 οὐρανίου
3131 5597 3408 5671 διατριϐῆς
3455 5597 3843 5668 καταξιωθησοι

2283 5684 2444 5756 μένη,
2485 5689 2866 5762 συναπτομένη
2895 5705 2954 5741 τε
2983 5690 3050 5759 τῇ
3084 5687 3376 5761 Ἐκκλησία
3422 5691 3530 5746 τῶν
3581 5689 3856 5763 πρωτοτόη

680 5846 724 5876 ’³
758 5839 968 5896 Μοιοείι
1032 5859 1073 5910 ι,
1103 5843 1189 5903 ιι,
1269 5844 1316 5877 ’⁸
1353 5825 1692 5910 Μοιιιιξῐιιι,
1721 5842 1908 5900 54-55.
1987 5843 2031 5874 ⁸⁷
2059 5842 2078 5896 l
2105 5841 2232 5897 Cor.
2256 5855 2358 5908 xu,
2386 5841 2476 5897 9.7.
