3930 6436
130 376 216 430 785
1237 356 1738 417 COMMENTARIA
1774 355 1843 410 IN
1878 352 2222 413 PSALMOS.

3267 348 3369 405 786

127 511 220 549 κων
244 489 347 543 τῶν
380 484 895 557 ἀπογεγραμμένων
922 481 979 535 ἐν
999 480 1271 551 οὐρανοῖς.
1299 479 1457 534 Οὕτω
1476 479 1679 550 νοήσεις

1799 475 2174 532 renovabitur.
2219 470 2314 529 Sic
2343 474 2471 527 item
2518 471 2794 541 intelligas
2823 470 2968 542 quod
3005 470 3260 541 superius
3287 471 3373 526 di-

127 582 287 639 καὶτὸ
312 579 571 650 ἀνωτέρω
594 575 917 648 λελεγμένον
958 577 1016 627 ἐν
1044 572 1142 643 τῷ,
1184 590 1203 623 ι
1241 571 1333 644 Μὴ
1377 571 1691 644 ἀποῤῥίψῃς

129 692 185 747 με
218 675 291 735 είς
320 669 511 743 καιρὸν
532 669 740 740 γήρως,
774 669 831 720 ἐν
863 663 939 735 τῷ
969 663 1242 717 ἐκλείπειν
1264 663 1364 734 τήν
1403 660 1556 732 ίσχύν
1586 678 1689 732 μου

130 767 192 837 μὴ
231 760 596 833 ἐγκαταλίπης
634 776 720 830 με.
777 778 795 809 ι
848 756 1008 811 Κατά
1058 755 1169 828 γὰρ
1226 754 1419 825 ἑτέραν
1463 753 1691 825 ἐκδοχὴν

128 854 459 928 ύπερεύχεται
500 853 600 923 τῆς
656 848 983 919 Ἐκκλησίας
1029 844 1231 909 αὐτοῦ,
1271 846 1360 899 ῐνα
1405 845 1463 897 ἐν
1511 842 1689 915 καιρῷ

124 949 207 1019 τῆς
231 946 366 1001 κατά
397 945 501 1016 γῆν
534 942 878 1015 μακρότητος
902 941 976 1012 μή
1002 937 1372 1012 ἀπορῤιφθείη
1393 954 1408 967 ·
1440 939 1487 990 εἰ
1511 937 1566 990 δὲ
1593 936 1688 989 καὶ

123 1039 223 1094 τότε
248 1036 487 1092 ἐκλείπει
517 1037 554 1107 ἡ
592 1035 745 1105 ἰσχὺς
767 1031 973 1103 αὐτῆς,
1021 1030 1155 1102 μηδέ
1203 1029 1327 1107 τότε
1370 1025 1687 1097 ἐγκαταλει-

123 1134 278 1206 φθείη.
308 1131 610 1203 Συμϐαίνει
642 1129 753 1200 γὰρ
783 1126 1043 1189 πολλάκις
1073 1106 1351 1177 ἐκλείπειν
1379 1121 1523 1175 κατά
1559 1120 1686 1183 τοὺς

124 1226 320 1299 καιροὺς
366 1225 477 1278 τῶν
527 1220 785 1293 διωγμῶν
813 1260 828 1284 ,
874 1217 1095 1272 ἐπειδάν
1117 1217 1167 1269 οί
1212 1212 1400 1268 πολλοὶ
1440 1210 1535 1265 τοῦ
1582 1210 1688 1265 σώ-

124 1336 268 1391 ματος
316 1317 414 1386 τῆς
471 1313 799 1385 Ἑκκλησίας
840 1313 906 1366 δι’
956 1309 1238 1365 ἀσθένειαν
1296 1306 1547 1369 πίστεως
1605 1304 1687 1371 ἐξ·

119 1412 380 1485 ομνύονται
409 1408 511 1480 τήν
552 1411 755 1462 πίστιν.
796 1406 906 1459 Καὶ
959 1406 1166 1475 μήποτε
1214 1399 1388 1454 ταῦτα
1440 1396 1685 1485 ἀναπέμ-

124 1522 255 1559 πεται
275 1505 363 1558 ἐπὶ
398 1504 492 1557 τὸν
522 1500 716 1572 καιρὸν
736 1499 838 1569 τῆς
871 1495 1227 1557 ἀποστασίας,
1246 1494 1374 1563 περὶ
1402 1484 1464 1545 οὗ
1487 1488 1681 1561 καιροῦ

118 1601 145 1652 6
176 1595 479 1660 Ἀπόστολος
536 1593 784 1649 ἐδίδασκε
837 1590 1041 1659 λέγων·
1092 1606 1113 1639 ι
1160 1585 1285 1639 Ἐὰν
1338 1583 1413 1656 μὴ
1466 1576 1595 1655 ἔλθῃ
1648 1582 1681 1653 ὴ

122 1689 391 1745 ἀποστασία
453 1686 675 1759 πρῶτον
700 1726 715 1748 ,
787 1684 881 1738 καὶ
964 1678 1323 1749 ἀποκαλυφθῇ
1396 1675 1683 1747 ἄνθρωπος

122 1781 198 1852 τῆς
244 1778 513 1851 ἁμαρτίας
538 1817 555 1843 ,
620 1778 651 1830 6
705 1776 833 1839 Υἱὸς
890 1775 989 1845 τῆς
1043 1771 1339 1834 ἀπωλείας.
1405 1788 1425 1821 ι
1481 1766 1681 1822 Τοῦτον

1791 569 1977 623 citur:
2020 565 2141 621 «Ne
2182 564 2445 635 projicias
2503 578 2591 619 me
2639 564 2694 618 in
2743 571 2994 634 tempore
3042 564 3366 627 senectutis.

1791 682 1915 724 cum
1940 665 2158 720 deficiet
2193 663 2367 717 virtus
2406 676 2548 729 mea,
2580 676 2648 716 ne
2678 660 3029 731 derelinquas
3054 675 3193 716 me.»
3230 657 3365 715 Nam

1791 755 2096 814 secundum
2148 755 2311 809 aliam
2365 754 2763 824 expositionem
2805 768 2906 823 pro
2968 752 3213 808 Ecclesia
3266 769 3367 809 sua

1791 858 2068 922 precatur,
2100 858 2160 903 ut
2193 863 2263 903 ne
2288 849 2342 902 in
2381 856 2625 918 tempore
2672 855 2908 902 terrenae
2957 847 3107 902 illius
3143 846 3368 901 diutur-

1790 939 1981 996 nitatis
2024 941 2368 1011 projiclatur.
2418 938 2574 1005 Quod
2632 939 2681 995 si
2729 947 2863 994 tunc
2916 937 3135 993 deficiat
3188 939 3367 997 virtus

1788 1035 1931 1103 ej-us,
1967 1042 2126 1106 rogat
2166 1039 2227 1087 ut
2261 1047 2329 1088 ne
2368 1033 2449 1088 sic
2491 1030 2712 1103 quidem
2749 1032 3187 1102 derelinquatur.
3228 1030 3369 1086 Con-

1787 1128 1951 1198 tingit
2001 1127 2147 1183 enim
2205 1127 2551 1198 plerumque,
2605 1134 2668 1181 ut
2722 1126 3172 1196 persecutionum
3222 1132 3364 1181 tem-

1784 1236 1921 1292 pore
1951 1219 2193 1283 deficiat,
2230 1234 2358 1274 cum
2400 1219 2554 1273 multi
2591 1235 2656 1274 ex
2692 1218 2949 1274 Ecclesia:
2996 1232 3229 1288 corpore
3293 1218 3365 1273 ob

1787 1310 1913 1366 fidei
1946 1310 2344 1377 infirmitatem,
2386 1326 2506 1365 eam
2554 1310 2831 1380 abjurant.
2873 1309 3013 1365 Num
3062 1308 3204 1365 forte
3248 1310 3365 1365 hate

1786 1403 2073 1460 referenda
2117 1404 2188 1459 ad
2227 1411 2448 1475 tempus
2482 1403 2833 1469 defectionis,
2870 1404 2939 1460 de
2988 1419 3098 1475 quo
3131 1406 3366 1475 Aposto-

1787 1499 1873 1555 lus
1924 1499 2039 1554 haec
2095 1498 2317 1553 docuit:
2371 1498 2533 1553 cNisi
2575 1498 2787 1553 venerit
2820 1496 3059 1553 defectio
3104 1498 3361 1568 primum,

1782 1598 1840 1646 et
1871 1590 2150 1647 revelatus
2208 1590 2376 1646 fuerit
2428 1590 2592 1645 homo
2640 1591 2875 1661 peccati,
2913 1590 3057 1646 illius
3106 1589 3364 1661 perditio-

1784 1684 1986 1739 nis".i
2033 1682 2147 1738 Hoc
2178 1697 2306 1739 vero
2340 1690 2562 1751 tempus
2609 1681 2869 1738 Servator
2916 1681 3219 1739 declaravit
3254 1682 3343 1738 his

1783 1777 1992 1834 verbis:
2024 1796 2042 1829 ι
2066 1775 2206 1831 Num
2231 1777 2457 1832 veniens
2484 1775 2654 1833 Filius
2680 1776 2921 1833 hominis
2941 1777 3181 1833 inveniet
3203 1776 3363 1833 fidem

120 1872 166 1924 ἃ
211 1872 292 1926 τὸν
350 1871 546 1943 καιρὸν
622 1871 652 1923 6
699 1868 890 1939 Σωτὴρ
948 1865 1137 1938 ἐδήλου
1191 1863 1367 1932 λέγων
1391 1877 1406 1890 ο
1471 1878 1492 1912 ι
1526 1856 1673 1931 ’Ἄρα

1781 1887 1944 1942 super
1977 1880 2175 1926 terram
2199 1870 2279 1924 ἠ
2305 1890 2324 1923 ι
2358 1879 2412 1925 et
2445 1886 2676 1926 rursum
2704 1890 2717 1926 :
2749 1889 2768 1924 ι
2799 1870 2865 1925 Et
2897 1870 3157 1943 quoniam
3189 1870 3368 1926 abun-

124 1962 265 2018 ἐλθὼν
313 1966 343 2017 6
389 1963 521 2028 Υἱὸς
566 1962 665 2017 τοῦ
712 1959 1002 2033 ἀνθρώπου
1062 1958 1284 2029 εὑρήσει
1341 1956 1443 2029 τήν
1494 1955 1678 2008 πίστιν

122 2058 197 2109 ἐπὶ
220 2056 309 2128 τῆς
336 2056 474 2127 γῆς;
503 2076 522 2107 ι
556 2056 669 2110 Καὶ
717 2054 878 2110 πάλιν
902 2071 916 2085 ·
969 2072 987 2106 ι
1014 2052 1114 2106 Διά
1139 2052 1197 2106 δὲ
1225 2051 1287 2105 τὸ
1312 2047 1679 2119 πληθυνθῆναι

121 2152 201 2220 τὴν
224 2148 462 2220 ἀνομίαν,
486 2148 798 2219 ψυγήσεται
830 2149 863 2217 ἡ
895 2144 1083 2218 ἀγάπη
1116 2143 1224 2199 τῶν
1248 2141 1480 2198 πολλῶν.
1505 2160 1523 2194 ι
1545 2140 1678 2195 Τότε

122 2243 211 2314 γὰρ
237 2242 378 2295 ἔσται
418 2240 695 2313 γηραλέον
726 2241 820 2293 καὶ
855 2238 1079 2301 ἀσθενὲς
1109 2237 1171 2290 τὸ
1218 2236 1376 2307 σῶμα
1418 2234 1517 2306 τῆς
1558 2234 1679 2287 Έκ-

124 2333 493 2406 κλησίας.“Αλλ’
521 2334 611 2387 ἴνα
649 2332 784 2405 μηδὲ
822 2333 942 2386 τότε
985 2330 1191 2403 ἔρημος
1231 2326 1618 2398 καταλειφθείη
1649 2328 1679 2378 6

124 2428 227 2490 λαὸς
254 2426 431 2492 αὑτοῦ,
466 2428 786 2496 ἀναγκαίως
827 2425 927 2490 τὰς
966 2424 1329 2498 προκειμένας
1362 2423 1677 2492 ἀναπέμπει

126 2518 305 2584 σωνάς·
343 2537 361 2571 ι
383 2519 441 2572 '0
476 2518 635 2582 Θεὸς,
670 2518 754 2581 τίς
780 2517 1177 2591 ὀμοιωθήσεταί
1204 2533 1316 2582 σοις
1344 2516 1511 2579 Ὅσας
1544 2514 1679 2567 ἐδει-

127 2610 205 2675 ξας
248 2628 329 2682 μοι
380 2611 591 2681 θλίψεις
638 2611 839 2676 πολλὰς
892 2612 987 2665 καὶ
1032 2611 1213 2675 κακὰς
1242 2630 1260 2662 ι
1306 2609 1398 2663 καί⁷
1430 2608 1497 2662 τά
1526 2607 1673 2677 ἐξῆς.

128 2702 241 2766 Τοὺς
261 2704 502 2776 ἀκριϐεῖς
535 2704 735 2773 λόγους
766 2704 888 2759 καθ’
923 2702 1016 2768 οῦς
1039 2705 1067 2756 6
1097 2702 1229 2767 Θεὸς
1257 2700 1352 2756 τοῦ
1389 2700 1517 2755 ίδίου
1543 2699 1675 2753 Υίοῦ

128 2798 208 2850 οὐκ
251 2799 513 2867 ἐφείσατο,
559 2799 677 2853 ἀλλ’
707 2799 849 2871 ὑπὲρ
891 2798 1051 2870 ήμῶν
1095 2798 1312 2851 πάντων
1364 2794 1679 2866 παρέδωκεν

129 2890 279 2953 αὐτὸν,
313 2892 383 2962 μὴ
435 2892 639 2961 γνόντα
686 2909 747 2945 τε
794 2892 957 2946 αὐτὸν
1006 2889 1280 2962 ἁμαρτίαν
1332 2889 1470 2961 ὑπὲρ
1519 2886 1677 2958 ήμῶν

132 2983 364 3055 ἁμαρτίαν
396 2984 679 3058 ἐποίησεν,
706 2982 881 3048 οὐδεὶς
912 2982 1135 3037 δύναται
1176 2980 1401 3035 διελθεῖν
1440 2980 1474 3051 ἢ
1519 2979 1679 3050 μόνος

129 3077 277 3140 αὐτός.
316 3077 453 3141 «τίς
491 3077 604 3151 γὰρ
655 3076 796 3147 ἔγνω
831 3076 956 3131 νοῦν
993 3075 1222 3148 Κυρίου,
1250 3074 1308 3138 δς
1351 3071 1686 3144 συμϐιϐάσει⁴

132 3165 289 3231 αὑτόν;
318 3184 336 3216 ι
372 3166 494 3220 Οὐδ’
532 3167 602 3221 ἂν
651 3166 899 3221 ἐπιϐάλοι
943 3183 1027 3229 τις
1057 3166 1124 3237 τῇ
1166 3163 1261 3218 τοῦ
1304 3160 1440 3218 Θεοῦ
1474 3162 1675 3234 κρίσει,

128 3258 215 3311 οὐδ’
242 3258 300 3311 ἀν
348 3257 559 3331 ἐξεύροι
613 3258 741 3323 τοὺς
784 3258 1096 3330 λογισμοὺς,
1139 3256 1207 3310 δι’
1240 3255 1333 3320 οὓς
1382 3254 1678 3319 ἐνεδείξατο

132 3350 195 3422 τῷ
220 3352 498 3425 Μονογενεῖ
542 3352 753 3423 θλίψεις
783 3350 983 3416 πολλάς
1010 3351 1104 3405 καὶ
1131 3348 1308 3404 κακά·
1343 3349 1407 3401 ού
1444 3347 1544 3418 μὲν
1570 3346 1681 3399 εἷα-

136 3458 209 3495 σεν
247 3444 393 3500 αύτδν
435 3446 493 3499 ἐν
534 3444 756 3506 αὐταῖς
800 3442 915 3496 ἀλλ’
940 3438 1271 3512 ἐπιστρέψας
1314 3435 1677 3509 ἐζωοποίησεν

132 3534 263 3589 αὐτὸν
293 3538 380 3590 καὶ
412 3539 477 3591 ἐκ
519 3536 631 3589 τῶν
674 3535 925 3589 ἀϐύσσων
957 3536 1055 3606 τῆς
1080 3535 1183 3606 γῆς
1217 3533 1378 3588 πάλιν
1403 3533 1677 3603 ἀνήγαγεν

131 3628 283 3683 αὐτόν.
312 3630 519 3703 Σφόδρα
552 3630 612 3683 δὲ
644 3628 888 3701 ἀκριϐῶς
916 3629 1129 3700 εἴρηται
1156 3628 1237 3692 τὸ,
1270 3626 1549 3691 ιἜδειξάς
1587 3643 1677 3697 μοι

131 3717 305 3790 θλίψεις
329 3722 527 3787 πολλὰς
558 3721 654 3775 καὶ
682 3720 848 3775 κακά.
873 3740 891 3771 ι
911 3718 1058 3773 Ἰδὼν
1081 3716 1191 3790 γάρ
1211 3717 1312 3782 τάς
1340 3717 1549 3787 θλίψεις
1582 3715 1677 3769 καὶ

131 3810 183 3863 τὰ
223 3812 588 3885 ὀνομαζόμενα
630 3811 806 3876 κακά,
853 3812 953 3880 οὐχ
1000 3810 1141 3865 ἐάλω
1184 3809 1275 3863 ὑπ’
1306 3808 1507 3873 αὐτῶν,
1554 3806 1679 3860 ούδέ

132 3902 337 3977 ἡττήθη·
372 3906 642 3978 κρείττων
673 3904 728 3958 δὲ
763 3904 980 3957 πάντων
1014 3904 1325 3974 γενόμενος,
1363 3900 1566 3972 θεωρὸς
1607 3895 1675 3970 ἦν

136 3997 302 4051 αὐτῶν⁹
335 4001 407 4065 ὡς
448 4001 670 4055 πάντων
706 3998 907 4069 μᾶλλον
937 3998 1113 4050 είπεῖν
1136 3994 1201 4048 ἂν
1228 3994 1309 4057 τὸ,
1346 4012 1366 4045 ι
1390 3994 1478 4046 Ἐν
1514 3991 1676 4045 παντὶ

135 4088 418 4163 θλιϐόμενοι,
467 4093 586 4147 ἀλλ’
612 4092 673 4145 ού
722 4087 1240 4160 στενοχωρούμενοισ
1286 4084 1671 4157 ἀπορούμενοι,

135 4181 224 4235 ἀλλ’
252 4185 343 4239 ούκ
388 4185 841 4258 ἐξαπορούμενοι·
894 4178 1376 4251 καταϐαλλόμενοι,
1425 4177 1539 4232 ἀλλ’
1574 4177 1675 4229 ούκ

136 4275 638 4351 ἐγκαταλειπόμενοι.
673 4296 691 4329 ι
725 4274 911 4329 Ταῦτα
956 4273 1065 4344 γὰρ
1093 4272 1306 4336 Παῦλος
1344 4270 1438 4324 καὶ
1481 4270 1529 4323 oi
1569 4286 1675 4322 πα-

138 4369 384 4442 ραπλήσιοι
413 4370 598 4442 ὠφελη
608 4370 755 4440 μένοι
783 4367 875 4422 τὸν
911 4364 1230 4421 διδάσκαλον
1257 4363 1462 4432 ἔλεγον.
1481 4361 1675 4415 Ἀϐύσ-

138 4475 239 4525 σονς
260 4462 310 4516 δέ
338 4464 439 4535 γῆς
467 4461 701 4517 ἐνταῦθα
744 4459 844 4531 τὴν
885 4456 998 4511 τῶν
1037 4455 1406 4527 καταχθονίων
1438 4454 1541 4525 γῆν
1566 4452 1675 4525 χώ-

140 4568 218 4620 ραν
242 4553 506 4641 ὠνόμαζεν
526 4572 542 4587 ι
584 4554 612 4608 δ
638 4553 701 4625 δὴ
737 4550 1019 4623 σαφηνίζει
1051 4550 1082 4603 6
1112 4547 1430 4641 Ἀπόστολος
1455 4546 1633 4615 λέγων
1655 4563 1668 4577 ·

142 4662 157 4692 ι
178 4646 254 4717 Μὴ
280 4648 450 4719 εἴπῃς,
478 4648 575 4712 Τίς
602 4644 970 4718 καταϐήσεται
990 4645 1067 4708 είς
1092 4642 1193 4715 τὴν
1218 4640 1471 4706 ἄϐυσσον,
1517 4656 1674 4693 τουτ-

139 4735 231 4791 ἐστι
251 4740 467 4812 Χριστὸν
493 4743 559 4795 ἐκ
577 4738 789 4811 νεκρῶν
810 4738 1108 4807 ἀναγαγεῖν
1131 4754 1145 4801 ;
1189 4754 1208 4787 ι
1229 4734 1341 4789 Καὶ
1363 4735 1419 4787 ἐν
1442 4733 1521 4805 τῷ
1553 4730 1675 4786 Ἰὼϐ

138 4826 222 4883 ὂὲό
242 4834 580 4920 χρηματίζων
606 4832 756 4903 αύτῷ
783 4831 985 4904 Κύριος
1015 4829 1166 4899 ἔλεγε
1184 4845 1199 4860 ⁸
1237 4824 1469 4891 ιἯλθες
1498 4826 1678 4920 δὲλέπὶ

140 4923 288 4993 πηγὴν
314 4918 602 4997 θαλάσσης,
638 4927 696 4979 ἐν
738 4925 795 4979 δὲ
838 4923 1039 4996 ἴχνεσιν
1070 4921 1307 4976 ἀϐύσσου
1341 4918 1679 4991 περιεπάτη-

144 5015 567 5087 σα;.Ἄνοίγονται
611 5018 669 5072 δέ
712 5036 793 5071 σοι
830 5017 979 5089 φόϐῳ
1014 5017 1180 5071 πύλαι
1212 5017 1473 5072 θανάτουο
1507 5015 1679 5069 πυλω-

144 5105 209 5173 poi.
230 5106 279 5160 δὲ
310 5108 427 5180 ᾆδον
465 5111 663 5175 ἰδόντες
692 5127 751 5163 σε
784 5108 1039 5181 ἔπτηξαν.
1073 5129 1091 5163 ι
1111 5111 1169 5164 '0
1207 5110 1265 5164 δὲ
1308 5109 1476 5164 είπὼν
1497 5107 1681 5163 ἐνταῦ-

144 5194 214 5259 θα,
241 5217 257 5249 ι
284 5201 384 5254 Καὶ
418 5205 480 5257 ἐκ
519 5203 628 5257 τῶν
665 5202 918 5256 ἀϐύσσων
944 5204 1044 5271 τῆς
1073 5204 1177 5275 γῆς
1210 5204 1371 5258 πάλιν
1403 5205 1680 5276 ἀνήγαγές

149 5304 219 5353 με,
248 5311 264 5343 ι
292 5297 469 5364 σαφῶς
503 5295 740 5362 ἐδίδαξεν
770 5295 959 5349 ἐαυτὸν
989 5297 1412 5367 κατεληλυθέναι
1462 5299 1541 5361 είς
1582 5298 1681 5360 τὰς

144 5378 374 5449 ἀϐύσσους
398 5388 494 5457 τῆς
518 5388 643 5459 γῆς,
674 5390 766 5442 καὶ
799 5388 960 5442 πάλιν
984 5388 1385 5460 ἀνεληλυθέναι.
1416 5390 1529 5443 Ούκ
1561 5385 1678 5443 οἶδα

146 5467 190 5521 δὲ
222 5475 362 5541 εἴτις
400 5478 616 5533 δύναται
662 5481 865 5553 ἑτέρως
901 5481 1149 5535 ἐκλαϐεῖν
1194 5480 1366 5535 ταῦτα
1393 5480 1424 5552 ἢ
1456 5481 1549 5535 ἐπὶ
1584 5481 1676 5535 τὸν

147 5558 339 5637 Σωτῆρα
364 5573 453 5624 καὶ
476 5572 676 5645 Κύριον
704 5573 859 5644 ήμῶν
880 5572 1168 5644 ἀναφέρων
1191 5574 1290 5645 τὴν
1315 5572 1671 5645 προφητείαν.

1704 4604 1753 4662 D

1780 1964 1927 2019 davit
1976 1965 2258 2035 iniquitas,
2304 1963 2623 2035 refrigescet
2652 1964 2897 2019 Charitas
2940 1965 3237 2019 multorum
3264 1965 3305 2018 ί.
3337 1983 3357 2016 ι

1780 2057 1935 2113 Tunc
1966 2059 2111 2113 enim
2140 2072 2344 2127 corpus
2377 2055 2635 2113 Ecclesiae
2663 2056 2821 2112 senio
2848 2056 3159 2113 confectum
3190 2064 3246 2112 et
3274 2055 3362 2112 in-

1780 2151 1995 2206 firmum
2030 2151 2158 2207 erit.
2195 2149 2397 2205 Verum
2438 2166 2507 2205 ne
2538 2150 2633 2204 illo
2674 2158 2923 2221 tempore
2966 2150 3221 2206 desertus
3260 2163 3363 2221 po-

1780 2244 1942 2315 pulus
1971 2243 2092 2313 ejus
2134 2244 2503 2313 relinquatur,
2546 2244 2865 2299 necessario
2909 2243 3011 2299 has
3041 2243 3250 2313 profert
3274 2260 3365 2301 vo-

1778 2352 1909 2393 ces:
1942 2356 1959 2387 ι
1992 2334 2157 2397 Deus,
2192 2335 2319 2406 quis
2359 2334 2557 2391 similis
2598 2334 2705 2389 erit
2734 2333 2874 2389 tibi?
2898 2333 3145 2400 Quantas
3176 2343 3366 2391 osten-

1780 2430 1910 2485 disti
1957 2429 2091 2484 mihi
2123 2428 2511 2485 tribulationes
2562 2429 2764 2485 multas
2796 2435 2852 2483 et
2903 2428 3079 2483 mala?
3109 2448 3128 2481 ι
3175 2438 3230 2484 et
3268 2443 3367 2485 cae-

1779 2529 1917 2578 tera.
1952 2520 2089 2577 Nam
2132 2531 2447 2575 accuratam
2482 2520 2755 2575 rationem
2789 2534 2891 2576 cur
2920 2519 3064 2576 Deus
3092 2516 3234 2575 Filio
3262 2535 3366 2576 suo

1780 2630 1889 2670 non
1926 2614 2252 2685 pepercerit,
2290 2613 2387 2669 sed
2432 2628 2534 2685 pro
2571 2612 2735 2670 nobis
2778 2612 3035 2669 omnibus
3078 2612 3367 2669 tradiderit

1781 2705 1933 2761 illum
1956 2724 1971 2773 ;
2006 2720 2070 2759 ac
2092 2720 2217 2759 cum
2245 2713 2530 2776 peccatum
2558 2719 2667 2760 non
2692 2712 2902 2769 nosset,
2934 2712 3215 2775 peccatum
3238 2718 3366 2758 eum

1780 2811 1879 2867 pro
1904 2796 2065 2851 nobis
2086 2794 2351 2859 effecerit,
2385 2809 2548 2851 nemo
2571 2803 2770 2868 praeter
2790 2797 2970 2866 ipsum
3002 2795 3179 2851 solum
3202 2809 3365 2850 enar-

1778 2903 1902 2943 rare
1934 2895 2136 2958 potest.
2178 2906 2197 2940 ι
2228 2886 2366 2954 Quis
2395 2890 2541 2944 enim
2568 2888 2721 2943 novit
2742 2903 2969 2944 sensum
3006 2885 3242 2952 Domini,
3268 2886 3365 2959 qui

1781 2980 2020 3037 instruat
2058 2995 2183 3037 eum
2204 2980 2264 3034 ³2
2292 3000 2311 3033 ι
2348 2980 2534 3053 Neque
2555 2981 2703 3036 enim
2733 2982 2859 3051 quis
2886 2980 2942 3034 in
2972 2980 3069 3036 Dei
3092 2979 3362 3049 judicium

1782 3090 1907 3131 sese
1950 3074 2251 3130 immittere
2292 3073 2511 3137 audeat,
2566 3088 2746 3145 neque
2785 3073 3018 3129 consilia
3057 3071 3365 3142 deprehen-

1783 3167 1913 3223 dere
1938 3167 2134 3238 possit,
2169 3166 2326 3238 queis
2358 3165 2653 3237 Unigenitu
2701 3179 2806 3221 suo
2851 3164 3094 3221 ostendit
3138 3163 3373 3219 tribula-

1706 3234 1747 3293 c
1780 3234 1963 3317 tiones
1994 3267 2051 3316 et
2080 3234 2253 3316 multa
2278 3260 2444 3315 mala.
2473 3234 2665 3329 Neque
2699 3258 2754 3313 in
2782 3258 2852 3314 iis
2882 3258 3062 3329 ipsum
3093 3258 3359 3320 deseruit,

1779 3352 1874 3410 sed
1905 3368 2223 3409 conversus»
2247 3350 2549 3406 vivillcavit
2572 3366 2720 3415 etim,
2752 3358 2809 3406 et
2853 3349 2922 3406 de
2953 3350 3171 3422 abyssis
3199 3357 3363 3404 terra

1777 3446 1975 3502 iterum
2008 3445 2229 3501 reduxit
2265 3460 2413 3500 eum.
2448 3444 2883 3501 Accuratissime
2927 3452 3111 3500 autem
3153 3443 3361 3499 dictum

1778 3538 1880 3595 mu
1916 3539 2072 3603 illud,
2110 3557 2130 3590 ι
2161 3537 2463 3595 Ostendisti
2492 3537 2626 3591 mihi
2652 3537 3045 3592 tribulationes-
3070 3536 3275 3593 multas
3305 3544 3361 3592 et

1778 3632 1939 3687 mala.
1976 3650 1995 3682 ι
2056 3630 2196 3686 Cum
2248 3629 2587 3701 prospiceret
2632 3629 2779 3684 enim
2832 3629 3250 3692 tribulationes,
3304 3638 3361 3685 et

1776 3722 1949 3777 multa
1986 3722 2079 3777 illa
2112 3738 2235 3794 qua:
2268 3730 2535 3777 vocantur
2563 3721 2729 3785 mala,
2766 3736 2875 3775 non
2917 3728 3112 3791 captus
3146 3723 3214 3777 ab
3250 3722 3360 3780 illis

1776 3829 1955 3886 neque
2000 3815 2179 3870 victus
2222 3821 2342 3883 est;
2392 3812 2489 3870 sed
2529 3814 2786 3869 omnibus
2823 3815 3074 3883 superior
3109 3814 3355 3879 effectus.

1776 3910 2255 3982 contemplabatur
2300 3924 2398 3974 ea;
2454 3907 2530 3963 ita
2571 3916 2633 3962 ut
2666 3908 2754 3964 his
2794 3908 3024 3964 vocibus
3066 3908 3355 3980 piusquam

1776 4019 1968 4059 omnes
2016 4004 2110 4058 alii
2163 4018 2297 4059 usus
2346 4002 2417 4058 sit
2451 4022 2463 4057 :
2504 4021 2523 4053 ι
2554 3999 2612 4055 1η
2647 4000 2907 4056 omnibus
2947 4001 3356 4056 tribulationem

1776 4096 2035 4168 patimur,
2060 4094 2156 4151 sed
2180 4111 2289 4149 non
2318 4094 2698 4165 angustiamur
2726 4113 2739 4147 :
2764 4093 3099 4163 aporiamur.
3126 4092 3221 4149 sed
3247 4107 3357 4147 non

1776 4188 2131 4244 destituimur
2160 4206 2173 4242 :
2202 4187 2515 4256 dejicimur,
2546 4187 2641 4242 sed
2669 4201 2777 4241 non
2809 4185 3299 4256 derelinquimur'.
3333 4206 3352 4235 ι

1776 4280 1901 4336 Hac
1932 4279 2133 4351 quippe
2164 4279 2394 4343 Paulus,
2443 4289 2496 4333 et
2526 4280 2618 4349 qui
2653 4294 2841 4349 parem
2894 4285 3059 4348 atque
3096 4277 3359 4349 magister

1776 4373 1867 4429 ille
1895 4373 2187 4428 utilitatem
2220 4380 2577 4443 perceperant
2603 4370 2879 4427 dicebant.
2920 4367 3164 4441 Abyssos
3198 4379 3359 4425 terra;

1775 4465 1865 4519 hic
1908 4464 2205 4520 inferorum
2254 4464 2531 4535 regionem
2573 4462 2833 4518 vocavit:
2875 4462 3021 4533 quod
3060 4462 3358 4534 Apostolus

1776 4558 2010 4629 explicat
2031 4557 2254 4613 dicens:
2284 4576 2301 4609 ι
2333 4555 2412 4613 Ne
2434 4556 2587 4611 dicas
2611 4553 2779 4621 :Quis
2806 4554 3181 4610 descendetin
3202 4554 3361 4626 abyso

1778 4649 1977 4717 sum‘;
2010 4649 2064 4705 id
2105 4657 2210 4713 est,
2258 4648 2541 4704 Christum
2592 4661 2658 4701 ex
2708 4645 2944 4701 mortuis
2998 4644 3299 4699 reducere?
3334 4664 3353 4695 ι

1778 4740 1843 4795 Ει
1871 4742 1927 4797 ἱη
1956 4740 2059 4796 Job
2081 4756 2301 4812 quoque
2329 4739 2591 4795 Dominus
2620 4738 2714 4808 qui
2748 4739 2803 4792 in
2834 4738 2953 4808 ipso
2976 4737 3202 4791 oracula
3233 4736 3361 4791 fun-

1776 4832 1935 4889 debat
1974 4833 2089 4887 haee
2125 4831 2357 4902 protulit
2386 4850 2399 4886 :
2430 4850 2449 4884 ι
2484 4828 2697 4893 Venisti
2736 4843 2866 4884 vero
2917 4829 2973 4883 in
3009 4826 3214 4883 fontem
3244 4843 3363 4881 ma-

1775 4929 1875 4990 ris,
1910 4927 1965 4981 in
2012 4927 2261 4997 vestigiis
2296 4933 2479 4979 autem
2525 4924 2708 4995 abyssi
2742 4922 3057 4979 ambulasti.
3092 4921 3363 4993 Aperiun-

1778 5031 1868 5075 tur
1899 5035 2030 5075 vero
2076 5019 2174 5075 tibi
2204 5019 2405 5074 timore
2439 5025 2610 5087 portae
2641 5017 2835 5071 mortis
2870 5036 2883 5072 :
2920 5016 3135 5072 ostiarii
3176 5024 3360 5073 autem

1780 5112 2274 5169 infernizvidentes
2320 5121 2375 5167 te
2418 5110 2706 5167 couterritl
2758 5111 2950 5166 sunt“.
2985 5129 3004 5163 ι
3043 5108 3149 5177 Qui
3196 5124 3362 5179 porro

1780 5205 1869 5260 hic
1910 5206 2006 5266 ait,
2072 5222 2089 5255 ι
2122 5202 2205 5259 Et
2241 5202 2309 5257 de
2366 5201 2584 5273 abyssis
2628 5211 2788 5256 terrae
2840 5200 3041 5255 iterum
3091 5198 3360 5255 reduxisti

1782 5314 1889 5363 me,
1922 5317 1940 5349 ι
1962 5297 2123 5352 ⁴(ιιιινε
2145 5296 2334 5351 docuit
2365 5312 2425 5352 se
2450 5300 2506 5350 in
2535 5293 2766 5367 abyssos
2796 5301 2960 5350 terrae
2979 5292 3359 5356 descendisse.

1786 5404 1849 5445 ac
1884 5404 2104 5444 rursum
2147 5387 2485 5444 ascendisse.
2517 5385 2629 5442 Nec
2669 5388 2786 5442 scio
2815 5394 2998 5441 utrum
3030 5385 3154 5455 quis
3182 5385 3363 5440 valeat

1786 5480 1900 5535 hac
1929 5480 2034 5535 alio
2070 5480 2325 5549 accipere
2372 5475 2556 5543 modo,
2602 5490 2765 5545 quam
2809 5474 2877 5528 ad
2928 5473 3275 5529 Servatorem
3309 5479 3365 5528 et

1788 5572 2073 5627 Dominum
2092 5580 2341 5625 nostrum
2356 5568 2641 5625 referendo
2656 5567 3017 5639 prophetiam.
3033 5564 3083 5622 Is
3100 5565 3215 5636 ipse
3233 5578 3366 5620 vero

197 5742 294 5821 ,"_"
315 5710 498 5805 Thess.
530 5768 591 5808 ιι.
632 5753 683 5805 3.
761 5754 805 5785 "
840 5754 993 5820 Luc.,
1018 5772 1169 5821 xvm,
1192 5756 1243 5812 8-.
1328 5759 1339 5786 ’
1376 5754 1559 5810 Matth.
1598 5772 1745 5820 niv,
1800 5756 1883 5810 12.
1964 5758 1982 5787 ¹
2016 5754 2173 5809 Iloiu.
2201 5769 2275 5819 χι,
2310 5751 2395 5809 54.
2478 5750 2497 5781 ³
2525 5747 2568 5802 ll
2592 5749 2719 5803 Cor.
2756 5764 2831 5814 Iv,
2857 5748 2912 5809 8.
2990 5746 3010 5777 ⁸
3034 5744 3192 5802 Rom.
3216 5747 3354 5812 x,'7.

148 5804 166 5837 '
184 5804 515 5889 Job,xxxviu,
559 5804 647 5889 l6,
674 5804 765 5877 l7.
