4086 6442
595 322 700 380 7S?

1272 327 1541 384 EUSEBII
1580 327 2063 384 CA‘JSARIENSIS
2101 329 2253 384 Ol'P.
2297 326 2480 380 PARS
2519 322 3145 382 lll.—-EXEGETICA.
3778 314 3868 369 πει

594 445 908 516 sttbjungitt
933 465 952 498 ι
977 445 1352 516 Multiplicasti
1392 447 1854 518 magniﬁcentiam
1893 465 2092 511 meam,
2122 458 2170 504 et

2292 449 2350 501 '0
2378 448 2422 501 δ’
2457 446 2618 512 αύτὺς
2650 445 2934 514 ἐπιλέγει-
2963 461 2983 495 ι
3007 442 3371 504 Ἑπλεόνασας
3424 438 3534 509 τὴν
3593 436 3865 508 μεγαλοσύ-

593 551 894 592 conversus
916 538 1235 593 consolatus
1256 554 1317 594 es
1349 554 1460 593 me.
1491 558 1510 590 ι
1541 539 1830 605 Quomodo
1859 551 2040 594 autem
2071 540 2177 595 Pa-

594 636 679 682 ter
718 629 1165 699 multiplicaverit
1217 630 1688 699 magnificentiam
1737 632 2015 704 Unigeniti
2065 634 2178 698 sui,

593 719 702 775 nisi
724 736 848 774 cum
880 721 1122 776 ostendit
1151 722 1228 776 illi
1260 723 1648 780 tribulationes
1683 725 1889 781 multas
1914 733 1970 781 et
1999 727 2180 780 mala?

594 808 1064 876 Quemadmodum
1115 813 1264 867 enim
1309 815 1640 885 agonotheta
1683 818 1996 887 quispiam,
2049 834 2175 872 eum

596 903 884 959 aJversum
923 906 1130 961 multos
1167 906 1429 961 athletam
1459 917 1680 963 exercet
1723 925 1906 974 suum,
1941 911 2064 979 ejus
2111 909 2180 964 li-

595 996 816 1064 quidius
868 997 1127 1053 virtutem
1174 999 1443 1064 ostendit,
1487 999 1710 1070 quando
1759 1017 1887 1057 eum
1930 1003 2176 1058 omnium

594 1087 854 1142 victorem
891 1089 1184 1159 praedicat;
1212 1089 1403 1146 eodem
1433 1091 1598 1148 modo
1627 1091 1788 1148 Pater
1811 1091 1934 1147 Filii
1962 1095 2176 1165 magni-

594 1181 868 1236 ﬁcentiam
901 1192 961 1236 ut
985 1183 1246 1239 omnibus
1287 1185 1466 1255 palam
1512 1184 1738 1250 faceret,
1773 1186 1962 1242 multis
1996 1187 2176 1257 ipsum

594 1271 1048 1331 tribulationibus
1075 1285 1130 1331 et
1157 1276 1319 1332 malis
1351 1277 1747 1346 circumdedit;
1784 1287 1844 1332 ut
1878 1287 2032 1349 parta
2052 1295 2181 1335 con-

594 1377 680 1420 tra
733 1382 927 1423 omnes
977 1370 1238 1436 victoria,
1300 1371 1445 1442 apud
1510 1387 1703 1427 omnes
1762 1372 2176 1444 praedicaretur.

593 1459 774 1528 Quare
806 1461 880 1514 ait
909 1479 922 1516 :
955 1480 974 1511 ι
1005 1461 1389 1532 Multiplicasti.
1417 1463 1880 1534 magniﬁcentiam
1911 1479 2126 1530 meam;
2152 1484 2172 1517 ι

593 1549 689 1608 sed
725 1561 849 1621 post
895 1552 1009 1607 haec
1041 1553 1252 1620 omnia,
1282 1554 1485 1624 inquit,
1526 1573 1544 1606 ι
1575 1569 1882 1611 conversus
1918 1555 2177 1610 consola-

593 1651 686 1698 tus
713 1660 774 1698 es
805 1661 910 1699 me.
947 1664 966 1696 ι
1001 1644 1122 1712 Quo
1166 1654 1330 1717 pacto
1365 1647 1684 1702 consolatus
1715 1663 1840 1702 eum
1866 1655 1972 1711 est,
2009 1663 2176 1718 supe-

595 1737 712 1798 rius
755 1736 944 1792 docuit
990 1738 1078 1794 his
1122 1739 1304 1794 verbis
1337 1759 1350 1793 :
1383 1758 1400 1790 ι
1431 1738 1499 1792 Et
1536 1755 1840 1814 conversus
1889 1739 2178 1796 viviﬁcasti

2279 559 2376 613 νην
2414 558 2538 612 μου,
2570 540 2665 593 καὶ
2693 537 3029 610 ἐπιστρέψας
3057 533 3456 607 παρεκάλεσάς
3490 548 3587 602 με.
3615 550 3636 582 ι
3674 531 3790 593 Πῶς
3820 531 3867 584 δὲ

2277 632 2601 685 ἐπλεόνασεν
2633 631 2663 683 ὀ
2699 629 2892 700 Πατὴρ
2938 627 3037 699 τὴν
3074 624 3464 698 μεγαλοσύνην
3510 621 3614 676 τοῦ
3649 623 3868 689 Μονογε-

2277 725 2401 787 νοῦς
2428 723 2616 789 αὐτοῦ,
2640 723 2673 794 ἢ
2701 721 2787 776 διὰ
2811 721 2910 774 τοῦ
2931 719 3100 786 δεῖξαι
3130 718 3280 790 αὐτῷ
3302 717 3535 787 θλίψεις
3561 713 3763 777 πολλάς
3791 715 3873 766 καὶ

2277 816 2458 880 κακά;
2495 815 2708 885 Ὥσπερ
2753 813 2865 884 γάρ
2910 829 2994 876 τις
3028 809 3400 880 ἀγωνοθέτης,
3438 805 3673 869 πολλοῖς
3712 822 3873 875 παρα-

2277 907 2497 961 ϐάλλων
2518 905 2608 958 τὸν
2643 905 2837 959 ἐαυτοῦ
2863 903 3134 974 ἀθλητήν,
3159 900 3430 973 μειζόνως
3460 895 3643 953 αὑτοῦ
3668 899 3763 968 τὴν
3795 900 3874 950 ἀν-

2276 999 2458 1070 δρείαν
2491 997 2846 1062 ἐπιδείκνυσι,
2881 997 3108 1068 νικητὴν
3149 996 3313 1050 αὐτὸν
3359 991 3646 1048 ἁπάντων
3691 991 3878 1061 ἀνακη-

2280 1089 2521 1161 ρύττων·
2551 1091 2643 1144 τὸν
2672 1091 2835 1147 αὑτὸν
2871 1091 3074 1162 τρόπον
3100 1092 3195 1144 καὶ
3239 1091 3269 1143 ὁ
3315 1086 3551 1158 Πατὴρ,
3586 1084 3690 1156 τὴν
3726 1100 3880 1154 twn.

2276 1183 2505 1256 λοσύνην
2535 1183 2628 1238 τοῦ
2656 1183 2786 1237 Υἱοῦ
2819 1186 2932 1247 τοῖς
2965 1184 3099 1237 πᾶσι
3122 1180 3362 1252 φανερὰν
3396 1178 3754 1241 ἐπιδεικνὺς,
3780 1177 3878 1231 θλί-

2276 1277 2396 1348 ψεις
2432 1276 2633 1340 πολλὰς
2677 1277 2772 1330 καὶ
2821 1274 2969 1330 κακά
3015 1273 3371 1346 περιέϐαλλεν
3403 1269 3598 1342 αὐτῷ,
3625 1270 3705 1332 ὼς
3737 1268 3798 1322 ἀν
3821 1271 3884 1322 τά

2278 1369 2422 1423 κατὰ
2464 1369 2680 1423 πάντων
2719 1368 2994 1440 ἀράμενος
3026 1366 3343 1437 νικητήρια,
3369 1361 3543 1435 παρά
3597 1363 3716 1424 τοῖς
3760 1362 3880 1414 πᾶσι

2278 1459 2598 1531 κηρυχθείη.
2635 1458 2726 1512 Διό
2757 1474 2949 1530 φησιν’
2991 1477 3009 1509 ι
3033 1457 3399 1519 Ἐπλεόνασας
3435 1453 3551 1526 τὴν
3583 1450 3880 1524 μεγαλοσύ-

2279 1569 2376 1623 νην
2425 1569 2547 1622 μου.
2579 1549 2778 1603 »Ἀλλὰ
2826 1549 2963 1621 μετά
3006 1549 3180 1602 ταῦτα
3232 1549 3438 1610 πάντα,
3496 1545 3698 1618 φησιν,
3734 1562 3753 1595 ι
3780 1545 3880 1598 ἐπι-

2281 1643 2518 1715 στρέψας
2550 1641 2929 1714 παρεκάλεσάς
2962 1659 3050 1712 με.
3085 1660 3104 1693 )
3136 1639 3261 1704 Πῶς
3291 1639 3347 1692 δὲ
3378 1635 3782 1709 παρεκάλεσεν
3803 1636 3880 1687 αύο

2279 1737 2396 1804 τὸν,
2420 1734 2766 1809 προεδίδαξεν
2813 1735 3070 1805 ἀνωτέρω
3109 1732 3308 1787 εἰπών’
3343 1751 3361 1782 ι
3386 1731 3513 1784 Καὶ
3549 1727 3880 1799 ἐπιστρέψας

592 1839 702 1888 me,
732 1832 786 1879 et
807 1825 874 1880 de
905 1826 1120 1898 abyssis
1144 1836 1306 1884 terrae
1331 1829 1529 1884 iterum
1556 1828 1826 1886 redux-isti
1854 1846 1959 1886 me.
1997 1852 2017 1882 ο
2049 1829 2170 1886 ila-0

2277 1829 2649 1900 ἐζωοποίησάς
2680 1847 2772 1901 με,
2803 1830 2896 1883 καὶ
2928 1831 2993 1882 ἐκ
3024 1829 3133 1880 τῶν
3162 1825 3416 1881 ἀϐύσσων
3445 1823 3564 1893 τῆς
3590 1821 3702 1892 γῆς
3733 1821 3884 1876 πάλιν

593 1917 794 1988 quippe
831 1920 1138 1976 consolatio
1172 1928 1312 1985 erat,
1347 1936 1512 1991 quam
1544 1922 1844 1993 Apostolus
1875 1922 1962 1979 his
1985 1923 2173 1978 decla-

592 2022 735 2066 ravnt
760 2031 778 2064 -.
808 2031 824 2060 ι
855 2011 1083 2083 Propter
1117 2013 1265 2084 quod
1314 2023 1369 2068 et
1409 2013 1553 2070 Deus
1585 2009 1850 2070 exaltavit
1896 2016 2078 2080 illum,
2121 2024 2176 2072 et

591 2103 740 2161 dedit
775 2104 850 2157 illi
883 2120 1104 2167 nomen,
1133 2105 1292 2176 quod.
1327 2114 1412 2161 est
1449 2123 1615 2178 super
1644 2123 1806 2162 omne
1839 2123 2083 2173 nomen;
2111 2115 2174 2162 ut

592 2196 652 2254 in
694 2197 914 2251 nomine
955 2195 1085 2252 lesu
1135 2213 1490 2268 omne.genu
1539 2198 1791 2254 ﬂectatur
1838 2201 2170 2264 cmlestium,

591 2290 937 2345 terrestrium
967 2299 1018 2344 et
1053 2289 1393 2346 infernortun
1421 2292 1462 2345 ‘.
1498 2311 1516 2342 ι

613 2519 620 2530 .
663 2473 831 2530 Vens.
857 2475 1055 2533 22-24.
1101 2495 1127 2528 ι.
1151 2474 1286 2531 Nam
1319 2484 1374 2530 ct
1402 2492 1502 2548 ego
1530 2478 1832 2534 confitebor
1862 2479 1959 2534 tibi
1991 2480 2045 2534 in
2072 2494 2167 2534 va.-

591 2567 670 2621 sis
703 2566 901 2637 psalmi
933 2569 1220 2624 veritatem
1257 2576 1426 2622 tuam.
1462 2587 1480 2619 ι
1514 2567 1598 2622 Tu
1625 2569 2008 2641 mihiquidem
2033 2571 2170 2636 b330,

589 2659 773 2724 Pater,
823 2661 1127 2732 praebuisti,
1181 2662 1377 2732 inquit.
1432 2660 1562 2718 Post
1601 2665 1803 2720 multas
1853 2665 1998 2720 enim
2051 2665 2172 2720 illas

590 2753 998 2819 tribulationes,
1034 2766 1158 2826 post
1191 2758 1452 2828 praedicta
1499 2759 1664 2822 mala,
1704 2777 1723 2810 ι
1753 2774 2060 2817 conversus
2089 2762 2173 2816 vi-

589 2846 822 2902 vilicasti
859 2864 967 2914 tne,
1003 2849 1154 2905 etde
1186 2850 1403 2920 abyssis
1453 2862 1611 2907 terra:
1655 2851 1856 2907 iterum
1907 2853 2170 2910 reduxisti

589 2953 698 3004 nte,
732 2958 754 2992 ι
781 2947 838 2994 et
871 2941 1193 2998 consolatus
1257 2958 1344 2999 me
1377 2959 1462 3008 es,
1512 2943 1886 3014 multiplicans
1924 2946 2173 3017 magniﬁ-

589 3029 827 3084 centiam
863 3047 1064 3087 meam.
1099 3032 1212 3104 Ego
1241 3050 1369 3089 vero
1401 3049 1500 3105 pro
1528 3035 1746 3090 collatis
1787 3034 1886 3092 abs
1935 3045 1987 3092 te
2036 3036 2171 3090 mihi

590 3123 871 3178 bcneliciis
902 3125 1076 3180 vicem
1113 3126 1440 3197 rependens,
1474 3144 1492 3177 ι
1522 3127 1825 3184 conﬁtebor
1855 3128 1953 3183 tibi
1983 3130 2036 3183 in
2076 3143 2173 3183 va-

591 3215 669 3270 sis
727 3216 962 3286 psalmi;
997 3236 1017 3269 ι
1048 3233 1174 3272 nam
1207 3235 1226 3269 ι
1259 3218 1390 3288 quid
1447 3219 1743 3274 retribuam
1787 3218 2020 3274 Domino
2072 3235 2172 3290 pro

591 3310 846 3366 omnibus
877 3327 999 3382 qua:
1035 3313 1292 3368 retribuit
1320 3313 1540 3367 mihi"?
1571 3335 1590 3367 ι
1629 3313 1744 3370 lmo
1775 3330 1906 3370 vero
1940 3332 2173 3386 appara-

592 3405 665 3458 u's
695 3403 844 3458 vasis
885 3404 989 3458 tibi.
1027 3408 1494 3476 congruentibus,
1529 3410 1984 3480 concinnatisque
2020 3411 2170 3480 psal-

592 3493 788 3549 modiae
824 3495 1209 3554 instrumentis
1254 3505 1310 3553 te
1353 3499 1566 3571 dignis,
1597 3517 1694 3571 per
1744 3501 1860 3556 haec
1887 3503 2170 3558 veritatem

591 3596 741 3642 tuam
771 3588 1006 3643 cantabo
1030 3589 1152 3654 tibi,
1182 3590 1430 3662 talesque
1453 3593 1704 3648 excitabo
1726 3593 1990 3660 citharas,
2013 3597 2170 3666 queis

591 3679 732 3733 labia
762 3696 882 3734 mea
913 3681 1289 3748 exsultahunt,
1329 3700 1544 3740 necnon
1579 3704 1597 3736 ι
1629 3685 1810 3740 anima
1853 3703 1974 3742 mea
2004 3704 2169 3758 quam

590 3767 893 3834 redemisti,
928 3788 946 3821 ι
983 3770 1252 3828 reducens
1277 3788 1395 3828 eam
1439 3775 1506 3829 de
1536 3774 1753 3846 abyssis
1794 3784 1975 3842 terrm,
2005 3785 2061 3831 et
2089 3778 2172 3830 vi-

589 3860 818 3917 viﬁcans
851 3877 972 3921 eam
1017 3870 1303 3933 postquam
1345 3873 1578 3919 mortem
1621 3868 1987 3922 sustinuerat.
2021 3865 2168 3923 Vasa

587 3960 768 4008 autem
809 3962 863 4008 et
911 3955 1272 4010 instrumenta
1313 3955 1424 4012 Deo
1456 3965 1634 4028 grata.
1657 3958 1860 4029 quibus
1898 3959 2170 4031 hodieque

585 4045 839 4101 Christus
872 4045 966 4102 Dei
995 4063 1094 4118 per
1123 4057 1298 4103 totum
1331 4050 1521 4105 orbem
1550 4053 1817 4122 psalmos,
1853 4053 2088 4124 hymnos
2113 4063 2170 4108 et

586 4139 778 4195 laudes
811 4139 960 4194 Patri
987 4141 1206 4208 emittit,
1239 4158 1361 4213 qua:
1383 4144 1590 4200 dixeris
1618 4161 1762 4212 esse,
1793 4147 1901 4202 nisi
1935 4147 2168 4219 populos

585 4229 641 4283 in
673 4230 909 4300 singulis
942 4229 1205 4287 Ecclesiis
1232 4235 1646 4290 consistentes?
1677 4252 1914 4306 quorum
1954 4237 2167 4294 animas

584 4339 926 4393 componens
951 4323 1048 4381 Dei
1079 4324 1344 4390 Verbum,
1375 4328 1634 4398 ipsasque
1678 4345 1790 4384 uno
1830 4331 2169 4402 symphonia

583 4422 640 4468 et
687 4415 992 4471 harmoniae
1047 4419 1266 4474 vinculo
1322 4418 1472 4475 Patri
1526 4421 1817 4492 colligatis,
1872 4424 2165 4480 amabilem

583 4507 914 4579 dulcemque
971 4511 1402 4566 modulationem
1458 4513 1678 4568 emittit.
1745 4513 1803 4569 Si
1857 4515 1984 4586 quis
2035 4531 2180 4588 ergo.

582 4601 754 4666 animi
793 4601 992 4672 gratia,
1025 4602 1389 4660 instrumenta
1429 4604 1520 4659 illa
1555 4603 1868 4662 Iudaeorum
1894 4614 2164 4672 veterum,

585 4693 908 4748 inanimatis
925 4710 993 4748 ex
1028 4694 1252 4750 chordis
1275 4696 1555 4762 ,conllata,
1581 4712 1646 4752 ac
1678 4714 1788 4753 non
1819 4699 2165 4754 articulatant

581 4800 774 4841 vocem
800 4786 1160 4856 proferentia,
1186 4803 1314 4844 cum
1348 4789 1568 4860 hymnis
1602 4791 1656 4844 in
1686 4791 1892 4847 Christi
1920 4789 2167 4846 Ecclesia

582 4894 624 4936 α
653 4880 1074 4936 rationabilibus
1108 4880 1400 4936 animabus
1432 4880 1544 4937 Deo
1570 4882 1799 4939 emissis
1826 4884 2160 4949 contulerit;

582 4969 721 5025 nihil
752 4970 808 5025 in
857 4970 944 5026 his
976 4971 1157 5028 simile
1186 4972 1580 5043 deprehendet.
1613 4973 1822 5041 Quovis
1865 4974 2009 5031 enim
2045 4990 2165 5030 cor-

581 5078 750 5131 poreo
779 5064 1418 5134 psalteriolprtestautior
1449 5072 1536 5121 est
1568 5066 1883 5132 multitudo,
1914 5081 2036 5136 qua:
2065 5081 2161 5136 per

581 5166 756 5210 totum
799 5157 988 5211 orbem
1021 5172 1132 5211 uno
1160 5165 1454 5225 concentu,
1486 5158 1771 5216 harmonia
1820 5176 1951 5223 una,
1989 5159 2160 5220 Deum

580 5245 676 5318 qui
705 5263 872 5319 super
904 5249 1085 5304 omnia
1115 5257 1200 5306 est
1230 5249 1492 5304 celebrat.
1525 5250 1700 5322 Cujus
1729 5251 2036 5307 ministerio
2067 5249 2159 5304 Fi-

581 5342 692 5416 lius
737 5358 796 5397 se
827 5340 977 5398 Patri
1028 5345 1262 5414 psallere
1285 5326 1592 5402 conﬁtetur
1620 5346 1852 5402 dicens:
1888 5364 1906 5397 ι
1940 5345 2072 5402 Nam
2105 5352 2161 5400 et

579 5451 682 5507 ego
710 5435 1013 5492 confitebor
1045 5437 1142 5491 tibi
1175 5438 1232 5492 in
1263 5439 1408 5493 vasis
1435 5439 1634 5508 psalmi
1661 5439 1947 5494 veritatem
1979 5446 2154 5504 tuam,

579 5525 743 5590 Deus.
781 5549 798 5580 ι
837 5527 960 5585 Non
987 5531 1131 5584 ultra
1169 5531 1316 5586 enim
1349 5530 1574 5600 ﬁguras,
1607 5547 1720 5588 non
1752 5533 1999 5596 umbras,
2048 5548 2160 5588 non

579 5622 826 5690 symbola
861 5623 1044 5690 qualia
1077 5624 1219 5694 apud
1252 5622 1492 5694 Moysen)
1525 5635 1702 5688 erant,
1750 5626 1844 5683 sed
1877 5625 2160 5682 veritatem

687 5808 698 5831 ‘
735 5802 933 5875 Philip.
961 5821 1022 5871 il,
1055 5808 1088 5859 9
1171 5809 1187 5838 ’
1214 5807 1355 5863 Psal.
1390 5823 1513 5874 cxv,
1553 5808 1640 5864 l2.

2275 1923 2551 1996 ἀνήγαγές
2582 1939 2670 1994 με.
2700 1943 2722 1975 ι
2749 1923 2898 1993 Αὕτη
2927 1922 3036 1994 γὰρ
3065 1916 3133 1993 ἦν
3175 1922 3210 1990 ή
3256 1917 3651 1990 παράκλησις,
3683 1916 3751 1986 ἣν
3794 1916 3878 1968 καὶ

2275 2017 2307 2069 ὁ
2339 2015 2660 2080 Ἀπόστολος
2703 2015 3049 2088 παρέστησεν
3095 2011 3297 2068 εἰπών’
3346 2031 3364 2062 ι
3396 2009 3497 2064 Διδ
3537 2010 3643 2064 καὶ
3688 2011 3718 2062 ό
3759 2009 3878 2071 Θεὸς

2276 2105 2634 2179 ὑπερύψωσεν
2687 2105 2871 2169 αὐτὸν,
2905 2105 3000 2158 καὶ
3049 2103 3345 2175 ἐχαρίσατο
3391 2099 3558 2171 αὐτῷ
3599 2098 3795 2170 ὄνομα,
3825 2097 3880 2150 τὸ

2275 2200 2410 2271 ὑπὲρ
2440 2201 2548 2252 πᾶν
2577 2198 2747 2270 ὄνομα
2767 2216 2781 2229 ο
2813 2200 2900 2253 ἵνα
2931 2201 2989 2253 ἐν
3020 2198 3099 2270 τῷ
3123 2198 3348 2268 ὀνόματι
3391 2193 3588 2267 Ἰησοῦ
3620 2195 3732 2246 πᾶν
3757 2193 3878 2262 γόνυ

2274 2291 2489 2363 κάμψῃ,
2546 2290 2911 2360 ἐπουρανίων,
2947 2289 3046 2344 καλ⁹
3097 2287 3380 2357 ἐπιγείων,
3441 2287 3548 2341 καὶ
3616 2281 3877 2354 καταχθο-

2275 2383 2424 2436 ν-ίων.
2458 2402 2476 2435 ι

2349 2493 2366 2525 ι
2391 2475 2502 2527 Καὶ
2527 2475 2633 2546 γὰρ
2659 2474 2767 2543 ἐγὼ
2789 2473 3262 2546 ἐξομολογησομαί
3293 2491 3374 2527 σοι
3408 2474 3470 2527 ἐν
3503 2472 3736 2528 σκεύεσι
3756 2468 3874 2539 ψαλ-

2278 2569 2378 2639 μοῦ
2407 2572 2505 2639 τὴν
2538 2568 2794 2640 ἀλήθειάν
2830 2585 2946 2622 σου.
2978 2587 3000 2620 ›
3037 2568 3109 2621 Σὺ
3148 2567 3247 2638 μὲν
3289 2567 3416 2638 ἐμοὶ.
3449 2565 3663 2630 ταῦτα,
3695 2563 3870 2633 φησὶν.

2273 2654 2318 2712 ὦ
2359 2659 2562 2732 Πάτερ,
2595 2660 2906 2732 παρέσχουο
2947 2659 3086 2730 μετά
3127 2659 3236 2731 γὰρ
3268 2658 3370 2723 τὰς
3418 2657 3636 2722 πολλὰς
3671 2656 3872 2725 θλίψεις

2275 2757 2368 2810 καὶ
2410 2755 2479 2810 τὰ
2527 2754 2826 2826 λελεγμένα
2867 2754 3016 2809 κακά
3055 2774 3073 2806 ι
3105 2751 3444 2825 ἐπιστρέψας
3491 2747 3870 2820 ἐξωοποίησάς

2277 2869 2364 2921 με,
2390 2851 2486 2904 καὶ
2510 2853 2574 2904 ἐκ
2593 2848 2701 2902 τῶν
2723 2848 2978 2902 ἀϐύσσων
2999 2849 3097 2921 τῆς
3120 2848 3225 2919 γῆς
3254 2846 3416 2901 πάλιν
3437 2844 3730 2916 ἀνήγαγές
3753 2859 3864 2913 με,»

2274 2945 2370 2997 καὶ
2418 2941 2800 3016 παρεκάλεσάς
2845 2959 2935 3013 με,
2985 2941 3290 3004 πλεονάσας
3335 2941 3436 3012 τὴν
3490 2936 3866 3012 μεγαλοσύνην

2279 3053 2379 3107 μου
2399 3051 2414 3064 ·
2444 3034 2600 3102 κάγὼ
2629 3035 2708 3099 δὲ,
2736 3034 3102 3107 ἀμειϐόμενος,
3132 3035 3232 3098 τὰς
3259 3035 3339 3098 είς
3374 3034 3477 3105 ἐμέ
3515 3050 3619 3087 σου
3650 3032 3866 3101 εὐεργε-

2280 3129 2420 3194 σίας.
2460 3147 2488 3180 ⁸-
2525 3127 2994 3200 ὲξομ-(ὶλογήσομαί
3035 3144 3118 3180 σοι
3159 3129 3218 3180 ἐν
3256 3127 3476 3181 σκεύεσι
3516 3123 3771 3197 ψαλμοῦ⁶
3815 3120 3866 3172 τί

2276 3221 2384 3293 γάρ
2408 3219 2777 3276 ἀνταποδώσω
2810 3219 3094 3292 τῷ-Κυρίῳ
3119 3220 3249 3292 περὶ
3273 3219 3495 3274 πάντων
3533 3213 3615 3273 ὧν
3634 3215 3864 3272 ἀνταπέ-

2273 3312 2414 3365 δωκέ
2447 3329 2570 3383 μοι;
2601 3330 2622 3364 ι
2642 3312 2801 3367 Ἀλλά
2823 3312 2933 3383 γὰρ
2953 3313 3022 3366 τά
3044 3329 3125 3365 σοι
3157 3312 3436 3383 πρέποντα
3467 3311 3647 3382 σκεύη
3674 3322 3863 3376 καταρ-

2273 3402 2576 3474 τιξόμενος,
2601 3403 2809 3474 ὄργανά
2829 3403 2889 3456 τέ
2918 3419 3010 3456 σου
3034 3403 3158 3468 ἄξια
3176 3402 3495 3474 ψαλμῳδίας
3526 3398 3862 3455 κατασκευά-

2275 3511 2394 3558 σας,
2427 3495 2493 3548 δι⁹
2523 3494 2702 3548 αὐτῶν
2727 3495 2828 3566 τὴν
2853 3492 3108 3565 ἀλήθειάν
3133 3511 3226 3547 σου
3245 3492 3402 3563 ψαλῶ
3425 3510 3531 3559 σοι,
3570 3492 3667 3545 καὶ
3698 3487 3861 3543 τοιαύ-

2270 3604 2371 3652 τας
2404 3605 2486 3642 σοι
2520 3587 2752 3658 κιθάρας
2773 3588 3083 3660 ἀναστήσω,
3109 3587 3174 3640 δι’
3207 3579 3281 3641 ὧν
3311 3585 3380 3640 τὰ
3397 3586 3554 3658 χείλη
3582 3603 3688 3657 μου
3710 3580 3860 3651 ἀγαλ-

2271 3679 2537 3744 λιάσεται,
2568 3679 2704 3734 ἀλλά
2752 3680 2847 3736 καὶ
2895 3683 2973 3752 «ἡ
3018 3680 3166 3751 ψυχή
3221 3697 3343 3752 μου,
3366 3679 3434 3750 ἢν
3480 3676 3797 3750 ἐλυτρώςω,
3835 3691 3853 3723 ³

2271 3771 2609 3836 ἀναϐιϐάσας
2636 3771 2806 3844 αὑτήν
2827 3774 2892 3826 ἐκ
2912 3771 3021 3824 τῶν
3048 3771 3301 3825 ἀϐύσσων
3329 3769 3428 3840 τῆς
3460 3769 3594 3840 γῆς,
3623 3769 3717 3822 καὶ
3741 3765 3859 3830 ζωο-

2274 3864 2507 3934 ποιήσας
2538 3863 2710 3937 αὐτὴν
2756 3863 2877 3935 μεθ’
2909 3864 2968 3916 ὃν
3002 3863 3260 3934 ὑπέμεινε
3301 3862 3552 3923 θάνατον.
3589 3861 3769 3931 Σκεύη
3806 3858 3858 3912 δὲ

2271 3956 2365 4010 καὶ
2412 3957 2617 4029 ὄργανα
2657 3956 2736 4028 τῷ
2782 3957 2900 4028 Θεῷ
2944 3956 3336 4028 κεχαρισμένα,
3362 3955 3429 4009 δι’
3459 3949 3534 4011 ὧν
3565 3957 3738 4010 εἰσέτι
3769 3951 3856 4006 καὶ

2271 4049 2366 4104 νῦν
2415 4051 2445 4103 ὁ
2491 4050 2725 4120 Χριστὸς
2770 4050 2863 4104 τοῦ
2912 4049 3047 4104 Θεοῦ
3095 4050 3216 4104 καθ’
3249 4049 3378 4121 ὅλης
3407 4051 3506 4121 τῆς
3529 4047 3857 4132 οἰκουμένης

2269 4140 2589 4214 ψαλμῳδίας
2614 4142 2929 4214 ἀναπέμπει
2962 4160 3056 4196 και
3085 4141 3286 4214 ὕμνους
3317 4143 3412 4196 καὶ⁵
3433 4141 3624 4207 αίνους
3657 4138 3734 4210 τῷ
3758 4137 3856 4190 Πα-

2269 4236 2380 4307 τρὶ,
2405 4236 2556 4299 τίνας
2593 4236 2659 4290 ἂν
2691 4235 2866 4300 εἴποις
2887 4235 2920 4307 ἢ
2943 4237 3070 4300 τοὺς
3103 4236 3224 4290 καθ’
3247 4235 3482 4307 ἑκάστην
3530 4231 3852 4304 Ἐκκλησίαν

2269 4327 2430 4390 λαούς
2448 4345 2465 4393 ;
2490 4321 2588 4380 Ὧν
2638 4326 2737 4390 τάς
2778 4326 2956 4397 ψυχὰς
3005 4327 3284 4392 συντείνας
3310 4329 3339 4380 ό
3365 4326 3458 4379 τοῦ
3491 4325 3634 4380 Θεοῦ
3667 4323 3850 4391 Λόγος,

2271 4423 2560 4492 συμφωνίᾳ
2585 4437 2646 4474 τε
2679 4420 2772 4474 καὶ
2813 4419 3047 4492 ἁρμονίᾳ
3075 4422 3174 4492 μιᾷ
3203 4419 3606 4493 συνδησάμενος
3635 4417 3715 4490 τῷ
3747 4417 3850 4469 Πα-

2270 4515 2379 4586 τρὶ,
2416 4512 2690 4587 προσφιλῆ
2737 4514 2833 4568 καὶ
2882 4515 3065 4586 ἡδεῖαν
3110 4513 3424 4586 ἀναπέμπει
3473 4511 3763 4585 μελῳδίαν.
3788 4505 3851 4560 Et

2271 4607 2402 4677 γοῦν
2442 4625 2528 4671 τις
2572 4607 2648 4671 ὡς
2677 4608 2734 4660 ὲν
2770 4606 3069 4680 παραθέσει
3101 4605 3388 4679 σύγκρισιν
3430 4607 3711 4678 ποιήσοιτο
3749 4599 3848 4654 τῶν

2272 4701 2438 4754 πάλαι
2487 4700 2640 4772 παρά
2676 4699 2945 4764 Ἰουδαίοις
2974 4701 3300 4771 σωματικῶν
3346 4699 3594 4772 ὀργάνων
3625 4698 3685 4764 ἐξ
3712 4692 3847 4764 ἀψύ-

2269 4810 2379 4864 χων
2431 4793 2634 4866 χορδῶν
2685 4793 3226 4864 κατεσκευασμένων,
3258 4794 3443 4865 φωνήν
3479 4810 3539 4846 τε
3580 4789 3846 4863 άναρθρον

2271 4883 2629 4956 ἐξηχούντων,
2659 4885 2752 4940 καὶ
2780 4884 2889 4938 τῶν
2914 4887 2972 4939 ἐν
2997 4888 3062 4956 τῇ
3091 4884 3329 4955 Χριστοῦ
3366 4885 3664 4957 Ἐκκλησία
3679 4884 3740 4936 ἐκ
3762 4880 3844 4932 λο-

2271 4979 2444 5049 γικῶν
2469 4979 2656 5052 ψυχῶν
2686 4977 3157 5050 ἀναπεμπομένων
3191 4977 3374 5048 ὓμνων
3409 4976 3488 5048 τῷ
3519 4977 3660 5048 Θεῷ,
3701 4969 3844 5028 οὐδὲν

2267 5070 2334 5127 ἀν
2384 5071 2536 5144 εῦροι
2575 5074 2777 5144 ὅμοιον.
2814 5070 3020 5134 Παντὸς
3061 5068 3172 5142 γὰρ
3213 5071 3495 5143 κρείττονα
3536 5061 3840 5142 σωματικοῦ

2267 5163 2568 5236 ψαλτηρίου
2613 5164 2871 5235 τυγχάνει
2920 5163 2990 5218 τά
3036 5162 3216 5235 πλήθη
3239 5162 3309 5216 τὰ
3340 5161 3460 5216 καθ’
3486 5161 3616 5233 ὅλης
3647 5160 3744 5229 τῆς
3768 5156 3836 5208 oi-

2270 5255 2542 5326 κουμένης
2572 5255 2860 5328 συμφωνίᾳ
2889 5257 2986 5326 μιᾷ
3009 5257 3102 5309 καὶ
3129 5255 3364 5328 ἁρμονίᾳ
3393 5255 3483 5318 τὸν
3514 5256 3608 5309 ἐπὶ
3633 5253 3837 5308 πάντων

2267 5350 2400 5404 Θεὸν
2433 5349 2724 5421 ὑμνοῦντα,
2757 5351 2825 5404 δι’
2844 5342 2919 5403 ὧν
2946 5352 2975 5404 ὁ
3005 5351 3132 5412 Υίὺς
3161 5367 3240 5420 τῳ
3263 5351 3438 5422 Πατρὶ
3466 5348 3688 5419 ψάλλειν
3713 5346 3834 5414 ὁμο·

2263 5440 2414 5511 λογεί
2445 5443 2702 5512 φάσκων·
2739 5463 2760 5495 ι
2786 5445 2897 5498 Καὶ
2947 5444 3058 5516 γὰρ
3104 5444 3214 5508 ἐγὼ
3257 5439 3720 5514 ἐξομολογήσομαί
3759 5451 3834 5488 σοι

2264 5533 2323 5587 ἐν
2351 5534 2569 5588 σκεύεσι
2591 5533 2807 5607 ψαλμοῦ
2833 5537 2932 5606 τὴν
2961 5536 3218 5608 ἀλήθειάν
3245 5553 3361 5599 σου,
3389 5536 3418 5588 ό
3442 5534 3593 5598 Θεός.
3610 5553 3628 5586 ι
3649 5527 3834 5586 Οὐκέτι

2263 5627 2374 5699 γὰρ
2399 5626 2622 5693 τύπους,
2641 5628 2762 5683 ούδέ
2797 5628 2952 5694 σκιάς
2981 5630 3072 5685 καὶ
3102 5627 3365 5699 σύμϐολα,
3383 5620 3471 5688 οἶα
3497 5622 3565 5698 ἦν
3594 5625 3661 5680 τά
3693 5616 3831 5690 παρᾶ
