2043 3221
1 1877 4 1879 “
11 1877 14 1889 ν

0 1923 15 1940 ιδ’

0 1968 14 1986 κ

0 2008 14 2033 εἰ

0 2062 11 2079 ι

0 2108 12 2133 ῗέ

6 2148 11 2172 ί

0 2201 11 2218 ε,

0 2238 10 2263 ',

0 2295 7 2308 ’ῑ

195 134 247 161 Tt);
748 140 969 169 COMMENTAR,

1022 142 1055 170 IN
1075 142 1245 172 PSALMOS.
1458 152 1460 154 '
1777 149 1829 177 79b

191 193 239 221 τοῦ
264 194 347 222 Θεοῦ⁶
372 197 419 224 καὶ
441 196 532 232 τρίτον
558 198 589 225 ὃν
611 199 756 235 ἀνείληφεν
786 201 930 236 ἄνθρωπον
955 203 969 229 ὲ

1021 203 1145 239 ,ρεοιηιο
1163 202 1220 231 ait:
1238 211 1247 228 ι
1269 201 1324 238 Ego
1347 206 1438 231 autem
1451 204 1620 233 constitutus
1642 213 1703 234 sum
1730 214 1777 234 rex
1792 207 1829 235 sb

191 240 350 277 σπέρματος
357 242 438 269 Δαυῖδ
445 242 473 277 ἐξ
486 244 568 270 αὑτοῦ
583 253 614 271 1s
627 244 675 272 τοῦ
694 245 868 282 Σολομῶντος
881 248 982 282 γεννώ-

192 295 283 322 μενον,
299 288 393 324 ἕτερον
417 289 481 316 ὄντα
498 290 575 326 παρὰ
596 292 643 318 τὸν
670 291 783 327 βασιλέα
797 293 843 320 τὸν
866 293 909 320 διὰ
934 294 982 321 τοῦ

189 333 298 370 ψαλμοῦ
318 335 423 369 φάντα·
440 345 449 362 ι
468 336 540 371 Ἐγὼ
557 337 585 364 δὲ
607 338 777 375 κατεστάθην
794 339 920 375 βασιλεὺς
935 341 982 367 ὑπ’

188 380 271 407 αὐτοῦ
298 381 344 408 ἐπὶ
358 381 429 408 Σιὼν
455 383 518 420 ὅρος
545 384 622 418 ἅγιον
644 384 748 417 αὑτοῦ,
771 386 936 421 διαγγέλλων
950 387 982 414 τὸ

188 426 354 464 πρόσταγμα
367 429 482 465 Κυρίου.
495 430 598 466 Κύριος
605 428 667 459 εἷπε
676 432 743 468 πρὸς
756 433 790 468 μέ
800 442 806 450 ·
822 433 886 466 rw;
895 443 946 469 μου
956 431 982 461 εἷ

188 473 221 500 σύ
234 482 241 489 ·
259 475 315 509 ὲγὼ
330 475 451 512 σήμερον
460 477 615 513 γεγέννηκά
635 487 675 505 σε.
693 479 808 516 Δῐτησαι
819 481 884 517 παρ’
899 481 980 517 ἐμοῦ,

187 519 236 546 κᾶὶ
252 519 330 547 δώσω
346 529 388 548 σοι
406 521 470 558 ἔθνη
495 522 545 559 τὴν
570 523 753 561 κληρονομίαν
777 534 822 553 σου
834 547 841 559 ,
860 527 908 554 καὶ
929 527 980 564 τὴν

184 566 352 602 κατάσχεσιν
378 577 424 595 σου
448 569 482 596 τὰ
503 569 611 605 πέρατα
630 571 682 607 τῆς
702 573 763 608 γῆς.
782 582 791 599 ι
806 573 855 601 Διὰ
875 573 980 602 τούτων

182 612 240 649 γὰρ
249 614 342 648 σαφῶς
353 616 503 648 καταστὰς,
512 616 606 644 ἀκούει
619 618 688 653 πρὸς
697 619 745 646 τοῦ
755 620 862 656 Πατρός
871 629 878 636 ·
892 630 901 647 ι
914 621 979 653 Υἱός

184 667 237 694 μου
264 657 291 687 εἴ
315 660 367 687 σύ·
396 661 452 696 ἐγὼ
478 663 598 700 σήμερον
621 665 776 701 γεγέννηκὰ
801 674 839 693 σε.
864 666 979 703 Αῐτησαι

181 707 250 742 παρ’
261 706 340 742 ἐμοῦ,
354 708 402 735 καὶ
415 708 494 736 δώσω
510 718 551 737 σοι
566 710 630 746 ἔθνη
642 711 692 747 τὴν
707 711 889 748 κληρονομίαν
901 722 975 741 σου.»

181 749 245 778 Οἵδε
267 752 296 779 δὲ
319 753 366 780 καὶ
390 754 472 786 αὐτὸς
491 756 506 782 ὁ
530 756 656 792 Σολομὼν
680 757 727 784 τὸν
744 758 808 785 Υίὸν
828 759 876 786 τοῦ
898 759 977 793 Θεοῦ,

181 798 280 832 σοφίαν
301 799 443 834 ὀνομάζων
457 800 548 833 αὐτὸν,
565 802 595 829 ὲν
611 799 652 835 οἷς
677 803 707 836 ἐξ
723 804 807 831 αὑτοῦ
830 805 977 841 προσώπου

179 843 210 869 ὲν
234 843 400 880 Παροιμίαις
426 846 490 873 τάδε
508 847 609 883 φησίν
630 857 639 874 ι
669 848 740 883 Ἐγὼ
763 850 780 885 ή
800 849 885 885 Σοφία
909 859 974 878 κατι

1035 256 1072 276 eo
1083 256 1167 284 super
1183 247 1249 276 Sion
1265 253 1386 276 montem
1416 254 1542 278 sanctum
1569 251 1647 286 ejus,
1674 252 1829 288 pradicans

1035 298 1200 330 pmceptum
1219 294 1334 322 Domini.
1351 294 1484 325 Dominus
1509 296 1578 325 dixit
1597 297 1632 325 ad
1652 305 1714 327 me:
1740 297 1829 328 Filius

1035 348 1113 369 meus
1132 348 1162 368 es
1174 345 1282 376 ωυρμ
1305 341 1386 370 hodie
1399 343 1481 377 genui
1498 346 1535 370 te.
1559 342 1671 371 Postula
1686 352 1701 372 ο
1715 352 1759 373 me
1771 365 1779 378 ,
1798 349 1827 374 et

1035 386 1106 414 dabo
1123 386 1171 414 tibi
1189 391 1284 422 gentes
1308 387 1495 416 hereditatem
1514 392 1606 422 tuam,
1626 393 1654 418 et
1677 391 1828 426 possessio-

1034 440 1096 461 nem
1121 437 1197 460 tuam
1222 434 1353 461 terminos
1381 435 1498 463 terrae'.
1527 444 1537 462 ι
1560 434 1609 463 His
1637 436 1711 464 enim
1733 443 1827 472 aperte

1033 479 1210 512 constitutus,
1229 480 1286 508 haec
1314 488 1329 508 a
1353 480 1435 509 Patre
1459 481 1554 509 audit:
1572 491 1582 508 ι
1600 481 1686 511 Filius
1701 491 1780 512 meus
1795 492 1825 511 es

1032 529 1073 557 tu.
1090 533 1141 560 ego
1161 525 1242 554 hodie
1258 526 1341 561 genui
1358 530 1392 554 te.
1406 525 1516 555 Postula
1531 534 1547 555 a
1568 535 1621 561 me,
1637 532 1665 556 et
1685 528 1756 556 dabo
1775 529 1824 556 tibi

1032 574 1127 606 gentes
1150 571 1337 599 hereditatem
1362 576 1447 598 tuam.
1475 581 1484 598 ι
1511 571 1592 600 Novit
1618 580 1701 608 porro
1723 576 1750 601 et
1766 573 1825 608 ipse

1033 615 1162 643 Salomon
1179 615 1279 644 Filium
1296 616 1354 648 Dei,
1366 617 1414 652 qui
1426 617 1515 652 ipsum
1532 618 1695 653 sapientiam
1704 622 1785 651 vocat
1794 618 1821 646 in

1031 661 1199 694 Proverbiis,
1216 662 1262 690 ubi
1275 670 1309 690 ex
1324 663 1384 698 ejus
1395 670 1513 698 persona
1531 664 1571 692 sic
1587 664 1725 699 loquitur:
1739 675 1749 692 ι
1767 665 1825 702 Ego

1033 707 1172 744 Sapientia
1185 708 1334 737 inhabitavi
1352 709 1509 742 consilium,
1520 714 1548 737 et
1562 710 1716 744 scientiam,
1731 714 1759 738 et
1773 719 1821 739 co—

1031 757 1189 793 gitationem
1201 765 1252 792 ego
1263 757 1398 785 invocavi.
1411 756 1462 785 Per
1476 765 1519 785 me
1531 764 1610 793 reges
1625 758 1790 793 regnant“;
1808 768 1819 785 ι

1031 810 1064 830 ac
1074 802 1192 831 deinde:
1211 812 1220 829 ι
1246 802 1379 831 Dominus
1403 803 1505 830 creavit
1523 810 1567 831 me
1589 802 1697 830 initium
1713 803 1820 831 viarum

1031 857 1142 877 suarum
1158 849 1186 876 in
1205 856 1289 883 opera
1309 857 1358 877 sua
1373 858 1379 876 :
1398 852 1461 876 ante
1479 848 1609 876 saeculum
1622 848 1746 876 fundavit
1761 856 1816 881 me.

178 890 322 924 εσκήνωσα
334 890 442 927 βουλὴν,
457 893 505 919 καὶ
519 894 620 927 γνῶσιν
632 895 680 921 καὶ
689 894 793 923 ἔννοιαν
808 895 864 931 ἐγὼ
875 897 969 925 ἐπεκα-

1027 901 1173 931 antequam
1192 899 1299 924 montes
1314 896 1516 923 collocarentur
1529 906 1536 923 :
1552 899 1616 923 ante
1627 903 1723 924 omnes
1734 896 1819 923 colles

178 934 312 972 λεσάμην.
326 937 366 963 Δι’
380 937 448 973 ἐμοῦ
465 938 588 974 βασιλεῖς
601 940 789 976 βασιλεύουσι·
804 952 814 968 ›
833 943 879 969 καὶ
894 943 973 980 ἑξῆς·

181 991 191 1007 ι
215 981 317 1017 Κύριος
340 982 433 1010 ἔκτισε
466 993 500 1020 με
519 986 606 1022 ἀρχὴν
626 987 694 1014 ὁδῶν
727 988 810 1015 αὑτοῦ
841 989 882 1021 είς
907 989 976 1025 ἔργα

176 1027 272 1055 αὐτοῦ.
291 1029 347 1064 Πρὸ
360 1029 407 1056 τοῦ
427 1030 526 1064 αἰῶνος
540 1032 704 1068 ὲθεμελίωσέ
719 1042 764 1070 με,
785 1034 838 1070 πρὸ
856 1034 904 1061 τοῦ
923 1035 974 1071 ὅρη

177 1073 368 1111 ἑδρασθῆναι·
396 1076 450 1113 πρὸ
478 1077 507 1103 δὲ
533 1078 643 1105 πάντων
672 1079 773 1114 βουνῶν
795 1081 877 1117 γεννᾷ
904 1090 971 1117 με.)

176 1120 304 1157 Γέννημᾰ
318 1122 407 1150 τοίνυν
431 1123 479 1150 τοῦ
492 1124 560 1151 Θεοῦ
574 1125 591 1161 ἡ
616 1126 696 1161 σοφία
718 1127 765 1154 καὶ
778 1128 793 1154 ό
810 1127 874 1160 Υίδς
890 1128 973 1156 αὐτοῦ

175 1168 192 1194 ὁ
205 1168 378 1204 Μονογενής·
397 1169 445 1196 καὶ
470 1170 538 1206 περὶ
551 1171 633 1198 αὺτοῦ
655 1172 704 1208 τὴν
726 1172 867 1208 παροῦσαν
890 1173 972 1209 εὐχὴν

175 1214 334 1249 ἀναπέμπει
351 1215 365 1241 ὸ
381 1215 508 1251 Σολομὼν
522 1217 649 1251 φάσκων·
670 1227 678 1244 ι
697 1218 726 1245 ὐ
737 1218 813 1251 Θεὸς,
829 1219 860 1246 τὸ
883 1219 971 1256 κρίμα

176 1268 225 1286 σου
248 1261 287 1297 τῷ
304 1261 410 1297 βασιλεῖ
432 1262 494 1296 δὺς,
517 1272 528 1290 t
548 1264 627 1299 δῆλον
650 1264 673 1291 δ’
694 1265 737 1291 ὅτι
761 1265 801 1301 τῷ
825 1266 973 1300 Μονογενεῖ

174 1306 256 1342 Λόγῳ
269 1315 326 1334 σου.
347 1308 458 1344 Ἐπειδὴ
474 1308 529 1345 γὰρ
542 1309 653 1347 ἔκρινας
668 1311 749 1338 αὐτὸν
761 1311 808 1338 ἐπὶ
820 1311 873 1347 γῆς
887 1311 972 1347 ὀφθῆ-

174 1361 231 1385 ναι,
244 1353 288 1380 ἵνα
305 1354 343 1389 μὴ
363 1355 443 1390 μόνον
460 1355 515 1382 τῶν
532 1356 593 1383 κατ’
610 1356 745 1393 οὐρανῶν,
764 1356 833 1384 ἀλλὰ
854 1357 901 1384 καὶ
915 1357 971 1384 τῶν

175 1397 223 1424 ἐπὶ
237 1398 288 1434 γῆς
302 1398 441 1435 βασιλεύῃ,
452 1400 531 1427 τοῦτο
542 1401 572 1428 τὸ
585 1401 674 1438 κρίμα
685 1403 736 1438 ήδη
748 1402 814 1429 ποτὲ
828 1403 874 1429 ἐπὶ
884 1403 970 1439 πέρας

174 1444 297 1477 ἀγέσθω·
314 1446 360 1472 καὶ
376 1446 426 1481 τὴν
440 1446 613 1483 δικαιοσύνην
628 1448 658 1475 δὲ
672 1449 722 1484 τὴν
739 1448 787 1485 σήν
802 1449 842 1485 τῷ
855 1449 906 1486 υἱῷ
920 1449 968 1477 τοῦ

174 1489 308 1524 βασιλέως
321 1491 375 1523 δὸς,
389 1492 485 1525 όΘεὸς·
495 1493 553 1520 υίοῦ
566 1494 699 1529 βασιλέως
711 1495 829 1523 ἐνταῦθα
840 1495 887 1523 τοῦ
897 1496 969 1524 κατὰ

173 1536 263 1572 σάρκα
272 1538 416 1573 νοουμένου
431 1540 464 1566 ὲκ
477 1539 732 1576 σπέρματοςΔαυῖδ,
744 1541 774 1568 ὃν
786 1542 867 1574 αὐτὸς
879 1542 967 1578 ἑαυτῷ

1028 941 1115 977 gignit
1130 949 1173 969 me
1185 941 1217 970 “.
1236 951 1246 968 ›
1259 940 1355 970 Proles
1371 941 1454 977 igitur
1468 941 1516 969 Dei
1532 946 1574 969 est
1588 942 1722 977 sapientia
1733 946 1761 970 et
1772 941 1819 969 Fi-

1027 987 1080 1014 lius
1105 985 1166 1021 ejus
1188 985 1371 1022 Unigenitus:
1397 987 1485 1022 deque
1511 987 1559 1014 illo
1587 987 1716 1016 Salomon
1746 988 1818 1016 hanc

1026 1029 1117 1058 fundit
1125 1031 1277 1058 oralionem
1288 1030 1397 1059 dicens:
1413 1041 1422 1057 ι
1436 1031 1658 1066 Deus,judicium
1669 1037 1746 1060 tuum
1758 1033 1817 1065 regi

1025 1075 1072 1108 da,
1091 1085 1101 1103 ι
1118 1076 1226 1104 scilicet
1241 1076 1386 1113 Unigenito
1399 1076 1490 1106 Verbo
1512 1082 1571 1106 tuo.
1589 1078 1659 1112 Quia
1674 1079 1748 1107 enim
1770 1080 1818 1116 ju-

1024 1123 1125 1151 dicasti
1143 1127 1173 1150 ut
1187 1123 1215 1150 in
1230 1127 1305 1151 terra
1322 1123 1471 1157 videretur,
1490 1128 1520 1151 ut
1533 1132 1587 1152 non
1602 1126 1683 1153 modo
1696 1126 1817 1154 ctclesti-

1024 1169 1088 1202 bus,
1099 1169 1147 1198 sed
1160 1170 1243 1198 etiam
1260 1170 1377 1198 terrenis
1391 1174 1534 1205 regnaret;
1549 1171 1601 1198 hoc
1615 1171 1749 1206 judicium
1757 1172 1816 1208 jam

1023 1216 1134 1245 demum
1153 1216 1188 1244 ad
1212 1216 1359 1244 terminum
1389 1216 1550 1245 deducatur.
1580 1217 1720 1246 Justitiam
1749 1218 1815 1247 item

1022 1267 1096 1290 tuam
1114 1262 1170 1290 lilio
1185 1263 1257 1298 regis
1268 1282 1276 1295 ,
1296 1270 1313 1290 o
1329 1262 1401 1291 Deus
1413 1283 1420 1295 .
1437 1263 1578 1292 concede:
1595 1264 1640 1292 hic
1659 1272 1725 1293 vero
1742 1264 1818 1293 illius

1021 1308 1095 1343 regis
1120 1307 1283 1342 intelligitur
1297 1307 1449 1335 secundum
1465 1315 1577 1336 carnem
1592 1317 1626 1337 ex
1642 1309 1746 1337 semine
1761 1309 1818 1337 Da-

1021 1354 1077 1385 vid,
1093 1362 1174 1389 quem
1191 1353 1238 1381 Dei
1251 1352 1382 1386 Verbum,
1398 1355 1470 1389 quod
1488 1359 1569 1383 antea
1581 1355 1742 1389 exsistebat,
1759 1356 1817 1384 sibi

1020 1407 1053 1427 ex
1079 1399 1182 1435 Spiritu
1206 1404 1303 1428 sancto
1334 1403 1362 1428 et
1391 1404 1486 1428 sancta
1510 1400 1621 1436 Virgine
1651 1402 1812 1430 constituit:

1019 1453 1100 1482 quem
1123 1445 1187 1473 item
1204 1450 1271 1481 puto
1287 1445 1462 1473 Salomonem
1490 1446 1519 1473 in
1541 1445 1697 1475 Proverbiis
1714 1446 1812 1474 subin-

1020 1492 1113 1520 dicare
1124 1492 1167 1520 his
1178 1492 1288 1520 verbis:
1307 1501 1316 1518 ι
1335 1492 1403 1525 Quis
1417 1493 1541 1521 ascendit
1555 1494 1583 1521 in
1598 1494 1697 1521 cadum
1718 1501 1745 1522 et
1763 1494 1815 1522 de-

1019 1539 1130 1567 cendit?
1146 1538 1215 1572 Quis
1245 1540 1420 1575 congregavit
1450 1543 1548 1568 ventos
1580 1541 1609 1568 in
1633 1541 1718 1569 sinu?
1743 1540 1814 1575 Quis

171 1581 187 1608 6
216 1581 308 1617 προὼν
322 1582 370 1610 τοῦ
386 1584 454 1611 Θεοῦ
480 1585 567 1627 Λόγος
588 1585 619 1618 ἐξ
642 1587 720 1621 ἁγίου
741 1587 900 1623 Πνεὺματος
918 1588 965 1614 καὶ

1021 1585 1153 1612 convertit
1166 1592 1263 1619 aquam
1284 1584 1313 1611 in
1327 1584 1521 1613 vestimentum
1531 1585 1544 1612 τ
1566 1584 1634 1618 Quis
1652 1585 1814 1614 dominatus

170 1626 221 1662 τῆς
234 1628 318 1663 ἁγίας
330 1629 472 1667 Παρθένου
496 1633 679 1668 συνεστήσατο
689 1642 696 1648 ·
710 1632 739 1660 ὃν
756 1634 804 1660 καὶ
818 1634 847 1660 ἐν
867 1634 967 1669 Παροι-

174 1672 250 1714 (iiut;
263 1678 428 1706 αἰνίττεσθαι
446 1678 490 1706 τὸν
499 1679 661 1715 Σολομῶντα
671 1680 739 1715 ἡγοῦ
744 1689 791 1716 μαι
804 1681 837 1708 δι’
847 1677 884 1707 ῶν
892 1676 966 1717 ’γρά-

173 1724 334 1759 φειλέγωνοι
342 1725 390 1757 Τίς
403 1725 488 1761 ἀνέση
498 1726 538 1757 είς
545 1726 591 1753 τὸν
601 1726 714 1762 οὐρανὸν
722 1727 769 1753 καὶ⁵
782 1727 885 1763 κατέὸη
897 1735 905 1760 ;
918 1727 966 1760 Τίς

173 1771 326 1806 συνήγαγεν
339 1771 456 1807 ἀνέμους
470 1773 498 1798 ὲν
511 1772 619 1808 κόλπῳ;
634 1772 683 1805 Τίς
697 1773 878 1809 συνέστρεψεν
893 1773 966 1809 ὕδωρ

172 1818 201 1843 ὲν
211 1817 312 1852 ίματίῳ
323 1825 331 1850 ;
342 1817 391 1849 Τίς
399 1818 535 1854 ἐκράτησε
547 1818 657 1845 πάντων
665 1818 720 1845 τῶν
731 1819 825 1855 ἄκρων
835 1821 887 1856 τῆς
896 1820 964 1855 γῆς;

171 1863 204 1890 Τί
214 1863 299 1899 ὄνομα
314 1863 398 1899 αὐτῷ,
413 1864 459 1891 καὶ
474 1864 501 1890 τί
513 1864 598 1900 ὄνομα
614 1864 653 1900 τῷ
666 1864 724 1900 Υίῷ
740 1865 840 1899 αὐτοῦς
857 1875 867 1891 ι
886 1865 965 1892 Οὕτω

171 1907 225 1944 γὰρ
243 1909 420 1945 ήρμήνευσαν
435 1909 461 1935 οί
482 1909 587 1936 λοιποί·
606 1910 621 1936 ὁ
645 1910 693 1946 μὲν
724 1910 842 1943 ’Δκύλας
859 1909 943 1938 είπών
955 1919 962 1926 ο

174 1963 184 1979 ι
199 1953 231 1980 Τί
245 1954 331 1990 ὄνομα
347 1954 432 1991 αὐτῷ,
446 1956 493 1982 καὶ
504 1954 530 1982 τί
543 1956 629 1991 ὄνομα
645 1955 686 1991 τῷ
702 1956 760 1992 Υίῷ
773 1956 875 1990 αὐτοῦς
892 1967 901 1983 ι
916 1956 964 1983 καὶ

171 2001 185 2027 ὁ
196 2000 341 2027 Θεοδοτίων
349 2001 465 2037 ὁμοίως·
473 2011 482 2027 ι
491 2002 524 2028 Τί
538 2001 623 2038 δνομα
639 2001 723 2038 αὐτῷ,
734 2003 814 2030 καὶτί
827 2003 913 2039 δνομα
924 2004 963 2039 τῷ

172 2045 228 2081 Υίῷ
245 2046 345 2079 αὑτοῦ;
360 2056 369 2072 ι
392 2046 489 2082 Σαφῶς
507 2047 562 2083 γὰρ
578 2048 607 2075 ὲν
629 2047 736 2080 τούτοις
758 2049 807 2084 μὲν
822 2049 963 2086 κρατήσας

171 2092 219 2127 τῆς
235 2092 296 2128 γῆς,
314 2093 362 2119 καὶ
378 2092 576 2129 καταϐεϐηκὼς
590 2094 637 2121 καὶ
653 2093 772 2121 ἀνελθὼν
785 2095 825 2127 είς
837 2094 961 2131 οὐρανὸν,

171 2138 205 2165 τά.
220 2147 250 2165 τε
266 2138 347 2165 λοιπὰ
360 2139 475 2175 δεόμενα
486 2139 537 2175 τῆς
553 2139 623 2166 κατὰ
639 2139 736 2176 σχολήν
748 2140 896 2177 ἑρμηνείας
915 2149 963 2167 πε-

172 2184 303 2220 ποιηκὼς,
320 2185 408 2217 οὐδεὶς
423 2185 456 2212 ἂν
469 2185 573 2220 γένοιτο
582 2186 675 2222 ἔτερος
683 2185 732 2213 τοῦ
745 2185 811 2213 Υίοῦ
822 2186 870 2213 τοῦ
881 2186 960 2218 Θεοῦ,

171 2232 200 2265 ὃς
213 2231 283 2259 αὐτὰ
296 2232 328 2267 δὴ
342 2232 429 2259 ταῦτα
441 2231 574 2258 διδάσκων
593 2231 687 2266 ἔλεγεν
697 2240 705 2247 ·
725 2241 735 2258 ι
749 2232 844 2264 Οὐδεὶς
861 2232 961 2259 ἀναδέ-

1018 1635 1060 1659 est
1071 1630 1192 1658 omnium
1214 1630 1310 1658 ﬁnium
1338 1630 1437 1658 terrae?
1451 1630 1529 1664 Quod
1549 1639 1648 1659 nomen
1673 1631 1733 1667 ejus
1746 1652 1754 1665 ,
1783 1637 1813 1660 et

1016 1678 1088 1713 quod
1101 1686 1200 1706 nomen
1216 1678 1271 1706 filio
1300 1677 1360 1714 ejus
1373 1678 1416 1706 "?
1433 1688 1443 1705 ι
1473 1678 1518 1707 Sic
1537 1678 1610 1706 enim
1638 1678 1812 1714 interpretati

1019 1729 1086 1753 sunt
1107 1725 1216 1761 reliqui,
1232 1725 1329 1761 Aquila
1355 1725 1461 1753 scilicet
1479 1725 1593 1753 dicens:
1620 1735 1629 1752 ι
1648 1725 1727 1759 Quod
1758 1733 1812 1753 no-

1015 1779 1077 1798 men
1093 1771 1163 1806 ipsi,
1184 1775 1212 1799 et
1233 1770 1306 1806 quod
1325 1779 1423 1799 nomen
1441 1771 1497 1798 filio
1519 1771 1597 1806 ejus?
1617 1781 1626 1797 ι
1659 1770 1813 1798 Τίιεοᾱοιία

1016 1817 1159 1849 similiter,
1188 1826 1198 1843 ι
1217 1817 1295 1850 Quod
1322 1825 1422 1846 nomen
1446 1818 1524 1852 ejus,
1554 1821 1582 1845 et
1607 1817 1680 1853 quod
1709 1824 1812 1844 nomen

1016 1863 1071 1891 filio
1088 1863 1170 1898 ejus?
1187 1873 1196 1890 ι
1214 1863 1295 1891 Clare
1313 1864 1387 1892 enim
1403 1864 1451 1899 qui
1466 1864 1510 1891 hic
1527 1863 1615 1892 fertur
1625 1867 1705 1891 terra:
1724 1863 1811 1898 impe-

1014 1916 1100 1940 rasse.
1113 1909 1290 1938 descendisse
1312 1914 1339 1937 et
1351 1909 1510 1937 ascendisse
1527 1909 1555 1937 in
1570 1909 1684 1943 cmlum,
1698 1913 1726 1937 et
1744 1909 1810 1936 reli-

1013 1961 1068 1989 qua
1091 1954 1247 1989 peregisse,
1280 1962 1340 1990 quae
1365 1954 1475 1982 nonnisi
1501 1961 1549 1989 per
1571 1954 1657 1981 otium
1678 1953 1811 1989 explicari

1013 2003 1140 2035 possunt,
1155 2000 1249 2027 nullus
1262 2000 1332 2027 alius
1348 2008 1429 2035 quam
1445 1999 1532 2027 Filius
1553 1998 1601 2027 Dei
1628 1998 1730 2032 fuerit,
1760 1998 1809 2033 qui

1013 2046 1072 2074 haec
1088 2047 1146 2082 ipsa
1163 2046 1279 2075 docebat
1302 2046 1346 2075 his
1371 2046 1461 2074 verbis
1479 2055 1485 2073 :
1508 2055 1518 2071 ι
1536 2044 1622 2073 Nemo
1640 2044 1764 2072 ascendit
1780 2044 1807 2072 in

1017 2092 1134 2125 caelum,
1162 2092 1215 2120 nisi
1240 2091 1287 2128 qui
1303 2091 1337 2120 de
1353 2092 1423 2119 cosio
1449 2090 1591 2118 descendit
1618 2089 1703 2116 Filius
1717 2088 1811 2116 homi—

997 2140 1056 2167 -nis
1072 2138 1105 2165 ".
1127 2148 1136 2165 ι
1157 2138 1208 2172 Qui
1224 2143 1315 2166 autem
1341 2137 1386 2165 hic
1401 2136 1487 2164 Filius
1502 2136 1562 2171 ejus
1581 2135 1692 2167 dicitur,
1708 2142 1807 2162 secun-

1012 2186 1077 2214 dum
1095 2193 1207 2214 carnem
1224 2185 1405 2220 intelligatur,
1420 2191 1501 2219 quam
1513 2190 1545 2210 ex
1562 2181 1666 2210 semine
1683 2180 1768 2208 David
1779 2183 1809 2207 et

1013 2231 1170 2260 Salomonis
1184 2231 1282 2259 factam
1298 2232 1412 2266 accepit.

171 2278 254 2314 6ηκεν
270 2280 310 2311 είς
324 2279 369 2306 τὸν
384 2279 499 2315 οὐρανὸν
520 2280 545 2306 εί
564 2280 602 2315 μὴ
615 2280 630 2306 ὸ
642 2280 675 2307 ὲκ
690 2279 738 2307 τοῦ
761 2279 875 2315 οὐρανοῦ
891 2280 1014 2312 καταϐὰς
1033 2281 1048 2308 ό
1077 2280 1141 2313 Υἱὸς
1164 2279 1211 2307 τοῦ
1236 2278 1394 2315 ἀνθρώπου·
1420 2287 1430 2305 ι
1450 2278 1478 2305 Ὀ
1491 2277 1512 2304 δ’
1525 2276 1640 2304 ἐνταῦθα
1662 2274 1809 2310 λεγόμενος

171 2325 252 2353 αὐτοῦ
269 2326 333 2358 Υἱὸς
348 2326 390 2362 εἴη
404 2326 438 2353 ἂν
454 2327 469 2354 ὁ
479 2327 550 2354 κατὰ
575 2325 664 2363 σάρκα
679 2326 832 2363 νοούμενος,
846 2327 880 2363 ἧν
910 2327 1057 2364 ἀνείληφεν
1072 2329 1105 2355 ὲκ
1123 2328 1281 2363 σπέρματος
1297 2326 1378 2353 Δαυῖδ
1394 2325 1441 2353 καὶ
1457 2324 1627 2361 Σολομῶντος
1645 2322 1805 2359 γενομένην.

212 2382 280 2409 Ἀλλ’
300 2382 362 2409 ἐπεὶ
378 2383 512 2410 Ἰουδαίων
527 2384 621 2416 παῖδες
640 2384 692 2416 τὰς
708 2385 893 2421 προκειμένας
908 2385 962 2412 τῶν

1051 2384 1103 2413 Sed
1116 2386 1181 2421 quia
1194 2385 1281 2413 Judaei
1296 2384 1346 2412 has
1368 2383 1579 2412 Proverbiorum
1596 2390 1677 2409 voces
1691 2381 1805 2408 univer-

171 2428 328 2464 Παροιμιῶν
344 2428 434 2463 φωνὰς
449 2430 489 2462 είς
504 2430 550 2457 τὸν
569 2431 615 2457 ἐπὶ
630 2431 739 2458 πάντων
757 2431 824 2458 Θεὸν
843 2431 958 2464 ἀνάξου-

171 2482 222 2506 σιν,
233 2475 283 2501 οὐκ
299 2475 398 2507 εἰδότες
410 2475 456 2503 τὸν
468 2476 531 2503 Υίδν
538 2477 584 2504 τοῦ
601 2477 680 2509 Θεοῦ,
692 2477 810 2504 δεικτέον
821 2478 913 2510 αὐτοῖς
927 2479 960 2505 ὲκ

170 2520 222 2547 τῶν
235 2521 424 2557 προκειμένων
435 2523 474 2555 ὡς
492 2523 556 2549 Υίὸν
575 2523 654 2556 Θεοῦ,
673 2523 767 2559 σαφῶς
780 2524 828 2551 καὶ
845 2524 959 2560 mpm—

169 2565 216 2600 δην
231 2566 396 2603 παρίστησιν
408 2569 425 2603 ή
444 2568 541 2605 Γραφὴ
555 2567 687 2603 λέγουσα·
707 2579 717 2595 ‹
729 2569 763 2596 Τί
773 2569 859 2605 ὄνομα
873 2569 958 2605 αὐτῷ,

170 2612 215 2638 καὶ
223 2612 251 2638 τί
265 2613 349 2649 ὄνομα
366 2613 406 2649 τῷ
421 2614 478 2649 Υίῷ
494 2614 593 2647 αὐτοῦς
611 2625 620 2641 ι
634 2615 747 2642 Φάσκων
763 2615 791 2643 δὲ
804 2617 818 2642 ὁ
837 2615 916 2650 λόγος
930 2617 960 2643 ὲν

169 2657 206 2693 τῷ
218 2658 318 2695 ψαλμῷ
330 2667 336 2672 ”
349 2669 359 2685 ι
376 2660 406 2687 Ὀ
421 2660 497 2693 Θεὸς,
509 2661 540 2688 τὸ
551 2661 639 2698 κρίμα
653 2670 701 2689 σου
713 2662 752 2698 τῷ
769 2662 874 2698 βασιλεῖ
885 2663 956 2695 δὸς.)

170 2703 232 2730 ἄλλο
245 2702 313 2732 εἶναι
324 2705 355 2732 τὸ
366 2705 454 2741 κρίμα
466 2707 542 2742 παρὰ
553 2707 603 2743 τὴν
616 2708 706 2743 κρίσιν
718 2708 850 2736 διδάσκει.
862 2709 958 2745 Κρίμα

170 2749 222 2785 γὰρ
237 2751 268 2777 τὸ
284 2751 358 2784 ἅπαξ
374 2751 452 2785 δόξαν
466 2752 505 2788 τῷ
517 2752 577 2789 Θεῷ
591 2753 638 2780 καὶ
652 2753 682 2780 τὸ
697 2754 792 2790 κριθὲν
805 2756 869 2790 παρ’
882 2754 957 2790 αὐτῷ

170 2798 308 2832 τυγχάνειο
334 2799 424 2834 κρίσις
443 2799 472 2826 δὲ
498 2799 551 2826 τῶν
576 2800 744 2836 κρινομένων
767 2800 918 2837 διάκρισις,

205 2887 214 2902 ’
229 2886 298 2915 i‘sal.
316 2897 343 2921 ιι,
359 2890 417 2916 5-8.
459 2891 478 2905 “‘
492 2890 570 2917 l‘mv.
591 2898 648 2922 \‘Ili,
668 2891 706 2919 1‘2.
749 2892 766 2906 ¹¹
782 2890 846 2917 ibid.
863 2891 907 2923 “32,
925 2891 967 2917 23.

1010 2439 1103 2459 surum
1118 2431 1174 2459 Deo
1198 2431 1328 2463 referent,
1344 2431 1500 2459 nescientes
1524 2429 1622 2457 Filium
1652 2427 1700 2456 Dei
1727 2427 1806 2455 hisce

1010 2478 1101 2507 verbis
1120 2478 1200 2514 quasi
1218 2485 1283 2506 vere
1302 2477 1399 2505 Filium
1415 2477 1462 2504 Dei
1478 2475 1720 2504 demonstrandum
1736 2475 1806 2509 ipsis

1011 2532 1082 2556 esse,
1097 2523 1124 2551 id
1141 2524 1215 2551 clare
1232 2527 1260 2551 et
1276 2527 1370 2559 aperte
1383 2522 1526 2557 Scriptura
1551 2521 1673 2548 declarat
1687 2520 1732 2547 his
1745 2527 1806 2547 ver~

1011 2570 1070 2598 bis:
1085 2579 1094 2596 ι
1107 2570 1187 2604 Quod
1200 2577 1300 2598 nomen
1313 2569 1384 2604 ejus,
1393 2573 1420 2597 et
1431 2568 1504 2604 quod
1517 2575 1615 2595 nomen
1623 2566 1693 2594 Filio
1702 2566 1775 2601 ejus?
1789 2575 1802 2592 ›

1013 2616 1082 2645 Cum
1106 2621 1196 2644 autem
1210 2615 1354 2651 Scriptura
1373 2616 1401 2643 in
1418 2615 1523 2650 psalmo
1540 2614 1618 2646 dicit,
1637 2623 1646 2640 ι
1666 2613 1748 2644 Deus,
1761 2612 1806 2647 ju-

1012 2664 1115 2692 dicium
1141 2667 1218 2690 tuum
1242 2662 1299 2697 regi
1320 2661 1372 2695 da;
1393 2671 1402 2687 ι
1425 2661 1563 2689 diversum
1585 2667 1646 2688 esse
1668 2659 1803 2694 judicium

1011 2717 1027 2737 a
1041 2709 1212 2744 judicatione
1225 2708 1314 2735 docet.
1329 2706 1397 2734 Nam
1422 2707 1555 2743 judicium
1572 2710 1616 2734 est
1629 2705 1701 2741 quod
1717 2706 1803 2733 semel

1011 2754 1066 2783 Deo
1087 2754 1215 2790 placitum
1233 2759 1260 2782 et
1273 2753 1425 2788 judicatqu
1443 2757 1504 2787 est;
1519 2752 1652 2788 judicatio
1676 2759 1742 2779 vero
1758 2755 1801 2779 est

1009 2809 1104 2830 eorum
1119 2809 1179 2836 qua:
1191 2800 1351 2836 judicautur
1367 2807 1491 2831 examen,
1509 2798 1580 2834 quod
1607 2798 1731 2834 sequitur
1751 2804 1802 2833 pro

1010 2892 1028 2907 ”
1046 2890 1124 2918 Prov.
1138 2891 1181 2919 50.
1200 2890 1220 2917 ί.
1280 2891 1300 2905 ¹²
1316 2889 1394 2917 Joan.
1408 2897 1449 2921 ιιι,
1472 2888 1512 2916 ii".

1101 3091 1380 3221 μὶ
