4086 6442
530 327 634 387 795

1199 330 1468 386 EUSEBH
1506 327 1990 386 CESABIENSIS
2030 329 2180 386 OPP.
2223 328 2406 384 PARS
2445 328 2626 387 HL—
2654 327 3068 384 EXEGETICA.
3143 371 3150 376 .

3728 321 3829 379 796

527 447 725 503 merito
755 447 984 518 singulis
1021 447 1147 502 data
1189 448 1496 506 retributio.
1546 447 1726 515 Quare
1755 448 1843 502 hic
1872 463 1981 503 non
2018 448 2099 518 ju-

2206 448 2604 521 παρακολουθεῖ
2633 447 2696 501 τὸ
2741 447 2863 501 κατ’
2896 444 3051 510 ἀξίαν
3095 441 3510 514 ἀπονεμητικδν
3571 438 3827 509 ἑκάστῳ.

527 539 853 596 dicationem
904 541 1143 611 postulat
1175 543 1287 611 regi
1318 541 1459 602 dari,
1491 541 1588 598 sed
1627 542 1893 610 judicium
1918 580 1933 604 ,
1985 543 2100 597 sive

527 633 854 688 sententiam
884 642 940 688 et
971 633 1224 703 placitum
1254 631 1433 687 Patris
1463 633 1530 688 de
1562 633 1747 687 divino
1773 632 1893 688 Filii
1923 635 2008 688 sui
2033 633 2101 687 ad

529 721 779 779 homines
811 722 1065 777 adventu.
1122 721 1397 777 Iudicium
1447 725 1631 794 itaque
1683 726 1832 795 regi,
1886 725 2099 795 justitia

526 829 660 870 vero
687 815 798 869 ﬁlio
825 816 968 885 regis
994 813 1175 868 datur.
1208 816 1330 884 Ipse
1354 815 1555 886 quippe
1587 831 1682 870 rex
1707 816 1918 886 justitia
1959 826 2098 879 erat,

528 912 590 958 ut
646 906 887 960 declarat
941 905 1234 976 Apostolus
1284 907 1522 964 dicens:
1561 927 1582 959 ι
1624 909 1727 976 Qui
1788 907 1965 964 factus
2013 917 2101 965 est

526 993 687 1049 nobis
719 995 985 1064 sapientia
1017 1011 1047 1050 a
1079 995 1210 1061 Deo,
1236 997 1451 1068 justitia
1483 1000 1610 1054 item
1640 1010 1694 1055 et
1719 1001 2098 1065 sanctiﬁcatio,

525 1097 581 1141 et
608 1089 908 1159 redemptio
935 1090 998 1145 “.
1038 1109 1057 1142 ι
1097 1089 1223 1146 Haec
1273 1094 1454 1162 itaque
1489 1090 1668 1146 Patris
1726 1091 1938 1162 justitia
1990 1093 2101 1147 lilio

524 1177 670 1248 regis
721 1179 846 1233 data
907 1189 988 1237 est
1055 1197 1122 1236 ex
1169 1183 1376 1237 semine
1427 1181 1595 1236 David
1646 1183 1948 1237 secundum
1979 1199 2100 1238 car-

529 1284 652 1323 nem
711 1269 899 1327 facto:
943 1273 996 1327 in
1031 1287 1140 1342 quo
1191 1288 1291 1328 ceu
1335 1273 1390 1327 in
1439 1273 1641 1344 templo
1687 1274 1946 1328 habitavit
2003 1274 2098 1330 Dei

523 1361 750 1416 verbum
803 1375 856 1419 et
899 1366 1162 1436 sapientia
1207 1373 1262 1422 et
1304 1366 1536 1436 justitia.
1573 1366 1807 1423 Causam
1841 1383 1969 1423 vero
1999 1383 2101 1422 cur

521 1452 736 1520 justitia
769 1465 1068 1529 memorato
1099 1458 1210 1511 ﬁlio
1240 1458 1385 1529 regis
1418 1458 1543 1513 data
1577 1460 1688 1524 sit,
1718 1459 1911 1515 deinde
1941 1460 2098 1515 docet

528 1545 613 1600 his
641 1547 858 1602 verbis:
898 1567 917 1600 ‹
951 1548 1208 1605 Judicare
1227 1551 1484 1620 populum
1517 1559 1672 1606 tuum
1699 1553 1753 1607 in
1784 1553 2020 1622 justitia,
2045 1564 2100 1609 et

526 1651 795 1706 pauperes
825 1646 950 1694 tuos
981 1640 1036 1694 in
1065 1641 1300 1710 judicio.
1338 1660 1356 1694 ι
1383 1641 1686 1713 Oportebat
1718 1646 1862 1699 enim
1895 1660 2099 1715 paupe-

526 1741 616 1781 res
652 1726 766 1794 Dei,
801 1739 855 1783 et
884 1731 1144 1799 pupulum
1169 1731 1291 1800 ejus
1330 1732 1385 1786 in
1417 1733 1735 1790 hominibus
1759 1749 1788 1788 a
1817 1735 1927 1790 ﬁlio
1955 1737 2100 1807 regis

2207 543 2405 612 Διόπερ
2449 541 2682 596 ἐνταῦθα
2718 541 2778 593 ού
2807 540 2905 612 τὴν
2945 539 3126 609 κρίσιν
3167 535 3308 600 ἀξιοῖ
3350 535 3558 588 δοῦναι
3587 531 3681 602 τῷ
3731 529 3829 602 βα-

2209 634 2369 688 σιλεῖ’
2403 633 2538 687 ἀλλὰ
2568 633 2630 687 τὸ
2665 632 2862 704 κρίμα,
2885 631 3126 684 τουτέστι
3149 630 3210 683 τὸ
3247 629 3421 700 δόγμα
3450 625 3572 680 καὶ
3607 623 3678 676 τὸ
3708 639 3832 694 κρι-

2209 727 2299 781 θὲν
2329 727 2405 798 τῷ
2433 727 2606 798 Πατρὶ
2649 726 2777 797 περὶ
2818 724 2919 792 τῆς
2967 725 3048 787 είς
3092 720 3412 793 ἀνθρώπους
3469 713 3833 785 θεοφανείας

2207 817 2392 886 αὐτοῦ.
2425 817 2498 870 Τὸ
2537 817 2634 888 μὲν
2671 811 2765 869 οὖν
2807 813 2981 886 κρίμα
3021 811 3098 882 τῷ
3134 811 3343 882 βασιλεῖ
3383 809 3628 863 δέδοται
3653 823 3669 836 ·
3703 806 3742 876 ἡ
3775 804 3831 856 δὲ

2206 909 2518 979 δικαιοσύνη
2551 908 2630 980 τῷ
2657 908 2758 979 υἱῷ
2786 905 2882 960 τοῦ
2910 903 3191 976 βασιλέως.
3219 902 3566 970 Δικαιοσύνη
3611 899 3738 970 γὰρ
3763 890 3834 966 ἦν

2206 1001 2367 1065 αὐτὸς
2397 1003 2424 1054 6
2465 1000 2752 1072 βασιλεὺς,
2801 998 2987 1066 ὥσπερ
3023 990 3116 1048 οὖν
3169 993 3508 1066 παρίστησιν
3557 992 3595 1044 ὁ
3663 990 3833 1042 ’Δπόα

2209 1093 2394 1160 στγολος
2421 1091 2622 1147 εἰπὼν·
2662 1111 2680 1143 ι
2711 1093 2806 1156 Ὃς
2840 1089 3070 1161 ἐγενήθη
3110 1088 3242 1158 ἡμῖν
3295 1085 3456 1154 σοφία
3491 1083 3631 1138 ἀπὸ
3662 1080 3831 1144 Θεοῦ,

2205 1183 2517 1254 δικαιοσύνη
2549 1200 2610 1236 τε
2631 1183 2725 1236 καὶ
2750 1180 3039 1251 ἁγιασμὸς,
3066 1179 3159 1232 καὶ
3187 1175 3606 1248 ἀπολύτρωσις.
3632 1193 3655 1225 ι
3673 1169 3833 1242 Αὕτη

2205 1278 2378 1332 τοίνυν
2403 1279 2438 1348 ἡ
2468 1275 2562 1330 τοῦ
2585 1274 2799 1345 Πατρὸς
2822 1271 3136 1341 δικαιοσύνη
3159 1269 3238 1341 τῷ
3265 1267 3379 1339 Υἱῷ
3396 1267 3497 1322 τοῦ
3539 1264 3836 1338 βασιλέως

2205 1372 2412 1425 δέδοται
2459 1369 2536 1440 τῷ
2570 1371 2634 1422 ὲκ
2679 1367 2990 1438 σπέρματος
3031 1363 3195 1417 Δαυῒδ
3234 1362 3376 1416 κατά
3415 1361 3630 1433 σάρκα
3664 1374 3833 1427 γενο-

2209 1463 2386 1536 μένῳ·
2437 1464 2494 1515 ὲν
2526 1454 2571 1530 ᾧ
2613 1457 2933 1529 κατῴκησεν
2971 1456 3161 1527 ῶσπερ
3192 1456 3248 1508 ὲν
3280 1452 3394 1524 ναῷ
3445 1454 3474 1506 6
3525 1449 3644 1504 τοῦ
3688 1447 3836 1502 Θεοῦ

2205 1555 2360 1624 λόγος
2387 1555 2482 1608 καὶ
2524 1556 2558 1624 ἡ
2595 1552 2779 1622 σοφία,
2818 1550 2972 1620 καὶὴ
3005 1546 3340 1618 δικαιοσύνη.
3377 1544 3490 1616 Τὴν
3529 1543 3602 1597 δὲ
3640 1539 3837 1595 αἰτίαν

2205 1647 2298 1700 τοῦ
2325 1646 2543 1718 δοθῆναι
2586 1644 2682 1716 τὴν
2724 1641 3070 1712 δικαιοσύνην
3103 1639 3181 1710 τῷ
3211 1636 3509 1710 δηλωθέντι
3568 1633 3693 1704 υἱῷ
3733 1632 3835 1685 τεῦ

2210 1737 2498 1809 βασιλέως,
2533 1733 2662 1806 ἑξῆς
2705 1734 2948 1790 διδάσκει
2975 1732 3178 1802 λέγων·
3223 1751 3242 1782 ι
3273 1729 3500 1801 Κρίνειν
3551 1727 3662 1780 τὸν
3695 1724 3834 1780 λαόν

525 1819 582 1873 in
612 1818 828 1888 justitia
853 1820 1092 1891 judicari
1130 1843 1142 1878 :
1179 1824 1309 1894 quia
1360 1826 1469 1880 alio
1515 1828 1678 1882 modo
1717 1844 1895 1899 regem
1921 1846 2099 1886 susce-

2204 1851 2294 1886 σου
2321 1833 2380 1885 ὲν
2411 1827 2748 1902 δικαιοσύνῃ,
2777 1827 2872 1881 καὶ
2895 1827 3022 1889 τοὺς
3047 1822 3296 1893 πτωχούς
3327 1839 3422 1875 σου
3449 1822 3510 1874 ὲν
3551 1819 3786 1891 κρίσει.
3808 1837 3830 1869 ι

526 1914 670 1982 pturi
713 1915 820 1967 non
860 1922 1037 1968 erant.
1070 1914 1440 1982 Quamobrem
1476 1916 1706 1973 formam
1756 1922 1898 1975 servi
1954 1923 2100 1977 acri-

528 2003 684 2073 piens
709 2015 762 2059 et
790 2007 978 2060 habitu
1002 2008 1254 2063 inventus
1289 2016 1348 2063 ut
1369 2009 1554 2070 homo,
1585 2027 1680 2080 per
1703 2010 1898 2066 Filium
1924 2013 2100 2068 homi-

526 2096 615 2152 nis
649 2114 809 2168 quem
845 2102 1162 2171 assumpsit,
1203 2118 1272 2158 ex
1312 2102 1570 2158 omnibus
1617 2105 1872 2174 gentibus
1902 2121 2100 2161 secun-

523 2191 654 2246 dum
693 2194 796 2248 hoc
817 2195 953 2264 justi
985 2195 1087 2249 viri
1113 2195 1320 2250 dictum
1351 2196 1451 2268 (Ι),
1481 2215 1500 2249 ι
1528 2198 1689 2269 elegit
1710 2199 1812 2253 sibi
1840 2201 2098 2270 populum

525 2285 856 2352 peculiarem
887 2288 963 2355 '5;
1007 2305 1026 2338 ι
1067 2303 1279 2344 necnon
1314 2303 1410 2344 eos
1432 2289 1525 2358 qui
1561 2290 1648 2344 hic
1673 2305 1942 2360 pauperes
1978 2295 2098 2360 ejus

526 2384 819 2442 vocantur,
855 2393 992 2447 quos
1037 2379 1128 2435 ille
1164 2379 1354 2437 beatos
1403 2382 1664 2452 praedicat
1724 2383 1811 2439 his
1862 2384 2045 2438 verbis
2082 2403 2095 2438 :

532 2480 553 2515 ι
599 2464 749 2521 Beati
791 2485 1061 2540 pauperes
1104 2471 1326 2540 spiritu,
1393 2473 1649 2543 quoniam
1715 2475 1960 2543 ipsorum
2016 2485 2100 2530 est

526 2573 817 2628 regnorum
838 2561 1102 2616 caelorum
1130 2563 1193 2618 ¹⁸.
1237 2584 1258 2616 ι
1287 2563 1351 2617 Et
1371 2565 1507 2621 alias
1537 2567 1604 2621 de
1629 2566 1845 2636 justitia
1865 2567 1980 2622 haec
2001 2568 2099 2622 do-

522 2654 614 2701 cet
645 2650 939 2717 Apostolus
969 2670 982 2706 :
1025 2671 1042 2704 ι
1082 2650 1201 2707 Νοη
1227 2654 1372 2708 enim
1397 2656 1666 2710 erubesco
1696 2655 2048 2727 Evangelium
2083 2677 2096 2712 :

525 2737 704 2793 virtus
733 2741 883 2795 enim
926 2741 1020 2797 Dei
1051 2751 1135 2799 est
1167 2744 1222 2802 in
1256 2747 1490 2800 salutem
1521 2748 1670 2802 omni
1704 2749 1972 2814 credenti,
2006 2747 2101 2803 Ju-

524 2831 644 2886 dteo
669 2833 926 2902 primum,
958 2844 1012 2889 et
1039 2833 1250 2892 Graeco.
1279 2834 1501 2892 Iustitia
1525 2839 1672 2893 enim
1710 2839 1764 2892 in
1788 2840 1907 2910 ipso
1943 2855 2100 2895 reve~

524 2924 672 2976 latnc
697 2925 762 2979 ".
814 2944 834 2976 ι
876 2925 953 2981 De
985 2925 1320 2998 pauperibus
1349 2931 1476 2984 item
1501 2930 1618 2984 haec
1662 2930 1780 3001 ipse
1807 2931 2048 2986 declarat
2083 2953 2096 2986 :

531 3033 550 3066 ι
591 3012 783 3070 Videte
817 3017 965 3071 enim
999 3020 1346 3075 vocationem
1387 3028 1652 3085 vestram,
1695 3021 1916 3086 fratres,
1971 3024 2128 3095 quia_

523 3121 635 3160 non
685 3107 841 3162 multi
887 3109 1162 3180 sapientes
1193 3111 1493 3166 secundum
1527 3128 1770 3178 carnem,
1804 3130 1912 3168 non
1945 3116 2098 3169 multi

524 3198 760 3264 nobiles,
795 3215 906 3255 non
946 3204 1100 3256 multi
1127 3211 1380 3274 potentes
1418 3223 1434 3260 :
1480 3206 1577 3262 sed
1608 3222 1728 3278 quae
1754 3208 1922 3262 stulta
1973 3217 2102 3262 sunt

524 3290 740 3355 mundi,
763 3291 925 3363 elegit
943 3292 1109 3357 Deus,
1143 3302 1203 3348 ut
1231 3294 1532 3350 confundat
1571 3298 1893 3368 sapientes;
1928 3305 1984 3354 et
2016 3300 2102 3352 in-

525 3381 682 3436 ﬁrma
719 3391 776 3438 et
798 3385 1231 3454 contemptibilia
1267 3387 1453 3458 elegit,
1486 3396 1540 3442 et
1565 3403 1627 3442 ea
1667 3404 1790 3457 quae
1819 3405 1928 3444 non
1953 3401 2100 3453 sunt,

523 3486 584 3530 ut
608 3493 672 3532 ea
699 3493 820 3548 que
834 3489 984 3543 sunt,
1010 3478 1358 3547 destrueret;
1399 3489 1458 3534 ut
1491 3495 1599 3534 non
1633 3479 1896 3550 glorietur
1921 3483 2104 3538 omnis

524 3584 656 3622 caro
684 3570 738 3623 in
769 3580 1067 3640 conspectu
1097 3569 1194 3625 Dei
1222 3570 1287 3625 ⁸⁸.
1330 3591 1349 3623 ι

2205 1926 2352 1979 Ἔδει
2385 1923 2494 1997 γάρ
2526 1923 2653 1986 τοὺς
2677 1922 2927 1992 πτωχοὺς
2955 1917 3052 1972 τοῦ
3083 1915 3218 1970 Θεοῦ
3247 1916 3344 1970 καὶ
3364 1915 3458 1968 τὸν
3490 1917 3556 1968 ὲν
3591 1911 3832 1984 ἀνθρὼ-

2202 2033 2325 2080 ποις
2355 2015 2482 2068 λαὸν
2523 2011 2688 2068 αὑτοῦ
2723 2013 2827 2066 ὑπὸ
2857 2010 2951 2065 τοῦ
2993 2009 3112 2063 υἱοῦ
3139 2008 3234 2062 τοῦ
3286 2008 3560 2078 βασιλέως
3595 2004 3834 2077 διακρί-

2200 2107 2386 2161 νεσθαι
2417 2108 2476 2160 ὲν
2503 2103 2843 2176 δικαιοσύνῃ·
2877 2102 2998 2158 ἐπεὶ
3045 2101 3118 2174 μὴ
3150 2099 3390 2172 ἐχώρουν
3429 2097 3626 2161 ἄλλως
3662 2095 3832 2161 δέξα-

2202 2199 2324 2253 σθαι
2351 2198 2442 2252 τὸν
2472 2196 2715 2268 βασιλέα.
2747 2195 2946 2267 Διόπερ
2991 2193 3204 2266 μορφὴν
3244 2191 3429 2244 δούλου
3478 2187 3685 2243 λαϐὼν
3729 2187 3830 2240 καὶ

2203 2292 2439 2362 σχήματι
2489 2287 2735 2360 εὑρεθεὶς
2785 2287 2861 2350 ὠς
2909 2285 3218 2357 ἄνθρωπος,
3251 2284 3317 2337 δι’
3376 2273 3440 2334 οὗ
3499 2281 3830 2349 ἀνείληφεν

2201 2383 2332 2436 Υίοῦ
2370 2380 2658 2452 ἀνθρώπου
2694 2379 3044 2444 ὲξ-ἀπάντων
3070 2377 3178 2432 τῶν
3213 2376 3382 2430 ὲθνῶν
3417 2374 3563 2429 κατὰ
3606 2372 3718 2428 τοῦ
3743 2371 3825 2424 δι-

2201 2475 2355 2530 καίου
2393 2473 2572 2543 λόγον.
2625 2494 2643 2526 ι
2675 2471 2957 2539 ἐξελέξατο
2999 2469 3176 2540 ἑαυτῷ
3215 2469 3342 2522 λαὸν
3392 2465 3764 2538 περιούσιον,
3798 2481 3819 2514 ι

2202 2570 2295 2623 καὶ
2325 2569 2450 2632 τοὺς
2499 2566 2870 2638 καλουμένους
2915 2562 3081 2618 αὑτοῦ
3115 2562 3383 2632 πτωχοὺς,
3419 2559 3514 2623 οὓς
3558 2557 3672 2612 καὶ
3710 2572 3820 2626 μα·-

2201 2660 2442 2732 καρίζων
2473 2659 2624 2728 ἔλεγε
2645 2659 2713 2710 θ’(
2741 2657 3017 2728 Μακάριοι
3064 2657 3114 2709 οἱ
3151 2653 3356 2724 πτωχοὶ
3393 2652 3469 2722 τῷ
3495 2652 3818 2719 πνεύματι,

2201 2753 2282 2805 ὃτι
2305 2750 2482 2805 αὐτῶν
2509 2753 2656 2804 ἐστιν
2685 2752 2718 2822 ἡ
2743 2749 2988 2820 βασιλεία
3006 2748 3116 2801 τῶν
3135 2743 3401 2818 οὐρανῶν.
3427 2763 3446 2794 ι
3477 2744 3596 2796 Καὶ
3624 2740 3813 2800 ἄλλως

2200 2843 2258 2896 δὲ
2287 2843 2418 2916 περὶ
2460 2844 2562 2913 τῆς
2605 2840 2952 2912 δικαιοσύνης
2993 2839 3234 2894 διδάσκει
3272 2841 3301 2892 6
3343 2837 3682 2898 Ἀπόστολος
3723 2835 3816 2888 λέ·

2201 2951 2314 3003 γων
2332 2952 2347 2966 ·
2375 2954 2394 2986 ι
2419 2935 2494 2988 Ού
2518 2934 2626 3006 γὰρ
2657 2936 3054 3004 ἐπαισχύνομαι
3083 2932 3146 2986 τὸ
3167 2931 3498 3000 Εὑαγγέλιον
3519 2949 3534 2961 ·
3563 2929 3820 2999 δύναμις

2203 3028 2312 3099 γὰρ
2336 3026 2471 3081 Θεοῦ
2515 3029 2662 3082 ἐστιν
2699 3027 2778 3090 εἰς
2822 3025 3096 3098 σωτηρίαν
3139 3025 3305 3078 παντὶ
3340 3023 3421 3094 τῷ
3455 3023 3808 3082 πιστεύοντι,

2216 3112 2455 3190 Ἰουδαίῴ
2485 3136 2546 3172 τε
2575 3119 2790 3190 πρῶτον
2827 3117 2923 3172 καὶ
2951 3117 3191 3188 Ἕλληνι.
3225 3116 3554 3186 Δικαιοσύνη
3594 3115 3717 3185 γὰρ
3748 3115 3818 3165 ὲν

2203 3208 2351 3280 αὐτῷ
2377 3209 2836 3263 ἀποκαλύπτεται.
2871 3229 2889 3260 ι
2922 3209 3033 3262 Καὶ
3066 3209 3196 3280 περὶ
3227 3207 3337 3262 τῶν
3364 3207 3598 3278 πτωχῶν
3633 3205 3830 3260 πάλιν-

2201 3303 2229 3354 6
2271 3302 2432 3366 αύτὸς
2458 3302 2709 3371 διασαφεῖ
2752 3301 2926 3370 λέγων
2948 3319 2962 3332 ·
2999 3321 3017 3352 ι
3048 3301 3284 3354 Βλέπετε
3310 3300 3418 3372 γὰρ
3450 3300 3552 3371 τὴν
3599 3299 3794 3370 κλῆσιε

2204 3393 2376 3464 ὑμῶν,
2409 3393 2659 3463 ἀδελφοί·
2687 3394 2770 3447 ὅτι
2799 3394 2859 3446 ού
2890 3393 3076 3448 πολλοὶ
3109 3393 3262 3462 σοφοὶ
3306 3392 3449 3446 κατά
3493 3392 3704 3463 σάρκα,
3737 3388 3812 3443 ού

2204 3485 2390 3539 πολλοὶ
2431 3488 2690 3556 εὐγενεῖς,
2719 3487 2782 3540 ού
2831 3485 3017 3540 πολλοὶ
3047 3485 3265 3540 δυνατοί
3284 3501 3297 3514 ⁸
3337 3484 3474 3539 ἀλλά
3523 3484 3592 3537 τὰ
3633 3481 3804 3555 μωρὰ

2202 3576 2296 3630 τοῦ
2330 3578 2536 3649 κόσμου
2587 3577 2868 3644 ἐξελέξατο
2905 3580 2932 3630 ὁ
2974 3576 3135 3640 Θεὸς,
3164 3576 3251 3630 ἵνα
3297 3573 3636 3645 καταισχύνῃ
3671 3571 3803 3632 τοὺς

525 3661 751 3730 σοφούς·
783 3662 876 3714 καὶ
917 3660 987 3714 τὰ
1014 3661 1212 3732 ἀσθενῆ
1247 3662 1340 3714 καὶ
1377 3660 1447 3714 τὰ
1474 3662 1871 3734 ἐξουθενημένα
1916 3663 2219 3732 ἐξελέξατο,
2246 3669 2340 3722 καὶ
2367 3669 2436 3723 τὰ
2471 3671 2548 3742 μὴ
2572 3670 2722 3733 ὄντα,
2791 3671 2878 3723 ἵνα
2938 3669 3008 3722 τά
3045 3669 3175 3722 ὅντα
3239 3669 3598 3739 καταργήσῃ·
3642 3667 3800 3726 ὅπως

526 3760 601 3832 μὴ
637 3760 979 3832 καυχήσηται
1013 3761 1162 3813 πᾶσα
1188 3758 1324 3832 σὰρξ
1350 3757 1580 3813 ἐνώπιον
1606 3759 1700 3814 τοῦ
1723 3760 1878 3814 Θεοῦ.
1903 3781 1922 3813 ›

595 3878 762 3935 Vens.
797 3881 850 3936 '5.
888 3900 906 3933 ι
951 3881 1265 3953 Suscipiant
1293 3891 1506 3940 montes
1549 3899 1737 3954 pacem
1787 3885 2009 3954 p0pulo,
2045 3893 2100 3939 et

524 3973 695 4027 colles
720 3974 1014 4044 justitiam.
1049 3997 1067 4030 ι
1092 3975 1298 4032 Praeter
1329 3977 1512 4048 priora
1535 3977 1649 4031 hazc
1681 3993 1897 4047 quoque
1929 3978 2103 4048 spiri-

525 4072 616 4120 tus
643 4068 997 4137 prOpheticus
1025 4077 1300 4140 precatur,
1329 4079 1388 4124 ut
1431 4077 1642 4126 montes
1693 4071 1963 4140 quondam
2001 4086 2099 4141 po-

532 4158 661 4227 pulo
688 4157 894 4222 infesti,
925 4161 1103 4229 posita
1137 4161 1443 4224 inimicitia,
1477 4176 1664 4230 pacem
1686 4178 1808 4216 cum
1841 4177 1908 4216 eo
1932 4162 2092 4217 habe-

529 4257 672 4312 rent,
704 4259 758 4304 et
783 4261 839 4306 ut
875 4253 1041 4308 colles
1068 4253 1378 4324 praedictam
1401 4252 1671 4323 justitiam
1695 4254 1868 4309 eidem
1897 4255 2099 4324 populo

525 4340 941 4404 annuntiarent.
993 4341 1110 4396 Jain
1169 4342 1379 4414 pridem
1414 4346 1560 4398 enim
1601 4351 1814 4400 montes
1851 4361 1973 4399 cum
2011 4361 2100 4415 po-

523 4432 653 4502 pulo
705 4432 1024 4490 inimicitias
1076 4443 1408 4505 gesserunt,
1482 4443 1537 4492 et
1590 4436 1760 4492 colles
1820 4437 2094 4494 similiter.

2285 3905 2302 3936 ι
2345 3883 2784 3938 Ἀναλαϐἐτωσαν
2814 3881 2883 3936 τὰ
2924 3882 3024 3955 ὅρη
3057 3884 3275 3954 εἰρήνην
3303 3880 3382 3952 τῷ
3415 3881 3549 3952 λαῷ,
3599 3882 3703 3936 καὶ
3746 3880 3796 3933 οί

2211 3979 2390 4049 βουνοὶ
2411 3975 2777 4045 δικαιοσύνην.
2809 3994 2827 4027 ι
2859 3974 3004 4046 Πρὸς
3037 3978 3151 4038 τοῖς
3184 3973 3466 4045 προτέροις
3497 3974 3591 4026 καὶ
3616 3971 3798 4027 ταῦτα

2206 4069 2269 4122 τὸ
2305 4067 2520 4140 πνεῦμα
2558 4067 2619 4120 τὸ
2659 4065 2993 4138 προφητικὸν
3027 4064 3265 4136 εὔχεται,
3292 4065 3441 4128 ὅπως
3475 4065 3542 4118 τὰ
3587 4065 3694 4136 δρη
3727 4060 3798 4117 τὰ

2208 4161 2374 4214 πάλαι
2411 4159 2764 4231 ὲχθραίνοντα
2805 4158 2881 4229 τῷ
2924 4158 3037 4228 λαῷ
3067 4157 3400 4228 εἱρηνεύσειε
3441 4159 3577 4229 πρὸς
3625 4157 3797 4212 αύτέν

2204 4252 2569 4324 ἀπωθούμενα
2611 4251 2708 4322 τὴν
2753 4251 2952 4323 ἔχθραν
2977 4291 2990 4315 ,
3039 4252 3131 4304 καὶ
3173 4253 3322 4316 ὅπως
3364 4253 3412 4305 οἱ
3463 4252 3642 4322 βουνο)⁹
3693 4253 3800 4322 τὴν

2207 4343 2598 4417 προλεχθεῖσαν
2648 4343 2992 4413 δικαιοσύνην
3035 4343 3116 4414 τῷ
3167 4344 3316 4415 αὐτῷ
3353 4343 3466 4416 λαῷ
3505 4345 3793 4416 εὐαγγελί-

2206 4433 2424 4498 ζωνται.
2452 4433 2723 4504 Πρότερον
2757 4433 2856 4504 μὲν
2881 4431 2988 4504 γάρ
3017 4432 3088 4486 τὰ
3131 4433 3232 4505 ὅρη
3283 4433 3482 4506 ἔχθραν
3510 4431 3622 4506 εἶχε
3651 4433 3796 4508 πρὸς

520 4522 660 4576 Cum
688 4529 869 4578 autem
907 4525 1054 4580 ﬁlius
1097 4527 1239 4597 regis
1269 4528 1529 4598 pupulum
1572 4527 1704 4582 olim
1750 4537 2095 4597 extraneum,

2204 4528 2291 4582 τὸν
2331 4527 2479 4592 λαὸν,
2515 4527 2609 4580 καὶ
2642 4530 2690 4580 οἱ
2722 4527 2898 4597 βουνοί
2943 4526 3234 4591 ὡσαύτωςο
3263 4527 3352 4580 ὅτε
3381 4528 3436 4581 δὲ
3461 4531 3488 4581 6
3531 4529 3645 4593 υίὸς
3690 4527 3790 4584 τοῦ

522 4615 806 4683 proprium
839 4615 946 4694 sibi
981 4615 1136 4682 facit,
1192 4625 1326 4672 tunc
1361 4627 1596 4683 montes,
1639 4626 1697 4672 ut
1750 4619 1841 4672 hic
1897 4635 2101 4694 vocan-

521 4715 634 4770 tur,
668 4689 857 4775 pacem
887 4723 1011 4762 cum
1052 4709 1258 4779 populo
1306 4710 1526 4765 habent.
1580 4708 1792 4765 Montes
1833 4692 2011 4764 autem
2046 4716 2100 4764 et

520 4797 690 4852 colles
710 4813 899 4867 pacem
931 4814 1054 4854 cum
1088 4803 1289 4872 populo
1317 4803 1603 4867 habentes,
1627 4817 1766 4872 quos
1797 4817 1921 4857 esse
1949 4801 2102 4857 dixe-

520 4889 620 4953 ris,
650 4890 757 4944 nisi
787 4892 1108 4962 angelorum
1133 4893 1386 4958 chorum,
1417 4904 1474 4950 et
1499 4895 1585 4950 bis
1614 4895 1928 4965 superiores
1954 4893 2099 4948 divi-

521 4999 624 5040 nas
656 4985 924 5042 virtutes?
953 5003 1075 5056 quae
1099 5003 1222 5043 cum
1251 4986 1382 5042 olim
1413 4989 1966 5058 populusextraneus
1986 4987 2097 5042 Deo

520 5087 686 5142 esset,
721 5077 1043 5135 inimicitias
1075 5096 1200 5134 cum
1247 5095 1314 5136 eo
1362 5081 1662 5151 gerebant;
1713 5095 1860 5135 nunc
1913 5089 2095 5134 autem

520 5185 646 5226 cum
677 5170 730 5224 in
767 5173 1172 5241 possessionem
1205 5171 1302 5227 ﬁlii
1333 5172 1480 5243 regis
1510 5173 1744 5238 venerit,
1777 5173 1958 5244 posita
1983 5173 2094 5227 ini-

521 5261 766 5327 micitia,‘
785 5261 974 5318 amica:
1003 5265 1124 5334 ejus
1149 5265 1353 5320 eﬂ'ecta:
1379 5275 1526 5322 sunt.
1560 5264 1698 5331 Quis
1729 5266 1802 5320 sit
1827 5281 1959 5321 vero
1992 5279 2093 5334 po-

522 5357 686 5425 pulus
716 5373 783 5412 ex
818 5357 1076 5413 omnibus
1103 5358 1356 5429 gentibus
1395 5365 1620 5412 coactus
1679 5358 1954 5430 intelliges
1979 5396 1994 5422 ,
2045 5358 2092 5413 si

523 5448 612 5506 his
637 5448 893 5505 conferas
926 5448 1204 5504 Zacharias
1235 5451 1600 5520 prophetiam,
1637 5466 1758 5520 quae
1779 5453 1860 5506 sic
1889 5451 2053 5505 habet
2077 5468 2090 5504 :

2199 4619 2462 4691 βασιλέως
2518 4619 2648 4673 ἴδιον
2683 4621 2975 4691 ἐποιήσατο
3007 4621 3099 4673 τὸν
3148 4619 3275 4674 λαὸν
3330 4621 3494 4676 πάλαι
3548 4622 3789 4692 ἀπηλλο-

2197 4709 2496 4783 τριωμένον
2530 4708 2717 4774 αὑτοῦ,
2743 4707 3044 4780 τηνικαῦτα
3090 4709 3184 4762 καὶ
3236 4708 3307 4762 τὰ
3339 4709 3646 4781 καλούμενα
3697 4713 3784 4763 ὲν-

2197 4803 2371 4857 ταῦθα
2402 4803 2505 4874 ὅρη
2539 4801 2811 4874 είρηνεύει
2829 4801 2966 4873 πρὸς
2990 4801 3080 4854 τὸν
3104 4802 3254 4855 λαόν.
3285 4804 3424 4875 Ὄρη
3452 4802 3507 4856 δὲ
3537 4803 3630 4856 καὶ
3662 4803 3787 4871 βου-

2200 4895 2324 4959 νοὺς
2357 4895 2733 4966 εἰρηνεύοντας
2765 4891 3072 4964 ἀνθρώποις
3115 4893 3267 4957 τίνας
3297 4893 3364 4947 ἂν
3417 4894 3592 4957 εἴποις
3624 4894 3656 4965 ἢ
3693 4893 3782 4947 τὸν

2207 4987 2452 5056 ἀγγέλων
2498 4987 2659 5059 χορὸν
2705 4985 2801 5040 καὶ
2832 4984 2931 5050 τὰς
2962 4983 3166 5038 τούτων
3199 4987 3477 5058 ἁνωτέρας
3514 4986 3662 5050 θείας
3694 4987 3783 5039 δυ-

2205 5081 2430 5152 νάμεις;
2458 5080 2513 5135 αἳ
2560 5078 2726 5133 πάλαι
2762 5079 2881 5150 μὲν,
2909 5078 2998 5131 ὅτε
3041 5077 3319 5150 ἀλλότριος
3364 5076 3432 5151 ἦν
3460 5081 3489 5132 ὁ
3517 5079 3642 5143 λαὸς
3684 5075 3778 5133 τοῦ

2204 5172 2360 5238 Θεοῦ,
2393 5172 2588 5244 ἐχθραὶ
2617 5167 2759 5242 ἦσαν
2791 5170 2958 5224 αὐτοῦ
2981 5187 2996 5202 ’
3028 5169 3122 5225 νῦν
3144 5170 3190 5224 δ’
3236 5172 3326 5224 ὅτε
3360 5172 3547 5242 κτῆμα
3589 5171 3778 5240 γέγονε

2202 5263 2295 5318 τοῦ
2336 5263 2454 5316 υἱοῦ
2487 5260 2579 5316 τοῦ
2615 5259 2909 5332 βασιλέως,
2960 5259 3323 5332 ἱφιλιώθησαν
3365 5261 3512 5332 αὑτῷ
3546 5261 3776 5331 μεταδα-

2202 5355 2380 5419 λόντες
2409 5354 2510 5425 τῆς
2538 5352 2759 5425 ἔχθρας.
2800 5353 3039 5424 Νοησεις
3064 5351 3122 5406 δὲ
3153 5350 3242 5405 τὸν
3277 5352 3335 5419 ἐξ
3377 5351 3630 5406 ἁπάντων
3669 5350 3776 5404 τῶν

2202 5447 2370 5503 ἐθνῶν
2411 5445 2747 5518 συνηγμένον
2780 5443 2925 5511 λαὸν,
2964 5444 3228 5516 παραθεὶς
3251 5444 3457 5508 τούτοις
3485 5445 3584 5517 τὴν
3616 5445 3673 5498 ὲν
3698 5441 3774 5511 τῷ

561 5651 568 5664 .
600 5604 679 5690 ⁸⁸⁵1
709 5605 837 5661 Cor.
876 5621 915 5672 ι,
939 5606 1028 5662 30.
1109 5607 1152 5637 "
1182 5604 1469 5672 Deut.x1v,
1503 5606 1560 5662 ‘2.
1640 5607 1682 5637 “
1717 5605 1903 5662 Matth.
1937 5625 1986 5674 ν,
2020 5608 2074 5664 5.

2232 5605 2384 5662 liom.
2421 5622 2456 5669 ι,
2489 5603 2572 5659 1'7.
2655 5603 2734 5658 ¹⁸1
2769 5603 2892 5658 Cor.
2921 5619 2959 5671 ι,
2993 5601 3181 5658 ‘26-‘29.

600 5788 676 5857 (ι)
713 5784 825 5850 γει,
857 5785 1135 5841 secundant
1169 5786 1395 5857 juﬂltia'
1419 5787 1693 5842 rationem.
