2043 3221
194 117 244 145 τυ]

759 116 1012 146 COMMENTARIA
1032 117 1064 144 IN
1084 116 1256 145 PSALM’OS.

1769 118 1824 145 798

191 174 315 209 Ζαχαρία
339 174 523 209 προφητείαν,
546 170 597 200 ὦδε
620 173 771 208 λέγουσανθ
794 183 803 198 ι
827 174 912 209 Χαῖρε
935 173 979 201 καὶ

1036 183 1045 199 ι
1065 173 1160 201 Gaude
1176 177 1203 201 et
1218 174 1322 204 lmtare,
1338 172 1392 199 filia
1411 172 1488 199 Sion.
1504 172 1573 200 Ecce
1592 180 1641 200 rex
1657 176 1722 201 tuus
1737 177 1822 207 venit.

190 218 348 254 εὐφραίνου,
367 218 484 254 θύγατερ
496 218 647 245 Σιών.“Ιδοὺ
663 218 677 244 ὁ
692 217 817 253 βασιλεύς
840 226 886 244 σου
906 217 983 254 ἔρχε-

190 273 245 297 ται,
263 265 310 291 καὶ
321 264 527 299 κατασκηνώσει
544 266 573 290 ὲν
596 264 671 299 μέσῳ
688 272 746 297 σου,
772 263 846 298 λέγει
868 263 981 299 Κύριος.

191 311 246 338 Καὶ
260 309 476 345 καταφεύξονται
494 309 557 346 ἔθνη
573 309 658 336 πολλὰ
676 309 723 336 ἐπὶ
741 309 787 336 τὸν
803 309 903 346 Κύριον
913 329 919 339 ,
935 310 982 336 καὶ

190 355 298 382 εσονταί
319 364 364 391 μοι
380 356 419 387 εἰς
436 355 515 387 λαὸν,
534 355 612 390 κάγὼ
632 354 728 391 ἔσομαι
744 355 836 387 αὐτοῖς
851 357 891 387 εἰς
904 354 980 383 Θεόν.

191 402 246 429 Καὶ
278 401 445 436 γνώσονται,
471 402 511 428 ὅτι
542 401 644 438 Κύριος
674 402 871 438 παντοκράτωρ
895 401 980 436 ἑξαπ-

191 446 306 474 ἐσταλκέ
324 455 356 482 με
369 446 437 482 πρὸς
451 447 491 474 σέ.
504 456 513 473 ι
524 446 622 482 Σαφῶς
631 446 686 482 γὰρ
695 447 738 474 διὰ
748 446 850 473 τούτων
861 446 915 473 ἀπὸ
927 446 981 473 τῶν

191 492 287 525 ἐθνῶν,
304 492 361 519 ἀλλ’
376 493 425 519 οὐκ
439 492 492 519 ἀπὸ
509 492 556 519 τοῦ
580 492 715 519 Ἰουδαίων
732 491 824 524 ἔθνους
840 491 980 524 συντάξειν

191 538 272 571 αὐτὸς
289 537 378 574 ἑαυτῷ
387 537 451 565 λαὸν
465 537 595 573 ὀΚύριος
611 535 826 572 εὐαγγελίζεται.
841 536 934 572 Τούτῳ
947 536 979 572 δὴ

189 583 236 611 οὖν
253 584 292 620 τῷ
306 583 362 620 λαῷ
375 584 402 610 αἱ
413 584 541 619 δυνάμεις
556 584 583 611 αι
600 583 779 619 ὑπερκόσμιοι
795 583 842 609 καὶ
856 582 885 609 αἱ
897 583 981 616 ἀγγε-

189 630 275 663 λικαὶ,
290 630 339 666 δρη
356 630 404 657 καὶ
422 629 511 665 βουνοὶ
535 629 651 656 ἐνταῦθα
670 628 886 665 ὀνομαζόμεναι,
904 628 980 663 εἰρή-

189 685 288 703 νευσαν
304 676 494 712 ὲχθραινουσαι
511 676 541 702 τὺ
556 676 630 712 πρὶν,
645 676 689 702 ὅτε
704 677 737 711 τῇ
753 675 825 711 ἀθέῳ
836 676 980 710 προσεῖχεν

188 722 407 759 εἰδωλολατρείᾳ.
431 723 464 749 Δί
489 722 510 749 δ’
531 722 612 749 αὑταὶ
637 721 811 757 δικαιοσύνην
839 720 981 755 εὐαγγελί-

189 769 281 802 ζονται
299 768 339 804 τῷ
361 768 436 804 αύτῴ
453 768 524 804 λαῷ·
545 768 603 804 ήτοι
621 767 665 794 τὸν
688 767 804 803 Χριστὸν
824 766 871 793 τοῦ
893 765 980 797 Θεοῦ,

189 817 270 843 αὑτὸν
284 816 349 843 ὄντα
359 816 408 851 τὴν
422 814 605 850 δικαιοσύνην,
624 814 641 850 ἢ
657 813 687 840 τὸ
704 814 836 849 σωτήριον
858 812 980 847 Εὐαγγέ-

1032 224 1060 247 et
1076 220 1210 246 habitabit
1225 219 1252 246 in
1270 219 1360 246 medio
1378 219 1428 250 tui,
1441 219 1509 246 dicit
1524 218 1666 247 Dominus.
1679 218 1712 246 Et
1726 221 1824 248 confu-

1032 267 1108 302 gient
1121 270 1216 301 gentes
1233 266 1326 293 multae
1349 265 1383 292 ad
1396 264 1555 298 Dominum,
1571 269 1599 293 et
1613 271 1694 293 erunt
1709 266 1776 293 mihi
1793 266 1823 294 in

1033 313 1176 349 populum,
1188 316 1216 340 et
1229 320 1279 348 ego
1295 319 1343 340 ero
1358 312 1399 339 cis
1416 311 1444 339 in
1469 311 1567 339 Deum.
1595 312 1628 339 Et
1653 318 1823 348 cognoscent

1031 360 1095 395 quia
1111 358 1246 387 Dominus
1262 359 1438 393 omnipotens
1453 359 1528 386 misit
1547 366 1590 386 me
1608 358 1641 386 ad
1658 362 1685 386 te
1697 360 1729 387 ⁸⁸.
1748 369 1757 385 ι
1774 358 1824 387 His

1031 406 1132 441 quippe
1146 405 1290 436 Dominus,
1317 412 1350 432 ex
1373 404 1502 439 gentibus
1528 411 1568 437 se,
1586 411 1642 431 non
1655 411 1689 431 ex
1706 402 1823 431 Iudaica

1031 454 1122 486 gente,
1136 449 1188 477 sibi
1202 450 1333 484 populum
1346 453 1577 484 congregaturum
1590 456 1652 476 esse
1676 448 1823 483 perspicue

1031 496 1185 524 denuntiat.
1209 495 1280 522 Huic
1306 502 1372 522 sane
1396 495 1498 530 popqu
1514 495 1631 522 virtutes
1653 502 1714 530 quae
1738 501 1822 529 supra

1030 542 1163 569 mundum
1184 546 1211 569 et
1229 541 1360 576 angelicae
1387 545 1462 574 sunt,
1492 540 1539 568 hic
1563 534 1672 567 montes
1689 543 1717 568 et
1736 540 1822 568 colles

1030 593 1145 620 vocatai,
1158 587 1192 614 ad
1206 587 1283 623 pacis
1305 586 1479 614 conditiones
1499 590 1652 619 venerunt;
1668 593 1730 622 qua:
1744 586 1823 619 olim,

1030 642 1092 662 cum
1102 634 1219 669 populus
1227 633 1309 668 impie
1318 633 1480 661 idololatriae
1488 632 1724 666 hatreret,infestaz
1730 636 1822 660 erant.

1030 680 1078 708 Ha:
1094 688 1159 708 vero
1174 681 1240 714 ipsa:
1254 679 1392 714 justitiam
1407 679 1496 707 eidem
1519 679 1621 715 populo
1643 679 1820 710 annuntiant,

1030 726 1159 755 videlicet
1174 725 1314 752 Christum
1339 724 1399 757 Dei,
1416 725 1464 760 qui
1484 732 1549 752 vere
1559 724 1667 760 justitia
1686 729 1746 758 est;
1764 724 1823 752 sive

1030 773 1153 801 salutare
1177 771 1367 806 Evangelium,
1399 771 1481 806 cujus
1510 777 1595 798 causa
1620 770 1724 798 dictum
1747 773 1789 797 est
1813 780 1820 798 :

1034 828 1043 845 ι
1063 817 1225 853 Suscipiunt
1238 821 1347 844 montes
1363 823 1457 852 pacem
1474 815 1586 851 populo,
1603 819 1631 843 et
1648 814 1823 850 collesjusti-

187 863 255 895 λιον,
269 862 302 889 δι’
315 861 329 888 ὃ
344 860 484 887 λέλεκται·
500 870 509 886 ι
528 858 748 886 Ἀναλαδέτωσαν
759 858 793 885 τὰ
805 858 856 894 ὄρη
870 858 979 893 εἰρήνην

1032 865 1108 892 tiam.
1132 874 1142 890 ι
1161 863 1224 890 llaec
1235 870 1320 897 porro
1334 861 1473 893 evenient,
1489 861 1553 896 quia
1566 863 1734 888 memoratus
1750 860 1823 888 filius

187 907 227 943 τῷ
252 905 325 942 λαῷ,
347 906 394 933 καὶ
414 906 438 932 οἱ
466 905 555 941 βουνοὶ
579 903 759 939 δικαιοσύνην.
784 912 795 930 t
816 903 872 929 Καὶ
893 901 979 928 ταῦτα

187 953 274 980 ἔσται.
289 952 383 987 ἐπειδὴ
395 952 409 977 ὁ
423 951 582 988 προλεχθεὶς
596 951 653 982 υἱὸς
662 950 709 976 τοῦ
724 949 855 985 βασιλέως
869 959 878 974 ‹
892 949 980 984 κρινεῖ

186 1000 250 1031 τοὺς
267 999 390 1034 πτωχοὺς
412 997 458 1024 τοῦ
474 996 556 1029 λαοῦ,
583 997 630 1023 καὶ
648 995 728 1023 σώσει
755 996 818 1027 τοὺς
836 995 909 1026 υἱοὺς
925 993 979 1021 τῶν

186 1045 312 1080 πενήτων
322 1053 328 1059 ·
345 1054 354 1069 ι
376 1043 472 1079 κρίνας
488 1042 542 1078 γὰρ
558 1042 688 1078 πρότερον
703 1041 794 1074 ἀξίους
811 1039 879 1068 εἶναι
894 1049 980 1076 σωτη-

187 1089 258 1125 ρίας,
275 1088 361 1120 οὕτως
385 1088 484 1119 αὐτοὺς
503 1087 596 1119 σώζει.
621 1087 658 1113 οὐ
681 1087 736 1123 γὰρ
760 1086 897 1122 ἀκρίτως,
920 1084 979 1121 μετ’

187 1133 374 1170 έξητασμένης
395 1132 423 1160 δὲ
438 1133 555 1168 κρίσεως
571 1132 620 1168 τὴν
636 1132 773 1168 σωτηρίαν
795 1131 909 1167 παρέχει
923 1132 980 1162 τοῖς

187 1180 285 1208 ἑαυτοῦ
304 1181 422 1215 πτωχοῖς
438 1179 485 1206 καὶ
504 1180 561 1211 τοῖς
579 1179 648 1211 υἱοῖς
663 1178 717 1206 τῶν
732 1179 867 1214 πενήτων,
884 1176 921 1206 ὧν
932 1178 979 1206 καὶ

186 1228 204 1263 ή
228 1226 381 1262 προφητεία
406 1225 542 1261 μέμνηται
559 1225 691 1260 λέγουσα·
716 1234 725 1251 ι
744 1225 979 1260 Εὐαγγελίσασοαι

187 1274 304 1309 πτωχοῖς
316 1272 470 1300 ἀπέσταλκέ
487 1280 535 1308 με·
551 1271 667 1307 κηρῦξαι
685 1271 866 1307 αἰχμαλώτοις
883 1272 979 1307 ἄφεσιν

187 1321 235 1347 καὶ
251 1319 362 1354 τυφλοῖς
376 1318 532 1353 ἀνάϐλεψιν.
541 1328 550 1344 ι
562 1318 691 1353 Πτωχοὺς
705 1318 732 1344 δὲ
747 1318 840 1350 ποίους
851 1319 944 1354 φησὶν,
961 1319 978 1355 ἦ

186 1366 249 1398 τοὺς
265 1364 430 1400 δυναμένους
444 1363 544 1399 ὁμοίως
566 1362 665 1399 Παύλῳ
681 1363 787 1397 λέγειν·
803 1372 812 1389 ‹
829 1365 909 1399 ’Ἄχρι
929 1365 979 1400 τῆς

186 1411 247 1447 ἄρτι
266 1410 341 1446 ὧρας
359 1411 406 1436 καὶ
433 1409 569 1445 πεινῶμεν
594 1408 641 1436 καὶ
654 1408 785 1444 διψῶμεν,
801 1409 847 1435 καὶ
873 1418 979 1445 γυμνη-

186 1457 311 1492 τεύομεν,
334 1457 382 1483 ’καὶ
397 1454 609 1490 κολαφιζόμεθα,
627 1455 674 1481 καὶ
686 1455 856 1490 ἀστατοῦμεν
866 1464 872 1471 ·
889 1464 899 1480 ι
915 1455 979 1487 τούς

184 1511 215 1531 τε
239 1503 341 1539 ὁμοίως
357 1502 454 1538 Πέτρῳ
478 1502 635 1537 φήσαντας·
653 1510 663 1526 ‹
683 1501 826 1537 Ἀργύριον
843 1502 890 1528 καὶ
912 1510 978 1536 χρυ-

187 1550 244 1577 σίον
257 1549 307 1584 οὐχ
323 1548 440 1585 ὑπάρχει
457 1557 512 1584 μοι,
529 1555 539 1573 ι
554 1547 699 1579 Τοιούτους
713 1547 742 1574 δὲ
759 1547 883 1583 πτωχοὺς
897 1548 978 1579 αὐτὸς
992 1544 1012 1573 C

185 1595 275 1631 ἑαυτῷ
298 1592 487 1630 παρεσκεύαζε
509 1593 649 1629 παραινῶν
667 1592 704 1629 μὴ
728 1592 843 1628 κτῆσθαι
867 1593 978 1628 χρυσίον

187 1644 255 1680 μηδὲ
272 1642 404 1679 ἀργύριον
427 1642 467 1673 είς
486 1641 536 1673 τὰς
552 1640 649 1673 ζώνας,
678 1640 715 1676 μὴ
737 1641 827 1676 πήραν
851 1641 891 1672 είς
907 1640 977 1672 ὁδὸν,

187 1690 256 1726 μηδὲ
271 1689 318 1716 δύο
334 1688 451 1724 χιτῶνας
463 1708 470 1721 ,
488 1687 554 1724 μηδὲ
568 1687 729 1723 ὑποδήματα
739 1707 746 1719 .
774 1687 841 1723 μηδὲ
869 1687 976 1723 ῥάϐδον.

188 1747 197 1763 ι
213 1735 336 1763 Τοιοῦτοι
350 1735 379 1762 δὲ
394 1733 465 1771 ἦσαν
477 1734 525 1761 καὶ
539 1735 564 1760 οἱ
580 1734 664 1760 πάλαι
680 1733 869 1770 περιελθόντες
880 1735 909 1760 ὲν
927 1743 979 1770 μη-

184 1783 293 1814 λωταῖς,
305 1782 334 1808 ὲν
350 1781 463 1816 αἰγείοις
484 1781 633 1816 δέρμασιν,
649 1779 862 1816 ὑστερούμενοι,
887 1779 978 1807 θλιϐό-

188 1838 272 1865 μιενοι¹
295 1827 526 1863 κακουχούμενοι,
541 1828 570 1854 ἐν
590 1827 719 1863 ἐρημίαις
745 1826 917 1862 πλανώμενοι
931 1827 978 1854 καὶ

185 1874 272 1910 ὄρεσι,
289 1874 336 1900 καὶ
350 1873 502 1908 σπηλαίοις,
516 1873 563 1900 καὶ
582 1874 642 1905 ταῖς
654 1874 735 1904 ὀπαῖς
749 1874 799 1908 τῆς
811 1873 871 1908 γῆς.
880 1882 889 1898 ι
908 1872 978 1900 Ἀλλ’

185 1921 210 1948 εί
229 1920 278 1956 μὲν
302 1920 404 1947 τούτων
430 1920 510 1955 μόνον
526 1919 729 1955 ἐμνημόνευσεν
743 1919 757 1945 ὁ
783 1918 878 1953 λόγος,
908 1919 978 1946 ἀπο-

185 1967 326 1994 κέκλειστο
345 1967 399 1997 πᾶς
415 1967 429 1993 ὁ
456 1966 494 2001 μὴ
507 1965 644 1998 τοιοῦτος’
668 1964 716 1992 νῦν
740 1965 768 1992 δὲ
790 1966 837 1992 καὶ
853 1965 980 2001 δεύτερον

186 2013 280 2048 τάγμα
302 2012 513 2048 καταριθμεῖται
539 2011 670 2046 φάσκων
702 2020 711 2037 ι
731 2010 787 2037 Καὶ
809 2010 890 2037 σώσει
915 2010 980 2042 τοὺς

187 2059 262 2090 υἱοὺς
275 2058 330 2085 τῶν
346 2058 480 2093 πενήτων.
496 2066 506 2082 ι
526 2056 586 2083 Υἱοὶ
605 2057 634 2083 δὲ
656 2056 778 2092 πενήτων
788 2053 858 2092 ἦσαν
877 2056 902 2082 οἱ
924 2055 979 2083 τῶν

186 2104 343 2132 ἀποστόλων
359 2103 409 2130 καὶ
435 2102 564 2138 μαθητῶν
587 2102 634 2129 τοῦ
660 2102 787 2137 Σωτῆρος
806 2100 887 2137 ήμῶν
907 2100 979 2135 γνώ-

189 2159 273 2186 ριμοι,
284 2149 393 2181 ὁποίους
406 2149 494 2185 δηλῶν
507 2150 521 2175 ὁ
538 2148 698 2180 Ἀπόστολος
708 2147 799 2182 ἔλεγεν
809 2155 815 2162 ·
828 2157 838 2173 ι
850 2147 911 2174 Ἐὰν
924 2146 978 2182 γὰρ

188 2197 303 2229 πολλοὺς
316 2196 507 2231 παιδαγωγοὺς
521 2195 602 2231 ἔχητε
619 2195 648 2221 ὲν
661 2194 782 2230 Χριστῷ,
799 2194 856 2220 ἀλλ’
868 2194 898 2220 οὺ
914 2193 978 2221 πολ-

186 2243 250 2275 λοὺς
264 2242 398 2278 πατέρας’
415 2243 444 2269 ὲν
455 2241 509 2277 γὰρ
524 2240 635 2277 Χριστῷ
649 2240 737 2275 Ἰησοῦ
748 2239 803 2274 ἐγὼ
815 2240 888 2275 ὑμᾶς
904 2240 980 2274 ἐγέν-

186 2297 258 2324 νησα
268 2296 275 2302 ·
292 2298 301 2314 ›
318 2289 366 2315 καὶ
381 2288 462 2315 πάλιν
472 2296 478 2303 ’
501 2297 510 2313 ‹
525 2287 614 2314 Τέκνα
633 2295 682 2322 μου
695 2306 703 2318 ,
724 2286 771 2318 οὒς
795 2286 875 2313 πάλιν
891 2286 978 2313 ὠδίνω

187 2335 267 2370 ἄχρις
280 2331 311 2361 οὗ
328 2334 457 2370 μορφωθῇ
470 2333 586 2369 Χριστὸς
602 2334 631 2359 ὲν
642 2333 716 2368 ὑμῖν,
733 2342 742 2359 ι
759 2332 839 2359 Ἀλλὰ
852 2332 914 2364 τοὺς
930 2333 979 2368 μὲν

189 2380 315 2415 πτωχοὺς
328 2379 426 2407 ἑαυτοῦ
442 2379 490 2406 καὶ
506 2380 568 2410 τοὺς
583 2378 658 2410 υἱοὺς
672 2378 727 2404 τῶν
740 2379 864 2414 πενήτων
879 2378 927 2404 σὺν
937 2377 978 2404 δι-

187 2427 316 2462 καιοσύνῃ
331 2427 379 2454 καὶ
392 2427 459 2463 ὀρθῇ
477 2426 568 2463 κρίσει
589 2425 671 2458 σώζει
682 2434 689 2442 ·
707 2425 752 2452 τὸν
765 2425 793 2452 δὲ
805 2425 978 2461 συκοφάντην

189 2474 380 2510 προῃρημένον
395 2473 411 2508 ἢ
431 2474 479 2500 καὶ
492 2472 538 2499 τὸν
553 2473 616 2500 λαὸν
631 2471 715 2499 αὑτοῦ
731 2472 780 2499 καὶ
794 2472 843 2507 τὴν
863 2472 979 2507 Ἐκκλη-

189 2520 249 2549 σίαν
264 2519 391 2555 πολεμεῖν
408 2520 512 2555 (μυρίοι
533 2520 562 2546 δὲ
581 2519 747 2554 συκοφάνται
757 2519 808 2555 τὴν
815 2519 979 2555 Ἐκκλησίαν

188 2565 271 2593 αὐτοῦ
285 2566 479 2600 διαϐάλλουσι),
492 2566 538 2592 καὶ
553 2566 600 2593 τὸν
611 2566 668 2601 βίον
681 2566 736 2592 τῶν
748 2566 777 2593 ὲν
788 2567 821 2602 τῇ
830 2566 980 2602 Ἐκκλησία

188 2612 271 2639 αὑτοῦ
286 2612 490 2649 διαπρεπόντων
513 2611 587 2638 ἄλλοι
605 2612 832 2647 συκοφαντοῦσιν·
854 2609 893 2639 ὧν
917 2614 980 2639 ὲπι-

190 2659 293 2694 στήσας
305 2660 338 2694 τῇ
352 2659 464 2693 τελευτῇ
481 2657 529 2685 τοῦ
546 2657 620 2692 βίου,
637 2658 696 2692 ὕψει
708 2658 783 2690 ὅπως
804 2659 911 2694 εἴρηται
935 2658 977 2691 τὸ,

191 2704 262 2731 «Καὶ
275 2704 438 2731 ταπεινώσει
456 2704 637 2739 συκοφάντην.
652 2714 661 2730 ι
677 2704 725 2736 Τίς
741 2704 797 2740 γὰρ
812 2705 866 2732 τῶν
880 2713 979 2740 τυραν-

236 2808 256 2822 ¹²
276 2807 357 2833 'Larh.
376 2817 406 2839 ιι,
424 2809 466 2838 Η),
486 2808 526 2834 Η.

192 2843 214 2857 ²¹¹
233 2843 240 2870 l
259 2844 319 2869 (Lor.
348 2853 381 2875 Ir,
408 2844 445 2869 ιε.
487 2845 507 2858 ³⁸
526 2843 583 2872 Gal.
605 2852 640 2872 ιγ,
663 2844 702 2870 19.

582 2809 604 2823 ’θ
623 2809 672 2834 lsa.
692 2817 745 2842 LXI,
765 2810 786 2835 l.
801 2811 820 2826 ²¹
840 2810 922 2838 lCor.
937 2810 963 2843 4,
984 2810 1026 2837 ll.

1030 911 1104 947 regis
1124 920 1132 936 ι
1151 909 1289 945 judicabit
1307 915 1441 944 pauperes
1458 907 1563 943 populi,
1588 910 1615 934 et
1630 907 1722 934 salvos
1739 906 1822 934 faciet

1032 958 1101 985 lilios
1117 963 1284 992 pauperum;
1306 965 1314 981 ι
1333 962 1396 982 nam
1414 962 1477 982 cum
1502 953 1581 988 prius
1606 953 1695 980 salute
1724 952 1821 988 dignos

1027 1005 1192 1039 iudicasset,
1204 1003 1244 1030 sic
1256 1002 1296 1029 eis
1309 1001 1424 1029 salutem
1442 1000 1574 1035 impertit.
1596 999 1657 1026 Non
1674 999 1747 1027 enim
1762 999 1822 1026 sine

1029 1050 1132 1087 praevio
1154 1049 1271 1084 judicio,
1301 1047 1348 1075 sed
1376 1047 1520 1082 praemisso
1544 1046 1683 1078 examine,
1706 1045 1821 1073 salutem

1030 1097 1133 1133 praebet
1143 1095 1312 1131 pauperibus
1328 1094 1387 1121 suis
1398 1098 1424 1121 et
1440 1093 1503 1120 ﬁliis
1515 1099 1680 1128 pauperum,
1702 1099 1821 1127 quorum

1030 1143 1172 1180 prophetia
1187 1140 1312 1169 meminit
1323 1140 1418 1168 dicens
1432 1149 1439 1167 :
1458 1149 1468 1165 ι
1486 1138 1682 1174 Evangelilare
1693 1137 1823 1173 pauperi-

1030 1194 1082 1218 bus
1099 1189 1175 1217 misit
1197 1196 1240 1216 me
1254 1198 1261 1216 :
1276 1188 1425 1223 pradicare
1440 1185 1557 1221 captivis
1571 1184 1774 1216 dimissionem,
1795 1187 1823 1211 et

1030 1237 1111 1266 caecis
1127 1236 1204 1264 visus
1216 1233 1420 1262 restitutionem
1435 1232 1469 1260 ’°.
1487 1242 1496 1258 ι
1515 1231 1655 1259 Mendicos
1669 1238 1737 1258 vero
1751 1238 1823 1265 quos

1030 1283 1078 1313 ait.
1091 1282 1145 1309 nisi
1156 1288 1205 1309 eos
1217 1279 1264 1315 qui
1278 1278 1391 1314 perinde
1403 1283 1485 1312 atque
1498 1276 1602 1304 Paulus
1614 1276 1706 1304 dicere
1718 1276 1821 1310 valent,

1032 1340 1042 1355 4
1063 1328 1157 1364 Usque
1175 1327 1202 1354 in
1217 1326 1289 1353 hanc
1304 1326 1398 1353 horam
1413 1329 1440 1351 et
1454 1324 1593 1351 esurimus
1607 1327 1634 1350 et
1652 1323 1772 1355 sitimus,
1794 1327 1824 1353 et.

1030 1375 1094 1404 nudi
1108 1381 1213 1405 smnus,
1232 1377 1260 1400 et
1275 1371 1398 1407 colaphis
1415 1370 1556 1402 caedimur,
1572 1374 1600 1398 et
1615 1369 1759 1397 instabiles
1772 1377 1822 1397 su-

1030 1429 1092 1449 mus
1105 1421 1127 1437 "
1150 1429 1156 1446 :
1179 1429 1188 1446 ›
1204 1423 1286 1454 atque
1299 1425 1347 1446 eos
1364 1417 1410 1453 qui
1425 1425 1489 1444 cum
1501 1416 1584 1444 Petro
1598 1416 1655 1443 haec
1669 1415 1745 1457 effari
1757 1423 1822 1450 pos-

1031 1469 1106 1497 sunt,
1123 1474 1133 1491 ι
1145 1464 1295 1499 Argentum
1313 1466 1339 1490 et
1354 1469 1451 1489 aurum
1467 1469 1521 1488 non
1537 1464 1580 1489 est
1591 1460 1657 1487 mihi
1667 1460 1700 1487 ".
1719 1459 1821 1488 i’l‘ales

1031 1512 1084 1541 sibi
1098 1518 1234 1547 pauperes
1248 1509 1364 1545 paravit,
1375 1508 1538 1544 praecipiens
1548 1507 1603 1534 illis
1618 1510 1649 1533 ut
1663 1514 1716 1533 non
1731 1506 1822 1541 possi-

1029 1560 1126 1587 derent
1150 1565 1249 1585 aurum
1275 1563 1363 1591 neque
1388 1558 1531 1590 argentum
1557 1553 1585 1580 in
1615 1552 1704 1585 zonis,
1730 1560 1822 1588 neque

1029 1613 1121 1642 peram
1135 1604 1168 1631 ad
1182 1603 1266 1635 viam,
1278 1609 1367 1637 neque
1383 1601 1453 1628 duas
1470 1599 1588 1632 tunicas,
1606 1606 1697 1634 neque
1717 1598 1821 1626 calcea-

1030 1655 1133 1682 menta,
1153 1657 1244 1684 neque
1255 1648 1358 1683 virgam
1370 1647 1404 1673 “.
1418 1645 1582 1680 Hujnsmodi
1598 1645 1664 1672 item
1680 1647 1758 1671 erant
1780 1643 1820 1671 illi

1029 1698 1094 1725 olim
1110 1706 1119 1722 ι
1140 1696 1346 1723 circumeuntes
1361 1693 1387 1719 in
1403 1692 1524 1722 melotis.
1542 1691 1570 1718 in
1591 1690 1708 1726 pellibus
1730 1690 1822 1725 capri-

1029 1744 1084 1777 nis,
1103 1747 1226 1779 egentes,
1256 1740 1415 1775 angustiati,
1442 1738 1545 1770 aﬂlicti,
1571 1738 1600 1765 in
1626 1736 1821 1766 solitudinibus

1029 1794 1168 1822 errantes,
1187 1789 1214 1816 in
1231 1787 1381 1817 montibus,
1396 1785 1423 1813 in
1441 1784 1580 1820 spelttncis
1593 1789 1620 1811 et
1632 1784 1660 1811 in
1678 1783 1828 1811 foramini-'

1029 1838 1082 1865 bns
1096 1840 1177 1863 terra:
1187 1834 1222 1862 “.
1241 1843 1251 1859 ›
1279 1832 1332 1860 Sed
1347 1832 1372 1860 si
1392 1831 1475 1859 hosce
1488 1830 1576 1858 solum
1592 1837 1683 1858 sermo
1699 1836 1819 1857 comme-

1029 1886 1174 1913 morasset,
1207 1879 1335 1908 exclusus
1366 1886 1433 1907 sane
1453 1878 1523 1905 foret
1557 1876 1683 1912 quisquis
1709 1875 1743 1902 iis
1764 1882 1843 1902 non.

1031 1929 1132 1958 similis
1149 1930 1233 1955 esset.
1252 1925 1287 1953 At
1307 1926 1364 1961 jam
1380 1924 1464 1952 alium
1479 1923 1603 1951 ordinem
1617 1924 1761 1949 enumerat
1779 1921 1823 1948 di-

1029 1983 1107 2007 cens,
1125 1983 1136 1999 ‹
1153 1973 1187 2000 Et
1199 1971 1292 1999 salvos
1306 1971 1387 1998 faciet
1403 1970 1473 1996 filios
1484 1975 1647 2004 pauperum.
1661 1976 1670 1992 ›
1683 1965 1745 1993 Filii
1757 1974 1821 1993 vero

1029 2027 1179 2056 pauperum
1194 2021 1272 2046 erant
1288 2016 1475 2052 apostolorum
1491 2018 1517 2041 et
1540 2013 1737 2048 discipulorum
1759 2010 1822 2038 Ser-

1029 2066 1133 2094 vatoris
1147 2065 1234 2093 nostri
1248 2064 1317 2096 noti,
1332 2071 1402 2099 quos
1421 2060 1568 2097 Apostolus
1579 2060 1654 2086 hisce
1673 2057 1766 2085 verbis
1778 2057 1821 2084 in-

1031 2113 1149 2140 dicavit:
1165 2121 1175 2137 ι
1194 2111 1263 2138 Nam
1277 2110 1328 2138 etsi
1351 2109 1453 2136 multos
1469 2107 1632 2143 paedagogos
1650 2103 1772 2132 habeatis
1792 2103 1820 2130 in

1030 2159 1152 2191 Christo,
1169 2157 1217 2186 sed
1238 2165 1293 2185 non
1312 2166 1319 2184 ε
1339 2155 1440 2183 multos
1456 2153 1607 2191 patreszin
1624 2152 1732 2180 Christo
1746 2150 1820 2179 enim

1029 2206 1095 2234 Jesu
1110 2213 1161 2240 ego
1182 2212 1231 2232 vos
1247 2204 1326 2241 genui
1336 2203 1376 2236 ";
1401 2212 1410 2228 ι
1429 2209 1460 2229 ac
1482 2207 1594 2228 rursum
1619 2208 1627 2226 :
1649 2208 1658 2224 ι
1677 2198 1739 2225 Filii
1755 2197 1819 2229 mei,

1031 2259 1102 2287 quos
1119 2259 1231 2278 rursum
1248 2249 1383 2286 parturio,
1399 2248 1486 2275 donec
1502 2247 1635 2274 formetur
1649 2244 1776 2271 Christus
1792 2242 1820 2270 in

1031 2298 1109 2325 vobis
1123 2297 1156 2323 ".
1173 2306 1182 2322 ι
1196 2295 1297 2323 Verum
1314 2301 1450 2330 pauperes
1462 2300 1528 2320 suos
1544 2295 1571 2319 et
1585 2290 1656 2318 lilios
1668 2288 1820 2324 pauperum

1029 2352 1092 2371 cum
1103 2342 1211 2378 iustitia
1226 2346 1253 2369 et
1267 2345 1343 2368 recto
1360 2339 1467 2375 judicio
1488 2339 1577 2366 salute
1592 2337 1685 2365 donat.
1709 2334 1822 2362 Calum-

1030 2388 1146 2417 niatoris
1161 2392 1263 2419 autem,
1276 2381 1329 2422 qui
1342 2385 1370 2412 in
1387 2384 1507 2411 animum
1522 2383 1629 2410 induxit
1643 2381 1775 2417 populum
1794 2381 1822 2406 et

1032 2433 1181 2462 Ecclesiam
1205 2433 1265 2467 ejus
1288 2433 1450 2466 impugnare
1488 2432 1569 2463 (nam
1597 2426 1719 2456 sexcenti
1738 2433 1820 2462 syco-

1031 2477 1140 2515 phantae
1167 2483 1230 2506 sunt
1260 2477 1306 2512 qui
1328 2476 1477 2503 Ecclesiam
1502 2474 1563 2508 ejus
1586 2470 1819 2507 calumniantur);

1030 2524 1085 2550 imo
1100 2522 1183 2550 etiam
1196 2521 1314 2548 aliorum
1330 2520 1377 2556 qui
1397 2519 1474 2555 probi
1499 2518 1618 2546 instituti
1630 2518 1705 2546 viros
1726 2517 1753 2544 in
1767 2515 1820 2543 Ec-

1029 2567 1112 2596 clesia
1124 2566 1186 2602 ejus
1202 2565 1548 2602 sycophantiisimpetunt,
1560 2564 1622 2591 vita:
1638 2564 1740 2592 exitum
1758 2570 1820 2598 per-

1032 2614 1165 2650 pendens,
1186 2613 1273 2648 probe
1288 2612 1423 2647 intelliges
1447 2619 1496 2638 cur
1511 2610 1627 2642 dicatur,
1646 2619 1656 2634 ε
1682 2609 1715 2636 Et
1730 2609 1820 2636 humi-

1031 2660 1109 2687 liabit
1132 2659 1371 2687 calumniatorem.
1392 2668 1401 2684 ι
1419 2657 1486 2691 Quis
1506 2657 1578 2684 enim
1595 2663 1701 2687 eorum,
1718 2655 1764 2690 qui
1782 2658 1820 2690 ty-

1030 2706 1145 2732 rannice
1172 2704 1199 2731 in
1226 2703 1377 2732 Salvatoris
1400 2703 1488 2731 nostri
1520 2702 1669 2729 Ecclesium
1693 2704 1816 2737 egerunt,

1076 2811 1098 2826 "
1114 2809 1174 2837 Act.
1192 2817 1232 2842 ιιι,
1245 2809 1272 2837 6.
1323 2809 1346 2825 ’³
1365 2808 1458 2835 Matth.
1475 2816 1499 2839 x,
1514 2808 1538 2834 9.
1580 2807 1600 2821 "‘
1618 2806 1702 2836 llcbr.
1719 2815 1755 2840 xt,
1771 2806 1815 2834 57.

869 3116 1504 3221 __L
