4086 6442
497 339 602 396 799
1169 333 1438 394 EUSEBH
1475 308 1959 388 exsanisxsm
1996 327 2110 384 om

2206 326 2368 382 PARS
2407 323 2496 381 ΙΙΙ.
2536 352 2603 368 -υ
2638 321 3052 380 EXEGETICA.
3716 314 3776 368 8f
3785 314 3819 370 0

497 473 729 528 eamque
761 455 1096 528 blasphemis
1134 457 1299 512 dictis
1331 463 1386 511 et
1413 453 1790 527 sycophantiis
1823 451 2078 506 traduxc-
2107 504 2110 511 γ

2211 451 2504 515 ευσάντων,
2552 449 2646 503 καὶ
2677 447 2777 518 τήν
2815 445 2910 500 τοὺ
2945 445 3197 514 Σωτηρος
3239 457 3416 514 ημων
3471 433 3820 528 Ἕκκλησξαν

500 527 654 614 runt,
685 527 934 616 deiectus
965 564 1072 602 non
1111 546 1256 601 fuit?
1283 545 1420 613 Quis
1449 561 1516 602 ex
1550 543 1891 614 sapientibus
1921 541 2083 612 hujus

2207 542 2559 614 ιλασφημίαις
2599 541 2694 595 καὶ
2747 535 3131 606 συκοφαντίαις
3189 530 3713 606 περιϐαλλάντων,
3761 527 3820 580 οὑ

503 639 690 695 saeculi
715 640 958 710 linguam
989 654 1144 694 suam
1171 637 1392 694 exacuit
1421 645 1612 692 contra
1657 636 1896 692 divinam
1933 633 2085 688 Scri-

2207 633 2612 698 τεταπείνωται;
2657 631 2753 696 Τίς
2801 630 2910 683 τῶν
2963 626 3140 697 σοφῶν
3190 625 3286 680 τοῦ
3328 623 3566 686 αἰῶνος
3603 619 3820 682 τούτου,

503 738 744 801 pturam,
785 731 918 803 quin
947 729 1320 803 sycophantias:
1351 744 1466 786 suae
1515 728 1748 799 pignora
1795 727 2085 782 retulerit?

2209 728 2284 799 τὴν
2315 725 2480 780 αὑτοῦ
2514 724 2762 794 γλῶτταν
2795 724 3068 794 άκονήσας
3099 720 3241 775 κατὰ
3277 719 3384 790 τῆς
3427 714 3822 770 θεοπνεύστου

505 819 613 877 Sed
647 838 774 878 cum
807 823 949 878 bene
987 821 1142 876 multi
1181 820 1535 894 sycophantae
1561 829 1752 874 contra
1782 817 2084 873 Ecclesiam

2209 820 2432 893 Ἵραφῆς,
2465 820 2528 872 οὑ
2557 819 2624 873 τά
2661 819 2914 890 ἐπίχειρα
2949 815 3184 870 πέπονθε
3229 813 3331 884 τῆς
3374 808 3822 879 συκοφαντίας

503 913 628 981 ejus
652 912 1076 975 insurrexerint,
1110 925 1414 981 omnesque
1437 925 1668 981 prorsus
1691 907 1886 978 dejecti
1910 916 1964 963 et
1993 907 2090 961 hu-

2214 913 2363 968 Ἀλλά
2395 912 2505 985 γὰρ
2538 911 2804 966 πλείστων
2833 912 2974 965 ὅσων
3013 908 3394 981 ἐπισταμένων
3435 901 3827 972 συκοφαντῶν

503 1002 700 1056 miliati
745 1003 985 1069 fuerint;
1023 1001 1142 1074 ipse
1183 1011 1368 1058 tamen
1400 1015 1508 1056 una
1547 1015 1670 1056 cum
1695 999 1812 1054 sole
1839 1013 2090 1070 perman-

2212 1007 2330 1062 ιατὰ
2357 1007 2456 1079 τῆς
2489 1005 2818 1078 Ἐκκλησίας
2837 1003 3024 1068 αὑτοῦ,
3048 1004 3266 1058 πάντων
3287 1019 3346 1055 τε
3372 999 3553 1055 κατά
3588 998 3825 1067 καιροὺς

503 1108 696 1160 surus,
731 1111 795 1150 ac
825 1095 1052 1168 perinde
1083 1107 1247 1166 atque
1275 1095 1357 1152 sol
1374 1095 1642 1150 doctrina:
1667 1109 1781 1150 suae
1811 1094 1982 1149 radiis
2005 1103 2090 1148 to-

2214 1098 2626 1169 ταπεινουμένων
2649 1136 2664 1162 ,
2698 1097 2860 1163 αὑτὸς
2889 1094 3341 1169 συμπαραμένειν
3387 1091 3490 1164 τῷ
3546 1089 3703 1161 ἡλίῳ
3737 1088 3827 1142 θε-

502 1194 622 1240 tum
657 1186 846 1243 orbem
874 1187 1257 1243 illustraturus
1287 1186 1636 1258 prmdicitur;
1665 1195 1719 1241 et
1741 1193 1868 1266 ante
1899 1186 2087 1240 lunam

2214 1193 2462 1259 ῖπίζεται,
2500 1187 2700 1263 ὁμοίως
2733 1190 2866 1264 ἡλίῳ
2897 1193 3018 1254 ταῖς
3052 1190 3248 1259 αὐγαῖς
3279 1188 3379 1260 τῆς
3425 1182 3628 1242 αὐτοῦ
3672 1183 3827 1237 διδα-

505 1280 724 1336 futurus
777 1281 1212 1352 praenuntiatnr;
1277 1281 1392 1336 sive
1457 1279 1762 1335 secundum
1811 1278 2088 1349 Aquilam,

2219 1287 2420 1352 οιαλίας
2444 1287 2534 1341 τὸν
2561 1285 2852 1358 σύμπαντα
2880 1284 3252 1355 καταλάμπων
3279 1283 3514 1353 κόσμον
3538 1296 3558 1312 ⁶
3591 1279 3699 1332 καὶ
3723 1279 3832 1350 πρὸ

509 1387 530 1421 ι
563 1369 628 1425 Et
657 1371 711 1425 in
741 1370 936 1426 faciem
971 1371 1142 1438 lunae;
1178 1393 1196 1422 ο
1226 1378 1322 1424 aut
1344 1367 1647 1424 secundum
1673 1367 2086 1440 Symmachum.

2218 1378 2289 1450 ἧς
2322 1378 2549 1449 σελήνης
2580 1376 2638 1430 δέ
2657 1392 2671 1406 °
2702 1375 2736 1448 ἢ
2765 1375 2906 1430 κατά
2929 1375 3019 1428 τὸν
3047 1373 3300 1438 Ἀκύλαν,
3329 1393 3348 1425 ι
3373 1373 3510 1428 Καὶ
3535 1373 3631 1435 εἰς
3656 1369 3831 1442 πρόσ-

510 1479 529 1512 ι
563 1459 630 1515 Et
658 1463 712 1516 in
746 1469 1048 1532 conspectu
1096 1461 1239 1515 luna:
1267 1459 1632 1531 permanebit.
1681 1478 1700 1511 ›
1755 1457 1875 1513 Non
1918 1457 2090 1520 enim,

2218 1486 2340 1522 ωπον
2369 1469 2468 1540 τῆς
2499 1467 2758 1541 σελήνηςο
2791 1486 2809 1519 ι
2863 1467 2896 1539 ἢ
2936 1466 3077 1521 κατὰ
3126 1467 3218 1521 τὸν
3267 1466 3628 1539 Σύμμαχον,
3667 1482 3687 1514 ι
3717 1464 3831 1518 Καὶ

508 1564 637 1608 ante
669 1554 879 1618 lunam,
914 1554 966 1609 id
993 1563 1095 1621 est,
1128 1561 1425 1624 antequam
1468 1553 1600 1608 luna
1646 1551 1837 1618 ﬂeret;
1872 1551 1967 1608 sed
1997 1567 2094 1606 co-

2215 1554 2502 1627 Ξμπροσθεν
2531 1555 2631 1626 τῆς
2671 1553 2900 1628 σελήνης
2926 1554 3190 1626 διαμενεῖ.
3231 1575 3250 1608 ι
3277 1555 3351 1610 Οὑ
3397 1554 3537 1628 γὰρ
3571 1552 3696 1626 πρὸ
3727 1554 3828 1624 τῆς

507 1660 649 1712 ram,
692 1645 748 1701 id
794 1657 900 1711 est,
959 1646 1015 1700 in
1066 1659 1368 1717 conspectu
1427 1645 1570 1700 lunae
1615 1651 1700 1700 est
1731 1643 2090 1714 reputandus.

2216 1649 2446 1720 πελήνης,
2475 1647 2727 1702 τουτέστι
2773 1648 2902 1719 πρὶν
2933 1647 3185 1716 γενέσθαι
3221 1646 3320 1719 τήν
3355 1647 3628 1719 σελήνην
3654 1663 3670 1678 ·
3709 1646 3829 1700 ἀλλ’

508 1737 979 1804 Quemadmodum
1014 1736 1160 1791 enim
1205 1736 1291 1791 sol
1343 1735 1490 1791 diem
1536 1734 1701 1790 efficit
1754 1749 1879 1789 cum
1928 1749 2095 1806 super

2216 1740 2425 1794 ινὼπιον
2448 1737 2640 1810 ὥσπερ
2668 1737 2763 1792 καὶ
2803 1736 3113 1808 ἔμπροσθεν
3136 1737 3445 1810 ἡγούμενος
3499 1736 3625 1807 τῆς
3665 1733 3829 1808 σελή-

507 1841 714 1885 terram
761 1828 1015 1894 advenit;
1050 1829 1178 1883 luna
1205 1843 1336 1884 vero
1363 1827 1570 1882 lumine
1599 1841 1702 1881 suo
1737 1827 1913 1882 noetis
1945 1835 2089 1882 tene-

2214 1849 2311 1904 νης.
2347 1831 2558 1902 Ὠσπερ
2583 1829 2692 1901 γὰρ
2717 1829 2867 1902 ἥλιος
2915 1831 3013 1903 μὲν
3043 1830 3257 1903 ἡμέραν
3290 1829 3626 1903 ἐργάζεται
3677 1829 3827 1901 ὑπὲρ

509 1923 638 1976 bras
665 1919 830 1976 solvit
880 1938 896 1976 :
931 1920 1122 1975 eodem
1157 1920 1320 1976 modo
1350 1919 1442 1992 qui
1484 1919 1539 1974 in
1581 1920 1848 1974 vaticinio
1896 1918 2088 1983 fertur,

2212 1926 2297 1998 γῆς
2325 1925 2650 1997 γενόμενος’
2697 1921 2894 1995 σελήνη
2926 1922 2984 1977 δὲ
3022 1923 3218 1988 νυκτὸς
3260 1923 3476 1978 διαλύει
3512 1922 3587 1976 τὸ
3627 1921 3825 1986 σκότος

508 2012 733 2084 perinde
767 2021 931 2084 atque
955 2014 1082 2066 luna
1107 2011 1322 2066 animas
1351 2012 1406 2066 in
1438 2011 1681 2066 tenebris
1711 2021 1765 2066 et
1788 2020 1948 2066 nocte
1971 2025 2093 2064 ver-

2212 2016 2270 2088 τῷ
2317 2015 2516 2087 ἑαυτῆς
2560 2015 2733 2086 φωτίο
2764 2016 2858 2069 τὸν
2903 2013 3068 2067 αὑτὸν
3113 2011 3315 2085 τρόπον
3361 2012 3462 2065 καὶ
3510 2012 3546 2064 ὁ
3593 2026 3825 2082 προφηο

508 2114 696 2162 santes
728 2106 1032 2173 illuminat;
1067 2112 1231 2175 atque
1284 2104 1452 2159 veluti
1509 2104 1590 2158 sol
1642 2111 1814 2158 totum
1850 2103 2095 2158 illustrat

2212 2110 2479 2181 τευόμενος
2506 2111 2711 2182 ὁμοίως
2740 2110 2839 2181 μὲν
2871 2107 3069 2179 σελήνῃ
3092 2105 3192 2170 τὰς
3221 2106 3278 2158 ὲν
3308 2104 3499 2176 σκότῳ
3523 2103 3636 2157 καὶ
3663 2102 3825 2156 νυκτὶ

509 2200 721 2264 orbem,
752 2212 816 2253 ac
848 2207 1134 2269 permanet
1171 2204 1228 2252 et
1277 2205 1594 2267 perseverat
1636 2212 1812 2268 usque
1853 2197 1920 2252 ad
1960 2213 2096 2254 con-

2212 2202 2568 2275 ῖυγχανούσας
2597 2202 2773 2274 ψυχὰς
2806 2198 3052 2272 φωτίζει,
3103 2197 3240 2270 ἡλίῳ
3278 2197 3335 2252 δὲ
3382 2192 3825 2270 παραπλησίως

509 2291 930 2346 summationem
964 2290 1169 2344 saaculi.
1214 2287 1470 2356 Quandiu
1501 2290 1647 2344 enim
1692 2289 1773 2345 sol
1809 2296 1982 2344 totum
2003 2305 2095 2345 or-

2210 2297 2283 2350 :bv
2315 2295 2610 2367 σύμπαντα
2646 2293 2994 2365 καταλάμπει
3039 2290 3262 2362 κόσμον,
3293 2289 3562 2360 διαμένει
3611 2305 3682 2340 τε
3727 2286 3823 2339 καὶ

509 2381 631 2437 bem
659 2382 919 2445 laetificat,
959 2381 1146 2436 tasdiu
1178 2389 1233 2437 et
1281 2381 1376 2437 ille
1407 2398 1514 2436 una
1556 2397 1683 2437 eum
1715 2382 1831 2438 sole
1879 2399 2096 2454 perma-

2211 2388 2614 2461 τυμπαραμένει
2647 2388 2773 2460 ἄχρι
2812 2388 2911 2458 τῆς
2944 2385 3252 2450 συντελείας
3295 2383 3389 2438 τοῦ
3442 2382 3693 2445 αἰῶνος.
3724 2381 3824 2444 El:

508 2491 648 2530 nens
673 2482 726 2527 et
758 2489 1120 2544 perseverans
1149 2474 1434 2529 hominum
1459 2475 1673 2530 animas
1697 2476 2006 2544 illuminat;
2031 2495 2094 2533 ac

2209 2485 2317 2537 5σον
2345 2483 2454 2556 γὰρ
2477 2483 2628 2554 ἥλιος
2661 2481 2751 2535 τὸν
2786 2481 3078 2553 σύμπαντα
3117 2478 3400 2553 φαιδρύνει
3439 2479 3702 2551 κόσμον,
3738 2478 3822 2539 εις

509 2564 739 2637 perinde
773 2573 939 2633 atque
961 2565 1086 2618 luna
1111 2565 1273 2635 plena
1303 2565 1358 2620 in
1377 2567 1764 2637 generationes
1784 2569 2095 2640 generatio-

2205 2575 2445 2630 τοσοῦτον
2471 2576 2566 2630 καὶ
2591 2574 2752 2638 αὐτὸς
2776 2573 2855 2645 τῷ
2887 2573 3024 2646 ἡλίῳ
3055 2573 3510 2646 συμπαραμένων
3543 2574 3654 2627 καὶ
3690 2589 3818 2625 συν-

509 2670 638 2711 ¹ιαω
667 2654 969 2726 [lardumre
1001 2653 1229 2710 ἀίείιυτ·
2195 2667 2570 2738 εκτεινόμενος
2620 2666 2721 2730 τὰς
2779 2667 2887 2718 τῶν
2946 2662 3251 2738 ἀνθρώπων
3296 2663 3533 2735 φωτίζει
3589 2663 3817 2733 ψυχάς·

2193 2759 2456 2824 ὡσαύτως
2485 2759 2542 2813 δὲ
2574 2760 2669 2814 καὶ
2703 2758 2901 2833 σελήνῃ
2942 2757 3242 2830 πλησιφαεῖ
3272 2758 3700 2830 παραπλησίως
3733 2757 3814 2820 είς

2196 2853 2388 2923 γενεὰς
2417 2851 2619 2923 γενεῶν
2647 2851 2868 2921 λέγεται
2891 2850 3158 2923 διαρκεῖν.

583 2973 748 3031 Vens.
797 2974 906 3030 6-8.
945 2994 964 3028 ι
1011 2973 1317 3032 Descendet
1350 2975 1499 3031 sicut
1560 2975 1744 3046 pluvia
1781 2975 1839 3030 in
1895 2977 2094 3040 vellus,

2271 2984 2288 3017 ι
2317 2963 2703 3036 Καταϐήσεται
2731 2963 2806 3030 ὡς
2832 2964 2987 3027 ὑετὸς
3014 2962 3108 3017 ἐπὶ
3141 2962 3330 3026 πόκον,
3363 2961 3460 3016 καὶ
3491 2961 3647 3015 ὡσεὶ⁵
3680 2976 3814 3013 στα·

510 3076 565 3120 et
599 3066 745 3122 sicut
787 3065 1068 3122 stillicidia
1102 3066 1370 3122 stillantia
1417 3080 1585 3136 super
1629 3071 1855 3120 terram.
1915 3084 1934 3118 ι
1989 3065 2095 3119 De-

2198 3057 2352 3126 γόνες
2382 3055 2672 3121 στάζουσαι
2698 3054 2792 3108 ἐπὶ
2832 3052 2932 3126 τήν
2959 3053 3084 3125 γῆν.
3110 3073 3129 3106 ι
3161 3052 3482 3108 Κατάϐασιν
3518 3050 3629 3106 τοῦ
3671 3049 3811 3102 Θεοῦ

512 3172 768 3214 scensum
801 3156 895 3212 Dei
923 3156 1085 3213 Verbi
1116 3157 1414 3228 intelligas,
1445 3157 1492 3212 si
1531 3157 1850 3214 consideres
1872 3159 2095 3228 deprcs-
2122 3181 2125 3212 Α

2199 3150 2368 3219 Λόγου
2399 3151 2631 3221 νοήσεις,
2659 3148 2960 3220 ἐπιστήσας
2995 3149 3060 3218 τῇ
3085 3145 3384 3202 καταϐάσει
3422 3146 3523 3200 καὶ
3555 3147 3632 3216 τῇ
3669 3160 3812 3213 συμ-

511 3250 726 3308 sionem
755 3256 810 3304 et
833 3249 1344 3320 attemperationem
1368 3263 1478 3318 qua
1504 3264 1563 3304 se
1594 3247 1880 3303 hominum
1912 3248 2094 3318 parvi-

2200 3243 2475 3316 περιφορᾷ
2505 3241 2624 3296 καθ’
2655 3243 2720 3314 ἢν
2749 3239 3233 3314 συμπεριενεχθεὶς
3260 3242 3325 3311 τῇ
3348 3238 3457 3292 τῶν
3476 3235 3810 3310 ἀνθρώπων

509 3342 611 3397 tati
647 3340 950 3411 adaptavit,
980 3356 1106 3395 cum
1149 3358 1169 3391 ι
1210 3338 1522 3394 humiliavit
1567 3337 1927 3409 semetipsum
1984 3337 2095 3393 for-

2202 3333 2564 3408 σμικρότητι,
2615 3351 2634 3385 ι
2676 3333 3039 3388 ἐταπείνωσεν
3082 3331 3272 3387 ἑαυτὸν
3327 3331 3550 3404 μορφὴν
3610 3329 3805 3384 δούλου

510 3445 656 3485 mam
675 3430 818 3486 servi
843 3424 1148 3499 accipiens,
1167 3435 1222 3484 et
1245 3427 1437 3482 habitu
1459 3427 1713 3483 inventus
1732 3435 1792 3482 ut
1808 3426 1972 3482 homo
1991 3427 2057 3480 ".
2070 3446 2088 3480 ι

2197 3425 2397 3491 λαϐὼν,
2439 3427 2532 3480 καὶ
2565 3427 2803 3498 σχήματι
2840 3423 3083 3497 εὑρεθεὶς
3111 3423 3204 3488 ὼς,
3235 3423 3550 3496 ἄνθρωπος.
3588 3442 3610 3476 ι
3661 3423 3745 3476 Δι’
3778 3420 3807 3473 δ

511 3519 695 3586 Quare
718 3519 942 3583 dicitur,
981 3536 1000 3570 ι
1037 3515 1367 3574 Descendet.
1407 3534 1425 3568 ι
1459 3514 1700 3573 Necesse
1729 3530 1860 3571 vero
1900 3513 2005 3570 fuit
2037 3524 2097 3570 ut

2197 3519 2449 3574 λέλεκται
2473 3537 2487 3550 ·
2547 3537 2566 3572 ι
2605 3518 3012 3589 Καταϐήσεται.
3057 3537 3076 3570 ι
3145 3516 3483 3586 Ἀναγκαίως
3557 3516 3624 3571 δὲ
3709 3515 3806 3568 καὶ

509 3611 762 3682 exemplo
785 3609 1075 3682 prophetia
1120 3615 1366 3664 uteretur
1397 3609 1612 3678 dicens,
1645 3628 1665 3662 ι
1721 3610 1879 3667 Sicut
1909 3595 2096 3682 pluvia

2197 3611 2606 3684 παραδείγματι
2658 3610 2923 3682 κέχρηται
2982 3609 3287 3682 προφητεία
3337 3609 3600 3680 φήσασα,
3641 3626 3664 3660 ι
3717 3607 3805 3670 Ὠς

510 3702 570 3757 in
599 3704 794 3760 vellus.
831 3722 850 3755 ι
882 3701 1041 3770 Quod
1063 3703 1318 3758 similiter
1347 3702 1546 3773 reliqui
1571 3717 1764 3760 omnes
1779 3703 2090 3769 ediderunt,

2199 3705 2351 3768 ὑετὸς
2409 3705 2505 3758 ἐπὶ
2578 3703 2764 3758 πόκον.
2821 3722 2840 3755 ι
2903 3704 2969 3756 Ὃ
3017 3702 3082 3774 δή
3134 3700 3438 3774 συμφώνως
3494 3705 3551 3758 oi
3605 3701 3803 3774 ,lmm't

511 3798 709 3869 Aquila
767 3798 1004 3863 scilicet,
1061 3815 1081 3849 ι
1137 3796 1207 3851 Ει
1252 3796 1552 3854 descendet
1593 3797 1741 3853 sicut
1797 3797 1984 3869 pluvia
2040 3799 2095 3853 in

2199 3792 2396 3857 πάντες
2418 3794 2769 3864 ήρμήνευσαν
2785 3807 2798 3821 ⁶
2837 3791 3068 3857 ’Δκύλας
3093 3792 3192 3864 μὲν
3213 3792 3402 3858 εἰπὼν,
3435 3812 3452 3846 ι
3477 3795 3599 3849 Καὶ
3623 3808 3801 3848 κατα-

513 3891 741 3962 pellem;
781 3908 802 3942 ι
845 3888 1233 3962 Symmachus,
1291 3907 1312 3942 ι
1376 3887 1685 3945 Descendet
1717 3889 1864 3944 sicut
1898 3905 1992 3946 ros
2041 3890 2097 3946 in

2198 3887 2427 3958 ϐήσεται
2459 3884 2536 3948 ὡς
2561 3885 2716 3948 ὑετὸς
2751 3885 2846 3938 ἐπὶ
2876 3886 3110 3957 κουράν·
3147 3904 3166 3938 ι
3197 3885 3491 3958 Σύμμαχος
3513 3886 3601 3949 δὲ.
3638 3905 3660 3939 ι
3685 3887 3799 3939 Κα-

512 3985 720 4053 vellus;
779 4003 802 4036 ι
859 3985 1090 4055 parique
1131 3984 1297 4040 modo
1356 3983 1556 4054 reliqui
1607 3983 1958 4054 interpretes,
1997 3983 2100 4040 de-

2197 3975 2492 4050 ταϐήσεται
2539 3976 2616 4042 ὡς
2658 3977 2848 4049 δρόσος
2919 3977 3012 4031 ἐπὶ
3055 3977 3255 4032 πόκονο
3301 3998 3320 4032 ι
3367 3979 3461 4034 καὶ
3498 3981 3553 4033 οί
3617 3977 3798 4034 λοιποὶ

512 4077 788 4134 clarantes
845 4075 1034 4140 Verbi,
1091 4076 1239 4147 quod
1298 4077 1355 4131 in
1417 4077 1740 4147 prophetia,
1795 4075 1972 4131 fertur
2029 4091 2096 4132 ex

2201 4069 2536 4140 ἐρμηνευταὶ
2563 4071 2766 4142 ὁμοίως
2788 4087 2800 4100 ’
2835 4070 3210 4143 παριστῶντες
3237 4071 3331 4126 τοῦ
3376 4071 3552 4142 Λόγου
3601 4071 3707 4144 τὴν
3737 4068 3795 4134 ἐξ

513 4169 756 4235 sublimi,
789 4169 908 4226 sive
935 4183 1002 4224 ex
1029 4169 1166 4240 ipsis
1195 4169 1376 4235 cmlis,
1408 4169 1736 4225 descensum
1765 4168 1818 4222 in
1843 4176 2043 4223 terram
2077 4187 2094 4224 :

2198 4158 2366 4229 ὑψους
2394 4160 2492 4233 τὴν
2541 4159 2601 4227 ἐξ
2647 4161 2828 4216 αὑτῶν
2873 4162 3119 4234 οὐρανῶν
3149 4163 3370 4218 κάθοδον
3403 4165 3496 4218 ἐπὶ
3542 4166 3667 4242 γῆς.
3699 4161 3789 4218 τοῦ

512 4263 808 4333 ipsumque
860 4261 1046 4332 quiete
1099 4275 1165 4316 ac
1213 4263 1440 4324 sensim,
1493 4261 1810 4316 advertente
1855 4261 2094 4327 nemine,

2199 4254 2707 4328 προφητευσμένου·
2742 4256 2839 4311 καὶ
2888 4257 2965 4322 ὡς
2989 4258 3174 4330 ἡρέμα
3221 4259 3314 4312 καὶ
3343 4259 3520 4330 ήσυχῆ
3557 4255 3791 4330 μηδενὸς

512 4353 870 4410 descendisse
907 4353 1345 4409 subindicantes.
1394 4351 1586 4408 Pluvia
1612 4353 1814 4424 quippe
1839 4353 1895 4408 in
1921 4353 2098 4412 vellus

2197 4345 2519 4419 αισθομένου
2545 4347 2945 4421 καταϐέϐηκεν.
2971 4350 3158 4414 ’Υετὸς
3187 4350 3297 4422 γὰρ
3327 4351 3421 4405 ἐπὶ
3452 4352 3628 4407 πόκον
3660 4366 3766 4404 κατ

512 4444 765 4501 insensili
794 4444 957 4500 modo
988 4444 1110 4500 sine
1139 4443 1372 4514 strepitu
1406 4442 1734 4498 demittitur.
1768 4442 1907 4510 Quia
1930 4443 2096 4514 igitur

2203 4440 2295 4496 ιὼν
2315 4482 2331 4505 ,
2382 4440 2795 4513 άνεπαισθήτως
2852 4444 2947 4497 καὶ
3007 4442 3249 4514 ἀψοφητὶ
3306 4444 3572 4498 κάτεισιν.
3634 4441 3787 4498 Ἐπεὶ

514 4528 825 4587 Servatoris
871 4533 1050 4587 nostri
1084 4531 1365 4604 generatio
1399 4531 1704 4587 secundum
1737 4546 1964 4587 carnem
1999 4531 2096 4586 tali

2172 4537 2380 4592 ντοίνυν
2427 4538 2462 4609 ή
2499 4536 2640 4591 κατὰ
2699 4537 2877 4608 σάρκα
2921 4537 3135 4608 γένεσις
3169 4537 3263 4593 τοῦ
3321 4539 3574 4612 Σωτῆρος
3627 4537 3785 4610 ήμῶν

512 4624 926 4694 dispensatione
955 4623 1099 4679 facta
1133 4631 1240 4689 est,
1276 4633 1335 4679 ut
1361 4639 1430 4680 ne
1449 4639 1517 4680 ex
1534 4623 1734 4680 vicinis
1757 4623 1977 4694 quidem
2007 4625 2092 4679 ul-

2197 4630 2453 4702 τοιαύτην
2481 4630 2743 4704 ἀνείληφε
2771 4631 2870 4704 τὴν
2895 4633 3228 4704 οἰκονομίαν,
3249 4633 3325 4698 ὼς
3358 4632 3564 4705 μηδένα
3595 4635 3788 4704 νοῆσαι

511 4715 600 4770 lus
621 4717 1000 4787 conceptionis
1032 4726 1088 4772 et
1136 4726 1328 4789 partus
1353 4726 1560 4774 sanctae
1600 4715 1844 4789 Virginis
1881 4719 2116 4788 myste-'

2203 4723 2336 4796 μηδὲ
2366 4723 2718 4796 ἀκουσθῆναι,
2743 4723 2878 4796 μηδὲ
2900 4724 3024 4788 τοὺς
3041 4724 3118 4796 (1)
3137 4727 3202 4778 ὲκ
3233 4723 3491 4794 γειτόνων
3505 4721 3786 4780 οίκοῦσιτὸ

510 4807 655 4862 rium
681 4807 766 4864 vel
787 4807 1052 4880 cogitaret
1069 4810 1151 4865 vel
1180 4809 1430 4876 audiret;
1465 4809 1614 4881 quod
1650 4809 1828 4878 ipsum
1854 4823 2094 4878 praesens

2204 4817 2500 4888 μυστήριον
2533 4817 2635 4889 τῆς
2671 4817 2985 4889 συλλήψεως
3011 4819 3104 4871 καὶ
3131 4816 3224 4870 τοῦ
3251 4817 3472 4872 τοκετοῦ
3499 4813 3601 4889 τῆς
3629 4815 3787 4886 ἁγίας

511 4913 695 4953 sermo
717 4898 1087 4954 subindicavit
1108 4899 1300 4956 dicens
1321 4917 1335 4954 :
1368 4919 1386 4951 ι
1419 4899 1723 4956 Descendet
1746 4899 1889 4955 sicut
1913 4899 2097 4971 pluvia

2202 4907 2502 4982 Παρθένου.
2551 4908 2711 4964 Τοῦτ’
2761 4909 2924 4973 αὑτὸς
2981 4909 3010 4961 ὁ
3076 4907 3269 4981 παρὼν
3320 4907 3540 4983 ᾐνίξατο
3591 4911 3781 4979 λόγος,

510 4992 568 5048 iu
596 4991 802 5058 vellus;
842 5011 860 5044 ι
895 5001 950 5046 et
982 4992 1146 5059 alias,
1175 4993 1306 5064 quia
1339 4993 1515 5049 vellus
1544 4994 1729 5049 ovium
1779 4996 1938 5068 pellis
1985 5005 2095 5064 est,

2203 4999 2406 5055 εἰπών’
2447 5019 2466 5053 ι
2497 5001 2883 5073 Καταϐήσεται
2921 5000 3000 5066 ὡς
3046 5001 3199 5065 ὑετὸς
3252 5002 3346 5056 ἐπὶ
3379 5003 3546 5057 πόκον
3565 5020 3580 5034 ·
3630 5021 3649 5054 ι
3689 4997 3783 5054 καὶ

511 5083 557 5139 si
602 5084 812 5155 cogites
865 5083 1213 5142 Servatorem
1264 5085 1442 5156 ipsum
1488 5087 1562 5140 ita
1599 5087 1878 5154 docuisse,
1915 5107 1936 5142 ι
1972 5088 2094 5145 Non

2201 5091 2396 5159 άλλως,
2425 5093 2614 5162 ἐπειδὴ
2647 5093 2818 5156 πόκος
2849 5092 3137 5163 προϐάτων
3178 5094 3342 5168 δορὰ,
3392 5097 3592 5168 νοήσας
3633 5096 3779 5156 ὅπως

508 5175 632 5231 veni
665 5177 772 5234 nisi
805 5177 873 5232 ad
909 5193 1042 5234 oves
1073 5193 1196 5250 qua:
1225 5179 1509 5250 perierunt
1537 5179 1735 5237 domus
1773 5182 1942 5240 Israel
1974 5184 2021 5215 ⁸⁸
2041 5203 2089 5252 ;ι

2200 5183 2364 5248 αὑτὸς
2395 5184 2642 5240 ἐδίδασκε
2685 5185 2860 5255 λέγων
2897 5187 2926 5240 ό
2956 5187 3178 5260 Σωτήρ·
3214 5205 3234 5240 ι
3271 5189 3385 5242 Οὑκ
3427 5184 3593 5260 ἦλθον
3625 5189 3675 5242 εί
3706 5183 3781 5256 μὴ

508 5282 754 5337 presens
805 5268 1016 5324 dictum
1067 5267 1387 5342 hujusmodi
1447 5273 1566 5327 voci
1617 5274 1924 5344 coaptabis.
1979 5273 2097 5329 Non

2205 5278 2286 5341 είς
2336 5278 2405 5332 τὰ
2457 5277 2708 5348 πρόϐατα
2755 5277 2826 5332 τὰ
2873 5278 3193 5334 ἀπολωλότα
3249 5279 3400 5334 οἴκου
3463 5279 3716 5352 Ἱσραήλ”
3751 5295 3771 5326 ι

508 5361 655 5416 enim
685 5361 752 5416 ad
785 5362 950 5418 aliam
980 5370 1198 5435 gentem
1223 5361 1532 5430 descendit,
1569 5365 1666 5421 sed
1699 5365 1768 5420 ad
1799 5367 1976 5423 solam
2007 5365 2098 5422 Ju-

2203 5369 2534 5441 ὲφαρμόσεις
2566 5370 2628 5424 τὸ
2659 5371 2833 5442 παρὸν
2859 5371 3038 5441 λόγιον
3074 5376 3142 5444 τῇ
3172 5372 3338 5428 αὑτοῦ
3360 5376 3532 5444 φωνῇ.
3563 5373 3638 5426 Οὑ
3669 5369 3775 5440 γὰρ

507 5454 761 5519 daicam,
830 5471 999 5526 penes
1054 5473 1220 5528 quam
1281 5467 1654 5516 commoratus
1699 5469 1806 5518 est.
1873 5459 2094 5517 Primus

2201 5463 2310 5524 ἐπὶ,
2342 5462 2529 5534 ἕτερον
2572 5462 2725 5528 ἔθνος
2770 5465 3176 5538 καταϐέϐηκεν,
3219 5465 3334 5520 ἀλλ’
3384 5467 3476 5520 ἐπὶ
3513 5467 3671 5538 μόνον
3715 5461 3773 5516 τὸ

509 5562 640 5618 ergo
661 5548 782 5615 ejus
811 5548 1112 5607 descensus
1151 5551 1278 5606 talis
1303 5551 1426 5616 fuit,
1457 5552 1637 5622 qualis
1663 5554 1864 5624 pluvia:
1893 5553 1949 5609 in
1976 5555 2090 5608 vel-

2213 5555 2498 5619 Ἰουδαίων,
2526 5556 2656 5627 παρ’
2689 5551 2770 5621 οἷς
2802 5558 2894 5611 καὶ
2922 5559 3021 5624 τὰς
3051 5559 3331 5630 διατριϐὰς
3360 5560 3672 5630 ἐποιήσατο.
3709 5555 3771 5608 'H

511 5637 598 5696 l-zs
651 5640 950 5697 secundum
997 5643 1110 5714 jam
1147 5643 1404 5698 traditam
1464 5644 1756 5702 rationem.
1813 5644 1942 5702 Post
1974 5646 2088 5703 hate

2201 5647 2298 5718 μὲν
2335 5642 2428 5702 οὖν
2469 5647 2660 5722 πρώτη
2708 5651 3009 5717 κατάϐασις
3057 5652 3219 5708 αὑτοῦ
3247 5653 3468 5723 γέγονεν
3501 5653 3582 5719 ὼς
3624 5648 3768 5713 ὑετὸς

583 5737 626 5767 ³⁷
665 5734 866 5806 Philip.
895 5755 954 5801 ιι,
979 5739 1034 5794 8.
1116 5740 1162 5772 "
1200 5739 1393 5798 Matth.
1425 5757 1516 5807 xv,
1551 5741 1642 5796 ε-ι.

591 5833 660 5902 (ι
702 5830 864 5888 l’orte
892 5837 1022 5898 τοῖς.
