4086 6442
420 393 516 450 801

1545 389 2045 447 COMMENTARIA
2088 390 2153 444 IN
2189 390 2532 448 PSALMOS.

3559 400 3667 457 802

417 512 514 566 ιπὶ
570 508 737 565 πόκον
772 510 907 565 κατὰ
956 511 1080 573 τοὺς
1125 506 1490 571 ἀποδοθέντας
1549 508 1817 576 τρόπουςο
1864 507 1986 577 gae-:3

2105 516 2306 571 autem,
2331 523 2440 562 non
2476 507 2617 561 ultra
2646 506 2791 562 sicut
2842 506 2896 561 in
2946 507 3139 574 vellus,
3178 508 3272 565 sed
3317 525 3515 582 magno
3542 529 3666 571 cum

417 600 588 655 ταῦτα
621 599 678 654 δὲ
727 600 907 654 ούκέτι
962 599 1036 663 ὡς
1087 600 1180 653 ἐπὶ
1229 599 1395 653 πόκον
1414 638 1431 662 ,
1490 596 1626 650 ἀλλὰ
1686 596 1784 650 σὺν
1829 596 1996 669 πολλῇ

419 689 632 763 κινήσει
650 708 664 721 ο
698 691 792 744 καί⁸
816 689 1018 753 κτύπος
1044 688 1368 755 ἐξάκουστος
1387 687 1579 757 γέγονε
1606 688 1726 741 καθ’
1750 687 1876 759 ὅλης
1901 688 1999 759 τῆς

418 780 743 852 οἰκουμένης
764 783 797 852 ἡ
821 781 1137 836 διδασκαλία
1158 780 1345 835 αὐτοῦ.
1369 780 1445 832 Δι’
1469 780 1496 833 ὃ
1517 778 1823 847 ὲπιλέγεται
1847 776 1993 849 ἑξῆς,

426 888 446 921 ι
473 870 566 924 καὶ
596 869 727 923 ὡσεὶ
772 870 1030 939 σταγόνες
1059 870 1350 934 στάζουσαι
1397 869 1491 924 ἐπὶ
1531 869 1632 940 τὴν
1662 868 1785 940 γῆν.
1807 888 1826 920 3
1860 870 1997 921 Στα-

419 961 575 1029 γόνες
597 961 705 1033 γὰρ
735 960 769 1032 ἡ
813 960 1044 1030 ψεκάδες
1077 960 1216 1014 κατά
1251 961 1376 1024 τοὺς
1407 960 1628 1023 λοιποὺς
1656 959 1996 1031 έρμηνευτάς

422 1053 711 1117 στάζουσαι
744 1053 837 1105 ἐπὶ
881 1053 981 1123 τὴν
1014 1052 1116 1122 γῆν
1170 1052 1348 1106 οὐκέτ’
1383 1036 1650 1122 ἀψοφητὶ,
1688 1051 1784 1103 σὺν
1816 1050 1995 1121 πολλῷ

418 1146 476 1198 δὲ
512 1146 668 1217 ψόφῳ
695 1144 934 1199 κατίασι.
972 1144 1081 1196 Καὶ
1112 1143 1269 1198 τοῦτο
1292 1144 1347 1197 δὲ
1377 1142 1528 1206 τέλος
1554 1142 1865 1213 ἐτύγχανεν,
1907 1142 1994 1195 ὅτε

418 1240 500 1301 είς
522 1240 701 1293 πᾶσαν
724 1237 821 1309 τὴν
845 1236 949 1307 γῆν
979 1235 1201 1308 ἐξῆλθεν
1229 1238 1258 1289 ό
1280 1234 1512 1305 φθόγγος
1550 1233 1659 1288 τῶν
1685 1234 1994 1289 ἀποστόλων

417 1329 601 1392 αὐτοῦ,
628 1330 721 1383 καὶ
744 1331 824 1395 είς
851 1328 919 1382 τά
953 1327 1161 1399 πέρατα
1186 1327 1286 1399 τῆς
1322 1326 1645 1399 οἰκουμένης
1673 1328 1742 1381 τὰ
1776 1328 1995 1402 ῥήματα

417 1423 617 1477 αὐτῶν.

487 1535 707 1600 Τούτοις
734 1535 859 1607 ἑξῆς
879 1535 1111 1608 εἴρηται·
1167 1556 1185 1589 ι
1230 1537 1499 1592 Ἀνατελεῖ
1522 1539 1580 1592 ὲν
1606 1538 1725 1601 ταῖς
1757 1535 1993 1608 ἡμέραις

416 1627 579 1682 αὑτοῦ
605 1628 917 1698 δικαιοσύνη
948 1629 1041 1681 καὶ
1068 1628 1270 1700 πλῆθος
1297 1631 1519 1701 εἰρήνης
1537 1647 1551 1659 ο
1592 1648 1611 1682 3
1646 1628 1790 1683 κατά
1810 1628 1867 1682 δὲ
1897 1628 1990 1683 τὸν

430 1719 680 1788 Ἀκύλαν,
707 1738 727 1773 ‹
754 1719 1051 1792 Βλαστήσει
1093 1723 1150 1775 έν
1181 1721 1415 1793 ἡμέραις
1446 1722 1614 1775 αὑτοῦ
1657 1722 1863 1785 δίκαιος
1897 1722 1990 1775 καὶ

416 1809 619 1882 πλῆθος
646 1811 867 1882 εἰρήνης
888 1826 902 1840 '
934 1828 953 1862 3
993 1809 1131 1863 κατά
1162 1809 1219 1863 δὲ
1247 1808 1342 1862 τὸν
1384 1808 1696 1880 Σύμμαχον,
1735 1826 1755 1861 ι
1802 1806 1990 1877 Ἀνθὴ-

2103 606 2277 661 motu,
2312 600 2529 653 sonitus
2564 599 2678 653 sive
2700 598 2951 653 doctrina
2977 601 3099 670 ejus
3141 616 3240 672 per
3267 608 3443 657 totum
3482 604 3669 660 orbem

2102 689 2171 745 ad
2198 691 2440 746 omnium
2478 705 2640 746 aures
2678 692 2940 761 pervasit.
2975 690 3154 758 Quare
3185 693 3405 748 additur
3450 695 3668 761 deinde,

2107 800 2128 834 ι
2160 789 2214 838 et
2242 782 2384 837 sicut
2410 781 2690 837 stillicidia
2739 782 2999 837 stillantia
3028 800 3192 854 super
3220 794 3443 840 terram.
3484 806 3501 837 3
3539 786 3671 841 Stil-

2102 872 2282 927 licidia
2323 887 2575 942 namque,
2611 871 2724 927 sive
2755 890 2773 923 ι
2815 880 2981 943 guttae
3023 873 3167 929 roris
3204 894 3222 927 3
3255 875 3552 931 secuudum
3588 892 3674 931 re-

2101 965 2280 1034 liquos
2341 964 2690 1033 interpretes,
2750 965 3022 1020 stillantes
3074 981 3241 1036 super
3300 974 3523 1030 terram,
3560 982 3671 1022 non

2101 1071 2327 1127 prorsus
2356 1057 2476 1112 sine
2513 1057 2769 1128 strepitu,
2806 1057 2902 1114 sed
2954 1072 3152 1129 magno
3200 1073 3324 1114 cum
3362 1059 3543 1113 sonitu
3574 1059 3673 1115 dc-

2099 1148 2389 1203 scendunt.
2430 1146 2488 1201 ld
2541 1162 2671 1202 vero
2726 1157 2839 1201 tum
2876 1147 3037 1203 ﬁnem
3076 1149 3310 1219 accepit,
3359 1150 3579 1220 quando
3615 1148 3669 1204 in

2097 1255 2315 1295 omnem
2348 1247 2549 1294 terram
2575 1239 2743 1294 exivit
2795 1256 2966 1296 sonus
3027 1241 3403 1310 apostolorum
3440 1242 3583 1312 ejus,
3616 1250 3670 1297 et

2098 1331 2155 1386 in
2189 1332 2323 1387 lines
2353 1332 2505 1387 orbis
2536 1343 2693 1388 terra:
2724 1332 2889 1388 verba
2920 1347 3130 1388 eorum.

2170 1531 2282 1589 Sub
2308 1533 2424 1589 haec
2459 1533 2660 1589 dicitur
2689 1552 2702 1589 :
2745 1552 2762 1585 ι
2794 1531 3016 1590 Orietur
3043 1533 3098 1588 in
3126 1532 3318 1590 diebus
3347 1535 3467 1605 ejus
3504 1536 3667 1606 justi-

2094 1624 2169 1679 tia
2204 1633 2258 1681 et
2288 1625 2623 1680 abundantia
2656 1625 2877 1696 pacis;3
2918 1627 3218 1682 secuudum
3235 1625 3486 1697 Aquilam
3516 1643 3666 1690 vero,

2102 1737 2120 1769 ι
2152 1716 2491 1773 Germinabit
2521 1718 2577 1771 in
2605 1718 2801 1774 diebus
2847 1717 2967 1787 ejus
3010 1719 3217 1789 justus,
3251 1726 3305 1774 et
3336 1719 3667 1775 abundantia

2092 1804 2279 1873 pacis;
2313 1822 2333 1857 3
2381 1805 2684 1860 secundum
2735 1803 3122 1876 Symmachum
3166 1821 3320 1871 vero,
3376 1823 3395 1857 ι
3430 1805 3669 1862 Florebit

417 1873 610 1954 σει-έν
647 1873 766 1963 ταῖς
804 1873 1037 1971 ἡμέραις
1094 1896 1258 1951 αὐτοῦ
1302 1873 1527 1959 δίκαιοςξ
1643 1894 1876 1967 Ἡμέραι

2093 1895 2149 1949 in
2178 1895 2371 1951 diebus
2398 1895 2520 1966 ejus
2545 1896 2750 1967 justus.
2780 1873 2805 1949 3
2860 1896 2984 1952 Dies
3012 1906 3193 1953 autem
3225 1897 3532 1953 Servatoris
3563 1916 3665 1953 no.7

412 1991 509 2045 τοῦ
550 1991 800 2062 Σωτῆρος
851 1988 1010 2061 ἡμῶν
1059 1990 1115 2042 αἱ
1167 1988 1275 2042 ἀπὸ
1321 1987 1423 2057 τῆς
1469 1987 1771 2057 παρουσίας
1823 1984 1989 2039 αὐτοῦ

416 2084 577 2155 μέχρι
596 2083 696 2154 τῆς
721 2081 1029 2145 συντελείας
1059 2079 1152 2135 τοῦ
1170 2079 1365 2144 αἰῶνος
1380 2080 1754 2152 νοηθήσονται.
1780 2079 1990 2151 Ὠσπερ

413 2173 522 2245 γὰρ
553 2172 821 2244 ἀκούομεν
857 2172 938 2235 τὸ,
979 2191 996 2223 ι
1050 2172 1138 2224 Ἐν
1170 2173 1289 2234 ταῖς
1335 2171 1570 2242 ἡμέραις
1600 2169 1784 2234 Δαυῖδ,
1819 2188 1838 2221 3
1870 2171 1985 2236 καὶ,

418 2283 437 2316 ι
489 2264 575 2318 Ἑν
616 2264 847 2335 ἡμέραις
891 2263 1191 2335 Ἱεροόοάμ,
1248 2282 1267 2315 3
1314 2261 1486 2326 οὕτως
1538 2259 1646 2315 εἷεν
1690 2262 1754 2317 ἂν
1786 2261 1989 2335 ἡμέραι

409 2355 505 2409 τοῦ
547 2356 793 2426 Σωτῆρος
823 2354 1000 2426 ἡμῶν.
1048 2354 1188 2407 Ἀλλ’
1229 2355 1428 2407 ἐκεῖνοι
1463 2353 1582 2424 μὲν,
1616 2354 1753 2424 πρὸς
1807 2353 1987 2423 ὀλίγον

412 2448 687 2518 φανέντες,
718 2446 910 2501 θᾶττον
944 2445 1387 2517 ἀπεσϐέσθησαν·
1423 2446 1491 2499 δι’
1524 2446 1553 2499 δ
1583 2447 1674 2500 καὶ
1703 2446 1760 2500 αί
1787 2438 1989 2518 ἡμέραι

411 2537 589 2609 αὐτῶν
632 2536 911 2603 ἐξέλιπονο
948 2537 1005 2589 αἱ
1044 2536 1102 2590 δὲ
1145 2536 1350 2607 ἡμέραι
1395 2536 1489 2589 τοῦ
1542 2535 1795 2607 Σωτῆρος
1834 2536 1988 2608 ἡμῶν

409 2629 600 2684 ὁπόσαι
644 2626 990 2698 τυγχάνουσι,
1019 2626 1229 2697 φθάσας
1257 2628 1287 2679 ό
1318 2627 1473 2695 λόγος
1495 2626 1766 2699 ἐδήλωσεν
1795 2626 1983 2681 είπὼνο

417 2740 435 2773 ι
472 2721 892 2794 Συμπαραμενεῖ
914 2718 993 2791 τῷ
1012 2719 1146 2791 ἡλίῳ
1172 2719 1266 2773 καὶ
1298 2718 1605 2791 ἔμπροσθεν
1629 2718 1730 2790 τῆς
1759 2718 1988 2790 σελήνης

410 2814 602 2882 γενεάς
629 2813 859 2882 γενεῶν·
904 2834 923 2867 3
960 2809 1042 2878 οἷς
1073 2812 1379 2876 ἀκολούθως
1411 2812 1507 2865 καὶ
1535 2811 1699 2875 αὐτὸς
1724 2815 1837 2876 τοῖς
1866 2813 1989 2866 ἐαυ-

409 2903 503 2956 τοῦ
552 2904 816 2976 μαθηταῖς
843 2903 1207 2975 ἐπηγγέλλετο
1249 2902 1420 2969 λέγων
1439 2918 1452 2932 ⁸
1490 2920 1510 2953 ι
1556 2901 1686 2956 Ἰδοὺ
1724 2900 1834 2971 ἐγὼ
1865 2901 1981 2973 μεθ’

410 2995 563 3069 ὑμῶν
597 2999 712 3069 εἰμι
744 2996 873 3070 ἄχρι
909 2996 1008 3066 τῆς
1048 2993 1350 3057 συντελείας
1390 2991 1483 3046 τοῦ
1512 2993 1737 3057 αίιῖῖινος⁸
1779 3011 1798 3044 3
1833 2991 1987 3047 Οὕτω

409 3092 516 3162 γὰρ
534 3092 731 3163 ἡμελλε
762 3088 1206 3163 συμπαραμένειν
1234 3087 1308 3159 τῷ
1338 3086 1492 3157 ἡλίῳ.
1537 3086 1744 3141 Οὐκοῦν
1779 3087 1837 3140 ἐν
1866 3088 1985 3152 ταῖς

2092 1987 2190 2043 stri
2243 1989 2319 2043 ab
2360 1989 2594 2045 adventu
2650 1989 2771 2059 ejus
2817 2004 2991 2061 usque
3032 1991 3099 2046 ad
3140 1990 3665 2047 consummationem

2092 2080 2271 2136 saeculi
2304 2080 2641 2151 intelligendi
2667 2088 2815 2135 sunt.
2839 2080 2956 2147 Qua
2977 2082 3192 2138 ratione
3219 2083 3364 2138 enim
3387 2083 3661 2149 audimus,

2096 2191 2115 2224 ι
2143 2171 2200 2227 lu
2249 2172 2443 2229 diebus
2501 2171 2700 2239 David;
2736 2174 2797 2227 In
2828 2172 3023 2229 diebus
3063 2169 3387 2242 Jeroboam;
3420 2193 3438 2228 3
3474 2175 3664 2232 eodem

2089 2278 2318 2334 prorsus
2389 2263 2553 2318 modo
2597 2265 2717 2321 dies
2766 2264 3073 2322 Servatoris
3131 2268 3305 2322 nostri
3361 2268 3665 2337 excipiendi

2091 2363 2236 2409 sunt.
2293 2353 2397 2411 Sed
2432 2355 2511 2410 illi
2541 2356 2762 2427 quidem
2786 2371 2911 2417 cum
2944 2357 3011 2411 ad
3042 2359 3206 2413 breve
3238 2365 3453 2427 tempus
3476 2373 3668 2429 super-

2089 2446 2247 2501 stites
2270 2446 2527 2512 fuissent,
2559 2447 2710 2502 brevi
2753 2448 3010 2508 exstincti
3047 2457 3198 2514 sunt,
3246 2464 3418 2519 quare
3450 2450 3567 2506 dies
3598 2450 3665 2504 il-

2087 2536 2265 2591 lorum
2294 2536 2634 2596 defecerunt.
2671 2539 2797 2596 Dies
2826 2556 2957 2596 vero
2989 2539 3295 2598 Servatoris
3323 2543 3498 2599 nostri
3530 2552 3665 2614 quot

2088 2630 2220 2695 sint,
2257 2645 2422 2702 supra
2448 2631 2785 2688 declaratum
2821 2633 2908 2689 bis
2929 2632 3111 2688 verbis
3143 2641 3228 2688 est
3258 2652 3271 2687 :
3311 2651 3329 2685 ι
3370 2632 3663 2690 Permane-

2086 2720 2169 2775 bit
2200 2737 2324 2777 cum
2357 2724 2472 2779 sole
2506 2732 2563 2779 et
2602 2733 2728 2780 ante
2769 2725 2977 2791 lunam,
3008 2725 3065 2779 in
3098 2725 3477 2796 generationes
3500 2741 3665 2796 gene-

2085 2814 2380 2881 rationum.
2418 2834 2437 2869 3
2504 2815 2918 2888 Consequenter
2947 2817 3013 2872 ad
3040 2818 3155 2873 haec
3184 2819 3348 2874 verba
3376 2819 3664 2890 discipulis

2088 2906 2203 2961 suis
2248 2906 2363 2961 haec
2389 2908 2664 2977 pollicitus
2705 2917 2825 2965 est:
2864 2928 2882 2960 ι
2918 2908 3061 2966 Ecce
3087 2925 3186 2981 ego
3222 2912 3504 2967 vobiscum
3540 2929 3661 2967 sum

2088 3011 2264 3068 usque
2309 2997 2377 3053 ad
2428 3000 2954 3054 consummationem
3006 3000 3302 3067 saeculi";
3336 3018 3356 3052 3
3410 3000 3485 3055 ita
3512 3002 3662 3055 enim

2087 3106 2211 3145 cum
2241 3091 2356 3146 sole
2381 3107 2775 3177 pe‘rmansurus
2802 3100 2940 3147 erat.
2970 3089 3157 3164 Itaque
3176 3092 3231 3146 in
3251 3092 3443 3147 diebus
3465 3094 3659 3163 ipsius.

408 3182 640 3254 ἡμέραις
672 3182 858 3247 αὐτοῦ,
899 3182 1020 3236 καθ’
1049 3181 1114 3246 ἀς
1142 3180 1567 3253 συμπαραμενεῖ
1595 3179 1673 3252 τῷ
1699 3179 1855 3252 ἡλίῳ,
1890 3181 1985 3233 καὶ

2089 3184 2242 3253 queis
2287 3199 2411 3238 cum
2463 3183 2578 3239 sole
2628 3183 3002 3254 permanebit,
3056 3190 3111 3239 et
3164 3183 3326 3238 simili
3374 3198 3483 3254 quo
3532 3184 3660 3238 luna

406 3275 605 3343 ὁμοίως
629 3273 824 3347 σελήνῃ
847 3273 945 3338 τὰς
972 3274 1079 3327 τῶν
1110 3275 1167 3327 ὲν
1190 3273 1367 3343 σκότῳ
1390 3274 1616 3342 φωτίσει
1644 3271 1840 3343 ψυχὰς,
1867 3272 1989 3325 ἀνα-

406 3364 609 3436 λάμψει
641 3366 733 3419 ἐπὶ
770 3366 949 3437 πάσης
982 3364 1081 3436 τῆς
1121 3365 1223 3436 γῆς
1268 3364 1673 3437 δικαιοσύνη-ἡ
1716 3362 1873 3419 κατὰ.
1894 3362 1986 3416 τὸν

421 3457 669 3523 Ἀκύλαν,
709 3475 729 3511 ι
761 3458 994 3521 δίκαιος·
1039 3477 1058 3510 3
1091 3457 1274 3511 οὐκέτι
1306 3457 1456 3529 παρά
1496 3457 1768 3521 Ἰουδαίοις
1803 3459 1987 3529 μόνοις

409 3549 524 3613 ἑνός
564 3567 665 3603 που
709 3551 805 3604 καὶ
832 3550 1084 3623 δευτέρου
1128 3549 1527 3620 ὀνομαζομένου
1580 3550 1812 3612 δικαίου,
1863 3548 1984 3602 καθ’

404 3640 534 3712 ελης
556 3639 611 3694 δὲ
632 3641 732 3712 τῆς
761 3642 1085 3713 οίκουμένης
1120 3641 1325 3713 μυρίων
1350 3643 1408 3694 ὲν
1433 3639 1652 3711 Χριστῷ
1676 3640 1986 3711 δικαιουμέ-

407 3750 533 3788 νων.
574 3734 646 3788 Τὸ
670 3735 726 3789 δὲ
755 3735 958 3805 πλῆθος
985 3736 1091 3789 τῶν
1124 3734 1346 3788 δικαίων
1370 3735 1481 3789 τῶν
1515 3735 1571 3787 ὲν
1601 3736 1721 3797 ταῖς
1749 3733 1986 3806 ἡμέραις

405 3827 499 3880 τοῦ
524 3827 777 3899 Σωτῆρος
816 3827 1117 3883 ἀνθούντων
1152 3829 1246 3882 καὶ
1275 3829 1450 3899 φωτὸς
1488 3828 1643 3899 δίκην
1669 3825 1983 3880 ἀνατελλόν-

405 3935 513 3971 των
535 3918 737 3989 ὁμοίως
756 3919 833 3990 τῷ
858 3920 1063 3975 ἑαυτῶν
1086 3922 1329 3993 φωστῆρι
1358 3922 1571 3991 νοήσεις
1596 3919 1711 3973 ἀπὸ
1730 3919 1828 3973 τοῦ
1860 3920 1987 3990 πλή-

408 4009 534 4075 θους
560 4011 669 4066 τῶν
716 4012 1026 4084 ἁπανταχοῦ
1063 4014 1166 4084 γῆς
1207 4012 1501 4087 μαρτύρων
1544 4010 1706 4066 αὑτοῦ
1739 4010 1834 4065 καὶ
1878 4011 1985 4064 τῶν

408 4101 550 4156 κατά
574 4101 671 4175 τὴν
707 4102 1032 4175 Ἐκκλησίαν
1058 4104 1223 4158 αὑτοῦ
1251 4104 1343 4157 τὸν
1383 4101 1671 4172 ἀγγελικδν
1699 4102 1757 4155 ὲν
1784 4119 1984 4156 παντε-

408 4190 491 4245 λεῖ
517 4192 706 4264 ἁγνείᾳ
744 4192 1150 4264 κατορθούντων
1186 4192 1320 4263 βίον.
1350 4193 1412 4246 Εί
1452 4192 1509 4245 δὲ
1552 4191 1647 4244 καὶ
1675 4189 1982 4261 δικαιοσύνη

408 4283 468 4337 έν
496 4286 617 4349 ταῖς
640 4283 873 4357 ἡμέραις
898 4283 1064 4337 αὐτοῦ
1096 4283 1353 4356 άνθήσειν
1392 4282 1662 4345 λέλεκται,
1696 4282 1790 4335 καὶ
1829 4280 1985 4335 τοῦτο

406 4375 555 4438 ὅπως
581 4374 647 4430 δι’
682 4374 857 4447 ἔργων
902 4374 1203 4447 πληροῦται
1240 4374 1354 4427 ἔστι
1402 4372 1742 4446 καταμαθεῖν
1781 4372 1846 4425 ὲκ
1889 4370 1982 4424 τοῦ

411 4467 487 4541 μὴ
518 4467 802 4531 Ἰουδαίους
842 4466 1054 4539 μόνους,
1089 4465 1225 4521 ἀλλὰ
1271 4465 1365 4519 καὶ
1394 4466 1503 4518 πᾶν
1530 4463 1681 4528 ἔθνος
1704 4460 1983 4516 καλεῖσθαι

408 4560 502 4617 ἐπὶ
526 4560 626 4632 τὴν
659 4559 838 4614 ένθεον
871 4560 1072 4624 πίστιν,
1107 4559 1324 4622 δούλους
1353 4574 1413 4611 τε
1440 4557 1499 4625 ἐξ
1528 4556 1643 4610 ἴσου
1676 4558 1788 4619 τοῖς
1831 4554 1981 4609 ἐλευ-

2088 3274 2285 3338 modo,
2337 3273 2551 3328 animas
2581 3272 2635 3327 in
2664 3272 2904 3328 tenebris
2941 3274 3150 3342 positas
3180 3272 3507 3328 illuminabit
3526 3311 3540 3337 ,
3569 3272 3663 3341 ju-

2085 3365 2233 3421 stitia
2302 3365 2504 3421 lucebit
2557 3365 2613 3419 in
2661 3364 2915 3418 universa
2964 3372 3141 3432 terra;
3192 3365 3307 3420 sive
3356 3364 3657 3420 secundum

2083 3457 2358 3531 Aquilam,
2399 3475 2418 3508 ι
2444 3457 2649 3527 justus.
2683 3475 2702 3508 3
2741 3454 2850 3510 Nec
2884 3457 3028 3510 ultra
3076 3456 3221 3527 apud
3261 3454 3481 3511 Judaeos
3536 3463 3660 3510 tan-

2086 3561 2199 3605 tum
2240 3563 2384 3605 unus
2422 3554 2527 3603 aut
2574 3546 2713 3601 alter
2741 3546 2926 3615 justus
2978 3545 3385 3611 nominabitur;
3420 3544 3515 3601 sed
3563 3562 3662 3617 per

2084 3650 2255 3697 totum
2329 3641 2515 3696 orbem
2566 3636 2766 3694 inﬁniti
2817 3637 2873 3693 ln
2912 3634 3133 3693 Christo
3193 3635 3660 3708 justiﬁcabuntur.

2086 3732 2484 3788 Multitudinem
2532 3737 2714 3785 autem
2758 3728 3055 3799 justorum,
3092 3726 3186 3798 qui
3233 3727 3287 3780 iu
3314 3727 3507 3791 diebus
3538 3725 3663 3782 Ser-

2083 3824 2289 3879 vatoris
2309 3823 2479 3878 nostri
2502 3820 2820 3882 ﬂoruerunt,
2846 3826 2899 3874 et
2926 3818 3017 3888 qui
3050 3817 3273 3873 luminis
3304 3816 3492 3881 instar,
3522 3833 3653 3885 per-

2085 3915 2211 3970 inde
2252 3922 2417 3983 atque
2462 3913 2705 3982 ipsorum
2738 3909 3025 3973 luminare,
3061 3907 3235 3962 exorti
3267 3913 3416 3967 sunt,
3451 3906 3653 3961 intelli-

2085 4021 2178 4077 ges
2208 4021 2275 4062 ex
2302 4003 2651 4060 multitudine
2704 4009 3002 4071 martyrum
3049 4000 3168 4069 ejus
3211 4013 3309 4069 per
3342 3998 3654 4055 universam

2085 4105 2308 4160 terram,
2358 4108 2656 4164 eorumque
2702 4092 2880 4163 quiin
2914 4089 3155 4145 Ecclesia
3191 4093 3311 4156 ejus
3357 4089 3656 4160 angelicam

2084 4188 2250 4242 vitam
2267 4201 2392 4241 cum
2414 4185 2563 4239 omni
2591 4185 2844 4240 castitate
2870 4182 3163 4237 duxerunt.
3198 4179 3352 4247 Quod
3378 4180 3425 4234 si
3452 4180 3656 4234 dictum

2084 4287 2189 4340 est,
2226 4278 2469 4333 futurum
2514 4290 2637 4331 esse
2670 4284 2727 4328 ut
2752 4273 2966 4342 justitia
3013 4272 3068 4327 in
3114 4270 3463 4345 diebus-ejus
3496 4270 3660 4326 cl'llo-

2083 4376 2263 4424 rescat
2280 4386 2295 4435 ;
2312 4376 2367 4425 et
2394 4372 2498 4422 hoc
2522 4380 2633 4437 quo
2665 4372 2826 4435 pacto
2851 4364 3064 4419 eveniat
3096 4363 3225 4418 hinc
3254 4364 3489 4426 edisces,
3510 4362 3656 4432 quod

2084 4474 2193 4513 non
2228 4466 2437 4513 tantum
2470 4456 2666 4520 Judmi,
2696 4454 2789 4511 sed
2819 4454 2985 4510 etiam
3023 4469 3214 4509 omnes
3245 4462 3436 4525 gentes
3468 4453 3535 4512 ad
3564 4452 3656 4506 di-

2084 4550 2268 4605 vinam
2310 4548 2469 4602 ﬁdem
2495 4552 2701 4601 vocata:
2725 4546 2856 4607 sint,
2896 4559 2959 4599 ac
3004 4544 3144 4599 servi
3172 4545 3377 4614 pariter
3402 4550 3458 4599 et
3497 4542 3654 4598 limri

409 4622 593 4725 Θέροις
608 4652 897 4719 θεοσεὸεἰν,
926 4653 1019 4708 καὶ
1049 4622 1284 4724 πένητας
1317 4622 1518 4723 ὁμοίως
1547 4654 1660 4713 τοῖς
1687 4648 1978 4712 πλουσίοις,

2089 4644 2255 4699 Deum
2286 4640 2491 4702 colant,
2522 4650 2788 4708 pauperes
2821 4635 3045 4706 perinde
3069 4643 3231 4705 atque
3263 4634 3483 4698 divites,
3505 4631 3660 4704 pri-a-

408 4743 673 4815 ἄρχοντάς
700 4761 760 4797 τε
800 4744 898 4798 σὺν
921 4742 1245 4816 ἀρχομένοις
1276 4744 1371 4795 σὺν
1409 4740 1574 4812 πολλῇ
1601 4737 1736 4794 Θεοῦ
1781 4736 1983 4791 δικαιο-

411 4836 565 4909 σύνῃ.
593 4837 782 4900 ὀπως
813 4838 870 4890 δὲ
897 4836 1099 4907 πλῆθος
1143 4837 1364 4908 είρὴνης
1390 4832 1755 4888 ἀνατέταλκεν
1780 4832 1840 4884 έν
1864 4832 1982 4895 ταῖς

408 4928 760 5000 δηλωθείσαις
807 4928 901 4982 τοῦ
956 4929 1203 5000 Σωτῆρος
1254 4926 1410 4999 ἡμῶν
1470 4924 1739 4997 ἡμέραις,
1794 4924 1981 4992 νοῆσαι

410 5019 556 5073 εστιν
588 5021 956 5091 ἐπιστήσαντα
977 5023 1043 5092 τῇ
1076 5019 1406 5073 καταστάσει
1429 5016 1537 5070 τῶν
1568 5014 1672 5087 πρὸ
1688 5015 1789 5085 τῆς
1813 5012 1978 5068 αὐτοῦ

411 5113 713 5182 παρουσίας
739 5113 1098 5183 πραγμάτων.
1133 5111 1272 5167 Καθ’
1296 5112 1364 5183 ἢν
1399 5110 1461 5164 τὸ
1491 5108 1711 5180 σύμπαν
1747 5104 1859 5160 τῶν
1895 5106 1984 5159 ἀν-

412 5204 643 5276 θρώπων
700 5204 855 5274 γένος
902 5203 1123 5277 διῄρητο
1166 5201 1628 5272 ἀτωτετμημένων
1681 5197 1870 5268 ὥσπερ
1922 5196 1983 5262 ἐξ

412 5297 529 5361 ἐνὸς
577 5296 825 5369 σώματος
868 5296 947 5357 είς
982 5293 1150 5365 μυρία
1192 5290 1562 5363 διεσπαρμένα
1605 5287 1762 5359 μέλη,
1808 5284 1983 5340 ἄλλων

412 5387 585 5450 ἄλλως
622 5386 791 5440 ἐθνῶν
840 5385 1005 5439 πάλαι
1054 5382 1313 5454 πρότερον
1358 5377 1771 5451 ἀφωρισμένων,
1825 5375 1984 5429 πολε-

418 5478 657 5550 μούντων
687 5495 745 5531 τε
779 5476 1023 5548 ἀλλήλοις
1049 5477 1144 5529 καὶ
1167 5471 1601 5544 πολεμουμένων
1632 5468 1725 5523 καὶ
1748 5466 1856 5520 τῶν
1882 5466 1981 5537 μὲν

411 5570 871 5642 τυραννουμένων,
906 5566 1014 5621 τῶν
1045 5565 1101 5619 δὲ
1128 5561 1669 5636 δημοκρατουμένων,
1694 5558 1894 5630 ἑτέρων
1923 5557 1982 5611 δὲ

414 5661 905 5735 ὀλιγαρχουμένων·
942 5658 1228 5731 τοπάρχων
1251 5659 1369 5711 κατ’
1394 5654 1544 5718 ἔθνος
1586 5652 1681 5707 καὶ
1707 5649 1982 5722 τυράννων

486 5821 529 5853 ’³
559 5817 745 5885 Matth.
790 5833 980 5881 xxvxu,
1009 5816 1097 5872 20.

2086 4737 2236 4806 cipes
2266 4747 2390 4788 cum
2414 4730 2673 4792 subditis,
2703 4743 2827 4782 cum
2851 4728 3022 4781 multa
3056 4724 3150 4780 Dei
3190 4725 3400 4795 justitia
3428 4723 3552 4797 [pie
3575 4726 3660 4780 vi-

2088 4826 2272 4897 vaut].
2325 4822 2444 4889 Quo
2473 4829 2634 4891 pacto
2667 4827 2847 4873 autem
2892 4816 3227 4872 abundantia
3258 4816 3408 4885 pacis
3448 4815 3506 4870 in
3548 4830 3658 4870 ute-

2089 4916 2314 4973 moratis
2343 4911 2644 4967 Salvatoris
2675 4908 2849 4965 nostri
2871 4908 3062 4963 diebus
3090 4914 3211 4961 orta
3239 4907 3333 4970 sit,
3361 4907 3531 4977 probe
3558 4908 3671 4961 in—.

2084 5009 2347 5078 telligitur
2386 5020 2453 5061 ex
2504 5017 2688 5057 rerum
2738 5008 2865 5055 ante
2914 5000 3151 5071 primum
3202 4999 3323 5069 ejus
3363 4998 3655 5053 adventum

2083 5097 2415 5159 conditione.
2470 5093 2590 5160 Quo
2639 5101 2881 5161 tempore
2927 5099 3101 5146 totum
3152 5091 3448 5145 humanum
3482 5105 3658 5161 genus

2084 5207 2186 5247 ceu
2216 5204 2284 5244 ex
2317 5201 2427 5242 uno
2468 5198 2700 5255 corpore
2747 5182 2802 5237 in
2838 5182 3046 5237 inﬁnita
3070 5181 3311 5237 membra
3360 5180 3488 5234 hinc
3527 5178 3658 5234 inde

2086 5282 2330 5352 dispersa
2357 5279 2759 5334 divisumrerat.
2823 5272 2958 5328 Nam
2985 5281 3178 5344 gentes
3208 5273 3326 5327 aliae
3351 5271 3460 5325 alio
3492 5270 3658 5325 modo
3702 5323 3706 5326 .

2086 5387 2118 5427 a
2139 5371 2336 5442 priscis
2359 5368 2473 5438 jam
2502 5365 2838 5435 temporibus
2858 5363 3046 5418 divisa:
3069 5362 3313 5425 fuerant;
3346 5360 3655 5428 bellumque

2087 5464 2229 5519 inter
2255 5475 2314 5516 se
2342 5458 2601 5531 gerebant
2621 5496 2636 5522 ,
2687 5456 2755 5510 ab
2800 5455 3031 5525 aliisque
3062 5451 3521 5522 impugnabantur
3555 5465 3568 5501 :
3601 5454 3659 5500 et

2088 5552 2180 5607 alii
2204 5551 2420 5623 quidem
2452 5548 2698 5621 tyrannis
2724 5546 2929 5602 subditi
2957 5552 3134 5607 erant,
3181 5541 3271 5595 alii
3295 5536 3654 5600 democratia,

2088 5646 2179 5701 alii
2214 5658 2512 5716 paucorum
2562 5641 2844 5698 dominatu
2878 5638 3249 5710 regebantur,
3300 5631 3575 5706 toparcba:
3598 5637 3667 5711 et
