4086 6442
472 391 582 452 805
1147 377 1418 436 EUSEBII
1453 368 1938 432 CESARIENSIS
1973 367 2123 423 OPP.
2169 361 2356 420 PARS
2391 360 2482 416 lli.
2521 388 2588 402 —
2615 356 3024 412 EXEGETICA.
3731 347 3838 400 804

473 507 694 578 tyranni
735 504 872 559 varii
917 501 1205 573 imperium
1241 498 1596 562 obtinebant;
1628 501 1689 548 ut
1719 491 1916 547 vicinis
1943 505 2053 544 non
2083 541 2086 549 ,

2232 485 2520 540 ατούντωνο
2547 481 2622 544 ὡς
2647 480 2855 550 ἄμικτα
2888 473 3026 531 εἶναι
3051 475 3144 529 καὶ
3173 474 3378 529 άὸατοι
3422 471 3566 531 τοῖς
3603 467 3841 536 πλήσια»

472 597 708 652 t’acultas
735 599 880 650 esset
900 594 967 648 ad
996 592 1255 646 finitimas
1275 589 1526 658 regiones
1549 583 1913 645 commeandi,
1928 580 2055 652 quia

2228 594 2358 650 ιροις
2401 575 2473 628 τά
2521 573 2624 642 τῆς
2671 571 2779 624 τῶν
2817 569 3072 639 γειτόνων
3101 566 3330 638 χώρας⁹
3400 562 3734 632 τωλέμους
3779 575 3841 614 τι

475 691 626 745 nulla
655 695 800 744 esset
831 687 1091 748 societas,
1118 652 1371 751 bellaque
1402 676 1754 750 inexpiabilia
1786 683 1841 730 et
1866 673 2053 743 impla-

2230 671 2460 732 ’πόνδους
2483 668 2574 720 καὶ
2602 664 2802 736 ἔχθρας
2822 660 3263 723 ἀκαταλλάκτως
3291 660 3380 710 ὲκ
3419 652 3682 726 μακροῦ
3708 652 3843 706 αἰῶ-

474 784 682 838 cabiles
728 781 1032 836 inimicitiae
1075 745 1298 848 jamdiu.
1319 790 1496 846 usque
1520 745 1588 827 ad
1613 768 1925 826 Servatoris
1960 781 2061 820 no-

2225 783 2251 829 ;
2281 763 2440 834 μέχρι
2471 759 2566 813 τοῦ
2601 757 2856 828 Σωτῆρος
2897 754 3052 826 ήμῶν
3093 750 3480 806 συνεστάναι.
3537 745 3648 810 Ἐξ
3689 747 3838 799 ὲκεί-

475 876 580 931 stri
629 885 844 945 tempus
896 839 1280 944 perdurarent.
1460 881 1571 936 quo
1616 871 1795 917 autem
1830 856 2061 914 sublatis

2226 869 2256 904 υ
2281 851 2338 904 δὲ
2366 849 2551 920 πάσης
2578 844 2912 916 πολυαρχίας
2941 841 3181 895 ἐκποδὼν
3221 839 3571 912 ἀρθείσης,
3619 852 3839 907 μοναρ-

476 925 580 931 _--_
633 925 839 945 ---__,__
898 925 957 944 Γ
1005 925 1027 927 ν
1479 925 1494 936 _

475 967 704 1038 regulis,
739 963 1058 1020 tnonarchia
1089 960 1344 1032 gentibus
1373 957 1560 1012 multis
1593 951 1902 1023 imperavit,
1936 962 2063 1002 vere

2225 960 2257 995 a
2282 940 2390 994 τῶν
2412 939 2678 992 πλείστων
2707 934 2874 988 ἐθνῶν
2900 932 3300 1004 ὲπικεκράτηκε
3331 947 3350 959 ·
3394 925 3638 996 γέγονέ
3671 942 3737 978 τε
3763 925 3838 987 ὠς

2281 1035 2339 1038 -.Α
2473 1031 2567 1038 --Α
2717 1030 2730 1038 ι
2785 1029 2796 1038 ι
3179 1024 3190 1038 Ι
3413 1020 3433 1038 ε
3523 1016 3836 1038 1i__,4El_,,

479 1016 704 1038 --υ-η-.
947 1016 958 1018 -
1090 1016 1121 1032 υ
1671 1016 1688 1023 _

479 1059 584 1114 fuit
613 1056 947 1114 abundantia
986 1054 1160 1126 pacis,
1178 1058 1232 1107 et
1255 1047 1646 1106 commercium
1681 1043 2062 1097 universarum

2224 1035 2381 1107 ιηθῶς
2431 1031 2635 1103 πλῆθος
2685 1029 2927 1099 εἰρήνης,
2975 1024 3260 1079 κοινωνίαν
3317 1020 3446 1076 καὶ
3520 1016 3837 1088 ἐπιμιξίαν

481 1150 758 1222 gentium;
812 1147 888 1201 ita
935 1117 1002 1200 ut
1047 1159 1212 1214 opere
1261 1139 1650 1209 comprobetur
1683 1134 1785 1188 hoc
1816 1131 2066 1186 testimo-

2224 1127 2522 1202 τησαμένων
2553 1121 2924 1179 ἁπάντωντῶν
2954 1118 3120 1174 ἐθνῶν
3137 1136 3152 1149 ⁸
3173 1119 3250 1182 ὡς
3278 1117 3463 1190 ἔργῳ
3501 1117 3837 1185 μαρτυρεῖ·

483 1243 638 1297 nium
665 1240 770 1296 soli
799 1237 1079 1293 Servatori
1131 1243 1325 1289 nostro
1344 1229 1655 1286 convenire.
1708 1223 1860 1278 lianc
1884 1229 2065 1276 autem

2223 1225 2293 1276 lat
2316 1221 2414 1292 τὴν
2447 1221 2504 1273 ἐν
2533 1217 2688 1291 χερσὶ
2733 1213 3037 1287 μαρτυρίαν
3071 1211 3214 1282 μόνῳ
3242 1209 3318 1281 τῷ
3367 1207 3644 1278 Σωτῆρι
3670 1203 3836 1275 ἡμῶν

484 1330 873 1388 abundantiam
893 1327 1040 1398 pacis
1065 1335 1481 1395 permansuram
1512 1318 1588 1371 ait
1613 1314 1818 1369 «donec
1849 1309 2066 1366 aufera-

2220 1311 2634 1384 ραρμόττουσαν.
2661 1307 2832 1360 Τοῦτο
2868 1305 2926 1358 δὲ
2955 1303 3017 1357 τὸ
3050 1301 3252 1374 πλῆθος
3279 1302 3394 1371 τῆς
3431 1299 3704 1370 εἰρήνης
3729 1314 3833 1349 πα-

484 1433 576 1480 tur
592 1389 1209 1487 luuapsive-secundum
1234 1412 1506 1483 Aquilam,
1527 1419 1844 1476 «usquequo
1873 1403 2062 1467 lunap

2215 1405 2428 1476 πιμένειν
2472 1400 2634 1472 φησὶν
2674 1417 2692 1449 ι
2731 1397 2837 1461 ἓως
2879 1389 2941 1450 οῦ
2984 1393 3348 1465 ἀνταναιρεθῇ
3395 1394 3440 1463 ἡ
3508 1389 3767 1461 σελήνη·
3809 1408 3828 1440 ι

485 1518 594 1581 vel,
647 1511 952 1570 secundum
995 1504 1411 1578 Symmachum,
1469 1520 1488 1552 ι
1534 1499 1709 1553 donec
1754 1495 2072 1564 antiquetur

2241 1492 2382 1547 κατὰ
2411 1491 2500 1545 τὸν
2535 1487 2785 1550 ’Δκύλαν,
2825 1506 2843 1537 ι
2879 1485 2984 1550 ἕως
3023 1478 3083 1539 οὗ
3125 1485 3158 1554 ή
3211 1482 3429 1554 σελήνη
3453 1497 3471 1511 ⁸
3528 1499 3554 1532 ι
3589 1479 3628 1552 ἢ
3683 1477 3829 1532 κατά

487 1609 641 1664 luna.
676 1623 696 1656 ι
732 1599 1090 1668 Quandonam
1123 1593 1498 1664 antiquabitur
1523 1587 1690 1643 luna?
1721 1589 1781 1639 In
1816 1596 2072 1638 consum-

2217 1596 2259 1636 ιν
2290 1580 2599 1652 Σύμμαχον,
2626 1598 2642 1628 ι
2667 1578 2771 1641 ἕως
2796 1573 3148 1640 παλαιώσεως
3170 1574 3268 1644 τῆς
3293 1573 3597 1644 σελήνης.
3637 1589 3659 1620 ι
3685 1570 3830 1624 Πότε

488 1699 731 1754 matione
779 1692 982 1756 saeculi,
1029 1703 1137 1760 qua
1188 1661 1304 1742 haec
1355 1682 1638 1756 prophetia
1684 1677 2002 1750 implebitur
2054 1689 2069 1726 :

2212 1677 2235 1730 ι
2283 1673 2610 1730 παλαιοῦται
2660 1669 2892 1742 σελήνη;
2946 1667 3106 1722 Κατὰ
3154 1667 3252 1739 τὴν
3305 1665 3684 1720 συντέλειαν
3727 1661 3825 1717 τοῦ

495 1810 516 1842 ι
549 1788 642 1844 Sol
679 1795 733 1842 et
761 1786 889 1840 luna
915 1779 1364 1838 obscurabuntur
1392 1776 1500 1841 3°;t
1541 1787 1605 1827 ac
1636 1783 1878 1832 rursum,
1912 1787 1930 1819 ι
1954 1764 2073 1822 Non

2214 1769 2386 1833 ίῶνος,
2416 1767 2536 1822 καθ’
2569 1767 2635 1837 ἣν
2687 1763 3104 1835 πληρωθήσεται
3140 1763 3172 1832 ή
3203 1761 3524 1830 φάσκουσα
3588 1775 3823 1829 προφη-

492 1875 598 1930 erit
629 1873 730 1929 tibi
761 1872 844 1928 scl
869 1870 926 1924 in
949 1869 1125 1923 lucem
1154 1866 1284 1929 diei,
1303 1879 1478 1934 neque
1508 1863 1636 1916 luna
1668 1856 1998 1913 illuminabit
2021 1863 2074 1910 te

2209 1863 2325 1917 είαο
2366 1879 2385 1912 ι
2427 1861 2484 1912 '0
2520 1857 2669 1929 ἥλιος
2711 1856 2806 1910 καὶ
2831 1857 2864 1926 ή
2894 1855 3090 1926 σελήνη
3138 1853 3576 1907 συσκοτάσουσι
3603 1868 3624 1882 ·
3663 1869 3690 1903 ι
3727 1850 3822 1902 καὶ

493 1977 658 2022 noctu
681 1965 748 2020 ³¹.
781 1983 802 2016 ι
839 1961 1028 2032 Itaque
1051 1955 1510 2030 quemadmodum
1542 1951 1798 2022 superius
1829 1963 1952 2004 eum
1979 1945 2074 2017 qui

2206 1954 2336 2009 πάλιν
2357 1971 2369 1984 ·
2401 1971 2418 2003 ι
2449 1949 2565 2006 Οὐκ
2593 1949 2742 2002 ἔσται
2769 1965 2850 2001 σοι
2879 1949 2908 2001 ὁ
2933 1947 3175 2018 ἤλιοςείς
3195 1946 3308 2015 φῶς
3335 1945 3613 2018 ἡμέρας.
3639 1943 3819 2014 οὺόὲή

494 2059 553 2112 in
580 2055 838 2112 vaticinio
869 2051 1064 2116 fertur,
1091 2065 1215 2104 cum
1248 2047 1364 2102 sole
1392 2056 1810 2115 permansurum
1838 2037 2077 2092 declara-

2207 2042 2375 2114 ἐλήνη
2392 2042 2671 2111 φωτιεῖσοι
2695 2037 2792 2109 τὴν
2807 2037 2996 2090 νύκτα.
3021 2057 3038 2090 ι
3060 2036 3266 2092 Οὐκοῦν
3290 2036 3458 2090 ὥσπε
3465 2054 3506 2108 ρ
3531 2034 3820 2107 ἀνωτέρω

495 2149 624 2213 bat;
669 2147 749 2201 sic
785 2146 897 2214 jam
947 2139 1337 2196 abundantiam
1371 2134 1524 2206 pacis
1552 2132 1624 2187 ab
1663 2147 1728 2186 eo
1760 2128 2076 2184 hominibus

2200 2132 2623 2206 τυμπαραμένειν
2648 2131 2724 2202 τῷ
2755 2128 2889 2202 ήλίῳ
2912 2129 3000 2181 τὸν
3044 2129 3552 2200 προφητευόμενον
3585 2127 3813 2198 ἐδήλου,

496 2235 876 2308 procurandae,
910 2246 1087 2302 usque
1115 2228 1184 2282 ad
1205 2223 1733 2282 consummationem
1756 2220 2076 2274 duraturam

2203 2227 2348 2292 ιῦτως
2370 2227 2463 2282 καὶ
2490 2224 2722 2279 ἐνταῦθα
2750 2224 2810 2276 τὸ
2836 2223 3038 2294 πλῆθος
3069 2222 3167 2292 τῆς
3190 2221 3279 2274 ὑπ’
3302 2221 3486 2276 αὑτοῦ
3522 2219 3816 2292 προξενή-

499 2345 622 2384 esse
644 2327 974 2382 vaticinatur
1001 2340 1015 2376 :
1048 2319 1195 2391 quod
1235 2319 1444 2373 scilicet
1478 2315 1662 2386 quiete
1691 2327 1756 2366 ac
1786 2311 1904 2366 sine
1936 2316 2079 2363 stre-

2197 2321 2481 2392 Ιησομένης
2512 2317 2818 2387 ἀνθρώποις
2847 2317 3070 2387 εἰρήνης
3105 2315 3266 2387 μέχρι
3312 2316 3414 2386 τῆς
3457 2313 3810 2376 συντελείας

500 2423 616 2493 pitu
649 2421 706 2474 in
737 2417 1018 2474 Judaicam
1069 2421 1283 2485 gentem
1325 2416 1553 2464 ventura
1581 2406 1688 2469 sit,
1719 2412 1774 2460 et
1799 2403 1945 2473 quod
1982 2403 2081 2457 im-

2195 2412 2480 2483 itapxéastv
2526 2407 2790 2472 θεσπίζει.
2839 2407 3028 2472 Ὅπως
3077 2408 3174 2479 μὲν
3237 2403 3331 2460 οὗν
3388 2404 3808 2476 καταϐήσεται

502 2514 715 2584 pletura
751 2508 825 2565 sit
857 2516 1033 2562 totum
1083 2505 1272 2560 orbem
1320 2503 1495 2556 instar
1529 2496 1932 2555 stillicidiorum
1965 2494 2078 2549 stil-

2194 2503 2361 2574 ἠρέμα
2392 2501 2488 2555 καὶ
2521 2499 2758 2570 ἀψοφητὶ
2808 2497 2901 2551 ἐπὶ
2933 2497 2992 2551 τὸ
3029 2497 3296 2553 Ἰουδαίων
3335 2497 3529 2562 ἔθνος,
3591 2495 3699 2550 atat
3727 2493 3807 2558 ὡς

503 2603 732 2660 lantium
781 2615 946 2670 super
985 2606 1210 2653 terram.
1269 2593 1424 2660 Quod
1463 2594 1589 2647 item
1641 2589 1885 2643 futurum
1915 2587 1987 2642 sit
2021 2594 2080 2640 ut

2190 2593 2457 2668 πληρώσει
2486 2593 2587 2664 τὴν
2621 2591 2912 2663 σύμπασαν
2942 2590 3264 2662 οίκουμένην
3293 2589 3457 2661 δίκην
3497 2588 3803 2658 σταγόνων

499 2696 713 2768 justitia
743 2693 954 2748 oriatur
979 2692 1034 2745 in
1058 2689 1252 2745 diebus
1272 2687 1394 2755 ejus
1420 2694 1582 2754 atque
1615 2680 1953 2737 abundantia
1983 2693 2076 2750 pa-

2187 2683 2490 2749 σταζουσῶν
2521 2683 2612 2736 ἐπὶ
2634 2681 2734 2752 τῆς
2774 2681 2897 2752 γῆς,
2932 2683 3026 2735 καὶ
3055 2680 3130 2745 ὡς
3163 2681 3488 2751 δικαιοσύνη
3527 2678 3800 2734 ἀνατελεῖ

504 2789 613 2855 cis,
639 2787 752 2856 jam
783 2783 1038 2854 superius
1067 2783 1557 2835 commonstratum
1586 2782 1694 2829 est.
1984 2825 2002 2851 ο

2185 2777 2235 2828 ὲν
2261 2779 2380 2839 ταῖς
2410 2774 2644 2846 ήμέραις
2664 2772 2830 2827 αὐτοῦ
2860 2772 2952 2826 καὶ
2978 2770 3178 2854 πλῆθος
3201 2772 3444 2842 εἰρήνης,
3471 2769 3798 2842 δεδήλωται

2177 2865 2266 2920 διά
2297 2865 2404 2919 τῶν
2426 2865 2748 2937 εἰρημένων.

579 2988 694 3044 Sub
717 2988 832 3042 haec
853 2985 1032 3050 docet,
1054 2998 1163 3038 non
1193 2981 1429 3053 quodam
1454 2979 1654 3051 angulo
1669 2985 1828 3032 terra:
1842 2977 2080 3032 ciretxn-

2263 2979 2421 3052 Ἐξῆς
2445 2979 2500 3033 δὲ
2535 2979 2794 3044 διδάσκει,
2829 2977 2911 3031 ὅτι
2947 2976 3020 3049 μὴ
3059 2978 3116 3031 ἐν
3149 2977 3319 3050 γωνίᾳ
3353 2977 3460 3048 γῆς
3507 2992 3794 3048 περιγρα-

509 3080 861 3140 scribendum
907 3077 1246 3134 dominatum
1291 3074 1411 3144 ejus
1451 3088 1605 3137 esse;
1639 3076 1734 3126 sed
1777 3071 2080 3124 dominatu-

2180 3073 2412 3144 φήσεται
2445 3071 2610 3124 αὑτοῦ
2637 3071 2670 3141 ή
2701 3069 3009 3123 δεσποτεία⁶
3055 3068 3331 3140 κυριεύσει
3369 3069 3426 3122 δὲ
3454 3068 3580 3121 τῶν
3616 3066 3787 3120 ἐθνῶν

507 3189 630 3229 rum
663 3173 842 3244 ipsum
870 3184 993 3224 esse
1015 3163 1563 3236 omnibus'gentibus.
1608 3159 1972 3227 Quamobrem
1997 3159 2081 3214 di-
2111 3207 2120 3251 ‘

2187 3165 2459 3218 ἁπάντων.
2501 3163 2577 3216 Δι’
2603 3163 2632 3216 ὃ
2676 3161 2955 3215 λέλεκταιο
2992 3179 3010 3212 ι
3047 3161 3158 3215 Καὶ
3189 3163 3633 3234 κατακυριεύσει
3681 3159 3789 3213 ἀπὸ

507 3272 654 3318 ctum
682 3268 766 3316 est
794 3279 810 3316 :
847 3256 944 3312 «Et
967 3255 1338 3312 dominabitur
1371 3270 1401 3307 a
1427 3254 1564 3306 mari
1591 3267 1765 3321 usque
1797 3251 1861 3304 ad
1881 3267 2078 3305 mare.»

2193 3257 2464 3327 Θαλάσσης
2491 3256 2594 3319 ἕως
2625 3253 2914 3324 θαλάσσης.
2956 3273 2974 3305 ι
3012 3253 3074 3306 Εἰ
3119 3254 3226 3326 γάρ
3259 3254 3375 3307 ἐστί
3403 3272 3534 3308 τινα
3567 3253 3781 3324 πέρατα

508 3352 646 3408 Nam
681 3351 728 3406 si
759 3348 980 3404 termini
1010 3345 1229 3416 quidam
1262 3351 1422 3398 terrae
1455 3352 1606 3407 sunt,
1635 3342 1727 3412 qui
1760 3342 1932 3412 ipsam
1985 3347 2088 3395 cir-

2191 3349 2313 3418 γῆς,
2355 3347 2389 3401 ἃ
2416 3347 2480 3418 δὴ
2508 3345 2786 3416 πανταχοῦ
2813 3344 3088 3409 κυκλοῦσι,
3117 3345 3378 3399 θάλασσαι
3424 3344 3696 3408 Ὠκεανός
3725 3360 3783 3395 τε

511 3455 857 3512 cumquaque
904 3436 1451 3502 ambiant,videlicet
1493 3434 1665 3488 maria
1703 3431 2083 3503 Oceanusque,

2191 3441 2495 3510 ἀπέραντος
2522 3437 2825 3509 ἀνθρώποις
2843 3453 2857 3467 ο
2881 3436 3038 3490 τοῦτο
3067 3437 3278 3491 πάντων
3299 3437 3431 3490 εἴσω
3456 3437 3576 3491 τῶν
3605 3437 3777 3490 ἁπαν·

512 3535 608 3606 qui
653 3534 722 3588 ab
761 3529 1078 3586 hominibus
1121 3526 1564 3598 przeternavigari
1612 3529 1828 3596 nequit;
1865 3542 1995 3581 sane
2032 3527 2088 3580 id

2189 3531 2354 3602 ταχοῦ
2382 3531 2663 3585 θαλασσῶν
2690 3531 2893 3602 Κύριον
2942 3529 3264 3601 ὁμολογήσει
3305 3529 3398 3584 τὸν
3439 3529 3779 3598 θεσπιζόμε-

513 3625 660 3696 quod
690 3623 759 3677 ab
785 3621 1041 3676 omnibus
1072 3619 1311 3688 undique
1337 3618 1583 3672 maribus
1611 3619 1942 3679 continetur,
1981 3616 2087 3671 Do-

2191 3641 2301 3676 νον.
2325 3623 2403 3676 Δι’
2431 3623 2460 3675 ὃ
2485 3622 2762 3676 λέλεκται·
2799 3639 2819 3673 ι
2845 3621 2955 3674 Καὶ
2985 3621 3402 3692 κατακυριεύσει
3434 3623 3550 3675 ἀπὸ
3579 3617 3777 3674 θαλάσέ

513 3717 686 3782 mino,
715 3713 806 3784 qui
839 3711 1258 3783 praenuntiatur,
1290 3708 1660 3764 conﬁtebitur.
1714 3708 1982 3775 Quocirca
2010 3709 2090 3763 di-

2192 3733 2292 3787 σης
2325 3715 2429 3778 ’ἐως
2462 3714 2751 3784 θαλάσσης.
2789 3733 2808 3765 ι
2837 3712 3022 3784 Γνῴης
3051 3712 3096 3766 δ’
3129 3712 3194 3767 ἂν
3223 3712 3317 3766 τοῦ
3351 3713 3514 3782 λόγου
3549 3714 3614 3767 τὸ
3643 3714 3776 3766 ἀπο-

515 3811 659 3863 citur
688 3825 702 3861 :
744 3825 762 3858 ι
800 3804 868 3859 Ει
897 3802 1270 3858 dominabitur
1301 3817 1331 3855 a
1372 3802 1509 3856 mari
1539 3817 1714 3872 usque
1759 3801 1826 3856 ad
1855 3817 2026 3857 mare.
2063 3822 2081 3854 ι

2191 3808 2426 3878 τέλεσμα
2477 3803 2701 3859 συνιδὼν
2745 3805 2893 3869 ὅπως
2935 3804 3242 3876 ἁπανταχοῦ
3269 3805 3374 3875 γῆς
3406 3809 3463 3860 αἱ
3507 3806 3608 3861 τοῦ
3641 3803 3773 3858 Θεοῦ

518 3898 734 3953 Dictum
768 3903 949 3950 autem
982 3893 1261 3964 impletum
1293 3892 1534 3956 noveris,
1567 3893 1614 3948 si
1658 3893 1961 3963 perpendas
1993 3891 2086 3948 Dei
2205 3899 2517 3971 Ἐκκλησίαι
2532 3897 2625 3950 τὸν
2649 3897 2881 3969 Χριστὸν
2908 3897 3068 3950 αὐτοῦ
3089 3897 3292 3969 Κύριον
3323 3898 3772 3971 ἀναγορεύουσιν.

516 3987 790 4042 Ecclesias
823 3984 1022 4053 ubique
1053 3991 1323 4037 terrarum
1344 3979 1619 4036 Christum
1642 3983 1782 4050 eius,
1799 3980 2090 4037 Dominum

2206 3992 2363 4046 Ἀλλὰ
2397 3991 2489 4044 καὶ
2521 3988 2629 4044 άπὸ
2653 3989 2898 4060 ποταμοῦ
2925 3988 3030 4055 ἕως
3052 3990 3160 4044 τῶν
3190 3992 3440 4062 περάτων
3467 3991 3576 4062 τῆς
3606 3993 3773 4044 οἰκου-

518 4079 832 4152 praadicaz'e.
865 4076 970 4132 Sed
1002 4076 1164 4131 etiam
1206 4090 1237 4128 a
1271 4074 1493 4129 [lumine
1522 4039 1697 4145 usque
1727 4075 1794 4129 ad
1827 4077 2088 4132 terminos

2197 4084 2362 4154 μένης
2383 4039 2831 4152 κατακυριεύσειν
2858 4039 3027 4134 αὐτόν

513 4171 669 4228 orbis
716 4179 986 4225 terrarum
1035 4167 1440 4222 dominaturum
1474 4182 1598 4221 eum
1631 4169 1942 4224 necessario
1972 4183 2090 4238 pro-

2205 4174 2402 4246 Ἐχρῆν
2427 4172 2534 4244 γάρ
2566 4172 2712 4244 ήμᾶς
2763 4171 2952 4242 μαθεῖν
2996 4171 3189 4226 ὁπόθεν
3221 4173 3440 4245 ἄρξεται
3484 4175 3591 4246 τῆς
3631 4172 3770 4224 διδα-

517 4261 757 4318 nuntiat.
809 4259 920 4315 Nos
961 4259 1162 4330 quippe
1205 4257 1450 4314 ediscere
1493 4273 1632 4330 opus
1663 4267 1780 4314 erat
1819 4215 2086 4316 undeliam

2224 4215 2398 4246 "nr't'
2439 4215 2531 4244 ι”ι-
2572 4215 2710 4244 ἰι-ν’*
2763 4215 2946 4242 την-’ν
2998 4215 3184 4226 *ηπ-⁷
3221 4215 3440 4245 ’τῖ’-’ν’
3495 4215 3586 4246 ’Ἰν
3634 4215 3746 4224 ""‘

2197 4266 2450 4329 σκαλίας⁸
2485 4264 2737 4336 σημαίνει
2763 4264 2840 4329 δὲ,
2862 4263 2938 4328 ὡς
2971 4264 3076 4337 ἄρα
3109 4264 3256 4318 ἔσται
3291 4266 3488 4338 αύτῷή
3519 4262 3767 4337 καταρχή

516 4354 782 4410 doctrina:
827 4352 1044 4406 initium
1094 4351 1360 4406 ducturus
1403 4350 1477 4407 sit
1591 4351 1860 4422 signiﬁcat
1909 4362 2089 4408 autem

2336 4323 2600 4450 ποταμοῦ.
2635 4323 2852 4410 Ὃντινα
2874 4323 3113 4429 ποταμὸν
3158 4323 3451 4430 παρίστησι
3477 4323 3558 4413 ’τὸ

519 4444 846 4517 principium
875 4440 981 4512 ipsi
1017 4441 1258 4495 futurum
1287 4455 1411 4496 esse
1451 4455 1482 4494 a
1511 4403 1749 4498 ﬂumine.
1800 4403 2089 4508 (ζὶ-ιιοθῄίινιιἶ

2196 4403 2300 4412 ""'
2342 4403 2600 4427 """r""
2669 4403 2725 4410 ’⁷
2747 4403 2852 4409 ⁷⁷⁷*
2881 4403 3107 4429 ’⁷⁷”“Γ”
3164 4403 3451 4430 ’⁷’“Γ’⁷“Ὶ⁹’
3503 4403 3556 4413 "'
3589 4403 3725 4426 ⁵⁸⁷⁷⁷1

2195 4447 2370 4514 γέλιον
2393 4446 2598 4515 φάσκον
2620 4462 2634 4475 ’
2669 4462 2688 4495 ι
2719 4445 2852 4498 Τότε
2875 4445 3228 4516 παραγίνεται
3249 4449 3278 4500 ό
3309 4447 3516 4518 Ἰησοῦς
3537 4448 3650 4502 ἀπὸ
3669 4445 3762 4514 τῆς

519 4549 645 4590 men
692 4532 896 4587 indicat
939 4530 1289 4601 Evangelium
1333 4528 1524 4586 dicens
1577 4548 1593 4585 :
1635 4550 1654 4583 ι
1685 4529 1840 4587 Tunc
1881 4531 2091 4587 accedit
2125 4558 2132 4612 J

2147 4535 2479 4610 )Γαλιλαίας
2535 4537 2628 4588 ἐπὶ
2675 4535 2765 4588 τὸν
2822 4534 3089 4607 Ἰορδάνην
3143 4535 3280 4606 πρὸς
3325 4537 3578 4609 Ἰωάννην
3602 4579 3618 4603 ,
3672 4534 3760 4589 τοῦ

517 4628 679 4684 Jesus
704 4641 735 4680 a
764 4624 984 4679 Galilaaa
1013 4579 1388 4679 ίιῖἷὸἷιῐῷζειῖ
1401 4579 2096 4695 'a'},;...'..;.;.;"..(;,;;,1;:
2125 4600 2130 4612 ‘

2148 4579 2477 4610 ,-............,
2536 4579 2628 4588 -.η
2686 4579 2759 4588 η,
2840 4579 3085 4607 --π-...Ψ
3151 4579 3276 4606 ,τη
3341 4579 3618 4609 eum",
3683 4579 3757 4589 .--

2196 4629 2552 4700 βαπτισθῆναι
2585 4628 2678 4681 ὑπ’
2725 4627 2907 4681 αὐτοῦ.
2953 4629 3010 4681 Ὁ
3039 4628 3096 4682 δὲ
3137 4628 3422 4683 διεκώλυεν
3469 4631 3632 4684 αὐτὸν
3679 4625 3761 4679 λὲέ

519 4724 738 4774 zaretur
769 4715 838 4769 ab
864 4729 950 4770 eo.
1009 4711 1103 4768 Ille
1137 4718 1317 4767 autem
1346 4713 1668 4784 prohibebat
1695 4729 1819 4769 eum
1853 4713 2040 4769 dicens
2075 4735 2089 4769 :

2194 4731 2336 4783 γωνο
2378 4714 2520 4782 Ἐγὼ
2546 4716 2735 4786 χρείαν
2766 4715 2873 4785 ἔχω
2903 4716 3008 4768 ὑπὸ
3035 4715 3131 4769 σοῦ
3172 4716 3550 4789 βαπτισθῆναι,
3577 4719 3670 4772 καὶ
3696 4717 3755 4768 σὺ

520 4809 633 4882 Ego
662 4824 692 4861 ιι
722 4819 773 4862 te
801 4807 970 4862 debeo
1002 4805 1288 4875 baptizari,
1322 4816 1376 4860 et
1417 4813 1477 4859 tu
1523 4806 1678 4861 venis
1719 4806 1788 4860 ad
1828 4821 1935 4860 me.
1999 4805 2094 4860 Ille

2194 4805 2329 4879 ἔρχῃ
2374 4805 2511 4877 πρὸς
2545 4805 2630 4876 μέ.
2669 4806 2726 4858 '0
2749 4807 2804 4859 δὲ
2832 4806 3149 4878 ἀποκριθεὶς
3186 4805 3338 4862 εἷπεν
3380 4809 3562 4881 αὐτῷ’
3597 4811 3755 4877 ’Ἄφες

521 4909 703 4955 autem
752 4895 1091 4967 reSpondens
1128 4894 1266 4949 dixit
1293 4895 1343 4950 ei
1392 4915 1406 4949 :
1443 4896 1575 4951 Sine
1615 4896 1810 4960 modo,
1840 4897 1920 4951 sic
1949 4897 2092 4950 enim

2193 4899 2318 4970 ἄρτι
2338 4915 2353 4928 ·
2385 4897 2526 4951 οὕτω
2548 4897 2656 4970 γὰρ
2688 4899 2894 4970 πρέπον
2915 4899 3030 4951 ἐστὶ
3054 4899 3334 4970 πληρῶσαι
3367 4905 3543 4956 πᾶσαν
3563 4903 3755 4957 δικαιο-

520 4992 678 5048 decet
725 5005 828 5046 nos
877 4989 1104 5059 implere
1151 5001 1368 5042 omnem
1398 4986 1671 5057 justitiam
1711 4955 1828 5042 ⁸⁸.)
1865 4987 2096 5053 Quando

2197 4955 2381 5058 σύνην.
2425 5007 2446 5040 ι
2477 4955 2604 5040 Ὅτε
2625 4955 2773 5059 ’μετά
2791 4986 2852 5040 τὸ
2885 4955 3242 5060 βαπτισθῆναι
3265 4955 3426 5047 αὐτὸν
3457 5011 3475 5043 ι
3525 4955 3754 5059 Ἦνοίγη·

521 5093 809 5157 postquam
843 5081 1154 5151 baptizatus
1207 5079 1424 5143 luisset,
1479 5098 1496 5130 ι
1535 5079 1723 5149 Aperti
1775 5086 1904 5134 sunt
1947 5079 2092 5145 cteli,

2197 5095 2296 5132 trav
2327 5080 2375 5132 οἱ
2411 5079 2647 5151 οὐρανοὶ,
2683 5080 2778 5132 καὶ
2818 5073 2923 5133 εἶδε
2955 5080 3015 5132 τὸ
3062 5081 3286 5154 Πνεῦμα
3311 5083 3404 5136 τοῦ
3431 5083 3566 5137 Θεοῦ
3596 5099 3753 5138 κατα-

519 5182 574 5228 et
595 5172 731 5225 vidit
747 5167 1008 5240 Spiritum
1041 5167 1134 5223 Dei
1162 5168 1579 5224 descendentem
1607 5168 1748 5223 sicut
1784 5169 2092 5224 columbam

2197 5170 2378 5224 ϐαῖνον
2401 5170 2478 5234 ὡς
2503 5170 2827 5242 περιστερὰν
2852 5171 2945 5224 καὶ
2970 5173 3266 5243 ἐρχόμενον
3289 5176 3369 5238 είς
3399 5177 3576 5231 αὐτόν.
3606 5175 3747 5244 Φωνή

520 5274 576 5319 et
609 5263 913 5318 venientem
955 5276 1120 5331 super
1147 5261 1347 5330 ipsum.
1402 5259 1468 5314 Et
1497 5276 1599 5315 vox
1627 5261 1695 5316 de
1717 5261 1872 5316 coelis
1905 5258 2089 5314 audita

2193 5279 2253 5314 τε
2276 5262 2340 5314 ὲκ
2376 5261 2482 5314 τῶν
2506 5260 2748 5333 οὐρανῶν
2787 5261 3027 5334 ἠκούσθη
3058 5263 3317 5332 λέγουσα’
3352 5262 3518 5332 Οὗτός
3561 5265 3750 5322 ἐστινὸ

519 5364 606 5412 est
639 5356 874 5410 dicens:
915 5353 1016 5409 llic
1045 5361 1128 5408 est
1172 5351 1344 5408 Filius
1391 5367 1545 5408 meus
1583 5352 1834 5418 dilectus,
1880 5353 1934 5407 in
1981 5367 2090 5423 quo

2196 5352 2323 5415 Υἱός
2357 5370 2458 5423 μου
2491 5354 2520 5406 ὁ
2546 5355 2841 5424 ἀγαπητὸς,
2879 5356 2937 5408 ὲν
2967 5350 3011 5424 ᾧ
3034 5356 3326 5428 ηὐδόκησα.
3370 5376 3388 5410 ι
3433 5359 3522 5424 Ἐξ
3555 5359 3750 5413 ἐκείνου

524 5447 658 5502 mihi
707 5447 1013 5516 complacui
1043 5447 1109 5501 ⁸³,
1150 5465 1170 5498 ι
1228 5445 1303 5499 Ex
1336 5446 1428 5500 illo
1455 5463 1690 5518 namque
1735 5455 1976 5517 tempore
2001 5448 2094 5501 do-

2195 5444 2303 5516 γὰρ
2327 5444 2684 5515 γνωρίζεσθαι
2723 5445 2885 5499 αὑτοῦ
2918 5447 3120 5519 ἤρξατο
3150 5450 3183 5518 ή
3215 5451 3488 5522 κυριότης.
3524 5449 3751 5524 Παραδό-

523 5541 765 5596 minatus
797 5497 917 5608 ejrus
942 5497 1162 5609 agnosci

2196 5534 2302 5601 ξως
2336 5535 2392 5588 δὲ
2422 5536 2609 5590 τούτου
2647 5537 2916 5608 μέμνηται
2941 5497 3044 5592 ’τοῦ
3076 5497 3318 5612 ποτάμοῦ
3341 5497 3699 5606 afﬂuat;
3724 5541 3750 5595 ὁ

518 5634 613 5703 jus
675 5633 917 5690 ﬂuminis
986 5633 1317 5689 mentionem
1389 5632 1557 5688 Isaias
1607 5633 1866 5704 propheta
1916 5629 2087 5697 facit,

2195 5631 2476 5702 προφήτης
2508 5629 2985 5702 εὐαγγελιζόμενος
3011 5635 3107 5705 τὴν
3137 5633 3360 5707 ἔρημον,
3390 5637 3446 5689 ἐν
3530 5639 3746 5711 ἐκήρυτ·

633 5790 678 5822 ³ο
697 5787 814 5844 Jocl
851 5790 998 5858 “,10.
1085 5791 1124 5823 ⁸¹
1152 5789 1256 5846 lsa.
1293 5805 1382 5857 Lx,
1419 5789 1502 5844 l9.
1583 5789 1626 5820 “
1655 5786 1850 5844 "Matth.
1885 5804 1968 5855 ill,
2004 5787 2188 5841 lS-lb'.

1085 5791 1124 5823 ιι
1152 5789 1256 5846 lsa.
1293 5805 1382 5857 ως,
1419 5789 1502 5844 19.
1583 5789 1626 5820 ιε
1655 5786 1850 5844 Matth.
1885 5804 1968 5855 ιιι,
2004 5787 2188 5841 ιε-ιδ.
2269 5787 2312 5818 επ
2337 5787 2466 5841 ibid.
2497 5787 2581 5847 ιδ,
2611 5787 2695 5842 ιι.

4042 2425 4046 2584 ι

4041 2605 4046 2806 l
