4086 6442
571 367 676 418 ειη

1236 364 1504 423 EUSEBII
1545 361 2027 420 C/ESARIENSIS
2065 361 2212 418 OPP.
2261 361 2438 416 PARS
2475 360 2563 416 111.
2601 391 2671 402 --
2711 357 3121 413 EXEGETICA.

3803 351 3896 406 803

572 485 836 548 offerent,
881 498 1036 554 reges
1072 483 1311 538 Arabum
1349 492 1404 537 et
1433 481 1574 536 Saba
1607 481 1748 536 dona
1797 481 2091 536 adducent.
2124 500 2142 532 ›

2272 480 2346 552 εὴν
2386 479 2663 549 βασιλείαν
2693 475 2788 530 τοῦ
2813 472 3045 548 Χριστοῦ
3090 469 3499 545 γνωριζόντων
3533 466 3708 537 δῶρα
3739 479 3897 537 προς-

576 577 634 631 ln
663 574 748 632 his
781 583 963 630 autem
1007 573 1139 628 dum
1185 577 1239 628 in
1289 571 1428 628 duas
1467 581 1653 644 partes
1689 572 1839 628 orbis
1869 571 2152 632 dividitur,

575 667 725 722 aliud
764 667 832 722 ad
873 681 1132 722 occasum
1162 665 1296 720 solis
1324 665 1706 735 assignantur,
1749 663 1895 735 quod
1923 664 2156 734 primum

577 759 889 816 declaratur
938 758 1023 814 his
1065 757 1280 821 verbis,
1337 775 1356 808 ι
1393 755 1572 827 Reges
1603 755 1834 812 Tharsis
1875 763 1930 810 et
1961 756 2158 810 insula:

578 857 807 906 munera
842 848 1100 913 oll'erent;
1136 866 1154 899 ο
1190 847 1348 918 queis
1390 861 1540 901 mare
1569 844 1918 902 Occidentale
1951 843 2156 914 signiﬁ-

577 950 689 1008 cat,
725 955 938 996 necnon
964 939 1176 995 insulas
1211 938 1411 993 ibidem
1439 938 1600 994 sitas.
1639 935 1730 992 Sic
1765 951 1895 1008 ergo
1917 937 2050 991 olim
2074 933 2161 990 Jo-

579 1045 682 1086 nas
713 1029 975 1100 propheta
1023 1030 1264 1085 surrexit
1294 1035 1353 1083 ut
1393 1027 1602 1100 fugeret
1633 1028 1687 1082 in
1717 1025 1966 1091 Tharsis,
1991 1034 2046 1082 et
2072 1025 2162 1081 de-

581 1123 794 1180 scendit
820 1121 1056 1194 JOppen,
1091 1122 1522 1194 conscenditque
1550 1137 1744 1177 navem
1777 1129 1839 1176 ut
1868 1120 2078 1192 lugeret
2106 1120 2161 1174 in

582 1219 834 1284 Tharsis,
883 1235 1047 1291 quam
1086 1235 1210 1275 esse
1247 1218 1438 1273 dicunt
1462 1215 1755 1272 Tharsum.
1793 1216 1852 1271 In
1885 1215 2164 1270 Ezechiele

582 1327 712 1368 vero
754 1310 980 1367 Tharsis
1041 1310 1406 1374 vocabulum,
1447 1307 1832 1378 Carthaginem
1885 1303 2024 1360 LXX
2073 1321 2165 1360 ex-

583 1413 924 1476 presserunt.
985 1401 1146 1456 Aliud
1207 1401 1372 1455 clima
1412 1399 1484 1453 ad
1537 1401 1802 1454 orientem
1865 1399 2034 1453 solem
2079 1398 2164 1452 his

585 1495 966 1566 signiﬁcatur,
1027 1490 1249 1562 «Reges
1313 1489 1552 1545 Arabum
1613 1498 1669 1544 et
1735 1487 1900 1544 Saba.
1951 1507 1970 1540 ι
2028 1487 2162 1542 Nam

487 1622 490 1625 -
585 1587 824 1642 Arabum
866 1600 1039 1656 genus
1079 1583 1347 1639 orientale
1380 1589 1493 1648 est,
1543 1581 1776 1637 ulterius
1819 1589 1998 1636 autem
2042 1579 2170 1634 Per-

586 1682 704 1734 sica
769 1680 918 1748 regio
957 1691 1172 1732 necnon
1231 1673 1577 1730 Sabaitarum
1623 1682 1770 1728 terra
1816 1673 1997 1743 posita
2036 1672 2167 1726 dici-

585 1778 698 1824 tur.
768 1766 875 1821 Pro
933 1767 1026 1821 illo
1078 1773 1301 1830 autem,
1359 1782 1378 1816 ι
1425 1762 1600 1836 Reges
1656 1763 1897 1818 Arabum
1956 1771 2012 1817 et
2069 1761 2168 1816 Sa-

2255 572 2492 626 οίσουσιν
2544 570 2712 641 αὐτῷ,
2763 566 3192 640 προφητεύεται·
3229 564 3296 618 δι’
3333 564 3368 617 ὃ
3421 559 3720 614 λέλεκται
3757 557 3892 627 ἑξῆς·

2261 683 2281 716 ι
2312 664 2560 727 Βασιλεῖς
2589 663 2822 734 Θαρσεῖς
2859 661 2953 715 καὶ
2985 659 3142 729 νῆσοι
3169 657 3316 729 δῶρα
3342 651 3787 726 προσοίσουσι,
3817 650 3899 719 βα-

2259 758 2424 820 σιλεῖς
2461 755 2703 828 ’Δράϐων
2725 754 2820 808 καὶ
2845 753 2992 807 Σαϐὰ
3021 752 3172 824 δῶρα
3197 747 3598 822 προσάξουσι.
3649 761 3672 796 ι
3708 743 3822 796 Καὶ
3847 746 3898 796 ἐν

2256 849 2466 912 τούτοις
2499 847 2554 901 δὲ
2581 850 2610 901 ὁ
2634 847 2811 916 λόγος,
2851 845 3040 899 διελὼν
3080 847 3162 908 εἰς
3199 843 3295 896 δύο
3343 841 3520 913 μέρη
3565 837 3685 910 τὴν
3728 839 3900 889 οἰκου-

2263 941 2451 1012 μένην,
2485 940 2552 992 τὸ
2596 940 2692 1010 μὲν
2721 937 2970 1009 ἀφορίζει
3014 937 3107 990 ἐπὶ
3148 935 3210 989 τδ
3247 933 3390 1006 πρὸς
3442 931 3722 1001 δυσμαῖς
3753 928 3898 1000 ἡλίου

2260 1031 2450 1102 κλίμα,
2482 1029 2512 1083 ὃ
2539 1030 2603 1103 δὴ
2647 1028 2864 1102 πρῶτον
2904 1027 3235 1099 παρίστησιν
3282 1022 3513 1078 εἰπών’
3575 1039 3598 1073 ε
3647 1019 3901 1081 Βασιλεῖς

2260 1121 2493 1194 Θαρσεῖς
2536 1122 2630 1175 καὶ
2677 1121 2827 1192 νῆσοι
2853 1118 3001 1190 δῶρα
3038 1115 3425 1188 αιἰροσοίσουσι⁹
3465 1131 3490 1166 ι
3535 1112 3618 1165 δι’
3664 1103 3750 1164 ὧν
3808 1109 3900 1181 τὴν

2261 1213 2398 1284 πρὸς
2441 1214 2674 1284 δυσμαῖς
2714 1211 2967 1282 σημαίνει
3000 1209 3276 1262 θάλασσαν
3303 1207 3401 1260 καὶ
3449 1202 3579 1266 τὰς
3621 1204 3688 1254 ὲν
3732 1202 3902 1272 ταύτῃ

2261 1307 2478 1378 νήσους.
2507 1304 2692 1369 Οὕτως
2721 1300 2816 1358 οὖν
2841 1319 2972 1356 ποτε
3011 1301 3105 1354 καὶ
3146 1300 3330 1362 Ἰωνᾶς
3357 1299 3386 1352 ὁ
3445 1297 3786 1369 προφήτης
3814 1293 3895 1346 ὰνο

2261 1400 2392 1472 ἑστη
2416 1400 2608 1472 φυγεῖν
2643 1399 2724 1462 είς
2745 1396 2978 1468 Θαρσεῖς
3009 1394 3105 1448 καὶ
3131 1391 3335 1461 κατέϐη
3370 1392 3465 1454 εἰς
3507 1388 3790 1458 Ἰόππην,
3814 1389 3904 1440 καὶ

2263 1491 2430 1563 ἀνέϐη
2475 1493 2555 1554 είς
2601 1489 2782 1543 πλοῖον
2822 1487 2916 1541 τοῦ
2943 1488 3135 1556 φυγεῖν
3167 1486 3248 1548 εἰς
3292 1483 3585 1554 Θαρσεῖς,
3613 1481 3692 1550 ἦν
3743 1494 3904 1546 φασιν

2265 1580 2403 1638 εἶναι
2437 1583 2534 1655 τὴν
2565 1581 2794 1654 Θαρσόν.
2836 1580 2927 1632 Ἐν
2973 1578 3029 1632 δὲ
3067 1576 3146 1648 τῷ
3186 1574 3444 1646 Ἐξεκιὴλ
3499 1571 3617 1626 τοῦ
3661 1571 3902 1640 Θαρσεῖς

2265 1677 2523 1749 ὀνόματος
2571 1672 2870 1746 φερομένου
2889 1711 2905 1734 ,
2953 1673 3001 1724 οῖ
3063 1667 3482 1738 Ἐϐδομήκοντα
3551 1660 3902 1734 Καρχηδόνα

2265 1772 2638 1842 ἡρμήνευσαν.
2669 1767 2744 1819 Th
2787 1764 2844 1818 δὲ
2875 1763 3062 1836 ἕτερον
3105 1759 3274 1830 κλίμα
3321 1759 3382 1812 τὸ
3418 1756 3588 1829 πρὸς
3621 1753 3900 1817 ἀνατολὰς

588 1861 690 1924 ba,
729 1879 748 1913 ι
782 1859 975 1930 Aquila
1031 1867 1085 1914 et
1125 1827 1486 1929 Symmachus
1507 1827 1599 1910 'ac
1657 1870 1783 1910 cum
1813 1855 1882 1910 iis
1938 1852 2166 1910 Hebrai-

2469 1858 2720 1931 δηλοῦται
2769 1856 2858 1910 διὰ
2914 1827 3033 1920 τοῖν,
3083 1871 3103 1904 ι
3158 1827 3408 1914 Βασιλεῖς
3457 1827 3753 1919 Ἀράϐων
3811 1845 3902 1897 κα)⁵

585 1966 712 2005 cum
761 1949 1075 2020 exemplar,
1119 1947 1339 2018 «Reges
1381 1947 1523 2002 Saba
1576 1952 1632 2001 et
1689 1945 1880 2000 Saba:
1939 1945 2162 2001 habent.

2272 1955 2434 2011 Σαϐά.
2479 1974 2499 2006 ι
2529 1951 2602 2006 Τό
2632 1969 2693 2004 τε
2743 1949 2852 2021 γὰρ
2892 1947 3000 2002 τῶν
3037 1944 3284 2018 Ἀράϐων
3326 1941 3497 2010 γένος
3555 1937 3897 1993 ἁνατολικὶν

585 2039 666 2093 lta
727 2048 786 2094 ut
841 2038 1243 2110 pronuntiando
1303 2037 1523 2106 quidem
1577 2035 1812 2106 idipsum
1857 2035 2012 2099 sint,
2050 2035 2165 2090 eleo

2272 2047 2541 2118 τυγχάνει,
2586 2043 2846 2097 ἐπέκεινα
2885 2039 2941 2094 δὲ
2967 2036 3130 2093 αὐτοῦ
3162 2036 3230 2090 τὰ
3265 2032 3532 2106 Περσικὰ
3569 2030 3755 2102 μέρη,
3809 2029 3898 2081 καὶ

588 2141 896 2186 mentorum
936 2131 1200 2186 varietate
1237 2127 1509 2184 differant.
1572 2126 1708 2181 Nam
1746 2128 1982 2198 primum
2021 2125 2167 2182 Saba

2272 2141 2300 2209 ἡ
2333 2139 2441 2192 τῶν
2487 2134 2764 2190 Σαϐαῖτῶν
2797 2133 2952 2205 χώρα
2997 2125 3136 2184 εἷναι
3163 2127 3400 2196 λέγεται.
3441 2124 3623 2178 Ἀντὶ
3670 2123 3733 2176 δὲ
3776 2120 3891 2182 τοῦ,

588 2237 688 2292 per
726 2222 961 2276 litteram
1011 2220 1114 2276 Sen
1158 2221 1227 2276 ab
1267 2219 1508 2275 Hebraeis
1564 2219 1810 2285 dictam;
1866 2219 2166 2274 secundum

2273 2252 2292 2283 ‹
2326 2230 2572 2294 Βασιλεῖς
2631 2227 2875 2300 ’Δράϐων
2923 2224 3018 2278 καὶ
3065 2221 3238 2283 Σαϐὰ,
3284 2239 3303 2272 ι
3345 2220 3374 2272 ὁ
3417 2217 3690 2279 Ἀκύλας
3742 2213 3840 2268 καὶ
3868 2215 3896 2266 ὁ

589 2329 720 2370 vero
748 2330 843 2384 per
881 2313 1023 2369 Sade
1057 2313 1320 2382 scriptum
1360 2312 1415 2366 in
1450 2309 1720 2365 llebraico
1756 2317 1862 2373 est,
1892 2310 2038 2365 unde
2083 2311 2168 2364 in-

591 2406 1001 2477 terpretationis
1031 2413 1214 2461 ortum
1247 2402 1546 2458 discrimen
1586 2409 1692 2456 est.
1737 2401 1993 2456 Servator
2037 2417 2170 2457 sane

590 2497 696 2550 hoc
751 2511 950 2550 nomen
980 2500 1376 2548 commemorat
1416 2492 1646 2547 dicens:
1691 2510 1709 2544 ι
1765 2490 1969 2562 Regina
2026 2491 2168 2547 Saba

582 2597 780 2660 surget
813 2591 866 2642 in
893 2589 982 2643 die
1001 2587 1219 2658 judicii,
1248 2593 1302 2642 et
1341 2583 1730 2641 condemnabit
1767 2584 2168 2654 generationem

591 2681 754 2745 hanc,
781 2679 910 2752 quia
945 2679 1091 2734 venit
1113 2694 1141 2732 a
1174 2677 1372 2733 ﬁnibus
1411 2685 1590 2740 terra},
1623 2683 1684 2730 ut
1713 2675 1926 2730 audiret
1953 2675 2172 2746 sapien-

592 2781 722 2835 tiam
762 2778 1070 2834 Salomonis
1101 2779 1184 2832 "z
1226 2797 1244 2830 ι
1288 2785 1473 2849 aperte
1501 2776 1790 2832 declarans
1845 2776 1897 2830 in
1925 2776 2171 2831 terminis

592 2879 753 2926 terra:
780 2870 941 2926 sitam
971 2877 1184 2939 gentem
1215 2867 1358 2924 Saba
1383 2869 1605 2924 dictam.
1635 2865 1762 2922 Haec
1792 2882 1955 2937 porro
1979 2866 2172 2922 tertius

593 2960 907 3032 Regnorum
944 2959 1080 3014 liber
1121 2960 1189 3015 de
1219 2959 1326 3016 ista
1363 2967 1521 3030 gente
1555 2967 1787 3012 narrat:
1834 2977 1852 3009 ι
1894 2957 1957 3013 Ει
1985 2958 2171 3028 regina

595 3051 741 3108 Saba
770 3052 981 3107 audivit
1012 3066 1209 3106 nomen
1237 3049 1570 3114 Salomonis,
1598 3056 1652 3105 et
1679 3050 1827 3104 venit
1853 3057 1913 3104 ut
1941 3057 2173 3105 tentaret

593 3141 720 3198 eum
754 3144 809 3198 in
833 3142 1234 3215 aenigmatibus.
1278 3141 1344 3196 Et
1372 3143 1520 3196 venit
1554 3142 1609 3196 in
1643 3140 1943 3197 Jerusalem
1978 3143 2031 3196 in
2076 3156 2173 3212 po-

595 3248 794 3296 testate
831 3241 983 3311 gravi
1017 3237 1192 3294 valde.
1242 3237 1308 3291 Et
1338 3237 1530 3292 cameli
1573 3236 1808 3292 ferentes
1855 3236 2078 3292 delicias
2120 3244 2174 3291 et

597 3331 832 3402 laplclem
862 3332 1161 3402 pretiosum
1190 3329 1256 3383 ⁸⁸.
1299 3348 1318 3382 ι
1367 3327 1678 3384 Vocabatur
1713 3343 1876 3399 porro
1916 3329 2067 3400 regio
2093 3338 2176 3382 at-

596 3438 704 3494 que
730 3438 863 3494 gens
889 3423 979 3476 illa
1015 3422 1181 3484 Saba,
1205 3437 1235 3475 a
1283 3435 1488 3491 proavo
1521 3419 1689 3485 Saba,
1727 3421 1821 3491 qui
1853 3419 1996 3476 [ilius
2025 3421 2175 3475 Chus

599 3514 772 3568 fuisse
807 3513 1092 3568 scribitur.
1123 3513 1214 3566 Alt
1245 3526 1377 3582 ergo
1410 3510 1610 3584 Moysis
1642 3511 1965 3582 Scriptura:
2003 3529 2023 3563 ι
2053 3510 2175 3566 Filii

600 3611 784 3660 autem
811 3603 984 3666 Chus.
1019 3603 1162 3658 Saba
1195 3612 1250 3658 et
1279 3602 1488 3667 Hevila,
1517 3614 1572 3658 et
1605 3601 1844 3658 Sabatha
1866 3603 1933 3656 “.
1976 3621 1994 3655 ι
2026 3601 2176 3658 Chus

595 3711 728 3752 vero
754 3697 1060 3767 explicatur
1090 3714 1109 3748 ι
1140 3695 1415 3767 Αέιὶιίορς.
1461 3713 1481 3748 ι
1513 3695 1660 3752 Gens
1691 3695 1853 3766 igitur
1879 3710 2002 3765 qua:
2033 3694 2176 3749 Saba

596 3794 827 3841 vocatur
853 3827 869 3850 ,
921 3785 1233 3857 A'Zthiopica
1264 3786 1482 3840 videtur
1527 3801 1672 3841 esse.
1707 3785 2018 3840 Secundum
2049 3785 2176 3840 item

601 3875 745 3931 Saba
786 3885 1142 3942 memoratur,
1188 3877 1256 3932 de
1309 3891 1418 3948 quo
1463 3878 1540 3932 ait
1593 3876 1916 3948 Scriptura:
1974 3895 1996 3930 ‹
2056 3876 2177 3931 Filii

598 3970 856 4044 Regmas,
888 3970 1031 4027 Saba
1056 3981 1112 4027 et
1141 3971 1326 4029 Dadan
1348 3973 1414 4028 δ’.
1455 3992 1473 4025 ι
1504 3973 1878 4045 Congruenter
1909 3973 2092 4044 itaque
2123 3977 2177 4028 in

599 4063 811 4134 psalmo
860 4062 1165 4118 secundum
1218 4063 1459 4134 reliquos
1510 4062 1838 4134 interpretes
1873 4061 2175 4118 scribitur:

605 4173 624 4205 ι
665 4152 838 4226 Reges
868 4152 1012 4210 Saba
1041 4162 1096 4210 et
1143 4152 1286 4209 Saba
1337 4155 1480 4210 dona
1526 4154 1818 4210 adducent.
1857 4174 1876 4208 ι
1913 4153 2179 4211 Caeterum

599 4246 688 4302 his
722 4247 1010 4319 prophetia
1059 4248 1352 4319 signiﬁcat,
1390 4266 1558 4321 regna
1610 4251 1676 4305 ad
1711 4251 2032 4307 orientalem
2062 4251 2182 4322 pla-

603 4352 726 4407 gam
756 4339 889 4402 sita,
920 4337 1160 4406 itemque
1187 4353 1355 4409 regna
1387 4339 1712 4402 occidentis,
1746 4340 1795 4394 ei
1828 4340 1920 4410 qui
1955 4340 2012 4395 in
2044 4339 2182 4394 vati-

2269 2324 2580 2394 Σύμμαχος,
2604 2322 2640 2393 ἦ
2685 2337 2742 2374 τε
2784 2316 3046 2390 Ἐϐραῖκὴ
3085 2313 3274 2386 γραφὴ
3312 2311 3606 2374 συντόνως
3649 2306 3888 2369 τούτοις,

2275 2435 2294 2468 ι
2337 2414 2583 2477 Βασιλεῖς
2612 2413 2760 2466 Σαϐὰ
2802 2412 2899 2466 καὶ
2942 2409 3092 2464 Σαϐὰ
3130 2429 3148 2460 ι
3185 2408 3498 2480 εἰρήκασιν.
3549 2405 3723 2457 Ὠς-τ’
3754 2397 3890 2453 εἷναι

2267 2509 2464 2564 ταύτὸν
2508 2508 2605 2580 μὲν
2661 2505 3068 2576 έκφωνοῦμενον
3104 2502 3296 2574 ὄνομα,
3327 2498 3694 2554 διαλλάττειν
3730 2495 3788 2548 δὲ
3823 2494 3884 2564 τῇ

2269 2602 2378 2655 τῶν
2422 2599 2698 2671 στοιχείων
2744 2598 3005 2670 διαφορᾷ·
3043 2594 3103 2650 τὸ
3149 2595 3248 2666 μὲν
3300 2593 3408 2666 γὰρ
3458 2590 3710 2664 πρῶτον
3739 2586 3885 2640 Σαϐὰ

2271 2691 2357 2744 διὰ
2409 2689 2505 2744 τοῦ
2562 2688 2895 2758 καλουμένου
2955 2685 3082 2759 παρ’
3148 2683 3422 2756 Ἑϐραίοις
3485 2682 3659 2745 σὲν,
3729 2677 3792 2731 τὸ
3830 2675 3883 2728 δὲ

2267 2781 2520 2852 δεύτερον
2552 2778 2643 2834 διὰ
2665 2778 2760 2832 τοῦ
2804 2777 2962 2845 σάδη
3011 2777 3275 2847 στοιχείου
3305 2775 3451 2830 κατὰ
3482 2775 3603 2847 τὴν
3674 2771 3884 2841 Ἐϐραῖο

2273 2874 2376 2945 κὴν
2407 2871 2702 2944 ἐμφέρεται
2749 2871 3001 2942 γραφήν·
3031 2868 3180 2923 ἔνθεν
3211 2869 3304 2923 καὶ
3337 2867 3407 2922 τὰ
3434 2868 3542 2939 τῆς
3576 2861 3882 2938 ἑρμηνείας

2274 2966 2455 3030 αὐτοῖς
2480 2965 2811 3019 ὲναλλάττει.
2851 2963 2962 3017 Kal.
2991 2965 3019 3016 ὁ
3057 2962 3248 3034 Σωτὴρ
3275 2961 3330 3015 δὲ
3361 2959 3564 3013 τούτου
3600 2959 3879 3028 μέμνηται

2276 3061 2367 3116 τοῦ
2398 3058 2662 3130 ὀνόματος
2689 3055 2893 3125 λέγων·
2933 3073 2949 3106 ι
2990 3053 3285 3106 Βασίλισσα
3316 3051 3464 3105 Σαϐὰ
3490 3047 3879 3118 ἀναστήσεται

2202 3176 2242 3233 c
2277 3159 2334 3210 ὲν
2360 3154 2542 3226 ἡμέρα
2563 3151 2814 3223 κρίσεως,
2842 3149 2936 3204 καὶ
2956 3149 3273 3220 κατακρινεῖ
3298 3145 3396 3215 τὴν
3417 3143 3630 3213 γενεὰν
3647 3139 3874 3211 ταύτην,

2273 3250 2353 3302 ὅτι
2380 3242 2543 3318 ἦλθεν
2570 3246 2634 3296 ὲκ
2666 3242 2775 3296 τῶν
2814 3241 3064 3314 περάτων
3093 3239 3192 3310 τῆς
3223 3239 3326 3310 τῆς
3367 3236 3502 3292 ὰκοῦ
3516 3254 3618 3293 sat
3655 3237 3759 3308 τὴν
3797 3251 3879 3287 σο-

2277 3340 2402 3410 φίαν
2417 3335 2777 3407 Σολομῶντος·
2811 3353 2830 3385 ι
2857 3332 3042 3402 σαφῶς
3065 3330 3334 3404 παριστὰς
3351 3331 3427 3396 ὡς
3443 3334 3498 3385 ὲν
3523 3333 3647 3394 τοῖς
3678 3329 3874 3399 πέρασι

2274 3431 2375 3501 τῆς
2405 3430 2507 3501 γῆς
2537 3428 2598 3482 τδ
2646 3426 2796 3481 Σαϐὰ
2825 3425 2974 3488 ἔθνος
3011 3423 3288 3496 τυγχάνει.
3324 3423 3560 3495 Ἱστορεῖ
3597 3423 3662 3477 δὲ
3704 3419 3800 3475 καὶ
3841 3418 3870 3486 ἠ

2274 3521 2434 3593 τρίτη
2463 3519 2569 3573 τῶν
2611 3515 2904 3572 Βασιλειῶν
2946 3515 3074 3587 περὶ
3110 3515 3204 3568 τοῦ
3234 3515 3399 3570 αὐτοῦ
3439 3515 3642 3578 ἔθνους
3670 3512 3868 3568 ταῦτα’

2285 3635 2301 3665 ι
2312 3615 2422 3667 Καὶ
2436 3613 2722 3684 βασίλισσα
2739 3610 2886 3665 Σαϐὰ
2905 3611 3037 3682 ἡκου
3045 3627 3103 3664 σε
3119 3609 3180 3664 τὸ
3193 3609 3361 3680 δνομα
3374 3608 3763 3680 Σολομῶντος,
3782 3603 3871 3658 καὶ

2275 3703 2404 3779 ἦλθε
2434 3704 2689 3776 πειράσαι
2712 3703 2873 3758 αὑτὸν
2895 3704 2952 3756 ὲν
2973 3701 3278 3772 αἰνίγμασι.
3303 3702 3414 3755 Καὶ
3444 3695 3618 3772 ἦλθεν
3653 3699 3737 3762 είς
3774 3696 3866 3749 Ἰε-

2281 3795 2561 3871 ρουσαλὴμ
2591 3797 2649 3848 ἐν
2680 3793 2906 3864 δυνάμει
2955 3792 3151 3864 βαρείᾳ
3195 3792 3419 3865 σφόδρα.
3466 3792 3585 3845 Καὶ
3633 3785 3868 3860 κάμηλοι

2279 3890 2528 3962 αἴρουσαι
2573 3886 2858 3958 ἡδύσματα
2902 3886 2998 3938 καὶ
3042 3885 3240 3956 χρυσὸν
3285 3884 3454 3938 πολὺν
3505 3884 3726 3955 σφόδρα
3776 3877 3864 3932 καὶ

2279 3982 2425 4036 λίθον
2479 3980 2676 4051 τίμιον.
2711 3999 2730 4031 ι
2761 3975 3007 4049 Κέκλητο
3061 3977 3120 4031 δὲ
3165 3978 3200 4048 ἡ
3239 3976 3391 4048 χώρα
3437 3976 3531 4030 καὶ
3593 3978 3660 4031 τὸ
3722 3975 3865 4034 ἔθνος

2281 4071 2429 4126 Σαϐὰ
2471 4069 2578 4124 ἀπὸ
2621 4068 2962 4143 προπάτορος
2993 4067 3086 4121 τοῦ
3125 4067 3306 4129 Σαϐὰ,
3347 4067 3406 4132 ὃς
3441 4068 3859 4141 ἀναγέγραπται

2283 4164 2395 4228 υἱὸς
2411 4162 2649 4232 γεγονὼς
2663 4160 2756 4216 τοῦ
2774 4160 2936 4225 Χοῦς.
2956 4161 3118 4228 Λέγει
3135 4159 3176 4212 δ’
3193 4156 3333 4232 οὖνὴ
3350 4161 3634 4226 Μωῦσέως
3656 4157 3856 4232 γραφή⁴

2287 4276 2306 4309 ι
2332 4259 2448 4310 Υἱοὶ
2475 4256 2531 4309 δὲ
2559 4255 2721 4320 Χοῦς,
2746 4253 2895 4308 Σαϐὰ
2917 4255 3011 4308 καὶ
3027 4253 3212 4318 Εὑίλα,
3229 4253 3323 4306 καὶ
3339 4253 3576 4308 Σαϐάθα.
3607 4275 3628 4307 ι
3651 4248 3857 4314 Χοῦςδι

2283 4349 2643 4421 ἑρμηνεύεται
2665 4366 2683 4398 ι
2721 4350 2750 4401 ὁ
2772 4347 2982 4418 Αἰθίοψ.
3015 4366 3033 4399 ι
3072 4346 3230 4411 Γένος
3251 4343 3676 4402 οὖνΑίθιοπικὸν
3693 4345 3858 4400 ἔοικεν

603 4429 751 4483 cinio
787 4427 981 4491 fertur,
997 4427 1138 4484 dona
1159 4429 1412 4484 oblatura
1435 4445 1590 4497 esse;
1616 4445 1741 4483 nam
1763 4429 1844 4485 sic
1871 4431 2171 4486 indicantur

2283 4435 2420 4494 εἶναι
2446 4440 2506 4493 τὸ
2533 4437 2680 4492 Σαϐὰ
2709 4437 2878 4502 ἔθνος.
2913 4438 3024 4492 Καὶ
3055 4437 3308 4510 δεύτερον
3343 4438 3400 4492 δὲ
3439 4438 3659 4510 εἴρηται
3693 4433 3852 4496 Σαϐὰ,

603 4527 796 4591 gentes
826 4519 1044 4590 regibus
1084 4517 1334 4575 subditae.
1376 4517 1516 4574 Num
1550 4519 1785 4575 fortasse
1813 4535 1970 4590 reges
1995 4521 2171 4576 dican-

2287 4528 2416 4600 περὶ
2453 4521 2513 4580 οὗ
2544 4543 2708 4598 φησιν
2740 4529 2774 4598 ή
2803 4528 2990 4601 Γραφή
3016 4544 3027 4558 ”
3077 4546 3094 4578 ι
3141 4527 3260 4580 Υἱοὶ
3302 4528 3360 4581 δὲ
3403 4529 3669 4600 Ῥεγμὰς,
3717 4523 3854 4580 Σαϐὰ

603 4619 697 4663 tur
724 4609 924 4680 angeli,
955 4613 1048 4682 qui
1082 4610 1336 4680 gentibus
1365 4616 1628 4680 praesunt,
1661 4607 1770 4666 Deo
1795 4625 1951 4666 sacra
1977 4609 2180 4665 facien-

605 4713 708 4767 tes,
740 4705 900 4774 eique
932 4701 1209 4759 Ecclesias
1235 4704 1478 4775 gentium
1517 4719 1747 4773 quarum
1781 4703 2020 4775 praefecti
2051 4710 2182 4759 sunt

603 4794 661 4848 ln
688 4793 891 4847 donum
920 4791 1256 4849 oll‘erentes?
1287 4792 1468 4860 Quare
1495 4791 1693 4850 deinde
1729 4795 2056 4849 vaticinatur
2087 4793 2180 4850 fu-

603 4881 810 4946 turum.
853 4891 914 4940 ut
951 4884 1182 4940 adorent
1223 4901 1347 4941 eum
1381 4900 1571 4941 omnes
1603 4900 1778 4957 reges.
1813 4885 2000 4957 Neque
2031 4887 2177 4943 enim

605 4977 876 5032 duntaxat
906 4975 1165 5047 praedicta
1213 4978 1356 5033 dona
1392 4978 1655 5033 allaturos
1703 4980 2050 5049 praenuntiat,
2085 4981 2178 5036 sed

603 5085 730 5124 cum
760 5055 925 5125 etiam
958 5069 1284 5125 adoraturos
1305 5085 1452 5125 esse.
1481 5069 1637 5137 Quod
1684 5074 1814 5124 item
1869 5069 2081 5142 Moyses
2124 5071 2179 5126 in

605 5177 806 5232 magno
832 5163 1050 5218 cantico
1077 5161 1266 5219 docuit
1291 5162 1358 5218 de
1385 5162 1607 5218 Christo
1635 5163 1764 5217 talia
1792 5162 1935 5218 fatus
1963 5183 1977 5219 :
2009 5183 2027 5215 ι
2064 5161 2183 5218 ιω-

604 5253 819 5318 tamini,
878 5253 1026 5320 coeli,
1071 5269 1197 5309 cum
1251 5255 1394 5326 ipso,
1433 5261 1488 5309 et
1539 5255 1767 5312 adorent
1811 5271 1935 5310 eum
1986 5271 2178 5311 omnes

603 5348 783 5421 angeli
820 5347 912 5404 Dei
937 5348 1003 5405 “.
1046 5367 1064 5401 ι
1096 5347 1162 5404 Hi
1202 5351 1414 5407 scilicet
1455 5369 1630 5426 reges,
1659 5355 1856 5410 occulti
1891 5363 1945 5410 et
1987 5353 2180 5408 invisi-

607 5439 746 5497 biles
773 5441 1014 5512 gentium
1047 5442 1323 5513 principes
1353 5442 1638 5501 Dominum
1671 5463 1830 5502 suum
1865 5447 2178 5511 adorantes,

608 5535 819 5588 animas
858 5535 962 5590 sibi
1011 5535 1335 5594 commissas
1387 5537 1490 5607 ipsi
1538 5537 1594 5592 in
1645 5536 1784 5592 dona
1837 5536 2176 5594 oﬂ'erebant:

607 5642 777 5698 quare
805 5627 909 5683 sub
936 5627 1051 5684 haec
1081 5626 1358 5698 adjicitur,
1396 5647 1418 5681 ι
1453 5628 1655 5686 Omnes
1698 5637 1889 5701 gentes
1938 5631 2180 5688 servient

676 5780 722 5812 "
747 5780 878 5837 an.
920 5793 994 5850 si,
1033 5783 1119 5839 3i.
1197 5786 1238 5818 "
1273 5784 1335 5838 lll
1370 5785 1500 5858 lleg.
1527 5803 1581 5857 κ,
1609 5786 1737 5854 1,⁶Ξ.
1829 5789 1868 5820 ⁸³
1904 5785 2039 5845 Gen.
2084 5803 2140 5854 ι,
2173 5787 2226 5844 7.
2300 5789 2345 5821 “
2374 5785 2506 5843 ibid.

2288 4621 2381 4674 καὶ
2401 4620 2573 4674 Δαδάν
2591 4661 2604 4674 .
2637 4639 2655 4672 ι
2681 4619 2922 4684 Είκότως
2943 4618 3121 4674 τοίνυν
3154 4621 3210 4673 ὲν
3232 4619 3310 4691 τῷ
3329 4620 3528 4693 ψαλμῷ
3546 4623 3852 4693 γέγραπται

2286 4708 2426 4764 κατὰ
2459 4711 2584 4774 τοὺς
2611 4708 2861 4773 λοιπούςο
2904 4727 2923 4760 ι
2961 4709 3204 4774 Βασιλεῖς
3236 4710 3385 4766 Σαϐὰ
3408 4713 3502 4767 καὶ
3530 4713 3681 4766 Σαϐὰ
3713 4709 3852 4780 δῶρα

2287 4800 2634 4872 προσάξουσι.
2677 4821 2696 4854 ι
2722 4801 2870 4872 Πλὴν
2909 4799 3044 4854 ἀλλὰ
3084 4803 3338 4871 σημαίνει
3369 4804 3401 4873 ἡ
3435 4804 3744 4876 προφητεία
3772 4799 3850 4852 διὰ

2283 4892 2486 4947 τούτων
2514 4894 2614 4957 τὰς
2642 4893 2784 4947 κατὰ
2819 4893 2880 4946 τὸ
2908 4892 3220 4947 ἀνατολικὸν
3252 4892 3420 4965 κλίμα
3459 4894 3735 4965 βασιλείας
3763 4889 3848 4946 καὶ

2281 4982 2382 5047 τὰς
2414 4983 2548 5057 πρὸς
2585 4984 2794 5055 δυσμὰς
2823 4982 2971 5054 ἡλίου
3002 4982 3152 5054 δῶρα
3181 4982 3259 5054 τῷ
3288 4983 3663 5058 θεσπιζομένῳ
3694 4998 3851 5056 προσ-

2282 5074 2468 5140 οίσειν,
2485 5074 2625 5128 οὕτω
2647 5091 2762 5138 πως
2783 5074 3194 5146 σημαινομένων
3213 5075 3322 5129 τῶν
3342 5077 3446 5130 ὑπὸ
3467 5077 3564 5140 τὰς
3587 5072 3848 5148 βασιλείας

2282 5166 2468 5221 ἐθνῶν.
2505 5169 2727 5239 Μήποτε
2769 5166 2825 5220 δὲ
2867 5168 2961 5221 καὶ
3004 5167 3243 5238 βασιλεῖς
3288 5171 3337 5224 οἱ
3380 5169 3486 5224 τῶν
3525 5169 3693 5222 ἐθνῶν
3727 5179 3849 5236 προ·

2282 5258 2512 5322 εστῶτες
2531 5259 2750 5328 ἄγγελοι
2768 5257 3049 5330 δηλοῦνται
3063 5263 3345 5334 ίερωμένοι
3365 5260 3440 5334 τῷ
3454 5261 3572 5332 Θεῷ
3597 5261 3690 5316 καὶ
3709 5256 3842 5325 δῶρα

2285 5352 2648 5423 προσάγοντες
2673 5352 2820 5425 αὐτῷ
2859 5352 2959 5419 τὰς
3003 5355 3324 5428 Ἐκκλησίας
3373 5349 3446 5408 ὧν
3497 5351 3843 5424 καθηγοῦνται

2285 5443 2487 5512 ἐθνῶνς
2521 5445 2595 5498 Δι’
2625 5444 2654 5498 ὃ
2691 5445 2819 5516 ἑξῆς
2865 5449 3262 5520 προσκυνήσειν
3308 5445 3454 5516 αὐτῷ
3497 5446 3702 5509 πάντας
3728 5440 3840 5500 τοὺς

2288 5536 2528 5608 βασιλεῖς
2551 5536 2816 5602 θεσπίζειο
2851 5539 2926 5592 Οὐ
2958 5539 3066 5612 γὰρ
3099 5540 3257 5608 μόνον
3294 5538 3600 5611 προσοίσειν
3627 5532 3766 5604 αὑτῷ
3782 5528 3842 5584 τὲ

2287 5629 2652 5702 προλεχθέντα
2707 5629 2856 5704 δῶρά
2911 5647 3096 5702 φησιν,
3145 5631 3278 5686 ἀλλὰ
3327 5631 3422 5684 καὶ
3466 5629 3838 5702 προσκυνήσειν

2619 5787 2664 5821 ⁸³
2694 5787 2849 5846 Deut.
2894 5805 3064 5858 xxx",
3087 5789 3119 5843 ι
3137 5790 3204 5853 '5;
3232 5787 3372 5845 Psal.
3411 5804 3552 5846 xcvi.
3575 5789 3626 5844 7.
