3930 6436
126 385 216 442 809

1230 385 1740 446 COMMENTARH
1775 388 1843 445 IN
1882 387 2230 448 PSALMOS.

3258 402 3366 458 8ιο

124 505 268 576 αὐτῷ.
306 505 370 558 Ὅ
391 503 456 577 δὴ
505 506 601 560 καὶ
634 503 876 576 Μωῦσῆς
905 507 966 560 ἐν
1014 505 1224 580 μεγάλῃ
1261 506 1372 579 ᾠδῇ
1407 507 1652 562 ἐδίδασκε

1754 555 1762 570 ,
1789 508 1859 564 ei.
1901 527 1922 562 ι
1977 508 2134 576 Quod
2167 523 2300 565 sane
2333 507 2462 566 ltuic
2491 510 2641 568 dicto
2673 511 2834 570 aliine
2863 524 2946 572 est
2973 535 2986 572 :
3044 536 3062 570 ι
3105 513 3370 579 Dominus

121 599 200 654 ὡδί
241 615 314 670 πη
347 599 474 671 περὶ
507 599 745 672 Χριστοῦ
786 599 991 668 λέγων·
1037 619 1055 651 ι
1091 601 1467 674 Εὐφράνθητε,
1525 601 1683 674 ούρα-

119 696 204 760 vel,
237 695 348 765 ἅμα
378 694 551 765 αὐτῷ,
587 693 678 748 καὶ
721 693 1252 766 προσκυνησάτωσαν
1286 693 1436 764 αὐτῷ
1477 695 1680 758 πάντες

118 787 310 856 ἄγγελοι
339 785 501 840 Θεοῦ.
543 807 564 840 ι
591 783 748 842 Οὗτοι
773 788 912 858 δῆτα
943 789 994 841 οἱ
1026 787 1286 858 βασιλεῖς,
1327 788 1553 856 ἀφανεῖς
1583 789 1678 843 καὶ

115 878 310 950 ἀόρατοι
353 875 465 931 τῶν
503 877 674 932 ἐθνῶν
726 877 1008 949 ἄρχοντες,
1063 873 1542 949 προσκυνήσαντες
1585 873 1677 928 τὸν

114 969 296 1025 ἑαυτῶν
333 968 564 1042 Κύριον,
603 968 704 1033 τάς
735 969 828 1023 ὑπ’
871 969 1053 1034 αὐτοῖς
1086 969 1264 1040 ψυχάς
1305 967 1456 1040 δῶρα
1509 985 1680 1040 προσο

112 1062 226 1132 ἦγον
243 1061 404 1132 αὐτῷ.
433 1061 635 1134 Διόπερ
651 1062 864 1125 τούτοις
885 1061 1016 1132 έξῆς
1043 1060 1310 1132 συνῆπται
1334 1061 1412 1114 τό·
1441 1080 1460 1110 ι
1491 1061 1676 1114 Πάντα

109 1153 168 1208 τά
211 1154 326 1226 ἱθνη
369 1153 748 1208 δουλεύσουσιν
800 1153 966 1224 αύτῷ.
1010 1173 1028 1204 ι
1067 1152 1362 1224 Σύμφωνον
1401 1152 1446 1206 δ’
1480 1152 1546 1206 ἂν
1589 1151 1676 1223 εἴη

110 1245 242 1302 τοῦτο
295 1245 372 1318 τῷ
415 1248 651 1318 φήσαντι
701 1247 866 1318 λόγῳ·
909 1265 925 1297 ι
967 1247 1171 1315 Κύριος
1215 1242 1336 1298 εἷπε
1385 1243 1520 1317 πρὸς
1565 1243 1666 1315 μέ·

109 1337 216 1400 Υἱός
245 1355 341 1410 μου
373 1335 423 1392 εἷ
451 1337 518 1392 σύ
541 1356 554 1368 ·
590 1340 700 1408 ἐγὼ
721 1340 962 1411 σήμερον
987 1338 1298 1409 γεγέννηκά
1327 1355 1405 1392 σε.
1431 1337 1666 1408 Δίτησαι

111 1435 218 1502 παρ’
247 1429 400 1502 ἐμοῦ,
431 1431 530 1486 καὶ
573 1429 728 1486 δώσω
756 1449 838 1486 σοι
867 1431 994 1502 ἔθνη
1021 1432 1118 1503 τὴν
1152 1429 1516 1503 κληρονομίαν
1545 1447 1660 1495 σου,

110 1533 184 1574 και
217 1521 308 1592 τὴν
335 1522 668 1591 κατάσχεσίν
696 1539 788 1576 σου
811 1523 878 1576 τὲι
907 1523 1120 1594 πέρατα
1151 1521 1252 1591 τῆς
1279 1523 1400 1593 γῆς.
1441 1542 1458 1572 ι
1507 1525 1570 1576 ’Ὀ
1597 1521 1662 1592 δὴ

109 1615 184 1666 καὶ
225 1615 512 1668 πεπεῖσθαι
548 1617 655 1686 χρὴ
701 1615 1180 1687 πληρωθήσεσθαι,
1212 1616 1288 1668 ὅτ’
1319 1614 1384 1667 ἆν
1421 1615 1482 1668 τὸ
1525 1615 1662 1684 πλή-

111 1722 240 1776 ρωμα
271 1705 374 1758 τῶν
401 1706 576 1760 ἐθνῶν
596 1706 832 1778 εἰσέλθῃ,
870 1708 961 1760 καλ¹
997 1707 1231 1778 μάλιστα
1263 1705 1404 1760 κατά
1431 1706 1531 1777 τὴν
1550 1706 1664 1759 δευ-

107 1796 238 1866 τέραν
265 1797 357 1849 τοῦ
389 1797 648 1870 Σωτῆρος
675 1797 830 1868 ἡμῶν
861 1797 1200 1866 θεοφάνειαν.
1228 1797 1360 1851 Τότε
1409 1797 1539 1866 γοῦν
1579 1798 1746 1850 στάντε

1786 599 1924 654 dixit
1953 600 2022 654 ad
2049 615 2170 656 me:
2197 599 2369 658 Filius
2401 618 2556 660 meus
2573 619 2636 660 es
2662 615 2742 672 tu,
2774 621 2876 678 ego
2909 607 3071 665 hodie
3097 613 3260 682 genui
3289 622 3366 670 te.

1785 691 2010 746 Postula
2069 707 2100 746 a
2143 709 2252 758 me,
2311 701 2366 750 et
2411 695 2556 752 dabo
2603 697 2702 752 tibi
2749 708 2940 770 gentes
2993 700 3368 764 brereditatem

1781 793 1954 848 tuam,
2000 789 2054 840 et
2085 785 2490 854 possessionem
2537 795 2686 842 tuam
2734 789 3000 848 terminos
3046 799 3206 849 terra:
3229 797 3296 853 “.
3341 817 3362 850 ι

1780 875 1936 944 Quod
1989 891 2126 932 sane
2167 885 2492 934 eventurum
2537 894 2663 936 esse
2707 878 3042 938 credendum
3069 925 3084 950 ,
3143 888 3366 956 quando

1781 967 2064 1039 plenitudo
2093 968 2338 1039 gentium
2379 967 2628 1042 ingressa
2681 967 2870 1036 fuerit,
2906 974 3253 1048 maximeque
3305 979 3364 1036 iu

1782 1059 2026 1118 secundo
2055 1069 2110 1116 et
2137 1060 2328 1116 divino
2358 1058 2672 1128 Servatoris
2705 1065 2880 1120 nostri
2907 1066 3164 1125 adventu.
3201 1069 3360 1128 Tune

1779 1167 1972 1208 omnes
1999 1166 2154 1222 rcges
2185 1151 2492 1208 adorabunt
2529 1169 2677 1220 eum,
2712 1163 2768 1210 et
2794 1172 2988 1214 omnes
3019 1169 3208 1231 gentes
3237 1177 3358 1218 ser-

1776 1243 1924 1298 vient
1954 1259 2031 1306 et.
2066 1263 2085 1296 ι
2121 1244 2189 1299 Et
2217 1241 2307 1300 bic
2335 1245 2580 1300 omnium
2613 1245 2736 1302 ﬁnis
2765 1250 2892 1314 erit,
2919 1265 3042 1306 cum
3071 1254 3360 1312 tradiderit

1773 1333 2004 1406 regnum
2061 1335 2172 1392 Deo
2219 1346 2272 1392 et
2329 1334 2518 1404 Patri,
2565 1354 2688 1394 cum
2755 1341 3090 1400 destruxerit
3137 1361 3358 1404 omnem

1772 1426 2140 1497 principatum
2204 1437 2260 1483 et
2307 1443 2522 1484 onmem
2571 1437 2895 1500 potestatem
2957 1443 3010 1490 et
3071 1438 3352 1496 virtutem.

1771 1517 1997 1587 Oportet
2044 1521 2192 1574 enim
2243 1535 2366 1574 eum
2413 1536 2666 1591 regnare,
2722 1523 2897 1581 donec
2949 1537 3113 1590 ponat
3159 1545 3358 1588 omnes

1769 1611 2025 1666 inimicos
2059 1613 2162 1666 sub
2207 1611 2439 1682 pedibus
2485 1614 2622 1680 suis,
2673 1625 2728 1670 et
2781 1619 3080 1676 novissima
3129 1625 3356 1682 inimica

1769 1705 2086 1760 destruatur
2117 1720 2266 1762 mors
2290 1707 2358 1762 “.
2403 1729 2422 1758 ι

1752 1815 1780 1860 ς
1819 1799 1868 1850 οἱ
1904 1797 2144 1867 βασιλεῖς
2177 1801 2648 1872 προσκυνήσουσιν
2691 1800 2864 1876 αὐτῷ,
2920 1807 3014 1860 καὶ
3057 1810 3234 1864 πάντα
3280 1829 3352 1868 τα

107 1891 208 1960 ἔθνη
231 1889 604 1944 δουλεύσουσιν
637 1891 806 1962 αὐτῷ.
849 1909 866 1942 ι
917 1891 1024 1944 Καὶ
1051 1890 1208 1944 τοῦτο
1239 1890 1391 1944 ἔσται
1420 1890 1480 1942 τδ
1517 1889 1735 1944 πάντων
1759 1889 1930 1952 τέλος,
1963 1889 2041 1942 ὅτ’
2082 1888 2148 1942 ἂν
2201 1888 2477 1962 παραδιδῷ
2516 1891 2616 1962 τὴν
2665 1891 2946 1963 βασιλείαν
2975 1899 3054 1968 τῷ
3092 1900 3210 1972 Θεῷ
3256 1903 3354 1958 καὶ

105 1985 268 2058 Πατρὶ,
297 1986 370 2038 ὅτ’
409 1985 476 2038 ἂν
523 1989 850 2058 καταργήσῃ
893 1989 1071 2040 πᾶσαν
1123 1985 1299 2058 ἀρχὴν
1371 1987 1464 2039 καὶ
1506 1987 1687 2038 πᾶσαν

1761 1984 2010 2049 ἐξουσίαν
2071 1984 2166 2038 καὶ
2214 1982 2465 2056 δύναμιν.
2511 1989 2604 2038 Δεῖ
2658 1988 2766 2060 γάρ
2813 1991 2974 2045 αὑτὸν
3023 1993 3346 2063 βασιλεύειν,

105 2081 207 2151 ἄχρι
239 2074 296 2133 οὗ
317 2079 382 2152 θῇ
424 2082 640 2142 πάντας
677 2082 803 2144 τοὺς
847 2081 1073 2153 ἐχθροὺς
1113 2083 1217 2134 ὑπὸ
1253 2082 1422 2144 πόδας
1463 2081 1652 2143 αὑτοῦ,
1691 2081 1921 2152 ἔσχατος
1949 2080 2142 2152 ἐχθρὸς
2173 2084 2530 2152 καταργεῖται
2553 2084 2580 2135 ὁ
2601 2083 2850 2151 Θάνατος.
2893 2109 2912 2140 ι

165 2213 180 2245 ι
207 2193 317 2248 Ὀτι
351 2195 625 2267 ἐρρύσατο
669 2195 885 2266 πτωχὸν
920 2197 983 2250 ἐκ
1010 2197 1293 2260 δυνάστου,
1329 2199 1422 2250 καὶ
1445 2197 1650 2268 πένητα

1827 2193 1995 2250 Vsus.
2029 2195 2119 2250 ιε.
2159 2214 2178 2248 ι
2203 2195 2342 2262 Quia
2372 2197 2621 2252 liberavit
2641 2215 2936 2271 pauperem
2963 2219 2992 2258 a
3025 2213 3266 2274 potente,
3289 2219 3346 2266 et

102 2279 136 2352 ᾧ
161 2287 244 2357 οὐχ
278 2287 486 2360 ὑπῆρχε
521 2285 778 2359 βοηθός.ι
825 2289 971 2342 Ἀντὶ
1010 2289 1124 2342 τοῦ·
1163 2308 1180 2341 ι
1222 2290 1341 2343 Ὅτι
1380 2289 1650 2362 ἐρρύσατο

104 2380 284 2451 πτωχὸν
313 2383 376 2434 ὲκ
397 2381 688 2446 δυνάστου,
728 2403 746 2436 ι
779 2383 808 2435 ὁ
835 2383 1150 2456 Σύμμαχος·
1187 2403 1206 2437 ι
1251 2385 1372 2438 Ὀτι
1397 2381 1654 2448 ἐξελεῖται

105 2471 275 2543 πένητα
329 2473 660 2546 οἰμώζοντα.
703 2496 720 2527 ι
757 2477 830 2529 Οὐ
883 2475 992 2548 γὰρ
1025 2476 1101 2539 ὼς
1141 2475 1241 2548 ἤδη
1284 2475 1652 2547 γεγενημένα,

105 2561 192 2616 ἀλλ’
224 2564 292 2628 ὠς
325 2565 593 2636 μέλλοντα
631 2566 849 2620 ἔσεσθαι
892 2566 1066 2620 ταῦτα
1111 2567 1374 2633 θεσπίζει.
1415 2569 1556 2640 Ὅρα
1599 2568 1656 2621 δὲ

105 2651 258 2716 ὁσάκις
277 2655 365 2707 τοῦ
393 2655 618 2726 πτωχοῦ
641 2655 986 2728 μνημονεύει,
1013 2657 1228 2728 πρῶτον
1250 2656 1438 2712 εἰπών·
1470 2677 1488 2708 ο
1519 2657 1656 2728 Κρί-

106 2759 192 2796 νειν
218 2745 299 2798 τὸν
329 2745 456 2801 λαόν
507 2764 606 2800 σου
637 2749 692 2799 ἐν
725 2748 1059 2823 δικαιοσύνῃ,
1093 2751 1187 2803 καὶ
1233 2751 1361 2814 τοὺς
1405 2751 1656 2821 πτωχοὺς

105 2836 336 2908 ἑνκρίσει·
361 2840 672 2913 ιδεύτερον,
697 2861 715 2892 ι
743 2842 936 2913 Κρινεῖ
967 2845 1092 2907 τοὺς
1121 2843 1370 2914 πτωχοὺς
1391 2844 1484 2897 τοῦ
1501 2841 1650 2908 λαοῦ,

105 2929 179 2980 καὶ
201 2931 344 2984 σώσει
364 2933 489 2996 τοὺς
519 2933 672 2996 υἱοὺς
693 2933 800 2986 τῶν
839 2935 1115 3006 πενήτων·
1162 2954 1180 2986 ι
1209 2935 1305 2988 καὶ
1334 2933 1428 2989 νῦν
1458 2935 1648 2989 πάλιν·

110 3039 124 3070 ι
153 3023 252 3076 ὐτι
289 3025 556 3094 ἐρρύσατο
601 3026 813 3096 πτωχὸν
854 3029 918 3080 ἐκ
947 3027 1207 3081 δυνάστου
1237 3029 1330 3082 καὶ⁹
1365 3029 1574 3098 πένητα
1607 3023 1652 3096 ᾧ

105 3114 179 3184 ιῦχ
197 3117 386 3188 ὑπῆρχε
407 3118 658 3189 βοηθός»
680 3121 770 3172 καὶ
788 3117 964 3185 αὖθις·
988 3141 1004 3172 ι
1034 3122 1281 3176 Φείσεται
1309 3123 1524 3193 πτωχοῦ
1559 3125 1652 3178 καὶ

109 3207 313 3276 πένητος,
345 3211 434 3262 καὶ
469 3209 652 3281 ψυχὰς
693 3215 942 3283 πενήτων
987 3213 1167 3268 σώσει.
1213 3234 1230 3266 ι
1265 3209 1432 3285 Οἶμαι
1475 3215 1531 3268 δὲ
1564 3215 1651 3268 διὰ

104 3303 268 3353 τούτων
297 3303 551 3357 ἁπάντων
596 3306 846 3376 πτωχοὺς
878 3308 972 3360 καὶ
1017 3307 1256 3378 πένητας
1300 3308 1484 3361 καλεῖν
1523 3309 1651 3371 τοὺς

105 3391 384 3459 ἀποστόλους
411 3398 507 3450 καὶ
537 3397 666 3460 τοὺς
697 3397 944 3470 μαθητάς
965 3398 1059 3452 τοῦ
1085 3399 1335 3470 Σωτῆρος
1367 3399 1544 3470 ἡμῶν,
1572 3399 1643 3463 οἳ,

105 3479 180 3550 τὴν
205 3481 440 3559 δι’ἓαύτδν
485 3487 763 3556 πτωχείαν
808 3489 1176 3559 ἀνειληφότες,
1210 3489 1310 3560 τὴν
1357 3491 1436 3553 εἰς
1477 3491 1646 3562 ἄκρον

105 3571 266 3644 ἀρετῆς
293 3575 620 3631 ἐλαύνουσαν
647 3577 962 3650 κατώρθουν
993 3579 1340 3651 φιλοσοφίαν·
1375 3581 1440 3636 δι’
1464 3582 1492 3635 ὃ
1518 3583 1646 3654 περὶ

103 3663 244 3718 αὐτῶν
281 3668 504 3734 Ἡσαΐας
544 3673 643 3741 μὲν
683 3671 1052 3741 προανεφὼνει
1094 3672 1269 3741 λέγων
1293 3689 1306 3702 ·
1343 3691 1362 3724 ι
1399 3674 1643 3744 Εὐαγγέ-

103 3751 304 3811 λίσασθαι
351 3764 592 3830 πτωχοῖς
631 3761 939 3814 άπέσταλκέ
975 3779 1060 3833 με.
1107 3782 1124 3814 ι
1171 3763 1356 3827 Ἀυτὸς
1379 3763 1436 3816 δὲ
1465 3766 1495 3817 ὁ
1527 3767 1640 3818 Σω-

102 3845 197 3916 τὴρ,
225 3850 394 3916 αὐτοῖς
425 3851 798 3924 προσομιλῶν,
831 3851 982 3922 ἔλεγε
1001 3871 1014 3884 ·
1056 3873 1074 3904 ι
1117 3855 1394 3927 Μακάριοι
1419 3858 1468 3909 oi
1495 3873 1642 3909 πτω-

104 3937 265 4004 χοὶ,δτι
287 3943 460 4000 αὐτῶν
491 3947 640 4000 ἐστιν
663 3947 695 4018 ἡ
726 3946 968 4017 βασιλεία
987 3945 1098 3999 τῶν
1116 3948 1380 4020 οὐρανῶν.
1407 3949 1591 4004 Πάντα
1615 3969 1633 4001 ι

103 4025 172 4082 οὖν
193 4051 208 4082 ι
241 4035 302 4088 τά
329 4036 450 4108 ἔθνη
479 4037 859 4092 δουλεύσουσιν
888 4038 1053 4110 αὐτῷ,
1077 4041 1158 4093 ὅτι
1191 4041 1463 4113 ἐρρύσατο
1491 4060 1638 4096 πτωρ-

104 4121 172 4190 xiv
199 4125 254 4179 ἐκ
280 4127 559 4194 δυνάστου,
589 4131 684 4183 καὶ
718 4131 926 4201 πένητα
950 4125 994 4201 ᾧ
1017 4131 1115 4202 οὐχ
1145 4133 1356 4205 ὑπῆρχε
1380 4133 1587 4205 βοηθός.
1613 4155 1631 4186 ι

105 4217 158 4269 Τὸ
187 4223 297 4293 γὰρ,
325 4243 344 4276 ι
375 4227 476 4290 ὅτι,
511 4246 530 4278 ι
571 4226 721 4299 παρὰ
749 4228 884 4280 πᾶσι
923 4229 1036 4291 τοῖς
1068 4229 1430 4298 ἑρμηνευταῖς
1463 4225 1554 4280 καὶ
1578 4227 1638 4280 ἐν

104 4311 209 4384 αὑτῇ
250 4319 310 4388 τῇ
377 4319 638 4391 Ἐϐραϊκῇ
684 4323 866 4390 γραφῇ
942 4320 1190 4391 κείμενον
1212 4359 1226 4382 ,
1278 4319 1636 4388 αἰτιολογικὸν

103 4404 331 4473 τυγχάνει,
371 4409 617 4463 διδάσκον
664 4412 811 4474 ὅπως
847 4411 1024 4463 πάντα
1057 4411 1126 4463 τὰ
1161 4410 1287 4483 ἔθνη
1330 4410 1635 4464 δουλεύσειν

104 4492 262 4566 ἤμελλε
309 4487 394 4573 τῷ
423 4505 656 4575 Σωτῆρι.
711 4505 882 4556 Τοῦτο
936 4503 1064 4576 γὰρ,
1118 4505 1270 4574 φησὶ,
1325 4506 1633 4576 γενήσεται,

110 4591 302 4665 ιέπειδὴ
338 4595 558 4667 ῥύσεται
599 4595 811 4666 πτωχὸν
846 4599 910 4650 ἐκ
947 4597 1242 4651 δυνάστου·
1279 4615 1298 4648 ι
1333 4595 1408 4661 ὡς
1453 4599 1500 4650 εί
1541 4615 1636 4651 σα-

105 4679 315 4756 φέστερον
331 4687 534 4758 ἔλεγεν·
552 4689 676 4741 Ὀτι
695 4689 802 4742 τῶν
831 4689 1140 4744 ἀποστόλων
1155 4687 1320 4742 αὑτοῦ
1339 4689 1401 4742 τὸ
1423 4689 1630 4762 τάγμα,

104 4771 256 4828 τῶνδι*
273 4779 426 4833 αὐτὸν
454 4779 686 4850 πτωχῶν
718 4781 812 4834 καὶ
831 4782 1098 4854 πενήτων,
1113 4781 1336 4850 ῥύσεται
1359 4779 1466 4834 ἀπὸ
1497 4797 1630 4835 παν-

104 4863 172 4926 τὸς
189 4866 448 4926 δυνάστου.
483 4871 703 4926 Πολλῶν
733 4874 843 4944 γὰρ
885 4873 1163 4928 δυναστῶν
1197 4873 1409 4945 ὁρατῶν
1445 4891 1504 4927 τε
1539 4873 1633 4927 καὶ

105 4955 284 5023 ἀφανῶν
306 4965 692 5037 ἀντικειμένων
721 4966 815 5020 καὶ
841 4967 1284 5038 ἐπανισταμένων
1311 4965 1520 5029 τούτοις
1543 4966 1634 5020 αὑ·
1665 4995 1710 5049 D

105 5050 190 5110 τοῖς
208 5054 306 5117 τοῖς
323 5060 555 5128 πτωχοῖς
580 5056 675 5111 καὶ
705 5059 818 5120 τοῖς
841 5058 1088 5128 πένησιν,
1117 5059 1298 5123 αὐτὸς,
1332 5060 1528 5128 ἀφανεῖ
1545 5059 1635 5111 δυ-

107 5137 232 5208 νάμει
259 5147 600 5217 προασπιζων
624 5149 823 5214 αὐτῶν,
851 5151 915 5204 ἐκ
935 5151 1150 5204 πάντων
1165 5151 1361 5214 αὐτοὺς
1391 5149 1634 5223 ῥύσεται,

109 5232 212 5302 πρὸς
235 5237 396 5313 τδομὴ
429 5241 736 5314 κωλυθῆναι
765 5244 866 5315 τὴν
904 5245 970 5298 δι’
1002 5243 1180 5298 αὐτῶν
1212 5243 1634 5314 ἐπιτελουμένην

108 5323 178 5376 τοῦ
201 5329 532 5399 εὐαγγελικοῦ
557 5337 922 5409 κηρύγματος
959 5336 1281 5408 ὑπηρεσίαν.
1329 5337 1438 5390 Καὶ
1473 5335 1632 5390 τοῦτο

109 5415 264 5484 πράξει
293 5421 462 5478 συνὼν
493 5427 694 5492 αὐτοῖς,
737 5427 854 5482 καθ’
875 5429 944 5499 ἢν
975 5429 1258 5498 ποιήσεται
1280 5429 1414 5500 πρὸς
1435 5429 1634 5492 αὐτοὺς

110 5505 388 5578 ἐπαγγελίαν
415 5520 626 5589 φήσας·
663 5541 680 5572 ε
733 5521 865 5575 Ἰδοὺ
898 5520 1010 5590 ἐγὼ
1044 5523 1162 5591 μεθ’
1199 5521 1352 5592 ὑμῶν
1378 5525 1494 5594 εἰμι
1529 5522 1634 5576 πά-

111 5611 186 5661 σας
201 5601 284 5668 τὰς
301 5607 401 5678 ήμέ
409 5627 506 5680 ρας
528 5611 634 5675 ἕως
655 5613 754 5684 τῆς
783 5612 1090 5676 συντελείας
1111 5613 1205 5665 τοῦ
1226 5611 1440 5676 αἰῶνος.
1478 5633 1496 5664 ι
1531 5612 1634 5666 Οὖσ-

111 5701 194 5752 πως
220 5689 299 5748 ὢν
328 5699 418 5752 καὶ
459 5701 708 5770 ἐφείσατο
736 5699 951 5771 πτωχοῦ
986 5701 1079 5754 καὶ
1113 5701 1362 5773 πένητος,
1395 5701 1490 5754 καὶ
1531 5697 1632 5770 ψυ-

169 5849 354 5912 “Psal.
385 5873 443 5925 ιι,
468 5859 520 5925 7,
547 5861 602 5914 8.
678 5859 722 5892 "
758 5859 928 5914 lCor.
954 5873 1046 5922 xv,
1081 5857 1263 5913 νεεδ.
1340 5857 1384 5934 ξ’
1424 5856 1529 5914 lsa.
1559 5870 1652 5911 ut
1687 5857 1738 5924 l,

379 5953 654 6016 Ptrnou
703 5955 820 6015 Gn.
899 5951 1140 6015 XXIII.

1759 2305 2051 2364 pauperem
2079 2291 2303 2346 cuinon
2336 2298 2455 2346 erat
2489 2293 2726 2362 adjutor.
2766 2314 2784 2346 ι
2825 2295 2930 2351 Pro
2965 2299 3097 2354 illo:
3143 2319 3162 2352 ι
3204 2301 3344 2368 Quin

1759 2379 2012 2435 liberavit
2039 2395 2328 2451 pauperem
2351 2396 2380 2435 a
2405 2389 2648 2452 potente,
2674 2405 2690 2437 ι
2716 2383 3081 2457 Symmachus
3105 2411 3117 2445 :
3155 2411 3173 2445 ι
3203 2391 3346 2460 Quia

1756 2469 1950 2540 eripiet
1995 2487 2290 2542 pauperem
2344 2473 2662 2542 ejulautem.
2723 2495 2742 2527 ι
2805 2477 2930 2534 llaec
2979 2482 3180 2554 quippe
3230 2499 3342 2542 non

1756 2563 1916 2634 quasi
1972 2561 2084 2633 iam
2138 2565 2441 2630 evenerint,
2498 2566 2593 2628 sed
2643 2577 2702 2622 ut
2753 2568 2934 2626 futura
2987 2575 3338 2634 vaticinatur.

1756 2655 2181 2712 Animadvertas
2219 2657 2384 2712 velim
2433 2659 2648 2728 quoties
2691 2675 2986 2733 pauperem
3028 2679 3340 2740 memoret;

1755 2748 1936 2818 primo
1952 2763 2077 2802 cum
2108 2748 2224 2804 ait:
2251 2768 2269 2800 ι
2307 2745 2560 2805 Judicare
2607 2754 2868 2822 populum
2899 2764 3052 2811 tuum
3083 2760 3141 2813 in
3166 2759 3339 2830 justi-

1755 2840 1851 2902 tia,
1887 2847 1941 2894 et
1970 2855 2240 2910 pauperes
2270 2852 2393 2896 tuos
2423 2841 2478 2894 in
2507 2841 2718 2911 judicio
2746 2862 2760 2910 ;
2805 2865 2824 2897 ι
2857 2849 3140 2906 secundo:
3173 2870 3194 2903 ι
3241 2850 3342 2908 Ju-

1754 2931 1958 2986 dicabit
1982 2945 2250 3002 pauperes
2289 2932 2497 3001 populi,
2536 2939 2590 2987 et
2629 2934 2811 2990 salvos
2843 2934 3004 2992 faciet
3033 2939 3173 2996 lilios
3202 2956 3338 3011 pau-

1754 3039 1981 3094 perum;
2018 3043 2036 3076 ι
2061 3033 2116 3079 et
2149 3039 2295 3080 nunc
2328 3024 2524 3080 iterum
2561 3045 2574 3080 :
2613 3045 2632 3077 ‹
2677 3025 2818 3094 Quia
2851 3031 3101 3088 liberavit
3133 3050 3342 3108 paupe-

1753 3132 1867 3173 rem
1900 3132 1930 3170 a
1953 3125 2192 3187 potente,
2215 3125 2270 3172 et
2301 3133 2595 3188 pauperem
2619 3121 2708 3174 cui
2739 3137 2847 3176 non
2877 3133 2996 3180 erat
3029 3127 3278 3198 adjutor;
3313 3149 3332 3181 ι

1753 3227 1817 3266 ac
1849 3227 2068 3266 rursum
2104 3229 2116 3266 :
2156 3231 2175 3262 ι
2229 3211 2424 3267 Parcet
2447 3215 2674 3284 pauperi
2705 3223 2759 3270 et
2793 3216 2940 3288 inopi
2963 3259 2978 3284 ,
3031 3229 3084 3275 et
3124 3223 3338 3278 animus

1755 3317 2056 3372 pauperum
2086 3301 2268 3358 salvas
2295 3301 2481 3359 faciet.
2517 3323 2536 3356 ι
2570 3305 2824 3362 Arbitror
2851 3323 3018 3379 porro
3039 3311 3126 3367 his
3156 3315 3338 3368 omni-

1715 3461 1717 3464 .
1751 3395 1854 3450 lius
1887 3394 1943 3447 in
1975 3394 2112 3449 locis
2143 3393 2323 3464 ipsum
2355 3401 2641 3465 apostolos
2668 3407 2722 3454 et
2749 3399 3048 3472 discipulos
3077 3403 3336 3462 Servato-

1752 3485 1830 3540 ris
1867 3485 2062 3554 nostri,
2094 3501 2364 3557 pauperes
2397 3493 2452 3542 et
2497 3487 2690 3561 inopes
2717 3505 2932 3557 vocare,
2977 3495 3072 3564 qui
3111 3505 3338 3569 propter

1749 3577 1930 3648 ipsum
1968 3589 2342 3650 paupertatem
2379 3581 2698 3647 subeuntes,
2731 3582 3131 3656 philosophiam
3183 3591 3332 3646 illam

1755 3671 1822 3724 ad
1861 3671 2082 3727 virtutis
2122 3671 2400 3743 fastigium
2433 3672 2752 3728 evehentem
2806 3676 3078 3734 colebant.
3131 3679 3336 3746 Quam-

1749 3764 1939 3818 obrem
1969 3763 2084 3818 haec
2126 3763 2195 3819 de
2241 3763 2350 3820 illis
2403 3762 2576 3820 lsaias
2619 3769 3064 3836 praenuntiabat:
3104 3791 3122 3823 ι
3160 3771 3336 3828 Evan-

1749 3856 1983 3926 gelizare
2022 3853 2358 3924 pauperibus
2401 3855 2552 3910 misit
2580 3872 2667 3911 me
2687 3857 2755 3913 “.
2795 3877 2814 3910 ι
2843 3859 2964 3928 ipse
2991 3877 3119 3916 vero
3145 3861 3334 3920 Domi-

1748 3963 1856 4003 nus
1887 3963 1982 4004 eos
2011 3949 2296 4020 alloquens
2330 3948 2542 4004 dicebat
2579 3969 2592 4006 :
2630 3968 2650 4001 ι
2684 3949 2835 4006 Beati
2873 3967 3162 4022 pauperes,
3191 3971 3332 4026 quo-

1747 4041 1894 4094 niam
1929 4039 2172 4111 ipsorum
2226 4047 2314 4097 est
2369 4057 2596 4112 regnum
2640 4043 2992 4098 etclorum".
3058 4043 3261 4102 Omnes
3300 4067 3321 4101 ι

1747 4148 1878 4202 ergo
1913 4153 1931 4185 ι
1953 4141 2143 4204 gentes
2171 4134 2502 4203 servientei,
2535 4135 2664 4205 quia
2695 4135 2951 4191 liberavit
2972 4153 3261 4208 pauperem
3293 4156 3326 4196 a

1747 4231 1988 4294 potente,
2026 4233 2079 4280 et
2111 4241 2405 4296 pauperem
2437 4227 2526 4280 cui
2559 4241 2668 4282 non
2701 4235 2818 4282 erat
2852 4227 3094 4296 adjutor.
3133 4247 3153 4282 ι
3187 4227 3324 4284 Nam

1745 4315 1904 4380 illud,
1943 4335 1961 4369 ι
1999 4317 2152 4388 quia,
2191 4337 2210 4370 ›
2245 4317 2388 4388 apud
2418 4333 2608 4374 omnes
2644 4320 2990 4390 interpretes,
3025 4329 3081 4376 et
3119 4322 3176 4376 in
3204 4321 3324 4393 ipsa

1744 4407 2012 4464 Ilebraica
2069 4409 2340 4480 scriptura
2409 4411 2688 4481 positum,
2765 4426 2986 4468 causam
3054 4411 3322 4479 denotat,

1743 4501 1951 4557 docens
1979 4517 2080 4556 cur
2127 4502 2372 4556 futurum
2419 4504 2492 4558 sit
2519 4513 2577 4559 ut
2626 4519 2816 4560 omnes
2849 4513 3036 4576 gentes
3085 4507 3324 4562 serviant

1743 4591 2068 4660 Servatori;
2103 4594 2158 4648 id
2185 4608 2422 4663 namque
2457 4593 2568 4661 ﬁet,
2617 4594 2818 4664 inquit,
2859 4615 2878 4648 ι
2910 4597 3036 4666 quia
3069 4597 3324 4652 liberavit

1741 4695 2034 4752 pauperem
2071 4697 2102 4736 a
2131 4687 2396 4753 potente;
2433 4699 2452 4732 ι
2487 4697 2550 4736 ac
2580 4682 2628 4736 si
2655 4682 2860 4738 clarius
2904 4683 3114 4738 diceret
3141 4703 3156 4737 :
3180 4683 3323 4750 Quia

1742 4775 2116 4846 apostolorum
2161 4790 2410 4838 suorum,
2444 4777 2538 4845 qui
2571 4783 2792 4846 propter
2842 4775 3020 4846 ipsum
3055 4791 3321 4847 pauperes

1740 4872 1795 4920 et
1829 4865 2021 4936 inopes
2043 4873 2224 4931 erant,
2251 4867 2500 4922 ordinem
2527 4865 2780 4920 liberabit
2802 4867 2870 4920 ab
2893 4865 3044 4920 omni
3077 4875 3318 4937 potente.

1741 4957 1878 5012 Cum
1913 4958 2071 5013 multi
2123 4959 2271 5014 enim
2317 4965 2569 5030 potentes
2607 4957 2854 5014 visibiles
2913 4967 2968 5014 et
3017 4958 3322 5014 invisibiles

1743 5050 2169 5106 adversumillos
2187 5065 2455 5123 pauperes
2469 5057 2520 5106 et
2539 5050 2728 5120 inepes
2757 5050 3064 5121 insurgent,
3095 5050 3318 5106 eosdem

1745 5143 1861 5213 ipse
1897 5145 2112 5200 occulta
2133 5144 2336 5198 virtute
2363 5149 2633 5214 proteget,
2650 5158 2826 5214 exque
2853 5143 3298 5198 omnibuslibera

1741 5237 1844 5300 bit,
1875 5245 1936 5290 ut
1963 5252 2034 5292 ne
2061 5236 2206 5307 quod
2240 5236 2344 5308 ipsi
2382 5237 2586 5292 obeunt
2617 5235 2946 5306 evangeliea:
2973 5233 3315 5306 praedicatio-

1739 5330 1826 5386 nis
1856 5329 2221 5386 ministerium
2257 5329 2643 5400 praepediatur.
2689 5327 2861 5398 quue
2908 5327 3026 5398 ipse
3073 5341 3315 5396 praesens

1739 5422 1954 5487 elﬁciet,
1985 5424 2287 5479 secundum
2321 5423 2388 5478 ab
2414 5437 2472 5478 se
2507 5421 2826 5476 tradendam
2877 5420 3311 5492 promissionem,

1741 5531 1848 5588 qua
1878 5515 2013 5570 dicit
2041 5533 2055 5569 :
2095 5533 2116 5568 ι
2153 5515 2294 5571 Ecce
2322 5531 2422 5588 ego
2449 5516 2732 5572 vobiscum
2763 5529 2885 5571 sum
2915 5512 3170 5568 omnibus
3199 5510 3317 5565 die-

1739 5607 1844 5662 bus
1893 5622 2068 5677 usque
2112 5607 2181 5663 ad
2237 5607 2767 5664 consummationem
2815 5603 3090 5676 saeculi“.
3143 5623 3164 5656 ο
3221 5601 3314 5659 Sic

1739 5698 1925 5771 itaque
1954 5702 2198 5773 pepercit
2231 5701 2458 5774 pauperi
2492 5709 2546 5756 et
2575 5702 2741 5772 inopi,
2773 5712 2828 5755 et
2869 5701 3081 5755 animas
3113 5711 3316 5770 paupe-

1815 5855 1860 5890 "
1889 5855 2079 5915 Matth.
2109 5874 2162 5928 ν,
2202 5859 2254 5916 τι.
2334 5858 2380 5893 ⁸⁸
2402 5857 2591 5913 Matth.
2635 5871 2827 5924 xxt'ttt,
2857 5854 2948 5912 20.

2917 5945 2998 6008 26
