  <div class='ocr_page' id='page_1' title='image "/cluster/home/n/w/nwhite01/storage/ocr_20150623/23/hvd.32044073501124/413.png"; bbox 0 0 4086 6442; ppageno 0'>
   <div class='ocr_carea' id='block_1_1' title="bbox 591 319 3906 433">
    <p class='ocr_par' dir='ltr' id='par_1_1' title="bbox 623 370 3906 433">
     <span class='ocr_line' id='line_1_1' title="bbox 623 370 3906 433; baseline 0 -3"><span class='ocrx_word' id='word_1_1' title='bbox 623 376 722 430; x_wconf 80' lang='lat' dir='ltr'><strong>8H</strong></span> <span class='ocrx_word' id='word_1_2' title='bbox 1297 374 1567 432; x_wconf 76' lang='lat' dir='ltr'><strong>EUSEBII</strong></span> <span class='ocrx_word' id='word_1_3' title='bbox 1605 371 2087 430; x_wconf 65' lang='lat' dir='ltr'><strong>CESARIENSIS</strong></span> <span class='ocrx_word' id='word_1_4' title='bbox 2125 370 2280 430; x_wconf 85' lang='lat' dir='ltr'><strong>OPP.</strong></span> <span class='ocrx_word' id='word_1_5' title='bbox 2320 370 2501 426; x_wconf 73' lang='lat' dir='ltr'><strong>PARS</strong></span> <span class='ocrx_word' id='word_1_6' title='bbox 2537 373 2624 430; x_wconf 86' lang='lat' dir='ltr'><strong>Ill.</strong></span> <span class='ocrx_word' id='word_1_7' title='bbox 2664 405 2734 416; x_wconf 88' lang='lat'><strong>--</strong></span> <span class='ocrx_word' id='word_1_8' title='bbox 2759 374 3169 433; x_wconf 71' lang='lat' dir='ltr'><strong>EXEGETICA.</strong></span> <span class='ocrx_word' id='word_1_9' title='bbox 3817 373 3906 430; x_wconf 64' lang='lat'><strong>8|!</strong></span> 
     </span>
    </p>
   </div>
   <div class='ocr_carea' id='block_1_2' title="bbox 617 496 2190 571">
    <p class='ocr_par' dir='ltr' id='par_1_2' title="bbox 617 497 2190 571">
     <span class='ocr_line' id='line_1_2' title="bbox 617 497 2190 571; baseline -0.001 -18"><span class='ocrx_word' id='word_1_10' title='bbox 617 515 738 554; x_wconf 82' lang='lat' dir='ltr'><strong>rum</strong></span> <span class='ocrx_word' id='word_1_11' title='bbox 757 499 936 555; x_wconf 87' lang='lat' dir='ltr'><strong>salvas</strong></span> <span class='ocrx_word' id='word_1_12' title='bbox 956 497 1082 554; x_wconf 80' lang='lat' dir='ltr'><strong>fecit</strong></span> <span class='ocrx_word' id='word_1_13' title='bbox 1107 519 1118 554; x_wconf 92' lang='lat'>:</span> <span class='ocrx_word' id='word_1_14' title='bbox 1145 500 1368 571; x_wconf 74' lang='lat' dir='ltr'><strong>haecque</strong></span> <span class='ocrx_word' id='word_1_15' title='bbox 1379 500 1560 555; x_wconf 93' lang='lat' dir='ltr'><strong>omnia</strong></span> <span class='ocrx_word' id='word_1_16' title='bbox 1581 498 1866 568; x_wconf 87' lang='lat' dir='ltr'><strong>discipulis</strong></span> <span class='ocrx_word' id='word_1_17' title='bbox 1881 506 1927 554; x_wconf 89' lang='lat' dir='ltr'><strong>et</strong></span> <span class='ocrx_word' id='word_1_18' title='bbox 1946 497 2190 562; x_wconf 78' lang='lat' dir='ltr'><strong>apostoli:</strong></span> 
     </span>
    </p>
   </div>
   <div class='ocr_carea' id='block_1_3' title="bbox 2290 496 3908 571">
    <p class='ocr_par' dir='ltr' id='par_1_3' title="bbox 2310 496 3908 570">
     <span class='ocr_line' id='line_1_3' title="bbox 2310 496 3908 570; baseline 0 -20"><span class='ocrx_word' id='word_1_19' title='bbox 2310 515 2411 568; x_wconf 70' lang='lat' dir='ltr'><strong>Xa;</strong></span> <span class='ocrx_word' id='word_1_20' title='bbox 2468 505 2712 570; x_wconf 80' lang='grc' dir='ltr'>πενήτων</span> <span class='ocrx_word' id='word_1_21' title='bbox 2763 499 2966 552; x_wconf 77' lang='grc' dir='ltr'>ἔσωσε·</span> <span class='ocrx_word' id='word_1_22' title='bbox 3002 516 3096 552; x_wconf 88' lang='grc' dir='ltr'><strong>και</strong></span> <span class='ocrx_word' id='word_1_23' title='bbox 3144 496 3314 551; x_wconf 80' lang='grc' dir='ltr'>ταῦτα</span> <span class='ocrx_word' id='word_1_24' title='bbox 3363 497 3577 551; x_wconf 78' lang='grc' dir='ltr'>πάντα</span> <span class='ocrx_word' id='word_1_25' title='bbox 3615 498 3734 558; x_wconf 83' lang='grc' dir='ltr'>τοῖς</span> <span class='ocrx_word' id='word_1_26' title='bbox 3763 496 3908 550; x_wconf 69' lang='grc' dir='ltr'><strong>αὖταῦ</strong></span> 
     </span>
    </p>
   </div>
   <div class='ocr_carea' id='block_1_4' title="bbox 619 589 2190 664">
    <p class='ocr_par' dir='ltr' id='par_1_4' title="bbox 619 593 2190 664">
     <span class='ocr_line' id='line_1_4' title="bbox 619 593 2190 664; baseline -0.003 -12"><span class='ocrx_word' id='word_1_27' title='bbox 619 595 738 652; x_wconf 86' lang='lat' dir='ltr'><strong>suis</strong></span> <span class='ocrx_word' id='word_1_28' title='bbox 757 593 1009 664; x_wconf 65' lang='lat' dir='ltr'><strong>praebuit,</strong></span> <span class='ocrx_word' id='word_1_29' title='bbox 1025 595 1151 648; x_wconf 90' lang='lat' dir='ltr'><strong>ntin</strong></span> <span class='ocrx_word' id='word_1_30' title='bbox 1166 608 1382 648; x_wconf 93' lang='lat' dir='ltr'><strong>omnem</strong></span> <span class='ocrx_word' id='word_1_31' title='bbox 1407 601 1606 647; x_wconf 91' lang='lat' dir='ltr'><strong>terram</strong></span> <span class='ocrx_word' id='word_1_32' title='bbox 1624 601 1797 647; x_wconf 77' lang='lat' dir='ltr'><strong>curet</strong></span> <span class='ocrx_word' id='word_1_33' title='bbox 1815 607 1986 647; x_wconf 90' lang='lat' dir='ltr'><strong>sonus</strong></span> <span class='ocrx_word' id='word_1_34' title='bbox 2009 608 2190 648; x_wconf 88' lang='lat' dir='ltr'><strong>eorum</strong></span> 
     </span>
    </p>
   </div>
   <div class='ocr_carea' id='block_1_5' title="bbox 2290 589 3909 664">
    <p class='ocr_par' dir='ltr' id='par_1_5' title="bbox 2307 589 3909 663">
     <span class='ocr_line' id='line_1_5' title="bbox 2307 589 3909 663; baseline -0.002 -17"><span class='ocrx_word' id='word_1_35' title='bbox 2307 592 2572 663; x_wconf 78' lang='grc' dir='ltr'><strong>μαθηταῖς</strong></span> <span class='ocrx_word' id='word_1_36' title='bbox 2600 595 2691 646; x_wconf 77' lang='grc' dir='ltr'><strong>καὶ</strong></span> <span class='ocrx_word' id='word_1_37' title='bbox 2716 592 3034 654; x_wconf 78' lang='grc' dir='ltr'><strong>ἀποστόλοις</strong></span> <span class='ocrx_word' id='word_1_38' title='bbox 3066 594 3343 662; x_wconf 84' lang='grc' dir='ltr'>παρεῖχεν,</span> <span class='ocrx_word' id='word_1_39' title='bbox 3378 591 3457 642; x_wconf 82' lang='grc' dir='ltr'>ἵν’</span> <span class='ocrx_word' id='word_1_40' title='bbox 3495 590 3587 653; x_wconf 85' lang='grc' dir='ltr'><strong>είς</strong></span> <span class='ocrx_word' id='word_1_41' title='bbox 3617 589 3801 642; x_wconf 82' lang='grc' dir='ltr'>πᾶσαν</span> <span class='ocrx_word' id='word_1_42' title='bbox 3827 592 3909 661; x_wconf 67' lang='grc' dir='ltr'><strong>τὴν</strong></span> 
     </span>
    </p>
   </div>
   <div class='ocr_carea' id='block_1_6' title="bbox 619 681 2190 756">
    <p class='ocr_par' dir='ltr' id='par_1_6' title="bbox 619 685 2190 744">
     <span class='ocr_line' id='line_1_6' title="bbox 619 685 2190 744; baseline 0 -3"><span class='ocrx_word' id='word_1_43' title='bbox 619 697 674 741; x_wconf 91' lang='lat' dir='ltr'><strong>et</strong></span> <span class='ocrx_word' id='word_1_44' title='bbox 706 687 761 741; x_wconf 93' lang='lat' dir='ltr'><strong>in</strong></span> <span class='ocrx_word' id='word_1_45' title='bbox 803 685 938 741; x_wconf 87' lang='lat' dir='ltr'><strong>ﬁnes</strong></span> <span class='ocrx_word' id='word_1_46' title='bbox 963 686 1112 740; x_wconf 86' lang='lat' dir='ltr'><strong>orbis</strong></span> <span class='ocrx_word' id='word_1_47' title='bbox 1167 697 1324 741; x_wconf 71' lang='lat' dir='ltr'><strong>terra:</strong></span> <span class='ocrx_word' id='word_1_48' title='bbox 1375 686 1540 744; x_wconf 83' lang='lat' dir='ltr'><strong>verba</strong></span> <span class='ocrx_word' id='word_1_49' title='bbox 1581 701 1790 740; x_wconf 90' lang='lat' dir='ltr'><strong>eorum.</strong></span> <span class='ocrx_word' id='word_1_50' title='bbox 1831 686 2040 740; x_wconf 89' lang='lat' dir='ltr'><strong>Horum</strong></span> <span class='ocrx_word' id='word_1_51' title='bbox 2073 701 2190 742; x_wconf 79' lang='lat' dir='ltr'><strong>vero</strong></span> 
     </span>
    </p>
   </div>
   <div class='ocr_carea' id='block_1_7' title="bbox 2290 681 3910 756">
    <p class='ocr_par' dir='ltr' id='par_1_7' title="bbox 2303 681 3910 756">
     <span class='ocr_line' id='line_1_7' title="bbox 2303 681 3910 756; baseline -0.001 -21"><span class='ocrx_word' id='word_1_52' title='bbox 2303 686 2404 756; x_wconf 81' lang='grc' dir='ltr'>γῆν</span> <span class='ocrx_word' id='word_1_53' title='bbox 2437 684 2642 750; x_wconf 78' lang='grc' dir='ltr'><strong>ἐξέλθοι</strong></span> <span class='ocrx_word' id='word_1_54' title='bbox 2671 687 2698 737; x_wconf 91' lang='lat'><strong>6</strong></span> <span class='ocrx_word' id='word_1_55' title='bbox 2722 683 2954 753; x_wconf 75' lang='grc' dir='ltr'><strong>φθόγγος</strong></span> <span class='ocrx_word' id='word_1_56' title='bbox 2989 683 3189 746; x_wconf 74' lang='grc' dir='ltr'>αὐτῶν,</span> <span class='ocrx_word' id='word_1_57' title='bbox 3221 684 3314 736; x_wconf 62' lang='grc' dir='ltr'><strong>καὶ⁹</strong></span> <span class='ocrx_word' id='word_1_58' title='bbox 3347 685 3439 745; x_wconf 86' lang='grc' dir='ltr'><strong>είς</strong></span> <span class='ocrx_word' id='word_1_59' title='bbox 3469 681 3551 735; x_wconf 87' lang='grc' dir='ltr'>τὰ</span> <span class='ocrx_word' id='word_1_60' title='bbox 3586 681 3807 751; x_wconf 82' lang='grc' dir='ltr'>πέρατα</span> <span class='ocrx_word' id='word_1_61' title='bbox 3829 687 3910 752; x_wconf 73' lang='grc' dir='ltr'>τῆς</span> 
     </span>
    </p>
   </div>
   <div class='ocr_carea' id='block_1_8' title="bbox 619 773 2190 852">
    <p class='ocr_par' dir='ltr' id='par_1_8' title="bbox 619 780 2190 852">
     <span class='ocr_line' id='line_1_8' title="bbox 619 780 2190 852; baseline -0.001 -17"><span class='ocrx_word' id='word_1_62' title='bbox 619 795 920 852; x_wconf 81' lang='lat' dir='ltr'><strong>pauperum</strong></span> <span class='ocrx_word' id='word_1_63' title='bbox 945 788 1000 837; x_wconf 90' lang='lat' dir='ltr'><strong>et</strong></span> <span class='ocrx_word' id='word_1_64' title='bbox 1025 782 1246 849; x_wconf 88' lang='lat' dir='ltr'><strong>inopum</strong></span> <span class='ocrx_word' id='word_1_65' title='bbox 1280 780 1492 834; x_wconf 89' lang='lat' dir='ltr'><strong>animas</strong></span> <span class='ocrx_word' id='word_1_66' title='bbox 1515 795 1581 834; x_wconf 82' lang='lat' dir='ltr'><strong>ex</strong></span> <span class='ocrx_word' id='word_1_67' title='bbox 1613 781 1798 834; x_wconf 82' lang='lat' dir='ltr'><strong>usuris</strong></span> <span class='ocrx_word' id='word_1_68' title='bbox 1828 787 1883 832; x_wconf 91' lang='lat' dir='ltr'><strong>et</strong></span> <span class='ocrx_word' id='word_1_69' title='bbox 1914 780 2190 851; x_wconf 72' lang='lat' dir='ltr'><strong>iniquitate</strong></span> 
     </span>
    </p>
   </div>
   <div class='ocr_carea' id='block_1_9' title="bbox 2290 773 3914 852">
    <p class='ocr_par' dir='ltr' id='par_1_9' title="bbox 2302 773 3914 848">
     <span class='ocr_line' id='line_1_9' title="bbox 2302 773 3914 848; baseline -0.002 -18"><span class='ocrx_word' id='word_1_70' title='bbox 2302 776 2623 848; x_wconf 79' lang='grc' dir='ltr'>οἰκουμένης</span> <span class='ocrx_word' id='word_1_71' title='bbox 2659 777 2727 830; x_wconf 77' lang='grc' dir='ltr'>τὰ</span> <span class='ocrx_word' id='word_1_72' title='bbox 2762 780 2982 848; x_wconf 82' lang='grc' dir='ltr'>ῥήματα</span> <span class='ocrx_word' id='word_1_73' title='bbox 3017 777 3216 832; x_wconf 79' lang='grc' dir='ltr'>αὐτῶν.</span> <span class='ocrx_word' id='word_1_74' title='bbox 3254 775 3489 830; x_wconf 78' lang='grc' dir='ltr'>Τούτων</span> <span class='ocrx_word' id='word_1_75' title='bbox 3539 773 3606 827; x_wconf 81' lang='grc' dir='ltr'><strong>δὲ</strong></span> <span class='ocrx_word' id='word_1_76' title='bbox 3642 773 3756 827; x_wconf 80' lang='grc' dir='ltr'>τῶν</span> <span class='ocrx_word' id='word_1_77' title='bbox 3789 791 3914 828; x_wconf 85' lang='grc' dir='ltr'>πτω-</span> 
     </span>
    </p>
   </div>
   <div class='ocr_carea' id='block_1_10' title="bbox 619 869 2190 942">
    <p class='ocr_par' dir='ltr' id='par_1_10' title="bbox 619 869 2190 942">
     <span class='ocr_line' id='line_1_10' title="bbox 619 869 2190 942; baseline -0.001 -14"><span class='ocrx_word' id='word_1_78' title='bbox 619 873 872 935; x_wconf 87' lang='lat' dir='ltr'><strong>redemit,</strong></span> <span class='ocrx_word' id='word_1_79' title='bbox 929 880 988 926; x_wconf 89' lang='lat' dir='ltr'><strong>ut</strong></span> <span class='ocrx_word' id='word_1_80' title='bbox 1037 870 1239 926; x_wconf 87' lang='lat' dir='ltr'><strong>nemini</strong></span> <span class='ocrx_word' id='word_1_81' title='bbox 1287 871 1567 942; x_wconf 82' lang='lat' dir='ltr'><strong>quidpiam</strong></span> <span class='ocrx_word' id='word_1_82' title='bbox 1615 869 1896 928; x_wconf 76' lang='lat' dir='ltr'><strong>deberent.</strong></span> <span class='ocrx_word' id='word_1_83' title='bbox 1945 869 2102 937; x_wconf 85' lang='lat' dir='ltr'><strong>Quod</strong></span> <span class='ocrx_word' id='word_1_84' title='bbox 2154 872 2190 927; x_wconf 87' lang='lat' dir='ltr'><strong>si</strong></span> 
     </span>
    </p>
   </div>
   <div class='ocr_carea' id='block_1_11' title="bbox 2290 869 3912 942">
    <p class='ocr_par' dir='ltr' id='par_1_11' title="bbox 2302 869 3912 942">
     <span class='ocr_line' id='line_1_11' title="bbox 2302 869 3912 942; baseline -0.002 -20"><span class='ocrx_word' id='word_1_85' title='bbox 2302 871 2412 942; x_wconf 86' lang='grc' dir='ltr'><strong>χῶν</strong></span> <span class='ocrx_word' id='word_1_86' title='bbox 2446 871 2544 924; x_wconf 80' lang='grc' dir='ltr'>καὶ</span> <span class='ocrx_word' id='word_1_87' title='bbox 2571 871 2678 924; x_wconf 81' lang='grc' dir='ltr'>τῶν</span> <span class='ocrx_word' id='word_1_88' title='bbox 2722 873 2966 941; x_wconf 81' lang='grc' dir='ltr'>πενήτων</span> <span class='ocrx_word' id='word_1_89' title='bbox 2995 872 3060 925; x_wconf 87' lang='grc' dir='ltr'><strong>ἐκ</strong></span> <span class='ocrx_word' id='word_1_90' title='bbox 3103 873 3262 925; x_wconf 86' lang='grc' dir='ltr'>τόκου</span> <span class='ocrx_word' id='word_1_91' title='bbox 3297 872 3389 924; x_wconf 70' lang='grc' dir='ltr'>καὶ</span> <span class='ocrx_word' id='word_1_92' title='bbox 3423 869 3494 936; x_wconf 80' lang='grc' dir='ltr'><strong>ἐξ</strong></span> <span class='ocrx_word' id='word_1_93' title='bbox 3550 869 3780 931; x_wconf 84' lang='grc' dir='ltr'>ἀδικίας</span> <span class='ocrx_word' id='word_1_94' title='bbox 3807 870 3912 920; x_wconf 74' lang='grc' dir='ltr'>ἐλυ-</span> 
     </span>
    </p>
   </div>
   <div class='ocr_carea' id='block_1_12' title="bbox 617 961 2190 1036">
    <p class='ocr_par' dir='ltr' id='par_1_12' title="bbox 617 962 2190 1036">
     <span class='ocr_line' id='line_1_12' title="bbox 617 962 2190 1036; baseline -0.003 -16"><span class='ocrx_word' id='word_1_95' title='bbox 617 966 948 1036; x_wconf 87' lang='lat' dir='ltr'><strong>quandoque</strong></span> <span class='ocrx_word' id='word_1_96' title='bbox 993 963 1150 1020; x_wconf 85' lang='lat' dir='ltr'><strong>fenus</strong></span> <span class='ocrx_word' id='word_1_97' title='bbox 1189 963 1533 1035; x_wconf 87' lang='lat' dir='ltr'><strong>acceperint,</strong></span> <span class='ocrx_word' id='word_1_98' title='bbox 1568 962 1643 1016; x_wconf 89' lang='lat' dir='ltr'><strong>ita</strong></span> <span class='ocrx_word' id='word_1_99' title='bbox 1692 969 1753 1017; x_wconf 92' lang='lat' dir='ltr'><strong>ut</strong></span> <span class='ocrx_word' id='word_1_100' title='bbox 1794 970 2038 1017; x_wconf 88' lang='lat' dir='ltr'><strong>veterum</strong></span> <span class='ocrx_word' id='word_1_101' title='bbox 2072 977 2190 1033; x_wconf 92' lang='lat' dir='ltr'><strong>pec-</strong></span> 
     </span>
    </p>
   </div>
   <div class='ocr_carea' id='block_1_13' title="bbox 2290 961 3916 1036">
    <p class='ocr_par' dir='ltr' id='par_1_13' title="bbox 2301 961 3916 1036">
     <span class='ocr_line' id='line_1_13' title="bbox 2301 961 3916 1036; baseline -0.002 -19"><span class='ocrx_word' id='word_1_102' title='bbox 2301 964 2548 1034; x_wconf 85' lang='grc' dir='ltr'>τρώσατο</span> <span class='ocrx_word' id='word_1_103' title='bbox 2579 964 2676 1026; x_wconf 77' lang='grc' dir='ltr'>τὰς</span> <span class='ocrx_word' id='word_1_104' title='bbox 2700 963 2898 1034; x_wconf 79' lang='grc' dir='ltr'>ψυχὰς,</span> <span class='ocrx_word' id='word_1_105' title='bbox 2926 965 3074 1028; x_wconf 87' lang='grc' dir='ltr'>ὅπως</span> <span class='ocrx_word' id='word_1_106' title='bbox 3100 965 3290 1036; x_wconf 70' lang='grc' dir='ltr'>μηδενὶ</span> <span class='ocrx_word' id='word_1_107' title='bbox 3317 962 3502 1034; x_wconf 84' lang='grc' dir='ltr'>μηδὲν</span> <span class='ocrx_word' id='word_1_108' title='bbox 3541 961 3840 1032; x_wconf 74' lang='grc' dir='ltr'>ὀφείλοιεν.</span> <span class='ocrx_word' id='word_1_109' title='bbox 3863 962 3916 1016; x_wconf 84' lang='lat' dir='ltr'><strong>El</strong></span> 
     </span>
    </p>
   </div>
   <div class='ocr_carea' id='block_1_14' title="bbox 620 1054 2190 1128">
    <p class='ocr_par' dir='ltr' id='par_1_14' title="bbox 620 1054 2190 1126">
     <span class='ocr_line' id='line_1_14' title="bbox 620 1054 2190 1126; baseline 0 -15"><span class='ocrx_word' id='word_1_110' title='bbox 620 1067 866 1112; x_wconf 88' lang='lat' dir='ltr'><strong>calorum</strong></span> <span class='ocrx_word' id='word_1_111' title='bbox 906 1057 984 1112; x_wconf 88' lang='lat' dir='ltr'><strong>rei</strong></span> <span class='ocrx_word' id='word_1_112' title='bbox 1025 1056 1335 1124; x_wconf 82' lang='lat' dir='ltr'><strong>exsistant;</strong></span> <span class='ocrx_word' id='word_1_113' title='bbox 1381 1065 1436 1110; x_wconf 90' lang='lat' dir='ltr'><strong>at</strong></span> <span class='ocrx_word' id='word_1_114' title='bbox 1489 1055 1606 1126; x_wconf 86' lang='lat' dir='ltr'><strong>ipse</strong></span> <span class='ocrx_word' id='word_1_115' title='bbox 1651 1054 1896 1125; x_wconf 89' lang='lat' dir='ltr'><strong>pretioso</strong></span> <span class='ocrx_word' id='word_1_116' title='bbox 1932 1055 2190 1126; x_wconf 76' lang='lat' dir='ltr'><strong>sanguine</strong></span> 
     </span>
    </p>
   </div>
   <div class='ocr_carea' id='block_1_15' title="bbox 2290 1054 3918 1128">
    <p class='ocr_par' dir='ltr' id='par_1_15' title="bbox 2301 1055 3918 1128">
     <span class='ocr_line' id='line_1_15' title="bbox 2301 1055 3918 1128; baseline -0.001 -19"><span class='ocrx_word' id='word_1_117' title='bbox 2301 1056 2357 1109; x_wconf 85' lang='grc' dir='ltr'><strong>δὲ</strong></span> <span class='ocrx_word' id='word_1_118' title='bbox 2389 1055 2480 1109; x_wconf 91' lang='grc' dir='ltr'><strong>καί</strong></span> <span class='ocrx_word' id='word_1_119' title='bbox 2513 1073 2641 1109; x_wconf 87' lang='grc' dir='ltr'>ποτε</span> <span class='ocrx_word' id='word_1_120' title='bbox 2674 1055 3069 1126; x_wconf 80' lang='grc' dir='ltr'>δεδανεισμένοι</span> <span class='ocrx_word' id='word_1_121' title='bbox 3090 1055 3366 1128; x_wconf 83' lang='grc' dir='ltr'>ὥφλησαν,</span> <span class='ocrx_word' id='word_1_122' title='bbox 3390 1055 3558 1108; x_wconf 77' lang='grc' dir='ltr'>ὥστε</span> <span class='ocrx_word' id='word_1_123' title='bbox 3594 1055 3820 1124; x_wconf 73' lang='grc' dir='ltr'>ἐνόχους</span> <span class='ocrx_word' id='word_1_124' title='bbox 3841 1056 3918 1107; x_wconf 73' lang='grc' dir='ltr'>αὑ-</span> 
     </span>
    </p>
   </div>
   <div class='ocr_carea' id='block_1_16' title="bbox 619 1145 2190 1220">
    <p class='ocr_par' dir='ltr' id='par_1_16' title="bbox 619 1146 2190 1219">
     <span class='ocr_line' id='line_1_16' title="bbox 619 1146 2190 1219; baseline 0 -17"><span class='ocrx_word' id='word_1_125' title='bbox 619 1164 717 1219; x_wconf 89' lang='lat' dir='ltr'><strong>pro</strong></span> <span class='ocrx_word' id='word_1_126' title='bbox 751 1148 859 1203; x_wconf 86' lang='lat' dir='ltr'><strong>illis</strong></span> <span class='ocrx_word' id='word_1_127' title='bbox 907 1147 1111 1202; x_wconf 89' lang='lat' dir='ltr'><strong>tradito</strong></span> <span class='ocrx_word' id='word_1_128' title='bbox 1145 1147 1378 1203; x_wconf 78' lang='lat' dir='ltr'><strong>redemit</strong></span> <span class='ocrx_word' id='word_1_129' title='bbox 1410 1147 1621 1202; x_wconf 87' lang='lat' dir='ltr'><strong>animas</strong></span> <span class='ocrx_word' id='word_1_130' title='bbox 1661 1162 1850 1202; x_wconf 85' lang='lat' dir='ltr'><strong>eorum</strong></span> <span class='ocrx_word' id='word_1_131' title='bbox 1880 1165 1893 1202; x_wconf 91' lang='lat'><strong>:</strong></span> <span class='ocrx_word' id='word_1_132' title='bbox 1940 1146 2087 1202; x_wconf 91' lang='lat' dir='ltr'><strong>unde</strong></span> <span class='ocrx_word' id='word_1_133' title='bbox 2118 1147 2190 1202; x_wconf 90' lang='lat' dir='ltr'><strong>di-</strong></span> 
     </span>
    </p>
   </div>
   <div class='ocr_carea' id='block_1_17' title="bbox 2290 1145 3920 1220">
    <p class='ocr_par' dir='ltr' id='par_1_17' title="bbox 2300 1145 3920 1220">
     <span class='ocr_line' id='line_1_17' title="bbox 2300 1145 3920 1220; baseline -0.002 -18"><span class='ocrx_word' id='word_1_134' title='bbox 2300 1149 2427 1212; x_wconf 78' lang='grc' dir='ltr'>τοὺς</span> <span class='ocrx_word' id='word_1_135' title='bbox 2449 1147 2700 1216; x_wconf 82' lang='grc' dir='ltr'>γενέσθαι</span> <span class='ocrx_word' id='word_1_136' title='bbox 2729 1147 2972 1201; x_wconf 78' lang='grc' dir='ltr'>παλαιῶν</span> <span class='ocrx_word' id='word_1_137' title='bbox 3002 1149 3444 1220; x_wconf 81' lang='grc' dir='ltr'><strong>ἁμαρτημάτων,</strong></span> <span class='ocrx_word' id='word_1_138' title='bbox 3487 1146 3622 1200; x_wconf 82' lang='grc' dir='ltr'>ἀλλ’</span> <span class='ocrx_word' id='word_1_139' title='bbox 3658 1145 3842 1209; x_wconf 75' lang='grc' dir='ltr'>αὐτὸς,</span> <span class='ocrx_word' id='word_1_140' title='bbox 3865 1145 3920 1199; x_wconf 81' lang='grc' dir='ltr'>τὺ</span> 
     </span>
    </p>
   </div>
   <div class='ocr_carea' id='block_1_18' title="bbox 617 1235 2190 1312">
    <p class='ocr_par' dir='ltr' id='par_1_18' title="bbox 617 1238 2190 1311">
     <span class='ocr_line' id='line_1_18' title="bbox 617 1238 2190 1311; baseline 0.001 -17"><span class='ocrx_word' id='word_1_141' title='bbox 617 1241 779 1296; x_wconf 82' lang='lat' dir='ltr'><strong>vinus</strong></span> <span class='ocrx_word' id='word_1_142' title='bbox 824 1240 1119 1311; x_wconf 87' lang='lat' dir='ltr'><strong>Apostolus</strong></span> <span class='ocrx_word' id='word_1_143' title='bbox 1157 1239 1272 1294; x_wconf 65' lang='lat' dir='ltr'><strong>haec</strong></span> <span class='ocrx_word' id='word_1_144' title='bbox 1303 1238 1488 1295; x_wconf 86' lang='lat' dir='ltr'><strong>docuit</strong></span> <span class='ocrx_word' id='word_1_145' title='bbox 1517 1255 1532 1293; x_wconf 89' lang='lat'><strong>:</strong></span> <span class='ocrx_word' id='word_1_146' title='bbox 1569 1257 1587 1289; x_wconf 77' lang='grc' dir='ltr'><strong>ι</strong></span> <span class='ocrx_word' id='word_1_147' title='bbox 1627 1238 1884 1295; x_wconf 87' lang='lat' dir='ltr'><strong>Christus</strong></span> <span class='ocrx_word' id='word_1_148' title='bbox 1917 1254 2018 1295; x_wconf 92' lang='lat' dir='ltr'><strong>nos</strong></span> <span class='ocrx_word' id='word_1_149' title='bbox 2043 1239 2190 1295; x_wconf 83' lang='lat' dir='ltr'><strong>rede-</strong></span> 
     </span>
    </p>
   </div>
   <div class='ocr_carea' id='block_1_19' title="bbox 2290 1235 3920 1312">
    <p class='ocr_par' dir='ltr' id='par_1_19' title="bbox 2301 1235 3920 1312">
     <span class='ocr_line' id='line_1_19' title="bbox 2301 1235 3920 1312; baseline 0 -19"><span class='ocrx_word' id='word_1_150' title='bbox 2301 1235 2440 1310; x_wconf 81' lang='grc' dir='ltr'>αἷμα</span> <span class='ocrx_word' id='word_1_151' title='bbox 2472 1240 2532 1293; x_wconf 86' lang='grc' dir='ltr'><strong>τὸ</strong></span> <span class='ocrx_word' id='word_1_152' title='bbox 2562 1241 2738 1310; x_wconf 83' lang='grc' dir='ltr'>τίμιον</span> <span class='ocrx_word' id='word_1_153' title='bbox 2771 1240 2963 1312; x_wconf 84' lang='grc' dir='ltr'>λύτρον</span> <span class='ocrx_word' id='word_1_154' title='bbox 2993 1241 3133 1312; x_wconf 80' lang='grc' dir='ltr'>ὑπὲρ</span> <span class='ocrx_word' id='word_1_155' title='bbox 3165 1241 3343 1294; x_wconf 81' lang='grc' dir='ltr'>αὐτῶν</span> <span class='ocrx_word' id='word_1_156' title='bbox 3370 1239 3538 1303; x_wconf 80' lang='grc' dir='ltr'>δοὺς,</span> <span class='ocrx_word' id='word_1_157' title='bbox 3577 1238 3920 1310; x_wconf 82' lang='grc' dir='ltr'>ἐλυτρώσατο</span> 
     </span>
    </p>
   </div>
   <div class='ocr_carea' id='block_1_20' title="bbox 617 1329 2190 1404">
    <p class='ocr_par' dir='ltr' id='par_1_20' title="bbox 617 1329 2190 1401">
     <span class='ocr_line' id='line_1_20' title="bbox 617 1329 2190 1401; baseline 0.002 -17"><span class='ocrx_word' id='word_1_158' title='bbox 617 1330 718 1384; x_wconf 90' lang='lat' dir='ltr'><strong>mit</strong></span> <span class='ocrx_word' id='word_1_159' title='bbox 747 1329 816 1383; x_wconf 89' lang='lat' dir='ltr'><strong>de</strong></span> <span class='ocrx_word' id='word_1_160' title='bbox 867 1330 1159 1386; x_wconf 89' lang='lat' dir='ltr'><strong>maledicto</strong></span> <span class='ocrx_word' id='word_1_161' title='bbox 1187 1330 1345 1401; x_wconf 81' lang='lat' dir='ltr'><strong>legis,</strong></span> <span class='ocrx_word' id='word_1_162' title='bbox 1400 1329 1578 1385; x_wconf 83' lang='lat' dir='ltr'><strong>factus</strong></span> <span class='ocrx_word' id='word_1_163' title='bbox 1629 1345 1731 1399; x_wconf 91' lang='lat' dir='ltr'><strong>pro</strong></span> <span class='ocrx_word' id='word_1_164' title='bbox 1763 1329 1922 1386; x_wconf 92' lang='lat' dir='ltr'><strong>nobis</strong></span> <span class='ocrx_word' id='word_1_165' title='bbox 1975 1331 2190 1387; x_wconf 89' lang='lat' dir='ltr'><strong>maledi-</strong></span> 
     </span>
    </p>
   </div>
   <div class='ocr_carea' id='block_1_21' title="bbox 2290 1329 3916 1404">
    <p class='ocr_par' dir='ltr' id='par_1_21' title="bbox 2299 1330 3916 1404">
     <span class='ocr_line' id='line_1_21' title="bbox 2299 1330 3916 1404; baseline -0.001 -18"><span class='ocrx_word' id='word_1_166' title='bbox 2299 1333 2399 1396; x_wconf 73' lang='grc' dir='ltr'>τὰς</span> <span class='ocrx_word' id='word_1_167' title='bbox 2425 1333 2600 1404; x_wconf 79' lang='grc' dir='ltr'>ψυχάς</span> <span class='ocrx_word' id='word_1_168' title='bbox 2645 1331 2823 1386; x_wconf 78' lang='grc' dir='ltr'>αὐτῶν</span> <span class='ocrx_word' id='word_1_169' title='bbox 2848 1350 2860 1362; x_wconf 93' lang='grc'><strong>·</strong></span> <span class='ocrx_word' id='word_1_170' title='bbox 2891 1333 3013 1386; x_wconf 81' lang='grc' dir='ltr'>ὅθεν</span> <span class='ocrx_word' id='word_1_171' title='bbox 3058 1335 3086 1386; x_wconf 90' lang='lat'><strong>6</strong></span> <span class='ocrx_word' id='word_1_172' title='bbox 3128 1332 3269 1396; x_wconf 86' lang='grc' dir='ltr'>θεῖος</span> <span class='ocrx_word' id='word_1_173' title='bbox 3299 1331 3658 1394; x_wconf 78' lang='grc' dir='ltr'>Ἀπόστολος</span> <span class='ocrx_word' id='word_1_174' title='bbox 3687 1330 3916 1384; x_wconf 83' lang='grc' dir='ltr'>ἐδίδασκε</span> 
     </span>
    </p>
   </div>
   <div class='ocr_carea' id='block_1_22' title="bbox 616 1420 2190 1496">
    <p class='ocr_par' dir='ltr' id='par_1_22' title="bbox 616 1420 2190 1495">
     <span class='ocr_line' id='line_1_22' title="bbox 616 1420 2190 1495; baseline 0.002 -20"><span class='ocrx_word' id='word_1_175' title='bbox 616 1429 764 1475; x_wconf 90' lang='lat' dir='ltr'><strong>ctum</strong></span> <span class='ocrx_word' id='word_1_176' title='bbox 790 1421 856 1477; x_wconf 75' lang='grc'><strong>⁸³.</strong></span> <span class='ocrx_word' id='word_1_177' title='bbox 904 1441 923 1475; x_wconf 72' lang='grc' dir='ltr'><strong>ι</strong></span> <span class='ocrx_word' id='word_1_178' title='bbox 961 1420 1095 1478; x_wconf 90' lang='lat' dir='ltr'><strong>Nam</strong></span> <span class='ocrx_word' id='word_1_179' title='bbox 1131 1422 1260 1492; x_wconf 87' lang='lat' dir='ltr'><strong>quia</strong></span> <span class='ocrx_word' id='word_1_180' title='bbox 1295 1422 1574 1477; x_wconf 82' lang='lat' dir='ltr'><strong>debitores</strong></span> <span class='ocrx_word' id='word_1_181' title='bbox 1603 1429 1761 1478; x_wconf 86' lang='lat' dir='ltr'><strong>erant</strong></span> <span class='ocrx_word' id='word_1_182' title='bbox 1788 1422 1892 1493; x_wconf 87' lang='lat' dir='ltr'><strong>legi</strong></span> <span class='ocrx_word' id='word_1_183' title='bbox 1924 1422 2116 1495; x_wconf 79' lang='lat' dir='ltr'><strong>Moysi,</strong></span> <span class='ocrx_word' id='word_1_184' title='bbox 2145 1431 2190 1480; x_wconf 92' lang='lat' dir='ltr'><strong>et</strong></span> 
     </span>
    </p>
   </div>
   <div class='ocr_carea' id='block_1_23' title="bbox 2290 1420 3917 1496">
    <p class='ocr_par' dir='ltr' id='par_1_23' title="bbox 2301 1424 3917 1496">
     <span class='ocr_line' id='line_1_23' title="bbox 2301 1424 3917 1496; baseline -0.001 -19"><span class='ocrx_word' id='word_1_185' title='bbox 2301 1424 2506 1493; x_wconf 83' lang='grc' dir='ltr'>λέγων·</span> <span class='ocrx_word' id='word_1_186' title='bbox 2544 1444 2562 1476; x_wconf 80' lang='grc' dir='ltr'><strong>ι</strong></span> <span class='ocrx_word' id='word_1_187' title='bbox 2602 1425 2834 1495; x_wconf 83' lang='grc' dir='ltr'>Χριστὸς</span> <span class='ocrx_word' id='word_1_188' title='bbox 2868 1425 3014 1494; x_wconf 75' lang='grc' dir='ltr'>ἡμᾶς</span> <span class='ocrx_word' id='word_1_189' title='bbox 3057 1424 3387 1496; x_wconf 76' lang='grc' dir='ltr'>ἐξηγόρασεν</span> <span class='ocrx_word' id='word_1_190' title='bbox 3425 1427 3504 1477; x_wconf 85' lang='grc' dir='ltr'><strong>ἐκ</strong></span> <span class='ocrx_word' id='word_1_191' title='bbox 3536 1424 3651 1494; x_wconf 82' lang='grc' dir='ltr'>τῆς</span> <span class='ocrx_word' id='word_1_192' title='bbox 3680 1424 3917 1493; x_wconf 77' lang='grc' dir='ltr'>κατάρας</span> 
     </span>
    </p>
   </div>
   <div class='ocr_carea' id='block_1_24' title="bbox 615 1511 2190 1589">
    <p class='ocr_par' dir='ltr' id='par_1_24' title="bbox 615 1511 2190 1588">
     <span class='ocr_line' id='line_1_24' title="bbox 615 1511 2190 1588; baseline 0.004 -22"><span class='ocrx_word' id='word_1_193' title='bbox 615 1529 737 1583; x_wconf 69' lang='lat' dir='ltr'><strong>qum</strong></span> <span class='ocrx_word' id='word_1_194' title='bbox 791 1512 998 1583; x_wconf 87' lang='lat' dir='ltr'><strong>scripto</strong></span> <span class='ocrx_word' id='word_1_195' title='bbox 1053 1511 1253 1588; x_wconf 88' lang='lat' dir='ltr'><strong>tradita</strong></span> <span class='ocrx_word' id='word_1_196' title='bbox 1311 1520 1442 1568; x_wconf 93' lang='lat' dir='ltr'><strong>sunt</strong></span> <span class='ocrx_word' id='word_1_197' title='bbox 1489 1529 1598 1570; x_wconf 89' lang='lat' dir='ltr'><strong>non</strong></span> <span class='ocrx_word' id='word_1_198' title='bbox 1657 1514 2036 1585; x_wconf 75' lang='lat' dir='ltr'><strong>impleverant,</strong></span> <span class='ocrx_word' id='word_1_199' title='bbox 2095 1517 2190 1572; x_wconf 82' lang='lat' dir='ltr'><strong>sub</strong></span> 
     </span>
    </p>
   </div>
   <div class='ocr_carea' id='block_1_25' title="bbox 2290 1511 3917 1589">
    <p class='ocr_par' dir='ltr' id='par_1_25' title="bbox 2299 1514 3917 1589">
     <span class='ocr_line' id='line_1_25' title="bbox 2299 1514 3917 1589; baseline -0.002 -19"><span class='ocrx_word' id='word_1_200' title='bbox 2299 1517 2394 1572; x_wconf 78' lang='grc' dir='ltr'><strong>τοῦ</strong></span> <span class='ocrx_word' id='word_1_201' title='bbox 2429 1519 2614 1588; x_wconf 87' lang='grc' dir='ltr'>νόμου,</span> <span class='ocrx_word' id='word_1_202' title='bbox 2648 1517 2938 1586; x_wconf 83' lang='grc' dir='ltr'>γενόμενος</span> <span class='ocrx_word' id='word_1_203' title='bbox 2977 1517 3116 1589; x_wconf 81' lang='grc' dir='ltr'>ὑπὲρ</span> <span class='ocrx_word' id='word_1_204' title='bbox 3149 1517 3303 1588; x_wconf 80' lang='grc' dir='ltr'>ἡμῶν</span> <span class='ocrx_word' id='word_1_205' title='bbox 3336 1517 3602 1587; x_wconf 79' lang='grc' dir='ltr'>κατάρα.</span> <span class='ocrx_word' id='word_1_206' title='bbox 3646 1534 3666 1566; x_wconf 70' lang='grc' dir='ltr'><strong>ι</strong></span> <span class='ocrx_word' id='word_1_207' title='bbox 3709 1514 3917 1584; x_wconf 75' lang='grc' dir='ltr'>Ἐπειδὴ</span> 
     </span>
    </p>
   </div>
   <div class='ocr_carea' id='block_1_26' title="bbox 615 1604 2190 1681">
    <p class='ocr_par' dir='ltr' id='par_1_26' title="bbox 615 1605 2190 1676">
     <span class='ocr_line' id='line_1_26' title="bbox 615 1605 2190 1676; baseline 0.003 -17"><span class='ocrx_word' id='word_1_208' title='bbox 615 1605 905 1660; x_wconf 88' lang='lat' dir='ltr'><strong>maledicto</strong></span> <span class='ocrx_word' id='word_1_209' title='bbox 932 1605 1128 1660; x_wconf 90' lang='lat' dir='ltr'><strong>deinde</strong></span> <span class='ocrx_word' id='word_1_210' title='bbox 1153 1605 1328 1670; x_wconf 83' lang='lat' dir='ltr'><strong>erant,</strong></span> <span class='ocrx_word' id='word_1_211' title='bbox 1368 1605 1514 1676; x_wconf 91' lang='lat' dir='ltr'><strong>quod</strong></span> <span class='ocrx_word' id='word_1_212' title='bbox 1539 1621 1648 1660; x_wconf 89' lang='lat' dir='ltr'><strong>non</strong></span> <span class='ocrx_word' id='word_1_213' title='bbox 1678 1614 1849 1661; x_wconf 89' lang='lat' dir='ltr'><strong>totam</strong></span> <span class='ocrx_word' id='word_1_214' title='bbox 1882 1607 2054 1675; x_wconf 80' lang='lat' dir='ltr'><strong>legem</strong></span> <span class='ocrx_word' id='word_1_215' title='bbox 2083 1623 2190 1676; x_wconf 83' lang='lat' dir='ltr'><strong>ser-</strong></span> 
     </span>
    </p>
   </div>
   <div class='ocr_carea' id='block_1_27' title="bbox 2290 1604 3915 1681">
    <p class='ocr_par' dir='ltr' id='par_1_27' title="bbox 2299 1604 3915 1681">
     <span class='ocr_line' id='line_1_27' title="bbox 2299 1604 3915 1681; baseline 0 -22"><span class='ocrx_word' id='word_1_216' title='bbox 2299 1607 2410 1679; x_wconf 79' lang='grc' dir='ltr'><strong>γάρ</strong></span> <span class='ocrx_word' id='word_1_217' title='bbox 2440 1609 2708 1679; x_wconf 81' lang='grc' dir='ltr'>χρεῶσται</span> <span class='ocrx_word' id='word_1_218' title='bbox 2730 1604 2867 1679; x_wconf 77' lang='grc' dir='ltr'>ἦσαν</span> <span class='ocrx_word' id='word_1_219' title='bbox 2896 1608 2990 1662; x_wconf 70' lang='grc' dir='ltr'><strong>καὶ</strong></span> <span class='ocrx_word' id='word_1_220' title='bbox 3008 1610 3280 1678; x_wconf 82' lang='grc' dir='ltr'>ὀφειλέται</span> <span class='ocrx_word' id='word_1_221' title='bbox 3302 1610 3400 1681; x_wconf 85' lang='grc' dir='ltr'>τῆς</span> <span class='ocrx_word' id='word_1_222' title='bbox 3426 1608 3744 1671; x_wconf 86' lang='grc' dir='ltr'>Μωῦσέως</span> <span class='ocrx_word' id='word_1_223' title='bbox 3765 1624 3915 1677; x_wconf 73' lang='grc' dir='ltr'>νομοο</span> 
     </span>
    </p>
   </div>
   <div class='ocr_carea' id='block_1_28' title="bbox 613 1694 2190 1773">
    <p class='ocr_par' dir='ltr' id='par_1_28' title="bbox 613 1694 2190 1766">
     <span class='ocr_line' id='line_1_28' title="bbox 613 1694 2190 1766; baseline 0.003 -18"><span class='ocrx_word' id='word_1_224' title='bbox 613 1703 859 1752; x_wconf 84' lang='lat' dir='ltr'><strong>vassent.</strong></span> <span class='ocrx_word' id='word_1_225' title='bbox 884 1694 1158 1766; x_wconf 90' lang='lat' dir='ltr'><strong>Scriptum</strong></span> <span class='ocrx_word' id='word_1_226' title='bbox 1181 1696 1382 1766; x_wconf 89' lang='lat' dir='ltr'><strong>quippe</strong></span> <span class='ocrx_word' id='word_1_227' title='bbox 1412 1705 1562 1751; x_wconf 86' lang='lat' dir='ltr'><strong>erat:</strong></span> <span class='ocrx_word' id='word_1_228' title='bbox 1596 1714 1614 1747; x_wconf 81' lang='grc' dir='ltr'><strong>ι</strong></span> <span class='ocrx_word' id='word_1_229' title='bbox 1664 1694 1985 1753; x_wconf 75' lang='lat' dir='ltr'><strong>Maledict’us</strong></span> <span class='ocrx_word' id='word_1_230' title='bbox 2019 1696 2190 1752; x_wconf 80' lang='lat' dir='ltr'><strong>omnis</strong></span> 
     </span>
    </p>
   </div>
   <div class='ocr_carea' id='block_1_29' title="bbox 2290 1694 3917 1773">
    <p class='ocr_par' dir='ltr' id='par_1_29' title="bbox 2302 1695 3917 1773">
     <span class='ocr_line' id='line_1_29' title="bbox 2302 1695 3917 1773; baseline 0.001 -22"><span class='ocrx_word' id='word_1_231' title='bbox 2302 1697 2508 1763; x_wconf 84' lang='grc' dir='ltr'>θεσίας,</span> <span class='ocrx_word' id='word_1_232' title='bbox 2557 1701 2656 1753; x_wconf 78' lang='grc' dir='ltr'>οὐκ</span> <span class='ocrx_word' id='word_1_233' title='bbox 2715 1701 2984 1773; x_wconf 81' lang='grc' dir='ltr'>ἐπλήρουν</span> <span class='ocrx_word' id='word_1_234' title='bbox 3014 1701 3070 1754; x_wconf 78' lang='grc' dir='ltr'><strong>δὲ</strong></span> <span class='ocrx_word' id='word_1_235' title='bbox 3107 1702 3177 1754; x_wconf 78' lang='grc' dir='ltr'><strong>τά</strong></span> <span class='ocrx_word' id='word_1_236' title='bbox 3220 1700 3643 1772; x_wconf 79' lang='grc' dir='ltr'>γεγραμμένα,</span> <span class='ocrx_word' id='word_1_237' title='bbox 3693 1695 3795 1752; x_wconf 79' lang='grc' dir='ltr'>εἷθ’</span> <span class='ocrx_word' id='word_1_238' title='bbox 3821 1699 3917 1752; x_wconf 73' lang='grc' dir='ltr'>ὑπὸ</span> 
     </span>
    </p>
   </div>
   <div class='ocr_carea' id='block_1_30' title="bbox 614 1788 2190 1865">
    <p class='ocr_par' dir='ltr' id='par_1_30' title="bbox 614 1788 2190 1860">
     <span class='ocr_line' id='line_1_30' title="bbox 614 1788 2190 1860; baseline 0.001 -18"><span class='ocrx_word' id='word_1_239' title='bbox 614 1789 707 1858; x_wconf 90' lang='lat' dir='ltr'><strong>qui</strong></span> <span class='ocrx_word' id='word_1_240' title='bbox 750 1804 860 1848; x_wconf 90' lang='lat' dir='ltr'><strong>non</strong></span> <span class='ocrx_word' id='word_1_241' title='bbox 901 1789 1145 1843; x_wconf 88' lang='lat' dir='ltr'><strong>manebit</strong></span> <span class='ocrx_word' id='word_1_242' title='bbox 1185 1789 1240 1842; x_wconf 93' lang='lat' dir='ltr'><strong>in</strong></span> <span class='ocrx_word' id='word_1_243' title='bbox 1277 1789 1534 1844; x_wconf 84' lang='lat' dir='ltr'><strong>omnibus</strong></span> <span class='ocrx_word' id='word_1_244' title='bbox 1571 1805 1693 1858; x_wconf 85' lang='lat' dir='ltr'><strong>quae</strong></span> <span class='ocrx_word' id='word_1_245' title='bbox 1731 1790 1938 1860; x_wconf 89' lang='lat' dir='ltr'><strong>scripta</strong></span> <span class='ocrx_word' id='word_1_246' title='bbox 1977 1799 2106 1845; x_wconf 89' lang='lat' dir='ltr'><strong>sunt</strong></span> <span class='ocrx_word' id='word_1_247' title='bbox 2139 1788 2190 1844; x_wconf 86' lang='lat' dir='ltr'><strong>in</strong></span> 
     </span>
    </p>
   </div>
   <div class='ocr_carea' id='block_1_31' title="bbox 2290 1788 3912 1865">
    <p class='ocr_par' dir='ltr' id='par_1_31' title="bbox 2301 1789 3912 1865">
     <span class='ocr_line' id='line_1_31' title="bbox 2301 1789 3912 1865; baseline -0.001 -20"><span class='ocrx_word' id='word_1_248' title='bbox 2301 1793 2544 1865; x_wconf 80' lang='grc' dir='ltr'>κατάραν</span> <span class='ocrx_word' id='word_1_249' title='bbox 2573 1789 2746 1863; x_wconf 79' lang='grc' dir='ltr'>ἦσαν,</span> <span class='ocrx_word' id='word_1_250' title='bbox 2797 1794 2884 1847; x_wconf 77' lang='grc' dir='ltr'><strong>διὰ</strong></span> <span class='ocrx_word' id='word_1_251' title='bbox 2911 1793 2971 1845; x_wconf 83' lang='grc' dir='ltr'><strong>τὸ</strong></span> <span class='ocrx_word' id='word_1_252' title='bbox 3007 1794 3081 1865; x_wconf 83' lang='grc' dir='ltr'>μὴ</span> <span class='ocrx_word' id='word_1_253' title='bbox 3136 1793 3311 1846; x_wconf 87' lang='grc' dir='ltr'>πάντα</span> <span class='ocrx_word' id='word_1_254' title='bbox 3347 1793 3438 1846; x_wconf 81' lang='grc' dir='ltr'><strong>τὸν</strong></span> <span class='ocrx_word' id='word_1_255' title='bbox 3481 1793 3666 1864; x_wconf 85' lang='grc' dir='ltr'>νόμον</span> <span class='ocrx_word' id='word_1_256' title='bbox 3719 1791 3912 1861; x_wconf 82' lang='grc' dir='ltr'>φυλάτ-</span> 
     </span>
    </p>
   </div>
   <div class='ocr_carea' id='block_1_32' title="bbox 612 1859 2190 1958">
    <p class='ocr_par' dir='ltr' id='par_1_32' title="bbox 612 1859 2190 1951">
     <span class='ocr_line' id='line_1_32' title="bbox 612 1859 2190 1951; baseline 0.003 -19"><span class='ocrx_word' id='word_1_257' title='bbox 612 1879 760 1934; x_wconf 90' lang='lat' dir='ltr'><strong>libro</strong></span> <span class='ocrx_word' id='word_1_258' title='bbox 781 1879 938 1950; x_wconf 83' lang='lat' dir='ltr'><strong>legis,</strong></span> <span class='ocrx_word' id='word_1_259' title='bbox 975 1886 1034 1932; x_wconf 91' lang='lat' dir='ltr'><strong>ut</strong></span> <span class='ocrx_word' id='word_1_260' title='bbox 1090 1878 1255 1933; x_wconf 82' lang='lat' dir='ltr'><strong>faciat</strong></span> <span class='ocrx_word' id='word_1_261' title='bbox 1303 1895 1366 1935; x_wconf 90' lang='lat' dir='ltr'><strong>ea</strong></span> <span class='ocrx_word' id='word_1_262' title='bbox 1393 1879 1459 1934; x_wconf 78' lang='lat'><strong>&quot;°.</strong></span> <span class='ocrx_word' id='word_1_263' title='bbox 1500 1901 1518 1931; x_wconf 87' lang='grc'><strong>›</strong></span> <span class='ocrx_word' id='word_1_264' title='bbox 1560 1879 1754 1934; x_wconf 85' lang='lat' dir='ltr'><strong>Merito</strong></span> <span class='ocrx_word' id='word_1_265' title='bbox 1799 1859 2018 1951; x_wconf 79' lang='lat' dir='ltr'><strong>ereptos</strong></span> <span class='ocrx_word' id='word_1_266' title='bbox 2069 1881 2190 1936; x_wconf 92' lang='lat' dir='ltr'><strong>illos</strong></span> 
     </span>
    </p>
   </div>
   <div class='ocr_carea' id='block_1_33' title="bbox 2290 1859 3916 1958">
    <p class='ocr_par' dir='ltr' id='par_1_33' title="bbox 2297 1885 3916 1958">
     <span class='ocr_line' id='line_1_33' title="bbox 2297 1885 3916 1958; baseline -0.002 -20"><span class='ocrx_word' id='word_1_267' title='bbox 2297 1903 2429 1940; x_wconf 86' lang='grc' dir='ltr'>τειν.</span> <span class='ocrx_word' id='word_1_268' title='bbox 2480 1886 2760 1956; x_wconf 83' lang='grc' dir='ltr'>Γέγραπτο</span> <span class='ocrx_word' id='word_1_269' title='bbox 2813 1887 2952 1958; x_wconf 85' lang='grc' dir='ltr'>γάρ·</span> <span class='ocrx_word' id='word_1_270' title='bbox 2992 1905 3010 1937; x_wconf 82' lang='grc' dir='ltr'><strong>ι</strong></span> <span class='ocrx_word' id='word_1_271' title='bbox 3065 1886 3516 1957; x_wconf 77' lang='grc' dir='ltr'>Ἐπικατάρατος</span> <span class='ocrx_word' id='word_1_272' title='bbox 3574 1887 3693 1948; x_wconf 74' lang='grc' dir='ltr'>πᾶς</span> <span class='ocrx_word' id='word_1_273' title='bbox 3726 1885 3788 1947; x_wconf 83' lang='grc' dir='ltr'>ὃς</span> <span class='ocrx_word' id='word_1_274' title='bbox 3824 1885 3916 1936; x_wconf 73' lang='grc' dir='ltr'>οὐκ</span> 
     </span>
    </p>
   </div>
   <div class='ocr_carea' id='block_1_34' title="bbox 613 1969 2192 2042">
    <p class='ocr_par' dir='ltr' id='par_1_34' title="bbox 613 1969 2192 2042">
     <span class='ocr_line' id='line_1_34' title="bbox 613 1969 2192 2042; baseline 0.002 -18"><span class='ocrx_word' id='word_1_275' title='bbox 613 1986 680 2024; x_wconf 82' lang='lat' dir='ltr'><strong>ex</strong></span> <span class='ocrx_word' id='word_1_276' title='bbox 721 1970 814 2024; x_wconf 88' lang='lat' dir='ltr'><strong>tali</strong></span> <span class='ocrx_word' id='word_1_277' title='bbox 842 1969 1250 2035; x_wconf 88' lang='lat' dir='ltr'><strong>maledictione,</strong></span> <span class='ocrx_word' id='word_1_278' title='bbox 1285 1987 1351 2026; x_wconf 83' lang='lat' dir='ltr'><strong>ex</strong></span> <span class='ocrx_word' id='word_1_279' title='bbox 1393 1974 1580 2028; x_wconf 89' lang='lat' dir='ltr'><strong>usuris</strong></span> <span class='ocrx_word' id='word_1_280' title='bbox 1615 1980 1668 2028; x_wconf 90' lang='lat' dir='ltr'><strong>et</strong></span> <span class='ocrx_word' id='word_1_281' title='bbox 1701 1973 1990 2042; x_wconf 91' lang='lat' dir='ltr'><strong>iniquitate</strong></span> <span class='ocrx_word' id='word_1_282' title='bbox 2035 1973 2192 2028; x_wconf 62' lang='lat' dir='ltr'><strong>redeo</strong></span> 
     </span>
    </p>
   </div>
   <div class='ocr_carea' id='block_1_35' title="bbox 613 2063 2190 2136">
    <p class='ocr_par' dir='ltr' id='par_1_35' title="bbox 613 2063 2190 2136">
     <span class='ocr_line' id='line_1_35' title="bbox 613 2063 2190 2136; baseline 0.002 -20"><span class='ocrx_word' id='word_1_283' title='bbox 613 2065 734 2126; x_wconf 88' lang='lat' dir='ltr'><strong>mit,</strong></span> <span class='ocrx_word' id='word_1_284' title='bbox 769 2063 944 2118; x_wconf 82' lang='lat' dir='ltr'><strong>factus</strong></span> <span class='ocrx_word' id='word_1_285' title='bbox 965 2064 1190 2134; x_wconf 87' lang='lat' dir='ltr'><strong>proillis</strong></span> <span class='ocrx_word' id='word_1_286' title='bbox 1222 2066 1603 2121; x_wconf 85' lang='lat' dir='ltr'><strong>maledictum:</strong></span> <span class='ocrx_word' id='word_1_287' title='bbox 1625 2066 1939 2136; x_wconf 88' lang='lat' dir='ltr'><strong>traditoque</strong></span> <span class='ocrx_word' id='word_1_288' title='bbox 1969 2082 2190 2122; x_wconf 88' lang='lat' dir='ltr'><strong>eorum-</strong></span> 
     </span>
    </p>
   </div>
   <div class='ocr_carea' id='block_1_36' title="bbox 611 2157 2192 2231">
    <p class='ocr_par' dir='ltr' id='par_1_36' title="bbox 611 2157 2192 2231">
     <span class='ocr_line' id='line_1_36' title="bbox 611 2157 2192 2231; baseline 0.005 -23"><span class='ocrx_word' id='word_1_289' title='bbox 611 2157 733 2212; x_wconf 75' lang='lat' dir='ltr'><strong>tlem</strong></span> <span class='ocrx_word' id='word_1_290' title='bbox 782 2157 957 2226; x_wconf 85' lang='lat' dir='ltr'><strong>gratia</strong></span> <span class='ocrx_word' id='word_1_291' title='bbox 1003 2158 1243 2228; x_wconf 90' lang='lat' dir='ltr'><strong>pretioso</strong></span> <span class='ocrx_word' id='word_1_292' title='bbox 1286 2159 1576 2231; x_wconf 87' lang='lat' dir='ltr'><strong>sanguine,</strong></span> <span class='ocrx_word' id='word_1_293' title='bbox 1626 2160 1708 2216; x_wconf 88' lang='lat' dir='ltr'><strong>sic</strong></span> <span class='ocrx_word' id='word_1_294' title='bbox 1765 2161 1869 2216; x_wconf 89' lang='lat' dir='ltr'><strong>sibi</strong></span> <span class='ocrx_word' id='word_1_295' title='bbox 1922 2161 2192 2230; x_wconf 77' lang='lat' dir='ltr'><strong>pretiosos</strong></span> 
     </span>
    </p>
   </div>
   <div class='ocr_carea' id='block_1_37' title="bbox 611 2247 2193 2322">
    <p class='ocr_par' dir='ltr' id='par_1_37' title="bbox 611 2247 2193 2322">
     <span class='ocr_line' id='line_1_37' title="bbox 611 2247 2193 2322; baseline 0.006 -23"><span class='ocrx_word' id='word_1_296' title='bbox 611 2247 810 2303; x_wconf 67' lang='lat' dir='ltr'><strong>eil‘ecit.</strong></span> <span class='ocrx_word' id='word_1_297' title='bbox 849 2247 1028 2314; x_wconf 85' lang='lat' dir='ltr'><strong>Quare</strong></span> <span class='ocrx_word' id='word_1_298' title='bbox 1060 2250 1162 2305; x_wconf 89' lang='lat' dir='ltr'><strong>sub</strong></span> <span class='ocrx_word' id='word_1_299' title='bbox 1193 2250 1308 2304; x_wconf 69' lang='lat' dir='ltr'><strong>hmo</strong></span> <span class='ocrx_word' id='word_1_300' title='bbox 1346 2251 1570 2317; x_wconf 88' lang='lat' dir='ltr'><strong>dicitur,</strong></span> <span class='ocrx_word' id='word_1_301' title='bbox 1610 2270 1628 2303; x_wconf 81' lang='grc' dir='ltr'><strong>ι</strong></span> <span class='ocrx_word' id='word_1_302' title='bbox 1663 2251 1731 2306; x_wconf 80' lang='lat' dir='ltr'><strong>Et</strong></span> <span class='ocrx_word' id='word_1_303' title='bbox 1765 2253 2066 2322; x_wconf 83' lang='lat' dir='ltr'><strong>pretiosum</strong></span> <span class='ocrx_word' id='word_1_304' title='bbox 2091 2269 2193 2308; x_wconf 84' lang='lat' dir='ltr'><strong>no-</strong></span> 
     </span>
    </p>
   </div>
   <div class='ocr_carea' id='block_1_38' title="bbox 611 2342 2192 2409">
    <p class='ocr_par' dir='ltr' id='par_1_38' title="bbox 611 2342 2192 2409">
     <span class='ocr_line' id='line_1_38' title="bbox 611 2342 2192 2409; baseline 0.006 -18"><span class='ocrx_word' id='word_1_305' title='bbox 611 2354 739 2393; x_wconf 84' lang='lat' dir='ltr'><strong>men</strong></span> <span class='ocrx_word' id='word_1_306' title='bbox 786 2354 975 2394; x_wconf 91' lang='lat' dir='ltr'><strong>eorum</strong></span> <span class='ocrx_word' id='word_1_307' title='bbox 1019 2356 1202 2395; x_wconf 89' lang='lat' dir='ltr'><strong>coram</strong></span> <span class='ocrx_word' id='word_1_308' title='bbox 1231 2342 1363 2409; x_wconf 91' lang='lat' dir='ltr'><strong>illo;</strong></span> <span class='ocrx_word' id='word_1_309' title='bbox 1403 2362 1420 2395; x_wconf 76' lang='grc' dir='ltr'><strong>ι</strong></span> <span class='ocrx_word' id='word_1_310' title='bbox 1466 2343 1589 2398; x_wconf 88' lang='lat' dir='ltr'><strong>ideo</strong></span> <span class='ocrx_word' id='word_1_311' title='bbox 1624 2343 1747 2399; x_wconf 92' lang='lat' dir='ltr'><strong>illos</strong></span> <span class='ocrx_word' id='word_1_312' title='bbox 1805 2345 1885 2400; x_wconf 89' lang='lat' dir='ltr'><strong>sic</strong></span> <span class='ocrx_word' id='word_1_313' title='bbox 1919 2346 2192 2401; x_wconf 81' lang='lat' dir='ltr'><strong>allocutus</strong></span> 
     </span>
    </p>
   </div>
   <div class='ocr_carea' id='block_1_39' title="bbox 609 2431 2193 2506">
    <p class='ocr_par' dir='ltr' id='par_1_39' title="bbox 609 2431 2193 2506">
     <span class='ocr_line' id='line_1_39' title="bbox 609 2431 2193 2506; baseline 0.006 -21"><span class='ocrx_word' id='word_1_314' title='bbox 609 2431 874 2487; x_wconf 81' lang='lat' dir='ltr'><strong>scribitur</strong></span> <span class='ocrx_word' id='word_1_315' title='bbox 906 2452 918 2488; x_wconf 93' lang='lat'>:</span> <span class='ocrx_word' id='word_1_316' title='bbox 957 2451 976 2486; x_wconf 82' lang='grc' dir='ltr'><strong>ι</strong></span> <span class='ocrx_word' id='word_1_317' title='bbox 1011 2433 1188 2490; x_wconf 88' lang='lat' dir='ltr'><strong>Nolite</strong></span> <span class='ocrx_word' id='word_1_318' title='bbox 1220 2436 1456 2506; x_wconf 81' lang='lat' dir='ltr'><strong>gaudere</strong></span> <span class='ocrx_word' id='word_1_319' title='bbox 1489 2438 1746 2506; x_wconf 88' lang='lat' dir='ltr'><strong>quoniam</strong></span> <span class='ocrx_word' id='word_1_320' title='bbox 1766 2437 2030 2492; x_wconf 79' lang='lat' dir='ltr'><strong>daemonia</strong></span> <span class='ocrx_word' id='word_1_321' title='bbox 2062 2441 2193 2496; x_wconf 86' lang='lat' dir='ltr'><strong>sub-</strong></span> 
     </span>
    </p>
   </div>
   <div class='ocr_carea' id='block_1_40' title="bbox 607 2523 2192 2602">
    <p class='ocr_par' dir='ltr' id='par_1_40' title="bbox 607 2523 2192 2602">
     <span class='ocr_line' id='line_1_40' title="bbox 607 2523 2192 2602; baseline 0.005 -25"><span class='ocrx_word' id='word_1_322' title='bbox 607 2523 878 2593; x_wconf 86' lang='lat' dir='ltr'><strong>jiciuntur</strong></span> <span class='ocrx_word' id='word_1_323' title='bbox 908 2525 1068 2582; x_wconf 86' lang='lat' dir='ltr'><strong>vobis</strong></span> <span class='ocrx_word' id='word_1_324' title='bbox 1104 2546 1116 2582; x_wconf 93' lang='lat'><strong>:</strong></span> <span class='ocrx_word' id='word_1_325' title='bbox 1151 2528 1383 2598; x_wconf 83' lang='lat' dir='ltr'><strong>gaudete</strong></span> <span class='ocrx_word' id='word_1_326' title='bbox 1426 2536 1608 2584; x_wconf 88' lang='lat' dir='ltr'><strong>autem</strong></span> <span class='ocrx_word' id='word_1_327' title='bbox 1660 2539 1716 2585; x_wconf 87' lang='lat' dir='ltr'><strong>et</strong></span> <span class='ocrx_word' id='word_1_328' title='bbox 1749 2530 2019 2586; x_wconf 78' lang='lat' dir='ltr'><strong>exsultate</strong></span> <span class='ocrx_word' id='word_1_329' title='bbox 2064 2534 2192 2602; x_wconf 90' lang='lat' dir='ltr'><strong>quia</strong></span> 
     </span>
    </p>
   </div>
   <div class='ocr_carea' id='block_1_41' title="bbox 609 2618 2189 2690">
    <p class='ocr_par' dir='ltr' id='par_1_41' title="bbox 609 2618 2189 2690">
     <span class='ocr_line' id='line_1_41' title="bbox 609 2618 2189 2690; baseline 0.004 -20"><span class='ocrx_word' id='word_1_330' title='bbox 609 2618 834 2672; x_wconf 87' lang='lat' dir='ltr'><strong>nomina</strong></span> <span class='ocrx_word' id='word_1_331' title='bbox 866 2628 1047 2674; x_wconf 86' lang='lat' dir='ltr'><strong>vestra</strong></span> <span class='ocrx_word' id='word_1_332' title='bbox 1085 2620 1287 2690; x_wconf 90' lang='lat' dir='ltr'><strong>scripta</strong></span> <span class='ocrx_word' id='word_1_333' title='bbox 1317 2629 1445 2676; x_wconf 91' lang='lat' dir='ltr'><strong>sunt</strong></span> <span class='ocrx_word' id='word_1_334' title='bbox 1469 2623 1523 2676; x_wconf 91' lang='lat' dir='ltr'><strong>in</strong></span> <span class='ocrx_word' id='word_1_335' title='bbox 1555 2622 1709 2678; x_wconf 75' lang='lat' dir='ltr'><strong>cmlis</strong></span> <span class='ocrx_word' id='word_1_336' title='bbox 1726 2624 1792 2678; x_wconf 66' lang='grc'><strong>⁵⁵.</strong></span> <span class='ocrx_word' id='word_1_337' title='bbox 1825 2643 1844 2676; x_wconf 76' lang='grc' dir='ltr'><strong>ι</strong></span> <span class='ocrx_word' id='word_1_338' title='bbox 1877 2622 1989 2679; x_wconf 83' lang='lat' dir='ltr'><strong>Cur</strong></span> <span class='ocrx_word' id='word_1_339' title='bbox 2009 2631 2189 2679; x_wconf 87' lang='lat' dir='ltr'><strong>autem</strong></span> 
     </span>
    </p>
   </div>
   <div class='ocr_carea' id='block_1_42' title="bbox 610 2713 2188 2788">
    <p class='ocr_par' dir='ltr' id='par_1_42' title="bbox 610 2713 2188 2788">
     <span class='ocr_line' id='line_1_42' title="bbox 610 2713 2188 2788; baseline 0.004 -24"><span class='ocrx_word' id='word_1_340' title='bbox 610 2725 813 2783; x_wconf 83' lang='lat' dir='ltr'><strong>nomen</strong></span> <span class='ocrx_word' id='word_1_341' title='bbox 838 2726 1026 2767; x_wconf 90' lang='lat' dir='ltr'><strong>eorum</strong></span> <span class='ocrx_word' id='word_1_342' title='bbox 1066 2713 1367 2782; x_wconf 90' lang='lat' dir='ltr'><strong>pretiosum</strong></span> <span class='ocrx_word' id='word_1_343' title='bbox 1413 2722 1530 2770; x_wconf 88' lang='lat' dir='ltr'><strong>erat</strong></span> <span class='ocrx_word' id='word_1_344' title='bbox 1561 2730 1746 2770; x_wconf 88' lang='lat' dir='ltr'><strong>coram</strong></span> <span class='ocrx_word' id='word_1_345' title='bbox 1782 2716 1896 2780; x_wconf 92' lang='lat' dir='ltr'><strong>illo,</strong></span> <span class='ocrx_word' id='word_1_346' title='bbox 1923 2717 2030 2771; x_wconf 91' lang='lat' dir='ltr'><strong>nisi</strong></span> <span class='ocrx_word' id='word_1_347' title='bbox 2059 2717 2188 2788; x_wconf 84' lang='lat' dir='ltr'><strong>quia</strong></span> 
     </span>
    </p>
   </div>
   <div class='ocr_carea' id='block_1_43' title="bbox 610 2802 2185 2877">
    <p class='ocr_par' dir='ltr' id='par_1_43' title="bbox 610 2802 2185 2877">
     <span class='ocr_line' id='line_1_43' title="bbox 610 2802 2185 2877; baseline 0.007 -23"><span class='ocrx_word' id='word_1_348' title='bbox 610 2802 728 2870; x_wconf 89' lang='lat' dir='ltr'><strong>ipse</strong></span> <span class='ocrx_word' id='word_1_349' title='bbox 761 2803 986 2858; x_wconf 87' lang='lat' dir='ltr'><strong>nomina</strong></span> <span class='ocrx_word' id='word_1_350' title='bbox 1033 2803 1141 2860; x_wconf 90' lang='lat' dir='ltr'><strong>illis</strong></span> <span class='ocrx_word' id='word_1_351' title='bbox 1183 2804 1370 2860; x_wconf 83' lang='lat' dir='ltr'><strong>indere</strong></span> <span class='ocrx_word' id='word_1_352' title='bbox 1411 2805 1668 2877; x_wconf 84' lang='lat' dir='ltr'><strong>dignatus</strong></span> <span class='ocrx_word' id='word_1_353' title='bbox 1719 2816 1824 2873; x_wconf 89' lang='lat' dir='ltr'><strong>est,</strong></span> <span class='ocrx_word' id='word_1_354' title='bbox 1879 2807 2185 2874; x_wconf 86' lang='lat' dir='ltr'><strong>Simonem,</strong></span> 
     </span>
    </p>
   </div>
   <div class='ocr_carea' id='block_1_44' title="bbox 611 2894 2190 2974">
    <p class='ocr_par' dir='ltr' id='par_1_44' title="bbox 611 2894 2190 2974">
     <span class='ocr_line' id='line_1_44' title="bbox 611 2894 2190 2974; baseline 0.008 -28"><span class='ocrx_word' id='word_1_355' title='bbox 611 2894 836 2949; x_wconf 87' lang='lat' dir='ltr'><strong>Petrum</strong></span> <span class='ocrx_word' id='word_1_356' title='bbox 890 2911 1252 2967; x_wconf 90' lang='lat' dir='ltr'><strong>nuncupans;</strong></span> <span class='ocrx_word' id='word_1_357' title='bbox 1311 2897 1612 2965; x_wconf 86' lang='lat' dir='ltr'><strong>Thomam,</strong></span> <span class='ocrx_word' id='word_1_358' title='bbox 1667 2900 1991 2974; x_wconf 89' lang='lat' dir='ltr'><strong>Didymum;</strong></span> <span class='ocrx_word' id='word_1_359' title='bbox 2047 2903 2190 2959; x_wconf 90' lang='lat' dir='ltr'><strong>ﬁlios</strong></span> 
     </span>
    </p>
   </div>
   <div class='ocr_carea' id='block_1_45' title="bbox 608 2984 2188 3064">
    <p class='ocr_par' dir='ltr' id='par_1_45' title="bbox 608 2984 2188 3064">
     <span class='ocr_line' id='line_1_45' title="bbox 608 2984 2188 3064; baseline 0.007 -23"><span class='ocrx_word' id='word_1_360' title='bbox 608 2984 880 3051; x_wconf 59' lang='lat' dir='ltr'><strong>Zcbedei,</strong></span> <span class='ocrx_word' id='word_1_361' title='bbox 915 2987 1246 3062; x_wconf 77' lang='lat' dir='ltr'><strong>Boanerges,</strong></span> <span class='ocrx_word' id='word_1_362' title='bbox 1277 2991 1421 3062; x_wconf 91' lang='lat' dir='ltr'><strong>quod</strong></span> <span class='ocrx_word' id='word_1_363' title='bbox 1455 2992 1766 3063; x_wconf 80' lang='lat' dir='ltr'><strong>explicatur</strong></span> <span class='ocrx_word' id='word_1_364' title='bbox 1795 2997 1898 3064; x_wconf 82' lang='lat' dir='ltr'><strong>ﬁlii</strong></span> <span class='ocrx_word' id='word_1_365' title='bbox 1921 2997 2143 3050; x_wconf 84' lang='lat' dir='ltr'><strong>tonitrui</strong></span> <span class='ocrx_word' id='word_1_366' title='bbox 2163 3000 2188 3052; x_wconf 83' lang='lat'><strong><em>?</em></strong></span> 
     </span>
    </p>
   </div>
   <div class='ocr_carea' id='block_1_46' title="bbox 608 3075 2191 3156">
    <p class='ocr_par' dir='ltr' id='par_1_46' title="bbox 608 3075 2191 3156">
     <span class='ocr_line' id='line_1_46' title="bbox 608 3075 2191 3156; baseline 0.008 -26"><span class='ocrx_word' id='word_1_367' title='bbox 608 3075 724 3132; x_wconf 74' lang='lat' dir='ltr'><strong>lino</strong></span> <span class='ocrx_word' id='word_1_368' title='bbox 759 3094 888 3134; x_wconf 90' lang='lat' dir='ltr'><strong>vero</strong></span> <span class='ocrx_word' id='word_1_369' title='bbox 914 3081 1214 3136; x_wconf 90' lang='lat' dir='ltr'><strong>universim</strong></span> <span class='ocrx_word' id='word_1_370' title='bbox 1249 3084 1493 3138; x_wconf 93' lang='lat' dir='ltr'><strong>omnium</strong></span> <span class='ocrx_word' id='word_1_371' title='bbox 1521 3099 1716 3141; x_wconf 91' lang='lat' dir='ltr'><strong>nomen</strong></span> <span class='ocrx_word' id='word_1_372' title='bbox 1745 3087 2048 3156; x_wconf 89' lang='lat' dir='ltr'><strong>pretiosum</strong></span> <span class='ocrx_word' id='word_1_373' title='bbox 2071 3095 2191 3144; x_wconf 90' lang='lat' dir='ltr'><strong>erat</strong></span> 
     </span>
    </p>
   </div>
   <div class='ocr_carea' id='block_1_47' title="bbox 609 3167 2258 3264">
    <p class='ocr_par' dir='ltr' id='par_1_47' title="bbox 609 3167 2258 3264">
     <span class='ocr_line' id='line_1_47' title="bbox 609 3167 2258 3264; baseline 0.011 -49"><span class='ocrx_word' id='word_1_374' title='bbox 609 3182 795 3222; x_wconf 73' lang='lat' dir='ltr'><strong>coram</strong></span> <span class='ocrx_word' id='word_1_375' title='bbox 828 3168 944 3264; x_wconf 76' lang='lat' dir='ltr'><strong>illo.</strong></span> <span class='ocrx_word' id='word_1_376' title='bbox 980 3167 1147 3264; x_wconf 81' lang='lat' dir='ltr'><strong>quue</strong></span> <span class='ocrx_word' id='word_1_377' title='bbox 1181 3171 1455 3242; x_wconf 85' lang='lat' dir='ltr'><strong>signiﬁcat</strong></span> <span class='ocrx_word' id='word_1_378' title='bbox 1484 3172 1768 3246; x_wconf 80' lang='lat' dir='ltr'><strong>Evangelii</strong></span> <span class='ocrx_word' id='word_1_379' title='bbox 1798 3177 2079 3248; x_wconf 81' lang='lat' dir='ltr'><strong>scriptura</strong></span> <span class='ocrx_word' id='word_1_380' title='bbox 2110 3177 2185 3232; x_wconf 90' lang='lat' dir='ltr'><strong>di-</strong></span> <span class='ocrx_word' id='word_1_381' title='bbox 2211 3205 2258 3264; x_wconf 54' lang='grc' dir='ltr'><strong>(ι</strong></span> 
     </span>
    </p>
   </div>
   <div class='ocr_carea' id='block_1_48' title="bbox 608 3259 2187 3340">
    <p class='ocr_par' dir='ltr' id='par_1_48' title="bbox 608 3259 2187 3340">
     <span class='ocr_line' id='line_1_48' title="bbox 608 3259 2187 3340; baseline 0.01 -28"><span class='ocrx_word' id='word_1_382' title='bbox 608 3275 778 3315; x_wconf 73' lang='lat' dir='ltr'><strong>cem:</strong></span> <span class='ocrx_word' id='word_1_383' title='bbox 818 3278 837 3312; x_wconf 80' lang='grc' dir='ltr'><strong>ι</strong></span> <span class='ocrx_word' id='word_1_384' title='bbox 869 3259 980 3316; x_wconf 82' lang='lat' dir='ltr'><strong>Hos</strong></span> <span class='ocrx_word' id='word_1_385' title='bbox 1007 3261 1296 3319; x_wconf 91' lang='lat' dir='ltr'><strong>duodecim</strong></span> <span class='ocrx_word' id='word_1_386' title='bbox 1333 3265 1494 3337; x_wconf 87' lang='lat' dir='ltr'><strong>elegit</strong></span> <span class='ocrx_word' id='word_1_387' title='bbox 1522 3265 1704 3333; x_wconf 87' lang='lat' dir='ltr'><strong>Jesus,</strong></span> <span class='ocrx_word' id='word_1_388' title='bbox 1737 3285 1876 3340; x_wconf 91' lang='lat' dir='ltr'><strong>quos</strong></span> <span class='ocrx_word' id='word_1_389' title='bbox 1908 3272 2187 3340; x_wconf 85' lang='lat' dir='ltr'><strong>apostolos</strong></span> 
     </span>
    </p>
   </div>
   <div class='ocr_carea' id='block_1_49' title="bbox 609 3354 2183 3432">
    <p class='ocr_par' dir='ltr' id='par_1_49' title="bbox 609 3354 2183 3432">
     <span class='ocr_line' id='line_1_49' title="bbox 609 3354 2183 3432; baseline 0.009 -26"><span class='ocrx_word' id='word_1_390' title='bbox 609 3354 915 3409; x_wconf 86' lang='lat' dir='ltr'><strong>nominavit</strong></span> <span class='ocrx_word' id='word_1_391' title='bbox 935 3355 1005 3410; x_wconf 80' lang='grc'>⁸³.</span> <span class='ocrx_word' id='word_1_392' title='bbox 1052 3374 1070 3407; x_wconf 78' lang='grc' dir='ltr'><strong>ι</strong></span> <span class='ocrx_word' id='word_1_393' title='bbox 1109 3355 1216 3412; x_wconf 89' lang='lat' dir='ltr'><strong>Pro</strong></span> <span class='ocrx_word' id='word_1_394' title='bbox 1251 3358 1344 3414; x_wconf 90' lang='lat' dir='ltr'><strong>illo</strong></span> <span class='ocrx_word' id='word_1_395' title='bbox 1377 3368 1580 3426; x_wconf 91' lang='lat' dir='ltr'><strong>autem,</strong></span> <span class='ocrx_word' id='word_1_396' title='bbox 1617 3380 1636 3412; x_wconf 79' lang='grc' dir='ltr'><strong>ι</strong></span> <span class='ocrx_word' id='word_1_397' title='bbox 1677 3378 1878 3419; x_wconf 89' lang='lat' dir='ltr'><strong>nomen</strong></span> <span class='ocrx_word' id='word_1_398' title='bbox 1913 3381 2126 3432; x_wconf 89' lang='lat' dir='ltr'><strong>eorum,</strong></span> <span class='ocrx_word' id='word_1_399' title='bbox 2163 3387 2183 3420; x_wconf 77' lang='grc' dir='ltr'><strong>ι</strong></span> 
     </span>
    </p>
   </div>
   <div class='ocr_carea' id='block_1_50' title="bbox 607 3443 2185 3529">
    <p class='ocr_par' dir='ltr' id='par_1_50' title="bbox 607 3443 2185 3529">
     <span class='ocr_line' id='line_1_50' title="bbox 607 3443 2185 3529; baseline 0.011 -32"><span class='ocrx_word' id='word_1_400' title='bbox 607 3443 877 3501; x_wconf 85' lang='lat' dir='ltr'><strong>llebraica</strong></span> <span class='ocrx_word' id='word_1_401' title='bbox 899 3447 1198 3518; x_wconf 88' lang='lat' dir='ltr'><strong>scriptura,</strong></span> <span class='ocrx_word' id='word_1_402' title='bbox 1235 3468 1252 3501; x_wconf 82' lang='grc' dir='ltr'><strong>ι</strong></span> <span class='ocrx_word' id='word_1_403' title='bbox 1279 3453 1502 3524; x_wconf 80' lang='lat' dir='ltr'><strong>sanguis</strong></span> <span class='ocrx_word' id='word_1_404' title='bbox 1545 3469 1757 3523; x_wconf 90' lang='lat' dir='ltr'><strong>eorum,</strong></span> <span class='ocrx_word' id='word_1_405' title='bbox 1790 3475 1808 3508; x_wconf 85' lang='grc'><strong>›</strong></span> <span class='ocrx_word' id='word_1_406' title='bbox 1835 3457 2185 3529; x_wconf 83' lang='lat' dir='ltr'><strong>circumfert;</strong></span> 
     </span>
    </p>
   </div>
   <div class='ocr_carea' id='block_1_51' title="bbox 610 3536 2184 3616">
    <p class='ocr_par' dir='ltr' id='par_1_51' title="bbox 610 3536 2184 3616">
     <span class='ocr_line' id='line_1_51' title="bbox 610 3536 2184 3616; baseline 0.013 -30"><span class='ocrx_word' id='word_1_407' title='bbox 610 3545 777 3604; x_wconf 85' lang='lat' dir='ltr'><strong>atque</strong></span> <span class='ocrx_word' id='word_1_408' title='bbox 807 3536 1004 3608; x_wconf 88' lang='lat' dir='ltr'><strong>reliqui</strong></span> <span class='ocrx_word' id='word_1_409' title='bbox 1034 3537 1115 3593; x_wconf 90' lang='lat' dir='ltr'><strong>sic</strong></span> <span class='ocrx_word' id='word_1_410' title='bbox 1145 3538 1491 3611; x_wconf 85' lang='lat' dir='ltr'><strong>interpretati</strong></span> <span class='ocrx_word' id='word_1_411' title='bbox 1528 3553 1676 3609; x_wconf 91' lang='lat' dir='ltr'><strong>sunt,</strong></span> <span class='ocrx_word' id='word_1_412' title='bbox 1705 3546 1902 3616; x_wconf 84' lang='lat' dir='ltr'><strong>Aquila</strong></span> <span class='ocrx_word' id='word_1_413' title='bbox 1933 3551 2145 3606; x_wconf 89' lang='lat' dir='ltr'><strong>scilicet</strong></span> <span class='ocrx_word' id='word_1_414' title='bbox 2171 3570 2184 3606; x_wconf 88' lang='lat'><strong>:</strong></span> 
     </span>
    </p>
   </div>
   <div class='ocr_carea' id='block_1_52' title="bbox 614 3625 2182 3714">
    <p class='ocr_par' dir='ltr' id='par_1_52' title="bbox 614 3625 2182 3714">
     <span class='ocr_line' id='line_1_52' title="bbox 614 3625 2182 3714; baseline 0.013 -38"><span class='ocrx_word' id='word_1_415' title='bbox 614 3645 632 3676; x_wconf 76' lang='grc' dir='ltr'><strong>ι</strong></span> <span class='ocrx_word' id='word_1_416' title='bbox 670 3625 734 3680; x_wconf 82' lang='lat' dir='ltr'><strong>Et</strong></span> <span class='ocrx_word' id='word_1_417' title='bbox 768 3626 1132 3684; x_wconf 86' lang='lat' dir='ltr'><strong>honorabitur</strong></span> <span class='ocrx_word' id='word_1_418' title='bbox 1160 3634 1385 3703; x_wconf 89' lang='lat' dir='ltr'><strong>sanguis</strong></span> <span class='ocrx_word' id='word_1_419' title='bbox 1428 3648 1618 3690; x_wconf 90' lang='lat' dir='ltr'><strong>eorum</strong></span> <span class='ocrx_word' id='word_1_420' title='bbox 1651 3636 1707 3692; x_wconf 87' lang='lat' dir='ltr'><strong>in</strong></span> <span class='ocrx_word' id='word_1_421' title='bbox 1758 3641 1934 3697; x_wconf 90' lang='lat' dir='ltr'><strong>oculis</strong></span> <span class='ocrx_word' id='word_1_422' title='bbox 1973 3643 2127 3714; x_wconf 85' lang='lat' dir='ltr'><strong>ejus;</strong></span> <span class='ocrx_word' id='word_1_423' title='bbox 2163 3663 2182 3696; x_wconf 77' lang='grc' dir='ltr'><strong>ι</strong></span> 
     </span>
    </p>
   </div>
   <div class='ocr_carea' id='block_1_53' title="bbox 608 3717 2186 3805">
    <p class='ocr_par' dir='ltr' id='par_1_53' title="bbox 608 3717 2186 3805">
     <span class='ocr_line' id='line_1_53' title="bbox 608 3717 2186 3805; baseline 0.012 -32"><span class='ocrx_word' id='word_1_424' title='bbox 608 3717 971 3791; x_wconf 87' lang='lat' dir='ltr'><strong>Symmachus</strong></span> <span class='ocrx_word' id='word_1_425' title='bbox 998 3738 1165 3780; x_wconf 86' lang='lat' dir='ltr'><strong>vero:</strong></span> <span class='ocrx_word' id='word_1_426' title='bbox 1196 3743 1214 3776; x_wconf 85' lang='grc' dir='ltr'><strong>ι</strong></span> <span class='ocrx_word' id='word_1_427' title='bbox 1240 3724 1307 3780; x_wconf 83' lang='grc' dir='ltr'>Ει</span> <span class='ocrx_word' id='word_1_428' title='bbox 1330 3728 1604 3798; x_wconf 89' lang='lat' dir='ltr'><strong>pretiosus</strong></span> <span class='ocrx_word' id='word_1_429' title='bbox 1617 3733 1721 3786; x_wconf 90' lang='lat' dir='ltr'><strong>erit</strong></span> <span class='ocrx_word' id='word_1_430' title='bbox 1746 3734 1970 3805; x_wconf 85' lang='lat' dir='ltr'><strong>sanguis</strong></span> <span class='ocrx_word' id='word_1_431' title='bbox 1996 3751 2186 3792; x_wconf 90' lang='lat' dir='ltr'><strong>eorum</strong></span> 
     </span>
    </p>
   </div>
   <div class='ocr_carea' id='block_1_54' title="bbox 605 3812 2189 3887">
    <p class='ocr_par' dir='ltr' id='par_1_54' title="bbox 605 3812 2189 3887">
     <span class='ocr_line' id='line_1_54' title="bbox 605 3812 2189 3887; baseline 0.012 -22"><span class='ocrx_word' id='word_1_432' title='bbox 605 3826 794 3866; x_wconf 87' lang='lat' dir='ltr'><strong>coram</strong></span> <span class='ocrx_word' id='word_1_433' title='bbox 823 3812 938 3869; x_wconf 93' lang='lat' dir='ltr'><strong>illo.</strong></span> <span class='ocrx_word' id='word_1_434' title='bbox 971 3833 989 3866; x_wconf 76' lang='grc' dir='ltr'><strong>ι</strong></span> <span class='ocrx_word' id='word_1_435' title='bbox 1015 3813 1184 3882; x_wconf 82' lang='lat' dir='ltr'><strong>Queis</strong></span> <span class='ocrx_word' id='word_1_436' title='bbox 1211 3826 1400 3887; x_wconf 83' lang='lat' dir='ltr'><strong>aperte</strong></span> <span class='ocrx_word' id='word_1_437' title='bbox 1449 3836 1640 3877; x_wconf 90' lang='lat' dir='ltr'><strong>necem</strong></span> <span class='ocrx_word' id='word_1_438' title='bbox 1679 3824 1897 3880; x_wconf 89' lang='lat' dir='ltr'><strong>illorum</strong></span> <span class='ocrx_word' id='word_1_439' title='bbox 1933 3828 2189 3884; x_wconf 88' lang='lat' dir='ltr'><strong>subindi-</strong></span> 
     </span>
    </p>
   </div>
   <div class='ocr_carea' id='block_1_55' title="bbox 605 3903 2186 3988">
    <p class='ocr_par' dir='ltr' id='par_1_55' title="bbox 605 3903 2186 3988">
     <span class='ocr_line' id='line_1_55' title="bbox 605 3903 2186 3988; baseline 0.013 -33"><span class='ocrx_word' id='word_1_440' title='bbox 605 3903 772 3982; x_wconf 80' lang='lat' dir='ltr'><strong>cavit,</strong></span> <span class='ocrx_word' id='word_1_441' title='bbox 822 3919 931 3974; x_wconf 87' lang='lat' dir='ltr'><strong>qua</strong></span> <span class='ocrx_word' id='word_1_442' title='bbox 979 3905 1183 3977; x_wconf 89' lang='lat' dir='ltr'><strong>singuli</strong></span> <span class='ocrx_word' id='word_1_443' title='bbox 1243 3910 1398 3965; x_wconf 87' lang='lat' dir='ltr'><strong>vario</strong></span> <span class='ocrx_word' id='word_1_444' title='bbox 1451 3915 1703 3986; x_wconf 87' lang='lat' dir='ltr'><strong>martyrii</strong></span> <span class='ocrx_word' id='word_1_445' title='bbox 1753 3933 1952 3988; x_wconf 85' lang='lat' dir='ltr'><strong>genere</strong></span> <span class='ocrx_word' id='word_1_446' title='bbox 2006 3919 2186 3976; x_wconf 81' lang='lat' dir='ltr'><strong>aﬁ‘ecti</strong></span> 
     </span>
    </p>
   </div>
   <div class='ocr_carea' id='block_1_56' title="bbox 605 3999 2187 4070">
    <p class='ocr_par' dir='ltr' id='par_1_56' title="bbox 605 3999 2187 4070">
     <span class='ocr_line' id='line_1_56' title="bbox 605 3999 2187 4070; baseline 0.012 -20"><span class='ocrx_word' id='word_1_447' title='bbox 605 4006 756 4062; x_wconf 79' lang='lat' dir='ltr'><strong>sunt,</strong></span> <span class='ocrx_word' id='word_1_448' title='bbox 788 4012 854 4052; x_wconf 88' lang='lat' dir='ltr'><strong>ac</strong></span> <span class='ocrx_word' id='word_1_449' title='bbox 901 3999 1042 4055; x_wconf 90' lang='lat' dir='ltr'><strong>alius</strong></span> <span class='ocrx_word' id='word_1_450' title='bbox 1090 4001 1198 4056; x_wconf 86' lang='lat' dir='ltr'><strong>alio</strong></span> <span class='ocrx_word' id='word_1_451' title='bbox 1237 4003 1401 4059; x_wconf 87' lang='lat' dir='ltr'><strong>modo</strong></span> <span class='ocrx_word' id='word_1_452' title='bbox 1450 4005 1521 4061; x_wconf 95' lang='lat' dir='ltr'><strong>ob</strong></span> <span class='ocrx_word' id='word_1_453' title='bbox 1571 4008 1946 4066; x_wconf 89' lang='lat' dir='ltr'><strong>testimonium</strong></span> <span class='ocrx_word' id='word_1_454' title='bbox 1992 4013 2060 4068; x_wconf 91' lang='lat' dir='ltr'><strong>de</strong></span> <span class='ocrx_word' id='word_1_455' title='bbox 2093 4014 2187 4070; x_wconf 92' lang='lat' dir='ltr'><strong>illo</strong></span> 
     </span>
    </p>
   </div>
   <div class='ocr_carea' id='block_1_57' title="bbox 605 4091 2188 4167">
    <p class='ocr_par' dir='ltr' id='par_1_57' title="bbox 605 4091 2188 4167">
     <span class='ocr_line' id='line_1_57' title="bbox 605 4091 2188 4167; baseline 0.012 -23"><span class='ocrx_word' id='word_1_456' title='bbox 605 4091 793 4145; x_wconf 82' lang='lat' dir='ltr'><strong>datum</strong></span> <span class='ocrx_word' id='word_1_457' title='bbox 825 4093 1114 4162; x_wconf 90' lang='lat' dir='ltr'><strong>sanguinis</strong></span> <span class='ocrx_word' id='word_1_458' title='bbox 1140 4109 1372 4166; x_wconf 84' lang='lat' dir='ltr'><strong>agonem</strong></span> <span class='ocrx_word' id='word_1_459' title='bbox 1413 4097 1618 4167; x_wconf 89' lang='lat' dir='ltr'><strong>subiit;</strong></span> <span class='ocrx_word' id='word_1_460' title='bbox 1655 4101 1728 4156; x_wconf 90' lang='lat' dir='ltr'><strong>ita</strong></span> <span class='ocrx_word' id='word_1_461' title='bbox 1753 4112 1813 4158; x_wconf 88' lang='lat' dir='ltr'><strong>ut</strong></span> <span class='ocrx_word' id='word_1_462' title='bbox 1853 4104 1919 4160; x_wconf 93' lang='lat' dir='ltr'><strong>de</strong></span> <span class='ocrx_word' id='word_1_463' title='bbox 1955 4104 2064 4162; x_wconf 92' lang='lat' dir='ltr'><strong>illis</strong></span> <span class='ocrx_word' id='word_1_464' title='bbox 2099 4108 2188 4162; x_wconf 92' lang='lat' dir='ltr'><strong>di-</strong></span> 
     </span>
    </p>
   </div>
   <div class='ocr_carea' id='block_1_58' title="bbox 604 4184 2189 4263">
    <p class='ocr_par' dir='ltr' id='par_1_58' title="bbox 604 4184 2189 4263">
     <span class='ocr_line' id='line_1_58' title="bbox 604 4184 2189 4263; baseline 0.013 -26"><span class='ocrx_word' id='word_1_465' title='bbox 604 4193 762 4239; x_wconf 83' lang='lat' dir='ltr'><strong>catur</strong></span> <span class='ocrx_word' id='word_1_466' title='bbox 794 4203 811 4243; x_wconf 85' lang='lat'>:</span> <span class='ocrx_word' id='word_1_467' title='bbox 849 4204 868 4238; x_wconf 86' lang='grc'><strong>‹</strong></span> <span class='ocrx_word' id='word_1_468' title='bbox 897 4184 1146 4243; x_wconf 87' lang='lat' dir='ltr'><strong>Pretiosa</strong></span> <span class='ocrx_word' id='word_1_469' title='bbox 1183 4191 1236 4244; x_wconf 92' lang='lat' dir='ltr'><strong>in</strong></span> <span class='ocrx_word' id='word_1_470' title='bbox 1279 4201 1574 4263; x_wconf 75' lang='lat' dir='ltr'><strong>conSpectu</strong></span> <span class='ocrx_word' id='word_1_471' title='bbox 1609 4194 1826 4253; x_wconf 89' lang='lat' dir='ltr'><strong>Domini</strong></span> <span class='ocrx_word' id='word_1_472' title='bbox 1866 4215 2014 4256; x_wconf 89' lang='lat' dir='ltr'><strong>mors</strong></span> <span class='ocrx_word' id='word_1_473' title='bbox 2059 4217 2189 4258; x_wconf 87' lang='lat' dir='ltr'><strong>san-</strong></span> 
     </span>
    </p>
   </div>
   <div class='ocr_carea' id='block_1_59' title="bbox 605 4277 2189 4363">
    <p class='ocr_par' dir='ltr' id='par_1_59' title="bbox 605 4277 2189 4363">
     <span class='ocr_line' id='line_1_59' title="bbox 605 4277 2189 4363; baseline 0.014 -36"><span class='ocrx_word' id='word_1_474' title='bbox 605 4282 818 4330; x_wconf 81' lang='lat' dir='ltr'><strong>ctorum</strong></span> <span class='ocrx_word' id='word_1_475' title='bbox 849 4277 1050 4347; x_wconf 83' lang='lat' dir='ltr'><strong>ejus&quot;.</strong></span> <span class='ocrx_word' id='word_1_476' title='bbox 1093 4297 1113 4332; x_wconf 85' lang='grc'><strong>›</strong></span> <span class='ocrx_word' id='word_1_477' title='bbox 1152 4278 1246 4337; x_wconf 85' lang='lat' dir='ltr'><strong>Isti</strong></span> <span class='ocrx_word' id='word_1_478' title='bbox 1281 4283 1427 4338; x_wconf 92' lang='lat' dir='ltr'><strong>enim</strong></span> <span class='ocrx_word' id='word_1_479' title='bbox 1475 4285 1655 4342; x_wconf 91' lang='lat' dir='ltr'><strong>simile</strong></span> <span class='ocrx_word' id='word_1_480' title='bbox 1696 4287 1799 4343; x_wconf 90' lang='lat' dir='ltr'><strong>hoc</strong></span> <span class='ocrx_word' id='word_1_481' title='bbox 1839 4306 2057 4363; x_wconf 90' lang='lat' dir='ltr'><strong>quoque</strong></span> <span class='ocrx_word' id='word_1_482' title='bbox 2104 4295 2189 4348; x_wconf 90' lang='lat' dir='ltr'><strong>di-</strong></span> 
     </span>
    </p>
   </div>
   <div class='ocr_carea' id='block_1_60' title="bbox 605 4369 2184 4442">
    <p class='ocr_par' dir='ltr' id='par_1_60' title="bbox 605 4369 2184 4442">
     <span class='ocr_line' id='line_1_60' title="bbox 605 4369 2184 4442; baseline 0.016 -27"><span class='ocrx_word' id='word_1_483' title='bbox 605 4374 754 4418; x_wconf 82' lang='lat' dir='ltr'><strong>ctum</strong></span> <span class='ocrx_word' id='word_1_484' title='bbox 803 4375 935 4422; x_wconf 90' lang='lat' dir='ltr'><strong>est:</strong></span> <span class='ocrx_word' id='word_1_485' title='bbox 973 4387 992 4420; x_wconf 81' lang='grc' dir='ltr'><strong>ι</strong></span> <span class='ocrx_word' id='word_1_486' title='bbox 1030 4369 1095 4425; x_wconf 86' lang='lat' dir='ltr'><strong>Et</strong></span> <span class='ocrx_word' id='word_1_487' title='bbox 1129 4373 1430 4442; x_wconf 90' lang='lat' dir='ltr'><strong>pretiosum</strong></span> <span class='ocrx_word' id='word_1_488' title='bbox 1486 4393 1688 4434; x_wconf 89' lang='lat' dir='ltr'><strong>nomen</strong></span> <span class='ocrx_word' id='word_1_489' title='bbox 1746 4397 1936 4437; x_wconf 87' lang='lat' dir='ltr'><strong>eorum</strong></span> <span class='ocrx_word' id='word_1_490' title='bbox 1999 4399 2184 4440; x_wconf 85' lang='lat' dir='ltr'><strong>coram</strong></span> 
     </span>
    </p>
   </div>
   <div class='ocr_carea' id='block_1_61' title="bbox 608 4456 780 4510">
    <p class='ocr_par' dir='ltr' id='par_1_61' title="bbox 608 4456 780 4510">
     <span class='ocr_line' id='line_1_61' title="bbox 608 4456 780 4510; baseline 0.023 -4"><span class='ocrx_word' id='word_1_491' title='bbox 608 4456 720 4510; x_wconf 92' lang='lat' dir='ltr'><strong>illo.</strong></span> <span class='ocrx_word' id='word_1_492' title='bbox 760 4475 780 4509; x_wconf 70' lang='grc' dir='ltr'><strong>ι</strong></span> 
     </span>
    </p>
   </div>
   <div class='ocr_carea' id='block_1_62' title="bbox 2295 1974 3910 2050">
    <p class='ocr_par' dir='ltr' id='par_1_62' title="bbox 2295 1974 3910 2050">
     <span class='ocr_line' id='line_1_62' title="bbox 2295 1974 3910 2050; baseline 0.001 -24"><span class='ocrx_word' id='word_1_493' title='bbox 2295 1974 2522 2045; x_wconf 80' lang='grc' dir='ltr'>ἐμμένει</span> <span class='ocrx_word' id='word_1_494' title='bbox 2557 1977 2689 2029; x_wconf 80' lang='grc' dir='ltr'>πᾶσι</span> <span class='ocrx_word' id='word_1_495' title='bbox 2728 1979 2840 2039; x_wconf 89' lang='grc' dir='ltr'>τοῖς</span> <span class='ocrx_word' id='word_1_496' title='bbox 2882 1975 3286 2050; x_wconf 81' lang='grc' dir='ltr'>γεγραμμένοις</span> <span class='ocrx_word' id='word_1_497' title='bbox 3326 1979 3383 2029; x_wconf 85' lang='grc' dir='ltr'><strong>ἐν</strong></span> <span class='ocrx_word' id='word_1_498' title='bbox 3414 1975 3502 2046; x_wconf 79' lang='grc' dir='ltr'><strong>τῷ</strong></span> <span class='ocrx_word' id='word_1_499' title='bbox 3572 1974 3776 2045; x_wconf 76' lang='grc' dir='ltr'>βιϐλίῳ</span> <span class='ocrx_word' id='word_1_500' title='bbox 3826 1974 3910 2027; x_wconf 76' lang='grc' dir='ltr'><strong>τοῦ</strong></span> 
     </span>
    </p>
   </div>
   <div class='ocr_carea' id='block_1_63' title="bbox 2295 2067 3910 2139">
    <p class='ocr_par' dir='ltr' id='par_1_63' title="bbox 2295 2067 3910 2139">
     <span class='ocr_line' id='line_1_63' title="bbox 2295 2067 3910 2139; baseline -0.002 -19"><span class='ocrx_word' id='word_1_501' title='bbox 2295 2067 2460 2138; x_wconf 85' lang='grc' dir='ltr'>νόμου</span> <span class='ocrx_word' id='word_1_502' title='bbox 2541 2067 2635 2121; x_wconf 81' lang='grc' dir='ltr'>τοῦ</span> <span class='ocrx_word' id='word_1_503' title='bbox 2710 2069 2930 2139; x_wconf 76' lang='grc' dir='ltr'>ποιῆσαι</span> <span class='ocrx_word' id='word_1_504' title='bbox 2993 2068 3151 2122; x_wconf 87' lang='grc' dir='ltr'>αὑτά.</span> <span class='ocrx_word' id='word_1_505' title='bbox 3199 2087 3215 2118; x_wconf 77' lang='grc' dir='ltr'><strong>ι</strong></span> <span class='ocrx_word' id='word_1_506' title='bbox 3249 2068 3496 2132; x_wconf 79' lang='grc' dir='ltr'>Εἰκότως</span> <span class='ocrx_word' id='word_1_507' title='bbox 3553 2067 3775 2137; x_wconf 80' lang='grc' dir='ltr'>ταύτης</span> <span class='ocrx_word' id='word_1_508' title='bbox 3823 2067 3910 2135; x_wconf 77' lang='grc' dir='ltr'>τῆς</span> 
     </span>
    </p>
   </div>
   <div class='ocr_carea' id='block_1_64' title="bbox 2293 2155 3909 2231">
    <p class='ocr_par' dir='ltr' id='par_1_64' title="bbox 2293 2155 3909 2231">
     <span class='ocr_line' id='line_1_64' title="bbox 2293 2155 3909 2231; baseline -0.002 -19"><span class='ocrx_word' id='word_1_509' title='bbox 2293 2159 2430 2231; x_wconf 75' lang='grc' dir='ltr'>ἀρᾶς</span> <span class='ocrx_word' id='word_1_510' title='bbox 2470 2158 2840 2231; x_wconf 77' lang='grc' dir='ltr'>ἐλευθερώσας</span> <span class='ocrx_word' id='word_1_511' title='bbox 2880 2160 3097 2224; x_wconf 72' lang='grc' dir='ltr'>αὐτοὺς,</span> <span class='ocrx_word' id='word_1_512' title='bbox 3137 2161 3200 2212; x_wconf 82' lang='grc' dir='ltr'>ὲκ</span> <span class='ocrx_word' id='word_1_513' title='bbox 3247 2160 3406 2212; x_wconf 84' lang='grc' dir='ltr'>τόκου</span> <span class='ocrx_word' id='word_1_514' title='bbox 3439 2160 3549 2212; x_wconf 80' lang='grc' dir='ltr'><strong>καὶ</strong></span> <span class='ocrx_word' id='word_1_515' title='bbox 3596 2158 3663 2222; x_wconf 77' lang='grc' dir='ltr'><strong>ἐξ</strong></span> <span class='ocrx_word' id='word_1_516' title='bbox 3707 2155 3909 2218; x_wconf 82' lang='grc' dir='ltr'>ἀδικίας</span> 
     </span>
    </p>
   </div>
   <div class='ocr_carea' id='block_1_65' title="bbox 2293 2251 3906 2325">
    <p class='ocr_par' dir='ltr' id='par_1_65' title="bbox 2293 2251 3906 2325">
     <span class='ocr_line' id='line_1_65' title="bbox 2293 2251 3906 2325; baseline -0.002 -19"><span class='ocrx_word' id='word_1_517' title='bbox 2293 2253 2580 2325; x_wconf 82' lang='grc' dir='ltr'>ὲλυτροῧτο</span> <span class='ocrx_word' id='word_1_518' title='bbox 2622 2254 2836 2317; x_wconf 78' lang='grc' dir='ltr'>αὐτοὺς,</span> <span class='ocrx_word' id='word_1_519' title='bbox 2899 2253 3184 2324; x_wconf 80' lang='grc' dir='ltr'>γινόμενος</span> <span class='ocrx_word' id='word_1_520' title='bbox 3233 2253 3374 2325; x_wconf 81' lang='grc' dir='ltr'>ὑπὲρ</span> <span class='ocrx_word' id='word_1_521' title='bbox 3405 2253 3609 2306; x_wconf 80' lang='grc' dir='ltr'>αὐτῶν</span> <span class='ocrx_word' id='word_1_522' title='bbox 3662 2251 3906 2320; x_wconf 80' lang='grc' dir='ltr'>κατάρα·</span> 
     </span>
    </p>
   </div>
   <div class='ocr_carea' id='block_1_66' title="bbox 2293 2341 3905 2420">
    <p class='ocr_par' dir='ltr' id='par_1_66' title="bbox 2293 2341 3905 2420">
     <span class='ocr_line' id='line_1_66' title="bbox 2293 2341 3905 2420; baseline -0.002 -21"><span class='ocrx_word' id='word_1_523' title='bbox 2293 2347 2388 2399; x_wconf 74' lang='grc' dir='ltr'><strong>καὶ</strong></span> <span class='ocrx_word' id='word_1_524' title='bbox 2418 2348 2479 2399; x_wconf 85' lang='grc' dir='ltr'><strong>τὸ</strong></span> <span class='ocrx_word' id='word_1_525' title='bbox 2535 2347 2714 2418; x_wconf 89' lang='grc' dir='ltr'>τίμιον</span> <span class='ocrx_word' id='word_1_526' title='bbox 2769 2346 2931 2400; x_wconf 74' lang='grc' dir='ltr'>αὑτοῦ</span> <span class='ocrx_word' id='word_1_527' title='bbox 2970 2341 3108 2417; x_wconf 73' lang='grc' dir='ltr'>αἷμα</span> <span class='ocrx_word' id='word_1_528' title='bbox 3135 2346 3275 2420; x_wconf 86' lang='grc' dir='ltr'><strong>ύπέρ</strong></span> <span class='ocrx_word' id='word_1_529' title='bbox 3319 2346 3508 2399; x_wconf 77' lang='grc' dir='ltr'>αὐτῶν</span> <span class='ocrx_word' id='word_1_530' title='bbox 3569 2344 3777 2408; x_wconf 73' lang='grc' dir='ltr'>διδοὺς,</span> <span class='ocrx_word' id='word_1_531' title='bbox 3824 2343 3905 2396; x_wconf 71' lang='grc' dir='ltr'><strong>καὶ</strong></span> 
     </span>
    </p>
   </div>
   <div class='ocr_carea' id='block_1_67' title="bbox 2293 2436 3905 2510">
    <p class='ocr_par' dir='ltr' id='par_1_67' title="bbox 2293 2436 3905 2510">
     <span class='ocr_line' id='line_1_67' title="bbox 2293 2436 3905 2510; baseline -0.002 -19"><span class='ocrx_word' id='word_1_532' title='bbox 2293 2439 2432 2492; x_wconf 70' lang='grc' dir='ltr'>οὕτω</span> <span class='ocrx_word' id='word_1_533' title='bbox 2476 2441 2689 2510; x_wconf 84' lang='grc' dir='ltr'>τιμίους</span> <span class='ocrx_word' id='word_1_534' title='bbox 2743 2438 2920 2509; x_wconf 81' lang='grc' dir='ltr'>ἐαυτῷ</span> <span class='ocrx_word' id='word_1_535' title='bbox 2969 2437 3428 2510; x_wconf 75' lang='grc' dir='ltr'>ἀπεργαζόμενος.</span> <span class='ocrx_word' id='word_1_536' title='bbox 3490 2438 3596 2492; x_wconf 78' lang='grc' dir='ltr'><strong>Διὸ</strong></span> <span class='ocrx_word' id='word_1_537' title='bbox 3663 2436 3905 2488; x_wconf 83' lang='grc' dir='ltr'>λέλεκται</span> 
     </span>
    </p>
   </div>
   <div class='ocr_carea' id='block_1_68' title="bbox 2294 2529 3902 2604">
    <p class='ocr_par' dir='ltr' id='par_1_68' title="bbox 2294 2529 3902 2604">
     <span class='ocr_line' id='line_1_68' title="bbox 2294 2529 3902 2604; baseline -0.004 -18"><span class='ocrx_word' id='word_1_538' title='bbox 2294 2534 2448 2604; x_wconf 79' lang='grc' dir='ltr'>ἑξῆς·</span> <span class='ocrx_word' id='word_1_539' title='bbox 2490 2554 2506 2584; x_wconf 85' lang='grc' dir='ltr'><strong>ι</strong></span> <span class='ocrx_word' id='word_1_540' title='bbox 2550 2534 2660 2586; x_wconf 70' lang='grc' dir='ltr'>Καὶ</span> <span class='ocrx_word' id='word_1_541' title='bbox 2708 2533 2924 2602; x_wconf 79' lang='grc' dir='ltr'>ἔντιμον</span> <span class='ocrx_word' id='word_1_542' title='bbox 2962 2533 3022 2585; x_wconf 82' lang='grc' dir='ltr'><strong>τὸ</strong></span> <span class='ocrx_word' id='word_1_543' title='bbox 3070 2533 3242 2604; x_wconf 69' lang='grc' dir='ltr'>ὄνομα</span> <span class='ocrx_word' id='word_1_544' title='bbox 3289 2531 3473 2587; x_wconf 79' lang='grc' dir='ltr'>αὐτῶν</span> <span class='ocrx_word' id='word_1_545' title='bbox 3527 2531 3778 2585; x_wconf 82' lang='grc' dir='ltr'>ἐνώπιον</span> <span class='ocrx_word' id='word_1_546' title='bbox 3814 2529 3902 2581; x_wconf 77' lang='grc' dir='ltr'>αύ-</span> 
     </span>
    </p>
   </div>
   <div class='ocr_carea' id='block_1_69' title="bbox 2291 2620 3898 2696">
    <p class='ocr_par' dir='ltr' id='par_1_69' title="bbox 2291 2620 3898 2696">
     <span class='ocr_line' id='line_1_69' title="bbox 2291 2620 3898 2696; baseline -0.003 -19"><span class='ocrx_word' id='word_1_547' title='bbox 2291 2624 2405 2678; x_wconf 79' lang='grc' dir='ltr'>τοῦ.</span> <span class='ocrx_word' id='word_1_548' title='bbox 2452 2645 2469 2676; x_wconf 71' lang='grc' dir='ltr'><strong>ι</strong></span> <span class='ocrx_word' id='word_1_549' title='bbox 2507 2624 2667 2678; x_wconf 84' lang='grc' dir='ltr'>Ὅθεν</span> <span class='ocrx_word' id='word_1_550' title='bbox 2719 2624 3132 2694; x_wconf 85' lang='grc' dir='ltr'>ἀναγέγραπται</span> <span class='ocrx_word' id='word_1_551' title='bbox 3188 2623 3425 2696; x_wconf 79' lang='grc' dir='ltr'>εἰρηκὼς</span> <span class='ocrx_word' id='word_1_552' title='bbox 3475 2623 3629 2694; x_wconf 80' lang='grc' dir='ltr'>πρὸς</span> <span class='ocrx_word' id='word_1_553' title='bbox 3675 2620 3898 2683; x_wconf 79' lang='grc' dir='ltr'>αὐτούς·</span> 
     </span>
    </p>
   </div>
   <div class='ocr_carea' id='block_1_70' title="bbox 2298 2715 3897 2788">
    <p class='ocr_par' dir='ltr' id='par_1_70' title="bbox 2298 2715 3897 2788">
     <span class='ocr_line' id='line_1_70' title="bbox 2298 2715 3897 2788; baseline -0.003 -20"><span class='ocrx_word' id='word_1_554' title='bbox 2298 2736 2316 2768; x_wconf 83' lang='grc' dir='ltr'><strong>ι</strong></span> <span class='ocrx_word' id='word_1_555' title='bbox 2351 2716 2442 2787; x_wconf 76' lang='grc' dir='ltr'><strong>Μὴ</strong></span> <span class='ocrx_word' id='word_1_556' title='bbox 2483 2716 2724 2786; x_wconf 81' lang='grc' dir='ltr'>χαίρετε,</span> <span class='ocrx_word' id='word_1_557' title='bbox 2768 2717 2849 2769; x_wconf 83' lang='grc' dir='ltr'>ὅτι</span> <span class='ocrx_word' id='word_1_558' title='bbox 2887 2717 2956 2769; x_wconf 68' lang='grc' dir='ltr'><strong>τά</strong></span> <span class='ocrx_word' id='word_1_559' title='bbox 3007 2716 3262 2788; x_wconf 80' lang='grc' dir='ltr'>δαιμόνια</span> <span class='ocrx_word' id='word_1_560' title='bbox 3304 2716 3435 2785; x_wconf 81' lang='grc' dir='ltr'>ύμῖν</span> <span class='ocrx_word' id='word_1_561' title='bbox 3481 2715 3897 2768; x_wconf 79' lang='grc' dir='ltr'>ὑποτάσσεται·</span> 
     </span>
    </p>
   </div>
   <div class='ocr_carea' id='block_1_71' title="bbox 2291 2807 3896 2881">
    <p class='ocr_par' dir='ltr' id='par_1_71' title="bbox 2291 2807 3896 2881">
     <span class='ocr_line' id='line_1_71' title="bbox 2291 2807 3896 2881; baseline -0.002 -19"><span class='ocrx_word' id='word_1_562' title='bbox 2291 2809 2508 2881; x_wconf 84' lang='grc' dir='ltr'>χαίρετε</span> <span class='ocrx_word' id='word_1_563' title='bbox 2540 2810 2596 2862; x_wconf 83' lang='grc' dir='ltr'><strong>δὲ</strong></span> <span class='ocrx_word' id='word_1_564' title='bbox 2623 2811 2718 2863; x_wconf 70' lang='grc' dir='ltr'><strong>καὶ</strong></span> <span class='ocrx_word' id='word_1_565' title='bbox 2751 2808 3100 2878; x_wconf 74' lang='grc' dir='ltr'>ἀγαλλιᾶσθε,</span> <span class='ocrx_word' id='word_1_566' title='bbox 3131 2810 3213 2862; x_wconf 80' lang='grc' dir='ltr'><strong>ὅτι</strong></span> <span class='ocrx_word' id='word_1_567' title='bbox 3241 2809 3308 2862; x_wconf 82' lang='grc' dir='ltr'>τὰ</span> <span class='ocrx_word' id='word_1_568' title='bbox 3334 2809 3593 2880; x_wconf 87' lang='grc' dir='ltr'>ὀνόματα</span> <span class='ocrx_word' id='word_1_569' title='bbox 3627 2807 3789 2879; x_wconf 79' lang='grc' dir='ltr'>ὑμῶν</span> <span class='ocrx_word' id='word_1_570' title='bbox 3813 2808 3896 2874; x_wconf 77' lang='grc' dir='ltr'>ἐγ-</span> 
     </span>
    </p>
   </div>
   <div class='ocr_carea' id='block_1_72' title="bbox 2291 2899 3896 2973">
    <p class='ocr_par' dir='ltr' id='par_1_72' title="bbox 2291 2899 3896 2973">
     <span class='ocr_line' id='line_1_72' title="bbox 2291 2899 3896 2973; baseline -0.002 -19"><span class='ocrx_word' id='word_1_571' title='bbox 2291 2901 2600 2973; x_wconf 82' lang='grc' dir='ltr'>γέγραπται</span> <span class='ocrx_word' id='word_1_572' title='bbox 2633 2903 2689 2954; x_wconf 77' lang='grc' dir='ltr'><strong>ἐν</strong></span> <span class='ocrx_word' id='word_1_573' title='bbox 2723 2905 2834 2964; x_wconf 84' lang='grc' dir='ltr'>τοῖς</span> <span class='ocrx_word' id='word_1_574' title='bbox 2862 2902 3127 2971; x_wconf 75' lang='grc' dir='ltr'>οὐρανοῖς.</span> <span class='ocrx_word' id='word_1_575' title='bbox 3173 2920 3190 2952; x_wconf 74' lang='grc' dir='ltr'><strong>ι</strong></span> <span class='ocrx_word' id='word_1_576' title='bbox 3229 2900 3325 2954; x_wconf 80' lang='grc' dir='ltr'><strong>Διὰ</strong></span> <span class='ocrx_word' id='word_1_577' title='bbox 3351 2901 3402 2954; x_wconf 92' lang='grc' dir='ltr'><strong>τί</strong></span> <span class='ocrx_word' id='word_1_578' title='bbox 3429 2901 3487 2955; x_wconf 82' lang='grc' dir='ltr'>δὲ</span> <span class='ocrx_word' id='word_1_579' title='bbox 3505 2902 3574 2955; x_wconf 85' lang='grc' dir='ltr'><strong>τὸ</strong></span> <span class='ocrx_word' id='word_1_580' title='bbox 3609 2901 3787 2971; x_wconf 76' lang='grc' dir='ltr'>ὄνομα</span> <span class='ocrx_word' id='word_1_581' title='bbox 3812 2899 3896 2952; x_wconf 84' lang='grc' dir='ltr'>αύ-</span> 
     </span>
    </p>
   </div>
   <div class='ocr_carea' id='block_1_73' title="bbox 2290 2991 3891 3067">
    <p class='ocr_par' dir='ltr' id='par_1_73' title="bbox 2290 2991 3891 3067">
     <span class='ocr_line' id='line_1_73' title="bbox 2290 2991 3891 3067; baseline -0.002 -19"><span class='ocrx_word' id='word_1_582' title='bbox 2290 2997 2397 3049; x_wconf 80' lang='grc' dir='ltr'><strong>τῶν</strong></span> <span class='ocrx_word' id='word_1_583' title='bbox 2424 2996 2637 3067; x_wconf 75' lang='grc' dir='ltr'>ἔντιμον</span> <span class='ocrx_word' id='word_1_584' title='bbox 2665 2991 2732 3067; x_wconf 75' lang='grc' dir='ltr'>ἦν</span> <span class='ocrx_word' id='word_1_585' title='bbox 2757 2996 2985 3049; x_wconf 80' lang='grc' dir='ltr'>ἐνώπιον</span> <span class='ocrx_word' id='word_1_586' title='bbox 3012 2994 3199 3058; x_wconf 73' lang='grc' dir='ltr'>αὐτοῦ,</span> <span class='ocrx_word' id='word_1_587' title='bbox 3233 2995 3346 3048; x_wconf 78' lang='grc' dir='ltr'>ἀλλ’</span> <span class='ocrx_word' id='word_1_588' title='bbox 3375 2996 3698 3066; x_wconf 82' lang='grc' dir='ltr'>ἐπειδήπερ</span> <span class='ocrx_word' id='word_1_589' title='bbox 3739 2992 3891 3055; x_wconf 74' lang='grc' dir='ltr'>αὐτὸς</span> 
     </span>
    </p>
   </div>
   <div class='ocr_carea' id='block_1_74' title="bbox 2291 3084 3894 3159">
    <p class='ocr_par' dir='ltr' id='par_1_74' title="bbox 2291 3084 3894 3159">
     <span class='ocr_line' id='line_1_74' title="bbox 2291 3084 3894 3159; baseline -0.004 -17"><span class='ocrx_word' id='word_1_590' title='bbox 2291 3089 2384 3142; x_wconf 74' lang='grc' dir='ltr'><strong>καὶ</strong></span> <span class='ocrx_word' id='word_1_591' title='bbox 2409 3088 2516 3140; x_wconf 80' lang='grc' dir='ltr'><strong>τῶν</strong></span> <span class='ocrx_word' id='word_1_592' title='bbox 2544 3089 2823 3159; x_wconf 82' lang='grc' dir='ltr'>ὀνομάτων</span> <span class='ocrx_word' id='word_1_593' title='bbox 2853 3088 3050 3150; x_wconf 73' lang='grc' dir='ltr'>αὐτοὺς</span> <span class='ocrx_word' id='word_1_594' title='bbox 3071 3086 3246 3157; x_wconf 74' lang='grc' dir='ltr'>ἠξίου,</span> <span class='ocrx_word' id='word_1_595' title='bbox 3271 3087 3361 3140; x_wconf 77' lang='grc' dir='ltr'><strong>τὸν</strong></span> <span class='ocrx_word' id='word_1_596' title='bbox 3395 3088 3494 3158; x_wconf 81' lang='grc' dir='ltr'>μὲν</span> <span class='ocrx_word' id='word_1_597' title='bbox 3531 3089 3770 3158; x_wconf 80' lang='grc' dir='ltr'>Σίμωνα</span> <span class='ocrx_word' id='word_1_598' title='bbox 3799 3084 3894 3138; x_wconf 81' lang='grc' dir='ltr'><strong>Πέ-</strong></span> 
     </span>
    </p>
   </div>
   <div class='ocr_carea' id='block_1_75' title="bbox 2290 3177 3890 3252">
    <p class='ocr_par' dir='ltr' id='par_1_75' title="bbox 2290 3177 3890 3252">
     <span class='ocr_line' id='line_1_75' title="bbox 2290 3177 3890 3252; baseline -0.003 -18"><span class='ocrx_word' id='word_1_599' title='bbox 2290 3199 2416 3252; x_wconf 83' lang='grc' dir='ltr'>τρον</span> <span class='ocrx_word' id='word_1_600' title='bbox 2449 3182 2705 3246; x_wconf 83' lang='grc' dir='ltr'>ἀνειπὼν,</span> <span class='ocrx_word' id='word_1_601' title='bbox 2739 3182 2830 3235; x_wconf 78' lang='grc' dir='ltr'><strong>τὸν</strong></span> <span class='ocrx_word' id='word_1_602' title='bbox 2863 3180 2919 3233; x_wconf 83' lang='grc' dir='ltr'><strong>δὲ</strong></span> <span class='ocrx_word' id='word_1_603' title='bbox 2957 3181 3159 3251; x_wconf 82' lang='grc' dir='ltr'>Θωμᾶν</span> <span class='ocrx_word' id='word_1_604' title='bbox 3199 3181 3448 3252; x_wconf 81' lang='grc' dir='ltr'>Δίδυμον.</span> <span class='ocrx_word' id='word_1_605' title='bbox 3484 3180 3622 3244; x_wconf 84' lang='grc' dir='ltr'>τούς</span> <span class='ocrx_word' id='word_1_606' title='bbox 3663 3197 3722 3233; x_wconf 88' lang='grc' dir='ltr'><strong>τε</strong></span> <span class='ocrx_word' id='word_1_607' title='bbox 3757 3177 3890 3240; x_wconf 65' lang='grc' dir='ltr'>υἱοὺς</span> 
     </span>
    </p>
   </div>
   <div class='ocr_carea' id='block_1_76' title="bbox 2290 3271 3891 3347">
    <p class='ocr_par' dir='ltr' id='par_1_76' title="bbox 2290 3271 3891 3347">
     <span class='ocr_line' id='line_1_76' title="bbox 2290 3271 3891 3347; baseline -0.004 -17"><span class='ocrx_word' id='word_1_608' title='bbox 2290 3277 2577 3330; x_wconf 78' lang='grc' dir='ltr'>Ζεϐεδαίου</span> <span class='ocrx_word' id='word_1_609' title='bbox 2603 3277 2948 3344; x_wconf 82' lang='grc' dir='ltr'>Βοανεῖργες,</span> <span class='ocrx_word' id='word_1_610' title='bbox 2983 3274 3119 3347; x_wconf 85' lang='grc' dir='ltr'>ὅπερ</span> <span class='ocrx_word' id='word_1_611' title='bbox 3166 3272 3531 3346; x_wconf 78' lang='grc' dir='ltr'>ἑρμηνεύεται</span> <span class='ocrx_word' id='word_1_612' title='bbox 3563 3272 3690 3326; x_wconf 74' lang='grc' dir='ltr'>υἱοὶ</span> <span class='ocrx_word' id='word_1_613' title='bbox 3718 3271 3891 3339; x_wconf 74' lang='grc' dir='ltr'>βρονο</span> 
     </span>
    </p>
   </div>
   <div class='ocr_carea' id='block_1_77' title="bbox 2289 3364 3886 3440">
    <p class='ocr_par' dir='ltr' id='par_1_77' title="bbox 2289 3364 3886 3440">
     <span class='ocr_line' id='line_1_77' title="bbox 2289 3364 3886 3440; baseline -0.009 -14"><span class='ocrx_word' id='word_1_614' title='bbox 2289 3371 2396 3440; x_wconf 80' lang='grc' dir='ltr'>τῆς</span> <span class='ocrx_word' id='word_1_615' title='bbox 2418 3389 2431 3437; x_wconf 94' lang='grc'>;</span> <span class='ocrx_word' id='word_1_616' title='bbox 2463 3371 2620 3424; x_wconf 77' lang='grc' dir='ltr'>Ἀλλὰ</span> <span class='ocrx_word' id='word_1_617' title='bbox 2641 3370 2735 3423; x_wconf 73' lang='grc' dir='ltr'>καὶ</span> <span class='ocrx_word' id='word_1_618' title='bbox 2758 3368 2899 3422; x_wconf 83' lang='grc' dir='ltr'>κατὰ</span> <span class='ocrx_word' id='word_1_619' title='bbox 2925 3368 2986 3420; x_wconf 87' lang='grc' dir='ltr'><strong>τὸ</strong></span> <span class='ocrx_word' id='word_1_620' title='bbox 3011 3369 3186 3422; x_wconf 85' lang='grc' dir='ltr'>κοινὸν</span> <span class='ocrx_word' id='word_1_621' title='bbox 3213 3368 3430 3422; x_wconf 86' lang='grc' dir='ltr'>πάντων</span> <span class='ocrx_word' id='word_1_622' title='bbox 3460 3366 3651 3420; x_wconf 81' lang='grc' dir='ltr'>αὐτῶν</span> <span class='ocrx_word' id='word_1_623' title='bbox 3683 3364 3886 3433; x_wconf 79' lang='grc' dir='ltr'>ἔντιμον</span> 
     </span>
    </p>
   </div>
   <div class='ocr_carea' id='block_1_78' title="bbox 2289 3455 3887 3535">
    <p class='ocr_par' dir='ltr' id='par_1_78' title="bbox 2289 3455 3887 3535">
     <span class='ocr_line' id='line_1_78' title="bbox 2289 3455 3887 3535; baseline -0.008 -16"><span class='ocrx_word' id='word_1_624' title='bbox 2289 3465 2459 3535; x_wconf 78' lang='grc' dir='ltr'>ὄνομα</span> <span class='ocrx_word' id='word_1_625' title='bbox 2490 3459 2557 3534; x_wconf 79' lang='grc' dir='ltr'>ἦν</span> <span class='ocrx_word' id='word_1_626' title='bbox 2609 3460 2838 3514; x_wconf 79' lang='grc' dir='ltr'>ἐνώπιον</span> <span class='ocrx_word' id='word_1_627' title='bbox 2878 3460 3064 3514; x_wconf 72' lang='grc' dir='ltr'>αὑτοῦ.</span> <span class='ocrx_word' id='word_1_628' title='bbox 3101 3457 3272 3513; x_wconf 77' lang='grc' dir='ltr'>Τοῦτο</span> <span class='ocrx_word' id='word_1_629' title='bbox 3306 3459 3362 3512; x_wconf 82' lang='grc' dir='ltr'>δὲ</span> <span class='ocrx_word' id='word_1_630' title='bbox 3406 3455 3475 3529; x_wconf 80' lang='grc' dir='ltr'>ἦν</span> <span class='ocrx_word' id='word_1_631' title='bbox 3521 3459 3672 3526; x_wconf 83' lang='grc' dir='ltr'>ὅπερ</span> <span class='ocrx_word' id='word_1_632' title='bbox 3704 3457 3887 3522; x_wconf 76' lang='grc' dir='ltr'>ἐπεση-</span> 
     </span>
    </p>
   </div>
   <div class='ocr_carea' id='block_1_79' title="bbox 2296 3545 3882 3627">
    <p class='ocr_par' dir='ltr' id='par_1_79' title="bbox 2296 3545 3882 3627">
     <span class='ocr_line' id='line_1_79' title="bbox 2296 3545 3882 3627; baseline -0.007 -19"><span class='ocrx_word' id='word_1_633' title='bbox 2296 3557 2502 3627; x_wconf 86' lang='grc' dir='ltr'>μήνατο</span> <span class='ocrx_word' id='word_1_634' title='bbox 2536 3556 2570 3624; x_wconf 81' lang='grc' dir='ltr'><strong>ἡ</strong></span> <span class='ocrx_word' id='word_1_635' title='bbox 2603 3551 2697 3606; x_wconf 78' lang='grc' dir='ltr'>τοῦ</span> <span class='ocrx_word' id='word_1_636' title='bbox 2725 3551 3058 3620; x_wconf 85' lang='grc' dir='ltr'>Εύαγγελίου</span> <span class='ocrx_word' id='word_1_637' title='bbox 3087 3551 3270 3622; x_wconf 82' lang='grc' dir='ltr'>γραφὴ</span> <span class='ocrx_word' id='word_1_638' title='bbox 3299 3550 3521 3621; x_wconf 78' lang='grc' dir='ltr'>φήσασα</span> <span class='ocrx_word' id='word_1_639' title='bbox 3546 3567 3558 3580; x_wconf 83' lang='grc'><em>’</em></span> <span class='ocrx_word' id='word_1_640' title='bbox 3597 3569 3616 3600; x_wconf 76' lang='grc' dir='ltr'><strong>ι</strong></span> <span class='ocrx_word' id='word_1_641' title='bbox 3661 3545 3882 3606; x_wconf 81' lang='grc' dir='ltr'>Τούτους</span> 
     </span>
    </p>
   </div>
   <div class='ocr_carea' id='block_1_80' title="bbox 2287 3637 3880 3713">
    <p class='ocr_par' dir='ltr' id='par_1_80' title="bbox 2287 3637 3880 3713">
     <span class='ocr_line' id='line_1_80' title="bbox 2287 3637 3880 3713; baseline -0.008 -13"><span class='ocrx_word' id='word_1_642' title='bbox 2287 3648 2415 3709; x_wconf 79' lang='grc' dir='ltr'>τοὺς</span> <span class='ocrx_word' id='word_1_643' title='bbox 2441 3645 2647 3700; x_wconf 83' lang='grc' dir='ltr'>δώδεκα</span> <span class='ocrx_word' id='word_1_644' title='bbox 2673 3641 2952 3709; x_wconf 79' lang='grc' dir='ltr'>ἐξελέξατο</span> <span class='ocrx_word' id='word_1_645' title='bbox 2977 3645 3004 3696; x_wconf 91' lang='lat'><strong>6</strong></span> <span class='ocrx_word' id='word_1_646' title='bbox 3035 3642 3260 3713; x_wconf 73' lang='grc' dir='ltr'>Ἰησοῦς.</span> <span class='ocrx_word' id='word_1_647' title='bbox 3289 3641 3382 3705; x_wconf 79' lang='grc' dir='ltr'><strong>οὓς</strong></span> <span class='ocrx_word' id='word_1_648' title='bbox 3424 3644 3522 3695; x_wconf 72' lang='grc' dir='ltr'><strong>καὶ</strong></span> <span class='ocrx_word' id='word_1_649' title='bbox 3554 3637 3880 3697; x_wconf 83' lang='grc' dir='ltr'>ἀποστόλους</span> 
     </span>
    </p>
   </div>
   <div class='ocr_carea' id='block_1_81' title="bbox 2289 3723 3878 3808">
    <p class='ocr_par' dir='ltr' id='par_1_81' title="bbox 2289 3723 3878 3808">
     <span class='ocr_line' id='line_1_81' title="bbox 2289 3723 3878 3808; baseline -0.008 -15"><span class='ocrx_word' id='word_1_650' title='bbox 2289 3739 2590 3808; x_wconf 82' lang='grc' dir='ltr'>ὠνόμασεν.</span> <span class='ocrx_word' id='word_1_651' title='bbox 2631 3756 2648 3787; x_wconf 71' lang='grc' dir='ltr'><strong>ι</strong></span> <span class='ocrx_word' id='word_1_652' title='bbox 2672 3737 2816 3790; x_wconf 73' lang='grc' dir='ltr'>Ἀντὶ</span> <span class='ocrx_word' id='word_1_653' title='bbox 2839 3736 2893 3789; x_wconf 84' lang='grc' dir='ltr'>δὲ</span> <span class='ocrx_word' id='word_1_654' title='bbox 2921 3735 3036 3804; x_wconf 76' lang='grc' dir='ltr'>τοῦ,</span> <span class='ocrx_word' id='word_1_655' title='bbox 3073 3755 3090 3786; x_wconf 82' lang='grc' dir='ltr'><strong>ι</strong></span> <span class='ocrx_word' id='word_1_656' title='bbox 3119 3735 3179 3788; x_wconf 80' lang='grc' dir='ltr'><strong>τὸ</strong></span> <span class='ocrx_word' id='word_1_657' title='bbox 3205 3735 3376 3806; x_wconf 84' lang='grc' dir='ltr'>ὄνομα</span> <span class='ocrx_word' id='word_1_658' title='bbox 3401 3736 3610 3799; x_wconf 81' lang='grc' dir='ltr'>αὐτῶν,</span> <span class='ocrx_word' id='word_1_659' title='bbox 3627 3733 3724 3786; x_wconf 75' lang='grc' dir='ltr'><strong>»τὸ</strong></span> <span class='ocrx_word' id='word_1_660' title='bbox 3749 3723 3878 3798; x_wconf 79' lang='grc' dir='ltr'>αἷμα</span> 
     </span>
    </p>
   </div>
   <div class='ocr_carea' id='block_1_82' title="bbox 2289 3820 3877 3900">
    <p class='ocr_par' dir='ltr' id='par_1_82' title="bbox 2289 3820 3877 3900">
     <span class='ocr_line' id='line_1_82' title="bbox 2289 3820 3877 3900; baseline -0.009 -15"><span class='ocrx_word' id='word_1_661' title='bbox 2289 3829 2507 3893; x_wconf 75' lang='grc' dir='ltr'>αὐτῶν,</span> <span class='ocrx_word' id='word_1_662' title='bbox 2565 3832 2598 3900; x_wconf 81' lang='grc' dir='ltr'>ἡ</span> <span class='ocrx_word' id='word_1_663' title='bbox 2640 3829 2900 3900; x_wconf 71' lang='grc' dir='ltr'>Ἐῧραῖκὴ</span> <span class='ocrx_word' id='word_1_664' title='bbox 2934 3828 3120 3898; x_wconf 76' lang='grc' dir='ltr'>γραφή</span> <span class='ocrx_word' id='word_1_665' title='bbox 3157 3829 3429 3900; x_wconf 74' lang='grc' dir='ltr'>περιέχει·</span> <span class='ocrx_word' id='word_1_666' title='bbox 3469 3829 3622 3882; x_wconf 73' lang='grc' dir='ltr'>οὕτω</span> <span class='ocrx_word' id='word_1_667' title='bbox 3668 3825 3728 3878; x_wconf 75' lang='grc' dir='ltr'><strong>δὲ</strong></span> <span class='ocrx_word' id='word_1_668' title='bbox 3792 3820 3877 3874; x_wconf 84' lang='grc' dir='ltr'>καὶ</span> 
     </span>
    </p>
   </div>
   <div class='ocr_carea' id='block_1_83' title="bbox 2289 3912 3876 3993">
    <p class='ocr_par' dir='ltr' id='par_1_83' title="bbox 2289 3912 3876 3993">
     <span class='ocr_line' id='line_1_83' title="bbox 2289 3912 3876 3993; baseline -0.009 -15"><span class='ocrx_word' id='word_1_669' title='bbox 2289 3927 2337 3979; x_wconf 88' lang='grc' dir='ltr'>οἱ</span> <span class='ocrx_word' id='word_1_670' title='bbox 2375 3923 2551 3977; x_wconf 70' lang='grc' dir='ltr'>λοιποὶ</span> <span class='ocrx_word' id='word_1_671' title='bbox 2585 3923 2966 3993; x_wconf 80' lang='grc' dir='ltr'>ήρμήνευσαν·</span> <span class='ocrx_word' id='word_1_672' title='bbox 3007 3923 3036 3972; x_wconf 97' lang='lat'><strong>6</strong></span> <span class='ocrx_word' id='word_1_673' title='bbox 3079 3923 3178 3992; x_wconf 81' lang='grc' dir='ltr'><strong>μὲν</strong></span> <span class='ocrx_word' id='word_1_674' title='bbox 3213 3921 3438 3985; x_wconf 81' lang='grc' dir='ltr'>Ἀκύλας</span> <span class='ocrx_word' id='word_1_675' title='bbox 3479 3920 3677 3975; x_wconf 81' lang='grc' dir='ltr'>εἰπών·</span> <span class='ocrx_word' id='word_1_676' title='bbox 3732 3935 3752 3968; x_wconf 79' lang='grc' dir='ltr'><strong>ι</strong></span> <span class='ocrx_word' id='word_1_677' title='bbox 3780 3912 3876 3967; x_wconf 79' lang='grc' dir='ltr'><strong>Καὶ</strong></span> 
     </span>
    </p>
   </div>
   <div class='ocr_carea' id='block_1_84' title="bbox 2288 4006 3888 4090">
    <p class='ocr_par' dir='ltr' id='par_1_84' title="bbox 2288 4006 3888 4090">
     <span class='ocr_line' id='line_1_84' title="bbox 2288 4006 3888 4090; baseline -0.007 -21"><span class='ocrx_word' id='word_1_678' title='bbox 2288 4015 2649 4086; x_wconf 74' lang='grc' dir='ltr'>τιμηθήσεται</span> <span class='ocrx_word' id='word_1_679' title='bbox 2694 4013 2755 4066; x_wconf 82' lang='grc' dir='ltr'><strong>τὸ</strong></span> <span class='ocrx_word' id='word_1_680' title='bbox 2785 4009 2925 4084; x_wconf 77' lang='grc' dir='ltr'>αἷμα</span> <span class='ocrx_word' id='word_1_681' title='bbox 2966 4013 3144 4067; x_wconf 79' lang='grc' dir='ltr'>αὐτῶν</span> <span class='ocrx_word' id='word_1_682' title='bbox 3179 4015 3236 4066; x_wconf 85' lang='grc' dir='ltr'><strong>ἐν</strong></span> <span class='ocrx_word' id='word_1_683' title='bbox 3276 4011 3581 4083; x_wconf 75' lang='grc' dir='ltr'>ὀφθαλμοῖς</span> <span class='ocrx_word' id='word_1_684' title='bbox 3623 4006 3825 4064; x_wconf 84' lang='grc' dir='ltr'>αὑτοῦ·</span> <span class='ocrx_word' id='word_1_685' title='bbox 3854 4022 3888 4090; x_wconf 15' lang='grc' dir='ltr'><strong>»ί</strong></span> 
     </span>
    </p>
   </div>
   <div class='ocr_carea' id='block_1_85' title="bbox 2288 4095 3875 4177">
    <p class='ocr_par' dir='ltr' id='par_1_85' title="bbox 2288 4095 3875 4177">
     <span class='ocr_line' id='line_1_85' title="bbox 2288 4095 3875 4177; baseline -0.007 -16"><span class='ocrx_word' id='word_1_686' title='bbox 2288 4110 2318 4162; x_wconf 92' lang='lat'><strong>6</strong></span> <span class='ocrx_word' id='word_1_687' title='bbox 2348 4107 2404 4160; x_wconf 82' lang='grc' dir='ltr'><strong>δὲ</strong></span> <span class='ocrx_word' id='word_1_688' title='bbox 2445 4106 2760 4177; x_wconf 84' lang='grc' dir='ltr'>Σύμμαχος·</span> <span class='ocrx_word' id='word_1_689' title='bbox 2814 4123 2832 4156; x_wconf 79' lang='grc' dir='ltr'><strong>ι</strong></span> <span class='ocrx_word' id='word_1_690' title='bbox 2874 4105 2986 4158; x_wconf 72' lang='grc' dir='ltr'>Καὶ</span> <span class='ocrx_word' id='word_1_691' title='bbox 3025 4105 3204 4176; x_wconf 85' lang='grc' dir='ltr'>τίμιον</span> <span class='ocrx_word' id='word_1_692' title='bbox 3244 4105 3394 4159; x_wconf 75' lang='grc' dir='ltr'>ἔσται</span> <span class='ocrx_word' id='word_1_693' title='bbox 3432 4105 3493 4158; x_wconf 85' lang='grc' dir='ltr'><strong>τὸ</strong></span> <span class='ocrx_word' id='word_1_694' title='bbox 3523 4101 3674 4176; x_wconf 77' lang='grc' dir='ltr'>αἷμα</span> <span class='ocrx_word' id='word_1_695' title='bbox 3711 4095 3875 4155; x_wconf 83' lang='grc' dir='ltr'>αὐτῶν</span> 
     </span>
    </p>
   </div>
   <div class='ocr_carea' id='block_1_86' title="bbox 2290 4190 3873 4267">
    <p class='ocr_par' dir='ltr' id='par_1_86' title="bbox 2290 4190 3873 4267">
     <span class='ocr_line' id='line_1_86' title="bbox 2290 4190 3873 4267; baseline -0.009 -13"><span class='ocrx_word' id='word_1_696' title='bbox 2290 4199 2520 4254; x_wconf 80' lang='grc' dir='ltr'>ἐνώπιον</span> <span class='ocrx_word' id='word_1_697' title='bbox 2548 4197 2731 4252; x_wconf 75' lang='grc' dir='ltr'>αὑτοῦ.</span> <span class='ocrx_word' id='word_1_698' title='bbox 2781 4219 2797 4248; x_wconf 73' lang='grc' dir='ltr'><strong>ι</strong></span> <span class='ocrx_word' id='word_1_699' title='bbox 2837 4199 2912 4250; x_wconf 77' lang='grc' dir='ltr'><strong>Δι’</strong></span> <span class='ocrx_word' id='word_1_700' title='bbox 2945 4190 3020 4249; x_wconf 81' lang='grc' dir='ltr'>ὧν</span> <span class='ocrx_word' id='word_1_701' title='bbox 3053 4196 3238 4266; x_wconf 81' lang='grc' dir='ltr'>σαφῶς</span> <span class='ocrx_word' id='word_1_702' title='bbox 3271 4194 3488 4267; x_wconf 75' lang='grc' dir='ltr'>ᾐνίξατο</span> <span class='ocrx_word' id='word_1_703' title='bbox 3514 4197 3612 4249; x_wconf 82' lang='grc' dir='ltr'><strong>τὸν</strong></span> <span class='ocrx_word' id='word_1_704' title='bbox 3658 4193 3873 4247; x_wconf 82' lang='grc' dir='ltr'>θάνατον</span> 
     </span>
    </p>
   </div>
   <div class='ocr_carea' id='block_1_87' title="bbox 2289 4277 3871 4364">
    <p class='ocr_par' dir='ltr' id='par_1_87' title="bbox 2289 4277 3871 4364">
     <span class='ocr_line' id='line_1_87' title="bbox 2289 4277 3871 4364; baseline -0.007 -19"><span class='ocrx_word' id='word_1_705' title='bbox 2289 4293 2395 4346; x_wconf 80' lang='grc' dir='ltr'>τῶν</span> <span class='ocrx_word' id='word_1_706' title='bbox 2425 4289 2848 4364; x_wconf 81' lang='grc' dir='ltr'>προλεχθὲντων,</span> <span class='ocrx_word' id='word_1_707' title='bbox 2875 4282 2948 4342; x_wconf 82' lang='grc' dir='ltr'>ὧν</span> <span class='ocrx_word' id='word_1_708' title='bbox 2985 4291 3013 4342; x_wconf 89' lang='lat'><strong>6</strong></span> <span class='ocrx_word' id='word_1_709' title='bbox 3042 4289 3230 4352; x_wconf 73' lang='grc' dir='ltr'>καθεὶς</span> <span class='ocrx_word' id='word_1_710' title='bbox 3260 4287 3501 4342; x_wconf 85' lang='grc' dir='ltr'>ποικίλον</span> <span class='ocrx_word' id='word_1_711' title='bbox 3526 4287 3792 4357; x_wconf 80' lang='grc' dir='ltr'>ὑπέμεινε</span> <span class='ocrx_word' id='word_1_712' title='bbox 3819 4277 3871 4330; x_wconf 77' lang='grc' dir='ltr'>τὸ</span> 
     </span>
    </p>
   </div>
   <div class='ocr_carea' id='block_1_88' title="bbox 2289 4370 3868 4452">
    <p class='ocr_par' dir='ltr' id='par_1_88' title="bbox 2289 4370 3868 4452">
     <span class='ocr_line' id='line_1_88' title="bbox 2289 4370 3868 4452; baseline -0.006 -17"><span class='ocrx_word' id='word_1_713' title='bbox 2289 4381 2382 4436; x_wconf 78' lang='grc' dir='ltr'>τοῦ</span> <span class='ocrx_word' id='word_1_714' title='bbox 2415 4380 2715 4452; x_wconf 84' lang='grc' dir='ltr'>μαρτυρίου</span> <span class='ocrx_word' id='word_1_715' title='bbox 2749 4378 2922 4442; x_wconf 85' lang='grc' dir='ltr'>τέλος,</span> <span class='ocrx_word' id='word_1_716' title='bbox 2956 4377 3113 4442; x_wconf 80' lang='grc' dir='ltr'>ἄλλος</span> <span class='ocrx_word' id='word_1_717' title='bbox 3151 4378 3325 4442; x_wconf 87' lang='grc' dir='ltr'>ἄλλως</span> <span class='ocrx_word' id='word_1_718' title='bbox 3352 4378 3438 4432; x_wconf 76' lang='grc' dir='ltr'>διὰ</span> <span class='ocrx_word' id='word_1_719' title='bbox 3468 4379 3568 4449; x_wconf 84' lang='grc' dir='ltr'>τὴν</span> <span class='ocrx_word' id='word_1_720' title='bbox 3604 4379 3687 4440; x_wconf 86' lang='grc' dir='ltr'><strong>είς</strong></span> <span class='ocrx_word' id='word_1_721' title='bbox 3721 4370 3868 4428; x_wconf 77' lang='grc' dir='ltr'>αὑτὸν</span> 
     </span>
    </p>
   </div>
   <div class='ocr_carea' id='block_1_89' title="bbox 2293 4461 3868 4546">
    <p class='ocr_par' dir='ltr' id='par_1_89' title="bbox 2293 4461 3868 4546">
     <span class='ocr_line' id='line_1_89' title="bbox 2293 4461 3868 4546; baseline -0.007 -19"><span class='ocrx_word' id='word_1_722' title='bbox 2293 4471 2599 4546; x_wconf 86' lang='grc' dir='ltr'>μαρτυρίαν</span> <span class='ocrx_word' id='word_1_723' title='bbox 2643 4471 2735 4524; x_wconf 77' lang='grc' dir='ltr'><strong>τὸν</strong></span> <span class='ocrx_word' id='word_1_724' title='bbox 2768 4473 2834 4525; x_wconf 82' lang='grc' dir='ltr'>δι’</span> <span class='ocrx_word' id='word_1_725' title='bbox 2875 4471 3105 4540; x_wconf 82' lang='grc' dir='ltr'>αἵματος</span> <span class='ocrx_word' id='word_1_726' title='bbox 3143 4470 3442 4541; x_wconf 78' lang='grc' dir='ltr'>ὑπομείνας</span> <span class='ocrx_word' id='word_1_727' title='bbox 3489 4471 3719 4538; x_wconf 83' lang='grc' dir='ltr'>ἀγῶνα·</span> <span class='ocrx_word' id='word_1_728' title='bbox 3751 4461 3868 4517; x_wconf 80' lang='grc' dir='ltr'>ὥστ’</span> 
     </span>
    </p>
   </div>
   <div class='ocr_carea' id='block_1_90' title="bbox 605 4551 3862 4642">
    <p class='ocr_par' dir='ltr' id='par_1_90' title="bbox 605 4551 3862 4642">
     <span class='ocr_line' id='line_1_90' title="bbox 605 4551 3862 4642; baseline 0.002 -37"><span class='ocrx_word' id='word_1_729' title='bbox 605 4551 850 4622; x_wconf 74' lang='grc' dir='ltr'>εἰρῆσθαι</span> <span class='ocrx_word' id='word_1_730' title='bbox 899 4556 1027 4628; x_wconf 72' lang='grc' dir='ltr'>περὶ</span> <span class='ocrx_word' id='word_1_731' title='bbox 1070 4559 1275 4614; x_wconf 80' lang='grc' dir='ltr'>αὐτῶν·</span> <span class='ocrx_word' id='word_1_732' title='bbox 1325 4581 1342 4612; x_wconf 84' lang='grc' dir='ltr'><strong>ι</strong></span> <span class='ocrx_word' id='word_1_733' title='bbox 1381 4563 1574 4634; x_wconf 85' lang='grc' dir='ltr'>Τίμιος</span> <span class='ocrx_word' id='word_1_734' title='bbox 1619 4565 1847 4622; x_wconf 82' lang='grc' dir='ltr'>ἐνώπιον</span> <span class='ocrx_word' id='word_1_735' title='bbox 1895 4570 2092 4642; x_wconf 75' lang='grc' dir='ltr'>Κυρίοι</span> <span class='ocrx_word' id='word_1_736' title='bbox 2151 4574 2179 4626; x_wconf 89' lang='lat'><strong>6</strong></span> <span class='ocrx_word' id='word_1_737' title='bbox 2218 4571 2446 4632; x_wconf 85' lang='grc' dir='ltr'>θάνατος</span> <span class='ocrx_word' id='word_1_738' title='bbox 2470 4567 2578 4620; x_wconf 80' lang='grc' dir='ltr'><strong>τῶν</strong></span> <span class='ocrx_word' id='word_1_739' title='bbox 2607 4567 2770 4620; x_wconf 84' lang='grc' dir='ltr'>ὁσίων</span> <span class='ocrx_word' id='word_1_740' title='bbox 2796 4563 2981 4620; x_wconf 75' lang='grc' dir='ltr'>αὐτοῦ.</span> <span class='ocrx_word' id='word_1_741' title='bbox 3028 4585 3045 4616; x_wconf 73' lang='grc' dir='ltr'><strong>ι</strong></span> <span class='ocrx_word' id='word_1_742' title='bbox 3075 4565 3260 4636; x_wconf 80' lang='grc' dir='ltr'>Τούτῳ</span> <span class='ocrx_word' id='word_1_743' title='bbox 3289 4563 3396 4637; x_wconf 77' lang='grc' dir='ltr'><strong>γὰρ</strong></span> <span class='ocrx_word' id='word_1_744' title='bbox 3460 4566 3653 4635; x_wconf 83' lang='grc' dir='ltr'>ὅμοιον</span> <span class='ocrx_word' id='word_1_745' title='bbox 3681 4555 3862 4629; x_wconf 78' lang='grc' dir='ltr'>τυγχά-</span> 
     </span>
    </p>
   </div>
   <div class='ocr_carea' id='block_1_91' title="bbox 604 4649 3108 4738">
    <p class='ocr_par' dir='ltr' id='par_1_91' title="bbox 604 4649 3108 4738">
     <span class='ocr_line' id='line_1_91' title="bbox 604 4649 3108 4738; baseline 0.006 -39"><span class='ocrx_word' id='word_1_746' title='bbox 604 4663 683 4700; x_wconf 90' lang='grc' dir='ltr'><strong>νει</strong></span> <span class='ocrx_word' id='word_1_747' title='bbox 723 4649 818 4701; x_wconf 73' lang='grc' dir='ltr'><strong>καὶ</strong></span> <span class='ocrx_word' id='word_1_748' title='bbox 867 4649 920 4703; x_wconf 85' lang='grc' dir='ltr'><strong>τὸ</strong></span> <span class='ocrx_word' id='word_1_749' title='bbox 968 4652 1104 4722; x_wconf 77' lang='grc' dir='ltr'>μετὰ</span> <span class='ocrx_word' id='word_1_750' title='bbox 1145 4658 1330 4727; x_wconf 84' lang='grc' dir='ltr'>χεῖρας</span> <span class='ocrx_word' id='word_1_751' title='bbox 1375 4659 1612 4728; x_wconf 81' lang='grc' dir='ltr'>φάσκον·</span> <span class='ocrx_word' id='word_1_752' title='bbox 1659 4683 1676 4713; x_wconf 85' lang='grc' dir='ltr'><strong>ι</strong></span> <span class='ocrx_word' id='word_1_753' title='bbox 1714 4665 1822 4718; x_wconf 77' lang='grc' dir='ltr'><strong>Καὶ</strong></span> <span class='ocrx_word' id='word_1_754' title='bbox 1875 4665 2088 4738; x_wconf 78' lang='grc' dir='ltr'>ἔντιμον</span> <span class='ocrx_word' id='word_1_755' title='bbox 2118 4668 2180 4720; x_wconf 82' lang='grc' dir='ltr'>τὸ</span> <span class='ocrx_word' id='word_1_756' title='bbox 2211 4667 2379 4738; x_wconf 80' lang='grc' dir='ltr'>ὄνομα</span> <span class='ocrx_word' id='word_1_757' title='bbox 2409 4665 2588 4718; x_wconf 79' lang='grc' dir='ltr'>αὐτῶν</span> <span class='ocrx_word' id='word_1_758' title='bbox 2618 4662 2843 4717; x_wconf 81' lang='grc' dir='ltr'>ἐνώπιον</span> <span class='ocrx_word' id='word_1_759' title='bbox 2872 4661 3056 4716; x_wconf 79' lang='grc' dir='ltr'>αὐτοῦ.</span> <span class='ocrx_word' id='word_1_760' title='bbox 3090 4681 3108 4713; x_wconf 75' lang='grc' dir='ltr'><strong>ι</strong></span> 
     </span>
    </p>
   </div>
   <div class='ocr_carea' id='block_1_92' title="bbox 676 4763 2264 4848">
    <p class='ocr_par' dir='ltr' id='par_1_92' title="bbox 676 4763 2264 4848">
     <span class='ocr_line' id='line_1_92' title="bbox 676 4763 2264 4848; baseline 0.014 -29"><span class='ocrx_word' id='word_1_761' title='bbox 676 4763 841 4822; x_wconf 74' lang='lat' dir='ltr'><strong>Vens.</strong></span> <span class='ocrx_word' id='word_1_762' title='bbox 882 4767 971 4832; x_wconf 82' lang='grc'><strong>15,</strong></span> <span class='ocrx_word' id='word_1_763' title='bbox 1005 4769 1090 4824; x_wconf 76' lang='grc'>16.</span> <span class='ocrx_word' id='word_1_764' title='bbox 1126 4791 1143 4823; x_wconf 80' lang='grc' dir='ltr'><strong>ι</strong></span> <span class='ocrx_word' id='word_1_765' title='bbox 1185 4771 1249 4826; x_wconf 87' lang='lat' dir='ltr'><strong>Et</strong></span> <span class='ocrx_word' id='word_1_766' title='bbox 1279 4774 1422 4830; x_wconf 81' lang='lat' dir='ltr'><strong>vivet</strong></span> <span class='ocrx_word' id='word_1_767' title='bbox 1492 4785 1546 4832; x_wconf 91' lang='lat' dir='ltr'><strong>et</strong></span> <span class='ocrx_word' id='word_1_768' title='bbox 1593 4778 1811 4836; x_wconf 87' lang='lat' dir='ltr'><strong>dabitur</strong></span> <span class='ocrx_word' id='word_1_769' title='bbox 1846 4783 1894 4836; x_wconf 92' lang='lat' dir='ltr'><strong>ei</strong></span> <span class='ocrx_word' id='word_1_770' title='bbox 1935 4783 2003 4839; x_wconf 92' lang='lat' dir='ltr'><strong>de</strong></span> <span class='ocrx_word' id='word_1_771' title='bbox 2053 4800 2187 4841; x_wconf 90' lang='lat' dir='ltr'><strong>auro</strong></span> <span class='ocrx_word' id='word_1_772' title='bbox 2219 4795 2264 4848; x_wconf 82' lang='lat'><strong>1)</strong></span> 
     </span>
    </p>
   </div>
   <div class='ocr_carea' id='block_1_93' title="bbox 601 4854 2180 4940">
    <p class='ocr_par' dir='ltr' id='par_1_93' title="bbox 601 4854 2180 4940">
     <span class='ocr_line' id='line_1_93' title="bbox 601 4854 2180 4940; baseline 0.016 -33"><span class='ocrx_word' id='word_1_773' title='bbox 601 4854 837 4925; x_wconf 67' lang='lat' dir='ltr'><strong>Arabiae,</strong></span> <span class='ocrx_word' id='word_1_774' title='bbox 868 4867 923 4914; x_wconf 89' lang='lat' dir='ltr'><strong>et</strong></span> <span class='ocrx_word' id='word_1_775' title='bbox 950 4863 1186 4917; x_wconf 89' lang='lat' dir='ltr'><strong>orabunt</strong></span> <span class='ocrx_word' id='word_1_776' title='bbox 1229 4864 1296 4922; x_wconf 89' lang='lat' dir='ltr'><strong>de</strong></span> <span class='ocrx_word' id='word_1_777' title='bbox 1345 4867 1462 4937; x_wconf 90' lang='lat' dir='ltr'><strong>ipso</strong></span> <span class='ocrx_word' id='word_1_778' title='bbox 1495 4884 1730 4940; x_wconf 92' lang='lat' dir='ltr'><strong>semper.</strong></span> <span class='ocrx_word' id='word_1_779' title='bbox 1773 4892 1792 4926; x_wconf 71' lang='grc' dir='ltr'><strong>ι</strong></span> <span class='ocrx_word' id='word_1_780' title='bbox 1825 4871 1925 4930; x_wconf 86' lang='lat' dir='ltr'><strong>Hic</strong></span> <span class='ocrx_word' id='word_1_781' title='bbox 1964 4874 2180 4932; x_wconf 86' lang='lat' dir='ltr'><strong>videtur</strong></span> 
     </span>
    </p>
   </div>
   <div class='ocr_carea' id='block_1_94' title="bbox 603 4951 2180 5039">
    <p class='ocr_par' dir='ltr' id='par_1_94' title="bbox 603 4951 2180 5039">
     <span class='ocr_line' id='line_1_94' title="bbox 603 4951 2180 5039; baseline 0.015 -36"><span class='ocrx_word' id='word_1_782' title='bbox 603 4951 738 5006; x_wconf 86' lang='lat' dir='ltr'><strong>mihi</strong></span> <span class='ocrx_word' id='word_1_783' title='bbox 771 4953 927 5018; x_wconf 92' lang='lat' dir='ltr'><strong>illud,</strong></span> <span class='ocrx_word' id='word_1_784' title='bbox 961 4973 980 5006; x_wconf 80' lang='grc' dir='ltr'><strong>ι</strong></span> <span class='ocrx_word' id='word_1_785' title='bbox 1011 4965 1065 5011; x_wconf 90' lang='lat' dir='ltr'><strong>et</strong></span> <span class='ocrx_word' id='word_1_786' title='bbox 1098 4959 1263 5023; x_wconf 80' lang='lat' dir='ltr'><strong>vivet,</strong></span> <span class='ocrx_word' id='word_1_787' title='bbox 1303 4980 1320 5013; x_wconf 74' lang='grc' dir='ltr'><strong>ι</strong></span> <span class='ocrx_word' id='word_1_788' title='bbox 1356 4961 1473 5016; x_wconf 87' lang='lat' dir='ltr'><strong>voci</strong></span> <span class='ocrx_word' id='word_1_789' title='bbox 1525 4962 1838 5022; x_wconf 86' lang='lat' dir='ltr'><strong>Servatoris</strong></span> <span class='ocrx_word' id='word_1_790' title='bbox 1877 4967 2180 5039; x_wconf 88' lang='lat' dir='ltr'><strong>discipulos</strong></span> 
     </span>
    </p>
   </div>
   <div class='ocr_carea' id='block_1_95' title="bbox 604 5042 2184 5126">
    <p class='ocr_par' dir='ltr' id='par_1_95' title="bbox 604 5042 2184 5126">
     <span class='ocr_line' id='line_1_95' title="bbox 604 5042 2184 5126; baseline 0.015 -33"><span class='ocrx_word' id='word_1_791' title='bbox 604 5042 934 5112; x_wconf 80' lang='lat' dir='ltr'><strong>alloquentis</strong></span> <span class='ocrx_word' id='word_1_792' title='bbox 961 5049 1212 5104; x_wconf 85' lang='lat' dir='ltr'><strong>accinere</strong></span> <span class='ocrx_word' id='word_1_793' title='bbox 1233 5069 1246 5105; x_wconf 87' lang='lat'><strong>:</strong></span> <span class='ocrx_word' id='word_1_794' title='bbox 1270 5071 1286 5101; x_wconf 77' lang='grc' dir='ltr'><strong>ι</strong></span> <span class='ocrx_word' id='word_1_795' title='bbox 1325 5051 1465 5108; x_wconf 87' lang='lat' dir='ltr'><strong>Ecce</strong></span> <span class='ocrx_word' id='word_1_796' title='bbox 1485 5071 1585 5126; x_wconf 87' lang='lat' dir='ltr'><strong>ego</strong></span> <span class='ocrx_word' id='word_1_797' title='bbox 1603 5057 1883 5114; x_wconf 89' lang='lat' dir='ltr'><strong>vobiscum</strong></span> <span class='ocrx_word' id='word_1_798' title='bbox 1911 5076 2030 5115; x_wconf 91' lang='lat' dir='ltr'><strong>sum</strong></span> <span class='ocrx_word' id='word_1_799' title='bbox 2065 5077 2184 5115; x_wconf 83' lang='lat' dir='ltr'><strong>om-</strong></span> 
     </span>
    </p>
   </div>
   <div class='ocr_carea' id='block_1_96' title="bbox 603 5133 2176 5210">
    <p class='ocr_par' dir='ltr' id='par_1_96' title="bbox 603 5133 2176 5210">
     <span class='ocr_line' id='line_1_96' title="bbox 603 5133 2176 5210; baseline 0.011 -24"><span class='ocrx_word' id='word_1_800' title='bbox 603 5133 768 5189; x_wconf 89' lang='lat' dir='ltr'><strong>nibus</strong></span> <span class='ocrx_word' id='word_1_801' title='bbox 799 5136 991 5193; x_wconf 83' lang='lat' dir='ltr'><strong>diebus</strong></span> <span class='ocrx_word' id='word_1_802' title='bbox 1025 5155 1199 5210; x_wconf 88' lang='lat' dir='ltr'><strong>usque</strong></span> <span class='ocrx_word' id='word_1_803' title='bbox 1229 5143 1297 5197; x_wconf 89' lang='lat' dir='ltr'><strong>ad</strong></span> <span class='ocrx_word' id='word_1_804' title='bbox 1318 5147 1849 5204; x_wconf 88' lang='lat' dir='ltr'><strong>consummationem</strong></span> <span class='ocrx_word' id='word_1_805' title='bbox 1881 5151 2176 5206; x_wconf 32' lang='lat' dir='ltr'><strong>saeculi”:</strong></span> 
     </span>
    </p>
   </div>
   <div class='ocr_carea' id='block_1_97' title="bbox 607 5224 2179 5313">
    <p class='ocr_par' dir='ltr' id='par_1_97' title="bbox 607 5224 2179 5313">
     <span class='ocr_line' id='line_1_97' title="bbox 607 5224 2179 5313; baseline 0.015 -36"><span class='ocrx_word' id='word_1_806' title='bbox 607 5224 675 5278; x_wconf 84' lang='lat' dir='ltr'><strong>Ut</strong></span> <span class='ocrx_word' id='word_1_807' title='bbox 695 5226 840 5280; x_wconf 91' lang='lat' dir='ltr'><strong>enim</strong></span> <span class='ocrx_word' id='word_1_808' title='bbox 868 5228 988 5300; x_wconf 88' lang='lat' dir='ltr'><strong>ejus</strong></span> <span class='ocrx_word' id='word_1_809' title='bbox 1016 5232 1109 5301; x_wconf 92' lang='lat' dir='ltr'><strong>qui</strong></span> <span class='ocrx_word' id='word_1_810' title='bbox 1137 5232 1190 5287; x_wconf 91' lang='lat' dir='ltr'><strong>in</strong></span> <span class='ocrx_word' id='word_1_811' title='bbox 1217 5237 1478 5292; x_wconf 87' lang='lat' dir='ltr'><strong>vaticinio</strong></span> <span class='ocrx_word' id='word_1_812' title='bbox 1509 5237 1684 5296; x_wconf 84' lang='lat' dir='ltr'><strong>fertur</strong></span> <span class='ocrx_word' id='word_1_813' title='bbox 1717 5245 2179 5313; x_wconf 84' lang='lat' dir='ltr'><strong>permansionem,</strong></span> 
     </span>
    </p>
   </div>
   <div class='ocr_carea' id='block_1_98' title="bbox 599 5319 2180 5403">
    <p class='ocr_par' dir='ltr' id='par_1_98' title="bbox 599 5319 2180 5403">
     <span class='ocr_line' id='line_1_98' title="bbox 599 5319 2180 5403; baseline 0.014 -32"><span class='ocrx_word' id='word_1_814' title='bbox 599 5325 656 5372; x_wconf 84' lang='lat' dir='ltr'><strong>et</strong></span> <span class='ocrx_word' id='word_1_815' title='bbox 703 5319 868 5375; x_wconf 86' lang='lat' dir='ltr'><strong>vitam</strong></span> <span class='ocrx_word' id='word_1_816' title='bbox 922 5323 976 5377; x_wconf 92' lang='lat' dir='ltr'><strong>in</strong></span> <span class='ocrx_word' id='word_1_817' title='bbox 1035 5323 1309 5381; x_wconf 90' lang='lat' dir='ltr'><strong>inﬁnitum</strong></span> <span class='ocrx_word' id='word_1_818' title='bbox 1363 5329 1654 5389; x_wconf 89' lang='lat' dir='ltr'><strong>durantem</strong></span> <span class='ocrx_word' id='word_1_819' title='bbox 1703 5335 2028 5403; x_wconf 86' lang='lat' dir='ltr'><strong>declararet,</strong></span> <span class='ocrx_word' id='word_1_820' title='bbox 2076 5339 2180 5393; x_wconf 86' lang='lat' dir='ltr'><strong>hac</strong></span> 
     </span>
    </p>
   </div>
   <div class='ocr_carea' id='block_1_99' title="bbox 605 5417 2178 5496">
    <p class='ocr_par' dir='ltr' id='par_1_99' title="bbox 605 5417 2178 5496">
     <span class='ocr_line' id='line_1_99' title="bbox 605 5417 2178 5496; baseline 0.013 -37"><span class='ocrx_word' id='word_1_821' title='bbox 605 5425 736 5464; x_wconf 90' lang='lat' dir='ltr'><strong>nsns</strong></span> <span class='ocrx_word' id='word_1_822' title='bbox 779 5427 910 5466; x_wconf 78' lang='lat' dir='ltr'><strong>voce</strong></span> <span class='ocrx_word' id='word_1_823' title='bbox 954 5423 1058 5479; x_wconf 85' lang='lat' dir='ltr'><strong>est,</strong></span> <span class='ocrx_word' id='word_1_824' title='bbox 1089 5433 1108 5466; x_wconf 81' lang='grc' dir='ltr'><strong>ι</strong></span> <span class='ocrx_word' id='word_1_825' title='bbox 1154 5424 1208 5469; x_wconf 90' lang='lat' dir='ltr'><strong>et</strong></span> <span class='ocrx_word' id='word_1_826' title='bbox 1239 5417 1406 5474; x_wconf 86' lang='lat' dir='ltr'><strong>vivet.</strong></span> <span class='ocrx_word' id='word_1_827' title='bbox 1445 5439 1464 5470; x_wconf 75' lang='grc' dir='ltr'><strong>ι</strong></span> <span class='ocrx_word' id='word_1_828' title='bbox 1502 5419 1768 5477; x_wconf 91' lang='lat' dir='ltr'><strong>Diuturna</strong></span> <span class='ocrx_word' id='word_1_829' title='bbox 1817 5424 2017 5496; x_wconf 87' lang='lat' dir='ltr'><strong>quippe</strong></span> <span class='ocrx_word' id='word_1_830' title='bbox 2067 5427 2178 5480; x_wconf 84' lang='lat' dir='ltr'><strong>vita</strong></span> 
     </span>
    </p>
   </div>
   <div class='ocr_carea' id='block_1_100' title="bbox 601 5506 2179 5590">
    <p class='ocr_par' dir='ltr' id='par_1_100' title="bbox 601 5506 2179 5590">
     <span class='ocr_line' id='line_1_100' title="bbox 601 5506 2179 5590; baseline 0.014 -37"><span class='ocrx_word' id='word_1_831' title='bbox 601 5516 738 5570; x_wconf 80' lang='lat' dir='ltr'><strong>Opus</strong></span> <span class='ocrx_word' id='word_1_832' title='bbox 771 5514 888 5558; x_wconf 85' lang='lat' dir='ltr'><strong>erat</strong></span> <span class='ocrx_word' id='word_1_833' title='bbox 933 5506 1000 5560; x_wconf 88' lang='lat' dir='ltr'><strong>ad</strong></span> <span class='ocrx_word' id='word_1_834' title='bbox 1034 5509 1292 5575; x_wconf 71' lang='lat' dir='ltr'><strong>praedicta</strong></span> <span class='ocrx_word' id='word_1_835' title='bbox 1339 5527 1505 5580; x_wconf 88' lang='lat' dir='ltr'><strong>opera</strong></span> <span class='ocrx_word' id='word_1_836' title='bbox 1551 5515 1783 5572; x_wconf 88' lang='lat' dir='ltr'><strong>edenda.</strong></span> <span class='ocrx_word' id='word_1_837' title='bbox 1825 5516 1880 5571; x_wconf 90' lang='lat' dir='ltr'><strong>Si</strong></span> <span class='ocrx_word' id='word_1_838' title='bbox 1913 5519 2098 5590; x_wconf 87' lang='lat' dir='ltr'><strong>itaque</strong></span> <span class='ocrx_word' id='word_1_839' title='bbox 2133 5519 2179 5575; x_wconf 90' lang='lat' dir='ltr'><strong>is</strong></span> 
     </span>
    </p>
   </div>
   <div class='ocr_carea' id='block_1_101' title="bbox 599 5595 2179 5681">
    <p class='ocr_par' dir='ltr' id='par_1_101' title="bbox 599 5595 2179 5681">
     <span class='ocr_line' id='line_1_101' title="bbox 599 5595 2179 5681; baseline 0.014 -35"><span class='ocrx_word' id='word_1_840' title='bbox 599 5595 692 5664; x_wconf 84' lang='lat' dir='ltr'><strong>qni</strong></span> <span class='ocrx_word' id='word_1_841' title='bbox 747 5596 798 5649; x_wconf 87' lang='lat' dir='ltr'><strong>in</strong></span> <span class='ocrx_word' id='word_1_842' title='bbox 835 5599 1119 5668; x_wconf 88' lang='lat' dir='ltr'><strong>prophetia</strong></span> <span class='ocrx_word' id='word_1_843' title='bbox 1154 5601 1346 5666; x_wconf 80' lang='lat' dir='ltr'><strong>fertur,</strong></span> <span class='ocrx_word' id='word_1_844' title='bbox 1377 5604 1646 5674; x_wconf 88' lang='lat' dir='ltr'><strong>judicabit</strong></span> <span class='ocrx_word' id='word_1_845' title='bbox 1699 5611 1962 5681; x_wconf 78' lang='lat' dir='ltr'><strong>papulum</strong></span> <span class='ocrx_word' id='word_1_846' title='bbox 2017 5627 2179 5668; x_wconf 91' lang='lat' dir='ltr'><strong>suum</strong></span> 
     </span>
    </p>
   </div>
   <div class='ocr_carea' id='block_1_102' title="bbox 577 5711 1094 5804">
    <p class='ocr_par' dir='ltr' id='par_1_102' title="bbox 577 5711 1094 5804">
     <span class='ocr_line' id='line_1_102' title="bbox 577 5711 1094 5804; baseline 0.021 -18"><span class='ocrx_word' id='word_1_847' title='bbox 577 5711 581 5726; x_wconf 34' lang='grc' dir='ltr'>ι</span> <span class='ocrx_word' id='word_1_848' title='bbox 671 5736 856 5790; x_wconf 74' lang='lat' dir='ltr'><strong>&quot;Gal.</strong></span> <span class='ocrx_word' id='word_1_849' title='bbox 899 5756 978 5804; x_wconf 85' lang='grc' dir='ltr'>ιιι,</span> <span class='ocrx_word' id='word_1_850' title='bbox 1011 5743 1094 5796; x_wconf 78' lang='grc'><strong>15.</strong></span> 
     </span>
    </p>
   </div>
   <div class='ocr_carea' id='block_1_103' title="bbox 601 5807 914 5870">
    <p class='ocr_par' dir='ltr' id='par_1_103' title="bbox 601 5807 914 5870">
     <span class='ocr_line' id='line_1_103' title="bbox 601 5807 914 5870; baseline 0.013 -11"><span class='ocrx_word' id='word_1_851' title='bbox 601 5822 788 5870; x_wconf 74' lang='lat' dir='ltr'><strong>xxvut,</strong></span> <span class='ocrx_word' id='word_1_852' title='bbox 825 5807 914 5863; x_wconf 77' lang='lat'><strong>9.0.</strong></span> 
     </span>
    </p>
   </div>
   <div class='ocr_carea' id='block_1_104' title="bbox 1205 5746 2278 5824">
    <p class='ocr_par' dir='ltr' id='par_1_104' title="bbox 1205 5746 2278 5824">
     <span class='ocr_line' id='line_1_104' title="bbox 1205 5746 2278 5824; baseline 0.012 -24"><span class='ocrx_word' id='word_1_853' title='bbox 1205 5746 1249 5778; x_wconf 81' lang='lat'><strong>&#39;°</strong></span> <span class='ocrx_word' id='word_1_854' title='bbox 1283 5746 1437 5806; x_wconf 88' lang='lat' dir='ltr'><strong>Deut.</strong></span> <span class='ocrx_word' id='word_1_855' title='bbox 1477 5767 1646 5817; x_wconf 76' lang='lat' dir='ltr'><strong>xxvn,</strong></span> <span class='ocrx_word' id='word_1_856' title='bbox 1681 5751 1772 5810; x_wconf 72' lang='lat'><strong>26.</strong></span> <span class='ocrx_word' id='word_1_857' title='bbox 1846 5758 1887 5787; x_wconf 79' lang='grc'><strong>⁵¹</strong></span> <span class='ocrx_word' id='word_1_858' title='bbox 1917 5755 2054 5813; x_wconf 74' lang='lat' dir='ltr'><strong>Luc.</strong></span> <span class='ocrx_word' id='word_1_859' title='bbox 2095 5776 2119 5813; x_wconf 80' lang='grc' dir='ltr'><strong>ιι</strong></span> <span class='ocrx_word' id='word_1_860' title='bbox 2143 5800 2156 5824; x_wconf 89' lang='grc'><strong>,</strong></span> <span class='ocrx_word' id='word_1_861' title='bbox 2190 5758 2278 5813; x_wconf 73' lang='grc'><strong>20.</strong></span> 
     </span>
    </p>
   </div>
   <div class='ocr_carea' id='block_1_105' title="bbox 2355 4770 3862 4852">
    <p class='ocr_par' dir='ltr' id='par_1_105' title="bbox 2355 4770 3862 4852">
     <span class='ocr_line' id='line_1_105' title="bbox 2355 4770 3862 4852; baseline -0.007 -18"><span class='ocrx_word' id='word_1_862' title='bbox 2355 4803 2386 4834; x_wconf 77' lang='grc'>.‹</span> <span class='ocrx_word' id='word_1_863' title='bbox 2427 4781 2534 4835; x_wconf 75' lang='grc' dir='ltr'>Καὶ</span> <span class='ocrx_word' id='word_1_864' title='bbox 2567 4780 2785 4852; x_wconf 80' lang='grc' dir='ltr'>ζήσεται</span> <span class='ocrx_word' id='word_1_865' title='bbox 2816 4780 2911 4832; x_wconf 74' lang='grc' dir='ltr'><strong>καὶ</strong></span> <span class='ocrx_word' id='word_1_866' title='bbox 2935 4778 3218 4849; x_wconf 85' lang='grc' dir='ltr'>δοθήσεται</span> <span class='ocrx_word' id='word_1_867' title='bbox 3252 4778 3400 4850; x_wconf 76' lang='grc' dir='ltr'>αύτῷ</span> <span class='ocrx_word' id='word_1_868' title='bbox 3427 4781 3490 4832; x_wconf 84' lang='grc' dir='ltr'>ὲκ</span> <span class='ocrx_word' id='word_1_869' title='bbox 3524 4778 3620 4832; x_wconf 80' lang='grc' dir='ltr'>τοῦ</span> <span class='ocrx_word' id='word_1_870' title='bbox 3650 4770 3862 4850; x_wconf 78' lang='grc' dir='ltr'>χρυσίω</span> 
     </span>
    </p>
   </div>
   <div class='ocr_carea' id='block_1_106' title="bbox 2286 4870 3860 4948">
    <p class='ocr_par' dir='ltr' id='par_1_106' title="bbox 2286 4870 3860 4948">
     <span class='ocr_line' id='line_1_106' title="bbox 2286 4870 3860 4948; baseline -0.008 -18"><span class='ocrx_word' id='word_1_871' title='bbox 2286 4878 2383 4948; x_wconf 82' lang='grc' dir='ltr'><strong>τῆς</strong></span> <span class='ocrx_word' id='word_1_872' title='bbox 2418 4875 2690 4947; x_wconf 71' lang='grc' dir='ltr'>Ἀραϐίας,</span> <span class='ocrx_word' id='word_1_873' title='bbox 2734 4873 2829 4926; x_wconf 71' lang='grc' dir='ltr'><strong>καὶ</strong></span> <span class='ocrx_word' id='word_1_874' title='bbox 2871 4870 3258 4945; x_wconf 86' lang='grc' dir='ltr'>προσεύξονται</span> <span class='ocrx_word' id='word_1_875' title='bbox 3285 4873 3413 4946; x_wconf 80' lang='grc' dir='ltr'>περὶ</span> <span class='ocrx_word' id='word_1_876' title='bbox 3450 4873 3620 4927; x_wconf 82' lang='grc' dir='ltr'>αὑτοῦ</span> <span class='ocrx_word' id='word_1_877' title='bbox 3649 4871 3860 4925; x_wconf 85' lang='grc' dir='ltr'>διαπαν-</span> 
     </span>
    </p>
   </div>
   <div class='ocr_carea' id='block_1_107' title="bbox 2286 4954 3861 5036">
    <p class='ocr_par' dir='ltr' id='par_1_107' title="bbox 2286 4954 3861 5036">
     <span class='ocr_line' id='line_1_107' title="bbox 2286 4954 3861 5036; baseline -0.006 -17"><span class='ocrx_word' id='word_1_878' title='bbox 2286 4967 2396 5029; x_wconf 82' lang='grc' dir='ltr'>τός.</span> <span class='ocrx_word' id='word_1_879' title='bbox 2441 4983 2459 5016; x_wconf 77' lang='grc' dir='ltr'><strong>ι</strong></span> <span class='ocrx_word' id='word_1_880' title='bbox 2498 4967 2655 5018; x_wconf 87' lang='grc' dir='ltr'><strong>Δοκεί</strong></span> <span class='ocrx_word' id='word_1_881' title='bbox 2686 4981 2773 5034; x_wconf 87' lang='grc' dir='ltr'><strong>μοι</strong></span> <span class='ocrx_word' id='word_1_882' title='bbox 2813 4959 3044 5015; x_wconf 79' lang='grc' dir='ltr'>ἐνταῦθα</span> <span class='ocrx_word' id='word_1_883' title='bbox 3076 4962 3155 5025; x_wconf 84' lang='grc' dir='ltr'><strong>τὸ,</strong></span> <span class='ocrx_word' id='word_1_884' title='bbox 3192 4982 3210 5014; x_wconf 82' lang='grc' dir='ltr'><strong>ι</strong></span> <span class='ocrx_word' id='word_1_885' title='bbox 3253 4963 3350 5018; x_wconf 73' lang='grc' dir='ltr'><strong>καὶ</strong></span> <span class='ocrx_word' id='word_1_886' title='bbox 3378 4963 3626 5036; x_wconf 82' lang='grc' dir='ltr'>ζήσεται,</span> <span class='ocrx_word' id='word_1_887' title='bbox 3661 4980 3679 5013; x_wconf 77' lang='grc' dir='ltr'><strong>ι</strong></span> <span class='ocrx_word' id='word_1_888' title='bbox 3715 4954 3861 5025; x_wconf 78' lang='grc' dir='ltr'>συνᾴ-</span> 
     </span>
    </p>
   </div>
   <div class='ocr_carea' id='block_1_108' title="bbox 2288 5052 3860 5129">
    <p class='ocr_par' dir='ltr' id='par_1_108' title="bbox 2288 5052 3860 5129">
     <span class='ocr_line' id='line_1_108' title="bbox 2288 5052 3860 5129; baseline -0.004 -18"><span class='ocrx_word' id='word_1_889' title='bbox 2288 5059 2400 5111; x_wconf 87' lang='grc' dir='ltr'>δειν</span> <span class='ocrx_word' id='word_1_890' title='bbox 2426 5061 2490 5129; x_wconf 82' lang='grc' dir='ltr'>τῇ</span> <span class='ocrx_word' id='word_1_891' title='bbox 2526 5057 2776 5128; x_wconf 81' lang='grc' dir='ltr'>σωτηρίῳ</span> <span class='ocrx_word' id='word_1_892' title='bbox 2803 5058 2954 5125; x_wconf 84' lang='grc' dir='ltr'>φωνῇ</span> <span class='ocrx_word' id='word_1_893' title='bbox 2990 5055 3210 5128; x_wconf 83' lang='grc' dir='ltr'>φησάσῃ</span> <span class='ocrx_word' id='word_1_894' title='bbox 3239 5056 3376 5128; x_wconf 80' lang='grc' dir='ltr'>πρὸς</span> <span class='ocrx_word' id='word_1_895' title='bbox 3401 5057 3529 5120; x_wconf 76' lang='grc' dir='ltr'>τοὺς</span> <span class='ocrx_word' id='word_1_896' title='bbox 3571 5052 3733 5110; x_wconf 75' lang='grc' dir='ltr'>αὑτοῦ</span> <span class='ocrx_word' id='word_1_897' title='bbox 3765 5064 3860 5120; x_wconf 82' lang='grc' dir='ltr'>μα-</span> 
     </span>
    </p>
   </div>
   <div class='ocr_carea' id='block_1_109' title="bbox 2292 5139 3856 5221">
    <p class='ocr_par' dir='ltr' id='par_1_109' title="bbox 2292 5139 3856 5221">
     <span class='ocr_line' id='line_1_109' title="bbox 2292 5139 3856 5221; baseline -0.001 -18"><span class='ocrx_word' id='word_1_898' title='bbox 2292 5150 2490 5221; x_wconf 89' lang='grc' dir='ltr'>θητάς·</span> <span class='ocrx_word' id='word_1_899' title='bbox 2530 5169 2548 5200; x_wconf 80' lang='grc' dir='ltr'><strong>ι</strong></span> <span class='ocrx_word' id='word_1_900' title='bbox 2595 5150 2723 5202; x_wconf 71' lang='grc' dir='ltr'>Ἰδοὺ</span> <span class='ocrx_word' id='word_1_901' title='bbox 2754 5148 2864 5216; x_wconf 79' lang='grc' dir='ltr'>ἐγὼ</span> <span class='ocrx_word' id='word_1_902' title='bbox 2895 5147 3010 5219; x_wconf 88' lang='grc' dir='ltr'>μεθ’</span> <span class='ocrx_word' id='word_1_903' title='bbox 3039 5148 3192 5218; x_wconf 85' lang='grc' dir='ltr'>ὑμῶν</span> <span class='ocrx_word' id='word_1_904' title='bbox 3236 5151 3348 5220; x_wconf 89' lang='grc' dir='ltr'>εἰμι</span> <span class='ocrx_word' id='word_1_905' title='bbox 3387 5152 3566 5214; x_wconf 88' lang='grc' dir='ltr'>πάσας</span> <span class='ocrx_word' id='word_1_906' title='bbox 3608 5150 3706 5210; x_wconf 79' lang='grc' dir='ltr'><strong>τὰς</strong></span> <span class='ocrx_word' id='word_1_907' title='bbox 3732 5139 3856 5214; x_wconf 82' lang='grc' dir='ltr'><strong>ἡμέ-</strong></span> 
     </span>
    </p>
   </div>
   <div class='ocr_carea' id='block_1_110' title="bbox 2293 5233 3856 5317">
    <p class='ocr_par' dir='ltr' id='par_1_110' title="bbox 2293 5233 3856 5317">
     <span class='ocr_line' id='line_1_110' title="bbox 2293 5233 3856 5317; baseline -0.002 -21"><span class='ocrx_word' id='word_1_908' title='bbox 2293 5262 2391 5317; x_wconf 91' lang='grc' dir='ltr'><strong>ρας</strong></span> <span class='ocrx_word' id='word_1_909' title='bbox 2424 5245 2527 5307; x_wconf 84' lang='grc' dir='ltr'>’ἐως</span> <span class='ocrx_word' id='word_1_910' title='bbox 2565 5243 2662 5312; x_wconf 75' lang='grc' dir='ltr'>τῆς</span> <span class='ocrx_word' id='word_1_911' title='bbox 2691 5241 3000 5304; x_wconf 87' lang='grc' dir='ltr'>συντελείας</span> <span class='ocrx_word' id='word_1_912' title='bbox 3047 5241 3141 5296; x_wconf 82' lang='grc' dir='ltr'>τοῦ</span> <span class='ocrx_word' id='word_1_913' title='bbox 3173 5242 3386 5306; x_wconf 79' lang='grc' dir='ltr'>αἰῶνος.</span> <span class='ocrx_word' id='word_1_914' title='bbox 3425 5262 3443 5294; x_wconf 72' lang='grc' dir='ltr'><strong>ι</strong></span> <span class='ocrx_word' id='word_1_915' title='bbox 3477 5245 3591 5296; x_wconf 83' lang='grc' dir='ltr'>Ἵνα</span> <span class='ocrx_word' id='word_1_916' title='bbox 3635 5240 3740 5311; x_wconf 80' lang='grc' dir='ltr'><strong>γὰρ</strong></span> <span class='ocrx_word' id='word_1_917' title='bbox 3767 5233 3856 5302; x_wconf 77' lang='grc' dir='ltr'><strong>τὴν</strong></span> 
     </span>
    </p>
   </div>
   <div class='ocr_carea' id='block_1_111' title="bbox 2287 5325 3852 5406">
    <p class='ocr_par' dir='ltr' id='par_1_111' title="bbox 2287 5325 3852 5406">
     <span class='ocr_line' id='line_1_111' title="bbox 2287 5325 3852 5406; baseline -0.003 -17"><span class='ocrx_word' id='word_1_918' title='bbox 2287 5334 2610 5406; x_wconf 75' lang='grc' dir='ltr'>παραμονήν</span> <span class='ocrx_word' id='word_1_919' title='bbox 2651 5334 2745 5386; x_wconf 75' lang='grc' dir='ltr'><strong>καὶ</strong></span> <span class='ocrx_word' id='word_1_920' title='bbox 2787 5331 2884 5404; x_wconf 79' lang='grc' dir='ltr'>τὴν</span> <span class='ocrx_word' id='word_1_921' title='bbox 2910 5333 3340 5405; x_wconf 87' lang='grc' dir='ltr'>παρατείνουσαν</span> <span class='ocrx_word' id='word_1_922' title='bbox 3367 5335 3445 5398; x_wconf 82' lang='grc' dir='ltr'><strong>είς</strong></span> <span class='ocrx_word' id='word_1_923' title='bbox 3473 5335 3696 5406; x_wconf 77' lang='grc' dir='ltr'>ἄπειρον</span> <span class='ocrx_word' id='word_1_924' title='bbox 3721 5325 3852 5394; x_wconf 81' lang='grc' dir='ltr'>ζωὴν</span> 
     </span>
    </p>
   </div>
   <div class='ocr_carea' id='block_1_112' title="bbox 2286 5417 3850 5501">
    <p class='ocr_par' dir='ltr' id='par_1_112' title="bbox 2286 5417 3850 5501">
     <span class='ocr_line' id='line_1_112' title="bbox 2286 5417 3850 5501; baseline 0.021 -21"><span class='ocrx_word' id='word_1_925' title='bbox 2286 5429 2379 5495; x_wconf 68' lang='grc' dir='ltr'>τοῦ</span> <span class='ocrx_word' id='word_1_926' title='bbox 2412 5428 2891 5499; x_wconf 59' lang='grc' dir='ltr'>προθητευομένου</span> <span class='ocrx_word' id='word_1_927' title='bbox 2938 5429 3287 5501; x_wconf 66' lang='grc' dir='ltr'><strong>παραστήσῃν</strong></span> <span class='ocrx_word' id='word_1_928' title='bbox 3316 5430 3560 5500; x_wconf 65' lang='grc' dir='ltr'><strong>ἐπήγαγε</strong></span> <span class='ocrx_word' id='word_1_929' title='bbox 3591 5429 3672 5490; x_wconf 67' lang='grc' dir='ltr'>τὸ·</span> <span class='ocrx_word' id='word_1_930' title='bbox 3713 5443 3730 5474; x_wconf 71' lang='grc'>⁸</span> <span class='ocrx_word' id='word_1_931' title='bbox 3765 5417 3850 5473; x_wconf 53' lang='grc' dir='ltr'><strong>καὶ</strong></span> 
     </span>
    </p>
   </div>
   <div class='ocr_carea' id='block_1_113' title="bbox 2288 5517 3846 5592">
    <p class='ocr_par' dir='ltr' id='par_1_113' title="bbox 2288 5517 3846 5592">
     <span class='ocr_line' id='line_1_113' title="bbox 2288 5517 3846 5592; baseline -0.008 -19"><span class='ocrx_word' id='word_1_932' title='bbox 2288 5521 2530 5592; x_wconf 76' lang='grc' dir='ltr'>ζήσεται.</span> <span class='ocrx_word' id='word_1_933' title='bbox 2563 5540 2580 5571; x_wconf 71' lang='grc' dir='ltr'><strong>ι</strong></span> <span class='ocrx_word' id='word_1_934' title='bbox 2627 5521 2861 5591; x_wconf 83' lang='grc' dir='ltr'>Μακρᾶς</span> <span class='ocrx_word' id='word_1_935' title='bbox 2905 5521 3013 5592; x_wconf 80' lang='grc' dir='ltr'>γὰρ</span> <span class='ocrx_word' id='word_1_936' title='bbox 3069 5521 3174 5574; x_wconf 75' lang='grc' dir='ltr'>ἔδει</span> <span class='ocrx_word' id='word_1_937' title='bbox 3223 5522 3366 5592; x_wconf 81' lang='grc' dir='ltr'>ζωῆς</span> <span class='ocrx_word' id='word_1_938' title='bbox 3413 5523 3492 5584; x_wconf 88' lang='grc' dir='ltr'>εἰς</span> <span class='ocrx_word' id='word_1_939' title='bbox 3528 5517 3846 5589; x_wconf 85' lang='grc' dir='ltr'>κατόρθωσιν</span> 
     </span>
    </p>
   </div>
   <div class='ocr_carea' id='block_1_114' title="bbox 2286 5602 3852 5684">
    <p class='ocr_par' dir='ltr' id='par_1_114' title="bbox 2286 5602 3852 5684">
     <span class='ocr_line' id='line_1_114' title="bbox 2286 5602 3852 5684; baseline -0.008 -20"><span class='ocrx_word' id='word_1_940' title='bbox 2286 5609 2393 5664; x_wconf 71' lang='grc' dir='ltr'><strong>τῶν</strong></span> <span class='ocrx_word' id='word_1_941' title='bbox 2435 5608 2759 5682; x_wconf 78' lang='grc' dir='ltr'>εἰρημένων.</span> <span class='ocrx_word' id='word_1_942' title='bbox 2811 5612 2872 5664; x_wconf 81' lang='grc' dir='ltr'><strong>Εἰ</strong></span> <span class='ocrx_word' id='word_1_943' title='bbox 2915 5613 3046 5680; x_wconf 77' lang='grc' dir='ltr'>γοῦν</span> <span class='ocrx_word' id='word_1_944' title='bbox 3085 5616 3114 5667; x_wconf 91' lang='lat'><strong>6</strong></span> <span class='ocrx_word' id='word_1_945' title='bbox 3159 5613 3632 5684; x_wconf 83' lang='grc' dir='ltr'>προφητευόμενος</span> <span class='ocrx_word' id='word_1_946' title='bbox 3690 5602 3852 5677; x_wconf 71' lang='grc' dir='ltr'>κρινεῖ.</span> 
     </span>
    </p>
   </div>
   <div class='ocr_carea' id='block_1_115' title="bbox 3582 5747 3838 5808">
    <p class='ocr_par' dir='ltr' id='par_1_115' title="bbox 3582 5747 3838 5808">
     <span class='ocr_line' id='line_1_115' title="bbox 3582 5747 3838 5808; baseline -0.035 0"><span class='ocrx_word' id='word_1_947' title='bbox 3582 5760 3623 5790; x_wconf 66' lang='grc'><strong>⁸·</strong></span> <span class='ocrx_word' id='word_1_948' title='bbox 3666 5747 3838 5808; x_wconf 74' lang='lat' dir='ltr'><strong>illatth.</strong></span> 
     </span>
    </p>
   </div>
   <div class='ocr_carea' id='block_1_116' title="bbox 2394 5756 3478 5825">
    <p class='ocr_par' dir='ltr' id='par_1_116' title="bbox 2394 5756 3478 5825">
     <span class='ocr_line' id='line_1_116' title="bbox 2394 5756 3478 5825; baseline 0.003 -16"><span class='ocrx_word' id='word_1_949' title='bbox 2394 5756 2594 5810; x_wconf 71' lang='lat' dir='ltr'><strong>&quot;Luc.</strong></span> <span class='ocrx_word' id='word_1_950' title='bbox 2657 5773 2730 5822; x_wconf 63' lang='grc' dir='ltr'>γι,</span> <span class='ocrx_word' id='word_1_951' title='bbox 2770 5759 2852 5814; x_wconf 74' lang='grc'><strong>15.</strong></span> <span class='ocrx_word' id='word_1_952' title='bbox 2961 5760 3006 5790; x_wconf 83' lang='grc'><strong>⁵³</strong></span> <span class='ocrx_word' id='word_1_953' title='bbox 3035 5759 3178 5814; x_wconf 75' lang='lat' dir='ltr'><strong>Psztl.</strong></span> <span class='ocrx_word' id='word_1_954' title='bbox 3235 5776 3356 5825; x_wconf 68' lang='grc' dir='ltr'>ειν,</span> <span class='ocrx_word' id='word_1_955' title='bbox 3401 5759 3478 5812; x_wconf 80' lang='lat' dir='ltr'><strong>l5.</strong></span> 
     </span>
    </p>
   </div>
  </div>
