4078 6934
577 385 684 442 815

577 598 846 653 montium
873 599 1056 663 sitam,
1103 597 1156 650 in
1189 597 1528 667 propheticis
1581 596 1793 653 scilicet
1824 604 1880 652 et
1927 606 2153 668 aposto—

575 691 701 748 licis
724 691 927 758 verbis,
959 689 1118 761 queis
1153 688 1400 746 Ecclesia
1454 689 1770 747 Servatoris
1802 691 1979 748 nostri
2021 707 2154 749 con-

578 784 834 839 struitur.

573 875 678 931 τῶι
716 874 908 947 ὁρέων.
943 894 962 928 ι
993 871 1148 928 Οὕτω
1178 871 1237 928 δὲ
1276 871 1532 946 σημαίνει
1575 873 1674 947 τὴν
1709 873 2039 944 Ἐκκλησίαν
2060 874 2226 928 αὑτοῦ
2265 875 2737 946 τεθεμελιωμένην
2781 860 2878 928 καὶ
2913 870 3314 946 ἐστηριγμένην
3348 872 3475 925 ἐπὶ
3531 870 3658 942 τὴν
3709 871 3936 944 ἀρραγῆ

573 970 673 1042 τῆς
703 969 868 1025 αὑτοῦ
893 971 1175 1040 δυνάμεως
1202 969 1426 1042 πέτραν,
1474 969 1792 1042 ἐπηρμένην
1853 969 1910 1024 δὲ
1943 970 2040 1025 καὶ
2104 970 2420 1044 ὑψωμένην,
2455 972 2531 1036 ὡς
2560 972 2627 1026 ἂν
2663 971 2756 1026 ἐπὶ
2799 970 2945 1043 ἄκρα
2973 971 3147 1042 ὀρέων
3178 967 3502 1041 κειμένην,
3541 965 3934 1040 προφητοαῖιν

1247 379 1520 442 EUSEBII
1557 377 2039 438 CESAMENSIS
2077 379 2230 439 OPP.

576 521 706 576 qnc,
730 505 928 562 elatam
954 506 1081 561 item
1110 513 1164 561 et
1179 496 1492 573 exaltatam,
1513 513 1568 562 et
1597 520 1757 576 quas:
1790 504 1845 560 in
1874 505 2140 560 cacumini

2260 503 2494 569 λείπτως
2538 504 2629 559 τὸν
2676 505 2910 575 Χριστὸν
2947 501 3112 557 αὑτοῦ
3153 501 3422 570 εὐλογεῖν
3475 497 3839 563 ἀκολούθως
3879 505 3940 573 τῇ

2336 596 2406 648 τὰ
2436 597 2623 648 νεῖοαε
2658 598 2846 648 γοαωῆ
2883 594 3167 648 φασκούση
3189 610 3204 626 ⁸
3251 613 3269 645 ι
3304 594 3522 648 Ὅλην
3571 594 3694 648 τὴν

2267 596 2406 668 μετὰ
2436 597 2623 668 χεῖρας
2658 598 2846 668 γραφῇ
2883 594 3168 668 φασκούσῃ
3189 610 3204 626 ⁸
3251 613 3269 645 ι
3304 594 3522 666 Ὅλην
3571 592 3694 665 τὴν
3719 594 3940 665 ἡμέραν

2259 688 2645 760 εὐλογήσουσιν
2697 687 2883 741 αὐτόν’
2927 707 2946 740 ι
2985 688 3095 742 Καὶ
3128 687 3192 741 τὸ
3227 686 3468 742 τούτων
3522 687 3732 739 αἴτιον
3773 687 3939 757 παρίο

2257 798 2416 853 στησι
2444 780 2650 850 λέγων·
2691 799 2710 832 ι
2755 781 2948 834 Ἔσται
2978 780 3256 852 στήριγμα
3280 779 3343 831 έν
3371 780 3458 850 τῇ
3505 779 3595 850 γῇ
3629 777 3733 831 ἐπ’
3764 778 3936 852 ἄκρου

2271 380 2455 436 PARS
2497 379 2585 436 lli.
2604 412 2674 424 —
2699 381 3128 441 EXEGETICA.

573 1063 774 1136 δηλαδὴ
802 1064 898 1120 καὶ
930 1063 1300 1120 ἀποπολικιῦν
1328 1063 1523 1133 λόγων,
1552 1061 1632 1127 οἷς
1659 1065 1693 1135 ή
1740 1063 2036 1134 Ἐκκλησία
2056 1063 2150 1118 τοῦ
2177 1065 2429 1138 Σωτῆρος
2459 1066 2617 1139 ἡμῶν
2649 1065 3100 1137 έποικοδομεῖται.

647 1183 811 1240 Vens.
846 1184 936 1252 l6,
983 1185 1068 1240 l7.
1106 1201 1126 1236 ‹
1168 1181 1643 1255 Superextolletur
1686 1198 1852 1255 super
1880 1182 2148 1240 Libanum

566 1275 784 1332 fructus
840 1275 984 1345 ejus,
1016 1283 1072 1330 et
1101 1275 1373 1331 ﬂorebunt
1405 1275 1474 1331 de
1517 1273 1740 1330 civitate
1787 1274 1932 1330 sicut
1963 1273 2146 1330 fenum

576 1374 756 1424 terrae.
800 1386 820 1421 ι
872 1367 992 1434 Qua
1037 1367 1250 1424 ratione
1281 1366 1613 1432 Servatoris,
1647 1367 1742 1438 qui
1773 1367 1828 1422 in
1863 1369 2148 1440 prophetia

569 1459 912 1523 enuntiatur,
959 1457 1177 1516 fructus
1209 1474 1376 1530 super
1413 1455 1683 1514 Libanum
1734 1462 2003 1515 exaltatus
2054 1462 2144 1525 sil,

571 1550 866 1620 intelliges,
890 1551 937 1605 si
967 1550 1194 1621 colligas
1212 1565 1273 1606 ea
1294 1565 1416 1620 qua:
1434 1550 1488 1604 in
1513 1549 1814 1620 prophetiis
1843 1551 1911 1606 de
1938 1550 2146 1605 Libano

568 1638 850 1695 dicuntur.
881 1639 1096 1694 Dictum
1140 1641 1341 1712 quippe
1383 1650 1468 1696 est
1511 1641 1568 1694 in
1612 1639 1750 1696 Isaia
1783 1659 1794 1694 :
1832 1661 1850 1694 ι
1879 1642 2018 1698 Ecce
2049 1643 2149 1697 Do-

568 1732 754 1786 minus
809 1731 1049 1786 Sabaoth
1101 1733 1394 1787 conturbat
1441 1733 1719 1804 gloriosos
1761 1749 1884 1789 cmn
1928 1733 2147 1790 fortitu-

566 1917 803 1974 cadet".
833 1935 852 1970 ι
886 1915 945 1972 in
972 1916 1234 1972 Zacharia
1258 1932 1388 1973 vero
1418 1917 1594 1974 fertur
1620 1939 1633 1974 :
1667 1937 1685 1971 ι
1710 1919 2141 1990 Aperi,Libane,

564 2015 755 2079 portas
791 2020 934 2074 tuas,
966 2016 1022 2064 et
1065 2007 1290 2064 devoret
1327 2009 1471 2080 ignis
1519 2010 1716 2067 cedrus
1740 2018 1863 2067 tuas
1885 2012 1952 2067 ".
1995 2031 2012 2064 δ
2054 2011 2144 2065 Di-

565 2108 712 2154 ctum
751 2100 877 2156 item
911 2099 1015 2154 fuit
1048 2100 1105 2154 in
1135 2099 1397 2156 vicesimo
1419 2109 1614 2157 octavo
1646 2102 1858 2172 psalmo
1891 2120 1906 2155 :
1944 2121 1965 2155 ι
2001 2103 2146 2160 Con-

565 2193 766 2264 fringet
795 2191 1060 2249 Dominus
1100 2193 1295 2250 cedros
1329 2192 1544 2261 Libani,
1571 2202 1626 2251 et
1675 2195 2010 2253 comminuet
2049 2211 2144 2252 eas

563 2294 827 2357 tanquam
879 2285 1112 2341 vitulum
1168 2284 1434 2341 Libanum
1454 2287 1520 2340 ⁸⁸.
1555 2303 1573 2339 ι
1620 2285 1730 2344 llas
1769 2303 1935 2358 porro
1979 2302 2144 2345 voces

563 2393 697 2433 sane
731 2377 998 2434 obscuras
1037 2378 1275 2449 explicat
1323 2376 1609 2449 Scriptura
1639 2379 1694 2433 in
1730 2377 2020 2435 Ezechiele
2059 2379 2145 2435 di-

563 2486 694 2526 cens
725 2489 740 2526 :
773 2488 792 2522 ι
822 2470 1017 2542 Aquila
1070 2469 1296 2541 grandis
1346 2484 1670 2543 magnarum
1704 2471 1938 2537 alarum,
1981 2472 2144 2545 longo

562 2565 935 2619 membrorum
990 2563 1181 2630 ductu,
1231 2563 1392 2634 plena
1450 2562 1747 2634 unguibus,
1807 2563 2145 2636 ductumque

562 2653 772 2710 habens
837 2663 897 2709 ut
949 2653 1292 2724 ingrediatur
1344 2653 1400 2707 in
1457 2651 1748 2718 Libanum,
1799 2661 1852 2709 et
1899 2656 2145 2711 exsecuit

564 2755 753 2803 tenera
781 2745 1028 2812 cedri“;
1067 2763 1088 2799 ι
1117 2745 1320 2816 quibus
1347 2744 1568 2801 subdit:
1606 2762 1625 2796 ι
1657 2744 1793 2801 Cum
1823 2748 2034 2803 venerit
2049 2763 2143 2803 rex

565 2839 885 2912 Babylonis,
919 2850 974 2896 et
1026 2839 1311 2910 ingressus
1345 2839 1509 2898 fuerit
1534 2839 1589 2894 in
1625 2837 1952 2910 Jerusalem,
1989 2858 2146 2898 assu-

564 2942 676 2988 met
714 2933 989 3005 principes
1005 2933 1071 2988 ".
1095 2951 1114 2984 ι
1143 2931 1240 2988 His
1257 2932 1457 3004 quippe
1487 2935 1634 2988 clare
1676 2933 1958 3004 praphetia
1988 2935 2144 3005 aqui-

555 3025 669 3081 lam
694 3025 954 3097 grandem
982 3040 1306 3098 magnarum
1334 3026 1567 3091 alarum,
1598 3041 1779 3096 regem
1821 3025 2144 3098 Babylonio-

558 3134 680 3173 rum
696 3117 1110 3189 interpretatur;
1125 3115 1390 3172 Libanum
1407 3133 1533 3173 vero
1545 3117 1868 3176 Jerusalem.
1887 3116 2144 3188 Reliquo-

2334 1206 2354 1238 ι
2400 1186 2868 1259 ’Υπεραρθήσεται
2897 1185 3036 1256 ὑπὲρ
3069 1184 3161 1238 τὸν
3192 1182 3452 1238 Λίϐανον
3482 1182 3519 1235 6
3553 1181 3796 1254 καρπὸς
3831 1178 3928 1235 αὗ-

2256 1279 2370 1345 τοῦ,
2403 1280 2497 1334 καὶ
2541 1279 2927 1350 ἐξανθήσουσιν
2960 1278 3026 1330 ὲκ
3072 1276 3277 1340 πόλεως
3325 1275 3494 1329 ὡσεὶ
3551 1274 3780 1345 χόρτος
3830 1277 3926 1345 τῆς

2255 1376 2378 1445 γῆς.
2430 1391 2448 1425 ι
2479 1373 2665 1436 Ὅπως
2699 1370 2983 1443 ὑπερήρθη
3012 1369 3106 1423 τοῦ
3141 1365 3695 1441 προφητευομένου
3740 1365 3924 1437 Σωτῆ-

2257 1481 2350 1534 ρος
2397 1463 2555 1535 ήμῶν
2607 1464 2634 1516 6
2682 1463 2893 1533 καρπὸς
2930 1462 3071 1534 ὑπὲρ
3114 1461 3207 1514 τὸν
3253 1460 3525 1514 Λίϐανον
3577 1460 3820 1530 νοήσεις
3856 1458 3924 1510 τὰ

2256 1557 2385 1627 περὶ
2413 1555 2507 1609 τοῦ
2533 1555 2768 1610 Λιϐάνου
2799 1557 2856 1609 ὲν
2889 1554 3249 1626 προφητείαις
3275 1551 3635 1623 λελεγμένα
3672 1567 3919 1619 συναγα-

2255 1647 2386 1718 γών.
2425 1649 2653 1720 Εἴρηται
2686 1649 2742 1702 δὲ
2774 1650 2832 1702 ὲν
2881 1648 2980 1719 μὲν
3013 1646 3090 1718 τῷ
3133 1646 3362 1717 Ἠσαῖᾳ’
3407 1664 3431 1696 ‹
3489 1645 3650 1698 Ἰδοὺ
3688 1644 3760 1715 δὴ
3799 1644 3915 1696 Κύ-

2257 1760 2369 1813 ριος
2441 1741 2668 1797 Σαϐαὼθ
2746 1742 3110 1813 συνταράσσει
3178 1740 3306 1803 τοὺς
3373 1738 3688 1805 εὐδόξους
3770 1735 3913 1808 μετὰ

566 1823 696 1879 dine
715 1824 790 1890 '7;
827 1842 847 1876 ι
871 1831 924 1879 et
953 1833 1140 1894 postea
1176 1843 1190 1879 :
1225 1843 1242 1876 ‹
1281 1823 1522 1881 Libanus
1552 1833 1732 1882 autem
1759 1842 1882 1881 cum
1913 1828 2140 1883 excelsis

2254 1835 2466 1906 ἰσχύος·
2497 1853 2516 1887 ι
2566 1835 2658 1888 καὶ
2690 1832 2850 1904 ἑξῆς·
2893 1850 2912 1884 ι
2963 1832 3022 1885 '0
3053 1831 3112 1886 δὲ
3150 1831 3386 1894 Λίϐανος
3433 1830 3557 1883 σὺν
3609 1832 3740 1892 τοῖς
3770 1829 3912 1900 ὑψη-

2249 1925 2359 1990 λοῖς
2387 1927 2650 1978 πεσεῖται.
2685 1943 2704 1976 ι
2735 1922 3000 1977 Λέλεκται
3030 1921 3086 1974 δὲ
3119 1922 3213 1975 καὶ
3237 1922 3294 1974 ὲν
3324 1919 3624 1991 Ζαχαρίᾳ
3644 1937 3661 1950 ·
3691 1937 3712 1971 ι
3742 1919 3902 1972 Διάν-

2246 2017 2410 2084 οιξον,
2468 2017 2498 2069 6
2541 2016 2796 2084 Λίϐανος,
2833 2016 2931 2079 τὰς
2975 2014 3149 2078 πύλας
3187 2030 3299 2079 σου,
3327 2012 3438 2066 καὶ
3491 2010 3903 2080 καταφαγέτω

2247 2109 2360 2182 πῦρ
2385 2109 2482 2174 τὰς
2508 2109 2731 2182 κέδρους
2758 2125 2870 2161 σου.
2909 2127 2926 2159 ι
2957 2107 3186 2178 Εἴρηται
3211 2104 3267 2158 δὲ
3292 2104 3388 2158 καὶ
3426 2105 3499 2158 ὲν
3531 2102 3635 2176 κη’
3658 2099 3899 2172 ψαλμῷο

2253 2221 2271 2255 ι
2305 2201 2591 2274 Συντρίψει
2631 2201 2729 2264 τὰς
2774 2199 2999 2271 κέδρους
3029 2197 3125 2251 τοῦ
3159 2196 3426 2262 Λιϐάνου,
3484 2196 3598 2249 καὶ
3631 2194 3897 2248 λεπτυνεῐ

2246 2293 2418 2357 αὑτὰς
2443 2294 2518 2358 ὡς
2555 2293 2645 2347 τὸν
2690 2290 2890 2365 μόσχον
2927 2291 3020 2344 τὸν
3069 2289 3329 2343 Λιϐανον.
3371 2307 3390 2341 ι
3453 2286 3810 2341 Ἑπιλύεται
3839 2284 3894 2337 δὲ

2246 2387 2449 2452 ταύτας
2472 2388 2571 2451 τὰς
2601 2387 2783 2457 φωνὰς
2807 2387 3036 2454 ἀσαφεῖς
3065 2382 3230 2448 οὔσας
3255 2383 3284 2435 6
3307 2381 3476 2456 παρὰ
3506 2383 3598 2454 τῷ
3631 2378 3888 2449 Ἐξεκιὴλ

2247 2480 2471 2550 φάσκων
2503 2479 2660 2548 λόγος
2683 2495 2696 2508 ·
2737 2497 2755 2530 ι
2800 2476 2858 2530 '0
2889 2476 3047 2540 ἀετὸς
3079 2477 3108 2529 6
3151 2474 3326 2547 μέγας
3365 2477 3393 2529 6
3437 2472 3888 2546 μεγαλοπτέρυ-

2245 2589 2360 2641 γος,
2394 2573 2423 2626 6
2466 2571 2673 2635 πλατὺς
2713 2573 2781 2641 τῇ
2817 2569 3059 2634 ὲκτὰσει,
3119 2568 3335 2641 πλήρης
3367 2567 3636 2639 ὀνύχων,
3674 2566 3738 2629 ὃς
3771 2565 3882 2636 ἔχει

2243 2666 2304 2719 τὸ
2331 2665 2524 2737 ήγημα
2549 2663 2808 2718 εἰσελθεῖν
2834 2663 2914 2727 εἰς
2943 2662 3035 2716 τὸν
3077 2661 3323 2723 Λίϐανον,
3353 2659 3456 2714 καὶ
3509 2657 3781 2728 ἀπέκοψε
3813 2656 3878 2710 τὰ

2243 2753 2430 2810 ἁπαλὰ
2470 2758 2568 2824 τῆς
2599 2753 2821 2826 κέδρουο
2862 2772 2880 2804 ι
2910 2746 2990 2816 οἷς
3017 2750 3143 2821 ἑξῆς
3166 2750 3522 2820 ὲπιλέγεται·
3565 2769 3587 2803 ‹
3635 2750 3771 2803 Ὅτε
3808 2747 3872 2801 ἄν

2245 2848 2372 2922 ἔλθῃ
2395 2848 2423 2901 6
2449 2847 2701 2918 βασιλεὺς
2733 2846 3050 2911 Βαϐυλῶνος
3083 2845 3178 2901 καί¹
3203 2844 3425 2916 εἰσέλθῃ
3457 2845 3552 2908 εἰς
3592 2844 3870 2915 Ἰερουσα-

2243 2941 2374 3013 λὴμ,
2411 2942 2505 2996 καί
2533 2940 2762 3012 λήψεται
2795 2941 2922 3003 τοὺς
2955 2939 3242 3011 ἄρχοντας.
3273 2956 3291 2989 ι
3340 2937 3559 3007 Σαφῶς
3616 2935 3732 3006 γὰρ
3779 2930 3862 2985 διὰ

2243 3031 2448 3085 τούτων
2488 3033 2522 3102 ή
2570 3030 2877 3104 προφητεία
2926 3030 3018 3082 τὸν
3060 3029 3158 3100 μὲν
3200 3027 3357 3082 ἀετὸν
3389 3029 3498 3081 τὸν
3562 3026 3751 3104 μέγαν.
3777 3023 3864 3076 τὸν

2249 3099 2720 3195 μεγαλοπτέρυγον
2741 3099 2831 3174 τὸν
2868 3099 3092 3192 βασιλέα
3131 3121 3238 3173 τῶν
3267 3117 3655 3173 Βαϐυλωνίων
3677 3099 3848 3187 ήρμή·

558 3224 680 3262 rum
705 3208 832 3263 item
857 3207 1240 3278 prophetarum
1267 3207 1433 3275 dicta,
1457 3223 1555 3263 ceu
1580 3207 1648 3264 de
1677 3206 1886 3262 Libano
1903 3191 2138 3280 prolata,

2244 3191 2423 3278 νεῦσε,
2454 3191 2645 3267 τὸν-δε
2675 3191 2905 3267 Λίϐανον
2935 3211 3426 3283 τὴνΊερουσαλήμ.
3480 3207 3855 3280 Ἐφαρμὸσεις

554 3300 911 3374 Jerosolymze
941 3301 1175 3372 aptabis.
1204 3300 1360 3355 Enim
1403 3317 1532 3358 vero
1563 3317 1725 3358 nemo
1753 3317 1820 3358 ex
1847 3302 2141 3358 circumci-

557 3395 714 3452 sione
747 3393 905 3449 fateri
935 3392 1170 3458 dubitet,
1206 3393 1273 3449 iis
1303 3409 1424 3464 quae
1448 3393 1516 3450 de
1542 3393 1750 3450 Libano
1775 3394 2034 3450 dicuntur
2055 3392 2142 3451 Je-

556 3484 892 3556 rosolymam
941 3483 1284 3538 adumbrari.
1340 3502 1360 3535 ‹
1413 3482 1943 3555 Superexaltabitur,
1999 3504 2018 3539 ι
2078 3493 2139 3540 ut

557 3575 665 3631 fert
691 3590 873 3631 sermo
904 3589 1170 3646 praesens,
1199 3593 1216 3624 ι
1237 3589 1403 3645 super
1425 3573 1693 3630 Libanum
1723 3575 1934 3632 fructus
1959 3576 2132 3647 ejus,»

556 3665 772 3723 scilicet
805 3656 1111 3721 Servaturt‘s
1149 3664 1216 3719 de
1251 3680 1360 3736 quo
1384 3664 1670 3736 prophetia
1705 3665 1967 3736 loquitur.
1995 3664 2136 3721 Fru-

554 3769 681 3816 ctus
707 3767 890 3815 autem
918 3758 1038 3828 ejus
1057 3757 1180 3829 quis
1214 3757 1400 3824 fuerit,
1432 3757 1538 3814 nisi
1569 3756 2006 3828 Ecclesiaipsius
2042 3774 2137 3829 per

552 3863 731 3911 totum
765 3853 958 3910 orbem
991 3853 1224 3917 firmata,
1261 3851 1329 3908 de
1354 3866 1462 3924 qua
1500 3851 1785 3907 dicebatur
1813 3871 1828 3907 :
1859 3870 1876 3902 ι
1909 3851 2025 3906 Erit
2048 3852 2139 3906 lir-

554 3955 892 4003 mamcntum
936 3944 1173 4001 interra
1207 3944 1264 4000 in
1303 3942 1535 3999 summis
1585 3945 1888 3999 montium?
1922 3965 1940 3997 ι
1987 3943 2137 3999 lianc

553 4041 738 4110 itaque
777 4051 944 4109 super
971 4035 1238 4092 Libanum
1284 4035 1634 4095 exaltandam
1664 4051 1788 4092 csse
1814 4036 1870 4090 in
1903 4037 2136 4107 prophe-

554 4131 632 4186 tia
665 4131 887 4189 dicitur.
915 4129 1066 4184 Licet
1090 4127 1234 4184 enim
1265 4127 1509 4186 Libanus
1535 4129 1645 4195 ille,
1681 4144 1878 4200 nempe
1909 4126 2134 4183 Jeroso-

555 4223 722 4295 lyma,
745 4221 878 4276 olim
907 4219 1082 4292 gloria
1113 4217 1254 4274 allici
1283 4226 1338 4274 et
1366 4217 1561 4276 ﬂorere
1592 4219 1744 4275 visus
1777 4219 1885 4286 sit;
1916 4228 1970 4274 at
1998 4234 2136 4289 pra:-

554 4313 808 4369 stantiori
865 4311 1393 4384 incomparabilique
1460 4311 1622 4367 modo
1689 4310 2134 4381 superexaltatus

553 4406 654 4461 fuit
673 4405 983 4463 Servatoris
1005 4405 1177 4459 nostri
1207 4404 1439 4470 fructus,
1458 4419 1556 4460 seu
1581 4402 1822 4458 Ecclesia
1847 4418 1942 4473 per
1957 4409 2131 4457 totum

551 4501 738 4557 orbem
776 4499 1095 4556 constituta.
1121 4499 1236 4557 Sub
1257 4499 1372 4555 haec
1393 4506 1575 4554 autem
1598 4496 1830 4569 populos
1850 4496 1906 4550 in
1939 4494 2129 4566 singu~

551 4593 621 4648 lis
653 4591 881 4646 urbibus
909 4591 1170 4647 collectos
1206 4566 1724 4660 multitudinem—que
1752 4602 2008 4658 magnam
2044 4587 2130 4641 in-
2160 4566 2208 4625 ι)

545 4685 698 4740 dicat
738 4685 825 4740 his
872 4683 1093 4741 verbis:
1132 4703 1150 4736 ι
1187 4682 1253 4737 Et
1296 4682 1574 4739 ﬂorebunt
1610 4681 1679 4738 de
1725 4679 1948 4737 civitate
1985 4679 2129 4736 sicut

550 4779 738 4834 fenum
771 4785 946 4834 terrm.
981 4797 1002 4830 ι
1036 4775 1172 4832 Illud
1201 4792 1388 4849 porro,
1434 4794 1454 4829 ι
1485 4774 1554 4831 de
1574 4774 1819 4839 civitate,
1863 4793 1882 4827 ι
1920 4772 2128 4828 dictum

550 4881 656 4938 est,
688 4872 846 4943 quasi
885 4871 1119 4944 singulis
1155 4871 1211 4926 in
1241 4869 1558 4925 civitatibus
1588 4875 1642 4924 et
1670 4867 1931 4924 omnibus
1969 4867 2025 4923 in
2051 4865 2130 4922 lo-

549 4967 652 5022 cis.
683 4965 800 5058 1.an
826 4965 990 5022 etiam
1023 4964 1269 5020 Ecclesia
1301 4961 1499 5035 ipsius,
1525 4961 1597 5018 ob
1626 4961 1848 5032 politica
1880 4968 1935 5016 et
1971 4974 2128 5015 evan-

551 5051 744 5130 gelica:
777 5059 936 5129 queis
972 5058 1164 5120 utitur,
1195 5056 1468 5122 instituta,
1507 5053 1708 5110 civitas
1747 5051 1842 5107 Dei
1875 5061 2125 5108 vocatur.

550 5151 733 5219 Quare
755 5149 966 5205 dictum
1000 5156 1124 5206 est:
1157 5166 1176 5202 ι
1205 5147 1456 5204 Gloriosa
1502 5145 1655 5201 dicta
1692 5153 1824 5200 sunt
1847 5143 1916 5198 de
1945 5150 2018 5208 te,
2045 5142 2127 5196 ci-

549 5241 692 5296 vitas
713 5239 903 5308 Dei";
935 5247 1025 5294 iet
1055 5253 1275 5295 rursum
1303 5256 1318 5293 :
1354 5255 1373 5289 ι
1409 5235 1678 5292 Fluminis
1695 5234 1930 5304 impetus
1957 5230 2129 5299 lactiﬁ-

549 5342 680 5388 cant
718 5332 996 5390 civitatem
1036 5329 1218 5388 Dei“.
1252 5348 1270 5382 ι
1302 5327 1442 5396 Quia
1481 5343 1615 5399 ergo
1662 5326 1858 5383 civitas
1898 5324 1989 5380 illa
2035 5322 2129 5381 Dei

548 5426 714 5482 ﬂuvio
734 5427 787 5482 in
809 5443 868 5482 se
894 5425 1227 5488 exundante,
1252 5438 1349 5479 seu
1375 5420 1561 5484 verbo,
1595 5418 1843 5490 irrigata,
1877 5430 2127 5487 magnam

548 5517 756 5589 profert
789 5517 962 5574 turba:
994 5518 1050 5572 in
1103 5514 1351 5575 Ecclesia
1391 5513 1637 5568 collectae
1675 5509 2126 5572 multitudinem;

541 5612 670 5683 jure
705 5611 1006 5682 adjicitur:
1035 5629 1064 5662 ι
1106 5608 1169 5664 Et
1196 5607 1466 5664 ﬂorebunt
1497 5605 1566 5661 de
1603 5604 1829 5660 civitate
1859 5603 2006 5659 sicut
2043 5605 2126 5660 le.-

615 5727 661 5758 "
691 5727 798 5784 Isa.
852 5744 906 5786 κ.
947 5727 1034 5782 53.
1148 5727 1192 5759 ⁸⁸
1222 5725 1352 5780 ibid.
1385 5723 1475 5778 54.
1552 5724 1596 5755 ³⁸
1629 5721 1796 5778 Zach.
1832 5737 1908 5788 XI,
1939 5722 1991 5778 1.

547 5797 594 5828 ⁸³
628 5793 774 5853 Psal.
818 5813 1037 5864 Lxxxw,
1072 5798 1123 5853 5.
1194 5798 1236 5829 “
1277 5795 1422 5851 Psal.
1456 5809 1580 5862 va,
1621 5794 1672 5848 5.

2100 5723 2144 5755 “
2171 5723 2316 5779 Psal.
2377 5740 2568 5786 xxvut,
2601 5723 2654 5786 5,
2689 5721 2741 5777 6.

2243 3303 2301 3358 δὲ
2333 3304 2427 3357 καὶ
2457 3302 2528 3357 τὰ
2551 3302 2704 3375 παρὰ
2727 3305 2838 3367 τοῖς
2869 3301 3075 3367 λοιποῖς
3105 3304 3411 3375 προφήταις
3445 3300 3656 3372 ὥσπερ
3685 3295 3844 3353 Λιϐά-

2239 3413 2332 3449 νου
2376 3395 2674 3468 λελεγμένα
2722 3398 2789 3466 τῇ
2837 3395 3215 3469 Ἰερουσαλήμ.
3268 3392 3407 3446 Ἀλλ’
3462 3391 3598 3446 οὐδὲ
3632 3389 3743 3443 τῶν
3784 3388 3844 3441 ὲκ

2239 3492 2542 3562 περιτομῆς
2576 3507 2656 3552 τις
2684 3488 3013 3560 ἀμφιϐάλλοι
3049 3488 3115 3543 ἂν
3148 3487 3225 3560 μὴ
3256 3486 3376 3558 οὐχὶ⁸
3426 3485 3574 3559 περὶ
3607 3485 3708 3556 τῆς
3746 3481 3835 3536 Ἱεο

2242 3582 2520 3655 ρουσαλὴμ
2548 3582 2879 3637 αἰνίττεσθαι
2908 3581 3188 3653 ὁμολογεῖν
3216 3579 3286 3634 τὰ
3316 3579 3450 3651 περὶ
3480 3577 3727 3634 Λιϐάνου
3754 3572 3834 3626 λε-

2237 3674 2492 3746 λεγμένα.
2547 3693 2565 3726 ι
2617 3673 3088 3746 ’Υπεραρθήσεται
3122 3691 3140 3724 ι
3178 3672 3376 3736 τοίνυν,
3407 3672 3476 3725 τὸ
3526 3669 3710 3741 παρὸν
3750 3663 3833 3718 M-

2238 3766 2354 3836 γεόν
2387 3783 2571 3836 φησιν,
2630 3784 2647 3816 ι
2690 3765 2830 3836 ὑπὲρ
2862 3764 2952 3817 τὸν
2997 3763 3225 3817 Λίϐανον
3260 3766 3288 3817 6
3320 3762 3543 3835 καρπὸς
3583 3755 3768 3822 αὑτοῦ,
3806 3773 3825 3806 ο

2238 3858 2439 3930 δηλαδὴ
2493 3858 2587 3912 τοῦ
2634 3856 3112 3930 προφητευομένου
3158 3856 3431 3927 Σωτῆρος.
3491 3851 3730 3926 Καρπὺς
3777 3847 3828 3900 δι

2237 3955 2400 4008 αὑτοῦ
2433 3954 2515 4020 τίς
2547 3954 2612 4009 ἂν
2643 3953 2904 4024 γένοιτοῆ
2952 3951 3246 4024 Ἐκκλησία
3274 3949 3439 4004 αὑτοῦ
3490 3952 3525 4022 ή
3556 3947 3680 4003 καθ’
3707 3945 3822 4014 ὅλης

2240 4051 2338 4120 τῆς
2404 4047 2727 4119 οἰκουμένης
2791 4045 3199 4117 ὲστηριγμένη,
3259 4043 3389 4114 περὶ
3445 4038 3519 4114 ἧς
3581 4039 3818 4106 ὲλέγετο¹

2245 4159 2262 4192 ι
2310 4140 2500 4193 Ἔσται
2537 4141 2813 4211 στήριγμα
2846 4139 2902 4190 ὲν
2936 4140 3002 4208 τῇ
3031 4139 3100 4207 γῇ
3129 4137 3214 4189 ἐπ’
3239 4136 3406 4206 ἄκρον
3441 4133 3558 4188 τῶν
3589 4130 3810 4203 ὁρέωνςι

2238 4232 2385 4303 Λῦτη
2417 4232 2594 4287 τοίνυν
2625 4229 3094 4303 ὑπεραρθήσεσθαι
3131 4228 3270 4302 ὑπὲρ
3297 4226 3389 4280 τὸν
3423 4226 3662 4280 Λίϐανον
3691 4235 3814 4291 προ-

2238 4324 2532 4396 φητεὺεται
2554 4341 2566 4354 ·
2608 4326 2655 4379 εἰ
2684 4323 2792 4394 γὰρ
2815 4323 2908 4376 καὶ
2948 4319 3094 4386 ἔδοξέ
3131 4337 3260 4373 ποτε
3300 4319 3328 4370 6
3362 4317 3627 4390 δηλωθείς
3659 4309 3810 4367 Λίϐα-

2237 4432 2347 4479 νος,
2387 4415 2529 4485 λέγω
2558 4414 2614 4468 δὲ
2648 4415 2683 4485 ή
2721 4413 3096 4485 Ἰερουσαλὴμ,
3136 4408 3454 4478 δοξάζεσθαι
3489 4407 3586 4463 καὶ
3617 4402 3806 4460 ἀνθεῖν,

2239 4507 2351 4561 ἀλλ’
2395 4505 2676 4580 ὑπερήρθη
2710 4507 2805 4560 καὶ
2835 4504 2969 4559 πολὺ
2999 4504 3214 4558 κάλλιον
3253 4502 3471 4572 ἐκείνης
3503 4493 3805 4567 ἀσυγκρίτῳ

2236 4600 2478 4671 ὑπεροχῇ
2508 4598 2604 4652 τοῦ
2638 4599 2886 4670 Σατῆρος
2933 4595 3089 4669 ήμῶν
3136 4597 3166 4648 6
3203 4594 3435 4668 καρπὸς,
3467 4594 3502 4665 ή
3533 4589 3655 4646 καθ’
3685 4585 3803 4652 ὅλης

2234 4689 2435 4763 δηλαδὴ
2478 4693 2578 4762 τῆς
2622 4688 2946 4760 οἰκουμένης
2985 4685 3283 4758 Ἐκκλησία
3335 4683 3552 4754 γέγονε.
3595 4676 3795 4733 Τούτοις

2235 4783 2361 4855 ἑξῆς
2387 4783 2511 4846 τοὺς
2543 4783 2707 4846 λαοὺς
2749 4782 2875 4845 τοὺς
2910 4778 3052 4834 κατὰ
3091 4780 3272 4832 πᾶσαν
3297 4776 3452 4830 πόλιν
3485 4781 3795 4855 συγκροτουῗ

2236 4851 2428 4948 μένους
2454 4877 2549 4929 καὶ
2575 4874 2648 4928 τὰ
2672 4871 2841 4926 πολλὰ
2875 4871 3056 4943 πλήθη
3091 4870 3390 4942 παρίστησι
3413 4867 3589 4937 λέγων
3611 4880 3624 4892 ο
3658 4878 3676 4910 ι
3695 4851 3790 4948 KG}

2231 4945 2615 5039 έξανθήσουσιν
2647 4968 2711 5019 ἐκ
2748 4965 2954 5028 πόλεως
2993 4963 3125 5017 ὡσεὶ
3152 4967 3343 5035 χόρτος
3379 4959 3482 5031 τῆς
3521 4957 3634 5028 γῆς.
3673 4969 3691 5002 ι
3724 4945 3788 4999 Τὸ

2233 5061 2311 5122 δὲ,
2353 5079 2372 5112 ι
2408 5061 2471 5113 ὲκ
2521 5059 2748 5122 πόλεως,
2787 5077 2804 5109 ι
2839 5058 3074 5130 εἰρηται,
3107 5055 3227 5110 ἀντὶ
3268 5053 3384 5119 τοῦ,
3418 5051 3536 5107 καθ’
3572 5045 3787 5130 ἑκάστην

2235 5152 2390 5205 πόλιν
2417 5151 2508 5205 καὶ
2533 5149 2673 5204 κατὰ
2706 5150 2883 5204 πάντα
2909 5149 3094 5202 τόπον.
3135 5146 3293 5200 Ἀλλὰ
3324 5146 3418 5200 καὶ
3448 5147 3483 5216 ή
3517 5129 3783 5204 Ἐκκλησία

2235 5238 2398 5291 αὑτοῦ
2441 5237 2591 5301 πόλις
2637 5237 2951 5307 ὠνόμασται
2984 5237 3076 5290 τοῦ
3121 5235 3258 5289 Θεοῦ
3303 5233 3392 5288 διὰ
3435 5234 3534 5304 τὴν
3574 5230 3632 5280 έν
3660 5217 3778 5307 αὐτῇ

2237 5326 2627 5397 συνισταμένην
2652 5303 2882 5396 νόμιμον
2903 5327 2996 5379 καί
3017 5323 3376 5393 εὐαγγελικὴν
3397 5303 3673 5374 πολιτείαν.
3699 5303 3779 5358 Διὸ

2235 5417 2511 5471 λέλεκται·
2554 5435 2574 5467 ‹
2606 5415 2973 5487 Δεδοζασμένα
3020 5414 3250 5486 ἐλαλήθη
3285 5413 3412 5484 περὶ
3441 5409 3553 5471 σοῦ,
3580 5405 3612 5475 ὴ
3645 5397 3777 5454 πόλις

2233 5510 2326 5564 τοῦ
2351 5508 2486 5562 Θεοῦ
2506 5527 2520 5539 ·
2556 5527 2574 5560 ι
2604 5509 2697 5563 καὶ
2721 5509 2880 5563 πάλιν
2901 5525 2914 5538 ·
2958 5527 2975 5559 ‹
3010 5507 3116 5561 Τοῦ
3145 5505 3390 5577 ποταμοῦ
3417 5503 3486 5557 τὰ
3508 5494 3771 5577 ὁρμήματέ

2236 5604 2585 5675 εὐφραίνουσι
2633 5603 2730 5673 τὴν
2779 5601 2933 5656 πόλιν
2974 5601 3067 5655 τοῦ
3112 5599 3268 5656 Θεοῦ.
3311 5618 3328 5650 ι
3367 5596 3516 5651 Ἐπεί
3547 5574 3770 5644 τοίνυνθ

2851 5723 2891 5754 ιι
2923 5719 3116 5775 Ezech.
3166 5718 3373 5782 “me.
3452 5714 3495 5747 ιι
3521 5703 3639 5765 ibid.
3691 5688 3760 5748 19»

3837 383 3940 442 816

3965 5617 3974 5682 ί

3965 5699 3970 5706 ι

3963 5787 3970 5808 ἐ

3981 5331 3988 5374 l

3979 5385 3988 5432 Ι
