4078 6934
577 402 685 469 819
902 436 909 442 ·
1252 412 1527 471 EUSEBII
1558 412 2041 476 ΩΑΕΒᾹΒΙΕΝΞΙΞ
2075 418 2170 476 ΟΡ]

2270 418 2451 477 PARS
2486 419 2577 477 ιιι.
2608 451 2679 462 -
2714 418 3131 479 EXEGETICA.
3775 418 3869 477 ιω

580 523 728 583 Deus
760 521 957 592 Israel,
1002 526 1097 599 qui
1135 525 1267 583 facit
1305 528 1578 586 mirabilia
1626 531 1801 590 solus.
1855 554 1875 588 ι
1909 532 2154 593 Observa

2270 536 2441 605 Βίϐλου
2468 537 2577 593 τῶν
2588 537 2832 610 Ψαλμῶν
2869 538 2951 603 είς
2977 538 3159 610 ὅμοιον
3184 536 3523 609 καταλήγει
3565 533 3741 599 τέλος.
3773 534 3867 590 Τοῦ

580 632 747 691 porro
772 618 1022 690 singulas
1055 620 1184 677 libri
1216 618 1563 678 Psalmorum
1599 635 1786 695 partes
1830 628 2067 684 similem
2101 630 2158 686 in

578 713 747 769 linem
764 711 1044 771 desinere.
1079 712 1217 769 Nam
1248 715 1441 786 prima:
1468 718 1644 787 partis
1670 727 1982 789 postremus
2014 723 2160 792 psal-

584 823 711 864 mus
745 814 867 864 erat
903 806 1386 879 quadragesimus,
1435 810 1530 881 qui
1576 811 1658 867 sic
1702 812 1757 867 in
1792 813 1898 868 fine
1942 814 2106 871 habet
2141 834 2155 870 :

586 914 607 947 ι
622 896 943 953 Benedictus
960 894 1222 953 Dominus
1237 896 1380 956 Deus
1401 898 1569 958 Israel
1588 917 1656 958 ex
1674 918 1819 959 nunc
1837 914 1890 959 et
1906 906 1960 961 in
1983 921 2157 962 saecu-

582 989 720 1057 lum,
739 990 854 1055 ﬁat,
875 990 987 1045 ﬁat.
1003 1010 1022 1043 ι
1045 990 1314 1048 Secundae
1341 994 1517 1062 partis
1546 995 1773 1052 ultimus
1799 1005 1885 1052 est
1910 998 1999 1054 hic
2021 1000 2164 1070 psal-

578 1098 729 1150 mus,
760 1083 855 1154 qui
887 1083 1143 1141 similiter
1163 1085 1221 1139 in
1256 1084 1363 1141 fiue
1378 1086 1546 1142 dicit:
1575 1106 1594 1139 ι
1617 1087 1947 1145 Benedictus
1979 1089 2165 1144 Domi-

576 1190 687 1232 nus
723 1177 865 1231 Deus
910 1173 1099 1240 Israel,
1131 1177 1224 1247 qui
1279 1173 1413 1232 facit
1465 1178 1743 1235 mirabilia
1773 1182 1947 1237 solus.
1969 1180 2035 1235 Et
2063 1182 2161 1238 be—

580 1268 869 1329 nedictum
917 1284 1121 1325 nomen
1173 1270 1362 1342 gloria:
1394 1269 1538 1342 ejus,
1571 1290 1591 1324 ι
1633 1279 1689 1328 et
1718 1280 1935 1329 cate-ra.
1967 1273 2165 1332 Tertia:

580 1363 758 1433 partis
814 1369 1128 1434 postremus
1185 1373 1270 1421 est
1331 1378 1599 1430 Lxxxvm,
1641 1366 1801 1438 cujus
1858 1367 1983 1424 ﬁnis
2030 1376 2161 1425 est:

585 1474 608 1507 ι
642 1454 971 1512 Benedictus
998 1455 1265 1513 Dominus
1322 1457 1377 1513 iu
1435 1459 1695 1514 saaculum
1753 1479 1766 1515 :
1813 1460 1930 1529 fiat,
1986 1460 2101 1515 ﬁat.
2138 1481 2158 1514 ι

581 1545 713 1603 Item
734 1554 946 1620 quartae
969 1547 1142 1618 partis
1168 1548 1396 1605 ultimus
1422 1557 1509 1605 est
1531 1563 1621 1614 cv,
1649 1549 1815 1621 hujus
1831 1567 1964 1606 vero
1992 1552 2117 1607 finis
2146 1568 2161 1605 :

585 1658 607 1692 σ
644 1638 974 1697 Benedictus
1026 1638 1295 1697 Dominus
1354 1641 1497 1699 Deus
1551 1642 1721 1700 Israel
1783 1659 1813 1698 a
1858 1644 2061 1700 saeculo
2113 1652 2168 1701 et

582 1746 760 1805 usque
784 1732 844 1787 in
876 1733 1161 1799 saeculum,
1205 1740 1262 1790 et
1293 1735 1434 1789 dicet
1488 1734 1670 1791 omnis
1703 1735 1941 1805 populus
1972 1755 1987 1791 :
2026 1734 2166 1803 Fiat,

580 1827 700 1886 ﬁat.
728 1844 749 1880 ι
774 1824 977 1894 Quinta
1016 1841 1149 1898 pars
1174 1835 1357 1883 autem
1383 1826 1438 1882 in
1476 1845 1496 1879 ι
1519 1827 1735 1882 alleluia
1763 1847 1782 1880 ι
1818 1829 2166 1892 terminatur.

576 1934 694 1992 quo
723 1926 874 1976 totus
893 1919 1035 1976 liber
1073 1918 1569 1975 circumscribitur.
1614 1917 1880 1975 Cancrum
1921 1935 2166 1991 praesens

578 2012 828 2083 psalmus
860 2019 985 2085 post
1006 2019 1366 2069 memoratam
1393 2010 1462 2067 de
1483 2010 1707 2067 Christo
1734 2011 2163 2082 praedictionem,

582 2104 772 2178 adjicit
797 2104 932 2160 illud
965 2124 979 2159 :
1020 2123 1041 2156 ι
1076 2103 1406 2160 Benedictus
1435 2102 1701 2160 Dominus
1738 2102 1885 2160 Deus
1912 2102 2105 2170 Israel,
2142 2125 2163 2158 ι

582 2196 902 2268 subditque,
939 2214 958 2250 ι
993 2198 1089 2267 qui
1113 2196 1243 2252 facit
1278 2196 1551 2251 mirabilia
1583 2198 1755 2254 solus.
1795 2218 1813 2249 ι
1846 2197 1979 2265 Quae
2002 2200 2169 2254 mira-

583 2289 740 2357 hilia,
770 2289 880 2345 nisi
901 2304 966 2346 ea
985 2305 1107 2361 quae
1136 2290 1391 2361 superius
1411 2288 1574 2344 allata
1592 2299 1723 2346 sunt
1755 2306 1768 2343 :
1790 2292 1933 2361 quod
1958 2292 2169 2349 scilicet

584 2381 958 2440 descensurus
981 2385 1055 2440 sit
1079 2384 1223 2441 sicut
1242 2384 1425 2455 pluvia
1449 2385 1507 2440 in
1530 2385 1728 2449 vellus,
1778 2385 2167 2442 humiliaturus

580 2477 663 2533 sit
721 2477 1200 2541 calumniatorem,
1260 2477 1409 2548 quod
1476 2491 1871 2549 permansuros
1920 2481 1991 2536 sit
2039 2494 2165 2535 cum

588 2569 711 2625 sole
738 2585 754 2633 ;
793 2569 942 2640 quod
971 2569 1028 2625 in
1045 2569 1242 2626 diebus
1267 2569 1390 2639 ejus
1415 2572 1628 2628 oritura
1656 2572 1729 2627 sit
1753 2572 1990 2642 justitia,
2020 2572 2166 2643 quod

584 2661 975 2719 dominaturus
992 2665 1065 2718 sit
1087 2677 1119 2718 a
1136 2664 1276 2720 mari
1300 2665 1368 2720 ad
1384 2656 1567 2731 mare;
1587 2665 1732 2737 quod
1754 2664 1999 2721 futurum
2022 2666 2092 2721 sit
2112 2674 2170 2720 ut

584 2753 878 2825 Ethiopes
911 2754 1201 2826 procidant
1222 2772 1409 2813 coram
1442 2757 1575 2826 illo;
1608 2757 1754 2830 quod
1785 2758 1928 2814 dona
1956 2757 2061 2829 ipsi
2100 2773 2169 2813 ex

580 2838 847 2903 omnibus
869 2847 1125 2919 gentibus
1155 2845 1432 2904 aﬂerenda
1481 2849 1625 2918 sint;
1658 2848 1804 2920 quod
1852 2848 2016 2904 etiam
2052 2849 2171 2918 ipse

586 2939 991 2995 firmamentum
1021 2938 1238 2997 futurus
1276 2939 1349 2997 sit
1372 2939 1429 2995 in
1486 2948 1653 3007 terra,
1699 2949 1754 2998 et
1794 2940 2009 2996 fructus
2048 2941 2169 3009 ejus

585 3045 757 3103 super
783 3029 1056 3089 Libanum
1095 3032 1422 3090 exaltandus
1444 3033 1552 3101 sit;
1575 3040 1631 3090 et
1658 3032 1861 3089 similia
1890 3049 2012 3104 qua:
2066 3032 2171 3088 sub

586 3124 705 3179 haec
738 3124 1395 3192 enumeranturiQuibus
1423 3126 1683 3182 omnibus
1708 3125 1777 3181 ad
1803 3125 1919 3181 haec
1937 3125 2169 3181 dicenda

585 3214 967 3271 lnstituimur:
997 3235 1017 3269 ι
1038 3215 1366 3275 Benedictus
1392 3216 1658 3275 Dominus
1680 3216 1826 3274 Deus
1860 3216 2050 3283 Israel,
2073 3218 2169 3288 qui

2264 631 2363 702 μὲν
2391 630 2497 703 γὰρ
2534 629 2749 702 πρώτου
2783 631 2983 703 μέρους
3009 630 3330 695 τελευταῖος
3368 624 3448 700 ἦν
3483 629 3516 681 6
3556 634 3636 699 μ’,
3664 620 3725 680 οὗ
3750 626 3871 699 πρὸς

2260 722 2340 794 τῷ
2360 721 2499 776 τέλει
2534 721 2776 790 ἐλέγετο⁸
2805 741 2823 773 ι
2853 721 3156 792 Εὐλογητὸς
3186 719 3419 791 Κύριος
3446 719 3479 772 6
3505 715 3651 779 Θεδς
3677 714 3874 789 Ἰσραὴλ

2234 813 2483 873 ,ἀπὸτοῦ
2516 813 2611 867 νῦν
2636 814 2731 867 καὶ
2769 816 2849 878 εἰς
2890 813 2982 867 τὸν
3022 813 3216 867 αίῶνα·
3248 812 3517 882 γένοιτο,
3563 808 3813 878 γένοιτο·
3853 828 3871 861 ι

2261 905 2356 961 τοῦ
2398 906 2455 960 δὲ
2486 905 2740 979 δευτέρου
2766 905 3067 969 τελευταῖος
3094 900 3163 977 ἦν
3195 907 3224 959 6
3255 902 3418 977 μετὰ
3455 904 3663 974 χεῖρας
3693 900 3879 971 ὁμοίως

2263 1000 2356 1054 ἐπὶ
2386 1000 2465 1070 τῷ
2511 999 2657 1053 τέλει
2708 998 2914 1068 λέγων·
2972 1018 2993 1051 ‹
3042 997 3362 1068 Εὐλογητὸς
3406 995 3639 1067 Κύριος
3683 995 3713 1048 6
3759 992 3879 1057 Θεὸς

2276 1091 2495 1165 Ἰσραὴλ
2538 1094 2567 1146 6
2601 1091 2767 1145 ποιῶν
2800 1091 3075 1163 θαυμάσια
3119 1091 3303 1162 μόνος.
3338 1090 3470 1142 Καὶ
3498 1083 3800 1155 εὐλογητὺν
3826 1082 3883 1137 τὸ

2263 1186 2433 1257 δνομα
2463 1187 2563 1258 τῆς
2593 1184 2752 1257 δόξης
2781 1183 2966 1247 αὐτοῦ,
3011 1203 3029 1236 ι
3081 1185 3173 1239 καὶ
3203 1183 3271 1238 τὰ
3323 1182 3473 1253 ἑξῆς
3492 1197 3509 1213 ο
3543 1178 3648 1234 τοῦ
3688 1177 3746 1232 δὲ
3772 1176 3881 1251 τρί-

2262 1294 2359 1331 του
2413 1277 2612 1350 μέρους
2659 1277 2965 1340 τελευταῖος
3013 1278 3043 1331 6
3090 1282 3182 1348 πη’
3232 1274 3551 1345 τυγχάνει,
3611 1265 3678 1326 οὗ
3709 1268 3880 1333 τέλοςο

2270 1390 2291 1423 ι
2326 1370 2632 1443 Εὐλογητὸς
2651 1370 2855 1443 Κύριος
2887 1370 2969 1434 είς
2992 1369 3084 1423 τὸν
3109 1367 3299 1423 αίῶνω
3330 1370 3595 1439 γένοιτο,
3623 1363 3877 1434 γένοιτο.»

2279 1462 2508 1534 Ὀμοίως
2535 1461 2593 1514 δὲ
2620 1462 2717 1515 καὶ
2749 1461 2845 1515 τοῦ
2876 1461 3136 1534 τετάρτου
3169 1461 3382 1533 μέρους
3424 1457 3760 1519 τελευταῖος
3791 1452 3881 1525 μὲν

2266 1554 2415 1608 ἐστιν
2445 1556 2475 1608 6
2498 1560 2596 1626 ρε⁸.
2626 1553 2776 1618 τέλος
2806 1553 2863 1606 δὲ
2907 1552 3095 1608 τούτου
3118 1571 3131 1584 ο
3172 1572 3191 1606 ι
3232 1550 3579 1620 Εὐλογητὸς
3613 1546 3819 1620 Κύριος
3854 1548 3882 1600 6

2267 1646 2400 1711 Θεὸς
2437 1645 2652 1719 Ἰσραὴλ
2682 1646 2791 1701 ἀπὸ
2832 1644 2925 1700 τοῦ
2971 1644 3167 1709 αἰῶνος
3208 1645 3302 1699 καὶ
3360 1645 3484 1707 ἕως
3518 1639 3626 1696 τοῦ
3675 1639 3881 1702 αἰῶνος,

2268 1738 2363 1792 καὶ
2395 1739 2513 1810 ἐρεῖ
2543 1739 2651 1801 πᾶς
2677 1739 2706 1791 6
2732 1736 2880 1801 λαός
2900 1736 3142 1801 Γένοιτο,
3176 1736 3421 1805 γένοιτο.
3474 1753 3497 1787 ι
3537 1733 3620 1787 Τὸ
3663 1731 3724 1785 δὲ
3751 1730 3884 1802 πέμ.

2272 1846 2404 1885 πτον
2431 1829 2597 1902 μέρος
2624 1831 2702 1893 είς
2723 1828 2784 1883 τὸ
2815 1848 2834 1880 ι
2872 1826 3162 1900 ἁλληλούῖα
3200 1848 3217 1880 ι
3252 1825 3612 1896 καταλήγει,
3647 1825 3709 1878 ὲν
3730 1816 3776 1891 ᾧ
3798 1821 3885 1875 καὶ

2199 1903 2239 1962 Β
2268 1921 2421 1974 πᾶσα
2461 1918 2896 1993 περιγέγραπται
2929 1920 2964 1990 ἠ
3005 1917 3205 1989 βίϐλος.
3254 1917 3414 1989 Πλὴν
3456 1918 3491 1970 6
3520 1912 3727 1987 παρὼν
3755 1908 3884 1983 μετὰ

2266 2013 2366 2084 τὴν
2393 2012 2813 2084 προεκτεθεῖσαν
2844 2011 2973 2084 περὶ
2993 2009 3089 2065 τοῦ
3126 2011 3367 2083 Χριστοῦ
3399 2006 3740 2080 πρόρρησιν
3772 2005 3883 2057 ἑπι-

2269 2106 2425 2179 φέρει
2452 2104 2533 2158 τό·
2569 2125 2587 2157 ι
2619 2103 2925 2177 Εὐλογητὸς
2955 2102 3158 2176 Κύριος
3189 2105 3218 2157 6
3245 2101 3387 2167 Θεὸς
3434 2098 3699 2172 Ἰσραὴλ,
3734 2115 3754 2149 ι
3794 2093 3881 2149 καὶ

2270 2196 2593 2269 προστίθησι
2621 2197 2703 2261 τὸ,
2741 2215 2761 2248 ι
2789 2199 2819 2250 6
2862 2195 3028 2250 ποιῶν
3056 2195 3333 2266 θαυμάσια
3369 2194 3578 2266 μόνος.
3612 2210 3632 2243 ι
3672 2186 3880 2244 Ποίαδδ

2266 2289 2566 2361 θαυμάσια,
2595 2288 2628 2361 ἢ
2664 2287 2733 2342 τὰ
2762 2287 3124 2361 προλεχθέντα
3149 2290 3208 2341 ὲν
3230 2280 3311 2351 οἷς
3348 2282 3429 2357 ἦν
3467 2284 3540 2338 τὸ
3582 2277 3884 2351 καταϐήσε-

2272 2382 2392 2436 σθαι
2421 2381 2583 2435 αὐτὸν
2622 2381 2715 2436 ἐπὶ
2753 2380 2917 2435 πόκον
2947 2381 3023 2444 ὼς
3062 2378 3237 2443 ὑετὸν,
3281 2377 3383 2432 καὶ
3417 2375 3491 2430 τὸ
3534 2371 3879 2429 ταπεινῶσαι

2272 2472 2636 2545 συκοφάντην,
2675 2472 2771 2527 καὶ
2817 2472 2881 2527 τὺ
2922 2471 3377 2543 συμπαραμενεῖν
3429 2467 3518 2540 τῷ
3563 2467 3746 2539 ηλίῳο
3794 2459 3880 2516 καὶ

2268 2564 2331 2619 τὸ
2357 2566 2416 2618 ὲν
2440 2564 2560 2627 ταῖς
2588 2562 2827 2635 ἡμέραις
2853 2560 3018 2619 αὐτοῦ
3045 2559 3322 2615 ἀνατελεῖν
3355 2555 3760 2625 δικαιοσύνην,
3791 2549 3878 2606 καὶ

2268 2660 2330 2713 τὸ
2363 2656 2816 2730 κατακυριεύσειν
2847 2654 3008 2709 αὐτὸν
3054 2653 3164 2709 ἀπὸ
3197 2651 3492 2724 θαλάσσης
3540 2650 3656 2712 ἕως
3684 2645 3878 2701 θαλάσ-

2272 2768 2373 2825 σης
2394 2768 2411 2784 ο
2436 2752 2562 2815 τοὺς
2590 2749 2853 2812 Αἰθίοπας
2877 2747 3205 2820 προπίπτειν
3227 2744 3469 2799 ἐνώπιον
3499 2740 3681 2798 αὐτοῦ
3701 2757 3717 2771 ·
3740 2733 3877 2808 δῶρά

2269 2861 2329 2898 τε
2376 2840 2527 2913 αὐτῷ
2568 2838 3044 2914 προσαχθήσεσθαι
3090 2837 3149 2905 ἐξ
3190 2835 3461 2891 ἁπάντων
3506 2834 3627 2889 τῶν
3676 2828 3872 2885 ἐθνῶν

2271 2936 2407 2992 ἀλλὰ
2445 2937 2537 2991 καὶ
2575 2936 2636 2989 τὸ
2673 2935 2948 3007 στήριγμα
2978 2934 3140 2986 αὑτὸν
3181 2931 3239 2984 ὲν
3270 2931 3337 3001 τῇ
3385 2930 3465 3000 γῇ
3520 2920 3869 2997 γενήσεσθαι,

2271 3030 2367 3085 καὶ
2390 3029 2486 3082 τὸν
2507 3027 2722 3100 καρπὸν
2756 3024 2922 3080 αὐτοῦ
2949 3024 3091 3097 ὑπὲρ
3121 3022 3211 3077 τὸν
3243 3020 3486 3075 Λίόανον
3513 3014 3872 3091 ἁρθήσεσθαι.

2271 3123 2366 3178 καὶ
2406 3122 2506 3175 ὅσα
2553 3120 2690 3175 ἄλλα
2729 3117 2939 3182 τούτοις
2982 3116 3111 3188 ἑξῆς
3155 3113 3629 3185 κατηρίθμηταις
3676 3109 3764 3179 ἐφ’
3797 3100 3873 3167 οἷς

2273 3219 2407 3272 πᾶσι
2437 3212 2801 3286 διδασκόμεθα
2822 3212 2999 3282 λέγειν
3016 3228 3031 3242 ο
3060 3229 3080 3262 ‹
3104 3207 3412 3281 Εὐλογητὸς
3445 3206 3669 3279 Κύριος
3697 3205 3726 3256 6
3749 3198 3872 3262 Θεδς

584 3304 721 3363 facit
749 3306 1022 3363 mirabilia
1053 3308 1225 3364 solus.
1258 3306 1321 3362 Et
1366 3309 1718 3366 benedictum
1759 3325 1957 3366 nomen
1984 3308 2170 3381 gloriae

2287 3308 2502 3384 Ἰσραὴλ
2524 3310 2553 3362 6
2591 3306 2761 3362 ποιῶν
2795 3305 3075 3376 θαυμάσια
3107 3302 3285 3375 μόνος.
3324 3301 3440 3354 Καὶ
3476 3294 3784 3367 εὐλογητὸν

450 3441 471 3447 -
584 3398 711 3469 ejus
757 3397 816 3454 in
845 3407 1133 3456 aeternum.
1164 3418 1183 3453 ι
1218 3399 1429 3457 Nomen
1460 3408 1642 3456 autem
1687 3402 1875 3473 glorias
1912 3404 2033 3474 ejus
2086 3412 2171 3461 est

584 3489 766 3548 deitas
793 3491 932 3562 ejus.
964 3489 1023 3547 Si
1054 3492 1200 3548 enim
1233 3491 1379 3564 quod
1408 3501 1597 3548 natum
1624 3501 1711 3549 est
1747 3510 1810 3550 ex
1849 3492 2173 3550 sanctaVir—

586 3583 740 3655 gine,
773 3582 905 3640 Iesu
929 3584 1155 3640 nomine
1182 3584 1466 3656 dignatum
1488 3595 1572 3642 est
1602 3587 1908 3643 secundum
1942 3586 2172 3645 Gabrie-

589 3672 837 3743 lem,qui
878 3673 956 3727 ait
996 3672 1064 3729 ad
1082 3671 1323 3744 Ioseph:
1371 3692 1390 3727 ι
1429 3673 1497 3730 Ει
1549 3676 1724 3747 pariet
1770 3674 1964 3742 tilium,
1988 3684 2042 3732 et
2070 3694 2169 3732 vo-

584 3764 744 3821 cabis
772 3779 974 3821 nomen
1007 3764 1131 3836 ejus
1174 3763 1361 3821 Iesum
1396 3784 1408 3820 :
1435 3765 1555 3837 ipse
1578 3767 1725 3822 enim
1769 3766 1979 3823 salvum
2010 3767 2173 3823 faciet

584 3856 851 3927 pepulum
873 3870 1037 3912 suum
1070 3871 1101 3911 a
1125 3856 1365 3929 peccatis
1389 3871 1581 3912 eorum
1605 3858 1683 3926 ";
1714 3876 1734 3910 ι
1765 3857 1896 3913 hinc
1924 3858 2173 3928 sequitur

589 3962 793 4006 nomen
822 3948 1012 4021 gloriae
1027 3946 1172 4018 ejus,
1198 3946 1582 4019 accipiendum
1630 3963 1756 4005 esse
1799 3948 1867 4005 de
1898 3950 2172 4021 theologia

586 4042 787 4114 ipsius,
817 4057 926 4113 qua
957 4041 1103 4099 Deus
1123 4040 1364 4097 Verbum
1380 4048 1436 4098 et
1451 4042 1769 4114 unigenitus
1790 4041 1953 4111 Deus,
1967 4044 2060 4115 qui
2086 4051 2172 4099 est

588 4134 647 4188 in
676 4133 801 4190 sinu
825 4132 1032 4201 Patris,
1059 4132 1405 4205 intelligitur.
1442 4133 1627 4202 Quare
1643 4135 1844 4191 dehinc
1872 4136 2169 4207 adjicitur:

588 4245 617 4282 ι
636 4228 703 4283 Et
726 4227 1031 4298 replebitur
1063 4227 1239 4300 gloria
1267 4228 1391 4299 ejus
1411 4228 1592 4285 omnis
1629 4238 1795 4285 terra.
1818 4249 1837 4283 ι
1876 4229 2009 4285 Nam
2041 4231 2170 4285 olim

587 4320 813 4393 quidem
846 4330 868 4374 'c
896 4320 952 4377 in
980 4321 1189 4379 mundo
1223 4328 1427 4380 eratet
1470 4322 1711 4379 mundus
1737 4339 1836 4395 per
1864 4324 2044 4395 ipsum
2087 4324 2173 4379 fa-

587 4421 714 4468 ctus
733 4418 841 4477 est,
858 4417 914 4467 et
942 4410 1182 4470 mundus
1207 4427 1332 4469 eum
1355 4428 1464 4470 non
1499 4414 1756 4487 cognovit
1776 4414 1840 4468 ".
1856 4434 1876 4467 ι
1901 4413 2173 4481 Quoniam

588 4519 722 4560 vero
746 4519 818 4560 ne
846 4502 1020 4561 Judaei
1036 4504 1280 4575 quidem,
1318 4506 1476 4578 queis
1508 4514 1660 4562 tanta
1698 4506 1942 4579 prodigia
1986 4515 2175 4564 osten—

591 4595 1145 4668 derat,cognitionem
1166 4598 1288 4669 ejus
1314 4599 1675 4671 recipiebant,
1696 4600 1822 4671 jure
1844 4601 1911 4656 ad
1933 4600 2171 4673 Moysem

2273 3379 2584 3474 meimei};
2621 3397 2781 3468 δόξης
2810 3393 2976 3451 αὐτοῦ
3017 3395 3098 3458 εἰς
3143 3394 3233 3447 τὸν
3273 3392 3473 3446 αἰῶνα.
3512 3409 3535 3443 ι
3580 3389 3793 3457 Ὄνομα

2270 3468 2434 3563 δόξης
2458 3468 2623 3544 αὐτοῦ
2653 3491 2687 3560 ἠ
2722 3486 2917 3558 θεότης
2944 3480 3108 3538 αὐτοῦ
3133 3480 3390 3554 τυγχάνει
3413 3498 3427 3512 ⁸
3458 3480 3513 3534 εί
3540 3477 3659 3551 γὰρ
3689 3475 3751 3529 τὸ
3776 3468 3871 3527 ὑπὸ

2274 3584 2377 3655 τῆς
2406 3583 2568 3653 ἁγίας
2607 3578 2885 3651 Παρθένου
2926 3575 3290 3647 γεγενημένον
3324 3574 3606 3646 ὀνόματος
3649 3566 3868 3638 ἠξίωται

2275 3676 2371 3732 τοῦ
2409 3672 2586 3746 ἰησοῦ
2614 3670 2755 3726 κατὰ
2783 3669 2874 3723 τδν
2902 3666 3145 3740 Γαϐριὴλ
3165 3667 3418 3739 φήσαντα
3452 3664 3605 3737 πρὸς
3630 3661 3726 3714 τδν
3764 3658 3871 3710 Ἰω-

2278 3769 2388 3840 σήφ
2411 3785 2425 3797 ’
2466 3785 2485 3820 ι
2528 3766 2640 3822 Καὶ
2673 3764 2885 3832 τέξεται
2911 3762 3045 3827 υίδν,
3072 3760 3169 3815 καὶ
3200 3759 3451 3823 καλέσεις
3478 3756 3546 3812 τδ
3579 3756 3760 3823 ὄνομα
3786 3746 3866 3840 αὐ-

2276 3834 2375 3914 rce-6'
2410 3856 2650 3931 Ἰησοῦνο
2693 3854 2856 3919 αὐτὸς
2893 3853 3004 3926 γὰρ
3039 3849 3201 3906 σώσει
3243 3853 3335 3905 τὸν
3376 3849 3514 3905 λαὸν
3555 3842 3727 3902 αὐτοῦ
3768 3834 3868 3894 ἀπὸ

2275 3952 2386 4007 τῶν
2412 3948 2694 4023 ἁμαρτιῶν
2725 3947 2892 4003 αὐτοῦ
2916 3963 2931 3977 ⁸
2962 3965 2982 3999 ι
3024 3943 3317 4001 ἀκόλουθόν
3344 3946 3462 3997 ἐστι
3491 3942 3559 3996 τὸ
3581 3938 3688 4010 τῆς
3718 3932 3865 4023 δόξης

2277 4018 2643 4115 αὐτοῦ-δνομα
2673 4042 2773 4114 τὴν
2817 4042 2947 4113 περὶ
2995 4038 3162 4095 αὐτοῦ
3190 4037 3431 4092 νοεῖσθαι
3465 4032 3773 4102 θεολογίαν,
3802 4018 3864 4078 δι’

2276 4133 2344 4211 ἦς
2372 4137 2504 4201 Θεὸς
2537 4135 2710 4205 Λόγος
2730 4135 2827 4188 καὶ
2857 4131 3152 4205 μονογενὴς
3188 4129 3321 4195 Θεὸς
3348 4132 3377 4184 ὐ
3410 4129 3490 4183 ὢν
3520 4129 3608 4190 εἰς
3633 4123 3728 4178 τὸν
3751 4116 3865 4174 κάλ·-

2278 4249 2380 4285 πον
2409 4228 2505 4284 τοῦ
2538 4228 2753 4301 Πατρὺς
2784 4226 3161 4298 ἐπινενόηταιο
3200 4224 3323 4279 ὅθεν
3354 4222 3682 4290 ὲπιλέγεται
3711 4212 3863 4283 ἑξῆς*

2228 4316 2231 4321 ’
2283 4342 2303 4377 ι
2346 4324 2455 4378 Ka‘t
2478 4320 2893 4394 πληρωθήσεται
2916 4319 3016 4390 τῆς
3051 4319 3210 4392 δόξης
3233 4315 3396 4372 αὐτοῦ
3441 4316 3605 4369 πᾶσα
3640 4311 3675 4383 ἡ
3716 4306 3803 4376 γῆ.
3840 4316 3859 4351 ι

2279 4417 2452 4472 Πάλαι
2480 4417 2578 4488 μὲν
2599 4415 2708 4486 γὰρ
2735 4416 2792 4469 ὲν
2816 4412 2895 4485 τῷ
2921 4412 3111 4485 κόσμῳ
3139 4407 3228 4482 ἦν,
3261 4408 3356 4464 καὶ
3378 4410 3408 4462 6
3438 4409 3656 4478 κόσμος
3678 4400 3745 4455 δι’
3770 4395 3862 4488 αὑέ

2276 4508 2373 4565 τοῦ
2416 4487 2652 4578 ἐγένετο,
2686 4508 2781 4563 καὶ
2829 4507 2860 4560 6
2901 4508 3105 4581 κόσμος
3143 4505 3308 4560 αὐτὸν
3355 4503 3455 4557 οὐκ
3499 4501 3668 4570 ἔγνω.
3704 4512 3724 4546 ι
3759 4487 3860 4545 Καὶ

2281 4599 2404 4655 ἐπεὶ
2451 4597 2583 4671 μηδὲ
2620 4596 2859 4652 Ἰουδαῖοι
2892 4593 2975 4662 οἷς
3016 4595 3284 4658 τοσαύτας
3310 4591 3617 4658 ἐνεδείξατο
3655 4586 3860 4654 θαυμαι

592 4687 727 4747 tlicit
758 4703 772 4741 :
804 4707 826 4742 ι
857 4687 989 4746 Sine
1022 4704 1130 4757 me,
1159 4698 1216 4747 et
1250 4691 1330 4746 ira
1363 4707 1631 4749 accensus
1657 4700 1937 4749 conteram
1980 4708 2097 4761 eos,
2120 4701 2170 4748 et

2279 4692 2537 4764 τουργίας
2586 4688 2950 4763 παρεδέξαντο
3004 4689 3104 4761 τὴν
3150 4686 3352 4757 γνῶσιν
3405 4682 3595 4746 αὐτοῦ,
3649 4675 3857 4764 είκότωξ

594 4781 791 4840 faciam
816 4790 873 4840 te
907 4783 967 4840 in
1018 4794 1234 4856 gentem
1288 4799 1542 4858 magnam
1565 4789 1643 4855 '3;
1676 4807 1698 4840 ι
1730 4795 1896 4858 atque
1944 4786 2129 4843 subdit
2159 4802 2174 4840 :

599 4893 620 4925 ι
661 4873 809 4931 Vivit
828 4892 1027 4933 nomen
1044 4892 1226 4934 meum
1248 4879 1379 4949 quia
1393 4880 1695 4951 replebitur
1716 4882 1888 4953 gloria
1915 4896 2033 4936 mea
2052 4882 2179 4936 uui-

592 4982 758 5025 versa
779 4974 930 5025 terra
951 4969 1411 5038 ’³-⁷δ.›οοοιηνίε
1436 4973 1582 5029 enim
1613 4973 1691 5037 lii,
1716 4973 1915 5044 inquit,
1948 4973 2178 5044 gloriam

592 5070 772 5115 meam
799 5056 1115 5130 depellant;
1139 5061 1236 5117 sed
1277 5061 1464 5119 futuro
1492 5061 1730 5134 quodam
1764 5071 2006 5133 tempore
2030 5069 2179 5119 totus

593 5151 747 5208 orbis
770 5152 1071 5224 replebitur
1099 5154 1273 5226 gloria
1327 5170 1471 5212 mea.
1531 5154 1688 5222 Quod
1718 5155 1773 5210 in
1808 5155 2062 5227 praesenti
2086 5154 2181 5209 do-

593 5254 751 5306 cetur
772 5245 861 5304 his
901 5248 1129 5303 verbis:
1167 5267 1186 5300 ι
1217 5248 1283 5303 Et
1335 5249 1635 5320 replebitur
1663 5248 1837 5320 gloria
1889 5248 2013 5318 ejus
2054 5248 2185 5303 Ulli-9

593 5352 755 5397 versa
782 5346 951 5396 terra.
984 5359 1004 5393 ι
1044 5339 1199 5408 Quod
1233 5341 1412 5413 ipsum
1472 5340 1643 5397 Isaias
1691 5341 2041 5396 vaticinando
2079 5341 2178 5397 de-

594 5428 863 5497 clarabat,
888 5430 1080 5487 dicens
1110 5431 1386 5502 seraphim
1423 5432 1570 5486 circa
1620 5431 1910 5488 Dominum
1934 5432 2178 5487 Sabaoth

594 5522 837 5579 clamare
883 5536 950 5579 ac
998 5522 1223 5579 dicere:
1254 5541 1273 5574 ι
1309 5520 1579 5589 Sanctus,
1634 5532 1902 5591 sanctus,
1951 5532 2180 5581 sanctus

595 5611 863 5671 Dominus
926 5612 1167 5670 Sabaoth
1199 5633 1214 5669 :
1246 5616 1405 5688 plena
1453 5626 1537 5672 cst
1583 5618 1765 5674 omnis
1816 5624 1963 5672 terra
2009 5618 2182 5689 gloria

594 5700 719 5775 ejus
741 5706 810 5761 ⁷⁸.
843 5723 866 5760 ι
928 5704 1150 5771 Verum.
1169 5707 1286 5765 hzec
1314 5708 1539 5780 quidem
1570 5710 1701 5765 olim
1754 5725 1820 5766 ex
1840 5710 2213 5781 praescientia.

2276 4760 2409 4858 φησὶ
2436 4784 2572 4857 πρὸς
2602 4760 2845 4855 Μωῦσῆν
2864 4800 2877 4812 ·
2914 4800 2933 4833 ι
2966 4780 3166 4836 Ἔασόν
3192 4796 3281 4852 με,
3306 4779 3401 4835 καὶ
3420 4771 3700 4848 θυμωθεὶς
3728 4760 3856 4836 ὀργῇ

2276 4877 2519 4949 ἐπιτρίψω
2560 4879 2777 4949 αὐτοὺς,
2818 4875 2911 4931 καὶ
2941 4875 3155 4946 ποιήσω
3198 4890 3258 4927 σε
3301 4874 3381 4936 εἰς
3412 4869 3568 4934 ἔθνος
3624 4863 3793 4936 μέτρι’
3832 4872 3849 4903 ι

2277 4947 2675 5039 καὶ-ἐπιλέγει*
2715 4988 2736 5020 ι
2768 4970 2842 5040 Ζῇ
2876 4966 2937 5021 τὺ
2966 4964 3140 5036 ὄνομά
3175 4981 3299 5035 μου,
3329 4964 3413 5017 ὅτι
3443 4954 3852 5033 πληρωθήσεται

2278 5062 2379 5134 τῆς
2410 5059 2568 5134 δόξης
2596 5078 2697 5134 μου
2731 5062 2879 5114 πᾶσα
2910 5061 2944 5130 η
2981 5058 3073 5130 γῆ.
3109 5076 3127 5109 ι
3166 5056 3229 5110 El
3263 5055 3374 5127 γὰρ
3405 5054 3500 5109 καὶ
3531 5053 3600 5107 τὰ
3630 5044 3851 5143 μάλιστς

2278 5148 2447 5218 οὗτοι,
2467 5154 2619 5225 φησὶ,
2639 5152 3016 5227 παρωθοῦνται
3038 5151 3134 5223 τὴν
3164 5150 3301 5222 ἐμὴν
3320 5147 3500 5215 δόξαν,
3524 5144 3661 5200 ἀλλὰ
3685 5147 3852 5227 καιρῳ

2278 5265 2386 5304 τινι
2422 5225 2839 5319 πληρωθήσεται
2868 5248 2901 5317 ἡ
2936 5245 3229 5316 οἰκουμένη
3275 5244 3426 5296 πᾶσα
3462 5242 3561 5312 τῆς
3593 5237 3732 5309 ἐμῆς
3771 5225 3851 5281 δέ’

2282 5339 2399 5410 ξηςο
2453 5341 2519 5393 Ὃ
2563 5337 2628 5409 δὴ
2674 5337 2861 5392 καὶτὸ
2913 5337 3087 5409 παρὸν
3123 5337 3304 5406 λόγιον
3351 5335 3591 5390 διδάσκει
3641 5329 3843 5399 φῆσαν

2287 5450 2307 5484 ι
2349 5431 2460 5486 Καὶ
2493 5430 2908 5502 πληρωθήσεται
2934 5431 3039 5501 τῆς
3068 5428 3228 5500 δόξης
3260 5427 3423 5482 αὐτοῦ
3460 5428 3609 5480 πᾶσα
3642 5423 3675 5492 ἡ
3702 5415 3791 5487 γῆο
3822 5426 3843 5460 ³

2285 5523 2455 5579 Τοῦτο
2480 5524 2572 5578 καὶ
2609 5523 2836 5588 Ἦσαῒας
2881 5523 3116 5595 παρίστη
3164 5520 3435 5586 θεσπίζων
3476 5520 3547 5573 τὰ
3589 5505 3844 5595 σερεπιφεὶιιι

2286 5614 2591 5672 κυκλοῦντα
2619 5615 2713 5670 τὸν
2759 5614 2965 5688 Κύριον
3004 5612 3232 5668 Σαϐαὼθ
3283 5612 3492 5684 βοῶντά
3532 5627 3591 5665 τε
3629 5604 3719 5661 καὶ
3768 5594 3848 5688 λέ·

2287 5726 2484 5781 γοντα·
2523 5727 2542 5763 ι
2577 5709 2787 5779 Ἄγιος,
2816 5686 2991 5778 ἅγιος,
3023 5707 3177 5777 ἅγιος
3200 5706 3404 5777 Κύριος
3428 5698 3679 5760 Σαδαώθ’
3721 5686 3845 5759 πλή⁸

668 5862 719 5899 ’⁸
750 5862 1002 5945 Μιιιῂη.
1020 5865 1113 5928 21.
1190 5867 1234 5900 ⁷⁸
1263 5863 1422 5930 Joan-
1451 5882 1490 5936 1,
1525 5865 1613 5926 I0.
1689 5869 1735 5906 τ’
1766 5866 2170 5936 Exod.xxxu,1

2308 5867 2355 5901 "
2385 5868 2433 5909 "0
2457 5866 2621 5925 Num.
2653 5883 2765 5929 xiv.
2802 5866 2897 5923 2|.
2970 5865 3018 5898 "
3051 5863 3154 5922 lsa.
3187 5863 3333 5930 v1.3.
