4078 6934
339 435 442 493 8‘21

1432 432 1940 489 COMMENTANA
1968 432 2034 489 IN
2069 434 2409 494 PSALMOS.

3478 429 3585 487 822

348 568 448 625 ρης
477 552 624 605 πᾶσα
651 552 684 622 ἡ
721 550 789 621 γῆ
835 551 931 622 τῆς
959 549 1116 621 δόξης
1147 549 1332 605 αὑτοῦ.
1366 567 1385 600 ι
1433 549 1590 602 Ἀλλὰ
1611 549 1781 604 ταῦτα
1815 552 1912 622 μὲν

2025 551 2194 608 Jivina
2216 551 2728 624 praenuntiabantur
2758 569 2773 607 :
2805 563 2969 622 opere
3015 558 3194 604 autem
3238 547 3585 618 compleban-

345 645 501 714 θεῖκῇ
542 641 843 714 προγνώσει
869 640 1182 705 ἐθεσπίξετο
1210 640 1376 695 πάλαι
1401 659 1414 671 ο
1450 641 1630 712 ἔργοις
1670 641 1724 694 δὲ
1752 642 1917 713 ἐπλη-

347 730 506 804 ροῦτο
540 732 804 803 πρότερον
832 734 862 801 ἢ
897 732 988 784 τὸν
1023 731 1252 802 Σωτῆρα
1279 730 1374 784 καὶ
1407 731 1608 803 Κύριον
1633 731 1789 802 ἡμῶν
1815 733 1918 802 Ίη-

350 819 476 875 σοῦν
517 821 608 874 τὸν
641 821 872 892 Χριστὸν
899 820 977 891 τῷ
1020 821 1125 874 τῶν
1158 821 1458 893 ἀνθρώπων
1492 821 1795 892 ἐπιλάμψαι
1828 823 1919 890 γέ-

347 930 466 966 νει·
513 912 620 966 ἰδοὺ
657 913 764 984 γάρ
806 913 924 966 καθ’
969 915 1114 985 ἡμᾶς
1144 915 1339 978 αὐτοὺς
1379 915 1780 989 ἀνατέτραπται
1820 915 1918 986 μὲν

353 1006 500 1058 πᾶσα
521 1003 802 1074 δαιμονικὴ
827 1004 998 1075 πλάνη
1016 1023 1028 1034 ·
1055 1005 1378 1076 πεπλήρωκε
1400 1006 1457 1058 δὲ
1483 1005 1577 1077 τὴν
1597 1007 1919 1078 οἰκουμένην

351 1093 569 1147 ἃπασαν
602 1095 634 1163 ἡ
670 1092 961 1163 Ἐκκλησία
1011 1094 1268 1165 Χριστοῦ,
1309 1096 1400 1148 τὸν
1439 1095 1570 1149 Θεὸν
1612 1097 1826 1169 Ἰσραὴλ
1861 1101 1920 1150 ἐν

352 1184 500 1252 πάσῃ
550 1185 616 1252 τῇ
664 1185 732 1252 γῇ
779 1181 1092 1247 δοξάζουσα.
1147 1185 1258 1238 Καὶ
1301 1185 1598 1259 ἐπειδήπερ
1641 1187 1810 1240 ταῦτα
1861 1188 1921 1241 τὸ

352 1273 578 1345 Πνεῦμα
605 1274 665 1328 τὸ
699 1275 850 1343 ἆγιον
871 1276 1222 1346 προφητικῶς
1253 1277 1514 1348 μέλλοντα
1546 1279 1761 1334 ἔσεσθαι
1789 1298 1922 1351 προ-

353 1365 634 1437 ανεφὼνει,
650 1368 803 1440 χορὸς
816 1355 1060 1436 ἀγγέλων
1078 1370 1340 1424 ὑπακούει
1358 1371 1435 1442 (1)
1455 1375 1840 1446 συνευχόμενος
1854 1379 1920 1447 τῇ

353 1462 459 1515 τῶν
494 1461 832 1532 πραγμάτων
861 1461 1157 1529 τελειώσει,
1189 1464 1543 1536 πιστούμενὸς
1568 1483 1626 1518 τε
1663 1467 1802 1520 αὐτὰ
1830 1469 1924 1520 καὶ

353 1553 546 1623 λέγων’
596 1572 614 1604 ι
656 1555 694 1606 Γ
698 1554 889 1619 ένοιτο,
926 1555 1168 1624 γένοιτο·
1208 1577 1226 1608 ι
1273 1557 1306 1627 ἢ
1353 1557 1494 1610 κατὰ
1533 1559 1622 1613 τὸν
1673 1559 1922 1625 Ἀκύλαν,

355 1663 378 1698 ι
414 1644 861 1715 πεπιστωμένως,
892 1647 1342 1717 πεπιστωμένως,
1383 1666 1400 1699 ι
1433 1648 1466 1719 ἢ
1493 1648 1632 1702 κατὰ
1659 1647 1750 1702 τὸν
1775 1649 1925 1720 Σύμ-

356 1753 562 1808 μαχονσ
601 1756 619 1788 ι
666 1739 833 1810 Ἀμὴν
875 1741 967 1793 καὶ
1012 1740 1158 1809 ἀμήν
1182 1755 1196 1770 °
1230 1759 1248 1788 ι
1285 1734 1366 1803 οἷς
1413 1738 1538 1811 ἑξῆς
1575 1739 1880 1809 ἐπιλέγεται
1908 1757 1920 1770 ·

361 1845 381 1878 ι
428 1827 699 1894 Ἐξέλιπον
741 1829 898 1900 ὕμνοι
956 1828 1119 1884 Δαυῒδ
1159 1828 1251 1882 τοῦ
1297 1830 1412 1882 υἱοῦ
1451 1830 1664 1885 Ἰεσσαί.
1715 1851 1734 1882 ι
1784 1831 1925 1884 Ἀνθν

355 1912 416 1973 οὗ
457 1919 485 1972 ὁ
515 1919 615 1990 μὲν
648 1918 941 1991 Σύμμαχος
969 1922 1314 1992 ἡρμήνευσεν
1341 1940 1352 1951 ·
1399 1940 1417 1972 ι
1467 1921 1924 1994 Ἐπετελέσθησαν

357 2012 659 2083 προσευχαὶ
691 2011 852 2065 Δαυῒδ
890 2012 1006 2066 υἱοῦ
1054 2013 1248 2067 Ἰεσσαί
1276 2029 1287 2040 ·
1319 2033 1336 2065 ι
1365 2015 1392 2067 ὁ
1421 2013 1479 2067 δέ
1514 2014 1802 2068 Θεοδοτίων
1832 2017 1925 2070 καὶ

355 2101 391 2173 ἡ
427 2102 648 2174 πέμπτη
681 2103 922 2168 ἕκδοσις·
961 2125 978 2156 ι
1025 2105 1596 2178 Ἀνεκεφαλαιώθησαν
1629 2108 1924 2180 προσευχαὶ

353 2193 515 2247 Δαυῒδ
548 2195 662 2248 uio-3
703 2197 916 2249 Ἰεσσαί.
955 2215 973 2247 ι
1023 2199 1083 2250 0i
1116 2197 1214 2267 μὲν
1245 2193 1336 2251 οῦν
1370 2199 1586 2271 ἄπειροι
1632 2199 1732 2270 τῆς
1773 2201 1925 2271 ἀκρι-

355 2283 508 2348 ϐείας
532 2285 624 2338 τοῦ
655 2285 1077 2358 ἁναγνὼσματος
1099 2288 1197 2358 οὐχ
1236 2287 1310 2352 ὡς
1340 2291 1502 2361 μέρος
1531 2291 1621 2344 τοῦ
1647 2291 1766 2344 ὅλου
1791 2290 1926 2361 ψαλ-

358 2377 463 2448 μοῦ
513 2376 828 2454 ἐξειλήιρασι
863 2380 945 2443 τὸ,
995 2400 1013 2431 ι
1067 2381 1342 2448 Ἐξέλιπον
1393 2381 1552 2452 ὕμνοι
1599 2383 1760 2438 Δαυῒδ
1808 2383 1922 2437 υἱοῦ

370 2467 594 2522 Ἰεσσαίο
631 2488 650 2522 ι
697 2469 811 2522 ἀλλ’
844 2471 919 2534 ὼς
951 2470 1147 2536 ἔξωθεν
1177 2473 1277 2544 τῆς
1306 2475 1640 2545 προφητείας
1684 2491 1926 2547 παραγε-

357 2559 674 2630 γραμμένον
699 2559 1027 2629 ἀνέγνωσαν.
1058 2563 1124 2616 Αἱ
1148 2562 1204 2616 δὲ
1237 2563 1415 2616 λοιπαὶ
1449 2565 1728 2635 ἑρμηνεῖαι
1773 2567 1924 2637 καὶὴ

370 2648 632 2722 Ἐὄραῖκὴ
673 2651 856 2722 γραφὴ
903 2651 1087 2721 σαφῶς
1132 2653 1481 2726 παρίστησιν,
1525 2656 1606 2708 ὅτι
1637 2659 1727 2709 καὶ
1755 2657 1925 2710 ταῦτα

359 2738 527 2812 μέρος
559 2742 813 2810 τυγχάνει
841 2741 933 2794 τοῦ
965 2743 1084 2796 ὅλου
1111 2743 1342 2814 ψαλμοῦ.
1383 2746 1598 2818 Ἐπειδὴ
1633 2747 1742 2818 γὰρ
1763 2748 1926 2802 Δαυῒδ

357 2831 390 2886 ὁ
413 2831 662 2901 βασιλεὺς
700 2835 756 2886 ἐν
789 2838 1114 2907 προσευχαῖς
1147 2835 1351 2890 ἐτίθετο
1386 2839 1470 2892 del.
1493 2839 1794 2910 ἐπιλάμψαι
1831 2839 1925 2893 τοῦ

361 2921 613 2993 Σωτῆρος
660 2925 757 2994 τὴν
802 2927 868 2978 ἐκ
911 2926 1222 2998 σπέρματος
1270 2929 1433 2982 αὐτοῦ
1471 2931 1927 3004 προφωνουμένην

362 3014 602 3082 γένεσιν·
634 3016 838 3086 ταύτης
861 3017 918 3070 δὲ
950 3019 1029 3081 εἰς
1053 3017 1186 3090 ἔργα
1225 3021 1526 3094 χωρούσης,
1571 3023 1759 3094 ἔμελλε
1799 3041 1931 3096 συμ-

361 3107 695 3180 πληροῦσθαι
720 3108 894 3161 πάντα
914 3109 980 3163 τὰ
1004 3114 1490 3184 προπεφητευμένα
1509 3132 1522 3144 ·
1547 3115 1770 3179 εἰκότως
1794 3115 1931 3186 μετὰ

360 3200 422 3253 τὸ
454 3201 826 3273 συμπέρασμα
859 3200 966 3254 τῶν
1000 3200 1442 3273 προλελεγμένων
1477 3204 1805 3272 ἐπιλέγεται,
1849 3205 1925 3268 ὡς

362 3291 470 3365 ἄρα
517 3293 942 3365 ἐπετελέσθησαν
989 3295 1084 3348 καὶ
1138 3295 1627 3369 συνεπληρώθησαν
1682 3297 1770 3351 διὰ
1816 3301 1924 3352 τῶν

363 3383 804 3455 ¹προλελεγμένων
838 3385 892 3436 αἱ
929 3383 1020 3437 τοῦ
1061 3385 1224 3439 Δαυῒδ
1264 3388 1575 3459 προσευχαί.
1615 3388 1843 3442 Δύναται
1870 3390 1928 3443 δέ

359 3470 440 3536 τὸ,
479 3491 496 3523 ι
541 3472 966 3545 ἐπετελέσθησαν
1009 3476 1040 3545 ἢ
1090 3475 1356 3542 ἐξέλιπον,
1390 3499 1407 3530 ι
1448 3479 1800 3552 προφητικῶς
1840 3481 1929 3534 λέ-

360 3563 550 3632 γεσθαι
580 3567 659 3628 είς
689 3564 945 3636 μέλλοντα
969 3565 1156 3636 χρόνον
1181 3583 1193 3595 ο
1217 3567 1325 3620 τῶν
1349 3568 1453 3640 γὰρ
1482 3571 1925 3644 προκατηριθμη-

365 3655 541 3726 μένων
567 3655 793 3709 ’ἑκαστον
824 3659 1109 3730 γενήσεται
1135 3659 1272 3713 ἐπὰν
1301 3661 1394 3714 καὶ
1422 3663 1803 3730 ἐπιτελεσθῶσι
1834 3667 1930 3720 καὶ

362 3745 832 3819 συμπληρωθῶσιν
869 3749 924 3803 αὶ
972 3753 1266 3822 προσευχαὶ
1307 3753 1466 3807 Δαυῒδ
1503 3755 1596 3808 τοῦ
1642 3757 1758 3810 υἱοῦ
1795 3758 1929 3812 Ἰεσ-

361 3835 473 3890 σαί.
507 3838 878 3910 Εὐκαιρότατα
901 3840 956 3894 δὲ
987 3841 1075 3896 διὰ
1099 3843 1188 3896 τὸν
1211 3847 1676 3918 προφητευόμενον
1699 3851 1930 3922 Χριστὸν

358 3927 453 3981 τοῦ
499 3929 632 3982 Θεοῦ
675 3931 1077 4002 ἐμνημόνευσεν
1124 3936 1222 4005 οὐχ
1268 3937 1450 4002 ἁπλῶς
1494 3957 1512 3989 ι
1543 3938 1637 3993 τοῦ
1691 3941 1873 4008 Δαυῒδ,
1906 3963 1924 3995 ι

360 4017 498 4072 ἀλλὰ
523 4020 661 4091 μετὰ
695 4022 1010 4095 προσθήκης
1039 4043 1058 4076 ι
1091 4026 1183 4079 τοῦ
1209 4026 1326 4080 υἱοῦ
1369 4029 1593 4084 Ἰεσσαί·
1635 4051 1653 4083 ι
1689 4033 1775 4087 ἴνα
1808 4051 1932 4087 συνι-

361 4116 584 4189 άψωμεν
605 4123 669 4192 τῇ
697 4121 944 4196 παρούσῃ
971 4126 1153 4196 γραφῇ
1195 4126 1292 4196 τὴν
1327 4127 1548 4182 Ἡσαΐου
1576 4132 1931 4203 προφητείαν,

359 4211 428 4266 δι’
461 4206 527 4283 ἦς
563 4213 632 4266 τὰ
663 4214 822 4285 ὃμοια
861 4217 988 4287 περὶ
1023 4217 1116 4272 τοῦ
1151 4219 1384 4290 Χριστοῦ
1415 4220 1726 4287 θεσπίζεται
1766 4227 1824 4279 ἐν
1853 4221 1934 4292 οἷς

360 4300 575 4378 εἴρηται
601 4321 613 4334 ·
649 4326 668 4359 ι
717 4307 1082 4374 Ἐξελεύσεται
1129 4311 1320 4382 ῥάϐδος
1367 4315 1431 4366 ἐκ
1473 4315 1770 4389 τῆςερίζης
1805 4319 1936 4372 Ἰεσ-

363 4397 474 4461 σαὶ,
503 4400 595 4453 καὶ
627 4400 784 4464 ἄνθος
811 4403 873 4454 ἐκ
905 4402 1002 4472 τῆς
1035 4403 1189 4474 ῥίζης
1222 4405 1547 4476 ἀναϐήσεται
1570 4426 1584 4439 ·
1613 4410 1706 4462 καὶ
1736 4411 1936 4465 ἐπανα-

361 4487 628 4543 παύσεται
669 4491 754 4544 ἐπ’
793 4492 954 4546 αὐτὸν
997 4495 1056 4546 τὸ
1089 4495 1311 4566 Πνεῦμα
1356 4498 1450 4551 τοῦ
1493 4499 1651 4563 Θεοῦ,
1687 4519 1704 4551 ι
1744 4502 1836 4554 καὶ
1866 4501 1932 4556 τὰ

2016 651 2108 697 tur
2137 644 2290 713 prius
2317 659 2483 715 quam
2503 642 2765 699 Servator
2791 649 2845 698 et
2873 640 3136 697 Dominus
3191 647 3382 694 noster
3423 638 3584 695 Jesus

2016 735 2268 791 Christus
2326 735 2566 790 humano
2619 734 2803 806 generi
2853 734 3098 788 illuceret
3132 749 3145 784 :
3182 746 3310 788 ecce
3351 745 3588 801 namque

2017 833 2258 895 tempore
2289 834 2478 884 nostro
2510 842 2736 882 eversus
2763 832 2848 882 est
2871 824 3050 880 omnis
3081 824 3387 880 diabolicus
3408 838 3585 898 error,

2020 923 2187 972 totam
2213 934 2344 974 vero
2375 926 2579 974 terram
2602 918 2832 989 replevit
2877 916 3122 972 Ecclesia
3155 914 3387 982 Christi,
3415 913 3586 970 Deum

2023 1009 2190 1065 Israel
2233 1011 2288 1064 in
2336 1017 2450 1066 toto
2502 1010 2630 1065 orbe
2661 1011 2834 1082 gloria
2861 1008 3118 1064 alliciens.
3166 1005 3232 1062 Et
3287 1007 3416 1078 quia
3473 1006 3590 1059 haec

2023 1102 2258 1174 Spiritus
2319 1115 2542 1159 sanctus
2603 1102 2920 1174 pr0phetice
2987 1099 3170 1155 futura
3239 1098 3587 1170 prmdixerat,

2023 1197 2226 1253 chorus
2278 1187 2594 1268 angelorum
2647 1195 2941 1267 respondet
2990 1208 3100 1248 una
3149 1193 3454 1265 deprecans
3490 1205 3590 1262 pro

2024 1290 2102 1346 rei
2131 1291 2625 1354 consummatione,
2659 1288 2861 1359 illaque
2897 1285 3228 1342 conﬁrmans
3264 1299 3328 1341 ac
3357 1283 3586 1340 dicens;

2029 1404 2046 1436 ι
2085 1383 2224 1448 Fiat,
2255 1381 2344 1436 ﬁat
2372 1393 2394 1448 ,’
2426 1400 2444 1434 ι
2468 1381 2582 1436 sive
2613 1379 2915 1436 secundum
2966 1379 3240 1450 Aquilam,
3275 1397 3294 1432 ι
3335 1377 3588 1444 ﬁdeliter,

2025 1474 2290 1539 ﬁdeliter;
2321 1491 2340 1524 ι
2383 1478 2477 1526 aut
2513 1471 2815 1527 secundum
2865 1468 3250 1542 Symmachum
3282 1485 3296 1521 :
3345 1485 3365 1520 ι
3395 1467 3590 1530 Amen,

2025 1581 2200 1620 amen.
2237 1584 2254 1616 ι
2288 1563 2452 1630 Queis
2480 1563 2677 1619 deinde
2715 1561 2969 1617 additur:
2998 1579 3016 1613 ι
3051 1559 3378 1615 Defecerunt
3405 1555 3592 1630 hymni

2027 1650 2194 1705 David
2222 1651 2315 1706 ﬁlii
2348 1651 2566 1708 Jessae.«
2593 1651 2702 1707 Pro
2721 1667 2830 1722 quo
2851 1650 3216 1723 Symmachus
3238 1649 3317 1704 sic
3333 1649 3598 1717 interpre-

2027 1749 2174 1796 tatur
2203 1758 2214 1792 :
2241 1760 2260 1793 ι
2279 1741 2537 1798 Perfecta;
2558 1750 2685 1796 sunt
2706 1739 2983 1796 orationes
3010 1736 3179 1793 David
3205 1736 3301 1791 ﬁlii
3329 1734 3500 1791 Jessee
3525 1751 3540 1799 ;
3570 1750 3589 1782 ι

2028 1831 2330 1888 Theodotio
2375 1841 2556 1886 autem
2617 1837 2670 1885 et
2721 1829 2916 1899 quinta
2972 1825 3183 1880 editio:
3240 1820 3598 1890 «Recognitae

1953 1909 1998 1965 Β
2026 1934 2155 1982 sunt
2178 1925 2456 1981 orationes
2487 1922 2660 1976 David
2687 1921 2784 1976 ﬁlii
2817 1919 3003 1976 Jessae.
3025 1937 3046 1970 ›
3089 1915 3194 1984 Qui
3219 1913 3472 1970 lectionis
3499 1926 3597 1965 ac-

2025 2016 2364 2072 curationem
2413 2014 2712 2085 ignorant,
2776 2010 2892 2064 haec
2955 2007 3121 2063 verba
3154 2047 3169 2072 ,
3224 2024 3243 2057 ι
3271 2003 3600 2059 Defecerunt

2025 2108 2208 2180 hymni
2237 2107 2401 2162 David
2438 2105 2531 2160 ﬁlii
2556 2103 2744 2168 Jessm,
2774 2123 2792 2155 ι
2827 2117 2926 2173 pro
2952 2108 3107 2171 parte
3134 2096 3328 2170 psalmi
3357 2111 3468 2150 non
3500 2094 3600 2148 ha-

2023 2201 2183 2267 bent;
2217 2200 2314 2256 scd
2343 2199 2501 2271 quasi
2546 2213 2661 2253 rem
2708 2202 2864 2252 extra
2915 2191 3258 2265 prophetiam
3287 2197 3342 2246 et
3372 2186 3601 2258 adjecti-

2027 2293 2155 2349 tiam
2199 2293 2406 2363 legunt.
2461 2289 2664 2346 Verum
2707 2288 2933 2357 reliquie
2986 2282 3514 2354 interpretationes,
3546 2285 3601 2332 ct

2025 2385 2144 2455 ipsa
2172 2382 2443 2438 llebraica
2485 2380 2784 2451 scriptura,
2808 2378 2959 2433 clare
3013 2378 3453 2431 commonstrant
3485 2369 3606 2423 haec

2025 2491 2242 2547 quoque
2270 2474 2441 2530 totius
2463 2472 2658 2544 psalmi
2689 2479 2897 2542 partem
2927 2483 3070 2524 esse.
3095 2466 3233 2534 Quia
3254 2464 3399 2521 enim
3430 2460 3601 2516 David

2026 2583 2122 2622 rex
2155 2567 2208 2622 in
2240 2564 2589 2620 orationibus
2614 2563 2732 2618 suis
2769 2575 2986 2631 semper
3015 2557 3326 2620 insistebat,
3361 2560 3424 2609 ut
3443 2560 3604 2610 ortus

2029 2655 2468 2725 Servatoris,qui
2497 2670 2566 2708 ex
2593 2651 2802 2709 semine
2825 2666 2926 2707 suo
2949 2647 3268 2720 proditurus
3311 2653 3450 2710 erat,
3473 2644 3604 2700 illu-

2025 2756 2302 2814 cesceret;
2335 2745 2464 2816 quia
2498 2759 2622 2800 cum
2673 2740 2743 2795 ad
2774 2739 3029 2796 eﬁ‘ectum
3085 2736 3382 2808 perductus
3430 2741 3600 2797 esset,

2028 2835 2697 2894 futurumeratutomnia
2715 2845 2836 2902 qum
2887 2830 2943 2885 in
2997 2826 3301 2900 prophetiis
3349 2824 3602 2880 feruntur

2029 2929 2423 3000 implerentur;
2460 2925 2584 2996 jure
2616 2930 2742 2994 post
2789 2921 3178 2993 praedictorum
3227 2915 3602 2986 complemen—

2029 3031 2144 3077 tum
2173 3021 2413 3084 additur,
2445 3017 2719 3089 perfectas
2750 3023 2804 3070 et
2847 3012 3148 3084 completas
3182 3007 3439 3080 superius
3475 3020 3603 3061 esse

2029 3112 2252 3169 Davidis
2300 3111 2600 3166 orationes.
2646 3106 2832 3162 Potest
2877 3104 3044 3161 etiam
3082 3101 3238 3168 illud,
3297 3119 3316 3154 ι
3346 3097 3602 3171 perfectae

2031 3214 2158 3263 sunt
2188 3212 2282 3259 aut
2306 3202 2643 3266 defecerunt,
2676 3217 2694 3251 ι
2729 3195 3049 3269 prophetice
3075 3193 3306 3265 intelligi
3328 3192 3396 3249 de
3415 3191 3601 3248 futuro

2027 3307 2270 3370 tempore
2295 3312 2307 3348 :
2333 3311 2460 3350 nam
2515 3292 2729 3365 singula
2759 3305 2880 3362 quae
2927 3287 3180 3360 superius
3209 3293 3602 3343 enumerantur

2029 3401 2156 3448 tunc
2171 3389 2445 3456 evenient,
2461 3402 2586 3443 cum
2604 3385 2877 3442 orationes
2890 3381 3111 3438 Davidis
3133 3379 3228 3437 ﬁlii
3248 3378 3416 3436 Jessze
3437 3376 3602 3449 perﬁu

2027 3484 2240 3540 cientur
2254 3491 2308 3538 et
2321 3481 2506 3551 reipsa
2526 3477 2915 3548 implebuntur.
2929 3472 3404 3546 Opportunissime
3419 3477 3603 3525 autem

2027 3585 2246 3648 propter
2260 3573 2534 3630 Christum
2556 3569 2654 3627 Dei
2669 3569 2764 3642 qui
2785 3569 2839 3624 in
2864 3567 3123 3623 vaticinio
3135 3564 3448 3630 fertur,non
3471 3561 3606 3615 «Da-

2028 3667 2200 3723 vidis»
2222 3675 2434 3722 tantum
2457 3665 2616 3731 dixit,
2644 3662 2740 3720 sed
2757 3677 2882 3718 cum
2905 3662 3009 3716 hoc
3023 3658 3416 3722 additamento,
3455 3673 3476 3706 ‹
3507 3653 3604 3709 ﬁlii

2027 3760 2265 3829 188833;)
2314 3767 2373 3815 ut
2407 3758 2536 3814 huic
2578 3756 2885 3827 scripturae,
2921 3753 3077 3808 Isaiae
3113 3749 3451 3822 prophetiam
3476 3747 3610 3804 subd

2024 3854 2319 3926 jungamus
2333 3866 2453 3923 qua;
2464 3849 2662 3926 similia
2678 3849 2746 3903 de
2759 3847 2977 3902 Christo
2993 3843 3343 3905 vaticinatur,
3360 3855 3484 3908 cum
3499 3839 3604 3894 ait:

2034 3965 2054 3998 ι
2082 3925 2400 4016 Εέῖοὰὶθιυι·
2427 3925 2580 4013 virga
2611 3939 2679 3994 de
2695 3937 2876 3994 radice
2897 3935 3084 4002 Jessae,
3115 3942 3170 3991 et
3201 3933 3301 3989 ﬁos
3327 3931 3394 3986 de
3422 3931 3608 3985 radice

2029 4037 2150 4108 ejus
2202 4034 2491 4098 ascendet,
2535 4040 2590 4088 et
2637 4029 2945 4100 requiescet
2997 4041 3162 4097 super
3191 4039 3316 4081 eum
3367 4021 3608 4092 Spiritus

2029 4127 2128 4184 Dei
2151 4128 2230 4192 ⁷⁸,
2256 4146 2275 4180 ι
2315 4132 2370 4180 et
2395 4131 2590 4180 caetera
2610 4161 2626 4186 ,
2679 4119 2880 4192 quibus
2914 4117 3210 4188 adjicitur:
3249 4133 3268 4165 ι
3299 4112 3366 4166 Ει
3386 4111 3490 4167 erit
3517 4127 3608 4164 ra-

2032 4219 2127 4275 dix
2151 4219 2341 4282 Jessae,
2388 4225 2441 4272 et
2470 4215 2564 4286 qui
2603 4219 2861 4283 exsurget
2907 4211 3179 4281 imperare
3217 4204 3492 4279 gentibus,
3548 4202 3605 4258 in

2032 4313 2152 4382 ipso
2177 4318 2368 4381 gentes
2404 4307 2707 4378 sperabunt
2736 4305 2806 4357 ⁷⁷.
2829 4322 2848 4356 ι
2889 4302 3058 4358 Vides
3093 4300 3240 4356 enim
3278 4315 3388 4370 quo
3446 4304 3608 4368 pacto

2031 4403 2121 4458 hic
2144 4418 2240 4473 per
2258 4399 2499 4456 radicem
2526 4397 2694 4453 Jessa’.
2713 4395 2926 4450 vocatio
2954 4393 3198 4464 gentium
3227 4389 3604 4448 annuntietur.

2034 4496 2108 4550 ita
2152 4503 2211 4550 ut
2258 4492 2694 4547 additamentum
2729 4488 2885 4555 illud,
2923 4506 2942 4540 ι
2977 4484 3277 4548 ﬁliiJessze,
3311 4503 3330 4536 ι
3365 4498 3476 4538 non
3493 4481 3609 4536 fru-

360 4581 508 4651 ἐξῆςο
545 4576 625 4646 οἷς
647 4583 977 4652 ἐπιλέγεται’
1012 4605 1029 4637 ι
1059 4588 1168 4640 Καὶ
1195 4587 1345 4642 ἔσται
1376 4591 1409 4660 ἡ
1437 4591 1560 4660 ῥίζα
1587 4590 1678 4644 τοῦ
1714 4592 1925 4660 Ἰεσσαὶ,

2039 4599 2151 4647 stra
2185 4589 2242 4644 in
2293 4588 2398 4642 hac
2448 4583 2732 4656 prophetia
2776 4581 2978 4652 jaceat.
3007 4579 3146 4636 Cum
3187 4584 3371 4632 autem
3398 4574 3608 4632 Christi

360 4672 454 4726 καὶ
483 4673 510 4726 ὁ
542 4675 894 4746 ἀνιστάμενος
935 4677 1122 4749 ἄρχειν
1157 4679 1346 4746 ἐθνῶν,
1383 4683 1468 4735 ἐπ’
1505 4682 1650 4754 αὐτῷ
1688 4682 1811 4755 ἔθνη
1844 4685 1930 4738 ἐλ-

358 4762 592 4820 πιοῦσιν.
629 4787 648 4818 ι
692 4768 852 4839 Ὁρᾷς
883 4769 990 4842 γὰρ
1020 4771 1166 4834 ὅπως
1205 4773 1298 4826 καὶ
1341 4773 1570 4826 ἐνταῦθα
1595 4775 1682 4827 διὰ
1719 4775 1817 4844 τῆς
1850 4776 1929 4846 ῥί-

360 4855 460 4926 ζης
501 4857 692 4910 Ἰεσσαὶ
721 4860 754 4927 ἡ
798 4860 984 4930 κλῆσις
1017 4863 1124 4915 τῶν
1163 4863 1330 4916 ἐθνῶν
1363 4865 1721 4934 ἁναφωνεῖται
1742 4882 1756 4896 °
1789 4866 1928 4920 ὥστε

361 4946 437 5018 μὴ
465 4949 636 5020 μάτην
669 4951 802 5022 μηδέ
839 4953 937 5023 τὴν
968 4954 1284 5026 προσθήκην
1313 4957 1410 5026 τὴν
1446 4976 1464 5007 ι
1503 4956 1596 5010 τοῦ
1632 4958 1748 5011 υἱοῦ
1794 4960 1925 5012 Ἰεσ-

2035 4697 2264 4755 regnum
2281 4690 2336 4736 et
2356 4679 2614 4751 ‘gentium
2652 4676 2869 4733 vocatio
2914 4673 3236 4729 annuntiata
3263 4670 3488 4734 fuerint,
3518 4668 3609 4722 hic

2033 4779 2436 4846 peropportune
2473 4769 2796 4825 terminatur
2833 4765 3074 4823 secunda
3111 4779 3240 4835 pars
3275 4761 3401 4818 libri
3446 4761 3606 4818 Psal-

2033 4879 2270 4927 morum,
2298 4876 2419 4932 quae
2444 4875 2474 4916 a
2513 4859 2936 4931 quadragesimo
2975 4859 3152 4928 primo
3171 4855 3386 4927 incipit,
3434 4862 3488 4910 et
3551 4854 3609 4908 in

2033 4963 2353 5027 praesentem
2381 4953 2650 5024 psalmum
2674 4947 2893 5008 desinit.

357 5041 451 5096 σαὶ
482 5061 500 5094 ι
540 5044 596 5096 ἐν
631 5047 696 5116 τῇ
741 5050 1071 5124 προκειμένῃ
1117 5051 1375 5121 φέρεσθαι
1412 5055 1733 5125 προφητεία.
1768 5055 1924 5108 Κατὰ
1963 5053 2152 5124 καιρὸν
2193 5052 2251 5104 δὲ
2294 5047 2561 5113 ἐνταῦθα,
2593 5047 2831 5118 Χριστοῦ
2877 5046 3152 5117 βασιλείας
3195 5046 3289 5100 καὶ
3361 5043 3610 5115 κλήσεως

357 5133 524 5188 ἐθνῶν
562 5134 1051 5209 εὐαγγελισθείσης,
1092 5141 1151 5192 τὸ
1197 5141 1444 5212 δεύτερον
1496 5144 1658 5213 μέρος
1695 5144 1795 5212 τῆς
1839 5143 2021 5212 βίϐλου
2065 5142 2173 5195 τῶν
2200 5138 2445 5211 Ψαλμῶν
2474 5137 2918 5210 περιγράφεται,
2985 5134 3286 5207 ἀρξάμενον
3337 5134 3436 5205 μὲν
3503 5136 3610 5188 ἀπὸ

359 5225 572 5298 πρώτου
618 5229 711 5280 καὶ
760 5231 1218 5300 τεσσαρακοστοῦ,
1269 5233 1576 5304 καταλῆξαν
1616 5236 1672 5288 δέ
1716 5238 1794 5298 εἰς
1837 5237 1925 5288 τὸν
1967 5233 2103 5306 μετὰ
2136 5236 2342 5304 χεῖρας.

363 5341 492 5396 ΤΩΝ
543 5343 1174 5398 ΕΠΙΓΕΓΡᾹΜΜΕΝΩΝ
1225 5346 1360 5398 ΤΟΥ
1409 5349 1580 5401 ΛΣΑΦ
1633 5349 1930 5403 ἾἈΛΜΩΝ

923 5415 990 5466 ΑΙ
1033 5416 1378 5470 ΠΕΡΙΟΧΛΙ.

1115 5506 1191 5555 A'.

425 5594 488 5646 Οἱ
507 5595 600 5647 τοῦ
629 5595 816 5666 Ἀσὴρ
837 5594 1296 5666 ἐπιγεγραμμένοι
1324 5601 1428 5654 εἰσὶ
1451 5603 1550 5672 μὲν
1582 5603 1672 5657 τὸν
1703 5603 1934 5674 ἀριθμὸν

425 5751 472 5780 ⁷⁸
496 5757 599 5806 lsa.
633 5768 709 5815 ιι,
743 5755 790 5808 1.

870 5756 912 5785 ⁷⁷
953 5755 1082 5810 ibid.
1128 5755 1214 5812 10.

426 5862 503 5933 (Ι)
555 5865 894 5933 ’Υπακούειν,
923 5867 975 5922 id
1000 5875 1080 5924 est
1112 5873 1434 5924 resuondcrc.
1466 5867 1599 5924 Vide
1629 5868 1682 5921 in
1713 5867 1925 5922 Onoma.

2025 5883 2051 5920 ο
2083 5865 2148 5921 ad
2189 5864 2365 5937 Opera
2484 5863 2790 5922 Athanasii.

2136 5345 2572 5406 ARGUMENTA
2609 5343 3036 5400 PSALMORUM
3077 5342 3194 5410 QUI
3247 5341 3497 5397 ASAPHI

2555 5412 3096 5472 INSCRIBUNTUR.

2797 5505 2838 5560 ι.

2105 5601 2302 5658 Psalmi
2326 5602 2418 5673 qui
2442 5600 2644 5671 Asaphi
2669 5598 3044 5656 inscribuntur
3069 5595 3354 5651 duodecim
3379 5609 3609 5652 numero
