4078 6934
519 332 625 390 825
1193 326 1461 383 EUSEBII
1501 323 1983 384 CESARIENSIS
2019 320 2170 380 OPP.
2209 319 2392 376 PARS
2428 318 2515 375 111.
2546 351 2617 361 -
2649 316 3062 375 EXEGETICA.
3756 301 3856 359 εει

518 457 650 508 sunt
683 447 794 520 (l),
829 461 1062 518 quorum
1108 463 1250 502 unus
1292 462 1322 501 a
1355 446 1583 517 reliquis
1617 446 1874 502 undecim
1905 447 2091 517 sejun-

2209 442 2280 504 6',
2309 438 2513 494 τούτων
2543 439 2600 494 δέ
2629 431 2710 503 εἷς
2736 437 3142 508 ἀπεσχοίνισται
3187 436 3306 505 τῆς
3369 429 3508 482 τῶν
3540 425 3855 520 ⁸προκειμέ-

515 549 662 602 ctus,
683 517 750 594 ac
772 517 900 594 ante
919 537 1429 609 quinquagesimum
1451 539 1784 594 constitutus
1805 545 1910 596 est.
1947 539 2094 604 Qua-

2209 552 2298 590 nov
2333 540 2398 588 ια’
2427 534 2738 602 συναφείας,
2768 529 3165 586 κατατέτακται
3199 527 3266 581 δὲ
3309 521 3445 596 πρὸ
3491 517 3606 572 τοῦ
3642 524 3688 571 ν’
3721 517 3855 588 ψαλ-

515 632 861 703 dragesimus
893 645 1068 684 nonus
1097 631 1278 699 itaque
1305 629 1549 699 psalmus
1574 629 1773 697 Asaphi
1800 629 2094 700 inscriptus

2209 627 2398 698 {1.0530
2428 625 2558 696 γοῦν
2610 624 2692 696 μθ⁰
2725 625 3125 696 ἐπιγέγραπται
3168 620 3284 676 τοῦ
3341 613 3608 683 Ἀσάφ·
3651 611 3758 681 τὴν
3802 611 3856 663 δί

514 727 632 777 est.
664 720 824 789 cujus
859 719 934 773 rei
965 734 1185 774 causam
1207 757 1223 780 .
1255 720 1433 789 qualis
1464 725 1580 772 tum
1613 719 2000 782 succurrebat,
2038 718 2094 773 in

2209 720 2568 776 imnsaoﬁaav
2614 721 2745 791 ἡμίν
2791 719 2969 774 αἰτίαν
3012 717 3140 780 τοὺς
3185 716 3423 774 τόπους
3469 704 3852 778 διηγούμενοι

515 813 638 880 ejus
672 810 1012 882 expositione
1051 809 1363 865 retulimus.
1413 808 1632 866 Primus
1670 819 1850 866 autem
1887 809 2090 880 Asaphi

2209 813 2609 886 παρεθήκαμεν.
2636 813 2864 881 Εἰσάγει
2892 812 2950 865 δὲ
2980 810 3008 864 ό
3045 807 3183 882 μετά
3206 809 3440 879 χεῖρας
3479 799 3736 872 πρῶτος
3782 798 3855 850 ὢν

516 903 798 973 psalmus,
848 902 915 958 de
957 917 1067 972 quo
1111 901 1225 970 jam
1261 901 1462 972 agitur,
1515 902 1835 973 prophetam
1886 901 2094 957 inducit

2209 906 2286 960 τοῦ
2320 904 2513 975 ’Δσὰφ,
2538 903 2627 958 τὸν
2654 904 2935 976 προφήτην
2962 895 3507 973 ύπερθαυμάζοντα
3533 892 3608 945 τὸ
3639 891 3855 962 μακρό-

515 992 722 1064 ingenti
756 991 1119 1046 admiratione
1151 999 1372 1061 captum
1402 992 1469 1048 de
1502 993 1918 1064 longanimitate
1946 994 2090 1064 opti-

2209 999 2364 1070 ὶυμον
2397 997 2488 1051 τοῦ
2520 995 2832 1065 παναγάθου
2865 993 3022 1057 Θεοῦ,
3063 993 3157 1047 καὶ
3191 991 3293 1062 τὴν
3335 988 3455 1040 ἐπὶ
3485 987 3622 1046 τοῖς
3657 982 3856 1036 ἀσεϐέ-

515 1087 588 1142 mi
639 1083 764 1148 Dei,
811 1083 989 1155 deque
1031 1084 1153 1151 ejus
1186 1099 1314 1154 erga
1346 1085 1543 1156 impios
1578 1085 1901 1150 tolerantia,
1937 1086 2095 1140 ium-

2209 1108 2282 1144 τιν
2309 1090 2656 1158 ἀνεξικακίαν
2684 1087 2870 1151 αὑτοῦ,
2901 1088 3000 1159 τήν
3026 1103 3085 1138 τε
3114 1081 3506 1154 ἐνδιδομένην
3543 1072 3856 1146 συγχώρη-

516 1192 625 1248 que
660 1175 728 1232 de
761 1177 922 1232 venia
958 1175 1316 1247 peccantibus
1349 1191 1633 1233 concessa.
1663 1176 1780 1242 Qua
1811 1177 1880 1233 de
1906 1193 1967 1234 re
1991 1177 2090 1232 oh-

2209 1203 2281 1240 τιν
2326 1187 2434 1250 τοῖς
2462 1182 2865 1255 ἁμαρτάνουσιν
2884 1197 2898 1211 ο
2929 1181 2996 1252 ἢν
3024 1171 3700 1249 ύπερεκπληττόμενος,
3728 1168 3855 1220 ἐαυ-

516 1278 867 1340 stupescens,
893 1284 1015 1324 sese
1049 1276 1106 1322 ut
1163 1268 1566 1337 pusillanimem
1596 1283 1661 1324 ac
1687 1285 1825 1340 pene
1853 1285 2093 1324 commo-

2209 1278 2287 1334 τοῦ
2317 1279 2614 1349 κατηγορεῖ
2640 1276 2715 1340 ὼς
2737 1271 3181 1344 όλιγοψυχοῦντος
3202 1269 3298 1324 καὶ
3330 1263 3583 1340 μικροῦ
3613 1263 3739 1316 δεῖν
3763 1277 3854 1314 σα-

515 1368 630 1416 tum
653 1401 668 1426 ,
702 1369 866 1432 atque
895 1375 1089 1415 animae
1119 1376 1310 1431 gressu
1342 1376 1594 1416 eversum
1625 1361 1909 1433 coarguit;
1947 1361 2094 1432 quod

2209 1369 2495 1434 tauOévtoq,
2519 1369 2609 1423 καὶ
2631 1369 2731 1439 τῆς
2765 1367 2940 1438 ψυχῆς
2973 1365 3072 1429 τὰς
3103 1364 3286 1434 βάσεις
3321 1356 3850 1432 περιτραπέντος,

514 1456 724 1512 videret
755 1455 1048 1526 impiorum
1082 1461 1136 1508 et
1175 1454 1460 1509 atheorum
1506 1454 1787 1510 hominum
1829 1471 1918 1512 res
1965 1471 2095 1526 pro-

2209 1464 2261 1518 St‘
2281 1463 2347 1528 ἃς
2376 1461 2521 1534 ἐώρα
2543 1461 2649 1516 τῶν
2669 1459 2877 1514 ἀσεϐῶν
2899 1459 2994 1513 καὶ
3017 1457 3190 1512 ἀθέων
3210 1453 3453 1526 ἀνδρῶν
3482 1449 3853 1519 εὐπραγίας.

514 1569 673 1624 spere
701 1553 918 1609 cedere.
957 1552 1227 1608 Czeterum
1260 1558 1553 1622 postquam
1589 1552 1644 1607 in
1674 1552 1946 1623 principio
1977 1567 2092 1606 rem

2209 1555 2340 1627 Πλὴν
2387 1554 2836 1624 ἀποδυσπετήσας
2884 1553 2941 1603 ἐν
2990 1553 3104 1613 τοῖς
3149 1547 3430 1620 πρώτοις,
3469 1540 3714 1613 προῖὼν
3751 1539 3851 1609 τὴν

514 1661 659 1718 aegre
692 1644 838 1702 ferre
871 1645 1024 1701 visus
1061 1644 1273 1708 fuerat,
1311 1645 1365 1700 in
1399 1645 1758 1716 sequentibus
1792 1645 2092 1699 infaustum

2209 1646 2574 1720 ιαταστροφὴν
2604 1645 2782 1700 αὐτῶν
2810 1642 3052 1706 θεσπίζει
3070 1641 3243 1710 λέγων
3263 1657 3277 1671 ·
3303 1635 3714 1699 Κατέϐαλες
3737 1633 3849 1684 αὑ-

513 1753 706 1794 eornm
745 1739 948 1794 exitum
1004 1737 1335 1793 vaticinatur
1384 1738 1614 1794 dicens:
1674 1737 1919 1808 Dejecisli
1967 1755 2091 1802 eos,

2209 1741 2339 1806 rei”;
2367 1742 2437 1794 ἐν
2465 1739 2544 1804 τῷ
2568 1737 2918 1807 ἐπαρθῆναι.
2951 1733 3084 1800 Πῶς
3119 1731 3416 1802 ἐγένοντο
3458 1730 3567 1794 εὶς
3611 1724 3850 1795 ἐρήμω-

514 1832 642 1886 dum
678 1831 1076 1886 extollerentur.
1133 1830 1408 1896 Quomodo
1447 1831 1578 1900 facti
1618 1842 1741 1886 sunt
1782 1834 1837 1887 in
1881 1833 2093 1888 desola-

2209 1797 2577 1899 Tl'}"é€d:fl.)"a
2595 1849 2613 1895 ;
2631 1797 2965 1895 ’έξέλιποη
2996 1797 3308 1881 ἀπώλοντο
3331 1820 3455 1876 διὰ
3485 1819 3628 1888 τὴν
3665 1817 3852 1871 ἀϐου-

517 1924 710 1979 tionem
739 1922 915 1978 subito
938 1929 962 1979 ζ)
993 1922 1334 1992 Defecerunt,
1371 1923 1640 1991 perierunt
1667 1933 1879 1994 propter
1907 1926 2096 1978 incon-

2209 1924 2338 1976 λίαν
2364 1919 2584 1985 αὐτῶν,
2619 1919 2713 1974 καλ⁸
2744 1918 2814 1972 τά
2844 1918 3053 1979 τούτοις
3081 1912 3378 1968 ἀκόλουθα.

515 2013 895 2070 siderationem
924 2031 1078 2068 suam
1110 2013 1179 2080 ⁷⁸,
1211 2023 1266 2068 et
1293 2029 1415 2084 qum
1445 2023 1773 2084 sequuntur.

1275 2128 1319 2182 ll
2945 2118 3022 2172 B'.

588 2219 877 2276 Secundus
913 2220 981 2275 de
1017 2235 1125 2291 qua
1152 2234 1336 2276 rerum
1367 2219 1685 2276 conditione
1729 2221 1782 2276 in
1815 2223 1994 2293 primo
2021 2224 2098 2280 dl-

2277 2214 2334 2267 '0
2362 2212 2608 2284 δεύτερος
2629 2210 2721 2264 ἐπὶ
2754 2209 2932 2272 ποίαις
2952 2205 3335 2279 περιστάσεσιν
3358 2201 3441 2256 τὰ
3465 2201 3538 2254 ἐν
3561 2199 3654 2269 τῷ

516 2320 666 2368 ctum
697 2313 769 2368 sit
795 2312 1023 2378 edocet,
1051 2313 1343 2382 deplorans
1367 2320 1698 2382 postremam
1726 2313 2094 2371 Romanorum

2209 2324 2274 2378 τῳ
2306 2305 2528 2359 λέλεκτο
2553 2303 2814 2366 διδάσκει,
2845 2299 3246 2371 ἀποδυρόμενος
3284 2295 3384 2367 τῆς
3431 2289 3836 2364 Ἰερουσαλὴμ

516 2415 762 2476 tempore
799 2405 1153 2478 Jerosolymae
1191 2407 1532 2462 obsidionem
1559 2446 1575 2471 ,
1615 2405 2098 2480 obsidentiumqne

2209 2399 2294 2471 τὴν
2326 2398 2560 2469 ἐσχάτην
2592 2393 2927 2466 πολιορκίαν,
2962 2393 3028 2464 ἢν
3057 2389 3324 2444 πέπονθεν
3364 2387 3477 2442 ἐπὶ
3516 2385 3648 2438 τῶν
3695 2383 3835 2485 Ῥω-

518 2507 704 2555 motus
735 2507 790 2554 et
815 2508 966 2570 gesta
997 2499 1242 2555 declarat
1268 2499 1354 2554 his
1385 2500 1567 2556 verbis
1594 2521 1608 2556 :
1649 2500 1844 2573 thuid
1870 2543 1885 2567 ,
1923 2478 2094 2567 Deus,

2209 2489 2412 2560 μα’ίκῶν
2442 2487 2672 2560 χρόνων,
2705 2484 2983 2556 σημαίνων
3028 2499 3089 2535 τε
3135 2481 3234 2550 τὴν
3276 2478 3693 2533 ἐπανάστασιν
3717 2478 3831 2526 τῶν

518 2592 764 2661 repulisti
797 2593 852 2645 in
887 2593 1081 2662 ﬁnem,
1117 2593 1292 2646 iratus
1323 2604 1400 2647 est
1441 2594 1594 2664 furor
1630 2604 1752 2648 tuus
1794 2611 1950 2664 super
1982 2612 2096 2650 oves

2209 2582 2288 2634 τὸν
2335 2580 2497 2632 τόπον
2542 2576 3045 2649 πολιορκησάντων·
3077 2575 3106 2626 ὃ
3129 2575 3192 2644 δὴ
3229 2573 3555 2645 παρίστησι
3595 2568 3822 2637 φήσας·

518 2658 733 2752 pascua:
766 2658 1140 2753 tuwiquibus
1173 2682 1363 2750 adjicit
1398 2701 1410 2737 :
1441 2658 1625 2749 ’ρηαεί
1665 2683 1718 2736 in
1758 2658 1893 2736 silva
1933 2683 2100 2752 ligno-

2209 2675 2331 2727 Ἶνα
2345 2672 2422 2735 τί,
2453 2673 2484 2725 ό
2511 2668 2674 2734 Θεὸς,
2692 2667 2909 2722 ἀπώσω
2934 2670 3021 2732 εις
3036 2666 3228 2731 τέλος,
3253 2665 3537 2734 ὠργίσθη
3566 2663 3605 2715 ό
3630 2658 3829 2753 θεψίς

2200 2781 2316 2820 σου
2357 2764 2456 2818 ἐπὶ
2495 2764 2758 2832 πρόϐατα
2800 2759 2990 2831 νομῆς
3037 2775 3184 2821 σου;
3217 2753 3313 2822 Οἷς
3346 2756 3486 2826 ἐξῆς
3519 2751 3819 2819 ἐπιλέγει·

2211 2857 2306 2923 Ὡς
2325 2859 2396 2910 ἐν
2415 2854 2615 2926 δρυμῷ
2643 2855 2844 2920 ξύλων
2867 2852 3102 2918 ἀξίναις
3129 2850 3435 2918 ἐξέκοψαν
3467 2847 3595 2912 τὰς
3632 2845 3827 2912 θύρας

2201 2950 2391 3019 αὐτῆς
2415 2949 2513 3002 ἐπὶ
2541 2947 2608 3002 τὸ
2635 2946 2801 3010 αὐτὸ,
2827 2945 2896 2998 ὲν
2925 2945 3141 2998 πέλυκι
3167 2942 3264 2997 καὶ
3291 2938 3696 3007 λαξευτηρίῳ
3716 2951 3822 2989 κα-

2201 3041 2493 3112 τέρῤαξαν
2513 3039 2722 3108 αὐτήν.
2743 3038 3132 3105 Ἐνεπύρισαν
3147 3035 3216 3088 ἐν
3239 3033 3380 3104 πυρὶ
3413 3032 3489 3086 τὸ
3515 3026 3819 3101 ἁγιαστήο

2198 3135 2334 3204 ριόν
2363 3147 2480 3188 σου
2499 3150 2512 3164 ο
2541 3126 2622 3195 οἷς
2647 3127 2801 3193 αὖθις
2836 3128 3110 3196 ἐπιλέγει·
3139 3126 3212 3180 Τὰ
3231 3123 3453 3195 σημεῖα
3481 3121 3675 3192 ἡμῶν
3703 3121 3815 3173 οὐκ

2201 3227 2459 3296 εἴδομενο
2492 3226 2602 3279 οὐκ
2645 3223 2818 3276 ἐστιν
2862 3221 2950 3274 ἔτι
3004 3218 3333 3289 προφήτης,
3365 3217 3466 3271 καὶ
3517 3211 3694 3283 ἡμᾶς
3744 3210 3816 3264 οὐ

519 2793 640 2830 rum
679 2774 949 2831 securibus
989 2774 1298 2830 exciderunt
1329 2776 1532 2846 januas
1572 2775 1688 2844 eius
1730 2776 1782 2830 in
1832 2776 2097 2846 idipsum,

518 2870 576 2926 in
605 2867 778 2923 securi
804 2877 853 2923 et
885 2870 1033 2924 ascia
1062 2866 1366 2938 dejeccruut
1403 2883 1542 2922 eam.
1589 2866 1946 2922 lncenderunt
1983 2869 2102 2939 igne

519 2963 886 3018 sanemarium
919 2972 1109 3027 tuum;
1135 2962 1339 3033 quibus
1365 2961 1559 3016 iterum
1589 2960 1900 3032 subiungit:
1934 2961 2102 3030 Signa

520 3063 707 3107 nostra
739 3069 841 3108 non
873 3052 1132 3118 vidimus,
1163 3052 1281 3122 jam
1317 3067 1422 3104 non
1463 3060 1544 3105 est
1581 3048 1872 3119 propheta,
1915 3057 1965 3103 et
2004 3063 2099 3102 nos

521 3162 626 3202 non
656 3154 929 3215 cognoscet
960 3144 1190 3216 amplius
1218 3147 1284 3199 "°.
1318 3144 1454 3199 Nam
1485 3143 1630 3215 quod
1657 3141 1822 3207 dicit,
1857 3150 2101 3212 tempore

519 3237 831 3294 obsidionis
864 3238 1027 3294 istius
1057 3238 1354 3309 prophetas
1390 3254 1500 3293 non
1529 3237 1845 3304 exstitisse;
1879 3233 1934 3290 id
1970 3249 2102 3291 sane

521 3329 787 3403 postremi
818 3345 1009 3386 eorum
1041 3308 1240 3386 excidii
1273 3339 1655 3401 argumentum
1687 3337 1790 3384 est.
1822 3327 1948 3383 llaec
1973 3341 2104 3382 vero

2209 3317 2492 3388 γνώσεται
2519 3316 2604 3370 ἔτι
2624 3332 2638 3346 ·
2665 3313 2742 3385 τῷ
2766 3312 2874 3384 γὰρ
2903 3313 3130 3382 φάσκειν
3164 3308 3362 3382 μηκέτι
3387 3308 3699 3382 προφήτας
3719 3319 3812 3403 γε·

520 3427 889 3491 congruenter
924 3427 1048 3491 post
1078 3420 1465 3487 pradictioncs
1495 3423 1563 3477 de
1591 3419 1814 3476 Christo
1845 3417 2103 3490 superius

520 3510 840 3568 cnuntiatas
864 3512 1042 3582 posita
1069 3521 1217 3568 sunt.
1249 3512 1387 3580 Quia
1413 3512 1558 3569 enim
1591 3512 1769 3582 ipsum
1794 3512 2101 3567 venientem

523 3614 636 3660 non
670 3612 1038 3672 acceperunt,
1076 3602 1395 3658 necessario
1433 3616 1589 3666 eam,
1631 3618 1753 3672 qua:
1789 3609 1914 3671 post
1950 3608 2103 3655 tanta

521 3690 582 3747 in
613 3691 894 3750 Christum
931 3691 1179 3750 facinora
1209 3695 1359 3766 ipsos
1394 3695 1634 3760 invasit,
1672 3695 1934 3749 ultionem
1964 3692 2103 3748 vati-

523 3782 762 3840 cinstur.

1268 4069 1355 4125 111.

598 4157 818 4217 Tertius
855 4163 1062 4234 Asaphi
1103 4164 1348 4235 psalmus
1387 4167 1440 4220 in
1483 4165 1645 4221 linem
1700 4167 1931 4222 remittit
1979 4183 2102 4223 eum

527 4249 620 4320 qui
653 4251 837 4321 priora
870 4254 1064 4325 legerit
1091 4295 1106 4321 ,
1137 4255 1500 4328 hortaturque
1528 4274 1591 4312 ne
1619 4258 1892 4328 disperdat
1922 4259 1992 4313 ".
2024 4259 2106 4314 Ad

2203 3407 2420 3478 γονέναι
2453 3406 2595 3462 κατὰ
2622 3407 2722 3477 τὴν
2752 3403 3085 3476 δηλουμένην
3113 3401 3422 3472 πολιορκίαν
3467 3400 3716 3470 σημεῖον
3744 3388 3812 3464 ἦν

2203 3501 2303 3572 τῆς
2332 3499 2569 3570 ὑστάτης
2617 3496 2794 3551 αὐτῶν
2843 3495 3471 3558 ἀποπτώσεως.Ἔπεται
3521 3490 3585 3545 δὲ
3633 3487 3808 3542 ταῦτα

2207 3592 2414 3664 σφόδρα
2440 3587 2747 3652 ἀκολούθως
2776 3590 2899 3652 ταῖς
2929 3585 3017 3640 διά
3053 3585 3163 3638 τῶν
3194 3581 3508 3655 ἔμπροσθεν
3544 3579 3686 3652 περὶ
3712 3573 3806 3630 τοῦ

2205 3681 2442 3757 Χριστοῦ
2474 3679 2779 3752 λεχθείσαις
2810 3679 3199 3750 προρρήσεσιν.
3219 3673 3434 3744 Ἐπειδὴ
3469 3672 3589 3744 γάρ
3621 3666 3804 3723 ἐλθόν·

2204 3793 2272 3829 τα
2293 3775 2458 3828 αύτδν
2486 3773 2560 3846 μὴ
2584 3772 2964 3845 παρεδέξαντο,
2989 3768 3300 3839 ἀναγκαίως
3326 3769 3425 3840 τὴν
3455 3761 3806 3819 ἐπελθοῦσαν

2205 3869 2390 3929 αὐτοῖς
2417 3866 2587 3937 όργὴν
2623 3865 2762 3937 μετά
2803 3864 2870 3918 τὰ
2901 3862 3022 3918 κατ’
3047 3861 3212 3917 αὐτοῦ
3241 3858 3588 3931 τολμηθέντα
3619 3853 3801 3916 αύτοῐς

2207 3956 2474 4021 θεσπίζει.

2956 4067 3029 4120 Γ’.

2289 4162 2346 4215 '0
2375 4161 2558 4234 τρίτος
2583 4159 2674 4214 τοῦ
2716 4158 2888 4229 Ἀσάφ
2918 4160 2998 4222 είς
3025 4158 3085 4212 τὸ
3105 4157 3256 4220 τέλος
3287 4155 3658 4228 παραπέμπει
3710 4149 3798 4205 τὸν

2207 4256 2319 4317 τοῖς
2351 4253 2637 4325 προτέροις
2667 4251 3082 4323 ἐντετυχηκότα,
3116 4249 3210 4302 καὶ
3248 4250 3506 4319 παραινεῖ
3543 4245 3632 4316 μὴ
3669 4243 3792 4296 δια-

526 4339 646 4396 ltazc
671 4349 851 4398 autem
879 4345 1071 4401 titulus
1098 4347 1366 4418 psalmum
1397 4359 1443 4402 et
1469 4348 1746 4403 canticum
1776 4348 1954 4418 ipsum
1983 4364 2105 4404 esse

2209 4344 2460 4414 φοεᾷναι.
2479 4343 2802 4417 Ἐπιγράφει
2829 4361 2886 4396 τε
2918 4341 3056 4415 πρὸς
3079 4340 3307 4404 τούτοις,
3344 4341 3425 4394 ὅτι
3459 4339 3554 4393 καὶ
3582 4333 3796 4409 ψαλμὸς

527 4430 802 4498 declarat,
837 4436 966 4505 quia
999 4411 1189 4493 eorum
1223 4439 1316 4509 qui
1352 4438 1407 4492 in
1437 4439 1720 4496 Christum
1752 4411 2105 4496 crediderunt

2211 4411 2296 4509 εἴη
2339 4411 2441 4491 καὶ
2486 4411 2852 4508 ᾡδήλτέπειδὴ
2906 4411 3148 4507 περιέχει
3193 4431 3542 4506 εὐχαριστίαν
3572 4430 3686 4485 τῶν
3717 4427 3794 4488 εἰς

529 4525 833 4594 gratiarum
885 4531 1158 4586 actionem
1211 4531 1619 4603 complectitur.
1671 4531 1928 4588 Divinum
1976 4533 2106 4588 item

524 4613 790 4688 judicium
817 4628 1117 4687 memorat,
1145 4630 1438 4692 narratque
1465 4622 1737 4694 quomodo
1760 4623 2109 4679 constituerit

529 4705 673 4762 diem
697 4707 890 4778 judicii
911 4751 926 4776 ,
951 4727 1061 4782 quo
1082 4711 1272 4770 reddet
1295 4714 1594 4786 unicuique
1617 4714 1919 4772 secundum
1943 4731 2107 4786 opera

529 4799 690 4868 ejus,
730 4801 806 4856 ita
849 4810 908 4858 ut
957 4803 1052 4876 qui
1099 4804 1154 4861 in
1200 4809 1455 4878 przesenti
1488 4808 1598 4862 vita
1629 4809 1892 4864 aerumnis
1925 4808 2107 4863 atllicti

530 4889 779 4958 fuerint,
809 4893 992 4950 futura
1030 4895 1084 4950 in
1125 4895 1238 4953 Deo
1268 4901 1508 4970 reposita
1541 4915 1638 4970 spe
1667 4917 1777 4955 non
1807 4899 2065 4957 excidant
2090 4917 2104 4967 ;

533 4983 630 5054 qui
663 5000 797 5040 vero
838 4986 941 5041 hoc
972 4994 1218 5058 tempore
1247 4989 1377 5046 elati
1421 5000 1614 5046 contra
1643 4990 1922 5048 Christum
1953 5007 2109 5048 arroo

533 5085 726 5148 ganter
755 5079 1003 5148 egerint,
1036 5079 1296 5136 ultionem
1340 5080 1397 5136 in
1430 5081 1616 5136 futura
1646 5083 1757 5136 vita
1789 5098 1902 5137 non
1939 5081 2111 5138 decli-

531 5177 683 5228 nent.
729 5169 1074 5242 Quapmpter
1112 5188 1180 5228 ex
1223 5189 1456 5244 persona
1501 5175 1912 5246 apostolorum,
1943 5173 2110 5230 disci-

533 5263 788 5336 pulorum
819 5270 874 5318 et
913 5266 1374 5336 evangelistarum
1422 5267 1728 5323 Salvatoris
1770 5268 1950 5324 nostri
1993 5268 2109 5322 haec

533 5356 854 5428 pronuntiat
883 5374 898 5411 :
930 5355 1312 5429 Conﬁtebimur
1341 5361 1470 5424 tibi,
1495 5360 1658 5426 Deus,
1683 5369 1733 5416 et
1755 5361 2111 5416 invocabimus

532 5467 720 5508 nomen
749 5461 917 5506 tuum.
947 5451 1021 5531 De
1045 5452 1112 5507 iis
1137 5468 1269 5507 vero
1293 5453 1386 5524 qui
1413 5453 1467 5507 in
1493 5451 1833 5510 Salvatorem
1861 5461 2112 5510 nostrum

2211 4529 2304 4583 τὸν
2351 4529 2585 4600 Χριστὸν
2616 4526 3076 4583 πεπιστευκότων.
3110 4524 3221 4579 Καὶ
3265 4523 3361 4596 τὴν
3408 4522 3499 4576 τοῦ
3539 4520 3680 4576 Θεοῦ
3722 4516 3795 4570 δι-

2214 4623 2558 4695 καιοκρισίαν
2587 4622 2882 4695 παρίστησι
2909 4621 3173 4675 διδάσκων
3215 4620 3365 4684 ὅπως
3410 4619 3642 4691 ἔστησεν
3670 4612 3792 4687 ἠμέο

2218 4735 2318 4788 ραν
2351 4717 2605 4789 κρίσεως,
2639 4708 2756 4791 ἐνῇ
2786 4713 3053 4769 ἀποδώσει
3095 4712 3309 4784 ἑκάστῳ
3356 4712 3499 4766 κατά
3545 4711 3617 4767 τά
3659 4709 3792 4779 ἔργα

2215 4808 2402 4867 αὐτοῦ.
2431 4810 2541 4864 Καὶ
2569 4808 2694 4863 οὕτε
2726 4809 2775 4862 oi
2805 4806 2946 4862 κατά
2979 4807 3072 4860 τὸν
3099 4807 3340 4878 παρόντα
3373 4805 3487 4876 βίον
3513 4800 3790 4872 κακούμε-

2215 4920 2294 4957 νοι
2319 4905 2418 4974 τῆς
2452 4902 2602 4974 παρά
2628 4900 2704 4973 τῷ
2737 4898 2856 4971 Θεῷ
2887 4898 3188 4971 μελλούσης
3217 4898 3429 4962 ἐλπίδος
3457 4891 3790 4951 ἀποπεσοῦν-

2214 5012 2326 5060 ται,
2346 4994 2458 5049 οὗθ’
2476 4997 2523 5048 οί
2554 4993 2693 5048 κατά
2722 4992 2812 5046 τὺν
2832 4991 3102 5045 ἐνεστῶτα
3133 4989 3322 5062 καιρὸν
3348 4986 3675 5060 ἐπαρθέντες
3699 4979 3788 5036 καὶ

2218 5086 2810 5157 καταλαζονευσάμενοι
2850 5082 2945 5138 τοῦ
2975 5082 3212 5156 Χριστοῦ
3242 5079 3585 5153 ἀτιμώρητον
3611 5076 3783 5143 ἕξουσι

2215 5181 2303 5234 τὸν
2344 5179 2479 5250 μετά
2513 5178 2686 5232 ταῦτα
2716 5178 2848 5250 βίον.
2876 5178 2967 5232 Διὸ
3011 5178 3075 5232 ἐκ
3116 5174 3405 5250 προσώπου
3439 5174 3537 5244 μὲν
3558 5172 3666 5226 τῶν
3696 5162 3784 5221 τοῦ

2217 5270 2468 5340 Σωτῆρος
2491 5272 2523 5339 ή
2533 5267 2649 5340 μῶν
2677 5268 2990 5322 ἀποστόλων
3016 5267 3110 5322 καὶ
3154 5265 3411 5340 μαθητῶν
3441 5265 3534 5318 καὶ
3563 5263 3782 5328 εὐαγγεο

2217 5361 2414 5414 λιστῶν
2458 5362 2732 5429 ἀναφωνεί
2786 5361 2876 5414 τό·
2921 5356 3508 5432 Ἐξομολογησόμεθά
3568 5370 3706 5416 σοι,
3751 5347 3782 5399 δ

2223 5453 2386 5519 Θεὸς,
2412 5452 2509 5507 καὶ
2551 5453 3028 5526 ὲπικαλεσόμεθα
3055 5453 3123 5509 τὸ
3161 5451 3347 5523 ὄνομά
3369 5467 3485 5507 σου
3504 5466 3519 5481 ·
3575 5445 3699 5521 περὶ
3727 5434 3781 5493 ἃ

602 5610 650 5642 ⁷³
693 5608 841 5666 Psal.
865 5624 1035 5675 ωιτη,
1077 5609 1280 5676 18,19.
1355 5609 1400 5640 "'
1429 5608 1575 5668 Psal.
1603 5626 1796 5677 Lxxnt,
1824 5611 1933 5668 1-9.
2015 5611 2059 5643 ¹⁰
2089 5607 2105 5665 1

2209 5611 2236 5663 l.
2255 5623 2438 5678 uxw,
2459 5609 2508 5664 1.

609 5791 684 5862 (ι)
723 5789 851 5845 \‘itlc
881 5805 1044 5862 Supra
1085 5790 1150 5846 ad
1189 5791 1323 5860 psal.
1357 5805 1478 5845 XLI!
1519 5789 1688 5844 initio.
