4078 6934
281 288 392 346 825

1412 291 1920 350 COMMENTARIA
1958 290 2028 347 IN
2055 292 2396 351 PSALMOS.

3440 295 3548 354 826

280 408 396 463 τῶν
417 409 487 464 τὰ
516 409 657 466 κατὰ
681 410 773 465 τοῦ
799 412 1225 487 Σωτῆρος-ἡμῶν
1247 416 1638 489 τολμησάντων
1663 421 1870 488 προῖων

1977 416 2103 471 talia
2134 431 2257 472 ausr
2290 423 2419 473 sunt
2451 415 2556 474 sub
2592 415 2708 472 haec
2737 411 2928 488 adjicit
2960 435 2974 474 :
3005 416 3136 472 Dixi
3165 416 3360 488 iniquis
3383 431 3405 472 :
3437 415 3554 471 No-

281 502 479 572 ὲπάγει
510 504 590 557 τό·
627 500 784 559 Εἷπα
813 505 938 572 τοῖς
973 509 1392 579 παρανομοῦσι
1413 524 1426 538 ’
1471 508 1569 577 Μὴ
1619 524 1872 579 παρανο-

273 595 464 665 μεῐτε,
495 595 592 649 καὶ
640 595 766 662 τοῖς
805 597 1244 668 ἁμαρτάνουσι·
1273 600 1370 670 Μὴ
1405 603 1636 670 ὑψοῦτε
1669 602 1867 672 κέρας.

279 688 381 756 Μὴ
413 688 685 758 ὲπαίρετε
715 692 803 755 εἰς
823 691 981 760 ὕψος
1000 693 1065 746 τὸ
1086 691 1266 762 κέρας
1296 692 1481 763 ὑμῶν,
1502 693 1589 764 μὴ
1629 695 1872 750 λαλεῖτε

279 781 437 835 κατὰ
468 781 576 836 τοῦ
611 782 760 838 Θεοῦ
809 783 1065 839 ἀδικίαν.
1105 783 1220 842 Εἶθ’
1255 786 1383 852 ἑξῆς
1411 786 1472 853 ἐξ
1502 788 1669 842 αὐτοῦ
1703 804 1872 858 προσ-

277 870 434 926 ώπου
474 871 566 924 τοῦ
596 873 832 945 Χριστοῦ
865 876 1114 949 ἐπιφέρει
1147 875 1238 930 τό·
1284 876 1426 948 Ἐγὼ
1459 875 1528 930 δὲ
1554 876 1872 948 ἀπαγγελῶ

278 961 373 1027 είς
412 961 518 1016 τὸν
555 960 762 1028 αἰῶνα,
800 964 981 1034 ψαλῶ
1013 965 1094 1032 τῷ
1121 965 1242 1032 Θεῷ
1278 967 1495 1026 Ἰακώϐ.
1521 968 1634 1022 Καὶ
1673 968 1872 1022 πάντα

278 1049 358 1107 τὰ
385 1052 604 1124 κέρατα
627 1051 748 1108 τῶν
765 1055 1130 1126 ἁμαρτωλῶν
1146 1056 1498 1122 συνθλάσω,
1522 1058 1619 1112 καί
1638 1059 1871 1131 ὑψωθή-

277 1160 453 1203 σεται
488 1147 559 1204 τὰ
595 1147 811 1204 κέοατα
846 1149 952 1205 τοῦ
978 1149 1234 1206 δικαίου.

1043 1267 1120 1321 Δ’.

352 1353 465 1409 Καὶ
495 1355 524 1408 ὁ
552 1353 742 1428 παρὼν
757 1354 970 1428 ψαλμδς
1000 1356 1250 1412 λέλεκται
1266 1358 1368 1413 Ἑν
1396 1358 1642 1430 ὕμνοις·
1672 1361 1733 1414 οὐ
1767 1359 1866 1431 μό-

277 1463 372 1502 νον
398 1445 536 1500 ἀλλὰ
581 1449 675 1502 καὶ
715 1448 828 1521 ᾠδὴ
867 1452 1124 1521 τυγχάνει
1151 1451 1555 1523 ἀναπέμπουσα
1584 1455 1663 1518 είς
1691 1455 1752 1508 τὸ
1778 1454 1869 1508 τέ-

279 1537 394 1604 λος.
428 1541 732 1611 Διαγράφει
777 1541 834 1595 δὲ
867 1541 976 1596 τῶν
1010 1543 1112 1614 μὲν
1147 1543 1461 1598 ἀποστόλων
1492 1545 1588 1600 τοῦ
1618 1546 1872 1618 Σωτῆρος

279 1634 378 1687 καὶ
413 1637 510 1706 τῆς
551 1634 873 1706 Ἐκκλησίας
901 1634 1064 1690 αὐτοῦ
1097 1635 1194 1708 τὴν
1235 1637 1553 1706 ἀσφάλειαν,
1599 1637 1765 1693 αὐτοῦ
1813 1639 1871 1694 δὲ

277 1725 382 1798 τὴν
407 1727 464 1781 ἐν
488 1727 680 1799 είρήνῃ
713 1727 877 1799 μονὴν
901 1729 995 1782 καὶ
1019 1729 1228 1794 στάσιν,
1247 1732 1341 1784 καὶ
1369 1732 1467 1802 τὴν
1490 1731 1582 1784 ἐπὶ
1609 1734 1708 1802 τῆς
1737 1732 1872 1784 Ἰου-

279 1794 440 1882 δαίας
472 1794 777 1891 παρουσίαν
799 1836 811 1850 ’
836 1794 943 1874 ῑκαὶ
963 1821 1039 1884 ὼς
1060 1823 1094 1893 ἡ
1124 1821 1350 1894 ἀληθινὴ
1371 1794 1536 1876 αυτοῦ
1568 1794 1746 1887 πὸὶίιής,
1774 1823 1868 1876 καὶ
1902 1794 1943 1849 Β

278 1910 343 1964 τὸ
375 1909 513 1964 Σιὼν
545 1911 670 1984 ὄρος
690 1911 751 1966 τὺ
785 1912 1036 1984 ἀληθινὸν
1078 1913 1243 1968 αὐτοῦ
1283 1915 1594 1988 οἰκητήριον
1639 1915 1868 1970 πάντοτε

281 2005 643 2078 ιίρηνεύεται,
691 2005 813 2060 οὐδὲ
851 2005 1074 2061 πώποτε
1106 2006 1320 2080 ἐχθροῖς
1350 2007 1663 2084 ὑποχείριον
1689 2009 1872 2079 γιγνό-

283 2100 544 2171 μενον.’¹υ
576 2097 640 2168 δὴ
669 2098 923 2168 σημαίνει
947 2097 1151 2166 λέγων·
1200 2098 1487 2166 Γνωστὸς
1520 2099 1592 2152 ἐν
1619 2097 1694 2168 τῇ
1727 2101 1868 2153 Ἰου-

277 2191 422 2260 δαίᾳ
451 2194 484 2246 ό
519 2193 684 2258 Θεὸς,
708 2192 780 2246 ἐν
801 2189 882 2256 τῷ
919 2189 1162 2260 Ἰσραὴλ
1179 2189 1334 2262 μέγα
1355 2190 1420 2244 τὸ
1444 2190 1633 2260 ὄνομα
1659 2190 1867 2246 αὑτοῦ.

293 2283 575 2353 Ἐγενήθη
600 2283 808 2353 εἰρήνη
836 2286 868 2338 ὀ
890 2283 1074 2348 τόπος
1095 2282 1284 2337 αὑτοῦ
1307 2282 1492 2337 καὶτὸ
1522 2280 1876 2352 κατοικητή-

276 2390 414 2442 ριον
433 2373 621 2428 αὑτοῦ
648 2373 719 2427 ἐν
739 2371 914 2426 Σιών.
939 2367 1053 2426 Εἴθ’
1074 2370 1202 2442 ἑξῆς
1227 2371 1336 2426 τῶν
1357 2371 1567 2444 ἐχθρῶν
1590 2371 1756 2426 αὐτοῦ
1777 2374 1872 2428 καὶ

278 2465 390 2519 τῶν
416 2465 516 2536 τῆς
546 2463 872 2536 Ἑκκλησίας
891 2463 1057 2518 αὑτοῦ
1087 2464 1362 2536 πολεμίων
1383 2465 1483 2537 τὴν
1504 2464 1714 2520 πτῶσιν
1742 2481 1874 2537 παρ-

284 2560 497 2631 ίστησιν
544 2552 645 2613 ὧδε
695 2559 948 2628 φάσκωνσ
998 2558 1162 2612 Ἐκεῖ
1191 2557 1520 2628 συνέτριψε
1563 2557 1636 2612 τὰ
1685 2557 1870 2628 κράτη

281 2649 402 2705 τῶν
447 2651 657 2718 τόξων,
691 2651 886 2705 ὅπλον
935 2650 1032 2706 καὶ
1059 2651 1369 2720 ῥομφαίαν
1420 2651 1519 2704 καὶ
1568 2651 1870 2720 πόλεμον*

281 2744 380 2799 καὶ
411 2743 601 2798 πάλιν⁸
653 2743 1104 2813 Ἑταράχθησαν
1128 2743 1353 2808 πάντες
1375 2747 1430 2797 ol
1474 2744 1758 2798 ἀσύνετοι
1796 2741 1872 2812 τῇ

282 2835 516 2906 καρδίᾳ.
553 2835 874 2888 ’Ὺπνωσαν
919 2835 1120 2889 ὕπνον
1149 2833 1367 2900 αὐτῶν,
1405 2836 1504 2888 καὶ
1544 2837 1658 2904 οὐχ
1693 2833 1875 2907 εὗρον

283 2927 467 2984 οὐδὲν
498 2927 720 2994 πάντες
745 2931 798 2982 ol
826 2927 1042 2998 ἄνδρες
1065 2929 1171 2983 τοῦ
1199 2929 1469 2983 πλούτου
1513 2929 1642 2996 ταῖς
1663 2932 1876 3000 χερσὶν

280 3020 500 3079 αὐτῶν.
519 3020 651 3075 Ἀπὸ
677 3017 1070 3090 ἐπιτιμήσεως
1090 3035 1227 3083 σου,
1254 3023 1286 3074 ό
1317 3019 1461 3085 Θεὸς
1497 3020 1714 3102 Ἰακώϐ,
1741 3024 1875 3078 ἐνύ-

1973 507 2070 561 lite
2097 509 2276 578 inique
2301 525 2494 580 agere;
2521 516 2569 562 et
2601 508 3024 580 delinquentibus
3051 526 3070 564 :
3099 507 3286 564 Nolite
3311 508 3555 564 exaltare

1972 614 2156 652 cornu.
2192 597 2375 654 Nolite
2400 599 2654 654 extollere
2683 603 2736 654 in
2768 600 2940 655 altum
2967 617 3132 655 cornu
3161 609 3392 655 uestrum
3413 639 3428 664 ,
3458 617 3555 654 no-

1971 689 2065 744 lite
2099 689 2246 760 loqui
2289 690 2543 746 adversus
2585 691 2754 746 Deum
2797 692 3153 762 iniquitatem.
3184 691 3390 747 Deinde
3423 706 3556 747 vero

1969 797 2047 838 ex
2070 797 2305 852 persona
2335 783 2509 854 ipsius
2540 781 2747 839 Christi
2779 784 2968 840 addit:
3002 783 3116 854 Ego
3146 794 3322 839 autem
3353 799 3556 838 annun-

1972 872 2117 926 tiabo
2163 873 2216 928 in
2259 873 2554 939 saculum,
2605 875 2833 928 cantabo
2876 875 2986 930 Deo
3025 875 3214 930 Jacob.
3263 874 3335 930 Et
3372 877 3554 932 omnia

1970 980 2172 1018 cornua
2227 977 2566 1034 peccatorum
2622 967 3005 1039 confringam,
3063 977 3114 1024 et
3168 967 3553 1024 eIaltabuutur

1969 1074 2173 1112 cornua
2191 1059 2354 1128 justi.

2715 1278 2807 1334 IV.

2039 1369 2291 1426 Praesens
2329 1385 2550 1442 quoque
2586 1370 2834 1442 psalmus
2864 1370 2929 1425 In
2981 1371 3196 1442 hymnis
3233 1375 3277 1406 “
3311 1373 3552 1443 dicitur;

1972 1463 2106 1535 quin
2147 1463 2312 1518 etiam
2352 1463 2632 1518 canticum
2669 1471 2750 1518 est
2787 1463 2853 1518 ad
2895 1463 3058 1520 linem
3099 1465 3411 1524 remittens.
3451 1467 3555 1542 Do-

1972 1555 2165 1612 scribit
2211 1571 2340 1611 vero
2388 1556 2767 1626 apostolorum
2829 1555 3139 1614 Servatoris
3189 1570 3241 1614 et
3293 1559 3555 1618 Ecclesia:

1970 1651 2148 1722 ipsius
2189 1649 2584 1718 securitatem;
2629 1649 2806 1721 ipsius
2844 1667 2976 1705 vero
3015 1651 3222 1708 Christi
3267 1642 3553 1725 paciﬁcum

1973 1741 2311 1796 mansionem
2347 1748 2403 1795 et
2437 1751 2640 1797 statum
2667 1781 2683 1807 ,
2716 1742 2946 1813 ejusque
2982 1744 3035 1798 in
3070 1741 3313 1800 Judatam
3349 1741 3556 1802 advexi-

1973 1835 2112 1889 tttm.
2170 1830 2478 1904 Narratque
2533 1848 2720 1889 veram
2768 1835 2890 1903 ejus
2949 1835 3264 1902 civitatem,
3316 1845 3369 1894 et
3423 1837 3556 1894 Sion

1971 1933 2212 1980 montem
2235 1965 2250 1990 ,
2286 1925 2409 1993 eius
2439 1941 2630 1980 verum
2666 1925 3006 1982 domicilium
3032 1969 3047 1991 ,
3087 1927 3141 1983 in
3173 1944 3308 1999 pace
3339 1947 3557 2002 semper

1971 2016 2212 2082 versari,
2253 2031 2432 2088 neque
2471 2031 2713 2088 unquam
2745 2017 2798 2071 in
2832 2017 3075 2072 hostium
3115 2019 3380 2076 ditionem
3422 2038 3558 2076 ven-

1971 2115 2157 2162 turum
2186 2123 2332 2164 esse.
2377 2107 2536 2177 Quod
2575 2124 2711 2165 sane
2746 2108 2832 2164 his
2866 2111 3048 2166 verbis
3083 2111 3392 2184 signiﬁcat:
3436 2111 3558 2169 No.-

1973 2210 2058 2256 tus
2095 2203 2150 2258 in
2177 2201 2374 2259 Juda'a
2407 2202 2551 2259 Deus
2572 2244 2588 2269 ,
2621 2205 2675 2258 in
2711 2202 2887 2259 Israel
2920 2221 3174 2276 magnum
3202 2223 3388 2262 nomen
3418 2207 3555 2276 ejus.

1973 2292 2178 2350 Factus
2204 2303 2284 2352 est
2312 2311 2420 2367 pax
2446 2296 2595 2351 locus
2627 2298 2743 2366 ejus
2763 2337 2779 2362 ,
2804 2306 2855 2352 et
2884 2296 3146 2352 habitatio
3175 2297 3292 2368 ejus
3321 2300 3375 2353 in
3402 2298 3557 2356 Sion.

1975 2383 2093 2440 Sub
2126 2385 2242 2442 hate
2275 2387 2625 2443 inimicorum
2678 2387 2836 2458 ejus,
2881 2404 3098 2446 necnon
3142 2389 3403 2448 Ecclesia:
3437 2392 3560 2464 ejus

1973 2477 2215 2534 hostium
2245 2479 2462 2535 ruinam
2504 2481 2750 2537 declarat
2783 2481 2869 2536 bis
2909 2482 3131 2539 verbis:
3177 2481 3264 2539 Ibi
3300 2485 3561 2557 confregit

1972 2572 2238 2640 potentias
2281 2588 2536 2637 arcuum,
2587 2573 2750 2628 telum
2777 2613 2790 2639 ,
2837 2573 3074 2644 gladium
3120 2585 3172 2630 et
3214 2576 3452 2642 bellum;
3495 2592 3563 2634 ac

1974 2660 2200 2719 rursum'
2223 2681 2236 2718 :
2266 2663 2492 2718 Turbati
2517 2676 2640 2719 sunt
2667 2683 2846 2721 omnes
2875 2668 3178 2735 insipientes
3207 2670 3383 2724 corde.
3418 2670 3560 2725 Dor-

1974 2757 2206 2810 mierunt
2247 2773 2494 2810 somnum
2538 2775 2730 2824 suum,
2774 2770 2825 2814 et
2867 2758 3006 2813 nihil
3043 2759 3354 2816 invenerunt
3383 2780 3558 2818 omnes

1975 2847 2074 2902 uiri
2101 2846 2410 2902 divitiarum
2435 2851 2490 2902 in
2518 2851 2765 2904 manibus
2792 2851 2930 2906 suis.
2958 2854 3038 2908 Ab
3060 2855 3418 2924 increpatione
3443 2864 3557 2919 tua,

1974 2937 2119 2992 Deus
2156 2937 2360 3003 Iacob,
2403 2939 2824 2994 dormitaverunt
2865 2959 3046 2999 omnes
3081 2946 3174 3016 qui
3212 2945 3561 3000 ascenderunt

1975 3047 2156 3102 equos.
2192 3029 2404 3098 Quibus
2436 3032 2735 3103 gloriosum
2763 3031 3076 3092 Servatoris
3105 3036 3398 3091 adventum
3427 3036 3563 3093 sub-

283 3116 522 3182 σταξαν
549 3111 772 3178 πάντες
801 3115 854 3168 οἱ
885 3112 1302 3180 ἐπιϐεϐηκότες
1325 3111 1467 3178 τοὺς
1504 3114 1729 3180 ἵππους
1747 3129 1764 3144 ⁸
1794 3110 1876 3180 οἷς

1977 3122 2098 3193 jicit
2147 3121 2378 3179 dicens:
2436 3123 2513 3178 De
2565 3125 2696 3180 coelo
2744 3126 2988 3180 auditum
3043 3128 3217 3198 fecisti
3261 3129 3558 3200 judicium,

285 3208 642 3266 ὲπισυνάπτει
678 3205 776 3278 τὴν
807 3203 1014 3269 ἔνδοξον
1041 3205 1136 3258 τοῦ
1171 3205 1423 3276 Σωτῆρος
1451 3207 1756 3278 παρουσίαν
1785 3208 1874 3263 λέ-

281 3322 393 3374 γων
413 3321 426 3336 ·
473 3303 569 3355 Ἐκ
598 3299 704 3354 τοῦ
729 3298 988 3367 οὐρανοῦ
1017 3298 1352 3366 ήκούτισας
1382 3298 1606 3368 κρίσιν,
1633 3299 1712 3370 τῆ
1733 3301 1873 3370 ἐφο-

1981 3223 2124 3270 terra
2154 3217 2368 3271 tremuit
2395 3225 2444 3271 et
2477 3217 2706 3288 quievit,
2738 3234 2857 3272 cum
2888 3231 3192 3292 exsurgeret
3219 3221 3275 3274 in
3297 3220 3562 3292 judicium

1980 3306 2124 3366 Deus
2146 3349 2161 3373 ,
2192 3315 2252 3361 ut
2282 3307 2456 3362 salvos
2489 3309 2687 3378 faceret
2716 3326 2894 3365 omnes
2926 3327 3071 3381 reges
3103 3319 3279 3367 terra.

283 3399 434 3468 δήθη
467 3396 566 3450 καὶ
594 3395 916 3465 ἡσύχασεν
941 3391 1011 3447 ἐν
1041 3391 1122 3458 τῷ
1149 3391 1525 3463 καταστῆναι
1578 3397 1666 3462 είς
1701 3397 1907 3467 κρίσιν
1942 3401 2050 3456 τὸν
2089 3403 2264 3472 Θεὸν,
2291 3405 2400 3460 τοῦ
2436 3403 2633 3460 σῶσαι
2665 3405 2899 3472 πάντας
2925 3404 3070 3472 τοὺς
3127 3406 3413 3472 βασιλεῖς
3453 3403 3564 3473 τῆς

283 3495 417 3566 γῆς.

1037 3612 1113 3666 E'.

355 3710 468 3764 Kal.
491 3709 520 3762 ὀ
556 3705 694 3771 μετὰ
716 3707 906 3779 χεῖρας
937 3703 1031 3759 τοῦ
1061 3704 1160 3776 μὲν
1198 3703 1373 3776 Ἀσάφ
1417 3707 1697 3778 τυγχάνει,
1734 3709 1868 3764 ὑπο-

2045 3708 2145 3764 llic
2170 3708 2300 3766 item
2325 3709 2569 3781 psalmus
2592 3617 2798 3782 Asap‘lii
2825 3719 2906 3766 est
2935 3729 2949 3766 :
2984 3711 3183 3768 titulus
3214 3721 3398 3769 autem
3433 3713 3558 3785 ejus

285 3800 486 3871 γράφει
513 3799 592 3864 δὲ,
617 3796 797 3867 ’Υπὲρ
829 3795 1109 3866 ἰδιθούμσ
1144 3798 1273 3868 περὶ
1313 3791 1373 3852 οὗ
1408 3799 1870 3873 προδιειλήφαμεν

1977 3805 2086 3866 est,
2121 3797 2226 3855 Pro
2255 3798 2495 3854 Idithum
2522 3800 2568 3832 ⁸²
2596 3816 2611 3866 ;
2641 3799 2837 3880 dequo
2859 3799 2972 3870 jam
3001 3803 3278 3873 superius.
3310 3801 3560 3858 Videtur-

284 3895 372 3950 διὰ
392 3894 502 3946 τῶν
523 3891 1080 3964 ἕμπροσθεν.Ἔοικεν
1107 3889 1166 3944 δὲ
1195 3890 1336 3963 ὑπὲρ
1360 3891 1455 3945 τοῦ
1489 3891 1722 3964 ἰδιθοὺμ
1748 3912 1871 3948 συν-

285 3987 500 4042 τάττειν
529 3987 654 4050 τοὺς
687 3983 898 4052 λόγους,
929 3981 1100 4036 πολλὰ
1135 3983 1213 4046 ὡς
1253 3984 1478 4049 εἰκότως
1511 3987 1596 4056 ἐφ’
1623 3983 1705 4050 οἷς
1737 3987 1872 4058 ἀκή-

286 4093 410 4132 κοεν
433 4078 562 4147 περὶ
587 4073 682 4128 τοῦ
709 4071 840 4126 λαοῦ
871 4072 1384 4142 καταστενάζοντος,
1417 4075 1874 4147 λειποθυμοῦντός

285 4188 347 4224 τε
373 4170 474 4241 ἤδη
503 4169 597 4222 καὶ
629 4164 824 4238 μικροῦ
865 4164 975 4218 δεῖν
1024 4165 1118 4219 καὶ
1163 4166 1354 4220 ἑαυτὸν
1404 4167 1873 4238 ἀπογινώσκοντας

286 4263 374 4316 διὰ
417 4260 516 4324 τὰς
567 4257 661 4312 τοῦ
695 4255 825 4310 λαοῦ
857 4257 1202 4327 παρανομίας
1248 4257 1342 4310 καὶ
1384 4257 1452 4310 τὰ
1485 4259 1874 4332 συμϐησόμενα

286 4357 352 4409 δι’
375 4353 546 4415 αὑτὰς
592 4350 672 4422 τῷ
707 4350 868 4403 παντὶ
911 4348 1070 4402 ἔθνει.
1107 4348 1183 4401 Δι’
1213 4349 1241 4401 ὅ
1274 4350 1332 4402 ὲν
1358 4349 1499 4421 ἀρχῇ
1548 4351 1647 4422 μὲν
1691 4349 1766 4414 ὡς
1812 4353 1876 4404 ἐκ

289 4444 583 4518 προσώπου
628 4443 794 4498 αὑτοῦ
842 4441 1025 4510 τίθησι
1066 4440 1148 4503 τὸ,
1181 4439 1358 4510 Φωνῇ
1407 4461 1527 4511 μου
1575 4442 1727 4512 πρὸς
1769 4443 1878 4497 τὸν

293 4503 441 4596 Θεὸν
481 4537 798 4608 ἐκέκραξα,
837 4503 1008 4606 φωνῇ
1052 4553 1174 4606 μου
1225 4503 1376 4605 πρδς
1407 4503 1530 4590 ⁷τὸν
1579 4503 1747 4604 ego},
1782 4536 1878 4592 καὶ
1911 4503 1954 4558 D

291 4631 600 4704 προσέσχε
632 4647 762 4700 μοι·
798 4625 895 4683 εἷθ’
928 4628 1057 4701 ἑξῆς
1089 4628 1189 4700 τὴν
1235 4628 1538 4701 γενομένην
1563 4629 1714 4701 αὑτῷ
1745 4629 1882 4684 ἀθυ.

295 4726 426 4800 μίαν
459 4723 744 4795 ὑποφαίνει
772 4723 946 4794 λέγων
964 4739 979 4754 ·
1024 4720 1394 4789 Ἀπηνήνατο
1421 4722 1882 4792 παρακληθῆναι

293 4819 331 4888 ἠ
366 4817 538 4890 ψυχή
585 4835 728 4887 μου,
757 4815 1144 4885 ήδολέσχησε
1183 4815 1280 4869 καὶ
1330 4815 1760 4886 ὠλιγοψύχησε
1815 4815 1883 4870 τὸ

293 4910 530 4981 πνεῦμὰ
556 4929 698 4980 μου.
718 4908 1087 4980 Ἐταράχθην
1131 4908 1232 4962 καὶ
1277 4909 1390 4964 οὐκ
1437 4907 1738 4978 ἐλάλησα.
1772 4909 1883 4962 Καὶ

297 4986 538 5073 ὲπιλέγει
561 5021 575 5036 σ
608 5005 856 5072 Νύκτωρ
887 5004 1040 5072 μετὰ
1087 5000 1197 5070 τῆς
1240 5001 1490 5071 καρδίας
1513 5019 1633 5071 μου
1669 4999 1884 5068 ὴδολέ-

297 5113 496 5169 σχουν
518 5095 615 5152 καὶ
637 5097 950 5150 ἐσκαλλον
982 5092 1048 5148 τὸ
1089 5092 1326 5163 πνεῦμά
1342 5090 1593 5163 nouli”;
1624 5093 1712 5156 είς
1739 5090 1885 5157 τοὺς

296 5189 516 5255 αἰῶνας
548 5188 847 5244 ἀπώσεται
876 5187 1113 5256 Κύριος,
1156 5186 1253 5240 καὶ
1286 5189 1359 5241 οὐ
1398 5183 1736 5256 προσθήσει
1775 5185 1885 5241 τοῦ

296 5279 623 5350 εὐδοκῆσαι
649 5281 770 5344 En;
803 5279 842 5348 ἢ
876 5280 964 5345 είς
992 5277 1166 5342 τέλος
1211 5277 1278 5331 τὸ
1308 5277 1481 5344 ἕλεος
1508 5277 1694 5332 αὑτοῦ
1737 5277 1886 5332 ἀπο-

298 5373 512 5440 κρύψει
542 5368 661 5424 ἀπὸ
688 5367 896 5440 γενεᾶς
919 5370 1006 5433 εἰς
1038 5366 1285 5438 γενεάν;
1315 5367 1353 5435 ἢ
1394 5367 1751 5436 ἐπιλήσεται
1775 5368 1883 5423 τοῦ

298 5461 660 5531 οίκτειρῆσαι
686 5463 718 5515 ό
749 5461 910 5526 Θεὸς,
937 5459 978 5526 ἣ
1003 5459 1248 5524 συνέξει
1291 5459 1363 5512 ἐν
1401 5457 1476 5526 τῇ
1521 5457 1668 5528 ὀργῇ
1695 5457 1884 5514 αὑτοῦ

299 5554 442 5620 τοὺς
489 5552 825 5622 οίκτιρμοὺς
881 5552 1097 5615 mittat“);
1143 5551 1306 5604 Ταῦτ’
1332 5547 1402 5622 ἦν
1451 5552 1520 5606 τὰ
1565 5550 1884 5625 λυπήσαντα

300 5648 399 5717 τὴν
431 5645 525 5700 τοῦ
559 5644 793 5716 Ἰδιθοὺμ
819 5643 1012 5716 ψυχήν.
1046 5644 1122 5697 Δι’
1146 5643 1176 5696 ὅ
1205 5643 1385 5706 καλῶς
1412 5643 1881 5718 ὠλιγοψυχηκέναι

377 5811 420 5843 ³³
450 5806 596 5866 Psat.
623 5825 782 5876 Luv,
817 5810 864 5864 l.
941 5811 985 5841 ⁸²
1019 5805 1161 5864 Psal.
1203 5819 1389 5873 ant,
1430 5805 1477 5860 1.

1977 3905 2085 3960 que
2119 3905 2427 3946 sermonem
2459 3901 2642 3946 texere
2675 3905 2777 3960 pro
2807 3889 3046 3946 lditbunt
3069 3931 3085 3958 ,
3113 3892 3207 3963 qui
3241 3892 3431 3948 audito
3463 3910 3564 3965 po-

1979 3982 2092 4053 puli
2139 3989 2325 4046 statu,
2376 3983 2645 4048 multum,
2694 3992 2755 4037 ut
2801 3998 2902 4053 par
2944 3993 3098 4047 erat,
3132 3983 3560 4054 ingemiscebat,

1974 4072 2201 4143 jamque
2228 4073 2414 4128 animo
2441 4072 2764 4138 deﬁciebat,
2799 4081 2966 4144 atque
2995 4073 3068 4129 ob
3096 4073 3281 4144 populi
3315 4075 3524 4129 scelera
3544 4117 3560 4138 ,

1979 4179 2044 4218 ac
2087 4163 2300 4220 futuras
2343 4163 2466 4219 ideo
2505 4166 2778 4220 universa:
2821 4164 2969 4236 genti
3013 4164 3387 4230 calamitates,
3426 4180 3564 4236 pene

1980 4255 2326 4326 desperabat.
2373 4253 2554 4321 Quare
2601 4256 2655 4310 in
2697 4256 2969 4326 principio
3000 4256 3256 4326 quidem,
3295 4258 3459 4328 quasi
3493 4274 3564 4319 ex

1981 4363 2219 4419 persona
2248 4349 2424 4420 ipsius
2456 4347 2538 4404 sic
2570 4347 2735 4404 habet
2761 4369 2774 4403 :
2815 4347 2949 4402 Voce
2979 4365 3095 4403 mea
3139 4348 3208 4402 ad
3246 4349 3414 4404 Deum
3446 4349 3564 4406 cla-

1983 4441 2123 4494 maci
2149 4478 2164 4505 ,
2197 4457 2317 4494 voce
2347 4457 2464 4494 mea
2495 4440 2564 4494 ad
2600 4439 2767 4494 Deum
2793 4481 2808 4506 ,
2839 4450 2888 4496 et
2923 4442 3148 4500 intendit
3177 4443 3326 4498 mihi.
3361 4441 3568 4502 Deinde

1982 4548 2113 4587 vero
2144 4547 2305 4588 suum
2339 4533 2509 4587 animi
2540 4532 2842 4602 deliquium
2874 4535 3188 4591 subindicat
3216 4534 3304 4591 his
3335 4536 3520 4592 verbis
3546 4554 3562 4596 :

1983 4623 2174 4679 Renuit
2227 4626 2497 4680 consolari
2550 4626 2734 4680 anima
2781 4642 2937 4691 mea,
2985 4627 3311 4681 exercitatus
3357 4635 3470 4691 est,
3515 4636 3566 4685 et

1983 4717 2172 4787 defecit
2205 4718 2426 4790 spiritus
2461 4734 2626 4775 meus.
2661 4717 2930 4773 Turbatus
2961 4735 3080 4773 sum
3111 4728 3162 4774 et
3192 4736 3295 4774 non
3325 4737 3441 4774 sum
3485 4719 3568 4776 1ος

1984 4816 2160 4863 cutus.
2201 4807 2301 4864 His
2343 4809 2671 4880 subiungit:
2710 4808 2882 4864 Nocte
2917 4825 3036 4865 cum
3071 4811 3230 4866 corde
3268 4828 3380 4867 meo
3416 4827 3568 4867 exer-

1984 4899 2192 4955 citabar
2238 4910 2288 4954 et
2339 4901 2615 4971 scopebam
2663 4901 2911 4971 spiritum
2959 4919 3152 4959 meum.
3203 4901 3462 4976 Nunquid
3510 4903 3567 4960 in

1985 5004 2244 5050 azternum
2295 4995 2538 5066 projiciet
2595 4993 2891 5061 Dominus,
2941 5012 3034 5052 au.
3079 5014 3184 5052 non
3235 5005 3457 5066 apponet
3506 5009 3566 5052 at

1985 5087 2350 5155 complacitior
2379 5088 2448 5142 sit
2478 5086 2652 5141 adhuc
2671 5126 2689 5153 ,
2721 5097 2816 5142 aut
2851 5088 2906 5142 in
2947 5089 3104 5158 finem
3145 5088 3566 5145 misericordiam

1985 5195 2139 5232 suam
2169 5178 2451 5234 abscondet
2481 5196 2514 5232 a
2543 5181 2880 5251 generatione
2917 5182 2970 5236 in
3011 5183 3406 5253 generationem
3425 5221 3440 5246 ,
3471 5191 3567 5240 aut

1986 5274 2324 5329 obliviscetur
2352 5273 2590 5328 misereri
2619 5271 2761 5328 Deus
2784 5313 2800 5337 ,
2834 5282 2928 5328 aut
2959 5273 3247 5329 continebit
3269 5275 3322 5328 in
3352 5275 3438 5328 ira
3465 5291 3566 5330 sua

1986 5363 2383 5422 misericordias
2423 5368 2602 5422 suas?
2635 5363 2760 5422 Haec
2791 5374 2949 5422 erant
2987 5383 3110 5438 qua:
3149 5365 3408 5420 ldithumi
3448 5367 3568 5420 ani.

1987 5478 2132 5516 mam
2165 5460 2495 5533 allligebant.
2537 5460 2720 5529 Quare
2751 5479 2811 5518 se
2843 5462 3027 5518 animo
3056 5462 3326 5519 defecisse
3358 5461 3567 5518 fateba-

1987 5561 2097 5610 tur.
2147 5552 2254 5608 Sed
2309 5550 2551 5624 Spiritus
2593 5561 2820 5609 sanctus
2865 5567 2962 5623 per
3001 5551 3324 5622 prapltetam
3378 5549 3566 5620 Asaph

1985 5644 2105 5715 ejus
2155 5643 2330 5700 dolori
2381 5642 2580 5700 deinde
2630 5641 2903 5707 medetur,
2940 5642 3068 5699 dum
3103 5643 3218 5697 ait:
3255 5643 3386 5712 Quis
3425 5640 3564 5700 Deus

0 6430 4068 6934 IT-
