4078 6934
516 364 654 422 ³27
1254 364 1524 423 EUSEBll
1557 366 2030 427 CiSAmENSlS
2070 369 2220 428 OPP.
2262 370 2444 428 PARS
2476 368 2658 426 lll.—
2692 368 3104 428 EXEGETICA.
3758 365 3857 424 8‘28

544 501 776 555 magnus
819 478 969 541 sicut
1004 484 1146 542 Deus
1179 472 1404 542 noster!
1428 485 1506 541 Tu
1549 504 1605 542 es
1653 486 1796 542 Deus
1840 487 1929 558 qui
1980 489 2121 558 facis

2237 491 2511 562 ὡμολόγει.
2529 490 2690 545 Ἀλλά
2719 491 2781 544 τὸ
2812 490 2955 545 θεῖον
2989 486 3217 562 Πνεῦμα
3256 489 3342 544 διὰ
3396 482 3518 543 τοῦ
3566 487 3859 558 προφήτου

544 576 841 634 mirabilia.
879 577 1082 634 Notam
1115 577 1290 647 fecisti
1324 578 1379 632 in
1409 578 1617 649 populis
1651 579 1898 635 virtutem
1932 589 2078 635 tuam
2099 621 2115 647 ,

543 669 819 726 redemisti
863 670 919 724 in
948 668 1162 724 brachio
1192 679 1283 724 tuo
1313 671 1566 741 populum
1613 680 1763 725 tuum
1782 712 1797 736 ,
1843 673 1985 743 ﬁlios
2016 672 2119 728 Ja-

543 764 641 819 cob
684 774 737 819 et
785 765 1023 834 Joseplt;
1078 779 1144 820 ac
1204 780 1425 821 rursum
1452 780 1471 819 :
1516 763 1774 820 Viderunt
1825 774 1874 820 te
1934 782 2121 838 aqua,

544 856 689 912 Deus
709 896 726 920 ,
756 857 999 912 viderunt
1028 866 1077 912 te
1107 874 1291 929 aquae,
1318 867 1367 912 et
1394 859 1721 923 timuerunt,
1746 861 1971 913 turbata.-
1998 867 2123 914 sunt

544 948 769 1019 abyssi:
817 948 1107 1003 multitudo
1141 951 1349 1004 sonitus
1379 966 1641 1021 aquarum
1663 965 1685 1004 :
1714 965 1779 1005 ac
1813 965 2122 1006 sermonem

540 1039 634 1096 his
660 1040 954 1110 obsignat:
1001 1039 1287 1096 Deduxisti
1329 1042 1467 1097 sicut
1515 1058 1629 1098 oves
1672 1041 1925 1113 populant
1975 1051 2123 1097 tuum

544 1131 604 1185 in
645 1148 807 1185 manu
852 1131 1027 1203 Moysi
1070 1141 1121 1187 et
1165 1132 1366 1187 Aaron.
1414 1131 1541 1189 Hac
1580 1133 1896 1189 necessario
1942 1131 2126 1202 Asaph

546 1222 651 1293 ipsi
699 1220 934 1277 ldithum
958 1223 1441 1287 commemoravit,
1478 1232 1538 1279 ut
1577 1239 1645 1279 ne
1676 1223 1820 1279 ultra
1866 1222 2071 1279 diceret
2106 1239 2122 1278 :

548 1311 892 1370 Exercitatus
930 1328 1010 1370 est
1049 1324 1097 1369 et
1119 1314 1309 1385 defecit
1351 1316 1572 1385 spiritus
1615 1331 1799 1380 meus;
1830 1315 1927 1371 sed
1961 1314 2129 1370 mira-

547 1404 752 1462 bilibus
795 1405 894 1463 Dei
934 1422 1025 1479 per
1073 1407 1314 1479 Moysem
1360 1407 1490 1462 olim
1525 1408 1733 1479 gestis,
1768 1407 1927 1479 queis
1957 1421 2132 1477 popu-

548 1498 662 1555 lum
692 1514 855 1555 suum
879 1500 1130 1563 redemit,
1153 1499 1312 1555 ﬁdem
1336 1494 1547 1556 habens
1575 1515 1674 1572 pro
1702 1499 1889 1556 futuro
1909 1514 2127 1572 quoque

548 1599 795 1663 tempore
822 1592 1023 1647 similia
1054 1600 1315 1649 eventura
1346 1600 1607 1663 speraret.

2238 583 2409 655 Ἀσάφ
2449 584 2576 656 ἑξῆς
2619 583 2688 638 τὰ
2724 582 2946 657 λυπηρά
2990 582 3282 657 θεραπεύει
3312 585 3367 637 ὲν
3401 577 3507 647 οἷς
3543 596 3731 651 φησι·
3768 581 3860 648 Τίς

2229 674 2374 741 Θεὸς
2382 675 2571 745 μέγας
2599 674 2680 741 ὡς
2705 678 2738 729 ό
2757 675 2901 740 Θεὸς
2924 672 3093 745 ἡμῶν
3105 693 3125 739 ;
3142 674 3225 728 Σὺ
3251 670 3311 728 εἷ
3332 677 3365 728 ό
3395 670 3579 736 Θεὸς
3611 672 3651 724 ὁ
3673 666 3860 724 ποιῶν

2228 764 2548 836 θαυμάσια.
2567 764 2926 836 Ἐγνώρισας
2947 765 3018 820 ἐν
3040 764 3164 830 τοῖς
3193 764 3364 829 λαοῖς
3406 762 3555 829 τὴν
3592 758 3864 829 δύναμιν

2228 875 2365 923 σου,
2391 858 2708 927 ἐλυτρώσω
2724 857 2794 911 ἐν
2816 854 2895 924 τῷ
2914 856 3204 927 ,βραχίονι
3229 873 3345 911 σου
3367 856 3501 910 τὸν
3516 852 3701 908 λαόν
3724 867 3862 916 σου,

2229 950 2373 1017 τοὺς
2404 950 2576 1017 υἱοὺς
2612 949 2816 1005 Ἰακὼό
2852 950 2951 1005 καὶ
2996 948 3234 1019 Ἱωσήςρσ
3282 950 3374 1003 καὶ
3413 943 3653 1010 αὖθις·
3694 942 3866 999 Εἶδο-

2229 1039 2353 1095 σάν
2400 1057 2475 1095 σε
2527 1040 2737 1104 ὕδατα,
2772 1044 2805 1095 ὁ
2838 1039 3003 1105 Θεὸς,
3035 1039 3286 1095 eloco/ir
3328 1054 3403 1095 σε
3475 1036 3725 1100 ὕδατα,
3770 1035 3868 1089 καί

2227 1133 2638 1203 ἐφοϐήθησαν,
2678 1132 3102 1204 ἐταράχθησαν
3139 1136 3198 1187 al
3233 1132 3517 1187 ἄϐυσσοι
3547 1147 3566 1161 ο
3618 1126 3867 1199 πλῆθος

2230 1223 2423 1294 ἤχους
2464 1224 2714 1291 ὕδατος·
2759 1224 2854 1281 καὶ
2896 1225 3349 1296 ὲπισφραγίζεται
3389 1223 3649 1292 λέγων·
3698 1220 3870 1287 1061i-

2230 1331 2426 1388 τησας
2459 1317 2541 1385 ὡς
2581 1319 2845 1388 πρόϐατα
2867 1317 2974 1372 τὸν
2999 1318 3155 1373 λαόν
3176 1332 3293 1371 σου
3316 1318 3387 1371 ἐν
3406 1315 3597 1388 χειρὶ
3630 1311 3868 1383 Mutum?

2228 1407 2325 1462 καί
2364 1406 2596 1477 Ἀαρών.
2614 1407 2947 1477 ’Δναγκαίως
2974 1406 3033 1462 δὲ
3057 1408 3262 1465 τούτων
3281 1407 3311 1460 ό
3340 1406 3541 1477 Ἀσάφ
3561 1404 3868 1474 ὑπέμνησε

2229 1499 2319 1554 τὸν
2368 1497 2618 1570 Ἰδιθοὺμ,
2665 1497 2743 1562 ὡς
2788 1497 2856 1553 ἂν
2908 1498 3105 1571 μηκέτι
3155 1498 3303 1569 λέγοι
3324 1514 3339 1530 ο
3406 1494 3871 1567 Ἠδολέσχησε

2232 1590 2332 1647 καὶ
2379 1590 2809 1661 ὠλιγοψύχησε
2856 1589 2924 1644 τὸ
2974 1574 3211 1662 πνεῦμά
3244 1607 3396 1662 μου·
3456 1588 3782 1643 πιστεύων
3810 1587 3868 1640 δι

548 1688 663 1751 τοῖς
688 1687 856 1741 πάλαι
887 1687 981 1741 ἐπὶ
1006 1688 1285 1754 Μωῦσέως
1315 1687 1407 1743 τοῦ
1440 1688 1576 1743 Θεοῦ
1611 1689 1935 1760 παραδόξοις
1959 1689 2161 1762 ἔργοις,
2198 1687 2264 1742 δι’
2313 1680 2389 1743 ὧν
2427 1685 2767 1760 ὲλυτρώσατο
2808 1687 2900 1741 τὸν
2945 1686 3094 1752 λαὸν,
3136 1686 3205 1742 τὰ
3246 1689 3407 1761 ὅμοια
3458 1687 3580 1741 καὶ
3630 1686 3724 1748 είς
3777 1682 3870 1737 τὸν

550 1779 775 1836 ἐπιόντα
808 1778 999 1852 χρόνον
1035 1778 1243 1845 ὲλπίζοι
1268 1780 1617 1853 γενήσεσθαι.

1288 1892 1378 1948 Vl.

529 1956 540 2030 Γ
624 1981 823 2048 Sextus
866 2000 1044 2057 neque
1073 1985 1322 2056 psalmus
1349 1993 1434 2042 est
1468 2001 1645 2057 neque
1674 1987 1986 2050 canticum,
2032 2002 2132 2042 ne-

529 2092 662 2149 que
691 2076 965 2149 hymnus,
1005 2093 1189 2149 neque
1226 2078 1280 2132 in
1330 2077 1495 2134 ﬁnem
1526 2079 1778 2134 remittit.
1815 2078 1999 2146 Quare
2029 2079 2134 2132 hu«

547 2170 793 2241 jusmodi
834 2169 974 2226 nihil
1016 2170 1073 2225 in
1114 2170 1277 2225 titulo
1323 2169 1530 2225 habet:
1565 2169 1659 2225 sed
1693 2182 1796 2224 nos
1828 2166 1899 2221 ad
1941 2181 2131 2223 eorum

538 2277 675 2333 qua
703 2262 795 2318 hic
824 2261 1081 2319 feruntur
1111 2261 1526 2332 intelligentiam
1556 2261 1780 2316 excitat.
1812 2260 1925 2314 Cur
1951 2267 2132 2314 autem

552 2353 688 2409 nihil
716 2367 910 2408 eorum
942 2368 1066 2424 quae
1097 2352 1340 2409 diximus
1372 2351 1479 2407 fert
1507 2351 1834 2422 inscriptio,
1868 2350 1973 2405 nisi
2005 2350 2135 2421 quia

552 2452 704 2499 totus
731 2442 824 2498 hic
858 2458 1041 2499 sermo
1068 2440 1354 2501 Judaicam
1400 2448 1615 2511 gentem
1652 2440 1905 2505 incusat,
1948 2440 2136 2510 pristi-
2170 2508 2179 2516 .

555 2550 661 2591 uas
701 2550 895 2591 eorum
939 2534 1249 2605 impietates
1289 2533 1667 2590 enumerans?
1716 2532 1871 2600 Quod
1902 2534 1970 2588 ad
1999 2532 2136 2602 justi

546 2627 744 2698 judicii
795 2625 892 2681 Dei
926 2625 1299 2682 defensionem
1329 2625 1595 2696 propheta
1622 2626 2011 2681 concinnavit:
2047 2640 2137 2681 va-

555 2719 885 2775 ticinaturus
908 2717 1056 2775 enim
1082 2733 1146 2773 ea
1165 2756 1181 2782 ,
1206 2733 1329 2788 quae
1354 2726 1481 2772 ante
1507 2714 1818 2774 Servatoris
1841 2718 2136 2773 adventum

555 2811 761 2883 populo
793 2818 1058 2867 eventura
1090 2819 1286 2876 erant,
1317 2810 1632 2868 necessario
1659 2811 1820 2867 docet
1852 2810 2003 2882 ipsos
2029 2825 2137 2865 non

556 2903 896 2959 modicarum
963 2903 1303 2974 impietatum
1368 2918 1539 2959 causa
1599 2904 1787 2959 istbtec
1853 2920 2134 2974 passuros.

557 2994 920 3065 Quamobrem
970 3001 1219 3051 recenset
1266 2994 1359 3052 ille
1408 2994 1627 3066 quoties
1676 2996 2049 3066 peccaverint,
2083 3003 2138 3052 et

558 3086 773 3158 quoties
821 3084 917 3141 Dei
970 3086 1232 3156 patientia
1287 3098 1513 3156 peccata
1560 3101 1753 3142 eorum
1798 3089 2020 3153 tulerit,
2073 3103 2139 3145 ac

559 3176 836 3251 quomodo
869 3177 1086 3234 demum
1117 3194 1242 3234 cum
1269 3178 1589 3249 implessent
1618 3181 1955 3250 impietatum
1982 3197 2138 3237 men-

554 3284 746 3327 suram
770 3308 787 3334 ,
825 3284 920 3326 eos
955 3269 1106 3341 ipsos
1127 3268 1421 3324 admodum
1444 3268 1592 3339 juste
1627 3271 1708 3325 ira
1730 3269 1826 3327 Dei
1855 3271 2132 3327 invaserit.
2162 3255 2205 3311 ο

558 3359 632 3419 Ut
658 3362 771 3417 haec
804 3363 989 3433 itaque
1016 3377 1416 3434 cognoscamus
1435 3402 1453 3427 ,
1480 3363 1796 3421 necessario
1826 3365 1907 3419 sic
1935 3363 2137 3423 inscri-

554 3454 674 3515 bit:
712 3453 1021 3511 Intellectus
1053 3454 1236 3524 Asaplt
1264 3455 1333 3520 ⁸⁸,
1367 3470 1433 3513 ac
1466 3455 1525 3511 in
1557 3457 1918 3527 sequentibus
1949 3458 2136 3514 omnia

557 3563 751 3605 eorum
783 3549 993 3605 scelera
1025 3555 1301 3605 recenset.

1276 3661 1389 3718 νη.

626 3756 927 3831 Postquam
956 3759 1360 3815 multitudinem
1401 3768 1753 3831 peccatorum
1778 3759 1990 3816 Iudaici
2036 3776 2135 3832 po-
2194 3752 2199 3759 ’

554 3849 673 3921 puli
712 3850 1036 3920 compendio
1065 3852 1362 3916 retulerat,
1392 3859 1446 3906 et
1478 3866 1579 3906 ceu
1618 3852 1675 3907 in
1706 3852 1869 3923 cippo
1902 3853 2136 3908 crimina

560 3955 752 3997 eorum
773 3930 1172 4010 insculpserat;
1198 3951 1599 4012 consequenter
1624 3940 1711 3997 hic
1736 3941 2097 4013 irruptionem
2116 3982 2132 4009 ,

556 4048 684 4105 quae
714 4040 960 4104 tempore
991 4032 1248 4089 Antiochi
1282 4033 1454 4107 Syria:
1486 4034 1635 4106 regis
1667 4033 1811 4091 facta
1840 4043 1958 4100 est,
1990 4035 2136 4090 vati-

554 4126 798 4204 cinatur.
826 4125 932 4193 Qui
959 4124 1356 4200 Jerosolymam
1386 4128 1704 4198 ingressus,
1735 4129 1996 4198 templum
2024 4143 2136 4185 non

553 4219 785 4285 evertit,
815 4218 911 4274 sed
942 4218 1291 4288 profanavit,
1328 4228 1493 4291 atque
1524 4230 1739 4291 gentem
1769 4220 1837 4276 ad
1870 4220 2014 4275 idola
2049 4236 2137 4276 co.

556 4309 720 4366 lenda
764 4313 1051 4382 compulit.
1101 4310 1346 4379 Quarum
1391 4327 1576 4368 rerum
1621 4312 1946 4379 historiam,
1993 4312 2136 4369 liber

556 4401 992 4459 Machabaeorum
1055 4405 1355 4474 inscriptus
1399 4406 1802 4476 complectitur.
1829 4404 1889 4460 ln
1912 4421 2022 4476 quo
2045 4420 2138 4461 oc-

553 4496 803 4552 cisorum
834 4511 1133 4562 numerus,
1163 4496 1411 4567 variique
1450 4497 1600 4552 modi
1628 4498 1785 4566 queis
1817 4512 1916 4567 pro
1934 4496 2136 4567 pietate

2316 1986 2374 2039 '0
2403 1985 2560 2047 ἕκτος
2586 1981 2770 2036 οὐκέτι
2799 1980 3013 2051 ψαλμος
3038 1979 3157 2034 οὐδὲ
3184 1978 3295 2053 ᾠδὴ
3321 1979 3444 2033 οὐδὲ
3487 1978 3713 2051 ὕμνος,
3739 1979 3864 2034 om

2232 2074 2544 2145 ἀναπέμπει
2569 2074 2649 2136 είς
2675 2071 2736 2124 τὸ
2754 2070 3095 2134 τέλος.’⁹υθεν
3118 2070 3269 2124 οὐδὲν
3290 2070 3505 2125 τούτων
3536 2070 3868 2143 ἐπιγέγρα-

2235 2182 2396 2221 πταιο
2422 2164 2678 2235 διεγείρει
2702 2162 2761 2217 δὲ
2791 2164 2941 2234 ἡμᾶς
2985 2164 3066 2226 είς
3111 2162 3326 2216 σύνεσιν
3352 2161 3467 2217 τῶν
3516 2161 3863 2235 ἐμφερομέ-

2233 2276 2359 2312 νων.
2389 2257 2488 2312 Διὰ
2517 2257 2570 2311 τί
2602 2257 2659 2311 δὲ
2697 2257 2860 2330 μηδὲν
2883 2256 2992 2309 τῶν
3015 2254 3425 2328 προειρημένων
3450 2256 3492 2326 ἡ
3537 2256 3860 2327 προγραφὴ

2236 2350 2499 2421 περιέχει,
2526 2347 2639 2402 ἀλλ’
2666 2348 2960 2420 ἐπειδήπερ
3006 2349 3036 2401 ό
3084 2348 3191 2410 πᾶς
3222 2346 3378 2416 λόγος
3409 2346 3513 2400 τοῦ
3569 2345 3859 2400 Ἰουδαίων

2236 2443 2421 2507 ἔθνους
2449 2443 2763 2515 κατηγορεῖ,
2789 2439 3297 2513 καταριθμούμενος
3339 2438 3532 2493 αὐτῶν
3565 2439 3650 2491 τὰ
3684 2437 3859 2491 πάλαι

2235 2534 2590 2606 ἀσεϐήματας
2626 2531 2797 2586 Τοῦτο
2833 2532 2890 2586 δὲ
2923 2533 3151 2605 πράττει
3181 2533 3211 2585 ό
3254 2531 3553 2603 προφήτης
3601 2531 3694 2594 είς
3726 2531 3858 2584 ἀπο·

2234 2624 2420 2695 λογίαν
2459 2624 2560 2696 τῆς
2590 2623 2686 2679 τοῦ
2730 2622 2864 2677 Θεοῦ
2894 2622 3319 2696 δικαιοκρισίας·
3356 2620 3584 2694 μέλλων
3613 2621 3739 2693 γὰρ
3767 2619 3857 2673 θε-

2238 2718 2451 2782 σπίζειν
2472 2718 2542 2772 τὰ
2574 2717 2966 2790 συμϐησόμενα
2988 2716 3066 2788 τῷ
3091 2715 3233 2771 ἔθνει
3261 2715 3367 2789 πρὸ
3390 2716 3494 2786 τῆς
3518 2714 3629 2770 τοῦ
3657 2713 3853 2783 Σωτῆ-

2242 2828 2333 2886 ρος
2366 2811 2685 2884 παρουσίας,
2713 2809 3024 2879 ἀναγκαίως
3054 2808 3310 2870 διδάσκει.
3349 2809 3431 2864 ὅτι
3472 2808 3559 2881 μὴ
3608 2808 3714 2861 ἐπὶ
3763 2823 3851 2877 μι-

2239 2909 2393 2980 κροῖς
2433 2904 2742 2976 ἀσεϐήμασι
2789 2903 2962 2957 ταῦτα
3012 2904 3309 2957 πείσονται.
3359 2902 3572 2975 Διόπερ
3601 2916 3848 2972 καταρι-

2234 2998 2454 3071 θμεῖται
2468 2997 2657 3061 ὁσάκις
2668 2998 2882 3069 ἥμαρτε
2898 2995 2991 3050 καὶ
3005 2995 3195 3059 ὁσάκις
3214 2996 3444 3067 ἤνεγκεν
3463 2995 3684 3058 αὐτοὺς
3695 2995 3732 3064 ἡ
3751 2989 3846 3046 τοῦ

2238 3091 2374 3146 Θεοῦ
2408 3088 2779 3162 μακροθυμία,
2820 3087 2913 3142 καὶ
2941 3087 3016 3151 ὡς
3041 3086 3268 3159 ὕστερον
3299 3084 3724 3158 πληρώσαντας
3744 3084 3844 3140 αὖε

2239 3184 2364 3247 τοὺς
2387 3183 2449 3236 τὸ
2481 3182 2676 3254 μέτρον
2699 3179 2809 3235 τῶν
2831 3179 3000 3252 ἀσεϐη
3010 3180 3191 3251 μάτων
3210 3179 3530 3234 δικαιότατα
3562 3178 3842 3252 μετῆλθεν

2239 3277 2273 3347 ἠ
2303 3277 2368 3330 ὲκ
2397 3272 2533 3329 Θεοῦ
2574 3273 2836 3345 ὁργή.⁶’1ν’
2864 3267 2957 3325 οὖν
3000 3272 3176 3326 ταῦτα
3218 3270 3458 3343 γνῶμεν,
3504 3271 3843 3341 ἀναγκαίως

2238 3366 2551 3437 ἐπιγράφει,
2581 3363 2893 3429 Συνέσεως
2941 3359 3020 3428 τῷ
3055 3364 3258 3433 Ἆσὰφ,
3294 3364 3388 3417 καὶ
3431 3363 3654 3435 προῖὼν
3709 3360 3842 3431 ἑξῆς

2237 3458 2732 3531 ἀνακεφαλαιοῦται
2766 3456 2944 3511 αὐτῶν
2977 3456 3157 3521 πάσας
3191 3455 3288 3519 τὰς
3322 3457 3711 3529 παρανομίας»

2991 3664 3066 3716 Ζ⁹.

2323 3754 2749 3826 Ἐπιτεμόμενος
2788 3771 2851 3808 το
2894 3754 3099 3826 πλῆθος
3142 3754 3254 3809 τῶν
3306 3754 3687 3827 ἀσεϐημάτων
3740 3752 3831 3807 τοῦ

2250 3847 2518 3902 Ἰουδαίων
2550 3846 2755 3911 ἔθνους,
2790 3847 2886 3900 καὶ
2912 3845 3101 3918 ὥσπερ
3134 3848 3195 3901 ὲν
3224 3847 3392 3920 στήλῃ
3426 3847 3530 3913 τὰς
3568 3848 3705 3904 κατ’
3736 3847 3832 3902 αύ-

2235 3939 2346 3993 τῶν
2377 3940 2710 4011 κατηγορίας
2732 3938 3068 4004 έντυπώσας,
3097 3939 3406 4006 ἀκολούθως
3433 3941 3526 3996 διὰ
3551 3940 3672 3996 τῶν
3700 3955 3834 4012 προ-

2237 4032 2504 4105 κειμένων
2531 4034 2629 4104 τὴν
2652 4033 2948 4105 γενομένην
2979 4034 3099 4087 κατ’
3127 4032 3305 4088 αὐτῶν
3332 4034 3713 4089 ἐπανάστασιν
3736 4046 3833 4085 κα-

2235 4124 2306 4179 τὰ
2331 4126 2460 4189 τοὺς
2487 4125 2712 4196 χρόνους
2744 4124 3016 4196 Ἀντιόχου
3042 4124 3141 4178 τοῦ
3174 4125 3274 4194 τῆς
3314 4125 3513 4198 Συρίας
3557 4122 3828 4198 βασιλέως

2237 4212 2503 4278 θεσπίζει.
2522 4212 2580 4267 '0
2606 4212 2846 4267 ἐπελθὼν
2879 4217 2991 4278 τοῖς
3028 4214 3437 4287 Ἱεροσολύμοις,
3476 4216 3538 4269 ού
3572 4213 3830 4285 καθαιρεῖ

2242 4302 2360 4374 μὲν,
2395 4303 2613 4377 βεϐηλοῖ
2638 4303 2695 4358 δὲ
2715 4303 2778 4358 τὸ
2803 4304 2966 4376 ἱερὸν,
2996 4302 3404 4379 είδωλολατρεῖν
3425 4306 3826 4377 ὲπαναγκάσας

2236 4395 2298 4450 τὸ
2329 4394 2496 4461 ἔθνος.
2526 4398 2744 4451 Τούτων
2775 4396 2832 4450 δὲ
2865 4397 2962 4469 τὴν
2997 4396 3237 4470 ἱστορίαν
3266 4401 3298 4470 ἡ
3329 4399 3438 4452 τῶν
3476 4399 3828 4470 ἐπιγεγραμμ-

2239 4489 2418 4559 μένων
2465 4488 2840 4544 Μακκαόαίων
2883 4488 3061 4560 βίϐλος
3105 4490 3383 4562 περιέχει·
3433 4493 3491 4545 έν
3618 4490 3716 4546 καὶ
3756 4487 3822 4541 τὰ

557 4586 882 4659 martyrium
907 4587 1151 4658 perpessi
1176 4596 1327 4654 sunt,
1363 4588 1775 4644 describuntur.
1804 4586 1987 4655 Quare
2020 4590 2131 4659 spi-

2240 4579 2418 4652 πλήθη
2444 4580 2556 4635 τῶν
2589 4582 2972 4654 ἀνῃρημένων,
3005 4582 3059 4636 οἵ
3085 4599 3145 4636 τε
3176 4584 3371 4653 τρόποι
3393 4582 3502 4637 τῶν
3536 4584 3647 4638 ὑπὸ
3674 4582 3825 4637 eooe-

558 4678 699 4733 ritus
725 4677 1077 4748 propheticus
1109 4678 1209 4735 bas
1243 4679 1521 4750 supplices
1556 4694 1721 4736 voces
1749 4694 1850 4750 pro
1880 4678 2140 4735 universo

554 4767 763 4838 populo
790 4766 1017 4823 eil'undit
1047 4785 1063 4824 :
1098 4767 1263 4836 Deus,
1292 4779 1545 4825 uenerunt
1572 4780 1744 4842 gentes
1768 4773 1823 4825 in
1858 4770 2142 4826 haeredita-

560 4868 664 4915 tem
694 4867 881 4936 tuam»,
906 4860 1213 4930 polluerunt
1255 4862 1506 4930 templum
1532 4870 1778 4917 sanctum
1820 4871 2005 4924 tuum,
2043 4876 2141 4931 ρον

557 4959 778 5007 suerunt
812 4951 1117 5007 Jerusalem
1160 4953 1219 5007 in
1257 4968 1536 5022 pomorum
1577 4953 1898 5008 custodiam.
1933 4952 2137 5008 Posue-

558 5050 686 5097 runt
733 5045 1020 5099 morticina
1065 5061 1339 5100 servorum
1389 5056 1600 5101 tuorum
1640 5063 1787 5101 escas
1832 5045 2136 5101 volatilibus

559 5136 677 5193 cali
692 5177 709 5203 ,
733 5153 919 5194 carnes
944 5149 1252 5195 sanctorum
1281 5151 1493 5195 tuorum
1525 5140 1705 5196 bestiis
1732 5150 1888 5196 terra:
1913 5138 1981 5196 ⁸⁸.
2008 5138 2135 5195 Haec

558 5232 626 5286 ad
653 5230 884 5302 gloriam
914 5234 1095 5304 gentis
1122 5234 1454 5305 vergebant,
1486 5249 1658 5305 quare
1684 5249 1882 5307 magna
1911 5249 2036 5289 cum
2073 5234 2136 5287 ll-

559 5320 721 5376 ducia
747 5320 893 5377 dicta
920 5330 1069 5379 sunt.
1101 5321 1303 5379 Verum
1337 5339 1446 5379 non
1475 5324 1606 5381 talia
1638 5332 1795 5380 erant
1824 5323 1879 5379 in
1910 5332 2135 5394 septua-

559 5411 771 5484 gesimo
825 5414 1020 5480 tertio,
1068 5414 1128 5471 in
1168 5429 1279 5485 quo
1319 5413 1644 5473 dicebatur:
1684 5415 1915 5489 Ulquid,
1961 5416 2135 5480 Deus,

567 5505 811 5575 repulisti
841 5506 895 5560 in
928 5506 1123 5576 ﬁnem,
1161 5507 1335 5562 iratus
1362 5517 1441 5561 est
1480 5508 1634 5576 {uror
1662 5517 1785 5563 tuus
1826 5524 1985 5577 super
2016 5525 2134 5564 oves

556 5608 771 5664 pascua:
799 5607 903 5651 tua:
927 5595 1010 5650 ⁸δῖ
1040 5594 1152 5651 Illis
1173 5596 1375 5667 quippe
1402 5595 1638 5665 abjectio
1666 5598 1851 5667 populi
1884 5597 1941 5652 in
1972 5597 2134 5652 linem

562 5700 736 5757 usque
763 5684 1169 5753 declarabatur,
1212 5703 1424 5744 necnon
1462 5697 1743 5761 postrema
1779 5688 2135 5763 Jerosolymte

2240 4674 2391 4737 6είας
2449 4673 2952 4747 μεμαρτυρηκότων
3015 4677 3147 4747 παρ’
3180 4676 3364 4742 αὐτοῖς
3407 4678 3816 4749 ἀνεγράφησαν.

2237 4765 2328 4820 Διὸ
2364 4766 2425 4820 τὸ
2458 4766 2793 4840 προφητικὸν
2820 4766 3043 4838 Πνεῦμα
3077 4768 3314 4834 ἔντευξιν
3339 4770 3480 4843 ὑπὲρ
3503 4771 3600 4825 τοῦ
3620 4766 3820 4830 παντὸς

2231 4857 2552 4929 ἀναπέμπει
2585 4858 2715 4913 λαοῦ
2745 4858 2972 4927 φάσκον·
2992 4860 3045 4911 '0
3074 4860 3236 4926 θεὸς,
3260 4859 3535 4930 ἤλθοσαν
3562 4864 3711 4931 ἔθνη
3735 4862 3817 4924 εἰς

2236 4952 2351 5017 τὴν
2406 4951 2814 5020 κληρονομίαν
2860 4964 2998 5016 σου,
3048 4951 3302 5021 ἐμίαναν
3344 4954 3452 5008 τόν
3508 4936 3663 5011 ναὸν
3717 4952 3820 5008 τόν

2235 5042 2406 5109 ἅγιόν
2449 5059 2566 5097 σου
2584 5082 2600 5107 ,
2638 5044 2842 5098 ἔθεντο
2878 5044 3265 5115 Ἰερουσαλὴμ
3305 5050 3392 5112 εὶς
3427 5044 3813 5120 ὀπωροερυλά-

2236 5137 2649 5190 κιον.Ἔθεντο
2676 5135 2749 5191 τὰ
2776 5137 3100 5208 θνησιμαῖα
3123 5138 3245 5193 τῶν
3271 5139 3507 5194 δούλων
3525 5157 3643 5195 σου
3659 5136 3814 5209 βρὼσ

2237 5243 2391 5289 ματα
2415 5226 2542 5292 τοῖς
2566 5230 2862 5296 πετεινοῖς
2884 5231 2989 5286 τοῦ
3012 5232 3292 5303 οὐρανοῦ,
3316 5232 3423 5298 τὰς
3446 5231 3683 5301 σάρκας
3702 5228 3815 5283 τῶν

2237 5318 2425 5373 ὁσίων
2473 5334 2590 5375 σου
2637 5320 2764 5387 τοῖς
2804 5324 3032 5392 θηρίοις
3073 5323 3185 5393 τῆς
3210 5323 3345 5395 γῆς.
3381 5322 3567 5379 Ταῦτα
3614 5325 3723 5396 γὰρ
3747 5316 3812 5391 ἦν

2243 5411 2695 5483 σεμνολογήματα
2724 5413 2819 5468 τοῦ
2848 5415 3057 5477 ἔθνους
3089 5414 3170 5470 διὸ
3208 5416 3304 5469 σὺν
3330 5416 3614 5489 παρρησίᾳ
3648 5411 3808 5481 πολλῇ

2240 5503 2478 5559 λέλεκτο.
2498 5505 2636 5559 Ἀλλ’
2658 5507 2719 5560 ού
2763 5506 2988 5562 τοιαῦτα
3025 5502 3095 5578 ἢν
3140 5505 3209 5561 τὰ
3252 5508 3311 5561 ὲν
3340 5506 3421 5579 τῷ
3448 5514 3498 5577 γ’
3522 5508 3618 5562 καὶ
3652 5513 3714 5570 o',
3745 5502 3807 5556 δι’

2239 5591 2300 5650 οὗ
2329 5595 2546 5665 ἐλέγετο
2563 5614 2578 5629 ·
2611 5597 2737 5652 Ἵνα
2763 5600 2841 5663 τί,
2874 5603 2907 5655 ό
2945 5600 3109 5667 Θεὸς,
3133 5599 3352 5656 ἀπώσω
3378 5602 3466 5665 είς
3488 5600 3682 5667 τέλος,
3705 5595 3808 5665 ὠρο

2241 5688 2418 5759 γίσθη
2466 5692 2499 5745 ό
2540 5693 2727 5762 θυμός
2753 5708 2870 5749 σου
2899 5694 2997 5749 ἐπὶ
3034 5695 3296 5763 πρόϐατα
3334 5693 3523 5765 νομῆς
3548 5706 3693 5756 σου;
3724 5687 3804 5745 Ἑν

630 5840 843 5898 “Psal.
877 5859 1080 5911 uxvu.
1128 5846 1175 5902 l.
1252 5846 1296 5879 "
1330 5843 1478 5903 Psal.
1510 5860 1739 5913 unm,
1778 5844 1828 5915 l,
1863 5844 1921 5903 2.
1999 5846 2043 5879 ⁸⁸
2067 5844 2136 5901 .Pt

2260 5860 2457 5916 tum,
2490 5845 2539 5901 l.
