  <div class='ocr_page' id='page_1' title='image "/cluster/home/n/w/nwhite01/storage/ocr_20150623/23/hvd.32044073501124/422.png"; bbox 0 0 2039 3467; ppageno 0'>
   <div class='ocr_carea' id='block_1_1' title="bbox 168 174 233 204">
    <p class='ocr_par' dir='ltr' id='par_1_1' title="bbox 168 174 233 204">
     <span class='ocr_line' id='line_1_1' title="bbox 168 174 233 204; baseline 0.031 -2"><span class='ocrx_word' id='word_1_1' title='bbox 168 174 233 204; x_wconf 66' lang='lat'><strong>829</strong></span> 
     </span>
    </p>
   </div>
   <div class='ocr_carea' id='block_1_2' title="bbox 747 168 1245 199">
    <p class='ocr_par' dir='ltr' id='par_1_2' title="bbox 747 168 1245 199">
     <span class='ocr_line' id='line_1_2' title="bbox 747 168 1245 199; baseline 0 0"><span class='ocrx_word' id='word_1_2' title='bbox 747 169 1002 199; x_wconf 78' lang='lat' dir='ltr'><strong>COMMENTARIA</strong></span> <span class='ocrx_word' id='word_1_3' title='bbox 1020 169 1054 197; x_wconf 87' lang='lat' dir='ltr'>IN</span> <span class='ocrx_word' id='word_1_4' title='bbox 1073 168 1245 199; x_wconf 72' lang='lat' dir='ltr'><strong>PSALMOS.</strong></span> 
     </span>
    </p>
   </div>
   <div class='ocr_carea' id='block_1_3' title="bbox 1765 170 1817 199">
    <p class='ocr_par' dir='ltr' id='par_1_3' title="bbox 1765 170 1817 199">
     <span class='ocr_line' id='line_1_3' title="bbox 1765 170 1817 199; baseline -0.019 0"><span class='ocrx_word' id='word_1_5' title='bbox 1765 170 1817 199; x_wconf 78' lang='lat'><strong>830</strong></span> 
     </span>
    </p>
   </div>
   <div class='ocr_carea' id='block_1_4' title="bbox 171 216 965 269">
    <p class='ocr_par' dir='ltr' id='par_1_4' title="bbox 171 227 962 269">
     <span class='ocr_line' id='line_1_4' title="bbox 171 227 962 269; baseline -0.006 -11"><span class='ocrx_word' id='word_1_6' title='bbox 171 231 294 264; x_wconf 68' lang='grc' dir='ltr'>ἐκείνοις</span> <span class='ocrx_word' id='word_1_7' title='bbox 310 230 364 268; x_wconf 84' lang='grc' dir='ltr'><strong>γάρ</strong></span> <span class='ocrx_word' id='word_1_8' title='bbox 377 231 425 267; x_wconf 85' lang='grc' dir='ltr'>τὴν</span> <span class='ocrx_word' id='word_1_9' title='bbox 439 231 478 262; x_wconf 85' lang='grc' dir='ltr'><strong>είς</strong></span> <span class='ocrx_word' id='word_1_10' title='bbox 490 230 566 262; x_wconf 82' lang='grc' dir='ltr'>τέλος</span> <span class='ocrx_word' id='word_1_11' title='bbox 582 227 718 269; x_wconf 74' lang='grc' dir='ltr'>ἀποϐολὴν</span> <span class='ocrx_word' id='word_1_12' title='bbox 735 227 781 254; x_wconf 80' lang='grc' dir='ltr'><strong>τοῦ</strong></span> <span class='ocrx_word' id='word_1_13' title='bbox 799 227 893 259; x_wconf 75' lang='grc' dir='ltr'>ἔθνους</span> <span class='ocrx_word' id='word_1_14' title='bbox 916 227 962 263; x_wconf 81' lang='grc' dir='ltr'><strong>ὲδή</strong></span> 
     </span>
    </p>
   </div>
   <div class='ocr_carea' id='block_1_5' title="bbox 1017 216 1818 269">
    <p class='ocr_par' dir='ltr' id='par_1_5' title="bbox 1029 216 1818 263">
     <span class='ocr_line' id='line_1_5' title="bbox 1029 216 1818 263; baseline 0.003 -9"><span class='ocrx_word' id='word_1_15' title='bbox 1029 227 1107 254; x_wconf 86' lang='lat' dir='ltr'><strong>ruina</strong></span> <span class='ocrx_word' id='word_1_16' title='bbox 1123 237 1130 255; x_wconf 90' lang='lat'><strong>:</strong></span> <span class='ocrx_word' id='word_1_17' title='bbox 1149 227 1176 255; x_wconf 91' lang='lat' dir='ltr'><strong>in</strong></span> <span class='ocrx_word' id='word_1_18' title='bbox 1191 227 1239 254; x_wconf 89' lang='lat' dir='ltr'><strong>illo</strong></span> <span class='ocrx_word' id='word_1_19' title='bbox 1254 226 1317 254; x_wconf 89' lang='lat' dir='ltr'><strong>item</strong></span> <span class='ocrx_word' id='word_1_20' title='bbox 1336 234 1391 254; x_wconf 92' lang='lat' dir='ltr'><strong>non</strong></span> <span class='ocrx_word' id='word_1_21' title='bbox 1409 226 1515 255; x_wconf 76' lang='lat' dir='ltr'><strong>faustus</strong></span> <span class='ocrx_word' id='word_1_22' title='bbox 1531 226 1611 260; x_wconf 82' lang='lat' dir='ltr'><strong>linis,</strong></span> <span class='ocrx_word' id='word_1_23' title='bbox 1629 234 1684 254; x_wconf 83' lang='lat' dir='ltr'><strong>non</strong></span> <span class='ocrx_word' id='word_1_24' title='bbox 1700 216 1818 263; x_wconf 82' lang='lat' dir='ltr'><strong>promis-</strong></span> 
     </span>
    </p>
   </div>
   <div class='ocr_carea' id='block_1_6' title="bbox 171 273 971 313">
    <p class='ocr_par' dir='ltr' id='par_1_6' title="bbox 171 273 971 313">
     <span class='ocr_line' id='line_1_6' title="bbox 171 273 971 313; baseline -0.008 -8"><span class='ocrx_word' id='word_1_25' title='bbox 171 278 234 309; x_wconf 81' lang='grc' dir='ltr'>λου,</span> <span class='ocrx_word' id='word_1_26' title='bbox 249 277 297 304; x_wconf 75' lang='grc' dir='ltr'>καὶ</span> <span class='ocrx_word' id='word_1_27' title='bbox 324 278 373 313; x_wconf 82' lang='grc' dir='ltr'>τὴν</span> <span class='ocrx_word' id='word_1_28' title='bbox 402 277 518 313; x_wconf 74' lang='grc' dir='ltr'>ἐσχάτην</span> <span class='ocrx_word' id='word_1_29' title='bbox 542 276 593 312; x_wconf 82' lang='grc' dir='ltr'>τῆς</span> <span class='ocrx_word' id='word_1_30' title='bbox 611 274 789 311; x_wconf 81' lang='grc' dir='ltr'>Ἰερουσαλὴμ</span> <span class='ocrx_word' id='word_1_31' title='bbox 803 273 971 300; x_wconf 78' lang='grc' dir='ltr'>ἀπόπτωσιν.</span> 
     </span>
    </p>
   </div>
   <div class='ocr_carea' id='block_1_7' title="bbox 171 320 973 359">
    <p class='ocr_par' dir='ltr' id='par_1_7' title="bbox 171 320 973 359">
     <span class='ocr_line' id='line_1_7' title="bbox 171 320 973 359; baseline -0.007 -8"><span class='ocrx_word' id='word_1_32' title='bbox 171 324 233 351; x_wconf 79' lang='grc' dir='ltr'><strong>Καὶ</strong></span> <span class='ocrx_word' id='word_1_33' title='bbox 247 325 277 350; x_wconf 81' lang='grc' dir='ltr'>ὲν</span> <span class='ocrx_word' id='word_1_34' title='bbox 292 324 389 359; x_wconf 78' lang='grc' dir='ltr'>ἐκείνῳ</span> <span class='ocrx_word' id='word_1_35' title='bbox 406 323 454 359; x_wconf 76' lang='grc' dir='ltr'>μὲν</span> <span class='ocrx_word' id='word_1_36' title='bbox 471 323 520 349; x_wconf 86' lang='grc' dir='ltr'>οὑκ</span> <span class='ocrx_word' id='word_1_37' title='bbox 534 322 684 358; x_wconf 70' lang='grc' dir='ltr'><strong>ἐμφέρεται</strong></span> <span class='ocrx_word' id='word_1_38' title='bbox 703 320 819 356; x_wconf 82' lang='grc' dir='ltr'>χρηστὸν</span> <span class='ocrx_word' id='word_1_39' title='bbox 836 320 914 351; x_wconf 84' lang='grc' dir='ltr'>τέλος</span> <span class='ocrx_word' id='word_1_40' title='bbox 928 320 973 346; x_wconf 85' lang='grc' dir='ltr'><strong>οὑ-</strong></span> 
     </span>
    </p>
   </div>
   <div class='ocr_carea' id='block_1_8' title="bbox 169 365 971 405">
    <p class='ocr_par' dir='ltr' id='par_1_8' title="bbox 169 365 971 405">
     <span class='ocr_line' id='line_1_8' title="bbox 169 365 971 405; baseline -0.006 -9"><span class='ocrx_word' id='word_1_41' title='bbox 169 369 205 396; x_wconf 76' lang='grc' dir='ltr'><strong>δὲ</strong></span> <span class='ocrx_word' id='word_1_42' title='bbox 229 369 381 403; x_wconf 76' lang='grc' dir='ltr'><strong>ἐπαγγελία</strong></span> <span class='ocrx_word' id='word_1_43' title='bbox 401 377 443 400; x_wconf 85' lang='grc' dir='ltr'><strong>τις</strong></span> <span class='ocrx_word' id='word_1_44' title='bbox 458 367 649 405; x_wconf 79' lang='grc' dir='ltr'>θεραπεύουσα</span> <span class='ocrx_word' id='word_1_45' title='bbox 664 367 698 393; x_wconf 78' lang='grc' dir='ltr'><strong>τὰ</strong></span> <span class='ocrx_word' id='word_1_46' title='bbox 710 366 861 401; x_wconf 79' lang='grc' dir='ltr'><strong>λελεγμένα</strong></span> <span class='ocrx_word' id='word_1_47' title='bbox 875 375 881 381; x_wconf 90' lang='grc'>·</span> <span class='ocrx_word' id='word_1_48' title='bbox 897 367 926 392; x_wconf 82' lang='grc' dir='ltr'>ὲν</span> <span class='ocrx_word' id='word_1_49' title='bbox 942 365 971 392; x_wconf 76' lang='grc' dir='ltr'><strong>δὲ</strong></span> 
     </span>
    </p>
   </div>
   <div class='ocr_carea' id='block_1_9' title="bbox 168 411 971 450">
    <p class='ocr_par' dir='ltr' id='par_1_9' title="bbox 168 411 971 450">
     <span class='ocr_line' id='line_1_9' title="bbox 168 411 971 450; baseline -0.006 -9"><span class='ocrx_word' id='word_1_50' title='bbox 168 414 215 450; x_wconf 78' lang='grc' dir='ltr'>τῷ</span> <span class='ocrx_word' id='word_1_51' title='bbox 234 414 347 450; x_wconf 67' lang='grc' dir='ltr'>παρόνί</span> <span class='ocrx_word' id='word_1_52' title='bbox 364 414 432 449; x_wconf 80' lang='grc' dir='ltr'>μετὰ</span> <span class='ocrx_word' id='word_1_53' title='bbox 445 414 478 440; x_wconf 79' lang='grc' dir='ltr'>τὰ</span> <span class='ocrx_word' id='word_1_54' title='bbox 492 412 642 448; x_wconf 80' lang='grc' dir='ltr'>σκυθρωπὰ</span> <span class='ocrx_word' id='word_1_55' title='bbox 653 412 834 438; x_wconf 83' lang='grc' dir='ltr'>ὲπισυνὰπτει</span> <span class='ocrx_word' id='word_1_56' title='bbox 846 411 885 446; x_wconf 84' lang='grc' dir='ltr'>τῷ</span> <span class='ocrx_word' id='word_1_57' title='bbox 899 411 971 437; x_wconf 88' lang='grc' dir='ltr'>τέλει</span> 
     </span>
    </p>
   </div>
   <div class='ocr_carea' id='block_1_10' title="bbox 170 454 975 493">
    <p class='ocr_par' dir='ltr' id='par_1_10' title="bbox 170 454 975 493">
     <span class='ocr_line' id='line_1_10' title="bbox 170 454 975 493; baseline -0.005 -7"><span class='ocrx_word' id='word_1_58' title='bbox 170 459 224 486; x_wconf 78' lang='grc' dir='ltr'>τοῦ</span> <span class='ocrx_word' id='word_1_59' title='bbox 249 459 351 491; x_wconf 70' lang='grc' dir='ltr'>παντὸς</span> <span class='ocrx_word' id='word_1_60' title='bbox 374 459 471 493; x_wconf 88' lang='grc' dir='ltr'>λόγου·</span> <span class='ocrx_word' id='word_1_61' title='bbox 499 458 619 491; x_wconf 80' lang='grc' dir='ltr'><strong>Ἀπόδος</strong></span> <span class='ocrx_word' id='word_1_62' title='bbox 646 457 707 490; x_wconf 83' lang='grc' dir='ltr'>τοῖς</span> <span class='ocrx_word' id='word_1_63' title='bbox 732 457 865 492; x_wconf 73' lang='grc' dir='ltr'><strong>γείτοσιν</strong></span> <span class='ocrx_word' id='word_1_64' title='bbox 890 454 975 491; x_wconf 75' lang='grc' dir='ltr'><strong>ἡμῶν</strong></span> 
     </span>
    </p>
   </div>
   <div class='ocr_carea' id='block_1_11' title="bbox 169 502 974 537">
    <p class='ocr_par' dir='ltr' id='par_1_11' title="bbox 169 502 974 537">
     <span class='ocr_line' id='line_1_11' title="bbox 169 502 974 537; baseline -0.004 -5"><span class='ocrx_word' id='word_1_65' title='bbox 169 505 407 533; x_wconf 77' lang='grc' dir='ltr'><strong>ἑπταπλασίονα</strong></span> <span class='ocrx_word' id='word_1_66' title='bbox 426 506 470 537; x_wconf 78' lang='grc' dir='ltr'>εις</span> <span class='ocrx_word' id='word_1_67' title='bbox 490 504 544 531; x_wconf 81' lang='grc' dir='ltr'><strong>τὸν</strong></span> <span class='ocrx_word' id='word_1_68' title='bbox 561 505 677 531; x_wconf 76' lang='grc' dir='ltr'>κόλπον</span> <span class='ocrx_word' id='word_1_69' title='bbox 694 502 804 535; x_wconf 78' lang='grc' dir='ltr'>αὐτῶν,</span> <span class='ocrx_word' id='word_1_70' title='bbox 820 503 873 530; x_wconf 82' lang='grc' dir='ltr'><strong>τὸν</strong></span> <span class='ocrx_word' id='word_1_71' title='bbox 896 503 974 530; x_wconf 73' lang='grc' dir='ltr'>ὀνει-</span> 
     </span>
    </p>
   </div>
   <div class='ocr_carea' id='block_1_12' title="bbox 170 549 974 587">
    <p class='ocr_par' dir='ltr' id='par_1_12' title="bbox 170 549 974 587">
     <span class='ocr_line' id='line_1_12' title="bbox 170 549 974 587; baseline -0.001 -10"><span class='ocrx_word' id='word_1_72' title='bbox 170 551 287 587; x_wconf 81' lang='grc' dir='ltr'>δισμὸν</span> <span class='ocrx_word' id='word_1_73' title='bbox 301 551 411 583; x_wconf 78' lang='grc' dir='ltr'>αὐτῶν,</span> <span class='ocrx_word' id='word_1_74' title='bbox 426 551 461 578; x_wconf 76' lang='grc' dir='ltr'><strong>ὃν</strong></span> <span class='ocrx_word' id='word_1_75' title='bbox 473 550 634 578; x_wconf 77' lang='grc' dir='ltr'>ὡνείδισάν</span> <span class='ocrx_word' id='word_1_76' title='bbox 646 558 694 582; x_wconf 85' lang='grc' dir='ltr'><strong>σε,</strong></span> <span class='ocrx_word' id='word_1_77' title='bbox 710 551 808 584; x_wconf 79' lang='grc' dir='ltr'>Κύριε.</span> <span class='ocrx_word' id='word_1_78' title='bbox 817 549 916 584; x_wconf 81' lang='grc' dir='ltr'><em>Ἡμεῖς</em></span> <span class='ocrx_word' id='word_1_79' title='bbox 929 549 974 581; x_wconf 82' lang='grc' dir='ltr'><strong>δὲ,</strong></span> 
     </span>
    </p>
   </div>
   <div class='ocr_carea' id='block_1_13' title="bbox 172 598 976 633">
    <p class='ocr_par' dir='ltr' id='par_1_13' title="bbox 172 598 976 633">
     <span class='ocr_line' id='line_1_13' title="bbox 172 598 976 633; baseline -0.002 -7"><span class='ocrx_word' id='word_1_80' title='bbox 172 600 254 632; x_wconf 68' lang='grc' dir='ltr'>λαός</span> <span class='ocrx_word' id='word_1_81' title='bbox 270 607 329 627; x_wconf 87' lang='grc' dir='ltr'>σου</span> <span class='ocrx_word' id='word_1_82' title='bbox 349 599 398 626; x_wconf 76' lang='grc' dir='ltr'>καὶ</span> <span class='ocrx_word' id='word_1_83' title='bbox 413 600 545 633; x_wconf 75' lang='grc' dir='ltr'>πρόϐατα</span> <span class='ocrx_word' id='word_1_84' title='bbox 565 598 661 633; x_wconf 86' lang='grc' dir='ltr'><strong>νομῆς</strong></span> <span class='ocrx_word' id='word_1_85' title='bbox 684 605 753 630; x_wconf 81' lang='grc' dir='ltr'>σου,</span> <span class='ocrx_word' id='word_1_86' title='bbox 772 598 976 632; x_wconf 65' lang='grc' dir='ltr'>ἀνθομολογη-</span> 
     </span>
    </p>
   </div>
   <div class='ocr_carea' id='block_1_14' title="bbox 1028 273 1817 308">
    <p class='ocr_par' dir='ltr' id='par_1_14' title="bbox 1028 273 1817 308">
     <span class='ocr_line' id='line_1_14' title="bbox 1028 273 1817 308; baseline 0.001 -7"><span class='ocrx_word' id='word_1_87' title='bbox 1028 274 1086 307; x_wconf 82' lang='lat' dir='ltr'><strong>sio,</strong></span> <span class='ocrx_word' id='word_1_88' title='bbox 1102 282 1163 308; x_wconf 63' lang='lat' dir='ltr'><strong>qua:</strong></span> <span class='ocrx_word' id='word_1_89' title='bbox 1188 273 1334 301; x_wconf 72' lang='lat' dir='ltr'><strong>recensitis</strong></span> <span class='ocrx_word' id='word_1_90' title='bbox 1355 273 1434 301; x_wconf 88' lang='lat' dir='ltr'><strong>malis</strong></span> <span class='ocrx_word' id='word_1_91' title='bbox 1458 273 1610 304; x_wconf 85' lang='lat' dir='ltr'><strong>medeatur,</strong></span> <span class='ocrx_word' id='word_1_92' title='bbox 1632 273 1766 308; x_wconf 79' lang='lat' dir='ltr'><strong>atl&#39;ertur;</strong></span> <span class='ocrx_word' id='word_1_93' title='bbox 1789 279 1817 302; x_wconf 79' lang='lat' dir='ltr'><strong>at</strong></span> 
     </span>
    </p>
   </div>
   <div class='ocr_carea' id='block_1_15' title="bbox 1027 319 1817 355">
    <p class='ocr_par' dir='ltr' id='par_1_15' title="bbox 1027 319 1817 355">
     <span class='ocr_line' id='line_1_15' title="bbox 1027 319 1817 355; baseline 0 -8"><span class='ocrx_word' id='word_1_94' title='bbox 1027 320 1054 347; x_wconf 94' lang='lat' dir='ltr'><strong>in</strong></span> <span class='ocrx_word' id='word_1_95' title='bbox 1072 320 1201 355; x_wconf 67' lang='lat' dir='ltr'><strong>prmsenti</strong></span> <span class='ocrx_word' id='word_1_96' title='bbox 1225 324 1285 355; x_wconf 77' lang='lat' dir='ltr'><strong>post</strong></span> <span class='ocrx_word' id='word_1_97' title='bbox 1303 319 1393 346; x_wconf 75' lang='lat' dir='ltr'><strong>tristia</strong></span> <span class='ocrx_word' id='word_1_98' title='bbox 1418 319 1464 346; x_wconf 88' lang='lat' dir='ltr'><strong>illa</strong></span> <span class='ocrx_word' id='word_1_99' title='bbox 1489 319 1546 346; x_wconf 77' lang='lat' dir='ltr'><strong>haec</strong></span> <span class='ocrx_word' id='word_1_100' title='bbox 1563 321 1589 347; x_wconf 91' lang='lat' dir='ltr'><strong>in</strong></span> <span class='ocrx_word' id='word_1_101' title='bbox 1607 319 1658 347; x_wconf 80' lang='lat' dir='ltr'><strong>line</strong></span> <span class='ocrx_word' id='word_1_102' title='bbox 1680 321 1817 347; x_wconf 85' lang='lat' dir='ltr'><strong>sermonis</strong></span> 
     </span>
    </p>
   </div>
   <div class='ocr_carea' id='block_1_16' title="bbox 1030 365 1816 401">
    <p class='ocr_par' dir='ltr' id='par_1_16' title="bbox 1030 365 1816 401">
     <span class='ocr_line' id='line_1_16' title="bbox 1030 365 1816 401; baseline 0.001 -9"><span class='ocrx_word' id='word_1_103' title='bbox 1030 366 1125 400; x_wconf 86' lang='lat' dir='ltr'><strong>adjicit</strong></span> <span class='ocrx_word' id='word_1_104' title='bbox 1141 376 1146 392; x_wconf 96' lang='lat'>:</span> <span class='ocrx_word' id='word_1_105' title='bbox 1165 365 1252 393; x_wconf 71' lang='lat' dir='ltr'><strong>Redde</strong></span> <span class='ocrx_word' id='word_1_106' title='bbox 1265 365 1358 392; x_wconf 75' lang='lat' dir='ltr'><strong>uicinis</strong></span> <span class='ocrx_word' id='word_1_107' title='bbox 1374 366 1472 392; x_wconf 71' lang='lat' dir='ltr'><strong>nostris</strong></span> <span class='ocrx_word' id='word_1_108' title='bbox 1488 366 1636 401; x_wconf 72' lang='lat' dir='ltr'><strong>srptuplam</strong></span> <span class='ocrx_word' id='word_1_109' title='bbox 1652 366 1679 392; x_wconf 87' lang='lat' dir='ltr'><strong>in</strong></span> <span class='ocrx_word' id='word_1_110' title='bbox 1702 366 1762 393; x_wconf 78' lang='lat' dir='ltr'><strong>sinu</strong></span> <span class='ocrx_word' id='word_1_111' title='bbox 1771 374 1816 393; x_wconf 75' lang='lat' dir='ltr'><strong>ea-</strong></span> 
     </span>
    </p>
   </div>
   <div class='ocr_carea' id='block_1_17' title="bbox 1025 411 1816 447">
    <p class='ocr_par' dir='ltr' id='par_1_17' title="bbox 1025 411 1816 447">
     <span class='ocr_line' id='line_1_17' title="bbox 1025 411 1816 447; baseline 0 -9"><span class='ocrx_word' id='word_1_112' title='bbox 1025 420 1085 439; x_wconf 82' lang='lat' dir='ltr'><strong>rum</strong></span> <span class='ocrx_word' id='word_1_113' title='bbox 1100 433 1107 445; x_wconf 83' lang='lat'><strong>,</strong></span> <span class='ocrx_word' id='word_1_114' title='bbox 1138 412 1328 447; x_wconf 81' lang='lat' dir='ltr'><strong>improperium</strong></span> <span class='ocrx_word' id='word_1_115' title='bbox 1352 411 1492 446; x_wconf 80' lang='lat' dir='ltr'><strong>ipsorum,</strong></span> <span class='ocrx_word' id='word_1_116' title='bbox 1518 420 1569 447; x_wconf 82' lang='lat' dir='ltr'><strong>quo</strong></span> <span class='ocrx_word' id='word_1_117' title='bbox 1593 411 1816 446; x_wconf 60' lang='lat' dir='ltr'><strong>caprcbrarerunt</strong></span> 
     </span>
    </p>
   </div>
   <div class='ocr_carea' id='block_1_18' title="bbox 1025 456 1816 491">
    <p class='ocr_par' dir='ltr' id='par_1_18' title="bbox 1025 456 1816 491">
     <span class='ocr_line' id='line_1_18' title="bbox 1025 456 1816 491; baseline -0.001 -7"><span class='ocrx_word' id='word_1_118' title='bbox 1025 458 1083 489; x_wconf 81' lang='lat' dir='ltr'><strong>tibi,</strong></span> <span class='ocrx_word' id='word_1_119' title='bbox 1093 457 1215 484; x_wconf 83' lang='lat' dir='ltr'><strong>Domine.</strong></span> <span class='ocrx_word' id='word_1_120' title='bbox 1227 456 1284 483; x_wconf 70' lang='lat' dir='ltr'><strong>Non</strong></span> <span class='ocrx_word' id='word_1_121' title='bbox 1299 462 1386 484; x_wconf 83' lang='lat' dir='ltr'><strong>autem</strong></span> <span class='ocrx_word' id='word_1_122' title='bbox 1401 457 1512 491; x_wconf 82' lang='lat' dir='ltr'><strong>populus</strong></span> <span class='ocrx_word' id='word_1_123' title='bbox 1529 464 1590 484; x_wconf 80' lang='lat' dir='ltr'><strong>laus</strong></span> <span class='ocrx_word' id='word_1_124' title='bbox 1604 461 1628 484; x_wconf 81' lang='lat' dir='ltr'><strong>et</strong></span> <span class='ocrx_word' id='word_1_125' title='bbox 1642 465 1699 483; x_wconf 77' lang='lat' dir='ltr'><strong>ores</strong></span> <span class='ocrx_word' id='word_1_126' title='bbox 1711 464 1816 490; x_wconf 72' lang='lat' dir='ltr'><strong>pascua!</strong></span> 
     </span>
    </p>
   </div>
   <div class='ocr_carea' id='block_1_19' title="bbox 1026 502 1815 538">
    <p class='ocr_par' dir='ltr' id='par_1_19' title="bbox 1026 502 1815 538">
     <span class='ocr_line' id='line_1_19' title="bbox 1026 502 1815 538; baseline 0 -8"><span class='ocrx_word' id='word_1_127' title='bbox 1026 508 1094 535; x_wconf 69' lang='lat' dir='ltr'><strong>tua&#39;,</strong></span> <span class='ocrx_word' id='word_1_128' title='bbox 1108 503 1295 532; x_wconf 81' lang='lat' dir='ltr'><strong>conﬁtebimur</strong></span> <span class='ocrx_word' id='word_1_129' title='bbox 1310 503 1358 530; x_wconf 83' lang='lat' dir='ltr'><strong>tibi</strong></span> <span class='ocrx_word' id='word_1_130' title='bbox 1375 503 1401 529; x_wconf 84' lang='lat' dir='ltr'><strong>in</strong></span> <span class='ocrx_word' id='word_1_131' title='bbox 1416 503 1554 530; x_wconf 65' lang='lat' dir='ltr'><strong>sa&#39;calnm.</strong></span> <span class='ocrx_word' id='word_1_132' title='bbox 1573 502 1605 530; x_wconf 79' lang='lat' dir='ltr'><strong>In</strong></span> <span class='ocrx_word' id='word_1_133' title='bbox 1621 503 1815 538; x_wconf 79' lang='lat' dir='ltr'><strong>generationem</strong></span> 
     </span>
    </p>
   </div>
   <div class='ocr_carea' id='block_1_20' title="bbox 1025 549 1816 585">
    <p class='ocr_par' dir='ltr' id='par_1_20' title="bbox 1025 549 1816 585">
     <span class='ocr_line' id='line_1_20' title="bbox 1025 549 1816 585; baseline -0.003 -7"><span class='ocrx_word' id='word_1_134' title='bbox 1025 555 1049 578; x_wconf 85' lang='lat' dir='ltr'><strong>et</strong></span> <span class='ocrx_word' id='word_1_135' title='bbox 1076 550 1270 585; x_wconf 78' lang='lat' dir='ltr'><strong>generationem</strong></span> <span class='ocrx_word' id='word_1_136' title='bbox 1293 550 1512 577; x_wconf 77' lang='lat' dir='ltr'><strong>annuntiabimus</strong></span> <span class='ocrx_word' id='word_1_137' title='bbox 1533 549 1637 577; x_wconf 78' lang='lat' dir='ltr'><strong>laudent</strong></span> <span class='ocrx_word' id='word_1_138' title='bbox 1661 554 1743 577; x_wconf 81' lang='lat' dir='ltr'><strong>luam.</strong></span> <span class='ocrx_word' id='word_1_139' title='bbox 1768 549 1816 577; x_wconf 70' lang='grc' dir='ltr'><strong>Ηω</strong></span> 
     </span>
    </p>
   </div>
   <div class='ocr_carea' id='block_1_21' title="bbox 1025 596 1549 632">
    <p class='ocr_par' dir='ltr' id='par_1_21' title="bbox 1025 596 1549 632">
     <span class='ocr_line' id='line_1_21' title="bbox 1025 596 1549 632; baseline -0.002 -9"><span class='ocrx_word' id='word_1_140' title='bbox 1025 597 1126 632; x_wconf 84' lang='lat' dir='ltr'><strong>quippe</strong></span> <span class='ocrx_word' id='word_1_141' title='bbox 1143 604 1205 623; x_wconf 78' lang='lat' dir='ltr'><strong>vere</strong></span> <span class='ocrx_word' id='word_1_142' title='bbox 1220 596 1360 631; x_wconf 78' lang='lat' dir='ltr'><strong>justorum</strong></span> <span class='ocrx_word' id='word_1_143' title='bbox 1378 605 1459 624; x_wconf 80' lang='lat' dir='ltr'><strong>voces</strong></span> <span class='ocrx_word' id='word_1_144' title='bbox 1474 600 1549 624; x_wconf 93' lang='lat' dir='ltr'><strong>sunt.</strong></span> 
     </span>
    </p>
   </div>
   <div class='ocr_carea' id='block_1_22' title="bbox 170 639 1815 680">
    <p class='ocr_par' dir='ltr' id='par_1_22' title="bbox 170 639 1815 680">
     <span class='ocr_line' id='line_1_22' title="bbox 170 639 1815 680; baseline -0.002 -9"><span class='ocrx_word' id='word_1_145' title='bbox 170 644 290 680; x_wconf 80' lang='grc' dir='ltr'>σόμεθὰ</span> <span class='ocrx_word' id='word_1_146' title='bbox 301 652 350 673; x_wconf 84' lang='grc' dir='ltr'><strong>σοι</strong></span> <span class='ocrx_word' id='word_1_147' title='bbox 365 646 409 678; x_wconf 80' lang='grc' dir='ltr'>εὶς</span> <span class='ocrx_word' id='word_1_148' title='bbox 419 645 472 672; x_wconf 80' lang='grc' dir='ltr'><strong>τὸν</strong></span> <span class='ocrx_word' id='word_1_149' title='bbox 487 644 592 672; x_wconf 75' lang='grc' dir='ltr'><strong>αἰῶνα.</strong></span> <span class='ocrx_word' id='word_1_150' title='bbox 607 646 660 677; x_wconf 83' lang='grc' dir='ltr'><strong>Εἰς</strong></span> <span class='ocrx_word' id='word_1_151' title='bbox 672 644 780 679; x_wconf 76' lang='grc' dir='ltr'>γενεὰν</span> <span class='ocrx_word' id='word_1_152' title='bbox 799 643 849 670; x_wconf 80' lang='grc' dir='ltr'>καὶ</span> <span class='ocrx_word' id='word_1_153' title='bbox 863 643 970 678; x_wconf 73' lang='grc' dir='ltr'>γενεὰν</span> <span class='ocrx_word' id='word_1_154' title='bbox 987 641 1212 678; x_wconf 74' lang='grc' dir='ltr'>ἐξαγγελοῦμεν</span> <span class='ocrx_word' id='word_1_155' title='bbox 1228 641 1285 676; x_wconf 84' lang='grc' dir='ltr'><strong>τὴν</strong></span> <span class='ocrx_word' id='word_1_156' title='bbox 1302 642 1422 669; x_wconf 70' lang='grc' dir='ltr'>αἴγεσιν</span> <span class='ocrx_word' id='word_1_157' title='bbox 1436 650 1504 669; x_wconf 87' lang='grc' dir='ltr'>σου.</span> <span class='ocrx_word' id='word_1_158' title='bbox 1531 639 1617 669; x_wconf 76' lang='grc' dir='ltr'>Αὒται</span> <span class='ocrx_word' id='word_1_159' title='bbox 1649 641 1703 677; x_wconf 82' lang='grc' dir='ltr'><strong>γὰρ</strong></span> <span class='ocrx_word' id='word_1_160' title='bbox 1723 641 1815 676; x_wconf 82' lang='grc' dir='ltr'>σαφῶς</span> 
     </span>
    </p>
   </div>
   <div class='ocr_carea' id='block_1_23' title="bbox 169 692 580 728">
    <p class='ocr_par' dir='ltr' id='par_1_23' title="bbox 169 692 580 728">
     <span class='ocr_line' id='line_1_23' title="bbox 169 692 580 728; baseline -0.002 -9"><span class='ocrx_word' id='word_1_161' title='bbox 169 692 289 720; x_wconf 80' lang='grc' dir='ltr'>δικαίων</span> <span class='ocrx_word' id='word_1_162' title='bbox 306 692 471 728; x_wconf 82' lang='grc' dir='ltr'>τυγχάνουσι</span> <span class='ocrx_word' id='word_1_163' title='bbox 484 692 580 727; x_wconf 77' lang='grc' dir='ltr'>φωναί.</span> 
     </span>
    </p>
   </div>
   <div class='ocr_carea' id='block_1_24' title="bbox 555 750 597 777">
    <p class='ocr_par' dir='ltr' id='par_1_24' title="bbox 555 750 597 777">
     <span class='ocr_line' id='line_1_24' title="bbox 555 750 597 777; baseline -0.024 0"><span class='ocrx_word' id='word_1_164' title='bbox 555 750 597 777; x_wconf 81' lang='lat' dir='ltr'><strong>H&#39;.</strong></span> 
     </span>
    </p>
   </div>
   <div class='ocr_carea' id='block_1_25' title="bbox 216 794 972 832">
    <p class='ocr_par' dir='ltr' id='par_1_25' title="bbox 216 794 972 832">
     <span class='ocr_line' id='line_1_25' title="bbox 216 794 972 832; baseline -0.004 -8"><span class='ocrx_word' id='word_1_165' title='bbox 216 797 249 824; x_wconf 84' lang='grc' dir='ltr'><strong>Ἦ</strong></span> <span class='ocrx_word' id='word_1_166' title='bbox 274 797 354 832; x_wconf 80' lang='grc' dir='ltr'><strong>ὀγδόη</strong></span> <span class='ocrx_word' id='word_1_167' title='bbox 381 796 535 832; x_wconf 78' lang='grc' dir='ltr'>προφητεία</span> <span class='ocrx_word' id='word_1_168' title='bbox 561 795 607 823; x_wconf 82' lang='grc' dir='ltr'>τοῦ</span> <span class='ocrx_word' id='word_1_169' title='bbox 630 796 716 830; x_wconf 75' lang='grc' dir='ltr'>Ἀσάφ</span> <span class='ocrx_word' id='word_1_170' title='bbox 741 803 828 822; x_wconf 76' lang='grc' dir='ltr'>πολλα</span> <span class='ocrx_word' id='word_1_171' title='bbox 845 794 972 831; x_wconf 78' lang='grc' dir='ltr'><strong>σημαίνει</strong></span> 
     </span>
    </p>
   </div>
   <div class='ocr_carea' id='block_1_26' title="bbox 172 841 971 878">
    <p class='ocr_par' dir='ltr' id='par_1_26' title="bbox 172 841 971 878">
     <span class='ocr_line' id='line_1_26' title="bbox 172 841 971 878; baseline -0.003 -8"><span class='ocrx_word' id='word_1_172' title='bbox 172 843 247 870; x_wconf 80' lang='grc' dir='ltr'>κατὰ</span> <span class='ocrx_word' id='word_1_173' title='bbox 261 843 290 869; x_wconf 82' lang='grc' dir='ltr'>τὸ</span> <span class='ocrx_word' id='word_1_174' title='bbox 302 843 367 869; x_wconf 81' lang='grc' dir='ltr'>αὐτὸ</span> <span class='ocrx_word' id='word_1_175' title='bbox 382 842 427 869; x_wconf 80' lang='grc' dir='ltr'>διὰ</span> <span class='ocrx_word' id='word_1_176' title='bbox 445 842 495 877; x_wconf 79' lang='grc' dir='ltr'>τῆς</span> <span class='ocrx_word' id='word_1_177' title='bbox 517 843 696 878; x_wconf 77' lang='grc' dir='ltr'><strong>προγραφῆς·</strong></span> <span class='ocrx_word' id='word_1_178' title='bbox 715 841 773 868; x_wconf 74' lang='grc' dir='ltr'>ἐστι</span> <span class='ocrx_word' id='word_1_179' title='bbox 787 841 856 877; x_wconf 85' lang='grc' dir='ltr'>γὰρ,</span> <span class='ocrx_word' id='word_1_180' title='bbox 873 842 917 874; x_wconf 81' lang='grc' dir='ltr'>εις</span> <span class='ocrx_word' id='word_1_181' title='bbox 938 841 971 868; x_wconf 78' lang='grc' dir='ltr'>τὸ</span> 
     </span>
    </p>
   </div>
   <div class='ocr_carea' id='block_1_27' title="bbox 1384 743 1451 771">
    <p class='ocr_par' dir='ltr' id='par_1_27' title="bbox 1384 743 1451 771">
     <span class='ocr_line' id='line_1_27' title="bbox 1384 743 1451 771; baseline 0 0"><span class='ocrx_word' id='word_1_182' title='bbox 1384 743 1451 771; x_wconf 83' lang='lat' dir='ltr'>VIII.</span> 
     </span>
    </p>
   </div>
   <div class='ocr_carea' id='block_1_28' title="bbox 1032 781 1814 826">
    <p class='ocr_par' dir='ltr' id='par_1_28' title="bbox 1032 781 1814 826">
     <span class='ocr_line' id='line_1_28' title="bbox 1032 781 1814 826; baseline 0 -7"><span class='ocrx_word' id='word_1_183' title='bbox 1032 781 1041 792; x_wconf 41' lang='grc' dir='ltr'><strong>ί</strong></span> <span class='ocrx_word' id='word_1_184' title='bbox 1058 792 1161 819; x_wconf 77' lang='lat' dir='ltr'><strong>Octava</strong></span> <span class='ocrx_word' id='word_1_185' title='bbox 1183 790 1286 826; x_wconf 80' lang='lat' dir='ltr'><strong>Asaphi</strong></span> <span class='ocrx_word' id='word_1_186' title='bbox 1307 791 1448 826; x_wconf 77' lang='lat' dir='ltr'><strong>prophetia</strong></span> <span class='ocrx_word' id='word_1_187' title='bbox 1471 791 1556 818; x_wconf 86' lang='lat' dir='ltr'><strong>multa</strong></span> <span class='ocrx_word' id='word_1_188' title='bbox 1580 791 1608 818; x_wconf 88' lang='lat' dir='ltr'><strong>in</strong></span> <span class='ocrx_word' id='word_1_189' title='bbox 1629 791 1709 819; x_wconf 89' lang='lat' dir='ltr'><strong>titulo</strong></span> <span class='ocrx_word' id='word_1_190' title='bbox 1732 792 1814 819; x_wconf 82' lang='lat' dir='ltr'><strong>simul</strong></span> 
     </span>
    </p>
   </div>
   <div class='ocr_carea' id='block_1_29' title="bbox 1022 837 1814 873">
    <p class='ocr_par' dir='ltr' id='par_1_29' title="bbox 1022 837 1814 873">
     <span class='ocr_line' id='line_1_29' title="bbox 1022 837 1814 873; baseline 0 -8"><span class='ocrx_word' id='word_1_191' title='bbox 1022 837 1124 865; x_wconf 86' lang='lat' dir='ltr'><strong>indicat</strong></span> <span class='ocrx_word' id='word_1_192' title='bbox 1141 846 1147 864; x_wconf 93' lang='lat'>:</span> <span class='ocrx_word' id='word_1_193' title='bbox 1164 845 1225 864; x_wconf 86' lang='lat' dir='ltr'><strong>nam</strong></span> <span class='ocrx_word' id='word_1_194' title='bbox 1240 837 1351 869; x_wconf 89' lang='lat' dir='ltr'><strong>dicitur,</strong></span> <span class='ocrx_word' id='word_1_195' title='bbox 1366 838 1392 864; x_wconf 87' lang='lat' dir='ltr'><strong>in</strong></span> <span class='ocrx_word' id='word_1_196' title='bbox 1410 837 1503 872; x_wconf 83' lang='lat' dir='ltr'><strong>finem,</strong></span> <span class='ocrx_word' id='word_1_197' title='bbox 1518 841 1556 869; x_wconf 85' lang='lat' dir='ltr'><strong>et,</strong></span> <span class='ocrx_word' id='word_1_198' title='bbox 1573 845 1621 872; x_wconf 83' lang='lat' dir='ltr'><strong>pro</strong></span> <span class='ocrx_word' id='word_1_199' title='bbox 1637 838 1670 864; x_wconf 73' lang='lat' dir='ltr'><strong>iis</strong></span> <span class='ocrx_word' id='word_1_200' title='bbox 1684 838 1730 873; x_wconf 85' lang='lat' dir='ltr'><strong>qui</strong></span> <span class='ocrx_word' id='word_1_201' title='bbox 1741 846 1814 865; x_wconf 84' lang='lat' dir='ltr'><strong>com-</strong></span> 
     </span>
    </p>
   </div>
   <div class='ocr_carea' id='block_1_30' title="bbox 171 882 965 931">
    <p class='ocr_par' dir='ltr' id='par_1_30' title="bbox 171 887 965 923">
     <span class='ocr_line' id='line_1_30' title="bbox 171 887 965 923; baseline -0.004 -7"><span class='ocrx_word' id='word_1_202' title='bbox 171 889 274 923; x_wconf 74' lang='grc' dir='ltr'>τέλος,</span> <span class='ocrx_word' id='word_1_203' title='bbox 300 888 362 921; x_wconf 76' lang='grc' dir='ltr'>καὶ,</span> <span class='ocrx_word' id='word_1_204' title='bbox 392 890 468 923; x_wconf 77' lang='grc' dir='ltr'>ὑπὲρ</span> <span class='ocrx_word' id='word_1_205' title='bbox 499 887 559 915; x_wconf 85' lang='grc' dir='ltr'><strong>τῶν</strong></span> <span class='ocrx_word' id='word_1_206' title='bbox 589 887 884 922; x_wconf 73' lang='grc' dir='ltr'>ἁλλοιωθησομένων,</span> <span class='ocrx_word' id='word_1_207' title='bbox 913 887 965 917; x_wconf 65' lang='grc' dir='ltr'>καὶ,</span> 
     </span>
    </p>
   </div>
   <div class='ocr_carea' id='block_1_31' title="bbox 1017 882 1812 931">
    <p class='ocr_par' dir='ltr' id='par_1_31' title="bbox 1023 882 1812 918">
     <span class='ocr_line' id='line_1_31' title="bbox 1023 882 1812 918; baseline 0.001 -8"><span class='ocrx_word' id='word_1_208' title='bbox 1023 883 1212 916; x_wconf 81' lang='lat' dir='ltr'><strong>mutabuntur,</strong></span> <span class='ocrx_word' id='word_1_209' title='bbox 1226 887 1270 914; x_wconf 84' lang='lat' dir='ltr'><strong>et.</strong></span> <span class='ocrx_word' id='word_1_210' title='bbox 1286 883 1406 918; x_wconf 74' lang='lat' dir='ltr'><strong>psalmus</strong></span> <span class='ocrx_word' id='word_1_211' title='bbox 1422 884 1445 899; x_wconf 79' lang='lat'>&quot;</span> <span class='ocrx_word' id='word_1_212' title='bbox 1460 893 1467 910; x_wconf 88' lang='lat'><strong>:</strong></span> <span class='ocrx_word' id='word_1_213' title='bbox 1486 882 1519 910; x_wconf 84' lang='lat' dir='ltr'><strong>ad</strong></span> <span class='ocrx_word' id='word_1_214' title='bbox 1539 883 1596 910; x_wconf 68' lang='lat' dir='ltr'><strong>haec</strong></span> <span class='ocrx_word' id='word_1_215' title='bbox 1612 887 1703 911; x_wconf 86' lang='lat' dir='ltr'><strong>autem</strong></span> <span class='ocrx_word' id='word_1_216' title='bbox 1720 885 1812 911; x_wconf 86' lang='lat' dir='ltr'><strong>omnia</strong></span> 
     </span>
    </p>
   </div>
   <div class='ocr_carea' id='block_1_32' title="bbox 172 933 969 970">
    <p class='ocr_par' dir='ltr' id='par_1_32' title="bbox 172 933 969 970">
     <span class='ocr_line' id='line_1_32' title="bbox 172 933 969 970; baseline -0.004 -8"><span class='ocrx_word' id='word_1_217' title='bbox 172 937 313 970; x_wconf 61' lang='grc' dir='ltr'>ψωιμός·</span> <span class='ocrx_word' id='word_1_218' title='bbox 330 935 398 970; x_wconf 83' lang='grc' dir='ltr'>πρὸς</span> <span class='ocrx_word' id='word_1_219' title='bbox 417 935 523 966; x_wconf 82' lang='grc' dir='ltr'><strong>τούτοις</strong></span> <span class='ocrx_word' id='word_1_220' title='bbox 540 934 640 961; x_wconf 75' lang='grc' dir='ltr'>ἅπασιν</span> <span class='ocrx_word' id='word_1_221' title='bbox 656 934 848 969; x_wconf 79' lang='grc' dir='ltr'>ὲπιτετήρηται</span> <span class='ocrx_word' id='word_1_222' title='bbox 867 933 905 964; x_wconf 84' lang='grc' dir='ltr'>ὼς</span> <span class='ocrx_word' id='word_1_223' title='bbox 924 933 969 959; x_wconf 78' lang='grc' dir='ltr'>καὶ</span> 
     </span>
    </p>
   </div>
   <div class='ocr_carea' id='block_1_33' title="bbox 169 977 969 1016">
    <p class='ocr_par' dir='ltr' id='par_1_33' title="bbox 169 977 969 1016">
     <span class='ocr_line' id='line_1_33' title="bbox 169 977 969 1016; baseline -0.004 -9"><span class='ocrx_word' id='word_1_224' title='bbox 169 981 335 1016; x_wconf 81' lang='grc' dir='ltr'>μαρτύριον</span> <span class='ocrx_word' id='word_1_225' title='bbox 358 981 401 1015; x_wconf 79' lang='grc' dir='ltr'><strong>εἴη</strong></span> <span class='ocrx_word' id='word_1_226' title='bbox 421 979 500 1015; x_wconf 85' lang='grc' dir='ltr'>μόνος</span> <span class='ocrx_word' id='word_1_227' title='bbox 516 977 593 1011; x_wconf 72' lang='grc' dir='ltr'>οὗτος</span> <span class='ocrx_word' id='word_1_228' title='bbox 614 978 668 1005; x_wconf 84' lang='grc' dir='ltr'>τῶν</span> <span class='ocrx_word' id='word_1_229' title='bbox 692 980 720 1005; x_wconf 83' lang='grc' dir='ltr'>ὲν</span> <span class='ocrx_word' id='word_1_230' title='bbox 745 978 819 1014; x_wconf 77' lang='grc' dir='ltr'>πάσῃ</span> <span class='ocrx_word' id='word_1_231' title='bbox 836 980 868 1013; x_wconf 85' lang='grc' dir='ltr'><strong>τῇ</strong></span> <span class='ocrx_word' id='word_1_232' title='bbox 885 978 969 1013; x_wconf 77' lang='grc' dir='ltr'>βίϐλῳ</span> 
     </span>
    </p>
   </div>
   <div class='ocr_carea' id='block_1_34' title="bbox 174 1023 969 1062">
    <p class='ocr_par' dir='ltr' id='par_1_34' title="bbox 174 1023 969 1062">
     <span class='ocr_line' id='line_1_34' title="bbox 174 1023 969 1062; baseline -0.003 -9"><span class='ocrx_word' id='word_1_233' title='bbox 174 1026 334 1062; x_wconf 78' lang='grc' dir='ltr'>φερομένων</span> <span class='ocrx_word' id='word_1_234' title='bbox 357 1025 443 1057; x_wconf 77' lang='grc' dir='ltr'>οὕτως</span> <span class='ocrx_word' id='word_1_235' title='bbox 465 1025 714 1060; x_wconf 75' lang='grc' dir='ltr'>ἐπιγεγραμμένος.</span> <span class='ocrx_word' id='word_1_236' title='bbox 731 1025 778 1056; x_wconf 81' lang='lat' dir='ltr'><strong>El;</strong></span> <span class='ocrx_word' id='word_1_237' title='bbox 804 1025 852 1059; x_wconf 84' lang='grc' dir='ltr'>μὲν</span> <span class='ocrx_word' id='word_1_238' title='bbox 875 1023 922 1051; x_wconf 79' lang='grc' dir='ltr'>οὖν</span> <span class='ocrx_word' id='word_1_239' title='bbox 938 1025 969 1051; x_wconf 74' lang='grc' dir='ltr'><strong>τὸ</strong></span> 
     </span>
    </p>
   </div>
   <div class='ocr_carea' id='block_1_35' title="bbox 172 1070 968 1106">
    <p class='ocr_par' dir='ltr' id='par_1_35' title="bbox 172 1070 968 1106">
     <span class='ocr_line' id='line_1_35' title="bbox 172 1070 968 1106; baseline -0.003 -8"><span class='ocrx_word' id='word_1_240' title='bbox 172 1072 250 1103; x_wconf 70' lang='grc' dir='ltr'>τέλος</span> <span class='ocrx_word' id='word_1_241' title='bbox 274 1071 431 1106; x_wconf 83' lang='grc' dir='ltr'>ἀναπέμπει</span> <span class='ocrx_word' id='word_1_242' title='bbox 453 1070 497 1097; x_wconf 75' lang='grc' dir='ltr'><strong>διὰ</strong></span> <span class='ocrx_word' id='word_1_243' title='bbox 516 1071 547 1097; x_wconf 85' lang='grc' dir='ltr'>τὸ</span> <span class='ocrx_word' id='word_1_244' title='bbox 568 1071 706 1103; x_wconf 83' lang='grc' dir='ltr'>θεσπίζειν</span> <span class='ocrx_word' id='word_1_245' title='bbox 720 1071 750 1099; x_wconf 77' lang='grc' dir='ltr'><strong>τὸ</strong></span> <span class='ocrx_word' id='word_1_246' title='bbox 772 1070 876 1105; x_wconf 85' lang='grc' dir='ltr'>μέλλον·</span> <span class='ocrx_word' id='word_1_247' title='bbox 893 1070 968 1105; x_wconf 77' lang='grc' dir='ltr'>ὑπὲρ</span> 
     </span>
    </p>
   </div>
   <div class='ocr_carea' id='block_1_36' title="bbox 172 1116 967 1153">
    <p class='ocr_par' dir='ltr' id='par_1_36' title="bbox 172 1116 967 1153">
     <span class='ocr_line' id='line_1_36' title="bbox 172 1116 967 1153; baseline -0.001 -9"><span class='ocrx_word' id='word_1_248' title='bbox 172 1118 203 1145; x_wconf 79' lang='grc' dir='ltr'><strong>δὲ</strong></span> <span class='ocrx_word' id='word_1_249' title='bbox 241 1116 301 1144; x_wconf 75' lang='grc' dir='ltr'><strong>τῶν</strong></span> <span class='ocrx_word' id='word_1_250' title='bbox 332 1116 629 1151; x_wconf 77' lang='grc' dir='ltr'>ἁλλοιωθησομένων,</span> <span class='ocrx_word' id='word_1_251' title='bbox 663 1117 707 1143; x_wconf 82' lang='grc' dir='ltr'>διὰ</span> <span class='ocrx_word' id='word_1_252' title='bbox 735 1116 784 1153; x_wconf 87' lang='grc' dir='ltr'>τὴν</span> <span class='ocrx_word' id='word_1_253' title='bbox 818 1117 967 1153; x_wconf 78' lang='grc' dir='ltr'>μεταϐολὴν</span> 
     </span>
    </p>
   </div>
   <div class='ocr_carea' id='block_1_37' title="bbox 173 1161 968 1197">
    <p class='ocr_par' dir='ltr' id='par_1_37' title="bbox 173 1161 968 1197">
     <span class='ocr_line' id='line_1_37' title="bbox 173 1161 968 1197; baseline -0.001 -8"><span class='ocrx_word' id='word_1_254' title='bbox 173 1162 230 1189; x_wconf 84' lang='grc' dir='ltr'>τῶν</span> <span class='ocrx_word' id='word_1_255' title='bbox 256 1162 300 1189; x_wconf 85' lang='grc' dir='ltr'><strong>διὰ</strong></span> <span class='ocrx_word' id='word_1_256' title='bbox 326 1162 376 1196; x_wconf 83' lang='grc' dir='ltr'>τῆς</span> <span class='ocrx_word' id='word_1_257' title='bbox 406 1161 573 1197; x_wconf 78' lang='grc' dir='ltr'>προφητείας</span> <span class='ocrx_word' id='word_1_258' title='bbox 600 1161 790 1196; x_wconf 81' lang='grc' dir='ltr'>δηλουμένων·</span> <span class='ocrx_word' id='word_1_259' title='bbox 804 1163 968 1196; x_wconf 79' lang='grc' dir='ltr'>μαρτύριον</span> 
     </span>
    </p>
   </div>
   <div class='ocr_carea' id='block_1_38' title="bbox 170 1206 967 1243">
    <p class='ocr_par' dir='ltr' id='par_1_38' title="bbox 170 1206 967 1243">
     <span class='ocr_line' id='line_1_38' title="bbox 170 1206 967 1243; baseline -0.004 -8"><span class='ocrx_word' id='word_1_260' title='bbox 170 1208 202 1235; x_wconf 82' lang='grc' dir='ltr'><strong>δὲ</strong></span> <span class='ocrx_word' id='word_1_261' title='bbox 228 1208 333 1243; x_wconf 75' lang='grc' dir='ltr'>εἴρηται</span> <span class='ocrx_word' id='word_1_262' title='bbox 349 1207 393 1234; x_wconf 81' lang='grc' dir='ltr'>διὰ</span> <span class='ocrx_word' id='word_1_263' title='bbox 414 1207 446 1234; x_wconf 77' lang='grc' dir='ltr'>τὸ</span> <span class='ocrx_word' id='word_1_264' title='bbox 468 1206 654 1243; x_wconf 81' lang='grc' dir='ltr'>μαρτύρεσθαι</span> <span class='ocrx_word' id='word_1_265' title='bbox 679 1207 744 1243; x_wconf 67' lang='grc' dir='ltr'>περὶ</span> <span class='ocrx_word' id='word_1_266' title='bbox 771 1207 817 1234; x_wconf 81' lang='grc' dir='ltr'>τοῦ</span> <span class='ocrx_word' id='word_1_267' title='bbox 841 1208 870 1234; x_wconf 80' lang='grc' dir='ltr'>ὲν</span> <span class='ocrx_word' id='word_1_268' title='bbox 893 1206 967 1242; x_wconf 79' lang='grc' dir='ltr'>αὐτῷ</span> 
     </span>
    </p>
   </div>
   <div class='ocr_carea' id='block_1_39' title="bbox 175 1252 966 1289">
    <p class='ocr_par' dir='ltr' id='par_1_39' title="bbox 175 1252 966 1289">
     <span class='ocr_line' id='line_1_39' title="bbox 175 1252 966 1289; baseline 0 -9"><span class='ocrx_word' id='word_1_269' title='bbox 175 1252 457 1288; x_wconf 82' lang='grc' dir='ltr'>προαναφωνουμένου</span> <span class='ocrx_word' id='word_1_270' title='bbox 471 1253 566 1288; x_wconf 72' lang='grc' dir='ltr'>ἀνδρὸς</span> <span class='ocrx_word' id='word_1_271' title='bbox 582 1252 629 1279; x_wconf 76' lang='grc' dir='ltr'>καὶ</span> <span class='ocrx_word' id='word_1_272' title='bbox 649 1252 697 1279; x_wconf 79' lang='grc' dir='ltr'>τοῦ</span> <span class='ocrx_word' id='word_1_273' title='bbox 720 1252 886 1289; x_wconf 75' lang='grc' dir='ltr'>καλουμένου</span> <span class='ocrx_word' id='word_1_274' title='bbox 900 1253 966 1280; x_wconf 83' lang='grc' dir='ltr'><strong>Υἱοῦ</strong></span> 
     </span>
    </p>
   </div>
   <div class='ocr_carea' id='block_1_40' title="bbox 172 1297 966 1334">
    <p class='ocr_par' dir='ltr' id='par_1_40' title="bbox 172 1297 966 1334">
     <span class='ocr_line' id='line_1_40' title="bbox 172 1297 966 1334; baseline 0 -9"><span class='ocrx_word' id='word_1_275' title='bbox 172 1297 330 1334; x_wconf 85' lang='grc' dir='ltr'>ἀνθρώπου.</span> <span class='ocrx_word' id='word_1_276' title='bbox 351 1297 415 1324; x_wconf 71' lang='grc' dir='ltr'>Υἱδν</span> <span class='ocrx_word' id='word_1_277' title='bbox 444 1297 499 1333; x_wconf 84' lang='grc' dir='ltr'><strong>γάρ</strong></span> <span class='ocrx_word' id='word_1_278' title='bbox 525 1306 585 1324; x_wconf 82' lang='grc' dir='ltr'>τινα</span> <span class='ocrx_word' id='word_1_279' title='bbox 614 1297 757 1333; x_wconf 84' lang='grc' dir='ltr'>ἀνθρώπου</span> <span class='ocrx_word' id='word_1_280' title='bbox 786 1299 892 1333; x_wconf 79' lang='grc' dir='ltr'>εἰσάγει</span> <span class='ocrx_word' id='word_1_281' title='bbox 919 1299 966 1325; x_wconf 67' lang='grc' dir='ltr'>καὶ</span> 
     </span>
    </p>
   </div>
   <div class='ocr_carea' id='block_1_41' title="bbox 174 1343 966 1380">
    <p class='ocr_par' dir='ltr' id='par_1_41' title="bbox 174 1343 966 1380">
     <span class='ocr_line' id='line_1_41' title="bbox 174 1343 966 1380; baseline 0.003 -10"><span class='ocrx_word' id='word_1_282' title='bbox 174 1344 259 1380; x_wconf 65' lang='grc' dir='ltr'>ἄνδρα</span> <span class='ocrx_word' id='word_1_283' title='bbox 272 1344 362 1377; x_wconf 78' lang='grc' dir='ltr'>δεξιᾶς</span> <span class='ocrx_word' id='word_1_284' title='bbox 377 1343 424 1370; x_wconf 82' lang='grc' dir='ltr'>τοῦ</span> <span class='ocrx_word' id='word_1_285' title='bbox 446 1344 513 1371; x_wconf 84' lang='grc' dir='ltr'>Θεοῦ</span> <span class='ocrx_word' id='word_1_286' title='bbox 532 1343 626 1370; x_wconf 83' lang='grc' dir='ltr'>τοῦτον</span> <span class='ocrx_word' id='word_1_287' title='bbox 637 1345 774 1379; x_wconf 79' lang='grc' dir='ltr'>ὀνομάζει.</span> <span class='ocrx_word' id='word_1_288' title='bbox 790 1345 902 1380; x_wconf 84' lang='grc' dir='ltr'>Πρῶτον</span> <span class='ocrx_word' id='word_1_289' title='bbox 917 1346 966 1380; x_wconf 84' lang='grc' dir='ltr'>μὲν</span> 
     </span>
    </p>
   </div>
   <div class='ocr_carea' id='block_1_42' title="bbox 169 1388 965 1427">
    <p class='ocr_par' dir='ltr' id='par_1_42' title="bbox 169 1388 965 1427">
     <span class='ocr_line' id='line_1_42' title="bbox 169 1388 965 1427; baseline 0.001 -10"><span class='ocrx_word' id='word_1_290' title='bbox 169 1388 222 1417; x_wconf 71' lang='grc' dir='ltr'>οὖν</span> <span class='ocrx_word' id='word_1_291' title='bbox 238 1389 285 1417; x_wconf 83' lang='grc' dir='ltr'>τοῦ</span> <span class='ocrx_word' id='word_1_292' title='bbox 306 1390 441 1417; x_wconf 84' lang='grc' dir='ltr'>Ἰουδαίων</span> <span class='ocrx_word' id='word_1_293' title='bbox 457 1390 550 1422; x_wconf 71' lang='grc' dir='ltr'>ἔθνους</span> <span class='ocrx_word' id='word_1_294' title='bbox 561 1389 611 1425; x_wconf 79' lang='grc' dir='ltr'>τὴν</span> <span class='ocrx_word' id='word_1_295' title='bbox 631 1390 685 1416; x_wconf 83' lang='grc' dir='ltr'><strong>ἀπὸ</strong></span> <span class='ocrx_word' id='word_1_296' title='bbox 700 1390 838 1425; x_wconf 83' lang='grc' dir='ltr'>Αἰγύπτου</span> <span class='ocrx_word' id='word_1_297' title='bbox 854 1392 965 1427; x_wconf 85' lang='grc' dir='ltr'>πορείαν</span> 
     </span>
    </p>
   </div>
   <div class='ocr_carea' id='block_1_43' title="bbox 174 1435 967 1473">
    <p class='ocr_par' dir='ltr' id='par_1_43' title="bbox 174 1435 967 1473">
     <span class='ocr_line' id='line_1_43' title="bbox 174 1435 967 1473; baseline 0.001 -10"><span class='ocrx_word' id='word_1_298' title='bbox 174 1435 222 1463; x_wconf 77' lang='grc' dir='ltr'>καὶ</span> <span class='ocrx_word' id='word_1_299' title='bbox 235 1437 285 1472; x_wconf 82' lang='grc' dir='ltr'>τὴν</span> <span class='ocrx_word' id='word_1_300' title='bbox 301 1437 348 1462; x_wconf 77' lang='grc' dir='ltr'><strong>ἐπὶ</strong></span> <span class='ocrx_word' id='word_1_301' title='bbox 366 1437 415 1471; x_wconf 86' lang='grc' dir='ltr'>τῆς</span> <span class='ocrx_word' id='word_1_302' title='bbox 432 1435 618 1463; x_wconf 87' lang='grc' dir='ltr'>Παλαιστινῶν</span> <span class='ocrx_word' id='word_1_303' title='bbox 635 1436 686 1471; x_wconf 84' lang='grc' dir='ltr'>γῆς</span> <span class='ocrx_word' id='word_1_304' title='bbox 701 1437 806 1472; x_wconf 80' lang='grc' dir='ltr'>οἴκησιν</span> <span class='ocrx_word' id='word_1_305' title='bbox 832 1438 967 1473; x_wconf 71' lang='grc' dir='ltr'>παρίστη-</span> 
     </span>
    </p>
   </div>
   <div class='ocr_carea' id='block_1_44' title="bbox 175 1481 966 1518">
    <p class='ocr_par' dir='ltr' id='par_1_44' title="bbox 175 1481 966 1518">
     <span class='ocr_line' id='line_1_44' title="bbox 175 1481 966 1518; baseline 0.003 -10"><span class='ocrx_word' id='word_1_306' title='bbox 175 1490 218 1508; x_wconf 89' lang='grc' dir='ltr'><strong>σιν</strong></span> <span class='ocrx_word' id='word_1_307' title='bbox 232 1483 261 1508; x_wconf 88' lang='grc' dir='ltr'>ὲν</span> <span class='ocrx_word' id='word_1_308' title='bbox 276 1481 441 1518; x_wconf 79' lang='grc' dir='ltr'>ἀλληγορίας</span> <span class='ocrx_word' id='word_1_309' title='bbox 454 1482 547 1518; x_wconf 77' lang='grc' dir='ltr'>τρόπῳ</span> <span class='ocrx_word' id='word_1_310' title='bbox 560 1482 672 1517; x_wconf 84' lang='grc' dir='ltr'>φάσκων</span> <span class='ocrx_word' id='word_1_311' title='bbox 681 1491 688 1498; x_wconf 70' lang='grc'><strong>⁸</strong></span> <span class='ocrx_word' id='word_1_312' title='bbox 709 1484 856 1517; x_wconf 71' lang='grc' dir='ltr'>Ἄμπελον</span> <span class='ocrx_word' id='word_1_313' title='bbox 869 1483 903 1515; x_wconf 80' lang='grc' dir='ltr'><strong>ἐξ</strong></span> <span class='ocrx_word' id='word_1_314' title='bbox 918 1484 966 1510; x_wconf 83' lang='lat' dir='ltr'><strong>Al-</strong></span> 
     </span>
    </p>
   </div>
   <div class='ocr_carea' id='block_1_45' title="bbox 173 1527 966 1564">
    <p class='ocr_par' dir='ltr' id='par_1_45' title="bbox 173 1527 966 1564">
     <span class='ocr_line' id='line_1_45' title="bbox 173 1527 966 1564; baseline 0.003 -10"><span class='ocrx_word' id='word_1_315' title='bbox 173 1528 289 1563; x_wconf 83' lang='grc' dir='ltr'>τύπτου</span> <span class='ocrx_word' id='word_1_316' title='bbox 307 1527 448 1562; x_wconf 81' lang='grc' dir='ltr'>μετῆρας,</span> <span class='ocrx_word' id='word_1_317' title='bbox 464 1528 606 1562; x_wconf 65' lang='grc' dir='ltr'>ἐξέϐαλες</span> <span class='ocrx_word' id='word_1_318' title='bbox 628 1528 700 1563; x_wconf 77' lang='grc' dir='ltr'>ἔθνη</span> <span class='ocrx_word' id='word_1_319' title='bbox 720 1529 768 1556; x_wconf 79' lang='grc' dir='ltr'>καὶ</span> <span class='ocrx_word' id='word_1_320' title='bbox 787 1530 966 1564; x_wconf 61' lang='grc' dir='ltr'>κατεφύτευ-</span> 
     </span>
    </p>
   </div>
   <div class='ocr_carea' id='block_1_46' title="bbox 1021 930 1813 965">
    <p class='ocr_par' dir='ltr' id='par_1_46' title="bbox 1021 930 1813 965">
     <span class='ocr_line' id='line_1_46' title="bbox 1021 930 1813 965; baseline 0.004 -8"><span class='ocrx_word' id='word_1_321' title='bbox 1021 931 1184 958; x_wconf 78' lang='lat' dir='ltr'><strong>observatur</strong></span> <span class='ocrx_word' id='word_1_322' title='bbox 1197 930 1270 957; x_wconf 93' lang='lat' dir='ltr'><strong>hunc</strong></span> <span class='ocrx_word' id='word_1_323' title='bbox 1285 931 1374 958; x_wconf 91' lang='lat' dir='ltr'><strong>solum</strong></span> <span class='ocrx_word' id='word_1_324' title='bbox 1390 930 1524 965; x_wconf 78' lang='lat' dir='ltr'><strong>psalmum</strong></span> <span class='ocrx_word' id='word_1_325' title='bbox 1536 951 1543 963; x_wconf 88' lang='grc'><strong>,</strong></span> <span class='ocrx_word' id='word_1_326' title='bbox 1555 938 1588 957; x_wconf 79' lang='lat' dir='ltr'><strong>ex</strong></span> <span class='ocrx_word' id='word_1_327' title='bbox 1603 931 1637 958; x_wconf 76' lang='lat' dir='ltr'><strong>iis</strong></span> <span class='ocrx_word' id='word_1_328' title='bbox 1652 931 1698 965; x_wconf 87' lang='lat' dir='ltr'><strong>qui</strong></span> <span class='ocrx_word' id='word_1_329' title='bbox 1713 931 1739 958; x_wconf 92' lang='lat' dir='ltr'><strong>in</strong></span> <span class='ocrx_word' id='word_1_330' title='bbox 1755 935 1813 960; x_wconf 91' lang='lat' dir='ltr'><strong>toto</strong></span> 
     </span>
    </p>
   </div>
   <div class='ocr_carea' id='block_1_47' title="bbox 1020 976 1813 1007">
    <p class='ocr_par' dir='ltr' id='par_1_47' title="bbox 1020 976 1813 1007">
     <span class='ocr_line' id='line_1_47' title="bbox 1020 976 1813 1007; baseline 0.003 -4"><span class='ocrx_word' id='word_1_331' title='bbox 1020 977 1090 1003; x_wconf 90' lang='lat' dir='ltr'><strong>libro</strong></span> <span class='ocrx_word' id='word_1_332' title='bbox 1108 976 1244 1007; x_wconf 81' lang='lat' dir='ltr'><strong>feruntur,</strong></span> <span class='ocrx_word' id='word_1_333' title='bbox 1266 977 1446 1004; x_wconf 80' lang='lat' dir='ltr'><strong>testimonium</strong></span> <span class='ocrx_word' id='word_1_334' title='bbox 1468 976 1593 1004; x_wconf 84' lang='lat' dir='ltr'><strong>inscribi.</strong></span> <span class='ocrx_word' id='word_1_335' title='bbox 1615 976 1644 1003; x_wconf 92' lang='lat' dir='ltr'><strong>In</strong></span> <span class='ocrx_word' id='word_1_336' title='bbox 1663 976 1742 1004; x_wconf 77' lang='lat' dir='ltr'><strong>finem</strong></span> <span class='ocrx_word' id='word_1_337' title='bbox 1761 977 1813 1005; x_wconf 84' lang='lat' dir='ltr'><strong>ita-</strong></span> 
     </span>
    </p>
   </div>
   <div class='ocr_carea' id='block_1_48' title="bbox 1019 1021 1812 1058">
    <p class='ocr_par' dir='ltr' id='par_1_48' title="bbox 1019 1021 1812 1058">
     <span class='ocr_line' id='line_1_48' title="bbox 1019 1021 1812 1058; baseline 0.001 -8"><span class='ocrx_word' id='word_1_338' title='bbox 1019 1030 1073 1057; x_wconf 94' lang='lat' dir='ltr'><strong>que</strong></span> <span class='ocrx_word' id='word_1_339' title='bbox 1088 1022 1212 1054; x_wconf 83' lang='lat' dir='ltr'><strong>remittitl</strong></span> <span class='ocrx_word' id='word_1_340' title='bbox 1223 1022 1287 1056; x_wconf 87' lang='lat' dir='ltr'><strong>quia</strong></span> <span class='ocrx_word' id='word_1_341' title='bbox 1304 1021 1397 1049; x_wconf 81' lang='lat' dir='ltr'><strong>futura</strong></span> <span class='ocrx_word' id='word_1_342' title='bbox 1412 1022 1592 1056; x_wconf 85' lang='lat' dir='ltr'><strong>vaticinatur;</strong></span> <span class='ocrx_word' id='word_1_343' title='bbox 1607 1027 1649 1049; x_wconf 79' lang='lat' dir='ltr'><strong>est</strong></span> <span class='ocrx_word' id='word_1_344' title='bbox 1663 1030 1727 1050; x_wconf 85' lang='lat' dir='ltr'><strong>vero</strong></span> <span class='ocrx_word' id='word_1_345' title='bbox 1737 1042 1745 1054; x_wconf 81' lang='lat'><strong>,</strong></span> <span class='ocrx_word' id='word_1_346' title='bbox 1763 1031 1812 1058; x_wconf 84' lang='lat' dir='ltr'><strong>pro</strong></span> 
     </span>
    </p>
   </div>
   <div class='ocr_carea' id='block_1_49' title="bbox 1018 1068 1811 1104">
    <p class='ocr_par' dir='ltr' id='par_1_49' title="bbox 1018 1068 1811 1104">
     <span class='ocr_line' id='line_1_49' title="bbox 1018 1068 1811 1104; baseline 0.003 -9"><span class='ocrx_word' id='word_1_347' title='bbox 1018 1069 1052 1095; x_wconf 82' lang='lat' dir='ltr'><strong>iis</strong></span> <span class='ocrx_word' id='word_1_348' title='bbox 1067 1070 1111 1103; x_wconf 83' lang='lat' dir='ltr'><strong>qui</strong></span> <span class='ocrx_word' id='word_1_349' title='bbox 1125 1068 1368 1100; x_wconf 82' lang='lat' dir='ltr'><strong>commutabunlur,</strong></span> <span class='ocrx_word' id='word_1_350' title='bbox 1381 1068 1415 1095; x_wconf 91' lang='lat' dir='ltr'><strong>ob</strong></span> <span class='ocrx_word' id='word_1_351' title='bbox 1427 1069 1603 1096; x_wconf 74' lang='lat' dir='ltr'><strong>mutationem</strong></span> <span class='ocrx_word' id='word_1_352' title='bbox 1616 1076 1711 1096; x_wconf 90' lang='lat' dir='ltr'><strong>corum</strong></span> <span class='ocrx_word' id='word_1_353' title='bbox 1722 1069 1768 1104; x_wconf 89' lang='lat' dir='ltr'><strong>qui</strong></span> <span class='ocrx_word' id='word_1_354' title='bbox 1783 1071 1811 1097; x_wconf 87' lang='lat' dir='ltr'><strong>in</strong></span> 
     </span>
    </p>
   </div>
   <div class='ocr_carea' id='block_1_50' title="bbox 1018 1115 1809 1150">
    <p class='ocr_par' dir='ltr' id='par_1_50' title="bbox 1018 1115 1809 1150">
     <span class='ocr_line' id='line_1_50' title="bbox 1018 1115 1809 1150; baseline 0.003 -9"><span class='ocrx_word' id='word_1_355' title='bbox 1018 1115 1162 1150; x_wconf 84' lang='lat' dir='ltr'><strong>prophetia</strong></span> <span class='ocrx_word' id='word_1_356' title='bbox 1183 1115 1364 1148; x_wconf 85' lang='lat' dir='ltr'><strong>indicantur;</strong></span> <span class='ocrx_word' id='word_1_357' title='bbox 1385 1115 1564 1142; x_wconf 72' lang='lat' dir='ltr'><strong>testimonium</strong></span> <span class='ocrx_word' id='word_1_358' title='bbox 1584 1120 1676 1143; x_wconf 87' lang='lat' dir='ltr'><strong>autem</strong></span> <span class='ocrx_word' id='word_1_359' title='bbox 1696 1116 1809 1148; x_wconf 88' lang='lat' dir='ltr'><strong>dicitur,</strong></span> 
     </span>
    </p>
   </div>
   <div class='ocr_carea' id='block_1_51' title="bbox 1019 1161 1810 1197">
    <p class='ocr_par' dir='ltr' id='par_1_51' title="bbox 1019 1161 1810 1197">
     <span class='ocr_line' id='line_1_51' title="bbox 1019 1161 1810 1197; baseline 0 -9"><span class='ocrx_word' id='word_1_360' title='bbox 1019 1162 1082 1197; x_wconf 71' lang='lat' dir='ltr'><strong>quia</strong></span> <span class='ocrx_word' id='word_1_361' title='bbox 1100 1161 1287 1188; x_wconf 87' lang='lat' dir='ltr'><strong>testimonium</strong></span> <span class='ocrx_word' id='word_1_362' title='bbox 1305 1161 1406 1195; x_wconf 57' lang='lat' dir='ltr'><strong>prebet</strong></span> <span class='ocrx_word' id='word_1_363' title='bbox 1422 1162 1482 1188; x_wconf 88' lang='lat' dir='ltr'><strong>viro</strong></span> <span class='ocrx_word' id='word_1_364' title='bbox 1500 1161 1598 1188; x_wconf 83' lang='lat' dir='ltr'><strong>ibidem</strong></span> <span class='ocrx_word' id='word_1_365' title='bbox 1615 1162 1810 1196; x_wconf 57' lang='lat' dir='ltr'><strong>praenuntiam,</strong></span> 
     </span>
    </p>
   </div>
   <div class='ocr_carea' id='block_1_52' title="bbox 1017 1207 1809 1243">
    <p class='ocr_par' dir='ltr' id='par_1_52' title="bbox 1017 1207 1809 1243">
     <span class='ocr_line' id='line_1_52' title="bbox 1017 1207 1809 1243; baseline -0.001 -8"><span class='ocrx_word' id='word_1_366' title='bbox 1017 1212 1044 1235; x_wconf 91' lang='lat' dir='ltr'><strong>et</strong></span> <span class='ocrx_word' id='word_1_367' title='bbox 1058 1208 1083 1234; x_wconf 90' lang='lat' dir='ltr'><strong>ei</strong></span> <span class='ocrx_word' id='word_1_368' title='bbox 1096 1207 1142 1243; x_wconf 90' lang='lat' dir='ltr'><strong>qui</strong></span> <span class='ocrx_word' id='word_1_369' title='bbox 1156 1207 1366 1235; x_wconf 65' lang='lat' dir='ltr'><strong>vocatilrl’ilius</strong></span> <span class='ocrx_word' id='word_1_370' title='bbox 1382 1207 1511 1235; x_wconf 89' lang='lat' dir='ltr'><strong>hominis.</strong></span> <span class='ocrx_word' id='word_1_371' title='bbox 1521 1207 1588 1234; x_wconf 82' lang='lat' dir='ltr'><strong>Nam</strong></span> <span class='ocrx_word' id='word_1_372' title='bbox 1603 1207 1748 1242; x_wconf 78' lang='lat' dir='ltr'><strong>quemdam</strong></span> <span class='ocrx_word' id='word_1_373' title='bbox 1763 1207 1809 1234; x_wconf 79' lang='lat' dir='ltr'><strong>Fi-</strong></span> 
     </span>
    </p>
   </div>
   <div class='ocr_carea' id='block_1_53' title="bbox 1017 1253 1810 1286">
    <p class='ocr_par' dir='ltr' id='par_1_53' title="bbox 1017 1253 1810 1286">
     <span class='ocr_line' id='line_1_53' title="bbox 1017 1253 1810 1286; baseline 0 -5"><span class='ocrx_word' id='word_1_374' title='bbox 1017 1255 1083 1282; x_wconf 91' lang='lat' dir='ltr'><strong>lium</strong></span> <span class='ocrx_word' id='word_1_375' title='bbox 1106 1254 1226 1281; x_wconf 88' lang='lat' dir='ltr'><strong>hominis</strong></span> <span class='ocrx_word' id='word_1_376' title='bbox 1249 1254 1293 1281; x_wconf 87' lang='lat' dir='ltr'><strong>hic</strong></span> <span class='ocrx_word' id='word_1_377' title='bbox 1316 1253 1438 1286; x_wconf 80' lang='lat' dir='ltr'><strong>inducit,</strong></span> <span class='ocrx_word' id='word_1_378' title='bbox 1463 1258 1491 1281; x_wconf 85' lang='lat' dir='ltr'><strong>et</strong></span> <span class='ocrx_word' id='word_1_379' title='bbox 1513 1253 1602 1280; x_wconf 90' lang='lat' dir='ltr'><strong>virum</strong></span> <span class='ocrx_word' id='word_1_380' title='bbox 1626 1254 1745 1281; x_wconf 77' lang='lat' dir='ltr'><strong>dextera:</strong></span> <span class='ocrx_word' id='word_1_381' title='bbox 1762 1253 1810 1282; x_wconf 81' lang='lat' dir='ltr'><strong>Dei</strong></span> 
     </span>
    </p>
   </div>
   <div class='ocr_carea' id='block_1_54' title="bbox 1017 1297 1807 1334">
    <p class='ocr_par' dir='ltr' id='par_1_54' title="bbox 1017 1297 1807 1334">
     <span class='ocr_line' id='line_1_54' title="bbox 1017 1297 1807 1334; baseline 0 -7"><span class='ocrx_word' id='word_1_382' title='bbox 1017 1299 1144 1327; x_wconf 89' lang='lat' dir='ltr'><strong>eumdem</strong></span> <span class='ocrx_word' id='word_1_383' title='bbox 1158 1304 1308 1334; x_wconf 86' lang='lat' dir='ltr'><strong>nuncupat.</strong></span> <span class='ocrx_word' id='word_1_384' title='bbox 1325 1298 1418 1325; x_wconf 81' lang='lat' dir='ltr'><strong>Plinio</strong></span> <span class='ocrx_word' id='word_1_385' title='bbox 1433 1298 1523 1333; x_wconf 84' lang='lat' dir='ltr'><strong>itaque</strong></span> <span class='ocrx_word' id='word_1_386' title='bbox 1537 1297 1643 1325; x_wconf 81' lang='lat' dir='ltr'><strong>Judaici</strong></span> <span class='ocrx_word' id='word_1_387' title='bbox 1660 1299 1752 1333; x_wconf 86' lang='lat' dir='ltr'><strong>populi</strong></span> <span class='ocrx_word' id='word_1_388' title='bbox 1775 1307 1807 1327; x_wconf 73' lang='lat' dir='ltr'><strong>ex</strong></span> 
     </span>
    </p>
   </div>
   <div class='ocr_carea' id='block_1_55' title="bbox 1017 1337 1808 1379">
    <p class='ocr_par' dir='ltr' id='par_1_55' title="bbox 1017 1337 1808 1379">
     <span class='ocr_line' id='line_1_55' title="bbox 1017 1337 1808 1379; baseline 0.001 -9"><span class='ocrx_word' id='word_1_389' title='bbox 1017 1343 1135 1379; x_wconf 63' lang='lat' dir='ltr'><strong>Egypto</strong></span> <span class='ocrx_word' id='word_1_390' title='bbox 1151 1344 1271 1375; x_wconf 82' lang='lat' dir='ltr'><strong>exitum,</strong></span> <span class='ocrx_word' id='word_1_391' title='bbox 1291 1347 1373 1378; x_wconf 84' lang='lat' dir='ltr'><strong>atque</strong></span> <span class='ocrx_word' id='word_1_392' title='bbox 1394 1337 1593 1370; x_wconf 86' lang='lat' dir='ltr'><strong>habitationem</strong></span> <span class='ocrx_word' id='word_1_393' title='bbox 1614 1344 1640 1370; x_wconf 91' lang='lat' dir='ltr'><strong>in</strong></span> <span class='ocrx_word' id='word_1_394' title='bbox 1662 1343 1808 1371; x_wconf 67' lang='lat' dir='ltr'><strong>Palla-stitia</strong></span> 
     </span>
    </p>
   </div>
   <div class='ocr_carea' id='block_1_56' title="bbox 1017 1389 1807 1425">
    <p class='ocr_par' dir='ltr' id='par_1_56' title="bbox 1017 1389 1807 1425">
     <span class='ocr_line' id='line_1_56' title="bbox 1017 1389 1807 1425; baseline 0.001 -9"><span class='ocrx_word' id='word_1_395' title='bbox 1017 1390 1163 1425; x_wconf 82' lang='lat' dir='ltr'><strong>aliegorico</strong></span> <span class='ocrx_word' id='word_1_396' title='bbox 1175 1397 1250 1417; x_wconf 88' lang='lat' dir='ltr'><strong>more</strong></span> <span class='ocrx_word' id='word_1_397' title='bbox 1262 1389 1382 1417; x_wconf 85' lang='lat' dir='ltr'><strong>declarat</strong></span> <span class='ocrx_word' id='word_1_398' title='bbox 1394 1389 1489 1416; x_wconf 91' lang='lat' dir='ltr'><strong>dicens</strong></span> <span class='ocrx_word' id='word_1_399' title='bbox 1502 1399 1508 1416; x_wconf 87' lang='lat'>:</span> <span class='ocrx_word' id='word_1_400' title='bbox 1526 1389 1636 1417; x_wconf 86' lang='lat' dir='ltr'><strong>Vineam</strong></span> <span class='ocrx_word' id='word_1_401' title='bbox 1649 1389 1681 1416; x_wconf 81' lang='lat' dir='ltr'><strong>de</strong></span> <span class='ocrx_word' id='word_1_402' title='bbox 1691 1389 1807 1425; x_wconf 62' lang='lat' dir='ltr'><strong>Egypt!)</strong></span> 
     </span>
    </p>
   </div>
   <div class='ocr_carea' id='block_1_57' title="bbox 1017 1435 1809 1470">
    <p class='ocr_par' dir='ltr' id='par_1_57' title="bbox 1017 1435 1809 1470">
     <span class='ocr_line' id='line_1_57' title="bbox 1017 1435 1809 1470; baseline 0.003 -8"><span class='ocrx_word' id='word_1_403' title='bbox 1017 1435 1195 1466; x_wconf 77' lang='lat' dir='ltr'><strong>transtulisti.</strong></span> <span class='ocrx_word' id='word_1_404' title='bbox 1212 1435 1313 1470; x_wconf 80' lang='lat' dir='ltr'><strong>ejccisli</strong></span> <span class='ocrx_word' id='word_1_405' title='bbox 1330 1440 1417 1470; x_wconf 71' lang='lat' dir='ltr'><strong>gentes</strong></span> <span class='ocrx_word' id='word_1_406' title='bbox 1434 1439 1458 1462; x_wconf 82' lang='lat' dir='ltr'><strong>et</strong></span> <span class='ocrx_word' id='word_1_407' title='bbox 1475 1435 1604 1469; x_wconf 72' lang='lat' dir='ltr'><strong>plantasti</strong></span> <span class='ocrx_word' id='word_1_408' title='bbox 1620 1443 1678 1463; x_wconf 85' lang='lat' dir='ltr'><strong>eam</strong></span> <span class='ocrx_word' id='word_1_409' title='bbox 1690 1455 1696 1467; x_wconf 93' lang='lat'><strong>,</strong></span> <span class='ocrx_word' id='word_1_410' title='bbox 1711 1441 1738 1463; x_wconf 88' lang='lat' dir='ltr'><strong>et</strong></span> <span class='ocrx_word' id='word_1_411' title='bbox 1756 1444 1809 1464; x_wconf 71' lang='lat' dir='ltr'><strong>ca:—</strong></span> 
     </span>
    </p>
   </div>
   <div class='ocr_carea' id='block_1_58' title="bbox 1017 1480 1805 1514">
    <p class='ocr_par' dir='ltr' id='par_1_58' title="bbox 1017 1480 1805 1514">
     <span class='ocr_line' id='line_1_58' title="bbox 1017 1480 1805 1514; baseline 0.003 -7"><span class='ocrx_word' id='word_1_412' title='bbox 1017 1486 1085 1508; x_wconf 84' lang='lat' dir='ltr'><strong>tera.</strong></span> <span class='ocrx_word' id='word_1_413' title='bbox 1096 1480 1198 1508; x_wconf 88' lang='lat' dir='ltr'><strong>Deinde</strong></span> <span class='ocrx_word' id='word_1_414' title='bbox 1210 1480 1329 1507; x_wconf 81' lang='lat' dir='ltr'><strong>futuram</strong></span> <span class='ocrx_word' id='word_1_415' title='bbox 1342 1480 1403 1514; x_wconf 87' lang='lat' dir='ltr'><strong>ejus</strong></span> <span class='ocrx_word' id='word_1_416' title='bbox 1416 1481 1613 1508; x_wconf 86' lang='lat' dir='ltr'><strong>desolationem</strong></span> <span class='ocrx_word' id='word_1_417' title='bbox 1627 1481 1670 1509; x_wconf 86' lang='lat' dir='ltr'><strong>his</strong></span> <span class='ocrx_word' id='word_1_418' title='bbox 1683 1481 1805 1509; x_wconf 83' lang='lat' dir='ltr'><strong>indicat:</strong></span> 
     </span>
    </p>
   </div>
   <div class='ocr_carea' id='block_1_59' title="bbox 1019 1525 1807 1561">
    <p class='ocr_par' dir='ltr' id='par_1_59' title="bbox 1019 1525 1807 1561">
     <span class='ocr_line' id='line_1_59' title="bbox 1019 1525 1807 1561; baseline 0.001 -9"><span class='ocrx_word' id='word_1_419' title='bbox 1019 1525 1117 1561; x_wconf 81' lang='lat' dir='ltr'><strong>thuid</strong></span> <span class='ocrx_word' id='word_1_420' title='bbox 1128 1525 1283 1552; x_wconf 76' lang='lat' dir='ltr'><strong>destruxisti</strong></span> <span class='ocrx_word' id='word_1_421' title='bbox 1296 1526 1439 1552; x_wconf 80' lang='lat' dir='ltr'><strong>maceriam</strong></span> <span class='ocrx_word' id='word_1_422' title='bbox 1451 1526 1521 1560; x_wconf 73' lang='lat' dir='ltr'><strong>ejus,</strong></span> <span class='ocrx_word' id='word_1_423' title='bbox 1537 1530 1562 1552; x_wconf 74' lang='lat' dir='ltr'><strong>et</strong></span> <span class='ocrx_word' id='word_1_424' title='bbox 1578 1525 1737 1553; x_wconf 74' lang='lat' dir='ltr'><strong>vindemiant</strong></span> <span class='ocrx_word' id='word_1_425' title='bbox 1748 1534 1807 1554; x_wconf 79' lang='lat' dir='ltr'><strong>eam</strong></span> 
     </span>
    </p>
   </div>
   <div class='ocr_carea' id='block_1_60' title="bbox 174 1572 965 1610">
    <p class='ocr_par' dir='ltr' id='par_1_60' title="bbox 174 1572 965 1610">
     <span class='ocr_line' id='line_1_60' title="bbox 174 1572 965 1610; baseline 0.003 -11"><span class='ocrx_word' id='word_1_426' title='bbox 174 1581 234 1605; x_wconf 82' lang='grc' dir='ltr'><strong>σας</strong></span> <span class='ocrx_word' id='word_1_427' title='bbox 247 1572 355 1605; x_wconf 77' lang='grc' dir='ltr'>αὐτὴν,</span> <span class='ocrx_word' id='word_1_428' title='bbox 368 1574 415 1599; x_wconf 78' lang='grc' dir='ltr'><strong>καὶ</strong></span> <span class='ocrx_word' id='word_1_429' title='bbox 427 1573 461 1599; x_wconf 77' lang='grc' dir='ltr'><strong>τά</strong></span> <span class='ocrx_word' id='word_1_430' title='bbox 476 1573 583 1605; x_wconf 82' lang='grc' dir='ltr'>τούτοις</span> <span class='ocrx_word' id='word_1_431' title='bbox 595 1573 744 1601; x_wconf 81' lang='grc' dir='ltr'>ἀκόλουθα·</span> <span class='ocrx_word' id='word_1_432' title='bbox 761 1573 820 1601; x_wconf 85' lang='grc' dir='ltr'>εἶτα</span> <span class='ocrx_word' id='word_1_433' title='bbox 834 1574 909 1610; x_wconf 80' lang='grc' dir='ltr'>δηλοῖ</span> <span class='ocrx_word' id='word_1_434' title='bbox 917 1575 965 1610; x_wconf 82' lang='grc' dir='ltr'><strong>τὴν</strong></span> 
     </span>
    </p>
   </div>
   <div class='ocr_carea' id='block_1_61' title="bbox 1017 1572 1806 1610">
    <p class='ocr_par' dir='ltr' id='par_1_61' title="bbox 1017 1573 1806 1609">
     <span class='ocr_line' id='line_1_61' title="bbox 1017 1573 1806 1609; baseline 0.001 -9"><span class='ocrx_word' id='word_1_435' title='bbox 1017 1582 1104 1600; x_wconf 84' lang='lat' dir='ltr'><strong>omnes</strong></span> <span class='ocrx_word' id='word_1_436' title='bbox 1120 1574 1164 1609; x_wconf 83' lang='lat' dir='ltr'><strong>qui</strong></span> <span class='ocrx_word' id='word_1_437' title='bbox 1185 1573 1439 1608; x_wconf 79' lang='lat' dir='ltr'><strong>prwtergrediunlur</strong></span> <span class='ocrx_word' id='word_1_438' title='bbox 1457 1573 1550 1601; x_wconf 79' lang='lat' dir='ltr'><strong>uiam?</strong></span> <span class='ocrx_word' id='word_1_439' title='bbox 1565 1573 1602 1600; x_wconf 84' lang='lat' dir='ltr'><strong>De</strong></span> <span class='ocrx_word' id='word_1_440' title='bbox 1617 1573 1806 1601; x_wconf 73' lang='lat' dir='ltr'><strong>obsidentibus</strong></span> 
     </span>
    </p>
   </div>
   <div class='ocr_carea' id='block_1_62' title="bbox 176 1619 966 1655">
    <p class='ocr_par' dir='ltr' id='par_1_62' title="bbox 176 1619 966 1655">
     <span class='ocr_line' id='line_1_62' title="bbox 176 1619 966 1655; baseline 0.004 -10"><span class='ocrx_word' id='word_1_441' title='bbox 176 1619 309 1654; x_wconf 78' lang='grc' dir='ltr'>ἐσομένην</span> <span class='ocrx_word' id='word_1_442' title='bbox 325 1619 441 1655; x_wconf 81' lang='grc' dir='ltr'>ἐρημίαν</span> <span class='ocrx_word' id='word_1_443' title='bbox 456 1620 545 1646; x_wconf 80' lang='grc' dir='ltr'>αὐτῶν</span> <span class='ocrx_word' id='word_1_444' title='bbox 567 1620 680 1654; x_wconf 74' lang='grc' dir='ltr'>φάσκων</span> <span class='ocrx_word' id='word_1_445' title='bbox 691 1629 698 1636; x_wconf 77' lang='grc' dir='ltr'><strong>ο</strong></span> <span class='ocrx_word' id='word_1_446' title='bbox 716 1621 777 1648; x_wconf 80' lang='grc' dir='ltr'><strong>Ἵνα</strong></span> <span class='ocrx_word' id='word_1_447' title='bbox 789 1622 817 1647; x_wconf 78' lang='grc' dir='ltr'><strong>τί</strong></span> <span class='ocrx_word' id='word_1_448' title='bbox 830 1621 966 1654; x_wconf 82' lang='grc' dir='ltr'>καθεῖλες</span> 
     </span>
    </p>
   </div>
   <div class='ocr_carea' id='block_1_63' title="bbox 173 1664 966 1702">
    <p class='ocr_par' dir='ltr' id='par_1_63' title="bbox 173 1664 966 1702">
     <span class='ocr_line' id='line_1_63' title="bbox 173 1664 966 1702; baseline 0.005 -11"><span class='ocrx_word' id='word_1_449' title='bbox 173 1664 228 1692; x_wconf 83' lang='grc' dir='ltr'><strong>τὸν</strong></span> <span class='ocrx_word' id='word_1_450' title='bbox 239 1664 375 1699; x_wconf 72' lang='grc' dir='ltr'>φραγμὸν</span> <span class='ocrx_word' id='word_1_451' title='bbox 386 1665 492 1699; x_wconf 78' lang='grc' dir='ltr'>αὐτῆς,</span> <span class='ocrx_word' id='word_1_452' title='bbox 507 1666 555 1693; x_wconf 74' lang='grc' dir='ltr'>καὶ</span> <span class='ocrx_word' id='word_1_453' title='bbox 574 1667 723 1702; x_wconf 77' lang='grc' dir='ltr'>τρυγῶσιν</span> <span class='ocrx_word' id='word_1_454' title='bbox 741 1667 839 1701; x_wconf 80' lang='grc' dir='ltr'>αὐτὴν</span> <span class='ocrx_word' id='word_1_455' title='bbox 854 1667 966 1701; x_wconf 78' lang='grc' dir='ltr'>πάντες</span> 
     </span>
    </p>
   </div>
   <div class='ocr_carea' id='block_1_64' title="bbox 173 1712 966 1749">
    <p class='ocr_par' dir='ltr' id='par_1_64' title="bbox 173 1712 966 1749">
     <span class='ocr_line' id='line_1_64' title="bbox 173 1712 966 1749; baseline 0.003 -11"><span class='ocrx_word' id='word_1_456' title='bbox 173 1712 201 1738; x_wconf 74' lang='grc' dir='ltr'>οἱ</span> <span class='ocrx_word' id='word_1_457' title='bbox 222 1712 496 1746; x_wconf 75' lang='grc' dir='ltr'>παραπορευόμενοι</span> <span class='ocrx_word' id='word_1_458' title='bbox 510 1712 566 1747; x_wconf 79' lang='grc' dir='ltr'><strong>τὴν</strong></span> <span class='ocrx_word' id='word_1_459' title='bbox 586 1713 670 1744; x_wconf 81' lang='grc' dir='ltr'><strong>ὁδόν;</strong></span> <span class='ocrx_word' id='word_1_460' title='bbox 693 1714 747 1740; x_wconf 74' lang='grc' dir='ltr'><strong>Καὶ</strong></span> <span class='ocrx_word' id='word_1_461' title='bbox 770 1714 834 1749; x_wconf 74' lang='grc' dir='ltr'>περὶ</span> <span class='ocrx_word' id='word_1_462' title='bbox 850 1714 903 1740; x_wconf 85' lang='grc' dir='ltr'>τῶν</span> <span class='ocrx_word' id='word_1_463' title='bbox 918 1723 966 1741; x_wconf 84' lang='grc' dir='ltr'>πο-</span> 
     </span>
    </p>
   </div>
   <div class='ocr_carea' id='block_1_65' title="bbox 174 1755 965 1793">
    <p class='ocr_par' dir='ltr' id='par_1_65' title="bbox 174 1755 965 1793">
     <span class='ocr_line' id='line_1_65' title="bbox 174 1755 965 1793; baseline 0.005 -11"><span class='ocrx_word' id='word_1_464' title='bbox 174 1755 375 1792; x_wconf 87' lang='grc' dir='ltr'>λιορκησάντων</span> <span class='ocrx_word' id='word_1_465' title='bbox 390 1757 418 1783; x_wconf 77' lang='grc' dir='ltr'>δὲ</span> <span class='ocrx_word' id='word_1_466' title='bbox 441 1757 560 1784; x_wconf 78' lang='grc' dir='ltr'>διδάσκει</span> <span class='ocrx_word' id='word_1_467' title='bbox 580 1758 682 1792; x_wconf 83' lang='grc' dir='ltr'>λέγων·</span> <span class='ocrx_word' id='word_1_468' title='bbox 706 1759 889 1793; x_wconf 83' lang='grc' dir='ltr'>Ἐλυμῄνατο</span> <span class='ocrx_word' id='word_1_469' title='bbox 912 1760 965 1786; x_wconf 83' lang='grc' dir='ltr'><strong>αὑ-</strong></span> 
     </span>
    </p>
   </div>
   <div class='ocr_carea' id='block_1_66' title="bbox 172 1800 965 1840">
    <p class='ocr_par' dir='ltr' id='par_1_66' title="bbox 172 1800 965 1840">
     <span class='ocr_line' id='line_1_66' title="bbox 172 1800 965 1840; baseline 0.005 -11"><span class='ocrx_word' id='word_1_470' title='bbox 172 1801 230 1836; x_wconf 81' lang='grc' dir='ltr'><strong>τὴν</strong></span> <span class='ocrx_word' id='word_1_471' title='bbox 244 1800 282 1835; x_wconf 84' lang='grc' dir='ltr'>ὗς</span> <span class='ocrx_word' id='word_1_472' title='bbox 302 1803 337 1830; x_wconf 81' lang='grc' dir='ltr'>ἐκ</span> <span class='ocrx_word' id='word_1_473' title='bbox 357 1803 480 1838; x_wconf 79' lang='grc' dir='ltr'>δρυμοῦ,</span> <span class='ocrx_word' id='word_1_474' title='bbox 495 1804 544 1831; x_wconf 77' lang='grc' dir='ltr'>καὶ</span> <span class='ocrx_word' id='word_1_475' title='bbox 562 1804 667 1839; x_wconf 62' lang='lat' dir='ltr'><strong>pora};-</strong></span> <span class='ocrx_word' id='word_1_476' title='bbox 683 1804 784 1840; x_wconf 76' lang='grc' dir='ltr'>ἄγριος</span> <span class='ocrx_word' id='word_1_477' title='bbox 806 1806 965 1840; x_wconf 81' lang='grc' dir='ltr'>κατενεμή-</span> 
     </span>
    </p>
   </div>
   <div class='ocr_carea' id='block_1_67' title="bbox 172 1846 963 1887">
    <p class='ocr_par' dir='ltr' id='par_1_67' title="bbox 172 1846 963 1887">
     <span class='ocr_line' id='line_1_67' title="bbox 172 1846 963 1887; baseline 0.004 -12"><span class='ocrx_word' id='word_1_478' title='bbox 172 1854 247 1876; x_wconf 79' lang='grc' dir='ltr'>σατο</span> <span class='ocrx_word' id='word_1_479' title='bbox 273 1848 380 1884; x_wconf 70' lang='grc' dir='ltr'><strong>αὑτήν.</strong></span> <span class='ocrx_word' id='word_1_480' title='bbox 400 1850 437 1875; x_wconf 86' lang='grc' dir='ltr'><strong>Δι’</strong></span> <span class='ocrx_word' id='word_1_481' title='bbox 455 1846 492 1876; x_wconf 84' lang='grc' dir='ltr'>ὧν</span> <span class='ocrx_word' id='word_1_482' title='bbox 513 1850 559 1877; x_wconf 87' lang='grc' dir='ltr'><strong>δύο</strong></span> <span class='ocrx_word' id='word_1_483' title='bbox 584 1850 767 1887; x_wconf 82' lang='grc' dir='ltr'>πολιορκητὰς</span> <span class='ocrx_word' id='word_1_484' title='bbox 786 1851 894 1878; x_wconf 79' lang='grc' dir='ltr'>ἔσεσθαι</span> <span class='ocrx_word' id='word_1_485' title='bbox 917 1852 963 1879; x_wconf 85' lang='grc' dir='ltr'>τοῦ</span> 
     </span>
    </p>
   </div>
   <div class='ocr_carea' id='block_1_68' title="bbox 175 1894 964 1933">
    <p class='ocr_par' dir='ltr' id='par_1_68' title="bbox 175 1894 964 1933">
     <span class='ocr_line' id='line_1_68' title="bbox 175 1894 964 1933; baseline 0.005 -12"><span class='ocrx_word' id='word_1_486' title='bbox 175 1894 265 1927; x_wconf 74' lang='grc' dir='ltr'>ἔθνους</span> <span class='ocrx_word' id='word_1_487' title='bbox 288 1895 432 1931; x_wconf 77' lang='grc' dir='ltr'>σημαίνει·</span> <span class='ocrx_word' id='word_1_488' title='bbox 459 1896 473 1922; x_wconf 79' lang='grc' dir='ltr'>ὕ</span> <span class='ocrx_word' id='word_1_489' title='bbox 496 1896 527 1932; x_wconf 85' lang='grc' dir='ltr'><strong>δὴ</strong></span> <span class='ocrx_word' id='word_1_490' title='bbox 544 1897 638 1931; x_wconf 87' lang='grc' dir='ltr'>γέγονε</span> <span class='ocrx_word' id='word_1_491' title='bbox 664 1898 713 1933; x_wconf 83' lang='grc' dir='ltr'>μὲν</span> <span class='ocrx_word' id='word_1_492' title='bbox 737 1898 784 1924; x_wconf 86' lang='grc' dir='ltr'>καὶ</span> <span class='ocrx_word' id='word_1_493' title='bbox 809 1898 879 1925; x_wconf 77' lang='grc' dir='ltr'>κατὰ</span> <span class='ocrx_word' id='word_1_494' title='bbox 901 1898 964 1930; x_wconf 71' lang='grc' dir='ltr'>τοὺς</span> 
     </span>
    </p>
   </div>
   <div class='ocr_carea' id='block_1_69' title="bbox 173 1940 964 1980">
    <p class='ocr_par' dir='ltr' id='par_1_69' title="bbox 173 1940 964 1980">
     <span class='ocr_line' id='line_1_69' title="bbox 173 1940 964 1980; baseline 0.005 -13"><span class='ocrx_word' id='word_1_495' title='bbox 173 1940 226 1967; x_wconf 85' lang='grc' dir='ltr'>τῶν</span> <span class='ocrx_word' id='word_1_496' title='bbox 242 1941 417 1968; x_wconf 77' lang='grc' dir='ltr'>Βαϐυλωνίων</span> <span class='ocrx_word' id='word_1_497' title='bbox 431 1943 558 1978; x_wconf 79' lang='grc' dir='ltr'>χρόνους·</span> <span class='ocrx_word' id='word_1_498' title='bbox 577 1944 685 1980; x_wconf 86' lang='grc' dir='ltr'>πρῶτος</span> <span class='ocrx_word' id='word_1_499' title='bbox 711 1943 766 1980; x_wconf 79' lang='grc' dir='ltr'><strong>γὰρ</strong></span> <span class='ocrx_word' id='word_1_500' title='bbox 787 1945 801 1971; x_wconf 83' lang='grc' dir='ltr'><em>ὸ</em></span> <span class='ocrx_word' id='word_1_501' title='bbox 822 1945 964 1979; x_wconf 72' lang='grc' dir='ltr'>Ἀσσύριος</span> 
     </span>
    </p>
   </div>
   <div class='ocr_carea' id='block_1_70' title="bbox 174 1986 964 2025">
    <p class='ocr_par' dir='ltr' id='par_1_70' title="bbox 174 1986 964 2025">
     <span class='ocr_line' id='line_1_70' title="bbox 174 1986 964 2025; baseline 0.005 -12"><span class='ocrx_word' id='word_1_502' title='bbox 174 1986 295 2014; x_wconf 78' lang='grc' dir='ltr'>ἐπελθὼν</span> <span class='ocrx_word' id='word_1_503' title='bbox 311 1986 360 2019; x_wconf 77' lang='grc' dir='ltr'>τὰς</span> <span class='ocrx_word' id='word_1_504' title='bbox 384 1987 449 2014; x_wconf 80' lang='grc' dir='ltr'>δέκα</span> <span class='ocrx_word' id='word_1_505' title='bbox 468 1988 553 2023; x_wconf 78' lang='grc' dir='ltr'>φυλὰς</span> <span class='ocrx_word' id='word_1_506' title='bbox 568 1989 614 2016; x_wconf 85' lang='grc' dir='ltr'>τοῦ</span> <span class='ocrx_word' id='word_1_507' title='bbox 646 1990 754 2024; x_wconf 80' lang='grc' dir='ltr'>Ἰσραὴλ</span> <span class='ocrx_word' id='word_1_508' title='bbox 776 1991 964 2025; x_wconf 83' lang='grc' dir='ltr'>αἰχμαλώτους</span> 
     </span>
    </p>
   </div>
   <div class='ocr_carea' id='block_1_71' title="bbox 172 2030 964 2068">
    <p class='ocr_par' dir='ltr' id='par_1_71' title="bbox 172 2030 964 2068">
     <span class='ocr_line' id='line_1_71' title="bbox 172 2030 964 2068; baseline 0.005 -10"><span class='ocrx_word' id='word_1_509' title='bbox 172 2032 331 2068; x_wconf 85' lang='grc' dir='ltr'>ἀπήγαγεν·</span> <span class='ocrx_word' id='word_1_510' title='bbox 350 2030 410 2059; x_wconf 76' lang='grc' dir='ltr'>εἶτα</span> <span class='ocrx_word' id='word_1_511' title='bbox 425 2033 494 2068; x_wconf 77' lang='grc' dir='ltr'>μετὰ</span> <span class='ocrx_word' id='word_1_512' title='bbox 508 2033 601 2060; x_wconf 79' lang='grc' dir='ltr'>τοῦτον</span> <span class='ocrx_word' id='word_1_513' title='bbox 616 2035 630 2061; x_wconf 84' lang='grc' dir='ltr'>ὁ</span> <span class='ocrx_word' id='word_1_514' title='bbox 643 2034 811 2067; x_wconf 77' lang='grc' dir='ltr'>Βαϐυλώνιος</span> <span class='ocrx_word' id='word_1_515' title='bbox 827 2036 890 2067; x_wconf 82' lang='grc' dir='ltr'>τοὺς</span> <span class='ocrx_word' id='word_1_516' title='bbox 903 2037 964 2062; x_wconf 86' lang='grc' dir='ltr'>ὑπο-</span> 
     </span>
    </p>
   </div>
   <div class='ocr_carea' id='block_1_72' title="bbox 172 2076 963 2116">
    <p class='ocr_par' dir='ltr' id='par_1_72' title="bbox 172 2076 963 2116">
     <span class='ocr_line' id='line_1_72' title="bbox 172 2076 963 2116; baseline 0.005 -13"><span class='ocrx_word' id='word_1_517' title='bbox 172 2076 280 2109; x_wconf 84' lang='grc' dir='ltr'>λοίπους</span> <span class='ocrx_word' id='word_1_518' title='bbox 303 2077 477 2113; x_wconf 75' lang='grc' dir='ltr'>ἐχειρώσατο,</span> <span class='ocrx_word' id='word_1_519' title='bbox 501 2078 550 2113; x_wconf 88' lang='grc' dir='ltr'>τὴν</span> <span class='ocrx_word' id='word_1_520' title='bbox 570 2079 747 2115; x_wconf 78' lang='grc' dir='ltr'>Ἰερουσαλὴμ</span> <span class='ocrx_word' id='word_1_521' title='bbox 774 2081 822 2106; x_wconf 82' lang='grc' dir='ltr'>σὺν</span> <span class='ocrx_word' id='word_1_522' title='bbox 844 2080 882 2116; x_wconf 84' lang='grc' dir='ltr'>τῷ</span> <span class='ocrx_word' id='word_1_523' title='bbox 907 2080 963 2116; x_wconf 89' lang='grc' dir='ltr'>ναῷ</span> 
     </span>
    </p>
   </div>
   <div class='ocr_carea' id='block_1_73' title="bbox 173 2123 962 2161">
    <p class='ocr_par' dir='ltr' id='par_1_73' title="bbox 173 2123 962 2161">
     <span class='ocr_line' id='line_1_73' title="bbox 173 2123 962 2161; baseline 0.004 -11"><span class='ocrx_word' id='word_1_524' title='bbox 173 2124 359 2159; x_wconf 80' lang='grc' dir='ltr'>πυρπολήσας.</span> <span class='ocrx_word' id='word_1_525' title='bbox 378 2125 411 2150; x_wconf 70' lang='grc' dir='ltr'><strong>ὐ</strong></span> <span class='ocrx_word' id='word_1_526' title='bbox 426 2124 458 2159; x_wconf 87' lang='grc' dir='ltr'><strong>δὴ</strong></span> <span class='ocrx_word' id='word_1_527' title='bbox 478 2123 601 2156; x_wconf 78' lang='grc' dir='ltr'>θεσπίζει</span> <span class='ocrx_word' id='word_1_528' title='bbox 618 2125 729 2159; x_wconf 82' lang='grc' dir='ltr'>φάσκων</span> <span class='ocrx_word' id='word_1_529' title='bbox 753 2127 766 2152; x_wconf 85' lang='grc' dir='ltr'><strong>ὁ</strong></span> <span class='ocrx_word' id='word_1_530' title='bbox 781 2126 860 2160; x_wconf 76' lang='grc' dir='ltr'>λόγος</span> <span class='ocrx_word' id='word_1_531' title='bbox 871 2134 878 2141; x_wconf 94' lang='grc'><strong>·</strong></span> <span class='ocrx_word' id='word_1_532' title='bbox 897 2127 962 2161; x_wconf 83' lang='grc' dir='ltr'><strong>Ἐμ-</strong></span> 
     </span>
    </p>
   </div>
   <div class='ocr_carea' id='block_1_74' title="bbox 171 2169 962 2207">
    <p class='ocr_par' dir='ltr' id='par_1_74' title="bbox 171 2169 962 2207">
     <span class='ocr_line' id='line_1_74' title="bbox 171 2169 962 2207; baseline 0.004 -11"><span class='ocrx_word' id='word_1_533' title='bbox 171 2169 378 2204; x_wconf 63' lang='grc' dir='ltr'>θιεπινρισμένη</span> <span class='ocrx_word' id='word_1_534' title='bbox 401 2170 436 2196; x_wconf 83' lang='grc' dir='ltr'><strong>ἐν</strong></span> <span class='ocrx_word' id='word_1_535' title='bbox 457 2170 528 2204; x_wconf 79' lang='grc' dir='ltr'>πυρὶ</span> <span class='ocrx_word' id='word_1_536' title='bbox 549 2170 598 2197; x_wconf 77' lang='grc' dir='ltr'>καὶ</span> <span class='ocrx_word' id='word_1_537' title='bbox 617 2171 842 2206; x_wconf 75' lang='grc' dir='ltr'>ἀνεσκαμμένη·</span> <span class='ocrx_word' id='word_1_538' title='bbox 867 2173 962 2207; x_wconf 82' lang='grc' dir='ltr'>γέγονε</span> 
     </span>
    </p>
   </div>
   <div class='ocr_carea' id='block_1_75' title="bbox 172 2215 962 2253">
    <p class='ocr_par' dir='ltr' id='par_1_75' title="bbox 172 2215 962 2253">
     <span class='ocr_line' id='line_1_75' title="bbox 172 2215 962 2253; baseline 0.005 -12"><span class='ocrx_word' id='word_1_539' title='bbox 172 2215 200 2241; x_wconf 77' lang='grc' dir='ltr'><strong>δὲ</strong></span> <span class='ocrx_word' id='word_1_540' title='bbox 211 2215 258 2242; x_wconf 74' lang='grc' dir='ltr'>καὶ</span> <span class='ocrx_word' id='word_1_541' title='bbox 273 2216 319 2242; x_wconf 73' lang='grc' dir='ltr'><strong>ἐπὶ</strong></span> <span class='ocrx_word' id='word_1_542' title='bbox 332 2216 381 2251; x_wconf 89' lang='grc' dir='ltr'>τῆς</span> <span class='ocrx_word' id='word_1_543' title='bbox 399 2216 540 2251; x_wconf 89' lang='grc' dir='ltr'>Ῥωμαίων</span> <span class='ocrx_word' id='word_1_544' title='bbox 558 2215 706 2250; x_wconf 80' lang='grc' dir='ltr'>βασιλείας,</span> <span class='ocrx_word' id='word_1_545' title='bbox 725 2217 834 2253; x_wconf 82' lang='grc' dir='ltr'>πρῶτον</span> <span class='ocrx_word' id='word_1_546' title='bbox 851 2218 899 2253; x_wconf 83' lang='grc' dir='ltr'>μὲν</span> <span class='ocrx_word' id='word_1_547' title='bbox 915 2227 962 2245; x_wconf 90' lang='grc' dir='ltr'>πο-</span> 
     </span>
    </p>
   </div>
   <div class='ocr_carea' id='block_1_76' title="bbox 173 2260 962 2299">
    <p class='ocr_par' dir='ltr' id='par_1_76' title="bbox 173 2260 962 2299">
     <span class='ocr_line' id='line_1_76' title="bbox 173 2260 962 2299; baseline 0.005 -12"><span class='ocrx_word' id='word_1_548' title='bbox 173 2260 365 2296; x_wconf 87' lang='grc' dir='ltr'>λιορκήσαντος</span> <span class='ocrx_word' id='word_1_549' title='bbox 381 2262 479 2293; x_wconf 79' lang='grc' dir='ltr'>αὐτοὺς</span> <span class='ocrx_word' id='word_1_550' title='bbox 493 2262 573 2289; x_wconf 90' lang='grc' dir='ltr'>Τίτου</span> <span class='ocrx_word' id='word_1_551' title='bbox 587 2261 634 2288; x_wconf 82' lang='grc' dir='ltr'>τοῦ</span> <span class='ocrx_word' id='word_1_552' title='bbox 652 2263 699 2288; x_wconf 79' lang='grc' dir='ltr'>καὶ</span> <span class='ocrx_word' id='word_1_553' title='bbox 713 2263 743 2289; x_wconf 86' lang='grc' dir='ltr'><strong>τὺ</strong></span> <span class='ocrx_word' id='word_1_554' title='bbox 763 2263 833 2298; x_wconf 73' lang='grc' dir='ltr'>ἱερὸν</span> <span class='ocrx_word' id='word_1_555' title='bbox 855 2272 962 2299; x_wconf 67' lang='grc' dir='ltr'>πυρποα</span> 
     </span>
    </p>
   </div>
   <div class='ocr_carea' id='block_1_77' title="bbox 173 2306 960 2343">
    <p class='ocr_par' dir='ltr' id='par_1_77' title="bbox 173 2306 960 2343">
     <span class='ocr_line' id='line_1_77' title="bbox 173 2306 960 2343; baseline 0.004 -10"><span class='ocrx_word' id='word_1_556' title='bbox 173 2306 301 2342; x_wconf 84' lang='grc' dir='ltr'>λήσαντος</span> <span class='ocrx_word' id='word_1_557' title='bbox 324 2307 392 2342; x_wconf 74' lang='grc' dir='ltr'>μετὰ</span> <span class='ocrx_word' id='word_1_558' title='bbox 406 2308 440 2334; x_wconf 86' lang='grc' dir='ltr'><strong>τὰ</strong></span> <span class='ocrx_word' id='word_1_559' title='bbox 452 2308 621 2343; x_wconf 83' lang='grc' dir='ltr'>τολμηθέντα</span> <span class='ocrx_word' id='word_1_560' title='bbox 637 2308 729 2340; x_wconf 82' lang='grc' dir='ltr'>αὐτοῖς</span> <span class='ocrx_word' id='word_1_561' title='bbox 751 2308 821 2335; x_wconf 82' lang='grc' dir='ltr'>κατὰ</span> <span class='ocrx_word' id='word_1_562' title='bbox 842 2309 889 2335; x_wconf 76' lang='grc' dir='ltr'>τοῦ</span> <span class='ocrx_word' id='word_1_563' title='bbox 904 2310 960 2336; x_wconf 88' lang='grc' dir='ltr'><strong>Σω-</strong></span> 
     </span>
    </p>
   </div>
   <div class='ocr_carea' id='block_1_78' title="bbox 173 2352 961 2390">
    <p class='ocr_par' dir='ltr' id='par_1_78' title="bbox 173 2352 961 2390">
     <span class='ocr_line' id='line_1_78' title="bbox 173 2352 961 2390; baseline 0.004 -11"><span class='ocrx_word' id='word_1_564' title='bbox 173 2352 255 2388; x_wconf 75' lang='grc' dir='ltr'>τῆρος</span> <span class='ocrx_word' id='word_1_565' title='bbox 271 2353 363 2388; x_wconf 84' lang='grc' dir='ltr'>ἡμῶν·</span> <span class='ocrx_word' id='word_1_566' title='bbox 382 2352 477 2380; x_wconf 72' lang='grc' dir='ltr'>ἔπειτα</span> <span class='ocrx_word' id='word_1_567' title='bbox 497 2352 636 2389; x_wconf 82' lang='grc' dir='ltr'>Ἀδριανοῦ</span> <span class='ocrx_word' id='word_1_568' title='bbox 654 2353 701 2380; x_wconf 86' lang='grc' dir='ltr'>τοῦ</span> <span class='ocrx_word' id='word_1_569' title='bbox 715 2354 763 2390; x_wconf 85' lang='grc' dir='ltr'>τὴν</span> <span class='ocrx_word' id='word_1_570' title='bbox 784 2354 861 2381; x_wconf 83' lang='grc' dir='ltr'>πόλιν</span> <span class='ocrx_word' id='word_1_571' title='bbox 874 2355 961 2390; x_wconf 82' lang='grc' dir='ltr'>αὐτὴν</span> 
     </span>
    </p>
   </div>
   <div class='ocr_carea' id='block_1_79' title="bbox 172 2395 960 2435">
    <p class='ocr_par' dir='ltr' id='par_1_79' title="bbox 172 2395 960 2435">
     <span class='ocr_line' id='line_1_79' title="bbox 172 2395 960 2435; baseline 0.005 -13"><span class='ocrx_word' id='word_1_572' title='bbox 172 2396 271 2423; x_wconf 74' lang='grc' dir='ltr'>ἄϐατον</span> <span class='ocrx_word' id='word_1_573' title='bbox 288 2397 425 2429; x_wconf 77' lang='grc' dir='ltr'>Ἰουδαίοις</span> <span class='ocrx_word' id='word_1_574' title='bbox 441 2395 510 2425; x_wconf 70' lang='grc' dir='ltr'>εἶναι</span> <span class='ocrx_word' id='word_1_575' title='bbox 525 2399 763 2434; x_wconf 81' lang='grc' dir='ltr'>νομοθετήσαντος.</span> <span class='ocrx_word' id='word_1_576' title='bbox 786 2400 853 2426; x_wconf 80' lang='grc' dir='ltr'>Ἀλλ’</span> <span class='ocrx_word' id='word_1_577' title='bbox 867 2400 960 2435; x_wconf 81' lang='grc' dir='ltr'>ἐπειδὴ</span> 
     </span>
    </p>
   </div>
   <div class='ocr_carea' id='block_1_80' title="bbox 173 2441 960 2480">
    <p class='ocr_par' dir='ltr' id='par_1_80' title="bbox 173 2441 960 2480">
     <span class='ocr_line' id='line_1_80' title="bbox 173 2441 960 2480; baseline 0.008 -13"><span class='ocrx_word' id='word_1_578' title='bbox 173 2441 257 2469; x_wconf 81' lang='grc' dir='ltr'>ταῦτα</span> <span class='ocrx_word' id='word_1_579' title='bbox 286 2443 350 2479; x_wconf 79' lang='grc' dir='ltr'>περὶ</span> <span class='ocrx_word' id='word_1_580' title='bbox 373 2443 422 2478; x_wconf 86' lang='grc' dir='ltr'>τῆς</span> <span class='ocrx_word' id='word_1_581' title='bbox 446 2444 604 2480; x_wconf 86' lang='grc' dir='ltr'>πολιορκίας</span> <span class='ocrx_word' id='word_1_582' title='bbox 632 2444 758 2471; x_wconf 75' lang='grc' dir='ltr'>ἐθέσπισε</span> <span class='ocrx_word' id='word_1_583' title='bbox 784 2445 831 2472; x_wconf 74' lang='grc' dir='ltr'>τοῦ</span> <span class='ocrx_word' id='word_1_584' title='bbox 858 2445 960 2479; x_wconf 78' lang='grc' dir='ltr'>ἔθνους,</span> 
     </span>
    </p>
   </div>
   <div class='ocr_carea' id='block_1_81' title="bbox 175 2487 961 2526">
    <p class='ocr_par' dir='ltr' id='par_1_81' title="bbox 175 2487 961 2526">
     <span class='ocr_line' id='line_1_81' title="bbox 175 2487 961 2526; baseline 0.006 -13"><span class='ocrx_word' id='word_1_585' title='bbox 175 2487 273 2522; x_wconf 85' lang='grc' dir='ltr'>προϊὼν</span> <span class='ocrx_word' id='word_1_586' title='bbox 294 2489 358 2524; x_wconf 78' lang='grc' dir='ltr'>περὶ</span> <span class='ocrx_word' id='word_1_587' title='bbox 379 2490 427 2525; x_wconf 84' lang='grc' dir='ltr'>τῆς</span> <span class='ocrx_word' id='word_1_588' title='bbox 453 2490 586 2526; x_wconf 84' lang='grc' dir='ltr'>σωτηρίου</span> <span class='ocrx_word' id='word_1_589' title='bbox 611 2490 769 2525; x_wconf 72' lang='grc' dir='ltr'>Θεοφανείας</span> <span class='ocrx_word' id='word_1_590' title='bbox 791 2491 873 2526; x_wconf 73' lang='grc' dir='ltr'>εὐχὴν</span> <span class='ocrx_word' id='word_1_591' title='bbox 895 2493 961 2518; x_wconf 82' lang='grc' dir='ltr'>ἀνα-</span> 
     </span>
    </p>
   </div>
   <div class='ocr_carea' id='block_1_82' title="bbox 174 2533 962 2572">
    <p class='ocr_par' dir='ltr' id='par_1_82' title="bbox 174 2533 962 2572">
     <span class='ocr_line' id='line_1_82' title="bbox 174 2533 962 2572; baseline 0.008 -13"><span class='ocrx_word' id='word_1_592' title='bbox 174 2533 274 2568; x_wconf 77' lang='grc' dir='ltr'>πέμπει</span> <span class='ocrx_word' id='word_1_593' title='bbox 298 2534 399 2569; x_wconf 83' lang='grc' dir='ltr'>λέγων·</span> <span class='ocrx_word' id='word_1_594' title='bbox 420 2537 578 2570; x_wconf 78' lang='grc' dir='ltr'>Γενηθήτω</span> <span class='ocrx_word' id='word_1_595' title='bbox 600 2536 619 2570; x_wconf 81' lang='grc' dir='ltr'><em>ὴ</em></span> <span class='ocrx_word' id='word_1_596' title='bbox 643 2537 708 2571; x_wconf 82' lang='grc' dir='ltr'>χείρ</span> <span class='ocrx_word' id='word_1_597' title='bbox 733 2545 791 2565; x_wconf 79' lang='grc' dir='ltr'>σου</span> <span class='ocrx_word' id='word_1_598' title='bbox 808 2538 853 2564; x_wconf 76' lang='grc' dir='ltr'><strong>ἐπ’</strong></span> <span class='ocrx_word' id='word_1_599' title='bbox 867 2538 962 2572; x_wconf 78' lang='grc' dir='ltr'>ἄνδρα</span> 
     </span>
    </p>
   </div>
   <div class='ocr_carea' id='block_1_83' title="bbox 174 2578 962 2617">
    <p class='ocr_par' dir='ltr' id='par_1_83' title="bbox 174 2578 962 2617">
     <span class='ocr_line' id='line_1_83' title="bbox 174 2578 962 2617; baseline 0.006 -12"><span class='ocrx_word' id='word_1_600' title='bbox 174 2578 272 2613; x_wconf 77' lang='grc' dir='ltr'>δεξιᾶς</span> <span class='ocrx_word' id='word_1_601' title='bbox 284 2587 351 2612; x_wconf 84' lang='grc' dir='ltr'>σου,</span> <span class='ocrx_word' id='word_1_602' title='bbox 366 2581 414 2608; x_wconf 82' lang='grc' dir='ltr'>καὶ</span> <span class='ocrx_word' id='word_1_603' title='bbox 426 2581 476 2608; x_wconf 77' lang='grc' dir='ltr'><strong>ἐπὶ</strong></span> <span class='ocrx_word' id='word_1_604' title='bbox 501 2583 569 2609; x_wconf 78' lang='grc' dir='ltr'><strong>Υίὸν</strong></span> <span class='ocrx_word' id='word_1_605' title='bbox 584 2583 740 2617; x_wconf 78' lang='grc' dir='ltr'>ἀνθρώπου</span> <span class='ocrx_word' id='word_1_606' title='bbox 754 2583 789 2610; x_wconf 73' lang='grc' dir='ltr'><strong>ὃν</strong></span> <span class='ocrx_word' id='word_1_607' title='bbox 805 2584 962 2617; x_wconf 59' lang='grc' dir='ltr'>ἐκιιαταίω-</span> 
     </span>
    </p>
   </div>
   <div class='ocr_carea' id='block_1_84' title="bbox 173 2627 959 2666">
    <p class='ocr_par' dir='ltr' id='par_1_84' title="bbox 173 2627 959 2666">
     <span class='ocr_line' id='line_1_84' title="bbox 173 2627 959 2666; baseline 0.008 -14"><span class='ocrx_word' id='word_1_608' title='bbox 173 2633 228 2659; x_wconf 78' lang='grc' dir='ltr'><strong>σας</strong></span> <span class='ocrx_word' id='word_1_609' title='bbox 247 2627 374 2660; x_wconf 80' lang='grc' dir='ltr'>σεαυτῷ.</span> <span class='ocrx_word' id='word_1_610' title='bbox 392 2628 551 2664; x_wconf 85' lang='grc' dir='ltr'>Παρακαλεῖ</span> <span class='ocrx_word' id='word_1_611' title='bbox 572 2629 601 2655; x_wconf 76' lang='grc' dir='ltr'><strong>δὲ</strong></span> <span class='ocrx_word' id='word_1_612' title='bbox 625 2631 653 2655; x_wconf 78' lang='grc' dir='ltr'>ἐν</span> <span class='ocrx_word' id='word_1_613' title='bbox 675 2630 780 2662; x_wconf 83' lang='grc' dir='ltr'>τούτοις</span> <span class='ocrx_word' id='word_1_614' title='bbox 806 2631 850 2657; x_wconf 82' lang='grc' dir='ltr'>τὸν</span> <span class='ocrx_word' id='word_1_615' title='bbox 874 2631 959 2666; x_wconf 83' lang='grc' dir='ltr'>ἄνδρα</span> 
     </span>
    </p>
   </div>
   <div class='ocr_carea' id='block_1_85' title="bbox 1018 1618 1807 1655">
    <p class='ocr_par' dir='ltr' id='par_1_85' title="bbox 1018 1618 1807 1655">
     <span class='ocr_line' id='line_1_85' title="bbox 1018 1618 1807 1655; baseline 0.001 -8"><span class='ocrx_word' id='word_1_616' title='bbox 1018 1624 1107 1647; x_wconf 84' lang='lat' dir='ltr'><strong>autem</strong></span> <span class='ocrx_word' id='word_1_617' title='bbox 1132 1627 1191 1646; x_wconf 86' lang='lat' dir='ltr'><strong>eam</strong></span> <span class='ocrx_word' id='word_1_618' title='bbox 1216 1619 1273 1646; x_wconf 60' lang='lat' dir='ltr'><strong>bare</strong></span> <span class='ocrx_word' id='word_1_619' title='bbox 1289 1619 1372 1646; x_wconf 87' lang='lat' dir='ltr'><strong>tradit</strong></span> <span class='ocrx_word' id='word_1_620' title='bbox 1386 1628 1392 1646; x_wconf 89' lang='lat'><strong>:</strong></span> <span class='ocrx_word' id='word_1_621' title='bbox 1412 1618 1606 1646; x_wconf 68' lang='lat' dir='ltr'><strong>Exlerminauil</strong></span> <span class='ocrx_word' id='word_1_622' title='bbox 1622 1628 1680 1647; x_wconf 87' lang='lat' dir='ltr'><strong>eam</strong></span> <span class='ocrx_word' id='word_1_623' title='bbox 1698 1628 1760 1655; x_wconf 85' lang='lat' dir='ltr'><strong>aper</strong></span> <span class='ocrx_word' id='word_1_624' title='bbox 1774 1621 1807 1648; x_wconf 70' lang='lat' dir='ltr'><strong>de</strong></span> 
     </span>
    </p>
   </div>
   <div class='ocr_carea' id='block_1_86' title="bbox 1013 1667 1807 1703">
    <p class='ocr_par' dir='ltr' id='par_1_86' title="bbox 1013 1667 1807 1703">
     <span class='ocr_line' id='line_1_86' title="bbox 1013 1667 1807 1703; baseline 0.003 -9"><span class='ocrx_word' id='word_1_625' title='bbox 1013 1668 1083 1695; x_wconf 73' lang='lat' dir='ltr'><strong>silua</strong></span> <span class='ocrx_word' id='word_1_626' title='bbox 1094 1688 1101 1700; x_wconf 82' lang='grc'><strong>,</strong></span> <span class='ocrx_word' id='word_1_627' title='bbox 1118 1672 1142 1695; x_wconf 83' lang='lat' dir='ltr'><strong>et</strong></span> <span class='ocrx_word' id='word_1_628' title='bbox 1157 1668 1301 1703; x_wconf 78' lang='lat' dir='ltr'><strong>singularis</strong></span> <span class='ocrx_word' id='word_1_629' title='bbox 1317 1667 1388 1702; x_wconf 75' lang='lat' dir='ltr'><strong>[eras</strong></span> <span class='ocrx_word' id='word_1_630' title='bbox 1403 1669 1515 1695; x_wconf 79' lang='lat' dir='ltr'><strong>vastavit</strong></span> <span class='ocrx_word' id='word_1_631' title='bbox 1531 1676 1600 1695; x_wconf 87' lang='lat' dir='ltr'><strong>eam.</strong></span> <span class='ocrx_word' id='word_1_632' title='bbox 1624 1667 1730 1701; x_wconf 85' lang='lat' dir='ltr'><strong>Quibus</strong></span> <span class='ocrx_word' id='word_1_633' title='bbox 1745 1676 1807 1696; x_wconf 86' lang='lat' dir='ltr'><strong>ver-</strong></span> 
     </span>
    </p>
   </div>
   <div class='ocr_carea' id='block_1_87' title="bbox 1016 1714 1804 1750">
    <p class='ocr_par' dir='ltr' id='par_1_87' title="bbox 1016 1714 1804 1750">
     <span class='ocr_line' id='line_1_87' title="bbox 1016 1714 1804 1750; baseline 0 -8"><span class='ocrx_word' id='word_1_634' title='bbox 1016 1715 1060 1742; x_wconf 88' lang='lat' dir='ltr'><strong>bis</strong></span> <span class='ocrx_word' id='word_1_635' title='bbox 1080 1722 1140 1742; x_wconf 87' lang='lat' dir='ltr'><strong>eam</strong></span> <span class='ocrx_word' id='word_1_636' title='bbox 1160 1718 1268 1749; x_wconf 78' lang='lat' dir='ltr'><strong>gentem</strong></span> <span class='ocrx_word' id='word_1_637' title='bbox 1289 1722 1304 1741; x_wconf 85' lang='lat' dir='ltr'><strong>a</strong></span> <span class='ocrx_word' id='word_1_638' title='bbox 1324 1714 1433 1741; x_wconf 88' lang='lat' dir='ltr'><strong>duobus</strong></span> <span class='ocrx_word' id='word_1_639' title='bbox 1453 1714 1635 1742; x_wconf 87' lang='lat' dir='ltr'><strong>obsidendam</strong></span> <span class='ocrx_word' id='word_1_640' title='bbox 1656 1715 1804 1750; x_wconf 69' lang='lat' dir='ltr'><strong>signiﬁcat.</strong></span> 
     </span>
    </p>
   </div>
   <div class='ocr_carea' id='block_1_88' title="bbox 1015 1758 1805 1795">
    <p class='ocr_par' dir='ltr' id='par_1_88' title="bbox 1015 1758 1805 1795">
     <span class='ocr_line' id='line_1_88' title="bbox 1015 1758 1805 1795; baseline 0 -9"><span class='ocrx_word' id='word_1_641' title='bbox 1015 1759 1095 1792; x_wconf 83' lang='lat' dir='ltr'><strong>Quod</strong></span> <span class='ocrx_word' id='word_1_642' title='bbox 1115 1759 1206 1786; x_wconf 79' lang='lat' dir='ltr'><strong>evenit</strong></span> <span class='ocrx_word' id='word_1_643' title='bbox 1229 1758 1442 1794; x_wconf 85' lang='lat' dir='ltr'><strong>Babyloniorum</strong></span> <span class='ocrx_word' id='word_1_644' title='bbox 1466 1763 1610 1794; x_wconf 81' lang='lat' dir='ltr'><strong>tempore:</strong></span> <span class='ocrx_word' id='word_1_645' title='bbox 1630 1767 1694 1786; x_wconf 90' lang='lat' dir='ltr'><strong>nam</strong></span> <span class='ocrx_word' id='word_1_646' title='bbox 1718 1759 1805 1795; x_wconf 78' lang='lat' dir='ltr'><strong>Assy-</strong></span> 
     </span>
    </p>
   </div>
   <div class='ocr_carea' id='block_1_89' title="bbox 1015 1804 1805 1841">
    <p class='ocr_par' dir='ltr' id='par_1_89' title="bbox 1015 1804 1805 1841">
     <span class='ocr_line' id='line_1_89' title="bbox 1015 1804 1805 1841; baseline 0 -9"><span class='ocrx_word' id='word_1_647' title='bbox 1015 1807 1072 1833; x_wconf 86' lang='lat' dir='ltr'><strong>rius</strong></span> <span class='ocrx_word' id='word_1_648' title='bbox 1088 1805 1163 1841; x_wconf 86' lang='lat' dir='ltr'><strong>prior</strong></span> <span class='ocrx_word' id='word_1_649' title='bbox 1180 1804 1329 1836; x_wconf 84' lang='lat' dir='ltr'><strong>invadens,</strong></span> <span class='ocrx_word' id='word_1_650' title='bbox 1348 1804 1443 1832; x_wconf 82' lang='lat' dir='ltr'><strong>decem</strong></span> <span class='ocrx_word' id='word_1_651' title='bbox 1467 1805 1556 1832; x_wconf 89' lang='lat' dir='ltr'><strong>tribus</strong></span> <span class='ocrx_word' id='word_1_652' title='bbox 1577 1804 1661 1833; x_wconf 82' lang='lat' dir='ltr'><strong>Israel</strong></span> <span class='ocrx_word' id='word_1_653' title='bbox 1683 1805 1805 1840; x_wconf 85' lang='lat' dir='ltr'><strong>captivas</strong></span> 
     </span>
    </p>
   </div>
   <div class='ocr_carea' id='block_1_90' title="bbox 1015 1850 1807 1886">
    <p class='ocr_par' dir='ltr' id='par_1_90' title="bbox 1015 1850 1807 1886">
     <span class='ocr_line' id='line_1_90' title="bbox 1015 1850 1807 1886; baseline -0.001 -8"><span class='ocrx_word' id='word_1_654' title='bbox 1015 1851 1128 1878; x_wconf 78' lang='lat' dir='ltr'><strong>abduxit</strong></span> <span class='ocrx_word' id='word_1_655' title='bbox 1140 1860 1146 1885; x_wconf 90' lang='lat'><strong>;</strong></span> <span class='ocrx_word' id='word_1_656' title='bbox 1162 1851 1260 1878; x_wconf 87' lang='lat' dir='ltr'><strong>deinde</strong></span> <span class='ocrx_word' id='word_1_657' title='bbox 1272 1858 1337 1878; x_wconf 89' lang='lat' dir='ltr'><strong>vero</strong></span> <span class='ocrx_word' id='word_1_658' title='bbox 1350 1850 1516 1886; x_wconf 77' lang='lat' dir='ltr'><strong>Babylonius</strong></span> <span class='ocrx_word' id='word_1_659' title='bbox 1529 1851 1650 1879; x_wconf 85' lang='lat' dir='ltr'><strong>incensis</strong></span> <span class='ocrx_word' id='word_1_660' title='bbox 1663 1859 1724 1878; x_wconf 83' lang='lat' dir='ltr'><strong>cum</strong></span> <span class='ocrx_word' id='word_1_661' title='bbox 1737 1856 1807 1878; x_wconf 83' lang='lat' dir='ltr'><strong>tem—</strong></span> 
     </span>
    </p>
   </div>
   <div class='ocr_carea' id='block_1_91' title="bbox 1015 1897 1805 1933">
    <p class='ocr_par' dir='ltr' id='par_1_91' title="bbox 1015 1897 1805 1933">
     <span class='ocr_line' id='line_1_91' title="bbox 1015 1897 1805 1933; baseline 0 -8"><span class='ocrx_word' id='word_1_662' title='bbox 1015 1898 1059 1933; x_wconf 91' lang='lat' dir='ltr'><strong>plo</strong></span> <span class='ocrx_word' id='word_1_663' title='bbox 1081 1897 1276 1933; x_wconf 83' lang='lat' dir='ltr'><strong>Jerosoiymis,</strong></span> <span class='ocrx_word' id='word_1_664' title='bbox 1299 1898 1422 1932; x_wconf 85' lang='lat' dir='ltr'><strong>reliquos</strong></span> <span class='ocrx_word' id='word_1_665' title='bbox 1447 1898 1528 1932; x_wconf 86' lang='lat' dir='ltr'><strong>cepit.</strong></span> <span class='ocrx_word' id='word_1_666' title='bbox 1548 1897 1626 1930; x_wconf 89' lang='lat' dir='ltr'><strong>Quod</strong></span> <span class='ocrx_word' id='word_1_667' title='bbox 1648 1897 1691 1924; x_wconf 90' lang='lat' dir='ltr'><strong>hic</strong></span> <span class='ocrx_word' id='word_1_668' title='bbox 1714 1905 1805 1925; x_wconf 81' lang='lat' dir='ltr'><strong>sermo</strong></span> 
     </span>
    </p>
   </div>
   <div class='ocr_carea' id='block_1_92' title="bbox 1014 1943 1804 1978">
    <p class='ocr_par' dir='ltr' id='par_1_92' title="bbox 1014 1943 1804 1978">
     <span class='ocr_line' id='line_1_92' title="bbox 1014 1943 1804 1978; baseline 0 -8"><span class='ocrx_word' id='word_1_669' title='bbox 1014 1945 1177 1971; x_wconf 82' lang='lat' dir='ltr'><strong>vaticinatur</strong></span> <span class='ocrx_word' id='word_1_670' title='bbox 1195 1944 1238 1970; x_wconf 89' lang='lat' dir='ltr'><strong>his</strong></span> <span class='ocrx_word' id='word_1_671' title='bbox 1264 1943 1371 1971; x_wconf 82' lang='lat' dir='ltr'><strong>verbis:</strong></span> <span class='ocrx_word' id='word_1_672' title='bbox 1400 1943 1512 1970; x_wconf 80' lang='lat' dir='ltr'><strong>Incensa</strong></span> <span class='ocrx_word' id='word_1_673' title='bbox 1540 1943 1598 1978; x_wconf 81' lang='lat' dir='ltr'><strong>igne</strong></span> <span class='ocrx_word' id='word_1_674' title='bbox 1620 1947 1645 1969; x_wconf 78' lang='lat' dir='ltr'><strong>et</strong></span> <span class='ocrx_word' id='word_1_675' title='bbox 1669 1943 1804 1977; x_wconf 69' lang='lat' dir='ltr'><strong>sit/fossa:</strong></span> 
     </span>
    </p>
   </div>
   <div class='ocr_carea' id='block_1_93' title="bbox 1014 1987 1804 2025">
    <p class='ocr_par' dir='ltr' id='par_1_93' title="bbox 1014 1987 1804 2025">
     <span class='ocr_line' id='line_1_93' title="bbox 1014 1987 1804 2025; baseline -0.005 -7"><span class='ocrx_word' id='word_1_676' title='bbox 1014 1990 1132 2025; x_wconf 85' lang='lat' dir='ltr'><strong>idipsum</strong></span> <span class='ocrx_word' id='word_1_677' title='bbox 1146 1997 1255 2024; x_wconf 87' lang='lat' dir='ltr'><strong>quoque</strong></span> <span class='ocrx_word' id='word_1_678' title='bbox 1270 1989 1456 2016; x_wconf 83' lang='lat' dir='ltr'><strong>Romanorum</strong></span> <span class='ocrx_word' id='word_1_679' title='bbox 1475 1993 1596 2024; x_wconf 88' lang='lat' dir='ltr'><strong>tempore</strong></span> <span class='ocrx_word' id='word_1_680' title='bbox 1612 1987 1733 2021; x_wconf 82' lang='lat' dir='ltr'><strong>accidit;</strong></span> <span class='ocrx_word' id='word_1_681' title='bbox 1749 1989 1804 2023; x_wconf 85' lang='lat' dir='ltr'><strong>pri-</strong></span> 
     </span>
    </p>
   </div>
   <div class='ocr_carea' id='block_1_94' title="bbox 1013 2034 1802 2071">
    <p class='ocr_par' dir='ltr' id='par_1_94' title="bbox 1013 2034 1802 2071">
     <span class='ocr_line' id='line_1_94' title="bbox 1013 2034 1802 2071; baseline -0.004 -8"><span class='ocrx_word' id='word_1_682' title='bbox 1013 2044 1058 2063; x_wconf 94' lang='lat' dir='ltr'><strong>mo</strong></span> <span class='ocrx_word' id='word_1_683' title='bbox 1075 2036 1185 2071; x_wconf 85' lang='lat' dir='ltr'><strong>quidem</strong></span> <span class='ocrx_word' id='word_1_684' title='bbox 1201 2035 1346 2063; x_wconf 79' lang='lat' dir='ltr'><strong>obsidente</strong></span> <span class='ocrx_word' id='word_1_685' title='bbox 1362 2034 1440 2067; x_wconf 90' lang='lat' dir='ltr'><strong>Tito,</strong></span> <span class='ocrx_word' id='word_1_686' title='bbox 1455 2035 1502 2069; x_wconf 86' lang='lat' dir='ltr'><strong>qui</strong></span> <span class='ocrx_word' id='word_1_687' title='bbox 1517 2038 1578 2069; x_wconf 86' lang='lat' dir='ltr'><strong>post</strong></span> <span class='ocrx_word' id='word_1_688' title='bbox 1595 2041 1690 2061; x_wconf 84' lang='lat' dir='ltr'><strong>eorum</strong></span> <span class='ocrx_word' id='word_1_689' title='bbox 1707 2038 1802 2061; x_wconf 85' lang='lat' dir='ltr'><strong>contra</strong></span> 
     </span>
    </p>
   </div>
   <div class='ocr_carea' id='block_1_95' title="bbox 1018 2081 1803 2115">
    <p class='ocr_par' dir='ltr' id='par_1_95' title="bbox 1018 2081 1803 2115">
     <span class='ocr_line' id='line_1_95' title="bbox 1018 2081 1803 2115; baseline -0.003 -7"><span class='ocrx_word' id='word_1_690' title='bbox 1018 2081 1188 2109; x_wconf 87' lang='lat' dir='ltr'><strong>Salvatorem</strong></span> <span class='ocrx_word' id='word_1_691' title='bbox 1216 2086 1340 2109; x_wconf 90' lang='lat' dir='ltr'><strong>nostrum</strong></span> <span class='ocrx_word' id='word_1_692' title='bbox 1366 2081 1510 2113; x_wconf 82' lang='lat' dir='ltr'><strong>facinora,</strong></span> <span class='ocrx_word' id='word_1_693' title='bbox 1537 2081 1668 2114; x_wconf 90' lang='lat' dir='ltr'><strong>templum</strong></span> <span class='ocrx_word' id='word_1_694' title='bbox 1694 2087 1803 2115; x_wconf 87' lang='lat' dir='ltr'><strong>quoque</strong></span> 
     </span>
    </p>
   </div>
   <div class='ocr_carea' id='block_1_96' title="bbox 1013 2125 1802 2160">
    <p class='ocr_par' dir='ltr' id='par_1_96' title="bbox 1013 2125 1802 2160">
     <span class='ocr_line' id='line_1_96' title="bbox 1013 2125 1802 2160; baseline -0.004 -6"><span class='ocrx_word' id='word_1_695' title='bbox 1013 2127 1158 2159; x_wconf 86' lang='lat' dir='ltr'><strong>incendit;</strong></span> <span class='ocrx_word' id='word_1_696' title='bbox 1185 2126 1284 2154; x_wconf 82' lang='lat' dir='ltr'><strong>deinde</strong></span> <span class='ocrx_word' id='word_1_697' title='bbox 1312 2134 1375 2154; x_wconf 85' lang='lat' dir='ltr'><strong>vero</strong></span> <span class='ocrx_word' id='word_1_698' title='bbox 1403 2126 1526 2153; x_wconf 83' lang='lat' dir='ltr'><strong>Adriano</strong></span> <span class='ocrx_word' id='word_1_699' title='bbox 1552 2126 1703 2160; x_wconf 83' lang='lat' dir='ltr'><strong>imperante</strong></span> <span class='ocrx_word' id='word_1_700' title='bbox 1720 2144 1727 2156; x_wconf 90' lang='lat'><strong>,</strong></span> <span class='ocrx_word' id='word_1_701' title='bbox 1755 2125 1802 2159; x_wconf 90' lang='lat' dir='ltr'><strong>qui</strong></span> 
     </span>
    </p>
   </div>
   <div class='ocr_carea' id='block_1_97' title="bbox 1011 2170 1802 2207">
    <p class='ocr_par' dir='ltr' id='par_1_97' title="bbox 1011 2170 1802 2207">
     <span class='ocr_line' id='line_1_97' title="bbox 1011 2170 1802 2207; baseline -0.004 -7"><span class='ocrx_word' id='word_1_702' title='bbox 1011 2172 1112 2200; x_wconf 67' lang='lat' dir='ltr'><strong>ludatis</strong></span> <span class='ocrx_word' id='word_1_703' title='bbox 1124 2172 1199 2200; x_wconf 89' lang='lat' dir='ltr'><strong>urbis</strong></span> <span class='ocrx_word' id='word_1_704' title='bbox 1220 2172 1324 2199; x_wconf 84' lang='lat' dir='ltr'><strong>aditum</strong></span> <span class='ocrx_word' id='word_1_705' title='bbox 1346 2173 1398 2199; x_wconf 83' lang='lat' dir='ltr'><strong>lata</strong></span> <span class='ocrx_word' id='word_1_706' title='bbox 1412 2172 1470 2207; x_wconf 79' lang='lat' dir='ltr'><strong>lege</strong></span> <span class='ocrx_word' id='word_1_707' title='bbox 1485 2171 1648 2198; x_wconf 72' lang='lat' dir='ltr'><strong>interclusit.</strong></span> <span class='ocrx_word' id='word_1_708' title='bbox 1663 2170 1714 2198; x_wconf 87' lang='lat' dir='ltr'><strong>Sed</strong></span> <span class='ocrx_word' id='word_1_709' title='bbox 1727 2175 1802 2205; x_wconf 46' lang='lat' dir='ltr'><strong>post-</strong></span> 
     </span>
    </p>
   </div>
   <div class='ocr_carea' id='block_1_98' title="bbox 1012 2216 1803 2254">
    <p class='ocr_par' dir='ltr' id='par_1_98' title="bbox 1012 2216 1803 2254">
     <span class='ocr_line' id='line_1_98' title="bbox 1012 2216 1803 2254; baseline -0.004 -8"><span class='ocrx_word' id='word_1_710' title='bbox 1012 2227 1093 2254; x_wconf 86' lang='lat' dir='ltr'><strong>quam</strong></span> <span class='ocrx_word' id='word_1_711' title='bbox 1111 2220 1205 2247; x_wconf 69' lang='lat' dir='ltr'><strong>isthmc</strong></span> <span class='ocrx_word' id='word_1_712' title='bbox 1226 2219 1261 2246; x_wconf 86' lang='lat' dir='ltr'><strong>de</strong></span> <span class='ocrx_word' id='word_1_713' title='bbox 1280 2219 1423 2246; x_wconf 74' lang='lat' dir='ltr'><strong>obsidione</strong></span> <span class='ocrx_word' id='word_1_714' title='bbox 1446 2219 1533 2253; x_wconf 77' lang='lat' dir='ltr'><strong>gentis</strong></span> <span class='ocrx_word' id='word_1_715' title='bbox 1557 2218 1722 2244; x_wconf 86' lang='lat' dir='ltr'><strong>vaticinatus</strong></span> <span class='ocrx_word' id='word_1_716' title='bbox 1745 2216 1803 2244; x_wconf 80' lang='lat' dir='ltr'><strong>fue-</strong></span> 
     </span>
    </p>
   </div>
   <div class='ocr_carea' id='block_1_99' title="bbox 1014 2261 1801 2298">
    <p class='ocr_par' dir='ltr' id='par_1_99' title="bbox 1014 2261 1801 2298">
     <span class='ocr_line' id='line_1_99' title="bbox 1014 2261 1801 2298; baseline -0.001 -8"><span class='ocrx_word' id='word_1_717' title='bbox 1014 2267 1071 2296; x_wconf 86' lang='lat' dir='ltr'><strong>rat,</strong></span> <span class='ocrx_word' id='word_1_718' title='bbox 1097 2263 1124 2290; x_wconf 91' lang='lat' dir='ltr'><strong>in</strong></span> <span class='ocrx_word' id='word_1_719' title='bbox 1147 2263 1328 2298; x_wconf 83' lang='lat' dir='ltr'><strong>sequentibus</strong></span> <span class='ocrx_word' id='word_1_720' title='bbox 1350 2264 1383 2290; x_wconf 86' lang='lat' dir='ltr'><strong>de</strong></span> <span class='ocrx_word' id='word_1_721' title='bbox 1405 2263 1497 2290; x_wconf 80' lang='lat' dir='ltr'><strong>divino</strong></span> <span class='ocrx_word' id='word_1_722' title='bbox 1515 2261 1669 2289; x_wconf 84' lang='lat' dir='ltr'><strong>Scrvatoris</strong></span> <span class='ocrx_word' id='word_1_723' title='bbox 1684 2262 1801 2289; x_wconf 85' lang='lat' dir='ltr'><strong>adventu</strong></span> 
     </span>
    </p>
   </div>
   <div class='ocr_carea' id='block_1_100' title="bbox 1015 2309 1801 2346">
    <p class='ocr_par' dir='ltr' id='par_1_100' title="bbox 1015 2309 1801 2346">
     <span class='ocr_line' id='line_1_100' title="bbox 1015 2309 1801 2346; baseline 0 -10"><span class='ocrx_word' id='word_1_724' title='bbox 1015 2310 1073 2337; x_wconf 55' lang='lat' dir='ltr'><strong>hac</strong></span> <span class='ocrx_word' id='word_1_725' title='bbox 1087 2311 1224 2346; x_wconf 88' lang='lat' dir='ltr'><strong>precando</strong></span> <span class='ocrx_word' id='word_1_726' title='bbox 1239 2310 1326 2338; x_wconf 87' lang='lat' dir='ltr'><strong>dicit:</strong></span> <span class='ocrx_word' id='word_1_727' title='bbox 1346 2310 1409 2337; x_wconf 81' lang='lat' dir='ltr'><strong>Fiat</strong></span> <span class='ocrx_word' id='word_1_728' title='bbox 1429 2318 1522 2336; x_wconf 78' lang='lat' dir='ltr'><strong>manus</strong></span> <span class='ocrx_word' id='word_1_729' title='bbox 1546 2315 1593 2336; x_wconf 85' lang='lat' dir='ltr'><strong>tua</strong></span> <span class='ocrx_word' id='word_1_730' title='bbox 1616 2317 1694 2343; x_wconf 69' lang='lat' dir='ltr'><strong>super</strong></span> <span class='ocrx_word' id='word_1_731' title='bbox 1716 2309 1801 2336; x_wconf 78' lang='lat' dir='ltr'><strong>virum</strong></span> 
     </span>
    </p>
   </div>
   <div class='ocr_carea' id='block_1_101' title="bbox 1009 2355 1802 2390">
    <p class='ocr_par' dir='ltr' id='par_1_101' title="bbox 1009 2355 1802 2390">
     <span class='ocr_line' id='line_1_101' title="bbox 1009 2355 1802 2390; baseline -0.001 -8"><span class='ocrx_word' id='word_1_732' title='bbox 1009 2356 1123 2384; x_wconf 67' lang='lat' dir='ltr'><strong>dextera:</strong></span> <span class='ocrx_word' id='word_1_733' title='bbox 1138 2361 1189 2383; x_wconf 73' lang='lat' dir='ltr'><strong>tua:</strong></span> <span class='ocrx_word' id='word_1_734' title='bbox 1201 2377 1208 2388; x_wconf 84' lang='lat'><strong>,</strong></span> <span class='ocrx_word' id='word_1_735' title='bbox 1227 2362 1250 2384; x_wconf 83' lang='lat' dir='ltr'><strong>et</strong></span> <span class='ocrx_word' id='word_1_736' title='bbox 1266 2364 1343 2390; x_wconf 75' lang='lat' dir='ltr'><strong>super</strong></span> <span class='ocrx_word' id='word_1_737' title='bbox 1357 2356 1458 2383; x_wconf 86' lang='lat' dir='ltr'><strong>Filium</strong></span> <span class='ocrx_word' id='word_1_738' title='bbox 1475 2355 1589 2382; x_wconf 84' lang='lat' dir='ltr'><strong>hominis</strong></span> <span class='ocrx_word' id='word_1_739' title='bbox 1607 2363 1682 2390; x_wconf 82' lang='lat' dir='ltr'><strong>quem</strong></span> <span class='ocrx_word' id='word_1_740' title='bbox 1703 2356 1802 2390; x_wconf 77' lang='lat' dir='ltr'><strong>conﬁr-</strong></span> 
     </span>
    </p>
   </div>
   <div class='ocr_carea' id='block_1_102' title="bbox 1011 2401 1800 2438">
    <p class='ocr_par' dir='ltr' id='par_1_102' title="bbox 1011 2401 1800 2438">
     <span class='ocr_line' id='line_1_102' title="bbox 1011 2401 1800 2438; baseline -0.001 -9"><span class='ocrx_word' id='word_1_741' title='bbox 1011 2403 1091 2430; x_wconf 76' lang='lat' dir='ltr'><strong>masti</strong></span> <span class='ocrx_word' id='word_1_742' title='bbox 1115 2404 1172 2431; x_wconf 81' lang='lat' dir='ltr'><strong>tibi.</strong></span> <span class='ocrx_word' id='word_1_743' title='bbox 1193 2403 1242 2431; x_wconf 84' lang='lat' dir='ltr'><strong>llis</strong></span> <span class='ocrx_word' id='word_1_744' title='bbox 1258 2408 1348 2431; x_wconf 84' lang='lat' dir='ltr'><strong>autem</strong></span> <span class='ocrx_word' id='word_1_745' title='bbox 1367 2407 1459 2438; x_wconf 81' lang='lat' dir='ltr'><strong>rogat,</strong></span> <span class='ocrx_word' id='word_1_746' title='bbox 1476 2408 1505 2429; x_wconf 91' lang='lat' dir='ltr'><strong>ut</strong></span> <span class='ocrx_word' id='word_1_747' title='bbox 1520 2403 1562 2431; x_wconf 89' lang='lat' dir='ltr'><strong>vir</strong></span> <span class='ocrx_word' id='word_1_748' title='bbox 1576 2403 1694 2430; x_wconf 68' lang='lat' dir='ltr'><strong>dextera:</strong></span> <span class='ocrx_word' id='word_1_749' title='bbox 1709 2401 1755 2429; x_wconf 86' lang='lat' dir='ltr'><strong>Dei</strong></span> <span class='ocrx_word' id='word_1_750' title='bbox 1773 2402 1800 2428; x_wconf 88' lang='lat' dir='ltr'><strong>in</strong></span> 
     </span>
    </p>
   </div>
   <div class='ocr_carea' id='block_1_103' title="bbox 1011 2448 1800 2485">
    <p class='ocr_par' dir='ltr' id='par_1_103' title="bbox 1011 2448 1800 2485">
     <span class='ocr_line' id='line_1_103' title="bbox 1011 2448 1800 2485; baseline -0.003 -9"><span class='ocrx_word' id='word_1_751' title='bbox 1011 2453 1083 2477; x_wconf 88' lang='lat' dir='ltr'><strong>terra</strong></span> <span class='ocrx_word' id='word_1_752' title='bbox 1103 2453 1243 2485; x_wconf 84' lang='lat' dir='ltr'><strong>appareat.</strong></span> <span class='ocrx_word' id='word_1_753' title='bbox 1264 2449 1316 2476; x_wconf 86' lang='lat' dir='ltr'><strong>Per</strong></span> <span class='ocrx_word' id='word_1_754' title='bbox 1331 2449 1419 2484; x_wconf 88' lang='lat' dir='ltr'><strong>ipsum</strong></span> <span class='ocrx_word' id='word_1_755' title='bbox 1438 2450 1529 2481; x_wconf 89' lang='lat' dir='ltr'><strong>enim,</strong></span> <span class='ocrx_word' id='word_1_756' title='bbox 1548 2448 1656 2484; x_wconf 80' lang='lat' dir='ltr'><strong>inquit.</strong></span> <span class='ocrx_word' id='word_1_757' title='bbox 1680 2456 1730 2475; x_wconf 90' lang='lat' dir='ltr'><strong>nos</strong></span> <span class='ocrx_word' id='word_1_758' title='bbox 1753 2448 1800 2482; x_wconf 90' lang='lat' dir='ltr'><strong>qui</strong></span> 
     </span>
    </p>
   </div>
   <div class='ocr_carea' id='block_1_104' title="bbox 1011 2494 1799 2530">
    <p class='ocr_par' dir='ltr' id='par_1_104' title="bbox 1011 2494 1799 2530">
     <span class='ocr_line' id='line_1_104' title="bbox 1011 2494 1799 2530; baseline -0.005 -7"><span class='ocrx_word' id='word_1_759' title='bbox 1011 2496 1184 2530; x_wconf 87' lang='lat' dir='ltr'><strong>suscepimus</strong></span> <span class='ocrx_word' id='word_1_760' title='bbox 1201 2503 1282 2526; x_wconf 87' lang='lat' dir='ltr'><strong>eum,</strong></span> <span class='ocrx_word' id='word_1_761' title='bbox 1298 2503 1353 2522; x_wconf 92' lang='lat' dir='ltr'><strong>non</strong></span> <span class='ocrx_word' id='word_1_762' title='bbox 1372 2495 1544 2522; x_wconf 84' lang='lat' dir='ltr'><strong>discedemus</strong></span> <span class='ocrx_word' id='word_1_763' title='bbox 1562 2502 1576 2522; x_wconf 83' lang='lat' dir='ltr'><strong>a</strong></span> <span class='ocrx_word' id='word_1_764' title='bbox 1594 2499 1636 2526; x_wconf 88' lang='lat' dir='ltr'><strong>te,</strong></span> <span class='ocrx_word' id='word_1_765' title='bbox 1654 2494 1700 2521; x_wconf 83' lang='lat' dir='ltr'><strong>sed</strong></span> <span class='ocrx_word' id='word_1_766' title='bbox 1721 2494 1799 2520; x_wconf 77' lang='lat' dir='ltr'><strong>etiam</strong></span> 
     </span>
    </p>
   </div>
   <div class='ocr_carea' id='block_1_105' title="bbox 1012 2538 1799 2576">
    <p class='ocr_par' dir='ltr' id='par_1_105' title="bbox 1012 2538 1799 2576">
     <span class='ocr_line' id='line_1_105' title="bbox 1012 2538 1799 2576; baseline -0.004 -9"><span class='ocrx_word' id='word_1_767' title='bbox 1012 2548 1061 2576; x_wconf 89' lang='lat' dir='ltr'><strong>per</strong></span> <span class='ocrx_word' id='word_1_768' title='bbox 1080 2541 1169 2576; x_wconf 84' lang='lat' dir='ltr'><strong>ipsum</strong></span> <span class='ocrx_word' id='word_1_769' title='bbox 1187 2548 1237 2568; x_wconf 90' lang='lat' dir='ltr'><strong>nos</strong></span> <span class='ocrx_word' id='word_1_770' title='bbox 1253 2541 1426 2569; x_wconf 81' lang='lat' dir='ltr'><strong>vivilicabis:</strong></span> <span class='ocrx_word' id='word_1_771' title='bbox 1446 2541 1623 2575; x_wconf 85' lang='lat' dir='ltr'><strong>quamobrem</strong></span> <span class='ocrx_word' id='word_1_772' title='bbox 1646 2540 1689 2566; x_wconf 88' lang='lat' dir='ltr'><strong>his</strong></span> <span class='ocrx_word' id='word_1_773' title='bbox 1709 2538 1799 2566; x_wconf 83' lang='lat' dir='ltr'><strong>vetbis</strong></span> 
     </span>
    </p>
   </div>
   <div class='ocr_carea' id='block_1_106' title="bbox 1011 2586 1799 2621">
    <p class='ocr_par' dir='ltr' id='par_1_106' title="bbox 1011 2586 1799 2621">
     <span class='ocr_line' id='line_1_106' title="bbox 1011 2586 1799 2621; baseline -0.004 -8"><span class='ocrx_word' id='word_1_774' title='bbox 1011 2587 1218 2621; x_wconf 86' lang='lat' dir='ltr'><strong>supplicamus:</strong></span> <span class='ocrx_word' id='word_1_775' title='bbox 1244 2586 1357 2614; x_wconf 87' lang='lat' dir='ltr'><strong>Domine</strong></span> <span class='ocrx_word' id='word_1_776' title='bbox 1379 2589 1522 2620; x_wconf 83' lang='lat' dir='ltr'><strong>uirtutum,</strong></span> <span class='ocrx_word' id='word_1_777' title='bbox 1545 2590 1664 2614; x_wconf 82' lang='lat' dir='ltr'><strong>converte</strong></span> <span class='ocrx_word' id='word_1_778' title='bbox 1685 2593 1749 2615; x_wconf 79' lang='lat' dir='ltr'><strong>nos,</strong></span> <span class='ocrx_word' id='word_1_779' title='bbox 1774 2588 1799 2610; x_wconf 73' lang='grc' dir='ltr'>τι</span> 
     </span>
    </p>
   </div>
   <div class='ocr_carea' id='block_1_107' title="bbox 1010 2630 1800 2669">
    <p class='ocr_par' dir='ltr' id='par_1_107' title="bbox 1010 2630 1800 2669">
     <span class='ocr_line' id='line_1_107' title="bbox 1010 2630 1800 2669; baseline -0.001 -10"><span class='ocrx_word' id='word_1_780' title='bbox 1010 2633 1116 2660; x_wconf 76' lang='lat' dir='ltr'><strong>ostende</strong></span> <span class='ocrx_word' id='word_1_781' title='bbox 1132 2633 1227 2667; x_wconf 83' lang='lat' dir='ltr'><strong>{aciem</strong></span> <span class='ocrx_word' id='word_1_782' title='bbox 1243 2637 1316 2660; x_wconf 78' lang='lat' dir='ltr'><strong>tuam</strong></span> <span class='ocrx_word' id='word_1_783' title='bbox 1333 2642 1381 2669; x_wconf 80' lang='lat' dir='ltr'><strong>per</strong></span> <span class='ocrx_word' id='word_1_784' title='bbox 1396 2633 1555 2669; x_wconf 52' lang='lat' dir='ltr'><strong>praedictum</strong></span> <span class='ocrx_word' id='word_1_785' title='bbox 1571 2633 1678 2664; x_wconf 83' lang='lat' dir='ltr'><strong>virum,</strong></span> <span class='ocrx_word' id='word_1_786' title='bbox 1693 2635 1716 2658; x_wconf 85' lang='lat' dir='ltr'><strong>et</strong></span> <span class='ocrx_word' id='word_1_787' title='bbox 1732 2630 1800 2658; x_wconf 55' lang='lat' dir='ltr'><strong>sali’i</strong></span> 
     </span>
    </p>
   </div>
   <div class='ocr_carea' id='block_1_108' title="bbox 174 2671 1114 2712">
    <p class='ocr_par' dir='ltr' id='par_1_108' title="bbox 174 2671 1114 2712">
     <span class='ocr_line' id='line_1_108' title="bbox 174 2671 1114 2712; baseline 0.006 -14"><span class='ocrx_word' id='word_1_788' title='bbox 174 2671 221 2706; x_wconf 82' lang='grc' dir='ltr'>τῆς</span> <span class='ocrx_word' id='word_1_789' title='bbox 233 2672 323 2706; x_wconf 77' lang='grc' dir='ltr'>δεξιᾶς</span> <span class='ocrx_word' id='word_1_790' title='bbox 336 2673 382 2700; x_wconf 75' lang='grc' dir='ltr'>τοῦ</span> <span class='ocrx_word' id='word_1_791' title='bbox 396 2674 462 2700; x_wconf 79' lang='grc' dir='ltr'>Θεοῦ</span> <span class='ocrx_word' id='word_1_792' title='bbox 477 2674 592 2709; x_wconf 80' lang='grc' dir='ltr'>ὀφθῆναι</span> <span class='ocrx_word' id='word_1_793' title='bbox 607 2675 653 2701; x_wconf 77' lang='grc' dir='ltr'><strong>ἐπὶ</strong></span> <span class='ocrx_word' id='word_1_794' title='bbox 668 2675 730 2710; x_wconf 79' lang='grc' dir='ltr'>γῆς.</span> <span class='ocrx_word' id='word_1_795' title='bbox 747 2677 785 2702; x_wconf 82' lang='grc' dir='ltr'><strong>Δι’</strong></span> <span class='ocrx_word' id='word_1_796' title='bbox 797 2676 878 2703; x_wconf 77' lang='grc' dir='ltr'>αὐτοῦ</span> <span class='ocrx_word' id='word_1_797' title='bbox 892 2676 956 2712; x_wconf 81' lang='grc' dir='ltr'>γὰρ,</span> <span class='ocrx_word' id='word_1_798' title='bbox 970 2704 972 2706; x_wconf 85' lang='grc'><strong>,</strong></span> <span class='ocrx_word' id='word_1_799' title='bbox 1006 2679 1114 2706; x_wconf 78' lang='lat' dir='ltr'><strong>erimus.</strong></span> 
     </span>
    </p>
   </div>
   <div class='ocr_carea' id='block_1_109' title="bbox 176 2717 1798 2762">
    <p class='ocr_par' dir='ltr' id='par_1_109' title="bbox 176 2717 1798 2762">
     <span class='ocr_line' id='line_1_109' title="bbox 176 2717 1798 2762; baseline 0.006 -19"><span class='ocrx_word' id='word_1_800' title='bbox 176 2717 264 2752; x_wconf 77' lang='grc' dir='ltr'>φησὶν,</span> <span class='ocrx_word' id='word_1_801' title='bbox 282 2719 362 2753; x_wconf 83' lang='grc' dir='ltr'>ἡμεῖς</span> <span class='ocrx_word' id='word_1_802' title='bbox 376 2719 402 2745; x_wconf 80' lang='grc' dir='ltr'>οἱ</span> <span class='ocrx_word' id='word_1_803' title='bbox 420 2720 636 2756; x_wconf 78' lang='grc' dir='ltr'>παραδεξάμενοι</span> <span class='ocrx_word' id='word_1_804' title='bbox 649 2722 729 2748; x_wconf 76' lang='grc' dir='ltr'>αὑτὸν</span> <span class='ocrx_word' id='word_1_805' title='bbox 746 2723 776 2748; x_wconf 80' lang='grc' dir='ltr'>οὺ</span> <span class='ocrx_word' id='word_1_806' title='bbox 798 2723 835 2757; x_wconf 84' lang='grc' dir='ltr'>μὴ</span> <span class='ocrx_word' id='word_1_807' title='bbox 853 2722 1016 2759; x_wconf 81' lang='grc' dir='ltr'>ἀποστὼμεν</span> <span class='ocrx_word' id='word_1_808' title='bbox 1050 2725 1104 2751; x_wconf 81' lang='grc' dir='ltr'><strong>ἀπὸ</strong></span> <span class='ocrx_word' id='word_1_809' title='bbox 1123 2725 1180 2756; x_wconf 79' lang='grc' dir='ltr'>σοῦ,</span> <span class='ocrx_word' id='word_1_810' title='bbox 1196 2725 1264 2753; x_wconf 80' lang='grc' dir='ltr'>ἀλλά</span> <span class='ocrx_word' id='word_1_811' title='bbox 1281 2725 1327 2753; x_wconf 71' lang='grc' dir='ltr'>καὶ</span> <span class='ocrx_word' id='word_1_812' title='bbox 1343 2725 1462 2758; x_wconf 78' lang='grc' dir='ltr'>ζωὼσεις</span> <span class='ocrx_word' id='word_1_813' title='bbox 1479 2726 1552 2762; x_wconf 73' lang='grc' dir='ltr'>ἡμᾶς</span> <span class='ocrx_word' id='word_1_814' title='bbox 1568 2725 1600 2751; x_wconf 81' lang='grc' dir='ltr'>δι’</span> <span class='ocrx_word' id='word_1_815' title='bbox 1622 2723 1705 2751; x_wconf 77' lang='grc' dir='ltr'><strong>σύτοῦ</strong></span> <span class='ocrx_word' id='word_1_816' title='bbox 1727 2733 1733 2740; x_wconf 94' lang='grc'><strong>·</strong></span> <span class='ocrx_word' id='word_1_817' title='bbox 1764 2724 1798 2752; x_wconf 73' lang='grc' dir='ltr'><strong>δι’</strong></span> 
     </span>
    </p>
   </div>
   <div class='ocr_carea' id='block_1_110' title="bbox 175 2762 1798 2809">
    <p class='ocr_par' dir='ltr' id='par_1_110' title="bbox 175 2762 1798 2809">
     <span class='ocr_line' id='line_1_110' title="bbox 175 2762 1798 2809; baseline 0.006 -19"><span class='ocrx_word' id='word_1_818' title='bbox 175 2762 187 2789; x_wconf 74' lang='grc' dir='ltr'><strong>ὃ</strong></span> <span class='ocrx_word' id='word_1_819' title='bbox 209 2764 255 2791; x_wconf 67' lang='grc' dir='ltr'>καὶ</span> <span class='ocrx_word' id='word_1_820' title='bbox 279 2765 435 2801; x_wconf 76' lang='grc' dir='ltr'>ἱκετεύομεν</span> <span class='ocrx_word' id='word_1_821' title='bbox 464 2767 589 2802; x_wconf 90' lang='grc' dir='ltr'>λέγοντες</span> <span class='ocrx_word' id='word_1_822' title='bbox 610 2777 616 2783; x_wconf 92' lang='grc'><strong>·</strong></span> <span class='ocrx_word' id='word_1_823' title='bbox 640 2770 729 2803; x_wconf 75' lang='grc' dir='ltr'>Κύριε</span> <span class='ocrx_word' id='word_1_824' title='bbox 750 2770 810 2796; x_wconf 81' lang='grc' dir='ltr'><strong>τῶν</strong></span> <span class='ocrx_word' id='word_1_825' title='bbox 823 2770 989 2805; x_wconf 75' lang='grc' dir='ltr'>δυνάμεων,</span> <span class='ocrx_word' id='word_1_826' title='bbox 1010 2772 1198 2808; x_wconf 75' lang='grc' dir='ltr'>ἐπίστρεψον</span> <span class='ocrx_word' id='word_1_827' title='bbox 1215 2774 1301 2809; x_wconf 79' lang='grc' dir='ltr'>ἡμᾶς,</span> <span class='ocrx_word' id='word_1_828' title='bbox 1330 2775 1378 2801; x_wconf 75' lang='grc' dir='ltr'>καὶ</span> <span class='ocrx_word' id='word_1_829' title='bbox 1402 2774 1550 2808; x_wconf 64' lang='grc' dir='ltr'>ἐπίφανον</span> <span class='ocrx_word' id='word_1_830' title='bbox 1576 2773 1607 2799; x_wconf 81' lang='grc' dir='ltr'>τὸ</span> <span class='ocrx_word' id='word_1_831' title='bbox 1636 2773 1798 2807; x_wconf 78' lang='grc' dir='ltr'>πρόσωπόν</span> 
     </span>
    </p>
   </div>
   <div class='ocr_carea' id='block_1_111' title="bbox 174 2810 951 2850">
    <p class='ocr_par' dir='ltr' id='par_1_111' title="bbox 174 2810 951 2850">
     <span class='ocr_line' id='line_1_111' title="bbox 174 2810 951 2850; baseline 0.009 -13"><span class='ocrx_word' id='word_1_832' title='bbox 174 2817 241 2843; x_wconf 82' lang='grc' dir='ltr'>σου,</span> <span class='ocrx_word' id='word_1_833' title='bbox 257 2810 301 2838; x_wconf 77' lang='grc' dir='ltr'><strong>διὰ</strong></span> <span class='ocrx_word' id='word_1_834' title='bbox 315 2811 361 2838; x_wconf 72' lang='grc' dir='ltr'>τοῦ</span> <span class='ocrx_word' id='word_1_835' title='bbox 383 2811 547 2847; x_wconf 78' lang='grc' dir='ltr'>δηλωθέντος</span> <span class='ocrx_word' id='word_1_836' title='bbox 563 2814 667 2849; x_wconf 69' lang='grc' dir='ltr'>ἀνδρὸς,</span> <span class='ocrx_word' id='word_1_837' title='bbox 686 2815 733 2841; x_wconf 78' lang='grc' dir='ltr'>καὶ</span> <span class='ocrx_word' id='word_1_838' title='bbox 748 2817 951 2850; x_wconf 73' lang='grc' dir='ltr'>σωθησόμεθα.</span> 
     </span>
    </p>
   </div>
   <div class='ocr_carea' id='block_1_112' title="bbox 209 2900 469 2935">
    <p class='ocr_par' dir='ltr' id='par_1_112' title="bbox 209 2900 469 2935">
     <span class='ocr_line' id='line_1_112' title="bbox 209 2900 469 2935; baseline 0.004 -7"><span class='ocrx_word' id='word_1_839' title='bbox 209 2901 230 2916; x_wconf 82' lang='grc'><strong><em>⁸⁸</em></strong></span> <span class='ocrx_word' id='word_1_840' title='bbox 243 2900 313 2928; x_wconf 84' lang='lat' dir='ltr'><strong>Psal.</strong></span> <span class='ocrx_word' id='word_1_841' title='bbox 337 2911 427 2935; x_wconf 81' lang='lat' dir='ltr'><strong>Lxxtx,</strong></span> <span class='ocrx_word' id='word_1_842' title='bbox 447 2903 469 2929; x_wconf 89' lang='lat' dir='ltr'><strong>I.</strong></span> 
     </span>
    </p>
   </div>
  </div>
