4078 6934
386 266 495 325 833

1517 265 2136 325 COMMENTARIA'IN
2176 267 2521 325 PSALMOS.

3547 271 3659 330 856

379 385 686 456 ταιωμένον
711 382 843 437 Θεὸν
873 383 1194 455 όμολογεῖν;
1229 378 1344 438 Εἶτ’
1384 384 1478 437 ἐπὶ
1515 383 1660 438 τέλει
1691 385 1787 440 τοῦ
1837 403 1954 440 παν-

2074 384 2128 438 ἰη
2165 383 2273 440 ﬁne
2299 383 2499 455 psalmi
2529 381 2831 438 orationem
2865 379 3132 453 Propheta
3165 380 3370 454 profert
3398 398 3496 454 pro
3527 400 3652 458 gen-

383 476 474 538 τὸς
529 477 556 528 ὁ
609 475 902 546 Προφήτης
955 474 1120 546 εὐχὴν
1168 473 1484 545 ἀναπέμπει
1528 474 1669 546 ὑπὲρ
1711 475 1810 546 τῆς
1861 474 1968 528 τῶν

382 565 553 622 ὲθνῶν
587 565 832 637 κλήσεως
869 564 1092 634 φάσκων
1115 580 1129 594 ·
1174 563 1444 628 Ἀνάστα,
1473 565 1507 617 ό
1549 563 1714 630 Θεὸς,
1760 563 1968 634 κρῖνον

365 657 498 726 ,τὴν
521 656 660 726 γῆν,
688 655 778 710 ὅτι
809 655 892 710 σὺ
913 654 1542 725 κατακληρονομήσεις
1569 655 1640 709 ἐν
1666 654 1816 712 πᾶσι
1843 655 1968 722 τοῖς

367 751 646 806 ἔθνεσιν.
680 750 864 804 Ἔοικε
897 750 954 802 δὲ
983 748 1158 820 τούτῳ
1182 749 1474 813 ἀκόλουθος
1499 743 1638 803 εἶναι
1661 750 1690 802 ό
1723 749 1808 822 μθ¹
1836 749 1966 820 ψαλ-

384 843 506 915 μδς.
556 844 614 897 ἐν
661 835 706 910 ᾧ
747 843 842 895 καὶ
884 841 1033 912 αὐτῷ
1064 841 1318 895 λέλεκτοο
1365 842 1511 909 Θεὸς
1551 840 1704 896 θεῶν
1749 843 1966 912 Κύριος

379 935 668 1003 eli/1110's.
718 935 830 988 Καὶ
873 935 930 989 ἐν
962 933 1292 1006 ἀμφοτέροις
1327 932 1372 987 δ’
1403 931 1496 988 οὖν
1529 933 1663 998 Θεὸς
1691 933 1829 988 θεῶν
1852 937 1966 988 εἰσ-

379 1022 573 1094 ἦκταιο
609 1023 706 1076 καὶ
753 1020 916 1077 πάλιν
947 1022 1006 1075 ὲν
1042 1022 1376 1095 ἀμφοτέροις
1417 1023 1619 1096 κρίνων
1653 1025 1964 1097 ἀναγέγραο

381 1132 534 1169 πται.
570 1115 680 1168 Καὶ
714 1115 772 1169 ἐν
807 1115 906 1186 μὲν
939 1114 1022 1186 τῷ
1053 1115 1282 1186 παρόντι
1315 1115 1584 1171 λέλεκται·
1625 1117 1898 1183 Ἀνάστα,
1929 1122 1965 1173 ὁ

383 1208 548 1274 Θεὸς,
575 1207 784 1276 κρῖνον
811 1209 925 1276 τὴν
945 1207 1082 1278 γῆν,
1109 1207 1197 1262 ὄτι
1222 1208 1305 1262 σὺ
1331 1211 1964 1282 κατακληρονομήσεις

379 1301 450 1353 ἐν
485 1299 635 1355 πᾶσι
659 1299 786 1367 τοῖς
820 1301 1064 1355 ἔθνεσιν
1086 1316 1100 1332 ο
1127 1301 1185 1354 ὲν
1207 1300 1267 1354 δὲ
1299 1300 1377 1372 τῷ
1413 1300 1498 1374 μθ⁹
1524 1304 1728 1376 σφόδρα
1754 1304 1964 1370 τούτοις

379 1392 685 1457 ἀκολούθως
713 1394 860 1458 ὅπως
887 1393 1127 1458 ἀναστὰς
1163 1394 1339 1466 κρίνει
1377 1396 1477 1468 τὴν
1509 1397 1610 1466 γῆν
1655 1398 1962 1470 ὑπογράφει

378 1487 407 1538 ό
455 1485 610 1555 λόγος
632 1485 890 1556 φάσκωνο
924 1486 1070 1553 Θεὸς
1113 1485 1266 1541 θεῶν
1292 1489 1508 1558 Κύριος
1545 1489 1830 1560 extimae,
1862 1491 1963 1545 καί

376 1579 638 1635 ἐκάλεσε
695 1577 812 1648 τὴν
864 1578 982 1650 γῆν
1024 1579 1142 1633 ἀπὸ
1195 1579 1507 1635 ἀνατολῶν
1559 1582 1740 1649 ἡλίου
1785 1582 1962 1654 μέχρι

376 1671 653 1743 δυσμῶν*
689 1673 783 1727 καὶ
810 1671 937 1744 ἑξῆς
957 1689 970 1702 ⁸
1016 1673 1069 1726 '0
1100 1673 1243 1740 Θεὸς
1267 1673 1546 1744 ἐμφανῶς
1573 1674 1727 1743 ἣξει,
1758 1677 1855 1730 καὶ
1888 1679 1961 1732 οὐ

2070 477 2208 532 tium
2267 479 2574 542 vocatione,
2627 476 2817 531 dicens
2849 493 2862 530 :
2891 472 3081 546 Surge,
3115 473 3277 538 Deus,
3309 475 3501 542 judico
3553 487 3660 532 ter-

2069 585 2208 632 ram,
2245 571 2500 639 quoniam
2531 579 2589 624 tu
2623 568 2965 624 haereditabis
3015 569 3071 622 in
3119 567 3361 623 omnibus
3390 569 3653 640 gentibus.

2076 659 2301 717 Videtur
2358 663 2488 718 huic
2528 663 2743 735 psalmo
2773 662 3232 734 quadragesimus
3260 677 3443 719 nonus
3481 663 3658 721 aﬁinis

2067 772 2210 822 esse,
2243 758 2297 812 in
2331 774 2442 829 quo
2475 759 2641 814 etiam
2671 757 2958 814 dicebatur
2989 777 3002 812 :
3035 757 3178 812 Deus
3207 758 3430 812 deorum
3464 757 3658 813 Domi-

2067 865 2165 904 nus
2213 849 2418 904 locutus
2463 859 2542 904 est
2565 851 2612 882 ’°
2641 869 2653 904 :
2685 865 2808 905 nam
2859 851 2916 904 in
2971 856 3202 920 utroque
3239 848 3383 906 Deus
3427 848 3657 905 deorum

2072 942 2390 1006 inducitur;
2421 959 2754 1014 rursumque
2782 943 2837 997 in
2871 943 3140 998 ambobus
3166 941 3418 1013 judicare
3457 942 3658 999 scribi-

2067 1045 2188 1102 tur;
2217 1036 2272 1090 in
2295 1036 2551 1105 praesenti
2575 1036 2776 1106 quippe
2799 1035 3001 1090 dicitur
3024 1054 3037 1090 :
3063 1033 3252 1107 Surge,
3278 1033 3445 1099 Deus.
3466 1035 3656 1106 judica

2068 1141 2290 1195 terram,
2314 1131 2564 1201 quoniam
2593 1139 2648 1185 tu
2670 1129 3007 1184 luereditabis
3035 1129 3089 1183 in
3114 1128 3358 1184 omnibus
3382 1129 3654 1201 gentibus;

2065 1225 2120 1280 in
2160 1223 2586 1295 quadragesimo
2636 1233 2818 1278 autem
2867 1237 3035 1286 nono,
3085 1223 3245 1278 valde
3281 1231 3654 1280 consentanea

2065 1317 2194 1372 huic
2223 1315 2459 1378 ratione,
2495 1331 2604 1386 quo
2628 1323 2789 1385 pacto
2821 1330 3052 1383 surgens
3083 1314 3290 1385 iudicet
3324 1323 3527 1370 terram
3559 1316 3655 1371 de-

2064 1407 2328 1462 scribitur
2358 1405 2444 1462 his
2465 1406 2646 1462 verbis
2676 1423 2689 1459 :
2722 1405 2864 1459 Deus
2896 1407 3116 1459 deorum
3145 1405 3410 1460 Dominus
3445 1406 3652 1460 locutus

2063 1510 2162 1562 est,
2201 1507 2251 1552 et
2288 1499 2487 1552 vocavit
2532 1506 2731 1552 terram
2776 1514 2809 1550 a
2859 1497 2988 1551 solis
3035 1507 3155 1551 ortu
3188 1514 3348 1569 usque
3391 1497 3460 1553 ad
3501 1515 3652 1552 orea-

2062 1607 2180 1646 sum
2203 1591 2248 1622 ’ί
2274 1609 2288 1653 ;
2323 1605 2386 1645 ac
2423 1589 2684 1662 deinceps
2713 1609 2727 1645 :
2753 1589 2896 1644 Deus
2944 1590 3224 1660 manifeste
3245 1591 3431 1654 veniet,
3466 1600 3518 1644 et
3548 1606 3652 1645 non

2063 1682 2258 1740 silebit.
2291 1681 2438 1754 Ignis
2472 1683 2527 1736 in
2559 1691 2839 1752 conspectu
2867 1681 2982 1752 ejus
3022 1681 3328 1736 exardeseet
3353 1683 3422 1746 ",
3453 1689 3507 1737 et
3539 1697 3651 1736 ca:-

313 1779 316 1784 '
375 1764 927 1838 παρασιωπήσετιιι.
942 1764 1070 1834 Πῦρ
1088 1764 1344 1820 ἐνώπιον
1357 1765 1546 1820 αὑτοῦ
1569 1764 1954 1832 καυθήσεται,

2063 1783 2218 1830 tera:
2251 1749 2411 1845 queis
2459 1749 2737 1844 quomodo
2773 1749 3128 1843 judicaturus
3173 1774 3248 1828 sit
3286 1781 3532 1830 enarrat.
3586 1771 3652 1830 Et

375 1859 473 1912 καὶ
499 1856 566 1912 τὰ
595 1856 752 1928 ὲξῆςο
783 1855 850 1910 δι’
879 1850 953 1910 ὧν
981 1856 1129 1920 ὅπως
1157 1855 1339 1927 μέλλει
1370 1855 1578 1928 κρίνειν
1603 1855 1960 1928 διεξέρχεται.

373 1952 488 2008 Καὶ
516 1951 814 2024 ἐπειδήπερ
848 1952 906 2004 ὲν
932 1951 1010 2022 τῷ
1037 1949 1174 2023 μετὰ
1206 1953 1395 2023 χεῖρας
1421 1950 1687 2005 λέλεκται·
1721 1952 1850 2006 Ὅτι
1876 1951 1959 2007 σὺ

374 2044 1009 2115 κατακληρονομήσεις
1045 2044 1118 2098 ἐν
1154 2042 1306 2099 πᾶσι
1345 2043 1468 2110 τοῖς
1499 2045 1773 2099 ἔθνεσιν·
1811 2044 1958 2101 εικό-

371 2155 482 2202 τως
514 2139 572 2190 ὲν
601 2137 680 2208 τῷ
733 2137 820 2210 μθ¹
848 2138 977 2201 τοὺς
1019 2134 1170 2208 παρὰ
1197 2137 1422 2191 Μωῦσεῖ
1452 2137 1582 2208 περὶ
1606 2137 1806 2192 θυσιῶν
1830 2139 1959 2193 ἀνα-

371 2227 567 2300 τρέπει
611 2227 830 2298 νόμους,
875 2227 1062 2301 ἕτερον
1106 2225 1308 2298 τρόπον
1356 2227 1686 2300 παραδιδοὺς
1733 2226 1959 2298 λογικῆς

373 2320 586 2385 θυσίας,
620 2320 711 2374 τὸν
752 2320 874 2376 καθ’
913 2320 1045 2392 ὅλης
1085 2321 1183 2392 τῆς
1227 2318 1556 2392 οἰκουμένης
1594 2322 1653 2374 ὲν
1677 2321 1811 2375 πᾶσι
1846 2324 1959 2386 τοῖς

373 2412 585 2468 ἔθνεσιν
616 2411 1034 2485 ἑπιτελούμενον
1058 2431 1070 2444 ·
1108 2412 1176 2466 δι’
1219 2412 1248 2465 ὃ
1273 2411 1550 2467 λέλεκται·
1587 2413 1708 2468 Ὅτι
1745 2412 1827 2468 σὺ
1853 2430 1959 2468 κα-

367 2506 921 2577 τακληρονομήσεις
941 2506 1013 2560 ἐν
1037 2503 1190 2562 πᾶσι
1217 2504 1344 2572 τοῖς
1364 2504 1632 2560 ἔθνεσιν.

1113 2622 1218 2674 IA'.

2059 1868 2188 1938 quia
2216 1867 2272 1921 in
2304 1866 2561 1938 praesenti
2590 1867 2802 1920 dictum
2833 1873 2919 1922 est
2944 1865 3244 1932 :Quoniam
3280 1875 3336 1920 tu
3365 1867 3652 1922 Iut'redt'ta-

2060 1961 2140 2015 bis
2180 1960 2238 2015 in
2285 1959 2530 2014 omnibus
2573 1956 2854 2029 gentibus;
2901 1965 3211 2029 opportune
3242 1958 3297 2012 in
3341 1958 3653 2032 quadrage-

2059 2053 2200 2108 simo
2248 2067 2418 2120 nono,
2471 2050 2675 2122 Moysis
2729 2051 2798 2107 de
2845 2051 3136 2107 sacriﬁciis
3192 2051 3340 2122 leges
3398 2051 3648 2122 abrogat,

2057 2146 2339 2217 aliumque
2379 2145 2723 2200 rationabilis
2772 2143 3030 2200 sacriﬁcii
3063 2145 3228 2199 ritum
3269 2145 3457 2212 tradit,
3499 2145 3649 2217 quod

2059 2255 2158 2312 per
2189 2246 2366 2294 totum
2406 2237 2596 2294 orbem
2627 2237 2683 2294 in
2712 2237 2972 2294 omnibus
3001 2238 3261 2309 gentibus
3291 2239 3644 2310 persolvitur.

2057 2333 2238 2400 Quare
2266 2332 2476 2388 dictum
2519 2338 2604 2388 est
2632 2349 2646 2386 :
2681 2331 2948 2399 Quoniam
2985 2341 3039 2386 tu
3065 2330 3408 2387 latereditabis
3449 2332 3505 2388 in
3536 2349 3650 2388 om-

2057 2425 2211 2482 nibus
2244 2423 2508 2498 gentibus.

2798 2619 2892 2678 XI.

2128 2715 2230 2773 llic
2254 2730 2436 2773 sermo
2463 2716 2558 2787 qui
2589 2723 2902 2786 postremus
2935 2714 3140 2786 Asaphi
3160 2715 3208 2749 ”
3235 2724 3342 2783 est,
3363 2715 3640 2788 supplica-

2054 2809 2262 2866 tionem
2294 2824 2359 2864 ac
2383 2809 2826 2880 deprecationem
2859 2824 2958 2880 pro
2988 2810 3193 2882 populo
3219 2809 3519 2867 admodum
3545 2825 3650 2883 op-

453 2713 511 2768 '0
540 2712 730 2785 παρὼν
758 2713 937 2784 λόγος,
973 2713 1282 2778 τελευταῖος
1311 2711 1386 2768 ὢν
1409 2711 1504 2766 τοῦ
1547 2713 1739 2784 Ἀσάφ,
1768 2713 1954 2786 ίκετη-

374 2806 498 2880 ρίαν
522 2808 766 2879 περιέχει
797 2808 890 2862 καὶ
917 2806 1263 2880 παράκλησιν
1295 2807 1436 2882 ὑπὲρ
1472 2807 1567 2862 τοῦ
1596 2808 1728 2862 λαοῦ
1765 2809 1954 2880 σφόδρ’

369 2899 695 2964 ἀκολούθως.
741 2900 957 2972 Ἐπειδὴ
1005 2900 1114 2973 γὰρ
1159 2902 1218 2954 ὲν
1256 2903 1368 2965 τοῖς
1414 2899 1653 2971 πρώτοις
1697 2899 1952 2954 ἐθέσπισε

2055 2908 2292 2973 portune
2320 2899 2724 2971 complectitur.
2753 2897 2891 2966 Quia
2922 2901 3070 2954 enim
3113 2901 3170 2955 in
3199 2900 3396 2972 primis
3424 2907 3644 2971 postre-

367 2993 465 3065 τὴν
509 2994 742 3065 ἐσχάτην
771 2993 865 3047 τοῦ
897 2993 1063 3046 τόπου
1103 2992 1442 3065 πολιορκίαν,
1479 2989 1578 3046 εἶτ’
1619 2992 1951 3064 ἀναδραμὼν

2055 3007 2202 3048 mam
2243 2991 2348 3048 loci
2390 2990 2734 3048 obsidionem
2785 2991 3215 3058 vaticinabatur,
3269 2992 3468 3048 deinde
3513 3007 3644 3049 vero

367 3084 446 3156 τῷ
466 3083 640 3155 χρόνῳ
673 3083 932 3156 δευτέραν
953 3084 1053 3154 τὴν
1081 3083 1171 3137 ὑπ’
1206 3083 1476 3155 Ἀντιόχου
1505 3083 1807 3156 γενομένην
1828 3082 1952 3137 ἕτα-

2055 3086 2235 3158 quoad
2276 3093 2492 3158 tempus
2537 3094 2936 3158 retrogressus,
2993 3089 3296 3144 secundam
3340 3089 3526 3160 posuit
3573 3088 3646 3147 ab

369 3175 479 3244 ξεν,
521 3171 618 3230 εἴτ’
662 3177 754 3230 ἐπὶ
792 3176 996 3247 ταύτης
1019 3175 1209 3249 τρίτης
1245 3175 1619 3248 ἐμνημόνευσε
1647 3175 1747 3248 τῆς
1776 3191 1948 3248 προα-

2055 3178 2322 3235 Antiocho
2362 3179 2566 3234 illatam
2610 3179 2846 3245 cladem,
2890 3195 2956 3236 ac
3005 3181 3109 3237 sub
3160 3182 3276 3237 haec
3319 3181 3486 3237 tertio
3519 3181 3642 3237 loco

366 3267 571 3342 γούσης
598 3273 711 3334 τοῖς
744 3270 977 3342 χρόνοις,
1007 3269 1153 3339 λέγω
1191 3269 1248 3323 δὲ
1287 3269 1386 3340 τῆς
1432 3268 1573 3324 κατά
1614 3268 1724 3322 τῶν
1758 3269 1950 3322 Ἀσσυ-

2055 3271 2234 3343 posuit
2290 3286 2411 3326 eam
2464 3285 2588 3342 quae
2641 3277 2886 3341 tempore
2943 3272 3334 3342 praecurrebat,
3387 3271 3641 3330 videlicet

368 3359 498 3433 ρίων
525 3362 617 3416 καὶ
638 3361 992 3416 Βαϐυλωνίων
1019 3360 1196 3434 ἀρχῆς
1213 3377 1226 3391 ·
1252 3360 1560 3426 ἀκολούθως
1581 3360 1671 3415 διὰ
1690 3359 1798 3415 τῶν
1822 3377 1950 3432 προ-

2055 3379 2172 3436 qua:
2205 3362 2310 3419 sub
2339 3363 2570 3434 imperio
2607 3361 2960 3434 Assyriorum
2994 3373 3050 3419 et
3086 3363 3512 3436 Babyloniorum
3546 3379 3641 3420 ac-

364 3454 630 3528 κειμένων
668 3455 852 3527 δέησιν
881 3454 975 3508 καὶ
1007 3454 1288 3526 ἱκετηρίαν
1321 3453 1634 3526 ἀναπέμπει
1667 3453 1805 3527 ὑπὲρ
1847 3451 1948 3524 τῆς

2055 3455 2216 3524 sidit;
2247 3463 2651 3526 consequenter
2680 3455 2736 3511 in
2772 3457 3030 3528 praesenti
3059 3458 3518 3528 supplicationem
3550 3457 3638 3516 of-

359 3551 473 3613 τοῖς
501 3549 713 3622 χρόνοις
743 3547 967 3621 πρώτης
1006 3547 1339 3620 πολιορκίας,
1388 3546 1510 3600 καθ’
1550 3546 1618 3617 ἢν
1652 3547 1854 3609 πάντες
1895 3546 1945 3598 οἱ

2055 3546 2174 3613 l‘ert,
2201 3562 2302 3618 pro
2340 3547 2629 3604 obsidione
2653 3563 2777 3619 quae
2803 3557 3049 3620 tempore
3087 3553 3242 3620 prior
3267 3561 3408 3614 erat,
3443 3551 3499 3606 in
3531 3567 3638 3622 qua

365 3641 631 3714 περίοικοι
674 3640 776 3712 τῆς
814 3641 1074 3704 ἰουδαίας
1111 3639 1290 3705 δεξιὰς
1330 3641 1443 3703 τοῖς
1475 3637 1780 3711 ’Δσσυρίοις
1821 3640 1942 3692 κατέ

2055 3656 2239 3697 omnes
2277 3638 2480 3696 Iudaeae
2512 3640 2732 3696 ﬁnitimi
2763 3641 3021 3697 dexteras
3070 3655 3204 3697 suas
3253 3641 3497 3712 Assyriis
3545 3640 3641 3698 ad-

360 3731 539 3787 αὐτῶν
579 3732 809 3805 ὢρεξαν.
845 3735 910 3786 Ὃ
933 3733 996 3804 δὴ
1037 3733 1290 3805 σημαίνει
1334 3731 1506 3802 λέγων
1541 3748 1554 3761 ·
1596 3730 1672 3785 Τὰ
1709 3730 1945 3799 σκηνώ-

2055 3749 2264 3790 versum
2301 3734 2425 3789 illos
2455 3743 2836 3804 porrexerunt.
2871 3735 3029 3802 Quod
3057 3735 3146 3790 his
3180 3733 3462 3805 signiﬁcat
3492 3753 3506 3790 :
3538 3732 3640 3790 Ta-

354 3842 512 3895 ματα
553 3824 672 3878 τῶν
716 3823 1055 3894 Ἰδοιιηιιιιίιιηρ
1101 3825 1199 3878 καὶ
1245 3827 1300 3878 οί
1339 3822 1721 3893 ’1σμαηλῖται,
1766 3823 1949 3878 Μωὰὸ

2055 3825 2336 3880 bernacula
2366 3823 2732 3880 Idumworum
2771 3835 2822 3881 et
2863 3826 3180 3894 lsmaelitae,
3213 3825 3373 3880 Moab
3408 3833 3460 3880 et
3489 3825 3636 3898 Aga-

357 3917 454 3971 καὶ
483 3920 536 3971 οί
570 3916 893 3987 Ἀγαρηνοὶ,
922 3917 1118 3972 Γεϐὰλ
1141 3917 1238 3970 καί
1277 3916 1501 3986 Ἀμμὼν
1524 3915 1622 3970 καὶ
1661 3916 1940 3986 Ὰμαλὴκ,

2055 3919 2178 3980 reni,
2217 3917 2382 3972 Gebal
2427 3927 2476 3973 et
2509 3920 2739 3973 Ammon
2777 3927 2828 3973 et
2876 3918 3118 3980 Amalec,
3164 3916 3480 3986 alienigenae
3516 3931 3636 3970 cum

358 4009 695 4079 ἀλλόφυλοι
737 4011 890 4079 μετὰ
926 4006 1044 4062 τῶν
1088 4008 1529 4062 κατοικούντων
1571 4009 1779 4077 Τύρον.
1829 4008 1942 4062 Kal

2055 4008 2406 4063 habitantibus
2447 4008 2666 4080 Tyrum.
2706 4008 2916 4062 Etenim
2958 4009 3131 4062 Assur
3170 4007 3308 4061 venit
3348 4021 3470 4059 cum
3497 4005 3636 4070 illis.

357 4101 466 4171 γὰρ
523 4101 621 4154 καὶ
691 4100 942 4170 Ἀσσοίφ
991 4099 1478 4171 συμπαρεγέιιοετο
1533 4101 1662 4170 μετ’
1719 4099 1936 4165 αὐτῶν,

2055 4099 2174 4154 Γιιειὶ
2218 4109 2342 4154 sunt
2395 4103 2449 4153 in
2493 4097 2827 4169 adjutorium
2862 4098 2992 4167 ﬁliis
3025 4097 3147 4152 Lat.
3187 4095 3401 4162 Quibus
3431 4095 3638 4151 deinde

355 4193 733 4264 ἐγενήθησαν
785 4195 872 4258 είς
914 4192 1242 4262 ἀντίληψιν
1287 4195 1412 4260 τοῖς
1443 4193 1597 4260 υίοῖς
1643 4194 1792 4248 Λώτ.
1844 4189 1940 4259 Οἷς

2055 4194 2202 4247 'iaem
2237 4207 2346 4263 quo
2389 4193 2698 4264 excipiendi
2749 4197 2880 4246 sunt
2931 4189 3200 4245 describit
3231 4188 3424 4244 dicens
3451 4186 3635 4243 :Deus

356 4288 485 4359 ἑξῆς
510 4288 571 4342 τὸ
597 4283 1042 4358 καταληψόμενον
1070 4285 1267 4350 αὐτοὺς
1313 4285 1618 4357 ὑπογράφει
1656 4285 1806 4349 τέλος
1831 4287 1937 4356 φά-

2055 4302 2206 4350 neus,
2237 4301 2371 4354 pone
2410 4285 2532 4339 illos
2579 4294 2638 4338 ut
2672 4294 2870 4345 rotam,
2920 4283 3057 4336 sicut
3089 4281 3344 4350 stipulam
3383 4287 3505 4335 ante
3543 4279 3633 4350 {a-

355 4400 530 4438 σκων·
575 4384 626 4436 '0
673 4385 818 4449 Θεός
857 4399 997 4452 μου,
1041 4381 1150 4437 θοῦ
1193 4381 1412 4447 αὐτοὺς
1465 4381 1546 4448 ὡς
1585 4381 1822 4450 τροχὸν.
1859 4382 1940 4448 ὡς

2055 4379 2169 4431 :iem
2219 4377 2378 4441 venti,
2421 4377 2558 4430 sicut
2601 4377 2738 4446 ignis
2784 4375 2874 4445 qui
2917 4373 3186 4428 comburet
3233 4371 3448 4437 silvam,
3491 4371 3632 4427 sicut

354 4474 633 4544 καλάμην
671 4473 822 4528 κατὰ
867 4473 1194 4543 πρόσωπον
1240 4471 1487 4542 ἀνέμου,
1545 4472 1689 4527 ὡσεί
1741 4473 1861 4542 πῦρ
1902 4472 1933 4526 ὃ

2055 4472 2262 4526 Flamma
2287 4469 2553 4524 comburet
2597 4478 2821 4538 montes,
2853 4477 2906 4522 et
2946 4467 3180 4537 reliqua.
3211 4463 3349 4520 Cum
3393 4464 3501 4518 huc
3537 4479 3630 4518 au-

351 4566 658 4636 διαςρλέξει
703 4566 951 4637 δρυμὸν,
996 4564 1138 4619 ὡσεὶ
1190 4564 1351 4634 φλὸξ
1401 4567 1763 4620 κατακαύσει
1800 4565 1930 4635 ὅρη,

2055 4574 2152 4619 tem
2181 4561 2470 4618 deveneris
2511 4562 2768 4626 observa,
2801 4575 3010 4631 quaeso,
3045 4575 3170 4615 eum
3201 4558 3295 4613 ubi
3339 4557 3489 4616 illius
3525 4557 3630 4614 As-

351 4661 446 4713 καὶ
495 4657 565 4713 τὰ
611 4658 1004 4731 ἐπιφερόμενα.
1054 4655 1225 4711 Ἔνθα
1274 4655 1562 4728 γενόμενος,
1621 4657 1935 4726 ἀναγκαίως

2055 4673 2143 4714 sur
2185 4656 2436 4713 meminit
2465 4656 2652 4726 (erant
2683 4661 2866 4711 autem
2897 4653 2934 4708 ii
2956 4651 3216 4724 Assyrii),
3251 4667 3469 4707 necnon
3491 4665 3632 4723 prte-

351 4751 721 4824 ὲπιτηρήσεις,
755 4750 831 4814 ὡς
862 4751 997 4803 ὅπου
1045 4748 1318 4821 μέμνηται
1363 4746 1459 4802 τοῦ
1502 4749 1757 4821 ’Δσσοὺρ.
1788 4743 1934 4804 οὗτοι

350 4844 406 4898 δὲ
449 4839 588 4916 ἦσαν
619 4844 670 4898 οἱ
711 4842 1007 4915 Ἀσσύριοι,
1038 4841 1132 4895 καὶ
1171 4841 1280 4895 τῶν
1322 4839 1730 4913 προλεχθέντων
1759 4839 1932 4894 ἐθνῶν

351 4937 448 5007 τὴν
487 4937 606 4990 κατ’
647 4935 826 4990 αὐτῶν
871 4937 1103 4989 ποιεῖται
1133 4933 1336 5006 δέησιν,
1383 4933 1476 4987 καὶ
1507 4933 1606 5004 τὴν
1633 4950 1933 5005 καταστρο-

352 5032 458 5101 φὴν
487 5029 666 5083 αὐτῶν
696 5028 824 5100 ἑξῆς
865 5026 1139 5093 θεσπίζει’
1177 5027 1270 5081 καὶ
1313 5029 1371 5080 ἐν
1407 5024 1486 5096 τῷ
1516 5023 1596 5097 οη⁹
1621 5025 1843 5097 ὁμοίως,
1874 5027 1932 5080 ἐν

350 5117 394 5192 ᾧ
420 5123 488 5177 τὰ
511 5123 651 5178 κατὰ
680 5122 948 5192 Ἀντίοχον
980 5119 1372 5193 προανεφώνει,
1395 5119 1454 5184 ὅς
1486 5117 1815 5193 Ἐλληνίζειν
1836 5120 1933 5173 καὶ

354 5217 712 5288 παραϐαίνειν
739 5214 808 5270 τά
832 5215 1034 5285 πάτρια
1063 5213 1374 5283 ἠνάγκαζεν
1409 5214 1712 5280 Ἰουδαίους.
1761 5214 1931 5268 Πάλιν

349 5309 458 5380 γὰρ
494 5310 656 5363 κάκεῖ
680 5309 779 5380 τὴν
814 5306 1205 5378 καταστροφὴν
1244 5306 1353 5358 τῶν
1390 5307 1663 5378 πολεμίων
1700 5305 1933 5380 προύλε-

349 5419 465 5470 γεν.
499 5403 692 5455 Οὐκέτι
725 5401 783 5455 δὲ
812 5402 906 5454 καὶ
944 5401 1002 5453 ὲν
1039 5401 1118 5471 τῷ
1155 5405 1254 5468 ογ¹,
1286 5399 1408 5452 καθ’
1434 5400 1494 5454 ὃν
1527 5402 1561 5473 ή
1595 5400 1798 5471 ἐσχάτη
1836 5401 1932 5454 αύ-

348 5493 458 5548 τῶν
483 5494 734 5566 ἐδηλοῦτο
762 5492 1022 5565 ἀποϐολή.

423 5581 580 5641 Οὗτοι
613 5588 709 5660 μὲν
737 5584 830 5643 οὗν
862 5592 910 5644 οἱ
944 5587 1277 5660 συνημμένοι
1312 5587 1406 5640 τοῦ
1445 5587 1613 5641 Ἀσὰω
1648 5593 1735 5640 ια’.
1782 5587 1840 5637 '0
1871 5585 1924 5638 δὲ

414 5745 458 5776 ὀ
490 5742 634 5799 Psal.
676 5759 825 5812 χιιι,
853 5745 905 5800 1.
982 5746 1025 5779 ⁹¹
1059 5743 1188 5799 ibid.
1217 5745 1260 5778 ”
1297 5742 1430 5798 ibid.
1456 5743 1506 5800 5.

2041 4749 2315 4805 dictarum
2369 4748 2652 4821 gentium,
2705 4745 3159 4818 supplicationem
3220 4745 3488 4802 adversus
3531 4759 3630 4800 eos

1997 4879 2002 4886 -
2041 4844 2314 4909 emittere,
2344 4858 2409 4898 ac
2430 4841 2628 4898 exinde
2657 4839 2960 4896 infaustum
2990 4836 3310 4895 eorumdem
3343 4837 3506 4893 ﬁnem
3533 4851 3628 4892 va-

2041 4935 2262 4990 ticinari
2296 4933 2486 5006 :quod
2511 4933 2705 4989 itidem
2739 4933 2795 4988 in
2829 4945 3040 4986 umis
3069 4929 3344 5001 prastitit,
3378 4927 3470 4984 ubi
3497 4927 3628 4984 item

2040 5043 2161 5100 quae
2198 5027 2454 5084 Antiochi
2484 5037 2728 5098 tempore
2773 5025 3094 5081 acciderunt
3135 5022 3492 5094 praenuntiat,
3529 5021 3626 5092 qui

2039 5117 2259 5175 Iudaeos
2287 5119 2552 5190 compulit
2587 5125 2650 5172 ut
2679 5114 2992 5170 Graecorum
3024 5113 3188 5168 ritum
3227 5112 3616 5173 observarent.

2039 5220 2405 5284 paternasque
2433 5211 2580 5282 leges
2601 5206 3138 5278 transgrederentur.
3176 5203 3312 5259 Nam
3345 5202 3458 5257 illic
3483 5217 3625 5273 quo-

2039 5321 2145 5376 que
2181 5304 2460 5361 infelicem
2501 5301 2850 5358 inimicorum
2894 5301 3052 5354 ﬁnem
3087 5295 3358 5370 praedixit.
3396 5291 3469 5346 At
3516 5309 3625 5348 non

2038 5399 2093 5453 in
2125 5413 2326 5461 usi",
2381 5395 2475 5452 ubi
2515 5403 2794 5467 postrema
2824 5391 3137 5449 Iudaeorum
3172 5387 3408 5458 abjectio
3435 5384 3623 5440 decla-

2039 5501 2212 5546 ratur.

2111 5584 2172 5638 lli
2232 5584 2398 5656 igitur
2450 5583 2649 5656 Asaphi
2709 5595 2937 5638 numero
3002 5575 3280 5640 undecim,
3339 5569 3620 5643 conjuncti

1611 5743 1656 5775 ’³
1687 5739 1834 5796 Psal.
1868 5753 2076 5804 Luxu,
2105 5739 2162 5795 1.
