4078 6934
590 318 698 389 £35

1282 331 1544 390 EUSEBII
1580 330 2058 391 CESARIENSIS
2094 331 2244 390 OPP.
2283 333 2464 390 PARS
2500 333 2588 391 ιιι.
2625 363 2697 377 --
2734 333 3147 394 EXEGETICA.

592 453 742 504 sunt.
777 442 1147 505 Duodecimus
1178 432 1307 502 vero
1334 453 1461 502 ante
1495 446 1768 517 psalmum
1801 461 1835 501 ι.
1860 446 2157 505 collocatus

2265 448 2330 503 ιϐ’
2354 449 2461 522 πρὸ
2480 448 2572 503 τοῦ
2599 456 2642 504 ν’
2651 448 2867 521 ψαλμοῦ
2880 451 3283 506 κατατέτακται
3310 451 3389 506 δι’
3416 450 3497 524 ἢν
3532 450 3881 508 ἀποδεδώκα-

590 543 696 603 cst,
730 535 803 591 ob
827 548 1050 592 causam
1089 550 1254 607 quam
1286 535 1440 589 illum
1467 537 1805 606 explicantes
1854 536 2161 593 attulimus.

593 627 794 684 Verum
823 639 948 698 post
978 628 1080 683 hoc
1111 626 1516 699 compendium,
1550 627 1789 697 primum
1832 637 2164 699 repetentes,

588 720 710 792 ejus
743 720 1068 776 sententiam
1093 719 1400 774 minutatim
1432 719 1862 789 explorabimus.

888 833 942 888 ιι
986 831 1312 889 PSALMUS
1348 829 1596 889 ASAPH.
1636 832 1849 890 LXXII.

669 924 827 983 tiens.
865 925 977 981 1-5.
1021 925 1197 993 Quam
1230 925 1397 981 bonus
1431 925 1606 981 Israel
1635 926 1778 981 Deus
1818 926 1884 982 iis
1915 927 2006 997 qui
2036 898 2167 983 recti

590 1010 712 1074 sunt
735 1018 927 1073 corde!
952 1015 1136 1073 Tertia
1172 1032 1300 1089 pars
1326 1017 1450 1073 libri
1480 1017 1821 1074 Psalmorum
1853 1032 1884 1072 a
1914 1020 2166 1089 praesenti

589 1110 799 1181 incipit,
832 1118 887 1165 et
914 1111 969 1165 in
1000 1125 1241 1164 Lxxxvm
1274 1110 1498 1175 desinit,
1535 1110 1610 1165 ita
1654 1118 1716 1166 ut
1750 1110 1992 1180 psalmos
2023 1126 2168 1166 com-

588 1200 1331 1274 plectatur"septemdecim,
1377 1216 1612 1271 quorum
1664 1201 1919 1257 undecim
1970 1216 2167 1258 conse-

588 1301 821 1365 quenter
851 1293 1026 1364 ipsius
1048 1292 1227 1364 Asaph
1262 1302 1391 1349 sunt
1417 1313 1431 1349 :
1459 1295 1585 1347 hinc
1608 1293 1841 1348 ﬁliorum
1867 1294 2006 1349 Core
2030 1310 2168 1364 qua—

588 1393 739 1450 tuor,
764 1383 986 1442 Davidis
1026 1402 1190 1451 unus,
1237 1397 1657 1457 postremusque
1704 1386 1950 1440 omnium
1989 1384 2167 1441 Ethan

589 1476 877 1535 Esdraitae.
912 1476 1013 1533 Hic
1030 1494 1159 1535 vero
1187 1494 1349 1548 quem
1380 1485 1682 1532 tractamus
1708 1476 1908 1547 Asaphi
1938 1485 2045 1541 est,
2071 1475 2175 1551 qui

587 1569 855 1641 propheta
899 1568 1087 1624 Davidi
1127 1577 1439 1625 coaetaneus
1488 1577 1607 1624 erat
1641 1586 1656 1623 :
1687 1567 2040 1637 Psalmusque
2080 1566 2168 1621 in-

591 1658 889 1727 scribitur;
942 1659 1072 1730 quia
1117 1659 1184 1714 ad
1225 1661 1429 1715 calcem
1485 1674 1610 1714 cum
1658 1659 1951 1729 impiorum
1986 1656 2168 1714 infau-

591 1760 734 1808 stum
759 1751 987 1814 exitum,
1027 1758 1143 1805 tum
1173 1753 1387 1822 piorum
1415 1750 1470 1805 in
1496 1748 1608 1805 Deo
1646 1750 1991 1804 reconditum
2020 1750 2165 1820 opti-

589 1858 737 1899 mum
780 1842 939 1897 ﬁnem
972 1843 1374 1913 complectitur.
1410 1842 1542 1908 Quae
1570 1836 1657 1897 his
1698 1841 1983 1897 declarat:
2021 1841 2163 1909 Quia

587 1949 704 1987 ecce
736 1934 827 2002 qui
848 1932 1091 2003 elongant
1124 1948 1178 1987 se
1220 1950 1253 1986 a
1288 1942 1336 1987 te
1362 1931 1627 1998 peribunt,
1666 1930 1944 1999 perdidisti
1984 1949 2162 1988 omnes

586 2025 677 2096 qui
697 2024 1030 2094 fornicamur
1053 2023 1146 2079 abs
1173 2033 1240 2079 te.
1271 2023 1407 2078 Mihi
1438 2034 1613 2079 autent
1637 2023 1907 2078 adhaerere
1933 2023 2041 2079 Deo
2072 2023 2162 2079 bo-

589 2132 712 2172 num
754 2126 850 2183 est.
896 2116 1003 2171 luit
1052 2126 1236 2171 autem
1277 2132 1309 2171 a
1350 2116 1619 2171 doctrinas
1656 2117 1963 2186 praeceptis,
2007 2117 2163 2187 queis

586 2208 880 2280 impiorum
913 2210 979 2264 ad
1016 2210 1291 2281 quoddam
1322 2218 1538 2281 tempus
1582 2208 1863 2267 felicitatis
1891 2212 2163 2267 rationem

586 2300 744 2357 affert
775 2321 789 2358 :
822 2301 1052 2371 hujusce
1091 2303 1293 2372 quippe
1336 2302 1415 2357 rei
1460 2316 1686 2360 causam
1713 2317 1834 2358 esse
1883 2302 1981 2367 ait,
2015 2302 2162 2373 quod

584 2392 732 2450 Deus
779 2393 958 2450 bonus
1022 2393 1346 2465 patiensque
1395 2393 1487 2449 sit.
1532 2392 1777 2464 ldipsum
1827 2408 1960 2450 sane
2004 2394 2163 2451 docet

585 2482 807 2539 divinus
831 2482 1125 2553 Apostolus
1156 2483 1347 2539 dicens
1378 2502 1392 2539 :
1425 2484 1743 2539 Andtvttias
1774 2480 2023 2539 bonitatis
2047 2485 2161 2556 ejus

584 2587 632 2629 et
666 2573 1087 2645 longanimitatis
1118 2576 1429 2641 contemnis,
1461 2571 1714 2647 ignorans
1753 2582 1891 2648 quod
1931 2576 2158 2634 clemen-

588 2670 663 2724 tia
700 2669 797 2723 Dei
839 2669 908 2723 ad
958 2670 1318 2738 paenitentiam
1356 2679 1405 2725 te
1449 2669 1665 2725 adducit
1684 2671 1771 2725 “i
1823 2679 1878 2726 et
1921 2671 2052 2728 alibi
2084 2672 2164 2727 di-

584 2773 734 2818 ctum
765 2769 850 2819 est
873 2780 889 2818 :
924 2762 1065 2818 Deus
1082 2761 1251 2832 judea:
1272 2762 1478 2833 justus,
1506 2762 1674 2818 bonus
1699 2773 1747 2819 et
1773 2765 2001 2833 patiens,
2026 2780 2161 2819 nun-

584 2852 715 2925 quid
750 2854 1006 2908 irascitur
1052 2868 1146 2923 per
1192 2854 1431 2926 singulos
1473 2854 1585 2910 dies
1606 2855 1693 2911 "2
1731 2853 1932 2927 Utpote
1982 2856 2161 2913 bonus

584 2946 773 3020 igitur,
808 2946 986 3003 Solem
1023 2965 1178 3004 suum
1217 2949 1350 3003 oriri
1374 2948 1506 3019 facit
1532 2964 1689 3019 super
1716 2949 1895 3019 justas
1928 2958 1979 3005 et
2018 2951 2162 3021 inju-

582 3048 715 3105 stas,
737 3048 789 3095 et
814 3039 948 3108 pluit
974 3055 1129 3108 super
1157 3042 1327 3094 malos
1357 3049 1408 3096 et
1434 3039 1596 3095 bonos
1617 3041 1684 3098 ⁸⁸.
1713 3039 1869 3097 Unde
1901 3039 2161 3098 Senator

2268 557 2368 611 μεν
2396 541 2576 595 αἰτίαν
2598 542 2725 605 τοὺς
2745 542 2947 607 τόπους
2966 542 3333 615 διηγούμενοι.
3387 542 3578 598 Ἀλλὰ
3602 543 3719 617 γέιρ
3755 547 3878 617 μετὰ

2265 636 2364 708 τὴν
2378 634 2583 688 τούτων
2604 635 2870 708 ἐπιτομὴν
2885 635 3005 709 φέρ’
3019 637 3469 701 ἐπαναλαϐόντες
3506 638 3630 691 "nov
3651 643 3877 711 πρῶτον,

2265 726 2363 799 τὴν
2407 727 2548 781 κατὰ
2581 727 2747 800 μέρος
2776 727 2942 781 αὑτοῦ
2974 728 3215 782 διάνοιαν
3255 728 3793 800 ὲπιθεωρήσωμεν.

2659 844 2948 921 ΨΔΛΜΟΣ
2981 842 3069 915 Τῼ
3100 843 3293 897 ΔΣΑΦ.
3334 843 3476 897 OB'.

2348 934 2443 1002 Ὠς
2477 933 2697 1004 ἀγαθὸς
2727 932 2808 1001 τῷ
2840 934 3077 1004 Ἰσραὴλ
3125 937 3158 987 ό
3182 933 3345 1001 Θεὸς,
3373 933 3525 1001 τοῖς
3561 932 3781 989 εὑθέσι
3814 936 3881 1007 τῇ

2266 1026 2520 1097 καρδίᾳί
2550 1025 2623 1080 Τὸ
2670 1027 2851 1098 τρίτον
2903 1028 3067 1101 μέρος
3100 1026 3201 1099 τῆς
3250 1027 3443 1098 βίϐλου
3492 1027 3618 1081 τῶν
3643 1028 3883 1099 Ψαλμῶν

2266 1118 2492 1191 ἄρχεται
2519 1120 2616 1190 μὲν
2640 1119 2747 1173 ἀπὸ
2770 1118 2865 1174 τοῦ
2906 1119 3191 1191 παρόντος,
3222 1119 3576 1191 περαιοῦται
3602 1119 3666 1172 δὲ
3691 1122 3773 1183 είς
3798 1110 3881 1175 τὸν

2269 1215 2381 1282 πην,
2430 1209 2506 1274 ὡς
2549 1212 2675 1274 τοὺς
2710 1211 2918 1275 πάντας
2968 1212 3241 1284 περιέχειν
3281 1211 3558 1281 ψαλμοὺς
3602 1211 3751 1264 ἑπτὰ
3793 1212 3880 1266 καὶ

2265 1301 2396 1356 δέκα
2417 1316 2431 1331 ·
2463 1297 2538 1358 ὧν
2568 1303 2763 1375 ἑφεξῆς
2795 1310 2862 1357 ια’
2886 1304 3210 1374 τυγχάνουσι
3235 1303 3329 1357 τοῦ
3363 1302 3564 1372 Ἀσάερ
3588 1320 3605 1334 ο
3632 1298 3758 1357 εἶτα
3781 1303 3879 1357 τῶν

2267 1393 2400 1447 υἱῶν
2456 1393 2602 1465 Κορὲ
2644 1393 2707 1459 δ’,
2758 1393 2981 1448 καὶτοῦ
3038 1393 3201 1447 Δαυῒδ
3250 1388 3352 1459 εἷς,
3413 1394 3525 1449 καὶ
3595 1393 3769 1450 Δίθὰν
3790 1393 3876 1449 τοῦ

2278 1484 2591 1558 Ἐσδραίτου
2636 1485 2963 1551 τελευταῖος.
3002 1487 3062 1539 '0
3109 1486 3290 1557 μέντοι
3332 1487 3488 1558 μετὰ
3540 1488 3747 1557 χεῖρας
3789 1485 3877 1540 τοῦ

2276 1577 2450 1648 ’Δσὰιρ
2475 1577 2778 1653 (προφήτης
2796 1578 2851 1631 δὲ
2870 1574 2938 1651 ἦν
2961 1573 3117 1642 οὗτος
3139 1579 3515 1650 συγχρονίσας
3541 1576 3629 1648 τῷ
3674 1578 3874 1651 Δαοῖδ),

2271 1668 2519 1740 Ψαλμὸς
2560 1670 2658 1741 μὲν
2686 1670 3112 1742 ἐπιγέγραπται,
3137 1669 3227 1723 διὰ
3248 1670 3308 1723 τὸ
3337 1670 3647 1742 περιέχειν
3674 1670 3773 1723 ἐπὶ
3796 1666 3878 1725 τέο

2265 1756 2348 1812 λει
2375 1757 2484 1812 τῶν
2524 1757 2698 1828 λόγων
2741 1758 2852 1812 τῶν
2895 1757 2997 1830 μὲν
3035 1758 3246 1812 ἀσεϐῶν
3290 1758 3399 1831 τὴν
3444 1760 3871 1832 καταστροφὴν,

2263 1848 2372 1902 τῶν
2397 1849 2441 1903 δ’
2471 1848 2710 1903 εὐσεϐῶν
2736 1848 2797 1903 τὸ
2830 1848 2983 1920 παρὰ
3003 1848 3082 1920 τῷ
3102 1848 3222 1920 Θεῷ
3253 1849 3718 1920 τεταμιευμένον
3744 1852 3876 1918 ἀγα-
3918 1844 3927 1859 ’

2265 1937 2356 1992 θὸν
2388 1937 2572 2002 τέλος·
2613 1936 2649 1992 ἃ
2693 1935 2759 2010 δὴ
2809 1939 3047 2010 παρίστη
3078 1938 3280 2008 λέγων·
3315 1940 3440 1993 Ὅτι
3496 1938 3647 1995 ίδοὺ
3683 1942 3743 1995 οἱ
3771 1956 3872 2010 μα-

2263 2030 2585 2098 κρύνοντες
2616 2029 2869 2096 ἑαυτοὺς
2904 2030 3023 2084 ἀπὸ
3063 2030 3179 2084 (τοῦ
3205 2030 3620 2093 ἀπολοῦνται,
3648 2030 3868 2097 ἐεωλό-

2262 2122 2525 2188 θρευσιις
2564 2119 2763 2177 πάντα
2807 2121 2915 2174 τὸν
2950 2123 3319 2189 πορνεύοντα
3350 2122 3479 2175 ἀπὸ
3525 2122 3677 2177 σοῦ.
3719 2121 3865 2193 Ἐμοί

2261 2211 2330 2265 δέ
2351 2212 2418 2265 τὸ
2451 2211 2947 2280 προσκολλᾶσθαι
2978 2210 3058 2278 τῷ
3089 2211 3210 2278 Θεῷ
3236 2213 3470 2283 ἀγαθόν
3492 2213 3684 2267 ἐστιν
3708 2229 3729 2244 ο
3768 2214 3865 2284 ἄρ-

2262 2322 2416 2377 χεται
2444 2305 2488 2360 δ’
2533 2304 2643 2358 ἀπὸ
2685 2304 3022 2375 δογματικῆς
3061 2303 3430 2370 διδασκαλίας,
3463 2304 3544 2357 δι’
3587 2300 3665 2377 ἧς
3691 2304 3865 2358 uitia!

2262 2396 2550 2451 ἀποδίδωσι
2588 2396 2689 2468 τῆς
2728 2396 2838 2450 τῶν
2867 2395 3083 2450 ἀσεϐῶν
3125 2397 3266 2450 κατά
3307 2412 3464 2460 τινας
3502 2398 3747 2467 καιροὺς
3774 2396 3861 2450 εὐ-

2262 2489 2527 2560 πραγίας·
2560 2489 2621 2542 τὸ
2656 2489 2764 2560 γὰρ
2795 2487 2998 2558 ἀγαθὸν
3038 2484 3174 2541 εἶναι
3216 2488 3312 2542 καὶ
3355 2487 3738 2561 μακρόθυμον
3773 2486 3861 2540 τὸν

2259 2580 2413 2644 Θεὸν,
2449 2580 2605 2634 τοῦτό
2651 2599 2813 2653 φησιν
2846 2580 3107 2654 ὑπάρχειν
3152 2582 3342 2634 αἴτιον.
3376 2583 3445 2634 Ὃ
3496 2580 3570 2654 δὴ
3617 2579 3856 2635 διδάσκει

2262 2673 2354 2727 καὶ
2379 2676 2407 2726 6
2440 2672 2583 2736 θεῖος
2626 2669 2943 2733 Ἀπόστολος
2967 2669 3139 2738 λέγων
3161 2685 3176 2701 ο
3209 2670 3279 2725 Ἢ
3301 2668 3401 2724 τοῦ
3441 2670 3733 2725 πλούτου
3754 2667 3858 2738 τῆς

2259 2765 2671 2833 χρηστότητος
2698 2759 2886 2816 αὑτοῦ
2930 2758 3030 2813 καὶ
3069 2758 3179 2828 τῆς
3217 2761 3648 2829 μακροθυμίας
3688 2773 3856 2813 κατα-

2260 2854 2518 2924 φρονεῖς,
2556 2851 2810 2925 άγνοῶν,
2853 2854 2943 2907 ὅτι
2975 2852 3041 2907 τὸ
3090 2853 3364 2923 χρηστὸν
3403 2852 3521 2908 τοῦ
3579 2851 3736 2907 Θεοῦ
3769 2852 3852 2917 εις

2254 2943 2577 3015 μετάνοιάν
2613 2959 2684 2999 σε
2723 2944 2883 3014 ἄγεις
2949 2944 3044 2998 καὶ
3086 2944 3320 3015 ἀλλαχοῦ
3370 2948 3430 2998 δε
3487 2942 3715 3017 εἴρηται
3730 2959 3747 2976 ο
3790 2942 3847 2995 '0

2262 3038 2408 3103 Θεὸς
2440 3036 2646 3107 κριτὴς
2681 3036 2910 3103 δίκαιος
2950 3036 3047 3090 καί
3073 3037 3289 3106 ἀγαθὸς
3323 3036 3419 3090 καὶ
3456 3037 3848 3106 μακρόθυμος

583 3131 727 3187 hanc
777 3132 1104 3188 sententiam
1147 3130 1216 3186 de
1260 3130 1423 3186 Patre
1469 3131 1699 3203 protulit
1735 3149 1750 3190 :
1786 3131 1957 3187 Nemo
1990 3132 2156 3187 bonus

2261 3124 2341 3196 μὴ
2371 3125 2557 3195 ὀργὴν
2588 3124 2827 3195 ἐπάγων
2857 3127 2982 3182 καθ’
3007 3125 3275 3193 ἑκάστην
3292 3124 3553 3194 ἡμέραν,
3609 3125 3699 3188 Ὠς
3717 3125 3843 3194 ἀγα·

582 3223 688 3280 nisi
722 3240 856 3279 unus
893 3222 1032 3279 Deus
1062 3222 1126 3282 ".
1177 3222 1337 3290 Quod
1387 3223 1434 3279 si
1475 3223 1544 3279 de
1584 3221 1725 3279 Filio
1772 3224 2153 3295 perquisieris,

580 3310 890 3382 comperies
926 3326 1033 3382 qua
1061 3312 1279 3367 ratione
1307 3321 1362 3367 et
1391 3313 1508 3383 ipse
1538 3314 1719 3369 bonus
1750 3313 1857 3379 sit;
1890 3313 2019 3383 quia
2048 3313 2159 3369 sci-

582 3398 711 3454 licet
747 3399 1006 3471 splendor
1045 3408 1130 3456 est
1173 3400 1314 3455 lucis
1362 3400 1730 3471 sempiternae,
1779 3411 1834 3457 et
1875 3402 2156 3472 speculum

583 3490 705 3546 sine
745 3492 960 3546 macula
990 3499 1233 3563 paternas
1283 3491 1527 3557 virtutis,
1574 3500 1629 3549 et
1662 3493 1842 3563 imago
1894 3492 2158 3548 bonitatis

581 3582 732 3639 illius
753 3584 819 3639 ’⁸.
850 3582 999 3639 Talis
1036 3584 1222 3655 itaque
1263 3582 1410 3640 Deus
1441 3592 1556 3651 est;
1590 3584 1687 3641 sed
1726 3585 1859 3639 illud
1892 3600 2003 3641 non
2037 3600 2157 3640 om-

579 3677 745 3733 nibus
778 3685 1004 3744 uotum;
1036 3691 1227 3733 verum
1250 3676 1354 3732 soli
1383 3674 1593 3739 lsraeli,
1636 3677 1754 3732 viro
1784 3677 1995 3733 scilicet
2026 3692 2155 3748 per-

581 3767 788 3838 spicacl
827 3775 883 3823 et
933 3766 1341 3823 interuoscendi
1387 3769 1443 3821 vi
1480 3768 1730 3838 praedito,
1779 3768 1997 3839 qualem
2052 3769 2157 3826 sub

581 3859 698 3916 hac
723 3859 966 3916 declarat
995 3860 1083 3916 his
1119 3861 1322 3926 verbis,
1363 3861 1520 3915 rectis
1547 3860 1723 3918 corde.
1773 3860 1878 3927 Qui
1909 3861 2053 3917 enim
2098 3862 2157 3918 in

579 3955 765 4006 mente
804 3950 941 4005 nihil
967 3956 1280 4005 tortuosum
1311 3949 1508 4012 habet,
1551 3948 1647 4004 sed
1674 3958 1823 4004 recta
1851 3956 1906 4004 et
1941 3949 2156 4005 sincera

577 4036 912 4113 cogitatione
972 4039 1331 4110 providentiae
1385 4040 1657 4095 rationem
1708 4041 2153 4111 contemplatur,

576 4132 700 4204 ipse
750 4133 963 4188 scilicet
1015 4132 1183 4189 lsrael
1231 4133 1418 4198 fuerit,
1460 4132 1551 4188 cui
1593 4130 1740 4187 Deus
1796 4132 1974 4189 bonus
2032 4148 2157 4190 esse

578 4224 949 4295 cognoscitur,
1001 4225 1131 4295 quia
1175 4226 1246 4281 ob
1302 4225 1562 4281 bonitatis
1609 4223 1987 4280 excellentiam
2036 4240 2155 4281 om-

578 4331 678 4371 nes
730 4316 948 4372 tolerat.
1022 4313 1127 4373 Sed
1190 4314 1332 4372 Deus
1383 4315 1605 4386 quidem
1668 4315 1984 4385 huiusmodi
2043 4327 2148 4373 est.

579 4405 693 4479 Ego
759 4422 892 4463 vero
952 4409 1115 4464 homo
1181 4408 1276 4480 qui
1347 4407 1564 4464 veritati
1639 4408 1836 4463 studeo
1861 4446 1879 4475 ,
1954 4408 2152 4465 mentis

2260 3215 2351 3282 θὸς
2407 3214 2539 3283 γοῦν
2578 3215 2897 3272 ἀνατέλλει
2946 3216 3054 3269 τὸν
3105 3216 3283 3284 ἣλιον
3328 3216 3523 3271 αὑτοῦ
3593 3216 3693 3271 ἐπὶ
3762 3212 3842 3266 δι-

2254 3310 2467 3372 καίους
2515 3305 2615 3361 καί
2663 3306 2929 3373 ἀδίκους,
2984 3305 3084 3359 καὶ
3114 3305 3325 3374 βρέχει
3383 3306 3484 3360 ἐπὶ
3539 3303 3843 3373 ποηιρούς

2258 3396 2357 3451 καὶ
2405 3398 2685 3467 ἀναθούς.
2720 3396 2911 3452 Ἔνθεν
2942 3398 3035 3451 καὶ
3083 3398 3112 3449 6
3156 3396 3348 3469 Σωτὴρ
3393 3397 3523 3469 ὅρον
3576 3397 3709 3467 περὶ
3752 3393 3840 3448 τοῦ

2263 3490 2476 3562 Πατρὸς
2507 3488 2796 3560 ἐξήνεγκεν
2834 3486 3031 3541 εἰπών·
3071 3487 3280 3554 Οὐδεὶς
3307 3488 3536 3558 ἀγαθὸς
3563 3490 3621 3542 ei
3651 3486 3736 3557 μὴ
3757 3480 3840 3552 sic

2258 3583 2293 3636 ὁ
2330 3582 2496 3646 Θεός.
2526 3580 2646 3634 Κᾶν
2679 3578 2940 3653 ἐξετάζῃς
2971 3580 3098 3651 περὶ
3126 3579 3221 3633 τοῦ
3244 3578 3397 3644 Υἱοῦ,
3430 3580 3668 3654 μαθήσῃ
3697 3580 3839 3639 ὅπως

2258 3675 2375 3729 ἐστὶ
2421 3675 2515 3728 καὶ
2559 3673 2722 3737 αὐτὸς
2759 3673 2994 3742 ἀγαθός’
3049 3672 3281 3743 ἐπείπερ
3321 3673 3678 3745 ἀπαύγασμά
3728 3673 3835 3725 ἐστι

2258 3767 2434 3838 φωτὸς
2463 3767 2632 3821 ἀϊδίου
2666 3766 2761 3821 καὶ
2793 3767 3055 3837 ἔσοπτρον
3086 3764 3417 3837 ἁκηλίδωτον
3456 3765 3566 3837 τῆς
3599 3764 3696 3819 τοῦ
3729 3764 3832 3817 lla.-

2254 3857 2384 3930 τρὸς
2429 3857 2728 3929 ἐνεργείας,
2775 3857 2870 3911 καὶ
2908 3855 3069 3910 εἰκὼν
3105 3856 3206 3927 τῆς
3260 3856 3607 3926 ἁγαθότητος
3651 3854 3827 3911 αὑτοῦ.

2256 3950 2507 4014 Τοιοῦτος
2539 3950 2636 4022 μὲν
2677 3945 2771 4003 οὖν
2816 3951 2844 4003 6
2870 3948 3002 4012 Θεὸς
3034 3948 3302 4018 πέφυκεν·
3354 3948 3628 4016 ἔγνωσται
3674 3947 3733 4002 δὲ
3771 3944 3827 3999 οὗ

2256 4045 2441 4108 πᾶσιν,
2469 4042 2607 4098 ἀλλὰ
2637 4044 2782 4115 μόνῳ
2802 4042 2882 4114 τῷ
2913 4041 3150 4113 Ἰσραὴλ,
3190 4041 3269 4113 τῷ
3304 4041 3605 4115 διορατικῷ
3635 4037 3825 4109 δηλαδὴ

2256 4136 2348 4189 καὶ
2378 4133 2664 4205 γνωστικῷ
2688 4133 2863 4204 ἀνδρὶ,
2887 4133 2946 4187 ὃν
2977 4131 3043 4207 δὴ
3074 4131 3367 4203 παρίστησι
3394 4134 3686 4187 συνάπτων
3708 4127 3826 4200 ἑξῆς

2256 4227 2350 4281 καὶ
2379 4226 2571 4295 λέγων,
2615 4224 2741 4292 τοῖς
2780 4224 2983 4281 εὐθέσι
3027 4222 3102 4292 τῇ
3134 4221 3366 4293 καρδίᾳ.
3409 4223 3466 4277 '0
3506 4223 3620 4297 γὰρ
3670 4220 3825 4295 μηδὲν

2257 4319 2467 4374 σκολιὸν
2509 4317 2844 4390 κεκτημένος
2887 4318 2946 4371 ὲν
2986 4319 3055 4388 τῇ
3097 4315 3290 4370 ἑαυτοῦ
3331 4315 3503 4389 ψυχῇ,
3553 4313 3823 4386 λογισμοῖς

2254 4410 2312 4466 δὲ
2338 4411 2518 4484 ὀρθοῖς
2544 4409 2849 4464 ἐπιϐάλλων
2873 4410 2986 4472 τοῖς
3008 4411 3107 4480 τῆς
3136 4408 3391 4479 προνοίας
3422 4407 3629 4479 λόγοις,
3663 4402 3817 4466 αὐτὸς

581 4512 714 4555 mem
774 4499 1126 4556 stoliditatem
1186 4514 1404 4556 enarro.
1454 4498 1669 4555 Etenim
1716 4498 1975 4555 ﬁrmitate
2030 4514 2151 4556 mea

2261 4501 2323 4556 ἂν
2350 4503 2434 4573 είη
2466 4503 2498 4556 6
2540 4500 2775 4573 Ἰσραὴλ,
2800 4492 2845 4569 ᾧ
2882 4502 2974 4553 καὶ
3001 4498 3265 4569 ἔγνωσται
3294 4497 3498 4569 ἀγαθὸς
3528 4498 3608 4553 ὢν
3641 4498 3672 4551 6
3698 4492 3820 4556 Θεὸς

576 4598 633 4647 et
682 4606 875 4662 gressu
902 4631 918 4656 ,
962 4593 1081 4648 sive
1123 4600 1183 4647 ut
1234 4592 1606 4662 metaphorice
1657 4591 1891 4661 loquar,
1955 4591 2151 4646 animat

576 4682 811 4756 pedibus
868 4698 924 4740 et
981 4680 1175 4740 fulcris
1240 4692 1548 4739 commotus
1605 4698 1744 4754 pene
1811 4693 1869 4740 et
1923 4698 2150 4739 eversus

576 4790 700 4833 sum
747 4789 781 4829 a
831 4791 931 4848 spe
965 4791 1087 4832 mea
1126 4775 1183 4833 iu
1222 4775 1333 4832 Deo
1374 4778 1655 4849 reposita;
1696 4777 1864 4848 idque
1913 4776 1985 4832 ob
2026 4791 2150 4848 pro-

573 4882 770 4939 speras
796 4868 1082 4924 atheorum
1112 4868 1513 4942 impiorumque
1560 4883 1669 4926 res.
1705 4866 1909 4925 Verum
1938 4867 1992 4923 id
2023 4868 2148 4939 qui-

574 4960 700 5016 dem
728 4975 865 5033 pene
891 4976 1185 5033 perpessus
1212 4977 1365 5029 sum;
1402 4971 1457 5017 at
1492 4962 1585 5018 Dei
1624 4962 1804 5034 gratia
1835 4976 2146 5017 concussus

576 5064 688 5106 non
720 5049 842 5119 iui;
871 5066 1050 5124 neque
1077 5066 1109 5107 a
1135 5053 1231 5107 tali
1263 5053 1595 5125 cogitatione
1626 5060 1920 5124 superatus
1958 5072 1973 5110 :
2008 5053 2146 5109 alias

577 5158 707 5200 vero
730 5144 1039 5216 periissem,
1069 5151 1126 5200 et
1151 5144 1309 5202 επιιεὶ
1335 5152 1521 5203 essent
1550 5160 1776 5218 gressus
1800 5146 1908 5202 mei
1942 5164 1957 5200 :
1992 5160 2141 5211 nam,

572 5247 700 5303 pene
717 5234 873 5306 e/fusi
902 5244 1027 5292 sunt
1051 5252 1263 5309 gressus
1293 5238 1412 5298 mei.
1445 5237 1544 5294 sed
1599 5253 1713 5293 non
1758 5252 1949 5293 revera
1985 5236 2146 5293 eii'usi

572 5334 724 5383 sunt.
752 5325 1038 5395 Quomodo
1066 5336 1249 5384 autem
1283 5344 1507 5400 gressus
1553 5330 1751 5384 animat
1793 5326 2144 5384 emundantur

574 5417 866 5490 intelliges,
904 5420 950 5476 si
982 5419 1308 5491 perpendas,
1337 5435 1449 5490 qua
1486 5420 1699 5475 ratione
1729 5419 1887 5474 multi
1922 5418 2141 5491 pietatis

572 5510 961 5567 exercitatione
990 5510 1104 5581 jam
1128 5512 1392 5582 provecti,
1423 5509 1784 5580 temperantia
1812 5517 1866 5564 et
1890 5508 2143 5565 castitate

2254 4589 2320 4645 δι’
2370 4590 2676 4664 ὑπερϐολήν
2727 4608 2787 4644 τε
2835 4589 3170 4660 ἀγαθότητος
3216 4591 3432 4644 πάντων
3482 4590 3819 4662 ἀνεχόιωνος.

2266 4681 2406 4737 Ἀλλ’
2451 4683 2479 4735 6
2535 4682 2633 4754 μὲν
2693 4680 2825 4745 Θεὸς
2872 4678 3131 4745 τοιοῦτος.
3203 4677 3344 4748 Ἐγὼ
3396 4678 3487 4743 δὲ,
3542 4679 3816 4750 ἄνθρωπος

2253 4774 2549 4848 φιλαλήθης
2608 4771 2747 4829 εἶναι
2806 4773 2974 4829 θέλων
2994 4814 3009 4839 ,
3064 4772 3165 4845 τὴν
3225 4769 3464 4843 ἐμαυτοῦ
3529 4767 3814 4843 διηγοῦμαι

2251 4866 2353 4937 τῆς
2404 4864 2581 4936 ψυχῆς
2609 4863 2858 4938 νωθρίαν.
2886 4860 3100 4933 Μικροῦ
3133 4859 3240 4934 γὰρ
3287 4861 3397 4915 δεῖν
3437 4861 3537 4932 τὴν
3582 4851 3812 4932 ἐμαυτοῦ

2255 4957 2441 5012 στάσιν
2470 4959 2564 5014 καὶ
2584 4956 2762 5029 βάσιν,
2785 4956 2897 5019 καὶ,
2925 4954 3002 5018 ὡς
3033 4953 3099 5009 ἂν
3123 4952 3266 5007 εἴποι
3292 4970 3378 5018 τις
3418 4945 3809 5026 μεταφορικῶς.

2251 5051 2375 5114 τοὺς
2403 5050 2501 5121 τῆς
2529 5048 2706 5121 ψυχῆς
2755 5047 2921 5111 πόδας
2947 5046 3043 5100 καὶ
3085 5046 3154 5101 τὰ
3199 5047 3502 5118 ἐρείσματα
3541 5036 3807 5115 παρετρά-

2254 5159 2364 5211 πην
2395 5142 2460 5197 ὲκ
2480 5138 2580 5211 τῆς
2623 5142 2703 5204 είς
2731 5139 2821 5193 τὸν
2845 5137 2977 5191 Θεὸν
3003 5136 3216 5201 ἐλπίδος
3249 5137 3340 5192 διὰ
3366 5137 3464 5203 τὰς
3497 5136 3606 5191 τῶν
3640 5131 3807 5188 ἀθέων

2252 5233 2345 5286 καὶ
2399 5231 2612 5285 ἀσεϐῶν
2660 5227 2867 5302 ἀνδρῶν
2919 5227 3244 5300 εὐπραγίας.
3305 5226 3464 5281 Ἀλλὰ
3524 5224 3673 5297 παρὰ
3718 5234 3806 5290 μιν

2248 5323 2380 5398 κρόν
2409 5324 2506 5395 μὲν
2526 5322 2668 5376 τοῦτ’
2699 5320 2924 5375 ἔπαθον·
2961 5320 3049 5374 διὰ
3099 5319 3156 5373 δὲ
3199 5319 3298 5389 τὴν
3341 5317 3434 5372 τοῦ
3477 5317 3609 5373 Θεοῦ
3655 5311 3802 5386 χάριν

2246 5418 2348 5471 οὐκ
2372 5415 2688 5487 ὲσαλεύθην,
2719 5412 2840 5468 οὐδὲ
2880 5411 3254 5486 κατεκράτησέ
3300 5428 3401 5483 μου
3439 5411 3469 5463 6
3501 5402 3803 5483 προλεχθεὶς

2246 5510 2502 5582 λογισμός
2525 5527 2540 5540 ’
2571 5511 2604 5582 ἢ
2657 5509 2766 5583 γὰρ
2804 5492 3232 5593 ἂνοίάπωλόμην,
3271 5505 3364 5560 καὶ
3397 5505 3572 5559 πάντα
3603 5515 3702 5593 μου
3737 5493 3799 5593 τα

571 5601 834 5657 diuturno
869 5609 1116 5675 tempore
1132 5581 1441 5674 tulgentes,
1478 5601 1699 5658 demum
1731 5599 1801 5656 ad
1833 5601 2138 5658 molliorem

2261 5581 2556 5672 ειαϐήματα
2590 5581 2823 5671 κέχυτιν
3043 5597 3243 5666 ὀλίγον
3287 5593 3394 5665 γὰρ
3443 5591 3691 5663 ἐξεχύθη
3733 5581 3800 5636 τὰ

636 5759 685 5795 *δ
711 5756 870 5816 Rom.
900 5774 963 5828 ιι,
982 5758 1037 5817 ι.
1103 5760 1149 5796 ’⁸
1170 5758 1315 5817 Psal.
1339 5775 1438 5828 vu,
1483 5757 1569 5818 i2.
1644 5758 1692 5795 ”
1719 5755 1912 5813 Matth.
1937 5773 1993 5826 ν,
2032 5756 2118 5816 ιδ.

2262 5754 2429 5813 Marc.
2464 5756 2626 5825 1,18.
2704 5756 2749 5789 ’⁸
2787 5755 2915 5827 Sap.
2946 5769 3044 5820 vu,
3074 5751 3181 5822 26;
3211 5750 3373 5807 Hebr.
3410 5768 3447 5815 ι,
3481 5751 3534 5811 δ.
