4078 6934
369 258 490 316 857-

1495 256 2010 320 ,COMMENTARIA
2051 259 2119 315 IN
2155 260 2480 318 PSAIJIOS

3530 271 3636 330 838

369 375 700 449 διᾳόήματὰ
729 394 868 446 μου,
898 377 958 430 οὐ
989 378 1093 450 μὴν
1151 378 1401 450 ἐξεχύθη.
1439 381 1672 452 Norica;
1715 383 1770 434 δὲ
1809 383 1936 436 ὄπω.

2061 395 2229 438 vitam
2257 387 2437 440 atlecti
2473 395 2526 441 et
2561 390 2800 457 prolapsi
2833 387 2974 453 sint;
3006 403 3121 444 sive
3151 389 3316 446 etiam
3355 391 3572 461 penitus
3607 411 3636 448 a

369 471 612 542 ἐκχεῖται
644 470 824 540 ψυχῆς
854 469 1185 542 διαδήματα,
1220 473 1635 543 ἐπιστήσας,ῶς
1670 474 1770 545 ἤδη
1793 475 1955 540 τινὲς,

370 569 748 643 προκόψαντες
799 571 855 621 ἐν
901 571 1132 640 ἀσκήσει
1179 569 1507 632 θεοσεϐείας,
1538 569 1596 620 ἐν
1635 567 1959 642 σωφροσύνῃ

366 679 428 716 τε
459 662 554 715 καὶ
577 663 768 733 ἁγνείᾳ
810 661 1214 732 διαλάμψαντες
1264 664 1493 735 μακροῖς
1535 661 1766 733 χρόνοις,
1804 660 1957 714 ὓστε-

370 755 461 828 ρόν
489 772 618 808 ποτε
660 754 1012 826 ὐπεσύρησαν
1053 754 1374 827 χαυνότερον
1406 753 1701 825 βιώσαντες
1728 756 1824 808 καὶ
1851 755 1958 807 ὀλι-

367 847 685 919 σθήσαντες,
720 847 754 918 ἢ
799 847 1077 911 παντελῶς
1105 847 1429 911 ἐκπεσόντες
1468 847 1561 901 τοῦ
1592 848 1819 909 σκοποῦ,
1860 848 1956 902 καὶ

364 937 555 1010 ὥσπερ
613 938 871 1007 ναυάγιον
919 939 1184 1002 παθόντες
1227 938 1336 991 τῶν
1377 938 1542 993 πάλαι
1599 940 1955 1011 συνηγμένων

363 1031 546 1094 αὐτοῖς
578 1029 800 1099 ἀγαθῶν
834 1031 1103 1102 πράξεων.
1147 1029 1363 1084 Τούτων
1408 1031 1516 1103 γὰρ
1541 1032 1641 1084 οὐκ
1681 1032 1747 1084 ἂν
1777 1031 1956 1102 ἀμάρ-

362 1139 478 1186 τοις
517 1120 686 1175 είπὼν
735 1121 864 1182 τοὺς
898 1122 1061 1186 πόδας
1105 1122 1202 1192 τῆς
1251 1121 1430 1193 ψυχῆς
1465 1121 1852 1175 σεσαλεῦσθαιο
1891 1124 1951 1176 οὐ

366 1216 475 1287 μὴν
502 1215 638 1269 ἀλλά
693 1215 788 1268 καὶ
840 1213 995 1278 ὅλους
1053 1214 1425 1278 πεπτωκέναι,
1455 1214 1524 1268 τά
1553 1231 1612 1266 τε
1639 1213 1952 1286 διαδήματα

362 1309 542 1362 αὐτῶν
589 1308 682 1362 καὶ
734 1307 833 1370 τὰς
867 1307 1009 1361 κατά
1057 1307 1190 1360 Θεὸν
1249 1307 1475 1379 πορείας
1517 1307 1615 1378 τὴν
1658 1309 1716 1360 ἐν
1756 1305 1951 1378 μακρῷ

361 1402 540 1473 χρόνῳ
571 1399 852 1471 προκοπὴν
883 1399 1220 1472 ἁπορῥεῦσαι
1251 1401 1344 1453 καὶ
1390 1399 1738 1470 ἐκκεχῦσθαι.
1792 1397 1951 1451 Ἀλλά

361 1492 535 1546 ταῦτα
568 1494 669 1563 μὲν
709 1481 862 1562 παρὰ
900 1491 1114 1563 μικρὸν,
1151 1492 1335 1562 φησὶν,
1379 1490 1599 1550 ἔπαθον.
1634 1493 1692 1544 οὐ
1723 1489 1826 1562 μὴν
1853 1490 1948 1542 πέρ

361 1584 534 1639 πονθα
558 1585 646 1638 διὰ
671 1583 844 1638 τὸτοῦ
878 1584 1012 1638 Θεοῦ
1049 1584 1213 1648 ἕλεος.
1244 1584 1388 1655 Πλὴν
1419 1583 1648 1655 ἤμελλόν
1683 1601 1746 1652 γε
1774 1583 1946 1637 ταῦτα

363 1676 596 1747 πάσχειν
624 1675 713 1730 διὰ
747 1675 908 1746 ζῆλον
949 1676 1008 1728 ὃν
1053 1674 1279 1746 ἐζήλουν
1305 1676 1397 1727 ἐπὶ
1419 1678 1530 1738 τοῖς
1561 1676 1782 1745 ἀνόμοις
1801 1675 1942 1746 ὁρῶν

2062 493 2230 547 scopo
2261 479 2583 543 defecerint,
2610 487 2662 535 ct
2690 479 2846 550 quasi
2879 479 3228 553 naufragium
3258 483 3311 536 in
3337 482 3496 538 bonis
3520 483 3634 552 jam

2062 571 2308 626 colfectis
2341 573 2599 642 Operibus
2653 572 2904 628 fecerint.
2946 572 3056 629 IIos
3100 575 3146 628 si
3179 575 3409 645 pedibus
3441 577 3638 632 anima:

2060 672 2366 719 commotos
2396 665 2635 732 dixeris;
2679 666 2787 721 imo
2817 683 2946 721 vero
2992 667 3037 720 si
3075 667 3294 736 penitus
3326 669 3635 739 prolapsos,

2058 762 2222 824 atque
2283 771 2506 825 gressus
2555 772 2766 823 eorum,
2809 758 3240 828 diuturnumque
3299 760 3354 813 in
3407 761 3490 815 via
3541 761 3637 817 Dei

2058 845 2363 916 profectum
2401 845 2686 901 vacillasse
2733 854 2789 901 et
2825 846 3055 901 effusum
3090 863 3213 902 esse
3261 848 3634 916 aITirmavcris,

2056 938 2374 1008 neutiquam
2411 939 2654 994 aberres.
2698 937 2804 995 Sed
2842 941 2976 1004 haec,
3016 941 3212 1012 inquit,
3247 941 3358 996 fere
3400 945 3634 1012 pertuli;

2055 1046 2156 1085 nec
2181 1033 2376 1102 pertuli
2402 1042 2580 1086 tamen
2615 1049 2710 1102 per
2749 1033 3182 1089 misericordiam
3219 1034 3334 1090 Dei.
3365 1037 3634 1092 Cancrum

2053 1125 2189 1176 tanti
2214 1124 2344 1177 milii
2378 1126 2604 1194 periurii
2643 1125 2696 1179 iu
2725 1141 2889 1180 causa
2927 1126 3028 1181 fuit
3065 1129 3214 1184 zelus
3240 1145 3348 1198 quo
3416 1130 3634 1200 iuiquo-
3722 1124 3726 1128 ’
3766 1196 3772 1208 ι

2053 1232 2173 1270 rum
2211 1232 2380 1271 causa
2419 1218 2780 1283 accendebar,
2821 1217 2948 1271 dum
2983 1220 3224 1274 viderem
3263 1237 3451 1291 pacem
3484 1225 3633 1294 ipso-

2051 1323 2198 1369 rum,
2238 1323 2454 1364 necnon
2481 1325 2670 1364 eorum
2703 1309 2759 1362 in
2789 1308 3019 1375 divitiis,
3050 1311 3355 1380 voluptate,
3385 1313 3635 1368 domina-

2050 1406 2133 1466 tu,
2169 1400 2528 1471 dignitatibus
2565 1404 2904 1463 felicitatem.
2955 1407 3081 1463 Haec
3120 1409 3421 1478 respiciens
3465 1407 3636 1461 disse-

2050 1494 2241 1557 cabar,
2307 1495 2381 1550 ita
2435 1508 2492 1552 ut
2540 1514 2677 1568 pene
2727 1500 2781 1553 in
2842 1502 3040 1571 impias
3107 1501 3216 1556 labi
3271 1501 3634 1571 cogitationes

2049 1585 2392 1655 periclitarer
2433 1608 2446 1643 ε
2486 1589 2542 1643 iu
2573 1607 2710 1661 quas
2751 1600 2958 1656 tamen,
2995 1593 3160 1647 rectis
3191 1591 3436 1647 [innatus
3473 1591 3633 1646 iusti-

2050 1677 2206 1741 tutis,
2245 1677 2410 1734 Deum
2447 1682 2650 1736 bonum
2705 1686 3000 1755 patientem
3047 1691 3101 1739 et
3150 1685 3474 1739 tolerantem
3507 1700 3633 1740 esse

359 1770 460 1842 τὴν
489 1771 711 1842 εἰρήνην
739 1768 917 1822 αὐτῶν
951 1769 1045 1822 καὶ
1085 1769 1182 1838 τὴν
1216 1771 1273 1821 ὲν
1304 1767 1518 1838 πλούτῳ
1545 1768 1640 1821 καὶ
1660 1771 1859 1840 τρυφῇ,
1888 1767 1936 1821 έν

2047 1773 2558 1837 commonentibus,
2618 1777 2935 1845 neutiquam
2991 1775 3191 1830 decidi.
3264 1773 3631 1841 Quamobrem

358 1884 420 1920 τε
449 1868 640 1938 ἀρχαῖς
669 1866 762 1920 καὶ
812 1865 1117 1936 ἀξιώμασιν
1152 1862 1470 1934 εὐημερίαν.
1504 1863 1597 1926 Εἰς
1639 1861 1810 1916 ταῦτα
1835 1860 1944 1933 γὰρ

361 1958 581 2030 ἀφορῶν
610 1957 951 2028 διεπριόμην,
974 1956 1048 2018 ὼς
1073 1952 1272 2027 μικροῦ
1301 1953 1410 2006 δεῖν
1430 1951 1767 2006 κινδυνεῦσαι
1793 1968 1948 2022 περι-

360 2053 546 2102 πεσεῖν
577 2049 759 2112 ἀθέοις
783 2048 1057 2119 λογισμοῖς
1078 2065 1090 2076 ·
1120 2040 1200 2111 οἷς
1227 2046 1288 2099 οὐ
1320 2044 1713 2115 περιπέπτωκα
1738 2044 1944 2114 δόγμα-

361 2158 446 2194 σιν
501 2141 682 2212 ὀρθοῖς
737 2140 1203 2211 θεραπευόμενος,
1267 2140 1380 2200 τοῖς
1441 2136 1945 2206 ὐπομιμνήσκουσιν

361 2232 566 2300 ἀγαθὸν
587 2228 725 2284 εἶναι
762 2235 848 2286 τὸν
892 2230 1022 2284 Θεὸν
1061 2230 1154 2284 καὶ
1185 2227 1505 2292 ἀνεξίκακον
1542 2227 1636 2280 καὶ
1670 2225 1944 2298 μακρόθυ-

364 2344 481 2397 μον.
519 2326 718 2397 Διόπερ
739 2325 1172 2395 ἐκπληττόμενος
1203 2322 1366 2377 αὐτοῦ
1403 2322 1498 2375 καὶ
1542 2319 1945 2391 ἀποθαυμάζων

358 2416 458 2488 τὴν
488 2417 790 2489 ὑπερϐολὴν
822 2418 919 2486 τῆς
949 2415 1304 2484 ἀγαθότητος,
1339 2410 1491 2466 εἷπον
1520 2411 1819 2483 ἀρχόμενος
1849 2410 1942 2464 τοῦ

359 2509 521 2576 λόγου
543 2529 557 2541 ο
584 2511 679 2577 Ὠς
701 2509 923 2578 ἀγαθὸς
939 2508 1018 2573 τῷ
1049 2505 1296 2575 Ἰσραὴλ
1329 2508 1362 2558 ὁ
1395 2504 1559 2569 Θεὸς,
1593 2502 1716 2569 τοῖς
1739 2502 1943 2557 εῠθέσι

360 2599 435 2669 τῇ
455 2600 686 2668 καρδίᾳ.
732 2600 876 2653 Ἀντὶ
902 2598 956 2651 δὲ
985 2597 1097 2651 τοῦο
1145 2597 1237 2662 Ὡς
1261 2595 1481 2666 ἀγαθὸς
1499 2633 1512 2657 ,
1541 2596 1570 2648 ό
1623 2593 1936 2664 Σύμμαχος

2047 1861 2472 1928 praecellentia":
2532 1864 2795 1922 bonitatis
2845 1867 3019 1936 ipsius
3055 1867 3356 1932 demirans,
3409 1881 3472 1921 ac
3514 1876 3633 1921 stu-

2048 1966 2202 2022 pens,
2232 1954 2309 2008 sic
2343 1970 2650 2011 sermonem
2677 1975 2839 2015 orsus
2871 1976 2990 2014 sum
3020 1977 3033 2015 :
3069 1959 3242 2026 Quam
3270 1958 3433 2013 bonus
3459 1957 3632 2014 Israel

2051 2042 2214 2110 Deus,
2252 2049 2406 2101 rectis
2435 2049 2632 2103 corde!
2680 2049 2786 2104 Pro
2811 2052 2904 2105 illo
2944 2059 3126 2106 autem
3163 2070 3176 2106 :
3208 2051 3380 2118 Quam
3427 2050 3627 2115 bonus;

2051 2133 2412 2206 Symmachus
2443 2160 2456 2195 :
2485 2139 2644 2207 Sane,
2673 2143 2869 2214 inquit,
2911 2161 3024 2198 vere
3053 2145 3216 2199 bonus
3244 2144 3383 2198 Deus
3410 2142 3626 2212 Israeli,

2043 2231 2191 2300 puris
2231 2232 2406 2287 corde.
2450 2231 2587 2300 Quis
2626 2251 2755 2291 vero
2785 2247 2931 2293 esset
2965 2238 3132 2294 Israel
3156 2239 3242 2293 bis
3269 2237 3468 2294 additis
3504 2255 3630 2295 ver-

2046 2325 2132 2380 bis
2181 2325 2504 2389 declaravit,
2535 2330 2682 2397 puris
2727 2333 2901 2386 corde.
2939 2330 3015 2384 Illi
3051 2347 3287 2401 namque
3309 2347 3435 2387 vere
3460 2332 3628 2388 Israel

2048 2418 2208 2478 sunt;
2244 2428 2414 2482 quare
2447 2427 2478 2465 a
2507 2411 2798 2469 Servatore
2821 2432 3040 2485 quoque
3065 2416 3272 2470 dictum
3307 2424 3390 2469 est
3423 2434 3436 2469 :
3474 2415 3632 2470 Beati

2045 2503 2240 2557 mundo
2294 2506 2469 2571 corde,
2510 2499 2772 2578 quoniam
2805 2509 2908 2578 ipsi
2948 2508 3108 2564 Deum
3139 2508 3446 2564 videbunt”
3483 2527 3498 2564 :
3547 2507 3628 2566 Is-

2045 2596 2160 2650 rael
2187 2607 2365 2652 autem
2385 2598 2560 2653 videns
2595 2598 2762 2654 Deum
2785 2601 3106 2670 explicatur.
3219 2587 3234 2604 ’

361 2694 537 2762 Πλὴν
605 2693 811 2758 ὅντως,
852 2693 1036 2763 φησὶν,
1086 2688 1308 2759 ἀγαθὸς
1350 2689 1382 2740 ὁ
1423 2685 1569 2752 Θεὸς
1612 2685 1690 2752 τῷ
1727 2685 1986 2754 Ἰσραὴλ,
2026 2689 2152 2754 τοῖς
2183 2690 2465 2759 καθαροῖς
2499 2691 2614 2759 τὴν
2630 2691 2901 2760 καρδίαν.
2936 2695 3255 2767 Παρέστησε
3288 2702 3398 2768 γάρ
3420 2694 3504 2760 τίς
3538 2693 3625 2768 εἴη

360 2789 392 2839 ὁ
429 2786 662 2858 Ἰσραὴλ,
687 2784 1022 2852 ἐπισυνάψας
1045 2781 1139 2835 καὶ
1163 2777 1354 2842 εἰπὼν,
1385 2778 1508 2845 τοῖς
1575 2777 1858 2846 καθαροῖς
1883 2777 1998 2845 τὴν
2037 2780 2308 2848 καρδίαν.
2365 2779 2524 2838 Οὗτοι
2563 2786 2672 2857 γάρ
2709 2786 2848 2839 εἰσιν
2889 2789 2916 2839 ό
2962 2785 3212 2857 ἀληθινὸς
3272 2787 3517 2860 Ἰσραήλο
3546 2786 3627 2841 διδ

362 2877 579 2945 ἐλέγετο
607 2877 701 2931 καὶ
727 2877 832 2929 ὐπὸ
855 2874 948 2928 τοῦ
984 2872 1269 2942 Σωτῆρος·
1300 2869 1589 2938 Μακάριοι
1645 2873 1700 2924 oi
1754 2870 1999 2938 καθαροὶ
2032 2871 2106 2941 τῇ
2153 2874 2386 2943 καρδίᾳ,
2441 2876 2531 2930 ὅτι
2591 2880 2758 2933 αὐτοὶ
2799 2880 2908 2934 τὸν
2958 2878 3108 2933 Θεὸν
3152 2879 3437 2948 ὄψονται.
3479 2879 3626 2934 καὶὸ

374 2971 591 3042 Ἰσραὴλ
615 2971 671 3023 δὲ
702 2967 859 3038 ὀρῶν
892 2968 998 3022 τὸν
1031 2965 1180 3020 Θεὸν
1209 2963 1587 3037 ἑρμηνεύεται.

432 3087 550 3139 Ὀτι
573 3087 684 3139 οὐκ
707 3084 876 3137 ἔστιν
909 3080 1238 3146 ἀνάνευσις
1275 3080 1344 3133 ἐν
1363 3077 1443 3144 τῷ
1463 3077 1697 3142 θανάτῳ
1716 3077 1934 3145 αὐτῶν,

2117 3079 2281 3136 Vsus.
2306 3079 2428 3135 4-9.
2449 3079 2590 3146 Quia
2621 3097 2722 3135 non
2750 3089 2829 3135 est
2857 3089 3118 3151 respectus
3151 3082 3310 3134 morti
3339 3096 3543 3145 eorum,
3573 3090 3624 3138 et

359 3179 458 3232 καὶ
495 3176 797 3245 στερέωμα
840 3175 910 3227 ἐν
948 3173 1024 3243 τῇ
1059 3172 1306 3243 μάστιγι
1343 3168 1561 3225 αὐτῶν.
1610 3171 1706 3224 Ἑν
1733 3171 1944 3236 κόποις

357 3268 684 3337 ἀνθρώπων
714 3269 824 3320 οὐκ
873 3267 1016 3332 εὶονὶ,
1045 3265 1140 3319 καὶ
1176 3266 1327 3334 μετὰ
1371 3260 1698 3329 ἀνθρώπων
1732 3265 1803 3318 οὐ
1830 3279 1944 3332 μα-

357 3355 848 3426 στιγωθήσονται.
907 3355 1010 3409 Διὰ
1039 3354 1212 3408 τοῦτο
1267 3353 1601 3423 ἐκράτησεν
1641 3353 1863 3420 αὐτοὺς
1901 3354 1939 3422 ἠ

357 3448 737 3518 ὑπερηφανία
786 3448 874 3512 εις
918 3446 1110 3510 τέλος.
1161 3445 1246 3508 Ὠς
1279 3445 1335 3497 ἐν
1372 3445 1582 3518 ἱστορίᾳ
1611 3443 1942 3517 διεξέρχεται

357 3542 426 3598 τὰ
456 3540 766 3614 ταράξαντα
797 3536 963 3593 αὐτοῦ
998 3538 1096 3609 τὴν
1123 3537 1318 3609 ψυχὴν,
1356 3537 1444 3592 ἵνα
1476 3539 1714 3609 γνῶμεν,
1751 3540 1836 3592 ὅτι
1865 3536 1942 3609 μὴ

358 3637 452 3689 ἐπὶ
479 3637 692 3706 μικροῖς
714 3631 1080 3703 ἐσαλεύθησαν
1110 3631 1276 3684 αὐτοῦ
1311 3631 1360 3683 οἱ
1391 3631 1548 3696 πόδες
1576 3634 1701 3702 παρ’
1725 3630 1903 3699 ὀλίγον
1922 3647 1935 3660 ·

361 3727 496 3798 μηδὲ
537 3727 630 3779 ἐπὶ
650 3729 759 3789 τοῖς
793 3723 1047 3794 τυχοῦσιν
1076 3721 1307 3793 ημελλον
1339 3721 1530 3776 ἐαυτοῦ
1561 3720 1837 3792 ἐκχεῖσθαι
1869 3719 1940 3773 τὰ

356 3818 689 3890 διαϐήματα.
734 3817 868 3870 Τίνα
897 3816 954 3869 δὲ
987 3811 1288 3887 hvmum;
1323 3816 1385 3868 Οἱ
1433 3814 1646 3878 ἀσεϐεῖς
1696 3814 1790 3868 καὶ
1849 3812 1939 3866 τὸν

356 3910 491 3964 Θεὸν
519 3910 616 3962 οὐκ
648 3909 868 3972 εἰδότες,
899 3906 1062 3970 οὕτω,
1098 3907 1283 3976 φησὶν,
1310 3907 1368 3961 ὲν
1399 3905 1684 3977 εὐπαθείᾳ
1713 3905 1956 3975 βίουκαὶ.

357 4001 647 4073 θυμηδίαις
694 4000 918 4070 διῆγον,
978 3997 1074 4051 καὶ
1137 3997 1330 4068 μέχρις
1381 3997 1615 4068 ἐσχάτης
1679 3993 1939 4064 τελευτῆς

355 4091 624 4164 τοσαύτης
663 4091 942 4161 ἀπήλαυον
986 4091 1220 4162 τρυφῆς,
1250 4089 1325 4154 ὡς
1357 4090 1451 4142 καὶ
1493 4087 1652 4141 πάνθ’
1697 4084 1938 4140 ὁντινοῦν

356 4185 618 4253 εὔξασθαι
641 4183 748 4237 τῶν
773 4182 902 4236 ἴσων
931 4181 1115 4244 αὐτοῖς
1145 4183 1347 4251 τυχεῖν,
1386 4178 1626 4253 ζηλῶσαί
1659 4195 1718 4232 τε
1761 4177 1938 4231 αὐτῶν

353 4278 417 4333 οὐ
453 4277 613 4348 μόνον
667 4274 765 4346 τὴν
799 4272 963 4344 ζωὴν,
989 4271 1124 4325 ἀλλά
1152 4272 1245 4326 καὶ
1290 4271 1382 4323 τὸν
1423 4270 1673 4334 θάνατον,
1715 4268 1775 4322 ὃν
1815 4269 1936 4322 οὐδὲ

354 4368 794 4441 παραιτήσασθαι
811 4366 936 4437 ἐξῆν
957 4365 1078 4418 οὐδὲ
1093 4363 1364 4417 ἀπευκτὸν
1393 4360 1722 4433 ἡγήσασθαι.
1751 4360 1937 4424 Οὐτως

2044 3176 2435 3246 ﬁrmamentum
2467 3175 2521 3228 in
2552 3174 2712 3246 plaga
2746 3176 3003 3244 ipsorum.
3039 3172 3105 3227 In
3138 3173 3412 3228 laboribus
3450 3173 3623 3228 homi-

2044 3284 2168 3322 num
2203 3284 2305 3322 non
2335 3275 2457 3322 sunt
2489 3276 2538 3321 et
2573 3284 2691 3320 cum
2718 3267 3015 3321 hominibus
3053 3283 3155 3320 non
3187 3264 3621 3336 ﬂagellabuntur.

2046 3357 2172 3412 Ideo
2199 3359 2363 3412 tenuit
2384 3373 2470 3411 eos
2495 3357 2740 3426 superbia
2763 3357 2816 3410 in
2841 3358 3019 3426 finem.
3056 3353 3307 3411 Historiae
3339 3371 3487 3411 more
3503 3371 3624 3426 qua:

2043 3449 2284 3504 animam
2335 3449 2557 3504 turbant
2605 3463 2760 3503 suam
2816 3455 3059 3512 enarrat,
3113 3456 3172 3501 ut
3220 3447 3464 3502 sciamus
3514 3463 3624 3503 non

2043 3558 2212 3614 parva
2243 3542 2311 3597 de
2343 3556 2511 3596 causa
2545 3555 2681 3609 pene
2713 3549 3020 3595 commotus
3065 3538 3186 3609 ejus
3222 3540 3410 3610 pedes,
3445 3554 3622 3610 neque

2042 3637 2114 3690 ob
2147 3651 2236 3690 res
2263 3635 2414 3705 parvi
2450 3635 2715 3689 momenti
2767 3649 2906 3704 pene
2955 3632 3155 3688 eﬂ‘usos
3185 3647 3411 3704 gressus
3446 3633 3622 3703 ipsius

2042 3728 2234 3785 fuisse.
2289 3729 2549 3794 Quaenam
2605 3728 2695 3782 illa
2748 3727 2945 3782 erant?
2981 3727 3159 3797 Impii,
3214 3726 3411 3797 inquit,
3443 3735 3496 3781 et
3528 3726 3621 3797 qui

2042 3822 2212 3877 Deum
2243 3837 2352 3876 non
2384 3827 2604 3884 norant,
2638 3829 2747 3873 tam
2789 3819 2933 3874 felici
2969 3819 3091 3873 vitae
3122 3817 3380 3883 decursu,
3441 3825 3621 3887 tanta-

2039 3927 2148 3982 que
2206 3912 2485 3982 voluptate
2521 3908 2814 3980 dcgebant,
2878 3918 2932 3964 et
2968 3924 3143 3980 usque
3190 3908 3258 3962 ad
3313 3916 3620 3963 extremum

2039 4006 2164 4060 vita:
2212 4004 2442 4058 halitum
2497 4011 2576 4056 tot
2619 4001 2830 4057 deliciis
2855 4001 3198 4064 fruebantur,
3226 4008 3286 4054 ut
3316 4015 3475 4055 nemo
3504 4015 3615 4055 non

2040 4105 2252 4167 optaret
2297 4097 2448 4160 paria
2485 4095 2770 4164 consequi,
2801 4109 2863 4148 ac
2895 4108 3001 4147 non
3033 4093 3209 4147 solum
3243 4091 3365 4146 vitae
3397 4106 3614 4158 eorum,

2040 4187 2136 4244 sed
2171 4188 2336 4242 etiam
2390 4186 2550 4242 morti
2603 4186 2892 4249 invideret,
2960 4186 3055 4240 tali
3101 4185 3332 4250 scilicet,
3395 4183 3614 4254 qualem

2040 4281 2280 4336 abnuere
2310 4294 2373 4334 ac
2407 4279 2734 4334 horrendam
2780 4286 2974 4348 putare
3000 4276 3205 4332 nemini
3254 4277 3461 4331 liceret.
3522 4271 3617 4330 Sic

2017 4371 2148 4428 ‘non
2197 4381 2318 4427 erat
2366 4380 2652 4443 respectus
2707 4370 2869 4424 morti
2925 4385 3134 4423 eorum.
3202 4365 3309 4423 Sed
3368 4368 3532 4424 etiam
3567 4367 3616 4422 si

354 4464 454 4518 οὐκ
489 4457 557 4533 ἦν
613 4461 901 4522 ἀνάνευσις
935 4459 991 4511 ἐν
1037 4455 1116 4527 τῷ
1147 4456 1360 4528 θανάτῳ
1394 4455 1592 4508 αὐτῶν.
1637 4453 1797 4508 Ἀλλὰ
1841 4455 1936 4507 καὶ

2044 4465 2258 4535 quando
2289 4460 2631 4535 contingeret
2665 4478 2859 4519 eorum
2891 4463 3127 4532 aliquem
3185 4461 3239 4516 in
3296 4460 3506 4531 plagam
3563 4468 3618 4516 et

355 4560 403 4611 ει
437 4556 634 4627 συνέϐη
695 4553 823 4608 ποτέ
877 4553 1102 4624 μάστιγι
1135 4550 1228 4604 καὶ
1262 4548 1465 4620 πληγῇ,
1492 4547 1739 4601 τουτέστι
1779 4565 1934 4619 περι-

357 4650 542 4705 στάσει
589 4647 682 4702 καὶ
732 4646 986 4718 συμφορᾷ
1029 4644 1344 4716 περιπεσεῖν
1382 4640 1560 4694 αὐτῶν
1615 4657 1757 4704 τινα,
1805 4638 1838 4709 ἢ
1878 4639 1936 4692 ἐν

353 4746 530 4808 νόσοις
561 4739 916 4811 ἐξετασθῆναι
945 4739 1041 4792 καὶ
1062 4737 1307 4810 ζημίαις,
1331 4735 1430 4789 οὐκ
1459 4730 1526 4805 ἦν
1564 4733 1846 4804 στερέωμα
1878 4733 1936 4786 ἐν

351 4839 420 4908 τῇ
453 4837 675 4908 μάστιγι
703 4833 904 4887 αὐτῶν.
943 4833 1017 4886 υύ
1043 4831 1151 4903 γὰρ
1182 4828 1377 4900 στερεά
1410 4844 1490 4890 τις
1523 4822 1591 4897 ἦν
1613 4825 1706 4878 καὶ
1740 4825 1935 4894 ὲπίμο-

355 4945 442 4992 νος
463 4930 497 5000 ἡ
530 4929 650 4982 κατ’
685 4924 866 4982 αὐτῶν
895 4924 1075 4995 πληγή
1101 4940 1113 4952 ·
1149 4921 1372 4994 βραχεῖα
1397 4918 1454 4972 δέ
1475 4935 1557 4982 τις
1597 4916 1690 4970 καὶ
1724 4914 1782 4980 ἐξ
1814 4917 1934 4968 ἐπι-

355 5019 524 5093 πολῆς
551 5018 996 5092 παρατρέχουσα.
1042 5014 1174 5068 Οὐδὲ
1207 5015 1264 5065 ἐν
1296 5011 1485 5074 κόποις
1523 5009 1578 5062 δὲ
1631 5005 1934 5080 ἀνθρώπων

355 5111 698 5185 ἐξητάζοντο,
726 5107 1127 5179 γεωπονοῦντες
1158 5105 1252 5158 καὶ
1271 5103 1368 5176 τὴν
1387 5100 1590 5174 τροφὴν
1612 5100 1718 5153 ἀπὸ
1737 5098 1934 5171 χειρῶν

355 5205 721 5278 ποριζόμενοι,
773 5200 932 5270 πενίᾳ
975 5215 1035 5252 τε
1085 5196 1576 5270 κατατρυχόμενοιο
1628 5192 1934 5246 τούναντίον

356 5299 410 5352 δὲ
434 5297 648 5367 πλούτῳ
664 5293 1080 5366 περιρῤεόμενοι
1098 5286 1515 5359 καθηδυπάθουν
1537 5284 1929 5357 ἐντρυφῶντες,

352 5391 448 5444 καὶ
478 5389 640 5461 μηδὲν
668 5389 851 5458 ὅμοιον
890 5383 1186 5452 πάσχοντες
1216 5382 1328 5443 τοῖς
1371 5379 1574 5442 λοιποῖς
1628 5377 1932 5450 ἀνθρώποις

352 5483 465 5542 τοῖς
494 5476 904 5549 μαστιζομένοις
937 5471 1172 5542 ἑκάστης
1217 5469 1428 5540 ἡμέρας
1458 5469 1524 5521 δι’
1547 5469 1803 5522 ἐπιπόνου
1838 5472 1933 5523 καὶ

356 5570 630 5644 μοχθηροῦ
677 5569 812 5638 βίου.
861 5565 960 5619 Διὸ
988 5565 1057 5617 ἐν
1094 5563 1257 5625 κόπῳ
1286 5559 1608 5628 ἀνθρώπων
1645 5564 1754 5615 οὐκ
1789 5563 1929 5622 elci,

413 5731 459 5766 "
494 5730 683 5787 Matth.
718 5747 768 5801 v,
800 5731 853 5784 8.

2042 4557 2340 4630 ﬂagellum,
2378 4557 2631 4613 videlicet
2658 4557 2712 4611 in
2735 4570 3034 4610 aerumnam
3060 4562 3112 4609 et
3136 4554 3501 4612 calamitatem
3534 4554 3617 4607 in-

2039 4647 2254 4714 cidere;
2291 4650 2406 4703 sive
2439 4647 2629 4702 morbo
2663 4647 2798 4701 allici
2829 4646 2912 4701 vel
2942 4643 3294 4708 detrimento,
3341 4660 3449 4699 non
3500 4653 3616 4700 erat

2039 4738 2443 4793 ﬁrmamentum
2494 4739 2546 4793 in
2609 4739 2766 4809 plaga
2821 4739 3086 4808 ipsorum.
3125 4735 3242 4790 Non
3277 4738 3420 4791 enim
3455 4735 3616 4790 ﬁrma

2039 4846 2478 4902 permanensque
2510 4832 2637 4885 talis
2672 4831 2918 4902 ipsorum
2943 4830 3097 4900 plaga
3127 4837 3275 4895 erat;
3317 4828 3408 4884 sed
3435 4827 3616 4883 brevis

2038 4925 2496 4996 superﬁciemque
2537 4925 2768 4994 carptim
2810 4925 3102 4994 attingens.
3131 4922 3320 4994 Neque
3368 4923 3498 4977 item
3558 4920 3616 4976 in

2037 5017 2319 5073 laboribus
2374 5017 2654 5072 hominum
2703 5017 3083 5080 versabantur,
3115 5022 3316 5070 terram
3361 5013 3613 5081 colendo,

2037 5111 2123 5166 vel
2163 5111 2419 5167 manibus
2448 5112 2652 5166 victum
2686 5110 2963 5180 parando;
3005 5125 3113 5164 non
3139 5109 3398 5180 pauperie
3431 5106 3614 5162 amicti

2036 5214 2229 5273 erant;
2255 5220 2441 5259 verum
2467 5219 2498 5258 e
2537 5202 2815 5258 contrario
2847 5202 3051 5257 divitiis
3090 5201 3394 5262 aIIluentcs,
3433 5200 3485 5254 in
3521 5199 3616 5256 de;

2038 5297 2196 5352 licias
2229 5296 2712 5367 immergebantur,
2743 5295 2990 5365 nihilque
3020 5294 3371 5364 patiebantur
3398 5299 3458 5344 ut
3490 5291 3616 5346 reli-

2036 5388 2424 5460 quihomines,
2457 5387 2548 5458 qui
2587 5387 2830 5458 quotidie
2883 5386 3153 5441 laboriosa
3195 5397 3615 5451 azrumnosaque

2037 5479 2144 5532 vita
2205 5485 2569 5533 macerantur.
2631 5477 2811 5543 Quare
2859 5477 2913 5530 iu
2976 5476 3152 5530 labore
3201 5474 3471 5528 hominum
3509 5489 3612 5526 non

2036 5578 2180 5636 sunt,
2211 5579 2258 5623 et
2282 5587 2399 5623 rum
2423 5568 2718 5625 hominibus
2752 5586 2854 5624 non
2887 5568 3320 5639 ﬂagellubuntur.
3361 5563 3614 5638 Symma-
