3982 6440
606 323 710 378 839

602 439 740 495 chus
766 445 946 494 autem
992 437 1072 494 sic
1105 437 1498 511 interpretatus
1520 452 1606 501 est
1638 465 1652 500 :
1680 446 1823 514 Quia
1845 465 1948 503 non
1971 448 2141 520 cogita

2247 451 2376 510 ,και
2413 453 2564 521 μετά
2607 452 2935 522 ἀνθρώπων
2965 458 3037 512 οὐ
3076 459 3645 528 μαστιγωθήσονται.
3687 463 3737 518 ’0
3769 468 3811 523 δὲ

601 532 729 585 bant
757 531 821 586 de
842 541 1008 587 morte
1040 549 1058 586 :
1085 533 1243 603 ﬁrma
1272 551 1496 607 namque
1522 549 1672 593 erant
1694 539 1950 596 vestibula
1968 557 2146 596 eorum

2286 543 2356 596 Σύ
2366 561 2581 615 μμαχος
2594 545 2766 610 οὕτως
2783 548 3128 620 ἡρμήνευσεν
3143 567 3157 580 ·
3173 551 3303 604 Ὀτι
3323 553 3435 606 οὐκ
3449 553 3811 626 ἐνεθυμοῦντο,

599 637 665 678 ac
687 623 950 694 deinceps
976 642 989 678 :
1011 621 1079 678 In
1103 627 1342 690 miseria,
1361 628 1560 699 inquit,
1583 630 1685 684 viri
1701 648 1804 686 non
1821 640 1994 696 erant.
2021 650 2146 706 nequ

2256 694 2258 697 ,
2283 638 2416 707 περὶ
2439 639 2703 694 θανάτου
2721 657 2736 671 ο
2774 643 2988 710 στερεὰ
3011 643 3124 713 γὰρ
3139 640 3220 715 ἦν
3243 644 3317 697 τὰ
3338 621 3810 714 πρόπυλα

1328 325 1596 386 EUSEBII
1628 331 2102 391 CESARIENSIS
2135 333 2287 392 OPP.
2323 334 2504 392 PARS
2541 336 2627 393 111.
2659 371 2727 382 —-
2762 340 3175 400 EXEGETICA.
3731 354 3810 408 wl
3920 383 3921 400 η

599 715 1046 771 συηιίιοηιίιιὶὺιιε
1096 719 1546 788 percutiebantur.
1581 721 1722 790 Quia
1753 724 1922 796 igitur
1976 724 2074 781 tali
2124 728 2138 782 i

2282 730 2378 783 nat
2410 731 2558 802 ἐξῆςο
2595 733 2691 787 Ἐν
2724 736 3113 804 ταλαιπωρίᾳ,
3144 736 3329 808 φησὶν,
3351 737 3573 806 ἀνδρὸς
3603 743 3702 795 οὐκ
3719 744 3814 812 ἑτέ·
3920 749 3921 800 ἒ

599 807 915 864 conditione
947 817 1128 876 erant,
1159 811 1277 864 ideo
1305 813 1473 867 tenuit
1499 829 1588 868 eos
1617 815 1882 883 superbia.
1913 817 2050 873 Cum
2081 834 2146 889 pa

2280 841 2480 889 νοντο,
2530 824 2672 880 οὐδὲ
2697 826 2848 896 μετὰ
2894 807 3220 895 ἀνθρώπων
3250 828 3658 895 ἐπλήσσοντο.
3695 807 3814 889 Ἔτει
3920 811 3921 856 1

601 899 797 958 fuisset
828 902 1000 967 enim,
1032 911 1093 959 ut
1143 904 1223 960 illi
1265 923 1394 964 vere
1447 908 1622 981 impii,
1651 911 1952 967 secundum
1986 911 2180 968 huma-

595 1007 727 1047 num
755 994 1032 1065 cogitandi
1063 1012 1296 1064 morem,
1328 999 1632 1074 condignas
1660 1003 2034 1074 impietatibus
2060 1022 2146 1077 pm

2277 1009 2317 1077 ἠ
2368 1010 2764 1080 ὑπερηφανία.
2817 1011 2949 1065 Δέον
2981 1009 3091 1082 γάρ
3138 1011 3353 1076 ἀσεϐεῖς
3411 1011 3605 1077 ὄντας,
3647 1015 3750 1069 ὅσον
3773 1019 3816 1072 ὲν

595 1097 697 1138 nas
731 1084 980 1153 luerent;
1031 1087 1111 1142 illi
1154 1097 1305 1146 certe
1336 1090 1392 1145 in
1421 1091 1633 1150 deliciis
1662 1095 1789 1150 vita:
1817 1096 2144 1152 versabantu

2277 1099 2640 1172 ἀνθρωπίνοις
2671 1100 2970 1172 λογισμοῖς,
3000 1101 3294 1174 τάπίχειρα
3334 1103 3566 1173 πάσχειν
3595 1107 3696 1169 τοῖς
3719 1108 3816 1160 ἀσε-

595 1173 726 1228 dum
765 1173 878 1231 Deo
910 1176 1113 1234 bellum
1143 1189 1447 1239 moverent.
1487 1182 1670 1251 Quare
1710 1187 1840 1243 dum
1875 1195 2146 1244 attereren

2279 1191 2548 1264 ϐήμασιν·
2581 1193 2631 1246 οἱ
2659 1193 2715 1246 δὲ
2743 1173 3270 1266 κατενετρύφωντοῦ
3292 1195 3410 1266 βίου
3441 1195 3812 1267 Θεομαχοῦντες.

595 1271 687 1320 tur
717 1266 914 1337 seipsis
943 1269 1160 1338 pejores
1188 1273 1515 1338 evadebant.
1541 1285 1592 1330 et
1641 1278 1808 1346 operti
1831 1288 1954 1334 sunt
1977 1279 2146 1350 iniqui

2278 1287 2354 1337 Δι’
2389 1285 2418 1337 ὃ
2454 1285 2857 1356 ὲπιτριῦόμενοι
2903 1286 3120 1359 χείρους
3161 1288 3368 1341 ἑαυτῶν
3419 1266 3710 1358 ἐγίγνοντο,
3742 1294 3816 1347 καὶ

595 1365 702 1410 tate
735 1366 784 1411 et
813 1359 1084 1427 impietate
1105 1378 1240 1426 sua;
1273 1379 1373 1434 pro
1405 1381 1516 1437 quo
1535 1364 1900 1438 Symmachus
1929 1389 1942 1425 :
1979 1369 2146 1440 Super

2276 1375 2698 1445 περιεϐάλοντο
2771 1377 3011 1432 ἀδικίαν
3079 1379 3175 1432 καὶ
3247 1379 3536 1433 ἀσέϐειαν
3597 1381 3810 1436 ἑαυτῶνι

594 1445 705 1511 bia,
740 1447 940 1519 inquit,
978 1451 1154 1505 induti
1185 1463 1328 1517 sunt,
1359 1458 1516 1525 quasi
1544 1459 1735 1513 horrea
1780 1475 1846 1514 ea:
1891 1461 2142 1532 iniquitat

2276 1468 2392 1522 ἀνθ’
2421 1463 2481 1524 οὗ
2517 1470 2545 1521 6
2583 1469 2903 1540 Σύμμαχος·
2940 1471 3387 1540 Ὑπερηρανίαν,
3422 1474 3606 1542 φησὶν.
3636 1473 3814 1544 ἡμριώ-

593 1538 862 1596 habentes.
900 1541 980 1598 Ad
1015 1543 1130 1599 inec
1188 1554 1367 1603 autem
1403 1568 1415 1604 :
1452 1549 1700 1606 Prodibit
1727 1555 1883 1624 quasi
1924 1571 1990 1609 ex
2020 1555 2144 1625 adip

2275 1579 2487 1625 σαντο,
2535 1538 2848 1628 ἀποθήκας
2885 1562 2955 1627 ἐξ
3003 1538 3236 1630 ἀδικίας
3267 1538 3537 1633 ἔχοντες.
3582 1538 3815 1638 Ἐτῖψ

592 1631 850 1703 iniquitas
881 1650 1084 1690 eorum.
1123 1634 1297 1706 Cujus
1334 1639 1441 1696 loci
1479 1642 1768 1700 clariorem
1804 1649 1999 1702 extulit
2031 1666 2146 1705 sent

2274 1653 2410 1727 πρὸς
2430 1653 2660 1718 τούτοις
2709 1655 3126 1717 Ἐξελεύσεται
3167 1657 3247 1722 ὡς
3374 1658 3627 1724 στέατος
3656 1658 3688 1724 ἠ
3714 1631 3811 1712 ἀεὶ-

591 1726 817 1780 tentiam
839 1724 1203 1798 Symmachus
1231 1729 1317 1786 his
1339 1734 1522 1790 verbis
1549 1755 1562 1791 :
1591 1734 1942 1794 Prociderunt
1957 1757 2023 1795 ea:
2045 1744 2146 1813 pini

2275 1724 2375 1800 κία
2411 1745 2640 1799 αὐτῶνθ
2677 1740 2738 1800 οῦ
2766 1745 2829 1816 δὴ
2859 1747 3199 1820 σαφεστέραν
3231 1751 3258 1801 ὀ
3289 1748 3590 1820 Σύμμαχος
3612 1750 3812 1804 ἀπέδωκε

588 1817 812 1888 guedine
840 1822 981 1874 oculi
1012 1839 1193 1878 eorum
1233 1826 1525 1884 :similitcr
1550 1829 1748 1900 Aquila
1780 1837 2146 1907 lnterpretatu:

2272 1840 2371 1910 τὴν
2409 1839 2646 1893 διάνοιαν
2673 1838 2871 1892 εἰπών·
2904 1817 3283 1908 Προέπιπτον
3461 1817 3812 1910 λήινοταρότητος

589 1919 675 1967 est
708 1911 902 1969 dicens
941 1931 955 1968 :
987 1913 1250 1971 Exierunt
1282 1918 1348 1972 ab
1379 1919 1533 1990 adipe
1561 1923 1701 1978 oculi
1723 1941 1928 1982 eorum.
1957 1929 2146 1987 Praele:

2269 1935 2323 1987 oi
2351 1933 2643 2002 ὀφθαλμοὶ
2669 1930 2895 1986 αὐτῶν-ο
2927 1932 3022 1986 καὶ¹
3039 1934 3067 1985 ὁ
3098 1932 3326 1996 Ἀκύλας
3353 1933 3414 1987 δὲ
3441 1934 3640 2004 ὁμοίως
3663 1935 3811 2005 ἡρμήε

589 2007 706 2064 Ιιεεο
747 2009 960 2080 inquit:
1000 2010 1346 2068 Transierunt
1375 2015 1431 2070 in
1475 2018 1720 2087 aﬂ'ectum
1751 2021 1926 2076 cordis
1964 2040 1983 2078 :
2021 2005 2146 2097 cogi

2269 2041 2424 2078 νευσε
2450 2025 2656 2095 φήσαςο
2693 2021 2981 2092 Ἐξῆλθον
3001 2023 3118 2079 ἀπὸ
3147 2024 3401 2092 στέατος
3421 2027 3702 2096 ὀφθαλμοὶ
3728 2030 3809 2080 αὺ-

590 2109 830 2156 taverunt
853 2111 902 2157 et
925 2103 1091 2158 locuti
1122 2115 1246 2160 sunt
1277 2107 1332 2161 in
1360 2108 1683 2179 iniquitate:
1715 2129 1838 2184 qua
1875 2115 1959 2172 sic
1994 2116 2146 2174 inter-

2266 2117 2402 2173 τῶν.
2440 2114 2554 2172 Εἶτ’
2592 2118 2686 2172 ἐπὶ
2731 2117 2970 2182 τούτοιςο
3000 2117 3361 2186 Διήλθοσαν,
3399 2119 3588 2190 φησὶν,
3619 2122 3697 2185 εις
3716 2119 3811 2172 διό-

587 2202 837 2263 pretatur
868 2194 1233 2268 Symmachus
1263 2219 1275 2254 :
1309 2199 1686 2274 Prwtergressi
1708 2216 1832 2262 sunt
1856 2225 1975 2279 qua:
2003 2227 2146 2281 appa-

2265 2211 2438 2262 θεσιν
2466 2207 2731 2278 καρδίας,
2786 2207 3194 2278 διενοήθησαν
3254 2210 3352 2262 καὶ
3411 2209 3716 2278 ἐλάλησαν
3757 2211 3809 2264 ἐν

586 2288 795 2351 rebant,
838 2288 996 2342 corde
1047 2289 1348 2346 irridentes.
1379 2292 1516 2348 Nam
1560 2295 1680 2366 ipsa
1711 2312 1878 2369 opera
1911 2299 2005 2356 Dei
2043 2319 2146 2373 qua

2265 2301 2550 2368 πονηρίᾳο
2588 2299 2623 2354 ἃ
2648 2301 2741 2354 καὶ
2778 2300 2917 2354 αύτά
2965 2303 2994 2354 6
3029 2299 3324 2373 Σύμμαχος
3375 2303 3712 2373 ἡρμήνευσεν
3738 2299 3809 2354 οὖα

587 2380 833 2434 omnium
864 2382 1042 2438 oculis
1071 2385 1514 2456 conspiciuntur,
1547 2396 1600 2444 et
1651 2398 1840 2462 aperta
1871 2393 2146 2464 providen-

2264 2410 2341 2446 τω
2358 2409 2371 2423 ·
2411 2391 2778 2461 Παρέϐαινον
2813 2394 2886 2448 τὰ
2925 2395 3254 2464 φαινόμενα
3287 2393 3362 2463 τῇ
3431 2394 3639 2463 καρδίᾳ
3671 2410 3810 2448 κατα-

2258 2483 2626 2554 μωκώμενοι.
2679 2485 2790 2538 Καὶ
2834 2484 2944 2556 γὰρ
2975 2485 3115 2540 αὑτά
3157 2486 3226 2540 τὰ
3257 2489 3371 2551 τοῖς
3405 2489 3623 2541 πάντων
3646 2486 3808 2555 ὀφθαλ-

2267 2578 2385 2648 μοῖς
2423 2575 2677 2649 ὁρώμενα
2711 2575 2848 2649 ἔργα
2891 2577 2984 2631 τοῦ
3025 2577 3184 2643 θεοῦ,
3218 2580 3312 2633 καὶ
3352 2579 3426 2634 τὰ
3470 2579 3707 2652 προφανῆ
3733 2579 3807 2647 τῆς

2263 2670 2525 2741 Προνοίας
2574 2669 2828 2742 θαύματα
2875 2671 3204 2744 παρέϐαινον
3252 2664 3422 2738 οὗτοι,
3472 2672 3704 2734 νοοῦντες
3727 2672 3802 2740 μὲν

2264 2763 2359 2816 καὶ
2384 2763 2655 2826 συνιέντες
2675 2763 2832 2828 αὐτὰ,
2867 2763 3335 2836 καταμωκώμενοι
3357 2765 3419 2817 δὲ
3442 2765 3538 2817 καὶ
3563 2763 3804 2835 χλευάζον-

2261 2871 2352 2919 τες
2371 2854 2437 2907 δι’
2470 2853 2772 2926 ὑπερϐολὴν
2814 2856 3090 2920 ἀπονοίας.
3134 2857 3256 2910 Ἔτι
3285 2856 3394 2928 μὴν
3414 2855 3718 2924 ἐλάλησαν
3752 2855 3804 2906 ἐν

580 2939 743 2986 :erra.
790 2929 917 2990 Haec
947 2950 1115 3006 porro
1147 2935 1512 3008 Symmachus
1554 2941 1634 2996 sic
1681 2945 1975 3015 explicavit
2007 2967 2020 3004 :
2055 2947 2146 3004 Lo-

2261 2947 2538 3016 πονηρίᾳ,
2586 2947 2686 3001 καὶ
2739 2946 2980 3002 ἀδικίαν
3016 2952 3104 3015 εὶς
3151 2948 3216 3003 τὸ
3262 2949 3425 3018 ὕψος
3466 2949 3800 3019 ἐφθέγγοντο.

576 3026 872 3094 quebantur
902 3043 1022 3080 cum
1057 3027 1230 3082 multa
1255 3029 1550 3096 calumnia,
1586 3043 1774 3089 contra
1797 3035 2058 3092 excelsum
2082 3039 2146 3093 lor

2265 3041 2513 3096 Ἔθεντό
2542 3057 2604 3094 τε
2651 3042 2739 3106 είς
2771 3043 3032 3111 οὐρανὸν
3069 3041 3132 3094 τὸ
3177 3044 3374 3110 στόμα
3412 3041 3636 3105 αὐτῶν,
3664 3041 3746 3094 καὶ
3774 3043 3802 3107 ὴ

575 3117 890 3188 quebantur.
947 3119 1251 3177 Posuerunt
1282 3124 1337 3178 in
1377 3124 1565 3179 caelum
1600 3143 1658 3182 os
1705 3145 1860 3184 suum
1906 3144 1924 3184 :
1976 3131 2146 3204 lingua

2257 3134 2510 3203 γλῶσσα
2560 3133 2759 3188 αὐτῶν
2795 3134 3047 3204 διῆλθεν
3082 3135 3180 3190 ἐπὶ
3212 3134 3320 3204 τῆς
3359 3135 3497 3206 γῆς.
3537 3136 3643 3190 Καὶ
3668 3133 3802 3187 ταῦτα

575 3220 752 3266 autem
792 3229 975 3269 earum
1003 3214 1461 3273 obambulationes
1513 3219 1568 3274 in
1625 3230 1789 3276 terra.
1827 3222 2146 3294 Blasphema

2256 3227 2314 3280 δὲ
2364 3230 2392 3282 6
2443 3226 2740 3300 Σύμμαχος
2785 3227 2956 3292 οὕτως
3006 3229 3378 3300 ἡρμήνευσεν·
3443 3228 3718 3284 Ἐλάλουν
3747 3227 3800 3280 ἐν

573 3305 777 3376 quippe
825 3305 973 3362 dicta
1018 3308 1363 3379 proferentes
1389 3318 1585 3366 contra
1620 3311 1816 3382 Deum,
1846 3315 2006 3387 quasi
2041 3331 2146 3372 non

2255 3316 2459 3387 πολλῇ
2483 3319 2878 3386 συκοφαντίᾳ,
2893 3319 2996 3372 τοῦ
3013 3319 3210 3386 ὕψους
3225 3318 3805 3398 κατελάλουν.Ἐτασ-

574 3395 800 3461 videret,
829 3414 1006 3470 neque
1034 3410 1282 3470 curaret;
1307 3402 1419 3458 imo
1465 3405 1625 3475 quasi
1651 3408 1882 3463 omnino
1910 3423 2022 3465 non
2055 3424 2146 3466 ex-

2255 3427 2373 3463 σον
2387 3413 2474 3476 εις
2489 3410 2750 3480 οὐρανὸν
2764 3410 2828 3464 τὸ
2847 3412 3040 3480 στόμα
3055 3395 3282 3465 αὐτῶν·
3300 3412 3339 3478 ’ἡ
3364 3411 3440 3465 δὲ
3459 3411 3698 3484 γλῶσσα
3718 3411 3798 3462 αὑ-

2256 3501 2375 3556 τῶν
2399 3502 2850 3572 περιπατὴματα
2885 3503 2956 3556 ἐν
2983 3501 3058 3572 τῇ
3231 3503 3540 3576 Βλάσφημα
3569 3504 3670 3576 γὰρ
3699 3518 3799 3576 προ-

2255 3594 2545 3666 φερόμενοι
2575 3597 2795 3667 ρήματα
2859 3594 3001 3649 κατά
3027 3595 3120 3649 τοῦ
3147 3596 3305 3660 Θεοῦ,
3335 3597 3415 3661 ὡς
3443 3599 3579 3670 μήτε
3604 3595 3798 3668 ὁρῶντος

2257 3690 2393 3760 μήτε
2448 3685 2903 3751 ὲπισκοποῦντος,
2967 3689 3101 3759 μήτε
3152 3688 3258 3760 μὴν
3301 3690 3425 3743 ὅλον
3483 3690 3798 3761 ὑπάρχοντος.

2254 3781 2464 3835 ἀδικίαν
2487 3783 2566 3844 εἰς
2587 3779 2650 3833 τὸ
2680 3780 2813 3850 ὕψος
2839 3781 3127 3852 ἐλάλησαν,
3157 3783 3252 3835 καὶ
3285 3783 3456 3856 μέχρι
3486 3783 3579 3838 τοῦ
3609 3778 3796 3853 ούρανοῦ

2253 3871 2514 3938 ὲξέτεινον
2549 3873 2756 3927 ἑαυτῶν
2774 3873 2835 3927 τὸ
2866 3874 3060 3944 στόμα·
3091 3876 3186 3928 καὶ
3211 3875 3391 3930 ταῦτα
3418 3877 3659 3932 ταπεινοὶ
3677 3873 3798 3932 ὄντες

585 2470 675 2527 tiae
705 2471 972 2528 miracula
1005 2477 1601 2546 prmtergrediebantur
1638 2499 1653 2537 :
1691 2497 1818 2538 cum
1845 2491 2027 2541 tamen
2059 2487 2164 2558 ipsi

583 2578 649 2619 ea
683 2563 1055 2636 intelligerent
1083 2576 1140 2623 et
1172 2581 1470 2642 caperent;
1525 2574 1622 2630 sed
1646 2574 1717 2631 ob
1764 2577 2016 2633 stultitia:
2051 2580 2162 2635 vim

584 2655 889 2714 illudebant
918 2665 972 2713 et
995 2658 1323 2719 irridebant.
1355 2663 1584 2736 Insuper
1611 2667 1778 2722 locuti
1808 2679 1932 2723 sunt
1966 2671 2022 2725 in
2046 2688 2162 2726 ma-

581 2747 723 2812 litia,
748 2761 798 2803 et
827 2750 1159 2821 iniquitatem
1185 2757 1239 2810 in
1269 2756 1539 2816 excelsum.
1561 2758 1725 2814 locuti
1768 2769 1912 2817 sunt.
1949 2761 2159 2819 Posue-

581 2849 706 2893 runt
730 2838 782 2893 in
814 2839 1004 2895 calum
1037 2859 1095 2898 os
1120 2861 1295 2910 suum,
1325 2854 1376 2900 et
1399 2847 1581 2918 lingua
1609 2865 1792 2905 eorum
1829 2854 2074 2910 transivit
2106 2857 2161 2910 in

573 3485 811 3552 sisteret.
864 3489 1214 3561 iniquitatem
1249 3495 1306 3549 in
1358 3497 1638 3553 excelsum
1672 3498 1843 3555 locuti
1880 3508 2032 3567 sunt,
2087 3517 2152 3558 ac

570 3593 748 3650 usque
788 3582 858 3638 ad
899 3585 1100 3639 caelum
1133 3602 1196 3644 os
1230 3603 1391 3644 suum
1418 3591 1824 3659 extenderunt;
1877 3595 1982 3651 etsi
2013 3596 2150 3654 viles

569 3677 756 3726 essent
775 3679 829 3728 et
859 3673 1099 3746 linguam
1125 3692 1282 3732 suam
1309 3678 1364 3733 in
1385 3687 1534 3735 terra
1554 3680 1840 3738 haberent.
1867 3683 1992 3740 Haec
2014 3702 2148 3745 sane

570 3772 700 3817 sunt
732 3781 967 3835 quorum
999 3783 1168 3825 causa
1198 3785 1377 3826 meam
1406 3771 1581 3828 fateor
1631 3773 2042 3846 infirmitatem;
2082 3795 2146 3835 ac

568 3853 716 3908 velut
749 3855 804 3910 in
849 3857 1011 3928 cippo
1045 3860 1454 3916 accusationem
1505 3862 1751 3920 inscribo
1783 3880 1982 3931 meam,
2015 3870 2144 3939 quia

548 3960 693 4015 pene
723 3950 853 4003 moti
875 3960 996 4004 sunt
1025 3951 1178 4021 pedes
1205 3953 1324 4019 mei,
1357 3962 1407 4007 et
1443 3971 1571 4025 pene
1598 3957 1756 4027 eﬂ'usi
1781 3970 1904 4014 sunt
1931 3978 2145 4031 gressus

568 4038 688 4102 mei,
745 4041 869 4110 quia
920 4042 1088 4097 zelavi
1133 4059 1289 4112 super
1325 4045 1557 4117 iniquos,
1597 4063 1779 4116 pacem
1809 4063 2144 4120 peccatorum

2249 4059 2285 4113 ἃ
2316 4059 2627 4130 ὡμολόγουν
2663 4058 2723 4112 τὸ
2765 4060 3004 4130 ἐμαυτοῦ
3039 4038 3387 4124 πάθοςίκαΐ
3427 4058 3660 4133 ἐμαυτοῦ
3701 4071 3795 4122 m-

564 4131 765 4187 υίάεηκο
2249 4152 2472 4206 λιτεύων
2505 4151 2778 4224 ἔγγραφον
2813 4153 3165 4224 κατηγορίαν,
3195 4154 3290 4207 καὶ
3310 4155 3391 4207 ὅτι
3425 4131 3586 4224 σιαρά
3615 4146 3794 4222 μικρὸνΡ

561 4222 986 4294 ἐσαλεύθησαν
1010 4230 1065 4282 οἱ
1132 4229 1313 4297 πόδες
1329 4249 1469 4301 μου.
1527 4232 1626 4287 καὶ
1687 4251 1805 4303 παρ
1857 4237 2067 4309 ὀλίγον
2119 4241 2375 4312 ἐξεχύθη
2420 4245 2491 4298 τὰ
2550 4222 2880 4312 διαδήματά
2917 4222 3058 4313 μού,
3100 4243 3187 4296 ὅτι
3232 4222 3518 4310 ἐζήλωσαν
3550 4244 3641 4298 ἐπὶ
3694 4236 3793 4304 τοῖς

564 4315 829 4388 ἀνόμοις,
854 4320 1105 4390 εἰρήνην
1133 4323 1495 4392 ἁμαρτωλῶν
1522 4325 1775 4394 θεωρῶν.

2251 3967 2344 4019 καὶ
2364 3967 2459 4037 τὴν
2489 3965 2736 4035 γλῶσσαν
2769 3966 2863 4019 ἐπὶ
2898 3967 2998 4037 τῆς
3039 3969 3143 4038 γῆς
3190 3968 3426 4040 ἔχοντες.
3465 3968 3625 4024 Ταῦτ’
3663 3962 3719 4037 ἦν
3744 3963 3793 4015 δι’

635 4432 925 4489 Vens.10.
991 4433 1120 4489 Ideo
1170 4439 1506 4493 'canvertetur
1565 4440 1792 4509 populus
1851 4459 1996 4498 meus
2027 4407 2146 4511 Itic,‘

2322 4443 2423 4495 Διά
2451 4438 2627 4494 τοῦτο
2659 4439 3007 4509 ἐπιστρέψει
3047 4442 3080 4494 ὁ
3107 4442 3258 4507 λαός
3282 4459 3402 4510 μου
3430 4443 3694 4506 ἐνταῦθα,
3713 4441 3788 4496 καὶ

559 4534 610 4580 et
643 4524 755 4579 (ﬁes
784 4523 923 4593 pleni
945 4523 1273 4580 invenientur
1300 4528 1356 4582 in
1380 4529 1476 4584 eis.
1503 4528 1682 4585 Athea
1711 4532 1804 4586 illa
1841 4533 2135 4604 impiorum

2247 4534 2457 4605 ἡμέραι
2489 4531 2744 4602 πλήρεις
2773 4533 3204 4601 εὑρεθήσονται
3247 4535 3318 4587 ἐν
3353 4537 3582 4604 αὐτοῖς.
3612 4537 3684 4591 Τὰ
3715 4537 3790 4608 μὲν

560 4617 708 4674 dicta
737 4623 791 4672 et
820 4631 1008 4672 eorum
1067 4620 1349 4690 superbia,
1405 4637 1528 4692 qua:
1563 4638 1745 4679 rerum
1800 4627 2136 4696 potiebatur,

2247 4627 2378 4682 ἄθεα
2403 4626 2510 4680 τῶν
2568 4624 2779 4679 ἀσεϐῶν
2834 4626 3052 4697 ῥήματα
3098 4626 3191 4680 καὶ
3221 4626 3253 4697 ἡ
3289 4629 3608 4699 κρατήσασα
3643 4627 3789 4682 αὐτῶν

560 4709 687 4764 talis
726 4715 846 4764 erat
879 4709 1060 4780 qualis
1090 4718 1526 4769 commonstrata
1573 4721 1680 4771 est.
1725 4713 1838 4771 Nec
1884 4717 2141 4788 ignoran-

2247 4719 2591 4792 ὑπερηφανία
2617 4718 2838 4790 τοιαύτη
2875 4737 2958 4782 τις
2975 4714 3043 4789 ἦν
3065 4719 3151 4771 οῖα
3176 4718 3494 4790 δεδήλωται.
3519 4722 3632 4793 Χρὴ
3661 4721 3709 4773 δὲ
3728 4718 3784 4788 μὴ

557 4802 687 4859 dum
707 4802 822 4858 haec
839 4803 956 4874 ipsa
974 4804 1174 4874 populo
1192 4821 1314 4861 meo
1341 4806 1396 4861 in
1423 4807 1626 4862 bonum
1650 4809 1907 4866 vertisse.
1931 4809 2138 4866 Etiam-

2247 4813 2474 4881 ἀγνοεῖν,
2525 4812 2601 4876 ὼς
2633 4810 2775 4866 αύτά
2818 4811 2991 4864 ταῦτα
3028 4812 3164 4884 πρὸς
3186 4812 3393 4881 ἀγαθοῦ
3424 4812 3697 4883 γεγένὴται
3727 4805 3786 4878 τῷ

558 4897 606 4952 si
664 4897 810 4952 enim
863 4897 931 4952 ad
980 4896 1254 4968 quoddam
1295 4906 1511 4970 tempus
1553 4903 1788 4971 populus
1823 4919 1978 4960 mens
2035 4905 2137 4958 ἰηι-

2247 4904 2358 4976 ὲμῷ
2385 4903 2520 4976 λαῷ.
2552 4905 2616 4958 Et
2648 4903 2758 4975 γὰρ
2787 4903 2882 4957 καὶ
2921 4902 2992 4956 τὰ
3035 4903 3269 4974 μάλιστα
3301 4905 3437 4976 πρός
3460 4922 3580 4958 τινα
3628 4901 3782 4971 καιρὸν

557 4988 664 5059 piis
689 4987 798 5044 illis
821 4987 888 5043 ad
917 4997 1268 5059 peccatorum
1315 4989 1685 5059 expiationem
1723 4993 1960 5050 traditus
1997 4996 2069 5050 sit
2116 5014 2130 5050 :

2247 4996 2421 5060 αὐτοῖς
2454 4995 2684 5059 ἐκείνοις
2727 4996 2839 5058 τοῖς
2871 4993 3121 5046 ἀσεϐέσιν
3151 4995 3180 5047 6
3217 4993 3351 5065 ἐμὸς
3393 4993 3520 5058 λαὸς
3551 4991 3780 5065 παρεδόθη

2279 912 2373 971 οὖν
2403 917 2460 970 ὲν
2491 917 2750 982 τοιούτοις
2785 913 2945 991 ἦσαν,
2971 918 3070 973 διὰ
3092 920 3269 974 τοῦτο
3287 919 3619 988 ἐκράτησεν
3638 925 3814 992 αὐτοὺς
3920 923 3921 928 “

558 5079 657 5134 sed
697 5077 948 5134 stultitiae
980 5093 1172 5133 eorum
1227 5081 1641 5152 exsuperantia,
1696 5098 1818 5153 qua:
1867 5085 2040 5141 ruinae
2068 5102 2133 5142 ac

559 5169 822 5242 perniciei
857 5169 993 5239 ipsis
1024 5185 1188 5225 causa
1217 5168 1341 5235 fuit,
1375 5172 1692 5243 quiescendi
1725 5190 1789 5229 ac
1821 5177 2131 5247 respirandi

559 5262 738 5318 locum
765 5261 968 5332 populo
990 5277 1110 5317 meo
1140 5262 1313 5318 dabit.
1347 5262 1481 5318 Nam
1519 5280 1642 5320 cum
1674 5265 1750 5320 illi
1783 5266 1854 5323 ob
1878 5269 2130 5339 impieta-

557 5361 640 5409 tes
693 5367 824 5410 suas
878 5351 1116 5423 prolapsi
1171 5353 1466 5424 perierint,
1503 5367 1831 5414 convertetur
1903 5361 2128 5429 populus

555 5461 701 5500 meus
735 5444 861 5509 hic;
901 5443 956 5499 id
983 5452 1090 5510 est,
1141 5445 1197 5501 in
1231 5447 1487 5517 praesenti
1522 5447 1631 5504 vita
1677 5469 1690 5506 :
1742 5462 1790 5506 et
1832 5452 1942 5508 dies
1988 5453 2130 5523 pleni

553 5537 881 5592 invenientur
913 5538 969 5592 in
1003 5537 1114 5603 eis;
1152 5538 1207 5594 id
1237 5547 1344 5604 est,
1379 5541 1433 5595 in
1466 5541 1534 5598 iis
1564 5557 1595 5597 e
1627 5545 1832 5614 populo
1865 5561 1988 5601 meo
2033 5546 2125 5616 qui

550 5630 702 5700 digni
735 5629 960 5686 fuerint.
1009 5630 1136 5686 Dies
1165 5632 1312 5702 pleni
1355 5641 1539 5688 autem
1567 5643 1698 5688 sunt
1731 5635 1792 5699 ii,
1827 5638 1919 5706 qui
1946 5641 2126 5693 omnis

546 5721 674 5777 boni
708 5724 899 5794 repleti
927 5733 1079 5789 sunt,
1107 5731 1162 5778 et
1191 5725 1285 5796 qui
1316 5725 1526 5796 justum
1555 5727 1680 5782 vitae
1703 5730 1942 5800 spatium
1967 5744 2124 5786 com-

548 5815 716 5885 plent.
749 5814 838 5872 Sic
868 5817 1069 5874 alicubi
1097 5817 1299 5875 dicitur
1330 5840 1342 5876 :
1407 5819 1652 5876 Mortuus
1686 5829 1763 5876 est
1795 5821 1980 5891 plenus
2013 5821 2123 5878 die—
2159 5895 2186 5903 γ’

2237 5089 2317 5150 εἰς
2369 5087 2636 5160 ἔκπραξιν
2693 5087 3129 5160 ἁμαρτημάτων,
3167 5085 3282 5140 ἀλλ’
3329 5088 3363 5157 ὴ
3416 5084 3675 5158 ὑπερϐολὴ
3703 5083 3778 5150 τῆς

2234 5177 2342 5232 τῶν
2373 5178 2779 5252 προλεχθέντων
2807 5175 3084 5241 ἀπονοίας,
3124 5177 3331 5230 πτῶσιν
3362 5178 3542 5240 αὐτοῖς
3578 5178 3778 5246 ἐργασα·

2237 5269 2368 5340 μένη
2405 5269 2498 5322 καὶ
2535 5267 2756 5340 ὀλέθρου
2787 5268 3057 5339 γενομένη
3100 5268 3285 5332 αὐτοῖς
3305 5269 3471 5330 αἰτία,
3502 5269 3670 5323 ἄνεσιν
3703 5262 3776 5316 καὶ

2231 5364 2506 5433 ἀναπνοὴν
2559 5361 2637 5433 τῷ
2686 5362 2804 5434 ὲμῷ
2852 5363 3077 5435 παρέξει
3121 5362 3254 5434 λαῷ.
3307 5364 3661 5418 Ἐκπεσόντων
3688 5357 3775 5426 γὰρ

2229 5455 2450 5509 ἐκείνων
2488 5454 2581 5508 καὶ
2621 5454 2970 5526 ἀπολομένων
3002 5455 3090 5509 διὰ
3135 5455 3235 5520 τὰς
3273 5457 3479 5520 οἰκείας
3514 5452 3766 5514 ἀσεϐείας,

2228 5551 2262 5601 ό
2291 5547 2440 5614 λαός
2467 5565 2583 5616 μου
2631 5548 2986 5618 ἐπιστρέψει
3019 5549 3308 5614 ἐνταῦθα,
3350 5552 3616 5604 τουτέστιν
3639 5538 3768 5609 ἐντῷ

2225 5639 2455 5712 παρόντι
2483 5639 2614 5712 βίον
2651 5640 2750 5697 καὶ
2775 5640 2984 5710 ἡμέραι
3017 5641 3271 5710 πλήρεις
3285 5641 3689 5710 εὑρεθήσονται
3711 5633 3768 5686 ἐν

2225 5732 2449 5799 αὐτοῖς,
2473 5732 2670 5806 δηλαδὴ
2705 5735 2819 5797 τοῖς
2864 5735 2923 5786 ὲν
2963 5734 3042 5804 τῷ
3071 5733 3189 5805 ἐμῷ
3218 5733 3330 5806 λαῷ
3359 5733 3540 5799 ἀξίοις.
3568 5730 3764 5799 Πλήρεις

2225 5826 2279 5880 δὲ
2310 5827 2516 5898 ἡμέραι
2540 5828 2676 5880 εἰσὶν
2699 5828 2751 5880 αἱ
2783 5827 2986 5892 παντὸς
3002 5827 3209 5896 ἀγαθοῦ
3247 5814 3759 5899 πεπληρωμένειι,κίεΣ
