3982 6440
204 349 292 411 ιιι

1318 343 1826 409 ΕΟΜΜΕΝΤᾹΠΙΑ
1857 345 1924 406 lN
1962 345 2300 409 PSALMOS.

3330 347 3435 408 83¢

201 476 283 529 τὸν
322 474 512 528 οἰκεῖον
548 470 734 542 χρόνον
778 469 878 542 τῆς
918 467 1064 542 ζωῆς
1105 471 1540 543 αποπληροῦσαι.
1605 471 1747 528 Οῦτιι

1864 491 1981 528 rum
2006 472 2044 528 ¹.
2079 473 2229 530 Meus
2253 488 2384 543 ergo
2407 471 2640 544 populus
2673 470 2744 525 ab
2775 471 2842 526 iis
2873 469 3163 524 utilitatem
3197 469 3430 538 accepit.

197 567 423 622 λέλεκταί
465 583 591 628 που,
638 565 714 618 ὅτι
767 562 1077 633 ’Βκοιμήθη
1112 563 1350 631 πλήρης
1389 562 1644 632 ήμεμῦν.
1699 564 1757 616 '0

201 659 288 730 μὲν
327 653 416 711 οὖν
464 656 598 726 ἐμὸς
641 655 765 718 λαὸς
800 655 865 709 ἐκ
895 653 1106 709 τούτων
1144 653 1448 726 ὠφέληταιο
1478 656 1534 709 οἴ
1557 673 1620 724 γε
1649 656 1768 727 μὴν·

199 748 562 820 πμλεχθέντες
593 745 810 810 ἀσεϐεῖς
860 744 955 798 καὶ
993 743 1141 798 ἄθεοι
1169 743 1342 809 οὕτως
1378 743 1630 816 ἠσέϐουν,
1679 748 1756 812 ὼς

197 840 308 902 τοὺς
327 838 562 910 ὁρῶντας
613 837 915 908 ἀμηχανεῖν
955 836 1051 890 καὶ
1099 834 1276 906 λέγειν
1293 854 1306 866 ·
1342 837 1476 904 Πῶς
1525 839 1679 908 ἔγνω
1721 843 1756 894 ὀ

198 929 343 994 Θεὸς,
390 927 486 982 καὶ
517 926 573 981 εὶ
605 927 738 982 ἐστι
774 926 998 997 γνῶσις
1033 926 1104 981 ἐν
1125 925 1206 993 τῷ
1242 927 1528 997 Tyriote»;
1564 931 1612 982 sl
1645 931 1755 1002 γάρ

196 1025 326 1075 ἐστιν
352 1023 408 1075 ἐν
451 1021 530 1092 τῷ
587 1017 832 1092 ’Υψίστῳ
868 1019 1090 1090 γνῶσις,
1138 1019 1235 1076 καὶ
1271 1023 1320 1074 εἰ
1346 1021 1516 1076 ταῦτα
1560 1025 1750 1095 ἐφορᾷ,

198 1114 279 1167 καὶ
332 1113 453 1176 τοὺς
502 1113 598 1166 ἐπὶ
651 1112 756 1183 γῆς
803 1112 1112 1178 ἐπισκοπεῖ,
1159 1111 1280 1176 πῶς
1334 1105 1480 1167 οὗτοι
1528 1114 1754 1168 τοιαῦτα

194 1197 402 1271 δρῶντες
456 1198 799 1269 εύθηνοῦσιν,
849 1198 944 1253 καὶ
997 1201 1078 1264 είς
1121 1199 1215 1254 τὸν
1258 1201 1432 1256 αἰῶνα
1491 1203 1753 1274 κατέσχον

196 1289 431 1355 πλούτους
459 1290 633 1360 Κάγὼ
668 1291 748 1354 δέ,
769 1291 941 1345 ταῦτα
969 1291 1211 1363 θεωρῶν.
1235 1291 1611 1365 ἐθορυϐούμην
1640 1297 1754 1358 τοῖς

196 1381 466 1453 λογισμοῖς,
515 1381 592 1445 ὡς
629 1382 766 1454 πρὸς
809 1379 1046 1453 ἐμαυτὸν
1085 1383 1286 1436 ἐννοεῖν
1307 1400 1320 1415 ·
1356 1382 1602 1450 Μήποτε
1636 1385 1752 1454 ἄρα

193 1475 428 1544 ματαίως
451 1474 777 1530 ἐδικαίωσα
810 1475 929 1544 τὴν
975 1475 1228 1544 καρδίαν
1246 1493 1386 1544 μου,
1415 1477 1513 1530 καὶ
1544 1476 1752 1545 ἐνιψά-

193 1584 298 1636 μην
320 1567 387 1619 ἐν
416 1567 628 1633 ἀθώοις
648 1566 755 1634 τὰς
775 1567 977 1636 χεῖράς
995 1585 1116 1638 μου
1139 1607 1154 1630 ,
1191 1568 1289 1622 καὶ
1321 1569 1615 1638 ἐγενόμην
1648 1585 1752 1637 με·

195 1659 616 1729 μαστιγωμένος
654 1657 810 1727 ὅλην
860 1657 979 1728 τὴν
1009 1659 1260 1729 ἡμέραν,
1304 1660 1402 1714 καὶ
1443 1662 1476 1714 ὀ
1500 1660 1750 1730 ἔλεγχός

192 1768 291 1819 μου
325 1746 408 1818 είς
469 1751 578 1817 τὰς
622 1752 888 1819 aptatur;
915 1751 980 1805 Et
1019 1750 1131 1824 γὰρ
1163 1755 1276 1816 τοῖς
1329 1751 1404 1824 μὴ
1443 1751 1618 1805 ταῦτα
1650 1765 1749 1804 πε-

1866 565 1946 619 llli
1990 582 2118 620 vero
2153 565 2398 636 praedicti
2443 565 2593 634 impii
2627 573 2680 619 et
2705 565 2850 619 athei
2883 577 2950 617 co
2981 577 3156 631 usque
3184 559 3436 630 impieta-

1863 658 1934 712 tis
1966 662 2357 727 proruperunt,
2408 663 2466 709 ut
2508 656 2601 726 qui
2652 654 2910 710 videbant
2943 661 3168 721 stupore
3195 649 3436 722 perculsi

1862 747 2109 802 dicerent
2150 767 2162 802 :
2209 746 2487 814 Quomodo
2518 747 2616 801 scit
2651 745 2810 808 Deus.
2857 755 2909 800 et
2940 746 2988 799 si
3015 753 3093 798 est
3125 740 3352 798 scientia
3380 743 3436 795 in

1862 838 2182 894 Altissimo?
2234 836 2370 892 Nam
2413 839 2459 894 si
2503 839 2559 892 in
2589 837 2876 893 Altissimo
2905 837 3132 892 scientia
3178 837 3433 897 exsistat,

1862 931 2018 1000 isque
2061 932 2193 986 talia
2225 931 2428 996 videat,
2480 930 2897 1000 terrigenasque
2941 935 3117 992 curet,
3151 941 3322 998 quare
3353 927 3433 980 illi

1860 1024 1991 1078 talia
2031 1023 2258 1079 edentes
2292 1023 2534 1078 facinora
2557 1039 2820 1094 prospere
2845 1031 3034 1093 agunt,
3060 1030 3115 1077 et
3153 1021 3206 1075 in
3254 1035 3431 1075 saacu-

1861 1115 1970 1167 lum
2007 1125 2182 1182 usque
2216 1112 2437 1167 divitias
2463 1111 2751 1168 obtinent?
2773 1111 2898 1167 llaec
2920 1126 3050 1166 vero
3082 1109 3433 1180 conspicatus

1858 1219 1982 1276 ego,
2005 1204 2432 1276 cogitationibus
2461 1205 2748 1270 turbabar,
2785 1203 2857 1256 ita
2892 1209 2968 1256 'ut
3003 1215 3169 1272 penes
3224 1214 3310 1254 me
3338 1213 3433 1254 cu-

1857 1299 2110 1367 gitarem,
2145 1295 2418 1367 Numquid
2452 1297 2567 1351 sine
2592 1313 2753 1350 causa
2776 1295 3071 1366 justiﬁcavi
3118 1311 3209 1348 cor
3237 1308 3429 1355 meum,

1857 1396 1907 1440 et
1931 1388 2034 1440 lavi
2065 1387 2200 1441 inter
2229 1389 2527 1442 innocentes
2561 1403 2758 1446 titanas
2803 1403 2979 1450 meas,
3029 1395 3077 1438 et
3129 1386 3209 1454 [ui
3255 1385 3434 1454 ﬂagela

1861 1479 2004 1533 latus
2046 1490 2158 1534 tota
2189 1480 2298 1544 die,
2338 1491 2388 1535 et
2417 1482 2701 1551 castigatio
2748 1498 2864 1535 mea
2893 1481 2950 1533 in
2995 1481 3320 1534 matutinis?
3375 1479 3434 1534 Si

1857 1572 2003 1626 enim
2040 1573 2108 1629 iis
2141 1574 2235 1643 qui
2265 1574 2379 1629 haec
2403 1575 2628 1629 minime
2649 1583 2918 1644 peragunt
2951 1581 3104 1628 tanta
3135 1573 3269 1627 insit
3302 1589 3432 1642 pro-

1857 1664 2118 1734 speritas,
2176 1666 2230 1719 in
2272 1677 2471 1719 vanum
2501 1681 2628 1736 ergo
2653 1665 2862 1726 laboro,
2897 1662 3172 1734 superflue
3202 1663 3436 1732 justitiae

1860 1756 2078 1821 studeo,
2123 1756 2328 1814 frustra
2379 1763 2434 1812 et
2459 1757 2742 1812 incassum
2784 1770 2981 1810 manus
3008 1762 3064 1809 et
3089 1761 3247 1810 actus
3280 1769 3433 1808 meos

197 1841 418 1914 ποιηκόσι
473 1841 1025 1916 τοσαύτηλπάρεστιν
1069 1843 1342 1915 εὐθυμία,
1395 1845 1477 1908 είς
1525 1844 1747 1916 μάταιον

1856 1848 2352 1920 iniquis-operibus
2381 1863 2552 1920 puros
2588 1848 2840 1912 servavi;
2879 1847 3082 1902 frustra
3117 1846 3346 1916 ieiuniis
3377 1854 3431 1901 et

196 1932 285 2003 ἄρα
311 1931 415 2001 ἐγὼ
443 1932 645 1999 κοπιῶ,
661 1933 756 1987 καὶ
773 1934 1046 2006 περιττῶς
1060 1934 1378 1988 ἐσπούδακα
1401 1934 1752 2006 δικαιοσύνης

201 2022 578 2097 ἐπιμελόμενοςο
599 2028 732 2098 εἰκῆ
756 2027 814 2080 δέ
829 2028 923 2082 καὶ
938 2027 1113 2099 μάτην
1127 2027 1370 2097 ἐφύλαξά
1392 2041 1492 2100 μου
1508 2029 1607 2092 τὰς
1633 2031 1750 2101 χεῖ-

199 2133 281 2185 ρας
291 2115 474 2180 καὶτὰς
486 2115 718 2189 πράξεις
729 2116 788 2181 ἐξ
805 2115 1006 2171 ἀδίκων
1021 2116 1217 2190 ἔργων·
1235 2117 1360 2188 είκῆ
1373 2119 1464 2172 καὶ
1477 2119 1748 2190 νηστείαις

196 2207 275 2260 καὶ
298 2209 682 2273 κακοπαθείαις
705 2207 1060 2280 κατατρύχων
1092 2209 1328 2282 ἐμαυτὸν
1353 2210 1446 2263 καὶ
1472 2211 1747 2282 μαστίζων

195 2299 348 2352 πᾶσαν
390 2297 603 2371 ἡμέραν
659 2299 965 2354 διετέλεσαο
1015 2301 1138 2372 είκῆ
1170 2302 1265 2354 καὶ
1296 2301 1472 2372 μάτην
1495 2302 1742 2367 ἐπόνουν,

196 2388 293 2460 ἅμα
320 2394 378 2463 τῇ
407 2392 855 2465 ἐῳάνιστάμενος
880 2393 974 2446 καὶ
998 2393 1339 2465 ἐξαγορεύων
1367 2395 1428 2448 ἐν
1455 2397 1574 2459 ταῖς
1609 2397 1746 2467 πρὸς

196 2481 270 2533 τὸν
292 2481 416 2537 Θεὸν
439 2486 626 2556 εὐχαῖς
648 2486 748 2549 τὰς
773 2485 1010 2558 ἐμαυτοῦ
1035 2485 1313 2558 ἁμαρτίας
1341 2485 1747 2558 ἀποκλαόμενός

196 2589 245 2626 τε
284 2576 369 2628 καὶ
407 2578 530 2641 τοὺς
589 2581 715 2632 κατ’
766 2579 1008 2651 ἐμαυτοῦ
1063 2579 1360 2652 προφέρων
1404 2579 1661 2651 ἐλέγχους
1687 2581 1744 2633 ἐν

197 2668 292 2730 ταῖς
321 2670 448 2740 πρὸς
470 2667 561 2724 τὸν
589 2671 727 2725 Θεὸν
756 2671 1201 2745 ἐξομολογήσεσι.
1233 2671 1400 2726 Ταῦτ’
1420 2667 1490 2744 ἦν
1519 2671 1558 2726 ἃ
1589 2670 1744 2726 ἐνθυ-

203 2758 451 2830 μούμενος,
473 2764 627 2834 παρὰ
666 2765 862 2838 μικρὸν
882 2763 1256 2845 λέσαλευόμην.
1295 2764 1442 2818 Ἀντὶ
1461 2765 1519 2819 δὲ
1536 2763 1744 2818 τούτων

1858 1943 2119 1997 aerumnis
2148 1955 2236 1995 me
2264 1939 2511 2011 quotidie
2537 1937 2805 2010 flagellavi
2827 1946 2882 1994 et
2912 1938 3216 2004 maceravi;
3250 1937 3433 1992 incas-

1859 2048 1980 2090 sum
2008 2032 2276 2098 laboravi,
2301 2047 2428 2087 cum
2450 2047 2650 2087 aurora
2678 2046 2910 2102 surgens
2926 2041 2980 2086 et
3007 2030 3061 2084 in
3089 2029 3432 2085 orationibus

1857 2124 1994 2181 meis
2025 2131 2249 2193 peccata
2290 2123 2708 2178 mea-conﬁtens
2737 2135 2801 2175 ac
2839 2121 3152 2190 deplorans,
3179 2127 3344 2189 atque
3373 2119 3429 2173 in

1856 2215 2302 2272 confessionibus
2323 2214 2434 2272 Deo
2464 2215 2683 2270 emissis
2731 2213 3113 2268 accusationes
3137 2211 3430 2266 adversum

1851 2322 1938 2363 me
1966 2305 2268 2377 proferens.
2298 2305 2424 2361 Haec
2452 2315 2609 2362 erant
2637 2322 2758 2379 quae
2791 2305 2920 2359 dum
2951 2304 3250 2376 cogitarem
3293 2318 3432 2373 pene

1849 2400 2058 2455 effusus
2088 2415 2232 2456 sum.
2271 2397 2378 2453 Pro
2413 2398 2522 2454 illis
2551 2413 2682 2454 vero
2714 2396 3079 2468 Symmachus
3124 2396 3205 2450 sic
3255 2394 3428 2449 inter-

1852 2499 2098 2563 pretatus
2132 2499 2252 2547 est:
2289 2489 2566 2546 Fortassis
2599 2491 2767 2560 igitur
2783 2499 2832 2543 et
2860 2505 2952 2559 ego
2976 2488 3182 2558 frustra
3205 2485 3427 2556 purgari

1849 2585 2086 2637 animum
2120 2599 2310 2649 meam,
2333 2594 2384 2637 et
2415 2583 2522 2638 lavi
2550 2583 2604 2635 in
2634 2583 2934 2636 innocentia
2966 2597 3155 2634 manus
3175 2596 3342 2644 meas,
3377 2589 3429 2633 et

1848 2675 2171 2745 perseveravi
2199 2674 2417 2730 delusus
2453 2673 2678 2746 singulis
2719 2673 2928 2739 diebus,
2975 2683 3026 2728 et
3079 2672 3423 2743 reprehensus

1850 2767 2074 2838 singulis
2107 2767 2406 2822 matutinis.

199 2852 222 2904 ό
259 2856 528 2929 Σύμμαχος
562 2860 757 2914 τοῦτον
784 2858 1217 2933 ἡρμήνευσε-τὸν
1251 2861 1454 2932 τρόπον
1479 2876 1494 2892 ⁸
1569 2860 1740 2926 Ἴσως
1779 2854 1894 2917 οὖν
1917 2861 2080 2931 κάγὼ
2095 2864 2294 2931 μάτην
2315 2861 2576 2930 ὲκάθαρα
2595 2856 2710 2929 τὴν
2722 2861 2934 2931 ψυχήν
2947 2878 3089 2930 μου,
3153 2859 3253 2912 καὶ
3305 2858 3424 2911 ἐνί-ι

202 2953 476 3019 πόμηνὲν
500 2952 925 3024 ἀναμαρτησίᾳ
995 2955 1104 3022 τὰς
1136 2969 1138 2972 '
1168 2954 1374 3026 χεῖράς
1395 2973 1537 3024 μου,
1601 2955 1700 3010 καὶ
1732 2953 2046 3012 διετέλεσα
2084 2957 2591 3028 μυκτηριζόμενος
2647 2957 2774 3011 καθ’
2829 2955 3100 3023 ἑκάστην
3141 2954 3372 3024 ἡμέραν
3395 2991 3412 3016 ,

203 3045 278 3096 καί
309 3048 696 3120 ἐλεγχόμενος
722 3051 850 3107 καθ’
881 3051 1144 3107 ἕκαστον
1168 3051 1404 3120 ὄρθρον.

260 3157 316 3212 Ei
355 3162 579 3232 ἔλεγον.
624 3165 996 3234 Διηγήσομιιι
1046 3165 1254 3231 οὕτως,
1290 3164 1418 3219 ἰδοὺ
1457 3159 1534 3235 τῇ
1571 3165 1747 3238 γενεᾷ

1923 3162 2092 3221 Vens.
2125 3162 2310 3218 lii-l7.
2343 3160 2402 3217 Si
2427 3161 2688 3223 dicebant,
2722 3157 2975 3214 Narrabo
3001 3160 3097 3222 sic,
3130 3174 3246 3212 erce
3269 3174 3424 3229 gene-

203 3247 300 3302 τὼν
329 3253 462 3307 υἱῶν
506 3271 628 3310 σου
677 3255 1096 3324 ἠσυντόθεικα.
1129 3256 1242 3311 Καὶ
1292 3258 1602 3314 ὑπέλαϐον
1639 3259 1748 3313 τοῦ

205 3341 387 3408 γνῶναι
420 3346 615 3411 τοῦτο,
668 3350 855 3415 κόπος
877 3349 1049 3404 ἐστίν
1080 3349 1340 3405 ἐνώπιόν
1371 3367 1517 3420 μου’
1544 3351 1655 3418 ἕως
1673 3347 1746 3407 οὗ

203 3434 414 3490 εἰσέλθω
457 3441 543 3506 εἰς
579 3439 652 3494 τὸ
680 3439 1075 3510 ἀγιαστήριον
1109 3441 1217 3495 τοῦ
1247 3442 1416 3506 Θεοῦ,
1452 3443 1549 3496 καὶ
1579 3442 1748 3498 συνῶ

205 3530 274 3596 εἰς
292 3532 354 3586 τὰ
373 3535 595 3604 ἔσχατα
624 3534 842 3590 αὐτῶν.
867 3537 949 3589 Τὰ
978 3535 1342 3608 προλεχθέωτα
1369 3538 1426 3590 ἐν
1441 3540 1554 3600 τοῖς
1579 3539 1748 3608 ἐμαυ-

205 3619 280 3675 τοῦ
319 3624 578 3697 λογισμοῖς
629 3627 970 3699 ἐνεθυμήθην
1009 3627 1140 3681 αὐτὸ
1183 3628 1363 3699 μόνον,
1415 3629 1499 3698 ἐφ’
1523 3623 1606 3692 οἷς
1650 3630 1744 3683 καὶ

206 3711 495 3774 ἐκινδύνευον
519 3721 682 3776 σάλον
711 3719 923 3784 παθεῖν,
959 3721 1020 3774 ού
1059 3720 1165 3792 μὴν
1195 3723 1286 3775 καὶ
1309 3721 1633 3794 ἐξηγόρευον
1666 3724 1745 3786 si;

207 3801 406 3875 ἑ’δτέίδουςο
443 3811 503 3865 Εἰ
523 3811 636 3884 γὰρ
659 3810 850 3883 κρίνας
882 3809 1024 3866 οὕτω
1055 3815 1273 3884 φρονεῖν
1304 3812 1402 3884 τὴν
1433 3812 1591 3867 ἄθεον
1611 3812 1742 3865 ταύ-

205 3913 284 3969 την
326 3901 657 3960 διδασκαλίαν
694 3906 996 3978 προέφερον
1023 3908 1103 3969 είς
1130 3907 1350 3979 ἐτέρους
1369 3924 1382 3937 ο
1421 3905 1744 3978 παραϐάτης

211 3989 262 4044 ἂν
286 3994 522 4069 ἐγενόμην
543 3999 654 4052 τῶν
681 3997 924 4052 εύσεόὦν
954 3995 1259 4070 δογμάτων,
1295 3999 1387 4052 καὶ
1419 3999 1517 4062 τὰς
1543 3997 1744 4071 συνθή-

210 4096 290 4147 κας
317 4085 373 4138 ἂν
403 4090 672 4162 παρῆλθον
701 4093 800 4161 τῆς
819 4087 1014 4160 γενεᾶς
1039 4089 1148 4145 τῶν
1171 4090 1279 4146 σῶν
1308 4089 1532 4144 τέκνων.
1569 4091 1746 4144 Τέκνα

211 4171 295 4244 γάρ
324 4193 405 4230 σου
458 4182 547 4235 τοῦ
581 4183 720 4235 Θεοῦ
775 4183 974 4246 πάντες
1022 4183 1311 4252 γεγόνασιν
1358 4185 1407 4236 ol
1456 4183 1600 4251 ἆγιοι
1651 4182 1745 4237 καὶ

213 4261 432 4334 θεοφιλεῖς
455 4272 664 4346 ἄνδρες.
699 4274 864 4327 Γενεὰ
886 4273 942 4336 δὲ
967 4273 1146 4328 αὐτῶν
1171 4275 1205 4346 ἢ
1233 4273 1294 4339 ἐξ
1320 4269 1498 4327 αὐτῶν
1527 4273 1743 4344 διαδοχὴ

212 4354 298 4406 τῶν
313 4359 485 4426 ἁγίων,
529 4360 608 4418 ὧν
644 4363 713 4417 τὰ
749 4363 1049 4436 μαθήματα
1085 4363 1180 4416 καὶ
1201 4363 1269 4417 τὰ
1302 4357 1549 4433 δόγματα
1575 4375 1744 4434 παρε-

214 4443 388 4514 κάραξα
434 4451 516 4514 ἂν,
567 4457 618 4508 εί
659 4455 963 4528 προέφερον
1004 4455 1084 4518 εἰς
1123 4453 1344 4524 ἐτέρους
1388 4456 1512 4517 τοὺς
1546 4453 1741 4526 προλε-

215 4536 401 4606 Χθέντας
433 4547 664 4616 ἐμαυτοῦ
698 4546 1010 4620 λογισμούς.
1061 4545 1221 4599 Ἀλλὰ
1250 4547 1344 4601 καὶ
1387 4547 1436 4598 εἰ
1485 4549 1743 4618 παρεῖχον

215 4626 411 4699 ἐμαυτὸν
437 4637 526 4692 τοῦ
556 4639 760 4710 γνῶναι
786 4640 884 4704 τὰς
916 4639 1116 4703 αἰτίας,
1145 4637 1213 4692 δι’
1249 4637 1316 4702 ἃς
1345 4640 1392 4690 oi
1429 4637 1743 4711 ἁμαρτωλοὶ

217 4718 402 4794 εὔθυμοι
423 4730 718 4786 διατελοῦσι
749 4731 842 4786 καὶ
873 4733 952 4795 εἰς
972 4729 1064 4785 τὸν
1082 4729 1255 4784 αἰῶνα
1285 4729 1418 4783 κατέ
1429 4747 1554 4801 σχον
1582 4731 1745 4784 πλούα

215 4825 307 4875 του.
329 4819 372 4870 οἱ
393 4819 445 4873 δὲ
472 4823 666 4878 δίκαιοι
709 4822 1122 4877 ταπεινοῦνται·
1179 4820 1300 4874 οὐδὲ
1337 4820 1480 4874 οῦτω
1511 4822 1742 4876 κατέλα-

219 4898 291 4954 δον
308 4905 364 4960 ἂν
393 4912 484 4977 τὰς
515 4917 858 4988 ἀπορρήτους
889 4913 1015 4986 περὶ
1048 4913 1254 4967 τούτων
1279 4911 1509 4984 κρίσεις,
1543 4913 1744 4978 κόπους

217 4991 260 5045 δὲ
299 4995 469 5068 μόνους
518 5007 737 5078 ἐμαυτῷ
770 5007 1024 5079 συνῆγον,
1051 5007 1131 5071 εἰς
1170 5005 1407 5075 ἀπορίαν
1456 5005 1744 5076 ἐμπίπτων

222 5089 296 5140 καὶ
321 5093 390 5156 ιίς
407 5093 575 5172 ψυχῆς
606 5100 872 5170 κάματον.
897 5099 988 5152 Διό
1017 5115 1150 5170 φησι
1171 5113 1184 5128 ·
1220 5097 1331 5151 Kal
1361 5097 1415 5150 ει
1438 5097 1745 5152 ὑπέλαϐον

221 5175 302 5229 τοῦ
338 5182 534 5250 γνῶναι
578 5191 773 5255 τοῦτο,
816 5190 1006 5256 κόπος
1039 5187 1212 5242 ἐστὶν
1236 5186 1495 5242 ἐνώπιόν
1521 5205 1672 5257 μου·
1708 5184 1742 5260 ἢ

221 5267 334 5348 κατᾷ
358 5274 440 5327 τὸν
470 5279 778 5352 Σύμμαχον,
808 5281 919 5336 Καὶ
947 5283 1001 5334 εὶ
1041 5277 1388 5350 ἐλογιζὸμην
1427 5278 1744 5349 ἐπιγνῶναι

222 5361 395 5445 τοῦτο,
420 5373 635 5443 μόχθος
658 5375 938 5444 ἐφαίνετό
969 5391 1089 5445 μοι.
1135 5372 1332 5443 Διόπερ
1368 5372 1510 5444 ὁρῶν
1542 5375 1744 5428 ἀκατά-

222 5443 391 5520 ληπτον
421 5459 573 5519 οὖσαν
609 5467 915 5539 ἀνθρώποις
938 5467 1037 5538 τὴν
1069 5463 1274 5518 τούτων
1294 5463 1514 5532 γνῶσιν,
1533 5466 1748 5519 εὐσεϐεῖ

226 5541 460 5615 IMP-svo;
483 5555 738 5630 λογισμῷ,
771 5557 1089 5629 διενοούμην
1133 5556 1265 5627 παρ’
1301 5555 1520 5626 ἐμαυτῷ
1561 5559 1744 5629 κρεῖτ-

227 5635 298 5685 τον
329 5635 448 5698 εἶναι
481 5649 688 5722 ἐπέχειν
718 5651 811 5704 καὶ
844 5648 1154 5720 ἐκδέχεσθαι
1187 5649 1292 5723 τὸν,
1324 5649 1623 5722 ἐπιτήδειον
1646 5651 1746 5721 τῆς

291 5787 303 5814 ³
332 5788 449 5852 Gen.
484 5814 605 5866 xxv,
629 5802 681 5857 8.

467 5892 723 5956 Parnm.
771 5893 888 5957 Gtt.
928 5893 1167 5956 Χχιιιι

1851 3257 2114 3311 rationem
2147 3255 2383 3325 ﬁliorum
2414 3265 2628 3309 tuorum
2661 3251 2956 3322 reprobavi.
2996 3249 3064 3305 Et
3112 3251 3427 3320 suspicabar

1851 3364 1934 3402 me
1965 3362 2274 3417 cognoscere
2306 3347 2424 3409 hoc,
2458 3345 2610 3399 labor
2637 3355 2716 3398 est
2747 3355 2870 3398 ante
2903 3359 3014 3407 me;
3050 3342 3214 3397 donec
3235 3345 3424 3397 intrent

1851 3441 1906 3494 in
1950 3439 2320 3494 sanctuarium
2351 3436 2470 3503 Dei,
2504 3447 2555 3492 et
2598 3436 2893 3507 intelligam
2925 3435 2978 3488 in
3003 3435 3305 3489 novissimis
3338 3451 3428 3489 eo-

1849 3548 1990 3585 rum.
2021 3528 2288 3585 Prtedicta
2312 3531 2368 3585 in
2393 3529 2816 3601 cogitationibus
2843 3538 3050 3584 tantum
3079 3531 3216 3585 meis
3239 3545 3428 3585 versa-

1850 3622 1998 3685 bam,
2031 3622 2178 3692 quod
2208 3621 2514 3692 periculum
2541 3628 2688 3676 esset
2711 3636 2778 3677 ne
2797 3635 3211 3687 commoverer;
3247 3636 3428 3691 neque

1849 3721 2035 3770 tamen
2075 3714 2198 3770 aliis
2239 3714 2586 3770 enarrabam.
2619 3711 2755 3766 Nam
2789 3712 2836 3767 si
2875 3713 2978 3767 hac
3023 3713 3260 3768 admissa
3306 3714 3428 3783 Opi—

1849 3808 2035 3874 nione,
2075 3807 2298 3878 impiam
2320 3804 2635 3876 liujusmodi
2665 3804 2972 3860 doctrinam
3001 3807 3122 3860 aliis
3151 3807 3426 3875 protulis—

1849 3915 1989 3962 sem,
2048 3906 2324 3956 temeratae
2348 3898 2451 3970 pia:
2493 3897 2760 3953 doctrina:
2803 3910 2931 3951 reus
2964 3895 3190 3952 ell‘ectus
3220 3911 3424 3958 essent,

1849 3990 2015 4064 atque
2046 3999 2204 4063 pacta
2254 3991 2626 4063 generationis
2659 3989 2897 4044 filiorum
2955 3998 3175 4044 tuorum
3220 3988 3428 4045 violasa

1849 4083 1987 4142 sem.
2021 4085 2223 4140 Omnes
2255 4084 2456 4155 quippe
2482 4083 2660 4138 sancti
2681 4096 2746 4136 ac
2771 4081 2865 4136 Dei
2901 4089 3148 4135 amantes
3169 4081 3295 4146 viri,
3320 4081 3420 4143 tui.

1848 4175 2016 4242 Deus,
2042 4176 2135 4230 filii
2162 4183 2310 4231 sunt.
2337 4173 2632 4230 Getteratio
2662 4182 2844 4228 autem
2885 4187 3100 4238 eorum,
3140 4174 3426 4228 successio

1850 4277 2166 4324 sanctorum
2220 4272 2327 4332 est,
2381 4279 2614 4336 quorum
2669 4263 2991 4333 disciplinas
3052 4271 3105 4314 ct
3169 4262 3426 4332 dogmata

1848 4361 2268 4425 adulterassem,
2321 4360 2368 4414 si
2407 4357 2698 4429 praedictas
2726 4355 3092 4428 cogitationes
3123 4369 3274 4410 meas
3299 4355 3426 4410 aliis

1851 4451 2222 4524 protulissem.
2268 4450 2376 4506 Sed
2431 4452 2479 4507 si
2514 4450 2699 4504 animo
2729 4448 3055 4504 institissent
3104 4445 3173 4500 ad
3221 4461 3426 4516 cogno—

1847 4544 2112 4600 scendum
2144 4560 2266 4615 quae
2297 4559 2462 4599 causa
2505 4545 2578 4599 sit
2631 4557 2732 4598 cur
2788 4549 3110 4612 peccatores
3161 4554 3424 4609 prospere

1847 4645 2034 4707 agant,
2066 4637 2198 4691 etin
2229 4637 2489 4691 saeculum
2521 4635 2743 4690 divitias
2776 4633 3082 4697 obtineant,
3110 4629 3245 4700 justi
3277 4645 3412 4683 vero

1847 4731 2238 4795 liumilientur;
2284 4744 2460 4799 neque
2494 4727 2569 4782 ita
2605 4739 2808 4780 arcana
2843 4723 2945 4778 hac
2991 4722 3060 4778 de
3111 4736 3172 4776 re
3211 4719 3422 4790 judicia

1847 4824 2260 4894 comperissem,
2296 4823 2392 4878 sed
2425 4822 2664 4875 laborem
2713 4818 2982 4872 duntaxat
3031 4815 3163 4869 mihi
3206 4814 3418 4868 intulis-

1847 4929 1963 4969 sem
1997 4933 2011 4969 :
2047 4918 2102 4968 in
2136 4913 2534 4970 dubitationem
2563 4911 2738 4967 solum
2772 4909 3052 4978 animique
3079 4905 3426 4975 defatigatio-

1846 5022 1970 5062 nem
1999 5007 2276 5079 dclapsus.
2311 5004 2675 5071 Quamobrem
2712 5003 2789 5056 ait
2849 5020 2862 5055 :
2915 5000 2980 5053 Et
3028 5001 3075 5054 si
3111 4996 3424 5067 suspicabar

1848 5117 1927 5154 me
1951 5115 2257 5171 cognoscere
2290 5098 2405 5162 hoc,
2443 5097 2593 5150 labor
2629 5104 2706 5149 est
2761 5103 2884 5148 ante
2927 5109 3028 5147 me.
3066 5089 3192 5144 Sive
3225 5102 3422 5144 secun-

1846 5193 1976 5248 dum
2026 5191 2436 5263 Symmachum,
2483 5185 2544 5243 Si
2572 5187 2824 5257 putabam
2855 5201 2936 5239 me
2960 5195 3269 5253 cognoscere
3302 5179 3421 5234 hoc.-

1849 5285 2001 5339 labor
2034 5283 2306 5337 videbatur
2336 5281 2488 5336 mihi.
2514 5281 2882 5347 Quamobrem
2920 5276 3112 5332 videns
3155 5286 3268 5328 rem
3298 5283 3424 5324 esse

1849 5375 2168 5431 hominibus
2218 5373 2849 5444 incomprehensibilem,
2901 5369 2993 5439 pio
3037 5378 3171 5420 usus
3202 5360 3424 5416 ηιίοιτὶδ

1849 5468 1963 5532 nio,
2002 5482 2216 5522 mecum
2249 5466 2569 5536 reputabam
2601 5465 2775 5520 satius
2804 5476 2928 5518 esse
2954 5464 3013 5513 ut
3047 5471 3136 5512 me
3168 5453 3420 5509 contineu

1848 5573 1986 5622 rem,
2013 5568 2174 5629 atque
2201 5565 2568 5630 opportunum
2603 5557 2731 5610 huic
2763 5549 3061 5625 cognitioni
3085 5555 3298 5616 tempus
3325 5556 3425 5599 εισι

1851 5661 2174 5723 spectarem,
2208 5650 2345 5709 illud
2373 5661 2556 5708 autem
2590 5657 2731 5714 erat,
2790 5647 2961 5700 Donec
2996 5644 3184 5696 intrent
3212 5641 3266 5692 in
3294 5642 3426 5690 sane

3041 5869 3118 5939 11

2347 6027 2551 6189 β’

2277 6191 2343 6319 if“
