3982 6440
529 307 652 366 865

1259 307 1530 367 EUSEBII
1565 309 2052 369 CESABIENSIS
2089 311 2241 374 OPP.
2282 313 2468 371 PARS
2506 313 2591 371 Ill.
2630 345 2703 369 -τ-
2734 313 3146 374 EXEGETICA.

3677 326 3771 389 ιιι

541 430 811 501 cluat-iung
839 430 956 494 Dei.
1007 440 1056 487 et
1102 432 1402 503 intelligam
1454 434 1511 503 in
1562 434 1863 490 novissimis
1897 452 2104 502 eorum;

2217 439 2420 493 τούτων
2455 438 2709 508 γνώσεως
2726 440 2938 512 καιρόν.
2963 432 3132 504 οὗτος
3151 439 3210 494 δὲ
3237 434 3329 512 ἦν,
3365 441 3521 509 Ἕως
3550 444 3772 504 clauos

539 522 658 579 sive
684 523 986 581 secundum
1017 522 1432 594 Symmachum,
1478 523 1657 580 Donec
1695 526 1885 580 intrem
1917 528 1972 582 in
2003 544 2122 583 san-

538 616 751 670 ctuaria
779 614 900 682 Dei,
930 616 1223 686 intelligam
1248 617 1540 673 novissima
1583 634 1789 676 eorum.
1841 621 1979 676 Cum
2012 621 2120 678 hoc

481 701 490 711 ’
535 705 676 762 mihi
726 706 1075 763 commodum
1108 707 1371 779 elfugium
1423 708 1492 764 ad
1524 711 1845 780 quaestionis
1891 712 2121 769 solutio-

537 811 664 854 nem
699 797 1051 869 reperissem,
1091 798 1348 854 videlicet
1388 815 1516 854 eum
1570 802 1640 856 ad
1689 802 1817 858 vitae
1871 804 2119 861 mortalis

535 892 742 946 exitum
794 897 849 946 et
906 891 1218 961 ingressum
1253 891 1309 946 in
1348 893 1747 963 promissiones
1793 894 1889 952 Dei
1928 897 2118 953 remit-

535 981 725 1047 tendo,
751 980 880 1037 hinc
904 981 1252 1038 curationem
1276 998 1343 1038 ac
1362 987 1797 1045 consolationem
1831 996 2116 1046 mutuatus

532 1087 659 1129 sum
684 1091 704 1128 :
742 1088 949 1144 gnarus
987 1089 1075 1129 me
1120 1089 1248 1129 cum
1295 1075 1439 1132 istuc
1468 1076 1762 1146 devenero,
1793 1080 2116 1150 quaestionis

530 1163 802 1220 rationem
832 1165 1266 1234 intellecturum,
1291 1178 1456 1237 atque
1490 1167 1782 1239 impiorum
1813 1170 2114 1226 novissima

530 1259 883 1331 cogniturum
909 1274 1052 1315 esse.
1076 1258 1197 1314 Non
1215 1260 1473 1316 convenit
1499 1262 1646 1316 enim
1673 1274 1998 1334 przesentem
2022 1277 2115 1318 so-

530 1348 644 1405 lum
674 1352 842 1407 vitam
878 1361 932 1407 ct
964 1351 1299 1422 voluptatem
1330 1351 1642 1424 respicere;
1682 1354 1779 1415 sed
1807 1353 2113 1409 novissima

527 1456 722 1499 eorum
754 1444 1158 1500 consideranda
1191 1453 1341 1500 sunt.

600 1626 768 1684 Vens.
832 1624 1023 1684 i8-20.
1070 1626 1441 1683 Verumtamen
1482 1638 1691 1698 propter
1731 1628 1882 1685 dolos
1927 1645 2111 1686 eorum

522 1718 754 1789 posuisti
804 1717 883 1772 eis
924 1718 1111 1779 mala;
1163 1717 1403 1788 dejecisti
1453 1736 1541 1775 eos
1575 1718 1704 1774 dum
1732 1721 2105 1780 alleuarentur.

2223 527 2312 591 εὶς
2331 525 2723 594 ἀγιαστήριον
2739 526 2847 581 τοῦ
2874 527 3042 593 Θεοῦ,
3060 529 3159 582 καὶ
3182 529 3351 585 συνῶ
3375 533 3466 597 εις
3491 532 3565 587 τὰ
3574 533 3772 604 ἔσχατα

2223 617 2420 679 αὐτῶν
2436 635 2449 648 ο
2485 617 2519 690 ἢ
2569 618 2711 672 κατὰ
2762 618 2855 674 τὸν
2892 620 3209 692 Σύμμαχον,
3240 622 3394 689 Ἕως
3434 623 3678 680 εἰσέλθω
3701 631 3773 697 εις

2222 707 2295 760 τὰ
2341 705 2680 777 ἁγιάσματα
2722 705 2831 762 τοῦ
2880 708 3051 775 Θεοῦ,
3076 709 3418 766 συνετισθῶ
3453 712 3530 768 τὰ
3572 714 3776 784 ἔσχατα

2220 796 2438 854 αὐτῶν.
2474 798 2692 871 Ταύτην
2727 797 2784 852 δὲ
2812 799 2986 871 καλὴν
3016 800 3239 872 ὲμαυτῷ
3275 802 3596 875 καταφυγὴν
3626 805 3776 877 εὑρὼν

2218 888 2320 959 τῆς
2338 889 2446 944 τῶν
2466 889 2855 963 ἀπορουμένων
2887 890 3114 957 λύσεως,
3139 892 3238 965 τὴν
3261 893 3581 967 ἀπαλλαγὴν
3603 896 3777 971 δηλαδὴ

2217 979 2312 1034 τοῦ
2340 978 2536 1053 θνητοῦ
2565 980 2702 1051 βίου,
2733 981 2831 1035 καὶ
2849 981 2946 1054 τὴν
2974 982 3177 1039 εῐσοδον
3206 983 3305 1055 τὴν
3325 984 3419 1037 ἐπὶ
3440 984 3542 1048 τὰς
3565 987 3773 1056 ἐπαγγε-

2217 1071 2336 1138 λίας
2367 1073 2462 1126 τοῦ
2491 1072 2652 1137 Θεοῦ,
2678 1073 2974 1146 Θεραπείας
2992 1073 3288 1146 ἐτύγχανον
3311 1078 3407 1131 καὶ
3429 1078 3775 1150 παραμυθίας·

2217 1158 2276 1218 εὖ
2303 1163 2477 1231 εἰδὼς,
2518 1164 2595 1230 ὡς
2635 1166 2814 1219 ἐκεῖσε
2844 1166 3153 1237 γενόμενος,
3204 1167 3637 1240 συναισθήσομαι
3673 1170 3779 1234 τοὺς

2216 1257 2408 1327 λόγους
2450 1257 2560 1312 τῶν
2597 1258 2948 1330 ὲζητημένων
2966 1300 2983 1325 ,
3027 1258 3325 1331 γνώσομαι,
3357 1278 3419 1314 τε
3474 1261 3547 1315 τὰ
3602 1262 3778 1332 ἔσχατα

2214 1345 2323 1401 τῶν
2376 1345 2611 1401 ἀσεϐῶν.
2664 1348 2756 1421 Μὴ
2808 1349 2917 1421 γὰρ
2971 1351 3242 1422 προσήκει
3297 1353 3379 1416 εἰς
3418 1352 3515 1406 τὸν
3558 1352 3779 1424 παρόντα

2217 1437 2376 1509 μόνον
2419 1439 2746 1495 ἀποϐλέπειν
2794 1440 2913 1514 βίον
2966 1442 3062 1497 καὶ
3120 1444 3201 1508 εἰς
3246 1445 3345 1515 τὴν
3379 1443 3661 1515 παροῦσαν
3696 1444 3779 1500 αὗ-

2213 1526 2321 1582 τῶν
2349 1529 2581 1601 τρυφὴν,
2606 1529 2745 1584 ἀλλὰ
2773 1530 2870 1584 καὶ
2901 1531 2983 1594 εις
3011 1531 3082 1585 τὰ
3120 1531 3325 1605 ἔσχατα
3361 1533 3548 1588 αὐτῶν
3572 1535 3775 1607 ἀφορᾷν.

2280 1620 2458 1691 Πλὴν
2506 1621 2605 1676 διὰ
2664 1622 2773 1690 τὰς
2808 1623 3164 1694 δολιότητας
3194 1625 3396 1680 αὐτῶν
3423 1628 3572 1682 ἔθου
3600 1629 3779 1697 αὐτοῖς

2210 1709 2394 1765 κακά·
2447 1711 2772 1780 κατέϐαλες
2801 1714 3025 1783 αὐτοὺς
3057 1717 3128 1770 ἐν
3162 1715 3244 1783 τῷ
3269 1718 3628 1787 ἐπαρθῆναι.
3665 1719 3778 1787 Πῶς

528 1808 806 1878 Quomodo
853 1810 987 1877 facti
1036 1818 1161 1865 sunt
1192 1809 1247 1863 in
1293 1809 1673 1867 desolationem
1706 1813 1929 1870 subito?
1965 1814 2104 1884 defe-

2208 1800 2489 1872 ἐγένοντο
2534 1806 2622 1871 εις
2646 1804 2950 1876 ἐρήμωσιν
2982 1807 3271 1873 ἐξάπινας
3298 1808 3613 1876 ἐξέλιπον,
3641 1810 3779 1865 dadi-

525 1908 735 1965 cerunt,
779 1899 1051 1969 perierunt
1098 1908 1315 1971 propter
1363 1901 1903 1960 inconsiderationem
1955 1922 2110 1961 suam

525 1992 665 2047 velut
697 1993 963 2048 somnium
988 1993 1337 2064 surgentium.
1365 1992 1569 2051 Tribus
1599 1994 1857 2052 admissis
1889 1996 1946 2052 in
1967 2012 2112 2068 qum-

522 2086 761 2143 stionem
804 2086 1118 2145 ratiociniis
1140 2128 1157 2154 ,
1189 2087 1340 2144 aliud
1372 2088 1599 2160 impium
1626 2099 1682 2146 et
1710 2092 1933 2146 atheum
1985 2106 2111 2148 esse

522 2178 791 2249 comperi,
838 2193 1036 2249 nempe
1090 2179 1247 2245 illud,
1302 2180 1446 2251 Ergo
1482 2182 1598 2236 sine
1624 2197 1790 2237 causa
1810 2183 2110 2254 justi/icavi

523 2286 618 2324 eor
646 2284 854 2334 meum;
884 2268 1034 2336 aliud
1062 2283 1213 2337 vero,
1249 2285 1445 2341 nempe
1481 2271 1550 2326 de
1582 2272 1932 2344 intelligenda
1960 2289 2109 2344 quae-

520 2362 726 2426 stione,
758 2362 979 2433 plenum
1022 2361 1207 2416 labore
1233 2369 1290 2416 et
1319 2360 1716 2433 defatigatione
1746 2363 2103 2434 deprehendi,
2128 2414 2131 2415 ν

522 2453 597 2510 ob
642 2451 1073 2525 profunditatem
1105 2453 1321 2509 scilicet
1353 2453 1674 2510 divitiarum
1707 2456 1951 2512 scientiae
1986 2457 2103 2526 Dei,

520 2554 577 2602 et
597 2545 745 2618 quod
763 2545 1347 2616 incomprehensibilia
1363 2546 1475 2602 sint
1492 2548 1699 2618 judicia
1719 2548 1863 2615 eius,
1878 2560 1932 2605 et
1956 2551 2107 2608 inve-

520 2640 807 2711 stigabiles
832 2639 936 2695 vite
966 2639 1124 2710 ejus;
1155 2641 1210 2695 in
1233 2640 1397 2696 tertio
1425 2648 1608 2697 autem
1641 2643 1886 2711 substiti,
1919 2659 1984 2700 ac
2017 2645 2107 2701 de-

520 2734 671 2792 crevi
699 2732 933 2805 gradum
965 2733 1165 2790 sistere
1187 2742 1353 2804 atque
1382 2741 1724 2804 exspectare,
1747 2737 2105 2808 omniumque

519 2822 681 2879 ﬁnem
712 2821 1086 2879 considerare.
1114 2822 1254 2878 Cum
1287 2822 1417 2879 huic
1442 2823 1763 2895 cogitationi
1796 2828 2107 2899 acquievis-

518 2929 658 2980 sem,
693 2922 884 2986 utpote
904 2930 1027 2986 quae
1053 2916 1143 2985 pia
1181 2930 1420 2986 veraque
1442 2915 1538 2979 sit,
1565 2931 1633 2972 ex
1655 2915 1760 2972 lide
1784 2918 2100 2989 hujusmodi

518 3008 811 3065 utilitatem
836 3008 1044 3080 accepi.
1078 3006 1214 3062 Nam
1250 3006 1457 3078 Spiritu
1491 3017 1688 3066 sancto
1719 3010 1935 3068 amatus
1973 3013 2100 3068 novi

516 3099 796 3173 quomodo
818 3109 1043 3172 propter
1069 3098 1229 3157 dolos
1259 3114 1449 3155 eorum
1500 3116 1613 3157 non
1645 3102 1738 3157 diu
1780 3112 1971 3174 postea
2003 3103 2101 3161 de-

513 3194 765 3265 iecturus
792 3194 865 3249 sit
896 3209 994 3250 eos
1025 3191 1189 3256 Deus,
1243 3198 1535 3263 postquam
1570 3194 1699 3251 elati
1739 3195 1793 3249 in
1839 3196 2101 3252 sublime-

515 3303 627 3359 que
649 3287 825 3343 evecti
868 3286 1102 3342 fuerant.
1138 3284 1253 3339 Sub
1281 3284 1397 3340 haec
1431 3293 1614 3343 autem
1641 3286 2003 3354 illuminatus,
2034 3304 2099 3345 ac

514 3378 836 3451 prophetica
870 3378 1071 3434 virtute
1091 3378 1307 3432 ruinam
1339 3377 1489 3449 ipsos
1519 3378 1576 3432 in
1606 3377 1712 3434 ﬁne
1741 3389 2099 3452 exceptuan

515 3472 885 3543 prospiciens,
921 3471 1047 3541 jure
1075 3470 1239 3525 dico:
1274 3470 1550 3535 Quomodo
1592 3472 1726 3539 facti
1754 3485 1876 3527 sunt
1908 3474 1963 3528 in
2007 3472 2100 3529 de-

506 3564 834 3618 solationem
866 3562 1087 3617 subito?
1117 3562 1440 3633 defecerunt,
1468 3567 1739 3634 perierunt
1773 3578 1986 3635 propter
2023 3567 2099 3622 in-

512 3656 990 3712 considerationem
1034 3672 1211 3720 suam,
1270 3656 1399 3712 facti
1434 3666 1564 3715 sunt
1610 3659 1742 3713 item
1785 3660 1925 3714 velut
1955 3676 2100 3715 som—

516 3750 667 3804 nium
697 3749 996 3821 surgentis.
1033 3748 1168 3802 Dum
1201 3751 1326 3819 quis
1350 3752 1497 3807 enim
1526 3752 1582 3806 in
1610 3753 1824 3808 somnis
1847 3753 2096 3824 quaedam

511 3830 867 3910 imaginatur,
923 3837 1125 3896 somnii
1160 3839 1450 3908 phantasia
1482 3841 1769 3912 deceptus,
1828 3858 1888 3899 se
1941 3850 2100 3913 putat

514 3932 722 4005 aliquid
746 3947 946 4005 agere;
979 3942 1339 4004 experrectus
1371 3949 1504 3991 vero
1532 3950 1659 3991 cum
1684 3943 1789 4000 est,
1834 3951 2100 3993 excusso-

513 4041 622 4100 que
650 4041 867 4093 somno,
903 4034 1214 4083 commenta
1268 4029 1452 4083 omnia
1503 4029 1827 4086 abscedunt.
1865 4027 1958 4085 Sic
1994 4030 2098 4083 im-

513 4120 731 4192 piorum
762 4119 821 4175 in
848 4120 949 4176 hac
983 4122 1093 4176 vita
1126 4121 1505 4177 commentitia
1547 4121 1807 4189 felicitas,
1864 4120 2093 4188 divitia},

515 4212 795 4283 superbia,
833 4213 994 4268 linem
1029 4214 1335 4269 sortientur
1386 4214 1623 4271 similem
1668 4215 2095 4283 somniantibus,

511 4306 605 4373 qui
646 4312 837 4375 postea
871 4306 1202 4377 experrecti,
1225 4308 1435 4363 nullam
1470 4324 1586 4365 rem
1619 4324 1811 4365 earum
1842 4326 1981 4381 quas
2012 4311 2096 4366 vi-

512 4394 645 4450 dere
686 4410 749 4450 se
777 4409 842 4451 ac
868 4402 1058 4453 tenere
1087 4399 1480 4470 opinabantur,
1534 4415 1648 4471 prae
1683 4403 1937 4460 manibus
1966 4405 2098 4459 reti-

2125 3153 2169 3202 Ε

2209 1896 2395 1948 λοντο
2443 1893 2543 1949 διὰ
2586 1895 2703 1965 τὴν
2732 1897 3028 1952 ἀϐουλίαν
3063 1897 3265 1953 αὐτῶν
3316 1899 3465 1954 ὡσεὶ
3512 1901 3779 1956 ἐνύπνιον

2211 1982 2688 2055 ἐξεγειρομένων.
2719 1986 2881 2058 Τρισὶ
2912 1987 3193 2059 λογισμοῖς
3234 1988 3516 2045 ἐπιϐαλὼν
3540 1990 3776 2062 περὶτῶν

2208 2079 2583 2152 ὲζητημένων,
2611 2080 2703 2135 τὸν
2738 2080 2837 2152 μὲν
2860 2080 3049 2154 ἐώρων
3077 2082 3252 2154 ἀσεϐῆ
3282 2084 3378 2137 καὶ
3400 2083 3567 2139 ἄθεον
3589 2085 3676 2142 τὸν
3705 2087 3779 2140 λέ-

2207 2188 2373 2242 γοντα
2390 2189 2404 2203 ·
2445 2173 2586 2243 Ἄρα
2611 2174 2876 2243 ματαίως
2895 2174 3217 2229 ἐδικαίωσα
3239 2174 3356 2243 τὴν
3381 2176 3642 2248 καρδίαν
3656 2195 3775 2249 μου’

2205 2264 2297 2321 τὸν
2324 2266 2382 2320 δὲ
2415 2266 2515 2338 τῆς
2547 2266 2752 2322 τούτων
2771 2268 3149 2341 καταλήψεως,
3167 2269 3609 2342 πεπληρωμένον
3631 2273 3780 2328 κόπου

2205 2358 2299 2411 καὶ
2323 2358 2489 2412 πόνου
2522 2358 2611 2413 διὰ
2640 2360 2708 2414 τὰ
2738 2358 2877 2432 βάθη
2903 2360 2998 2414 τοῦ
3024 2360 3257 2416 πλούτου
3282 2362 3383 2432 τῆς
3411 2360 3673 2431 γνώσεως
3698 2363 3777 2418 τοῦ

2204 2449 2364 2517 Θεοῦ,
2396 2452 2492 2506 καὶ
2515 2451 2605 2507 διὰ
2641 2452 2702 2508 τὸ
2724 2451 3126 2526 ἀνεξερεύνητα
3152 2451 3291 2509 εἶναι
3329 2454 3399 2508 τὰ
3428 2456 3677 2529 κρίματα
3698 2458 3781 2511 αὐ-

2203 2541 2318 2609 τοῦ,
2373 2545 2468 2598 καὶ
2522 2543 2962 2617 ἀνεξιχνιάστους
2995 2544 3097 2611 τὰς
3144 2546 3299 2610 ὁδοὺς
3339 2546 3513 2603 αὐτοῦ
3534 2566 3549 2579 ’
3586 2550 3675 2603 ἐπὶ
3704 2548 3781 2608 τὸν

2202 2635 2383 2710 τριτον
2406 2630 2498 2692 οὖν
2517 2636 2680 2708 ἔστην
2697 2637 2890 2710 κρίνας
2914 2637 3136 2709 ἐπέχειν
3167 2639 3268 2712 μὲν
3296 2640 3457 2705 τέως,
3482 2641 3780 2715 περιμένειν

2200 2729 2260 2784 δὲ
2284 2730 2379 2785 καὶ
2413 2730 2623 2802 ἁφορᾷν
2655 2730 2736 2795 εἰς
2768 2730 2831 2784 τὸ
2858 2730 3080 2786 πάντων
3117 2731 3293 2796 τέλος.
3330 2732 3526 2805 Τούτῳ
3557 2734 3603 2787 δ’
3635 2735 3780 2806 ἐμπι-
3838 2755 3845 2763 ο

2204 2822 2437 2888 στεύσας
2472 2821 2708 2894 ἐμαυτὸν
2750 2821 2831 2893 τῷ
2868 2821 3112 2896 λογισμῷ
3141 2825 3358 2879 εὐσεϐεῖ
3395 2826 3517 2881 ὖντι
3547 2829 3640 2882 καὶ
3663 2828 3777 2899 ἀληο

2202 2913 2308 2980 θεῖ,
2341 2914 2401 2983 ἐξ
2427 2915 2597 2986 αὐτῆς
2624 2913 2853 2987 ὠνάμην
2893 2916 2996 2987 τῆς
3045 2917 3303 2983 πίστεως.
3337 2920 3559 2991 Ἐγνων
3588 2922 3692 2994 γὰρ
3730 2922 3779 2989 ἐξ

2202 3008 2474 3080 ὑποϐολῆς
2515 3008 2611 3063 τοῦ
2665 3008 3011 3080 προφητικοῦ
3066 3005 3405 3082 Πνεύματος,
3449 3012 3532 3078 ὡς
3561 3013 3648 3068 διὰ
3692 3014 3778 3077 τὰς

2199 3100 2512 3172 δολιότητας
2540 3101 2720 3156 αὐτῶν
2742 3101 3044 3157 καταϐαλεῖ
3064 3103 3264 3168 αὐτοὺς
3291 3105 3392 3159 οὐκ
3418 3105 3507 3169 εἰς
3535 3105 3732 3178 μακρὸν
3754 3108 3778 3157 6

2201 3193 2356 3259 Θεὸς,
2382 3192 2526 3269 ⁸μετὰ
2558 3192 2619 3248 τδ
2654 3193 2961 3266 ἐπαρθῆναι
2991 3195 3086 3249 καὶ
3118 3195 3421 3268 ὑψωθῆναι.
3448 3193 3591 3252 Εἶτα
3624 3215 3772 3268 φωτι-

2203 3285 2370 3349 σθεὶς,
2400 3285 2496 3339 καὶ
2521 3284 2617 3358 τὴν
2648 3284 2855 3341 πτῶσιν
2893 3287 3076 3342 αὐτῶν
3104 3287 3204 3359 τὴν
3240 3288 3334 3341 ἐπὶ
3372 3288 3526 3344 τέλει
3559 3290 3777 3361 καταληο

2199 3376 2443 3449 ψομένην
2471 3378 2667 3444 αὐτοὺς
2697 3382 3009 3453 προφητικῇ
3044 3380 3273 3454 δυνάμει
3302 3382 3557 3449 συνιδὼν,
3576 3383 3778 3447 εἰκότως

2201 3469 2343 3541 φημί
2359 3487 2371 3499 ·
2401 3467 2535 3538 Πῶς
2558 3469 2839 3540 ἐγένοντο
2876 3473 2966 3539 εἰς
3009 3470 3314 3543 ἐρήμωσιν
3339 3472 3638 3540 ἐξάπινα;
3670 3475 3779 3541 ἐξο-

2199 3566 2403 3626 λιπον,
2434 3561 2751 3618 ἀπώλοντο
2782 3562 2883 3619 διὰ
2904 3562 3020 3635 τὴν
3050 3566 3348 3620 ἀϐουλίαν
3371 3566 3601 3634 αὐτῶν,
3638 3565 3779 3637 γεγό-

2200 3654 2323 3709 νασί
2349 3673 2409 3709 τε
2430 3655 2572 3709 ὡσεὶ
2596 3656 2888 3711 ἐνύπνιον
2903 3657 3357 3731 ὲξεγηγερμένου.
3392 3660 3542 3726 Ἕως
3565 3670 3663 3734 μεν
3684 3662 3778 3733 γάρ

2199 3763 2284 3810 τις
2341 3748 2675 3817 φαντάζεται
2713 3750 3052 3823 ὀνειρώττων
3088 3754 3148 3806 ἐν
3181 3753 3293 3818 τοῖς
3332 3752 3551 3821 ὕπνοις,
3577 3755 3777 3810 δοκεὶτι

2202 3836 2461 3910 πράττειν
2519 3838 2879 3913 ἀπατώμενος
2922 3845 2999 3917 τῇ·
3034 3844 3129 3898 τοῦ
3175 3844 3430 3900 ἐνυπνίου
3476 3845 3773 3917 φαντασίᾳ·

2200 3930 2417 3984 ἐπειδὰν
2469 3932 2526 3985 δὲ
2581 3932 2834 4006 διεγερθῇ
2868 3939 2960 3990 τὸν
3010 3936 3182 3992 ὕπνον
3218 3938 3685 4012 υποτριψάμενις,
3713 3940 3777 3993 οι-

2199 4039 2355 4092 χεται
2386 4023 2535 4094 αὐτῷ
2560 4024 2628 4078 τὰ
2651 4026 2752 4095 τῆς
2781 4034 3103 4095 φαντασίας.
3143 4028 3301 4083 Οὕτω
3331 4030 3511 4084 δὲκαὶ
3544 4031 3657 4084 τῶν
3674 4033 3777 4085 ἀσε-

2200 4112 2312 4166 ϐῶν
2360 4114 2393 4185 ὴ
2434 4113 2530 4167 τοῦ
2575 4114 2843 4187 παρόντος
2880 4114 2996 4186 βίου
3029 4116 3264 4173 δοκοῦσα
3305 4119 3617 4191 εύπραγεία
3638 4119 3725 4174 καὶ
3750 4120 3776 4173 ὀ

2201 4203 2428 4269 πλοῦτος
2461 4205 2555 4259 καὶ
2584 4208 2618 4278 ἠ
2653 4207 3000 4280 ὑπερηφανία
3041 4211 3228 4283 ὅμοιον
3277 4210 3390 4278 ἕξει
3411 4212 3474 4265 τὸ
3506 4212 3660 4276 τέλος
3678 4213 3776 4274 τοῖς

2198 4296 2575 4369 ὀνειρώττουσι
2609 4301 2704 4353 καὶ
2728 4299 3227 4373 ὲνυπνιαζομένοις,
3269 4302 3462 4357 ἔπειτα
3497 4303 3773 4376 διεγρηγο-

2202 4387 2353 4461 ροῦσι
2392 4392 2487 4444 καὶ
2513 4391 2740 4464 μηδενὸς
2771 4384 2846 4446 ὧν
2876 4394 3094 4448 ἐδόκουν
3125 4396 3258 4467 ὁρᾷν
3294 4412 3356 4449 τε
3389 4395 3487 4449 καὶ
3541 4395 3773 4467 κατέχειν

512 4492 668 4540 neut.
705 4482 1022 4545 Secundum
1056 4488 1446 4562 Symmachum
1479 4500 1688 4559 autem,
1720 4494 1871 4551 illius
1923 4496 2045 4552 loco
2076 4516 2088 4553 :

2206 4483 2316 4546 ταῖς
2348 4482 2535 4553 χερσὶν
2594 4482 3037 4556 ἐπειλημμένοις.
3071 4485 3231 4539 Κατὰ
3260 4485 3317 4540 δὲ
3338 4485 3432 4540 τὸν
3462 4486 3773 4559 Σύμμαχον,

522 4576 897 4633 Verumtamen
921 4592 1139 4652 propter
1167 4583 1319 4639 dolos
1344 4586 1572 4655 posuisti
1595 4587 1692 4653 eis,
1727 4586 1810 4643 sic
1843 4588 2046 4645 dicitur
2077 4610 2090 4646 :

479 4720 481 4722 .
526 4669 653 4726 Vere
685 4670 741 4724 in
763 4670 916 4739 lapsu
958 4676 1189 4743 posuisti
1209 4692 1319 4740 eos,
1361 4676 1603 4747 dejecisti
1630 4694 1719 4734 eos
1754 4679 1811 4732 in
1839 4679 2097 4749 perditio-

510 4779 603 4818 nes
636 4778 657 4816 :
695 4761 870 4817 subito
899 4752 1223 4834 defecerunt,
1281 4771 1582 4840 consumpti
1631 4780 1779 4837 sunt,
1817 4789 1881 4826 ac
1911 4773 1959 4827 si
1990 4789 2115 4845 non,

508 4854 862 4921 exstitissent,
894 4860 1049 4928 quasi
1070 4864 1335 4915 somnium
1369 4864 1765 4934 expergiscenti.
1791 4863 1931 4921 Huic
1963 4881 2096 4923 vero

508 4944 658 5011 voci,
698 4956 930 5014 repente,
990 4956 1048 5003 et
1106 4950 1304 5016 subito,
1351 4950 1493 5006 hanc
1549 4952 1854 5011 Servatoris
1900 4971 2093 5015 vocem

500 5040 767 5098 conferas
787 5060 801 5096 :
821 5043 841 5073 ¹
857 5041 1104 5113 Vigilate,
1135 5044 1264 5116 quia
1293 5044 1507 5099 nescitis
1527 5061 1632 5114 qua
1655 5045 1739 5100 die
1758 5056 1809 5101 et
1836 5046 1969 5103 hora
1991 5048 2097 5104 Do-

509 5135 685 5192 minus
722 5145 889 5193 uester
936 5138 1135 5202 veniet;
1186 5152 1252 5193 ac
1298 5154 1522 5194 rursum
1560 5155 1575 5192 :
1616 5136 1797 5195 Veniet
1830 5140 2095 5205 Dominus

507 5229 624 5301 ejus
649 5230 711 5284 in
739 5229 825 5285 die
854 5245 960 5302 qua
999 5245 1104 5284 non
1134 5239 1426 5300 exspectat,
1477 5240 1527 5286 et
1582 5230 1639 5286 in
1678 5233 1816 5289 liora
1853 5250 1958 5305 qua
1989 5252 2095 5291 non

422 5340 435 5347 ’
507 5321 652 5379 novit
677 5321 718 5378 '.

577 5498 827 5566 Domine,
854 5501 912 5557 in
930 5500 1151 5557 civitate
1180 5511 1273 5557 tua
1310 5503 1600 5575 imaginem
1631 5504 1871 5575 ipsorum
1910 5508 1980 5561 ad
2009 5506 2093 5562 ni-

507 5586 675 5645 Intum
706 5590 929 5662 rediges.
961 5588 1229 5664 Superius
1278 5591 1520 5661 diccbat,
1570 5595 1752 5652 Donec
1788 5598 1983 5654 intrent
2030 5598 2089 5654 in

579 5766 601 5797 ¹
631 5765 820 5824 Matth.
858 5786 1009 5839 XXIV,
1035 5770 1122 5826 42.
1205 5772 1224 5805 ³
1257 5771 1389 5828 ibid.
1416 5771 1510 5827 50.

2196 4575 2314 4628 ἀντὶ
2361 4574 2477 4641 τοῦ,
2502 4574 2678 4646 Πλὴν
2715 4575 2815 4630 διὰ
2855 4575 2964 4645 τὰς
2996 4577 3353 4647 δολιότητας
3380 4578 3530 4634 ἔθου
3561 4577 3771 4643 αὐτοῖς,

2195 4666 2384 4720 τοῦτον
2402 4666 2592 4740 εἴρηκε
2610 4666 2702 4721 τὸν
2717 4670 2919 4740 τρόπον
2939 4686 2952 4700 ο
2976 4671 3195 4737 Ὄντως
3219 4670 3290 4724 ὲν
3317 4670 3548 4735 autem,»
3569 4670 3769 4733 ἔταξας

2195 4762 2440 4829 αὐτοὺς,
2471 4762 2795 4830 κατέϐαλες
2815 4762 3039 4833 αὐτοὺς
3063 4765 3151 4831 εὶς
3171 4763 3558 4835 ἀφανισμοὺς
3578 4780 3591 4796 ο
3623 4761 3769 4827 ἐξαί-

2196 4874 2355 4926 φνης
2380 4855 2688 4922 ἐξέλιπον,
2704 4855 3112 4926 ἀνηλώθησαν
3132 4856 3215 4923 ὡς
3238 4858 3351 4927 οὐχ
3376 4855 3764 4927 ὑπάρξαντεςν

2195 4948 2276 5015 ὡς
2308 4946 2545 5018 ὄνειρον
2575 4947 2991 5015 ἐξυπνίσαντι.
3025 4948 3121 5013 Εἰς
3144 4946 3202 5003 δὲ
3229 4947 3311 5014 τὸ,
3339 4947 3653 5018 ἐξαίφνης,
3687 4944 3768 5001 καὶ

2197 5039 2279 5109 τὸ,
2312 5039 2595 5107 ἐξάπινα,
2621 5041 2967 5115 παραθήσεις
3000 5042 3101 5114 τὴν
3128 5043 3394 5114 σωτήριον
3455 5042 3639 5112 φωνὴν
3679 5038 3769 5107 τὴν

2198 5131 2495 5201 λέγουσαν·
2525 5133 2900 5205 Γρηγορεῖτε,
2934 5134 3025 5189 ὅτι
3046 5134 3160 5188 οὐκ
3193 5133 3394 5189 οἴδατε
3423 5134 3569 5202 ποίᾳ
3596 5132 3769 5201 ἡμέρᾳ

2199 5226 2297 5280 καὶ
2319 5224 2440 5295 ὣρςι
2466 5229 2500 5282 ό
2532 5228 2744 5298 Κύριος
2778 5225 2948 5296 ὑμῶν
2979 5226 3247 5298 ἐξοχιιται⁸
3268 5227 3364 5281 καὶ
3397 5222 3767 5288 πάλιν·”Ηξει

2199 5321 2233 5372 ὁ
2265 5320 2479 5388 Κύριος
2513 5318 2700 5387 αὑτοῦ
2731 5320 2804 5373 ἐν
2832 5319 3024 5391 ἡμέρᾳ
3049 5314 3092 5393 ᾗ
3119 5322 3192 5375 οὐ
3221 5319 3555 5390 προσδοώ,
3579 5317 3673 5375 καὶ
3703 5315 3767 5370 ἐν

2197 5410 2321 5481 ὥρᾳ
2346 5406 2386 5484 ᾗ
2417 5413 2490 5468 οὐ
2512 5412 2813 5483 γινώσκει.

2220 5488 2225 5494 ’
2271 5505 2473 5573 Κύριε,
2495 5505 2566 5559 ἐν
2595 5502 2672 5575 τῇ
2693 5507 2866 5560 πόλει
2880 5519 2998 5559 σου
3023 5503 3141 5576 τὴν
3162 5503 3370 5560 εἰκόνα
3394 5499 3596 5559 αὐτῶν
3606 5500 3764 5566 ἐξου-

2197 5595 2496 5665 θενήσεις.
2545 5596 2829 5671 Ἀνωτέρω
2856 5597 2955 5671 μὲν
2986 5597 3202 5667 ἔλεγεν,
3236 5596 3392 5661 Ἕως
3419 5594 3662 5651 εἰσέλθω
3684 5590 3764 5657 εὶς
