3982 6440
192 372 322 429 885

1361 362 1861 424 COMMENTARIA
1902 364 1968 420 IN
2009 364 2343 422 PSALMOS.

3367 361 3473 417 846

196 493 273 550 τὸ
296 492 693 564 ἀγιαστήριον
709 493 814 548 τοῦ
837 491 1006 548 Θεοῦ·
1033 491 1124 545 νῦν
1150 491 1206 545 δὲ
1233 491 1285 544 τί
1317 489 1434 544 ποτ’
1453 485 1522 562 ἦν
1539 490 1599 544 τὸ
1631 490 1787 557 ἁγια-

1894 491 2260 543 sanctuarium
2282 489 2374 542 Dei
2396 505 2411 547 :
2448 502 2594 542 nunc
2610 501 2740 542 vero
2761 483 3039 556 quodnam
3067 485 3137 539 sit
3155 483 3474 552 huiusmodi

194 589 429 660 σιήριον
451 587 692 641 διδάσκει
726 585 915 654 λέγων’
934 587 1126 653 Κύριε,
1150 585 1221 636 ἐν
1242 581 1315 650 τῇ
1337 583 1507 635 πόλει
1529 597 1644 634 σου
1678 581 1792 648 τὴν

191 680 410 734 εἰκόνα
433 677 635 732 αὐτῶν
658 676 1105 741 ἐξουδενώσεις.
1139 673 1330 728 Ἔνθεν
1358 673 1581 736 εἰκότως
1607 674 1636 725 6
1652 673 1792 736 θεῖος

206 767 564 832 ’Δπόστολος,
582 769 739 822 πόλιν
755 767 1002 840 οὐράνιον
1022 766 1156 821 Θεοῦ
1175 765 1330 828 εἰδὼς
1352 764 1554 833 ἔλεγεν·
1569 767 1792 832 Προσε-

187 862 555 931 ληλύθαμεν
584 859 737 915 Σιὼν
766 858 886 928 ὄρει
923 859 1018 913 καὶ
1056 860 1228 912 πόλει
1265 855 1414 911 Θεοῦ
1451 855 1666 920 ζῶντος
1697 855 1792 908 Ἱε-

181 957 438 1022 ρουσαλ
449 953 527 1022 iui
555 952 908 1021 ἐπουρανίῳ-
939 951 1034 1004 καὶ
1063 950 1242 1004 πάλινο
1278 946 1424 1002 Ἡδὲ
1453 947 1793 1015 ἆνωἹερου-

184 1045 416 1115 cuius
452 1045 740 1113 ἐλευθέρα
784 1043 936 1098 ἐστί.
983 1043 1200 1112 Ταύτην
1234 1036 1326 1094 οὖν
1376 1041 1470 1093 καὶ
1521 1040 1549 1092 6
1602 1036 1792 1108 παρὼν

190 1123 504 1210 Προέρήτης
528 1137 627 1210 τὴν
654 1137 808 1191 πόλιν
829 1135 922 1190 τοῦ
944 1135 1078 1188 Θεοῦ
1103 1135 1355 1205 σημαίνει
1375 1133 1569 1202 λέγων·
1592 1132 1789 1199 Κύριε,

187 1233 268 1286 ἐν
291 1232 374 1301 τῇ
393 1235 568 1287 πόλει
607 1247 723 1286 σου
763 1231 876 1300 τὴν
904 1232 1105 1285 εἰκόνα
1125 1228 1323 1285 αὐτῶν
1341 1226 1788 1292 ἐξουδενώσεις.

187 1326 262 1378 Εἰ
289 1327 394 1396 μὲν
422 1325 532 1394 γὰρ
557 1322 722 1396 ἦσαν,
750 1323 914 1395 φησὶ,
959 1321 1293 1392 φυλάξαντες
1325 1319 1422 1392 τὴν
1456 1319 1553 1392 σὴν
1587 1319 1789 1385 εἰκόνα,

189 1417 434 1481 εἰκότως
467 1418 560 1470 καὶ
603 1418 701 1488 τῆς
748 1416 846 1486 σῆς
891 1415 1099 1479 πόλεως
1129 1413 1484 1486 κατηξιοῦντο
1513 1431 1526 1443 ·
1581 1413 1704 1465 ἐπεὶ
1734 1412 1792 1464 δὲ

183 1505 516 1572 ἄνθρωπος
539 1505 610 1558 ἐν
637 1503 775 1574 τιμῇ
804 1503 889 1556 ὢν
913 1506 985 1558 οὺ
1011 1503 1266 1572 συνῆκε,
1297 1502 1790 1572 παρεσυνεϐλήθη

187 1597 324 1664 τοῖς
359 1598 610 1667 κτήνεσι
647 1598 770 1664 τοῖς
811 1598 1112 1667 ἀνοήτοις,
1149 1598 1247 1652 καί
1272 1597 1536 1667 ὡμοιώθη
1567 1595 1790 1662 αὐτοῖς,

188 1687 482 1757 ἀναλόγως
511 1705 570 1740 τε
597 1689 662 1759 τῇ
687 1687 880 1740 ἑαυτοῦ
945 1687 1111 1758 κακίᾳ
1149 1687 1339 1742 ἑαυτὸν
1372 1687 1794 1758 μετεμόρφωσεν

187 1780 276 1844 εἰς
309 1780 514 1851 ἀγρίου
537 1779 702 1852 θηρὸς
734 1781 932 1850 τρόπον
961 1797 1042 1843 τε,
1071 1779 1264 1848 γέγονέ
1285 1797 1342 1832 τε
1367 1779 1532 1842 ἵππος
1549 1777 1680 1849 θηλυ
1689 1796 1792 1849 μα-

187 1872 316 1943 vix,
351 1873 386 1944 ἢ
420 1872 585 1936 λύκος
613 1873 972 1945 ἁρπακτικὸς,
1021 1873 1053 1944 ἦ
1081 1873 1204 1941 ὄφις
1233 1873 1327 1926 καὶ
1350 1872 1596 1943 γέννημα
1645 1871 1787 1942 έχιδ·

188 1965 327 2027 νῶν,
367 1965 402 2034 ἢ
436 1964 566 2018 ἄλλο
605 1981 658 2017 τι
683 1962 892 2027 τούτοις
938 1962 1338 2034 παραπλήσιον’
1386 1962 1574 2016 τούτου
1627 1963 1785 2033 χάριν

187 2056 393 2130 ὥσπερ
445 2056 694 2128 κίὸδηλον
738 2057 982 2129 νόμισμα
1021 2056 1118 2128 τὴν
1165 2055 1418 2127 τοιαύτην
1457 2055 1638 2108 εἰκόνα
1686 2055 1786 2126 τῆς

187 2151 398 2205 ἑαυτοῦ
439 2151 644 2216 πόλεως
670 2151 998 2223 ἀπορρίπτει
1023 2152 1051 2204 6
1077 2148 1232 2212 Θεὸς,
1275 2148 1560 2214 ἐξουδενῶν
1592 2147 1782 2220 αὐτὴν,

187 2243 318 2296 οὐδὲ
365 2241 528 2309 ἀξίαν
571 2243 773 2315 κρίνων
813 2242 920 2296 τῶν
963 2243 1021 2294 ἐν
1069 2243 1138 2312 τῇ
1192 2240 1341 2294 πόλει
1368 2240 1534 2294 αὐτοῦ
1583 2240 1780 2310 μονῶν.

188 2333 404 2386 Πολλαὶ
452 2334 560 2405 γὰρ
614 2333 774 2404 μοναὶ
820 2333 971 2404 παρὰ
1012 2331 1090 2403 τῷ
1115 2333 1307 2403 Πατρί’
1335 2331 1401 2385 δι’
1434 2332 1463 2385 6
1504 2331 1779 2386 λέλεκται·

189 2428 397 2495 Κύριε,
426 2425 499 2478 ἐν
523 2422 598 2491 τῇ
622 2423 790 2476 πόλει
807 2438 922 2476 σου
949 2420 1063 2490 τὴν
1088 2423 1291 2474 εἰκόνα
1318 2421 1516 2475 αὐτῶν
1543 2421 1782 2486 ἐξουθε-

187 2519 436 2587 νήσεις.
496 2515 666 2569 Τοῦτο
704 2514 806 2585 μὲν
853 2509 945 2567 οὖν
985 2512 1337 2584 προφητικῶς
1374 2515 1402 2564 6
1445 2513 1616 2583 Ἀσάφ
1649 2515 1785 2566 ἀπε-

189 2610 497 2681 φθέγξατο,
529 2607 717 2677 ὥσπερ
750 2605 1088 2670 ἐπιθειάσας,
1123 2603 1296 2658 καὶτὸ
1323 2605 1514 2676 μέλλον
1543 2623 1784 2674 πεφωτι-

192 2703 426 2773 σμένοις
451 2699 631 2770 ψυχῆς
658 2698 955 2769 ὀφθαλμοῖς
993 2695 1337 2767 τεθεαμένος.
1377 2697 1488 2768 Τὴν
1515 2697 1571 2750 δὲ
1606 2698 1784 2750 αἰτίαν

188 2795 257 2848 δι’
287 2794 362 2864 ἢν
405 2791 682 2864 ἐφωτίσθη
711 2791 808 2863 τὴν
851 2790 1005 2844 πόλιν
1029 2788 1124 2844 τοῦ
1153 2787 1290 2842 Θεοῦ
1326 2789 1577 2855 συνιδεῖν,
1613 2789 1782 2861 παρί-

194 2904 358 2958 στησι
385 2887 564 2955 λέγων
593 2885 740 2956 ἑξῆς

267 3073 403 3124 Ὀτι
439 3069 732 3137 ἐξεκαύθη
753 3068 790 3136 ὴ
810 3067 1022 3136 καρδία
1046 3085 1187 3136 μου,
1211 3067 1308 3121 καὶ
1347 3069 1402 3121 οἱ
1439 3070 1646 3138 νεφροί
1666 3088 1786 3138 μου

1900 581 2275 634 sanctuarium
2307 581 2501 635 edocet
2528 581 2616 636 his
2647 582 2848 641 verbis,
2883 578 3126 647 Domine,
3167 579 3221 630 in
3261 577 3477 631 civitate

1900 679 1989 722 tua
2021 671 2304 740 imaginem
2339 671 2574 738 ipsorum
2597 670 2666 725 ad
2692 670 2914 724 nihilum
2936 667 3159 738 redigas.
3187 666 3342 722 Unde
3365 685 3482 722 mo-

1897 763 2006 815 rito
2036 761 2196 818 divus
2229 763 2547 833 Apostolus,
2577 763 2744 834 utqui
2775 764 3054 819 cmlcstem
3077 761 3170 817 Dei
3196 761 3480 816 civitatem

1897 870 2104 922 nosset,
2141 857 2397 912 dicebat:
2435 857 2763 911 Accessimus
2785 858 2854 910 ad
2891 856 3019 911 Sion
3047 865 3295 916 montem,
3334 863 3383 908 et
3405 855 3482 906 ci-

1897 954 2108 1006 vitatem
2147 949 2242 1004 Dei
2291 950 2506 1003 viventis
2536 947 2837 1002 Jerusalem
2890 948 3214 1012 cmlcstem‘;
3251 960 3315 999 ac
3353 959 3483 997 rur-

1897 1059 2016 1100 sum
2037 1063 2050 1098 :
2072 1042 2099 1097 1
2105 1043 2178 1097 lla
2211 1057 2328 1096 vero
2348 1057 2465 1111 qua:
2496 1057 2706 1094 sursum
2723 1049 2796 1094 est
2813 1038 3133 1102 Jerusalem,
3157 1037 3323 1092 libera
3344 1042 3422 1088 est
3436 1038 3482 1090 ⁸.

1897 1133 2050 1188 Hanc
2073 1134 2259 1203 itaque
2289 1131 2383 1187 Dei
2407 1132 2680 1186 civitatem
2705 1130 2976 1201 Pmpheta
3016 1130 3109 1200 qui
3147 1129 3259 1199 jam
3296 1127 3483 1198 loqui-

1895 1233 1986 1280 tur
2039 1225 2119 1281 sic
2173 1223 2416 1279 indicat:
2456 1223 2694 1287 Domine,
2736 1225 2787 1276 in
2837 1224 3046 1277 civitate
3075 1231 3164 1276 tua
3191 1223 3474 1291 imaginem

1895 1320 2131 1387 ipsorum
2159 1317 2227 1372 ad
2263 1317 2484 1371 nihilum
2524 1316 2744 1386 rediges.
2777 1315 2912 1370 Nam
2949 1316 3016 1383 si,
3041 1315 3240 1387 inquit,
3274 1315 3471 1386 imagi-

1897 1424 2020 1464 nem
2054 1413 2475 1462 conservassent
2527 1415 2701 1468 tuam,
2736 1405 2930 1458 merito
2964 1405 3184 1460 civitate
3245 1421 3468 1476 quoque

1895 1510 1990 1554 tua
2020 1499 2211 1554 donati
2241 1505 2428 1553 essent
2458 1516 2471 1551 :
2506 1504 2562 1550 at
2592 1497 2720 1566 quia
2751 1495 2904 1551 homo
2941 1513 3058 1550 cum
3087 1498 3140 1550 in
3167 1497 3364 1551 honore
3395 1513 3474 1551 es-

1895 1601 1993 1656 set,
2031 1609 2134 1646 non
2169 1591 2429 1646 intellexit
2477 1605 2496 1642 :
2552 1601 2891 1656 comparatus
2945 1599 3022 1644 est
3050 1590 3308 1657 jumentis
3338 1590 3474 1644 insia

1895 1685 2176 1758 pientibus,
2221 1695 2270 1739 et
2313 1685 2506 1739 similis
2543 1683 2716 1752 factus
2765 1695 2842 1739 est
2888 1684 2998 1738 illis
3025 1687 3072 1748 ⁸,
3113 1695 3274 1755 atque
3306 1683 3472 1739 modo

1897 1783 2116 1837 malitiae
2169 1796 2283 1836 suae
2315 1781 2637 1850 congruenti
2669 1794 2792 1835 sese
2825 1781 2878 1834 in
2912 1780 3143 1855 agrestis
3176 1780 3303 1835 fera:
3347 1796 3470 1835 mo-

1894 1890 2010 1930 rem
2027 1874 2440 1937 transmutavit,
2483 1872 2885 1943 factusquevest
2914 1888 3090 1941 equus
3119 1873 3468 1937 emissarius,

1894 1976 1987 2023 aut
2014 1967 2189 2038 lupus-
2210 1982 2402 2037 rapax,
2459 1975 2553 2019 aut
2603 1950 2830 2036 serpens
2859 1973 2913 2018 et
2949 1963 3204 2036 genimen
3253 1966 3470 2036 vipera-

1892 2075 2037 2126 rum,
2072 2060 2187 2115 sive
2225 2059 2361 2130 quid
2411 2057 2479 2114 iis
2521 2057 2735 2123 simile;
2797 2055 2922 2111 ideo
2977 2057 3140 2110 talem
3175 2057 3470 2127 imaginem

1891 2151 2048 2222 quasi
2098 2150 2468 2205 adulterinum
2510 2148 2784 2204 numisma
2836 2164 2902 2203 ex
2937 2148 3156 2202 civitate
3191 2164 3291 2204 sua
3324 2147 3470 2204 Dens

1892 2243 2099 2313 abiicit,
2133 2243 2201 2296 ad
2246 2243 2475 2296 nihilum
2513 2242 2729 2312 redigit,
2774 2255 2950 2309 neque
2987 2240 3205 2312 dignam
3260 2239 3474 2309 judicat

1891 2338 2000 2392 illis
2032 2335 2276 2390 civitatis
2308 2334 2854 2399 suainiansionibus.
2904 2331 3039 2386 Nam
3074 2332 3220 2403 apud
3250 2331 3466 2386 Patrem

1893 2426 2208 2481 mansiones
2231 2425 2416 2479 multa:
2445 2433 2592 2478 sunt.
2620 2424 2800 2489 Quare
2827 2423 3034 2477 dictum
3067 2430 3153 2478 est
3185 2442 3205 2476 ες
3227 2422 3470 2485 Domine,

1890 2518 1945 2570 in
1973 2518 2190 2572 civitate
2223 2526 2315 2570 tua
2348 2517 2633 2586 imaginem
2688 2517 2919 2585 ipsorum
2958 2514 3027 2568 ad
3069 2514 3295 2568 nihilum
3331 2513 3473 2566 redi-

1890 2626 2000 2682 ges.
2036 2607 2149 2664 lloc
2179 2609 2364 2677 itaque"
2389 2605 2706 2676 prophetico
2729 2605 2910 2676 Asaph
2933 2593 3088 2675 quasi
3130 2602 3342 2656 amatus
3361 2601 3474 2654 Nu-

1892 2703 2059 2768 mine,
2089 2715 2152 2754 ac
2195 2695 2518 2754 illuminatis
2558 2698 2761 2753 mentis
2800 2697 2977 2752 oculis
3010 2696 3194 2750 futura
3220 2703 3471 2747 contem-

1893 2795 2094 2866 platus,
2128 2793 2346 2848 locutus
2380 2799 2489 2846 est.
2517 2791 2753 2846 Causam
2793 2805 2925 2844 vero
2975 2803 3076 2842 cur
3127 2787 3471 2842 illuminatus

1897 2886 1968 2941 sit
1997 2885 2065 2940 ad
2095 2885 2375 2961 civitatem
2410 2883 2503 2947 Dei
2532 2881 2982 2961 conspiciendam
3012 2895 3137 2934 mox
3181 2877 3357 2961 aperit
3385 2875 3470 2928 di-

1895 2993 2027 3034 cens
2061 2997 2074 3032 ε
2260 2959 2263 2961 -
2676 2958 2678 2961 Ι
3198 2957 3202 2962 ι

1967 3069 2133 3125 Vens.
2185 3069 2376 3122 21-24.
2422 3068 2561 3134 Quia
2592 3067 2986 3134 inﬂammatum
3043 3060 3130 3118 est
3151 3080 3247 3130 cor.
3274 3077 3470 3132 meum,

190 3160 641 3231 ἠλλοιώθησαν.
660 3159 872 3230 Ἐπειδὴ
888 3159 994 3231 γὰρ
1010 3157 1201 3228 ζηλῶν
1215 3159 1484 3229 ἐῦἱλωσα
1499 3159 1579 3226 τῷ
1593 3165 1787 3231 Κυρίῳ

1894 3173 1946 3218 et
1975 3180 2122 3219 renes
2150 3161 2250 3216 mei
2273 3159 2583 3216 commutati
2623 3169 2779 3216 sunt..
2799 3157 2937 3223 Quia
2974 3157 3118 3212 enim
3163 3156 3274 3210 zelo
3303 3157 3472 3210 zelavi

192 3252 339 3306 κατὰ
351 3251 446 3304 τὸν
461 3251 744 3322 προφήτην
765 3249 971 3311 Ἠλίαν,
987 3249 1309 3321 ὲξειλκόμην
1319 3268 1378 3302 τε
1389 3253 1498 3315 τοῖς
1513 3256 1790 3326 λογισμοῖς

191 3340 340 3414 ὀρῶν
352 3340 572 3402 ἀσεϐεῖς
593 3337 1045 3409 εὐθυμουμένους
1063 3337 1198 3392 ἀλλὰ
1217 3340 1309 3394 καὶ
1330 3341 1647 3414 ὲπυρούμην
1666 3346 1791 3408 τοὺς

193 3430 436 3502 νεφροὺς
457 3430 552 3495 καὶ
567 3427 635 3482 τά
657 3427 796 3498 βάθη
819 3429 888 3483 τὰ
914 3426 1119 3500 κρύφια
1131 3428 1232 3498 τῆς
1243 3431 1483 3499 ἐμαυτοῦ
1500 3432 1699 3504 ψυχῆς
1721 3433 1788 3488 δι’

191 3525 222 3577 6
243 3524 342 3578 καὶ
363 3522 570 3590 ελεγον,
604 3522 726 3574 ’Ότι
749 3519 1020 3587 ἐζήλωσα
1050 3520 1150 3573 ἐπὶ
1183 3521 1308 3588 τοῖς
1333 3522 1599 3592 ἀνόμοις,
1635 3525 1792 3594 sim}-

192 3633 316 3686 νην
343 3612 711 3684 ἁμαρτωλῶν
738 3612 985 3680 θεωρῶν-⁸
1022 3611 1211 3666 τούτου
1239 3613 1398 3685 χάριν
1414 3613 1654 3686 ἠξιώθην
1680 3634 1791 3686 φω-

195 3708 456 3780 τισθῆναι
487 3707 593 3759 ὑπὸ
615 3707 708 3760 τοῦ
737 3705 1052 3776 Πνεύματος
1084 3706 1178 3760 καὶ
1216 3707 1316 3777 τὴν
1350 3707 1503 3760 πόλιν
1538 3709 1664 3762 ἰδεῖν
1696 3709 1790 3762 τοῦ

193 3799 359 3866 Θεοῦ,
405 3799 532 3862 τούς
576 3815 634 3851 τε
667 3797 849 3863 ἀξίους
899 3799 1068 3870 αὐτῆς
1105 3799 1200 3852 καὶ⁹
1240 3801 1365 3864 τοὺς
1412 3801 1509 3872 μή.
1554 3803 1698 3856 Ἀντὶ
1734 3802 1792 3856 δὲ

190 3893 292 3948 τοῦ
312 3893 678 3962 ,Ἑξεκαύθη
713 3892 752 3959 ἢ
783 3892 997 3960 καρδία
1017 3908 1137 3961 μου
1156 3930 1171 3954 ,
1201 3893 1231 3945 6
1262 3892 1576 3964 Σύμμαχος,
1605 3897 1789 3949 Συνε-

190 3987 514 4050 atellam,
554 3986 738 4056 φησὶν,
769 3984 807 4051 ἡ
843 3985 1053 4053 καρδία
1067 4003 1187 4054 μου
1207 4024 1222 4050 ,
1249 3987 1346 4041 καὶ
1364 3987 1536 4052 ἐντὸς
1556 3987 1673 4041 τῶοο
1696 4005 1790 4042 νε-

193 4078 366 4149 φρῶν
393 4095 515 4148 μου
561 4075 916 4146 διελεγόμην
953 4076 1300 4146 ἀντιλέγων.
1332 4075 1444 4131 Εἶθ’
1485 4079 1613 4150 ὲξῆς
1641 4078 1791 4152 εἴρη-

197 4188 312 4224 ταιο
356 4171 468 4224 Καὶ
511 4168 627 4239 ἐγώ
668 4167 1168 4236 ἐξουθενημένος,
1221 4169 1318 4222 καὶ
1364 4171 1476 4224 οὐκ
1520 4170 1731 4242 ἔγνωκ’
1760 4173 1790 4226 6

196 4265 262 4335 δὴ
287 4263 624 4332 σαφέστερον
645 4261 991 4332 ήρμήνευσεν
1013 4261 1042 4313 6
1072 4260 1365 4332 Σύμμαχος
1383 4261 1574 4328 εἰπὼν,
1593 4265 1790 4332 Ἤμην

197 4357 266 4410 δὲ
295 4353 724 4424 ἀνεπιστήμων
753 4353 851 4406 καὶ
878 4351 964 4421 μὴ
1004 4353 1194 4419 εἰδώς·
1222 4355 1315 4407 καὶ
1345 4354 1521 4408 πάλιν·
1556 4356 1790 4422 Κτηνώ-

197 4447 310 4514 δης
327 4445 626 4515 ἐγενήθην
642 4445 800 4511 παρὰ
825 4445 927 4498 σοί
933 4460 948 4476 ⁸
979 4445 1011 4515 ἦ
1039 4445 1178 4498 κατὰ
1197 4445 1289 4497 τὸν
1315 4445 1626 4517 Σύμμαχον,
1644 4450 1790 4515 Κτη-

1894 3257 2121 3313 Domino
2146 3295 2161 3319 ,
2197 3253 2499 3310 secundum
2547 3250 2716 3304 Eliain
2747 3248 3068 3320 prophetam
3096 3249 3139 3312 τ,
3184 3252 3474 3320 cogitatio-

1893 3351 2164 3419 uibusque
2184 3345 2512 3416 detrahehar
2531 3349 2656 3399 cum
2681 3357 2962 3400 cernerem
2987 3344 3184 3414 impios
3210 3358 3472 3413 prospere

1895 3455 2091 3511 agere;
2124 3439 2234 3492 imo
2257 3437 2424 3492 etiam
2457 3449 2619 3490 renes
2662 3436 2769 3490 mei
2800 3449 3018 3489 necnon
3058 3431 3330 3504 profunda
3375 3447 3472 3487 oc-

1893 3538 2149 3604 cultaque
2192 3531 2387 3586 anima:
2437 3545 2572 3586 mea:
2617 3528 2954 3596 urebantur;
3017 3526 3140 3596 ideo
3195 3526 3469 3591 dicebam,

1895 3625 2036 3692 Quia
2060 3625 2226 3678 zelaoi
2252 3637 2408 3692 super
2436 3621 2666 3693 iniquos,
2696 3636 2882 3689 pacem
2909 3629 3246 3689 peccatorum
3269 3617 3469 3673 videns.

1893 3714 2074 3782 Quare
2105 3727 2430 3768 concessum
2456 3710 2588 3764 mihi
2632 3709 2732 3764 fuit
2765 3717 2825 3764 ut
2865 3710 3208 3774 illuminarer
3233 3708 3468 3780 aSpiri-

1891 3815 1949 3863 tu
2005 3815 2061 3863 et
2090 3805 2329 3862 viderem
2357 3806 2633 3862 civitatein
2686 3803 2800 3868 Dei,
2845 3797 3056 3858 necuim
3089 3820 3184 3860 eos
3231 3803 3325 3875 qui
3377 3803 3468 3858 illa

1894 3903 2011 3957 sive
2042 3900 2216 3972 digni,
2250 3899 2366 3954 sive
2396 3897 2605 3968 indigni
2636 3905 2784 3951 sunt.
2817 3895 2925 3950 Pro
2967 3897 3061 3950 illo
3105 3903 3311 3960 autem,
3372 3894 3470 3949 In-

1892 3995 2228 4062 flammatum
2256 4000 2334 4046 est
2381 4007 2470 4044 cor
2502 4005 2696 4052 meum,
2730 3987 3115 4059 Symmachus,
3173 3987 3466 4044 Contra/ie-

1893 4085 2068 4147 batur,
2101 4082 2298 4154 inquit,
2327 4097 2419 4134 cor
2453 4097 2648 4141 meum,
2677 4089 2726 4134 et
2765 4080 2910 4133 intra
2941 4096 3088 4133 renes
3117 4095 3255 4132 meos
3296 4080 3468 4134 ratio-

1893 4176 2114 4229 cinabar
2146 4173 2531 4228 contradicens.
2566 4171 2772 4226 Deinde
2801 4171 3005 4225 dicitur
3029 4191 3041 4224 :
3065 4170 3132 4225 Et
3154 4187 3246 4242 ego
3287 4171 3354 4225 ad
3387 4173 3468 4225 ni-

1891 4271 2059 4324 hilum
2095 4269 2340 4323 redactus
2371 4283 2512 4328 sum,
2543 4275 2591 4320 et
2615 4267 2844 4329 nescivi;
2873 4267 3019 4336 quod
3055 4266 3261 4322 clarius
3298 4268 3469 4322 inter-

1893 4371 2139 4434 pretatus
2182 4353 2683 4434 Symmachus‘est
2726 4359 2939 4421 dicens,
2980 4359 3143 4411 Eram
3181 4361 3382 4414 inscius
3418 4369 3469 4414 et

1892 4475 1996 4512 non
2023 4472 2356 4527 cognoscens.
2388 4453 2624 4526 Rursum
2661 4473 2674 4508 :
2712 4451 2778 4506 Ut
2799 4453 3098 4520 jumentum
3144 4453 3317 4520 factus
3351 4469 3470 4506 sum

197 4538 404 4605 νωδῶς
432 4537 744 4592 διετέλεσα
781 4536 939 4606 παρὰ
973 4537 1094 4591 σοι.
1127 4538 1234 4591 Καὶ
1275 4537 1408 4607 ἐγὼ,
1443 4539 1626 4610 φησὶν,
1665 4539 1787 4594 δια-

1894 4555 2031 4624 apud
2067 4561 2143 4616 te;
2176 4551 2292 4609 sive
2322 4548 2625 4606 secundum
2659 4545 3067 4618 Symmachum,
3105 4544 3344 4599 Junienti
3387 4547 3468 4598 in-

198 4630 430 4696 παντὸς
460 4628 611 4699 μετὰ
637 4628 772 4684 σοῦ·
802 4628 942 4682 κατὰ
958 4628 1015 4682 δὲ
1043 4629 1132 4681 τὸν
1160 4629 1474 4698 Σύμμαχον,
1507 4631 1617 4684 Καὶ
1648 4645 1791 4684 συν-

199 4727 362 4796 ήμην
408 4739 509 4779 σοι
553 4723 896 4788 διαπαντός.
936 4723 1000 4776 Εἰ
1058 4721 1166 4794 γάρ
1211 4721 1302 4775 καὶ
1342 4722 1412 4775 τὰ
1457 4722 1689 4792 μάλιστα
1721 4726 1783 4778 ού

205 4819 423 4888 συνείην
455 4817 585 4888 πρὶν
609 4815 940 4887 φωισθῆναι
967 4815 1061 4868 καὶ¹
1092 4814 1296 4883 γνῶναι
1317 4814 1386 4868 τὰ
1413 4816 1540 4884 περὶ
1562 4819 1658 4886 τῆς
1683 4817 1783 4887 σῆς

435 4906 755 4977 λελεγμένα,
781 4905 876 4959 καὶ
900 4906 968 4960 τὰ
1001 4906 1250 4978 περὶτῆς
1284 4908 1490 4972 εἰκόνος
1520 4907 1628 4961 τῶν
1656 4908 1784 4960 ἀσε-

205 5002 330 5055 ϐὦνο
367 5002 465 5055 καὶ
507 5000 557 5052 εἰ
584 4998 741 5068 δίκην
773 4998 970 5066 ἀλόγου
1015 4999 1246 5068 κτήνους
1273 4999 1548 5052 διετέλεσα
1587 5000 1782 5069 πρότε-

208 5114 294 5167 ρον
322 5094 682 5165 άνοηταίνων,
707 5093 799 5145 καὶ
829 5091 903 5164 μὴ
929 5091 1222 5163 δυνάμενος
1245 5093 1520 5146 ἐπιϐαλεῖν
1546 5096 1656 5157 τοῖς
1686 5094 1785 5164 τῆς

206 5191 300 5260 σῆς
334 5186 592 5259 προνοίας
626 5185 822 5253 λόγοις·
868 5186 1018 5256 ὅμως
1053 5187 1153 5239 οὐκ
1188 5186 1645 5257 ἀπελιμπανόμην
1688 5205 1782 5240 σου

205 5281 293 5336 τοῦ
314 5279 479 5342 Θεοῦ,
507 5279 629 5332 οὐδὲ
653 5279 940 5343 ἐξέπιπτον
953 5279 1048 5350 τῆς
1078 5279 1170 5332 ἐπὶ
1193 5279 1252 5331 σὲ
1276 5278 1508 5342 ἐλπίδος,
1538 5281 1667 5351 συνή
1677 5297 1784 5350 μην

207 5373 255 5426 δέ
283 5389 368 5427 σοι
404 5371 731 5434 διαπαντός·
776 5371 870 5424 καὶ
901 5370 1044 5424 τοῦτ’
1081 5371 1346 5444 ἔπραττον
1378 5372 1478 5424 ούκ
1519 5371 1579 5437 ἐξ
1617 5373 1787 5442 ἐμαυ-

208 5465 298 5517 τοῦ
322 5464 627 5534 δυνάμεως,
651 5463 766 5516 ἀλλ’
794 5465 857 5516 ὲκ
877 5462 978 5534 τῆς
1000 5464 1098 5534 σῆς
1127 5465 1368 5536 χάριτος.
1393 5465 1464 5518 Σὺ
1494 5465 1601 5536 γὰρ
1625 5466 1787 5529 αὐτὸς

211 5560 271 5627 τῇ
294 5556 495 5610 σαυτοῦ
524 5556 928 5631 φιλανθρωπίᾳ,
953 5561 1052 5628 τῆς
1087 5559 1226 5629 ὲμῆς
1256 5557 1435 5622 δεξιᾶς
1465 5558 1643 5628 χειρὸς
1669 5561 1788 5611 ἑπι-

214 5644 504 5717 λαϐόμενος
527 5687 542 5711 ,
575 5647 815 5716 συνεῖχες
847 5649 942 5700 καὶ
969 5639 1274 5718 διεκράτεις
1307 5648 1441 5719 πρὸς
1471 5649 1530 5700 τὸ
1574 5648 1648 5718 μὴ
1672 5648 1786 5700 δια-

1891 4651 2007 4694 star
2045 4649 2285 4694 versatus
2313 4655 2430 4692 sum
2457 4638 2596 4705 apud
2631 4646 2696 4691 te.
2746 4635 2814 4688 Et
2854 4651 2968 4706 ego,
3016 4635 3215 4705 inquit,
3268 4650 3469 4703 semper

1892 4742 2094 4793 tecum;
2125 4729 2426 4786 secundum
2444 4729 2830 4800 Symmachum
2858 4737 3061 4790 autem,
3089 4725 3156 4779 Et
3173 4743 3281 4780 una
3299 4735 3467 4780 tecum

1885 4840 2033 4876 eram
2056 4838 2278 4891 semper.
2302 4819 2419 4875 Etsi
2441 4820 2585 4875 enim
2622 4835 2732 4874 non
2759 4819 3121 4888 intelligebam
3147 4818 3466 4888 priusquam

1887 4916 2226 4970 illuminarcr
2246 4929 2312 4968 ac
2353 4928 2416 4967 ea
2445 4926 2832 4982 cognoscerem
2854 4927 2975 4982 quae
3009 4912 3076 4965 de
3099 4912 3326 4967 civitate
3349 4919 3464 4976 tua,
3505 4906 3508 4914 ’

1893 5023 2104 5063 necnon
2118 5022 2182 5062 ea
2209 5021 2330 5078 quae
2354 5005 2420 5061 de
2452 5006 2689 5076 imagine
2713 5007 3002 5075 impiorum
3032 5005 3178 5060 dicta
3213 5013 3375 5068 sunt;
3401 5021 3467 5059 ac

1889 5099 2108 5153 etiamsi
2133 5099 2307 5153 instar
2322 5098 2464 5153 bruti
2480 5098 2709 5166 jumenti
2735 5099 2886 5168 prius
2907 5096 3178 5168 degerem,
3199 5097 3468 5166 insipiens

1889 5201 1990 5241 nec
2013 5187 2362 5257 providentiae
2384 5195 2490 5242 tua:
2511 5185 2774 5243 rationem
2794 5187 3058 5257 attingere
3078 5187 3266 5240 valens
3286 5184 3303 5252 ;'
3322 5195 3467 5240 atta-

1891 5295 2016 5335 men
2039 5281 2135 5336 abs
2149 5288 2220 5344 te,
2242 5280 2402 5343 Deus,
2431 5297 2541 5339 non
2559 5281 2871 5344 deserehar,
2903 5295 3080 5350 neque
3106 5279 3204 5332 abs
3228 5293 3323 5348 spe
3347 5293 3466 5332 mea

1896 5373 1948 5426 in
1972 5385 2023 5427 te
2052 5375 2289 5444 reposita
2314 5373 2654 5436 excidebain,
2679 5373 2885 5445 tibique
2905 5387 3119 5441 semper
3140 5371 3391 5426 aderam:
3411 5379 3466 5424 et

1896 5463 1998 5519 hoc
2044 5465 2270 5535 agebam
2321 5479 2432 5518 non
2475 5479 2593 5519 mea
2638 5465 2856 5527 virtute,
2892 5463 2985 5518 sed
3018 5463 3191 5532 gratia
3233 5469 3346 5512 tua.
3383 5459 3464 5513 Tu

1893 5575 2130 5629 namque
2151 5559 2491 5612 humanitate
2514 5566 2628 5619 tua,
2652 5565 2864 5625 arrepta
2889 5570 3049 5609 manu
3075 5553 3297 5606 dextera
3319 5566 3460 5609 mea.

1893 5667 1980 5706 me
2014 5651 2300 5707 detinebas
2331 5651 2804 5720 astringe-basque,
2839 5657 2895 5700 ut
2940 5662 3007 5700 ne
3055 5643 3470 5700 cll'underentur

284 5821 304 5852 ⁸
328 5820 492 5877 Hebr.
527 5837 622 5889 xu,
649 5819 738 5874 2‘2.
842 5821 862 5852 '
892 5820 1066 5876 Galat.
1105 5837 1173 5882 iv,
1206 5820 1294 5874 ‘26.
1375 5822 1394 5849 “
1424 5819 1565 5875 Psal.
1597 5835 1796 5886 wau,
1833 5820 1922 5874 2|.
1999 5823 2018 5851 "
2045 5821 2084 5876 11
2115 5822 2242 5894 Reg.
2279 5840 2391 5888 imi,
2427 5821 2516 5878 10.
