3982 6440
509 344 653 424 sti”

1182 366 1454 427 susse"
1494 352 2172 425 cmss‘mmmsopp.
2214 356 2397 422 PARS
2434 358 2525 424 ιιι.
2564 362 3086 424 κέειιειιιετιαι.

3664 370 3759 441 888

506 476 735 562 vestigia
767 470 917 555 mea,
934 467 1126 560 neque.
1141 484 1307 561 pedes
1343 477 1693 544 moverentur
1719 503 1751 542 a
1778 502 1897 543 mea
1936 484 2080 558 apud

2186 486 2397 557 χεῖσθαι
2429 504 2531 558 μου
2572 486 2641 540 τά
2673 484 3007 559 διαδήματα,
3045 488 3178 559 μηδὲ
3203 490 3515 556 τουςπόδας
3548 508 3649 564 μου
3676 512 3738 547 σα

504 588 560 637 te
584 582 837 638 statione.
863 579 1212 654 QuaprOpter
1236 580 1364 635 dico
1399 599 1411 634 :
1454 578 1692 634 Teuuisti
1719 593 1933 631 manum
1953 576 2084 630 dex-

505 678 673 730 teram
716 670 908 730 meam.
937 672 1142 730 Bonam
1171 674 1374 745 quippe
1397 672 1676 728 dexteram
1715 670 1913 735 habui,
1942 684 2076 741 prm-

502 758 741 822 validam
774 776 828 821 et
859 771 1167 836 paternam,
1199 764 1424 820 dextera
1455 764 1641 818 omnia
1671 771 1725 818 et
1756 762 1855 818 tibi
1879 763 2082 833 placita

499 862 854 928 peragentem
895 873 909 912 :
942 860 1115 926 quare
1160 850 1379 925 arrepta
1445 855 1561 919 illa,
1603 855 1659 908 in
1692 854 1960 909 uoluntate
1990 868 2082 908 tua

500 946 773 1002 deduxisti
802 944 882 1001 me
900 946 1069 1012 ;'sive
1088 947 1391 1002 secundum
1420 938 1834 1019 Symmachum,
1859 948 2082 1002 consilio

501 1048 592 1093 tuo
620 1024 949 1102 duxistime,
990 1036 1021 1093 a
1052 1038 1285 1095 mortali
1314 1054 1401 1095 me
1431 1041 1541 1093 vita
1577 1032 1894 1104 traducens,
1929 1046 1984 1095 et
2012 1039 2081 1094 ad

499 1128 858 1198 tranquillum
893 1136 1183 1199 tutumque
1216 1127 1425 1198 requiei
1478 1134 1585 1182 tua:
1635 1134 1854 1197 portum
1909 1124 2082 1182 dedu-

500 1227 668 1286 cens;
704 1220 779 1273 ita
810 1224 870 1275 'ut
902 1220 948 1276 si
972 1217 1257 1273 dexteram
1289 1232 1463 1273 meam
1498 1233 1610 1273 non
1639 1217 1937 1285 tenuisses,
1962 1217 2079 1288 jam
2111 1228 2117 1255 τ

498 1313 630 1366 olim
681 1312 922 1382 qnaSi'a
966 1317 1222 1367 torrente
1255 1311 1540 1381 abreptus,
1571 1310 1914 1381 pedibusque
1949 1311 2082 1366 sub—
2114 1346 2117 1351 -

498 1407 715 1471 versus,
753 1404 809 1459 in
860 1412 1162 1459 extremam
1214 1404 1514 1474 perniciem
1567 1403 1825 1473 delapsus
1874 1417 2076 1458 esseni.

497 1488 925 1551 Nunc‘vcro‘tu
947 1496 1062 1566 ipse
1093 1496 1310 1551 tenuisti
1339 1506 1555 1549 nautium
1584 1495 1858 1549 dexteram
1884 1510 2076 1559 meam,
2109 1510 2116 1535 ι

496 1587 631 1641 erin
662 1587 931 1642 voluntate
964 1593 1058 1641 tua
1088 1586 1363 1641 deduxisti
1395 1596 1476 1640 me
1516 1601 1536 1639 :~
1582 1598 1647 1641 ac
1694 1587 1916 1641 demum
1955 1592 2117 1658 post

370 1750 375 1753 _
494 1685 829 1737 immoratas
880 1681 1214 1736 tentationes
1284 1686 1340 1736 et
1404 1685 1789 1750 tempestates
1837 1678 2079 1734 animam

498 1766 895 1845 perturbantes
922 1788 1124 1836 meam,
1171 1772 1293 1827 sine
1321 1770 1567 1840 periculo
1595 1784 1694 1841 per
1724 1768 1849 1825 vita:
1878 1768 2080 1825 ﬂuctus

2184 578 2436 634 λεύεσθαι
2458 580 2557 651 τῆς
2576 578 2729 652 παρά
2755 583 2838 633 σοὶ
2863 580 3125 645 στάσεως.
3157 582 3250 635 Διό
3284 600 3446 657 φημι·
3496 584 3739 653 Ἐκρότη

2184 682 2302 739 σας
2333 669 2445 738 τῆς
2466 670 2658 741 χειρὸς
2707 669 2819 740 τῆς
2851 669 3054 738 δεξιᾶς
3086 690 3226 741 μου.
3262 670 3420 745 Εἶχον
3451 675 3567 747 γὰρ
3606 674 3763 748 καλὴν

2182 760 2381 828 δεξιὰν,
2416 758 2854 836 ἐρρωμένηνκαὶ
2884 764 3154 837 πατρικὴν
3183 762 3284 835 (Ι),
3318 764 3387 819 τὰ
3422 765 3582 831 δεξιὰ
3600 766 3764 821 πάντα

2184 856 2279 911 καὶ
2292 857 2360 911 τά
2381 873 2465 910 σοι
2486 856 2692 927 ἀρεστά
2713 856 3090 930 ’πράττουσαν
3120 858 3187 913 δι’
3209 858 3241 911 6
3264 858 3763 931 ἐπιλαϐόμενοςαύ-

2183 952 2301 1024 τῆς,
2331 950 2407 1021 τῇ
2420 940 2767 1020 ,βουλῇσου
2805 949 3128 1021 ὠδήῃσάς
3159 966 3255 1020 με’
3292 951 3325 1022 ἢ
3353 952 3503 1008 κατὰ
3523 951 3618 1005 τὸν
3635 951 3766 1024 Σύμ.

2185 1062 2381 1117 μαχον,
2410 1034 2487 1114 τῇ
2505 1044 2846 1114 συμϐουλίᾳ
2882 1059 2999 1099 σου
3035 1038 3359 1114 ὡδήγησάς
3383 1061 3464 1115 με
3483 1084 3501 1109 ,
3532 1044 3626 1099 τὸν
3653 1043 3765 1118 θνη-

2182 1135 2275 1190 τὸν
2296 1133 2708 1206 διαπορθμεύων
2731 1131 2866 1204 βίον,
2902 1133 2996 1187 καὶ
3022 1134 3104 1197 είς
3122 1132 3298 1187 εὖδιον
3323 1134 3420 1188 καὶ
3448 1134 3668 1205 ἀσφαλῆ
3693 1134 3765 1187 λι-

2187 1229 2322 1301 μένα
2347 1229 2447 1301 τῆς
2480 1227 2631 1300 παρά
2660 1229 2745 1281 σοὶ
2779 1226 3139 1293 ἀναπαύσεως
3161 1228 3528 1301 χειραγωγῶν
3555 1245 3645 1298 με·
3679 1229 3765 1296 ὡς,

2183 1321 2238 1375 ei
2254 1338 2317 1391 γε
2344 1320 2419 1393 μὴ
2447 1322 2546 1392 τῆς
2572 1318 2755 1385 δεξιᾶς
2776 1321 2875 1392 τῆς
2900 1320 3041 1392 ἐμῆς
3066 1320 3455 1393 κεκρατήκεις,
3481 1320 3655 1375 πάλαι
3686 1321 3766 1384 ἀν,

2182 1412 2374 1485 ὥσπερ
2428 1413 2543 1467 ὑπὸ
2585 1412 2889 1485 χειμάρρου
2946 1413 3356 1485 κατασύραντος
3408 1413 3767 1487 περιτραπεὶς

2181 1504 2308 1567 τοὺς
2330 1504 2432 1575 τῆς
2454 1504 2630 1575 ψυχῆς
2651 1504 2841 1568 πόδας,
2858 1502 3115 1576 πτώματι
3139 1504 3509 1576 περιέπιπτον
3534 1506 3759 1580 ἐξαισίῳ.

2181 1594 2297 1649 Νῦν
2317 1595 2376 1649 δέ
2406 1595 2469 1648 σὺ
2497 1596 2661 1659 αὐτὸς
2684 1593 3023 1665 ἐκράτησας
3055 1596 3167 1665 τῆς
3194 1597 3393 1667 χειρὸς
3422 1596 3542 1667 τῆς
3578 1597 3768 1667 δεξιᾶς

2176 1703 2316 1758 μου,
2345 1686 2441 1740 καὶ
2468 1686 2540 1740 ἐν
2561 1683 2637 1755 τῇ
2652 1683 2858 1755 ,ϐουλῇ
2884 1701 3002 1741 σου
3022 1684 3343 1757 ὡδήγησάς
3356 1704 3460 1757 με.
3489 1687 3606 1742 Καὶ
3629 1689 3766 1754 τέλος

2184 1777 2323 1849 μετά
2348 1778 2473 1843 τοὺς
2496 1776 2834 1847 δηλωθέντας
2858 1773 3196 1851 πειρασμοὺς
3221 1780 3317 1835 καὶ
3336 1781 3470 1845 τοὺς
3502 1782 3789 1853 χειμῶνας

499 1844 797 1923 deductum
830 1882 948 1919 cum
968 1866 1144 1937 gloria
1176 1863 1458 1932 suscepisti
1490 1878 1593 1928 me,
1623 1862 1761 1917 nihil
1795 1861 1853 1916 in
1878 1868 1959 1917 tot
1988 1876 2081 1915 ca-

2181 1844 2309 1935 τοὺς
2330 1844 2841 1943 ἀναθορυδήσαντάς
2875 1844 2979 1942 μού
3016 1844 3115 1943 τήν
3145 1870 3358 1946 ψυχὴν,

500 1964 653 2019 sibu‘s
694 1962 1249 2035 'mali'perpessum.
1307 1956 1625 2015 Secundum
1688 1954 2117 2028 Symmachum:

498 2058 705 2120 autem,
738 2053 1037 2121 Postremo,
1072 2053 1168 2120 ait,
1189 2051 1357 2107 honor
1373 2066 1455 2104 me
1481 2049 1699 2119 excepit.

568 2344 738 2400 Vens.
768 2340 966 2398 95-28.
1013 2337 1156 2407 Quid
1172 2339 1311 2393 enim
1346 2337 1475 2391 mihi
1507 2346 1583 2392 est
1614 2335 1667 2390 in
1703 2335 1856 2402 caelo,
1885 2344 1936 2389 et
1966 2352 2000 2390 a
2031 2343 2081 2389 te

498 2437 622 2512 quid
648 2437 789 2492 volui
822 2426 984 2503 super
1011 2433 1251 2487 terram?
1280 2428 1458 2490 Tuus.
1502 2428 1717 2500 inquit,
1749 2443 1878 2502 erga
1908 2428 2081 2485 homi-

501 2548 601 2589 nes
625 2544 802 2596 amor,
826 2523 1207 2582 misericordia
1240 2522 1368 2578 item
1398 2528 1453 2577 ct
1487 2521 1660 2592 gratia
1692 2529 1805 2589 tua,
1832 2522 2080 2578 omnium

499 2612 635 2681 mihi
686 2623 958 2677 bonorum
1007 2631 1177 2673 causa
1224 2614 1346 2670 fuit.
1409 2612 1527 2668 Tua
1580 2613 1786 2685 quippe
1839 2613 2109 2669 bonitate.

499 2733 655 2780 usus,
694 2711 908 2769 tenuisti
949 2725 1165 2764 manum
1219 2707 1496 2762 dexteram
1529 2721 1723 2773 meam,
1756 2713 1811 2761 et
1843 2706 2077 2762 servasti

497 2824 606 2872 nne,
629 2807 703 2861 ita
734 2814 794 2859 ut
826 2816 927 2860 nec
962 2802 1131 2874 pedes
1162 2799 1271 2856 mei
1302 2806 1675 2864 moverentur,
1716 2814 1819 2855 nec
1853 2812 2078 2870 gressus

497 2887 1068 2958 mei’eﬂ'underentur.
1096 2894 1203 2952 Sed
1226 2894 1391 2950 etiam
1424 2910 1544 2949 cum
1588 2894 1764 2966 gloria
1801 2894 2080 2965 suscepisti

496 3009 616 3047 me:
636 2992 911 3073 quoniam
946 2989 1050 3044 hoc
1076 2986 1174 3042 tibi
1205 2994 1392 3056 utpote
1412 2985 1557 3040 bono
1590 2984 1703 3041 Deo
1732 2985 1912 3054 inest;
1944 2984 2078 3040 mihi

493 3085 637 3142 enim
663 3084 796 3139 nihil
823 3084 879 3138 in
909 3082 1052 3137 CtBlO
1077 3087 1199 3147 est;
1237 3091 1416 3150 neque
1444 3086 1506 3134 ut
1546 3078 1729 3135 debita
1782 3079 1915 3134 mihi
1961 3079 2078 3135 hac

2180 1960 2480 2026 ἀκινδύνως
2518 1962 2589 2015 τὰ
2622 1962 2716 2017 τοῦ
2759 1962 2875 2034 βίου
2900 1961 3175 2035 ῥεύματα,
3193 1964 3345 2035 μετὰ
3373 1964 3570 2035 δόξης
3601 1981 3766 2035 προσ-

2108 2082 2113 2091 ·
2180 2051 2403 2108 ελάϐου
2416 2070 2515 2123 με,
2539 2053 2703 2126 μηδὲν
2724 2053 3035 2108 πεπονθότα
3050 2055 3157 2108 ὑπὸ
3167 2053 3278 2108 τῶν
3298 2056 3601 2113 τοσούτων.
3619 2058 3764 2112 Κατὰ

2178 2145 2241 2200 δέ
2271 2142 2370 2201 τὸν
2401 2143 2733 2220 Σύμμαχον,
2752 2148 3068 2218 "rare-por,
3110 2148 3263 2221 φησὶ,
3292 2149 3436 2220 τιμὴ
3468 2148 3766 2216 διεδέξατό

2176 2253 2274 2306 με.
2418 2250 2426 2294 :
2676 2274 2681 2277 -
2995 2258 3000 2265 -

2234 2337 2320 2408 ’Τί
2348 2350 2460 2421 γάρ
2505 2370 2607 2423 μοι
2649 2350 2904 2423 ὑπάρχει
2932 2354 3003 2407 ἐν
3045 2351 3126 2420 τῷ
3167 2353 3422 2423 οὐρανῷ,
3478 2355 3586 2410 καὶ
3619 2357 3766 2424 παρὰ

2180 2442 2298 2499 σοῦ
2334 2444 2394 2498 τί
2423 2443 2696 2512 ἠθέλησα
2719 2444 2818 2498 ἐπὶ
2842 2442 2952 2513 τῆς
2982 2444 3133 2515 γῆςῖ
3176 2444 3238 2499 Ἡ
3267 2446 3335 2517 σὴ
3363 2446 3761 2519 φιλανθρωπία,

2181 2535 2338 2608 φησὶ,
2372 2535 2466 2591 καὶ
2498 2534 2559 2588 τὸ
2593 2535 2686 2590 σὺν
2716 2535 2865 2601 ἔλεος
2904 2538 3000 2590 καὶ
3031 2539 3064 2609 ή
3096 2536 3256 2609 χάρις
3287 2538 3515 2593 πάντων
3555 2556 3644 2609 μοι
3666 2538 3763 2593 τῶν

2180 2626 2402 2697 ἀγαθῶν
2442 2627 2666 2698 γέγονεν
2696 2628 2865 2683 αἰτία.
2903 2629 2981 2700 Τῇ
3024 2630 3134 2702 γὰρ
3183 2630 3381 2685 σαυτοῦ
3421 2630 3761 2703 χρησάμενος

2180 2720 2527 2796 ἀγαθωσύνῃ,
2552 2719 2893 2790 ἐκράτησας
2914 2718 3023 2792 τῆς
3044 2722 3241 2793 χειρὸς
3261 2721 3372 2792 τῆς
3396 2722 3611 2790 δεξιᾶς
3632 2740 3759 2793 μου.

2180 2809 2275 2866 κάι
2303 2811 2580 2877 διέσωσάς
2626 2830 2694 2883 με
2713 2851 2730 2878 ,
2772 2812 2914 2867 ὥστε
2956 2812 3034 2886 μὴ
3064 2813 3387 2885 σαλευθῆναι
3416 2814 3556 2878 τοὺς
3585 2814 3757 2877 πόδας,

2182 2906 2319 2977 μηδέ
2348 2905 2667 2978 διαχυθῆναι
2697 2923 2799 2977 μου
2822 2906 2892 2961 τά
2920 2906 3253 2980 διαδήματα.
3304 2906 3473 2963 Ἀλλά
3497 2906 3596 2961 καὶ
3626 2905 3761 2978 μετὰ

2178 2994 2370 3071 δόξης⁴
2385 2994 2767 3065 προσελάσου
2782 3012 2861 3067 με
2876 3011 2890 3025 ·
2939 2997 3237 3070 ἐπειδήπερ
3259 2998 3341 3052 σοὶ
3360 2999 3529 3053 τοῦτο
3544 2997 3621 3062 ὡς
3637 2999 3759 3067 ἀγα·

2180 3086 2258 3159 θῷ
2282 3087 2401 3160 Θεῷ
2432 3088 2694 3160 πάρεστιν
2712 3104 2727 3119 ⁸
2754 3087 2877 3159 ἐμοὶ
2902 3089 3011 3162 γάρ
3038 3089 3192 3145 οὐδὲν
3217 3090 3455 3163 ὑπάρχει
3486 3092 3549 3145 ἐν
3572 3090 3649 3162 τῷ
3674 3090 3760 3143 ού-

496 3183 890 3235 accesserunt:
917 3175 1104 3232 nullus
1138 3189 1272 3231 sane
1304 3175 1443 3232 mihi
1474 3175 1529 3230 in
1561 3175 1705 3229 cmlo
1735 3181 1844 3240 est,
1878 3174 1987 3230 nisi
2017 3184 2071 3229 tu

2180 3179 2330 3251 ρανῷ
2352 3220 2369 3245 ,
2417 3178 2538 3234 ούδέ
2582 3177 2724 3233 κατά
2772 3178 2994 3250 όφειλήν
3025 3196 3114 3251 μοι
3155 3179 3329 3234 ταῦτα
3358 3180 3624 3251 γέγονεν’
3655 3177 3759 3234 ἀλλ’

493 3264 669 3328 solus.
720 3268 905 3337 Quare
949 3268 1090 3323 nihil
1144 3268 1199 3322 in
1237 3275 1384 3323 terra
1414 3267 1563 3323 volui
1596 3267 1695 3322 abs
1721 3277 1774 3323 te
1800 3267 2073 3330 obtinere,

491 3350 671 3432 neque
701 3358 886 3430 optavi
912 3357 1173 3412 mortales
1202 3355 1489 3429 ﬂuxasque
1517 3373 1609 3415 res
1634 3357 1920 3429 consequi.
1946 3355 2078 3414 Jure

494 3463 678 3509 autem
714 3450 850 3506 nihil
883 3456 992 3503 ate
1014 3449 1162 3504 volui
1200 3448 1257 3503 in
1283 3457 1452 3515 terra,
1484 3449 1614 3520 quia
1635 3450 1890 3506 cmlcstes
1918 3465 2077 3505 man-

493 3547 678 3601 siones
709 3550 1077 3614 peroptarem,
1092 3548 1146 3596 et
1168 3539 1311 3597 bona
1335 3538 1426 3596 illa
1449 3540 1713 3612 consequi
1732 3548 2063 3611 expeterem.

493 3635 622 3691 Ideo
654 3633 1026 3696 tabescebam,
1059 3630 1341 3701 vitamque
1384 3631 1753 3697 macerabam,
1791 3646 1890 3687 eor
1936 3630 2077 3685 allii-

490 3720 710 3804 gebam,
740 3729 871 3801 quia
910 3737 966 3786 te
996 3729 1167 3785 Deum
1197 3729 1256 3783 in
1281 3728 1400 3800 spei
1447 3743 1581 3784 mea:
1625 3729 1933 3799 portionem
1970 3742 2073 3800 po-

491 3810 733 3880 sueram‘.
775 3820 1145 3889 Quamobrem
1189 3820 1314 3875 dico
1339 3839 1353 3873 :
1383 3818 1584 3890 Defecit
1614 3836 1740 3875 cara
1772 3837 1884 3874 mea
1911 3831 1960 3874 et
1982 3836 2075 3875 cor

491 3930 705 3980 meum;
741 3915 883 3970 Deus
933 3913 1110 3968 cordis
1144 3912 1247 3966 mei
1274 3921 1325 3967 et
1356 3927 1482 3981 pars
1516 3927 1633 3966 mea
1664 3911 1805 3966 Deus
1834 3911 1890 3966 in
1919 3922 2072 3966 wter-

489 4026 639 4066 num.
671 4008 814 4077 Quia
842 4024 959 4063 ecce
988 4009 1077 4078 qui
1105 4008 1467 4077 elongantsea
1492 4014 1561 4069 te,
1590 4004 1868 4074 peribunt:
1898 4004 2076 4075 perdi-

491 4092 623 4158 disti
653 4118 832 4157 omnes
851 4103 941 4173 qui
968 4102 1307 4172 fornicamur
1326 4099 1422 4155 abs
1443 4109 1511 4154 te.
1531 4096 1671 4153 Mihi
1688 4110 1866 4153 autem
1892 4099 2075 4154 adlue-

492 4208 609 4247 rere
641 4191 747 4246 Deo
782 4190 977 4246 bonum
1004 4200 1105 4257 est,
1135 4205 1326 4259 ponere
1360 4190 1418 4243 in
1447 4189 1677 4244 Domino
1698 4204 1841 4258 spem
1863 4206 2072 4255 meam;

492 4294 553 4340 ut
587 4286 900 4339 annuutiem
934 4300 1115 4339 omnes
1140 4282 1325 4337 Iaudes
1360 4291 1480 4337 tuas
1506 4283 1562 4336 in
1578 4284 1745 4353 portis
1774 4282 1904 4353 ﬁlia:
1918 4283 2070 4339 Sion.

494 4378 763 4450 Superius
801 4377 1022 4447 quidem
1060 4376 1311 4432 dicebam
1341 4395 1355 4431 :
1391 4373 1461 4430 Et
1495 4392 1589 4446 ego
1634 4391 1836 4445 semper
1864 4385 2072 4441 tecum;

488 4472 609 4526 sive
629 4470 932 4525 secundum
958 4468 1369 4541 Symmachum,
1396 4467 1463 4523 Et
1485 4486 1579 4540 ego
1604 4486 1710 4524 una
1737 4479 1905 4524 tecum
1920 4486 2070 4524 eram

2179 3271 2302 3325 οὐδὲ
2327 3269 2442 3325 ἔστι
2473 3271 2565 3343 μοί
2590 3287 2675 3335 τις
2696 3268 2856 3336 ἄλλος
2885 3273 2943 3326 ἐν
2965 3270 3044 3342 τῷ
3069 3269 3282 3344 ούρανῷ
3308 3271 3341 3344 ἢ
3374 3272 3440 3326 ob
3477 3271 3659 3345 μόνος.
3687 3272 3757 3325 Δι’

2179 3364 2208 3418 6
2235 3364 2388 3419 οῦδὲν
2428 3364 2521 3419 ἐπὶ
2550 3366 2648 3437 τῆς
2686 3365 2792 3436 γῆς
2836 3365 3075 3438 ἠθέλησα
3108 3364 3259 3437 παρὰ
3306 3365 3401 3418 σοῦ
3436 3364 3755 3438 κτήσασθαι,

2178 3455 2301 3511 οὐδὲ
2329 3454 2581 3528 ηὐξάμην
2607 3459 2794 3528 τυχεῖν
2823 3455 3035 3527 θνητῶν
3067 3457 3161 3511 καὶ
3191 3457 3475 3528 ἐπικήρων
3507 3457 3752 3532 πραγμά-

2176 3566 2307 3604 των.
2330 3548 2570 3613 Είκότως
2588 3549 2643 3603 δὲ
2666 3549 2819 3603 οὐδὲν
2842 3550 2994 3622 παρὰ
3015 3549 3109 3604 σοῦ
3133 3547 3373 3621 ἠθέλησα
3391 3549 3492 3603 ἐπὶ
3515 3550 3614 3622 τῆς
3634 3551 3754 3621 γῆς’

2176 3640 2275 3706 τὰς
2297 3641 2407 3713 γὰρ
2428 3643 2486 3695 ἐν
2511 3639 2725 3713 οὐρανῷ
2748 3640 2975 3697 ἐπόθουν
2994 3639 3300 3713 διατριϐὰς,
3324 3640 3421 3696 καὶ
3443 3641 3562 3695 τῶν
3584 3642 3754 3696 αὐτόθι

2177 3732 2399 3803 ἀγαθῶν
2430 3733 2612 3803 τυχεῖν
2644 3732 2913 3806 ηὐχόμην.
2967 3735 3044 3786 Δι’
3078 3733 3107 3787 6
3138 3733 3439 3806 κατέτηκον
3468 3734 3566 3789 τὸν
3597 3736 3753 3804 ἐμαυ-

2176 3823 2272 3879 τοῦ
2304 3822 2450 3895 βίον,
2487 3824 2582 3877 καὶ
2607 3822 2707 3895 τὴν
2739 3825 2833 3876 ἐπὶ
2864 3823 2970 3894 γῆς
3002 3822 3144 3895 ζωὴν
3173 3823 3513 3895 κατέτρυχον
3532 3865 3548 3890 ,
3578 3825 3676 3895 τήν
3699 3838 3751 3876 τι

2177 3916 2404 3989 καρδίαν
2433 3932 2533 3986 μου
2558 3915 2911 3980 κατεπόνουν,
2944 3915 3002 3969 σὲ
3030 3916 3189 3987 μόνον
3207 3914 3302 3969 τὸν
3320 3913 3455 3971 Θεὸν
3473 3919 3578 3989 τῆς
3598 3917 3752 3986 ἐμαυο

2174 4006 2269 4062 τοῦ
2304 4005 2517 4070 ἐλπίδος
2549 4005 2743 4077 μερίδα
2768 4005 3069 4078 τιθέμενος.
3123 4004 3285 4059 Ὅθεν
3314 4005 3495 4077 φημίι
3543 4004 3749 4071 Ἔξέλι-

2177 4114 2293 4153 πεν
2334 4099 2375 4167 ὴ
2420 4096 2578 4167 σάρξ
2619 4115 2739 4168 μου
2778 4096 2878 4151 καὶ
2910 4097 2948 4164 ἠ
2985 4096 3200 4166 καρδία
3225 4113 3377 4167 μουο
3413 4099 3447 4152 ό
3486 4095 3632 4164 Θεὸς
3654 4093 3750 4162 τῆς

2176 4188 2424 4260 καρδίας
2449 4207 2591 4260 μου,
2616 4189 2715 4242 καὶ
2750 4189 2789 4258 ἡ
2822 4189 2993 4259 μερίς
3007 4205 3126 4257 μου
3143 4191 3176 4243 ό
3205 4187 3350 4255 Θεὸς
3374 4189 3466 4256 είς
3493 4189 3604 4243 τὸν
3630 4185 3748 4241 αἱῶ-

2174 4297 2272 4337 να.
2328 4282 2458 4335 Ὀτι
2493 4278 2623 4334 ίδοὺ
2678 4282 2733 4334 oi
2758 4280 3170 4349 μακρύνοντες
3202 4278 3460 4347 ἑαυτοὺς
3484 4280 3607 4336 ἀπὸ
3645 4275 3747 4333 σοῦ

2175 4372 2546 4429 ἀπολοῦνται
2561 4390 2575 4404 ·
2591 4370 3045 4441 ἐξωλόθρευσας
3064 4371 3259 4426 πάντα
3274 4371 3382 4426 τὸν
3395 4371 3744 4441 «ope-stimo

2177 4465 2296 4520 ἀπὸ
2326 4464 2464 4520 σοῦ.
2495 4464 2651 4535 Ἐμοὶ
2680 4464 2749 4518 δὲ
2767 4464 2834 4519 τὸ
2855 4462 3355 4533 προσκολλᾶσθαι
3381 4462 3464 4530 τῷ
3490 4466 3614 4533 Θεῳ
3629 4462 3745 4533 ἁγα-

488 4579 730 4639 semper;
766 4563 1023 4618 nimirum
1054 4563 1179 4627 (ide,
1212 4562 1496 4619 voluntate
1530 4574 1585 4619 et
1622 4562 1917 4619 dilectione
1942 4578 2071 4634 erga

2180 4560 2287 4615 θόν
2312 4559 2466 4624 ἐστι,
2499 4559 2761 4617 τίθεσθαι
2786 4558 2857 4613 ἐν
2882 4557 2964 4625 τῷ
2986 4558 3183 4629 Κυρίῳ
3215 4555 3332 4627 τὴν
3383 4557 3603 4612 ἐλπίδα
3620 4572 3743 4628 μου,

489 4667 544 4711 te
563 4671 684 4709 mea
712 4675 724 4710 :
754 4671 903 4710 nunc
944 4663 1126 4711 autem
1171 4670 1393 4711 causam
1437 4661 1625 4727 aperte
1654 4653 1874 4726 profero
1905 4670 2079 4727 quare

491 4763 601 4803 una
641 4756 824 4803 tecum
874 4762 1089 4818 semper
1118 4747 1336 4812 fuerim,
1369 4756 1532 4817 teque
1563 4747 1870 4819 portionem
1895 4761 2073 4803 meam

492 4840 795 4911 posuerim.
828 4838 1079 4895 Sciebam
1112 4840 1281 4906 enim,
1310 4854 1374 4895 ac
1398 4840 1558 4911 plane
1593 4853 1918 4911 persuasum
1939 4835 2076 4893 mihi

453 4923 471 4948 ’
491 4939 631 4995 erat,
664 4931 923 5001 quoniam
959 4930 1064 4996 Qui
1086 4930 1334 5001 elongant
1362 4946 1418 4984 se
1436 4947 1469 4982 a
1502 4939 1570 4997 te,
1598 4930 1841 4999 peribunt
1866 4945 1885 4983 :
1905 4944 2078 5001 quare

491 5037 603 5079 non
649 5037 738 5077 me
770 5022 869 5077 abs
898 5029 951 5075 te
981 5021 1186 5085 amovi,
1218 5020 1435 5077 etiamsi
1489 5021 1811 5075 oeconomiae
1840 5027 1949 5074 tua:
1984 5034 2076 5074 ra-

493 5118 700 5171 tionem
731 5114 1068 5185 ignorarem,
1119 5112 1218 5169 sed
1266 5127 1377 5167 una
1416 5120 1598 5168 tecum
1629 5126 1781 5169 eram
1832 5127 2072 5184 semper.

496 5208 632 5264 Sese
666 5221 830 5279 porro
884 5221 914 5260 a
961 5205 1075 5262 Deo
1116 5216 1373 5262 amovent
1428 5212 1701 5278 quotquot
1733 5204 1977 5276 peccatis
2021 5214 2077 5261 et

495 5301 674 5356 atheis
703 5300 998 5372 impiisque
1033 5297 1459 5369 cogitationibus
1482 5312 1542 5353 se
1569 5296 1680 5354 Deo
1699 5296 1910 5354 alienos
1937 5312 2076 5352 con-

494 5394 731 5449 stituunt
784 5411 798 5447 :
853 5390 946 5463 qui
997 5396 1205 5461 quanto
1253 5389 1474 5460 longius
1528 5388 1597 5443 ab
1646 5403 1713 5445 eo
1760 5387 2074 5453 discedunt,

494 5495 646 5542 tanto
682 5484 946 5556 perniciei
981 5481 1344 5554 propinquius
1372 5479 1681 5547 accedunt;
1714 5489 1773 5536 ut
1797 5480 1916 5538 vice
1948 5495 2074 5536 ver-

492 5594 576 5644 sa,
612 5576 725 5633 Deo
751 5575 1059 5648 conjuncti,
1090 5589 1218 5631 cum
1242 5574 1351 5629 vita
1400 5572 1753 5643 copulantur,
1783 5580 1839 5628 et
1888 5587 1917 5627 a
1949 5587 2075 5643 per-

491 5672 637 5729 nicie
669 5688 729 5728 se
762 5679 1036 5726 amarent.
1061 5666 1216 5726 Finis
1237 5682 1401 5741 porro
1428 5681 1620 5724 eorum
1647 5667 1743 5739 qui
1774 5681 1805 5723 a
1826 5665 1937 5723 Deo
1958 5666 2074 5724 dis-

566 5827 641 5898 (i)
676 5824 778 5882 Ms.
818 5826 1125 5898 πρακτικήν

2177 4650 2285 4706 τοῦ
2329 4651 2669 4722 ἐξαγγεῖλαι
2716 4650 2921 4717 πάσας
2954 4650 3063 4717 τὰς
3084 4651 3354 4717 αἰνέσεις
3381 4665 3501 4705 σου
3530 4651 3600 4704 ἐν
3634 4646 3744 4711 ταῖς

2178 4744 2400 4811 πύλαις
2431 4742 2541 4812 τῆς
2563 4742 2853 4814 θυγατρὸς
2884 4742 3058 4798 Σιών.
3109 4742 3391 4813 Ἀνωτέρω
3425 4743 3528 4813 μὲν
3558 4742 3741 4811 ἔλεγον.

2177 4835 2288 4892 Καὶ
2314 4835 2430 4907 ἐγὼ
2461 4834 2788 4903 διαπαντὸς
2812 4834 2965 4907 μετὰ
2994 4835 3140 4892 σοῦ·
3173 4835 3206 4907 ἥ
3243 4836 3386 4890 κατά
3410 4837 3507 4890 τὸν
3537 4835 3742 4906 Σύμμα-

2178 4946 2292 5000 χον,
2326 4931 2436 4985 Καὶ
2471 4929 2758 5002 συνήμην
2777 4946 2875 4986 σοι
2902 4929 3261 4997 διαπαντός·
3289 4931 3354 5001 τῇ
3390 4931 3576 4984 πίστει
3599 4927 3741 4999 δηλα-

2176 5020 2240 5093 δὴ
2272 5022 2366 5076 καὶ
2399 5025 2465 5095 τῇ
2502 5023 2820 5095 προαιρέσει
2849 5022 2944 5076 καὶ
2968 5026 3038 5094 τῇ
3062 5022 3198 5094 πρὸς
3232 5021 3293 5075 σὲ
3320 5022 3509 5095 ἀγάπῃ
3528 5040 3541 5054 -
3565 5020 3674 5077 νυνὶ
3691 5016 3739 5069 δὲ

2179 5115 2272 5168 καὶ
2295 5114 2392 5187 τὴν
2421 5116 2600 5169 αἰτίαν
2628 5115 2929 5187 καθίστημι
2951 5114 3211 5187 φανερὰν,
3232 5114 3299 5169 δι’
3320 5114 3388 5183 ἣν
3410 5117 3541 5185 συνή
3550 5130 3650 5186 μην
3667 5124 3738 5162 σοι

2177 5206 2471 5272 διαπαντὸς
2490 5246 2506 5273 ,
2537 5208 2631 5263 καὶ
2656 5208 2715 5260 σὲ
2752 5207 2944 5279 μερίδα
2976 5205 3233 5278 ἐτιθέμην
3257 5205 3518 5277 ἐμαυτοῦ.
3574 5201 3737 5276 ᾜδειν

2178 5300 2306 5371 γὰρ,
2325 5299 2420 5353 καὶ
2450 5299 2694 5372 ἀκριὸὦς
2724 5300 3090 5372 ἐπεπείσμην,
3119 5300 3202 5353 ὅτι
3248 5302 3312 5353 01
3350 5298 3743 5368 μακρύνοντεί*

2177 5391 2432 5459 ἑαυτοὺς
2449 5390 2569 5446 ἀπὸ
2593 5391 2710 5445 σοῦ
2740 5393 3138 5447 ἀπολοῦνται·
3168 5389 3235 5444 δι’
3262 5389 3291 5443 6
3323 5391 3425 5444 οὐκ
3453 5388 3736 5461 ἐμάκρυνον

2179 5483 2435 5553 ἐμαυτὸν,
2470 5482 2674 5554 καίπερ
2704 5482 2912 5553 ἀγνοιῖιν
2940 5486 3064 5549 τοὺς
3092 5482 3283 5553 λόγους
3309 5484 3408 5554 τῆς
3440 5484 3538 5554 σῆς
3557 5474 3736 5545 διωκήο

2181 5591 2319 5640 σεως
2343 5615 2359 5641 ,
2387 5574 2523 5631 ἀλλά
2562 5576 2811 5649 συνήμην
2842 5594 2923 5631 σοι
2953 5577 3261 5643 διαπαντός.
3321 5574 3662 5649 Μακρύνουσι
3686 5564 3735 5619 δὲ

2180 5667 2409 5734 ἑαυτοὺς
2436 5669 2493 5721 oi
2506 5670 2629 5735 ταῖς
2660 5669 2841 5725 αὐτῶν
2870 5670 3164 5742 ἁμαρτίαις
3196 5670 3292 5726 καὶ
3319 5671 3431 5734 τοῖς
3455 5665 3627 5729 ἀθέοις
3653 5654 3733 5716 καὶ
