3982 6440
177 400 312 500 ‘8“)

1327 403 1832 468 COMMENTARIA
1871 415 1939 506 lN
1977 417 2334 504 PSALMQS..

3303 467 3314 482 ν
3331 437 3456 512 ξῆδο

215 515 417 572 ἀσεϐέσι
463 515 740 604 λογισμοῖς
783 509 1094 589 ἀλλοτρίους
1139 519 1365 588 ἑαυτοὺς
1406 526 1773 594 καθιστῶντες

1875 507 2098 600 cedunt,
2137 509 2220 596 est
2265 541 2546 620 interitus,
2581 551 2766 615 utpote
2789 547 2882 617 qui
2912 563 2966 602 ο.
2995 547 3109 622 Deo
3136 567 3264 628 .eeu-
3291 551 3461 607 forni-

216 608 302 664 τοῦ
327 608 455 662 Θεοῦ
476 625 490 638 ·
521 609 715 672 οἵτινες
757 609 866 680 ὅσῳ
902 611 1236 683 πορρωτάτω
1267 615 1434 670 αὐτοῦ
1470 618 1771 687 γίγνονταιί

213 699 434 770 τοσούτῳ
457 702 522 772 τῇ
557 700 798 772 ἀπωλείᾳ
829 701 1216 774 πλησιάζουσιν
1235 723 1248 736 ·
1271 705 1346 772 ὡς
1378 701 1632 780 ἔμπαλιν,
1653 729 1774 766 συν⁴
1831 729 1838 734 ’

211 793 486 864 απτόμενοι
535 793 614 864 τῷ
657 793 796 864 Θεῷ,
830 797 894 866 τῇ
929 796 1026 865 μὲν
1050 798 1160 870 ζωῇ
1190 801 1569 866 συνάπτονται,
1591 799 1692 875 τῆς
1717 805 1776 858 δὲ

215 882 470 946 ἀπωλείας
497 881 886 955 μακρύνονται.
920 885 1083 950 Τέλος
1103 887 1158 940 δὲ
1187 887 1296 944 τῶν
1319 892 1542 956 ἑαυτοὺς
1569 887 1772 966 μακρυ⁹
1829 913 1842 922 ·

214 975 394 1030 νόντων
411 973 629 1046 δλεθρος
653 977 934 1046 τυγχάνει,
961 978 1055 1031 ἅτε
1079 979 1142 1050 δὴ
1167 981 1646 1054 ἐκπορνευσάντων
1667 987 1775 1040 ἀπὸ

213 1066 296 1122 τοῦ
326 1065 477 1120 Θεοῦ.
527 1065 591 1122 Ὀ
622 1067 720 1138 μὲν
743 1063 837 1121 οὖν
869 1069 1002 1133 Θεὸς
1033 1071 1224 1125 οὐδένα
1260 1075 1526 1148 μακρύνει
1553 1078 1771 1144 ἑαυτοῦ,

211 1160 318 1213 οὐδὲ
341 1159 636 1213 ἀπωθεῖται
652 1177 666 1190 ο
691 1160 806 1214 ἀλλ’
833 1161 1064 1226 ἕκαστος
1090 1165 1282 1218 ἑαυτὸν
1310 1167 1660 1241 ἀπαλλοτριοῖ
1679 1171 1773 1225 τοῦ

214 1252 351 1318 Θεοῦ,
377 1251 721 1323 ἐκπορνεύων
767 1255 860 1307 καὶ
883 1255 982 1326 τὴν
1009 1257 1204 1310 ἑαυτοῦ
1230 1258 1405 1332 ψυχὴν
1429 1261 1643 1316 ἔκδοτον
1671 1273 1776 1316 πα-

215 1345 438 1416 ραδιδοὺς
463 1343 578 1408 τοῖς
608 1345 702 1400 τοῦ
727 1345 862 1399 Θεοῦ
891 1349 1174 1412 ἐναντίοις.
1227 1353 1290 1404 Oi
1323 1353 1378 1405 δέ
1410 1353 1778 1425 μακρύνοντες

215 1435 418 1500 ἑαυτοὺς
441 1435 498 1499 ἐξ
516 1435 725 1500 οίκείας
750 1439 1124 1510 προαιρέσεως
1145 1441 1492 1497 ἐπισπῶνται
1507 1444 1627 1498 καθ’
1651 1447 1776 1500 ἐαυ-

213 1527 305 1581 τῶν
323 1527 418 1598 τὴν
439 1526 736 1583 ἀπώλειαν.
769 1529 1003 1593 Τούτους
1027 1530 1084 1584 δὲ
1111 1533 1178 1602 τῇ
1201 1531 1445 1604 ἀπωλείᾳ
1463 1533 1774 1589 οἰκειωθέν-

211 1635 299 1683 τας
321 1621 351 1672 δ
376 1618 506 1683 Θεὸς
535 1621 702 1684 αὐτὸς
725 1621 786 1673 τὸ
815 1621 942 1694 ἑξῆς
973 1622 1264 1694 διατίθησι.
1299 1625 1364 1678 Τί
1391 1625 1448 1680 δὲ
1480 1622 1548 1698 ἦν
1578 1626 1771 1694 τοῦτο;

181 1737 189 1742 -
223 1709 708 1778 Ἔξωλόθρευσας,
737 1714 869 1784 φησὶ
885 1752 900 1777 ,
924 1712 1120 1769 πάντα
1137 1713 1634 1786 τόγ’πορνεύοντα
1656 1722 1772 1776 ἀπὸ

211 1803 332 1857 σοῦ.
373 1803 634 1874 Πορνεύει
665 1805 722 1858 δὲ
747 1805 856 1858 ἀπὸ
883 1805 978 1858 τοῦ
1007 1805 1142 1860 Θεοῦ
1163 1810 1192 1861 ὁ
1224 1808 1361 1878 μετά
1388 1809 1448 1864 τὸ
1479 1811 1774 1882 πλησιάσαι

1879 628 1986 681 cati
2019 628 2241 687 fuerint.
2273 631 2417 690 Deus
2449 638 2988 716 namqueneminem
3015 651 3457 716 amovet,neque

1879 711 1979 810 abs
2009 735 2068 777 se
2089 717 2351 794 repellit;
2402 729 2498 784 sed
2551 715 2788 810 quisque
2835 747 2957 787 sese
3007 711 3243 788 alienum
3281 711 3457 810 aulico

1879 803 2032 874 facit,
2062 807 2192 864 dum
2217 828 2317 868 ceu
2352 809 2676 882 fornicatur,
2711 807 3062 892 animamque
3109 838 3266 879 suam
3298 803 3453 880 (iddi-

1879 897 2056 953 titiam
2091 901 2330 962 inimicis
2357 907 2452 964 Dei
2481 895 2669 965 tradit.
2693 909 2796 978 Qui
2823 929 2954 968 vero
2987 917 3210 992 proprio
3239 895 3454 974 delectu

1879 1005 2001 1046 sese
2037 1004 2314 1074 amovent,
2349 999 2574 1054 exitium
2612 1003 2716 1058 sibi
2754 1003 3064 1082 attrahunt.
3093 1007 3165 1064 lis
3200 1025 3329 1065 vero
3357 1013 3454 1082 q’ui

1877 1095 2000 1136 sese
2035 1083 2292 1152 perniciei
2317 1087 2667 1159 dediderunt,
2703 1083 2845 1152 Deus
2877 1085 3024 1167 quod
3061 1079 3330 1172 superest
3360 1079 3470 1163 ad:

1830 1195 1836 1200 ·
1871 1172 2016 1264 jicit.
2054 1174 2192 1240 Quid
2238 1178 2370 1232 illud
2421 1183 2544 1237 est?
2573 1181 2885 1250 Perdidisti,
2927 1189 3123 1260 inquit,
3159 1210 3335 1247 omnes
3366 1175 3456 1264 qui

1876 1263 2215 1332 fornicamur
2238 1269 2332 1326 abs
2369 1283 2434 1326 te.
2464 1273 2789 1333 Fornicatur
2818 1295 2848 1332 a
2885 1279 3015 1346 Deo,
3047 1286 3138 1354 qui
3163 1263 3454 1357 postquam

1877 1359 1943 1413 ad
1973 1376 2096 1416 eum
2132 1365 2360 1434 propius
2387 1373 2723 1436 accesserat,
2746 1373 2815 1427 ab
2839 1374 2958 1445 ipso
2988 1371 3180 1447 procul
3224 1383 3452 1438 recedit.

1876 1447 1996 1519 ipse
2029 1467 2265 1524 namque
2289 1455 2580 1514 humanam
2602 1459 2841 1520 animam
2863 1465 3220 1538 desponsare,
3251 1481 3306 1526 et
3329 1489 3457 1544 pro-

1875 1541 1990 1608 pria
2027 1544 2237 1598 semina
2279 1546 2333 1601 in
2389 1549 2535 1604 illam
2579 1551 2764 1621 jacere
2816 1571 2922 1610 non
2963 1541 3454 1631 (ledignatur‘rilla

1875 1648 2006 1688 vero
2030 1638 2295 1720 recedens
2323 1641 2391 1696 ab
2433 1657 2517 1709 eo,
2555 1659 2787 1718 seseque
2837 1649 2959 1706 aliis
3012 1653 3310 1711 admovens
3362 1659 3456 1728 qui

1839 1763 1844 1768 .
1877 1717 2139 1782 fornicari
2165 1743 2305 1810 cum
2349 1748 2410 1788 ea
2445 1717 2994 1812 cupiunt,malignis
3012 1743 3221 1800 scilicet
3247 1717 3456 1816 spiriti-

1841 1855 1844 1860 .
1877 1816 2004 1880 bus,
2025 1823 2079 1873 et
2105 1807 2334 1891 impuris
2364 1825 2734 1892 daemonibus,
2773 1839 2867 1883 aut
2899 1831 3080 1902 impiis
3101 1829 3458 1906 cogitationi—

213 1895 342 1966 αὐτῷ
369 1895 650 1968 μακρύνας
678 1898 889 1960 ἑαυτόν.
943 1897 1115 1962 Αὐτὸς
1141 1901 1240 1970 μὲν
1269 1901 1378 1974 γὰρ
1410 1903 1504 1957 καὶ
1530 1895 1772 1976 νυμφεύ-

1876 1910 1998 1972 bus.
2047 1911 2164 1966 sive
2195 1913 2354 1969 fandis
2398 1915 2741 1988 impurisque
2773 1911 3134 1987 facinoribus,
3177 1913 3302 1996 jure
3335 1923 3458 1997 per-

213 1988 346 2042 εσθαι
363 1990 460 2044 οὐκ
477 1988 702 2054 ἀπαξιοί
715 1991 815 2062 τὴν
827 1990 1174 2064 ἀνθρωπίνην
1193 1993 1390 2066 ψυχὴν,
1410 1997 1502 2049 καὶ
1517 1997 1586 2050 τὰ
1600 2001 1772 2052 οἰκεῖα

215 2079 477 2149 σπέρματα
505 2081 564 2132 ἐν
592 2079 731 2151 αὐτῇ
761 2080 1195 2136 καταϐάλλεσθαι
1212 2101 1226 2114 ·
1277 2087 1310 2155 ἡ
1337 2085 1392 2138 δὲ
1423 2085 1774 2161 μακρύνουσα

209 2169 386 2242 ἑαυτὴν
405 2170 495 2224 καὶ
520 2171 730 2244 ἑτέροις
757 2171 1070 2244 παρέχουσα
1097 2177 1210 2238 τοῖς
1233 2179 1662 2248 καταπορνεύειν
1683 2180 1774 2232 αύ-

209 2261 308 2332 τὴν
323 2259 555 2314 ἐθέλουσι
574 2303 592 2326 ,
646 2263 918 2335 πνεύμασι
950 2269 1206 2337 πονηροῖς
1237 2269 1330 2342 καὶ
1359 2268 1608 2341 δαίμοσιν
1638 2272 1774 2326 ἀκα-

211 2350 425 2424 θάρτοις,
453 2353 485 2424 ἢ
520 2352 804 2426 λογισμοῖς
835 2355 1016 2420 ἀθέοις
1045 2360 1140 2413 καὶ
1167 2360 1444 2426 ἀσεϐέσιν,
1475 2363 1509 2434 ἣ
1541 2363 1770 2436 πράξεσι

215 2447 412 2514 μιαραῖς
432 2447 526 2500 καὶ
547 2446 904 2517 ἀκαθάρτοις,
921 2451 1145 2514 εἰκότως
1163 2451 1370 2524 ὀλέθρῳ
1391 2455 1768 2526 παραδίδοται.

209 2532 288 2588 Διὸ
305 2534 541 2594 λέλεκται
561 2554 576 2568 ·
618 2538 938 2608 Ἐξωῑόορε
946 2557 1098 2608 υσας
1117 2541 1314 2598 πάντα
1333 2545 1438 2599 τὸν
1457 2549 1773 2616 πορνεύον-

210 2641 273 2678 ra
293 2627 402 2681 ἀπὸ
421 2629 556 2684 σοῦ.
608 2629 772 2684 Ἀλλά
795 2631 904 2703 γὰρ
935 2633 1108 2687 ταῦτα
1133 2633 1293 2699 εἰδὼς
1319 2636 1453 2706 ἐγὼ,
1485 2639 1580 2694 καὶ
1613 2641 1770 2712 ἀκρι-

209 2717 306 2782 ϐῶς
319 2723 686 2793 πεπεισμένος
719 2725 966 2796 περὶτῆς
997 2727 1098 2798 σῆς
1117 2728 1334 2800 δικαίας
1355 2732 1592 2800 κρίσεως
1611 2773 1626 2793 ,
1672 2733 1772 2805 τὴν

214 2811 430 2866 ἐναντίαν
459 2813 688 2887 εἱλόμην
709 2819 818 2880 τοῖς
851 2817 1090 2883 ἀσεϐέσι,
1113 2817 1316 2895 καίπερ
1346 2823 1420 2896 μὴ
1443 2823 1580 2878 νοῶν
1607 2824 1675 2878 τὰ
1701 2825 1774 2879 σὰ

217 2905 464 2976 μυστήρια
483 2923 496 2938 ·
530 2907 672 2962 ἀλλά
705 2908 798 2962 καὶ
839 2913 1120 2984 κτηνὼδης
1156 2915 1444 2987 γενόμενος
1485 2919 1634 2989 παρά
1665 2919 1768 2984 σοὶ,

211 2996 340 3067 ὅμως
361 3005 602 3074 συνήμην
629 3003 712 3056 σοι
741 3003 1048 3067 διαπαντός.
1077 3007 1244 3061 Οὐδὲν
1267 3005 1380 3080 γὰρ’
1403 3011 1528 3082 ἐμοὶ
1555 3009 1769 3067 κάλλιον

214 3091 432 3159 ἐφαίνετο
453 3093 547 3146 τοῦ
571 3095 1008 3166 προσκολλᾶσθαι
1027 3113 1108 3150 σοι
1133 3098 1210 3170 τῷ
1226 3100 1344 3171 ἐμῷ
1365 3099 1505 3172 Θεῷ,
1527 3099 1620 3155 καὶ
1647 3103 1772 3156 ma-

213 3197 272 3235 τα
287 3185 538 3257 αἱρεῖσθαι
569 3187 716 3258 ἅπερ
767 3189 935 3253 αὐτὸς
963 3189 1168 3262 ὥρισας
1189 3193 1285 3246 καὶ
1305 3195 1575 3248 ἐνετείλω.
1611 3195 1768 3251 Οὕτω

213 3273 306 3346 γὰρ
379 3255 759 3348 κονιὶώμεπέος
781 3280 862 3346 τῷ
887 3255 1083 3350 Κυρίῳ
1107 3283 1178 3338 ἐν
1204 3285 1442 3356 πνεῦμά
1459 3289 1611 3343 ἐστι.
1647 3291 1767 3344 Διό·
1793 3255 1837 3313 c

215 3383 304 3438 περ
325 3369 438 3440 ἐμοὶ
459 3371 616 3424 οὐδὲν
644 3371 859 3426 κάλλιον
879 3375 1000 3429 οὐδὲ
1027 3371 1272 3448 κρεῖττον
1296 3381 1652 3450 κατεφαίνετο
1671 3382 1768 3436 τοῦ

215 3461 622 3527 προσκολλᾶσθαί
647 3481 750 3518 σοι.
786 3466 878 3519 Διό
899 3483 1060 3539 φημι,
1086 3469 1168 3522 ὅτι
1203 3471 1362 3540 Ἐμοὶ
1384 3473 1452 3527 τὸ
1477 3477 1770 3542 προσκολ-

211 3551 405 3608 λᾶσθαι
435 3555 512 3622 τῷ
538 3555 666 3622 Θεῷ
691 3559 916 3627 ἀγαθόν
937 3561 1125 3616 ἐστιν.
1150 3563 1214 3616 Et
1244 3563 1354 3635 γὰρ
1373 3561 1547 3630 οὐδεὶς
1565 3566 1770 3634 ἀγαθὸς

213 3645 254 3698 εἰ
279 3645 344 3717 μὴ
369 3644 506 3711 εἷς-δ
535 3649 676 3712 Θεὸς
694 3689 709 3713 ,
747 3649 910 3703 πόθεν
943 3651 1010 3704 ἂν
1039 3652 1251 3720 γένοιτο
1281 3656 1456 3728 ἑτέρῳ
1481 3652 1769 3727 τιοάγαθδν

215 3734 314 3806 ﬁt:
331 3739 418 3824 τοῦ
447 3739 888 3813 προσκολλᾶσθαι
911 3743 1093 3814 αὐτῷς
1115 3745 1226 3800 Καὶ
1243 3747 1345 3818 ἤδη
1371 3749 1470 3820 μὲν
1489 3750 1770 3824 ἀπήλαυον

213 3823 390 3914 παντὸς
417 3828 624 3897 ἀγαθοῦ
641 3868 656 3892 ,
711 3828 1051 3902 κολλώμενος
1095 3834 1193 3889 καὶ
1244 3839 1644 3911 συναπτόμενος
1693 3841 1772 3914 τῷ

213 3913 341 3986 Θεῷ·
383 3919 516 3974 ὥστε
541 3921 722 3991 λέγειν
739 3939 754 3954 ·
803 3923 1132 3994 Ἐκολλήθη
1159 3927 1352 3982 ὀπίσω
1380 3946 1496 3985 σου
1531 3933 1570 3996 ἢ
1599 3913 1770 4003 ψυχή

209 4024 327 4074 μου.
381 4013 486 4068 Καὶ
519 4015 608 4078 εἰς
645 4013 740 4068 τὸν
792 4015 1052 4087 μέλλοντα
1079 4017 1138 4072 δὲ
1181 4020 1372 4093 χρόνον
1400 4023 1614 4092 ἀγαθὰς
1641 4025 1771 4080 ὑπέ-

213 4114 395 4190 Ῑραςιςον
411 4106 632 4171 ἐλπίδας
653 4107 898 4180 ἐμαυτῷ.
931 4109 1056 4162 Ἔτε
1065 4111 1157 4182 ρόν
1187 4129 1248 4165 τε
1267 4113 1428 4168 τοῦτο
1447 4116 1652 4184 ἀγαθόν
1677 4133 1768 4190 μοι

211 4186 298 4261 ἦν,
320 4196 378 4250 τὸ
403 4199 668 4255 τίθεσθαι
705 4201 776 4254 ὲν
809 4202 1004 4270 Κυρίῳ
1035 4202 1151 4272 τὴν
1180 4201 1399 4261 ἐλπίδα
1424 4225 1565 4276 μου.
1602 4186 1767 4274 Τέλος

213 4284 306 4356 γάρ
335 4305 416 4358 μοι
438 4293 536 4364 τῆς
565 4294 748 4367 πάσης
775 4295 990 4362 ἐλπίδος
1016 4294 1086 4370 ἦν
1112 4299 1174 4352 τὸ
1193 4301 1533 4372 ἐξαγγεῖλαι
1561 4303 1764 4372 πάσας

213 4377 304 4442 τὰς
339 4381 596 4452 αἰνέσας
634 4403 750 4442 σου
788 4389 859 4442 ἐν
897 4390 1025 4457 ταῖς
1063 4394 1286 4460 πύλαις
1327 4393 1440 4462 τῆς
1475 4397 1764 4466 θυγατρὸς

213 4469 360 4558 Σιών.
405 4477 775 4546 Καταξιωθεὶς
799 4481 908 4552 γὰρ
935 4483 1038 4553 τῆς
1071 4485 1149 4548 είς
1181 4485 1281 4558 τὴν
1319 4486 1474 4540 πόλιν
1507 4505 1600 4541 σου
1629 4489 1764 4542 είσὸ-

211 4557 306 4624 δου,
338 4569 458 4638 περὶ
480 4565 549 4642 ἧς
572 4571 828 4644 ἀνωτέρω
856 4572 1104 4642 ἐλέγετοο
1133 4557 1311 4642 Κύριε
1330 4615 1345 4638 ,
1388 4576 1458 4630 ἐν
1487 4577 1561 4646 τῇ
1593 4581 1766 4634 πόλει

1871 4580 2112 4652 gentibus
2145 4597 2218 4636 se.

1875 2005 2034 2059 niciei
2067 2005 2317 2060 traditur.
2360 2005 2541 2073 Quare
2571 2009 2776 2065 dictum
2807 2022 2927 2068 est:
2957 2011 3254 2072 Perdidisti
3277 2036 3453 2072 omnes

1837 2113 1846 2120 ·
1873 2097 1962 2167 qui
1993 2098 2329 2165 fornicamur
2351 2100 2446 2154 abs
2479 2109 2544 2156 te.
2581 2101 2784 2159 Verum
2807 2119 2907 2175 ego
2931 2105 3232 2179 luec'probe
3247 2111 3452 2173 sciens,

1873 2202 1938 2240 ac
1968 2188 2128 2258 plane
2160 2189 2228 2242 de
2255 2189 2408 2259 justo
2433 2191 2644 2260 judicio
2671 2203 2764 2246 tuo
2796 2195 3121 2263 persuasus,
3160 2199 3452 2253 adversam

1875 2279 2058 2348 impiis
2073 2281 2207 2351 elegi
2233 2283 2397 2348 viam,
2424 2283 2638 2338 etiamsi
2661 2287 2918 2355 mysteria
2943 2296 3033 2341 tua
3053 2304 3164 2342 non
3183 2277 3454 2360 intellige-

1872 2387 2018 2438 rem;
2040 2372 2134 2428 sed
2151 2382 2204 2429 et
2233 2375 2487 2445 quamvis
2507 2377 2885 2445 utjunientum
2910 2371 3087 2436 factus
3110 2397 3287 2438 essem
3308 2365 3452 2453 apud

1874 2471 1946 2529 te,
1966 2473 2202 2522 attamen
2234 2481 2342 2521 una
2361 2471 2540 2522 tecum
2559 2477 2706 2524 era'm
2727 2469 2963 2542 semper.
2989 2467 3132 2527 Nihil
3158 2475 3304 2528 enim
3327 2475 3452 2546 pul-

1873 2556 2060 2612 chrius
2093 2557 2564 2614 mihi'videbatur
2613 2563 2757 2628 esse,
2805 2579 2968 2633 quam
3027 2565 3122 2620 tibi
3173 2565 3282 2622 Deo
3333 2584 3454 2624 ineo

1873 2649 2173 2712 adhaarere,
2206 2650 2408 2721 illaque
2453 2651 2679 2722 diligere
2715 2655 2837 2724 qua:
2873 2663 2927 2709 tu
2961 2656 3180 2725 jussisti
3218 2673 3281 2712 ac
3311 2665 3450 2728 pra?-

1871 2741 2083 2810 eepisti.
2109 2739 2184 2795 Ita
2210 2741 2356 2796 enim
2394 2743 2483 2812 qui
2521 2743 2753 2796 adhwret
2791 2743 3014 2798 Domino
3063 2763 3199 2801 unus
3229 2749 3450 2814 Spiritus

1870 2843 1947 2888 est
1972 2834 2013 2889 ⁸.
2045 2833 2171 2889 ldeo
2216 2833 2350 2888 nihil
2395 2834 2523 2887 mihi
2563 2835 2865 2904 pulchrius,
2903 2836 3038 2890 nihil
3071 2835 3267 2893 melius
3297 2837 3446 2892 vide-

1871 2925 2054 2989 batur,
2085 2940 2248 2996 quam
2283 2925 2562 2981 adhaerere
2593 2927 2712 2982 tibi.
2761 2927 3107 2998 Quapropter
3130 2929 3277 2992 dico,
3317 2929 3450 2984 Mihi

1872 3017 2142 3072 adhwrere
2170 3017 2276 3072 Deo
2309 3015 2499 3072 bonum
2524 3029 2624 3072 est.
2667 3017 2802 3073 Nam
2835 3021 2880 3076 si
2933 3023 3095 3076 nemo
3133 3021 3312 3077 bonus
3343 3025 3451 3078 nisi

1871 3124 2016 3163 unus
2063 3107 2232 3168 Deus.
2285 3109 2559 3164 undenam
2619 3109 2713 3165 alii
2773 3109 3014 3182 "cuipiam
3062 3111 3191 3167 boni
3243 3113 3452 3184 aliquid

1872 3199 2175 3263 advenerit,
2205 3199 2310 3255 nisi
2360 3215 2425 3255 ex
2473 3201 2537 3254 eo
2570 3201 2714 3271 quod
2745 3200 2858 3258 Deo
2903 3201 3216 3258 adbzereat?
3246 3203 3309 3258 Et
3335 3204 3449 3274 jam

1871 3291 2089 3362 quidem
2111 3291 2260 3347 omni
2291 3290 2512 3348 fruebar
2540 3296 2706 3358 bono,
2735 3293 3019 3349 adhaerens
3040 3303 3092 3350 et
3120 3295 3452 3365 eonjunctus

1872 3382 2022 3450 Deo;
2061 3385 2136 3439 ita
2170 3393 2225 3439 ut
2247 3385 2485 3440 dicerem
2519 3405 2531 3441 :
2570 3385 2810 3441 Adhaesit
2839 3381 3021 3440 anima
3049 3405 3166 3442 mea
3188 3398 3306 3458 post
3339 3399 3386 3444 te
3406 3393 3448 3444 ν.

1871 3473 2114 3545 Itemque
2164 3474 2232 3530 ad
2287 3475 2530 3532 futurum
2586 3478 2846 3534 saeculum
2895 3477 3096 3534 bonam
3134 3481 3265 3535 mihi
3298 3496 3450 3552 spem

1872 3568 2128 3638 ascripsi.
2163 3568 2230 3624 Et
2259 3585 2393 3624 sane
2429 3571 2574 3625 aliud
2601 3575 2818 3641 quoque
2840 3571 2973 3626 mihi
3001 3571 3206 3626 bonum
3236 3573 3448 3634 aderat,

1873 3660 2104 3728 scilicet,
2154 3676 2345 3730 ponere
2387 3662 2444 3715 in
2488 3661 2717 3718 Domino
2762 3677 2905 3731 spem
2941 3677 3130 3717 meam.
3159 3662 3292 3716 Nam
3324 3662 3450 3718 ﬁnis

1871 3753 2052 3810 omnis
2085 3754 2204 3824 spei
2250 3754 2383 3810 mihi
2427 3761 2565 3823 erat,
2603 3765 2660 3808 ut
2691 3757 3002 3810 annuntiem
3034 3773 3214 3810 omnes
3269 3753 3453 3809 laudes

1873 3855 1992 3900 luas
2019 3847 2076 3901 in
2098 3847 2267 3916 portis
2302 3847 2430 3917 ﬁlia:
2453 3845 2602 3902 Sion.
2635 3845 2918 3918 Siquidem
2951 3849 3204 3914 ingressu
3233 3849 3288 3902 in
3321 3848 3452 3903 civi-

1869 3941 2036 3991 tatem
2071 3943 2224 3991 tuam
2252 3936 2528 4008 dignatus,
2570 3937 2638 3993 de
2669 3951 2780 4008 qua
2824 3937 3079 4007 superius
3111 3933 3402 3993 dicebatur
3433 3955 3448 3993 :

1869 4027 2114 4092 Domine,
2166 4029 2223 4082 in
2255 4029 2467 4085 civitate
2499 4043 2592 4083 tua
2621 4029 2909 4100 imaginem
2938 4029 3176 4098 ipsorum
3207 4029 3278 4083 ad
3310 4029 3450 4082 nihl-

1871 4117 1981 4171 lum
2009 4117 2248 4190 redigas;
2267 4132 2393 4173 cum
2417 4119 2582 4174 etiam
2607 4119 2674 4174 ad
2698 4119 2953 4176 cmlestes
2975 4127 3164 4189 portas
3191 4134 3454 4175 conscen-

1871 4211 2070 4276 derim,
2091 4217 2185 4265 tua
2219 4225 2349 4282 erga
2379 4225 2467 4266 me
2499 4210 2761 4266 beneﬁcia
2807 4211 3064 4266 omnibus
3115 4210 3444 4281 praedicabo.

1873 4303 1977 4360 Ubi
2009 4305 2340 4361 constitutus
2368 4303 2640 4375 promissa
2665 4317 2976 4375 consequar
3003 4313 3113 4371 tua,
3157 4321 3272 4374 qua:
3324 4319 3453 4357 ocu-

1873 4397 1954 4451 lus
1985 4413 2086 4451 non
2121 4397 2272 4463 vidit,
2306 4413 2397 4450 nec
2429 4397 2578 4451 auris
2607 4394 2832 4459 audivit,
2865 4411 2956 4449 nec
2987 4397 3041 4449 in
3086 4412 3176 4449 cor
3222 4395 3450 4449 hominis

1874 4488 2222 4544 ascenderunt
2248 4490 2312 4546 ¹⁰.
2361 4488 2514 4543 Talia
2560 4490 2762 4560 quippe
2793 4487 2940 4544 Deus
2970 4490 3296 4560 pra'paravit
3325 4488 3454 4542 dili-

211 4663 312 4705 σου
341 4657 446 4726 τὴν
463 4664 668 4716 εἰκόνα
685 4663 884 4718 αὐτῶν
907 4664 1357 4734 ἐξουθενώσεις,
1388 4669 1481 4723 καὶ
1514 4673 1636 4734 ταῖς
1661 4671 1856 4737 πύλαις
1897 4677 2020 4738 ταῖς
2055 4676 2400 4748 ἐπουρανίοις
2448 4674 2648 4740 ἐπιϐὰς
2677 4720 2693 4746 ,
2761 4674 3092 4747 ἀνακηρύξω
3160 4675 3275 4736 τοῖς
3318 4673 3454 4724 πᾶσι

211 4743 294 4808 τὰς
315 4749 386 4812 εἰς
407 4753 504 4822 ἐμέ
537 4771 632 4808 σου
653 4756 990 4827 εὐεργεσίας.
1025 4757 1192 4812 Ἔνθα
1221 4760 1512 4830 γενόμενος
1535 4763 1629 4815 καὶ
1688 4764 1796 4820 τῶν
1833 4743 2205 4836 ἐπαγγελιῶν-
2244 4785 2339 4821 σου
2381 4767 2639 4837 τεύξομαι
2663 4743 2687 4830 ,⁷
2715 4763 2788 4833 ἅς
2819 4743 3126 4836 ὀφθαλμὸς
3157 4767 3268 4818 οὐκ
3308 4758 3452 4820 εἶδε,

213 4837 292 4890 καὶ
311 4837 410 4906 οὖς
421 4848 528 4902 οὐκ
555 4846 796 4916 ἢκουσε,
817 4849 916 4904 καὶ
933 4851 1034 4905 ἐπὶ
1049 4853 1300 4922 καρδίαν
1315 4855 1628 4924 ἀνθρώπου
1645 4859 1755 4912 οὐκ
1791 4859 1995 4917 ἀνέϐη.
2032 4861 2269 4916 Τοιαῦτα
2295 4861 2402 4935 γὰρ
2424 4863 2755 4931 ὴτοᾲιασεν
2777 4865 2809 4914 ό
2834 4859 2978 4926 Θεὸς
3037 4859 3162 4926 τοῖς
3226 4853 3457 4926 ἀγαπῶ-

211 4939 298 4980 σιν
317 4936 513 4992 αὐτόν.

269 5043 350 5117 Μὴ
382 5049 626 5121 κείμενον
653 5055 708 5108 δὲ
738 5057 796 5109 ἐν
820 5057 898 5129 τῷ
941 5057 1233 5131 Ἐϐραῖκῷ,
1273 5061 1408 5133 μηδὲ
1466 5065 1619 5137 παρὰ
1650 5069 1762 5130 τοῖς

215 5131 392 5229 mimi;
411 5144 763 5218 ἑρμηνευταίς
785 5151 846 5204 τὺ
864 5152 933 5206 ἐν
955 5153 1084 5220 ταῖς
1098 5131 1319 5223 πύλαις
1336 5131 1448 5226 τῆς
1470 5131 1762 5229 θυᾷηατρὸς

215 5227 359 5320 gitur,
394 5239 538 5308 παρὰ
574 5241 754 5310 μόνοις
778 5243 835 5296 δὲ
862 5247 974 5308 τοῖς
1013 5245 1410 5318 Ἐΰδομήκοντα
1439 5227 1760 5320 φερομέναν,

215 5315 488 5393 ὠϐἐλισται,
515 5329 604 5384 διὰ
631 5333 692 5386 τὸ
720 5336 812 5388 καὶ
837 5337 1086 5407 περιττὸν
1115 5333 1272 5393 εἶναι.
1309 5340 1383 5393 Τὸ
1407 5339 1516 5413 γὰρ
1545 5340 1762 5396 πάντων

215 5407 390 5479 ἀγαθὸν
427 5420 574 5487 τέλος
617 5427 702 5478 ἐπ’
737 5427 906 5498 αὐτὴν
942 5430 1064 5498 ἄγει
1105 5431 1205 5502 τὴν
1238 5433 1560 5504 ἐπουράνιον
1597 5432 1757 5498 Σιὼν,

217 5501 318 5571 ἥτις
353 5505 474 5585 ἦνή
511 5517 874 5592 ἁποδεδομένη
895 5521 988 5574 τοῦ
1028 5523 1160 5576 Θεοῦ
1195 5526 1254 5578 ἐν
1290 5525 1538 5596 οὐρανοῖς
1571 5527 1758 5592 πόλις,

217 5593 452 5674 θυγατρὸς
481 5609 614 5662 Σιὼν
640 5612 934 5683 νοουμένης
958 5613 1058 5684 τῆς
1079 5619 1208 5688 παρ’
1236 5617 1370 5688 ἡμῖν
1411 5618 1756 5692 Ἐκκλησίας,

219 5685 280 5752 ὡς
303 5692 382 5748 διὰ
410 5699 610 5756 πολλῶν
640 5705 916 5770 ἀποδεῖξαι
945 5707 1142 5778 ῥᾴδιον.

269 5843 330 5898 ’Ἰ
354 5849 470 5908 Cor.
501 5873 572 5922 Vl,
609 5859 688 5912 l7.
767 5863 788 5890 ³
821 5859 966 5917 Psal.
1008 5877 1142 5932 LXII,
1167 5861 1220 5919 9.
1303 5863 1346 5896 ¹⁰
1377 5863 1394 5918 1
1425 5863 1550 5921 Cor.
1587 5881 1646 5932 Il.
1674 5865 1725 5921 9-

1951 5065 2087 5121 Cum
2121 5073 2302 5121 autem
2355 5065 2513 5132 illud,
2546 5067 2600 5119 in
2627 5065 2795 5134 portis
2853 5063 2982 5134 ﬁliw
3005 5059 3153 5126 Sion,
3188 5079 3364 5132 neque
3397 5079 3451 5116 In

1869 5155 2158 5223 Hebraico,
2191 5173 2367 5228 neque
2417 5157 2558 5226 apud
2617 5157 2857 5226 reliquos
2895 5155 3221 5224 interpretes
3242 5153 3445 5222 jaceat,

1869 5249 1964 5303 sed
1983 5247 2123 5318 apud
2146 5250 2293 5306 solos
2311 5247 2668 5320 Septuaginta
2693 5245 3024 5318 lnterprctes
3043 5245 3272 5308 teratur,
3290 5243 3450 5298 obolo

1869 5345 2112 5404 notatur,
2160 5339 2288 5409 quia
2336 5338 2670 5408 superfluum
2711 5347 2816 5394 est.
2871 5337 3054 5392 Bonus
3085 5337 3286 5406 quippe
3329 5349 3448 5387 om-

1869 5431 2019 5486 nium
2056 5431 2179 5488 linis
2232 5433 2298 5487 ad
2333 5433 2504 5502 ipsam
2537 5432 2668 5498 Sion
2703 5433 2981 5488 coglestem
3017 5429 3185 5492 ducit,
3217 5445 3337 5496 qua:
3364 5435 3448 5482 cst

1867 5525 2091 5595 illajam
2129 5525 2330 5580 tradita
2365 5525 2558 5581 civitas
2581 5525 2673 5579 Dei
2713 5523 2968 5580 inaniis.
3008 5520 3143 5575 Nam
3167 5519 3274 5574 lilia
3313 5517 3444 5573 Sion

1867 5615 2111 5673 Ecclesia
2151 5623 2338 5674 nostra
2361 5635 2483 5675 esse
2517 5617 2864 5690 intelligitur,
2896 5623 2954 5671 ut
2990 5613 3241 5684 pluribus
3283 5609 3446 5666 facile

1867 5721 1956 5790 est
1979 5713 2358 5784 comprobare.
