4078 6934
519 415 620 473 851
1201 415 1472 472 EUSEBII
1509 415 1992 477 CaESARIENSIS
2031 420 2180 478 OPP.
2225 395 2404 477 PARS
2441 421 2525 478 III.
2548 453 2619 463 —-
2657 421 3068 479 EXEGETICA.
3721 419 3846 474 852

733 533 787 587 ί.
828 531 1307 592 INTELLECTUS
1356 535 1603 592 ASAPH.
1646 536 1878 594 LXXIII.

521 701 524 705 ,
593 643 810 715 thuid,
844 646 1010 713 Deus,
1061 649 1302 718 repulisti
1353 651 1409 704 in
1455 653 1636 720 finem,
1665 652 1838 706 iratus
1883 662 1961 706 est
1993 653 2097 718 [ιι-ι

515 754 609 796 ror
667 751 786 795 tuus
820 758 977 811 super
1028 758 1143 796 oues
1203 759 1416 812 pascua:
1471 747 1620 801 tuae?
1681 745 1762 799 Ad
1823 745 2093 801 dictorum

517 830 929 902 intelligentiam
981 848 1084 888 nos
1110 833 1314 888 excitat
1364 841 1420 890 et
1456 835 1651 890 invitat
1683 836 1908 907 spiritus
1965 853 2096 908 pro-

515 924 785 994 pheticus.
857 921 963 989 Qui
1006 940 1182 992 neque
1224 928 1496 996 psalmum
1559 928 1628 984 de
1677 945 1848 994 more,
1917 947 2094 1002 neque

512 1014 814 1079 canticum,
845 1031 1023 1086 neque
1052 1016 1340 1087 hymnum,
1372 1034 1552 1090 neque
1577 1020 1707 1090 quid
1735 1021 1914 1077 simile
1936 1024 1992 1077 in
2022 1025 2094 1077 ti—

511 1110 628 1164 tulo
661 1110 952 1176 indicavit,
991 1112 1119 1180 quia
1165 1113 1343 1168 tristia
1377 1115 1755 1169 enuntiantur.
1795 1114 1898 1172 Ubi
1941 1118 2091 1174 vide-

509 1209 604 1254 tur
634 1203 965 1272 supplicatio
997 1205 1290 1272 contineri,
1314 1205 1382 1261 de
1404 1221 1514 1276 qua
1548 1205 1768 1262 divinus
1791 1209 2090 1279 Apostolus

511 1304 784 1364 przecepta
818 1295 1003 1361 dabat,
1056 1298 1247 1355 dicens
1285 1305 1539 1368 oportere
1583 1315 1685 1354 nos
1714 1314 1906 1356 omnes
1928 1303 2089 1358 emit-

511 1397 626 1442 tere
659 1389 1093 1452 obsecrationes,
1141 1406 1354 1461 preces,
1401 1392 1850 1463 supplicationes,
1881 1397 2085 1465 gratia.

509 1496 632 1535 rum
677 1485 1018 1540 actiones“.
1051 1484 1151 1539 Hic
1199 1486 1383 1558 itaque
1411 1501 1595 1542 sermo
1639 1485 1806 1542 Deum
1855 1489 2089 1560 alloqui-

511 1579 625 1636 tur,
651 1578 816 1642 atque
833 1571 1030 1627 'futura
1060 1580 1120 1626 ut
1145 1573 1259 1644 jam
1291 1574 1566 1644 praeterita
1592 1575 1909 1646 prophetice
1933 1593 2089 1634 enar-

508 1672 619 1728 rat,
661 1673 992 1735 postremam
1033 1665 1158 1720 item
1191 1664 1660 1738 Jcrosolymorum
1719 1668 2084 1740 obsidionem,

508 1772 632 1826 quae
656 1765 782 1827 post
807 1758 1103 1813 salutarem
1127 1755 1434 1813 Adventum
1468 1772 1498 1811 a
1531 1757 1792 1815 Romanis
1822 1759 1964 1816 facta
1979 1771 2084 1828 est,

510 1847 806 1918 signiﬁcat.
841 1849 910 1904 Et
960 1849 1074 1906 haec
1118 1865 1243 1905 eum
1282 1851 1526 1906 nondum
1565 1854 1901 1910 constitutus
1933 1855 2086 1911 locus

2119 550 2173 606 Δ

2537 542 2886 595 ΣΥΝΕΣΕΩΣ
2915 542 3004 613 Τῼ
3045 541 3254 594 ἈΣΑΦ.
3303 541 3436 595 01⁷⁷.

2283 653 2456 708 Ἰνατί
2473 693 2488 717 ,
2519 656 2552 707 d
2587 653 2750 720 Θεὸς,
2784 652 3006 708 ἀπώσω
3062 655 3150 718 εις
3184 653 3360 720 τέλος
3382 691 3398 715 ,
3435 651 3752 722 ὠργίσθη
3803 652 3841 702 ὁ

2202 748 2389 815 θυμός
2419 760 2538 799 σου
2565 744 2662 798 ἐπὶ
2693 745 2954 814 πρόϐατα
2982 743 3172 814 νομῆς
3195 760 3349 808 σου;
3377 744 3560 814 Διεγεί
3569 759 3679 816 ρει
3725 739 3840 813 μὲν

2201 838 2348 908 ἡμᾶς
2375 837 2468 890 καὶ
2495 838 2756 908 παρορμᾷ
2780 837 2872 889 ἐπὶ
2897 835 2995 908 τὴν
3019 835 3128 889 τῶν
3149 835 3456 908 λεγομένων
3481 835 3746 888 σύνεσιν
3768 833 3844 886 τὸ

2203 928 2420 999 πνεῦμα
2465 927 2526 982 τὸ
2575 927 2928 998 προφητικόν.
2985 925 3122 982 Οὔτε
3151 927 3210 982 δὲ
3239 926 3451 998 ψαλμὸν
3483 923 3840 997 ἐπιγράφει

2203 1021 2468 1093 συνήθως,
2501 1020 2623 1075 οὔτε
2653 1019 2795 1092 ᾠδὴν
2813 1060 2830 1085 ,
2863 1018 2986 1074 οὔτε
3015 1017 3203 1090 ὕμνον,
3232 1021 3354 1074 ούδέ
3382 1038 3435 1074 τι
3466 1021 3580 1074 τῶν
3615 1034 3834 1088 παρα-

2199 1111 2460 1182 πλησίων,
2487 1113 2574 1165 διὰ
2593 1112 2653 1165 τὸ
2677 1109 2994 1183 σκυθρωπὸν
3012 1109 3123 1162 τῶν
3143 1110 3687 1180 ἀπαγγελλομένων-
3727 1107 3831 1159 Ἐν

2196 1200 2277 1270 οἷς
2301 1206 2448 1260 δοκεῖ
2477 1204 2711 1269 ἔντευξις
2739 1202 3117 1274 περιέχεσθαι,
3151 1202 3279 1272 περὶ
3307 1198 3375 1274 ἦς
3397 1204 3426 1255 ὁ
3451 1201 3603 1258 θεῖος
3638 1198 3830 1252 Ἀπό-

2199 1298 2383 1362 στολος
2407 1296 2759 1360 διεκελεύετο,
2779 1295 2888 1348 δεῖν
2909 1295 3082 1364 λέγων
3099 1294 3306 1358 πάντας
3327 1296 3475 1366 ⁴ἡμᾶς
3503 1291 3827 1347 ποιεῖσθαι

2195 1389 2438 1460 δεήσεις,
2468 1387 2805 1458 προσευχὰς,
2835 1385 3122 1452 ἐντεύξεις,
3149 1386 3516 1457 εὐχαριστίας.
3551 1387 3824 1454 Ἐντυγ-
3861 1461 3868 1464 ’

2194 1481 2346 1550 χάνει
2378 1479 2508 1547 γοῦν
2533 1479 2562 1532 ὁ
2591 1477 2748 1548 λόγος
2771 1477 2998 1550 τῷΘεῷ,
3031 1473 3380 1550 προφητικῶς
3412 1475 3482 1530 τὰ
3512 1475 3822 1548 μέλλοντα

2192 1571 2268 1636 ὡς
2299 1570 2668 1642 παρῳχηκότα
2699 1569 2942 1634 διεξιὼν,
2976 1569 3070 1622 καὶ
3096 1568 3193 1640 τὴν
3225 1567 3459 1639 ἐσχάτην
3491 1567 3820 1639 σημαίνων

2193 1664 2508 1737 πολιορκίαν
2535 1663 2636 1733 τῆς
2663 1662 3015 1737 Ἰερουσαλὴμ
3040 1662 3138 1735 τὴν
3163 1661 3269 1717 ὑπὸ
3306 1661 3592 1732 Ῥωμαίων
3629 1677 3820 1729 γενο-

2196 1756 2364 1828 μένην
2393 1755 2532 1828 μετὰ
2558 1756 2657 1827 τὴν
2686 1757 2950 1829 σωτήριον
2965 1755 3296 1828 Παρουσίαν.
3323 1755 3435 1807 Καὶ
3457 1752 3642 1807 ταῦτα
3681 1771 3810 1825 μη-

2192 1848 2250 1903 δὲ
2281 1847 2575 1912 συστάντος
2595 1866 2682 1902 πω
2707 1846 2800 1902 τοῦ
2824 1848 2989 1904 τόπου
3014 1848 3415 1920 προαναφωνεῖ.
3452 1846 3511 1899 '0
3538 1845 3650 1918 μὲν
3675 1845 3809 1915 γὰρ

507 1948 676 2004 esset,
697 1945 1046 2012 praenuntiat.
1082 1942 1290 2000 Etenim
1306 1945 1516 2016 Asaph,
1549 1949 1644 2018 qui
1668 1947 1784 2004 haec
1814 1949 2081 2004 vaticina-

2197 1941 2392 2011 Ἀσάφ,
2419 1943 2489 1996 δι’
2511 1937 2572 2000 οὗ
2597 1943 2766 1998 ταῦτα
2795 1942 3198 2014 προεφητεύετο
3216 1981 3231 2007 ,
3256 1941 3550 2013 σύγχρονος
3573 1939 3802 2009 γέγονε

505 2038 616 2087 tur.
653 2035 880 2104 aequalis
927 2036 1116 2090 Davidi
1169 2046 1322 2104 erat;
1357 2037 1616 2094 Salomon
1658 2054 1791 2095 vero
1823 2049 1947 2112 post
1978 2040 2084 2097 Da-

505 2124 648 2180 vidis
671 2136 922 2191 mortem,
964 2130 1222 2200 templum
1256 2131 1552 2186 exstruxit.
1583 2131 1720 2186 Cum
1747 2139 1928 2186 autem
1949 2131 2087 2188 duas

508 2218 615 2273 loci
649 2221 984 2275 vastationes
1014 2221 1380 2291 praevidissct,
1414 2223 1652 2292 priorem
1681 2222 1892 2279 scilicet
1922 2237 1952 2276 a
1981 2221 2086 2276 Ba-

505 2309 767 2382 byloniis,
798 2319 853 2366 et
882 2312 1180 2366 secundam
1209 2327 1241 2366 a
1284 2311 1549 2369 Romanis
1585 2313 1820 2381 factam;
1848 2314 2084 2384 priorem

505 2402 818 2473 quidem,in
863 2418 1026 2456 umx
1061 2404 1295 2473 psalmo,
1331 2412 1388 2459 et
1435 2405 1494 2459 in
1536 2421 1724 2460 Lxxxn
1776 2405 2080 2478 signiﬁcat;

507 2494 869 2563 posteriorem
900 2509 1032 2549 vero
1060 2496 1115 2548 in
1155 2496 1411 2560 praesenti
1456 2495 1764 2568 prophetia,
1791 2513 1957 2568 quam
2001 2500 2082 2555 sic

508 2586 765 2642 orditur:
814 2585 1031 2658 thuid,
1079 2586 1254 2655 Deus,
1292 2589 1534 2658 repuliin
1583 2590 1640 2644 in
1693 2590 1874 2659 ﬁnem,
1908 2593 2081 2646 iratus

504 2688 585 2733 cst
616 2679 768 2750 [uror
794 2689 915 2734 tuus
949 2697 1108 2750 super
1153 2698 1269 2736 oves
1315 2697 1526 2750 pascua:
1557 2686 1703 2738 tuw?
1734 2682 2078 2749 Postremum

505 2784 745 2839 namque
798 2779 852 2823 et
897 2770 1169 2841 integrum
1223 2771 1444 2826 illorum
1480 2771 1756 2828 excidium
1813 2790 1924 2830 non
1972 2775 2080 2830 alio

503 2870 750 2932 tempore
793 2861 914 2924 fuit,
951 2878 1116 2932 quam
1143 2879 1268 2917 cum
1303 2863 1565 2919 Servator
1592 2874 1648 2919 et
1683 2863 1950 2922 Dominus
1988 2883 2081 2923 no-

504 2960 620 3008 ster
647 2954 978 3007 sententiam
1014 2963 1205 3007 contra
1250 2954 1373 3010 illos
1414 2957 1536 3010 tulit
1564 2957 1793 3014 dicens:
1829 2957 1962 3014 Ecce
1989 2976 2076 3015 re-

503 3043 770 3111 linquetur
805 3043 950 3098 vobis
994 3043 1181 3099 domus
1215 3055 1388 3100 uestra
1434 3047 1643 3103 deserta
1667 3049 1729 3104 “.
1767 3049 1847 3106 Ac
1888 3066 2078 3108 conse-

501 3144 734 3206 quenter
767 3151 924 3191 sacer
968 3135 1265 3208 Apostolus
1313 3148 1437 3209 post
1475 3155 1661 3196 rerum
1698 3142 1905 3198 exitum
1939 3144 2078 3199 dixit

501 3228 571 3282 de
619 3227 730 3282 illis
775 3228 1064 3284 scribens:
1094 3229 1338 3284 Pervenit
1381 3229 1451 3285 ad
1491 3250 1578 3288 eos
1617 3235 1700 3288 ira
1744 3237 1796 3288 in
1831 3236 2071 3309 ﬁnem".

500 3318 603 3373 Ilic
643 3333 774 3374 vero
823 3321 1088 3389 prapheta
1138 3322 1448 3378 minutatim
1501 3341 1586 3389 ea,
1627 3343 1750 3396 qua:
1790 3327 1919 3382 huic
1957 3328 2077 3383 loco

499 3411 762 3467 Romana:
787 3414 1094 3470 obsidionis
1129 3423 1373 3487 tempore
1422 3421 1793 3490 contigerunt,
1834 3421 2078 3478 declarat

498 3507 589 3560 his
614 3505 798 3561 verbis
829 3527 842 3560 ;
876 3506 1045 3572 Quasi
1063 3510 1116 3560 in
1149 3509 1284 3562 silua
1328 3509 1592 3580 lignorum
1618 3514 1892 3568 securibus
1934 3517 2080 3570 exci-

498 3599 690 3652 derunt
714 3597 915 3666 januus
937 3599 1050 3669 ejus
1095 3600 1149 3653 in
1215 3601 1482 3670 idipsum,
1515 3603 1767 3660 videlicet
1802 3604 2078 3678 Jerosoly-

497 3704 602 3744 tua:
625 3704 714 3752 ;m
745 3689 918 3742 securi
944 3697 993 3742 et
1027 3690 1176 3744 ascia
1215 3690 1516 3760 dejecerunt
1553 3709 1692 3747 eam.
1727 3693 2076 3752 Incenderunt

500 3777 618 3847 igne
645 3779 1010 3832 sanctuarium
1044 3787 1223 3840 tuum;
1254 3781 1308 3833 in
1335 3791 1476 3835 terra
1502 3783 1802 3852 polluerunt
1829 3787 2076 3842 taberna-

497 3866 675 3920 culum
712 3869 938 3922 nominis
983 3869 1082 3924 tui.
1112 3869 1268 3935 Quod
1313 3871 1359 3925 si
1387 3872 1512 3941 quis
1539 3873 1738 3929 dixerit
1761 3874 1875 3930 haec
1911 3877 2077 3932 etiam

495 3968 742 4030 tempore
786 3959 1210 4032 Babyloniorum
1243 3971 1395 4032 gesta
1426 3980 1573 4031 esse,
1618 3966 1871 4024 advertas
1915 3971 2075 4024 velim

494 4067 618 4120 qua:
652 4063 982 4122 sequuntur,
1007 4054 1171 4124 Signa
1205 4066 1386 4109 nostra
1416 4073 1521 4110 non
1550 4057 1799 4124 uidimus,
1823 4059 1943 4130 jam
1973 4077 2077 4115 non

493 4153 572 4197 est
604 4144 876 4212 propheta,
914 4155 964 4199 et
998 4163 1092 4200 nos
1119 4165 1222 4201 non
1255 4159 1528 4218 cognoscet
1563 4151 1810 4218 amplius.
1840 4151 1972 4206 Nam
2000 4153 2077 4210 si-

493 4251 598 4303 gna
641 4235 755 4290 haec
783 4246 940 4291 erant
974 4237 1138 4294 Deum
1173 4239 1446 4309 inspicere
1484 4249 1540 4296 et
1572 4257 1766 4298 curare
1787 4242 2074 4299 Judaicam

495 4337 730 4394 gentem,
755 4343 878 4380 cum
905 4328 1042 4398 ipsis
1064 4330 1356 4400 prophetas
1384 4332 1538 4388 daret
1565 4351 1578 4386 :
1612 4334 1884 4404 siquidem
1907 4336 2074 4392 etiam

493 4435 620 4472 cum
652 4421 794 4474 male
817 4436 876 4475 se
902 4430 1176 4490 gererent.
1211 4423 1506 4492 prophetas
1536 4425 1671 4494 ipsis
1699 4441 1800 4482 ceu
1831 4427 2076 4482 medicos

492 4516 549 4563 et
583 4520 895 4567 servatores
923 4515 1314 4568 constituebat.
1348 4515 1440 4570 Sic
1489 4518 1544 4571 in
1576 4520 1754 4588 prima
1786 4519 2074 4575 obsidione

2189 2034 2266 2105 τῷ
2297 2034 2485 2090 Δαυΐδ’
2533 2034 2782 2106 Σολομὼν
2811 2035 2866 2088 δὲ
2895 2034 3032 2106 μετὰ
3061 2034 3162 2106 τὴν
3192 2032 3286 2088 τοῦ
3318 2031 3481 2086 Δαυτδ
3507 2030 3803 2100 τελευτὴν

2189 2127 2458 2198 οἰκοδομεῖ
2481 2127 2576 2182 τὸν
2611 2127 2766 2182 νεών.
2830 2127 2932 2181 Δύο
2960 2126 3016 2180 δὲ
3050 2125 3341 2197 πορθήσεις
3371 2122 3799 2195 προθεωρήσας

2186 2217 2280 2272 τοῦ
2301 2217 2489 2283 τόπου,
2525 2220 2623 2290 τήν
2650 2235 2710 2272 τε
2738 2217 3009 2290 προτέραν
3028 2216 3128 2288 τὴν
3151 2215 3257 2269 ὑπὸ
3281 2214 3642 2268 Βαϐυλωνίων
3678 2228 3793 2281 γε-

2186 2311 2417 2382 νομένην
2443 2351 2458 2374 ,
2510 2311 2604 2366 καὶ¹
2630 2309 2726 2382 τὴν
2755 2309 3012 2380 δευτέραν
3042 2307 3142 2379 τὴν
3169 2307 3274 2363 ὑπὸ
3311 2307 3594 2378 Ῥωμαίων
3611 2323 3630 2337 ο
3674 2304 3795 2376 τὴν

2189 2404 2286 2474 μὲν
2307 2402 2528 2475 πρώτην
2554 2401 2644 2456 διὰ
2681 2401 2775 2455 τοῦ
2798 2401 2873 2454 οϐ’
2919 2399 3134 2473 ψαλμοῦ
3168 2399 3421 2471 σημαίνει
3442 2398 3537 2453 καὶ
3557 2397 3652 2450 διὰ
3677 2394 3789 2449 τοῦ

2185 2495 2304 2560 π6’,
2333 2494 2432 2566 τὴν
2462 2494 2519 2548 δὲ
2534 2494 2772 2566 ὑστάτην
2793 2492 2880 2548 διὰ
2907 2495 3006 2565 τῆς
3028 2491 3167 2564 μετὰ
3195 2495 3382 2564 χεῖρας
3403 2490 3784 2564 προφητείας-

2182 2583 2249 2660 ἧς
2276 2587 2582 2658 ἀπάρχεται
2613 2586 2786 2656 λέγων
2809 2604 2822 2617 ·
2871 2587 3045 2642 Ἰνατι
3063 2627 3078 2652 ,
3129 2589 3162 2641 ό
3209 2585 3388 2652 Θεὸς,
3426 2584 3651 2639 ἀπώσω
3686 2585 3788 2648 εις

2182 2678 2386 2744 τέλος,
2414 2677 2674 2746 ὠργίσθη
2707 2681 2739 2732 ὀ
2777 2678 2963 2748 θυμός
3002 2693 3118 2731 σου
3147 2677 3246 2730 ἐπὶ
3278 2677 3542 2745 πρόϐατα
3567 2673 3786 2744 νομῆς

2183 2784 2335 2832 σου;
2377 2769 2541 2833 Τέλος
2572 2769 2681 2843 γὰρ
2713 2770 2892 2834 αὐτοῖς
2927 2767 3221 2832 παντελοῦς
3250 2765 3621 2830 ἀποπτώσεως
3651 2766 3780 2819 οὐδ’

2181 2861 2366 2916 ἄλλοτε
2396 2863 2638 2932 γέγονεν,
2669 2863 2702 2934 ἦ
2733 2863 2822 2916 ὅτε
2848 2865 2876 2917 ὁ
2902 2863 3090 2935 Σωτὴρ
3117 2863 3212 2916 καὶ
3242 2861 3447 2933 Κύριος
3475 2859 3632 2930 ἡμῶν
3663 2857 3778 2931 τὴν

2180 2958 2298 3012 κατ’
2322 2956 2498 3010 αὐτῶν
2529 2954 2859 3027 ἐξηνέγκατο
2890 2956 3160 3025 ἀπόφασιν
3189 2952 3356 3008 εἰπών
3374 2970 3388 2984 ο
3431 2952 3576 3007 Ἰδοὺ
3600 2953 3780 3021 ἀφίδ-

2179 3067 2273 3104 ται
2293 3049 2434 3119 ὑμῖν
2461 3053 2494 3104 ὁ
2518 3046 2684 3116 οἶκος
2714 3047 2881 3118 ὑμῶν
2910 3049 3146 3118 ἕρημος.
3199 3040 3295 3111 Οἷς
3323 3045 3630 3108 ἀκολούθως
3669 3043 3777 3097 καὶ

2177 3145 2205 3196 ό
2233 3142 2372 3214 ίερὺς
2401 3141 2716 3206 Ἀπόστολος
2751 3143 2887 3213 μετὰ
2913 3142 3011 3212 τὴν
3033 3141 3142 3194 τῶν
3173 3139 3511 3211 πραγμάτων
3539 3136 3776 3190 ἔκϐασιν

2115 3239 2148 3304 ;,
2180 3232 2408 3304 γράφων
2430 3232 2560 3303 περὶ
2585 3231 2766 3286 αὐτῶν
2787 3232 2970 3301 ἔλεγεν
2992 3249 3006 3262 ·
3046 3233 3313 3300 Ἐςοθασε
3335 3228 3403 3283 δὲ
3420 3230 3515 3282 ἐπ’
3537 3227 3774 3293 αὐτοὺς

2105 3283 2150 3344 ο
2180 3283 2395 3395 ἱζέέξᾷή
2417 3283 2726 3391 agaso;
2748 3283 2755 3285 ⁷
2778 3283 3056 3378 is}...
3072 3283 3250 3396 Ῑιῖέρος
3276 3283 3332 3376 δὲ
3362 3321 3432 3375 τὰ
3462 3319 3587 3390 ἑξῆς
3621 3283 3770 3389 συμί

2181 3419 2352 3472 σάντα
2391 3418 2472 3489 τῷ
2511 3417 2664 3489 τόπῳ
2706 3419 2798 3471 ἐπὶ
2835 3418 2936 3487 τῆς
2969 3416 3077 3470 τῶν
3114 3415 3403 3488 Ῥωμαίων
3438 3414 3769 3484 πολιορκίας

2179 3511 2504 3582 παρίστησιν
2529 3513 2558 3564 ό
2594 3509 2782 3582 παρὼν
2809 3509 3112 3581 προφήτης,
3146 3508 3204 3561 ἐν
3227 3503 3308 3570 οἷς
3332 3522 3523 3577 φησιν’
3564 3505 3660 3570 Ὠς
3693 3505 3771 3556 ἐν

2179 3601 2378 3672 δρυμῷ
2407 3603 2608 3667 ξύλων
2655 3602 2892 3668 ἀξίναις
2927 3601 3162 3669 ἔκοψαν
3192 3599 3299 3664 τὰς
3334 3599 3517 3666 θύρας
3543 3596 3764 3665 αὐτῆς,

2177 3695 2334 3766 δῆλον
2355 3696 2400 3749 δ’
2423 3697 2504 3748 ὅτι
2531 3695 2628 3766 τῆς
2655 3692 3026 3766 Ἰερουσαλὴμ,
3053 3691 3153 3745 ἐπὶ
3167 3690 3234 3746 τὸ
3253 3690 3421 3756 αὐτὸ,
3450 3689 3519 3742 ἐν
3539 3688 3764 3743 πέλυκι

2178 3789 2277 3842 καὶ
2314 3787 2686 3855 λαξευτηρίῳ
2714 3784 3082 3855 κατέρῤαξαν
3101 3781 3314 3848 αὐτήν.
3359 3781 3767 3848 Ἐνεπύρισαν

2176 3876 2246 3930 ἐν
2266 3877 2407 3944 πυρὶ
2435 3878 2502 3929 τὸ
2523 3875 2912 3946 ἀγιαστήριόν
2933 3890 3070 3941 σου,
3094 3876 3181 3939 εὶς
3197 3873 3312 3942 τὴν
3334 3871 3451 3942 γῆν
3469 3871 3766 3940 ὲόεϐήλω-

2177 3984 2300 4024 σαν
2319 3970 2383 4022 τὸ
2403 3969 2693 4038 σκήνωμα
2716 3968 2822 4022 τοῦ
2848 3968 3139 4036 ὀνόματός
3158 3982 3294 4021 σου.
3337 3966 3398 4019 Ei
3423 3965 3480 4019 δέ
3500 3965 3649 4034 λέγοι
3671 3981 3763 4026 τις

2176 4061 2349 4116 ταῦτα
2383 4061 2478 4115 καὶ
2510 4061 2600 4114 ἐπὶ
2626 4059 2735 4114 τῶν
2762 4060 2966 4130 χρόνων
2999 4058 3109 4111 τῶν
3141 4057 3498 4112 Βαϐυλωνίων
3536 4057 3763 4125 γεγονὲ-

2175 4171 2287 4216 vat,
2318 4151 2643 4224 προσεκτέον
2662 4153 2776 4215 τοῖς
2797 4151 2945 4221 ἐξῆς,
2975 4150 3041 4204 δι’
3062 4143 3137 4204 ὧν
3158 4149 3372 4222 εἴρηται
3391 4166 3405 4180 ·
3442 4149 3518 4204 Τὰ
3537 4148 3761 4217 σημεῖα

2176 4244 2344 4313 ἡμῶν
2369 4245 2480 4299 οὐκ
2505 4242 2762 4312 εἴδομεν,
2788 4243 2900 4296 οὐκ
2917 4241 3090 4296 ἐστιν
3112 4240 3200 4294 ἔτι
3221 4238 3550 4310 προφήτης,
3572 4240 3666 4293 καὶ
3695 4239 3762 4305 ἡ·

2171 4333 2292 4406 μᾶς
2321 4337 2393 4390 οὲ
2420 4334 2710 4404 γνώσεται
2733 4333 2842 4388 ἐτι.
2891 4336 3101 4404 Σημεῖα
3129 4334 3236 4405 γὰρ
3265 4329 3334 4404 ἦν
3367 4333 3460 4386 τοῦ
3499 4332 3589 4386 τὸν
3621 4331 3760 4385 Θεὸν

2172 4429 2378 4499 ὲφορᾷν
2404 4428 2496 4482 καὶ
2516 4429 2832 4481 ἐπισκοπεῖν
2863 4425 2923 4480 τὸ
2954 4425 3220 4479 Ἰουδαίων
3242 4424 3392 4486 ἔθνος
3410 4424 3472 4477 τὸ
3493 4423 3758 4496 παρέχειν

2175 4521 2358 4584 αὐτοῖς
2371 4520 2656 4592 προφήτας
2673 4536 2685 4548 ο
2707 4519 2830 4572 ἐπεὶ
2845 4519 2939 4572 καὶ
2952 4519 3041 4571 ὅτε
3056 4516 3240 4580 κακῶς
3255 4516 3544 4588 ἔπραττον,
3561 4514 3755 4586 ὥσπερ

494 4617 755 4674 magnum
804 4603 893 4660 Dei
941 4607 1260 4676 prophetam
1301 4607 1594 4665 Jeremiam
1648 4611 1980 4679 habuerunt,
2017 4625 2073 4668 et

2182 4613 2395 4682 ἰατροὺς
2425 4613 2520 4667 καὶ
2554 4612 2805 4684 σωτῆρας
2849 4611 3031 4675 αὐτοῖς
3073 4611 3199 4675 τοὺς
3225 4613 3508 4682 προφήτας
3535 4609 3754 4681 ἐφίστη.

494 4693 750 4762 Baruch;
792 4699 926 4768 quin
963 4699 1142 4753 etiam.
1163 4701 1362 4756 mulier
1403 4703 1652 4771 quasdam
1678 4705 1899 4761 nomine
1935 4705 2072 4761 Olda

490 4787 686 4843 eodem
728 4797 975 4860 tempore
1003 4792 1371 4862 prophetavit.
1407 4793 1465 4848 In
1495 4797 1617 4866 ipsa
1647 4812 1867 4867 quoque
1897 4798 2040 4869 Baby

491 4880 769 4934 loniorum
799 4882 1024 4952 regione
1057 4884 1287 4939 aderant
1325 4885 1462 4955 ipsis
1493 4885 1744 4942 Ezechiel
1775 4895 1827 4944 et
1854 4887 2064 4949 Daniel.

489 4973 738 5042 praeclari
767 4987 830 5027 ac
879 4976 1164 5045 conspicui
1199 4977 1496 5048 prophetae.
1549 4977 1788 5048 Postque
1835 4979 2070 5034 reditum

486 5079 554 5117 ex
585 5063 928 5133 captivitate,
960 5067 1302 5136 temporibus
1317 5067 1445 5137 Cyri
1474 5076 1530 5122 et
1567 5066 1735 5134 Darii,
1775 5068 2072 5125 Zacharias

485 5164 540 5209 et
590 5155 824 5227 Aggmus
875 5157 1153 5226 propheta:
1203 5161 1316 5212 noti
1352 5166 1530 5215 erant.
1575 5157 1860 5224 Quomodo
1907 5161 2074 5228 igitur

487 5247 597 5303 illis
620 5249 960 5318 temporibus
991 5250 1169 5321 aptari
1201 5252 1376 5320 possit
1405 5251 1519 5305 hazc
1551 5251 1856 5321 prophetia,
1902 5252 2071 5322 Signa

484 5352 670 5396 nostra
692 5359 795 5396 non
825 5343 1075 5408 vidimus,
1099 5354 1147 5398 et
1168 5345 1286 5414 jam
1324 5361 1429 5398 non
1457 5354 1536 5398 est
1567 5347 1846 5414 propheta,
1881 5355 1931 5400 et
1973 5363 2068 5400 nos

485 5451 592 5489 non
628 5444 904 5504 cognoscet
941 5436 1213 5503 amplius?
1246 5434 1447 5491 Verum
1490 5435 1606 5490 haec
1663 5434 1825 5491 ﬁnem
1874 5437 2068 5492 sortita

483 5534 615 5580 sunt
660 5534 785 5595 post
819 5525 1124 5579 Salvatoris
1172 5525 1490 5590 adventum,
1522 5533 1578 5580 et
1619 5537 1909 5598 postquam
1952 5543 2067 5583 me—

482 5627 725 5673 moratas
746 5633 912 5672 voces
940 5619 1058 5687 ipse
1079 5618 1380 5687 protulerat
1405 5637 1417 5672 :
1444 5634 1553 5672 non
1584 5617 1677 5672 diu
1703 5621 1847 5674 cnim
1880 5628 2066 5690 postea

481 5708 850 5779 irrumpentes
880 5709 1110 5764 Romani
1143 5711 1320 5764 locum
1342 5711 1682 5766 deleverunt.
1717 5713 1872 5778 Quod
1897 5714 2063 5768 ctiam

2173 4702 2330 4757 Οὕτω
2359 4703 2489 4772 γοῦν
2515 4705 2606 4757 ἐπὶ
2628 4704 2725 4774 τῆς
2753 4702 2980 4774 πρώτης
3006 4702 3317 4773 πολιορκίας
3340 4703 3432 4756 τὸν
3464 4702 3638 4773 μέγαν
3655 4702 3756 4755 τοῦ

2173 4793 2307 4848 Θεοῦ
2331 4795 2617 4866 προφήτην
2645 4793 2910 4866 Ἱερεμίαν
2933 4789 3100 4864 εἶχον,
3120 4793 3324 4847 καὶτὸν
3346 4792 3557 4864 Βαρούχ
3578 4809 3590 4822 ο
3616 4791 3757 4845 ἀλλὰ

2175 4886 2269 4940 καὶ
2300 4887 2438 4955 γυνή
2475 4903 2558 4949 τις
2597 4884 2752 4939 ’ολδᾶ
2777 4882 3014 4954 τοῦνομα
3045 4883 3184 4937 κατὰ
3211 4885 3336 4948 τοὺς
3363 4885 3558 4948 αὐτοὺς
3590 4887 3758 4956 ἐπρο-

2175 4979 2374 5049 φήτευε
2399 4979 2620 5049 χρόνους
2642 4995 2654 5008 ·
2683 4979 2740 5030 ἐν
2757 4979 2892 5048 αὐτῇ
2907 4995 2962 5031 τε
2982 4979 3048 5048 τῇ
3072 4977 3425 5031 Βαϐυλωνίων
3444 4977 3598 5050 χώρᾳ
3624 4995 3755 5032 συν-

2181 5069 2248 5140 ῆν
2300 5069 2485 5132 αὐτοῖς
2520 5067 2767 5140 Ἐζεκιὴλ
2796 5069 2890 5121 καὶ
2915 5067 3112 5140 Δανιὴλ
3143 5070 3404 5141 ἐπίσημοι
3436 5071 3530 5123 καὶ
3561 5071 3757 5140 διαφα-

2179 5163 2290 5224 νεῖς
2325 5161 2600 5232 προφῆται
2623 5177 2639 5192 °
2668 5162 2763 5214 καὶ
2796 5161 2933 5232 μετὰ
2960 5162 3058 5235 τὴν
3093 5163 3303 5217 ἐκεῖθεν
3326 5163 3582 5218 ἐπάνοδον
3609 5167 3755 5219 κατὰ

2176 5254 2302 5318 τοὺς
2330 5253 2512 5326 Κύρου
2547 5256 2642 5308 καὶ
2673 5255 2897 5326 Δαρείου
2926 5260 3169 5328 χρόνους,
3201 5258 3474 5330 Ζαχαρίας
3498 5259 3592 5313 καὶ
3631 5259 3754 5327 Ἀγ-

2175 5347 2328 5414 γαῖος
2351 5348 2624 5416 προφῆται
2644 5347 3016 5420 ἐγνωρίζοντο.
3041 5349 3163 5414 Πῶς
3182 5345 3275 5403 οὖν
3295 5346 3404 5404 οἷόν
3421 5368 3482 5404 τε
3496 5346 3563 5421 ἦν
3585 5352 3756 5420 ἐφαρ-

2177 5437 2360 5509 μόζειν
2395 5440 2510 5502 τοῖς
2546 5440 2666 5493 τότε
2715 5439 2924 5511 χρόνοις
2969 5441 3066 5512 τὴν
3105 5441 3382 5512 παροῦσαν
3415 5441 3753 5514 προφητείαν

2175 5531 2490 5600 φάσκουσαν
2506 5549 2519 5562 ·
2561 5534 2637 5588 Τὰ
2661 5534 2878 5603 σημεῖα
2902 5533 3070 5602 ἡμῶν
3091 5534 3202 5587 οὐκ
3229 5534 3486 5602 εἴδομεν,
3510 5535 3606 5586 καὶ
3637 5534 3750 5586 οὐκ

2171 5623 2343 5676 ἐστιν
2371 5622 2459 5677 ἔτι
2487 5622 2798 5694 προφήτης
2824 5664 2838 5688 ,
2875 5623 2974 5678 καὶ
3000 5623 3158 5693 ἡμᾶς
3194 5626 3267 5677 οὐ
3303 5622 3592 5692 γνώσεται
3623 5621 3746 5685 En;

2186 5714 2343 5767 Ἀλλὰ
2373 5715 2476 5787 γὰρ
2504 5717 2673 5770 ταῦτα
2701 5716 2886 5780 τέλους
2918 5717 3176 5786 ἐτύγχανε
3205 5717 3342 5786 μετὰ
3365 5716 3462 5788 τὴν
3488 5717 3746 5788 σωτήριον

554 5865 596 5897 ¹¹
636 5864 828 5922 ITim.
865 5882 939 5925 ιι.
979 5868 1025 5922 I.
1109 5870 1148 5900 ι’
1189 5866 1320 5924 Luc.
1357 5885 1490 5935 xm,
1526 5870 1612 5924 35.
1697 5870 1738 5901 ¹³
1779 5868 1798 5921 I
1834 5868 2027 5925 Thess.
2067 5887 2125 5937 ιι,
2166 5870 2244 5928 16.

4061 389 4066 492 Ι
