4078 6934
1741 333 1850 389 855

1743 449 2058 519 Ιιαρουσίαν
2089 448 2298 512 καὶτὰς
2323 447 2709 520 προλεχθείσας
2744 466 2778 503 α

1739 541 1808 606 ἃς
1853 543 1958 596 οὐκ
2000 544 2080 606 εἰς
2123 541 2330 614 μακρὸν
2370 542 2688 607 ἐπιστάντες
2730 541 2778 595 'P

1743 631 2034 702 ἠφάνισαν.
2066 632 2130 684 '0
2150 629 2216 701 δὴ
2241 630 2334 683 καὶ
2355 629 2514 694 αὐτὸς
2537 629 2722 701 ἐδήλου
2751 629 2778 682 θ

1741 721 1772 771 6
1794 716 1983 790 Σωτὴρ
2011 716 2098 770 διὰ
2124 716 2440 790 παραϐολῆς
2463 718 2562 788 τῆς
2581 716 2754 781 οὕτως

1740 813 1816 877 θη
1861 809 1900 876 ἠ
1942 809 2230 874 ,ϐασιλεία
2271 808 2390 862 τῶν
2432 807 2704 877 οὐρανῶν
2729 810 2778 864 ἀι

1743 902 1912 968 ὅστις
1935 901 2185 969 ἐποίησε
2210 900 2434 971 γάμους
2452 900 2532 968 τῷ
2555 901 2661 968 υἱῷ
2679 904 2778 956 αὐτ

1739 996 1813 1047 λε
1835 992 1976 1058 τοὺς
1990 991 2206 1047 ἑαυτοῦ
2217 991 2478 1056 δούλους
2489 991 2741 1046 καλέσαι
2759 1009 2778 1044 z

1739 1087 1826 1149 εις
1838 1083 1980 1149 τοὺς
1989 1081 2232 1154 γάμους·
2251 1085 2304 1136 οἱ
2315 1082 2503 1138 δὲούκ
2516 1083 2777 1152 ἥθελονὲ

1737 1177 1981 1227 στειλεν
1998 1175 2236 1243 ἐτέρους
2255 1191 2269 1205 ⁶
2289 1177 2344 1230 οἱ
2367 1174 2455 1241 δὲ,
2481 1175 2631 1244 πρὸς
2651 1175 2716 1230 τὸ
2742 1194 2778 1245 μ

1737 1263 1942 1334 τῆσαι,
1966 1266 2052 1320 ἐτι
2076 1266 2174 1320 καὶ
2197 1265 2581 1334 διαλαϐόντες
2608 1267 2749 1334 τοὺς

1736 1358 1833 1410 καὶ
1851 1358 2226 1414 ἀπέκτειναν.
2245 1353 2340 1423 Οἷς
2355 1360 2596 1430 ἐπιλέγει
2614 1378 2627 1391 ·
2659 1362 2712 1413 Ὀ
2726 1360 2778 1413 δι

1737 1465 1874 1516 σας,
1897 1449 2181 1520 ὠργίσθη,
2205 1453 2306 1506 καὶ
2326 1452 2566 1522 πέμψας
2585 1454 2657 1508 τὰ
2677 1469 2778 1522 στρ

1734 1541 2014 1597 ἀπώλεσε
2036 1543 2178 1611 τοὺς
2199 1545 2402 1614 φονεῖς
2425 1545 2717 1612 ἐκείνους,
2750 1564 2778 1599 κ

1737 1633 1857 1688 τῶν
1876 1634 2194 1705 ἐνέπρησε.
2254 1635 2436 1691 Ταῦτα
2458 1639 2487 1691 6
2514 1637 2703 1709 Σωτὴρ
2732 1639 2778 1692 ἐκ

1737 1728 1858 1781 τότε
1883 1729 2176 1783 συνεστῶτι
2209 1730 2618 1802 ἀναγέγραπται
2650 1732 2777 1802 είρηη

1740 1819 1897 1891 ροῦτο
1908 1821 2007 1874 οὐκ
2028 1822 2107 1884 είς
2127 1821 2356 1892 μακρὸν,
2379 1821 2778 1876 Οὑεσπασιανοῐ

1739 1913 2021 1984 κησάντων
2050 1912 2140 1967 τὸν
2161 1912 2342 1966 τόπονο
2378 1913 2498 1967 καθ’
2526 1912 2619 1978 οὓς
2647 1930 2778 1985 προς

1738 2001 1844 2067 νὼς
1871 2005 2158 2074 ἱστορεῖται
2181 2002 2432 2074 γενέσθαι
2458 2005 2598 2058 κατά
2614 2003 2778 2058 τούτον

1739 2093 1980 2165 λιορκίαν
2015 2095 2043 2147 6
2087 2095 2225 2166 μετά
2257 2097 2445 2166 χεῖρας
2490 2095 2778 2168 παρίστησι

1739 2186 2038 2256 ἀρχόμενος
2055 2204 2069 2217 ο
2095 2186 2228 2241 Ἵνα
2247 2187 2324 2252 τί,
2348 2189 2380 2242 d
2403 2188 2565 2253 Θεὸς,
2585 2187 2778 2242 ἀπώσι

1736 2270 1795 2324 δὲ
1823 2273 1886 2324 ἐκ
1922 2273 2125 2326 τούτων
2153 2273 2253 2344 τὴν
2290 2274 2490 2347 ἀρετὴν
2516 2274 2777 2346 ἀποθαυμι

1741 2377 1864 2418 στου
1884 2362 2122 2433 Γραφῆς,
2147 2363 2224 2426 ὡς
2248 2363 2316 2416 τά
2339 2367 2568 2436 μακροῖς
2595 2363 2778 2434 ὕστερι

1736 2469 1848 2516 νοις
1883 2452 2190 2524 προγνώσει
2243 2453 2362 2526 θείᾳ
2416 2455 2731 2528 προείληφε.

1738 2543 1883 2609 Θεὸς
1900 2585 1915 2608 ,
1945 2544 2166 2600 ἀπώσω
2193 2548 2281 2613 εὶς
2307 2547 2510 2613 τέλος,
2545 2546 2777 2620 εἴρηται,

1735 2635 2012 2701 ἀσεϐείαις
2043 2637 2139 2692 καὶ
2170 2637 2571 2710 πλημμελείαις
2595 2641 2658 2693 τὸ
2703 2641 2778 2693 Ἰου

1737 2726 1934 2782 πίπτον
1957 2729 2268 2801 παρεδίδοτο
2294 2732 2404 2794 τοῖς
2430 2730 2724 2802 περιοίκοις
2754 2733 2778 2784 a‘

1739 2822 1832 2874 καὶ
1875 2823 2006 2876 ποτὲ
2049 2823 2146 2893 μὲν
2182 2823 2377 2888 αὐτοὺς
2403 2823 2687 2878 Μωαϐῖται
2720 2825 2778 2894 ἐχ

1751 2911 1848 2978 ‘Ay.
1858 2915 2091 2983 μανϊται,
2117 2914 2209 2967 καὶ
2234 2913 2420 2968 ἄλλοτε
2444 2914 2500 2968 δὲ
2525 2914 2778 2986 Μαδιηνα’

1740 3019 1854 3072 φων
1890 3004 2085 3068 αὐτοὺς
2127 3003 2496 3076 ἀνελάμϐανεν
2534 3006 2563 3059 6
2606 3006 2765 3070 Θεός”

1737 3083 2362 3165 πάλιν’παρανομοῦντας
2378 3095 2660 3165 παρεδίδου
2678 3095 2778 3149 πολ

1735 3180 1892 3249 αὖθις
1915 3187 2206 3240 ἀνεκτᾶτο⁹
2235 3186 2486 3240 οὐδέποτε
2515 3186 2571 3240 δὲ
2604 3187 2778 3242 αὑτοὺι

1736 3275 1825 3340 λος
1843 3317 1858 3340 ,
1899 3278 2035 3349 πρὸς
2063 3278 2266 3351 βραχὺν
2298 3278 2356 3333 δέ
2383 3295 2502 3332 τινα
2528 3279 2717 3351 καιρὸν
2740 3281 2778 3332 ἐι

1736 3369 1817 3432 εἰς
1846 3369 2136 3441 σωτηρίαν.
2172 3371 2325 3425 Μετά
2351 3370 2408 3424 δὲ
2435 3370 2496 3423 τὸ
2521 3370 2660 3425 κατὰ
2690 3372 2778 3424 τοῦ

1737 3462 1828 3516 Θὲν
1855 3463 2035 3528 αὐτοῖς
2061 3464 2191 3532 ἄγος
2215 3463 2481 3532 ἔφθασεν
2507 3465 2592 3528 εις
2618 3465 2778 3517 αὐτοι

1735 3555 2016 3621 λος,κατά
2042 3555 2140 3626 τὴν
2168 3554 2524 3627 ἀποστολικὴν
2544 3553 2778 3627 Γραφὴν,

1734 3649 1814 3710 είς
1833 3645 1990 3718 δεῦρο
2008 3646 2197 3718 μηκέτ’
2217 3647 2420 3719 ἐπᾶραι
2439 3647 2680 3717 κεφαλὴν
2702 3647 2778 3698 αὑι

1732 3754 1896 3791 νουσα
1927 3740 1959 3808 ἡ
1993 3737 2297 3810 προφητεία
2355 3738 2548 3809 φησίν·
2609 3737 2778 3793 Ἰνατί

1731 3831 1818 3894 εις
1848 3828 2022 3894 τέλος
2037 3844 2057 3893 ;
2079 3830 2511 3900 Σεσιωπημένως
2542 3829 2598 3884 δὲ
2619 3831 2648 3883 6
2676 3829 2778 3898 λόγι

1735 3937 1870 3984 σεως
1886 3921 2103 3992 ᾐνίξατο
2125 3922 2222 3993 τὴν
2237 3922 2373 3976 κατὰ
2389 3921 2479 3976 τοῦ
2496 3922 2749 3993 Σωτῆρος
2771 3939 2778 3951 ·

1733 4013 1800 4084 ἢν
1831 4015 1926 4066 καί
1948 4014 2028 4077 εἰς
2055 4014 2205 4078 τέλος
2225 4013 2628 4086 ἀπεϐλήθησαν.
2662 4013 2778 4068 Τοῦ⁴

1733 4106 1895 4171 αὐτὸς
1925 4106 2158 4178 παρίστη
2187 4106 2390 4175 λέγων·
2427 4106 2691 4173 Ποσὰκις
2720 4109 2778 4175 ἡ(

1734 4199 1934 4270 Ταγεῖν
1963 4199 2035 4253 τὰ
2075 4199 2255 4254 τέκνα
2293 4215 2409 4255 σου
2432 4241 2446 4266 ,
2481 4199 2553 4254 ὃν
2577 4201 2778 4269 τρόποι

1733 4310 1819 4362 γει
1849 4293 1920 4347 τὰ
1945 4296 2168 4348 νοσσία
2196 4292 2314 4347 ὑπὸ
2342 4293 2447 4358 τὰς
2475 4295 2778 4362 πτέρυγας.

1729 4400 1912 4450 σατε;
1946 4385 2102 4439 Ἰδοὺ
2130 4385 2360 4454 ἀφίεται
2383 4384 2526 4454 ὑμῖν
2543 4387 2576 4439 ὀ
2597 4385 2760 4450 οἶκος

1731 4479 1868 4550 γὰρ,
1897 4477 2162 4544 Ποσάκις
2188 4477 2480 4546 ἠθέλησα,
2504 4476 2654 4547 δηλοῖ
2680 4476 2778 4548 τὴν

1729 4571 1973 4625 δοθεῖσαν
2005 4570 2188 4634 αὐτοῖς
2205 4569 2611 4641 μακροθυμίαν
2644 4568 2706 4622 τὺ
2729 4569 2778 4622 δὲ

1732 4676 1877 4714 σατε
1894 4701 1910 4724 ,
1958 4660 2361 4733 παραστατικὸν
2393 4660 2460 4714 ἂν
2490 4662 2698 4729 γένοιτο
2725 4660 2778 4713 τί

1733 4749 2026 4819 ἀποϐολῆς,
2047 4751 2136 4804 ὅτε
2157 4751 2251 4803 καὶ
2276 4749 2520 4822 ὠργίσθη
2551 4751 2580 4802 6
2609 4750 2778 4820 θυμὸς

1732 4842 1821 4895 λαι
1849 4843 2114 4912 γενόμενα
2141 4842 2387 4913 πρόϐατα
2415 4841 2585 4912 νομῆς
2613 4840 2777 4893 αὐτοῦ

1735 4929 2016 5001 ἱκετηρίαν
2044 4929 2306 5000 προσάγει
2325 4928 2500 4997 λέγων
2518 4945 2533 4960 ο
2561 4927 2777 4994 Μνήσο

1731 5020 1844 5091 τῆς
1887 5038 2024 5085 σου,
2047 5017 2120 5091 ἧς
2145 5021 2380 5090 ἐκτήσω
2406 5021 2508 5075 ἀπ’
2537 5019 2748 5090 ἀρχῆς.

1729 5111 1905 5182 λήλως
1944 5113 2260 5184 συναγωγῆς
2289 5112 2660 5183 ἐμνημόνευσε
2681 5150 2697 5176 ,
2731 5129 2778 5164 κι

1727 5204 1822 5259 τοῦ
1857 5205 1992 5259 Θεοῦ
2024 5223 2187 5278 φησιν
2221 5204 2390 5275 αὐτὴν
2421 5203 2701 5274 γεγονέναι
2727 5222 2740 5234 ·
2771 5205 2778 5256 ἱ

1733 5295 1809 5368 μὴ
1835 5297 1894 5363 ἐξ
1919 5297 2112 5368 ἀρχῆς,
2133 5295 2247 5350 ἀλλ’
2279 5294 2504 5366 ὕστερον
2532 5294 2668 5366 μετὰ
2695 5295 2778 5366 τὴη

1728 5407 1826 5460 νης
1855 5389 1915 5456 ἐξ
1956 5389 2214 5442 ἁπάντων
2253 5387 2362 5441 τῶν
2399 5387 2568 5441 ἐθνῶν
2601 5387 2777 5441 ὑποστι

1731 5473 1839 5544 Ἷῐς
1859 5481 1952 5534 καὶ
1975 5483 2033 5536 ἐν
2050 5479 2259 5552 ἑτέροις
2287 5479 2614 5550 μνημονεύει
2631 5480 2773 5549 λέγω

1733 5573 1992 5640 κλησίας
2019 5571 2270 5643 ὑμνήσω
2296 5585 2370 5626 σε
2391 5587 2405 5604 ·
2443 5571 2535 5624 καὶ
2561 5571 2722 5626 πάλιν
2748 5589 2761 5602 ·

1805 5686 1848 5717 ⁸⁵
1888 5681 2077 5741 Matth.
2113 5703 2261 5747 xm.
2293 5686 2407 5740 ‘26.
2519 5688 2560 5718 “'
2600 5687 2730 5742 ibid.
2770 5688 2778 5705 '

1737 5757 1778 5788 ¹’
1819 5755 1958 5812 Psal.
2001 5773 2203 5823 xxxix,
2242 5758 2324 5812 10.
2407 5759 2450 5788 ²⁰
2492 5755 2634 5812 Psal.
2677 5775 2762 5811 xx:
