2039 3467
171 157 224 186 857

735 148 987 184 COMMENTARIA
1005 154 1038 182 IN
1057 153 1226 183 PSALMOS.

172 216 315 250 πύρισαν,
333 215 400 249 φησι
410 234 417 246 ,
433 214 467 241 ἐν
479 213 550 253 πυρί
565 213 596 240 τὸ
610 213 802 249 ιῑγιαστήριόν
817 220 874 240 σου
884 234 891 246 ,
910 213 960 240 καὶ

1011 213 1077 240 tiam
1099 220 1196 240 eorum
1219 220 1281 248 quat
1304 219 1388 247 supra
1412 212 1486 240 dicta
1517 218 1581 242 sunt
1601 216 1698 250 aperit.
1726 216 1796 250 Quia

173 263 217 295 εις
228 260 287 295 τὴν
303 260 361 296 γῆν
375 260 566 295 ἐσεὸήλωσαν
582 259 615 286 τὸ
629 259 771 294 σκήνωμα
786 258 839 286 τοῦ
852 259 959 293 ὀνόμα-

175 308 225 341 τός
237 314 306 333 σου.
333 306 377 333 Ἑν
387 302 409 340 ᾧ
422 305 591 341 διερμηνεύει
606 306 654 340 τὴν
669 305 788 332 διάνοιαν
801 305 848 332 τοῦ
860 305 961 331 ἀνωτέ-

175 362 216 389 ρω
229 343 400 387 λελεγμένου.
422 351 530 384 Ἐπειδὴ
542 350 596 386 γὰρ
608 352 637 377 ὲν
650 352 706 383 τοῖς
720 351 873 387 ἔμπροσθεν
885 351 959 387 εἰρη-

173 407 204 425 το
215 407 222 414 ·
241 399 324 432 Ὄρος
342 396 419 424 Σιὼν
432 396 518 424 τοῦτο
534 396 549 423 ὃ
570 396 805 431 κατεσκήνωσας
818 398 852 425 ὲν
864 393 958 430 αὐτῷ·

174 445 250 476 ὅπως
272 443 480 477 κατεσκήνωσεν
501 442 531 468 ἑν
547 441 622 477 αὐτῷ
645 442 772 476 διασαφεί
786 442 832 469 νῦν
855 444 959 478 φήσας·

177 489 212 516 Τὸ
226 489 370 523 σκήνωμα
386 487 439 514 τοῦ
453 487 597 522 ὀνόματός
613 495 671 514 σου
683 496 690 503 ο
706 488 841 524 Σκὴνωμα
855 489 909 525 γὰρ
926 486 961 524 ἦν

173 535 188 560 ὁ
200 534 280 565 τόπος
291 534 340 560 οὐκ
350 532 432 559 αὑτοῦ
443 531 488 558 τοῦ
499 530 577 564 Θεοῦ,
587 531 654 559 ἀλλὰ
664 531 711 558 τοῦ
720 531 851 567 ὀνόματος
862 531 944 559 αὑτοῦ
951 540 958 546 ·

174 579 298 605 Δυσωπεϊ
312 577 340 604 δὲ
354 578 396 612 ἐφ’
407 577 530 611 ἑκάστῳ,
547 576 716 612 προστιθείς·
747 576 791 603 Ἐν
806 577 880 612 μέσῳ
895 577 959 612 γὰρ,

174 623 252 658 φησὶ,
268 623 318 658 τῆς
326 623 421 658 ἑορτῆς
434 630 481 648 σου
496 622 526 649 τὺ
539 622 715 658 ἁγιαττὴριόν
731 631 777 648 σου
790 622 837 648 καὶ
851 622 880 648 τὸ
896 622 961 657 σκή-

174 678 252 705 νωμα
267 669 314 695 τοῦ
325 668 454 704 ὀνόματός
470 676 526 694 σου.
540 667 581 694 Τὰ
594 668 647 703 γὰρ
660 667 771 695 τοιαῦτα
786 659 961 703 δυσωπητικὰ

172 713 207 750 ἦν
223 715 271 742 καὶ
293 714 422 750 ἐγερτικὰ
440 714 486 740 ἑπ¹ι
503 713 642 749 ἐκδίκησιν
661 713 716 740 τῶν
742 713 959 749 τετολμημένων,

173 761 217 795 ἐφ’
232 760 266 796 ῆν
283 760 414 795 παρορμᾷ
433 759 497 795 ἑξῆς
513 759 616 794 λέγων·
643 760 776 794 Ἐπαρον
791 760 845 793 τὰς
860 759 959 794 χεῖράς

173 814 232 833 σου
246 806 295 833 ἐπὶ
310 807 363 839 τὰς
376 807 583 841 ὑπερηφανίας
596 806 695 833 αὐτῶν
709 807 752 840 εις
767 806 854 840 τέλος
863 815 870 822 σ
889 807 960 835 κατὰ

173 852 201 878 δὲ
211 852 259 879 τὸν
273 850 420 887 Σύμμαχον
428 860 435 867 ·
453 851 487 878 Τὸ
500 852 618 886 ὕψωμα,
633 852 709 888 φησὶ,
721 852 779 879 τῶν
789 852 889 879 ποδῶν
900 861 959 880 σου

1010 258 1083 286 enim
1100 257 1175 292 prius
1191 257 1248 285 haec
1264 257 1371 285 loculus
1385 262 1456 292 erat,
1476 257 1594 287 Montem
1607 260 1672 288 Sion
1687 261 1755 289 hunc
1768 262 1796 290 ιιι

1010 311 1060 339 quo
1074 303 1220 335 habitasti;
1242 303 1381 338 quomodo
1397 303 1426 331 in
1448 311 1481 331 eo
1501 305 1668 333 habitaverit
1681 306 1737 341 jam
1753 306 1798 335 de-

1010 348 1097 375 clarat
1114 347 1219 380 dicens,
1232 347 1444 376 Tabernactttum
1459 349 1574 378 nominis
1584 351 1640 377 :tui.
1655 350 1798 379 Taberna-

1010 394 1102 421 culum
1118 393 1220 429 quippe
1236 394 1314 426 locus
1330 398 1400 427 erat,
1416 403 1471 424 non
1487 396 1575 431 ipsius
1594 396 1653 430 Dei,
1677 397 1725 425 sed
1747 405 1798 424 no-

1011 440 1093 468 minis
1108 439 1179 475 ejus.
1196 440 1227 466 ιιι
1249 439 1366 476 singulis
1382 445 1473 470 autem
1486 443 1667 478 conqueritur
1680 443 1797 478 adjectis

1011 486 1055 514 his
1081 486 1173 514 verbis
1192 495 1198 513 :
1216 485 1246 513 ln
1272 486 1376 519 medio,
1403 486 1503 523 inquit,
1532 488 1716 517 solemnitatis
1743 493 1798 517 tua

1011 531 1199 567 sanctuarium
1223 536 1300 558 tuum
1323 535 1350 559 et
1373 532 1580 562 tabernaculum
1601 534 1722 562 nominis
1744 535 1795 561 tui.

1010 577 1078 607 Nam
1094 577 1137 605 ha:
1153 577 1332 612 querimoniae
1352 582 1417 606 sunt
1441 578 1475 606 ad
1498 579 1672 606 excitandam
1690 579 1797 606 facino-

1010 631 1070 651 rum
1089 623 1230 655 ultionem,
1245 623 1279 651 ad
1296 624 1443 658 quamsnb
1457 624 1515 651 haec
1527 629 1657 659 provocat
1678 624 1773 652 dicens
1786 632 1793 649 :

1009 670 1080 697 Leva
1103 678 1199 696 manus
1214 674 1274 697 tuas
1288 670 1316 696 in
1332 669 1470 704 superbiat
1485 678 1575 702 eorum
1592 670 1620 697 in
1639 670 1736 705 finem;
1753 677 1795 697 se-

1010 715 1129 743 cutulqu
1147 714 1340 750 Symmachum
1356 722 1420 742 vero
1440 724 1447 742 :
1470 714 1620 747 Ezaltntio,
1639 716 1690 747 ait,
1701 715 1795 749 pedum

1011 766 1115 788 tuorum
1129 761 1162 787 de
1178 760 1264 787 medio
1276 760 1383 788 sublata
1397 765 1435 788 est
1448 761 1482 787 ad
1495 762 1644 789 victoriam.
1661 761 1796 788 Exaltatio

1010 810 1101 834 autem
1117 806 1215 841 pedum
1228 807 1298 841 ejus,
1317 806 1447 841 templum
1460 811 1519 834 erat
1532 807 1659 842 precibus
1672 806 1796 835 destina-

1010 856 1078 880 tum.
1099 852 1214 887 Gloriati
1230 856 1295 885 sunt
1308 852 1354 887 qui
1369 852 1485 880 oderunt
1504 852 1587 880 Deum
1602 853 1630 880 in
1645 852 1736 880 medio
1751 859 1796 880 so-

173 897 326 931 ἠφανίσθη
343 898 387 930 είς
402 897 496 930 νῖκος.
524 897 644 932 ’Υψωμα
658 897 685 924 δὲ
705 897 758 924 τῶν
773 897 859 924 ποδῶν
875 898 956 925 αὐτοῦ

1011 897 1159 925 lemnitatis
1173 893 1244 932 ejus,
1266 901 1295 925 et
1313 899 1411 925 merito
1425 898 1545 933 quidem.
1561 898 1630 931 Quia
1647 899 1721 925 enim
1744 897 1796 933 ipsi

173 945 188 970 ό
198 942 265 976 νεὼς
278 941 312 978 ἦν
326 943 341 969 ό
356 943 509 978 εὐκτήριος.
537 943 767 979 Ἐνεκαυχὴσαντο
780 944 803 970 οι
819 943 960 978 μισοῦντες

174 989 223 1024 τὴν
234 989 299 1016 Θεὸν
313 990 341 1015 ἑν
353 988 427 1024 μέσῳ
439 989 488 1024 τῆς
504 988 601 1024 ἑορτῆς
612 989 693 1015 αὐτοῦ
708 989 828 1021 εἰκότως,
850 989 959 1025 Ἐπειδὴ

174 1034 228 1069 γὰρ
238 1034 314 1062 αὐτοὶ
324 1034 449 1070 πρότεροι
456 1033 502 1060 τὸν
516 1034 597 1061 τόπον
609 1034 743 1066 οἰκοῦντες
754 1034 849 1067 ἀθέους
860 1036 961 1071 ἡραντο

174 1081 269 1116 χεῖρας
285 1080 353 1107 κατὰ
365 1080 411 1106 τοῦ
426 1079 543 1116 Χριστοῦ
558 1079 605 1106 τοῦ
621 1079 689 1106 Θεοῦ
702 1080 731 1107 ἑν
748 1080 823 1116 μέσῳ
841 1080 889 1116 τῆς
901 1081 961 1117 ἑορ-

174 1127 223 1161 τῆς
234 1125 326 1157 αὑτοῦ,
338 1126 411 1161 βοαῖς
423 1135 451 1153 τε
463 1126 551 1158 ἀθέοις
565 1126 612 1152 καὶ
620 1126 745 1160 ἑναγέσιν
757 1127 917 1162 ἐχρήσαντο,
929 1127 958 1153 ἑν

174 1171 242 1207 αὐτῇ
258 1173 290 1207 τῇ
306 1170 351 1197 τοῦ
369 1170 465 1205 Πάσχα
481 1170 571 1206 ἡμέρᾳ
586 1170 616 1197 τὺ
631 1168 701 1206 αἷμα
716 1170 799 1197 αὑτοῦ
815 1171 876 1198 καθ’
892 1171 957 1198 ἑαυ-

172 1217 228 1243 τῶν
241 1217 287 1244 καὶ
300 1216 368 1243 κατὰ
380 1217 434 1243 τῶν
450 1216 521 1243 ίδίων
536 1216 639 1243 τέκνων
652 1216 873 1254 ἑξαιτησάμενοι·
889 1217 960 1244 είκό-

172 1271 226 1294 τως
245 1263 274 1290 ἑν
297 1262 371 1297 μέσῳ
395 1262 444 1297 τῆς
462 1262 559 1298 ἑορτῆς
575 1262 669 1298 μετῄει
684 1262 783 1294 αὐτοὺς
804 1264 820 1299 ἡ
838 1263 870 1289 ἑκ
891 1262 959 1289 Θεοῦ

171 1310 241 1345 όργὴ
251 1317 258 1324 ·
274 1309 312 1340 ὼς
326 1308 372 1335 καὶ
384 1308 481 1343 ἑτέραν
496 1308 663 1344 προφητείαν
678 1307 845 1344 πληροῦσθαι
858 1309 898 1341 είς
911 1309 959 1335 αὺ-

1011 944 1091 980 primi
1104 944 1194 972 locum
1208 944 1370 976 incolentes,
1388 944 1415 971 in
1431 944 1520 971 medio
1535 943 1717 972 solemnitatis
1736 943 1797 978 ejus

1011 990 1109 1026 impias
1126 995 1224 1018 contra
1244 989 1384 1018 Christum
1401 989 1449 1017 Dei
1472 990 1594 1018 extulere
1608 997 1716 1021 manus,
1738 989 1796 1016 cla-

1012 1037 1188 1072 moribusque
1208 1035 1299 1071 impiis
1313 1039 1341 1063 et
1357 1035 1470 1069 nefariis
1486 1036 1541 1067 usi.
1557 1036 1584 1063 in
1607 1035 1667 1071 ipso
1685 1034 1798 1063 Pascha:

1011 1082 1054 1110 die
1075 1082 1236 1118 sanguinem
1252 1081 1312 1117 ejus
1330 1089 1419 1121 super,
1432 1089 1462 1109 se
1484 1086 1512 1109 ct
1537 1089 1620 1117 super
1639 1081 1709 1109 filios
1731 1089 1797 1110 suos

1010 1127 1232 1162 expetierunt“;
1249 1127 1312 1162 jure
1338 1127 1364 1154 in
1381 1127 1471 1154 medio
1490 1126 1672 1154 solemnitatis
1687 1126 1798 1154 invade-

1008 1173 1056 1200 hat
1075 1181 1122 1201 eos
1145 1173 1186 1200 ira
1209 1171 1278 1206 Dei;
1295 1173 1332 1199 ita
1355 1171 1461 1199 ut'alia
1488 1172 1631 1207 prophetia
1652 1172 1798 1207 impleatur

1009 1227 1062 1255 qua
1078 1219 1111 1247 de
1127 1220 1181 1248 illis
1195 1219 1297 1247 dicitur
1313 1228 1319 1246 ε
1335 1217 1368 1245 Et
1386 1223 1536 1245 convertam
1556 1218 1737 1246 solemnitates
1754 1224 1797 1245 us-

1009 1269 1079 1293 uras
1106 1266 1134 1292 in
1153 1265 1262 1299 luctum,
1294 1268 1319 1291 et
1345 1264 1510 1292 celebritates
1537 1269 1637 1291 vestras
1665 1264 1692 1290 in
1720 1263 1798 1299 plan-

1009 1316 1079 1338 ctum
1088 1311 1121 1337 ".

172 1338 254 1387 τόὗέ,
270 1338 309 1381 διί
323 1352 357 1390 ἦς
373 1338 478 1390 εἴρητο·
497 1338 562 1382 ιξαί
572 1338 768 1390 μεταστρώω
783 1355 836 1388 τὰς
852 1338 956 1389 ἑορτὰς
973 1356 1056 1391 ὑμῶν
1077 1357 1120 1390 εις
1143 1355 1252 1390 πένθος
1263 1376 1271 1389 ,
1294 1338 1355 1383 καί⁸
1377 1356 1430 1389 τὰς
1444 1355 1624 1390 πανηγύρεις
1642 1354 1726 1390 ὑμῶν
1754 1353 1798 1387 εις

172 1400 293 1435 θρῆνον.

209 1454 307 1485 Εἵπαν
319 1457 353 1484 ἐν
367 1457 403 1491 τῇ
413 1458 519 1493 καρδίᾳ
533 1457 632 1485 αὐτῶν
640 1460 669 1486 αὶ
684 1459 853 1494 συγγένειαι
864 1459 963 1486 αὐτων

172 1503 221 1530 ἐπὶ
233 1503 265 1529 τὸ
278 1503 353 1530 αὐτό
362 1513 368 1518 ·
379 1504 622 1538 Καταπαύσωμεν
636 1503 689 1537 τὰς
703 1504 808 1538 ἑορτὰς
822 1504 874 1531 τοῦ
887 1504 962 1532 Θεοῦ

1052 1458 1133 1485 Vsus.
1146 1457 1172 1488 8,
1182 1458 1209 1485 9.
1221 1457 1349 1491 Dixerunt
1355 1464 1383 1484 ιιι
1390 1456 1469 1483 corde
1477 1463 1524 1483 suo
1534 1457 1701 1491 cognationes
1707 1465 1798 1485 eorum

1015 1504 1105 1536 simul,
1114 1504 1252 1537 Quicstere
1258 1504 1390 1538 faciamus
1401 1502 1457 1533 dies
1469 1501 1550 1536 festos
1563 1501 1611 1529 Dei
1619 1506 1723 1530 αισι-νο.
1735 1502 1798 1531 Hac

172 1548 232 1575 ἀπὸ
248 1548 303 1582 τῆς
314 1548 379 1583 γῆς.
410 1548 450 1574 Τὰ
464 1548 643 1585 προλεχθέντα
657 1549 745 1576 πάντα
758 1549 883 1576 δυσσεϐεῖ
897 1558 959 1576 σκο-

1011 1554 1111 1585 omnia,
1124 1553 1222 1588 inquit,
1229 1552 1313 1585 impio
1322 1552 1439 1579 consilio
1448 1550 1551 1578 inimici
1561 1549 1600 1577 tui
1608 1549 1774 1585 peragebant
1789 1560 1797 1578 :

173 1593 227 1629 πῷ,
237 1594 314 1629 φησι,
328 1594 506 1630 διεπράξαντο
514 1595 537 1621 οἱ
553 1594 643 1630 ἐχθροί
656 1603 702 1621 σου
711 1603 718 1610 ·
730 1595 760 1621 τό
772 1604 802 1621 τε
816 1595 869 1631 γὰρ
882 1596 958 1630 ἁγια-

174 1640 285 1676 στήριόν
303 1648 349 1666 σου
365 1639 538 1676 ἐνεπύρισαν,
554 1640 601 1667 καὶ
616 1640 646 1667 τὸ
661 1641 792 1676 σκήνωμα
804 1640 850 1667 τοῦ
862 1641 961 1676 ὀνόμα-

172 1686 218 1717 τός
232 1694 279 1713 σου
294 1686 476 1722 ἑσεὸήλωσαν,
493 1687 539 1713 καὶ
553 1686 587 1713 τὰ
601 1686 682 1713 λοιπὰ
693 1687 781 1714 πάντα
793 1687 961 1723 τετολμήκα-

174 1740 217 1758 σιν
225 1741 231 1747 ·
240 1731 290 1759 οὐκ
301 1731 453 1768 ἀνθρώποις
461 1731 690 1764 ἐπιϐουλεύοντες,
698 1733 757 1760 οὐδὲ
766 1733 848 1759 τόπον
857 1733 960 1768 πολιορ-

173 1779 231 1805 κεῖν
246 1777 421 1814 προθέμενοι·
435 1778 476 1804 σοὶ
486 1778 514 1804 δὲ
523 1777 563 1814 τῷ
576 1777 634 1813 Θεῷ
647 1777 838 1813 πολεμοῦντες,
851 1778 898 1806 καὶ
910 1778 960 1810 τὰς

173 1822 269 1858 ἑορτάς
282 1831 328 1848 σου
340 1822 488 1850 καταλῦσαι
499 1822 691 1858 διανοούμενοι.
703 1823 795 1851 Ταῦτα
806 1824 849 1855 δὲ,
862 1825 886 1851 εί
912 1823 960 1851 καὶ

173 1869 212 1904 μὴ
230 1869 345 1904 στόματι
362 1869 472 1896 ἑλαλουν
482 1889 489 1901 ,
511 1869 580 1896 ἀλλὰ
592 1871 654 1901 ταῖς
669 1869 793 1906 καρδίαις
809 1870 899 1897 αὐτῶν
914 1871 961 1898 καὶ

173 1915 232 1946 ταῖς
241 1914 404 1950 ἑνθυμήσεσι
418 1914 577 1949 ἐλογίζοντο.
597 1915 675 1942 Ἀλλὰ
689 1916 749 1942 τότε
767 1916 815 1951 μὲν
831 1916 856 1943 οἱ
869 1915 962 1952 ἐχθροὶ

173 1960 219 1986 τοῦ
235 1960 302 1986 Θεοῦ
317 1959 402 1987 ταῦτα
417 1959 584 1995 λογιζόμενοι
602 1960 647 1986 τὸν
664 1960 748 1989 πάλαι
763 1960 802 1995 τῷ
812 1960 871 1996 θεῷ
887 1961 962 1995 ἀφω-

177 2005 301 2041 ρισμένον
333 2005 410 2032 τόπον
432 2006 583 2047 καθῄρουν·
600 2007 614 2033 ό
630 2006 658 2033 δὲ
682 2006 767 2042 μέγας
788 2007 834 2033 καὶ
851 2006 962 2039 δυνατὸς

174 2050 240 2082 Θεὸς
251 2051 305 2077 ἀνθ’
319 2051 377 2083 ἑνὸς
394 2051 498 2078 ἑκείνου
513 2051 564 2083 τὰς
583 2052 630 2078 ἀπ’
642 2052 778 2079 ἀνατολῶν
790 2051 865 2087 ἡλίου
881 2052 961 2088 μέχρι

172 2096 283 2130 δυσμῶν
297 2096 357 2124 καθ’
372 2096 435 2132 δλης
448 2097 498 2132 τῆς
514 2098 676 2133 οἰκουμένης
691 2097 838 2133 ἐκκλησίας
852 2099 880 2125 ἑν
896 2099 962 2125 πᾶσι

174 2142 285 2177 συνίστη
297 2144 350 2174 τοῖς
364 2142 462 2170 ἔθνεσι.
480 2143 534 2170 Καὶ
546 2144 571 2170 οι
585 2144 634 2178 μὲν
651 2144 743 2179 ἑχθροί
755 2152 812 2176 σου,
826 2145 902 2179 φησὶ,
915 2145 962 2171 καὶ

173 2187 296 2223 πολέμιοι
319 2189 353 2215 τὰ
379 2189 483 2216 ἑαυτῶν
507 2190 606 2224 σημεῖα
624 2189 724 2225 ἑθηκαν
742 2190 771 2216 ἑν
795 2190 889 2226 ὑψηλῷ
916 2191 963 2217 καὶ

172 2233 318 2268 ἐπισήμοις
330 2233 433 2265 τόποις,
446 2234 510 2269 παρ’
522 2234 607 2265 αὐτὰς
620 2234 671 2266 τὰς
682 2234 801 2267 εἰσόδους
812 2234 860 2261 τοῦ
872 2235 960 2271 ἱεροῦ·
978 2226 999 2253 D

172 2278 210 2309 ὡς
224 2277 257 2305 ἂν
277 2278 374 2311 πάντες
388 2280 412 2306 οἱ
426 2279 536 2311 διιόντες
555 2279 640 2316 ὁρῷεν
658 2279 748 2306 αὐτῶν
759 2280 794 2306 τὰ
806 2280 961 2316 νικητήρια’

177 2325 253 2360 ἡμεῖς
269 2325 307 2356 δὲ,
324 2321 362 2351 ὧν
386 2325 418 2352 ἑκ
433 2324 579 2361 προσώπου
600 2325 737 2361 ίκετήριος
760 2324 827 2360 εὐχὴ
843 2325 965 2360 ἀναπέμ-

176 2379 266 2402 πεται,
281 2371 318 2398 Τὰ
336 2371 447 2405 σημεῖα
467 2370 552 2406 ἡμῶν
569 2372 624 2398 οὐκ
639 2371 768 2405 ειδομεν.
790 2371 850 2402 Πῶς
868 2371 896 2398 δὲ
914 2371 964 2399 οὐκ

174 2415 279 2450 εἴδομεν
295 2415 372 2454 ἡμῶν
395 2415 428 2445 τὰ
450 2417 565 2451 σημεῖα,
584 2416 641 2443 ἀλλ’
661 2416 723 2442 ἐπεὶ
745 2417 800 2443 οὐκ
817 2415 903 2442 ἔστιν
921 2416 964 2442 ἔτι

174 2460 338 2496 προφήτης,
354 2461 402 2488 καί
424 2461 503 2496 ἡμᾶς
523 2462 560 2489 οὺ
575 2463 720 2496 γνώσεται
734 2462 796 2493 ἐτι;
811 2461 899 2488 Πάλαι
914 2461 964 2496 μὲν

174 2506 230 2542 γὰρ
245 2506 305 2533 καθ’
323 2506 437 2534 ’ἑκαστον
455 2507 548 2543 καιρὸν
571 2508 617 2534 καὶ
636 2508 708 2535 κατὰ
722 2507 818 2542 γενεὰς
832 2507 879 2534 καὶ¹
893 2506 964 2534 κατὰ

173 2551 297 2587 διαδοχὰς
316 2552 369 2578 τῶν
389 2552 530 2588 ἡμετέρων
546 2553 681 2589 πατέρων,
695 2553 832 2589 προφῆται
846 2552 964 2587 συνῆσαν

176 2598 264 2630 αὐτοῖς
271 2598 507 2634 πολιορκουμένοις
520 2599 614 2630 καὶεὶς
626 2599 813 2635 αἰχμαλωσίαν
825 2599 965 2633 ἀπαγομέ-

185 2652 245 2675 ιοις·
263 2644 331 2680 ΰπερ
344 2642 377 2680 ἦν
398 2644 526 2680 μέγιστον
548 2644 648 2680 δεῖγμα
667 2645 713 2672 καὶ
734 2646 846 2680 σημεῖον
865 2645 911 2672 τοῦ
926 2645 964 2680 μὴ

186 2690 373 2722 ινεπισκόπους
399 2691 497 2722 αὐτοὺς
517 2691 664 2727 ὑπάρχειν·
685 2692 702 2726 ἡ
717 2691 781 2725 γοῦν
798 2691 966 2727 προνοητικὴ

193 2733 229 2760 ὢν
246 2734 314 2761 ὅλων
332 2735 455 2771 δύναμις,
473 2736 572 2773 ,ὥσπερ
590 2737 697 2772 ἰατροὺς
717 2739 745 2764 ὲν
763 2739 821 2768 ταῖς
836 2738 964 2772 ἑσχάταις

178 2783 326 2818 συμφοραῖς
353 2783 414 2815 τοὺς
441 2783 582 2819 προφήτας
609 2782 649 2819 τῷ
667 2783 728 2809 τότε
752 2783 808 2818 λαῷ
831 2783 961 2818 καθίστη·

211 2860 233 2881 ¹⁴
252 2860 348 2893 Matth.
364 2870 436 2890 uvu
448 2882 455 2894 .
471 2862 516 2891 ‘25,
556 2862 578 2879 "
597 2861 680 2891 Amos
702 2868 764 2893 vm,
784 2861 815 2890 l0

1009 1607 1071 1626 nam
1082 1599 1280 1631 sanctuarium,
1296 1597 1396 1633 inquit,
1410 1601 1492 1625 .tuum
1508 1595 1700 1627 incenderunt,
1715 1599 1743 1623 et
1757 1599 1799 1623 ta—

1009 1645 1189 1674 bernaculum
1228 1645 1348 1673 nominis
1373 1643 1415 1671 tui
1455 1642 1655 1678 profanaruut,
1686 1646 1799 1669 caetera-

1009 1699 1063 1726 que
1089 1691 1182 1719 omnia
1214 1690 1274 1719 ausi
1301 1693 1388 1722 sunt,
1418 1696 1473 1716 non
1504 1687 1662 1716 hominibus
1683 1686 1799 1715 insidias

1010 1741 1167 1768 struentes,
1196 1744 1251 1764 non
1286 1736 1377 1764 locum
1405 1735 1495 1769 ipsum
1527 1733 1654 1762 obsidere
1692 1736 1798 1761 tantum

1010 1783 1039 1811 in
1067 1783 1158 1810 animo
1188 1782 1341 1813 habentes;
1367 1780 1414 1808 sed
1449 1780 1499 1808 tibi
1527 1779 1583 1807 Deo
1606 1779 1708 1807 bellum
1739 1785 1799 1806 mo-

1009 1833 1115 1862 ventes,
1135 1832 1162 1857 et
1178 1828 1249 1857 festa
1268 1831 1316 1857 tua
1330 1827 1438 1855 solvere
1452 1826 1617 1862 cogitantes.
1634 1824 1698 1853 Haec
1714 1831 1799 1860 porro

1010 1874 1119 1902 etiamsi
1148 1881 1203 1901 non
1230 1881 1278 1901 ore
1304 1872 1480 1908 proferrent,
1505 1870 1553 1898 sed
1585 1869 1669 1898 corde
1691 1872 1798 1898 mente-

1011 1925 1065 1953 que
1076 1916 1346 1953 cogitabant.Verurn
1362 1916 1401 1944 illi
1419 1915 1466 1943 Dei
1481 1915 1575 1943 hostes
1591 1914 1658 1942 talia
1675 1914 1798 1949 cogitan-

1011 1968 1053 1991 tes
1070 1964 1159 2000 locum
1177 1963 1243 1992 olim
1263 1962 1319 1991 Deo
1334 1962 1455 1990 dicatum
1475 1960 1584 1988 excidio
1598 1959 1771 1991 tradiderunt
1788 1967 1797 1986 :

1011 2016 1128 2045 magnus
1150 2012 1241 2036 autem
1265 2008 1311 2036 ille
1335 2012 1486 2043 potensque
1507 2005 1588 2039 Deus,
1609 2012 1660 2041 pro
1677 2012 1732 2031 uno
1752 2004 1800 2032 illo

1011 2054 1083 2086 loco,
1095 2054 1129 2081 ab
1142 2053 1247 2081 oriente
1258 2053 1316 2080 sole
1333 2059 1420 2087 usque
1436 2050 1471 2078 ad
1486 2057 1615 2079 occasum
1627 2057 1675 2084 per
1689 2048 1800 2076 univer-

1014 2107 1074 2127 sum
1092 2099 1187 2126 orbem
1201 2098 1333 2126 ecclesias
1346 2098 1398 2126 sibi
1416 2105 1465 2132 per
1479 2104 1575 2124 omnes
1591 2099 1686 2131 gentes
1695 2094 1800 2122 constin

1013 2145 1074 2172 luit.
1099 2144 1132 2171 Et
1157 2152 1221 2172 vero
1241 2143 1357 2176 inimici,
1373 2143 1471 2177 inquit,
1488 2146 1516 2170 et
1538 2143 1631 2169 hostes
1656 2140 1696 2168 tui
1721 2140 1799 2176 signa

1013 2197 1063 2217 sua
1083 2189 1110 2217 in
1135 2189 1190 2217 alto
1207 2192 1235 2217 et
1255 2189 1283 2216 in
1306 2187 1463 2223 conspicuis
1489 2187 1558 2214 locis
1578 2189 1740 2221 posuerunt,
1765 2185 1800 2212 ad

1014 2236 1088 2270 ipsas
1104 2242 1191 2270 usque
1210 2234 1303 2269 templi
1315 2234 1431 2266 valvas,
1452 2237 1482 2260 ut
1497 2240 1593 2259 omnes
1616 2231 1663 2266 qui
1686 2234 1800 2266 praeter!

1014 2280 1102 2313 ibant,
1118 2279 1241 2308 victoriae
1257 2280 1366 2307 illorum
1387 2278 1510 2315 symbols
1526 2277 1733 2313 conspicerent;
1749 2284 1802 2306 nos

1014 2331 1116 2359 autem,
1131 2334 1165 2354 ex
1184 2334 1301 2362 quorum
1314 2333 1430 2362 persona
1446 2325 1535 2352 oratio
1552 2324 1688 2356 funditur,
1715 2322 1800 2358 Signa

1014 2378 1106 2400 nostra
1117 2381 1170 2399 non
1185 2371 1308 2399 vidimus.
1320 2370 1463 2405 Quomodo
1479 2370 1556 2405 signa
1576 2372 1672 2396 nostra
1689 2376 1744 2396 non
1759 2368 1799 2395 vi-

1014 2419 1115 2452 dimus,
1134 2418 1188 2446 nisi
1203 2417 1268 2454 quia
1286 2417 1346 2451 jam
1367 2425 1418 2444 non
1430 2421 1468 2443 est
1484 2415 1620 2450 propheta,
1634 2418 1660 2441 et
1683 2422 1729 2441 nos
1747 2421 1801 2440 non

1014 2468 1150 2500 cognoscat
1170 2463 1306 2497 amplius?
1322 2460 1393 2489 Olim
1407 2461 1516 2496 quidem
1535 2459 1651 2495 singulis
1671 2457 1799 2494 tempori-

1015 2511 1076 2541 bus,
1092 2511 1119 2537 in
1144 2508 1366 2545 generationibus
1392 2511 1420 2535 et
1446 2506 1669 2535 successionibus
1692 2508 1799 2540 patrum

1014 2559 1184 2587 nostrorum,
1201 2554 1340 2590 prophetae
1351 2553 1419 2589 ipsis
1435 2552 1559 2581 obsessis
1570 2557 1598 2580 et
1612 2552 1640 2580 in
1655 2550 1800 2586 captivita-

1014 2605 1069 2628 tem
1085 2601 1155 2628 actis
1169 2600 1283 2628 aderant
1301 2599 1395 2635 :quod
1412 2599 1561 2626 maximum
1580 2602 1641 2632 erat
1655 2604 1801 2633 argumen-

1014 2650 1072 2674 tum
1093 2651 1121 2675 et
1145 2646 1265 2685 signum,
1281 2653 1329 2673 eos
1352 2653 1407 2673 non
1424 2644 1593 2680 providentia
1609 2644 1737 2671 exclusos
1752 2645 1799 2669 tua

1015 2693 1117 2727 fuisse;
1130 2693 1217 2720 virtus
1231 2692 1303 2719 enim
1323 2692 1369 2719 illa
1382 2689 1690 2727 universisprovidens,
1709 2688 1736 2716 in
1751 2696 1799 2717 cx-

1015 2739 1109 2767 tremis
1125 2738 1327 2767 calamitatibus
1353 2737 1500 2773 prophetas
1525 2744 1574 2764 ceu
1599 2735 1719 2766 medicos
1745 2734 1798 2769 ipsi

1015 2785 1079 2813 olim
1096 2785 1194 2822 populo
1209 2784 1392 2814 constituebat
1407 2792 1414 2811 :
1430 2787 1464 2813 et
1478 2783 1540 2811 haec
1554 2784 1632 2810 erant
1645 2780 1691 2809 Dei
1709 2779 1796 2816 signa.
