4078 6934
539 401 650 462 859
1221 402 1486 461 EUSEB"
1525 405 2002 466 CAESARIENSIS
2039 408 2193 466 OPP.
2237 411 2416 468 PARS
2453 409 2540 469 ιιι.
2571 443 2642 454 -
2681 411 3092 470 EXEGETICA.
3722 417 3854 474 860

543 517 705 574 Nunc
745 525 925 575 autem
969 533 1094 574 cum
1123 519 1382 589 pradicta
1421 519 1477 576 in
1505 536 1608 578 nos
1637 536 1802 594 opere
1825 524 2121 594 perﬁciun-

2226 527 2514 583 καὶταῦτα
2553 524 2621 604 ἦρ
2650 529 2746 584 τοῦ
2779 529 2914 584 Θεοῦ
2946 530 3014 584 τά
3048 532 3267 603 σημεῖα.
3303 530 3417 587 Νῦν
3455 533 3512 588 δὲ
3541 536 3619 600 εις
3661 535 3854 605 ἡμᾶς

545 618 660 678 tur,
718 610 887 683 Signa
911 621 1095 666 nostra
1121 628 1227 666 non
1254 611 1480 670 vidimus
1506 629 1527 670 :
1554 630 1728 686 quare
1762 615 1883 686 jam
1914 633 2018 672 non
2044 628 2122 674 est

2226 621 2482 692 γινόμενα
2503 623 2592 676 ὅτε
2614 623 2681 677 τά
2703 622 3067 695 προλεχθέντα
3093 623 3160 678 δι’
3181 624 3358 697 ἔργων
3373 629 3558 699 χωρεῖ,
3587 627 3678 681 Τὰ
3705 641 3849 694 ση-

541 703 818 773 propheta,
860 710 912 758 et
943 719 1040 758 nos
1077 717 1182 757 non
1208 713 1484 774 cognoscet
1510 705 1758 775 amplius.
1784 704 1921 762 Nam
1959 707 2008 762 si
2053 708 2121 763 ad

2226 715 2358 785 μεῒα
2385 714 2555 786 ήμῶν
2579 717 2692 770 οὐκ
2730 715 2998 785 εἴδομεν
3027 717 3092 771 δι’
3127 717 3156 770 ὃ
3183 720 3296 772 οὐκ
3335 717 3508 773 ἔστιν
3536 718 3626 773 ἔτι
3664 735 3842 790 προ-

540 798 709 856 ht'eve
729 797 907 853 solum
927 804 1145 868 tempus
1166 797 1446 870 propheta:
1470 796 1804 854 defecissent
1823 839 1838 863 ,
1864 805 1919 854 et
1934 809 2121 870 postea

2226 806 2438 878 φήτης,
2470 808 2570 862 καὶ
2599 805 2757 878 ’ἡμᾶς
2781 810 2853 863 οὐ
2873 808 3162 880 γνώσεται
3183 809 3292 863 ἔτι.
3316 810 3380 864 Et
3407 811 3507 882 μὲν
3529 811 3639 885 γὰρ
3673 810 3852 883 πρὸς

539 899 726 944 tamen
773 886 1183 960 apparuissent,
1212 903 1557 960 nequaquam
1606 888 1815 944 dictum
1864 898 2032 955 esset,
2070 899 2120 945 et

2226 901 2410 973 καιρὸν
2439 901 2642 974 βραχὺν
2669 900 2904 956 διέλιπον
2923 903 2974 956 οἱ
3003 902 3300 974 προφῆται,
3323 900 3441 958 εἷτα
3469 905 3607 976 μετὰ
3627 903 3854 960 ταῦτα

541 979 637 1034 nos
695 997 800 1035 non
847 990 1123 1052 cognoscet
1182 981 1432 1050 amplius.
1497 979 1618 1037 Jam
1657 996 1789 1038 vero
1831 982 1958 1052 quia
1997 995 2122 1052 post

2226 993 2384 1047 πάλιν
2427 994 2805 1064 ἀνεφάνησαν,
2849 995 2951 1048 οὐκ
2994 995 3060 1048 ἂν
3101 995 3342 1064 ἐλέγετο,
3391 997 3489 1050 καί
3532 996 3712 1067 ἡμᾶς
3763 999 3854 1052 οὐ

539 1071 790 1142 ipsorum
830 1070 886 1126 in
923 1067 1274 1126 Servatorem
1319 1086 1507 1138 ausus,
1545 1071 1981 1142 irrumpentibus
2011 1071 2121 1127 Ro-

2226 1085 2510 1155 γι·ώσεται
2539 1085 2654 1139 ἐτιο
2693 1086 2788 1140 νῦν
2815 1086 2872 1140 δὲ
2903 1087 3090 1158 ἐπειδὴ
3130 1088 3270 1160 μετὰ
3298 1088 3364 1143 τά
3395 1090 3536 1143 κατὰ
3568 1089 3670 1143 τοῦ
3711 1090 3857 1142 Σω-

539 1163 742 1230 manis,
773 1163 1067 1235 locumque
1108 1179 1140 1220 a
1185 1163 1544 1219 fundamento
1573 1163 1940 1229 diruentibus,
1978 1179 2118 1220 nus-

2226 1178 2388 1250 τῆρος
2416 1179 2754 1250 τολμηθέντα
2783 1180 2985 1245 αὐτοῖς,
3030 1181 3313 1252 Ῥωμαίων
3344 1183 3692 1236 ἐπιστάντων
3733 1179 3856 1236 καὶ

539 1269 708 1326 quam
750 1255 1030 1326 prophetae
1071 1256 1316 1313 obsessis
1354 1256 1608 1321 aderant,
1678 1255 1777 1312 sed
1823 1271 2000 1326 neque
2035 1273 2120 1313 se-

2226 1270 2312 1324 τὸν
2337 1270 2501 1324 τόπον
2529 1273 2592 1324 έκ
2620 1271 2836 1345 βάθρων
2869 1273 3289 1345 ὲρημωσάντων,
3315 1275 3552 1346 οὐδαμοῦ
3589 1275 3852 1347 προφῆ-

539 1350 729 1420 quenti
758 1357 1005 1421 tempore
1035 1350 1350 1416 adfuerunt,
1377 1365 1480 1405 nec
1501 1365 1743 1421 unquam
1774 1358 1964 1421 postea
1995 1367 2118 1408 sur-

2226 1379 2310 1416 ται
2342 1363 2597 1435 παρῆσαν
2627 1366 2740 1427 τοῖς
2775 1364 3248 1435 πολιορκουμένοις
3268 1383 3282 1397 ’
3319 1366 3434 1420 ἀλλ’
3462 1367 3582 1421 οὐδὲ
3613 1369 3673 1421 έν
3705 1369 3850 1430 τοῖς

539 1442 746 1498 recturi
776 1452 938 1511 sunt;
967 1443 1278 1499 admirabili
1308 1443 1471 1498 modo
1505 1441 1794 1512 prophetia
1829 1449 2120 1513 postquam

2226 1453 2363 1525 μετὰ
2386 1454 2560 1510 ταῦτα
2585 1457 2797 1529 χρόνοις
2820 1457 3134 1526 γεγόνασιν,
3176 1458 3281 1511 οὐδ’
3302 1459 3533 1530 ήμελλον
3559 1457 3854 1521 εἰσαῦθίς

537 1533 774 1602 (Ixerat,
803 1533 932 1589 Jam
970 1551 1074 1589 non
1104 1544 1182 1590 est
1225 1536 1497 1605 propheta,
1523 1534 1754 1602 addidit,
1787 1544 1839 1589 et
1882 1551 1978 1590 nos
2018 1553 2121 1590 non

2226 1561 2352 1597 ποτε
2398 1545 2826 1618 ἀναστήσεσθαιο
2882 1546 3209 1618 θαυμαστῶς
3262 1551 3295 1620 ἡ
3349 1550 3653 1622 πρόρρησις
3725 1550 3856 1620 φή-

539 1634 815 1696 cognoscet
849 1626 1101 1697 amplius.
1148 1626 1308 1694 Quod
1362 1641 1495 1682 sane
1537 1641 1647 1682 non
1697 1626 2120 1699 Babyloniorum

2226 1655 2382 1701 σασα,
2414 1639 2535 1703 Οὐκ
2564 1640 2736 1693 ἐστιν
2755 1640 2842 1694 ἐτι
2869 1640 3196 1710 προφήτης,
3221 1642 3490 1712 ἐπήγαγε,
3522 1644 3622 1697 καὶ
3647 1643 3850 1714 ἡμᾶς

536 1723 817 1786 tempore,
851 1731 1028 1788 neque
1072 1716 1347 1788 superiori
1397 1731 1514 1772 aevo
1558 1715 1669 1771 dici
1719 1724 1952 1787 poterat.
1984 1714 2121 1771 Nam

2226 1729 2293 1782 οὐ
2341 1726 2630 1797 γνώσεται
2657 1730 2766 1787 ἔτι.
2809 1730 2930 1784 Ὀτι
2983 1729 3096 1784 οὔτ’
3142 1731 3241 1786 ἐπὶ
3289 1732 3398 1784 τῶν
3448 1733 3850 1787 Βαϐυλωνίων

538 1808 775 1880 singulis
798 1810 855 1865 in
887 1809 1337 1882 generationibus
1370 1824 1541 1880 penes
1565 1809 1692 1865 illos
1725 1811 2119 1881 prophetarum

2226 1821 2427 1892 χρόνων
2459 1821 2698 1894 ἥρμοττε
2726 1821 3000 1892 λέγεσθαι,
3028 1821 3141 1876 οὔτ’
3166 1825 3260 1877 ἐπὶ
3281 1823 3389 1878 τῶν
3415 1825 3846 1896 παλαιοτέρων.

539 1901 822 1957 successio
851 1901 1061 1982 tloruit,
1087 1908 1144 1957 et
1164 1915 1339 1972 usque
1378 1901 1449 1957 ad
1475 1899 1742 1957 Joannem
1795 1899 2118 1972 prophetam

2226 1887 2654 1985 ὲᾖκμαξεηγοῦν
2706 1887 2826 1967 καθ’
2875 1915 3111 1985 ἑκάστην
3156 1915 3348 1985 γενεὰν
3389 1918 3519 1986 παρ’
3550 1887 3754 1980 “(rm-ﬁ;
3809 1919 3848 1988 ἢ

537 1995 862 2065 permansit.
2216 2003 2322 2058 τῶν
2351 2005 2647 2077 προφητῶν
2671 2005 2908 2078 διαδοχὴ.
2937 2006 2971 2075 ἢ
3001 2007 3098 2060 καὶ
3121 2007 3373 2079 διήρκεσε
3402 2008 3598 2080 μέχρις
3622 2008 3841 2062 Ἰωὰνο

2215 2114 2306 2150 νου
2338 2095 2432 2150 τοῦ
2470 2098 2772 2169 προφήτου.

2286 2191 2435 2256 Ἕως
2462 2190 2627 2255 πότε,
2660 2193 2693 2244 ό
2725 2188 2892 2256 Θεὸς,
2917 2188 3183 2250 ὀνειδίζει
3211 2191 3245 2243 ό
3279 2189 3514 2258 ἐχθρὸς.
3547 2191 3844 2259 παροξύ.

539 2285 860 2348 cus,irritst
891 2284 1234 2338 adversarius
1282 2299 1471 2337 nomen
1506 2292 1654 2336 tuum
1706 2282 1762 2336 in
1815 2282 2016 2352 ﬁnem?
2057 2279 2115 2337 In

2226 2299 2304 2335 νει
2337 2281 2697 2348 ὑπεναντίος
2720 2282 2788 2336 τὸ
2819 2281 3008 2352 ὄνομά
3029 2295 3146 2336 σου
3176 2285 3264 2348 είς
3295 2281 3508 2347 τέλος;
3537 2280 3840 2352 Πολλάκις

537 2375 808 2456 ριἰεεειιιί
836 2375 1125 2446 prophetia
1172 2373 1330 2440 illud,
1367 2375 1422 2428 in
1453 2374 1631 2444 ﬁnem,
1673 2374 1996 2444 plerumque
2031 2373 2118 2428 di-

2226 2372 2430 2446 εἴρηται
2469 2372 2558 2427 διὰ
2583 2374 2683 2445 τῆς
2713 2373 2850 2445 μετά
2891 2376 3079 2445 χεῖρας
3113 2373 3448 2445 προφητείας
3478 2375 3560 2440 τὸ,
3594 2377 3682 2442 είς
3719 2374 3836 2429 σέ-

537 2476 687 2523 ctum
709 2467 832 2522 l'uit.
864 2467 924 2522 In
953 2467 1225 2538 principio
1253 2481 1493 2538 namque
1537 2466 1859 2521 dicebatur:
1898 2463 2114 2536 thuid,

2226 2469 2345 2532 λος.
2402 2466 2491 2518 Ἐν
2533 2467 2678 2537 ἀρχῇ
2729 2466 2825 2537 μὲν
2877 2466 2985 2538 γὰρ
3031 2465 3278 2536 ἐλέγετοδ
3324 2467 3518 2532 Ἱνατί,
3568 2471 3601 2522 ό
3639 2467 3833 2534 Θεὸς,

541 2559 705 2625 Deus,
729 2559 972 2630 repulisti
1009 2559 1066 2614 in
1095 2561 1252 2630 ﬁnem
1274 2563 1300 2616 ?
1327 2558 1536 2615 Deinde
1559 2575 1689 2616 vero
1715 2578 1729 2614 :
1761 2557 1897 2614 Leva
1925 2575 2115 2615 manus

2226 2557 2434 2612 ἀπώσω
2455 2561 2543 2624 είς
2572 2556 2779 2625 τέλος;
2825 2553 2924 2612 εἶθ’
2968 2559 3094 2630 ἑξῆς
3113 2575 3127 2589 ο
3175 2560 3436 2629 Ἐπαρον
3461 2559 3572 2626 τὰς
3603 2559 3831 2629 χεῖράς

541 2665 660 2708 tuas
693 2654 750 2708 in
779 2651 1052 2723 superbius
1082 2653 1137 2707 in
1165 2653 1360 2722 ﬁnem;
1393 2643 1556 2707 tertio
1593 2671 1608 2707 :
1643 2649 1838 2706 Irritat
1867 2650 2116 2706 adversa-

2226 2665 2332 2706 σου
2363 2651 2461 2704 ἐπὶ
2501 2650 2608 2718 τὰς
2647 2653 3062 2722 ὑπερηφανίας
3103 2654 3192 2718 είς
3227 2651 3435 2719 τέλος·
3464 2651 3558 2705 καί
3586 2651 3784 2722 τρίτον
3803 2668 3823 2681 °

538 2747 652 2800 rius
707 2762 894 2800 nomen
945 2754 1091 2799 tuum
1137 2745 1192 2799 in
1239 2745 1434 2814 ﬁnem;
1491 2760 1821 2816 rursumque
1866 2763 1880 2801 :
1919 2743 2114 2816 thuid

539 2837 732 2892 avertis
761 2855 976 2892 manum
1011 2847 1155 2891 luant
1182 2846 1231 2891 et
1261 2837 1532 2890 dexteram
1565 2849 1712 2891 tuam
1733 2837 1797 2892 de
1827 2836 1994 2893 medio
2033 2840 2112 2894 si»

606 2189 777 2245 Vnns.
817 2191 906 2255 10.
934 2189 1021 2247 Η.
1059 2191 1356 2262 Usquequo,
1388 2189 1552 2256 Deus,
1583 2190 1903 2260 improperat
1936 2189 2116 2244 inimi-

2219 2744 2546 2814 Παροξύνει
2585 2748 2618 2800 ό
2648 2745 3008 2812 ὑπεναντίος
3039 2745 3103 2800 τὸ
3123 2729 3312 2814 ’ὄνομά
3343 2759 3460 2798 σου
3485 2746 3574 2810 εὶς
3592 2744 3784 2811 τέλος
3803 2762 3818 2774 ο

2218 2837 2312 2890 καὶ
2335 2831 2491 2900 αὖθις
2507 2854 2521 2868 ο
2565 2836 2740 2891 ἰνατί
2768 2834 3169 2906 ἀποστρέφεις
3193 2836 3308 2905 τὴν
3362 2834 3529 2906 χεῷἁ
3556 2850 3672 2890 σου
3699 2834 3820 2889 καὶ

538 2945 610 2983 nu
641 2939 730 2983 tuo
760 2930 816 2982 in
839 2930 1038 2998 ﬁnem?
1065 2928 1232 2994 Queis
1267 2937 1547 2999 postrema
1579 2929 1685 2984 loci
1713 2929 1928 2986 obsidio
1945 2931 2116 3002 signi-

539 3020 753 3076 ﬁcatur.
787 3020 923 3075 Cum
947 3028 1129 3075 autem
1161 3028 1517 3090 percontatur
1536 3027 1590 3076 et
1614 3021 1785 3078 dicit:
1815 3021 2111 3094 Usquequo,

541 3112 701 3178 Deus,
726 3113 1096 3184 improperabit
1116 3112 1360 3168 inimicus
1374 3116 1400 3170 .9
1412 3114 1630 3171 edoceri
1651 3116 1804 3186 cupit
1829 3131 2115 3188 quousque

539 3203 727 3260 isthtec
750 3205 1146 3275 perdurabunt,
1185 3213 1240 3260 et
1283 3219 1534 3276 quaenam
1573 3207 1837 3277 temporis
1873 3208 2112 3264 circum-

2215 2928 2331 2996 τὴν
2347 2927 2553 2994 δεξιάν
2566 2944 2683 2984 σου
2695 2929 2764 2983 ἐκ
2775 2928 2974 2999 μέσου
2989 2927 3096 2982 τοῦ
3111 2930 3343 2984 κόλπου
3356 2945 3473 2984 σου
3489 2929 3577 2994 είς
3591 2927 3778 2994 τέλος
3794 2943 3823 2991 ;

2215 3023 2283 3077 δι’
2309 3015 2383 3076 ὧν
2415 3024 2444 3076 ὁ
2475 3022 2634 3090 λόγος
2663 3022 2761 3094 τὴν
2790 3022 3107 3076 τελευταίαν
3153 3021 3464 3094 πολιορκίαν
3507 3020 3602 3075 τοῦ
3634 3020 3815 3074 τόπου

2219 3115 2494 3186 σημαίνει.
2533 3113 2940 3185 Πυνθανόμενος
2974 3115 3030 3168 δὲ
3069 3115 3164 3168 καὶ
3201 3114 3407 3183 λέγων’
3441 3114 3597 3181 Ἕως
3635 3117 3817 3179 πότε,

2219 3207 2252 3257 ό
2313 3203 2476 3269 Θεὸς,
2521 3202 2762 3258 ὀνειδιεῖ
2789 3206 2823 3258 ό
2851 3203 3105 3274 ἐχθρός;
3153 3203 3462 3282 διδαχθῆναι
3512 3204 3667 3258 ποθεῖ
3698 3205 3818 3268 ἕως

541 3295 766 3366 scriptio
787 3297 913 3364 erit,
949 3304 1005 3352 et
1034 3280 1323 3367 usquequo
1355 3298 1598 3354 irritabit
1641 3276 1993 3355 adversarius
2018 3313 2118 3353 no-

2226 3291 2352 3344 πὸτε
2397 3291 2549 3345 ταῦτ’
2588 3292 2763 3356 ἐσται,
2813 3293 2910 3347 καὶ
2954 3293 3039 3356 τίς
3090 3292 3240 3347 ἔσται
3277 3294 3311 3359 ἠ
3348 3276 3661 3366 περιγραφὴ
3705 3294 3816 3348 τοῦ

542 3403 664 3443 men
688 3395 864 3452 tuum,
895 3405 1024 3443 num
1063 3390 1189 3444 talia
1214 3390 1424 3462 agendo
1445 3391 1501 3446 in
1547 3391 1706 3446 linem
1737 3399 2119 3462 perseveratu-

542 3495 638 3536 rus
659 3480 752 3536 sit.
784 3479 1198 3551 Consequenter
1220 3481 1414 3536 horum
1447 3497 1668 3537 causam
1703 3483 1979 3553 precando
2008 3484 2118 3539 sci-

542 3571 774 3625 scitatur
816 3570 949 3625 dum
984 3571 1118 3626 dicit
1151 3589 1164 3626 :
1198 3570 1392 3642 thuid
1417 3573 1611 3626 avertis
1641 3589 1857 3627 manum
1893 3583 2040 3628 tuam
2071 3582 2123 3627 et

542 3664 816 3716 dexteram
862 3672 1008 3716 tuam
1055 3661 1119 3717 de
1150 3662 1322 3719 medio
1368 3664 1490 3718 sinu
1539 3672 1628 3718 tuo
1675 3664 1730 3718 in
1768 3665 1972 3734 ﬁnem?
1999 3663 2123 3719 Haec

542 3767 707 3824 porro
726 3752 858 3807 dicti
888 3755 1163 3808 sententia
1196 3761 1283 3810 est
1316 3774 1330 3811 :
1369 3755 1527 3810 sinus
1557 3753 1654 3810 Dei
1695 3755 1855 3810 bonis
1884 3756 2123 3826 repletus

541 3853 646 3906 est,
684 3859 854 3914 quare
905 3845 1114 3901 dictum
1161 3854 1246 3902 est
1283 3866 1298 3902 :
1335 3846 1645 3920 Unigenitns
1689 3847 1888 3915 Filius,
1920 3851 2009 3922 qui
2046 3861 2125 3906 est

542 3935 598 3988 in
627 3936 748 3990 sinu
794 3935 1000 4001 Patris,
1019 3937 1132 4006 ipse
1175 3939 1444 3992 enarravit
1475 3940 1544 3994 ".
1571 3938 1636 3992 Et
1661 3946 1746 3994 est
1775 3939 1864 3994 hic
1889 3954 2124 3999 arcanus

543 4029 789 4086 Paterna:
830 4030 1138 4087 divinitatis
1187 4032 1504 4098 thesaurus,
1544 4042 1600 4091 et
1633 4035 1916 4105 plenitudo
1953 4036 2126 4094 bono-

544 4137 666 4177 rum
717 4124 986 4187 omnium,
1051 4123 1198 4179 unde
1256 4127 1554 4194 gratiarum
1601 4127 1744 4182 dona
1800 4128 1870 4183 iis
1911 4129 2006 4200 qui
2066 4145 2127 4186 se

542 4214 693 4284 digni
717 4221 847 4269 sunt
881 4215 1133 4284 largitur.
1169 4213 1438 4281 Quoniam
1483 4217 1651 4288 igitur
1680 4217 1747 4273 de
1780 4219 1960 4275 medio
1999 4220 2124 4276 sinu

543 4307 686 4361 dona
717 4306 1015 4376 gratiarum
1063 4307 1246 4377 dignis
1291 4315 1503 4378 erogat,
1535 4323 1598 4364 ac
1642 4309 1923 4364 dexteram
1967 4325 2122 4366 suam

545 4396 603 4450 in
655 4395 777 4450 illos
821 4396 1084 4462 extendit,
1117 4397 1186 4451 ab
1233 4396 1474 4469 indignis
1504 4415 1634 4455 vero
1663 4401 1944 4456 dexteram
1968 4417 2122 4458 suam

546 4486 764 4548 avertit,
795 4485 1040 4556 nihilque
1072 4503 1138 4542 ex
1161 4487 1322 4542 bonis
1343 4489 1400 4543 in
1434 4499 1737 4546 memorato
1765 4491 1886 4547 sinu
1916 4508 2018 4547 suo
2043 4507 2127 4547 re-

2222 3384 2434 3456 χρόνου,
2453 3385 2725 3458 καὶμέχρι
2759 3385 2901 3450 τίνος
2934 3386 3225 3457 παροξύνει
3244 3387 3321 3458 (1)
3343 3389 3373 3440 ὁ
3398 3388 3716 3452 ὑπεναντίος
3741 3388 3814 3442 τδ

2221 3477 2392 3548 ὄνομά
2427 3495 2540 3542 σου,
2572 3479 2666 3532 καὶ
2698 3479 2746 3531 εί
2783 3478 3024 3550 διαμένει
3055 3480 3135 3543 είς
3158 3478 3309 3543 τέλος
3338 3479 3495 3532 τοῦτο
3529 3479 3812 3552 πράττων.

2223 3564 2334 3622 Εἶτ’
2360 3568 2667 3635 ἀκολούθως
2699 3570 3027 3626 πυνθάνεται
3053 3570 3151 3642 τὴν
3176 3569 3380 3624 τούτων
3402 3570 3581 3624 αἰτίαν
3607 3570 3807 3636 ἀξιῶν·

2222 3659 2305 3712 διό
2333 3675 2495 3728 φησιν
2515 3676 2528 3689 ·
2575 3659 2750 3714 Ἰνατί
2782 3660 3179 3729 ἀποστρέφεις
3204 3659 3318 3728 τὴν
3374 3660 3540 3730 χεῖρά
3565 3675 3684 3714 σου
3709 3663 3814 3716 καὶ

2223 3749 2338 3818 τὴν
2363 3750 2570 3815 δεξιάν
2587 3766 2705 3806 σου
2747 3751 2815 3806 ἐκ
2851 3752 3047 3822 μέσου
3079 3753 3183 3806 τοῦ
3210 3753 3443 3807 κόλπου
3465 3769 3583 3807 σου
3607 3747 3694 3821 είς
3719 3756 3814 3809 τέ-

2223 3847 2375 3908 λος;
2413 3844 2477 3896 'll
2508 3843 2564 3896 δὲ
2593 3843 2688 3896 τοῦ
2733 3843 2890 3913 λόγου
2923 3843 3129 3899 διάνοια
3161 3843 3346 3898 τοῦτον
3381 3843 3494 3916 ἔχει
3530 3845 3622 3899 τὸν
3645 3845 3774 3900 νοῦν
3794 3863 3812 3877 ο

2225 3938 2254 3990 ὁ
2277 3937 2473 4001 κόλπος
2498 3936 2590 3990 τοῦ
2623 3937 2758 3990 Θεοῦ
2782 3937 3002 4006 ἀγαθῶν
3031 3939 3144 3991 ἐστι
3171 3937 3402 4009 πλήρης,
3427 3937 3507 3991 διὸ
3529 3938 3810 3993 λέλεκταιο

2225 4029 2572 4100 Μονογενὴς
2601 4029 2732 4096 Υίὸς
2757 4033 2790 4084 ό
2817 4030 2903 4101 dir
2928 4033 3014 4096 είς
3041 4029 3149 4084 τὸν
3167 4031 3398 4084 κόλπον
3421 4029 3527 4084 τοῦ
3557 4033 3812 4101 Πατρός,

2225 4090 2454 4188 ἐκεῖνος
2482 4090 2865 4192 siin-rimata?
2879 4090 3164 4176 Kal-Eam
3193 4123 3501 4195 ἀπόρρητος
3530 4090 3696 4186 οὗτος.

2238 4214 2520 4285 Πα-τρικῆς
2536 4212 2788 4283 θεότητος
2821 4212 3092 4286 θησαυρὸς
3117 4213 3209 4268 καὶ
3237 4213 3507 4284 πλήρωμα
3529 4213 3638 4266 τῶν
3670 4214 3810 4282 ἀγα⁹

2227 4299 2333 4354 θῶν
2365 4302 2637 4364 ἀπάντων,
2659 4300 2717 4368 ἐξ
2743 4297 2818 4356 ὧν
2849 4302 3028 4355 δίδωσι
3063 4303 3130 4355 τά
3159 4301 3471 4374 χαρίσματα
3495 4305 3608 4366 τοῖς
3638 4303 3812 4368 ἀξίοις

2225 4392 2413 4446 αὑτοῦ.
2450 4393 2601 4446 Ἐπεὶ
2643 4393 2822 4447 τοίνυν
2857 4395 2920 4446 ὲκ
2960 4394 3124 4464 μέσου
3168 4395 3263 4447 τοῦ
3309 4394 3510 4448 κόλπου
3549 4395 3616 4448 τὰ
3651 4395 3814 4468 χαρί-

2228 4501 2411 4555 σματα
2440 4488 2554 4550 τοῖς
2603 4485 2772 4551 ἀξίοις
2802 4487 3055 4558 δωρεῖται
3099 4488 3353 4540 ἐκτείνων
3382 4489 3462 4551 εἰς
3488 4488 3682 4553 αὐτοὺς
3712 4489 3815 4559 τὴν

545 4575 785 4634 conditis
832 4577 967 4648 ipsis
1017 4578 1315 4649 elargitur;
1343 4580 1468 4651 jure
1516 4583 1852 4650 sciscitatur,
1884 4585 2119 4643 dicens:

2229 4573 2421 4627 ἑαυτοῦ
2448 4573 2649 4642 δεξιὰν,
2679 4575 2788 4629 ἀπὸ
2813 4576 2870 4629 δὲ
2898 4575 3005 4629 τῶν
3036 4575 3112 4648 μὴ
3149 4576 3315 4641 ἀξίων
3351 4577 3681 4648 ἀποστρέφει
3710 4579 3814 4651 τὴν

551 4666 978 4740 Πιᾳιιὶά,αυενιὶε
1027 4686 1243 4724 manum
1297 4680 1441 4727 tuam
1503 4685 1556 4728 et
1594 4676 1865 4732 dexteram
1897 4689 2042 4733 tuam
2064 4681 2125 4736 de

2228 4668 2386 4738 χεῖρα
2423 4667 2520 4737 τὴν
2551 4664 2751 4733 δεξιάν,
2785 4667 2948 4739 μηδὲν
2993 4667 3170 4722 αὐτῶν
3217 4668 3325 4722 τῶν
3357 4671 3414 4723 ὲν
3452 4669 3601 4740 αὐτῷ
3640 4671 3816 4742 δηλω-

545 4760 718 4814 medio
750 4759 870 4815 sinu
904 4770 992 4814 tuo
1027 4763 1080 4815 in
1108 4763 1310 4831 ﬁnem?
1337 4763 1687 4838 Rursumque
1729 4769 1783 4824 id
1827 4769 2038 4840 adjicit,
2068 4772 2124 4827 in

548 4853 728 4922 ﬁnem,
759 4853 1105 4925 signiﬁcans,
1138 4855 1195 4909 in
1219 4855 1381 4912 ﬁnem
1415 4857 1550 4929 ipsis
1581 4860 1819 4917 dextera:
1842 4861 1936 4918 Dei
1967 4879 2125 4920 avere

548 4945 758 4998 sionem
793 4945 1034 4999 futuram
1063 4961 1207 5002 esse.
1253 4947 1686 5022 interrogatione
1711 4961 1891 5010 autem
1923 4971 2024 5012 nos
2055 4958 2124 5012 ad

546 5047 771 5090 causam
795 5036 1218 5106 perquirendam
1256 5039 1488 5110 invitat;
1528 5052 1587 5098 ut
1615 5061 1926 5115 quzeramus
1953 5063 2124 5119 quare

547 5123 630 5179 illi
655 5126 712 5180 in
742 5125 905 5182 linem
938 5127 1138 5198 abjecti
1161 5131 1295 5185 sint.
1323 5129 1456 5187 Nam
1492 5134 1538 5189 si
1572 5135 1699 5204 quis
1717 5151 1813 5192 eos
1837 5137 1906 5193 de
1925 5154 2122 5210 pecca-

547 5223 606 5271 to
631 5224 688 5272 et
725 5217 1013 5289 iniquitate
1055 5219 1410 5290 incusaverit,
1441 5233 1498 5280 at
1534 5225 1739 5284 scimus
1759 5229 1887 5283 olim
1925 5229 2124 5286 similia

523 5323 675 5375 ,cum
705 5307 967 5367 fecissent
986 5326 1096 5367 non
1119 5312 1176 5368 in
1205 5313 1366 5370 ﬁnem
1392 5317 1638 5387 abjectos
1665 5317 1836 5375 fuisse
1865 5339 1878 5378 :
1913 5320 2124 5378 inﬁnita

552 5401 750 5472 quippe
787 5409 844 5458 et
873 5402 1087 5459 nefaria
1131 5420 1323 5461 eorum
1356 5423 1542 5478 Opera,
1575 5409 1862 5476 adulteria,
1897 5410 2126 5466 idolola-

527 5489 729 5555 ‘triam,
781 5495 1172 5565 prophetarum
1218 5497 1396 5554 caedes
1454 5510 1778 5558 enumerant
1819 5505 2122 5575 prOphetici

549 5598 864 5654 sermones;
891 5586 988 5641 sed
1022 5603 1304 5658 nunquam
1349 5590 1404 5643 in
1438 5590 1600 5649 linem
1653 5593 1900 5651 derelicti
1944 5606 2072 5651 sunt
2105 5615 2118 5651 :

551 5672 826 5814 pri‘pzeta:
858 5689 1078 5746 quoque
1119 5679 1252 5749 ipsis
1277 5719 1292 5744 ,
1317 5680 1419 5736 etsi
1455 5681 1583 5738 talia
1632 5685 1999 5753 patrantihus,
2027 5686 2122 5741 ad-

733 5776 858 5814 oan.
896 5779 913 5814 ι
936 5807 951 5814 -
986 5766 1075 5814 l8-

535 5775 544 5788 ’ν
617 5766 665 5794 ³⁵
700 5766 858 5820 toan.
896 5779 952 5832 ι,
986 5766 1075 5822 l8.

620 5854 696 5927 (l)
717 5854 872 5916 Forte
891 5858 1171 5931 legendum
1194 5861 1501 5937 παροξυνεῖ,
1521 5873 1574 5925 et
1603 5882 1751 5935 mox,
1789 5868 2053 5942 διαμενεῖ.
2085 5870 2239 5926 Εοιτ.

147 5938 212 5994 ᾖ
259 6012 438 6102 (Ἅι
487 6007 834 6090 “5%
1440 5981 1566 6170 L1
1629 5938 2160 6068 “gaudebitis
2267 5974 3080 6108 (Ὕσίᾞῑιμς-δς)
3152 5947 3454 6044 ἄριοι-τλά
3567 5938 3640 6052 ,ἒ

643 6142 668 6166 \
890 6137 981 6173 ‘cs
1245 6143 1292 6170 IV
1511 6137 1566 6170 Λ
1825 6137 1888 6182 θ’

461 6187 750 6255 Vesta-1;
831 6183 1030 6247 νιος
1121 6188 1290 6262 τας-υ
1352 6154 1617 6264 Θιουε
1688 6153 1954 6224 κοῖλα

1329 6244 1540 6260 Μ

2226 4757 2374 4812 θέντι
2429 4760 2614 4830 κόλπῳ
2670 4760 3114 4830 τεταμιευμένων
3166 4760 3385 4830 ἀγαθῶν
3439 4762 3809 4834 δωρούμενος·

2227 4850 2450 4915 εἰκότως
2525 4851 2850 4906 πυνθάνεται
2899 4850 3099 4919 λέγων·
3167 4852 3340 4906 Ἰνατί
3411 4853 3816 4923 ἀποστρέφεις

2225 4941 2343 5010 τὴν
2363 4942 2532 5012 χεῖρὰ
2562 4959 2678 4996 σου
2708 4943 2804 4996 καὶ
2829 4941 2945 5008 τὴν
2983 4943 3192 5007 δεξιάν
3229 4958 3347 4998 σου
3383 4943 3451 4998 ἐκ
3478 4946 3674 5014 μέσου
3703 4946 3815 4999 τοῦ

2225 5032 2456 5090 κόλπου
2497 5051 2614 5089 σου
2656 5037 2743 5100 εὶς
2784 5035 2989 5102 τέλος;
3023 5037 3133 5089 Καὶ
3180 5037 3339 5090 πάλιν
3376 5037 3695 5108 προστίθησι
3728 5038 3811 5101 τὸ,

2224 5131 2312 5194 είς
2352 5127 2546 5193 τέλος,
2584 5128 2884 5199 σημαίνων.
2924 5127 2999 5192 ὡς
3041 5129 3358 5201 ἀποστροφὴ
3396 5131 3496 5201 τῆς
3537 5130 3631 5184 τοῦ
3671 5131 3811 5185 Θεοῦ

2226 5219 2404 5286 δεξιᾶς
2436 5221 2516 5282 εἰς
2539 5218 2689 5283 τέλος
2723 5219 2871 5272 ἔσται
2916 5221 3116 5284 αὐτοῖς.
3153 5221 3251 5274 Διά
3279 5221 3333 5274 δὲ
3364 5219 3464 5291 τῆς
3491 5224 3809 5295 ἐρωτήσεως

2227 5311 2320 5366 ἐπὶ
2360 5309 2458 5383 τὴν
2499 5311 2725 5381 ζήτησιν
2771 5311 2870 5381 τῆς
2915 5310 3092 5374 αἰτίας
3136 5312 3283 5382 ἡμᾶς
3326 5311 3600 5384 διεγείρει,
3633 5313 3705 5376 ὡς
3739 5313 3806 5367 ἂν

2228 5400 2563 5473 ζητήσωμεν
2589 5401 2642 5452 τί
2673 5402 2734 5454 τὸ
2770 5401 2938 5455 αἴτιον
2968 5403 3256 5472 γεγένηται
3283 5401 3376 5456 τοῦ
3415 5405 3494 5467 εἰς
3527 5404 3673 5467 τέλος
3705 5405 3805 5458 a6—

2226 5493 2353 5555 τοὺς
2384 5491 2778 5563 ἀποὸληθῆναι.
2821 5493 2883 5546 Εἰ
2931 5492 3029 5564 μὲν
3057 5493 3167 5564 γάρ
3204 5494 3474 5564 ἁμαρτίας
3506 5495 3804 5565 καὶπαρα-

2229 5581 2420 5651 νομίας
2451 5581 2754 5636 αἰτιάσαιτό
2787 5599 2888 5646 τις,
2915 5581 3050 5634 ἀλλά
3085 5582 3178 5634 καὶ
3205 5581 3371 5634 πάλαι
3403 5581 3624 5634 τοιαῦτα
3661 5581 3804 5652 πρά-

2231 5671 2426 5740 ξαντας
2450 5672 2643 5735 αὐτοὺς
2671 5672 2912 5744 ἔγνωμεν
2935 5672 3023 5726 καὶ
3047 5672 3120 5744 μὴ
3149 5671 3498 5734 ἀπωσθέντας
3521 5673 3598 5737 εἰς
3623 5671 3801 5737 τέλος·

3589 5923 3622 5956 ε
