3982 6440
162 425 282 481 861

1310 422 1814 480 COMMENTARIA
1855 425 1921 482 IN
1958 425 2300 484 PSALMOS.

3311 419 3418 478 862

165 544 414 618 μυρίους
443 543 550 615 γάρ
568 541 854 614 ἀθεμίτους
887 541 1111 613 πράξεις
1139 543 1380 614 μοιχείας
1406 561 1463 597 τε
1493 544 1587 598 καὶ
1619 545 1764 598 εἰδω-

1868 554 2041 609 erant,
2078 548 2392 617 angelorum
2427 546 2684 608 visiones,
2719 543 2956 616 Spiritus
2983 542 3157 600 sancti
3187 557 3428 614 praesen-

160 636 521 708 λολατρείας,
565 634 856 708 προφητῶν
901 652 960 688 τε
1013 635 1323 706 ἀναιρέσεις
1370 636 1763 704 καταλέγουσιν

161 729 364 783 αὐτῶν
389 729 439 781 οἱ
463 726 787 798 προφητικόί
817 724 964 794 λόγοι
983 742 996 754 ⁸
1039 725 1153 778 ἀλλ’
1185 725 1246 780 οὐ
1292 724 1510 780 πώποτε
1535 729 1762 795 ἐγκατε-

163 820 482 890 λείφθησαν
527 821 604 882 είς
649 817 818 880 τέλος.
873 817 1116 888 Συνῆσαν
1170 815 1226 870 δὲ
1285 817 1506 882 αὐτοῖς,
1560 820 1761 891 καίπερ

162 908 406 962 τοιαῦτα
427 907 773 978 πράττουσιν,
803 907 852 959 οἱ
879 906 1186 978 προφῆται⁸
1223 907 1500 976 ἐγίγνοντο
1538 907 1594 960 δὲ
1632 909 1760 979 παρ’

162 1003 365 1065 αὐτοῖς
397 1000 490 1054 καὶ
513 999 756 1069 ἀγγέλων
777 998 1106 1067 ἐπιφάνειαι,
1129 999 1222 1052 καὶ
1254 999 1568 1070 Πνεύματος
1601 999 1759 1067 ἁγίου

1867 639 1964 696 tia.
1999 639 2153 705 Quod
2182 655 2311 710 ergo
2354 645 2563 692 tantum
2611 645 2722 692 tam
2758 637 3061 691 inauditum
3096 635 3308 690 facinus
3335 647 3433 688 eo-

1866 746 2009 794 rum,
2044 739 2103 784 ut
2155 730 2210 785 in
2256 730 2417 785 linem
2464 729 2791 799 abjiciantur
2843 736 2900 784 et
2952 729 3175 782 dextera
3211 725 3304 781 Dei
3365 723 3435 782 ab

1865 822 1945 877 eis
1984 829 2262 876 avertatur
2310 821 2366 876 in
2413 821 2630 875 linem?
2685 820 2812 876 Haec
2868 835 3032 890 porro
3090 819 3281 874 dicens
3337 816 3434 873 ad-

1866 911 2094 967 missum
2135 913 2204 967 ab
2224 913 2306 968 eis
2327 911 2384 966 in
2416 911 2700 968 Christum
2728 911 2822 967 Dei
2855 911 3068 965 facinus
3092 910 3260 964 tacite
3299 907 3434 962 sub-

1866 1002 2091 1058 indicat.

164 1095 474 1166 παρουσία.
502 1093 568 1146 Τί
601 1093 776 1147 τοίνυν
801 1093 861 1145 τὸ
899 1092 1066 1160 ξένον,
1105 1093 1200 1147 καὶ
1240 1094 1294 1146 τί
1330 1093 1581 1148 τοσοῦτον
1645 1097 1826 1160 αὐτοῖς
1861 1099 2204 1170 τετόλμηται,
2250 1097 2326 1162 ὡς
2367 1099 2448 1162 είς
2492 1099 2646 1162 τέλος
2694 1099 2891 1163 αὐτοὺς
2933 1097 3287 1168 ἀπωσθῆναι,
3343 1095 3437 1146 καὶ

163 1188 273 1256 τὴν
315 1185 497 1248 δεξιάν
521 1186 615 1238 τοῦ
644 1184 779 1237 Θεοῦ
811 1185 1217 1255 ἀποστραφῆναι
1249 1186 1444 1249 αὐτοὺς
1499 1187 1577 1249 εἰς
1612 1186 1764 1250 τέλος

164 1276 307 1347 χθὲν
330 1277 516 1338 αὐτοῖς
543 1275 682 1329 κατὰ
704 1273 796 1326 τοῦ
822 1275 1057 1346 Χριστοῦ
1090 1274 1185 1329 τοῦ
1209 1276 1344 1328 Θεοῦ
1364 1277 1636 1348 τόλμημα.

256 1395 318 1447 Ὀ
352 1394 423 1448 δὲ
470 1394 615 1461 Θεὸς
652 1394 954 1461 ,ϐασιλεὺς
974 1393 1144 1463 ἡμῶν
1184 1395 1296 1463 πρὸ
1336 1393 1548 1462 αἰῶνος
1574 1395 1765 1466 εἰργά-

165 1497 336 1540 σατο
365 1483 669 1552 σωτηρίαν
690 1484 760 1536 ἐν
782 1483 944 1548 μέσῳ
974 1483 1084 1553 τῆς
1117 1484 1249 1554 γῆς.
1280 1483 1509 1540 Διελθὼν
1537 1485 1604 1538 τά
1634 1503 1764 1557 προ-

165 1574 506 1644 λελεγμένα,
541 1574 983 1644 ὲπαναλαμϐἀνει
1029 1575 1155 1640 τοὺς
1194 1575 1322 1646 περὶ
1370 1574 1470 1645 τῆς
1511 1576 1763 1647 προνοίας

166 1665 394 1733 λόγους,
424 1667 521 1718 καὶ
561 1663 662 1735 τῆς
711 1665 994 1736 δυνάμεως
1025 1664 1118 1718 τοῦ
1159 1665 1295 1718 Θεοῦ
1336 1666 1631 1738 παρίστησι
1663 1667 1763 1730 τὰς

169 1756 606 1827 μεγαλουργίας,
634 1756 904 1828 εὐκαίρως
936 1756 1178 1820 εὐσεϐεῖς
1209 1758 1530 1828 προῖἐμενος
1556 1759 1758 1828 φωνάς,

165 1848 247 1912 ὡς
306 1849 376 1902 ἂν
421 1849 497 1920 μή
549 1865 634 1912 τις
679 1849 938 1918 νομίσειε,
972 1849 1062 1905 διὰ
1108 1849 1169 1902 τὺ
1216 1849 1290 1920 μὴ
1333 1851 1533 1921 ὲφορᾷν
1578 1851 1760 1914 αὑτὸν,

173 1941 322 2011 μηδὲ
366 1942 678 1994 ἐπιστατεῖν
699 1942 813 2004 τοῖς
857 1941 990 1993 πᾶσι
1030 1939 1099 1994 τὰ
1142 1940 1503 2012 προλεχθέντα
1534 1944 1761 2014 γεγενῇο

173 2031 333 2084 σθαι.
359 2031 452 2083 Διό
483 2047 677 2100 φησιν’
714 2031 777 2082 El
817 2030 914 2082 καὶ
939 2028 1114 2082 ταῦτα
1156 2029 1343 2083 τοῦτον
1382 2031 1627 2102 ἐπράχθη
1672 2031 1764 2084 τὸν

168 2122 384 2192 τρόπον
403 2139 418 2151 ·
446 2121 560 2175 ἀλλ’
584 2122 732 2190 ὅμως
770 2121 1128 2192 πεπείσμεθα,
1156 2122 1239 2174 ὅτι
1273 2122 1338 2175 σὺ
1370 2121 1399 2174 ὁ
1423 2121 1553 2186 Θεὸς
1586 2123 1762 2194 ἡμῶν,

165 2213 230 2265 ὂν
257 2214 361 2266 καὶ
398 2213 618 2283 βασιλέα
645 2211 799 2284 ὴμῶν
824 2208 964 2266 εἶναι
1001 2211 1358 2285 γνωρίζομεν,
1401 2214 1578 2283 κρίσει
1611 2215 1764 2286 βασι-

168 2302 306 2373 λικῇ
357 2305 454 2356 καὶ
503 2303 623 2374 θείᾳ
660 2303 838 2355 πάντα
883 2304 1184 2374 οίκονομείς
1238 2303 1332 2358 ἐπὶ
1383 2305 1626 2377 σωτηρίᾳ
1657 2306 1764 2361 τῶν

165 2395 345 2449 ὅλωνο
390 2394 454 2447 ⁸0
485 2393 594 2464 γὰρ
651 2393 797 2460 Θεὸς
845 2392 1035 2462 ἡμῶν,
1078 2394 1380 2462 ,ϐασιλεὺς
1431 2395 1600 2464 ἡμῶν
1651 2398 1765 2466 πρὸ

168 2485 400 2550 αἰῶνος
441 2483 757 2554 εἰργάσατο
809 2485 1108 2552 σωτηρίαν
1155 2486 1223 2540 ἐν
1255 2485 1424 2555 μέσῳ
1478 2485 1587 2554 τῆς
1629 2486 1763 2556 τῆς.

157 2579 335 2630 ,Ἵλατ’
369 2578 420 2629 εἰ
472 2577 567 2630 καὶ
606 2577 664 2628 ὲν
701 2577 801 2646 μιᾷ
832 2576 1004 2647 γωνίᾳ
1051 2577 1155 2646 γῆς
1195 2577 1418 2631 τοιαῦτα
1459 2578 1766 2649 πραχθῆναι

159 2651 614 2750 ἷσυγκεχὼρηκας
645 2667 730 2722 διὰ
773 2669 898 2732 τοὺς
934 2670 1226 2740 οἰκήτορας
1268 2669 1364 2724 τοῦ
1407 2670 1605 2722 τόπου⁸
1651 2670 1764 2724 ἀλλ’

170 2760 328 2829 ὅμως
364 2759 727 2830 πεπείσμεθα,
751 2761 834 2814 ὃτι
867 2760 988 2824 τοὺς
1013 2760 1131 2814 καθ’
1160 2760 1288 2831 ὅλης
1308 2761 1408 2831 τῆς
1438 2760 1760 2833 οίκουμένης

163 2837 473 2914 ὀἰκοῦντας
512 2850 828 2922 ἀνθρώπους
878 2853 1145 2923 σωτηρίας
1166 2852 1436 2920 ἀξιώσεις,
1467 2853 1556 2906 τὸν
1575 2852 1764 2908 ἑαυτοῦ

163 2943 420 3012 ,Χριστὸν
446 2944 664 3014 ἐγείρας
689 2944 893 2997 ἅπασιν
916 2943 1223 3016 ἀνθρώποις
1260 2945 1506 3016 Σωτῆρα.
1542 2946 1648 2998 Καί
1677 2963 1766 3016 μοι

163 3026 328 3086 δοκεῖ
351 3034 420 3086 δι’
448 3035 566 3097 ἑνὸς
597 3034 689 3088 τοῦ
724 3034 862 3105 μετά
895 3038 1082 3107 χεῖρας
1117 3037 1297 3107 στίχου
1323 3036 1510 3108 ὥσπερ
1534 3037 1766 3090 ἀνταπό-

173 3126 325 3180 δοσιν
372 3126 640 3179 ποιεῖσθαι
682 3127 790 3179 τῶν
833 3127 1294 3199 ἐπηπορημένων·
1343 3129 1462 3182 ἀντὶ
1502 3128 1610 3200 γάρ
1658 3129 1765 3182 τῶν

1781 1205 1796 1252 ;
1831 1188 2016 1258 Λέγων
2049 1189 2103 1242 δὲ
2140 1189 2332 1256 ταῦτα,
2394 1189 2685 1243 αἰνίττεται
2731 1189 3153 1261 σεσιωπημένως
3191 1185 3254 1240 τὸ
3297 1201 3438 1256 πρα-

1934 1389 2101 1446 Vens.
2133 1390 2320 1444 12—!8.
2380 1390 2520 1444 Deus
2548 1399 2723 1443 autem
2762 1405 2852 1443 rex
2899 1397 3075 1443 noster
3115 1398 3237 1444 ante
3269 1408 3436 1444 διετα-

1867 1486 1977 1539 tum
2011 1494 2254 1552 operatus
2283 1492 2358 1537 est
2393 1490 2616 1537 salutem
2645 1483 2699 1536 in
2730 1481 2900 1536 medio
2934 1492 3110 1537 terrae.
3136 1481 3433 1553 Postquam

1865 1576 2122 1646 praedicta
2151 1575 2446 1636 recensuit,
2471 1589 2756 1630 sermones
2799 1573 2868 1628 de
2906 1573 3246 1643 providentia
3289 1590 3434 1629 resn-

1865 1665 1983 1732 mit,
2013 1674 2178 1732 atque
2204 1663 2420 1718 virtutis
2442 1663 2537 1718 Dei
2570 1662 2808 1734 ingentia
2829 1678 2993 1731 opera
3015 1663 3278 1727 declarat,
3316 1665 3436 1734 pias

1864 1764 2169 1826 Opportune
2209 1771 2373 1811 voces
2401 1754 2723 1824 proferens:
2761 1770 2829 1810 ne
2871 1755 2996 1823 quis
3048 1763 3262 1824 putaret
3315 1755 3436 1810 ideo

1861 1846 1974 1917 jam
2005 1855 2305 1903 memorata
2353 1853 2504 1916 gesta
2554 1845 2744 1908 fuisse,
2787 1845 2931 1916 quod
2987 1844 3129 1901 Deus
3181 1849 3435 1902 universa

1865 1955 1974 1994 non
2001 1947 2178 2006 curet,
2210 1939 2387 2005 iisque
2411 1954 2520 1992 non
2549 1938 2851 2007 provideat.
2889 1935 3254 2002 Quamobrem
3305 1939 3380 1990 ait
3415 1955 3430 1992 :

1863 2029 1979 2085 Etsi
2021 2030 2136 2085 haec
2177 2030 2273 2084 tali
2323 2029 2483 2084 modo
2514 2037 2665 2100 gesta
2718 2029 2848 2093 sint,
2881 2045 3200 2099 persuasum
3252 2036 3433 2086 tamen

1864 2123 2023 2178 nobis
2064 2131 2169 2185 est,
2211 2130 2264 2178 te
2312 2122 2480 2176 Dnem
2537 2129 2807 2185 nostrum,
2858 2137 3020 2191 quem
3073 2136 3257 2191 regem
3307 2121 3432 2175 item

1863 2223 2114 2271 nostrum
2149 2229 2271 2269 esse
2303 2214 2533 2277 scimus,
2554 2212 2762 2281 judicio
2788 2212 2936 2281 regio
2964 2227 3029 2265 ac
3047 2212 3234 2266 divino
3251 2210 3436 2265 omnia

1865 2309 1932 2363 ad
1961 2309 2340 2363 universorum
2369 2305 2600 2360 salutem
2627 2312 2931 2374 temperare
2965 2323 2978 2358 :
3005 2318 3130 2357 nam
3178 2302 3319 2356 Deus
3343 2317 3437 2354 no-

1863 2403 1971 2448 ster
1994 2406 2086 2446 rea:
2115 2403 2291 2445 noster
2326 2399 2446 2444 ante
2473 2389 2726 2443 siccatum
2756 2398 3000 2457 operatus
3021 2397 3099 2442 est
3128 2387 3354 2442 salutem
3380 2386 3436 2439 in

1864 2485 2035 2539 medio
2059 2493 2234 2538 terrae.
2265 2481 2343 2536 lla
2377 2489 2434 2536 ut
2461 2481 2673 2536 etiamsi
2711 2479 2898 2535 isthtec
2922 2479 2977 2534 in
3005 2495 3113 2533 uno
3145 2488 3306 2534 terrae
3339 2494 3436 2533 an-

1865 2576 1991 2646 gulo
2027 2575 2163 2630 ellici
2195 2574 2504 2644 permiseris
2538 2587 2726 2627 eorum
2761 2587 2927 2628 causa
2950 2573 3042 2641 qui
3073 2571 3249 2625 locum
3292 2572 3438 2625 inco-

1866 2668 2079 2730 lebant,
2113 2679 2436 2736 persuasum
2481 2673 2663 2718 tamen
2706 2664 3005 2720 habeamus
3035 2671 3088 2718 te
3117 2678 3309 2718 omnes
3337 2671 3440 2718 ter-

1866 2774 1981 2812 ram
2030 2759 2329 2812 incolentes
2381 2756 2633 2811 homines
2675 2756 2849 2811 salute
2907 2755 3258 2824 dignatnrum
3285 2797 3300 2820 ,
3338 2755 3434 2824 qui

1864 2845 2139 2902 Christum
2177 2857 2328 2899 tuum
2363 2846 2614 2900 excitasti
2647 2845 2888 2898 omnium
2918 2843 3201 2898 hominum
3236 2841 3435 2898 Serva-

1868 2951 2060 2996 toretn.
2087 2937 2423 3008 Videturque
2459 2937 2592 2990 mihi
2625 2937 2727 2990 hoc
2754 2951 2866 2990 uno
2896 2951 3079 2998 versu,
3106 2935 3262 3004 quasi
3289 2950 3437 3004 qna;-

1866 3033 2105 3088 stionum
2135 3029 2460 3085 solutionem
2484 3029 2731 3099 praeberi.
2777 3026 2911 3080 Nam
2953 3042 3141 3082 eorum
3173 3027 3291 3082 vice
3317 3043 3438 3097 qua:

1865 3132 2058 3180 contra
2090 3121 2412 3193 praedictum
2450 3122 2626 3175 locum
2658 3125 2964 3191 perpetrata
2990 3125 3139 3182 sunt,
3171 3116 3338 3180 Deus,
3362 3120 3439 3173 in-

160 3218 610 3292 ,συμϐεϐηκότων
657 3219 799 3273 κατὰ
825 3219 918 3273 τοῦ
950 3220 1277 3291 δηλωθέντος
1320 3221 1508 3285 τόπου,
1538 3223 1764 3292 ἐργάσε-

1867 3214 2007 3284 quit,
2043 3212 2359 3282 operabitur
2383 3211 2612 3266 salutem
2648 3211 2700 3263 in
2729 3209 2908 3264 medio
2947 3215 3127 3262 terrae.
3186 3205 3260 3262 De
3289 3225 3439 3264 more

173 3329 292 3374 ται,
321 3310 510 3380 φησὶν,
543 3313 570 3362 ό
601 3310 730 3373 Θεὸς
773 3310 1045 3381 σωτηρίαν
1077 3311 1135 3364 ὲν
1163 3311 1312 3382 μέσῳ
1335 3312 1433 3382 τῆς
1464 3312 1588 3382 γῆς.
1627 3313 1760 3364 Συν-

174 3400 332 3470 ἡθως
357 3400 414 3452 δὲ
445 3400 538 3452 καὶ
572 3399 665 3452 νῦν
695 3399 763 3453 τὰ
799 3400 1028 3470 ἐσόμενα
1073 3399 1148 3463 ὡς
1180 3402 1542 3472 παρῳχηκότα
1575 3402 1762 3456 θεσπί-

175 3494 280 3556 ζει.
329 3487 463 3544 Εἶτα
492 3491 729 3544 διδάσκει
753 3491 878 3560 ἑξῆς
915 3491 1103 3554 ὁποίας
1129 3492 1229 3564 ἤδη
1263 3492 1428 3546 πάλαι
1454 3493 1712 3566 πρότερον
1736 3498 1764 3548 ό

175 3585 318 3647 Θεὸς
345 3584 744 3654 κατειργάσατο
776 3583 1212 3655 θαυματουργίας
1241 3585 1413 3653 λέγων
1431 3603 1444 3616 ⁸
1483 3585 1565 3640 Σὺ
1594 3587 1765 3656 ἐκρα-

174 3677 448 3741 τίιίωσιις
476 3677 546 3729 ἐν
568 3674 640 3744 τῇ
672 3675 917 3745 δυνάμει
944 3692 1060 3731 σου
1101 3677 1215 3746 τὴν
1240 3677 1580 3734 θάλασσαν.
1627 3681 1766 3735 Ἁντὶ

175 3768 235 3820 δὲ
269 3767 387 3830 τοῦ,
429 3767 511 3820 Σὺ
557 3767 625 3819 δὲ
655 3768 1079 3835 ἐκραταίωσας,
1121 3770 1149 3820 ὁ
1183 3768 1494 3840 Σύμμαχος,
1529 3771 1612 3824 Σὺ
1649 3770 1765 3826 διε-

175 3858 497 3922 σκέδασιις
546 3857 619 3925 τῇ
671 3859 843 3927 ἰσχύϊ
885 3874 1000 3913 σου
1046 3859 1159 3926 τὴν
1205 3859 1542 3925 θάλασσαν,
1581 3864 1764 3935 ἡρμή-

175 3968 361 4004 νευσε.
395 3950 500 4004 Καί
535 3968 624 4020 μοι
665 3951 812 4004 δοκεῖ
851 3951 940 4005 διὰ
991 3953 1192 4006 τούτων
1219 3951 1295 4014 ὡς
1320 3955 1455 4024 πρὸς
1483 3953 1582 4024 τὴν
1619 3957 1765 4008 ἱστο-

183 4046 311 4108 ρξαν
369 4043 650 4111 σημαίνειν
672 4045 770 4114 τὴν
813 4044 906 4096 ἐπὶ
976 4044 1218 4106 Μωσέως
1266 4044 1562 4116 γενομένην
1600 4045 1767 4098 δίοδον

177 4132 278 4187 τοῦ
309 4132 442 4186 λαοῦ
467 4133 554 4186 διά
593 4132 688 4202 τῆς
725 4133 988 4205 Ἐρυθρᾶς
1019 4134 1309 4205 θαλάσσης.
1355 4136 1445 4187 Διὸ
1493 4136 1633 4189 κατά
1671 4138 1767 4206 μὲν

1867 3315 2047 3360 autem
2077 3305 2168 3358 hic
2187 3303 2368 3370 futura
2395 3302 2578 3372 ntjam
2608 3300 2879 3370 prreterita
2911 3300 3256 3354 vaticinatur.
3279 3299 3440 3354 Dein-

1864 3395 1932 3450 de
1966 3411 2096 3450 vero
2124 3395 2303 3457 docet,
2329 3393 2510 3464 qualia
2554 3391 2669 3461 jam
2708 3392 2833 3445 olim
2867 3391 3108 3462 prodigia
3143 3390 3284 3446 Dens
3303 3407 3438 3462 ope-

1865 3495 2018 3542 ratus
2049 3487 2141 3549 sit,
2178 3487 2258 3541 sie
2283 3486 2551 3554 loquens:
2589 3483 2667 3537 Tu
2698 3483 3030 3551 conﬁrmasti
3051 3483 3105 3535 in
3131 3484 3320 3536 virtute
3346 3492 3437 3536 tua

1867 3597 2032 3636 mare.
2069 3579 2174 3633 Pro
2207 3578 2299 3632 illo
2332 3585 2536 3640 autem,
2577 3587 2632 3628 tu
2666 3575 3016 3645 conﬁrmasti,
3055 3574 3436 3647 Symmachus,

1869 3671 1947 3724 Tu
1981 3670 2258 3738 dissipain
2300 3670 2490 3722 virtute
2525 3676 2616 3720 tua
2669 3683 2850 3731 mare,
2891 3667 3279 3737 interpretatus
3330 3675 3435 3723 est.

1866 3759 1932 3813 Et
1964 3760 2094 3814 mihi
2150 3759 2370 3829 quidem
2423 3757 2642 3811 videtur
2677 3756 2936 3812 historice
2975 3759 3216 3813 indicare
3257 3759 3439 3830 populi

1865 3867 1960 3922 per
1977 3866 2126 3905 mare
2149 3850 2396 3904 Rubrum
2424 3851 2562 3903 duce
2597 3848 2779 3920 Moyse
2805 3850 3117 3904 transitum.
3143 3849 3322 3916 Quare
3353 3867 3440 3905 se-

1867 3943 2105 3996 cundum
2143 3941 2528 4012 Symmachum
2554 3940 2754 3994 dicitur
2787 3959 2799 3994 :
2833 3939 2912 3994 Tn
2949 3941 3224 4008 dissipasti
3249 3941 3440 3994 virtute

1868 4043 1959 4086 tua
1989 4046 2168 4088 mare:
2195 4031 2496 4086 secundum
2518 4029 2954 4083 Theodotionem
2999 4044 3155 4084 vero:
3188 4028 3265 4082 Tu
3302 4028 3441 4081 divi-

1866 4125 1984 4178 sisti
2028 4124 2083 4177 in
2133 4123 2366 4192 potentia
2430 4132 2521 4174 tua
2578 4137 2744 4173 mare.
2797 4119 2999 4174 Deinde
3053 4119 3340 4190 Egyptios
3385 4128 3440 4173 et

178 4225 277 4276 τὸν
316 4224 612 4292 Σύμμαχον
654 4225 892 4300 εἴρηται,
926 4225 1010 4278 Σὺ
1047 4225 1446 4291 διεσκέδασας
1485 4225 1559 4293 τῇ
1605 4227 1764 4294 ίσχύῖ

1869 4215 2209 4268 Pharaonem
2262 4214 2590 4268 adumbrare
2639 4212 2771 4266 mihi
2814 4210 3051 4277 videtur,
3074 4211 3311 4267 dicens:
3361 4211 3438 4266 Tn

178 4333 302 4371 σου
342 4323 456 4384 τὴν
487 4319 836 4372 θάλασσαν·
871 4318 1010 4371 κατὰ
1061 4318 1119 4373 δὲ
1164 4319 1252 4371 τὸν
1289 4318 1639 4383 Θεοδοτίωνα,
1684 4319 1768 4373 Σὺ

179 4409 516 4474 διέστησας
567 4409 637 4462 ἐν
671 4408 742 4478 τῇ
804 4409 1053 4478 δυνάμει
1097 4424 1215 4464 σου
1268 4409 1381 4477 τὴν
1426 4409 1766 4466 θάλασσαν.

183 4497 317 4554 lii-.2
366 4502 493 4564 τοὺς
539 4500 872 4568 Αἰγυπτίους
919 4500 1015 4553 καὶ
1060 4500 1152 4552 τὸν
1201 4498 1400 4571 Φαραὼ
1443 4499 1768 4554 αἰνίττεσθαί

1869 4308 2162 4361 contrivisti
2185 4307 2360 4375 capita
2405 4305 2695 4359 draconum
2724 4305 2780 4357 in
2813 4321 2971 4373 aqua.
3019 4304 3097 4357 Tu
3140 4305 3437 4374 confregisti

1869 4399 2043 4468 capita
2067 4399 2336 4452 draconis.
2364 4396 2470 4452 Per
2497 4398 2792 4452 draconem
2826 4397 3035 4452 scilicet
3078 4396 3440 4463 Pharaonem,

1870 4505 1965 4558 per
2011 4490 2189 4559 capita
2221 4504 2350 4544 vero
2396 4489 2537 4557 ejus,
2575 4489 2847 4558 principes
2879 4489 2972 4558 qui
3021 4489 3124 4542 sub
3165 4505 3231 4542 eo
3283 4496 3443 4543 erart

180 4607 275 4658 μοι
317 4587 468 4639 δοκεῖ
512 4587 761 4653 φάσκων·
811 4586 894 4640 Σὺ
938 4584 1307 4654 συνέτριψας
1355 4585 1460 4651 τὰς
1501 4585 1764 4654 κεφαλὰς

1873 4582 2223 4648 subindicat;
2256 4581 2371 4636 sive
2407 4597 2502 4651 per
2534 4582 2822 4643 dracones,
2866 4578 3181 4651 Egyptios;
3213 4595 3310 4649 per
3345 4594 3441 4634 ca~

179 4675 304 4730 τῶν
327 4677 668 4746 δρακόντων
699 4677 799 4730 ἐπὶ
829 4677 932 4730 τοῦ
969 4675 1224 4742 ὕδατοςο
1261 4675 1342 4730 σὺ
1381 4675 1768 4744 συνέθλασας

178 4769 290 4834 τὰς
344 4767 612 4837 κεφαλὰς
653 4767 758 4822 τοῦ
803 4767 1160 4837 δράκοντοςο
1212 4768 1478 4839 δράκοντα
1531 4770 1628 4840 μὲν
1676 4769 1769 4823 τὸν

179 4859 404 4930 Φαραὼ,
444 4858 683 4927 κεφαλὰς
713 4859 769 4911 δὲ
814 4858 976 4911 αὑτοῦ
1028 4859 1154 4921 τοὺς
1187 4859 1278 4911 ὑπ’
1311 4859 1472 4912 αὑτὸν
1504 4859 1768 4931 ἄρχοντας

179 4949 588 5018 αἰνιττόμενος*
625 4949 659 5019 ἢ
706 4949 1006 5020 δράκοντας
1050 4951 1176 5014 τοὺς
1215 4951 1562 5019 Αἰγυπτίους,
1601 4969 1768 5022 κεφα-

179 5042 278 5106 λὰς
317 5042 378 5095 δὲ
421 5041 597 5094 αὐτῶν
637 5041 762 5104 τοὺς
794 5043 1084 5110 τριστάτας
1129 5045 1224 5097 καὶ
1268 5043 1394 5103 τοὺς
1435 5044 1766 5115 ἡγουμένους

179 5133 366 5186 αὐτῶν
420 5131 717 5202 ὀνομάζων.
772 5132 846 5186 Τὸ
887 5133 980 5197 δὲ,
1014 5133 1277 5201 Ἕδωκας
1325 5134 1515 5189 αὐτὸν
1555 5133 1768 5204 ,βρῶμα

178 5224 346 5288 λαοῖς
384 5222 506 5288 τοῖς
527 5224 818 5290 Αἰθίοψιν,
852 5224 994 5277 εἴποι
1027 5225 1093 5278 ἄν
1116 5243 1198 5289 τις
1235 5225 1304 5278 τά
1335 5224 1504 5297 νεκρά
1540 5225 1767 5297 σώματα

179 5315 386 5378 αὐτῶν,
419 5313 789 5385 ἐκϐρασθέντα
831 5315 929 5386 τῆς
963 5315 1254 5385 θαλάσσης,
1291 5316 1455 5388 βοράν
1485 5317 1764 5386 γεγονέναι

179 5410 292 5470 τοῖς
346 5408 614 5469 πετεινοῖς
661 5405 754 5458 τοῦ
806 5407 1056 5478 οὐρανοῦ.
1100 5408 1244 5461 Ἀντὶ
1285 5407 1342 5460 δὲ
1372 5407 1486 5474 τοῦ,
1519 5408 1642 5475 τοῖς
1668 5412 1764 5464 Αί-

179 5502 408 5566 θιοψιν,
433 5499 463 5550 ό
504 5498 604 5569 μὲν
640 5496 886 5562 Ἀκύλας,
929 5497 1052 5564 τοῖς
1089 5498 1596 5571 ἐξελευσομένας,
1639 5502 1668 5554 ό
1706 5501 1763 5554 δὲ

179 5591 496 5649 Θεοδοτίων.
536 5588 615 5655 τῷ
657 5589 912 5658 ἐσχάτῳ,
949 5590 1042 5643 καὶ
1079 5590 1108 5662 ἡ
1156 5592 1377 5663 πέμπτη
1427 5591 1654 5656 ἔκδυσις,
1686 5592 1764 5658 τῷ

179 5683 575 5748 ἐξεληλυθότι
603 5719 615 5742 ,
672 5683 1040 5752 ἡρμήνευσαν.
1089 5682 1211 5736 Τῶν
1264 5684 1364 5753 μὲν
1409 5687 1477 5756 τῇ
1529 5684 1764 5756 Ἐρυθρᾷ

181 5770 427 5842 θαλάσσῃ
483 5771 1002 5826 καταποντωθέντων
1049 5774 1438 5858 μνημονεύσας
1494 5777 1524 5828 ὁ
1583 5775 1758 5846 λόγος,

183 5861 308 5932 ἑξῆς
364 5863 602 5919 καὶτῶν
651 5865 785 5936 μετὰ
834 5865 1005 5920 ταῦτα
1050 5867 1450 5939 πεπραγμένων
1502 5869 1760 5939 ἀναφέρει

1870 4674 1978 4744 pita
2007 4687 2132 4736 vero
2150 4687 2360 4734 eorum,
2394 4671 2666 4741 principes
2705 4679 2760 4726 et
2800 4671 2967 4725 duces
3007 4686 3197 4724 eorum
3231 4668 3441 4740 signiﬁ-

1868 4773 1976 4820 cat.
2008 4764 2138 4819 lllud
2165 4773 2367 4826 autem.
2403 4763 2608 4817 Dedisti
2636 4778 2754 4816 eum
2791 4779 2966 4816 escam
2999 4761 3206 4832 populis
3229 4762 3442 4820 :Etltio-

1865 4856 2042 4926 pibns.
2067 4858 2149 4912 sic
2175 4856 2410 4926 explicet
2450 4855 2743 4925 quispiam,
2773 4856 2919 4925 quod
2946 4870 3208 4911 canavera
3251 4871 3440 4914 eorum

1867 4946 1936 5000 ad
1987 4947 2142 5000 littus
2172 4946 2342 5000 maris
2376 4945 2580 5016 rejecta
2611 4944 2666 4998 in
2719 4961 2906 5000 escam
2956 4948 3267 5002 volatilibus
3315 4949 3438 5003 (ταιῐὶ
3523 5001 3526 5005 ,

1867 5035 2090 5090 fuerint.
2125 5035 2232 5090 Pro
2265 5035 2358 5090 illo
2383 5043 2588 5101 autem,
2620 5034 2985 5106 xEthiopibas,
3012 5040 3240 5108 Aquila,
3271 5056 3442 5110 egres-

1865 5129 2004 5183 snris
2028 5144 2047 5192 ;
2077 5126 2400 5193 Theodotio,
2425 5127 2746 5191 novissimo;
2779 5129 2970 5198 quinta
3002 5131 3436 5201 editi0,'egresso,

1866 5221 2207 5292 interpretati
2238 5228 2388 5277 sunt.
2424 5219 2716 5290 Postquam
2750 5236 2940 5275 eorum
2968 5223 3061 5291 qui
3094 5223 3146 5276 in
3175 5223 3309 5276 mari
3333 5219 3440 5276 Ru-

1865 5315 1966 5370 bro
1989 5314 2222 5369 demersi
2265 5320 2394 5366 sunt
2423 5313 2628 5366 mentio
2657 5313 2797 5368 facta
2825 5322 2931 5375 est,
2958 5312 3060 5367 sub
3105 5312 3217 5366 haec
3249 5325 3436 5365 eorum

1865 5424 1986 5478 qua:
2009 5413 2196 5477 postea
2227 5412 2380 5476 gesta
2413 5413 2541 5459 sunt
2575 5406 2893 5459 memoriam
2935 5404 3174 5464 refricat,
3206 5401 3393 5457 dicens
3419 5423 3434 5458 :

1868 5500 1947 5554 Tu
1999 5498 2250 5566 dirupisti
2295 5497 2466 5566 fontes
2503 5507 2553 5552 et
2579 5505 2854 5552 torrentes.
2885 5493 3002 5550 Non
3030 5495 3172 5549 enim
3223 5492 3437 5564 Moyses

1864 5599 1984 5646 erat
2014 5592 2104 5660 qui
2131 5599 2340 5661 petram
2367 5591 2519 5662 virga
2546 5591 2878 5661 percutiens,
2900 5603 2968 5644 ex
2990 5587 3079 5640 illa
3107 5585 3296 5641 eduxit
3315 5584 3436 5642 lon-

1866 5694 1948 5739 tes
1981 5693 2034 5738 et
2068 5692 2369 5750 torrentes;
2409 5685 2505 5739 sed
2547 5692 2628 5746 tu,
2677 5682 2841 5744 Deus,
2875 5696 3022 5743 eras;
3049 5680 3142 5750 qui
3188 5679 3301 5734 haec
3338 5695 3435 5752 per

1871 5775 2109 5847 Moysem
2159 5777 2421 5831 miracula
2451 5775 2725 5846 patrabas.
2760 5773 2916 5840 Quod
2965 5772 3182 5827 additur
3227 5780 3429 5838 autem,

1871 5867 1945 5921 Tu
1975 5869 2190 5923 siccasti
2225 5869 2411 5938 ﬁ'urios
2456 5867 2670 5934 Etham,
2698 5866 2764 5923 ad
2795 5864 3086 5921 Jordancm
3137 5867 3430 5925 referatur.
