4078 6934
316 339 423 398 865

1463 342 1968 398 COMMENTARIA
2008 343 2074 398 IN
2112 342 2454 403 PSALMOS.

3479 345 3590 407 868
3611 355 3624 374 "

315 463 408 520 καὶ
430 463 516 533 ἐφ’
544 461 702 534 ήμῶν
731 461 1066 535 ἱκετεύομεν.
1103 465 1322 538 Ἐπειδὴ
1365 465 1459 519 καὶ
1493 465 1590 520 νῦν
1626 467 1677 521 oi
1722 466 1902 539 ἐχθροὶ

2007 466 2145 534 Quia
2168 468 2281 536 jam
2309 442 2520 522 inimici
2569 465 2867 537 hostesque
2903 453 3096 538 nostri,
3140 483 3250 524 non
3292 465 3454 524 nobis
3494 467 3584 523 de-

314 555 409 610 καὶ
440 553 492 608 oi
526 552 796 624 πολέμιοι,
844 554 943 626 οὐχ
989 555 1136 626 ἡμᾶς
1183 555 1312 619 τοὺς
1363 555 1776 629 πολεμηθένταςῇ
1810 557 1906 611 καὶ

315 645 658 718 ὑποχειρίους
679 646 863 710 αὐτοῖς
882 646 1223 718 γενομένους,
1241 647 1374 701 ἀλλά
1405 648 1465 701 σὲ
1485 648 1576 702 τὸν
1595 647 1727 702 Θεὸν
1752 647 1906 720 ήμῶν

311 737 654 804 ὀνειδίζουσιο
692 738 785 792 καὶ
818 738 948 803 λαὸς
967 739 1155 811 ἄφρων
1179 740 1208 792 ὁ
1244 740 1304 792 σὲ
1331 740 1422 793 τὸν
1455 739 1587 794 Θεὸν
1621 740 1696 814 μὴ
1725 739 1902 807 εἰδὼς,

313 832 406 886 ἐπὶ
428 830 648 902 δαίμοσι
678 830 735 885 δὲ
767 832 864 884 καὶ
910 831 1158 903 πολυθὲῳ
1180 830 1354 904 πλάνῃ
1395 831 1768 903 καυχώμενος,
1805 832 1905 904 ούχ

311 925 480 998 ἡμᾶς,
515 923 650 989 ἀλλά
683 923 743 978 σὲ
791 924 970 978 καὶτὸ
995 925 1086 979 σὺν
1113 925 1287 996 ὄνομα
1324 925 1679 997 παρώξυνενσ
1714 920 1776 981 οὗ
1803 927 1904 998 χά-

314 1031 398 1088 ριν
451 1013 684 1085 δεόμεθα
720 1014 814 1069 καὶ
851 1012 1236 1085 ἀντιϐολοῦμεν
1258 1054 1273 1079 ,
1321 1015 1396 1086 μὴ
1437 1013 1685 1080 ἐκδότους
1722 1033 1904 1089 παρα-

306 1106 489 1188 δοῦναι
515 1109 631 1172 τοῖς
657 1108 890 1179 ἀπηνέσι
917 1107 982 1179 θη
992 1107 1078 1180 ρσὶ
1099 1107 1200 1172 τὰς
1222 1107 1402 1178 ψυχὰς
1425 1107 1535 1162 τῶν
1559 1108 1906 1180 ἐξομολογου-

310 1201 488 1272 μένων
531 1217 636 1263 σοι,
674 1199 808 1272 μηδὲ
855 1199 1025 1272 λήθην
1070 1200 1397 1272 ποιήσασθαι
1424 1203 1504 1264 εἰς
1533 1200 1594 1254 τὸ
1619 1193 1932 1267 παντελὲς,’

309 1289 385 1361 μὴ
417 1288 552 1361 βορά
570 1287 858 1361 γενώμεθα
881 1287 1086 1360 Θηρίων
1113 1287 1292 1359 ψυχὰς
1321 1287 1522 1341 ἐσθίειν
1544 1288 1865 1357 πεφυκότων
1885 1305 1900 1319 ’

302 1382 489 1436 ὁποῖαί
535 1383 672 1452 εἰσιν
717 1380 776 1436 αἱ
819 1379 1190 1451 ἀντικείμεναι
1237 1379 1512 1452 δυνάμεις,
1548 1380 1603 1432 αἱ
1646 1377 1759 1432 τῶν
1807 1377 1904 1448 ψυ-

304 1471 415 1542 χῶν
461 1471 570 1526 τῶν
618 1471 976 1542 ἀνθρωπίνων
1020 1470 1296 1524 ἐπίϐουλοι
1352 1487 1412 1524 τε
1475 1471 1570 1525 καὶ
1615 1469 1898 1541 πολέμιοιο

302 1562 440 1618 ἀλλά
463 1563 572 1634 γὰρ
601 1564 934 1631 ἐπιϐλεψον
953 1562 1170 1630 εῑςτὴν
1184 1561 1622 1630 διαθήκηνσου,
1643 1562 1739 1618 καὶ
1769 1563 1903 1634 μνή-

304 1653 461 1725 σθητι
500 1654 604 1726 τῆς
642 1652 918 1726 συνθήκης
949 1671 1066 1722 σου,
1106 1654 1175 1708 δι’
1201 1650 1270 1728 ἦς
1308 1654 1614 1726 ηὐδόκησας
1649 1654 1820 1710 σῶσαι
1841 1656 1930 1728 τπδ’

299 1745 410 1800 τῶν
433 1745 738 1820 ἀνθρώπων
762 1745 940 1815 γένος,
969 1745 1162 1818 καινὴν
1197 1740 1460 1818 διαθήκην
1482 1746 1665 1811 αὐτοῖς
1687 1745 1777 1800 διὰ
1803 1746 1897 1801 τοῦ
1921 1739 1931 1748 “

2008 559 2225 616 bellatis
2271 559 2488 630 sibique
2522 559 2808 630 subjectis,
2839 559 2934 614 sed
2971 559 3070 624 tibi
3103 559 3216 617 Deo
3258 568 3450 616 nostro
3480 561 3584 615 im-

2005 657 2301 721 properant
2328 670 2341 706 :
2371 655 2425 705 et
2448 651 2683 722 populus
2714 649 3002 722 insipiens,
3026 651 3119 722 qui
3149 658 3204 706 te
3230 648 3400 704 Deum
3435 643 3583 722 igno-

2005 751 2112 807 rat,
2145 742 2591 813 dmmonibuSque
2639 756 2704 798 ac
2745 743 3039 799 multorum
3081 743 3367 802 numinum
3395 755 3620 796 errore-

2004 833 2292 906 gloriatur,
2310 849 2422 889 non
2455 849 2576 899 nos,
2605 833 2782 890 sed‘te
2810 842 2866 891 et
2895 841 3273 891 nomen'tuum
3309 833 3578 899 incitavit;
3617 865 3621 868 -

2004 927 2128 981 ideo
2157 925 2531 995 supplicamus
2559 934 2612 980 et
2647 929 2908 998 rogamus
2927 967 2943 992 ,
2977 926 3294 982 ne'auimas
3322 925 3584 981 conﬁten-

2005 1019 2138 1072 tium
2165 1016 2266 1072 tibi
2303 1017 2638 1074 immanibus
2675 1017 2809 1074 feris
2839 1017 3124 1074 dedititias
3161 1017 3370 1082 tradas,
3405 1031 3583 1088 neque

2003 1123 2106 1164 nos
2143 1109 2196 1162 in
2224 1118 2542 1179 perpetuum
2567 1109 2933 1173 obliviscaris,
2961 1126 3030 1166 ne
3055 1110 3354 1166 beStisrum
3371 1109 3584 1163 animas

2001 1197 2270 1256 devorare
2332 1201 2620 1255 solitarum
2671 1217 2798 1258 esca
2843 1203 3142 1258 evadamus
3174 1221 3187 1256 :
3217 1201 3408 1272 quales
3453 1209 3583 1255 sunt

2002 1281 2336 1344 adversariae"
2361 1297 2664 1360 potestates
2685 1331 2700 1356 ,
2733 1307 2854 1362 quae
2888 1292 3147 1348 humanis
3177 1291 3466 1346 animabus
3498 1292 3584 1345 iu-

2001 1381 2276 1439 sidiantur
2321 1397 2386 1437 ac
2421 1382 2622 1439 bellum
2655 1369 2946 1439 inferunt:
2973 1385 3067 1440 sed
3112 1385 3391 1456 respice-in
3416 1393 3584 1438 testa-

2002 1483 2235 1527 mentum
2269 1483 2437 1536 tuum,
2469 1481 2523 1530 et
2559 1490 2770 1530 memor
2802 1484 2922 1530 esto
2943 1476 3090 1546 pacti
3119 1476 3221 1542 tui,
3254 1491 3364 1546 quo
3393 1475 3586 1529 humaa

2000 1581 2132 1619 num
2166 1582 2338 1636 genus
2372 1567 2581 1623 salvum
2617 1568 2798 1624 facere
2827 1569 2928 1624 tibi
2949 1569 3304 1639 complacuit,
3329 1583 3451 1622 cum
3479 1583 3580 1622 no-

1999 1667 2128 1710 vum
2151 1655 2304 1726 ipsis
2339 1665 2724 1713 testamentum
2772 1675 2870 1730 per
2897 1659 3173 1714 Christum
3209 1667 3360 1713 tuum
3385 1658 3584 1730 elargi~

1999 1747 2090 1805 tus
2120 1763 2202 1805 es.
2223 1747 2448 1804 Etiamsi
2479 1745 2624 1805 enim
2646 1739 2866 1821 quidam
2894 1759 3044 1818 sunt,
3069 1759 3250 1808 mente
3278 1752 3580 1814 obscurati,
3607 1775 3612 1780 ε

301 1836 540 1910 Χριστοῦ
579 1853 673 1890 σου
717 1837 1110 1910 δεδωρημένος.
1153 1838 1217 1892 El
1263 1836 1373 1908 γὰρ
1413 1839 1510 1892 καὶ
1550 1836 1620 1892 τὰ
1665 1837 1900 1910 μάλιστα

2000 1841 2093 1911 qui
2137 1840 2294 1896 domo
2333 1842 2677 1913 iniquitatum
2721 1844 2913 1914 repleti
2969 1848 3126 1909 sunt,
3157 1861 3262 1900 nec
3299 1845 3582 1900 Christum

300 1929 561 1999 γεγόνασί
597 1948 745 1995 τινες
785 1931 1158 2004 ἐσκοτωμένοι
1200 1931 1300 2004 τὴν
1340 1932 1583 1986 διάνοιαν
1627 1931 1722 1986 καὶ
1755 1933 1900 2000 οτκῳ

301 2022 564 2094 ἀνομιῶν
589 2024 1028 2097 πεπληρωμένοι,
1071 2024 1147 2096 μὴ
1170 2023 1606 2096 παραδεξάμενοι
1640 2024 1734 2078 τὸν
1763 2024 1920 2094 Χρι-·

305 2114 430 2167 στόν
475 2130 590 2179 σου,
633 2114 769 2168 ἀλλά
813 2115 878 2168 σὺ
913 2114 989 2178 ὡς
1034 2115 1415 2188 φιλάνθρωπος
1461 2115 1593 2179 Θεὸς
1629 2113 1740 2168 τῶν
1789 2113 1899 2167 σῶν

303 2204 539 2275 πτωχῶν
581 2204 654 2277 μὴ
693 2207 1045 2278 ἀποστραφῇς
1078 2207 1180 2272 τὰς
1220 2207 1521 2281 ἱκετηρίας.
1555 2206 1714 2271 Τίνες
1745 2206 1791 2260 δ’
1831 2206 1898 2262 ἂν

304 2291 415 2350 εἷεν
446 2297 496 2350 οἱ
530 2298 736 2367 πτωχοὶ
756 2299 806 2351 οἱ
851 2297 1022 2352 ταῦτα
1069 2299 1210 2372 ὑπὲρ
1249 2299 1450 2364 παντὸς
1490 2299 1773 2371 εὐχόμενοι
1801 2296 1924 2351 τού

302 2375 454 2450 λαοῦ,
482 2386 597 2441 ἀλλ’
625 2388 675 2442 οἱ
701 2387 794 2442 τοῦ
819 2389 1072 2462 Σωτῆρος
1100 2390 1258 2462 ὴμῶν
1281 2391 1520 2464 μαθηταὶ
1550 2391 1642 2444 καὶ
1667 2390 1900 2444 ἀπόστο-

300 2475 382 2532 λοι
441 2480 577 2553 πρὸς
626 2479 720 2544 οὒς
771 2479 1024 2550 ἐλέγετο·
1078 2481 1368 2552 Μακάριοι
1428 2486 1483 2537 οἱ
1540 2483 1762 2554 πτωχοὶ
1817 2479 1899 2548 τῷ

300 2572 613 2641 πνεύματι,
645 2571 734 2625 ὅτι
772 2573 1028 2644 ὑμετέρα
1055 2575 1229 2629 ἐστὶν
1261 2575 1616 2644 ὴ·βασιλε1α
1650 2573 1771 2628 τῶν
1793 2575 1920 2629 οὺ-’

293 2662 532 2733 pas-Enr;
553 2663 776 2730 Τούτοις
800 2665 908 2739 γὰρ
931 2665 1026 2720 καὶ
1056 2665 1286 2730 Ἦσατας
1313 2665 1611 2739 ἐμαρτύρει
1638 2667 1702 2719 ἐκ
1732 2681 1900 2736 προσ-

299 2760 454 2814 ώπου
482 2759 658 2828 λέγων
695 2759 791 2816 τοῦ
830 2759 1096 2834 Χριστοῢο
1132 2760 1375 2831 Πνεῦμα
1401 2763 1622 2830 Κυρίου
1654 2761 1745 2814 ἐπ’
1771 2759 1895 2830 ἐμὲ,

300 2849 377 2911 οὗ
418 2854 653 2907 εἵνεκεν
697 2852 906 2924 ἔχρισέ
953 2871 1052 2924 με,
1092 2855 1598 2924 εὐαγγελίσασθαι
1641 2852 1898 2922 πτωχοῖς

293 2944 646 3015 ἀπέσταλκέ
671 2963 768 3016 με.
805 2941 962 3000 Οὗτοι
997 2945 1147 3016 γοῦν.
1176 2945 1546 3018 ὑπερηύχοντο
1574 2945 1666 2999 τοῦ
1697 2945 1897 3009 παντὸς

297 3025 454 3100 λαοῦ,
493 3036 774 3108 μονονουχὶ
807 3037 1078 3110 φήσαντες
1104 3037 1172 3091 ἂν
1203 3039 1253 3091 oi
1282 3038 1483 3103 πάντες
1513 3038 1668 3093 αὐτοὶ
1698 3037 1898 3109 ὁμοίως

296 3127 500 3201 Παύλῳ
524 3129 588 3183 τό
607 3145 621 3160 ·
642 3129 936 3201 Ηὺχόμην
955 3129 1223 3204 ἀνάθεμα
1244 3127 1397 3184 εἶναι
1424 3129 1577 3199 ὑπὲρ
1593 3129 1712 3184 τῶν
1730 3130 1898 3185 d681-

1997 1942 2150 1988 tuum
2183 1933 2490 2005 recipiunt;
2525 1943 2578 1989 at
2604 1943 2662 1989 tu
2687 1944 2873 2006 utpote
2905 1935 3048 1992 Deus
3071 1937 3316 1993 clemens
3341 1937 3580 1992 homini-

1996 2017 2122 2088 bus,
2146 2041 2448 2097 pauperum
2475 2034 2693 2082 tuorum
2723 2028 3153 2098 supplicationes
3179 2045 3249 2084 ne
3286 2029 3579 2085 averseris.

1997 2115 2231 2184 Quinam
2271 2133 2402 2175 vero
2444 2134 2717 2190 pauperes
2749 2127 2900 2185 sunt,
2935 2121 3027 2190 qui
3059 2135 3159 2190 pro
3199 2120 3460 2176 universo
3492 2135 3582 2191 po-

1998 2208 2128 2280 pulo
2144 2208 2274 2262 talia
2289 2203 2628 2279 precantur,
2647 2204 2754 2266 nisi
2772 2211 3026 2280 discipuli
3060 2209 3372 2267 Servatoris
3403 2210 3579 2268 nostri

1997 2307 2052 2356 et
2089 2293 2344 2371 apostoli,
2373 2300 2576 2370 quibus
2603 2302 2889 2358 dicebatur
2921 2323 2934 2358 :
2967 2304 3122 2359 Beati
3152 2321 3405 2376 pauperes
3428 2306 3579 2375 spiri-

1997 2397 2076 2455 tu,
2106 2391 2356 2460 quoniam
2384 2400 2615 2445 uestrum
2664 2401 2743 2446 cst
2789 2409 3007 2463 regnum
3059 2395 3309 2449 caelorum
3337 2396 3381 2430 "
3402 2396 3427 2450 ?
3451 2394 3580 2451 Haec

1996 2483 2144 2538 enim
2180 2481 2352 2538 lsaias
2389 2497 2457 2538 ex
2487 2498 2723 2554 persona
2753 2470 2961 2540 Christi
2984 2486 3386 2542 tcstiﬁcabatur
3416 2505 3430 2542 :
3465 2480 3582 2556 Spi-

1996 2577 2134 2630 ritus
2159 2574 2374 2630 Domini
2399 2592 2554 2645 super
2569 2593 2671 2642 me,
2689 2593 2749 2631 eo
2766 2575 2906 2647 quod
2935 2580 3146 2632 unxerit
3175 2594 3291 2641 me;
3317 2580 3580 2650 evangeli-

1997 2683 2122 2721 zare
2148 2665 2464 2736 pauperibus
2504 2668 2648 2722 misit
2675 2669 2842 2746 me".
2872 2667 2936 2722 Hi
2965 2668 3150 2746 itaque
3187 2685 3288 2741 pro
3319 2671 3580 2726 universo

1996 2761 2200 2832 populo
2219 2752 2619 2831 precabantur,
2651 2756 2796 2815 idem
2832 2759 2944 2816 fere
2982 2745 3229 2818 dicentes
3247 2762 3404 2833 quod
3437 2761 3572 2817 Paua
3599 2781 3604 2790 ν

1998 2855 2130 2909 lus:
2182 2851 2443 2922 Optabam
2481 2852 2762 2906 anathema
2803 2868 2916 2907 esse
2963 2867 3060 2922 pro
3115 2853 3373 2922 fratribus
3425 2855 3576 2920 meis,

1997 2946 2236 3018 cognatis
2259 2945 2386 3000 meis
2403 2943 2689 3000 secundum
2718 2960 2951 3009 carnem,
2970 2947 3060 3015 qui
3084 2955 3206 3000 sunt
3227 2943 3494 3001 Israelita:
3507 2947 3574 2998 ’³.
3597 2967 3604 2974 ·

1998 3036 2350 3108 l'psi'quoque
2375 3035 2655 3107 propheta:
2691 3036 2808 3100 Dei.
2841 3038 2935 3107 qui
2966 3045 3192 3108 propter
3227 3037 3409 3108 ipsum
3449 3051 3582 3109 pau-

1997 3143 2155 3199 peres
2182 3135 2362 3187 erant.
2399 3128 2512 3182 hzec
2539 3143 2651 3198 pro
2683 3135 2797 3181 tota
2825 3136 2986 3198 gente
3018 3127 3407 3199 precabantur.

295 3223 430 3296 ςοῶν
452 3242 593 3296 μου,
624 3223 742 3279 τῶν
773 3224 1086 3296 συγγενῶν
1098 3243 1219 3296 μου
1275 3225 1426 3292 κατὰ
1485 3224 1702 3295 σάρκα,
1729 3225 1947 3292 οἵτινές
1981 3227 2142 3279 εἰσιν
2191 3223 2573 3292 Ἰσραηλῖται.
2616 3213 2726 3277 Καὶ
2775 3223 2929 3278 αὐτοὶ
2974 3219 3032 3278 δὲ
3081 3226 3132 3278 ot
3170 3225 3446 3296 προφῆται
3481 3224 3582 3286 τοῦ

273 3317 458 3382 -Θεοῦ,
489 3317 555 3371 δι’
587 3318 750 3372 αὐτὸν
777 3319 1168 3391 πτωχεύοντες,
1209 3319 1364 3374 ταῦθ’
1388 3320 1528 3393 ὑπὲρ
1556 3319 1650 3373 τοῦ
1689 3319 1889 3383 παντὸς
1927 3318 2276 3374 καθικέτευον
2301 3317 2504 3382 ἔθνους.
3259 3333 3264 3338 '

387 3410 678 3478 ⁹Ανάστα,
733 3415 767 3468 ὁ
826 3413 994 3480 Θεὸς,
1045 3413 1304 3469 δίκασον
1356 3413 1473 3483 τὴν
1521 3413 1702 3483 δίκην
1755 3430 1892 3479 σου,

2070 3411 2237 3468 Vsus.
2261 3411 2444 3467 22—25.
2489 3409 2749 3482 Exsurge,
2777 3410 2940 3475 Deus,
2951 3409 3140 3481 judico
3165 3427 3384 3466 causam
3408 3419 3576 3480 tuam,

295 3503 604 3576 μνήσθητι
629 3503 750 3559 τῶν
777 3505 1135 3575 ὀνειδισμῶν
1163 3521 1300 3571 σου,
1334 3508 1451 3563 τῶν
1477 3495 1612 3561 ὑπὸ
1630 3505 1894 3575 ἄφρονος

299 3597 461 3665 ὅλην
497 3594 616 3664 τὴν
653 3595 901 3666 ἡμέραν.
934 3597 1033 3666 Μὴ
1071 3597 1330 3665 ἐπιλάϐῃ
1377 3596 1490 3664 τῆς
1535 3594 1743 3665 φωνῆς
1778 3593 1898 3648 τῶν

296 3685 533 3758 ἐχθρῶν
568 3703 687 3743 σου
711 3728 725 3752 ,
767 3687 806 3756 ἡ
864 3689 1247 3758 ὑπερηφανία
1295 3686 1414 3741 τῶν
1447 3683 1795 3757 μισούντων
1821 3701 1896 3740 σε

297 3778 487 3847 ἀνέϐη
535 3779 884 3848 διαπαντός.
947 3780 1166 3852 Ἐπειδὴ
1205 3780 1305 3852 οὐχ
1368 3781 1529 3850 ἡμεῖς
1588 3777 1895 3850 ἠδικήμεθα

300 3869 440 3924 ἀλλά
472 3870 537 3924 σύ
558 3889 570 3901 ·
601 3872 662 3926 σὲ
690 3871 800 3945 γὰρ
823 3872 1101 3927 ὠνείδισεν
1125 3875 1154 3928 ὁ
1177 3872 1392 3944 ἐχθρὸς,
1421 3873 1515 3926 καὶ⁸
1542 3871 1669 3936 λαὸς
1701 3872 1895 3943 ἄφρων

296 3963 364 4018 τὸ
401 3963 494 4016 σὺν
534 3963 706 4035 ὄνομα
745 3963 1065 4036 παρώξυνεο
1117 3964 1311 4018 τούτου
1347 3965 1506 4038 χάριν
1545 3949 1830 4034 ἀνάστηθι,
1865 3964 1908 4017 ό.

299 4054 459 4120 Θεὸς,
491 4057 584 4109 καὶ
613 4057 836 4112 δίκασον
862 4056 962 4128 τὴν
997 4057 1155 4129 δίκην
1189 4074 1305 4111 σου.
1351 4057 1510 4111 Κατὰ
1537 4057 1594 4110 δὲ
1623 4055 1716 4111 τὸν
1744 4056 1893 4128 Σύμ-

302 4164 514 4218 μαχον·
556 4146 756 4216 Στῆθι,
789 4151 822 4202 ὁ
870 4149 1048 4215 Θεὸς,
1092 4150 1491 4219 προμάχησον
1537 4149 1647 4218 τῆς
1690 4147 1895 4219 μάχης

298 4257 444 4304 σου,
485 4241 583 4295 καὶ
631 4242 1068 4311 μνημόνευσον
1121 4241 1228 4296 τοῦ
1279 4242 1554 4308 ὀνείδους
1582 4258 1699 4296 σου
1731 4241 1894 4309 παρὰ

297 4331 566 4402 ἄφρονος
593 4333 701 4387 τοῦ
723 4332 822 4387 διὰ
846 4334 1050 4401 πάσης
1083 4333 1329 4404 ἡμέρας.
1362 4333 1460 4402 Μὴ
1493 4331 1752 4401 ἐπιλάϐῃ
1783 4331 1894 4401 τῆς

297 4425 510 4498 φωνῆς
535 4425 653 4480 τῶν
673 4428 976 4497 πολεμίων
995 4441 1134 4488 σου,
1158 4425 1352 4495 ἤγουν
1368 4426 1444 4499 (1)
1463 4426 1580 4480 τῶν
1597 4427 1894 4496 ἀνθεστη-

299 4519 499 4572 κότων
526 4533 648 4580 σοι,
677 4517 892 4587 μέχρις
921 4514 994 4573 οὗ
1017 4517 1448 4584 ἀναϐαίνοντος
1467 4517 1894 4583 ἀδιαλείπτως;

298 4610 414 4662 Και
443 4609 604 4680 μέχρι
622 4609 823 4663 τούτων
840 4611 1055 4663 ἵσταται
1071 4611 1098 4662 ὁ
1115 4609 1272 4680 λόγος
1294 4609 1630 4682 παρακαλῶν
1651 4609 1743 4663 τὸν
1761 4609 1895 4663 Θεὸν

298 4699 650 4771 διαναστῆναι
679 4701 773 4755 καὶ
804 4702 1021 4756 δικάσαι
1049 4701 1147 4774 τὴν
1181 4702 1338 4773 δίκην
1367 4701 1557 4765 αὐτοῦ,
1587 4701 1892 4773 μνησθῆναί

1997 3520 2195 3558 memor
2223 3507 2334 3557 esto
2357 3501 2757 3572 opprobriorum
2787 3509 3019 3566 tuorum,
3049 3517 3239 3555 eorum.
3259 3515 3378 3570 qua
3401 3499 3467 3554 ab
3493 3501 3578 3554 in-

1997 3597 2217 3664 sipiente
2245 3583 2368 3650 sunt
2399 3604 2513 3648 tota
2538 3594 2644 3670 die.
2680 3591 2764 3647 Ne
2795 3593 3126 3648 obliviscaris
3154 3609 3301 3648 voces
3332 3593 3578 3648 inimico—

1997 3706 2115 3742 rum
2147 3697 2382 3752 tuorum,
2414 3687 2665 3757 superbia
2685 3704 2864 3742 eorum
2894 3689 2987 3760 qui
3017 3697 3067 3742 te
3095 3687 3318 3742 oderunt
3341 3686 3578 3741 ascendit

1994 3771 2216 3852 semper.
2251 3780 2389 3847 Quia
2441 3796 2552 3835 non
2605 3795 2708 3836 nos
2763 3780 2964 3852 injuria
3012 3779 3192 3835 affecti
3241 3793 3454 3842 sumus,
3479 3778 3578 3834 sed

1996 3881 2054 3928 tu
2083 3891 2096 3927 :
2131 3888 2256 3928 nam
2283 3873 2383 3928 tibi
2419 3873 2679 3929 inimicus
2708 3872 3120 3946 improperavit,
3148 3879 3202 3927 et
3233 3872 3468 3943 populus
3493 3872 3580 3926 in-

1996 3967 2204 4046 sipiens
2244 3965 2492 4021 incitavit
2525 3981 2722 4021 nomen
2758 3974 2946 4031 tuum;
2978 3964 3101 4020 ideo
3133 3957 3389 4033 exsurge,
3409 3960 3573 4026 Deus,

1993 4067 2050 4114 et
2098 4059 2287 4129 judica
2336 4059 2578 4131 causam
2614 4067 2786 4113 tuam.
2822 4057 3136 4111 secundum
3169 4053 3595 4126 'Symmachum‘

1995 4159 2176 4207 autem
2215 4171 2228 4207 :
2267 4150 2388 4214 Sta,
2422 4133 2886 4220 Deus,'propugna
2919 4157 3181 4202 certamen
3210 4157 3382 4210 tuum,
3411 4155 3462 4200 et
3494 4161 3578 4200 re—

1995 4226 2217 4296 cordare
2245 4240 2512 4311 opprobrii
2545 4241 2624 4294 tui
2659 4239 2724 4294 ab
2761 4240 3037 4307 insipiente
3066 4253 3159 4308 per
3204 4245 3371 4290 totam
3416 4234 3573 4292 diem.

1998 4332 2080 4388 Ne
2113 4332 2446 4406 obliviscaris
2478 4347 2624 4386 voces
2656 4331 2991 4384 inimicorum
3018 4321 3252 4394 tuorum,
3283 4326 3339 4381 id
3365 4339 3462 4392 est,
3490 4331 3578 4384 eo-

1993 4410 2112 4478 rum
2143 4419 2233 4495 qui
2269 4423 2367 4477 tibi
2413 4422 2697 4476 obsistunt.
2737 4421 3012 4492 Usquequo
3047 4417 3330 4474 ascendant
3377 4418 3592 4474 indesi-

1994 4515 2216 4592 neuter?
2251 4512 2314 4566 Et
2344 4514 2453 4567 huc
2487 4511 2690 4568 desinit
2718 4527 2923 4576 sermo,
2949 4509 3121 4566 Deum
3153 4525 3358 4582 rogans
3390 4518 3450 4564 ut
3477 4526 3578 4566 ex-

1937 4618 1942 4624 ‘
1995 4615 2183 4676 surgat
2227 4613 2282 4660 et
2319 4605 2550 4674 judicct‘
2573 4594 2798 4677 causam
2835 4618 2989 4658 suam
3019 4599 3451 4672 recordeturque'
3480 4617 3578 4671 op-

1995 4697 2200 4768 probrii
2233 4697 2302 4750 ab
2331 4695 2720 4767 insipientibus
2741 4691 2906 4759 illati,
2946 4707 3122 4764 neque
3153 4693 3592 4774 oblivion‘i'traj

301 4807 368 4845 τε
401 4790 494 4844 τοῦ
523 4791 826 4864 ὀνειδισμοῦ
873 4794 982 4848 τῶν
1015 4781 1299 4866 ἀφρόνων,
1341 4793 1476 4866 μηδὲ
1526 4793 1664 4864 λήθῃ
1709 4807 1889 4864 παρα-

1996 4792 2085 4846 dat
2112 4806 2274 4846 voces
2301 4790 2649 4844 inimicorum
2677 4804 2743 4844 ac
2765 4788 3075 4860 superbiam
3100 4803 3291 4843 eorum
3315 4787 3412 4858 qui
3433 4803 3592 4842 sentt

301 4881 492 4938 δοῦναι
518 4882 618 4948 τάς
647 4886 832 4954 φωνὰς
858 4886 965 4940 τῶν
999 4885 1210 4958 ἐχθρῶν
1243 4887 1338 4940 καὶ
1384 4886 1485 4949 τὰς
1511 4883 1891 4956 ὑπερηφανίας

300 4973 417 5028 τῶν
454 4974 744 5040 διαπαντὸς
790 4977 1186 5051 ἐπαιρομένων.
1243 4979 1317 5032 Ού
1377 4978 1486 5050 μὴν
1528 4979 1890 5048 ὲπισυνῆπται

305 5066 519 5131 τούτοις
549 5068 674 5140 ἑξῆς
709 5071 1044 5142 χρηστοτέρα
1067 5089 1152 5136 τις
1181 5071 1493 5142 ἀπόκρισις,
1521 5069 1642 5123 οὐδὲ
1668 5068 1890 5138 ἀγαθῶν

308 5161 615 5230 ἐπαγγελία
671 5165 782 5226 τοίς
826 5163 1130 5233 δεηθεῖσιν,
1180 5164 1319 5235 ὅπερ
1356 5164 1504 5218 ἔστιν
1552 5163 1637 5233 ἐφ’
1687 5162 1888 5234 ἑτέρων

307 5252 512 5324 εὑρεῖν.
541 5253 739 5325 Διόπερ
770 5254 1071 5326 ἀρχόμενος
1099 5257 1127 5308 ό
1153 5254 1308 5324 λόγος
1332 5255 1595 5326 ἀπωσμδν
1631 5255 1712 5318 είς
1739 5253 1892 5318 τέλος

311 5343 569 5398 ἐθέσπισε
593 5347 705 5409 τοῖς
732 5345 1099 5418 δηλουμένοις,
1129 5348 1221 5400 καὶ
1250 5347 1320 5400 δι’
1342 5347 1462 5401 ὅλου
1484 5347 1566 5410 τὸ,
1586 5349 1673 5414 εἰς
1695 5345 1888 5412 τέλος,

313 5434 490 5506 ἐπῆγε
518 5439 586 5508 τῇ
616 5436 724 5490 τῶν
767 5436 1107 5509 σκυθρωπῶν
1138 5439 1460 5511 προρρήσει.
1487 5439 1678 5493 Ἔνθεν
1711 5436 1894 5510 ὁρμώ-

319 5545 482 5597 μενος
524 5528 620 5582 καὶ
654 5530 683 5582 ὁ
725 5528 866 5594 θεῖος
910 5529 1254 5594 Ἀπόστολος,
1295 5530 1520 5601 γράφων
1561 5530 1690 5601 περὶ
1714 5527 1894 5582 αὐτῶν

319 5622 472 5691 ελεγε
508 5625 568 5678 τὸ
593 5667 608 5691 ,
649 5627 919 5695 Ἔξρθασε
951 5625 1135 5693 δὲ,εις
1171 5626 1394 5692 αὐτοὺς
1427 5625 1466 5694 ὴ
1499 5625 1644 5696 ὁρτὴ
1677 5627 1764 5692 εὶς
1787 5624 1980 5691 τέλος.

929 5737 976 5769 ι·
1017 5733 1122 5794 lsa.
1163 5752 1286 5804 mu,
1322 5736 1375 5792 1.
1450 5737 1496 5769 ’⁸
1534 5734 1693 5793 Rom.
1729 5751 1816 5804 Ix,
1845 5735 1902 5801 5,
1936 5735 1991 5792 4.
2068 5736 2114 5770 ⁸ο
2154 5738 2173 5792 1
2209 5737 2400 5798 Thess.
2441 5755 2519 5807 ιι,
2560 5741 2646 5797 16.

391 5734 434 5766 ⁸⁷
477 5732 664 5789 Matth.
700 5751 765 5798 ν,
798 5737 852 5791 5.

393 5826 472 5894 (Ξ)
512 5826 670 5883 Forte
696 5829 850 5899 ἤχου.

1994 4898 2093 4955 per
2123 4883 2481 4939 extolluntur.
2519 4881 2704 4954 Neque
2726 4887 2914 4936 tamen
2968 4882 3054 4936 bis
3108 4881 3252 4936 bona
3289 4881 3577 4952 responsio

1993 4972 2272 5044 adjicitur,
2297 4988 2470 5044 neque
2499 4973 2804 5028 orationem
2835 4973 3103 5028 bonorum
3130 4972 3424 5043 promissio
3449 4985 3580 5027 con-

1993 5064 2259 5136 sequitur,
2285 5065 2430 5136 quod
2458 5065 2580 5122 aliis
2611 5065 2666 5121 in
2692 5065 2922 5135 psalmis
2950 5064 3191 5135 reperire
3216 5072 3319 5120 est.
3347 5061 3476 5120 Ideo
3506 5065 3576 5118 ab

1991 5158 2219 5214 exordio
2252 5159 2610 5229 abjectinnem
2644 5167 2958 5229 perpetuam
2991 5156 3308 5212 memoratis
3343 5155 3578 5211 homini-

1997 5250 2102 5306 bus
2134 5250 2562 5314 vaticinabatur,
2598 5257 2654 5306 et
2686 5250 2741 5304 in
2778 5256 2892 5305 toto
2916 5250 3128 5319 psalmo
3153 5249 3392 5304 tristium
3431 5262 3573 5317 pra!-

1997 5344 2227 5400 dictioni
2277 5343 2432 5412 illud,
2467 5345 2523 5398 in
2576 5345 2752 5414 linem,
2800 5343 3064 5399 subdidit.
3101 5341 3256 5396 l-iinc.
3287 5340 3577 5396 occasione

1998 5447 2155 5508 capta
2192 5437 2412 5494 divinus
2439 5437 2754 5508 Apostolus,
2788 5437 2857 5494 de
2887 5436 3082 5493 iisdem
3117 5433 3372 5491 scribens
3393 5433 3570 5490 dixit:

2001 5527 2248 5584 Pervenit
2269 5539 2446 5584 autem
2481 5529 2550 5583 ad
2581 5546 2668 5586 eos
2692 5531 2778 5586 ira
2811 5530 2866 5584 in
2891 5530 3050 5600 finem
3065 5529 3130 5584 ³⁸.
