4078 6934
542 307 649 367 8⁸⁸1

632 421 687 479 ί.
719 418 786 476 ΙΝ
826 419 1058 488 FINEN,
1099 420 1190 476 NE
1226 419 1676 488 CORRUMPAS,
1713 418 2040 476 PSALMUS

1076 491 1324 546 ASAPII.
1367 490 1600 546 LXXIV.

1220 305 1490 363 EUSEBII
1526 303 2004 362 C/ESABIENSIS
2037 303 2188 361 OPP.
2234 304 2417 362 PARS
2455 307 2541 364 Ill.
2581 339 2650 362 -.-
2687 307 3097 366 EXEGETICA.

3703 316 3840 374 868

2235 423 2344 477 ΕΙΣ
2381 421 2472 478 ΤΟ
2505 424 2746 489 ΤΕΛΟΣ,
2787 425 3354 550 ΜῐέΣιῖἒΦὲξιΡῌΣ,
3394 426 3686 480 ΨΑΛΜΟΣ
3729 431 3837 501 Ἰᾨ

612 603 866 662 Υειιε.⁴ὶ.
906 605 1288 675 Conﬁtebimur
1350 605 1468 669 tibi,
1527 603 1692 670 Deus,
1751 575 2116 674 conﬁtebimur

2309 604 2901 677 Ἐξομολογησόμεθὰ
2926 624 3026 663 σοι
3044 649 3060 673 ,
3093 611 3126 664 ὁ
3155 609 3300 674 Θεὸς
3317 650 3334 675 ,
3362 608 3836 682 ἐξομολογησό-

544 697 663 762 tibi,
697 707 746 752 et
792 699 1147 754 invocabimus
1177 715 1364 753 nomen
1407 709 1577 752 tuum.
1609 698 1716 752 Pro
1750 699 1842 754 illo
1879 717 1892 752 :
1930 696 1997 751 In
2051 697 2119 768 [i-

543 807 680 857 nem,
713 807 777 846 ne
807 807 1138 861 corrumpas,
1169 790 1532 864 Symmachus
1557 791 1638 846 sic
1672 791 2067 861 interpretatur
2098 807 2114 844 :

543 882 903 950 Triumphalis
943 884 1008 938 de
1037 885 1431 954 incorruptione
1464 882 1702 953 psalmus
1737 882 1955 953 Asaphi.
1990 880 2119 938 Ser-

539 989 632 1030 mo
665 974 830 1044 igitur
861 983 945 1030 est
981 977 1049 1032 de
1079 977 1510 1047 incorruptione,
1539 975 1844 1046 qumjustis
1866 975 2118 1030 recondi-

538 1074 650 1131 tur,
675 1067 878 1138 quibus
903 1069 1068 1124 etiam
1099 1069 1344 1124 victoriae
1371 1068 1592 1140 prmmia
1623 1083 1722 1123 ceu
1754 1067 1808 1122 in
1844 1067 2121 1122 thesauris

537 1161 780 1229 reposita
812 1168 963 1216 sunt.
999 1162 1362 1228 Quamobrem
1395 1161 1738 1230 triumphalis
1779 1160 1959 1214 dictus
1990 1168 2075 1216 est
2103 1179 2116 1214 :

537 1265 640 1304 nos
667 1261 848 1306 autem
877 1253 1106 1307 remittit
1140 1252 1194 1306 in
1227 1251 1410 1318 finem,
1443 1252 1511 1307 de
1540 1266 1650 1322 quo
1674 1251 1970 1320 Apostolus
2002 1251 2078 1304 ait
2104 1269 2117 1304 :

541 1339 744 1396 Deinde
785 1343 932 1412 finis,
968 1360 1089 1397 cum
1135 1343 1418 1397 tradiderit
1449 1359 1665 1414 regnum
1702 1341 1811 1396 Deo
1854 1350 1905 1396 et
1944 1341 2120 1405 Patri,

539 1449 660 1487 cum
688 1433 1008 1488 destruxerit
1031 1451 1235 1488 omnem
1265 1434 1619 1504 principatum
1649 1442 1700 1488 et
1727 1441 2038 1502 potestatem
2070 1441 2124 1486 et

541 1527 806 1580 virtutem.
838 1525 1052 1596 Oportet
1095 1527 1233 1581 enim
1281 1526 1433 1580 illum
1467 1542 1707 1596 regnare,
1751 1525 1914 1579 donec
1961 1531 2122 1591 ponat

541 1634 720 1672 omnes
754 1619 994 1673 inimicos
1026 1621 1122 1672 sub
1149 1618 1367 1688 pedibus
1405 1618 1540 1688 ejus.
1576 1617 1880 1672 Novissima
1905 1617 2120 1670 inimica

541 1708 843 1776 destruetur
876 1727 1016 1764 mors
1037 1711 1106 1765 “.
1139 1711 1196 1770 In
1227 1711 1332 1766 fine
1363 1712 1582 1781 quippe,
1612 1716 1885 1795 quotquot
1929 1711 1985 1764 in
2017 1709 2120 1764 hoc

2221 694 2375 765 μεθά
2400 711 2520 760 σοι,
2549 696 2650 751 καὶ
2672 698 3150 768 ἑπικαλεσόμεθα
3179 699 3246 752 τὸ
3271 699 3459 769 ὄνομα
3491 719 3632 756 σου.
3669 704 3838 756 ’Δντὶ

2223 789 2351 855 τοῦ,
2386 791 2491 856 Είς
2520 788 2587 843 τὸ
2635 789 2832 857 τέλος,
2865 789 2952 860 μὴ
2999 791 3382 860 διαφθείρῃς,
3419 793 3449 846 6
3495 793 3834 865 Σύμμαχος,

2237 881 2558 950 Ἐπινίκιος
2589 883 2725 952 περὶ
2773 883 3115 953 ἀφθαρσίας
3157 885 3402 955 palm;-
3445 886 3552 942 τοῦ
3607 887 3834 960 Ἂσὰρ,

2227 974 2598 1045 ἡρμήνευσεν.
2642 974 2854 1028 Οὐκοῦν
2905 975 3034 1048 περὶ¹
3083 975 3394 1049 ἀφθαρσίας
3425 979 3454 1032 6
3511 977 3672 1048 λόγος
3723 983 3837 1053 τῆς

2226 1068 2338 1129 τοῖς
2365 1065 2596 1130 δικαίοις
2617 1066 3008 1140 ἀποκειμένης,
3034 1065 3116 1132 οἷς
3142 1069 3237 1122 καὶ
3264 1067 3331 1122 τά
3356 1072 3454 1140 τῆς
3488 1070 3647 1141 νίκης
3674 1072 3832 1125 ἀπο-

2225 1157 2651 1230 τεθησαύρισται
2687 1158 2934 1232 βραδεῖα.
2982 1160 3074 1214 Διὸ
3126 1161 3222 1214 καὶ
3260 1162 3526 1226 ἐπινίκιος
3557 1163 3827 1235 εἴρηταιο

2229 1248 2548 1320 ἀναπέμπει
2587 1249 2645 1304 δὲ
2674 1252 2822 1322 ἡμᾶς
2850 1252 2945 1305 καὶ
2972 1253 3053 1316 είς
3089 1251 3152 1305 τὸ
3177 1252 3349 1318 τέλος,
3385 1255 3513 1327 περὶ
3554 1250 3622 1308 οὗ
3650 1275 3830 1328 φησιν

2227 1339 2257 1390 6
2299 1339 2617 1404 Ἀπόστολος
2636 1357 2650 1372 ·
2686 1338 2834 1395 Εἶτα
2874 1341 2941 1396 τὸ
2987 1341 3194 1408 τέλος,
3225 1343 3371 1398 ὅταν
3415 1347 3657 1415 παραδῷ
3700 1347 3833 1416 τὴν

2222 1429 2554 1492 ,ϐασιλείαν
2580 1429 2660 1496 τῷ
2701 1430 2823 1498 Θεῷ
2852 1431 2950 1486 καὶ
2994 1434 3178 1502 Harp!
3199 1475 3214 1501 ,
3258 1435 3404 1489 ὅταν
3459 1437 3826 1508 καταργήσῃ

2225 1521 2433 1576 πᾶσαν
2464 1524 2664 1594 ἀρχὴν
2697 1526 2794 1579 καὶ
2824 1525 3031 1581 πᾶσαν
3057 1528 3350 1593 ἐξουσίαν
3387 1531 3485 1584 καί
3527 1531 3820 1602 δύναμιν.

2224 1615 2324 1668 Δεῖ
2347 1615 2460 1686 γὰρ
2499 1618 2686 1672 αὐτὸν
2740 1619 3110 1687 Βασιλεύειν,
3149 1620 3323 1692 ἄχρις
3350 1619 3422 1679 οὗ
3454 1623 3530 1692 θῇ
3574 1625 3826 1693 πάντας

2223 1705 2366 1772 τοὺς
2404 1707 2655 1776 ἐχθροὺς
2686 1710 2806 1764 ὑπὸ
2853 1710 2994 1777 τοὺς
3033 1711 3224 1779 πόδας
3271 1713 3478 1768 αὐτοῦ.
3509 1717 3826 1784 Ἔσχατος

543 1802 766 1864 saeculo,
801 1802 854 1855 in
892 1803 1036 1856 bono
1065 1800 1380 1872 hujusmodi
1410 1801 1710 1856 certamine
1741 1802 2010 1869 vicerunt,
2038 1801 2116 1855 in-

2220 1798 2432 1868 ὲχθρὸς
2463 1801 2836 1871 καταργεῖται
2864 1804 2898 1856 ό
2934 1802 3209 1872 θάνατος.
3256 1805 3354 1869 El;
3393 1807 3570 1860 ἐκεῖνο
3599 1809 3714 1879 γὰρ
3752 1811 3821 1863 τὸ

542 1900 856 1964 corruptam
909 1894 1077 1946 vitam
1124 1900 1550 1962 consequentur.
1596 1891 1751 1958 Quod
1800 1893 1904 1949 sub
1953 1891 2114 1946 linem

543 1998 782 2052 praesens
805 1985 1046 2054 psalmus
1071 1983 1312 2039 declarat
1337 1984 1420 2039 his
1450 1983 1628 2040 verbis
1653 2004 1667 2038 :
1695 1983 1763 2037 Et
1793 1985 1972 2037 omnia
1998 1999 2116 2036 cor—

543 2092 650 2131 nua
673 2087 1003 2146 peccatorum
1036 2077 1386 2146 confringam,
1421 2085 1470 2130 et
1515 2075 1890 2130 exaltabuntur
1918 2090 2118 2129 cornua

535 2170 694 2239 justi.
729 2168 862 2222 Nam
917 2183 1043 2222 cum
1099 2167 1324 2238 perinde
1373 2175 1538 2236 atque
1568 2167 1863 2238 Apostolus
1909 2181 2116 2222 cornua

541 2260 934 2330 confringenda
965 2275 1089 2316 esse
1116 2259 1364 2324 dixisset,
1394 2258 1602 2313 addidit
1645 2257 1778 2313 illud
1814 2275 1829 2312 :
1857 2256 1926 2311 Et
1969 2258 2118 2312 exal-

543 2352 796 2406 tabuntur
827 2368 1029 2406 cornua
1050 2351 1207 2419 justi,
1239 2357 1403 2420 atque
1425 2349 1529 2405 hoc
1558 2349 1842 2420 praesentis
1882 2349 2118 2418 prophe-

541 2445 632 2500 tia:
655 2444 1110 2514 complementum
1143 2449 1248 2498 est.
1286 2441 1466 2509 Quare
1503 2451 1559 2496 et
1589 2441 1832 2511 psalmus
1859 2447 1914 2496 et
1943 2441 2119 2495 canti-

540 2549 666 2589 cum
717 2533 881 2588 simul
930 2539 1314 2602 nuncupatur;
1363 2548 1430 2588 ex
1467 2546 1702 2602 persona
1729 2539 1911 2586 autem
1942 2531 2120 2600 justo-

541 2639 664 2678 rum
694 2624 906 2678 initium
957 2625 1108 2679 ducit
1140 2624 1330 2679 dicens
1363 2641 1376 2676 :
1410 2621 1788 2692 Conﬁtebimur
1822 2619 2116 2685 tibi,Deus,

539 2713 904 2784 conﬁtebimur
926 2714 1041 2778 tibi,
1069 2723 1120 2768 et
1147 2713 1502 2768 invocabimus
1547 2730 1736 2768 nomen
1787 2722 1955 2768 tuum.
1981 2710 2118 2782 Ipsis

539 2822 775 2876 namque
831 2806 965 2862 solis
1019 2805 1275 2861 convenit
1325 2804 1600 2859 confessio
1645 2819 1770 2861 cum
1821 2805 2118 2875 gratiarum

538 2896 776 2959 actione,
803 2909 910 2964 qua
944 2892 1203 2950 Servator
1250 2894 1306 2950 in
1338 2892 1648 2962 Evangeliis
1700 2891 1848 2948 Patri
1893 2891 2120 2946 confite-

538 2988 700 3042 batur
731 2987 962 3043 dicens:
997 2985 1268 3056 Conﬁteor
1301 2985 1420 3048 tibi,
1452 2985 1636 3051 Pater,
1667 2983 1891 3038 Domine
1923 2983 2040 3037 caeli
2070 2991 2120 3037 et

537 3090 694 3135 terra:
708 3080 774 3134 ³¹.
810 3077 996 3133 Primo
1043 3087 1225 3132 autem
1259 3077 1611 3141 confitentur,
1641 3076 1837 3131 deinde
1865 3076 2121 3130 invocant

2221 1890 2374 1954 τέλος
2392 1893 2439 1945 οί
2476 1891 2619 1945 κατὰ
2661 1893 2752 1946 τὸν
2781 1893 3051 1949 ἐνεστῶτα
3082 1895 3255 1951 αἰῶνα
3278 1897 3371 1951 τὸν
3414 1898 3578 1952 καλὸν
3617 1901 3820 1969 ἀγῶνα

2222 1983 2566 2054 νενικηκότες
2616 1984 2714 2056 τῆς
2771 1985 3049 2058 ἀφθάρτου
3100 1985 3248 2057 ζωῆς
3297 1988 3610 2054 τεύξονται·
3661 1993 3693 2046 ὃ
3749 1993 3822 2064 δὴ

2223 2071 2360 2142 πρὸς
2384 2074 2497 2136 τοῖς
2519 2071 2849 2138 τελευταίοις
2885 2076 2978 2128 καὶ
3007 2077 3034 2128 6
3065 2077 3202 2147 μετὰ
3231 2079 3419 2149 χεῖρας
3452 2077 3608 2150 λόγος
3641 2085 3822 2152 παρί-

2226 2179 2383 2233 στησι
2410 2162 2726 2232 λέγων’Καὶ
2752 2163 2949 2218 πάντα
2973 2166 3044 2220 τὰ
3061 2165 3280 2235 κέρατα
3301 2167 3417 2222 τῶν
3443 2170 3821 2240 ἁμαρτωλῶν

2221 2253 2552 2308 συνθλάσω
2572 2293 2588 2319 ,
2629 2253 2730 2308 καὶ
2774 2255 3157 2325 ὑψωθήσεται
3199 2258 3272 2312 τὰ
3321 2259 3536 2330 κέρατα
3561 2262 3666 2316 τοῦ
3720 2263 3817 2316 δι-

2225 2345 2419 2399 καίου.
2445 2344 2757 2416 Συμφώνως
2780 2347 2888 2418 γὰρ
2910 2347 2988 2419 τῷ
3027 2348 3330 2422 Ἀποστόλῳ
3353 2352 3383 2404 6
3412 2351 3602 2424 παρὼν
3646 2355 3812 2423 λόγος

2226 2431 2624 2505 κλασθήσεσθαι
2653 2433 2721 2487 τὰ
2742 2433 2950 2506 κέρατα
2970 2434 3158 2502 εἰπὼν,
3181 2438 3426 2508 ἐπήγαγε
3445 2439 3526 2502 τὸ,
3542 2439 3810 2508 Ὑψιωθή-

2223 2540 2393 2579 σεται
2420 2525 2495 2579 τὰ
2515 2524 2734 2594 κέρατα
2757 2524 2864 2579 τοῦ
2889 2525 3150 2582 δικαίου·
3191 2529 3285 2582 καὶ
3309 2528 3452 2582 τοῦτ’
3483 2528 3594 2582 ἔστι
3622 2531 3682 2582 τὸ
3704 2531 3807 2601 τῆς

2225 2614 2507 2688 παρούσης
2534 2615 2872 2686 προφητείας
2909 2617 3300 2690 συμπέρασμα.
3332 2621 3424 2673 Διὸ
3455 2623 3550 2674 καὶ
3585 2620 3807 2691 ψαλμὺς

2225 2705 2320 2762 καὶ
2354 2707 2464 2778 ᾠδὴ
2503 2707 2646 2762 κατὰ
2677 2708 2739 2760 τὸ
2776 2709 2908 2762 αὐτὸ
2945 2710 3258 2782 ὠνόμασται
3279 2729 3292 2743 ο
3324 2713 3388 2766 ὲκ
3420 2711 3713 2786 προσώπου
3746 2713 3803 2766 δὲ

2223 2799 2331 2852 τῶν
2363 2800 2587 2854 δικαίων
2613 2801 2712 2872 τὴν
2748 2802 3027 2875 καταρχὴν
3051 2807 3281 2859 ποιεῖται
3314 2805 3510 2861 εἰπών·
3555 2808 3803 2878 Ἐξομο-

2224 2890 2606 2960 λογησόμεθά
2629 2908 2749 2957 σοι,
2783 2896 2816 2947 ὁ
2861 2895 3026 2961 Θεὸς,
3075 2894 3640 2968 ἐξομολογησόμεθὰ
3673 2915 3799 2967 σοι,

2226 2979 2324 3034 καί
2365 2981 2842 3052 ἐπικαλεσόμεθα
2897 2984 2963 3039 τὸ
3012 2985 3200 3057 ὄνομά
3254 3005 3390 3056 σου.
3441 2991 3638 3053 Μόνοις
3687 2994 3800 3063 γὰρ

2225 3073 2407 3136 αὐτοῖς
2434 3074 2630 3147 πρέπει
2658 3075 2690 3147 ἡ
2723 3076 3138 3150 εὐχαριστήριος
3159 3077 3562 3154 ἐξομολόγησις.
3586 3082 3688 3136 καθ
3732 3085 3800 3155 ἢν

534 3187 738 3226 nomen
770 3171 912 3240 ejus,
944 3185 1052 3240 qua
1085 3170 1433 3224 invocatione
1461 3169 1692 3224 salutem
1723 3185 1753 3223 a
1785 3168 1897 3222 Deo
1924 3182 2116 3224 conse-

2227 3164 2320 3218 καὶ
2349 3165 2378 3218 6
2403 3164 2596 3238 Σωτὴρ
2626 3165 3019 3239 ἐξωμολογεῖτο
3042 3171 3100 3224 ὲν
3125 3171 3484 3241 Εὑαγγελίοις
3523 3174 3660 3245 πρὸς
3701 3175 3800 3228 τὸν

531 3269 797 3335 quentur,
828 3269 888 3316 ut
919 3260 1024 3315 fert
1053 3261 1258 3315 dictum
1292 3259 1424 3314 illud
1452 3279 1466 3314 :
1495 3259 1563 3314 Et
1597 3261 1766 3314 omnis
1818 3262 2113 3332 quicunque

532 3354 850 3409 invocaverit
884 3369 1070 3408 nomen
1103 3351 1340 3416 Domini,
1363 3351 1541 3406 salvus
1574 3353 1674 3406 erit
1695 3351 1764 3406 ⁸³.
1782 3351 1968 3408 Potest
1990 3353 2117 3408 item

532 3446 624 3501 hic
659 3460 842 3501 sermo
899 3445 968 3499 ad
1022 3443 1426 3499 confessionem
1460 3443 1747 3499 instituere
1777 3459 1894 3509 eos,
1921 3444 2014 3514 qui
2060 3443 2116 3500 in

535 3537 862 3608 praecedenti
910 3535 1125 3590 ruinam
1179 3533 1663 3606 Jerosolymorum,
1691 3543 1746 3589 et
1787 3542 2117 3606 postremam

533 3630 656 3700 ejus
689 3626 1044 3684 obsidionem
1092 3625 1527 3695 deploraverunt.
1560 3627 1694 3679 Nam
1739 3628 1831 3696 qui
1863 3625 2116 3694 superius

534 3721 789 3776 dixerant
837 3738 853 3775 :
901 3715 1118 3789 thuid,
1152 3715 1317 3782 Deus,
1353 3716 1593 3785 repulisti
1625 3717 1679 3770 in
1709 3716 1890 3786 ﬁnem,
1943 3716 2114 3769 iratus

534 3821 614 3868 est
671 3812 823 3882 furor
857 3820 976 3865 tuus
1000 3825 1155 3880 super
1187 3825 1302 3864 oves
1332 3825 1544 3878 pascua!
1577 3818 1680 3864 tuae
1697 3809 1769 3862 ιιι
1797 3818 1851 3864 et
1872 3815 2067 3864 caetera
2094 3826 2110 3876 ;

536 3919 686 3960 nunc
733 3903 1004 3958 docentur
1058 3900 1306 3956 confiteri
1343 3899 1476 3965 Deo,
1507 3907 1564 3956 et
1604 3900 1862 3955 invocare
1913 3914 2114 3954 nomen

531 3995 675 4068 ejus.
713 3995 850 4062 Quia
897 4009 1014 4061 iero
1042 3991 1239 4061 duplex
1267 3991 1634 4050 confessionis
1661 3991 1856 4048 modus
1885 3999 1991 4060 est,
2023 4005 2116 4046 ne-

533 4087 778 4145 cessario
827 4087 916 4142 hic
972 4087 1056 4142 bis
1088 4086 1311 4156 idicitur
1353 4086 1487 4142 illud
1520 4106 1534 4143 :
1564 4085 1947 4156 Conﬁtebimur
1991 4083 2106 4138 tibi.

530 4181 636 4237 Per
669 4182 903 4252 primum
929 4181 1150 4251 quippe,
1183 4186 1240 4234 ut
1271 4195 1370 4249 par
1412 4186 1517 4245 est,
1553 4177 1835 4232 confessio
1854 4191 1954 4246 pro
1981 4190 2109 4246 pec-

528 4273 672 4327 catis
703 4272 1070 4344 signilicatur;
1103 4287 1197 4339 per
1231 4271 1531 4327 secundum
1560 4286 1690 4325 vero
1735 4270 1772 4324 ii
1817 4269 1910 4340 qui
1953 4269 2107 4338 prius

528 4365 952 4428 confitebantur,
997 4381 1094 4435 pro
1124 4365 1283 4420 bonis
1317 4363 1556 4434 acceptis
1586 4363 1888 4434 gratiarum
1935 4359 2106 4415 actio-

530 4472 653 4511 nem
680 4458 953 4512 emittunt.

2222 3254 2444 3326 Πατέρα
2505 3257 2728 3325 φάσκων
2751 3272 2765 3288 ⁸
2854 3258 3360 3331 Ἐξομολογοῦμαί
3411 3277 3510 3317 σοι
3530 3302 3546 3328 ,
3580 3263 3795 3333 Πάτερ,

2217 3347 2395 3417 Κύριε
2423 3347 2528 3403 τοῦ
2555 3349 2817 3416 οὐρανοῦ
2843 3349 2941 3405 καί
2964 3350 3075 3420 τῆς
3106 3351 3239 3421 γῆς.
3267 3353 3491 3426 Πρῶτον
3517 3355 3572 3409 δὲ
3599 3356 3793 3427 ἐξομο-

2215 3435 2498 3506 λογοῦνται
2519 3480 2536 3504 ,
2565 3435 2683 3494 εἶτα
2730 3440 3114 3497 ἐπικαλοῦνται
3151 3443 3213 3497 τὺ
3245 3445 3412 3516 δνομα
3472 3446 3671 3510 αὐτοῦ,
3705 3447 3795 3501 διὰ

2215 3531 2315 3604 τῆς
2353 3532 2564 3586 τοιᾶσδε
2613 3532 2953 3605 ἐπικλήσεως
3007 3534 3160 3606 παρὰ
3203 3534 3282 3607 τῷ
3324 3535 3443 3607 Θεῷ
3479 3537 3792 3608 τευξόμενοι

2218 3623 2519 3694 σωτηρίας,
2551 3625 2692 3678 κατὰ
2716 3624 2777 3678 τὸ
2809 3625 3016 3694 φάσκον
3056 3627 3233 3696 λόγιον
3255 3644 3268 3660 ·
3314 3628 3421 3682 Καὶ
3478 3627 3595 3696 πᾶς
3621 3629 3688 3696 ὃς
3714 3629 3793 3684 ἂν

2212 3713 2641 3784 ἐπικαλέσηται
2663 3715 2730 3769 τὸ
2752 3715 2940 3786 ὄνομα
2970 3719 3214 3786 Kvplov,
3239 3720 3595 3785 σωθήσεται.
3617 3721 3788 3775 Δύνα-

2212 3821 2302 3856 ται
2333 3803 2391 3856 δὲ
2415 3806 2443 3857 6
2463 3803 2619 3873 λόγος
2645 3805 3020 3872 διδασκαλικὸς
3052 3805 3189 3864 εἶναι
3221 3809 3660 3882 ὲξομολογήσεως
3681 3812 3790 3865 τῶν

2213 3892 2270 3944 ὲν
2301 3890 2376 3962 τῷ
2423 3891 2530 3964 πρὸ
2559 3893 2750 3947 τούτου
2785 3895 3282 3968 άποκλαυσαμένων
3306 3897 3406 3968 τὴν
3452 3899 3662 3952 πτῶσιν
3687 3897 3788 3973 τῆς

2206 3978 2574 4058 ’Ἰερουσαλὴμ
2600 3987 2694 4039 καὶ
2733 3986 2832 4059 τὴν
2872 3988 3106 4061 ἐσχάτην
3139 3990 3308 4061 αὐτῆς
3354 3990 3689 4063 πολιορκίαν.
3720 3995 3784 4048 Οἱ

2209 4080 2318 4150 γὰρ
2347 4079 2625 4150 εἰρηκότες
2681 4081 2739 4132 ὲν
2779 4081 2892 4144 τοῖς
2937 4080 3266 4152 ἔμπροσθεν,
3313 4083 3506 4149 Ἰνατί,
3545 4087 3578 4138 ὁ
3617 4085 3782 4153 Θεὸς,

2208 4169 2426 4224 ἀπώσω
2457 4172 2544 4236 είς
2566 4170 2758 4237 τέλος,
2789 4170 3049 4241 ὠργίσθη
3080 4177 3114 4227 ὁ
3146 4176 3332 4243 θυμός
3365 4191 3481 4229 σου
3511 4177 3608 4230 ἐπὶ
3636 4179 3781 4246 πρό-

2207 4263 2354 4316 ϐατα
2383 4261 2575 4330 νομῆς
2604 4277 2720 4316 σου
2743 4279 2762 4326 ;
2789 4262 2885 4316 καὶ
2912 4263 2981 4318 τὰ
3007 4263 3155 4335 ἑξῆς,
3177 4265 3515 4321 διδάσκονται
3544 4267 3642 4322 νῦν
3667 4268 3782 4336 ἑξο-

2209 4351 2548 4424 μολογεῖσοαι
2601 4353 2680 4424 τῷ
2738 4353 2857 4425 Θεῷ
2914 4356 3009 4409 καὶ
3067 4357 3442 4412 ἐπικαλεῖσθαι
3497 4359 3560 4414 τὸ
3609 4361 3781 4431 ὖνομα

2205 4444 2390 4499 αὑτοῦ.
2434 4444 2650 4516 Ἐπειδὴ
2700 4444 2874 4509 διττός
2929 4448 3077 4500 ἐστιν
3120 4449 3149 4501 6
3198 4448 3300 4518 τῆς
3346 4449 3780 4525 ὲξομολογήσεως

524 4550 760 4621 τρόπος,
812 4551 1123 4620 ἀναγκαίως
1165 4549 1416 4622 δεύτερον
1462 4550 1674 4622 εἴρηται
1720 4549 1814 4603 ἐπὶ
1854 4546 1948 4601 τοῦ
1989 4544 2252 4616 παρόντος
2282 4541 2363 4606 τὸ,
2414 4540 2998 4612 Ἐξομολογησόμεθά
3026 4558 3152 4597 σοι’
3189 4543 3284 4597 τοῦ
3313 4547 3408 4618 μὲν
3429 4545 3667 4618 πρώτου,
3701 4548 3780 4612 ὡς

526 4644 692 4706 εἰκὸς,
716 4645 800 4713 ἐφ’
829 4645 1100 4716 ἁμαρτίας
1129 4645 1229 4714 τὴν
1261 4643 1642 4716 ἐξομολόγησιν
1681 4641 1984 4715 δηλοῦντος,
2013 4638 2106 4694 τοῦ
2131 4637 2174 4691 δ’
2207 4637 2329 4707 έξῆς
2352 4635 2452 4706 τὴν
2477 4635 2562 4704 ἐφ’
2586 4628 2668 4698 οἷς
2709 4630 2767 4688 εὖ
2797 4635 3126 4689 πεπόνθασιν
3153 4637 3203 4689 οἱ
3235 4637 3297 4691 τὸ
3335 4632 3550 4711 πρῶτον
3587 4639 3778 4712 ἐξομο-

525 4734 886 4806 λογησάμενοι
920 4735 1288 4807 εὐχαριστίαν.

597 4855 764 4912 Vzns.
796 4859 850 4921 5,
875 4856 928 4913 4.
971 4855 1219 4912 Narrabo
1241 4857 1514 4914 mirabilia
1547 4868 1658 4924 tua,
1693 4874 1813 4914 cum
1845 4871 2088 4922 accepero

2264 4848 2629 4918 Διηγήσομαι
2679 4847 2752 4901 τὰ
2795 4846 3097 4916 θαυμάσιά
3147 4834 3264 4901 σου
3284 4886 3300 4911 ,
3350 4847 3495 4901 ὅταν
3540 4849 3776 4905 ἐκλάϐω

527 4957 750 5018 tempus,
783 4965 876 5019 ego
923 4949 1264 5005 rectitudines
1283 4951 1561 5020 judicabo.
1591 4949 1764 5005 Hasce
1799 4948 1894 5004 Dei
1932 4962 2098 5003 voces

2220 4940 2438 5009 ιαιρὸν,
2489 4938 2604 5008 ἐγὼ
2645 4937 2975 5003 εὐθύτητας
3010 4935 3208 5004 κρινῶ.
3241 4935 3375 4990 Θεοῦ
3416 4939 3597 5007 φωνὰς
3630 4933 3772 4993 εἶναι

524 5054 670 5106 esse,
713 5039 983 5094 dictorum
1035 5042 1305 5096 sententia
1345 5041 1630 5096 declarat:
1663 5040 1797 5095 illud
1846 5039 2046 5110 quippe
2075 5057 2093 5094 :

2220 5030 2294 5096 τὰς
2324 5029 2692 5103 προκειμένας
2729 5030 2757 5081 6
2798 5027 2922 5091 νοῦς
2956 5028 3066 5081 τῶν
3102 5027 3407 5099 λεγομένων
3449 5032 3769 5104 παρίστησι.
3799 5093 3808 5101 _

528 5132 641 5205 Ego
661 5133 994 5188 rectitudines
1012 5132 1295 5204 iudicabo;
1321 5150 1382 5190 ac
1406 5150 1627 5192 rursum
1651 5133 1784 5189 illud
1807 5153 1822 5189 :
1849 5132 1959 5204 Ego
1979 5150 2096 5188 con-

2220 5123 2271 5176 Γὸ
2302 5121 2430 5194 γὰρ,
2465 5120 2612 5190 Ἐγὼ
2635 5119 2961 5185 εὐθύτητας
2984 5119 3185 5188 κρινῶ,
3207 5123 3301 5175 καὶ
3331 5121 3492 5176 πάλιν
3519 5124 3598 5187 τὸ,
3629 5124 3773 5194 Ἐγὼ

523 5225 734 5297 ﬁrmavi
754 5225 1024 5280 columnas
1039 5227 1174 5298 ejus,
1190 5227 1447 5283 videlicet
1467 5237 1656 5295 terrae;
1680 5235 1844 5298 atque
1859 5227 1963 5282 sub
1981 5227 2094 5282 hac

2220 5213 2532 5282 rorepéwaa
2571 5211 2713 5278 τοὺς
2743 5211 3010 5276 στύλους
3045 5211 3254 5280 αὐτῆς,
3291 5213 3448 5284 δῆλον
3483 5215 3527 5266 δ’
3555 5214 3637 5267 ὅτι
3667 5213 3771 5286 τῆς

525 5317 679 5379 illud,
709 5314 778 5368 Et
805 5318 982 5370 omnia
996 5333 1196 5371 cornua
1209 5327 1538 5386 peccatorum
1553 5319 1903 5390 confringam,
1929 5333 2092 5389 quem

2220 5305 2299 5375 ’ἧς
2322 5345 2338 5372 ,
2379 5304 2476 5358 καὶ
2529 5302 2658 5373 ὲξῆς
2705 5301 2768 5355 τὸ
2791 5341 2806 5366 ,
2859 5301 2968 5357 Καὶ
3017 5301 3214 5358 πάντα
3263 5305 3332 5358 τὰ
3383 5304 3598 5374 κέρατα
3649 5306 3770 5360 τῶν

523 5405 707 5462 dicere
739 5409 1046 5472 conveniat,
1079 5408 1186 5464 nisi
1211 5407 1420 5464 Deum?
1453 5407 1510 5464 Si
1553 5410 1738 5482 itaque
1767 5427 1834 5467 ex
1861 5425 2092 5480 persona

2220 5394 2556 5466 ίμαρτωλῶν
2594 5392 2954 5464 συγκλάσω,
3005 5393 3110 5447 τίνι
3158 5393 3224 5448 ἂν
3264 5395 3492 5467 ἁρμόζοι
3521 5397 3699 5466 λέγειν
3728 5397 3766 5470 ἢ

526 5497 620 5554 Dei
673 5498 789 5554 haec
835 5499 1113 5564 dicantur,
1141 5516 1243 5556 cur
1291 5502 1432 5558 alius
1482 5503 1576 5573 qui
1627 5503 1794 5560 Deum
1840 5514 2088 5572 noverat,

2220 5487 2343 5558 ιεῷς
2378 5489 2441 5540 Et
2469 5487 2648 5541 τοίνυν
2682 5487 2747 5540 ἐκ
2779 5484 3073 5559 προσώπου
3109 5485 3203 5541 τοῦ
3237 5487 3374 5541 Θεοῦ
3399 5489 3570 5542 ταῦτα
3612 5488 3764 5557 λέγε-

523 5589 700 5660 ipsum
732 5590 889 5659 quasi
917 5591 1245 5662 compellare
1293 5593 1374 5647 sic
1423 5595 1635 5649 videtur
1662 5613 1675 5650 :
1704 5594 1954 5650 Narrabo
1988 5598 2090 5652 mi—

2221 5599 2297 5663 a},
2326 5579 2443 5644 πῶς
2468 5580 2655 5652 ἔτερος
2685 5578 2840 5644 εἰδὼς
2861 5579 3013 5642 Θεὸν,
3035 5579 3109 5643 ὼς
3139 5581 3276 5646 πρὸς
3307 5581 3468 5635 αὐτὸν
3492 5582 3766 5650 ἀναφωνεῖ

588 5747 631 5780 ³¹
671 5745 689 5801 1
722 5748 846 5805 Cor.
885 5767 976 5818 xv,
1009 5750 1199 5807 ει-εθ.
1277 5751 1322 5784 ³¹
1360 5748 1548 5808 Matth.
1585 5766 1671 5820 si,
1705 5751 1795 5808 25.
1873 5755 1916 5787 ³³
1953 5752 2070 5813 Joel
2103 5773 2116 5812 ι

2220 5756 2309 5825 52;
2351 5756 2469 5814 Act.
2497 5772 2557 5825 ll,
2586 5755 2647 5813 2|
2676 5775 2689 5827 ;
2717 5755 2875 5812 Rom.
2907 5771 2962 5815 ι,
2999 5756 3088 5814 13.
3163 5756 3210 5789 ’⁸
3247 5756 3391 5815 Psal.
3429 5773 3631 5826 ωειιιι,
3669 5760 3720 5814 1.
