4078 6934
317 343 422 400 869

1447 334 1956 395 COMMENTARIA
1992 335 2061 394 IN
2099 335 2442 394 PSALMOS.

3461 332 3570 390 870

312 463 487 533 λέγων
505 478 519 492 ·
556 459 926 530 Διηγήσομαι
953 458 1028 514 td
1069 457 1374 528 θαυμάσιά
1405 471 1524 512 σου
1553 456 1701 510 ὅταν
1735 454 1879 509 λὰϐιι

1999 453 2194 509 rabilia
2224 465 2340 522 tua,
2377 471 2499 509 cum
2539 471 2784 526 accepero
2825 464 3047 526 tentptrs,
3079 470 3144 511 ac
3179 454 3385 510 infert:
3422 453 3565 522 Quo-

310 554 544 625 καιρὸν,
578 553 676 608 καὶ
702 553 978 625 ἐπιφέρει·
998 553 1126 605 Ὅτι
1149 555 1182 605 ὁ
1216 551 1359 618 Θεὸς
1385 549 1592 620 κριτής
1615 550 1769 603 ἐστι·
1805 548 1899 602 καὶ

1985 547 2133 601 niam
2167 547 2310 603 Deus
2350 549 2520 618 ἀκάτω
2563 560 2678 613 est;
2730 565 2794 605 ac
2836 565 3057 606 rursum
3086 569 3099 605 :
3128 549 3270 617 Quia
3316 548 3462 604 calix
3509 551 3566 605 in

311 647 500 712 πάλιν,
529 647 653 700 Ὅτι
681 645 971 714 ποτήριον
989 645 1061 698 ἐν
1087 645 1237 714 χειρὶ
1263 643 1488 712 Κυρίου
1517 642 1690 696 οίνου
1715 641 1879 711 ἀκρᾶν

1985 655 2147 693 manu
2180 639 2394 695 Domini
2427 640 2534 696 vini
2567 643 2740 696 meri?
2779 641 2893 697 Cur
2918 641 3005 699 bis
3032 643 3292 698 omnibus
3335 641 3565 712 subjun-

309 755 450 804 tov;
479 738 605 802 Πῶς
626 737 684 791 δὲ
715 735 854 808 πρὸς
883 735 1095 800 τούτοις
1118 737 1321 790 ἅπασιν
1343 733 1616 804 ἐπιλέγει·
1657 733 1804 804 Ἐγὼ
1827 732 1898 787 δὲ

308 829 625 902 dicam-e16)
665 831 754 896 εις
793 829 902 883 τὸν
928 829 1134 895 αἰῶνα,
1164 829 1342 899 ψαλῶ
1387 829 1470 896 τῷ
1511 828 1633 896 Θεῷ
1674 827 1892 896 Ἰακώϐ,

308 923 411 977 καὶ
433 922 632 977 πάντα
651 923 724 976 τὰ
747 921 970 990 κέρατα
992 920 1110 974 τῶν
1138 921 1506 992 ἁμαρτωλῶν
1532 920 1863 992 συγκλάσω
1873 937 1896 986 ;

307 1015 452 1086 Ὅρα
485 1012 666 1068 τοίνυν
694 1015 742 1066 εί
769 1013 846 1084 μὴ
889 1013 977 1067 διὰ
1001 1012 1206 1067 τούτων
1227 1016 1255 1068 6
1280 1013 1572 1085 μονογενὴς
1613 1013 1709 1066 τοῦ
1759 1011 1894 1066 Θεοῦ

307 1106 478 1175 Λόγος
499 1105 601 1168 τὰς
620 1105 829 1168 οἰκείας
858 1105 1142 1176 ἐνεργείας
1163 1105 1407 1159 διδάσκει
1433 1105 1534 1176 τὴν
1559 1103 1654 1158 τοῦ
1679 1104 1893 1176 [ἰατρὸς

303 1195 518 1263 διεξιὼν
541 1197 836 1266 θεολογίαν.
879 1199 1019 1268 Φησὶ
1041 1197 1172 1267 γοῦν
1194 1215 1208 1229 ο
1250 1197 1616 1268 Διηγήσομιιι
1647 1198 1722 1252 τὰ
1752 1201 1894 1252 θαυ-

303 1287 496 1356 μάσια
545 1303 664 1344 σου
705 1288 852 1343 ὅταν
881 1289 1044 1343 λάϐω
1088 1292 1318 1358 καιρόν.
1379 1292 1438 1345 '0
1490 1291 1590 1362 μὲν
1637 1290 1890 1357 Ἀκύλας,

307 1376 487 1432 Ὅταν
507 1377 671 1432 λάϐω
691 1378 1002 1450 συνταγάς
1019 1397 1032 1409 ·
1068 1383 1097 1434 6
1121 1381 1178 1435 δὲ
1198 1381 1511 1452 Σύμμαχος,
1533 1382 1710 1435 Ὅταν
1729 1378 1894 1436 λάθω

304 1469 420 1538 τὴν
449 1470 835 1543 συναγωγήν.
872 1474 982 1527 Καί
1013 1491 1102 1544 μοι
1135 1473 1284 1528 δοκεῖ
1303 1474 1578 1546 εὐκαίρως
1607 1473 1889 1547 εἰρηκέναι

304 1562 387 1626 τὸ,
420 1563 600 1616 Ὅταν
653 1563 817 1618 λάϐω
878 1565 1207 1635 crvor-tardo,
1255 1566 1310 1638 ἢ,
1359 1565 1473 1634 τὴν
1505 1565 1886 1636 συναγωγήν.

317 1652 743 1722 Ἐπαγγέλλεται
799 1654 912 1727 γὰρ
980 1657 1174 1727 καιροῦ
1230 1655 1529 1728 λαϐόμενος
1579 1658 1758 1712 πάντα
1819 1657 1889 1712 τὰ

1982 731 2061 803 git
2089 751 2100 786 :
2128 731 2238 803 Ego
2267 743 2441 787 autem
2467 734 2792 788 annuntiabo
2821 735 2877 789 in
2909 735 3183 797 sa'culum,
3205 734 3430 788 cantabo
3451 733 3564 790 Deo

1981 820 2174 888 Jacob,
2237 835 2286 879 et
2331 827 2514 881 omnia
2566 842 2768 881 cornua
2808 838 3141 896 peccatorum
3189 826 3562 898 confringam.’

1981 917 2372 974 Animadverte
2397 919 2563 989 igitur
2598 937 2727 974 num
2763 921 2851 977 his
2878 921 3060 976 verbis
3094 921 3433 991 unigenitum
3464 918 3562 976 Dei

1981 1005 2243 1071 Verbum,
2267 1025 2388 1079 qua:
2416 1011 2483 1065 ad
2514 1010 2694 1068 Patris
2721 1011 2978 1068 deitatem
3001 1019 3249 1082 spectant
3271 1027 3560 1075 enarrans,

1981 1115 2083 1156 sua
2116 1115 2285 1172 opera
2321 1103 2586 1158 enuntiet.
2629 1103 2720 1158 Ait
2746 1104 2929 1175 itaque
2957 1123 2969 1159 :
2999 1103 3251 1160 Narrabo
3289 1103 3560 1158 mirabilia

1982 1202 2075 1248 tua
2111 1211 2230 1248 cum
2263 1211 2506 1264 accepero
2548 1206 2768 1264 tempus.
2801 1197 2996 1267 Aquila
3041 1212 3172 1252 vero
3219 1197 3300 1253 sic
3346 1197 3510 1252 habet
3541 1213 3558 1253 :

1982 1283 2118 1339 Cum
2165 1302 2412 1355 accepero
2456 1295 2658 1354 tempus
2709 1295 3000 1352 statutum;
3047 1284 3409 1358 Symmachus
3461 1302 3559 1340 au-

1982 1379 2091 1430 tem
2124 1393 2138 1429 :
2170 1373 2305 1430 Cum
2355 1391 2602 1444 accepero
2650 1392 2992 1448 sgnagogam.
3027 1375 3364 1447 Videturque
3423 1377 3558 1432 mihi

1980 1463 2095 1520 haec
2140 1473 2445 1536 opportune
2492 1465 2638 1520 dicta
2683 1483 2806 1523 esse
2845 1486 2858 1522 :
2896 1467 3029 1524 Cum
3081 1470 3559 1536 accepero‘tempus

1979 1565 2260 1622 statutum,
2302 1561 2412 1624 vel,
2461 1577 2803 1632 sgnagogam.
2855 1559 3153 1616 Pollicetur
3179 1560 3384 1631 quippe
3413 1575 3473 1616 se
3503 1561 3559 1618 in

1980 1654 2228 1719 tempore
2273 1659 2581 1721 opportuno
2627 1653 2810 1708 omnia
2859 1651 3040 1707 Patris
3100 1653 3154 1707 in
3201 1651 3445 1707 Ecclesia
3491 1667 3558 1707 ex

303 1742 587 1814 θαυμάσια
615 1745 710 1800 τοῦ
736 1743 949 1818 Πατρὸς
970 1746 1331 1820 διηγήσασθαι
1369 1749 1463 1802 ἐπὶ
1490 1749 1593 1820 τῆς
1621 1750 1682 1816 ἐξ
1715 1749 1879 1805 ἐθνῶν

1986 1738 2239 1806 gentibus
2273 1749 2424 1810 gesta
2470 1741 2740 1796 mirabilia
2770 1749 3146 1809 narraturum,
3175 1758 3339 1815 quam
3372 1743 3553 1798 Eccle-

316 1836 642 1910 Ἕκκλησίας
665 1878 681 1904 ,
719 1841 786 1910 ἦν
835 1839 1001 1904 αὐτὸς
1041 1841 1071 1892 6
1103 1840 1290 1912 Πατὴρ
1318 1843 1683 1912 ἐπηγγέλλετο
1733 1843 1882 1916 αὐτῷ

303 1931 754 2000 είπών·Αῑτησαι
795 1921 938 2002 ’παρ’
981 1934 1158 2003 ἐμοῦ,
1203 1936 1302 1990 καί
1352 1935 1526 1990 δώσω
1572 1953 1673 1991 σοι
1735 1939 1882 2008 ἔθνη

299 2021 420 2091 τὴν
445 2025 854 2094 κληρονομίαν
884 2039 1021 2090 σου,
1065 2027 1164 2081 καὶ
1197 2025 1312 2096 τὴν
1353 2027 1726 2100 κατάσχεσίν
1765 2047 1883 2086 σου

301 2112 377 2167 τὰ
411 2111 638 2182 πέρατα
667 2114 778 2184 τῆς
807 2114 938 2186 γῆς.
969 2116 1135 2172 Ὅταν
1159 2113 1252 2172 οῦν
1295 2117 1465 2182 λάϐω,
1491 2122 1645 2191 φησὶ,
1679 2121 1885 2194 ταύτην

299 2203 404 2274 τὴν
438 2202 728 2276 συνταγὴν,
778 2205 872 2258 καὶ
898 2205 1119 2259 ἐπειδὰν
1153 2205 1300 2277 τύχω
1321 2207 1510 2261 τούτου
1551 2208 1644 2261 τοῦ
1667 2209 1882 2282 καιροῦ,

299 2295 604 2365 τηνικαῦτα
643 2297 772 2368 παρ’
808 2297 992 2360 αὐτοῖς
1022 2299 1135 2361 τοῖς
1175 2297 1233 2364 ἐξ
1281 2298 1454 2354 ἐθνῶν
1498 2300 1885 2372 ἐπιστρέφουσι

301 2385 638 2458 διηγήσομαι
670 2388 848 2442 πάντα
894 2387 962 2441 τά
1004 2388 1286 2459 θαυμάσιά
1321 2407 1435 2444 σου.
1465 2385 1560 2455 Οἷς
1603 2391 1878 2460 ἐπιλέγει*

311 2476 462 2547 Ἐγὼ
487 2478 817 2546 εὐθύτητας
850 2478 1050 2549 κρινῶ.
1083 2481 1440 2553 Δικαιοσύνης
1459 2481 1568 2554 γὰρ
1591 2482 1688 2536 κα)⁸
1719 2481 1884 2536 εὐθύ-⁴

295 2584 458 2640 τητος
523 2567 684 2640 ἔργον
736 2569 798 2624 τὸ
834 2570 910 2641 μὴ
951 2571 1240 2637 Ἰουδαίους
1295 2575 1489 2644 μόνους
1536 2575 1880 2646 προσίεσθαι,

299 2661 436 2734 μηδὲ
463 2660 525 2715 τὸ
543 2660 602 2728 ἐξ
635 2661 886 2734 ’Δδραάμ
905 2663 1060 2732 γένος
1083 2666 1226 2720 κατά
1241 2666 1338 2738 τὴν
1363 2667 1606 2732 Μωσέως
1659 2669 1878 2740 κλῆσιν,

293 2753 413 2811 ἀλλ’
444 2754 503 2821 ἐξ
534 2753 792 2809 ἁπάντων
827 2755 938 2808 τῶν
965 2756 1134 2811 ἐθνῶν
1180 2759 1278 2828 τὴν
1321 2759 1551 2833 ἐκλογὴν
1601 2762 1878 2817 ποιεῖσθαι

297 2847 412 2902 τῶν
437 2846 781 2918 σωζομένων.
817 2848 1018 2921 Διόπερ
1067 2851 1096 2903 6
1130 2851 1336 2921 Πέτρος
1365 2855 1423 2906 ἐν
1458 2857 1580 2918 ταῖς
1609 2856 1880 2928 Πράξεσιν

295 2937 714 3009 ἀναγέγραπται
765 2939 1034 3010 εἰρηκώς·
1080 2940 1206 2995 Ἐπ’
1249 2941 1538 3010 ἀληθείας
1582 2941 1748 3013 οῖδα,
1793 2947 1883 3002 ὅτι

294 3032 410 3086 οὐκ
445 3031 577 3086 ἔστι
609 3030 1130 3100 προσωπολήπτης
1157 3036 1190 3087 ὁ
1222 3036 1398 3102 Θεός’
1429 3037 1567 3092 ἀλλ’
1596 3038 1667 3092 ἐν
1700 3041 1880 3095 παντὶ

1984 1828 2122 1882 siam
2154 1831 2255 1901 ipsi
2283 1831 2441 1887 Pater
2478 1833 2730 1904 promisit
2761 1834 2846 1890 his
2873 1835 3056 1890 verbis
3084 1854 3097 1890 :
3135 1834 3361 1890 Postulo
3395 1853 3427 1889 a
3455 1853 3557 1901 me,

1981 1931 2031 1976 et
2065 1921 2202 1978 dabo
2236 1925 2331 1978 tibi
2361 1935 2534 1996 gentes
2567 1927 2924 1982 hwreditatem
2973 1936 3139 1994 tuam,
3174 1938 3225 1982 et
3272 1928 3543 1998 possessio

1984 2032 2100 2070 nem
2130 2025 2278 2072 tuam
2313 2020 2562 2074 terminos
2593 2022 2828 2077 term”.
2865 2020 3000 2077 Cum
3034 2037 3164 2093 ergo
3196 2021 3301 2077 hoc
3344 2029 3560 2092 tempus

1983 2116 2248 2172 stantum,
2271 2109 2468 2180 inquit,
2486 2125 2766 2181 accepero,
2789 2118 2844 2168 et
2863 2128 2987 2167 cum
3013 2112 3157 2168 hanc
3180 2111 3556 2184 opportunita»

1983 2205 2090 2255 tem
2111 2209 2442 2257 consecutus
2460 2217 2576 2265 ero,
2606 2211 2734 2258 tunc
2751 2205 3004 2260 omnibus
3022 2205 3274 2276 gentibus
3295 2219 3416 2276 qua:
3435 2220 3558 2262 sesc

1985 2294 2357 2348 converterint
2401 2294 2638 2350 narrabo
2686 2295 2867 2350 omnia
2898 2297 3169 2352 mirabilia
3203 2304 3319 2352 tua.
3345 2294 3557 2364 Quibus
3665 2289 3674 2294 ’

1985 2383 2212 2440 subdit:
2242 2384 2355 2458 Ego
2389 2388 2728 2444 rectitudines
2751 2388 3026 2457 judicabo.
3060 2387 3296 2445 Iustitiae
3320 2405 3557 2462 namque

1985 2483 2040 2531 et
2079 2477 2428 2537 rectitudinis
2462 2494 2602 2552 Opus
2631 2489 2736 2548 est,
2763 2497 2873 2536 non
2899 2479 3118 2538 Iudaeos
3150 2484 3330 2538 solum
3360 2483 3559 2538 admit-

1985 2575 2120 2632 tere,
2152 2585 2330 2642 neque
2373 2571 2666 2629 Abrahami
2721 2588 2894 2646 genus
2943 2574 3208 2630 duntaxat
3259 2573 3560 2631 secundum

1985 2659 2188 2731 Moysis
2232 2664 2572 2719 vocationem
2617 2665 2889 2736 recipere,
2922 2667 3015 2722 sed
3051 2666 3311 2722 omnibus
3339 2681 3406 2722 ex
3435 2683 3539 2739 gen

1985 2753 2134 2808 tibus
2166 2755 2560 2812 servandorum
2611 2758 2932 2814 electionem
2959 2757 3156 2814 facere.
3189 2756 3557 2825 Quamobrem

1983 2843 2182 2902 Petrus
2227 2847 2282 2901 in
2331 2847 2559 2904 Actibus
2609 2847 2817 2906 dixisse
2859 2850 3174 2906 scribitur:
3223 2850 3293 2905 In
3342 2851 3559 2910 veritate

1985 2943 2233 3009 comperi,
2277 2943 2402 3012 quia
2444 2960 2548 2998 non
2591 2953 2669 2998 est
2709 2960 3055 3014 personarum
3102 2954 3344 3016 acceptor
3385 2945 3526 3002 Deus

1985 3033 2079 3088 sed
2107 3035 2164 3088 in
2201 3035 2345 3089 omni
2373 3045 2524 3105 gente
2559 3037 2651 3106 qui
2694 3037 2840 3090 timet
2873 3053 2991 3091 eum
3026 3048 3268 3108 acceptus
3289 3048 3367 3093 est
3393 3040 3477 3094 illi
3491 3039 3559 3096 ⁸⁸.

293 3124 454 3179 ἔθνει
483 3125 518 3177 ὁ
589 3091 968 3193 φοϐούμενος.
1006 3091 1194 3180 autor-
1245 3091 1668 3195 δεκτόςέστιν

1983 3122 2188 3181 Paulus
2234 3091 2413 3181 autem
2451 3091 2639 3182 Judan
2671 3126 2929 3197 primum,
2967 3091 3159 3198 postea

296 3215 404 3272 Καὶ
433 3216 462 3269 6
499 3215 712 3280 Παῦλος
732 3215 791 3270 δὲ
832 3217 1073 3289 Ἰουδαίῳ
1099 3235 1160 3272 τε
1204 3219 1422 3290 πρῶτον
1453 3223 1547 3276 καὶ
1572 3223 1794 3297 Ἕλληνι
1818 3227 1879 3281 τὸ

295 3309 626 3378 Εὑαγγέλιον
667 3309 1030 3382 κηρύττεσθαί
1062 3328 1195 3382 φησι
1227 3312 1436 3382 λέγων⁹
1469 3317 1550 3370 Οὐ
1575 3316 1686 3386 γὰρ
1720 3319 1880 3375 ἐπαι-

293 3401 595 3471 σχύνομαι
618 3400 685 3454 τὸ
700 3401 1072 3472 Εὑαγγέλιον
1087 3419 1101 3432 ·
1121 3402 1374 3472 δύναμις
1403 3405 1512 3475 γὰρ
1535 3407 1684 3462 Θεοῦ
1706 3409 1879 3465 ἐστιν

291 3497 380 3561 είς
405 3495 709 3564 σωτηρίαν
736 3495 916 3549 παντὶ
958 3495 1042 3562 τῷ
1091 3498 1472 3565 πιστεύοντι,
1517 3501 1776 3567 Ἰουδαίῳ
1812 3520 1878 3558 τε

292 3585 531 3656 πρῶτον
577 3585 679 3640 καὶ
705 3587 988 3655 Ἕλληνι.
1039 3590 1401 3658 Δικαιοσύνη
1443 3591 1553 3660 γὰρ
1605 3593 1755 3648 Θεοῦ
1807 3595 1878 3647 ἐν

291 3677 456 3743 αὐτῷ
517 3677 1025 3732 ἀποκαλύπτεται.
1095 3673 1192 3743 Οἷς
1263 3679 1574 3746 ἀκολούθως
1644 3684 1878 3740 ἐνταῦθα

291 3771 490 3840 φάσκει
522 3770 616 3824 τόο
662 3769 810 3840 Ἐγὼ
839 3771 1175 3839 εὐθύτητας
1215 3773 1420 3840 κρινῶ.
1465 3773 1576 3827 Εἶτ’
1608 3776 1872 3846 ἐπιλέγει·

304 3862 518 3930 Ἐτάκη
545 3863 584 3930 η
609 3861 684 3932 γῆ
726 3861 825 3914 καὶ
855 3861 1078 3928 πάντες
1111 3864 1166 3916 οἱ
1192 3864 1616 3932 κατοικοῦντες
1647 3866 1870 3934 αὐτήν’

289 3953 406 4023 ἐγὼ
439 3954 776 4024 ἐστερέωσα
799 3955 944 4021 τοὺς
966 3955 1236 4022 στύλους
1256 3955 1466 4025 αὐτῆς.
1499 3959 1659 4013 Κατὰ
1685 3959 1742 4014 δὲ
1782 3961 1876 4016 τὸν

294 4043 612 4114 Σύμμαχον,
653 4045 1130 4112 Συσταθήσεται,
1175 4048 1360 4118 φησὶν,
1405 4049 1445 4116 η
1478 4048 1553 4119 γῆ
1585 4051 1710 4105 σὺν
1749 4053 1876 4122 τοῖς

293 4138 686 4192 κατοικοῦσιν
735 4138 962 4204 αὑτήν·
997 4139 1112 4218 ἐγῲ
1153 4140 1392 4209 ἦδρασα
1421 4143 1563 4210 τοὺς
1606 4146 1876 4213 στύλους

290 4226 499 4295 αὐτῆς.
535 4223 719 4282 Ταῦτα
746 4227 803 4281 δὲ
828 4231 942 4293 τοῖς
981 4231 1040 4282 ἐν
1063 4229 1142 4300 τῷ
1171 4231 1280 4301 πρὸ
1307 4232 1498 4286 τούτου
1530 4233 1874 4306 λελεγμένοις

289 4319 506 4392 εἴρηται
542 4320 867 4392 συμφώνως.
927 4323 994 4375 Ἦ
1042 4323 1152 4394 γὰρ
1202 4323 1624 4397 πολιορκηθεῖσα
1674 4327 1748 4398 γῆ
1776 4328 1872 4382 καὶ

1978 3217 2274 3274 dicandum
2311 3216 2664 3288 Evangelium
2701 3234 2824 3274 esse
2872 3219 3007 3275 dicit
3048 3219 3136 3276 his
3174 3222 3356 3278 verbis
3388 3240 3402 3276 :
3435 3221 3560 3279 Non

1976 3307 2114 3361 enim
2135 3307 2380 3362 erubesco
2405 3306 2745 3379 Evangelium
2769 3325 2787 3362 :
2817 3310 2984 3364 uirtus
3002 3327 3140 3365 enim
3167 3311 3265 3366 Dei
3287 3323 3364 3367 est
3391 3314 3444 3367 in
3472 3330 3540 3369 sa

1977 3398 2140 3453 lutem
2170 3399 2314 3453 omni
2349 3401 2600 3464 credenti,
2629 3399 2822 3455 Judazo
2849 3403 3100 3470 primum,
3133 3412 3183 3458 et
3215 3402 3421 3460 Gra'co.
3451 3403 3556 3460 Ju-

1976 3489 2127 3542 stitia
2158 3489 2298 3543 enim
2326 3487 2424 3542 Dei
2451 3489 2504 3542 in
2533 3491 2649 3559 ipso
2684 3490 2948 3544 revelatur
2965 3490 3032 3547 ³⁷.
3062 3490 3273 3557 Quibus
3304 3491 3394 3546 hic
3419 3507 3554 3548 con—

1977 3587 2274 3650 sequenter
2297 3581 2499 3636 dicitur
2525 3601 2539 3637 :
2575 3580 2686 3652 Ego
2709 3580 3046 3637 rcctitudines
3059 3581 3334 3652 judicabo.
3352 3581 3556 3640 Deinde

1977 3672 2201 3742 subiicit
2239 3690 2253 3728 :
2285 3672 2594 3744 Liquefacta
2625 3685 2703 3729 est
2736 3683 2878 3728 terra
2905 3692 2954 3729 et
2985 3691 3162 3730 omnes
3187 3676 3278 3747 qui
3314 3675 3556 3732 habitant

1977 3785 2010 3821 n
2049 3784 2110 3821 ea
2145 3783 2165 3821 :
2193 3783 2284 3838 ego
2332 3767 2652 3836 conﬁrmavi
2712 3765 2990 3819 columnas
3045 3765 3181 3834 ejus.
3239 3763 3554 3822 Secundum

1979 3859 2366 3931 Symmachum
2399 3874 2530 3914 vero
2558 3877 2570 3912 :
2606 3857 2994 3923 Constituetur,
3027 3858 3223 3928 inquit,
3261 3867 3402 3912 terra
3435 3875 3554 3913 cum

1974 3951 2335 4006 habitantibus
2379 3953 2434 4005 in
2481 3967 2543 4006 ea
2576 3965 2595 4004 :
2623 3967 2716 4020 ego
2743 3951 3053 4020 confirmavi
3099 3949 3372 4005 columnas
3416 3951 3552 4019 ejus.

1975 4040 2102 4096 Haec
2145 4057 2309 4112 porro
2359 4041 2719 4112 praecedentis
2768 4041 2961 4111 psalmi
3005 4040 3166 4096 dictis
3192 4041 3368 4095 aliinia
3399 4049 3548 4106 sunt,

1973 4135 2146 4191 Terra
2189 4136 2461 4206 siquidem
2491 4135 2712 4191 obsessa
2747 4143 2799 4189 et
2832 4135 2943 4205 igni
2975 4135 3195 4197 tradita,
3227 4135 3294 4191 de
3328 4152 3434 4207 qua
3464 4136 3554 4192 di-

1973 4229 2198 4283 cebatur
2221 4245 2320 4282 :-
2341 4227 2730 4294 Quasiinsilva
2751 4225 3013 4296 lignorum
3044 4227 3314 4282 securibus
3348 4229 3548 4284 excide-

1973 4328 2096 4374 runt
2113 4319 2315 4389 januas
2347 4319 2463 4388 ejus
2497 4320 2552 4373 in
2586 4318 2836 4388 idipsum,
2870 4321 2923 4374 in
2951 4319 3126 4374 securi
3156 4328 3208 4374 et
3233 4321 3382 4374 ascia
3414 4321 3530 4391 deje

289 4415 427 4487 πυρὶ
445 4414 832 4488 παραδοθεῖσα,
865 4414 996 4485 περὶ
1017 4409 1086 4486 ἦς
1119 4415 1336 4486 ἐλέγετο
1353 4434 1440 4458 ·-
1455 4419 1548 4484 Ὡς
1571 4419 1642 4472 ἐν
1671 4419 1872 4490 δρυμῷ

1978 4420 2310 4466 cerunteam.
2341 4410 2695 4466 Incenderunt
2739 4413 2856 4482 igne
2898 4412 3264 4466 sanctuarium
3294 4420 3462 4478 tuum,
3500 4413 3553 4468 in

289 4508 493 4573 ξύλων
522 4508 761 4577 ἀξίναις
789 4509 1025 4578 ἔκοψαν
1067 4509 1176 4576 τὰς
1218 4511 1402 4579 θύρας
1431 4512 1622 4581 αὐτῆς
1651 4515 1754 4568 ἐπὶ
1803 4514 1871 4569 τὸ

287 4600 464 4663 αὐτὸ,
491 4600 562 4654 ἐν
591 4599 807 4654 πέλυκι
837 4617 914 4655 κα
961 4601 1335 4670 λαξευτηρίῳ
1363 4602 1735 4673 κατέρῤαξαν
1759 4607 1869 4661 αὐ-

289 4691 426 4757 τήν.
476 4693 844 4761 ἐνεπύρισαν
885 4694 958 4746 ἐν
991 4693 1136 4762 πυρὶ
1182 4693 1250 4747 τὸ
1302 4694 1693 4764 ἀτιαστήριόν
1726 4711 1868 4762 σου,

285 4787 374 4850 εις
397 4784 512 4852 τὴν
531 4783 645 4856 γῆν
657 4785 1042 4852 ἐϐεϐήλωσαν
1060 4787 1127 4840 τὸ
1139 4785 1429 4857 σκήνωμα
1445 4789 1551 4842 τοῦ
1575 4790 1868 4859 ὀνόματός

285 4891 405 4930 σου
424 4876 689 4930 ο-ταῦτα
713 4877 964 4931 παθοῦσα
992 4879 1189 4949 ἐτάκη,
1227 4879 1320 4933 καὶ
1367 4879 1568 4943 πάντες
1598 4882 1648 4933 οἱ
1677 4899 1864 4936 κατοι-

286 4969 508 5033 κοῦντες
534 4970 704 5040 αὐτὴν
734 4971 826 5025 διὰ
865 4970 964 5035 τὰς
993 4971 1251 5035 ἀσεϐείας
1296 4971 1476 5026 αὐτῶν
1521 4973 1745 5027 τοιαῦτα
1775 4991 1868 5027 πε-

286 5054 536 5110 πόνθασι.
569 5057 718 5129 Πλὴν
763 5057 970 5113 τούτων
997 5059 1422 5130 ἀπολλυμένων,
1471 5061 1620 5133 ἐγὼ,
1671 5063 1860 5134 φησὶν,

281 5145 622 5216 ἐστερέωσα
646 5148 790 5215 τοὺς
815 5149 1085 5215 στύλους
1103 5149 1316 5218 αὐτῆς.
1337 5151 1502 5214 Τίνας
1525 5151 1569 5206 δ’
1597 5151 1664 5206 ἂν
1687 5152 1864 5218 εἴποις

281 5236 508 5302 τούτους
544 5239 580 5310 ἦ
607 5239 734 5302 τοὺς
787 5239 966 5309 ἱεροὺς
994 5239 1326 5303 ἀποστόλους
1344 5241 1439 5295 καὶ
1489 5242 1700 5308 πάντας
1734 5245 1862 5310 τοὺς

281 5328 376 5382 τοῦ
408 5330 664 5404 Σωτῆρος
699 5329 857 5402 ἡμῶν
905 5330 1154 5401 μαθητάς
1197 5350 1258 5385 τε
1303 5333 1398 5387 κα)⁴
1427 5333 1858 5403 εύαγγελιστάςς

296 5417 388 5486 Ἐξ
415 5421 586 5492 αὐτῆς
608 5419 718 5492 γὰρ
750 5420 964 5491 ἐκείνης
993 5420 1352 5493 προελθόντες
1372 5421 1472 5493 τῆς
1509 5425 1632 5494 γῆς,
1675 5428 1858 5482 στύλοι

1975 4517 2117 4562 terra
2135 4505 2435 4574 polluerunt
2462 4505 2860 4559 tabernaculum
2880 4505 3104 4559 nominis
3132 4506 3209 4558 tui
3241 4505 3322 4572 ³⁸;
3348 4536 3419 4546 -
3440 4507 3553 4564 haec

1973 4611 2159 4669 passa,
2195 4598 2489 4670 liquefacta
2521 4607 2639 4665 est;
2674 4606 2729 4654 et
2754 4613 2860 4653 una
2887 4613 3079 4654 omnes
3107 4601 3201 4669 qui
3233 4598 3557 4655 habitabant

1970 4693 2026 4748 in
2059 4708 2123 4749 ea
2156 4694 2496 4763 impietatum
2526 4708 2751 4748 suarum
2781 4707 2950 4748 causa
2983 4693 3098 4748 haec
3131 4695 3376 4765 perpessi
3403 4677 3552 4750 Sunt.

1972 4784 2239 4840 Caeterum
2283 4786 2372 4862 bis
2420 4785 2798 4856 pereuntibus,
2837 4802 2954 4856 ego,
2995 4785 3196 4857 inquit,
3245 4789 3556 4857 conﬁrmavi

1970 4876 2246 4931 columnas
2291 4877 2427 4946 ejus.
2458 4875 2607 4944 Quas
2650 4892 2745 4934 eas
2788 4892 2911 4934 esse
2952 4877 3181 4942 dixeris,
3208 4879 3315 4935 nisi
3362 4894 3553 4936 sacros

1969 4969 2252 5039 apostolos
2295 4976 2352 5024 et
2397 4984 2589 5024 omnes
2625 4966 2933 5025 Servatoris
2967 4969 3140 5026 nostri
3166 4971 3470 5054 discipulos
3497 4980 3554 5028 et

1969 5061 2368 5130 cvangelistas?
2420 5059 2555 5115 Nam
2601 5075 2725 5116 cum
2773 5075 2842 5116 ex
2872 5060 3084 5116 readem
3131 5070 3279 5116 terra
3315 5062 3554 5132 prodiis-

1969 5161 2112 5215 sent,
2143 5151 2412 5206 columnaa
2435 5159 2490 5208 et
2522 5151 2928 5208 ﬁrmamentum
2958 5153 3216 5209 Ecclesiat
3243 5153 3372 5209 facti
3396 5162 3546 5209 sunt.

1967 5244 2317 5314 Quapropter
2373 5244 2578 5301 Paulus
2623 5245 2998 5315 apostolorum
3040 5246 3360 5318 corypbaaos
3394 5247 3552 5302 colu-

1965 5351 2125 5390 mnas
2147 5336 2377 5392 vocabat
2408 5337 2598 5392 dicens
2630 5335 2899 5393 :Jacobus
2925 5347 2976 5392 et
3008 5335 3210 5408 Cephas
3227 5345 3277 5392 et
3291 5335 3549 5408 Joannes,

1963 5427 2056 5499 qui
2093 5425 2332 5480 videntur
2369 5429 2627 5483 columna!
2651 5444 2764 5484 esse
2785 5427 2852 5486 "..

282 5513 377 5566 καὶ
433 5513 717 5585 ἑδραίωμα
773 5514 1030 5583 γεγόνασι
1079 5513 1178 5585 τῆς
1227 5516 1576 5588 Ἐκκλησίας.
1618 5519 1710 5572 Διὸ
1753 5520 1848 5574 καὶ
1895 5520 2108 5585 Παῦλος
2177 5521 2304 5584 τοὺς
2377 5521 2710 5591 κορυφαίους
2778 5520 2888 5576 τῶν
2945 5519 3262 5576 ἀποστόλων
3323 5518 3552 5586 στύλους

281 5605 534 5676 ὠνόμαζε
558 5605 761 5677 λέγων’
793 5606 1060 5672 Ἰάκωϐος
1087 5605 1185 5660 καὶ
1210 5607 1422 5678 Κηφᾶς
1447 5610 1544 5664 καὶ
1573 5610 1870 5680 Ἰωάννης,
1899 5614 1955 5666 οἱ
1987 5613 2317 5681 δοκοῦντες
2344 5612 2557 5668 στῦλοι
2585 5610 2760 5670 εἶναι.

343 5784 388 5816 ³⁵
428 5783 571 5839 Psai.
611 5801 686 5851 ιι,
725 5784 778 5840 8.
857 5785 902 5818 ³⁸
941 5783 1061 5841 Act.
1096 5801 1164 5851 ι,
1199 5784 1287 5842 54.
1367 5787 1410 5820 ³⁷
1450 5786 1608 5845 Rom.
1646 5804 1695 5856 i,
1732 5789 1819 5857 l6,
1855 5791 1879 5846 l

2019 5794 2064 5826 ³⁸
2099 5791 2248 5850 Psal.
2287 5807 2487 5860 Lxxin,
2527 5794 2642 5851 5-7.
2719 5795 2764 5827 ³⁸
2803 5791 2980 5848 Galat.
3015 5806 3090 5857 ιι,
3125 5789 3159 5846 9
