4078 6934
1307 332 1578 389 EUSEBII
1620 331 2099 387 CESARIENSIS
2127 321 2285 386 'OPP.
2323 329 2504 388 PARS
2541 331 2627 388 Ill.
2658 365 2727 373 -
2764 333 3172 392 EXEGETICA.

3807 344 3894 400 δτι

680 443 868 502 'Vsns.
896 447 951 512 5,
987 447 1044 504 6.
1083 446 1210 501 Dixi
1246 445 1438 519 iniquis
1466 462 1486 501 :
1519 445 1700 500 Nolite
1740 446 1916 518 inique
1946 463 2135 518 agere;
2160 455 2202 499 et

2383 443 2542 502 Εἴπα
2579 449 2703 516 τοῖς
2735 451 3173 520 παρανομοῦσι,
3203 451 3308 520 Μὴ
3341 452 3790 521 παρανομεῖτε,
3815 463 3895 513 και

625 540 1080 612 delinquentibus:
1098 539 1275 595 Nolite
1293 540 1530 594 exaltare
1555 555 1737 594 cornu.
1755 539 2052 595 Columnas
2081 540 2202 610 qui-

625 629 750 687 dem
776 633 980 687 sancta
1011 640 1065 686 et
1087 614 1372 686 catholicae
1400 629 1660 686 Ecclesiae
1681 645 1804 702 ego,
1831 630 2005 700 inquit
2035 627 2200 693 Deus,

626 723 860 790 ﬁrmavi,
905 733 1090 795 utpote
1135 725 1227 794 qui
1271 739 1338 779 ex
1388 732 1688 779 memorata
1725 731 1873 779 terra
1913 721 2204 794 liquefacta

625 830 753 870 cum
803 814 1203 872 habitatoribus
1247 816 1385 882 suis,
1423 816 1576 887 ipsos
1619 815 1911 886 elegerim;
1962 816 2205 887 reliquos

627 917 761 962 vero
793 915 1140 963 contestatus
1162 923 1309 974 sum,
1338 907 1662 978 praecipiens
1689 907 1799 963 illis
1831 907 2090 978 ipsosque
2111 900 2205 962 ce-

628 1005 856 1058 hortans
906 1011 965 1057 ut
1015 1019 1084 1058 ne
1114 1003 1298 1074 inique
1325 1011 1569 1074 agerent.
1607 1000 1919 1057 Secundum
1951 999 2203 1073 Symma-

621 1095 786 1148 chum
807 1109 937 1149 νει-ο
965 1111 977 1148 :
1011 1095 1138 1149 Diri
1163 1092 1450 1162 seditiosis,
1475 1093 1670 1164 inquit,
1693 1092 1776 1148 Ne
1803 1092 2049 1148 seditiose
2073 1108 2204 1164 aga-

621 1187 688 1240 tis
709 1195 794 1248 ,‘et
827 1186 1046 1257 iniquis,
1099 1185 1282 1241 Nolite
1304 1185 1543 1240 exaltare
1570 1201 1753 1240 cornu.
1785 1184 1867 1240 Ne
1896 1183 2132 1240 extollite
2151 1185 2205 1238 in

620 1278 793 1332 altum
840 1295 1005 1334 cornu
1044 1288 1275 1333 vestrum
1321 1278 1588 1349 loquentes
1632 1280 1828 1332 cervice
1852 1277 2202 1348 iniquitatem.

624 1367 825 1425 Eadem
856 1387 986 1426 vero
1019 1370 1136 1442 ipsa
1165 1381 1397 1441 possunt
1418 1370 1496 1424 ad
1520 1370 1688 1424 alium
1714 1370 1984 1433 ordinem,
2014 1385 2203 1425 eorum

624 1461 874 1517 videlicet
925 1463 1016 1532 qui
1059 1453 1128 1516 ex
1182 1462 1604 1518 circumcisione
1657 1471 1807 1528 sunt,
1852 1462 2066 1522 referri.
2111 1461 2204 1532 qui

622 1561 816 1609 centra
846 1553 1192 1610 Servatorem
1225 1553 1546 1608 seditionem
1584 1561 1891 1620 moverunt,
1925 1561 1980 1608 et
2013 1553 2208 1608 adver-

621 1655 720 1696 sus
771 1655 893 1696 eum
947 1642 1664 1712 insurrexeruntzquorum
1699 1657 1870 1699 causa
1914 1642 2234 1714 liquefacta

620 1741 706 1789 est
737 1741 883 1788 terra
913 1750 1105 1789 eorum
1137 1742 1193 1790 et
1217 1749 1410 1790 omnes
1439 1736 1532 1805 qui
1567 1719 1888 1791 habitabant
1911 1736 1966 1791 in
1985 1751 2071 1792 ea.
2089 1736 2206 1791 Ca:-

621 1834 800 1882 terum
831 1828 1088 1882 omnibus
1119 1844 1338 1900 quoque
1368 1846 1465 1901 per
1488 1828 1676 1884 orbem
1701 1830 1957 1900 gentibus
1983 1838 2205 1901 aposto-

623 1920 798 1974 lorum
823 1921 1209 1991 pnedicatione
1229 1922 1553 1978 testificatus
1575 1928 1681 1983 est,
1701 1930 1761 1976 ut
1785 1938 1854 1978 ne
1873 1921 2060 1992 inique
2079 1937 2205 1993 age—

622 2022 765 2078 rent,
783 2021 837 2068 et
861 2014 1243 2084 peccatoribus
1265 1999 1424 2070 utine
1448 2014 1652 2086 peccati
1683 2029 1853 2069 cornu
1877 2014 2202 2080 exaltarent,

623 2121 799 2176 neque
846 2097 1267 2162 Beseieﬂ‘errcnt
1292 2114 1347 2160 et
1392 2114 1717 2178 arroganter
1762 2117 2003 2176 agerent,
2028 2121 2206 2176 neque

541 2243 556 2252 ,
623 2197 980 2268 loquerentur
1011 2200 1275 2254 adversus
1301 2197 1470 2254 Deum
1497 2199 1839 2269 iniquitatem
1858 2219 1871 2253 :
1889 2199 2046 2272 quod
2072 2215 2206 2255 sane

626 2298 756 2345 ante
799 2291 1033 2360 agebant
1064 2305 1188 2344 cum
1219 2291 1601 2361 multiplicium
1632 2290 1858 2346 deorum
1882 2292 2057 2346 errori
2082 2292 2203 2346 ani-

623 2395 771 2436 mum
807 2381 1149 2444 adhiberent,
1180 2381 1234 2437 et
1262 2381 1429 2436 Deum
1456 2384 1835 2439 universorum
1866 2383 2200 2454 ignorarent.

691 2472 858 2530 Vens.
894 2473 1010 2528 7-9.
1056 2475 1195 2542 Quia
1228 2492 1390 2546 neque
1431 2475 1494 2529 ab
1532 2475 1748 2539 oriente,
1789 2490 1948 2546 neque
1972 2475 2036 2528 ab
2064 2476 2221 2529 occi—‘

619 2566 790 2631 dente,
815 2585 976 2639 neque
1009 2587 1040 2623 a
1071 2568 1290 2622 desertis
1327 2569 1612 2631 montibus,
1645 2570 1893 2640 quoniam
1938 2566 2080 2623 Deus
2105 2567 2204 2638 ju.

618 2659 720 2712 dea:
764 2668 861 2712 est.
894 2658 956 2713 Et
999 2660 1116 2714 haec
1155 2675 1397 2730 quoque,
1446 2661 1545 2725 ait,
1584 2677 1681 2732 per
1730 2661 2006 2730 apostolos
2053 2673 2203 2715 meos

620 2752 874 2807 omnibus
902 2752 1217 2807 hominibus
1247 2751 1576 2808 testificatus
1619 2768 1764 2816 sum,
1794 2762 1852 2806 ut
1881 2750 2074 2821 judicii
2109 2750 2202 2806 Dei

620 2843 1064 2907 re’cordarentur,
1091 2854 1145 2899 et
1185 2844 1366 2898 omnis
1395 2844 1706 2915 iniquitatis
1740 2846 1900 2900 linem
1936 2844 2199 2908 facerent,

621 2934 868 3002 persuasi
910 2935 1288 2990 universorum
1314 2934 1557 3004 judicem
1602 2951 1710 2990 non
1741 2936 1930 3006 procul
1965 2936 2156 2992 abesse
2182 2976 2198 3001 ,

619 3023 715 3080 sed
768 3027 954 3080 omnia
1011 3028 1259 3098 implere,
1305 3035 1360 3083 et
1414 3027 1620 3101 ubique
1682 3037 2006 3099 praesentem
2054 3046 2197 3085 esse.

621 3118 802 3186 Quare
835 3120 1094 3175 convenit
1139 3136 1240 3176 nos
1289 3122 1446 3194 quasi
1491 3119 1548 3174 in
1593 3121 1770 3176 oculis
1807 3121 1928 3192 ejus
1955 3121 2201 3178 viventes
2228 3143 2270 3201 ο

625 3213 810 3267 animo
840 3213 907 3267 ad
938 3229 1064 3268 eum
1109 3229 1378 3269 converso
1423 3214 1639 3286 degere.
1675 3213 1860 3286 Neque
1899 3214 2044 3270 enim
2072 3229 2199 3284 pro-

621 3297 720 3357 cul
742 3305 918 3366 abest.
947 3305 1020 3358 ita
1055 3315 1114 3359 ut
1145 3306 1474 3361 arbitremur
1500 3323 1624 3363 cum
1653 3307 1810 3377 longe
1840 3323 1871 3362 a
1902 3303 2061 3364 nobis
2100 3308 2199 3362 ha-

625 3395 818 3459 bitare,
861 3396 976 3450 sive
1019 3397 1076 3451 in
1125 3387 1510 3458 oriente=,‘sive
1572 3399 1628 3452 in
1655 3399 1960 3462 occidente,
2002 3399 2116 3454 sive
2143 3400 2198 3454 in

620 3486 856 3542 desertis
884 3497 936 3541 et
971 3489 1267 3544 montibus.
1301 3487 1434 3542 Nam
1475 3485 1773 3545 medius'ct
1806 3506 2048 3560 praesens
2075 3491 2199 3546 uni-

620 3581 820 3646 versis,
850 3580 1014 3650 judex
1045 3582 1290 3637 omnium
1320 3589 1424 3638 est.
1455 3581 1653 3638 Judicii
1689 3591 1869 3638 autem
1910 3577 2054 3638 illius
2083 3583 2199 3638 olli-

619 3672 770 3726 cium
821 3680 926 3736 cst,
959 3683 1015 3726 nt
1061 3673 1354 3743 unicuique
1402 3689 1501 3744 pro
1547 3673 1746 3729 merito
1790 3675 2016 3738 tribuat,
2051 3675 2196 3730 hunc

620 3761 869 3817 liuniiliet
897 3773 951 3818 et
986 3764 1131 3819 h‘unc
1155 3765 1390 3832 exaltet;
1422 3767 1693 3836 superbos
1722 3765 1939 3836 quidem
1966 3767 2198 3838 illosque

619 3851 714 3921 qui
739 3867 911 3907 cornu
941 3866 1101 3908 suum
1131 3852 1184 3908 ιη
1214 3854 1380 3908 altum
1405 3856 1674 3910 extollunt
1705 3856 1984 3922 humiliet,
2020 3859 2197 3912 humi-

622 3944 701 3998 les
730 3959 860 3999 vero
888 3946 1109 4011 exaltet,
1142 3947 1444 4001 secundum
1479 3948 1609 4002 illud
1642 3968 1655 4003 :
1687 3947 1827 4002 Deus
1852 3950 2088 4017 superbis
2118 3967 2197 4003 re-

619 4037 784 4100 sistit,
811 4035 1097 4092 humilibus
1142 4047 1317 4092 aulem
1351 4039 1445 4093 dat
1477 4041 1706 4111 gratiam
1725 4042 1790 4094 ⁸⁸.
1827 4042 2193 4108 Quamobrem

620 4128 697 4181 nit
729 4147 742 4182 :
776 4128 916 4196 Quia
951 4145 1114 4200 neque
1142 4131 1207 4184 ab
1236 4132 1458 4194 oriente,
1491 4151 1651 4202 neque
1679 4134 1748 4207 ab
1787 4135 2069 4199 occidente,
2101 4151 2195 4188 ne-

619 4235 718 4288 que
768 4235 800 4274 a
849 4221 1080 4276 desertis
1126 4224 1430 4288 montibus;
1475 4241 1574 4295 pro
1600 4225 1800 4296 quibus
1834 4224 2194 4298 Symmachus

619 4309 703 4364 sic
732 4309 1121 4381 interpretatus
1151 4322 1235 4368 est
1267 4332 1283 4370 :
1316 4310 1608 4370 Nonianim
1643 4315 1706 4369 ab
1738 4316 1954 4382 oriente,
1989 4333 2093 4370 non
2127 4313 2208 4368 ab‘

620 4403 906 4467 occidente,
941 4422 1101 4476 neque
1133 4424 1164 4459 a
1195 4406 1402 4460 deserto
1429 4407 1685 4460 montium
1713 4421 1732 4459 :
1761 4395 1850 4460 sed
1873 4406 2010 4460 Deus
2024 4406 2192 4476 judea:

2306 540 2430 606 τοῖς
2472 540 2904 611 ἁμαρτάνουσι,
2941 543 3038 611 Μὴ
3087 545 3330 613 ῠψσῦτε
3381 543 3604 612 κέρας.
3646 545 3782 612 Τοὺς
3817 552 3896 620 μὲν

2307 632 2532 696 στύλους
2573 633 2674 704 τῆς
2717 635 2883 703 ἁγίας
2929 635 3022 688 καὶ
3059 635 3369 706 καθολικῆς
3410 635 3756 706 Ἐκκλησίας
3787 641 3895 707 ἐγὼ,

2305 723 2470 793 φησὶν
2503 723 2532 774 ὁ
2551 722 2704 788 Θεὸς,
2741 724 3050 796 ὲστερέωσα
3071 741 3085 754 ο
3109 726 3192 778 ὅτι
3212 726 3294 796 (i)
3316 725 3712 798 ἐκλεξάμενος
3727 728 3896 794 αὐτοῦς

2305 815 2370 868 ὲκ
2398 814 2499 885 τῆς
2532 814 2890 886 ἀποδοθείσης
2921 816 3027 886 γῆς
3050 817 3319 890 τακείσης
3371 818 3685 890 μετὰτῶν
3719 823 3899 876 οἰκοᾶν-

2303 923 2412 960 των
2445 907 2618 979 αὐτήν
2638 923 2652 937 ⁸
2683 910 2795 972 τοῖς
2840 908 2897 962 δὲ
2929 907 3135 972 λοιποῖς
3174 908 3668 982 διεμαρτυράμην
3697 912 3899 968 διαστει-

2304 997 2537 1070 λάμενος
2569 999 2663 1052 καὶ
2696 999 3034 1070 παραινέσας
3063 997 3136 1070 μὴ
3156 1004 3548 1072 παρανομεῖν.
3572 1002 3734 1057 Κατὰ
3751 1004 3802 1058 δὲ
3826 1007 3899 1060 rh

2305 1089 2641 1162 Σύμμαχον·
2687 1092 2876 1156 Elim,
2925 1093 3080 1163 φησὶ,
3133 1093 3258 1159 τοῖς
3309 1093 3779 1161 στασιάζουσι,
3819 1097 3898 1164 Μὴ

2304 1180 2653 1241 στασιάζετε
2672 1197 2687 1212 °
2743 1181 2845 1234 καὶ
2890 1181 3018 1249 τοῖς
3054 1185 3473 1252 παρανόμοις,
3517 1183 3624 1252 Μὴ
3657 1185 3898 1254 excipere

2305 1270 2503 1339 κέρας.
2565 1271 2662 1341 Μὴ
2697 1273 2971 1341 ἐπαίρετε
3017 1277 3106 1341 εις
3162 1275 3326 1344 ὕψος
3378 1275 3456 1329 τὸ
3514 1277 3705 1345 κέρας
3757 1276 3898 1347 ὑμῶν

2303 1362 2639 1428 λαλοῦντες
2689 1363 2969 1432 τραχήλῳ
3013 1366 3288 1436 ἀνομίαν.
3337 1366 3606 1419 Δύναται
3655 1366 3712 1424 δὲ
3751 1367 3896 1421 ταῦτα

2306 1453 2442 1526 πρὸς
2462 1454 2524 1507 τὸ
2547 1455 2734 1526 ἓτερον
2761 1457 2948 1528 τάγμα
2977 1457 3038 1510 τὸ
3061 1460 3124 1511 ὲκ
3149 1459 3476 1532 περιτομῆς
3501 1458 3787 1527 λέγεσθαι,
3810 1459 3898 1511 τῶν

2307 1547 2862 1608 καταστασιασάντων
2894 1547 2988 1602 τοῦ
3025 1551 3275 1621 Σωτῆρος
3310 1551 3423 1604 καὶ
3454 1549 3899 1622 κατεπαρθέντωι

2306 1637 2502 1692 αὑτοῦ·
2553 1639 2634 1692 δι’·
2665 1639 2760 1704 οὓς
2815 1639 2984 1712 ὲτάκη
3015 1641 3194 1695 αὐτῶν
3238 1642 3270 1712 ἡ
3337 1645 3420 1712 γῆ
3475 1641 3582 1696 καὶ
3631 1643 3825 1706 πάντες
3859 1644 3898 1695 oi

2307 1735 2686 1800 κατοικοῦντες
2737 1737 2927 1810 αὐτήν.
2973 1737 3121 1810 Πλὴν
3171 1737 3422 1800 καὶτοῖς
3473 1737 3611 1790 καθ’
3655 1737 3783 1808 ὅλης
3816 1739 3898 1810 τῆς

2304 1828 2630 1900 οἰκουμένης
2663 1827 2840 1883 ἔθνεσι
2867 1828 2957 1884 διά
2980 1829 3076 1883 τοῦ
3103 1828 3212 1882 τῶν
3241 1829 3589 1883 ἀποστόλων
3631 1829 3898 1901 κηρύγμαο

2303 1937 2396 1984 τος
2443 1919 2791 1992 ἐμαρτύρατο
2822 1920 2897 1992 μὴ
2943 1922 3304 1992 παρανομεῖν,
3362 1919 3471 1973 καὶ
3516 1922 3639 1985 τοῖς
3667 1921 3893 1992 ἁμαρτά-

2305 2029 2455 2066 νουσι
2489 2011 2564 2083 μὴ
2605 2011 2774 2082 ὑψοῦν
2798 2011 2858 2066 τὸ
2883 2012 2984 2082 τῆς
3027 2011 3304 2084 ἁμαρτίας
3335 2011 3552 2084 κέρας,
3587 2012 3728 2084 μηδὲ
3762 2014 3894 2066 ἐπαί-

2306 2102 2496 2176 ρεσθαι
2532 2103 2627 2156 καὶ
2671 2102 3176 2175 καταθρασύνεσθαι
3200 2144 3217 2168 ,
3251 2103 3397 2175 μηδὲ
3447 2102 3646 2158 λαλεῖν
3701 2104 3896 2160 ἀδικίαν

2305 2195 2446 2248 κατά
2483 2193 2578 2273 τοῦ
2617 2194 2784 2248 Θεοῦ·
2829 2195 2964 2267 ὅπερ
3017 2196 3281 2267 πρότερον
3333 2195 3630 2267 ἔπραττον
3669 2199 3894 2269 πολυθιῳ

2303 2287 2663 2358 προσέχοντες
2719 2286 2893 2360 πλάνῃ
2918 2328 2934 2354 ,
2983 2288 3078 2342 καὶ
3128 2287 3222 2342 τὸν
3268 2287 3388 2340 τῶν
3440 2288 3596 2343 ὅλων
3649 2289 3781 2344 Θεὸν
3829 2294 3891 2363 μὴ

2303 2378 2522 2442 εἰδότες.

2377 2471 2497 2524 Ὅτι
2527 2471 2666 2525 οὔτε
2691 2472 2808 2525 ἀπὸ
2833 2471 3083 2540 ἐξόδων,
3115 2475 3254 2529 οὔτε
3283 2477 3412 2531 ἀπὸ
3458 2476 3748 2548 δυσμῶν,
3774 2475 3890 2530 οὔτε

2301 2560 2420 2614 ἀπὸ
2463 2559 2700 2630 ἐρήμων
2733 2560 2936 2630 ὀρέων,
2965 2563 3054 2618 ὅτι
3093 2568 3128 2620 ὁ
3160 2565 3304 2632 Θεὸς
3346 2569 3577 2636 κριτής
3616 2569 3768 2622 ἐστι.
3797 2569 3888 2622 Καὶ

2301 2650 2494 2715 ταῦτα,
2511 2651 2666 2724 φησὶ,
2688 2652 3136 2728 διεμαρτυράμην
3161 2657 3250 2712 διὰ
3270 2659 3384 2713 τῶν
3403 2661 3571 2730 ὲμῶν
3595 2659 3890 2713 ἀποστόλων

2303 2745 2506 2801 ἅπασιν
2557 2748 2863 2821 ἀνθρώποις
2888 2789 2904 2814 ,
2954 2750 3312 2822 μνημονεύειν
3365 2751 3480 2822 τῆς
3521 2753 3764 2824 κρίσεως
3808 2748 3886 2803 τοῦ

2302 2837 2475 2905 Θεοῦ,
2528 2841 2624 2894 καὶ
2666 2841 2980 2896 παύσασθαι
3028 2843 3212 2916 πάσης
3262 2845 3671 2916 παρανομίας,
3720 2859 3885 2897 πεπει-

2303 2931 2534 3002 σμένους
2577 2935 2660 2988 ὅτι
2710 2935 2770 2987 ού
2822 2935 3010 3007 πόρῤω
3049 2953 3152 2989 που
3198 2936 3528 3010 ἀφέστηκεν
3573 2941 3604 2994 ὁ
3634 2937 3744 2991 τῶν
3767 2936 3883 2990 ὅλων

2303 3025 2527 3094 κριτής·
2559 3027 2738 3080 πάντα
2763 3026 2822 3080 δὲ
2847 3027 3044 3100 πληροῖ
3063 3028 3159 3082 καὶ
3198 3031 3488 3103 πανταχοῦ
3519 3031 3776 3104 πάρεστι.
3809 3029 3884 3082 Διὸ

2303 3119 2570 3188 προσήκει
2590 3117 2666 3182 ὡς
2693 3120 2752 3172 ὲν
2775 3119 3074 3191 ὀφθαλμοῖς
3096 3121 3260 3175 αὐτοῦ
3300 3123 3530 3188 ζῶντας
3556 3121 3882 3195 ἐπιστρεφῶς

2305 3207 2702 3264 πολιτεύεσθαι.
2726 3211 2802 3264 Οὐ
2823 3212 2933 3284 γὰρ
2957 3212 3173 3285 μακρὰν
3203 3214 3556 3288 ἀφέστηκεν,
3579 3215 3660 3279 ὡς
3687 3213 3881 3285 νομίσαι

2306 3300 2495 3370 πόρρω
2527 3316 2632 3353 που
2667 3301 2977 3372 ἀπῳκίσθαι
3015 3301 3210 3367 αὐτὸν,
3259 3304 3292 3376 ἢ
3343 3307 3492 3378 πρὸς
3528 3307 3729 3369 αὐταῖς
3771 3305 3881 3358 ἀνα-

2303 3390 2500 3456 τολαῖς,
2525 3392 2559 3464 ἢ
2587 3393 2728 3448 κατά
2760 3393 2831 3446 τὰ
2861 3393 3123 3466 δυσμιαῖα
3154 3395 3316 3468 μέρη,
3355 3399 3391 3468 ἦ
3426 3416 3538 3452 που
3571 3401 3633 3452 ἐν
3647 3397 3881 3470 ἐρημίαις

2305 3484 2399 3539 καὶ
2424 3486 2597 3556 ὄρεσι.
2641 3487 2820 3550 Μέσος
2845 3486 2954 3559 γὰρ
2993 3490 3277 3560 ὲπιπαρὼν
3307 3493 3425 3556 τοῖς
3481 3493 3626 3546 πᾶσι
3650 3530 3667 3556 ,
3711 3489 3879 3561 κριτής

2302 3576 2412 3631 τῶν
2434 3578 2572 3632 ὅλων
2605 3580 2740 3633 ὲστί.
2779 3581 2980 3652 Ἔργον
3005 3599 3066 3635 τε
3097 3582 3260 3635 αὐτοῦ
3282 3581 3388 3654 τῆς
3416 3585 3667 3655 κρίσεως
3697 3579 3755 3638 τὸ
3774 3581 3878 3636 κατ’

2302 3669 2458 3734 ἀξίαν
2483 3671 2779 3742 ἀπονέμειν
2818 3672 3050 3743 ἑκάστῳ,
3086 3673 3182 3726 καὶ
3218 3672 3408 3728 τοῦτον
3454 3675 3561 3747 μὲν
3587 3671 3876 3731 ταπεινοῦν.

2300 3761 2488 3816 τοῦτον
2534 3763 2593 3816 δὲ
2621 3763 2824 3833 ὑψοῦν·
2865 3763 3154 3818 ταπεινοῦν
3201 3765 3299 3836 μὲν
3324 3768 3460 3831 τοὺς
3509 3765 3879 3838 ὑπερηφάνους

2302 3859 2397 3912 καὶ
2447 3859 2574 3923 τοὺς
2628 3859 2954 3932 ἐπαίροντας
3006 3861 3086 3924 είς
3147 3855 3280 3929 ὕψος
3326 3862 3390 3914 τὸ
3441 3862 3623 3934 κέρας
3685 3857 3877 3914 αὐτῶν·

2302 3947 2471 4020 ὑψοῦν
2491 3947 2565 4006 ’δὲ
2600 3953 2727 4016 τοὺς
2755 3954 3071 4018 ταπεινοὺς,
3101 3955 3245 4008 κατά
3272 3947 3334 4007 τό
3353 3970 3368 3984 ·
3412 3956 3484 4009 Ὃ
3517 3955 3662 4020 Θεὸς
3713 3953 3875 4018 ὑπερ-

2300 4041 2554 4110 ηφάνοις
2593 4041 3014 4098 ἀντιτάσσεται
3034 4084 3049 4110 ,
3099 4044 3400 4112 ταπεινοῖς
3434 4045 3510 4099 δὲ
3551 4045 3760 4098 δίδωσι
3782 4037 3877 4111 χάο

2292 4151 2414 4202 ριν.
2461 4136 2553 4188 Διό
2601 4152 2797 4207 φησιν*
2832 4136 2951 4190 Ὅτι
2997 4136 3136 4190 οὔτε
3191 4137 3312 4192 ἀπὸ
3343 4137 3582 4203 ἐξόδων
3636 4135 3734 4189 καὶ
3769 4130 3873 4186 ἀπὸ

2299 4225 2613 4280 ἀνατολῶν
2629 4225 2828 4291 ἡλίου,
2847 4225 2986 4279 οὔτε
3008 4225 3129 4284 ἀπὸ
3151 4225 3423 4296 δυσμῶν,
3450 4227 3598 4282 οὕτε
3614 4224 3734 4279 ἀπὸ
3750 4220 3874 4290 ἐρή-

2294 4329 2426 4386 μων
2471 4318 2682 4384 ὀρέωνο
2708 4319 2824 4372 ἀνθ’
2847 4312 2924 4372 ὧν
2951 4321 2981 4374 ὁ
3019 4320 3314 4392 Σύμμαχος
3340 4318 3538 4374 τοῦτον
3570 4318 3871 4389 ἡρμήνευσε

2297 4409 2390 4462 τὸν
2413 4410 2643 4480 τρόπον·
2683 4414 2765 4466 Οὐ
2803 4414 2913 4483 γὰρ
2949 4413 3068 4468 ἀπὸ
3099 4411 3419 4480 ἀνατολῆς,
3453 4411 3604 4467 οὐδὲ
3635 4410 3752 4464 ἀπὸ
3785 4405 3876 4458 δύο

620 4493 759 4548 hunc
785 4495 993 4566 quidem
1024 4493 1296 4564 Itumiliat,
1323 4497 1459 4551 hunc
1491 4496 1666 4551 autem
1697 4498 1922 4553 exaltat.
1970 4497 2036 4551 Et
2087 4499 2202 4554 hoc

2301 4499 2650 4565 σεως..οὑδὲ
2677 4502 2797 4556 ἀπὸ
2836 4503 3069 4570 ἐρήμου
3089 4503 3301 4570 ὀρέωνο
3334 4502 3478 4558 ἀλλ’
3516 4505 3552 4555 ὀ
3586 4499 3732 4563 Θεὸς
3765 4510 3873 4562 κρι-

620 4602 774 4653 sane,
809 4589 1005 4658 inquit,
1041 4589 1415 4644 necessarium
1458 4599 1544 4646 est
1588 4589 1777 4645 omnes
1821 4589 2070 4644 homines
2099 4603 2194 4642 co-

619 4695 904 4750 gnoscere,
963 4681 1103 4747 Quia
1152 4681 1295 4734 calix
1339 4682 1394 4734 in
1439 4690 1602 4734 manu
1656 4679 1872 4734 Domini
1913 4680 2019 4734 vini
2063 4678 2194 4733 meri

618 4770 801 4839 plenus
833 4770 1008 4847 misto.
1033 4769 1104 4824 Et
1135 4771 1410 4826 inclinavit
1450 4769 1656 4826 ex‘ltoc
1683 4771 1738 4824 in
1770 4771 1866 4824 hoc
1884 4787 1902 4837 ;
1932 4773 2199 4825 verumta-'

619 4877 738 4916 men
766 4863 873 4932 [arx
897 4859 1010 4933 ejus
1039 4880 1142 4917 non
1167 4871 1245 4918 est
1267 4863 1563 4930 exinanita,
1587 4862 1766 4917 ‘bibent
1801 4877 1978 4918 omnes
2009 4873 2203 4932 ματα-ι

623 4965 761 5010 tdres
807 4967 981 5014 terra.
1034 4955 1342 5010 ScCundum
1369 4953 1780 5026 'Symmachnm
1829 4969 1961 5010 vero
1994 4974 2006 5009 :
2036 4954 2204 5010 Calis

619 5047 760 5101 enim
792 5046 846 5100 in
878 5063 1036 5101 manu
1068 5045 1302 5111 Domini,
1335 5055 1396 5101 et‘
1416 5049 1592 5100 vinum
1628 5061 1828 5098 merum
1878 5043 2083 5114 replens
2115 5045 2198 5114 ef-

621 5140 820 5211 fusum,
848 5141 925 5194 ita
969 5148 1028 5194 ut
1079 5141 1294 5194 trahant
1342 5139 1406 5193 ab
1455 5137 1995 5206 ip'so.'Verumtamen
2042 5136 2200 5205 [luces

618 5233 735 5308 ejus
760 5232 1006 5304 guttatim
1033 5232 1325 5299 expriment
1353 5230 1578 5284 bibentes
1601 5228 1826 5296 improbi
1867 5239 2042 5282 terrae.
2069 5225 2200 5281 Haec

617 5330 772 5390 item,
805 5326 904 5390 ait,
933 5340 1126 5380 omnes
1157 5323 1404 5378 homines
1444 5321 1627 5384 docui,
1660 5337 1728 5375 ne
1779 5328 2030 5391 ignorent
2062 5320 2198 5374 cali-

616 5432 736 5471 cem
785 5416 938 5470 illum
985 5428 1177 5470 omnes
1225 5427 1465 5476 ninnere,
1493 5427 1653 5482 quem
1703 5411 1903 5480 cuique
1932 5416 2198 5479 temperat

615 5524 668 5564 et
721 5507 1042 5572 commiscet
1101 5507 1482 5561 universorum
1526 5503 1713 5573 judex.
1750 5502 1862 5557 lloc
1910 5518 2073 5572 porro
2112 5503 2191 5556 in-

618 5599 835 5668 telligas
879 5613 948 5654 ex
995 5599 1088 5662 iis,
1119 5612 1244 5668 qua:
1287 5597 1341 5651 in
1389 5597 1686 5668 prophetiis
1715 5594 1786 5651 dc
1809 5596 1981 5651 calice
2010 5596 2196 5649 ferun-

688 5690 736 5721 ⁶⁰
773 5687 888 5744 Jac.
927 5705 999 5752 tv,
1031 5691 1083 5744 6.

681 5781 758 5854 (ι)
787 5781 873 5836 An
909 5781 1194 5854 legendum
1223 5783 1360 5836 ἄιτεῖ
1387 5779 1544 5836 Eon.

2301 4589 2410 4658 τὴς
2447 4588 2663 4644 τοῦτον
2697 4589 2814 4660 μὲν
2861 4591 3144 4654 ταπεινοῖ,
3184 4590 3400 4645 τοῦτον
3447 4590 3521 4644 δὲ
3560 4586 3728 4656 ὑψοῖ.
3773 4580 3872 4636 Καὶ

2296 4680 2454 4734 τοῦτο
2472 4681 2550 4746 δὲ,
2566 4683 2754 4752 φησὶν,
2763 4683 3054 4752 ἀναγκαῖον
3075 4682 3271 4736 εἰδέναι
3302 4682 3512 4744 πάντας
3540 4675 3866 4750 ἀνθρώπους,

2301 4772 2422 4826 Ὅτι
2465 4772 2752 4841 ποτήριον
2797 4772 2868 4826 ἐν
2905 4771 3056 4842 χειρί
3103 4771 3325 4841 Κυρίου
3368 4771 3546 4824 οτνου
3594 4764 3880 4834 ἀκράτουο,

2296 4863 2538 4932 πλῆρες.
2563 4863 2960 4933 κεράσματος.
3008 4863 3121 4918 Kal
3158 4863 3401 4918 ἔκλινεν
3441 4864 3513 4917 ἐκ
3553 4860 3765 4916 τούτου
3789 4854 3877 4914 εις,

2295 4955 2703 5024 τοῦτο”πλὴν
2744 4959 2779 5010 ό
2824 4955 3069 5024 τρυγίας
3099 4955 3285 5010 αὐτοῦ
3337 4957 3450 5009 οὐκ
3504 4945 3832 5018 ἐξεκενώθη
3851 4978 3875 5002 ν

2296 5048 2532 5102 πίον-ται
2559 5047 2786 5114 πάντες
2831 5049 2887 5101 ol
2932 5046 3267 5116 ἁμαρτωλοί
3300 5045 3411 5114 τῆς
3454 5043 3598 5116 τῆς..
3623 5036 3774 5102 Κατά
3813 5032 3864 5084 δὲ

2295 5141 2388 5195 τὸν
2413 5141 2706 5212 Σύμμαχον
2725 5155 2740 5170 ·
2777 5137 3073 5208 Ποτήριον
3095 5139 3209 5209 γὰρ
3232 5139 3303 5193 ἐν
3328 5150 3474 5208 χειρι
3507 5133 3749 5202 Κυρίου.
3773 5121 3862 5180 καὶ

2297 5229 2459 5299 οἶνος
2508 5231 2765 5300 ἄκρατος
2817 5229 3067 5299 πληρῶν
3105 5231 3384 5299 ἐπιχυθεὶς
3414 5269 3428 5293 ,
3470 5228 3628 5285 ὥστε
3675 5223 3863 5276 ἕλκειν

2296 5325 2399 5380 ἀπ’
2433 5323 2641 5378 αὑτοῦ.
2671 5322 2845 5392 Πλὴν
2881 5324 2989 5390 τὰς
3020 5324 3264 5392 τρυγίας
3291 5321 3478 5377 αὐτοῦ
3524 5309 3860 5383 ἐκστραγτί-

2297 5431 2482 5471 σουσι
2515 5417 2796 5482 πίνοντες
2833 5419 2889 5469 οὶ
2948 5415 3170 5485 φαῦλοι
3202 5413 3312 5482 τῆς
3349 5413 3479 5484 γῆς.
3515 5412 3623 5466 Καὶ
3673 5406 3856 5461 ταῦτα.

2296 5508 2486 5578 φησὶν,
2509 5506 2727 5574 ἐδίδαξα
2749 5507 2957 5570 πάντας
2985 5505 3326 5577 ἀνθρώπους,
3347 5505 3422 5569 ὼς
3441 5505 3508 5560 ἂν
3537 5504 3609 5575 μὴ
3635 5496 3854 5568 ἀγνοεῖν.

2297 5600 2377 5653 ὅτι
2413 5597 2698 5670 περιμένει
2716 5599 2841 5662 τοὺς
2864 5599 3070 5664 πάντας
3096 5598 3158 5649 τὸ
3184 5598 3465 5668 ποτήριον,
3493 5597 3628 5665 ὅπερ
3652 5589 3855 5652 ἑκάστῳ
