4078 6934
332 294 438 352 873

1446 282 1953 343 COMMENTARIA
1994 283 2063 339 IN
2098 279 2421 338 PSALM'OS

3461 281 3566 338 874

331 411 582 483 κίρνησιν
606 408 636 464 ὁ
674 404 781 460 τῶν
800 404 937 460 ὅλων
968 402 1178 474 κριτής.
1229 399 1462 471 Νοήσεις
1507 399 1565 453 δὲ
1593 398 1751 452 τοῦτο
1791 399 1896 453 άπὸ

1998 403 2118 463 tur;
2171 397 2227 451 in
2269 393 2502 451 Jeremia
2535 393 2735 464 quippe
2780 391 3046 463 scriptum
3085 399 3175 449 est
3215 411 3229 448 :
3270 391 3424 450 Dixit
3458 393 3570 449 Do-

328 500 438 555 τῶν
469 501 526 553 ἑν
550 499 671 561 ταῖς
693 495 1049 568 προφητείαις
1077 492 1411 564 λελεγμένων
1436 492 1566 563 περὶ
1606 491 1864 563 ποτηρίου
1882 506 1898 522 ·

329 591 637 663 γέγραπται
677 585 808 656 γοῦν
836 588 895 639 ἑν
928 584 1165 657 Ἱερεμίᾳ
1193 585 1396 647 οὕτως·
1429 578 1578 636 Eine
1615 584 1828 652 Κύριος
1869 585 1903 638 ὀ

331 682 477 748 Θεὸς
539 677 778 747 Ἰσραὴλ
824 676 974 745 πρὸς
1018 674 1118 746 μέ·
1173 673 1329 730 Λάϐε
1362 675 1432 728 τὸ
1473 673 1760 742 ποτήριον
1793 673 1902 729 τοῦ

328 771 498 828 οινου
525 769 632 823 τοῦ
654 767 914 838 ἀκράτου
938 767 1008 821 ἐκ
1027 767 1224 836 χειρός
1237 783 1378 836 μου,
1397 765 1491 819 καὶ
1515 762 1736 831 ποτιεῖς
1751 763 1900 819 ,αὐτὸ

328 863 524 917 πάντα
553 858 625 914 τὰ
652 859 819 928 ἔθνη,
855 857 1004 926 πρὸς
1031 857 1070 912 ά
1097 857 1211 927 ἐγὼ
1239 855 1628 922 ἐξαποστελῶ
1651 872 1731 910 σε
1753 855 1902 925 πρὸς

325 952 566 1018 αὐτούς.
603 949 713 1004 Καὶ
763 950 1000 1004 σείονται
1035 947 1135 1002 καί
1167 947 1538 1018 ἐξεμοῦνται,
1584 946 1683 1001 καὶ
1719 947 1899 1017 ἐκμα-

320 1043 614 1110 νήσονται
655 1040 776 1096 ἀπὸ
816 1038 1139 1110 προσώπου
1177 1039 1289 1108 τῆς
1321 1039 1638 1109 μαχαίρας,
1674 1035 1750 1110 ἧς
1787 1039 1902 1110 ἐγὼ

320 1132 641 1190 ἀποστελῶ
671 1131 978 1202 ἀναμέσον
1003 1129 1222 1188 αὐτῶν.
1250 1129 1361 1185 Καὶ
1385 1130 1607 1185 ἔλαϐον
1628 1128 1696 1205 τό
1719 1129 1902 1198 ποτή-

315 1243 452 1294 ριον
472 1226 541 1281 ἐκ
563 1223 758 1295 χειρὸς
781 1223 1022 1291 Κυρίου,
1047 1221 1148 1276 καὶ
1169 1222 1425 1279 ἐπότισα
1443 1222 1641 1276 πάντα
1665 1221 1736 1276 τὰ
1753 1221 1898 1291 ἔθνη

321 1315 470 1386 πρὸς
497 1313 536 1370 ἁ
558 1313 878 1371 ἀπέστειλέ
897 1331 975 1384 με
992 1316 1208 1384 Κύριος
1233 1315 1327 1368 ἐπ’
1352 1315 1524 1383 αὐτὰ,
1545 1314 1660 1384 τὴν
1690 1315 1897 1384 Ἰερου-

319 1407 530 1478 σαλὴμ
555 1409 653 1462 καὶ
677 1407 786 1476 τὰς
808 1408 1019 1472 πόλεις
1059 1405 1265 1471 Ἰούδα,
1291 1406 1390 1461 καί
1405 1407 1689 1474 βασιλεῖς
1711 1406 1898 1462 αὑτοῦ

321 1498 421 1552 καὶ
448 1497 744 1568 ἄρχοντας
775 1498 985 1562 αὐτοῦ,
1016 1497 1122 1552 τοῦ
1152 1497 1337 1553 θεῖναι
1377 1498 1599 1566 αὐτοὺς
1636 1500 1725 1564 είς
1765 1497 1900 1568 ἐρή-

315 1606 530 1660 μωσιν,
569 1589 667 1644 καὶ
691 1591 781 1657 εις
811 1589 1034 1645 άεατον
1070 1589 1169 1644 καὶ
1207 1592 1294 1655 εἰς
1319 1591 1634 1660 συριγμόν·
1667 1590 1764 1644 καὶ
1790 1589 1899 1644 τὸν

321 1681 528 1751 Φαραὼ
549 1681 816 1748 βασιλέα
840 1683 1136 1752 Αἰγύπτου
1163 1681 1424 1747 καὶτοὺς
1446 1681 1658 1750 παῖδας
1687 1683 1894 1747 αὐτοῦ,

458 1747 599 1842 τοὺς
632 1747 1000 1846 μεγιστᾶνας
1041 1773 1248 1830 αὑτοῦ·
1297 1774 1391 1828 καὶ
1433 1773 1560 1846 ἑξῆς
1601 1747 1754 1847 φησι·
1789 1774 1900 1830 Καὶ
1930 1747 1972 1804 Β

320 1863 555 1932 πάντας
587 1866 728 1932 τοὺς
751 1866 1034 1934 βασιλεῖς
1060 1867 1174 1936 τῆς
1218 1865 1330 1937 τῆς
1367 1865 1487 1920 τῶν
1512 1868 1900 1938 ἀλλοφύλων,

320 1957 440 2027 τὴν
480 1956 840 2023 Ἀσκάλωνα,
879 1957 981 2013 καί
1015 1961 1130 2027 τὴν
1163 1957 1380 2021 Γάζαν,
1414 1959 1514 2012 καὶ
1549 1957 1664 2027 τὴν
1702 1959 1902 2014 Ἀκκά-

315 2064 466 2120 ρων,
501 2048 595 2102 καὶ
629 2047 743 2117 τὴν
789 2049 1139 2119 Ἰδουμαίαν,
1184 2050 1282 2104 καὶ
1313 2049 1430 2118 τὴν
1455 2051 1770 2117 Μωαϐῖτιν,
1803 2051 1902 2105 καί

322 2140 468 2208 τοὺς
496 2141 663 2208 υἱοὺς
700 2142 940 2211 Ἀμμὼν,
975 2141 1073 2195 καὶ
1108 2141 1338 2208 πάντας
1367 2142 1652 2208 βασιλεῖς
1684 2142 1897 2214 Τύρου,

323 2229 557 2296 πάντας
578 2232 860 2298 βασιλεῖς
883 2231 1163 2298 Σιδῶνος,
1204 2232 1304 2286 καί
1353 2233 1583 2298 πάντας
1615 2234 1901 2300 βασιλεῖς

321 2319 520 2388 νήσου
558 2321 700 2387 τοὺς
732 2323 803 2377 ὲν
830 2321 911 2389 τῷ
939 2320 1129 2392 πέραν
1168 2322 1282 2393 τῆς
1319 2322 1658 2391 θαλάσσης.
1699 2323 1833 2378 Μεθ’
1863 2324 1900 2378 ἃ

321 2413 566 2482 ἑπιλέγει
605 2411 796 2478 οὕτως·
831 2415 980 2470 Elite
1004 2417 1220 2486 Κύριος
1253 2413 1674 2484 παντοκράτωρ
1695 2416 1728 2468 d
1757 2413 1902 2479 Θεὸς

333 2505 588 2574 Ἰσραήλ·
616 2506 788 2560 Hisce
811 2506 912 2562 καὶ
932 2508 1293 2578 μεθύσθητε,
1321 2508 1422 2562 καὶ
1441 2506 1778 2576 ἐξεμέσετε,
1801 2507 1898 2560 καί

321 2599 579 2663 πεσεῒτε,
611 2600 712 2654 καί
745 2602 817 2654 οὐ
840 2598 928 2670 μὴ
966 2600 1268 2670 ἀναστῆτε
1293 2601 1411 2658 ἀπὸ
1438 2599 1760 2670 προσώπου
1793 2599 1900 2668 τῆς

318 2689 635 2761 μαχαίρας,
656 2687 731 2760 ἧς
756 2691 870 2760 ἐγὼ
889 2689 1206 2746 ἀποστελῶ
1237 2691 1546 2762 ἀναμέσον
1577 2689 1762 2760 ὑμῶν.
1789 2690 1900 2743 Kal

320 2779 495 2834 ἕσται
534 2781 680 2834 ὅταν
703 2781 790 2851 μὴ
817 2783 1160 2846 βούλωνται
1183 2780 1472 2848 δέξασθαι
1513 2781 1575 2836 τὸ
1614 2781 1902 2852 ποτήριον

322 2867 394 2922 ἐκ
419 2868 529 2938 τῆς
552 2871 750 2939 χειρός
777 2885 916 2936 σου,
945 2868 1102 2926 ὥστε
1129 2871 1308 2936 πιεῖν,
1333 2871 1431 2926 καὶ
1451 2871 1608 2942 ἐρεῖς
1633 2871 1782 2941 πρὸς
1803 2872 1902 2926 αὺ-

322 2961 486 3026 τούς.
519 2962 716 3028 Οὕτως
737 2958 869 3017 εἷπε
899 2963 1113 3033 Κύριος
1149 2961 1269 3017 τῶν
1291 2963 1616 3034 δυνάμεων·
1654 2965 1902 3029 Πιόντες

324 3051 554 3106 πίεσθε.
602 3053 680 3105 Δι’
711 3044 787 3106 ὧν
831 3052 1071 3108 διδάσκει
1118 3053 1148 3106 ὁ
1179 3052 1334 3122 λόγος
1349 3053 1510 3124 δίκην
1558 3052 1742 3125 ίατροῦ
1785 3055 1898 3118 τοῖς
1925 3094 1969 3154 c

322 3143 597 3214 δεομένοις
647 3144 851 3214 πικρᾶς
896 3143 1170 3198 ἀντιδότου
1218 3143 1310 3199 τὸν
1361 3142 1494 3197 Θεὸν
1533 3144 1757 3214 ἐπάγειν
1797 3145 1897 3208 τὰς

324 3232 596 3298 κολάσεις,
646 3234 723 3300 ὡς
769 3234 835 3289 ἂν
880 3235 1160 3306 ἑμέσαιεν,
1211 3234 1304 3290 καὶ
1353 3234 1750 3290 ἀποκενώσειεν
1799 3231 1900 3309 τὴν

325 3325 700 3383 πλεονάσασαν
726 3328 785 3381 ἑν
815 3327 996 3391 αὐτοῖς
1028 3327 1248 3382 κακίαν·
1280 3327 1376 3382 καὶ
1401 3325 1625 3398 πρώτην
1645 3343 1708 3396 γε
1729 3326 1898 3398 αὐτὴν

217 3437 221 3439 ·
326 3419 424 3492 τὴν
467 3418 819 3492 Ἰερουσαλὴμ
844 3418 937 3474 τοῦ
970 3419 1249 3491 λεχθέντος
1279 3419 1444 3474 ποτοῦ
1480 3419 1750 3474 πιείσθαι·
1779 3417 1898 3474 εἶτα

323 3508 386 3566 δὲ
418 3510 490 3566 τά
529 3511 692 3566 λοιπὰ
723 3511 872 3584 ἔθνη,
904 3512 980 3577 ὡς
1004 3512 1098 3566 καὶ
1131 3511 1346 3567 πάντων
1369 3512 1468 3583 τῆς
1493 3511 1687 3582 ὁμοίας
1716 3511 1900 3578 τευξο-

329 3599 506 3677 μινων
549 3603 867 3676 καθάρσεως
910 3604 998 3660 διὰ
1047 3604 1156 3658 τῶν
1209 3603 1666 3674 ἑπαχθησομένων
1716 3603 1898 3668 αὐτοῖς

321 3694 624 3768 τιμωριῶν.
665 3695 777 3748 Καὶ
818 3694 880 3748 τὸ
917 3694 1088 3766 παρὸν
1119 3689 1214 3748 οὖν
1247 3693 1422 3763 λόγιον
1457 3693 1807 3765 καταλλήλως
1829 3695 1896 3766 τῇ

323 3787 636 3858 προφητικῇ
685 3782 1003 3856 διδασκαλίᾳ
1049 3785 1308 3857 ποτήριον
1356 3773 1510 3836 εἶναι
1547 3781 1785 3836 διδάσκει
1840 3784 1899 3836 ἑν

323 3878 470 3950 χειρὶ
493 3875 720 3949 Κυρίου,
743 3876 800 3930 ἑν
823 3869 868 3944 ᾧ
885 3876 1012 3940 τοὺς
1033 3875 1262 3930 ἑκάστου
1285 3874 1530 3945 καρποὺς
1554 3871 1896 3942 συναγαγὼν,

327 3967 514 4042 ὥσπερ
549 3970 786 4042 ἄκρατον
825 3965 966 4024 οἶνον
1009 3966 1317 4043 ἑργάζεται.
1366 3961 1478 4020 Εἶτ’
1521 3965 1796 4020 ἐπιδίδωσι
1838 3964 1899 4020 τὸ

325 4064 450 4118 κατ’
472 4059 628 4128 ἀξίαν
653 4061 802 4132 πόμα
826 4060 1106 4130 ἀναλόγως
1127 4061 1246 4123 ταῖς
1268 4059 1496 4114 ἑκάστου
1529 4057 1760 4129 πράξεσι
1785 4074 1902 4130 κιρ-

325 4153 436 4207 νῶν
483 4152 614 4207 αύτδ
651 4151 793 4208 κατὰ
827 4152 918 4205 τὸν
950 4151 1046 4205 τοῦ
1075 4150 1284 4208 δικαίου
1328 4149 1505 4219 λόγον.
1543 4149 1637 4223 Μὴ
1664 4149 1775 4223 γὰρ
1799 4152 1898 4215 τὰς

327 4243 536 4316 φαύλας
572 4245 798 4317 πράξεις
836 4243 1002 4316 μόνας
1051 4243 1305 4307 ἑκάστου,
1340 4241 1480 4296 άλλά
1511 4241 1733 4306 καὶτὰς
1757 4243 1898 4311 ἀγα-

326 4339 426 4402 ea;
447 4335 775 4406 λογίζεσθαι,
801 4333 1142 4406 σταθμᾶσθαι
1167 4349 1228 4388 τε
1255 4331 1442 4404 ὥσπερ
1469 4333 1781 4406 συμμετρίᾳ
1805 4332 1900 4389 καὶ

2002 485 2179 540 minus
2219 483 2360 539 Deus
2400 481 2575 538 Israel
2604 483 2673 537 ad
2704 499 2786 537 me
2807 523 2824 549 ,
2857 483 3018 539 Sume
3044 484 3265 539 calicem
3295 486 3403 540 vini
3435 489 3570 542 meri

1996 578 2066 632 de
2109 591 2268 631 manu
2314 592 2452 643 mea,
2520 585 2569 630 et
2610 575 2816 645 potabis
2859 577 2976 645 ipso
3019 593 3198 632 omnes
3241 585 3454 649 gentes,
3499 579 3576 633 ad.

1995 685 2131 740 quas
2158 684 2251 738 ego
2283 669 2488 721 mittam
2516 675 2583 723 te.
2615 667 2682 722 Et
2715 667 2888 722 bibent
2911 677 2966 722 et
2996 678 3198 724 voment
3223 679 3275 724 et
3302 671 3571 726 insanient

1997 775 2036 814 a
2056 759 2191 828 facie
2210 759 2406 830 gladii,
2428 774 2578 830 quem
2600 775 2693 829 ego
2715 759 2924 812 mittam
2944 759 3001 813 in
3022 760 3250 814 medium
3267 777 3470 817 eorum.
3497 761 3570 816 Et

2001 854 2176 922 accepi
2217 853 2437 907 calicem
2477 853 2540 907 de
2584 868 2745 907 manu
2788 851 3039 917 Domini,
3081 863 3131 908 et
3171 856 3347 922 potavi
3388 871 3568 910 omnes

1995 952 2172 1016 gentes
2222 944 2291 998 ad
2322 961 2451 1016 quas
2481 946 2626 998 misit
2653 960 2733 998 me
2766 943 3058 1000 Dominus:
3085 945 3386 1002 Jerusalem
3409 957 3461 1003 et
3488 949 3570 1004 ci-

1998 1034 2185 1088 vitates
2207 1032 2352 1090 ludo
2372 1073 2386 1098 ,
2415 1050 2556 1105 reges
2585 1034 2698 1104 ejus
2723 1043 2777 1088 et
2804 1035 3066 1104 principes
3096 1036 3244 1106 ejus,
3274 1037 3344 1092 ad
3370 1054 3573 1107 ponen-

1994 1126 2124 1180 dum
2151 1142 2244 1182 eos
2271 1127 2327 1180 in
2356 1126 2695 1182 solitudinem
2717 1166 2732 1191 ,
2761 1127 2820 1180 in
2851 1127 3048 1182 inviam
3065 1167 3080 1192 ,
3109 1138 3158 1183 et
3185 1130 3244 1183 in
3270 1131 3574 1188 subsanna-

2002 1218 2191 1272 tionem
2215 1234 2234 1272 :
2256 1226 2310 1272 et
2335 1215 2670 1273 Pharaonem
2697 1235 2866 1290 regem
2891 1217 3113 1290 ,ρεσπιιὶ
3127 1259 3144 1285 ,
3171 1231 3222 1275 et
3243 1237 3433 1291 pueros
3452 1224 3571 1294 ejus

1995 1319 2049 1365 et
2075 1311 2355 1379 optimates
2381 1310 2499 1380 ejus
2531 1312 2572 1343 “
2601 1327 2616 1376 ;
2645 1325 2708 1364 ac
2739 1311 2998 1382 deinceps
3024 1313 3141 1368 ait:
3177 1313 3246 1368 Et
3274 1332 3452 1371 omnes
3481 1333 3570 1374 re-

1999 1415 2084 1469 ges
2113 1409 2267 1455 terrte
2300 1399 2748 1471 alienigenarum,
2776 1401 3124 1468 Ascalonem,
3154 1404 3358 1459 Gazam
3385 1417 3435 1462 et
3465 1412 3574 1461 Ac.

1995 1509 2244 1548 caronem
2262 1531 2279 1559 ,
2313 1491 2610 1548 Idumatam
2641 1503 2694 1548 et
2731 1491 3079 1549 Moabitidem
3104 1536 3118 1560 ,
3143 1498 3282 1566 ﬁlios
3303 1500 3529 1555 Ammon
3550 1538 3569 1566 ,

1997 1594 2047 1640 et
2073 1601 2248 1641 omnes
2275 1602 2418 1658 reges
2447 1585 2610 1657 Tyri,
2639 1595 2690 1641 et
2715 1602 2894 1642 omnes
2923 1604 3068 1659 reges
3094 1588 3310 1645 Sidonis
3330 1630 3346 1656 ,
3374 1601 3424 1645 et
3456 1607 3574 1646 ont-

1999 1695 2086 1733 nes
2112 1695 2252 1749 reges
2276 1677 2476 1733 Insula:
2499 1688 2649 1734 trans
2673 1669 2820 1734 mare
2846 1679 2914 1736 δ’.
2946 1679 3144 1738 Postea
3169 1697 3302 1738 vero
3327 1685 3410 1739 sic
3436 1700 3574 1740 con-

1999 1769 2171 1825 cludit
2200 1789 2214 1825 :
2244 1769 2394 1824 Dixit
2425 1769 2682 1824 Dominus
2713 1771 3041 1841 omnipotens
3069 1772 3211 1828 Deus
3236 1773 3410 1830 Israel
3431 1792 3452 1831 :
3475 1776 3574 1831 Bi-

1999 1860 2104 1916 bite
2126 1870 2178 1915 et
2211 1862 2576 1926 inebriomini,
2606 1871 2656 1916 et
2686 1864 2900 1918 vometis
2925 1901 2940 1927 ,
2971 1873 3021 1918 et
3053 1866 3410 1932 procumbetis
3429 1908 3445 1932 ,
3479 1886 3572 1925 nec

1998 1953 2278 2022 resurgetis
2301 1970 2334 2006 a
2357 1952 2493 2022 facie
2513 1953 2715 2024 gladii,
2738 1969 2890 2024 quem
2911 1970 3005 2025 ego
3029 1957 3236 2010 mittam
3259 1958 3312 2012 in
3341 1960 3568 2015 medium

1999 2045 2176 2099 vestri.
2201 2043 2271 2098 Et
2296 2045 2429 2110 erit,
2454 2045 2502 2099 si
2523 2044 2788 2100 noluerint
2814 2047 3047 2115 accipere
3070 2047 3292 2102 calicem
3316 2049 3380 2105 de
3405 2067 3570 2106 manu

2000 2143 2124 2202 tua,
2156 2144 2214 2188 ut
2241 2134 2452 2199 bibant,
2480 2134 2622 2189 dices
2650 2134 2720 2187 ad
2749 2152 2837 2190 eos
2859 2176 2875 2202 ,
2894 2135 2999 2205 ,Sic
3027 2134 3157 2191 dicit
3180 2137 3441 2195 Dominus
3471 2141 3574 2196 vir-

1999 2235 2200 2292 tutum,
2223 2226 2450 2282 bibentes
2479 2225 2662 2281 bibetis
2687 2226 2754 2282 “.
2784 2225 2949 2293 Queis
2969 2227 3255 2294 ediscitur,
3288 2230 3456 2288 Deum
3485 2235 3572 2290 in-

1998 2331 2114 2375 star
2151 2319 2386 2384 medici,
2425 2333 2673 2374 amarum
2698 2319 3004 2376 antidotum
3029 2321 3312 2394 egentibus
3339 2325 3569 2392 oll‘erre,

1999 2426 2194 2481 nempe
2232 2409 2654 2480 castigationes,
2686 2417 2747 2464 ut
2774 2419 3063 2476 evomant,
3099 2411 3475 2484 malitiamque
3503 2415 3572 2470 il-

1998 2500 2108 2555 lam
2152 2499 2539 2556 exuberantem
2582 2513 2748 2570 quam
2787 2500 2938 2557 intus
2975 2501 3178 2558 habent
3223 2515 3568 2575 exonerent;

1999 2591 2344 2664 primamque
2373 2590 2678 2648 Jerusalem
2711 2607 2778 2649 eo
2809 2593 2980 2648 calice
3008 2595 3338 2664 potandam;
3373 2596 3572 2654 deinde

1998 2683 2238 2754 reliquas
2275 2691 2500 2755 gentes,
2540 2683 2670 2755 quia
2698 2699 2888 2741 omnes
2921 2683 3085 2741 simili
3119 2689 3440 2760 purgatione
3473 2704 3574 2759 per

1997 2775 2180 2832 illatas
2201 2776 2590 2848 castigationes
2615 2778 2915 2833 evacnandi
2936 2788 3086 2835 sunt.
3105 2781 3358 2838 Praesens
3386 2781 3573 2852 itaque

1997 2865 2268 2922 sententia
2308 2866 2533 2938 perinde
2578 2873 2745 2937 atque
2795 2867 3112 2938 prophetica
3160 2870 3251 2924 illa
3284 2870 3570 2937 doctrina,

1997 2957 2223 3014 calicem
2251 2973 2374 3014 esse
2396 2957 2554 3014 docet
2583 2958 2638 3013 in
2673 2973 2839 3014 manu
2865 2958 3122 3028 Domini;
3160 2964 3216 3018 in
3245 2979 3354 3035 quo
3383 2967 3572 3037 singu-

1999 3050 2176 3104 lorum
2213 3049 2426 3105 fructus
2476 3051 2778 3120 colligens,
2827 3051 2986 3122 quasi
3017 3067 3227 3108 merum
3263 3055 3448 3110 vinum
3477 3073 3573 3113 ex-

1999 3143 2204 3214 primit.
2248 3140 2453 3198 Deinde
2482 3157 2611 3197 νει-ο
2643 3157 2743 3212 pro
2768 3142 3002 3212 iustitiae
3034 3146 3268 3212 ratione,
3303 3156 3357 3204 et
3381 3150 3574 3218 cujus-

1998 3250 2105 3307 que
2155 3234 2351 3290 merito
2391 3243 2578 3305 potum
2617 3243 2962 3307 temperans,
2988 3237 3257 3309 cujusque
3291 3241 3571 3310 actionum

2001 3325 2352 3396 proportione
2378 3324 2562 3380 habita
2584 3363 2600 3387 ,
2633 3325 2769 3396 ipsis
2801 3325 3095 3382 bibendum
3135 3329 3407 3400 propinat.
3449 3330 3573 3390 Non

1996 3419 2142 3474 enim
2175 3433 2340 3488 prava
2368 3418 2637 3473 duntaxat
2665 3419 3006 3491 singulorum
3036 3437 3205 3492 Opera
3229 3461 3244 3487 ,
3277 3423 3373 3479 sed
3400 3427 3568 3482 etiam

1998 3511 2142 3566 bona
2167 3509 2532 3566 examinanda
2556 3518 2612 3566 et
2640 3526 2794 3583 aequa
2828 3513 2984 3570 lance
3015 3516 3368 3586 ponderanda
3396 3529 3530 3576 sunt
3564 3568 3569 3574 .

1998 3610 2162 3673 atque
2184 3609 2576 3674 congruentem
2605 3603 2943 3676 singulorum
2976 3610 3237 3678 Operibus
3260 3619 3448 3680 potum
3482 3627 3574 3682 pa-

1999 3709 2123 3750 rare
2162 3710 2302 3766 opus
2351 3703 2455 3751 est.
2484 3694 2641 3762 Quod
2678 3696 2797 3766 ipse
2827 3698 3072 3755 declarat
3101 3701 3188 3756 bis
3215 3703 3397 3759 verbis
3425 3721 3440 3757 :
3497 3702 3570 3758 Et

1997 3786 2268 3842 inclinavit
2305 3802 2370 3842 ea:
2411 3785 2508 3841 hoc
2545 3787 2602 3841 in
2647 3788 2782 3852 hoc;
2825 3791 2899 3844 ita
2942 3799 3000 3845 ut
3040 3807 3148 3846 una
3189 3794 3570 3850 commistione

2000 3881 2141 3934 mala
2171 3881 2508 3950 singulorum
2535 3894 2701 3950 opera
2731 3881 2890 3938 bonis
2917 3891 3306 3954 temperentur.
3337 3884 3446 3941 Pro
3475 3887 3570 3942 illo

1999 3981 2180 4028 autem
2199 4011 2214 4034 .
2251 3971 2538 4026 Inclinavit
2575 3987 2642 4027 eo:
2667 3973 2765 4028 hoc
2793 3975 2850 4028 in
2881 3973 2977 4028 Itoc
2997 4013 3013 4040 ,
3056 3975 3450 4046 Symmachus,
3480 3977 3570 4033 Ita

1999 4075 2057 4118 ut
2085 4065 2298 4119 trahant
2323 4065 2388 4119 ab
2416 4067 2530 4136 ipso
2556 4105 2573 4133 ,
2605 4066 2995 4137 interpretatus
3027 4079 3111 4124 est
3138 4087 3154 4136 ;
3189 4078 3244 4125 et
3283 4078 3342 4124 ut
3379 4071 3568 4128 faecem

1999 4150 2189 4206 bibant
2217 4166 2408 4206 omnes
2439 4161 2762 4222 peccatores
2801 4162 2982 4210 terrae.
3035 4155 3156 4212 Nan
3195 4158 3340 4213 enim
3379 4161 3569 4216 mistio

1997 4245 2332 4311 temperata,
2371 4241 2466 4296 sed
2496 4242 2642 4313 quod
2673 4250 2977 4298 extremum
3011 4259 3075 4298 ac
3117 4245 3395 4300 turbidum
3441 4255 3568 4316 est,

1995 4331 2244 4402 gravium
2271 4331 2536 4388 scelerum
2563 4332 2673 4388 reis
2700 4341 3028 4389 reservatur.
3057 4333 3239 4400 Quare
3267 4333 3572 4392 secundum

345 4428 656 4500 ιατάλληλον
697 4431 810 4492 τοῖς
864 4427 1094 4483 ἑκάστου
1144 4425 1324 4498 ἔργοις
1367 4424 1786 4497 ἀπεργάσασθαι
1835 4426 1896 4480 τὺ

2001 4417 2385 4492 Symmachum
2409 4422 2618 4478 dictum
2640 4429 2726 4479 est
2745 4441 2758 4476 :
2776 4423 3144 4480 Verumtamen
3158 4425 3310 4495 [tecet
3321 4427 3437 4496 ejus
3451 4437 3572 4498 guto

323 4523 534 4592 κρᾶμα.
567 4521 632 4576 Ὀ
651 4521 716 4592 δὴ
743 4519 1040 4593 παρίστησι
1065 4515 1240 4586 λέγον·
1267 4514 1379 4570 Καὶ
1401 4517 1644 4571 ἔκλινεν
1663 4516 1733 4571 ἐκ
1759 4519 1894 4573 τού-

2001 4520 2154 4575 tatim
2183 4521 2473 4590 expriment
2499 4519 2726 4576 bibentes
2755 4521 2980 4590 improbi
3011 4533 3188 4579 terrte.

325 4631 434 4670 του
465 4618 552 4682 είς
587 4616 790 4672 τοῦτο·
842 4614 918 4680 ὼς
971 4613 1038 4669 ἂν
1086 4612 1187 4685 μία
1222 4609 1435 4681 γένοιτο
1477 4613 1674 4683 κρᾶσις
1709 4612 1821 4667 τῶν
1858 4630 1917 4668 τε
1956 4616 2189 4670 ἑκάστου
2259 4615 2545 4689 μοχθηρῶν
2578 4615 2830 4689 πράξεων
2879 4617 2974 4671 καὶ
3018 4617 3128 4672 τῶν
3169 4618 3574 4691 χρηστοτέρων.

340 4707 484 4763 Ἀντί
520 4707 576 4762 δὲ
619 4707 735 4773 τοῦ,
791 4707 1132 4773 Ἐξέκλινεν
1194 4705 1264 4758 ἐκ
1301 4704 1518 4759 τούτου
1562 4707 1652 4770 είς
1694 4705 1894 4772 τοῦτο,
1935 4710 1964 4762 ό
2003 4709 2315 4780 Σύμμαχος,
2365 4711 2543 4764 ’Ὥστε
2590 4709 2794 4764 ἕλκειν
2842 4710 2943 4764 ἀπ’
2989 4711 3197 4776 αὐτοῦ,
3239 4714 3574 4785 ἡρμήνευσε·

323 4802 425 4873 τὴν
455 4800 512 4857 δὲ
546 4802 722 4874 τρύγα
761 4802 997 4856 πιεῖσθαι
1023 4800 1232 4862 πάντας
1258 4797 1385 4862 τοὺς
1411 4793 1765 4871 ἁμαρτωλοὺς
1795 4801 1893 4872 τῆς
1929 4803 2050 4874 γῆς.
2086 4804 2282 4859 Οὐκέτι
2311 4803 2420 4875 γὰρ
2443 4805 2652 4875 κρᾶμα,
2675 4803 2812 4859 ἀλλὰ
2858 4805 2919 4859 τὸ
2961 4805 3187 4876 ἔσχατον
3224 4809 3319 4861 καὶ
3356 4807 3579 4879 θολερὸν

323 4896 438 4960 τοῖς
458 4896 526 4950 τὰ
549 4895 759 4966 μεγάλα
784 4893 1157 4967 ἡμαρτηκόσιν
1185 4891 1590 4948 ἀποκείσεσθαι.
1625 4894 1716 4948 Διὸ
1748 4895 1892 4950 κατὰ
1927 4898 2019 4951 τὸν
2045 4897 2338 4970 Σύμμαχον
2363 4899 2596 4972 εἴρηται·
2626 4899 2800 4968 Πλὴν
2847 4902 2971 4978 τὰς
3013 4903 3260 4973 τρυγίας
3285 4903 3578 4972 ἐκστρατ-

329 4990 524 5062 γιοῦσι
555 4991 831 5056 πίνοντες
855 4993 907 5044 οι
934 4988 1155 5058 φαῦλοι
1196 4987 1309 5058 τῆς
1340 4988 1474 5060 γῆς.

408 5111 548 5181 Ἐγὼ
576 5109 644 5164 δὲ
665 5107 981 5179 ἀπαγγελῶ
1005 5109 1092 5174 είς
1119 5109 1225 5163 τὸν
1246 5107 1451 5172 αίῶιυ,
1480 5107 1659 5177 ψαλῶ
1680 5107 1758 5174 τῷ
1777 5107 1898 5175 Θεῷ

337 5200 552 5258 Ἰακώϐ.
585 5201 668 5256 Τὰ
693 5201 790 5272 μὲν
816 5199 1183 5273 προλεχθέντα
1215 5201 1392 5256 πάντα
1421 5195 1548 5253 εἶπα
1576 5203 1688 5263 τοῖς
1722 5216 1900 5272 παρα-

327 5293 587 5365 νομοῦσι,
643 5294 737 5348 καὶ
789 5293 1167 5365 διεστειλάμην
1225 5294 1396 5347 ἅπασι
1459 5292 1894 5364 μαρτυράμενος.

340 5385 482 5454 Ἐγὼ
515 5385 571 5439 δὲ
608 5384 638 5438 ὁ
667 5385 923 5456 ἀνωτέρω
954 5383 1141 5437 εἰπών·
1179 5382 1544 5454 Διηγήσομαι
1572 5381 1646 5436 τὰ
1671 5382 1895 5452 θαυμά-

328 5476 435 5531 σιά
475 5493 612 5542 σου,
659 5477 804 5532 ὅταν
843 5475 1006 5531 λάϐω
1060 5475 1286 5545 καιρόν·
1344 5474 1436 5527 καὶ
1479 5473 1642 5528 πάλιν
1694 5475 1890 5545 φήσας·

344 5570 483 5640 ἐγὼ
527 5570 853 5638 εὐθύτητας
895 5567 1092 5638 κρινῶ·
1147 5567 1242 5622 καὶ
1295 5561 1448 5630 αὖθις
1506 5563 1697 5620 εἰπών·
1757 5563 1898 5618 Ἑηιὼ

2069 5106 2235 5164 Vens.
2270 5108 2357 5173 10,
2393 5107 2484 5162 Η.
2519 5107 2629 5179 Ego
2651 5117 2827 5162 autem
2850 5107 3179 5162 annuntiabo
3205 5109 3258 5161 in
3279 5109 3534 5162 siccatum
3551 5146 3568 5170 .

1997 5196 2220 5253 cantabo
2254 5194 2365 5250 Deo
2393 5195 2583 5250 Jacob.
2617 5195 2791 5267 Supra
2826 5207 3128 5252 memorata
3163 5199 3344 5252 omnia
3377 5199 3566 5268 inique

1996 5290 2282 5360 agentibus
2319 5287 2461 5353 dixi,
2503 5295 2558 5344 et
2602 5297 2945 5344 contestatus
2989 5290 3247 5344 omnibus
3297 5293 3570 5360 praecepta

1996 5377 2143 5434 dedi.
2171 5380 2282 5449 Ego
2305 5393 2435 5433 vero
2457 5378 2550 5447 qui
2573 5379 2826 5449 superius
2849 5379 2992 5444 dixi,
3023 5377 3270 5432 Narrabo
3297 5377 3571 5432 mirabilia

1994 5482 2109 5536 tua,
2140 5485 2256 5524 cum
2288 5485 2532 5537 accepero
2567 5479 2766 5540 tempus
2801 5471 2870 5504 “'
2897 5489 2912 5537 ;
2947 5485 3010 5526 ac
3043 5485 3261 5525 rursum
3289 5488 3304 5525 :
3342 5469 3454 5541 Ego
3484 5483 3572 5524 re-

2003 5563 2282 5618 ctitudines
2324 5561 2568 5618 iudicabo
2602 5563 2688 5626 “;
2730 5565 3072 5626 iterumque,
3109 5560 3220 5632 Ego
3259 5561 3574 5632 confirmavi

401 5711 446 5810 δξ
479 5723 572 5781 Jer
626 5739 753 5787 xxv,
789 5722 972 5779 i549.
1047 5722 1092 5755 ιι
1131 5722 1263 5776 ibid.
1295 5719 1485 5778 20-22.
1561 5723 1607 5757 ιι
1645 5720 1776 5777 ibid.
1801 5720 1874 5776 ετ

1997 5754 2020 5779 η.
2063 5719 2158 5796 f"
2179 5717 2326 5776 Psal.
2348 5736 2529 5786 Lxxw,
2559 5720 2614 5786 2,
2639 5720 2694 5776 5.
2767 5721 2810 5752 ³³
2837 5720 2946 5776 ibid
3000 5720 3034 5774 5
3399 5763 3431 5785 ,

610 5820 879 5887 ριτιιοι..
913 5819 1040 5880 Gn.
1066 5817 1298 5881 XXIII.

3130 5815 3211 5880 28
