4078 6934
567 352 678 412 ’875

1235 351 1502 409 EUSEBII
1540 347 2208 407 CESARIENSIS'OPP.
2251 347 2432 404 PARS
2469 347 2649 403 ιιινσ-
2679 344 3103 402 οΕΧΕϐΕΤΙΟΛ.

3711 338 3832 398 8Ὶ6

569 469 846 524 columnas
875 485 988 540 ejus
1021 471 1421 542 “;~postquam
1456 469 1713 540 praedicta
1759 467 2142 539 peccatoribus

2244 467 2581 536 ἐστερέωσα
2599 463 2752 531 τοὺς
2783 463 3050 528 στύλους
3079 457 3286 529 αὐτῆς·
3317 457 3454 530 μετὰ
3487 475 3546 512 το
3577 457 3838 528 κηρῦξαι

569 560 863 631 praedicari
916 567 971 617 et
1007 562 1348 617 testiticatus
1395 576 1553 626 sum,
1585 567 1639 616 et
1669 567 1957 631 postquam
1989 559 2137 630 judi-

568 653 650 707 cis
683 652 949 707 rationem
975 667 1166 706 omnes
1190 651 1382 708 edocui
1408 691 1424 717 ,
1454 651 1586 721 quid
1612 651 1850 705 faciam?
1879 648 1945 704 In
1968 665 2137 705 sitcu-

569 744 941 798 lum-eantabo
976 743 1096 799 Deo
1116 742 1304 800 Iacob.
1332 743 1470 799 Novi
1499 745 1702 816 quippe
1733 758 1855 798 eum
1888 744 1979 814 qui
2014 743 2138 798 reli-

567 839 710 910 giosi
750 839 850 894 viri
894 838 1036 895 Deus
1079 845 1197 903 est,
1243 847 1454 910 patrem
1489 855 1614 896 esse
1646 855 1826 894 meum
1864 859 1877 894 :
1925 840 2138 911 ipsique

569 929 839 996 cantabo,
863 929 978 1001 ipsi
1008 931 1272 1002 praeclara
1301 939 1456 1000 gesta
1485 944 1604 985 mea
1637 929 1997 985 annuntiabo.
2028 927 2137 984 De-

568 1020 698 1076 inde
725 1037 855 1076 vero
885 1031 1110 1092 accepta
1141 1038 1170 1076 a
1200 1020 1361 1076 Patre
1381 1019 1664 1090 iudicandi
1693 1028 1993 1092 potestate,
2025 1037 2139 1074 om-

567 1113 661 1166 nia
707 1128 910 1166 cornua
945 1121 1292 1182 .peccatorum
1332 1113 1706 1182 confringant;
1747 1127 1872 1166 cum
1919 1110 2138 1182 quidem

566 1218 679 1273 quo
705 1212 950 1276 tempore
982 1206 1294 1270 tolerantia,
1332 1204 1594 1275 patientia
1626 1210 1681 1259 et
1713 1203 2140 1259 mansuetudine

569 1294 832 1349 utendum
874 1302 1030 1360 erat,
1063 1295 1227 1366 .ipsos
1270 1295 1459 1352 extolli
1504 1295 1914 1362 concesserim;
1947 1310 2138 1350 verum

571 1385 628 1442 in
663 1386 770 1444 line
801 1403 1016 1443 cornua-
1049 1403 1239 1444 eorum
1276 1395 1466 1444 contra
1518 1387 1687 1444 Deum
1725 1387 1869 1444 elata
1892 1386 2142 1444 confrin-

568 1498 736 1557 gam;
782 1484 1008 1554 viceque
1053 1499 1213 1540 versa
1263 1499 1476 1540 cornua
1516 1484 1688 1556 justi,
1723 1484 1850 1556 quia
1898 1484 2140 1540 demissa

570 1582 769 1641 erant,
835 1575 1110 1632 exaltabo.
1161 1576 1320 1632 Tunc
1365 1591 1496 1632 vero
1543 1577 1874 1632 exaltabitur
1918 1576 2137 1646 justus,

569 1667 790 1736 quando
821 1682 927 1721 una
958 1682 1082 1722 cum
1110 1682 1237 1738 rege
1268 1682 1368 1722 suo
1397 1667 1648 1739 regnabit
1672 1666 1970 1724 secundum
1995 1668 2141 1738 Apo-

571 1757 772 1812 stolum
807 1759 902 1828 qui
935 1758 1010 1812 ait
1034 1776 1048 1814 :
1075 1757 1344 1813 Primitiae
1371 1759 1509 1814 enim
1532 1757 1773 1813 Christus
1794 1774 1816 1823 ;
1837 1758 2022 1813 deinde
2048 1758 2138 1829 qui

2241 558 2335 610 καὶ
2371 554 2752 628 μαρτύρασθαι
2782 553 2852 607 τὰ
2891 550 3258 625 ττρολεχθέντστ⁵
3301 553 3412 613 τοῖς
3451 549 3834 621 ἁμαρτωλοῖς,

2241 649 2337 703 καὶ
2371 648 2509 720 μετὰ
2537 647 2597 700 τὸ
2623 645 2828 712 διδάξαι
2855 645 2946 698 τὸν
2974 645 3104 715 περὶ
3129 642 3231 714 τῆς
3252 642 3486 717 κρίσεως
3508 641 3662 711 λόγον
3691 644 3840 706 τοὺς

2242 742 2470 806 πάντας,
2513 740 2564 794 τί
2601 738 2826 812 πράξω;
2870 740 2975 803 Εἰς
3007 737 3115 792 τὸν
3148 734 3333 789 αιῶνα
3362 733 3539 804 ψαλῶ
3575 733 3656 800 τῷ
3699 734 3841 800 Θεῷ

2254 834 2466 890 Ἰακώϐ.
2500 829 2632 888 Οἶδα
2660 834 2769 905 γὰρ
2793 831 3032 904 ἐμαυτοῦ
3064 830 3273 903 πατέρα
3295 829 3388 882 τὸν
3407 829 3698 900 γενόμενον
3732 829 3838 883 τοῦ

2243 924 2520 996 θεοφιλοῦς
2549 925 2702 989 Θεὸν,
2750 924 2987 994 κάκείνῳ
3026 921 3200 993 ψαλῶ,
3245 922 3482 994 κάκείνῳ
3523 923 3841 992 ἀπαγγελῶ

2239 1015 2308 1071 τὰ
2352 1016 2592 1089 ἐμαυτοῦ
2635 1016 3052 1088 κατορθώματα.
3101 1011 3214 1069 Εἶθ’
3257 1013 3400 1068 οὕτω
3439 1013 3620 1067 λαϐὼν
3665 1014 3840 1086 παρὰ

2240 1108 2336 1162 τοῦ
2387 1109 2600 1182 Πατρὸς
2643 1108 2743 1181 τὴν
2791 1106 2886 1162 τοῦ
2944 1108 3151 1180 κρίνειν
3196 1106 3465 1172 ἐξουσίαν,
3511 1105 3717 1161 πάντα
3758 1108 3840 1162 τὰ

2242 1201 2460 1271 κέρατα
2504 1201 2622 1256 τῶν
2655 1199 3018 1272 ἁμαρτωλῶν
3059 1199 3408 1272 συγκλάσω·
3453 1203 3842 1272 συγχωρήσας

2247 1291 2344 1364 μὲν
2400 1293 2582 1356 αὐτοῖς
2630 1291 2952 1364 ἐπαίρεσθαι
3002 1290 3146 1346 κατὰ
3183 1290 3384 1362 -καιρὸν
3433 1291 3555 1345 καθ’
3604 1292 3662 1344 ὃν
3719 1290 3838 1344 ἔδει

2242 1383 2548 1455 χρήσασθαι
2599 1385 2662 1456 τῇ
2715 1384 2903 1454 ἀνοχῇ,
2958 1382 3054 1436 καὶ
3093 1385 3160 1455 τῇ
3215 1381 3566 1454 μακροθυμίᾳ
3609 1383 3713 1438 καὶ
3757 1385 3832 1456 τῇ

2243 1475 2589 1548 χρηστότητιο
2627 1475 2766 1548 πλὴν
2808 1477 2902 1530 ἐπὶ
2936 1475 3077 1530 τέλει
3108 1475 3174 1529 τὰ
3205 1476 3413 1550 κέρατα
3443 1475 3620 1529 αὐτῶν
3654 1493 3836 1530 κατε-

2243 1567 2524 1638 παρθέντα
2563 1567 2658 1622 τοῦ
2702 1567 2836 1622 Θεοῦ
2881 1569 3195 1638 συγκλάσω·
3238 1569 3506 1623 ἀνάπαλιν
3541 1569 3598 1623 δὲ
3625 1569 3700 1624 τὰ
3729 1571 3832 1624 τοῦ

2242 1657 2448 1711 δικαίου
2482 1658 2690 1730 κέρατα
2722 1657 2942 1727 ύψὼσω,
2987 1657 3216 1729 ἐπείπερ
3251 1653 3320 1730 ἦν
3351 1657 3830 1728 τεταπεινωμένα.

2244 1751 2378 1804 Τότε
2423 1751 2480 1804 δέ
2518 1751 2882 1823 ὑψωθήσεται,
2924 1751 3141 1806 ἐπειδὰν
3181 1750 3552 1824 συμϐασιλεύῃ
3585 1750 3662 1821 τῷ
3694 1752 3836 1804 ἐαυ-

571 1849 774 1905 Christi
803 1861 927 1904 sunt
961 1851 1275 1906 iniadventu
1302 1852 1415 1922 ejus
1438 1868 1458 1918 ;
1480 1852 1666 1908 deinde
1697 1853 1852 1922 ﬁnis,
1876 1869 1995 1906 cum
2028 1861 2138 1907 tra-

2244 1842 2332 1896 τοῦ
2364 1841 2574 1914 βασιλεῖ
2594 1843 2734 1898 κατὰ
2758 1843 2850 1896 τὸν
2888 1842 3226 1909 Ἀπόστολον,
3251 1843 3310 1907 ὃς
3333 1860 3516 1915 φησιν·
3558 1841 3831 1911 Ἀπαρχὴ

570 1938 768 1994 diderit
804 1955 1020 2011 regnum
1059 1941 1167 1996 Deo
1197 1951 1248 1997 et
1287 1942 1471 2010 Patri,
1505 1960 1625 1998 cum
1659 1942 1981 1998 destruxerit
2025 1961 2142 1998 om-

568 2047 688 2086 nem
715 2041 1026 2101 potestatem
1053 2042 1103 2088 et
1140 2036 1384 2089 virtutem
1410 2035 1479 2088 “.
1513 2034 1743 2102 Quando
1771 2035 1983 2091 scilicet
2009 2035 2144 2106 justi

567 2123 704 2180 vita:
729 2125 1056 2181 immortalis
1095 2127 1326 2184 calicem
1366 2128 1596 2197 bibent;
1636 2143 1798 2199 quem
1839 2127 1976 2198 ipsis
2016 2143 2145 2198 pro-

570 2215 722 2271 misit
759 2217 990 2273 dicens:
1026 2217 1203 2274 Donec
1243 2218 1422 2273 bibam
1460 2219 1615 2274 illum
1655 2235 1846 2274 novum
1881 2219 2144 2276 vobiscum

570 2305 630 2362 in
661 2323 819 2379 regno
848 2309 1095 2364 caelorum
1123 2311 1190 2365 ⁸⁷.

649 2583 814 2640 1.τι1Ν
855 2583 1104 2646 ἘΙΝΕΜ,
1145 2583 1214 2640 IN
1255 2583 1540 2650 HYMNIS,
1583 2585 1910 2644 PSALMUS
1946 2581 2106 2644 lPSl'

890 2654 1141 2722 ASAPH,
1185 2655 1568 2713 CANTICUM.
1612 2657 1824 2713 LXXV.

643 2764 814 2824 Vsus.
849 2767 905 2835 2,
940 2767 1209 2824 5.:‘Notus
1234 2768 1510 2824 iit-Iudaea
1537 2769 1677 2825 Deus
1696 2811 1712 2836 ,
1737 2771 1792 2825 in
1819 2769 1997 2826 Israel
2025 2787 2144 2825 ma-

569 2875 730 2931 gnum
759 2876 943 2915 nomen
976 2861 1112 2926 eius.
1142 2859 1243 2916 Hic
1275 2862 1520 2932 psalmus
1553 2863 1676 2917 item
1703 2879 1770 2918 ex
1799 2877 2028 2919 numero
2053 2877 2148 2919 eo-

570 2959 805 3007 rum-est
827 2953 920 3018 qui
952 2951 1020 3008 ad
1041 2953 1246 3008 bonum
1274 2953 1434 3010 ﬁnem
1465 2956 1752 3010 remittunt
1777 2975 1789 3011 :
1817 2957 2145 3028 praeceden-

559 3043 926 3114 ‘tiquealiinis
948 3087 963 3112 ,
995 3043 1062 3100 de
1086 3043 1299 3116 judicio
1326 3044 1421 3102 Dei
1450 3046 1616 3102 verba
1657 3045 1806 3102 facit.
1853 3046 2008 3114 Quod
2051 3048 2146 3103 de-

573 3135 763 3207 inceps
793 3136 878 3192 his
911 3137 1094 3192 verbis
1124 3137 1369 3193 declarat
1393 3155 1407 3191 :
1441 3137 1517 3193 De
1543 3139 1671 3194 coelo
1701 3137 1941 3193 auditum
1970 3140 2144 3210 fecisti

566 3225 832 3297 iudicium
848 3271 862 3295 ,
886 3238 1029 3284 terra
1052 3231 1262 3284 tremuit
1287 3238 1337 3284 et
1365 3232 1556 3302 quievit
1575 3271 1590 3295 ,
1615 3248 1734 3286 cum
1758 3241 2062 3304 exsurgeret
2085 3234 2142 3286 in

567 3320 826 3392 iudicium
861 3321 1034 3385 Deus,
1065 3332 1124 3376 ut
1156 3322 1330 3378 salvos
1383 3324 1580 3393 faceret
1615 3341 1794 3381 omnes
1838 3336 2142 3381 mansuetos

565 3422 748 3468 terrm.
793 3412 860 3466 Et
890 3414 946 3468 in
979 3414 1072 3468 illo
1116 3415 1334 3485 quidem
1377 3417 1580 3487 iniquis
1621 3417 1927 3484 dicebatur,
1965 3417 2146 3474 Nolite

547 3504 812 3560 “exaltare
835 3521 998 3560 cornu
1017 3545 1031 3570 ,
1055 3515 1105 3560 et
1131 3507 1293 3560 nolite
1313 3508 1566 3562 extollere
1595 3510 1648 3564 in
1676 3509 1845 3563 altum
1870 3527 2034 3564 cornu
2064 3527 2146 3565 re-

571 3604 742 3651 strum
769 3596 854 3662 ης
884 3597 941 3651 iu
970 3598 1228 3668 praesenti
1257 3614 1388 3653 vero
1409 3639 1424 3664 ,
1457 3598 1679 3655 Turbati
1707 3611 1832 3655 sunt
1857 3618 2033 3656 omnes
2065 3602 2146 3656 in-

563 3689 1020 3758 sipientes-corde.
1057 3689 1396 3746 Dormierunt
1429 3709 1672 3747 somnum
1701 3710 1854 3748 suum
1877 3735 1893 3761 ,
1927 3704 1978 3749 et
2010 3695 2146 3750 nihil

569 3778 880 3834 invenerunt
899 3796 1089 3835 omnes
1117 3781 1218 3836 viri
1247 3781 1576 3838 divitiarum.
1605 3781 1672 3838 lii
1700 3799 1828 3839 vero
1859 3793 2019 3840 erant
2047 3784 2144 3854 qui

574 3886 784 3928 cornua
829 3873 1158 3931 extulerant.
1212 3873 1310 3930 His
1356 3890 1522 3944 porro
1572 3875 1903 3932 altissimum
1952 3877 2146 3948 dogma

573 3964 832 4033 traditur,
855 3973 929 4020 ut
971 3966 1213 4022 sciamus
1257 3966 1352 4037 qui
1394 3967 1465 4022 sit
1497 3983 1659 4024 verus
1689 3966 1888 4032 israel,
1933 3975 1986 4024 et
2007 3983 2148 4039 quae

573 4058 648 4113 sit
675 4057 797 4128 ejus
849 4057 1152 4114 secundum
1191 4065 1396 4114 rectam
1434 4074 1727 4131 veramque
1756 4061 2021 4116 rationem
2054 4075 2146 4116 re-

567 4150 698 4221 gio,
734 4166 856 4222 quae
887 4157 1116 4205 vocatur
1142 4148 1368 4218 Judaea;
1404 4165 1526 4222 quae
1572 4151 1704 4206 item
1758 4166 1885 4206 vera
1925 4149 2149 4208 Jerusa-

585 4259 676 4301 ,ιιι
697 4283 711 4308 ,
732 4241 878 4314 quod
895 4243 987 4298 Dei
1005 4242 1362 4299 domicilium.
1387 4241 1513 4297 Haec
1536 4241 1772 4313 Spiritus
1797 4244 2147 4314 propheticus

568 4335 908 4408 praecellenti
951 4335 1218 4404 sapientia
1264 4334 1575 4405 dispensat,
1630 4341 1792 4405 atque
1822 4351 1927 4390 una
1958 4335 2024 4391 iis
2052 4335 2148 4406 qui

565 4427 843 4497 abjectius
875 4425 1104 4481 Judaico
1134 4441 1286 4482 more
1308 4442 1422 4481 rem
1449 4426 1762 4496 intelligunt
1779 4466 1795 4488 ,
1816 4428 2146 4497 voluptatem

2241 1936 2353 2007 γὰρ
2376 1935 2648 2003 Χριστός·
2683 1931 2811 1990 εἶτα
2836 1937 2889 1989 οἱ
2907 1935 3013 1989 τοῦ
3043 1935 3299 2004 Χριστοῦ
3328 1935 3397 1989 ἐν
3416 1934 3490 2004 τῇ
3515 1935 3834 2004 παρουσίᾳ

2241 2025 2449 2080 αὐτοῦ’
2485 2021 2612 2080 εἶτα
2641 2026 2708 2080 τὸ
2733 2025 2926 2091 τέλος,
2971 2025 3119 2079 ὅταν
3159 2024 3459 2095 παραδιδῷ
3496 2023 3612 2092 τὴν
3630 2025 3832 2090 ,Βασι-

2241 2113 2416 2166 λείαν
2444 2111 2523 2177 τῷ
2553 2110 2674 2177 Θεῷ
2701 2111 2798 2165 καὶ
2825 2112 3028 2182 Πατρί,
3065 2111 3210 2167 ὅταν
3234 2113 3581 2184 καταργήσῃ
3608 2111 3836 2168 πᾶσαν

2241 2202 2533 2268 ἐξουσίαν
2561 2203 2659 2256 καὶ
2688 2202 2964 2272 δύναμιν.
3009 2203 3136 2257 Ὅτε
3178 2204 3273 2258 καὶ
3306 2205 3518 2259 πίονται
3543 2206 3590 2258 οἱ
3618 2205 3830 2259 δίκαιοι

2244 2295 2504 2366 ποτήριον
2551 2293 2696 2366 ζωῆς
2737 2295 3026 2349 ἀθανάτουο
3073 2297 3208 2368 ὅπερ
3255 2297 3437 2360 αὐτοῖς
3485 2295 3828 2367 ἐπήγγελται

2244 2385 2431 2440 εἰπών·
2465 2387 2613 2452 Ἕως
2637 2386 2721 2442 ἂν
2740 2388 2854 2442 πίω
2888 2387 3032 2442 αὐτὸ
3063 2389 3274 2443 καινὸν
3303 2391 3432 2459 μεθ’
3455 2388 3622 2459 ὑμῶν
3647 2391 3721 2443 ἐν
3751 2389 3830 2460 τῆ

2239 2477 2525 2545 ,βασιλείᾳ
2554 2478 2674 2532 τῶν
2701 2478 2972 2549 οὐρανῶν

2245 2592 2355 2646 ΕΙΣ
2385 2593 2472 2648 ΤΟ
2497 2595 2738 2661 ΤΕΛΟΣ,
2763 2596 2857 2650 ΕΝ
2877 2596 3168 2737 ἔέἒΙΝοόἒ,
3195 2597 3485 2652 ΨΑΛΜΟΣ
3509 2597 3596 2668 TD
3619 2597 3828 2660 me,

2315 2771 2601 2836 Γνωστὸς
2628 2771 2699 2826 ἐν
2720 2771 2804 2842 τῇ
2840 2771 3092 2842 Ἰουδαίᾳ
3115 2775 3148 2827 ό
3174 2772 3338 2840 Θεὸς,
3367 2773 3438 2828 ἐν
3462 2772 3543 2838 τῷ
3579 2773 3829 2843 Ἰσραὴλ

2239 2864 2394 2936 μέγα
2416 2863 2482 2918 τὸ
2497 2865 2686 2935 ὄνομα
2707 2864 2913 2921 αὐτοῦ.
2935 2865 3056 2920 Τῶν
3072 2866 3158 2920 ἐπ’
3180 2865 3382 2935 ἀγαθὸν
3399 2865 3828 2937 semava-

2245 2956 2454 3010 πόντων
2475 2957 2566 3010 καὶ
2585 2958 2612 3011 ό
2635 2956 2824 3030 παρὼν
2849 2957 3104 3028 τυγχάνει
3136 2957 3370 3030 ψαλμός.
3399 2959 3618 3030 Συνᾴδει
3647 2957 3705 3010 δὲ
3745 2956 3824 3027 τῷ

2246 3049 2353 3120 πρὸ
2386 3047 2573 3116 αὐτοῦ,
2609 3049 2736 3113 τοὺς
2776 3049 3030 3120 περὶτῆς
3060 3048 3293 3119 κρίσεως
3315 3047 3409 3103 τοῦ
3449 3048 3580 3103 Θεοῦ
3626 3047 3826 3115 λόγους

2246 3142 2535 3215 περιέχων.
2585 3143 2650 3195 '0
2691 3139 2755 3213 δὴ
2804 3141 3104 3212 παρίστησι
3137 3140 3361 3211 φάσκων
3385 3139 3537 3212 ἑξῆς·
3583 3140 3676 3194 Ἐκ
3705 3139 3822 3193 τοῦ

2245 3233 2506 3304 οὐρανοῦ
2537 3233 2864 3303 ήκόντισας
2888 3234 3109 3304 κρίσιν,
3143 3231 3512 3303 τῆ-ἐςροὸήθη
3539 3233 3638 3287 καὶ
3664 3231 3825 3300 ἡσύ-

2244 3341 2437 3397 χασεν
2465 3326 2536 3381 ἐν
2562 3325 2642 3392 τῷ
2675 3325 3013 3396 ἀναστῆναι
3041 3327 3131 3392 εὶς
3156 3326 3361 3395 κρίσιν
3391 3325 3498 3380 τὸν
3533 3324 3681 3379 Θεὸν
3706 3321 3821 3380 τοῦ

2243 3415 2440 3472 σῶσαι
2462 3415 2694 3484 πάντας
2721 3417 2862 3483 τοὺς
2883 3416 3090 3486 πραεῖς
3107 3415 3220 3486 τῆς
3238 3415 3370 3486 τῆς.
3401 3416 3511 3470 Καὶ
3535 3417 3592 3468 ἐν
3621 3416 3820 3486 ἐκείνῳ

2248 3509 2347 3582 μὲν
2381 3510 2598 3580 ἐλέγετο
2637 3512 2749 3574 τοῖς
2777 3507 3158 3582 παρανομοῦσι
3175 3526 3189 3540 ο
3226 3507 3324 3578 Μὴ
3350 3509 3588 3578 suae“
3615 3508 3816 3578 κέρας,

2244 3604 2345 3658 καὶ
2368 3602 2454 3673 μὴ
2485 3602 2757 3670 ἐπαίρετε
2783 3604 2870 3666 είς
2891 3601 3050 3670 ὕψος
3070 3602 3134 3655 τό
3161 3601 3333 3670 κέρας
3352 3599 3538 3670 ὑμῶν·
3561 3603 3627 3654 ἐν
3657 3601 3713 3654 δὲ
3739 3600 3816 3670 τῷ

2244 3693 2386 3765 μετὰ
2425 3696 2631 3764 χεῖρας·
2693 3690 3158 3760 Ἐταράχθησαν,
3213 3691 3400 3762 φησὶν,
3443 3693 3498 3745 οἱ
3533 3692 3817 3745 ἀσύνετοι

2246 3783 2320 3854 τῇ
2347 3783 2578 3854 καρδίᾳο
2607 3783 2898 3837 ὕπνωσαν
2919 3782 3115 3836 ὕπνον
3132 3781 3349 3848 αὐτῶν,
3377 3781 3475 3837 καί
3496 3785 3609 3852 οὐχ
3633 3777 3819 3850 εὖρον

2245 3874 2428 3930 οὐδὲν
2470 3873 2693 3940 πάντες
2731 3875 2786 3926 οὶ
2829 3871 3044 3942 ἄνδρες
3080 3871 3188 3926 τοῦ
3225 3873 3514 3926 πλούτου.
3569 3865 3730 3925 Οὗτοι
3759 3871 3816 3924 δὲ

2243 3963 2384 4040 ἦσαν
2427 3967 2476 4021 oi
2520 3966 2590 4022 τὰ
2629 3966 2838 4039 κέρατα
2883 3963 3158 4034 ὐψοῦντες.
3194 3965 3447 4019 Παιδεύει
3488 3965 3545 4018 δὲ
3586 3965 3676 4018 διὰ
3707 3964 3815 4018 τῶν

2243 4057 2618 4130 προκειμένων
2652 4058 2682 4110 ό
2717 4056 2874 4126 λόγος
2916 4055 3090 4126 δόγμα
3120 4055 3435 4127 βαθύτατον,
3465 4056 3542 4120 ὡς
3571 4056 3636 4110 ἂν
3660 4055 3816 4110 εἰδεί-

2243 4166 2385 4221 ημεν
2427 4149 2512 4213 τίς
2551 4148 2684 4202 ποτέ
2713 4149 2864 4202 ἐστιν
2896 4149 2926 4201 ό
2957 4147 3211 4220 ἀληθινὸς
3251 4148 3489 4220 Ἰσραὴλ,
3531 4149 3626 4204 καὶ
3661 4148 3746 4212 τίς
3777 4151 3812 4222 ή

2243 4241 2432 4294 τούτου
2469 4238 2611 4294 κατὰ
2638 4240 2730 4296 τὸν
2773 4239 2945 4312 ἀληθῆ
2982 4238 3140 4308 λόγον
3175 4238 3328 4311 χώρα
3373 4241 3408 4311 ἡ
3439 4236 3812 4311 ὀνομαζομένη

2259 4333 2505 4390 Ἰουδαία·
2537 4333 2621 4398 τίς
2644 4350 2705 4386 τε
2739 4334 2775 4406 ὴ
2807 4331 3035 4404 ἀληθινὴ
3089 4330 3462 4402 Ἰερουσαλὴμ,
3503 4333 3598 4386 καὶ
3635 4333 3816 4386 όποῖσν

2238 4425 2307 4480 τὸ
2325 4425 2418 4480 τοῦ
2433 4425 2568 4479 Θεοῦ
2586 4425 2920 4496 οἰκητήριον.
2945 4424 3128 4477 Ταῦτα
3152 4424 3212 4478 τὸ
3230 4423 3568 4496 προφητικὸν
3590 4423 3816 4494 Πνεῦμα

565 4517 647 4572 ob
675 4516 958 4571 nominum
997 4516 1415 4572 similitudinem
1456 4516 1651 4584 aﬂ‘ert;
1692 4531 1787 4572 eos
1831 4525 2010 4573 autem
2053 4518 2143 4588 qui

2254 4517 2372 4588 μεθ’
2391 4516 2835 4589 ὑπερϐαλλούσης
2863 4516 3054 4586 σοφίας
3073 4517 3366 4588 οἱκονομείο
3397 4512 3534 4586 ὁμοῦ
3574 4514 3668 4568 καὶ
3703 4514 3817 4577 τοῖς

573 4608 900 4680 speculandi
932 4609 996 4663 νίν
1015 4608 1229 4680 praediti
1255 4617 1392 4665 sunt
1416 4608 1620 4666 divinis
1649 4609 1916 4665 institutis
1943 4609 2146 4667 erudit.

559 4697 793 4757 Judaeus
816 4700 1113 4770 itaquequi
1141 4700 1278 4755 nihil
1304 4700 1452 4755 aliud
1470 4710 1554 4756 est
1573 4723 1596 4763 ,ι
1610 4716 1771 4771 quam
1793 4715 1923 4756 caro
1942 4707 1996 4756 et
2017 4715 2148 4756 san-

573 4790 698 4862 guis
719 4831 736 4858 ,
766 4791 974 4846 carnali
997 4798 1055 4846 et
1078 4805 1344 4860 corporeo
1371 4805 1524 4845 more
1552 4789 1666 4845 hac
1690 4791 1874 4846 audiet
1900 4809 1915 4858 ;
1949 4790 2147 4848 deinde

568 4897 702 4938 vero
736 4882 1051 4946 extolletur,
1084 4897 1252 4938 sensu
1282 4882 1468 4937 carnis
1497 4896 1612 4936 suae
1655 4889 1858 4938 temere
1886 4881 2104 4938 inﬂatus
2127 4926 2144 4951 ,

570 4991 750 5048 neque
772 4983 937 5046 caput
962 4983 1156 5032 tenens
1179 4975 1480 5032 secundum
1507 4972 1565 5028 S.
1593 4974 1934 5044 Apostolum.
1954 4975 2147 5043 Quare

564 5082 632 5122 se
663 5065 918 5121 lsraelem
947 5081 1103 5130 esse,
1140 5073 1303 5136 atque
1331 5063 1596 5128 Judazam,
1633 5064 1769 5119 nihil
1801 5065 1949 5121 aliud
1977 5081 2142 5137 quam

567 5155 985 5214 Palaestinorum
1011 5159 1299 5229 regionem
1336 5151 1459 5214 esse
1502 5156 1751 5228 putabit;
1793 5156 1978 5212 locum
2012 5172 2144 5214 vero

566 5245 664 5303 Dei
699 5263 800 5319 pro
822 5255 1054 5304 terrena
1095 5247 1399 5303 Ierusalem
1431 5247 1696 5304 habebit:
1737 5248 1994 5316 quoniam
2035 5248 2146 5306 He-

569 5338 758 5394 braica
788 5339 952 5394 lectio
979 5340 1034 5394 in
1067 5337 1250 5396 Salem
1284 5341 1468 5394 locum
1511 5340 1633 5410 ejus
1674 5337 1878 5393 factum
1909 5354 2032 5395 esse
2064 5342 2148 5395 di-

568 5430 684 5486 cit:
719 5446 829 5502 quo
860 5432 990 5486 item
1026 5431 1191 5486 modo
1232 5431 1429 5501 reliqui
1475 5430 1837 5504 interpretes,
1868 5433 1923 5487 in
1965 5431 2143 5488 Solem

568 5521 864 5591 videlicet,
893 5523 1207 5578 ediderunt.
1251 5523 1356 5590 Qui
1388 5539 1520 5580 vero
1557 5524 1742 5580 divina
1785 5525 2026 5581 imbutus
2062 5525 2146 5580 di-

569 5615 804 5685 sciplina
845 5622 966 5679 est,
1016 5629 1140 5668 cum
1183 5614 1502 5680 edidicerit,
1551 5631 1659 5672 non
1703 5631 1900 5676 omnes
1941 5617 2038 5689 qui
2079 5632 2146 5672 ex

2249 4606 2645 4679 ταπεινώτερον
2670 4606 2764 4660 καὶ¹
2805 4604 3232 4676 Ἰουδαῖκώτερον
3253 4603 3624 4676 ἀκροωμένοις
3651 4602 3818 4673 θυμη-

2232 4697 2368 4752 «δίαν
2402 4698 2645 4770 παρέχον
2681 4697 2770 4751 διὰ
2808 4697 2909 4766 τῆς
2951 4695 3268 4767 ὁμωνυμίας
3303 4695 3411 4750 τῶν
3452 4694 3814 4764 δηλουμένων,

2247 4791 2383 4863 ὁμοῦ
2423 4792 2530 4845 καὶ
2581 4793 2705 4855 τοὺς
2749 4789 3110 4862 θεωρητικοὺς
3173 4786 3513 4857 παιδεύματα
3568 4783 3815 4837 διδάσκον

2249 4883 2408 4939 θείων
2434 4883 2739 4955 δογμάτων.
2768 4882 2827 4936 '0
2859 4880 2957 4952 μὲν
2989 4874 3083 4934 οῦν
3123 4878 3390 4942 Ἰουδαῖος,
3411 4876 3570 4930 πλέον
3603 4875 3753 4928 οὐδὲν
3779 4874 3812 4945 ἦ

2247 4977 2388 5048 σὰρξ
2421 4976 2516 5030 καὶ
2551 4971 2691 5046 αἷμα
2722 4973 3022 5043 τυγχάνων,
3069 4971 3336 5042 σαρκίνως
3372 4968 3464 5023 καὶ
3493 4965 3816 5039 σωματικῶς

2245 5066 2535 5122 ἀκούσεται
2568 5067 2677 5121 τῶν
2708 5063 3105 5137 προκειμένων·
3149 5063 3386 5117 κᾶπειτα
3426 5058 3810 5130 ἐπαρθήσεται,

2244 5161 2364 5230 εἰκῇ
2391 5157 2747 5229 φυσιούμενος
2773 5155 2880 5208 ὑπὸ
2908 5153 3002 5208 τοῦ
3025 5154 3144 5216 νοὸς
3168 5153 3268 5224 τῆς
3294 5150 3492 5223 σαρκὸς
3513 5148 3698 5212 αὐτοῦ,
3722 5150 3814 5202 καὶ

2242 5253 2303 5304 οὐ
2330 5250 2544 5324 κρατῶν
2581 5251 2679 5322 τὴν
2707 5247 2946 5320 κεφαλὴν
2973 5245 3116 5302 κατὰ
3155 5245 3246 5298 τὸν
3286 5245 3426 5316 ἱερὸν
3475 5239 3812 5295 Ἀπόστολον.

2244 5341 2335 5395 Διὸ
2372 5341 2564 5395 ἑαυτὸν
2613 5341 2712 5412 μὲν
2749 5336 2886 5394 εἶναι
2924 5339 3016 5394 τδν
3060 5336 3274 5410 Ἰσραὴλ
3307 5337 3569 5408 οἰήσεται,
3601 5333 3697 5388 καὶ
3717 5330 3813 5404 τὴν

2250 5433 2513 5487 Ἰουδαίαν
2539 5433 2645 5486 οὐδ’
2689 5432 2882 5505 ἑτέραν
2925 5429 3062 5485 εἶναι
3092 5430 3192 5500 τῆς
3224 5429 3594 5482 Παλαιστίνων
3612 5423 3809 5498 χώρας,

2246 5525 2341 5579 καὶ
2370 5524 2460 5578 τὸν
2501 5525 2662 5578 τόπον
2706 5522 2800 5577 τοῦ
2841 5522 2998 5585 Θεοῦ,
3038 5521 3136 5592 τὴν
3173 5519 3263 5574 ἐπὶ
3287 5523 3390 5592 γῆς
3441 5515 3790 5590 Ἰερουσαλήμ

2248 5615 2545 5689 ἐπειδήπερ
2573 5617 2608 5687 ἡ
2647 5613 2908 5688 Ἐὄραῖκὴ
2948 5611 3374 5684 λέξιςπεριέχει
3403 5612 3460 5665 ἐν
3496 5611 3682 5682 Σαλήμ
3721 5624 3812 5677 γε·

642 5771 689 5804 “
728 5769 870 5828 Psal.
908 5787 1094 5838 Lxxlv,
1126 5770 1158 5827 4
1180 5816 1193 5842 ,
1225 5773 1258 5827 5
1352 5763 1458 5826 ⁸⁸⁷1
1489 5774 1615 5831 Cor.
1653 5793 1743 5842 xv.
1773 5778 1866 5847 2'5,
1901 5779 1990 5833 24.
2068 5778 2110 5808 ⁸⁷
2153 5773 2336 5831 Matth.
2375 5789 2536 5843 x-xvl,
2569 5773 2660 5831 ‘29.
2738 5774 2782 5808 “
2821 5772 2968 5830 Psal.
3001 5786 3184 5842 cxx”,
3217 5771 3268 5837 5,
3299 5769 3350 5826 6.
