4078 6934
269 379 372 436 877

1385 378 1886 436 COMMENTARLA
1925 381 1992 436 IN
2025 382 2365 442 PSALMOS.

3400 389 3504 446 878

264 491 478 563 γονέναι
503 490 592 546 τδν
618 489 780 545 τόπον
804 490 986 546 αὑτοῦ·
1018 492 1111 548 καὶ
1131 494 1182 547 οἱ
1211 492 1388 547 λοιποὶ
1422 493 1479 548 δὲ
1510 495 1832 566 ὲρμηνευταὶ

1939 494 2139 554 lsraele
2183 506 2340 562 sunt,
2381 496 2545 553 lsrael
2579 513 2740 554 esse:
2791 514 2966 571 neque
3007 509 3275 572 quotquot
3317 519 3506 561 semen

263 586 452 640 τοῦτον
481 586 827 658 ήρμήνευσαν
851 585 940 639 τὸν
966 587 1188 658 τρόπον,
1209 587 1280 640 ἐν
1306 586 1518 657 Σαλὴμ
1544 587 1835 642 ἐκδεδωκό-

262 695 378 742 τες.
430 677 488 731 '0
514 677 571 732 δὲ
593 679 706 742 τοῖς
731 675 896 741 Θείοις
916 677 1146 748 δόγμασι
1179 677 1677 749 μεμαθητευμένος,
1711 696 1837 734 παι-

264 768 494 834 δευθεὶς,
524 769 606 823 ὅτι
633 769 696 822 οὐ
730 769 932 833 πάντες
967 770 1016 822 oi
1047 769 1104 836 ἐξ
1151 769 1366 842 Ἰσραὴλ
1403 761 1546 824 οὗτοι
1593 771 1832 843 Ἰσραὴλ,

265 861 384 915 οὐδὲ
429 862 542 915 ὅσοι
583 861 805 932 σπέρμα
854 861 1104 933 Ἀϐραάμ
1141 863 1267 926 είσι,
1309 862 1510 926 πάντες
1547 862 1728 917 τέκνα·
1771 864 1834 917 οὔ

260 951 371 1024 γὰρ
385 951 454 1006 τὰ
473 951 636 1006 τέκνα
658 952 758 1022 τῆς
785 952 984 1022 σαρκὸς
1005 952 1174 1007 ταῦτα
1193 953 1358 1008 τέκνα
1405 954 1500 1009 τοῦ
1529 955 1683 1020 Θεοῦ,
1701 955 1836 1010 ἀλλὰ

259 1039 332 1094 τὰ
358 1041 525 1094 τέκνα
565 1041 665 1112 τῆς
703 1041 1033 1111 ἐπαγγελίας
1062 1041 1335 1112 λογίζεται
1378 1045 1457 1108 εἰς
1487 1043 1726 1118 σπέρμα·
1755 1043 1834 1100 ἔτι

257 1147 320 1186 τε
363 1132 676 1196 ἐπακούσας
717 1131 812 1187 τοῦ
858 1133 1022 1188 αὐτοῦ
1069 1134 1389 1190 Ἀποστόλου
1428 1133 1698 1206 λέγοντος,
1753 1139 1835 1192 Οὐ

259 1220 373 1292 γὰρ
412 1226 446 1277 ό
489 1223 560 1277 ἐν
609 1221 690 1289 τῷ
713 1223 946 1294 φανερῷ
993 1225 1270 1292 Ἰουδαῖός
1301 1226 1492 1292 ἐστιν,
1527 1229 1668 1283 οὐδὲ
1702 1230 1740 1296 ἡ
1767 1230 1838 1284 ἐν

258 1310 341 1380 τῷ
368 1313 603 1383 φανερῷ
631 1315 700 1368 ἐν
730 1315 906 1384 σαρκὶ
939 1316 1241 1387 περιτομήο
1271 1318 1408 1372 ἀλλ’
1443 1321 1476 1373 ό
1498 1319 1570 1374 ἐν
1591 1319 1672 1385 τῷ
1695 1339 1835 1390 κρυ-

256 1404 388 1470 πτῷ
440 1404 739 1472 Ἰουδαῖος,
791 1406 890 1460 καὶ
933 1407 1216 1478 περιτομὴ
1269 1408 1518 1478 καρδίας
1555 1411 1626 1464 ἐν
1660 1413 1838 1466 πνεύ-

247 1514 417 1569 ματι,
451 1499 523 1552 οὐ
554 1497 863 1568 γράμματα
897 1493 970 1553 οὗ
1004 1501 1038 1552 ὀ
1074 1499 1321 1565 ἔπαινος
1357 1501 1468 1554 οὐκ
1510 1499 1580 1564 ἐξ
1618 1501 1838 1570 ἀνθρώ-

254 1603 411 1656 πων,
457 1591 593 1644 ἀλλ’
634 1589 704 1642 ἐκ
747 1587 855 1642 τοῦ
903 1588 1069 1644 Θεοῦο
1116 1591 1210 1644 καὶ
1255 1589 1435 1646 πάλιν·
1491 1591 1682 1660 Ἡμεῖς
1724 1592 1836 1663 γάρ

251 1683 448 1753 ἐσμεν
476 1683 547 1738 ἐν
576 1681 862 1754 περιτομῇ
893 1685 948 1738 οἱ
976 1683 1046 1736 ἐν
1076 1682 1368 1754 πνεύματι
1408 1681 1558 1737 Θεοῦ
1584 1685 1836 1753 λατρεύ-

249 1793 451 1843 οντες,
481 1775 579 1830 real
605 1778 715 1831 οὐκ
746 1777 815 1830 ἐν
841 1774 1020 1845 σαρκί
1046 1775 1410 1841 πεποιθότες·
1453 1773 1532 1827 ἔτι
1576 1775 1682 1847 μὴν
1718 1777 1838 1830 ὲπι-

251 1869 465 1939 στήσας
491 1869 572 1934 τὸ,
605 1867 865 1923 Βλέπετε
908 1865 1015 1921 τὸν
1057 1865 1292 1936 Ἰσραὴλ
1324 1866 1474 1921 κατὰ
1503 1865 1718 1936 σάρκα,
1757 1869 1834 1934 ὡς

251 1961 448 2034 ἑτέρου
480 1960 631 2025 ὄντος
661 1958 756 2014 τοῦ
787 1961 860 2032 μὴ
884 1959 1026 2014 κατά
1060 1959 1256 2030 σάρκα,
1291 1958 1428 2013 ἀλλὰ
1448 1958 1589 2013 κατὰ
1615 1961 1834 2032 πνεῦμα

249 2054 512 2126 ἀληθινοῦ
555 2053 786 2126 Ἰσραήλ·
812 2053 1020 2117 τούτοις
1053 2050 1554 2124 μεμαθητευμένος,
1585 2051 1675 2105 τὸν
1705 2051 1835 2122 ἀλη-

253 2147 404 2203 θινὸν
449 2145 660 2218 Ἰσραὴλ
689 2145 960 2211 ἐκδέξεται
992 2141 1130 2200 εἶναι
1160 2144 1251 2198 τὸν
1283 2145 1347 2198 ἐκ
1381 2144 1476 2198 τοῦ
1512 2145 1835 2217 πράγματος

255 2240 672 2312 σημαινόμενον.
707 2237 1198 2309 Μεταλαμϐάνεται
1220 2235 1352 2307 γοῦν
1377 2236 1612 2308 τοῦνομα
1637 2239 1716 2302 εἰς
1742 2237 1833 2291 τὸν

249 2333 471 2404 ὁρῶντα
493 2332 584 2386 τὸν
613 2332 763 2385 Θεόνο
792 2331 882 2384 τὸν
925 2330 1230 2402 διορατικὸν
1271 2329 1450 2384 τοίνυν
1477 2330 1572 2384 καί¹
1601 2347 1832 2400 γνωστι-

251 2422 353 2476 κὸν
379 2423 472 2475 καὶ
504 2421 920 2494 ἐπιστημονικὸν
950 2421 1116 2492 ἄνδρα
1155 2421 1315 2492 μόνον
1353 2415 1490 2474 εἶναι
1527 2419 1616 2473 τὸν
1647 2420 1833 2492 ἀληθι-

246 2514 345 2567 νὸν
381 2514 592 2586 Ἰσραὴλ
611 2515 989 2584 ἀποφανεϊται·
1013 2512 1071 2566 ὃν
1093 2514 1127 2583 ἠ
1160 2510 1299 2582 μετὰ
1322 2513 1509 2582 χεῖρας
1533 2511 1830 2584 παρίστησι

247 2604 401 2671 λέξις
445 2606 744 2675 φάσκουσαο
795 2607 892 2658 Ἐν
931 2604 1010 2670 τῷ
1054 2603 1295 2674 Ἰσραὴλ
1335 2602 1490 2673 μέγα
1533 2604 1600 2660 τὸ
1645 2605 1831 2675 ὄνομα

245 2696 462 2754 αὐτοῦ.
501 2697 740 2768 Ἐλέγχει
772 2697 830 2750 δὲ
858 2696 948 2750 τὸν
987 2696 1236 2750 Ἰουδαῖον
1263 2697 1363 2750 οὐκ
1400 2697 1548 2762 ἄξιον
1579 2696 1706 2751 ὄντα
1729 2696 1830 2766 τῆς

247 2789 626 2862 προσηγορίας
657 2788 750 2841 τοῦ
789 2787 1005 2860 Ἰσραὴλ
1050 2791 1079 2843 ό
1124 2790 1459 2861 προφητικὸς
1500 2789 1656 2856 λόγος
1695 2787 1830 2841 ἀπο-

242 2882 560 2953 τεινόμενος
580 2881 716 2954 πρὸς
737 2881 932 2946 αὐτοὺς
955 2881 1047 2936 καὶ
1067 2880 1258 2951 λέγων’
1287 2881 1430 2936 Οὐαί
1456 2881 1632 2947 ἔθνος
1655 2881 1830 2949 ἀμαρ-

243 2971 470 3039 τωλὸν,
511 2971 661 3038 λαὸς
697 2972 934 3042 πλήρης
974 2970 1287 3041 ἁμαρτιῶν·
1348 2972 1462 3036 καὶ,
1515 2971 1828 3026 Ἀκούσατε

244 3053 443 3132 λόγον
475 3065 716 3132 Κυρίου,
745 3063 1031 3134 ἄρχοντες
1058 3063 1353 3132 Σοδόμων·
1382 3063 1707 3134 προσέχετε
1730 3063 1828 3116 νό-

240 3173 372 3227 μον
403 3156 570 3220 Θεοῦ,
616 3157 765 3222 λαὸς
797 3156 1126 3224 Γομόρρας.
1164 3156 1372 3228 Ὥσπερ
1416 3151 1508 3210 οὖν
1543 3157 1572 3209 ό
1604 3155 1826 3225 φάσκων
1853 3204 1898 3262 c

245 3247 386 3319 περὶ
415 3246 522 3299 τῶν
545 3245 732 3301 ἐθνῶνο
761 3246 904 3303 Διότι
931 3246 1024 3299 ἀπ’
1045 3245 1317 3300 ἀνατολῶν
1353 3246 1504 3318 ἡλίου
1547 3246 1706 3320 μέχρι
1735 3247 1826 3300 δυ-

249 3337 412 3408 σμῶν
435 3337 741 3402 δεδόξασται
772 3338 834 3392 τὸ
859 3337 1028 3409 ὄνομα
1059 3337 1222 3392 αὑτοῦ
1261 3341 1321 3392 ὲν
1353 3341 1465 3402 τοῖς
1504 3337 1701 3404 ἔθνεσι,
1730 3337 1829 3394 καί

241 3429 326 3483 ἐν
358 3428 538 3481 παντὶ
569 3427 728 3495 τόπῳ
758 3429 1018 3497 θυμίαμα
1061 3427 1422 3498 προσάγεται
1465 3429 1545 3494 τῷ
1585 3430 1829 3498 ὀνόματί

240 3537 392 3591 μου,
432 3520 531 3573 καὶ
568 3522 749 3575 θυσία
789 3519 1033 3589 καθαράο
1075 3523 1170 3574 καὶ⁸
1199 3521 1378 3575 πάλιν·
1408 3523 1561 3576 Διότι
1579 3521 1734 3591 μέγα
1760 3519 1828 3575 τὸ

241 3611 444 3682 ὄνομά
472 3629 590 3682 μου
620 3613 688 3666 ἐν
719 3612 844 3680 τοῖς
877 3613 1100 3676 ἔθνεσι,
1136 3613 1321 3682 σαφῶς
1349 3613 1640 3684 παρίστησι
1672 3612 1829 3666 δύνα-

244 3705 379 3760 σθαι
405 3705 476 3758 τὰ
499 3704 622 3778 ἔθνη
652 3701 788 3760 εἶναι
808 3705 898 3759 τὸν
937 3704 1170 3777 Ἰσραὴλ,
1204 3704 1361 3778 εἴπερ
1385 3706 1456 3759 ἐν
1476 3704 1555 3770 τῷ
1589 3705 1826 3774 Ἰσραὴλ

235 3794 402 3868 μέγα
430 3795 496 3849 τὸ
523 3795 708 3866 ὄνομα
730 3795 936 3850 αὐτοῦ.
966 3797 1074 3850 Καὶ
1105 3796 1241 3868 πρὸς
1267 3796 1365 3868 μὲν
1403 3795 1689 3860 Ἰουδαίους
1714 3796 1827 3850 tle-

236 3905 396 3958 γετο·
412 3886 596 3956 Ὑμεῖς
609 3887 1013 3955 δὲβεϐηλοῦτε
1024 3887 1192 3952 αὐτὸ,
1211 3887 1368 3958 δῆλον
1386 3887 1430 3940 δ’
1457 3887 1539 3940 ὅτι
1553 3887 1614 3941 τὸ
1658 3886 1827 3958 ὄνομα

238 3981 343 4037 τοῦ
373 3981 529 4036 Θεοῦ.
563 3982 673 4036 Καὶ
703 3979 856 4047 αὖθις
891 3983 1106 4055 εἴρηται
1149 3979 1286 4052 πρὸς
1318 3980 1534 4046 αὐτούς’
1569 3983 1648 4035 Δι’
1671 3981 1828 4050 ὑμᾶς

240 4073 580 4141 διαπαντὸς
616 4076 680 4129 τὸ
727 4073 914 4145 ὄνομά
955 4092 1075 4144 μου
1116 4073 1568 4142 ,ϐλασφημεῖται
1603 4073 1674 4127 ἐν
1702 4073 1828 4140 τοῖς

237 4168 513 4222 ἔθνεσιν.
559 4167 622 4221 Ei
658 4166 833 4220 τοίνυν
871 4167 904 4238 ἡ
942 4166 1079 4236 μετὰ
1125 4169 1313 4236 χεῖρας
1349 4165 1540 4236 Γραφὴ
1589 4165 1826 4219 διδάσκει

240 4261 460 4312 ικεῖνον
487 4253 624 4311 εἶναι
652 4257 741 4311 τὸν
785 4257 1019 4329 Ἰσραὴλ,
1053 4259 1182 4328 παρ’
1207 4250 1251 4325 ᾧ
1279 4257 1341 4310 τὸ
1375 4255 1470 4310 τοῦ
1503 4255 1637 4311 Θεοῦ
1670 4254 1825 4320 δοξά-

239 4351 405 4418 ζεται
433 4350 624 4422 ὄνομα,
657 4352 722 4404 ὲκ
751 4350 858 4404 τῶν
887 4349 1187 4422 εἰρημένων
1213 4348 1405 4418 γένοιτ’
1430 4350 1497 4404 ἂν
1530 4349 1826 4421 κατάδηλος

236 4445 272 4498 ό
314 4441 550 4513 ὀφείλων
600 4440 850 4510 λέγεσθαι
883 4440 1084 4513 κυρίως
1137 4440 1370 4512 Ἰσραήλ.
1433 4440 1732 4510 Ἀναλόγως
1767 4441 1825 4495 δὲ

235 4535 426 4606 τούτῳ
458 4534 670 4605 νοήσεις
697 4533 789 4587 καὶ
815 4531 914 4604 τὴν
959 4531 1235 4586 Ἰουδαίαψ
1281 4531 1408 4585 ἔνθα
1445 4532 1553 4603 γάρ
1599 4533 1744 4584 ἐστιν
1789 4533 1822 4603 ή
1858 4552 1904 4611 υ

239 4626 450 4698 γνῶσις
476 4623 571 4678 τοῦ
606 4623 761 4690 Θεοῦ,
790 4623 930 4695 αὕτη
965 4623 1112 4677 ἐστὶν
1137 4626 1170 4696 ἡ
1217 4623 1465 4677 Ἰουδαία.
1499 4623 1666 4676 Τοῦτο
1695 4622 1825 4691 γοῦν

241 4719 280 4791 ἡ
321 4717 516 4791 Γραφὴ
556 4717 852 4789 παρίστησι
885 4716 1132 4784 λέγουσα·
1163 4714 1446 4780 Γνωστός
1473 4714 1543 4768 ἐν
1574 4712 1648 4782 τῇ
1689 4714 1828 4768 Ἰου-

241 4810 386 4879 δαίᾳ
414 4814 448 4864 d
481 4811 644 4876 Θεός.
677 4810 740 4862 Ei
767 4809 824 4862 δὲ
858 4807 932 4880 μὴ
956 4808 1016 4862 τὸ
1039 4810 1269 4880 πρᾶγμα
1296 4806 1389 4860 ἐπὶ
1415 4810 1512 4878 τῆς
1549 4806 1824 4871 Ἰουδαίας,

219 4900 391 4971 ’λέγω
411 4901 470 4955 δὲ
486 4902 584 4971 τῆς
607 4900 978 4954 Παλαιστίνων
1001 4899 1182 4972 χώρας
1208 4899 1532 4970 εὑρίσκοιτο,
1565 4897 1825 4970 πλείστης

239 4992 415 5065 οὔσης
445 4991 881 5064 εἰδωλολατρείας
905 4993 964 5045 ἐν
989 4993 1125 5064 αὐτῇ
1151 4991 1466 5064 γενομένης,
1489 4990 1668 5045 αὐτῶν
1701 4992 1824 5044 Ἰου-

243 5088 415 5141 δαίων
444 5086 507 5140 τὸ
532 5085 752 5139 παλαιὸν
777 5083 1326 5158 είδωλολατρευόντων
1349 5085 1407 5136 ὲν
1427 5083 1586 5154 αὐτῇ,
1609 5083 1683 5146 ὼς
1702 5083 1828 5146 τοὺς

242 5181 540 5252 προφήτας
577 5177 898 5247 ἀπελέγχειν
942 5178 1137 5240 αὐτοὺς
1173 5177 1268 5230 καὶ
1305 5175 1506 5244 λέγειν·
1531 5174 1694 5228 Κατὰ
1717 5174 1830 5244 γὰρ

241 5273 353 5326 τὸν
379 5269 633 5342 ἀριθμὸν
659 5266 778 5322 τῶν
803 5266 1041 5321 πόλεών
1067 5283 1184 5322 σου
1208 5263 1372 5337 ἦσαν
1391 5266 1516 5320 θεοί
1536 5280 1652 5320 σου
1693 5265 1829 5319 Ἰού-

243 5363 344 5429 δα,
368 5363 469 5418 καὶ
498 5362 648 5416 κατὰ
666 5359 909 5430 ἀριθμὸν
928 5359 1208 5428 ἁμφόδων
1238 5357 1622 5428 Ἰερουσαλὴμ
1647 5358 1828 5411 ἔθυον

245 5455 324 5525 τῇ
359 5455 548 5510 Βαάλ·
577 5453 692 5516 πῶς
713 5451 935 5505 δυνατὸν
959 5451 1162 5521 ταύτην
1199 5446 1336 5504 εἷναι
1363 5448 1615 5519 λέγεσθαι
1636 5448 1734 5520 τὴν
1762 5447 1823 5500 τὸ

247 5542 493 5611 γνωστὸν
522 5539 614 5594 τοῦ
645 5538 780 5594 Θεοῦ
811 5538 1152 5608 κεκτημένην
1184 5539 1475 5604 ’1ουδαίαν;
1523 5537 1622 5592 Διὰ
1667 5537 1720 5590 τί
1763 5536 1820 5590 δὲ

327 5759 372 5792 ⁵⁸
408 5759 566 5816 Rom.
623 5759 798 5828 ".28,
835 5760 926 5816 29.
1003 5761 1050 5792 ⁵⁸
1088 5759 1323 5829 Philipp.
1360 5773 1446 5821 ιιι,
1483 5759 1539 5812 '5.
1614 5759 1658 5790 ⁵⁸
1701 5757 1832 5829 [Co

1929 5756 2094 5829 eis.
2141 5754 2372 5829 __"_lsa.
2411 5772 2465 5819 ι,
2501 5755 2584 5829 t,_
2649 5756 2696 5788 σε
2737 5755 2871 5812 ibid.
2907 5754 2992 5811 to.

1647 5827 1831 5901 "_Jcr.
1871 5845 1942 5894 ιι,
1973 5827 2065 5884 ‘28.
2140 5826 2184 5860 ”
2227 5827 2332 5883 lsa.
2367 5843 2489 5895 xu,
2529 5825 2612 5881 i9.

254 5828 345 5885 Η.
423 5831 468 5862 ⁸⁸
506 5831 638 5889 ibid.
714 5833 760 5864 ”
795 5830 928 5888 ibid.
966 5831 1050 5886 19..
1127 5831 1171 5862 ⁸⁷
1205 5828 1308 5886 lsa.
1351 5845 1448 5897 ιιι,
1489 5829 1542 5884 5.

0 6475 2104 6934 —

1933 587 2238 656 Abraham,
2279 588 2418 646 ﬁlios
2460 591 2584 661 ejus
2625 605 2748 646 esse
2785 610 2798 646 :
2833 606 2944 646 non
2974 593 3120 648 enim
3154 593 3249 650 ﬁlii
3279 597 3464 652 carnis
3487 636 3506 661 ,

1935 678 1972 733 ii
2005 678 2098 733 lilii
2132 678 2226 735 Dei
2259 687 2420 746 sunt,
2451 679 2548 736 sed
2592 679 2686 735 ﬁlii
2732 683 3148 752 promissionis,
3194 683 3232 737 ii
3276 699 3376 754 pro
3417 700 3507 741 se-

1935 771 2082 827 mine
2114 781 2541 844 computantur;
2572 789 2696 828 cum
2731 775 2966 831 audierit
3005 776 3134 831 item
3177 777 3313 833 illud
3357 779 3508 851 Apo-

1935 859 2060 914 sloli
2091 859 2331 926 dictum,
2367 861 2491 916 Non
2523 863 2659 916 enim
2697 864 2786 933 qui
2828 865 2880 918 in
2927 866 3240 935 manifesto,
3282 868 3504 926 Juda'us

1934 957 2012 1004 est
2032 989 2048 1016 ,
2077 967 2235 1021 neque
2261 968 2379 1022 qua:
2407 953 2460 1006 in
2496 953 2778 1021 manifesto
2819 955 2874 1008 in
2903 971 3060 1010 carne
3099 966 3176 1010 est
3224 959 3506 1014 circumci-

1934 1041 2051 1104 sio;
2077 1045 2166 1096 sed
2187 1043 2278 1114 qui
2298 1044 2352 1097 in
2374 1043 2703 1107 abscondito,
2723 1044 2943 1102 Iudaeus
2967 1059 3045 1103 est
3063 1065 3082 1102 :
3104 1058 3154 1103 et
3175 1050 3507 1106 circumcisio

1938 1132 2110 1187 cordis
2141 1133 2196 1187 in
2230 1134 2445 1203 spiritu,
2481 1151 2582 1188 non
2615 1135 2814 1202 littera,
2848 1137 2999 1208 cujus
3033 1141 3154 1195 laus
3184 1157 3288 1196 non
3319 1157 3384 1196 ea:
3411 1142 3506 1197 lto-

1937 1223 2198 1289 minibus,
2232 1224 2322 1278 sed
2355 1239 2421 1278 ea:
2453 1224 2565 1280 Deo
2593 1234 2671 1280 est
2705 1226 2780 1293 M’;
2813 1241 2878 1283 ac
2919 1243 3139 1285 rursum
3159 1270 3174 1295 ,
3224 1230 3338 1286 Nos
3367 1235 3507 1288 enim

1935 1331 2116 1370 sumus
2144 1315 2199 1369 in
2227 1315 2626 1371 circumcisione
2651 1317 2739 1388 qui
2772 1318 2826 1371 in
2869 1319 3056 1388 spiritu
3092 1319 3190 1375 Dei
3212 1323 3464 1377 servimus
3487 1361 3504 1388 ,

1935 1423 2096 1478 neque
2138 1407 2194 1460 in
2238 1424 2398 1462 carne
2435 1407 2753 1478 conﬁdimus
2784 1411 2872 1477 ”;
2910 1427 3034 1466 cum
3077 1413 3508 1470 considerat-erit

1935 1499 2099 1553 etiam
2133 1499 2264 1554 illud
2286 1539 2302 1564 ,
2336 1499 2596 1569 Respicite
2639 1499 2817 1556 Israel
2856 1504 3142 1558 secundum
3190 1523 3403 1560 carnem
3432 1508 3502 1576 δι,

1935 1596 2124 1660 utpote
2162 1591 2370 1647 scilicet
2407 1593 2514 1648 alio
2551 1595 2885 1661 exsistente,
2915 1596 3008 1666 qui
3045 1612 3157 1652 non
3200 1599 3503 1654 secundum

1935 1696 2192 1748 carnem,
2225 1682 2321 1739 sed
2349 1685 2648 1740 secundum
2682 1686 2934 1757 spiritum
2966 1704 3130 1746 verus
3171 1688 3339 1746 Israel
3376 1701 3460 1746 est
3487 1711 3502 1759 ;

1935 1771 2050 1828 haec
2079 1774 2308 1832 edoctus
2328 1815 2343 1840 ,
2374 1791 2564 1833 verum
2595 1777 2850 1834 lsraelem
2879 1780 3130 1836 admittet
3160 1798 3284 1838 eum
3315 1785 3407 1853 qui
3435 1801 3505 1840 ex
3548 1774 3555 1781 ’

1864 1853 1907 1908 Β
1933 1878 2099 1935 opere
2125 1866 2550 1926 demonstratur.
2580 1869 2787 1926 Nomen
2817 1886 2980 1942 porro
3009 1873 3276 1942 accipitur
3306 1891 3406 1945 pro
3436 1893 3504 1931 eo

1934 1957 2030 2028 qui
2060 1957 2196 2014 videt
2226 1959 2435 2025 Deam;
2465 1977 2595 2034 ergo
2635 1962 2812 2018 virum
2860 1967 3261 2036 perspicacem,
3306 1969 3504 2024 notitia

1932 2051 2218 2124 praditum
2251 2061 2304 2109 et
2335 2053 2553 2109 doctum
2576 2095 2592 2120 ,
2636 2056 2811 2111 solum
2851 2071 2974 2113 esse
3016 2074 3206 2113 verum
3246 2058 3502 2117 lsraelem

1931 2143 2269 2210 declarabit,
2312 2145 2526 2217 qualem
2574 2146 2690 2202 htec
2729 2149 3003 2203 sententia
3048 2151 3231 2220 prodit
3277 2151 3500 2219 dicens,

1933 2235 2000 2291 In
2025 2236 2200 2292 Israel
2223 2254 2472 2308 magnum
2497 2254 2682 2293 nomen
2703 2237 2840 2308 ejus.
2864 2239 3080 2295 Evincit
3103 2258 3233 2297 vero
3253 2241 3502 2299 Judaeum

1931 2326 2148 2385 lsraelis
2175 2331 2398 2386 n'omine
2426 2331 2648 2402 dignum
2680 2347 2788 2387 non
2829 2347 2952 2388 esse
2981 2333 3337 2403 propheticus
3384 2351 3504 2391 ser-

1931 2433 2056 2484 mo,
2087 2419 2182 2490 qui
2213 2420 2364 2490 ipsos
2391 2421 2616 2490 reSpieit
2649 2429 2701 2476 et
2729 2423 2810 2479 sic
2843 2423 3008 2478 habet
3037 2442 3050 2478 :
3092 2423 3181 2478 Va:
3209 2424 3352 2495 genti
3381 2441 3504 2496 pec-

1931 2509 2119 2564 catrici
2139 2548 2154 2574 ,
2180 2511 2371 2578 populo
2399 2509 2549 2579 pleno
2582 2512 2809 2579 peccatis
2846 2513 2891 2544 ⁸³
2915 2530 2930 2580 ;
2957 2521 3038 2580 et,
3069 2512 3263 2568 Audite
3291 2514 3504 2568 verbum

1928 2599 2167 2670 Domini,
2196 2603 2455 2671 principes
2507 2601 2896 2658 Sodomorum:
2942 2604 3196 2660 attendite
3229 2605 3332 2677 legi
3363 2606 3501 2673 Dei,

1927 2693 2150 2762 populus
2179 2691 2486 2748 Gomorrhm
2513 2694 2581 2748 ⁸⁸.
2618 2694 3086 2761 Quemadmodum
3120 2698 3284 2752 etiam
3314 2697 3407 2768 qui
3435 2699 3504 2754 de

1930 2783 2184 2852 gentibus
2209 2782 2375 2848 dicit,
2408 2785 2476 2839 ab
2507 2786 2719 2840 oriente
2781 2786 2895 2841 sole
2949 2802 3120 2857 usque
3147 2789 3212 2843 ad
3241 2789 3502 2845 occiden-

1930 2881 2074 2937 tem,
2107 2873 2279 2944 gloria
2309 2875 2576 2931 celebruri
2615 2891 2808 2931 nomen
2844 2893 3004 2932 suum
3034 2879 3089 2932 in
3120 2881 3373 2948 gentibus
3402 2897 3416 2946 ;
3449 2891 3500 2936 et

1929 2965 1984 3019 in
2016 2966 2158 3019 omni
2187 2965 2300 3022 loco
2322 3006 2338 3032 ,
2367 2967 2472 3031 ait,
2511 2967 2802 3038 thymiama
2831 2971 3051 3038 o/fertur
3080 2973 3280 3026 nomini
3311 2991 3420 3028 meo
3450 2985 3500 3028 et

1929 3057 2252 3125 sacriﬁcium
2281 3058 2535 3112 mundum
2566 3060 2649 3126 “;
2679 3074 2742 3114 ac
2771 3076 3026 3126 rursum,
3071 3061 3209 3128 Quia
3254 3081 3502 3136 magnum

1929 3154 2007 3201 est
2031 3163 2217 3202 nomen
2240 3164 2412 3202 meum
2433 3149 2485 3201 in
2508 3148 2746 3219 gentibus
2767 3149 2848 3215 ⁶³;
2875 3157 3058 3218 aperte
3081 3150 3321 3204 declarat
3341 3167 3504 3220 posse

1929 3245 2119 3308 gentes
2149 3237 2317 3294 Israel
2345 3255 2468 3296 esse
2488 3279 2502 3304 ,
2537 3239 2805 3309 siquidem
2837 3241 2891 3294 in
2927 3237 3097 3293 Israel
3128 3257 3374 3313 magnum
3405 3260 3504 3298 no-

1929 3346 2045 3384 nten
2075 3330 2210 3398 ejus.
2241 3328 2444 3386 Iudaeis
2473 3346 2604 3384 vero
2635 3329 2955 3385 dicebatur:
2994 3329 3094 3384 Vos
3129 3341 3303 3385 autem
3326 3331 3505 3402 profa-

1928 3423 2069 3476 natis
2093 3421 2226 3476 illud
2254 3423 2322 3487 ⁸⁸,
2353 3421 2607 3478 videlicet
2636 3437 2834 3478 nomen
2865 3419 2978 3476 Dei.
3011 3419 3362 3494 Rursumque
3394 3424 3504 3480 illis

1927 3514 2136 3570 dictum
2179 3523 2264 3570 est
2287 3532 2301 3570 :
2328 3513 2552 3582 Propter
2591 3530 2678 3568 vos
2717 3528 2915 3581 semper
2943 3529 3126 3567 nomen
3155 3531 3326 3568 meum
3357 3515 3504 3570 blas-

1926 3605 2206 3674 pltemalttr
2245 3606 2299 3658 in
2341 3607 2581 3675 gentibus
2612 3605 2678 3659 ⁸⁷.
2716 3605 2775 3659 Si
2819 3606 3004 3674 itaque
3052 3605 3166 3660 haec
3219 3605 3504 3679 Scriptura

1925 3697 2085 3752 docet
2113 3697 2266 3751 illum
2299 3713 2422 3754 esse
2466 3697 2720 3755 lsraclem
2766 3712 2932 3768 penes
2981 3714 3140 3768 quem
3177 3716 3378 3755 nomen
3407 3701 3504 3756 Dei

1928 3790 2262 3854 celebratur,
2313 3805 2381 3846 ex
2415 3790 2529 3860 jam
2577 3789 2743 3845 dictis
2791 3789 3140 3846 manifestum
3193 3794 3360 3848 fuerit
3408 3794 3504 3864 qui

1925 3898 2055 3939 vere
2101 3891 2156 3939 et
2201 3883 2422 3954 proprie
2469 3881 2638 3939 Israel
2680 3884 2961 3940 vocandus
2990 3885 3082 3939 sit.
3140 3884 3505 3954 Proportione

1927 3973 2161 4045 quadam
2197 3973 2266 4030 de
2294 3973 2481 4029 Judzra
2516 3975 2658 4030 idem
2695 3975 2988 4046 intelligas.
3020 3973 3156 4028 Nam
3191 3975 3282 4028 ubi
3315 3977 3508 4046 cogni-

1926 4064 2006 4120 tio
2051 4063 2148 4120 Dei
2197 4071 2314 4130 est,
2364 4064 2442 4120 ibi
2491 4061 2678 4118 Iudaea
2726 4065 2963 4120 exsistit.
3013 4062 3169 4129 Quod
3207 4064 3292 4120 his
3318 4064 3505 4120 verbis

1929 4157 2214 4228 Scriptura
2257 4157 2540 4212 declarat:
2579 4155 2755 4211 Notus
2798 4156 2854 4209 in
2897 4155 3093 4210 Judwa
3137 4153 3298 4210 Deus.
3346 4156 3506 4222 Quod

1927 4248 1975 4305 si
2005 4249 2059 4304 id
2092 4264 2203 4304 non
2229 4249 2284 4303 in
2312 4246 2497 4303 Judaea
2519 4288 2535 4312 ,
2569 4248 2684 4302 sive
2715 4247 2770 4302 in
2798 4245 3214 4304 Palestinorum
3244 4258 3389 4304 terra
3419 4263 3508 4304 re.

1928 4340 2157 4411 peritur,
2205 4355 2330 4394 cum
2366 4341 2536 4394 multa
2582 4338 2654 4393 ibi
2703 4338 3011 4393 idololatria
3065 4338 3251 4406 fuerit,
3283 4339 3507 4410 quando

1927 4433 2056 4485 olim
2101 4430 2272 4486 Judaei
2324 4431 2467 4486 idola
2511 4430 2801 4498 colebant,
2837 4434 2912 4483 ita
2943 4439 3003 4485 ut
3035 4432 3316 4502 prophetae
3355 4432 3506 4503 ipsos

1929 4532 2291 4596 coarguerent
2318 4539 2381 4580 ac
2409 4523 2655 4579 dicerent
2674 4563 2689 4586 ,
2731 4521 2873 4578 Nam
2904 4524 3191 4579 secundum
3228 4543 3506 4580 numerum

1932 4616 2204 4669 civitatum
2241 4625 2456 4668 tuarum
2488 4625 2637 4668 erant
2671 4612 2748 4667 dii
2790 4615 2887 4680 tui,
2925 4613 3072 4669 Juda
3092 4656 3107 4679 ,
3139 4626 3189 4670 et
3219 4617 3507 4676 secundum

1933 4721 2208 4760 numerum
2267 4704 2526 4760 biviorum
2599 4703 2902 4759 Jerusalem
2961 4706 3340 4776 sacriﬁcabant
3409 4709 3512 4776 ipsi

1931 4798 2072 4854 Baal
2101 4797 2169 4859 ⁵⁸,
2199 4797 2292 4867 qui
2327 4797 2442 4852 ﬁeri
2471 4807 2651 4867 potest
2680 4797 2822 4852 hanc
2849 4796 2957 4851 dici
2985 4794 3229 4852 Iudaeam
3267 4814 3387 4868 quae
3415 4815 3510 4855 no-

1931 4889 2108 4944 titiam
2141 4888 2236 4944 Dei
2271 4888 2559 4943 obtineat?
2588 4887 2701 4944 Cur
2729 4888 2858 4942 item
2887 4903 2996 4942 non
3032 4888 3187 4944 dicas
3217 4887 3506 4962 Egyptioo

1930 4998 2051 5038 rum
2082 4983 2359 5054 regionem
2387 4996 2454 5036 eo
2483 4981 2746 5037 vocabulo
2775 4983 3026 5052 dignam,
3058 4983 3125 5038 de
3155 4998 3262 5052 qua
3299 4983 3506 5039 dictum

1929 5083 2047 5142 est,
2090 5073 2160 5128 Et
2187 5073 2287 5128 erit
2317 5071 2487 5127 altare
2517 5072 2742 5126 Domino
2776 5073 2830 5126 in
2865 5081 3006 5127 terra
3049 5072 3273 5144 zEgypti
3301 5075 3386 5141 ης
3441 5090 3506 5128 at:

1929 5180 2156 5229 rursus,
2207 5164 2274 5218 Et
2302 5175 2459 5220 notus
2505 5165 2606 5219 erit
2651 5159 2907 5218 Dominus
2936 5163 3208 5234 ngyptiis
3231 5166 3258 5219 .9
3291 5163 3423 5218 Nam
3457 5165 3504 5220 si

1929 5275 2096 5329 penes
2135 5273 2230 5314 eos
2262 5258 2464 5328 quibus
2499 5265 2663 5312 notus
2698 5264 2782 5313 est
2818 5256 2962 5313 Deus
2989 5256 3178 5312 Judaaa
3208 5257 3502 5326 reperitur,

1928 5348 2061 5419 quid
2107 5349 2366 5418 impediat
2409 5348 2706 5418 quominus
2754 5361 2948 5405 omnes
2996 5348 3091 5418 qui
3134 5346 3502 5416 cognitionem

1930 5440 2024 5496 Dei
2054 5448 2384 5511 acceperunt
2406 5439 2464 5494 in
2483 5439 2671 5496 Judzea
2695 5455 2819 5496 esse
2848 5435 3145 5494 dicantur?
3171 5437 3352 5504 Quare
3378 5453 3506 5492 con-

1927 5542 2217 5604 sequenter
2245 5531 2314 5587 ad
2341 5532 2556 5598 isthme,
2583 5531 2830 5589 Ecclesia
2859 5531 2953 5587 Dei
2984 5546 3081 5603 per
3107 5537 3284 5588 totum
3313 5530 3502 5584 orbem

3093 5755 3140 5788 ⁸⁸
3181 5752 3406 5812 Malach.
3445 5770 3502 5824 ι,
