4078 6934
667 335 780 393 ιτς
1363 328 1636 388 EUSEBII
1672 327 2152 388 CESARIENSIS
2187 331 2333 395 OPP.
2380 337 2558 395 PARS
2593 335 2682 394 Ill.
2708 368 2777 382 —
2798 335 3208 394 EXEGETICA.
3819 339 3960 396 880

655 454 964 512 constituta
983 494 999 520 ,
1027 453 1084 510 in
1107 465 1214 524 qua
1241 448 1336 522 qui
1367 459 1454 506 est
1487 465 1653 521 super
1671 449 1869 506 omnia
1897 447 2042 507 Deus
2069 458 2202 506 notu

2300 497 2307 514 _
2336 454 2437 508 οὐκ
2465 455 2532 509 ἂν
2557 454 2731 518 εἰποις
2763 451 2862 524 τὴν
2889 451 3198 522 Αἰγυπτίων
3228 449 3411 523 χώραν
3437 447 3592 515 ἀξίαν
3615 451 3718 522 τῆς
3745 470 3956 524 προσ-

662 556 750 605 est
769 589 785 611 ,
819 545 1007 602 Judaaa
1037 549 1402 615 congruenter
1431 541 1541 596 dici
1570 541 1767 613 possit.
1800 539 1988 613 Neque
2015 541 2202 620 aberre

2333 545 2584 618 ηγορίας,
2612 544 2742 617 περὶ
2773 538 2842 617 ἧς
2868 541 3100 616 είρηται·
3137 542 3246 596 Kal
3276 541 3446 596 ἕσται
3476 543 3954 613 θυσιαστήριον

663 644 712 698 si
743 641 898 696 dicas
937 638 1182 694 Judaaam
1206 650 1359 702 esse,
1378 641 1564 690 totam
1595 632 1863 689 divinitus
1907 633 2202 704 inspiratam

2331 633 2412 701 τῷ
2439 636 2635 706 Κυρίῳ
2663 635 2732 690 ἐν
2760 635 2920 706 χώρᾳ
2948 635 3272 706 Αἰγύπτουο
3301 634 3396 689 καὶ
3420 629 3593 698 αὖθις·
3624 634 3740 688 Kal
3764 652 3948 704 γνω-

660 741 719 789 et
746 730 1032 788 Iudaicam
1064 729 1422 798 scripturam,
1447 740 1570 797 quae
1596 740 1697 781 ceu
1719 724 2005 796 possessio
2033 731 2090 779 et
2115 739 2202 778 am

2329 725 2479 794 στὸς
2502 726 2674 782 ἔσται
2702 727 2918 798 Κύριος
2952 726 3078 792 τοῖς
3115 726 3490 795 Αίγυπτίοις;
3519 727 3582 779 Εἰ
3627 726 3741 798 γὰρ
3779 729 3946 798 παρ’

661 825 812 881 bitus
843 823 956 879 veri
987 821 1206 878 lsraelis
1237 819 1548 890 nuncupari
1578 823 1803 889 potest,
1847 816 1978 888 quia
2020 816 2076 872 in
2110 815 2202 886 ips:

2326 811 2409 882 οἷς
2433 819 2672 888 γνωστός
2700 819 2846 872 ἐστιν
2866 820 2895 871 6
2916 816 3048 882 Θεὸς
3077 817 3228 890 παρά
3247 818 3456 884 τούτοις
3485 821 3580 874 καὶ
3604 822 3638 892 ἡ
3675 821 3943 876 Ἰουδαία

661 915 903 985 cognitio
926 912 1026 968 Dei-
1045 912 1381 968 continetur.
1412 909 1540 965 Pari
1568 909 1755 980 itaque
1785 908 1948 964 modo
1978 923 2103 964 vera
2131 905 2199 963 ιιι

2328 909 2604 980 τυγχάνει,
2645 908 2699 963 τί
2733 907 2794 963 τὸ
2837 906 3044 961 κωλῦον
3072 907 3148 980 μὴ
3186 907 3392 974 πάντας
3420 909 3546 974 τοὺς
3575 911 3676 982 τὴν
3707 911 3942 980 γνῶσιν

659 1007 775 1061 dea
807 1013 862 1061 et
892 1020 1056 1061 verus
1082 1003 1248 1061 Israel
1275 1003 1630 1074 intelligatur.

2331 1000 2686 1074 ἀνειληφότας
2715 1000 2810 1055 τοῦ
2841 999 2976 1055 Θεοῦ
3008 1002 3066 1055 ἐν
3091 1004 3158 1074 τῇ
3203 1002 3430 1076 Ἰουδαίᾳ
3452 997 3589 1058 εἶναι
3617 1003 3938 1072 Eyssen;

656 1100 880 1166 Τούτοις
912 1097 1004 1156 οῦν
1025 1101 1311 1169 -ξάναλόγως
1343 1099 1438 1154 καί¹
1473 1099 1508 1170 ἡ
1541 1096 1664 1152 καθ’
1687 1097 1815 1169 ὅλης
1846 1095 1946 1168 τῆς
1975 1093 2300 1167 οἰκουμένης
2331 1095 2629 1168 Ἐκκλησία
2653 1096 2809 1164 Θεοῦ,
2835 1098 2892 1151 ὲν
2917 1090 2953 1170 ᾖ
3013 1097 3044 1149 6
3079 1097 3173 1151 ἐπὶ
3226 1097 3442 1153 πάντων
3470 1097 3600 1160 Θεὸς
3660 1098 3938 1167 γνωστὸς

654 1192 732 1248 ὢν
763 1193 1038 1265 τυγχάνει,
1081 1193 1311 1248 Ἰουδαία
1335 1208 1396 1244 τε
1425 1189 1662 1260 εὐλόγως
1690 1188 1758 1243 ἂν
1795 1187 2007 1261 ῥηθείη.
2070 1188 2183 1242 Οὑκ
2237 1186 2302 1243 ἂν
2335 1187 2391 1243 δὲ
2423 1189 2690 1261 ἁμάρτοις
2734 1189 2996 1245 Ἰουδαίαν
3029 1185 3168 1245 εἰναι
3213 1189 3388 1260 λέγων
3434 1191 3615 1246 πᾶσαν
3647 1191 3752 1263 τὴν
3785 1190 3936 1245 Θεό-

654 1303 915 1341 πνευστον
943 1287 1037 1340 καὶ
1073 1285 1368 1357 Ἰουδαῖκὴν
1415 1282 1656 1354 Γραφὴν,
1705 1283 1893 1352 κτῆμα
1916 1275 2081 1334 οὖσαν
2124 1278 2220 1334 καὶ
2257 1278 2332 1343 ὡς
2358 1279 2664 1353 περίχωρον
2687 1279 2782 1334 τοῦ
2809 1279 3062 1353 ἀληθινοῦ
3103 1280 3338 1354 Ἰσραὴλ,
3365 1280 3453 1336 διά
3489 1281 3562 1343 ιτδ
3608 1283 3710 1354 τὴν
3763 1281 3936 1351 γνῶ-

653 1400 740 1437 σιν
775 1381 868 1436 τοῦ
907 1381 1039 1436 Θεοῦ
1070 1382 1127 1435 ἐν
1158 1382 1294 1452 αὐτῇ
1333 1377 1699 1453 περιέχεσθαι.
1743 1375 1900 1431 Οῦτω
1935 1375 2034 1448 μὲν
2061 1368 2154 1429 οῦν
2189 1374 2225 1447 ἡ
2261 1373 2489 1447 ἀληθινὴ
2527 1374 2754 1431 Ἰουδαία
2785 1374 2881 1429 καὶ
2941 1377 2971 1430 6
3000 1374 3249 1448 ἀληθινὸς
3297 1373 3512 1448 Ἰσραὴλ
3572 1374 3928 1449 νοηθήσετω

651 1475 793 1529 κατά
823 1474 912 1528 τὸν
935 1474 1116 1545 ὅμοιον
1145 1472 1364 1546 τρόπον.

722 1591 892 1647 Vens.
923 1591 978 1647 '5.
1001 1589 1334 1663 "Perpendas
1375 1604 1507 1646 vero
1547 1588 1823 1661 quomodo
1851 1587 2024 1658 factus
2055 1594 2132 1641 est
2163 1584 2202 1639 is

2391 1579 2627 1652 Νοήσεις
2656 1579 2715 1635 δὲ
2738 1580 2889 1645 ὅπως
2914 1581 3167 1652 ἐγενήθη
3194 1582 3266 1638 ἐν
3295 1583 3502 1656 εἰρήνῃ
3529 1587 3565 1640 ό
3587 1588 3778 1656 τόπος
3797 1592 3926 1645 αὑ-

649 1699 777 1756 pase
826 1682 972 1736 locus
1019 1680 1132 1750 ejus
1155 1721 1170 1745 ,
1209 1688 1260 1734 et
1291 1678 1553 1734 habitatio
1581 1679 1695 1750 ejus
1721 1679 1778 1732 in
1809 1675 1961 1734 Sion.
2003 1674 2140 1731 Nam
2170 1689 2198 1730 s

2320 1671 2450 1738 τοῦ,
2482 1671 2581 1726 καί
2608 1672 2675 1727 τὸ
2705 1672 3157 1744 κατοικητήριον
3179 1674 3367 1731 αὐτοῦ
3396 1677 3466 1730 ἐν
3499 1677 3668 1732 Σιών.
3699 1680 3766 1734 Εἰ
3803 1683 3924 1753 μὲν

648 1775 804 1830 locus
835 1772 960 1837 ille,
993 1785 1154 1842 quem
1185 1769 1358 1826 Judaei
1385 1770 1441 1825 in
1479 1769 1688 1827 honore
1715 1768 1990 1826 habebant
2013 1809 2028 1835 ,
2061 1765 2202 1822 belli:

2319 1762 2430 1835 γὰρ
2469 1765 2497 1817 6
2541 1763 2693 1836 παρά
2741 1763 3014 1829 Ἰουδαίοις
3050 1764 3360 1839 τιμώμενος
3397 1769 3558 1833 τόπος
3585 1770 3922 1844 ἀπόρθητος

647 1873 702 1920 et
733 1861 1136 1919 vastationibus
1164 1877 1274 1917 non
1303 1861 1576 1919 obnoxius
1623 1860 1848 1926 fuisset,
1893 1858 2090 1915 merito
2115 1856 2217 1914 Ju-

646 1955 780 2011 daeis
829 1954 1057 2011 concedi
1107 1964 1295 2024 posset
1348 1968 1474 2009 eum
1523 1954 1705 2024 ipsum
1763 1967 1888 2009 esse
1942 1951 2126 2007 locum
2182 1963 2218 2005 a

647 2045 934 2116 Scriptura
979 2044 1301 2100 indicatum.
1332 2043 1490 2111 Quod
1535 2045 1583 2102 si
1632 2044 1724 2100 ille
1770 2057 1803 2098 a
1845 2041 2217 2099 fundamentis

643 2139 862 2194 dirutus
892 2145 947 2194 et
976 2151 1119 2208 saepe
1147 2147 1341 2209 captus
1371 2137 1440 2193 ab
1470 2135 1724 2194 hostibus
1753 2134 1888 2204 fuit,
1941 2142 1997 2192 et
2036 2144 2216 2190 tamen

649 2232 806 2287 locus
837 2230 959 2301 ejus
991 2231 1045 2286 in
1073 2244 1208 2302 pace
1239 2245 1363 2286 esse
1405 2230 1642 2298 dicatur,
1709 2245 1822 2286 non
1866 2244 2000 2287 sane
2039 2227 2218 2300 possit

642 2339 830 2380 revera
856 2322 1036 2394 putari
1061 2322 1216 2378 locus
1237 2321 1335 2378 Dei
1361 2337 1482 2379 esse
1499 2362 1514 2388 ,
1543 2323 1636 2394 qui
1664 2321 1986 2394 plerumque
2011 2320 2082 2377 ab
2107 2321 2216 2376 ini-

639 2413 801 2468 micis
831 2411 1137 2468 debellatus
1165 2412 1257 2469 sit.
1281 2411 1464 2478 Quare
1489 2411 1601 2482 jam
1632 2428 1742 2469 non
1781 2413 1937 2478 dicit,
1965 2413 2025 2467 in
2054 2410 2216 2467 leru-

642 2505 845 2570 solem,
897 2520 968 2561 ne
1018 2503 1144 2576 quis
1194 2503 1469 2560 laberetur
1511 2502 1798 2559 Judaicam
1848 2504 2040 2560 urbem
2089 2517 2213 2560 esse

639 2595 975 2668 cogitando;
1017 2593 1114 2651 sed
1165 2593 1288 2650 loco
1334 2595 1484 2650 illius
1528 2609 1716 2650 veram
1761 2595 2091 2652 sententiam
2131 2595 2212 2652 sic

637 2690 949 2762 expressit,
997 2686 1200 2744 Factus
1228 2697 1306 2744 est
1346 2689 1401 2743 in
1432 2687 1612 2744 Salem
1655 2689 1800 2744 locus
1847 2689 1982 2759 eius.
2029 2689 2210 2746 Salem

635 2798 770 2840 vero
794 2798 901 2853 pax
929 2781 1280 2852 explicatur:
1327 2794 1498 2850 quare
1541 2779 1686 2851 apud
1728 2778 2084 2852 Septuaginta
2121 2777 2211 2836 ln—

636 2882 909 2944 terpretes
935 2872 1144 2928 dictum
1171 2878 1257 2928 est
1275 2911 1291 2938 ,
1323 2869 1526 2926 Factus
1552 2879 1630 2926 est
1659 2872 1716 2926 in
1742 2887 1870 2940 pace
1895 2871 2041 2927 locus
2069 2874 2206 2937 eius.

638 2964 697 3021 Si
729 2966 893 3036 igitur
924 2965 1121 3020 animae
1153 2963 1302 3020 omni
1333 2977 1565 3036 prorsus
1594 2962 1737 3019 bello
1771 2963 1958 3019 liberte
1993 2964 2050 3018 in
2081 2978 2210 3035 pro-

635 3058 920 3128 speritate,
945 3056 1128 3129 quiete
1151 3063 1208 3113 et
1236 3056 1635 3127 tranquillitate
1659 3055 1942 3128 degentes,
1972 3057 2028 3112 in
2058 3064 2204 3112 terra

2319 1856 2415 1910 καὶ
2463 1855 2806 1930 ἀπολέμητος
2857 1858 3189 1929 πεφύλακτο,
3239 1861 3398 1932 λόγον
3442 1858 3552 1935 εἷχε
3592 1869 3921 1939 συγχωρεῖν

2330 1949 2593 2004 Ἰουδαίων
2625 1952 2811 2006 παισὶν
2846 1952 3010 2008 αὑτὸν
3048 1948 3186 2009 εἷναι
3223 1955 3463 2028 νομίζειν
3503 1959 3596 2012 τὸν
3639 1959 3750 2013 ὑπὸ
3783 1959 3919 2016 τῶν

2315 2041 2548 2114 Γραφῶν
2575 2042 2917 2116 δηλούμενοψ
2952 2049 3002 2100 εἰ
3031 2047 3076 2101 δ’
3098 2042 3250 2112 οὗτος
3275 2049 3373 2120 μὲν
3394 2049 3460 2103 ὲκ
3483 2049 3703 2123 βάθρων
3722 2051 3918 2126 ἀνῆρ-

2313 2150 2405 2187 ται
2431 2133 2594 2199 ἁλοὺς
2623 2133 2883 2201 πολλάκις
2911 2137 3018 2191 ὑπὸ
3055 2137 3350 2210 πολεμίων,
3398 2140 3455 2196 ἰν
3492 2143 3682 2214 εἰρήνῃ
3717 2143 3774 2197 δὲ
3805 2143 3912 2199 u-

2313 2241 2472 2294 γεται
2503 2225 2770 2298 ὑπάρχειν
2795 2229 2826 2281 6
2850 2227 3015 2293 τόπος
3036 2228 3220 2284 αὑτοῦ·
3252 2230 3352 2284 οὑκ
3373 2229 3440 2285 ἀν
3459 2231 3674 2286 δύναιτο
3699 2233 3912 2306 ἀληθεῖ

2313 2317 2455 2390 λόγῳ
2481 2319 2796 2391 νομίζεσθαι
2820 2319 2985 2386 τόπος
3005 2317 3144 2376 εἰναι
3169 2321 3266 2376 τοῦ
3291 2321 3427 2376 Θεοῦ
3449 2324 3479 2378 6
3499 2322 3765 2389 πολλάκις
3783 2326 3909 2381 ὓπῦ

2313 2409 2589 2481 πολεμίων
2619 2409 2802 2473 ἀλούς.
2835 2410 2927 2464 Διὸ
2951 2411 3075 2466 οὐδὲ
3102 2411 3354 2484 ὠνόμασε
3380 2412 3497 2478 νῦν,
3525 2413 3624 2468 ἐπὶ
3644 2413 3903 2482 τὴνἾε-

2301 2499 2658 2580 ἴρουοάαἰὴμ,
2680 2501 2756 2566 ὡς
2791 2501 2858 2556 ἀν
2889 2503 2963 2575 μή
2993 2520 3077 2568 τις
3103 2503 3325 2558 ἐκπέσοι
3344 2503 3436 2558 ἐπὶ
3458 2503 3556 2577 τὴν
3594 2505 3906 2578 Ἰουδαῖχὴν

2311 2591 2486 2646 πόλιν·
2524 2592 2644 2648 ἀντὶ
2681 2593 2738 2647 δὲ
2775 2593 2978 2666 ταύτης
3004 2595 3105 2666 τὴν
3145 2594 3382 2651 διάνοιαν
3421 2595 3517 2650 τοῦ
3560 2597 3904 2669 πράγματος

2310 2685 2657 2757 παρέστησεν
2697 2684 2886 2739 εἰπών·
2944 2686 3223 2758 Ἐγενήθη
3263 2687 3334 2741 ἐν
3376 2686 3588 2758 Σαλήμ
3622 2691 3656 2743 ὁ
3701 2691 3897 2757 τόκος

2309 2777 2518 2834 αὐτοῦ.
2570 2777 2759 2850 Σαλὴμ
2821 2777 2880 2833 δὲ
2935 2778 3297 2851 ἑρμηνεύεται
3347 2779 3576 2850 είρήνη·
3608 2779 3690 2834 διδ
3733 2784 3898 2857 πα.ρά

2307 2872 2422 2934 τοῖς
2475 2868 2876 2942 Ἐδδομήκοντα
2917 2869 3150 2943 είρηταιο
3201 2872 3481 2944 Ἐτενήθη
3511 2872 3583 2926 ἐν
3612 2871 3830 2944 εἰρήνῃ
3857 2875 3897 2930 δ

2307 2963 2492 3028 τόπος
2529 2962 2736 3018 αὐτοῦ.
2764 2963 2828 3017 Εἰ
2872 2961 2971 3034 μὲν
3013 2957 3106 3017 οῦν
3141 2963 3238 3017 καὶ
3267 2965 3362 3018 ἐπὶ
3401 2963 3506 3035 γῆς
3546 2964 3893 3037 εὑρίσκοιντο

2305 3051 2472 3123 ψυχαὶ
2523 3055 2726 3118 παντὸς
2767 3053 3207 3128 ἠλευθερωμέναι
3238 3055 3472 3128 πολέμου
3502 3056 3562 3111 ὲν
3590 3056 3890 3129 εὐπαθείᾳ

633 3126 1002 3219 reperiantur,
1021 3195 1024 3198 .
1031 3146 1158 3218 jure
1188 3126 1443 3202 dicantur
1475 3146 1579 3200 illa
1611 3126 1766 3205 locus
1795 3144 1891 3202 Dei
1930 3162 2084 3210 esse,
2118 3154 2202 3202 ut-

2308 3146 2402 3201 καὶ
2457 3145 2725 3219 ἀταραξίᾳ
2781 3149 2876 3202 καὶ
2924 3126 3133 3220 γαλήνῃ
3179 3126 3481 3218 διάγουσαι,
3539 3150 3768 3214 εἰκότως
3815 3126 3888 3206 ἀν

633 3247 762 3309 pote
793 3253 914 3308 quae
943 3237 1212 3309 Spiritum
1240 3235 1486 3291 divinum
1520 3239 1577 3292 in
1607 3253 1668 3294 se
1697 3238 1936 3308 capiant.
1984 3237 2112 3295 Ideo
2138 3239 2207 3296 de

607 3329 837 3384 talibus
865 3327 1074 3382 dictum
1103 3334 1223 3394 est,
1267 3326 1586 3383 Inhabitabo
1622 3328 1678 3382 in
1717 3328 1826 3383 illis
1864 3339 1918 3384 et
1955 3329 2204 3384 inambu-

632 3419 752 3476 labo
774 3461 790 3485 ,
821 3429 871 3475 et
902 3437 990 3475 ero
1020 3419 1238 3475 illorum
1272 3419 1412 3475 Deus
1437 3459 1452 3485 ,
1481 3429 1533 3474 et
1563 3419 1666 3489 ipsi
1694 3428 1849 3474 erunt
1886 3419 2015 3474 mihi
2041 3435 2207 3490 popu-

630 3513 716 3568 lus
746 3514 814 3566 ⁸ο.
845 3511 1000 3580 Quod
1032 3511 1080 3569 si
1124 3512 1264 3568 tales
1298 3512 1530 3568 interra
1557 3527 1784 3583 perraro
1811 3513 2202 3584 inveniantur;

630 3620 757 3660 cum
784 3611 975 3660 contra
998 3605 1054 3658 in
1077 3603 1296 3660 civitate
1318 3603 1413 3660 Dei
1441 3647 1457 3670 ,
1487 3603 1700 3660 cmlesti
1732 3602 1829 3659 Dei
1863 3604 2204 3660 domicilium

607 3696 876 3766 angelis,
928 3695 1310 3768 arcbangelis,
1359 3695 1562 3772 divinis
1604 3695 1936 3764 virtutibus,
1987 3695 2202 3768 spiriti-

631 3786 848 3858 busque
893 3786 1103 3843 sanctis
1147 3787 1558 3859 frequentetur;
1590 3787 1716 3859 jure
1744 3787 1894 3844 dicat
1923 3788 2200 3860 quispiam

617 3881 703 3936 ibi
750 3881 931 3935 locum
974 3878 1071 3936 Dei
1115 3895 1275 3946 esse,
1318 3891 1373 3937 et
1415 3879 1565 3935 illam
1605 3895 1790 3936 veram
1819 3896 1944 3936 esse
1972 3896 2199 3953 pacem,

605 3983 748 4038 quae
779 3965 966 4022 'Salem
1009 3967 1098 4021 hic
1127 3965 1390 4022 Hebraice
1419 3975 1789 4036 nuncupatur.
1835 3965 2016 4034 Quare
2057 3969 2202 4038 Apo-

607 4059 806 4114 stolus
834 4073 958 4112 cum
989 4065 1178 4114 nosset
1205 4071 1325 4113 eam
1355 4057 1574 4114 dicebat
1601 4076 1615 4114 :
1652 4057 1761 4112 Illa
1791 4075 1908 4114 vero
1935 4075 2052 4130 qua:
2078 4075 2202 4115 sur-

613 4165 746 4202 rsum
780 4158 870 4204 est
909 4147 1208 4204 Jerusalem
1257 4149 1423 4204 libera
1451 4159 1562 4214 est,
1608 4166 1726 4222 qua
1765 4160 1842 4206 est
1874 4161 2043 4206 mater
2096 4168 2196 4206 no-

626 4251 742 4296 stra
768 4243 835 4297 θί.
862 4240 996 4296 Nam
1026 4240 1206 4298 Salem
1225 4242 1530 4313 esplicatur
1555 4257 1694 4312 pax;
1719 4241 2021 4300 Jerusalem
2045 4259 2196 4308 vero,

623 4335 755 4387 uisio
796 4333 943 4404 pacis
968 4349 989 4388 :
1028 4334 1189 4403 cujus
1235 4335 1379 4390 lares
1427 4335 1483 4389 in
1524 4335 1845 4390 caelestibus
1886 4335 2198 4407 divinisque

605 4426 920 4482 'virtutibus
945 4426 1216 4482 exsistunt
1243 4445 1257 4482 :
1290 4427 1343 4480 in
1373 4426 1574 4497 quibus
1597 4426 1746 4482 Deus
1771 4428 1888 4498 ipse
1917 4426 2192 4492 ambulat,

605 4525 812 4587 'utpote
856 4532 977 4588 quae
1017 4516 1136 4580 eius
1179 4515 1438 4573 deitatem
1483 4532 1679 4588 capere
1717 4518 1956 4572 valeant.
1989 4516 2196 4572 Deinde

623 4608 863 4662 dicitur:
913 4605 980 4661 Et
1025 4607 1285 4662 habitatio
1325 4607 1440 4676 ejus
1470 4608 1526 4661 in
1555 4606 1706 4662 Sion.
1740 4607 1938 4662 Postea
1967 4605 2199 4675 subjun-

622 4700 810 4771 gitur:
837 4729 910 4740 -—
935 4698 1102 4755 Vens.
1129 4700 1183 4753 4.
1228 4697 1318 4753 Ibi
1355 4697 1611 4770 confregit
1649 4699 1910 4768 potentias
1939 4714 2194 4764 arcuum,

622 4791 822 4853 telum,
851 4789 1089 4861 gladium
1117 4798 1167 4843 et
1199 4787 1413 4843 bellum.
1461 4788 1563 4844 Hic
1594 4805 1815 4844 rursum
1835 4833 1850 4857 ,
1881 4790 1928 4845 si
1969 4789 2028 4844 in
2071 4803 2197 4846 sen-

621 4879 769 4935 sibili
815 4887 870 4936 et
915 4885 1132 4934 terrena
1188 4877 1321 4933 Sion
1374 4880 1489 4936 haec
1531 4888 1683 4952 gesta
1711 4888 1936 4944 essent,
1971 4895 2081 4936 non
2112 4895 2196 4938 es-

619 4977 704 5028 set
743 4986 910 5027 causa
955 4971 1229 5026 invidendi
1271 4969 1476 5028 Iudaeis
1519 4973 1600 5028 sic
1637 4971 1914 5043 explicare
1959 4974 2196 5030 volenti-

615 5063 762 5130 bus;
805 5062 951 5134 quod
985 5062 1032 5118 si
1081 5062 1216 5133 ipsis
1245 5063 1408 5120 rebus
1436 5063 1606 5134 gestis
1635 5064 1974 5120 contrarium
2027 5080 2195 5137 appa—

482 5143 509 5163 “
615 5162 764 5220 rent,
816 5153 944 5226 quia
996 5155 1051 5209 in
1094 5154 1381 5211 obsidione
1427 5155 1775 5210 inimicorum
1821 5157 2004 5213 diruta
2048 5157 2190 5226 fuit;

616 5243 994 5300 necessarium
1025 5251 1110 5300 est
1143 5243 1233 5299 hic
1270 5241 1524 5309 Sionem,
1566 5260 1688 5316 quae
1726 5260 1850 5300 cum
1893 5261 2030 5316 pace
2067 5263 2194 5304 con-

615 5342 800 5407 gruat,
831 5336 1155 5407 intelligere,
1178 5336 1388 5392 scilicet
1416 5335 1714 5392 Ecclesium
1743 5335 1836 5394 Dei
1868 5355 1883 5406 ;
1914 5339 1996 5394 vel
2026 5338 2190 5395 etiam

615 5426 893 5483 caelestem
937 5427 1085 5482 illam
1127 5427 1196 5483 de
1235 5442 1342 5498 qua
1384 5427 1604 5484 divinus
1639 5429 1936 5500 Apostolus
1963 5431 2076 5486 haec
2101 5431 2190 5488 de-

614 5519 884 5573 claravit:
920 5517 1232 5573 Accessistis
1265 5517 1336 5572 ad
1371 5519 1503 5574 Sion
1535 5529 1764 5575 montem
1789 5561 1804 5587 ,
1835 5530 1889 5576 et
1922 5524 2188 5578 civitatem

617 5609 714 5663 Dei
738 5611 975 5677 visentis,
1005 5609 1304 5666 Ierusalem
1337 5611 1593 5666 calestem
1617 5652 1633 5677 ,
1665 5623 1713 5668 et
1745 5614 2034 5670 multorum
2068 5615 2188 5670 mil-

591 5763 610 5778 ·ι
687 5763 731 5795 ιο
771 5762 940 5820 Levit.
979 5781 1153 5836 mn,
1189 5766 1276 5824 ιε.
1353 5769 1393 5801 σι
1437 5723 1618 5825 Galat.
1659 5741 1854 5836 iv,‘16.
1901 5812 1912 5826 .

2305 3237 2544 3307 λεχθεῖεν
2572 3237 2668 3291 καὶ
2695 3229 2856 3294 αὗται
2881 3237 3046 3303 τόπος
3071 3239 3166 3292 τοῦ
3188 3239 3344 3306 Θεοῦ,
3371 3239 3449 3305 ὡς
3479 3239 3547 3295 ἀν
3575 3244 3886 3312 χωρητικαὶ

2303 3325 2459 3384 οὖσαι
2492 3328 2636 3382 θείου
2666 3329 2999 3401 Πνεύματος.
3039 3330 3131 3384 Διὸ
3149 3332 3277 3403 περὶ
3302 3330 3412 3384 τῶν
3437 3331 3694 3386 τοιούτων
3724 3333 3883 3405 είρη-

2301 3437 2393 3475 ται
2421 3419 2504 3486 τὸ,
2547 3421 2875 3491 Ἐνοικήσω
2912 3422 2984 3476 ἐν
3022 3421 3228 3490 αὐτοῖς
3262 3421 3362 3477 καί
3395 3423 3882 3494 έμπεριπατήσω,

2303 3513 2403 3568 καὶ
2429 3514 2645 3584 ἔσομαι
2675 3514 2874 3569 αὐτῶν
2905 3515 3070 3582 Θεὸς,
3118 3514 3219 3569 καί
3261 3516 3431 3570 αὐτοί
3481 3516 3733 3572 ἔσονται
3771 3536 3879 3588 μοι

2298 3610 2468 3676 λαός.
2491 3609 2556 3663 El
2576 3608 2632 3663 δὲ
2654 3610 2894 3674 σπανίως
2916 3610 3016 3682 μὲν
3036 3611 3372 3684 εὑρίσκοιντο
3389 3612 3483 3667 ἐπὶ
3501 3614 3606 3686 γῆς
3621 3613 3879 3680 τοιοῦτοι,

2301 3703 2361 3756 ὲν
2406 3701 2466 3756 δὲ
2510 3704 2576 3773 τῇ
2633 3703 2752 3756 κατ’
2799 3702 3027 3775 οὐρανὸν
3084 3702 3497 3779 χρηματιζούσῃ
3541 3705 3675 3760 Θεοῦ
3723 3705 3880 3760 ’πώλει

2299 3792 2529 3865 πληθύει
2543 3792 2712 3848 τὸτοῦ
2735 3792 2870 3848 Θεοῦ
2895 3796 3227 3868 οἰκητήριον,
3253 3797 3312 3850 έν
3335 3797 3604 3866 ἀγγέλοις,
3633 3798 3729 3852 καὶ
3745 3798 3878 3870 ἀρχ-

2299 3885 2572 3954 αγγέλοις,
2594 3888 2688 3939 καὶ
2728 3885 2898 3950 θείαις
2926 3885 3209 3958 δυνάμεσι,
3231 3889 3326 3942 καὶ
3349 3887 3653 3959 πνεύμασιν
3675 3889 3875 3957 ἀγίοις⁴

2299 3978 2522 4042 εἰκότως
2549 3977 2640 4033 τὸν
2663 3978 2827 4034 τόπον
2842 3977 2936 4033 τοῦ
2959 3979 3096 4034 Θεοῦ
3120 3980 3251 4053 παρ’
3269 3981 3496 4045 ἐκείνοις
3517 3981 3660 4036 εἰποι
3679 3981 3747 4035 ἄν
3763 3993 3874 4047 τις,

2299 4068 2558 4140 κάκείνην
2601 4064 2740 4124 εἶναι
2777 4071 2878 4144 τὴν
2921 4071 3144 4143 εἰρήνην
3183 4070 3399 4142 ἀληθῶς
3428 4071 3618 4146 Σαλὴμ
3643 4071 3874 4128 ἐνταῦθα

2299 4161 2442 4215 κατά
2464 4161 2564 4234 τὴν
2608 4161 2910 4235 Ἐϐραῖκὴν,
2925 4162 3108 4234 φωνὴν
3138 4162 3552 4236 ὠνομασμένην.
3595 4163 3686 4218 Διὸ
3717 4164 3809 4218 καὶ
3841 4164 3874 4218 6

2297 4251 2618 4318 Ἀπόστολος
2635 4253 2839 4323 ταύτην
2857 4252 3011 4318 εἰδὼς
3031 4253 3236 4324 ἔλεγεν·
3273 4255 3335 4312 Ἠ
3346 4255 3415 4310 δὲ
3430 4256 3552 4311 ἄνω
3583 4256 3873 4326 Ἰερουσα-

2298 4343 2424 4413 λὴμ
2437 4344 2723 4414 ἐλευθέρα
2743 4345 2934 4412 ἐστίν,
2959 4344 3090 4413 ἥτις
3109 4346 3238 4402 ἔστί
3259 4349 3458 4417 μήτηρ
3478 4347 3665 4418 ἡμῶν.
3683 4348 3871 4421 Σαλὴμ

2224 4471 2272 4530 D
2303 4436 2402 4508 μὲν
2427 4437 2537 4510 γὰρ
2554 4436 2928 4530 ᾃέρμηνεύεται
2957 4438 3186 4508 εἰρήνη,
3240 4440 3591 4514 Ἰερουσαλὴμ
3634 4440 3692 4494 δὲ
3733 4441 3870 4510 ὅρα-

2297 4543 2399 4595 σις
2440 4528 2701 4599 εἰρήνης’
2743 4524 2812 4603 ἧς
2846 4529 2908 4583 τὸ
2945 4531 3192 4601 ἐφέστιον
3230 4532 3288 4584 ὲν
3323 4535 3443 4596 ταῖς
3489 4534 3608 4586 κατ’
3641 4534 3870 4605 οὑρανὺν

2296 4619 2468 4686 θείαις
2494 4622 2749 4693 τυγχάνει
2777 4621 3087 4694 δυνάμεσιν⁹
3119 4623 3177 4678 έν
3212 4617 3301 4688 αἷς
3333 4625 3363 4679 6
3403 4623 3533 4688 Θεὸς
3564 4625 3727 4688 αὐτὸς
3760 4626 3866 4696 ὲμ-

2295 4716 2606 4784 περιπατεϊ,
2648 4718 2981 4786 χωρητικαίς
3011 4714 3199 4782 οὔσαις
3240 4716 3340 4786 τῆς
3383 4716 3548 4772 αὑτοῦ
3594 4716 3861 4788 θεότητος.

2305 4803 2465 4875 Ἑξῆς
2485 4805 2694 4870 τούτοις
2715 4805 2950 4875 λέγεται·
2983 4805 3094 4859 Kal
3119 4807 3182 4861 τὸ
3209 4806 3658 4876 κατοικητήριον
3679 4809 3866 4864 αὐτοῦ

2293 4898 2364 4953 ἐν
2412 4899 2583 4954 Σιών.
2632 4896 2766 4953 Εἶτα
2815 4900 3074 4954 συνάπτει
3125 4899 3348 4970 φάσκων
3397 4902 3428 4954 6
3475 4899 3652 4969 λόγος·
3714 4899 3870 4956 Ἐκεῖ

2292 4989 2618 5059 συνέτριψε
2650 4991 2722 5045 τὰ
2758 4988 2940 5059 κράτη
2969 4988 3088 5044 τῶν
3117 4990 3330 5059 τόξων,
3374 4990 3568 5046 ὅπλον
3607 4987 3705 5045 καὶ
3720 4992 3865 5061 ῥομ-

2292 5083 2479 5152 φαίαν
2505 5081 2605 5136 καί
2641 5080 2926 5150 πόλεμον.
2970 5083 3080 5136 Καὶ
3116 5082 3352 5138 ἐνταῦθα
3377 5083 3537 5137 πάλιν
3565 5084 3612 5136 εἰ
3645 5083 3744 5154 μὲν
3769 5082 3862 5136 ἐπὶ

2290 5173 2390 5243 τῆς
2434 5171 2697 5244 αἰσθητῆς
2740 5175 2836 5228 καὶ
2875 5173 3114 5242 ἐπιγείου
3161 5173 3298 5228 Σιὼν
3337 5175 3510 5229 ταῦτα
3556 5173 3860 5245 πέπρακτο,

2289 5261 2411 5315 οὐδὲ
2432 5261 2537 5316 ἔδει
2569 5262 2781 5332 φθονεῖν
2823 5263 3095 5328 Ἰουδαίοις
3125 5262 3298 5327 οὑτως
3329 5264 3642 5334 ἐκδέχεσθαι
3674 5262 3858 5335 βουλοο

2294 5353 2499 5424 μένοις*
2544 5355 2593 5407 εἰ
2636 5354 2693 5408 δὲ
2739 5357 2848 5409 πᾶν
2875 5355 3182 5410 τούναντίον
3220 5355 3280 5418 ἐξ
3313 5356 3492 5410 αὐτῶν
3529 5358 3720 5429 ὁρᾶται
3749 5355 3859 5410 τῶν

2292 5445 2648 5516 πραγμάτων,
2677 5446 2767 5500 διὰ
2793 5446 2854 5501 τὸ
2879 5447 3207 5520 ἠρημῶσθαι
3229 5447 3326 5521 τὴν
3357 5447 3497 5501 Σιὼν
3527 5451 3590 5502 ὲκ
3617 5451 3719 5520 τῆς
3747 5447 3854 5502 τῶν

2288 5537 2562 5609 πολεμίων
2593 5538 2927 5612 πολιορκίας,
2961 5539 3172 5610 ἀνάγκη
3206 5543 3272 5612 τῇ
3305 5541 3628 5614 ἀποδοθείσῃ
3661 5541 3845 5612 εἰρήνη

2289 5628 2635 5701 καταλλήλως
2685 5630 2778 5683 καὶ
2831 5630 2929 5701 τὴν
2977 5629 3114 5684 Σιὼν
3159 5628 3537 5704 ἐκλαμϐάνειν,
3591 5632 3706 5702 ἤτοι
3755 5629 3854 5700 τὴν
