  <div class='ocr_page' id='page_1' title='image "/cluster/home/n/w/nwhite01/storage/ocr_20150623/23/hvd.32044073501124/448.png"; bbox 0 0 4078 6934; ppageno 0'>
   <div class='ocr_carea' id='block_1_1' title="bbox 243 320 345 381">
    <p class='ocr_par' dir='ltr' id='par_1_1' title="bbox 243 320 345 381">
     <span class='ocr_line' id='line_1_1' title="bbox 243 320 345 381; baseline -0.02 0"><span class='ocrx_word' id='word_1_1' title='bbox 243 320 345 381; x_wconf 67' lang='grc'><strong><em>881</em></strong></span> 
     </span>
    </p>
   </div>
   <div class='ocr_carea' id='block_1_2' title="bbox 1371 312 2359 371">
    <p class='ocr_par' dir='ltr' id='par_1_2' title="bbox 1371 312 2359 371">
     <span class='ocr_line' id='line_1_2' title="bbox 1371 312 2359 371; baseline 0 0"><span class='ocrx_word' id='word_1_2' title='bbox 1371 312 1875 371; x_wconf 73' lang='lat' dir='ltr'><strong><em>COMMENTARIA</em></strong></span> <span class='ocrx_word' id='word_1_3' title='bbox 1912 314 1975 370; x_wconf 83' lang='lat' dir='ltr'><strong><em>IN</em></strong></span> <span class='ocrx_word' id='word_1_4' title='bbox 2019 312 2359 371; x_wconf 75' lang='lat' dir='ltr'><strong><em>PSALMOS.</em></strong></span> 
     </span>
    </p>
   </div>
   <div class='ocr_carea' id='block_1_3' title="bbox 3383 314 3490 370">
    <p class='ocr_par' dir='ltr' id='par_1_3' title="bbox 3383 314 3490 370">
     <span class='ocr_line' id='line_1_3' title="bbox 3383 314 3490 370; baseline -0.037 0"><span class='ocrx_word' id='word_1_5' title='bbox 3383 314 3490 370; x_wconf 64' lang='lat'><strong><em>882</em></strong></span> 
     </span>
    </p>
   </div>
   <div class='ocr_carea' id='block_1_4' title="bbox 253 419 1809 506">
    <p class='ocr_par' dir='ltr' id='par_1_4' title="bbox 253 419 1809 506">
     <span class='ocr_line' id='line_1_4' title="bbox 253 419 1809 506; baseline -0.008 -15"><span class='ocrx_word' id='word_1_6' title='bbox 253 432 582 506; x_wconf 74' lang='grc' dir='ltr'><strong><em>Ἐκκλησίαν</em></strong></span> <span class='ocrx_word' id='word_1_7' title='bbox 622 431 719 487; x_wconf 90' lang='grc' dir='ltr'>τοῦ</span> <span class='ocrx_word' id='word_1_8' title='bbox 753 429 910 493; x_wconf 86' lang='grc' dir='ltr'>Θεοῦ,</span> <span class='ocrx_word' id='word_1_9' title='bbox 946 430 979 502; x_wconf 77' lang='grc' dir='ltr'>ἢ</span> <span class='ocrx_word' id='word_1_10' title='bbox 1015 428 1110 501; x_wconf 72' lang='grc' dir='ltr'>τὴν</span> <span class='ocrx_word' id='word_1_11' title='bbox 1144 428 1482 500; x_wconf 78' lang='grc' dir='ltr'><em>ἐπουράνιον,</em></span> <span class='ocrx_word' id='word_1_12' title='bbox 1517 419 1585 499; x_wconf 77' lang='grc' dir='ltr'><strong><em>ἢν</em></strong></span> <span class='ocrx_word' id='word_1_13' title='bbox 1613 427 1641 480; x_wconf 86' lang='grc' dir='ltr'><strong>ὁ</strong></span> <span class='ocrx_word' id='word_1_14' title='bbox 1676 426 1809 491; x_wconf 81' lang='grc' dir='ltr'>θεῖος</span> 
     </span>
    </p>
   </div>
   <div class='ocr_carea' id='block_1_5' title="bbox 1908 419 3488 506">
    <p class='ocr_par' dir='ltr' id='par_1_5' title="bbox 1919 426 3488 499">
     <span class='ocr_line' id='line_1_5' title="bbox 1919 426 3488 499; baseline -0.001 -18"><span class='ocrx_word' id='word_1_15' title='bbox 1919 426 2048 483; x_wconf 88' lang='lat' dir='ltr'><strong><em>lium</em></strong></span> <span class='ocrx_word' id='word_1_16' title='bbox 2079 428 2387 499; x_wconf 82' lang='lat' dir='ltr'><strong><em>angelorum</em></strong></span> <span class='ocrx_word' id='word_1_17' title='bbox 2417 426 2763 498; x_wconf 71' lang='lat' dir='ltr'><strong><em>frequentiam</em></strong></span> <span class='ocrx_word' id='word_1_18' title='bbox 2790 468 2805 493; x_wconf 93' lang='lat'><strong><em>,</em></strong></span> <span class='ocrx_word' id='word_1_19' title='bbox 2840 435 2889 483; x_wconf 84' lang='lat' dir='ltr'><strong><em>et</em></strong></span> <span class='ocrx_word' id='word_1_20' title='bbox 2922 426 3215 482; x_wconf 82' lang='lat' dir='ltr'><strong><em>Ecclesium</em></strong></span> <span class='ocrx_word' id='word_1_21' title='bbox 3255 427 3488 496; x_wconf 85' lang='lat' dir='ltr'><strong><em>primiti-</em></strong></span> 
     </span>
    </p>
   </div>
   <div class='ocr_carea' id='block_1_6' title="bbox 251 519 1814 597">
    <p class='ocr_par' dir='ltr' id='par_1_6' title="bbox 251 519 1814 597">
     <span class='ocr_line' id='line_1_6' title="bbox 251 519 1814 597; baseline -0.008 -12"><span class='ocrx_word' id='word_1_22' title='bbox 251 527 576 591; x_wconf 80' lang='grc' dir='ltr'>Ἀπόστολος</span> <span class='ocrx_word' id='word_1_23' title='bbox 609 524 848 597; x_wconf 75' lang='grc' dir='ltr'><strong><em>παρίστη</em></strong></span> <span class='ocrx_word' id='word_1_24' title='bbox 896 521 1091 592; x_wconf 80' lang='grc' dir='ltr'><em>λέγων’</em></span> <span class='ocrx_word' id='word_1_25' title='bbox 1127 520 1628 590; x_wconf 64' lang='grc' dir='ltr'><em>Προσεληλύθατε</em></span> <span class='ocrx_word' id='word_1_26' title='bbox 1661 519 1814 574; x_wconf 83' lang='grc' dir='ltr'><em>Σιὼν</em></span> 
     </span>
    </p>
   </div>
   <div class='ocr_carea' id='block_1_7' title="bbox 237 610 1816 692">
    <p class='ocr_par' dir='ltr' id='par_1_7' title="bbox 237 610 1816 692">
     <span class='ocr_line' id='line_1_7' title="bbox 237 610 1816 692; baseline -0.008 -16"><span class='ocrx_word' id='word_1_27' title='bbox 237 620 383 692; x_wconf 80' lang='grc' dir='ltr'><em>ὄρει,</em></span> <span class='ocrx_word' id='word_1_28' title='bbox 413 616 513 674; x_wconf 74' lang='grc' dir='ltr'><strong><em>καί</em></strong></span> <span class='ocrx_word' id='word_1_29' title='bbox 536 617 709 672; x_wconf 78' lang='grc' dir='ltr'><em>πόλει</em></span> <span class='ocrx_word' id='word_1_30' title='bbox 732 614 879 670; x_wconf 85' lang='grc' dir='ltr'><strong><em>Θεοῦ</em></strong></span> <span class='ocrx_word' id='word_1_31' title='bbox 906 610 1119 679; x_wconf 76' lang='grc' dir='ltr'><em>ζῶντος</em></span> <span class='ocrx_word' id='word_1_32' title='bbox 1152 610 1536 682; x_wconf 68' lang='grc' dir='ltr'><em>Ἰερουσαλὴμ</em></span> <span class='ocrx_word' id='word_1_33' title='bbox 1564 610 1816 679; x_wconf 72' lang='grc' dir='ltr'><em>ἐπουρα-</em></span> 
     </span>
    </p>
   </div>
   <div class='ocr_carea' id='block_1_8' title="bbox 234 704 1813 783">
    <p class='ocr_par' dir='ltr' id='par_1_8' title="bbox 234 704 1813 783">
     <span class='ocr_line' id='line_1_8' title="bbox 234 704 1813 783; baseline -0.007 -13"><span class='ocrx_word' id='word_1_34' title='bbox 234 715 367 782; x_wconf 82' lang='grc' dir='ltr'><em>νίῳ,</em></span> <span class='ocrx_word' id='word_1_35' title='bbox 413 713 509 768; x_wconf 74' lang='grc' dir='ltr'>καὶ</span> <span class='ocrx_word' id='word_1_36' title='bbox 550 708 838 783; x_wconf 80' lang='grc' dir='ltr'><strong><em>μυριάσιν</em></strong></span> <span class='ocrx_word' id='word_1_37' title='bbox 873 706 1142 777; x_wconf 72' lang='grc' dir='ltr'><em>ἀγγέλων</em></span> <span class='ocrx_word' id='word_1_38' title='bbox 1177 707 1525 775; x_wconf 75' lang='grc' dir='ltr'><strong><em>πανηγύρει,</em></strong></span> <span class='ocrx_word' id='word_1_39' title='bbox 1555 704 1654 759; x_wconf 74' lang='grc' dir='ltr'>καὶ</span> <span class='ocrx_word' id='word_1_40' title='bbox 1687 707 1813 759; x_wconf 79' lang='grc' dir='ltr'><strong><em>Ἐκ-</em></strong></span> 
     </span>
    </p>
   </div>
   <div class='ocr_carea' id='block_1_9' title="bbox 238 797 1810 875">
    <p class='ocr_par' dir='ltr' id='par_1_9' title="bbox 238 797 1810 875">
     <span class='ocr_line' id='line_1_9' title="bbox 238 797 1810 875; baseline -0.008 -13"><span class='ocrx_word' id='word_1_41' title='bbox 238 806 467 875; x_wconf 63' lang='grc' dir='ltr'><strong><em>κνιησίᾳ</em></strong></span> <span class='ocrx_word' id='word_1_42' title='bbox 503 803 887 873; x_wconf 73' lang='grc' dir='ltr'><strong><em>πρωτοτόκων</em></strong></span> <span class='ocrx_word' id='word_1_43' title='bbox 931 797 1473 870; x_wconf 74' lang='grc' dir='ltr'><strong><em>ἀπογεγραμμένων</em></strong></span> <span class='ocrx_word' id='word_1_44' title='bbox 1515 797 1585 851; x_wconf 75' lang='grc' dir='ltr'><em>ἐν</em></span> <span class='ocrx_word' id='word_1_45' title='bbox 1632 800 1810 867; x_wconf 68' lang='lat' dir='ltr'><strong><em>obpa-</em></strong></span> 
     </span>
    </p>
   </div>
   <div class='ocr_carea' id='block_1_10' title="bbox 237 890 1807 966">
    <p class='ocr_par' dir='ltr' id='par_1_10' title="bbox 237 890 1807 966">
     <span class='ocr_line' id='line_1_10' title="bbox 237 890 1807 966; baseline -0.007 -13"><span class='ocrx_word' id='word_1_46' title='bbox 237 898 386 965; x_wconf 79' lang='grc' dir='ltr'><strong><em>νοῖς.</em></strong></span> <span class='ocrx_word' id='word_1_47' title='bbox 422 894 686 951; x_wconf 77' lang='grc' dir='ltr'><strong><em>Ἐνταῦθα</em></strong></span> <span class='ocrx_word' id='word_1_48' title='bbox 716 894 824 966; x_wconf 82' lang='grc' dir='ltr'><strong><em>γὰρ</em></strong></span> <span class='ocrx_word' id='word_1_49' title='bbox 856 892 1121 965; x_wconf 80' lang='grc' dir='ltr'><strong><em>μηδεμιᾶς</em></strong></span> <span class='ocrx_word' id='word_1_50' title='bbox 1154 890 1425 962; x_wconf 82' lang='grc' dir='ltr'>ἁμαρτίας</span> <span class='ocrx_word' id='word_1_51' title='bbox 1457 890 1807 962; x_wconf 71' lang='grc' dir='ltr'><strong><em>ἐνεργούσης,</em></strong></span> 
     </span>
    </p>
   </div>
   <div class='ocr_carea' id='block_1_11' title="bbox 239 982 1811 1061">
    <p class='ocr_par' dir='ltr' id='par_1_11' title="bbox 239 982 1811 1061">
     <span class='ocr_line' id='line_1_11' title="bbox 239 982 1811 1061; baseline -0.005 -18"><span class='ocrx_word' id='word_1_52' title='bbox 239 988 373 1061; x_wconf 74' lang='grc' dir='ltr'><em>μηδὲ</em></span> <span class='ocrx_word' id='word_1_53' title='bbox 399 1005 541 1053; x_wconf 84' lang='grc' dir='ltr'><em>τινος</em></span> <span class='ocrx_word' id='word_1_54' title='bbox 567 986 872 1057; x_wconf 78' lang='grc' dir='ltr'><strong><em>ὑφεστῶτος</em></strong></span> <span class='ocrx_word' id='word_1_55' title='bbox 901 983 1085 1055; x_wconf 80' lang='grc' dir='ltr'>ψυχῶν</span> <span class='ocrx_word' id='word_1_56' title='bbox 1117 982 1397 1054; x_wconf 77' lang='grc' dir='ltr'><strong><em>πολεμίου,</em></strong></span> <span class='ocrx_word' id='word_1_57' title='bbox 1431 982 1811 1053; x_wconf 82' lang='grc' dir='ltr'><strong><em>συντέτριπται</em></strong></span> 
     </span>
    </p>
   </div>
   <div class='ocr_carea' id='block_1_12' title="bbox 1912 519 3489 591">
    <p class='ocr_par' dir='ltr' id='par_1_12' title="bbox 1912 519 3489 591">
     <span class='ocr_line' id='line_1_12' title="bbox 1912 519 3489 591; baseline -0.001 -16"><span class='ocrx_word' id='word_1_58' title='bbox 1912 536 2092 575; x_wconf 78' lang='lat' dir='ltr'><strong><em>varum</em></strong></span> <span class='ocrx_word' id='word_1_59' title='bbox 2118 522 2208 591; x_wconf 85' lang='lat' dir='ltr'><strong><em>qui</em></strong></span> <span class='ocrx_word' id='word_1_60' title='bbox 2232 521 2517 591; x_wconf 76' lang='lat' dir='ltr'><strong><em>conscripti</em></strong></span> <span class='ocrx_word' id='word_1_61' title='bbox 2540 530 2663 575; x_wconf 84' lang='lat' dir='ltr'><strong><em>sunt</em></strong></span> <span class='ocrx_word' id='word_1_62' title='bbox 2686 521 2742 575; x_wconf 87' lang='lat' dir='ltr'><strong><em>in</em></strong></span> <span class='ocrx_word' id='word_1_63' title='bbox 2768 521 2910 575; x_wconf 70' lang='lat' dir='ltr'><strong><em>caelis</em></strong></span> <span class='ocrx_word' id='word_1_64' title='bbox 2943 521 3008 576; x_wconf 80' lang='lat'><strong><em>“.</em></strong></span> <span class='ocrx_word' id='word_1_65' title='bbox 3039 519 3139 575; x_wconf 82' lang='lat' dir='ltr'><strong><em>Hic</em></strong></span> <span class='ocrx_word' id='word_1_66' title='bbox 3163 520 3307 575; x_wconf 90' lang='lat' dir='ltr'><strong><em>enim</em></strong></span> <span class='ocrx_word' id='word_1_67' title='bbox 3336 521 3489 575; x_wconf 93' lang='lat' dir='ltr'><strong><em>nullo</em></strong></span> 
     </span>
    </p>
   </div>
   <div class='ocr_carea' id='block_1_13' title="bbox 1916 611 3489 684">
    <p class='ocr_par' dir='ltr' id='par_1_13' title="bbox 1916 611 3489 684">
     <span class='ocr_line' id='line_1_13' title="bbox 1916 611 3489 684; baseline 0 -17"><span class='ocrx_word' id='word_1_68' title='bbox 1916 622 2145 683; x_wconf 81' lang='lat' dir='ltr'><strong><em>peccato</em></strong></span> <span class='ocrx_word' id='word_1_69' title='bbox 2172 612 2389 682; x_wconf 80' lang='lat' dir='ltr'><strong><em>vigente</em></strong></span> <span class='ocrx_word' id='word_1_70' title='bbox 2410 652 2425 679; x_wconf 96' lang='lat'><strong><em>,</em></strong></span> <span class='ocrx_word' id='word_1_71' title='bbox 2459 614 2722 684; x_wconf 88' lang='lat' dir='ltr'><strong><em>nulloque</em></strong></span> <span class='ocrx_word' id='word_1_72' title='bbox 2749 614 3057 668; x_wconf 90' lang='lat' dir='ltr'><strong><em>animarum</em></strong></span> <span class='ocrx_word' id='word_1_73' title='bbox 3089 611 3315 669; x_wconf 91' lang='lat' dir='ltr'><strong><em>inimico</em></strong></span> <span class='ocrx_word' id='word_1_74' title='bbox 3348 614 3489 668; x_wconf 78' lang='lat' dir='ltr'><strong><em>exsi-</em></strong></span> 
     </span>
    </p>
   </div>
   <div class='ocr_carea' id='block_1_14' title="bbox 1915 704 3488 776">
    <p class='ocr_par' dir='ltr' id='par_1_14' title="bbox 1915 704 3488 776">
     <span class='ocr_line' id='line_1_14' title="bbox 1915 704 3488 776; baseline -0.003 -14"><span class='ocrx_word' id='word_1_75' title='bbox 1915 713 2092 762; x_wconf 90' lang='lat' dir='ltr'><strong><em>stente</em></strong></span> <span class='ocrx_word' id='word_1_76' title='bbox 2112 746 2128 772; x_wconf 97' lang='lat'><strong><em>,</em></strong></span> <span class='ocrx_word' id='word_1_77' title='bbox 2178 707 2438 776; x_wconf 72' lang='lat' dir='ltr'><strong><em>potentiae</em></strong></span> <span class='ocrx_word' id='word_1_78' title='bbox 2482 721 2709 762; x_wconf 85' lang='lat' dir='ltr'><strong><em>arcuum</em></strong></span> <span class='ocrx_word' id='word_1_79' title='bbox 2750 706 3003 761; x_wconf 65' lang='lat' dir='ltr'><strong><em>contrita:</em></strong></span> <span class='ocrx_word' id='word_1_80' title='bbox 3034 710 3199 769; x_wconf 88' lang='lat' dir='ltr'><strong><em>sunt,</em></strong></span> <span class='ocrx_word' id='word_1_81' title='bbox 3232 704 3401 759; x_wconf 89' lang='lat' dir='ltr'><strong><em>telum</em></strong></span> <span class='ocrx_word' id='word_1_82' title='bbox 3434 711 3488 758; x_wconf 91' lang='lat' dir='ltr'><strong><em>et</em></strong></span> 
     </span>
    </p>
   </div>
   <div class='ocr_carea' id='block_1_15' title="bbox 1912 796 3491 870">
    <p class='ocr_par' dir='ltr' id='par_1_15' title="bbox 1912 796 3491 870">
     <span class='ocr_line' id='line_1_15' title="bbox 1912 796 3491 870; baseline -0.001 -18"><span class='ocrx_word' id='word_1_83' title='bbox 1912 798 2125 870; x_wconf 79' lang='lat' dir='ltr'><strong><em>gladius</em></strong></span> <span class='ocrx_word' id='word_1_84' title='bbox 2171 798 2352 853; x_wconf 89' lang='lat' dir='ltr'><strong><em>ablata</em></strong></span> <span class='ocrx_word' id='word_1_85' title='bbox 2397 805 2567 863; x_wconf 87' lang='lat' dir='ltr'><strong><em>sunt,</em></strong></span> <span class='ocrx_word' id='word_1_86' title='bbox 2614 798 2689 852; x_wconf 88' lang='lat' dir='ltr'><strong><em>ita</em></strong></span> <span class='ocrx_word' id='word_1_87' title='bbox 2736 806 2796 853; x_wconf 93' lang='lat' dir='ltr'><strong><em>ut</em></strong></span> <span class='ocrx_word' id='word_1_88' title='bbox 2841 798 2909 853; x_wconf 92' lang='lat' dir='ltr'><strong><em>de</em></strong></span> <span class='ocrx_word' id='word_1_89' title='bbox 2952 796 3020 853; x_wconf 90' lang='lat' dir='ltr'><strong><em>iis</em></strong></span> <span class='ocrx_word' id='word_1_90' title='bbox 3062 797 3155 869; x_wconf 89' lang='lat' dir='ltr'><strong><em>qui</em></strong></span> <span class='ocrx_word' id='word_1_91' title='bbox 3199 797 3293 852; x_wconf 89' lang='lat' dir='ltr'><strong><em>illa</em></strong></span> <span class='ocrx_word' id='word_1_92' title='bbox 3340 812 3491 852; x_wconf 92' lang='lat' dir='ltr'><strong><em>man-</em></strong></span> 
     </span>
    </p>
   </div>
   <div class='ocr_carea' id='block_1_16' title="bbox 1914 888 3591 961">
    <p class='ocr_par' dir='ltr' id='par_1_16' title="bbox 1914 888 3591 961">
     <span class='ocr_line' id='line_1_16' title="bbox 1914 888 3591 961; baseline -0.002 -16"><span class='ocrx_word' id='word_1_93' title='bbox 1914 890 2069 946; x_wconf 82' lang='lat' dir='ltr'><strong><em>sione</em></strong></span> <span class='ocrx_word' id='word_1_94' title='bbox 2098 890 2307 961; x_wconf 76' lang='lat' dir='ltr'><strong><em>dignati</em></strong></span> <span class='ocrx_word' id='word_1_95' title='bbox 2337 898 2466 945; x_wconf 90' lang='lat' dir='ltr'><strong><em>sunt</em></strong></span> <span class='ocrx_word' id='word_1_96' title='bbox 2495 889 2731 957; x_wconf 88' lang='lat' dir='ltr'><strong><em>dicatur,</em></strong></span> <span class='ocrx_word' id='word_1_97' title='bbox 2777 888 3045 945; x_wconf 82' lang='lat' dir='ltr'><strong><em>Abscessit</em></strong></span> <span class='ocrx_word' id='word_1_98' title='bbox 3093 889 3269 955; x_wconf 88' lang='lat' dir='ltr'><strong><em>dolor,</em></strong></span> <span class='ocrx_word' id='word_1_99' title='bbox 3326 889 3489 944; x_wconf 83' lang='lat' dir='ltr'><strong><em>tristi-</em></strong></span> <span class='ocrx_word' id='word_1_100' title='bbox 3586 922 3591 933; x_wconf 71' lang='grc' dir='ltr'><strong><em>ι</em></strong></span> 
     </span>
    </p>
   </div>
   <div class='ocr_carea' id='block_1_17' title="bbox 1920 983 2429 1053">
    <p class='ocr_par' dir='ltr' id='par_1_17' title="bbox 1920 983 2429 1053">
     <span class='ocr_line' id='line_1_17' title="bbox 1920 983 2429 1053; baseline 0 -18"><span class='ocrx_word' id='word_1_101' title='bbox 1920 983 1997 1036; x_wconf 91' lang='lat' dir='ltr'><strong><em>tia</em></strong></span> <span class='ocrx_word' id='word_1_102' title='bbox 2024 992 2073 1037; x_wconf 88' lang='lat' dir='ltr'><strong><em>et</em></strong></span> <span class='ocrx_word' id='word_1_103' title='bbox 2106 985 2331 1053; x_wconf 89' lang='lat' dir='ltr'><strong><em>gemitus</em></strong></span> <span class='ocrx_word' id='word_1_104' title='bbox 2363 983 2429 1035; x_wconf 80' lang='grc'><strong><em>⁸³.</em></strong></span> 
     </span>
    </p>
   </div>
   <div class='ocr_carea' id='block_1_18' title="bbox 235 1071 3501 1154">
    <p class='ocr_par' dir='ltr' id='par_1_18' title="bbox 235 1071 3501 1154">
     <span class='ocr_line' id='line_1_18' title="bbox 235 1071 3501 1154; baseline -0.003 -15"><span class='ocrx_word' id='word_1_105' title='bbox 235 1084 304 1139; x_wconf 82' lang='grc' dir='ltr'><strong><em>τὰ</em></strong></span> <span class='ocrx_word' id='word_1_106' title='bbox 351 1082 527 1154; x_wconf 85' lang='grc' dir='ltr'>κράτη</span> <span class='ocrx_word' id='word_1_107' title='bbox 572 1077 681 1133; x_wconf 84' lang='grc' dir='ltr'><strong><em>τῶν</em></strong></span> <span class='ocrx_word' id='word_1_108' title='bbox 722 1076 911 1141; x_wconf 78' lang='grc' dir='ltr'><em>τόξων,</em></span> <span class='ocrx_word' id='word_1_109' title='bbox 953 1074 1219 1146; x_wconf 80' lang='grc' dir='ltr'><strong><em>ἀνῄρηται</em></strong></span> <span class='ocrx_word' id='word_1_110' title='bbox 1254 1092 1312 1128; x_wconf 89' lang='grc' dir='ltr'><em>τε</em></span> <span class='ocrx_word' id='word_1_111' title='bbox 1341 1074 1503 1128; x_wconf 80' lang='grc' dir='ltr'>ὅπλον</span> <span class='ocrx_word' id='word_1_112' title='bbox 1546 1073 1638 1127; x_wconf 77' lang='grc' dir='ltr'><strong><em>καὶ</em></strong></span> <span class='ocrx_word' id='word_1_113' title='bbox 1675 1071 1937 1145; x_wconf 76' lang='grc' dir='ltr'><strong><em>ῥομφαίαο</em></strong></span> <span class='ocrx_word' id='word_1_114' title='bbox 1992 1074 2068 1138; x_wconf 86' lang='grc' dir='ltr'><strong><em>ὡς</em></strong></span> <span class='ocrx_word' id='word_1_115' title='bbox 2116 1073 2369 1144; x_wconf 78' lang='grc' dir='ltr'>λέγεσθαι</span> <span class='ocrx_word' id='word_1_116' title='bbox 2420 1073 2549 1147; x_wconf 77' lang='grc' dir='ltr'>περὶ</span> <span class='ocrx_word' id='word_1_117' title='bbox 2600 1072 2711 1128; x_wconf 86' lang='grc' dir='ltr'>τῶν</span> <span class='ocrx_word' id='word_1_118' title='bbox 2766 1071 3205 1144; x_wconf 80' lang='grc' dir='ltr'>καταξιουμένων</span> <span class='ocrx_word' id='word_1_119' title='bbox 3234 1073 3334 1145; x_wconf 77' lang='grc' dir='ltr'><strong><em>τῆς</em></strong></span> <span class='ocrx_word' id='word_1_120' title='bbox 3370 1073 3501 1129; x_wconf 69' lang='grc' dir='ltr'><strong><em>ἐκεί-</em></strong></span> 
     </span>
    </p>
   </div>
   <div class='ocr_carea' id='block_1_19' title="bbox 234 1168 1884 1249">
    <p class='ocr_par' dir='ltr' id='par_1_19' title="bbox 234 1168 1884 1249">
     <span class='ocr_line' id='line_1_19' title="bbox 234 1168 1884 1249; baseline -0.004 -17"><span class='ocrx_word' id='word_1_121' title='bbox 234 1174 532 1249; x_wconf 78' lang='grc' dir='ltr'>διατρισῆς’</span> <span class='ocrx_word' id='word_1_122' title='bbox 582 1171 823 1240; x_wconf 78' lang='grc' dir='ltr'><em>Ἃπέδρα</em></span> <span class='ocrx_word' id='word_1_123' title='bbox 854 1170 1041 1239; x_wconf 81' lang='grc' dir='ltr'><em>ὀδύνη</em></span> <span class='ocrx_word' id='word_1_124' title='bbox 1074 1168 1171 1224; x_wconf 79' lang='grc' dir='ltr'><strong><em>καί</em></strong></span> <span class='ocrx_word' id='word_1_125' title='bbox 1202 1170 1367 1239; x_wconf 74' lang='grc' dir='ltr'><em>λύπη</em></span> <span class='ocrx_word' id='word_1_126' title='bbox 1399 1169 1498 1224; x_wconf 83' lang='grc' dir='ltr'><strong><em>καί</em></strong></span> <span class='ocrx_word' id='word_1_127' title='bbox 1527 1170 1884 1240; x_wconf 84' lang='grc' dir='ltr'><em>στεναγμός.</em></span> 
     </span>
    </p>
   </div>
   <div class='ocr_carea' id='block_1_20' title="bbox 304 1286 1802 1358">
    <p class='ocr_par' dir='ltr' id='par_1_20' title="bbox 304 1286 1802 1358">
     <span class='ocr_line' id='line_1_20' title="bbox 304 1286 1802 1358; baseline -0.003 -11"><span class='ocrx_word' id='word_1_128' title='bbox 304 1290 573 1358; x_wconf 68' lang='grc' dir='ltr'><em>Φωτίζέις</em></span> <span class='ocrx_word' id='word_1_129' title='bbox 609 1289 692 1344; x_wconf 89' lang='grc' dir='ltr'><strong><em>σὺ</em></strong></span> <span class='ocrx_word' id='word_1_130' title='bbox 724 1286 1081 1358; x_wconf 84' lang='grc' dir='ltr'>θαυμαστῶς</span> <span class='ocrx_word' id='word_1_131' title='bbox 1124 1287 1244 1342; x_wconf 83' lang='grc' dir='ltr'><strong><em>ἀπὸ</em></strong></span> <span class='ocrx_word' id='word_1_132' title='bbox 1286 1288 1470 1358; x_wconf 85' lang='grc' dir='ltr'><em>ὀρέων</em></span> <span class='ocrx_word' id='word_1_133' title='bbox 1518 1290 1802 1353; x_wconf 73' lang='grc' dir='ltr'><em>αἰωνίων,</em></span> 
     </span>
    </p>
   </div>
   <div class='ocr_carea' id='block_1_21' title="bbox 234 1378 1807 1452">
    <p class='ocr_par' dir='ltr' id='par_1_21' title="bbox 234 1378 1807 1452">
     <span class='ocr_line' id='line_1_21' title="bbox 234 1378 1807 1452; baseline -0.002 -15"><span class='ocrx_word' id='word_1_134' title='bbox 234 1381 650 1452; x_wconf 69' lang='grc' dir='ltr'><em>ἐταράχθησαν</em></span> <span class='ocrx_word' id='word_1_135' title='bbox 672 1382 726 1435; x_wconf 86' lang='lat' dir='ltr'><strong><em>al</em></strong></span> <span class='ocrx_word' id='word_1_136' title='bbox 751 1379 1033 1435; x_wconf 82' lang='grc' dir='ltr'><em>ἀσύνετοι</em></span> <span class='ocrx_word' id='word_1_137' title='bbox 1061 1378 1137 1448; x_wconf 79' lang='grc' dir='ltr'><em>τῇ</em></span> <span class='ocrx_word' id='word_1_138' title='bbox 1169 1379 1399 1449; x_wconf 81' lang='grc' dir='ltr'><strong><em>καρδίᾳ.</em></strong></span> <span class='ocrx_word' id='word_1_139' title='bbox 1435 1380 1648 1452; x_wconf 78' lang='grc' dir='ltr'>Σφόδρα</span> <span class='ocrx_word' id='word_1_140' title='bbox 1678 1381 1807 1434; x_wconf 83' lang='grc' dir='ltr'><strong><em>ἀκο-</em></strong></span> 
     </span>
    </p>
   </div>
   <div class='ocr_carea' id='block_1_22' title="bbox 233 1469 1809 1549">
    <p class='ocr_par' dir='ltr' id='par_1_22' title="bbox 233 1469 1809 1549">
     <span class='ocr_line' id='line_1_22' title="bbox 233 1469 1809 1549; baseline -0.001 -23"><span class='ocrx_word' id='word_1_141' title='bbox 233 1472 455 1538; x_wconf 83' lang='grc' dir='ltr'><em>λούθως,</em></span> <span class='ocrx_word' id='word_1_142' title='bbox 492 1470 630 1544; x_wconf 83' lang='grc' dir='ltr'><em>μετὰ</em></span> <span class='ocrx_word' id='word_1_143' title='bbox 655 1470 717 1524; x_wconf 80' lang='grc' dir='ltr'><strong><em>τὸ</em></strong></span> <span class='ocrx_word' id='word_1_144' title='bbox 750 1470 1098 1549; x_wconf 80' lang='grc' dir='ltr'>παραστῆσαι</span> <span class='ocrx_word' id='word_1_145' title='bbox 1120 1469 1212 1524; x_wconf 78' lang='grc' dir='ltr'>τὸν</span> <span class='ocrx_word' id='word_1_146' title='bbox 1241 1471 1405 1527; x_wconf 84' lang='grc' dir='ltr'><em>τόπον</em></span> <span class='ocrx_word' id='word_1_147' title='bbox 1433 1471 1527 1525; x_wconf 90' lang='grc' dir='ltr'><strong><em>τοῦ</em></strong></span> <span class='ocrx_word' id='word_1_148' title='bbox 1553 1471 1710 1536; x_wconf 82' lang='grc' dir='ltr'><em>Θεοῦ,</em></span> <span class='ocrx_word' id='word_1_149' title='bbox 1731 1473 1809 1526; x_wconf 91' lang='grc' dir='ltr'>δι-</span> 
     </span>
    </p>
   </div>
   <div class='ocr_carea' id='block_1_23' title="bbox 232 1560 1809 1627">
    <p class='ocr_par' dir='ltr' id='par_1_23' title="bbox 232 1560 1809 1627">
     <span class='ocr_line' id='line_1_23' title="bbox 232 1560 1809 1627; baseline -0.001 -9"><span class='ocrx_word' id='word_1_150' title='bbox 232 1561 439 1627; x_wconf 79' lang='grc' dir='ltr'>δάσκει,</span> <span class='ocrx_word' id='word_1_151' title='bbox 484 1562 567 1615; x_wconf 84' lang='grc' dir='ltr'>ὃτι</span> <span class='ocrx_word' id='word_1_152' title='bbox 612 1560 1030 1616; x_wconf 81' lang='grc' dir='ltr'>ἀποκέκλεισται</span> <span class='ocrx_word' id='word_1_153' title='bbox 1058 1561 1189 1616; x_wconf 88' lang='grc' dir='ltr'><em>εῐσω</em></span> <span class='ocrx_word' id='word_1_154' title='bbox 1219 1562 1313 1616; x_wconf 89' lang='grc' dir='ltr'><strong><em>τοῦ</em></strong></span> <span class='ocrx_word' id='word_1_155' title='bbox 1336 1564 1503 1617; x_wconf 86' lang='grc' dir='ltr'><em>τόπου</em></span> <span class='ocrx_word' id='word_1_156' title='bbox 1552 1563 1716 1617; x_wconf 80' lang='grc' dir='ltr'>αὑτοῦ</span> <span class='ocrx_word' id='word_1_157' title='bbox 1740 1563 1809 1617; x_wconf 84' lang='grc' dir='ltr'><strong><em>τὰ</em></strong></span> 
     </span>
    </p>
   </div>
   <div class='ocr_carea' id='block_1_24' title="bbox 231 1653 1809 1728">
    <p class='ocr_par' dir='ltr' id='par_1_24' title="bbox 231 1653 1809 1728">
     <span class='ocr_line' id='line_1_24' title="bbox 231 1653 1809 1728; baseline 0 -20"><span class='ocrx_word' id='word_1_158' title='bbox 231 1653 429 1723; x_wconf 76' lang='grc' dir='ltr'>ἁγαθάο</span> <span class='ocrx_word' id='word_1_159' title='bbox 455 1654 676 1717; x_wconf 79' lang='grc' dir='ltr'><em>ἀκτῖνας</em></span> <span class='ocrx_word' id='word_1_160' title='bbox 697 1653 742 1707; x_wconf 86' lang='grc' dir='ltr'>δ’</span> <span class='ocrx_word' id='word_1_161' title='bbox 766 1654 951 1725; x_wconf 85' lang='grc' dir='ltr'>ὥσπερ</span> <span class='ocrx_word' id='word_1_162' title='bbox 981 1653 1253 1725; x_wconf 73' lang='grc' dir='ltr'><strong><em>ἐκπέμπει</em></strong></span> <span class='ocrx_word' id='word_1_163' title='bbox 1279 1655 1373 1708; x_wconf 79' lang='grc' dir='ltr'>καὶ</span> <span class='ocrx_word' id='word_1_164' title='bbox 1399 1655 1491 1710; x_wconf 76' lang='grc' dir='ltr'><strong><em>ἐπὶ</em></strong></span> <span class='ocrx_word' id='word_1_165' title='bbox 1517 1656 1643 1718; x_wconf 82' lang='grc' dir='ltr'><em>τοὺς</em></span> <span class='ocrx_word' id='word_1_166' title='bbox 1674 1658 1809 1728; x_wconf 80' lang='grc' dir='ltr'>πορ-</span> 
     </span>
    </p>
   </div>
   <div class='ocr_carea' id='block_1_25' title="bbox 233 1742 1811 1816">
    <p class='ocr_par' dir='ltr' id='par_1_25' title="bbox 233 1742 1811 1816">
     <span class='ocr_line' id='line_1_25' title="bbox 233 1742 1811 1816; baseline 0.002 -19"><span class='ocrx_word' id='word_1_167' title='bbox 233 1744 477 1815; x_wconf 76' lang='grc' dir='ltr'>ρωτάτω.</span> <span class='ocrx_word' id='word_1_168' title='bbox 526 1742 618 1798; x_wconf 93' lang='grc' dir='ltr'><strong><em>Διό</em></strong></span> <span class='ocrx_word' id='word_1_169' title='bbox 660 1761 792 1816; x_wconf 85' lang='grc' dir='ltr'>φησι</span> <span class='ocrx_word' id='word_1_170' title='bbox 815 1760 829 1775; x_wconf 77' lang='grc' dir='ltr'>ο</span> <span class='ocrx_word' id='word_1_171' title='bbox 865 1743 1130 1810; x_wconf 79' lang='grc' dir='ltr'><em>Φωτίζεις</em></span> <span class='ocrx_word' id='word_1_172' title='bbox 1185 1744 1267 1798; x_wconf 86' lang='grc' dir='ltr'><strong><em>σὺ</em></strong></span> <span class='ocrx_word' id='word_1_173' title='bbox 1309 1745 1662 1816; x_wconf 83' lang='grc' dir='ltr'>θαυμαστῶς</span> <span class='ocrx_word' id='word_1_174' title='bbox 1695 1745 1811 1801; x_wconf 84' lang='grc' dir='ltr'><strong><em>ἀπὸ</em></strong></span> 
     </span>
    </p>
   </div>
   <div class='ocr_carea' id='block_1_26' title="bbox 231 1832 1810 1911">
    <p class='ocr_par' dir='ltr' id='par_1_26' title="bbox 231 1832 1810 1911">
     <span class='ocr_line' id='line_1_26' title="bbox 231 1832 1810 1911; baseline 0.002 -23"><span class='ocrx_word' id='word_1_175' title='bbox 231 1836 416 1908; x_wconf 72' lang='grc' dir='ltr'><em>ὀρέων</em></span> <span class='ocrx_word' id='word_1_176' title='bbox 443 1836 710 1891; x_wconf 80' lang='grc' dir='ltr'><em>αἰωνίων.</em></span> <span class='ocrx_word' id='word_1_177' title='bbox 755 1835 891 1890; x_wconf 87' lang='grc' dir='ltr'><em>Τίνα</em></span> <span class='ocrx_word' id='word_1_178' title='bbox 921 1836 978 1890; x_wconf 83' lang='grc' dir='ltr'><strong><em>δὲ</em></strong></span> <span class='ocrx_word' id='word_1_179' title='bbox 1024 1832 1095 1910; x_wconf 79' lang='grc' dir='ltr'><strong><em>ἦν</em></strong></span> <span class='ocrx_word' id='word_1_180' title='bbox 1133 1837 1202 1891; x_wconf 84' lang='grc' dir='ltr'>τὰ</span> <span class='ocrx_word' id='word_1_181' title='bbox 1234 1837 1427 1892; x_wconf 84' lang='grc' dir='ltr'><em>αἰώνια</em></span> <span class='ocrx_word' id='word_1_182' title='bbox 1464 1839 1594 1911; x_wconf 44' lang='grc' dir='ltr'><em>κόρη,</em></span> <span class='ocrx_word' id='word_1_183' title='bbox 1630 1838 1745 1893; x_wconf 77' lang='grc' dir='ltr'><strong><em>ἀλλ’</em></strong></span> <span class='ocrx_word' id='word_1_184' title='bbox 1777 1839 1810 1910; x_wconf 81' lang='grc' dir='ltr'>ἢ</span> 
     </span>
    </p>
   </div>
   <div class='ocr_carea' id='block_1_27' title="bbox 231 1927 1812 2003">
    <p class='ocr_par' dir='ltr' id='par_1_27' title="bbox 231 1927 1812 2003">
     <span class='ocr_line' id='line_1_27' title="bbox 231 1927 1812 2003; baseline 0 -19"><span class='ocrx_word' id='word_1_185' title='bbox 231 1928 370 1985; x_wconf 87' lang='grc' dir='ltr'><em>Σιὼν</em></span> <span class='ocrx_word' id='word_1_186' title='bbox 420 1929 512 1983; x_wconf 78' lang='grc' dir='ltr'>καὶ</span> <span class='ocrx_word' id='word_1_187' title='bbox 555 1930 590 2002; x_wconf 81' lang='grc' dir='ltr'>ὴ</span> <span class='ocrx_word' id='word_1_188' title='bbox 625 1927 831 2000; x_wconf 81' lang='grc' dir='ltr'><em>Σαλὴμ,</em></span> <span class='ocrx_word' id='word_1_189' title='bbox 863 1927 931 1982; x_wconf 80' lang='grc' dir='ltr'><strong><em>τὰ</em></strong></span> <span class='ocrx_word' id='word_1_190' title='bbox 975 1928 1063 1983; x_wconf 84' lang='grc' dir='ltr'><strong><em>διὰ</em></strong></span> <span class='ocrx_word' id='word_1_191' title='bbox 1103 1930 1212 1985; x_wconf 85' lang='grc' dir='ltr'><em>τῶν</em></span> <span class='ocrx_word' id='word_1_192' title='bbox 1262 1930 1569 2003; x_wconf 77' lang='grc' dir='ltr'><em>ἔμπροσθεν</em></span> <span class='ocrx_word' id='word_1_193' title='bbox 1616 1931 1812 1984; x_wconf 86' lang='grc' dir='ltr'><strong><em>ἀποδο-</em></strong></span> 
     </span>
    </p>
   </div>
   <div class='ocr_carea' id='block_1_28' title="bbox 231 2020 1811 2095">
    <p class='ocr_par' dir='ltr' id='par_1_28' title="bbox 231 2020 1811 2095">
     <span class='ocr_line' id='line_1_28' title="bbox 231 2020 1811 2095; baseline 0 -19"><span class='ocrx_word' id='word_1_194' title='bbox 231 2021 422 2088; x_wconf 75' lang='grc' dir='ltr'>θέντα;</span> <span class='ocrx_word' id='word_1_195' title='bbox 457 2020 694 2075; x_wconf 82' lang='grc' dir='ltr'><em>Ἀνωθεν</em></span> <span class='ocrx_word' id='word_1_196' title='bbox 726 2020 856 2091; x_wconf 92' lang='grc' dir='ltr'><em>γοῦν</em></span> <span class='ocrx_word' id='word_1_197' title='bbox 886 2021 995 2074; x_wconf 84' lang='grc' dir='ltr'><strong><em>ἀπὸ</em></strong></span> <span class='ocrx_word' id='word_1_198' title='bbox 1030 2022 1139 2076; x_wconf 85' lang='grc' dir='ltr'>τῶν</span> <span class='ocrx_word' id='word_1_199' title='bbox 1176 2022 1441 2092; x_wconf 81' lang='grc' dir='ltr'>οὐρανίων</span> <span class='ocrx_word' id='word_1_200' title='bbox 1481 2022 1811 2095; x_wconf 76' lang='grc' dir='ltr'><em>ὑψωμάτων,</em></span> 
     </span>
    </p>
   </div>
   <div class='ocr_carea' id='block_1_29' title="bbox 231 2112 1814 2186">
    <p class='ocr_par' dir='ltr' id='par_1_29' title="bbox 231 2112 1814 2186">
     <span class='ocr_line' id='line_1_29' title="bbox 231 2112 1814 2186; baseline 0 -19"><span class='ocrx_word' id='word_1_201' title='bbox 231 2113 420 2185; x_wconf 83' lang='grc' dir='ltr'>ὥσπερ</span> <span class='ocrx_word' id='word_1_202' title='bbox 458 2113 523 2167; x_wconf 81' lang='grc' dir='ltr'><strong><em>ὲκ</em></strong></span> <span class='ocrx_word' id='word_1_203' title='bbox 558 2112 719 2168; x_wconf 83' lang='grc' dir='ltr'><em>τινῶν</em></span> <span class='ocrx_word' id='word_1_204' title='bbox 761 2113 995 2167; x_wconf 76' lang='grc' dir='ltr'><em>αἰωνίων</em></span> <span class='ocrx_word' id='word_1_205' title='bbox 1022 2113 1185 2186; x_wconf 85' lang='grc' dir='ltr'><em>ὀρῶν,</em></span> <span class='ocrx_word' id='word_1_206' title='bbox 1221 2112 1321 2178; x_wconf 72' lang='grc' dir='ltr'><strong><em>τὰς</em></strong></span> <span class='ocrx_word' id='word_1_207' title='bbox 1366 2114 1538 2181; x_wconf 81' lang='grc' dir='ltr'><em>αὐγὰς</em></span> <span class='ocrx_word' id='word_1_208' title='bbox 1573 2114 1683 2167; x_wconf 82' lang='grc' dir='ltr'><strong><em>τῶν</em></strong></span> <span class='ocrx_word' id='word_1_209' title='bbox 1714 2115 1814 2186; x_wconf 82' lang='grc' dir='ltr'><strong><em>τῆς</em></strong></span> 
     </span>
    </p>
   </div>
   <div class='ocr_carea' id='block_1_30' title="bbox 231 2203 1814 2280">
    <p class='ocr_par' dir='ltr' id='par_1_30' title="bbox 231 2203 1814 2280">
     <span class='ocr_line' id='line_1_30' title="bbox 231 2203 1814 2280; baseline 0 -19"><span class='ocrx_word' id='word_1_210' title='bbox 231 2203 485 2277; x_wconf 78' lang='grc' dir='ltr'><strong><em>θεότητος</em></strong></span> <span class='ocrx_word' id='word_1_211' title='bbox 510 2203 676 2260; x_wconf 76' lang='grc' dir='ltr'>αὐτοῦ</span> <span class='ocrx_word' id='word_1_212' title='bbox 710 2206 1108 2279; x_wconf 73' lang='grc' dir='ltr'><em>μαρμαρυγιῖΝ,</em></span> <span class='ocrx_word' id='word_1_213' title='bbox 1139 2207 1233 2261; x_wconf 76' lang='grc' dir='ltr'><strong><em>καὶ</em></strong></span> <span class='ocrx_word' id='word_1_214' title='bbox 1268 2207 1429 2280; x_wconf 83' lang='grc' dir='ltr'><em>μέχρι</em></span> <span class='ocrx_word' id='word_1_215' title='bbox 1454 2207 1560 2261; x_wconf 84' lang='grc' dir='ltr'><strong><em>τῶν</em></strong></span> <span class='ocrx_word' id='word_1_216' title='bbox 1593 2207 1687 2260; x_wconf 77' lang='grc' dir='ltr'><strong><em>ἐπὶ</em></strong></span> <span class='ocrx_word' id='word_1_217' title='bbox 1709 2208 1814 2278; x_wconf 81' lang='grc' dir='ltr'><strong><em>γῆς</em></strong></span> 
     </span>
    </p>
   </div>
   <div class='ocr_carea' id='block_1_31' title="bbox 230 2296 1814 2370">
    <p class='ocr_par' dir='ltr' id='par_1_31' title="bbox 230 2296 1814 2370">
     <span class='ocr_line' id='line_1_31' title="bbox 230 2296 1814 2370; baseline 0.003 -20"><span class='ocrx_word' id='word_1_218' title='bbox 230 2296 550 2368; x_wconf 73' lang='grc' dir='ltr'><em>ἐκπέμπων,</em></span> <span class='ocrx_word' id='word_1_219' title='bbox 588 2298 810 2367; x_wconf 77' lang='grc' dir='ltr'><strong><em>φωτίζει</em></strong></span> <span class='ocrx_word' id='word_1_220' title='bbox 838 2298 936 2362; x_wconf 81' lang='grc' dir='ltr'><strong><em>τὰς</em></strong></span> <span class='ocrx_word' id='word_1_221' title='bbox 968 2297 1078 2352; x_wconf 84' lang='grc' dir='ltr'>τῶν</span> <span class='ocrx_word' id='word_1_222' title='bbox 1108 2298 1272 2366; x_wconf 82' lang='grc' dir='ltr'><em>ἀξίων</em></span> <span class='ocrx_word' id='word_1_223' title='bbox 1300 2298 1497 2370; x_wconf 77' lang='grc' dir='ltr'><em>ψυχάς,</em></span> <span class='ocrx_word' id='word_1_224' title='bbox 1531 2298 1814 2370; x_wconf 84' lang='grc' dir='ltr'><strong><em>καταλάμ-</em></strong></span> 
     </span>
    </p>
   </div>
   <div class='ocr_carea' id='block_1_32' title="bbox 232 2387 1812 2463">
    <p class='ocr_par' dir='ltr' id='par_1_32' title="bbox 232 2387 1812 2463">
     <span class='ocr_line' id='line_1_32' title="bbox 232 2387 1812 2463; baseline 0.001 -20"><span class='ocrx_word' id='word_1_225' title='bbox 232 2406 350 2443; x_wconf 85' lang='grc' dir='ltr'><em>πων</em></span> <span class='ocrx_word' id='word_1_226' title='bbox 382 2388 552 2453; x_wconf 79' lang='grc' dir='ltr'>αὐτὰς</span> <span class='ocrx_word' id='word_1_227' title='bbox 574 2389 653 2461; x_wconf 84' lang='grc' dir='ltr'>τῷ</span> <span class='ocrx_word' id='word_1_228' title='bbox 676 2390 816 2463; x_wconf 79' lang='grc' dir='ltr'><strong><em>ἁγίῳ</em></strong></span> <span class='ocrx_word' id='word_1_229' title='bbox 836 2388 998 2460; x_wconf 77' lang='grc' dir='ltr'>αὑτοῦ</span> <span class='ocrx_word' id='word_1_230' title='bbox 1025 2389 1299 2462; x_wconf 78' lang='grc' dir='ltr'><em>Πνεῦματι</em></span> <span class='ocrx_word' id='word_1_231' title='bbox 1315 2407 1329 2422; x_wconf 75' lang='grc' dir='ltr'><strong><em>ο</em></strong></span> <span class='ocrx_word' id='word_1_232' title='bbox 1362 2391 1567 2453; x_wconf 82' lang='grc' dir='ltr'>ταύτας</span> <span class='ocrx_word' id='word_1_233' title='bbox 1602 2390 1700 2463; x_wconf 84' lang='grc' dir='ltr'><em>μὲν</em></span> <span class='ocrx_word' id='word_1_234' title='bbox 1718 2387 1812 2445; x_wconf 80' lang='grc' dir='ltr'><strong><em>οὖν</em></strong></span> 
     </span>
    </p>
   </div>
   <div class='ocr_carea' id='block_1_33' title="bbox 230 2480 1812 2554">
    <p class='ocr_par' dir='ltr' id='par_1_33' title="bbox 230 2480 1812 2554">
     <span class='ocr_line' id='line_1_33' title="bbox 230 2480 1812 2554; baseline 0.001 -21"><span class='ocrx_word' id='word_1_235' title='bbox 230 2480 453 2550; x_wconf 76' lang='grc' dir='ltr'><strong><em>φωτίζει</em></strong></span> <span class='ocrx_word' id='word_1_236' title='bbox 472 2496 486 2510; x_wconf 81' lang='grc'>⁶</span> <span class='ocrx_word' id='word_1_237' title='bbox 521 2481 647 2545; x_wconf 75' lang='grc' dir='ltr'>τοὺς</span> <span class='ocrx_word' id='word_1_238' title='bbox 671 2480 996 2547; x_wconf 78' lang='grc' dir='ltr'><em>δὲάναξίους</em></span> <span class='ocrx_word' id='word_1_239' title='bbox 1023 2481 1133 2535; x_wconf 82' lang='grc' dir='ltr'><strong><em>τῶν</em></strong></span> <span class='ocrx_word' id='word_1_240' title='bbox 1164 2480 1356 2552; x_wconf 85' lang='grc' dir='ltr'>φώτων</span> <span class='ocrx_word' id='word_1_241' title='bbox 1388 2480 1553 2537; x_wconf 80' lang='grc' dir='ltr'>αὐτοῦ</span> <span class='ocrx_word' id='word_1_242' title='bbox 1587 2481 1812 2554; x_wconf 72' lang='grc' dir='ltr'>προνοίᾳ</span> 
     </span>
    </p>
   </div>
   <div class='ocr_carea' id='block_1_34' title="bbox 227 2570 1812 2645">
    <p class='ocr_par' dir='ltr' id='par_1_34' title="bbox 227 2570 1812 2645">
     <span class='ocr_line' id='line_1_34' title="bbox 227 2570 1812 2645; baseline 0 -20"><span class='ocrx_word' id='word_1_243' title='bbox 227 2572 330 2642; x_wconf 80' lang='grc' dir='ltr'><strong><em>τῆς</em></strong></span> <span class='ocrx_word' id='word_1_244' title='bbox 372 2570 765 2644; x_wconf 83' lang='grc' dir='ltr'>δικαιοκρισίας</span> <span class='ocrx_word' id='word_1_245' title='bbox 804 2570 967 2626; x_wconf 81' lang='grc' dir='ltr'>αὐτοῦ</span> <span class='ocrx_word' id='word_1_246' title='bbox 1016 2571 1411 2644; x_wconf 81' lang='grc' dir='ltr'><em>μετερχόμενος</em></span> <span class='ocrx_word' id='word_1_247' title='bbox 1452 2571 1688 2645; x_wconf 77' lang='grc' dir='ltr'>θορυϐεῖ.</span> <span class='ocrx_word' id='word_1_248' title='bbox 1719 2574 1812 2626; x_wconf 84' lang='grc' dir='ltr'><strong><em>Διὸ</em></strong></span> 
     </span>
    </p>
   </div>
   <div class='ocr_carea' id='block_1_35' title="bbox 231 2662 1810 2734">
    <p class='ocr_par' dir='ltr' id='par_1_35' title="bbox 231 2662 1810 2734">
     <span class='ocr_line' id='line_1_35' title="bbox 231 2662 1810 2734; baseline 0.001 -18"><span class='ocrx_word' id='word_1_249' title='bbox 231 2662 472 2732; x_wconf 68' lang='grc' dir='ltr'><strong><em>ἐπιλέγει</em></strong></span> <span class='ocrx_word' id='word_1_250' title='bbox 494 2678 510 2694; x_wconf 76' lang='grc'><strong><em>⁸</em></strong></span> <span class='ocrx_word' id='word_1_251' title='bbox 564 2662 1019 2733; x_wconf 78' lang='grc' dir='ltr'><strong><em>Ἐταρὰχθησαν</em></strong></span> <span class='ocrx_word' id='word_1_252' title='bbox 1058 2664 1282 2730; x_wconf 80' lang='grc' dir='ltr'><em>πάντες</em></span> <span class='ocrx_word' id='word_1_253' title='bbox 1325 2667 1379 2719; x_wconf 83' lang='grc' dir='ltr'><em>οί</em></span> <span class='ocrx_word' id='word_1_254' title='bbox 1411 2663 1692 2720; x_wconf 81' lang='grc' dir='ltr'><em>ἀσύνετοι</em></span> <span class='ocrx_word' id='word_1_255' title='bbox 1734 2663 1810 2734; x_wconf 79' lang='grc' dir='ltr'><em>τῇ</em></span> 
     </span>
    </p>
   </div>
   <div class='ocr_carea' id='block_1_36' title="bbox 230 2750 1809 2828">
    <p class='ocr_par' dir='ltr' id='par_1_36' title="bbox 230 2750 1809 2828">
     <span class='ocr_line' id='line_1_36' title="bbox 230 2750 1809 2828; baseline 0.001 -23"><span class='ocrx_word' id='word_1_256' title='bbox 230 2750 462 2821; x_wconf 80' lang='grc' dir='ltr'><em>καρδίᾳ.</em></span> <span class='ocrx_word' id='word_1_257' title='bbox 512 2750 781 2806; x_wconf 80' lang='grc' dir='ltr'>Ἀσύνετοι</span> <span class='ocrx_word' id='word_1_258' title='bbox 824 2753 935 2825; x_wconf 85' lang='grc' dir='ltr'><em>γὰρ</em></span> <span class='ocrx_word' id='word_1_259' title='bbox 965 2752 1179 2825; x_wconf 80' lang='grc' dir='ltr'>άληθῶς</span> <span class='ocrx_word' id='word_1_260' title='bbox 1214 2754 1367 2820; x_wconf 79' lang='grc' dir='ltr'>ὄντες</span> <span class='ocrx_word' id='word_1_261' title='bbox 1410 2758 1477 2827; x_wconf 77' lang='grc' dir='ltr'>τῇ</span> <span class='ocrx_word' id='word_1_262' title='bbox 1528 2755 1809 2828; x_wconf 76' lang='grc' dir='ltr'><strong><em>καρδίᾳ,ἢ</em></strong></span> 
     </span>
    </p>
   </div>
   <div class='ocr_carea' id='block_1_37' title="bbox 229 2842 1808 2916">
    <p class='ocr_par' dir='ltr' id='par_1_37' title="bbox 229 2842 1808 2916">
     <span class='ocr_line' id='line_1_37' title="bbox 229 2842 1808 2916; baseline 0.004 -21"><span class='ocrx_word' id='word_1_263' title='bbox 229 2843 373 2897; x_wconf 81' lang='grc' dir='ltr'>κατὰ</span> <span class='ocrx_word' id='word_1_264' title='bbox 408 2842 498 2895; x_wconf 80' lang='grc' dir='ltr'><strong><em>τὸν</em></strong></span> <span class='ocrx_word' id='word_1_265' title='bbox 530 2843 842 2914; x_wconf 86' lang='grc' dir='ltr'><em>Σύμμαχον,</em></span> <span class='ocrx_word' id='word_1_266' title='bbox 884 2845 1256 2916; x_wconf 68' lang='grc' dir='ltr'><em>ὑπερήφανοι</em></span> <span class='ocrx_word' id='word_1_267' title='bbox 1285 2845 1401 2916; x_wconf 75' lang='grc' dir='ltr'><em>τὴν</em></span> <span class='ocrx_word' id='word_1_268' title='bbox 1443 2846 1711 2916; x_wconf 80' lang='grc' dir='ltr'><em>καρδίαν,</em></span> <span class='ocrx_word' id='word_1_269' title='bbox 1746 2848 1808 2901; x_wconf 82' lang='grc' dir='ltr'><strong><em>οὐ</em></strong></span> 
     </span>
    </p>
   </div>
   <div class='ocr_carea' id='block_1_38' title="bbox 231 2930 1805 3009">
    <p class='ocr_par' dir='ltr' id='par_1_38' title="bbox 231 2930 1805 3009">
     <span class='ocr_line' id='line_1_38' title="bbox 231 2930 1805 3009; baseline 0.004 -26"><span class='ocrx_word' id='word_1_270' title='bbox 231 2930 590 3003; x_wconf 77' lang='grc' dir='ltr'>παρεδέξαντο</span> <span class='ocrx_word' id='word_1_271' title='bbox 634 2931 727 2986; x_wconf 89' lang='grc' dir='ltr'>τοῦ</span> <span class='ocrx_word' id='word_1_272' title='bbox 771 2932 946 3003; x_wconf 83' lang='grc' dir='ltr'>φωτὸς</span> <span class='ocrx_word' id='word_1_273' title='bbox 976 2933 1069 2987; x_wconf 85' lang='grc' dir='ltr'><strong><em>τοῦ</em></strong></span> <span class='ocrx_word' id='word_1_274' title='bbox 1102 2933 1237 2989; x_wconf 90' lang='grc' dir='ltr'>Θεοῦ</span> <span class='ocrx_word' id='word_1_275' title='bbox 1276 2936 1378 3001; x_wconf 86' lang='grc' dir='ltr'>τὰς</span> <span class='ocrx_word' id='word_1_276' title='bbox 1418 2935 1805 3009; x_wconf 80' lang='grc' dir='ltr'><strong><em>μαρμαρυγὰς,</em></strong></span> 
     </span>
    </p>
   </div>
   <div class='ocr_carea' id='block_1_39' title="bbox 1982 1286 3487 1346">
    <p class='ocr_par' dir='ltr' id='par_1_39' title="bbox 1982 1286 3487 1346">
     <span class='ocr_line' id='line_1_39' title="bbox 1982 1286 3487 1346; baseline 0.001 -2"><span class='ocrx_word' id='word_1_277' title='bbox 1982 1286 2148 1346; x_wconf 74' lang='lat' dir='ltr'><strong><em>Vens.</em></strong></span> <span class='ocrx_word' id='word_1_278' title='bbox 2180 1290 2234 1345; x_wconf 82' lang='lat'><strong><em>5.</em></strong></span> <span class='ocrx_word' id='word_1_279' title='bbox 2256 1288 2538 1343; x_wconf 86' lang='lat' dir='ltr'><strong><em>Illuminas</em></strong></span> <span class='ocrx_word' id='word_1_280' title='bbox 2562 1300 2617 1343; x_wconf 86' lang='grc' dir='ltr'><strong><em>ιιι</em></strong></span> <span class='ocrx_word' id='word_1_281' title='bbox 2639 1289 2952 1345; x_wconf 76' lang='lat' dir='ltr'><strong><em>mirabiliter</em></strong></span> <span class='ocrx_word' id='word_1_282' title='bbox 2980 1308 3013 1344; x_wconf 92' lang='lat' dir='ltr'><strong><em>a</em></strong></span> <span class='ocrx_word' id='word_1_283' title='bbox 3042 1289 3307 1345; x_wconf 77' lang='lat' dir='ltr'><strong><em>montibus</em></strong></span> <span class='ocrx_word' id='word_1_284' title='bbox 3334 1301 3487 1345; x_wconf 65' lang='lat' dir='ltr'><strong><em>mero</em></strong></span> 
     </span>
    </p>
   </div>
   <div class='ocr_carea' id='block_1_40' title="bbox 1910 1380 3487 1451">
    <p class='ocr_par' dir='ltr' id='par_1_40' title="bbox 1910 1380 3487 1451">
     <span class='ocr_line' id='line_1_40' title="bbox 1910 1380 3487 1451; baseline 0.003 -17"><span class='ocrx_word' id='word_1_285' title='bbox 1910 1381 2015 1443; x_wconf 90' lang='lat' dir='ltr'><strong><em>nis,</em></strong></span> <span class='ocrx_word' id='word_1_286' title='bbox 2053 1380 2254 1435; x_wconf 82' lang='lat' dir='ltr'><strong><em>turbati</em></strong></span> <span class='ocrx_word' id='word_1_287' title='bbox 2286 1390 2410 1435; x_wconf 87' lang='lat' dir='ltr'><strong><em>sunt</em></strong></span> <span class='ocrx_word' id='word_1_288' title='bbox 2435 1381 2740 1451; x_wconf 81' lang='lat' dir='ltr'><strong><em>insipientes</em></strong></span> <span class='ocrx_word' id='word_1_289' title='bbox 2765 1381 2938 1436; x_wconf 88' lang='lat' dir='ltr'><strong><em>corde.</em></strong></span> <span class='ocrx_word' id='word_1_290' title='bbox 2956 1382 3260 1437; x_wconf 87' lang='lat' dir='ltr'><strong><em>Admodum</em></strong></span> <span class='ocrx_word' id='word_1_291' title='bbox 3292 1397 3487 1438; x_wconf 91' lang='lat' dir='ltr'><strong><em>conse-</em></strong></span> 
     </span>
    </p>
   </div>
   <div class='ocr_carea' id='block_1_41' title="bbox 1910 1470 3487 1545">
    <p class='ocr_par' dir='ltr' id='par_1_41' title="bbox 1910 1470 3487 1545">
     <span class='ocr_line' id='line_1_41' title="bbox 1910 1470 3487 1545; baseline 0.001 -18"><span class='ocrx_word' id='word_1_292' title='bbox 1910 1480 2161 1544; x_wconf 83' lang='lat' dir='ltr'><strong><em>quenter,</em></strong></span> <span class='ocrx_word' id='word_1_293' title='bbox 2192 1481 2479 1545; x_wconf 87' lang='lat' dir='ltr'><strong><em>postquam</em></strong></span> <span class='ocrx_word' id='word_1_294' title='bbox 2502 1473 2680 1529; x_wconf 93' lang='lat' dir='ltr'><strong><em>locum</em></strong></span> <span class='ocrx_word' id='word_1_295' title='bbox 2710 1471 2806 1528; x_wconf 89' lang='lat' dir='ltr'><strong><em>Dei</em></strong></span> <span class='ocrx_word' id='word_1_296' title='bbox 2846 1470 3341 1536; x_wconf 88' lang='lat' dir='ltr'><strong><em>declaravit,docet</em></strong></span> <span class='ocrx_word' id='word_1_297' title='bbox 3378 1487 3487 1528; x_wconf 91' lang='lat' dir='ltr'><strong><em>non</em></strong></span> 
     </span>
    </p>
   </div>
   <div class='ocr_carea' id='block_1_42' title="bbox 1913 1561 3485 1635">
    <p class='ocr_par' dir='ltr' id='par_1_42' title="bbox 1913 1561 3485 1635">
     <span class='ocr_line' id='line_1_42' title="bbox 1913 1561 3485 1635; baseline -0.003 -16"><span class='ocrx_word' id='word_1_298' title='bbox 1913 1566 2058 1620; x_wconf 88' lang='lat' dir='ltr'><strong><em>intra</em></strong></span> <span class='ocrx_word' id='word_1_299' title='bbox 2082 1566 2262 1620; x_wconf 90' lang='lat' dir='ltr'><strong><em>locum</em></strong></span> <span class='ocrx_word' id='word_1_300' title='bbox 2288 1564 2601 1635; x_wconf 75' lang='lat' dir='ltr'><strong><em>huiusmodi</em></strong></span> <span class='ocrx_word' id='word_1_301' title='bbox 2629 1562 2884 1619; x_wconf 89' lang='lat' dir='ltr'><strong><em>concludi</em></strong></span> <span class='ocrx_word' id='word_1_302' title='bbox 2906 1563 3078 1629; x_wconf 83' lang='lat' dir='ltr'><strong><em>bona;</em></strong></span> <span class='ocrx_word' id='word_1_303' title='bbox 3116 1561 3211 1618; x_wconf 91' lang='lat' dir='ltr'><strong><em>sed</em></strong></span> <span class='ocrx_word' id='word_1_304' title='bbox 3234 1577 3357 1617; x_wconf 91' lang='lat' dir='ltr'><strong><em>eum</em></strong></span> <span class='ocrx_word' id='word_1_305' title='bbox 3384 1576 3485 1616; x_wconf 87' lang='lat' dir='ltr'><strong><em>ceu</em></strong></span> 
     </span>
    </p>
   </div>
   <div class='ocr_carea' id='block_1_43' title="bbox 1913 1640 3485 1725">
    <p class='ocr_par' dir='ltr' id='par_1_43' title="bbox 1913 1640 3485 1725">
     <span class='ocr_line' id='line_1_43' title="bbox 1913 1640 3485 1725; baseline -0.003 -14"><span class='ocrx_word' id='word_1_306' title='bbox 1913 1656 2099 1712; x_wconf 89' lang='lat' dir='ltr'><strong><em>radios</em></strong></span> <span class='ocrx_word' id='word_1_307' title='bbox 2135 1656 2332 1712; x_wconf 78' lang='lat' dir='ltr'><strong><em>exinde</em></strong></span> <span class='ocrx_word' id='word_1_308' title='bbox 2370 1656 2620 1712; x_wconf 82' lang='lat' dir='ltr'><strong><em>emittere</em></strong></span> <span class='ocrx_word' id='word_1_309' title='bbox 2664 1655 2732 1710; x_wconf 90' lang='lat' dir='ltr'><strong><em>ad</em></strong></span> <span class='ocrx_word' id='word_1_310' title='bbox 2771 1670 2867 1711; x_wconf 91' lang='lat' dir='ltr'><strong><em>eos</em></strong></span> <span class='ocrx_word' id='word_1_311' title='bbox 2899 1654 2995 1725; x_wconf 89' lang='lat' dir='ltr'><strong><em>qui</em></strong></span> <span class='ocrx_word' id='word_1_312' title='bbox 3024 1640 3343 1724; x_wconf 83' lang='lat' dir='ltr'><strong><em>longissime</em></strong></span> <span class='ocrx_word' id='word_1_313' title='bbox 3394 1652 3485 1707; x_wconf 88' lang='lat' dir='ltr'><strong><em>siti</em></strong></span> 
     </span>
    </p>
   </div>
   <div class='ocr_carea' id='block_1_44' title="bbox 1916 1743 3488 1815">
    <p class='ocr_par' dir='ltr' id='par_1_44' title="bbox 1916 1743 3488 1815">
     <span class='ocr_line' id='line_1_44' title="bbox 1916 1743 3488 1815; baseline -0.004 -10"><span class='ocrx_word' id='word_1_314' title='bbox 1916 1756 2068 1805; x_wconf 91' lang='lat' dir='ltr'><strong><em>sunt.</em></strong></span> <span class='ocrx_word' id='word_1_315' title='bbox 2103 1748 2471 1815; x_wconf 84' lang='lat' dir='ltr'><strong><em>Quamobrem</em></strong></span> <span class='ocrx_word' id='word_1_316' title='bbox 2502 1748 2578 1801; x_wconf 89' lang='lat' dir='ltr'><strong><em>ait</em></strong></span> <span class='ocrx_word' id='word_1_317' title='bbox 2610 1763 2623 1801; x_wconf 89' lang='lat'><strong>:</strong></span> <span class='ocrx_word' id='word_1_318' title='bbox 2674 1746 2964 1802; x_wconf 89' lang='lat' dir='ltr'><strong><em>Illuminas</em></strong></span> <span class='ocrx_word' id='word_1_319' title='bbox 3008 1755 3062 1800; x_wconf 89' lang='lat' dir='ltr'><strong><em>tu</em></strong></span> <span class='ocrx_word' id='word_1_320' title='bbox 3111 1743 3429 1799; x_wconf 81' lang='lat' dir='ltr'><strong><em>mirabiliter</em></strong></span> <span class='ocrx_word' id='word_1_321' title='bbox 3454 1762 3488 1799; x_wconf 91' lang='lat' dir='ltr'><strong><em>a</em></strong></span> 
     </span>
    </p>
   </div>
   <div class='ocr_carea' id='block_1_45' title="bbox 1915 1836 3486 1906">
    <p class='ocr_par' dir='ltr' id='par_1_45' title="bbox 1915 1836 3486 1906">
     <span class='ocr_line' id='line_1_45' title="bbox 1915 1836 3486 1906; baseline -0.003 -12"><span class='ocrx_word' id='word_1_322' title='bbox 1915 1842 2181 1895; x_wconf 83' lang='lat' dir='ltr'><strong><em>montibus</em></strong></span> <span class='ocrx_word' id='word_1_323' title='bbox 2222 1841 2455 1896; x_wconf 77' lang='lat' dir='ltr'><strong><em>a’ternis.</em></strong></span> <span class='ocrx_word' id='word_1_324' title='bbox 2503 1839 2737 1906; x_wconf 86' lang='lat' dir='ltr'><strong><em>Quinam</em></strong></span> <span class='ocrx_word' id='word_1_325' title='bbox 2769 1849 2985 1895; x_wconf 90' lang='lat' dir='ltr'><strong><em>montes</em></strong></span> <span class='ocrx_word' id='word_1_326' title='bbox 3028 1839 3107 1894; x_wconf 87' lang='lat' dir='ltr'><strong><em>illi</em></strong></span> <span class='ocrx_word' id='word_1_327' title='bbox 3136 1837 3346 1903; x_wconf 65' lang='lat' dir='ltr'><strong><em>aeterni,</em></strong></span> <span class='ocrx_word' id='word_1_328' title='bbox 3379 1836 3486 1891; x_wconf 84' lang='lat' dir='ltr'><strong><em>nisi</em></strong></span> 
     </span>
    </p>
   </div>
   <div class='ocr_carea' id='block_1_46' title="bbox 1914 1927 3488 2002">
    <p class='ocr_par' dir='ltr' id='par_1_46' title="bbox 1914 1927 3488 2002">
     <span class='ocr_line' id='line_1_46' title="bbox 1914 1927 3488 2002; baseline -0.003 -16"><span class='ocrx_word' id='word_1_329' title='bbox 1914 1930 2049 1986; x_wconf 84' lang='lat' dir='ltr'><strong><em>Sion</em></strong></span> <span class='ocrx_word' id='word_1_330' title='bbox 2082 1938 2137 1987; x_wconf 89' lang='lat' dir='ltr'><strong><em>et</em></strong></span> <span class='ocrx_word' id='word_1_331' title='bbox 2172 1929 2377 1995; x_wconf 88' lang='lat' dir='ltr'><strong><em>Salem,</em></strong></span> <span class='ocrx_word' id='word_1_332' title='bbox 2402 1930 2472 1985; x_wconf 90' lang='lat' dir='ltr'><strong><em>de</em></strong></span> <span class='ocrx_word' id='word_1_333' title='bbox 2514 1931 2716 2001; x_wconf 85' lang='lat' dir='ltr'><strong><em>quibus</em></strong></span> <span class='ocrx_word' id='word_1_334' title='bbox 2751 1931 3003 2002; x_wconf 88' lang='lat' dir='ltr'><strong><em>superius</em></strong></span> <span class='ocrx_word' id='word_1_335' title='bbox 3029 1930 3254 1984; x_wconf 82' lang='lat' dir='ltr'><strong><em>actum?</em></strong></span> <span class='ocrx_word' id='word_1_336' title='bbox 3280 1927 3358 1982; x_wconf 82' lang='lat' dir='ltr'><strong><em>Ex</em></strong></span> <span class='ocrx_word' id='word_1_337' title='bbox 3393 1944 3488 1982; x_wconf 90' lang='lat' dir='ltr'><strong><em>su-</em></strong></span> 
     </span>
    </p>
   </div>
   <div class='ocr_carea' id='block_1_47' title="bbox 1911 2021 3493 2095">
    <p class='ocr_par' dir='ltr' id='par_1_47' title="bbox 1911 2021 3493 2095">
     <span class='ocr_line' id='line_1_47' title="bbox 1911 2021 3493 2095; baseline -0.003 -17"><span class='ocrx_word' id='word_1_338' title='bbox 1911 2023 2097 2095; x_wconf 89' lang='lat' dir='ltr'><strong><em>pernis</em></strong></span> <span class='ocrx_word' id='word_1_339' title='bbox 2147 2022 2315 2093; x_wconf 79' lang='lat' dir='ltr'><strong><em>igitur</em></strong></span> <span class='ocrx_word' id='word_1_340' title='bbox 2362 2029 2416 2078; x_wconf 92' lang='lat' dir='ltr'><strong><em>et</em></strong></span> <span class='ocrx_word' id='word_1_341' title='bbox 2458 2021 2780 2079; x_wconf 82' lang='lat' dir='ltr'><strong><em>ccelestibus</em></strong></span> <span class='ocrx_word' id='word_1_342' title='bbox 2825 2021 3225 2086; x_wconf 80' lang='lat' dir='ltr'><strong><em>cacuminibus,</em></strong></span> <span class='ocrx_word' id='word_1_343' title='bbox 3278 2035 3378 2075; x_wconf 87' lang='lat' dir='ltr'><strong><em>ceu</em></strong></span> <span class='ocrx_word' id='word_1_344' title='bbox 3417 2035 3493 2075; x_wconf 71' lang='lat' dir='ltr'><strong><em>ex</em></strong></span> 
     </span>
    </p>
   </div>
   <div class='ocr_carea' id='block_1_48' title="bbox 1910 2109 3487 2179">
    <p class='ocr_par' dir='ltr' id='par_1_48' title="bbox 1910 2109 3487 2179">
     <span class='ocr_line' id='line_1_48' title="bbox 1910 2109 3487 2179; baseline -0.004 -10"><span class='ocrx_word' id='word_1_345' title='bbox 1910 2113 2131 2170; x_wconf 67' lang='lat' dir='ltr'><strong><em>aeternis</em></strong></span> <span class='ocrx_word' id='word_1_346' title='bbox 2165 2112 2471 2178; x_wconf 89' lang='lat' dir='ltr'><strong><em>montibus,</em></strong></span> <span class='ocrx_word' id='word_1_347' title='bbox 2518 2111 2741 2168; x_wconf 88' lang='lat' dir='ltr'><strong><em>deitatis</em></strong></span> <span class='ocrx_word' id='word_1_348' title='bbox 2772 2126 2885 2167; x_wconf 63' lang='lat' dir='ltr'><strong><em>sum</em></strong></span> <span class='ocrx_word' id='word_1_349' title='bbox 2914 2110 3100 2167; x_wconf 85' lang='lat' dir='ltr'><strong><em>radios</em></strong></span> <span class='ocrx_word' id='word_1_350' title='bbox 3155 2110 3230 2165; x_wconf 85' lang='lat' dir='ltr'><strong><em>ad</em></strong></span> <span class='ocrx_word' id='word_1_351' title='bbox 3256 2109 3487 2179; x_wconf 80' lang='lat' dir='ltr'><strong><em>terrige-</em></strong></span> 
     </span>
    </p>
   </div>
   <div class='ocr_carea' id='block_1_49' title="bbox 1911 2201 3495 2278">
    <p class='ocr_par' dir='ltr' id='par_1_49' title="bbox 1911 2201 3495 2278">
     <span class='ocr_line' id='line_1_49' title="bbox 1911 2201 3495 2278; baseline -0.003 -17"><span class='ocrx_word' id='word_1_352' title='bbox 1911 2222 2014 2263; x_wconf 87' lang='lat' dir='ltr'><strong><em>nas</em></strong></span> <span class='ocrx_word' id='word_1_353' title='bbox 2042 2206 2218 2278; x_wconf 85' lang='lat' dir='ltr'><strong><em>usque</em></strong></span> <span class='ocrx_word' id='word_1_354' title='bbox 2254 2206 2533 2271; x_wconf 88' lang='lat' dir='ltr'><strong><em>emittens,</em></strong></span> <span class='ocrx_word' id='word_1_355' title='bbox 2566 2217 2756 2260; x_wconf 89' lang='lat' dir='ltr'><strong><em>eorum</em></strong></span> <span class='ocrx_word' id='word_1_356' title='bbox 2796 2202 2890 2274; x_wconf 90' lang='lat' dir='ltr'><strong><em>qni</em></strong></span> <span class='ocrx_word' id='word_1_357' title='bbox 2920 2202 3070 2273; x_wconf 81' lang='lat' dir='ltr'><strong><em>digni</em></strong></span> <span class='ocrx_word' id='word_1_358' title='bbox 3116 2209 3245 2259; x_wconf 89' lang='lat' dir='ltr'><strong><em>sunt</em></strong></span> <span class='ocrx_word' id='word_1_359' title='bbox 3270 2201 3495 2257; x_wconf 79' lang='lat' dir='ltr'><strong><em>animas</em></strong></span> 
     </span>
    </p>
   </div>
   <div class='ocr_carea' id='block_1_50' title="bbox 1912 2291 3484 2367">
    <p class='ocr_par' dir='ltr' id='par_1_50' title="bbox 1912 2291 3484 2367">
     <span class='ocr_line' id='line_1_50' title="bbox 1912 2291 3484 2367; baseline -0.004 -14"><span class='ocrx_word' id='word_1_360' title='bbox 1912 2297 2153 2353; x_wconf 85' lang='lat' dir='ltr'><strong><em>illustrat</em></strong></span> <span class='ocrx_word' id='word_1_361' title='bbox 2193 2295 2510 2367; x_wconf 90' lang='lat' dir='ltr'><strong><em>Spirituque</em></strong></span> <span class='ocrx_word' id='word_1_362' title='bbox 2537 2304 2731 2351; x_wconf 89' lang='lat' dir='ltr'><strong><em>sancto</em></strong></span> <span class='ocrx_word' id='word_1_363' title='bbox 2765 2310 2868 2350; x_wconf 89' lang='lat' dir='ltr'><strong><em>suo</em></strong></span> <span class='ocrx_word' id='word_1_364' title='bbox 2913 2294 3204 2348; x_wconf 81' lang='lat' dir='ltr'><strong><em>illuminat.</em></strong></span> <span class='ocrx_word' id='word_1_365' title='bbox 3237 2291 3369 2356; x_wconf 80' lang='lat' dir='ltr'><strong><em>Has,</em></strong></span> <span class='ocrx_word' id='word_1_366' title='bbox 3395 2293 3484 2347; x_wconf 90' lang='lat' dir='ltr'><strong><em>in-</em></strong></span> 
     </span>
    </p>
   </div>
   <div class='ocr_carea' id='block_1_51' title="bbox 1912 2381 3505 2459">
    <p class='ocr_par' dir='ltr' id='par_1_51' title="bbox 1912 2381 3505 2459">
     <span class='ocr_line' id='line_1_51' title="bbox 1912 2381 3505 2459; baseline -0.004 -17"><span class='ocrx_word' id='word_1_367' title='bbox 1912 2403 2101 2459; x_wconf 90' lang='lat' dir='ltr'><strong><em>quam,</em></strong></span> <span class='ocrx_word' id='word_1_368' title='bbox 2146 2386 2451 2452; x_wconf 83' lang='lat' dir='ltr'><strong><em>illuminat;</em></strong></span> <span class='ocrx_word' id='word_1_369' title='bbox 2483 2400 2584 2440; x_wconf 90' lang='lat' dir='ltr'><strong><em>suo</em></strong></span> <span class='ocrx_word' id='word_1_370' title='bbox 2622 2393 2805 2439; x_wconf 90' lang='lat' dir='ltr'><strong><em>autem</em></strong></span> <span class='ocrx_word' id='word_1_371' title='bbox 2831 2383 3036 2438; x_wconf 90' lang='lat' dir='ltr'><strong><em>lumine</em></strong></span> <span class='ocrx_word' id='word_1_372' title='bbox 3066 2383 3323 2452; x_wconf 81' lang='lat' dir='ltr'><strong><em>indignos</em></strong></span> <span class='ocrx_word' id='word_1_373' title='bbox 3348 2381 3505 2452; x_wconf 48' lang='lat' dir='ltr'><strong><em>justi.</em></strong></span> 
     </span>
    </p>
   </div>
   <div class='ocr_carea' id='block_1_52' title="bbox 1905 2472 3485 2551">
    <p class='ocr_par' dir='ltr' id='par_1_52' title="bbox 1905 2472 3485 2551">
     <span class='ocr_line' id='line_1_52' title="bbox 1905 2472 3485 2551; baseline -0.004 -16"><span class='ocrx_word' id='word_1_374' title='bbox 1905 2479 2099 2551; x_wconf 85' lang='lat' dir='ltr'><strong><em>judicii</em></strong></span> <span class='ocrx_word' id='word_1_375' title='bbox 2131 2480 2213 2535; x_wconf 89' lang='lat' dir='ltr'><strong><em>sui</em></strong></span> <span class='ocrx_word' id='word_1_376' title='bbox 2230 2477 2573 2550; x_wconf 84' lang='lat' dir='ltr'><strong><em>providentia</em></strong></span> <span class='ocrx_word' id='word_1_377' title='bbox 2589 2475 2857 2532; x_wconf 83' lang='lat' dir='ltr'><strong><em>invadens</em></strong></span> <span class='ocrx_word' id='word_1_378' title='bbox 2873 2476 3185 2531; x_wconf 87' lang='lat' dir='ltr'><strong><em>conturbat.</em></strong></span> <span class='ocrx_word' id='word_1_379' title='bbox 3205 2472 3485 2542; x_wconf 86' lang='lat' dir='ltr'><strong><em>Quamob-</em></strong></span> 
     </span>
    </p>
   </div>
   <div class='ocr_carea' id='block_1_53' title="bbox 1909 2566 3481 2638">
    <p class='ocr_par' dir='ltr' id='par_1_53' title="bbox 1909 2566 3481 2638">
     <span class='ocr_line' id='line_1_53' title="bbox 1909 2566 3481 2638; baseline -0.003 -13"><span class='ocrx_word' id='word_1_380' title='bbox 1909 2587 2025 2627; x_wconf 90' lang='lat' dir='ltr'><strong><em>rem</em></strong></span> <span class='ocrx_word' id='word_1_381' title='bbox 2074 2569 2281 2635; x_wconf 83' lang='lat' dir='ltr'><strong><em>Subdit,</em></strong></span> <span class='ocrx_word' id='word_1_382' title='bbox 2312 2567 2537 2624; x_wconf 83' lang='lat' dir='ltr'><strong><em>Turbati</em></strong></span> <span class='ocrx_word' id='word_1_383' title='bbox 2574 2578 2697 2622; x_wconf 78' lang='lat' dir='ltr'><strong><em>sunt</em></strong></span> <span class='ocrx_word' id='word_1_384' title='bbox 2741 2584 2918 2623; x_wconf 89' lang='lat' dir='ltr'><strong><em>omnes</em></strong></span> <span class='ocrx_word' id='word_1_385' title='bbox 2968 2568 3271 2638; x_wconf 83' lang='lat' dir='ltr'><strong><em>insipientes</em></strong></span> <span class='ocrx_word' id='word_1_386' title='bbox 3304 2566 3481 2621; x_wconf 87' lang='lat' dir='ltr'><strong><em>corde.</em></strong></span> 
     </span>
    </p>
   </div>
   <div class='ocr_carea' id='block_1_54' title="bbox 1909 2657 3505 2727">
    <p class='ocr_par' dir='ltr' id='par_1_54' title="bbox 1909 2657 3505 2727">
     <span class='ocr_line' id='line_1_54' title="bbox 1909 2657 3505 2727; baseline -0.004 -13"><span class='ocrx_word' id='word_1_387' title='bbox 1909 2658 2043 2714; x_wconf 80' lang='lat' dir='ltr'><strong><em>Nam</em></strong></span> <span class='ocrx_word' id='word_1_388' title='bbox 2078 2674 2205 2714; x_wconf 93' lang='lat' dir='ltr'><strong><em>cum</em></strong></span> <span class='ocrx_word' id='word_1_389' title='bbox 2236 2672 2426 2715; x_wconf 84' lang='lat' dir='ltr'><strong><em>revera</em></strong></span> <span class='ocrx_word' id='word_1_390' title='bbox 2455 2657 2779 2727; x_wconf 89' lang='lat' dir='ltr'><strong><em>insipientes</em></strong></span> <span class='ocrx_word' id='word_1_391' title='bbox 2806 2657 3006 2723; x_wconf 90' lang='lat' dir='ltr'><strong><em>corde;</em></strong></span> <span class='ocrx_word' id='word_1_392' title='bbox 3035 2658 3150 2713; x_wconf 83' lang='lat' dir='ltr'><strong><em>sive</em></strong></span> <span class='ocrx_word' id='word_1_393' title='bbox 3180 2657 3505 2713; x_wconf 35' lang='lat' dir='ltr'><strong><em>secundum.</em></strong></span> 
     </span>
    </p>
   </div>
   <div class='ocr_carea' id='block_1_55' title="bbox 1912 2749 3505 2823">
    <p class='ocr_par' dir='ltr' id='par_1_55' title="bbox 1912 2749 3505 2823">
     <span class='ocr_line' id='line_1_55' title="bbox 1912 2749 3505 2823; baseline -0.002 -18"><span class='ocrx_word' id='word_1_394' title='bbox 1912 2750 2337 2823; x_wconf 89' lang='lat' dir='ltr'><strong><em>Symmachum,</em></strong></span> <span class='ocrx_word' id='word_1_395' title='bbox 2384 2752 2593 2820; x_wconf 86' lang='lat' dir='ltr'><strong><em>superbi</em></strong></span> <span class='ocrx_word' id='word_1_396' title='bbox 2622 2750 2799 2816; x_wconf 88' lang='lat' dir='ltr'><strong><em>corde,</em></strong></span> <span class='ocrx_word' id='word_1_397' title='bbox 2843 2759 3051 2815; x_wconf 90' lang='lat' dir='ltr'><strong><em>essent,</em></strong></span> <span class='ocrx_word' id='word_1_398' title='bbox 3099 2750 3297 2805; x_wconf 79' lang='lat' dir='ltr'><strong><em>divina:</em></strong></span> <span class='ocrx_word' id='word_1_399' title='bbox 3342 2749 3505 2803; x_wconf 87' lang='lat' dir='ltr'><strong><em>lucis.</em></strong></span> 
     </span>
    </p>
   </div>
   <div class='ocr_carea' id='block_1_56' title="bbox 1908 2839 3483 2914">
    <p class='ocr_par' dir='ltr' id='par_1_56' title="bbox 1908 2839 3483 2914">
     <span class='ocr_line' id='line_1_56' title="bbox 1908 2839 3483 2914; baseline -0.003 -15"><span class='ocrx_word' id='word_1_400' title='bbox 1908 2843 2093 2901; x_wconf 89' lang='lat' dir='ltr'><strong><em>radios</em></strong></span> <span class='ocrx_word' id='word_1_401' title='bbox 2141 2859 2251 2899; x_wconf 89' lang='lat' dir='ltr'><strong><em>non</em></strong></span> <span class='ocrx_word' id='word_1_402' title='bbox 2297 2850 2655 2914; x_wconf 79' lang='lat' dir='ltr'><strong><em>exceperunt,</em></strong></span> <span class='ocrx_word' id='word_1_403' title='bbox 2701 2842 2824 2899; x_wconf 92' lang='lat' dir='ltr'><strong><em>ideo</em></strong></span> <span class='ocrx_word' id='word_1_404' title='bbox 2873 2841 3079 2897; x_wconf 82' lang='lat' dir='ltr'><strong><em>turbati</em></strong></span> <span class='ocrx_word' id='word_1_405' title='bbox 3128 2847 3279 2897; x_wconf 89' lang='lat' dir='ltr'><strong><em>sunt.</em></strong></span> <span class='ocrx_word' id='word_1_406' title='bbox 3312 2839 3483 2895; x_wconf 81' lang='lat' dir='ltr'><strong><em>Iidem</em></strong></span> 
     </span>
    </p>
   </div>
   <div class='ocr_carea' id='block_1_57' title="bbox 1908 2933 3499 3008">
    <p class='ocr_par' dir='ltr' id='par_1_57' title="bbox 1908 2933 3499 3008">
     <span class='ocr_line' id='line_1_57' title="bbox 1908 2933 3499 3008; baseline -0.005 -15"><span class='ocrx_word' id='word_1_407' title='bbox 1908 2952 2039 2993; x_wconf 87' lang='lat' dir='ltr'><strong><em>vero</em></strong></span> <span class='ocrx_word' id='word_1_408' title='bbox 2066 2937 2169 3008; x_wconf 88' lang='lat' dir='ltr'><strong><em>ipsi</em></strong></span> <span class='ocrx_word' id='word_1_409' title='bbox 2194 2943 2485 3007; x_wconf 87' lang='lat' dir='ltr'><strong><em>postquam</em></strong></span> <span class='ocrx_word' id='word_1_410' title='bbox 2514 2936 2844 2991; x_wconf 84' lang='lat' dir='ltr'><strong><em>dormierunt</em></strong></span> <span class='ocrx_word' id='word_1_411' title='bbox 2870 2950 3113 2990; x_wconf 85' lang='lat' dir='ltr'><strong><em>somnum</em></strong></span> <span class='ocrx_word' id='word_1_412' title='bbox 3142 2950 3317 2997; x_wconf 89' lang='lat' dir='ltr'><strong><em>suum,</em></strong></span> <span class='ocrx_word' id='word_1_413' title='bbox 3349 2933 3499 2988; x_wconf 83' lang='lat' dir='ltr'><strong><em>nihil.</em></strong></span> 
     </span>
    </p>
   </div>
   <div class='ocr_carea' id='block_1_58' title="bbox 228 3025 1809 3113">
    <p class='ocr_par' dir='ltr' id='par_1_58' title="bbox 228 3025 1808 3099">
     <span class='ocr_line' id='line_1_58' title="bbox 228 3025 1808 3099; baseline 0.002 -18"><span class='ocrx_word' id='word_1_414' title='bbox 228 3025 312 3081; x_wconf 81' lang='grc' dir='ltr'>διὸ</span> <span class='ocrx_word' id='word_1_415' title='bbox 342 3027 737 3099; x_wconf 71' lang='grc' dir='ltr'><strong><em>ἐταράχθησαν.</em></strong></span> <span class='ocrx_word' id='word_1_416' title='bbox 771 3028 833 3082; x_wconf 84' lang='lat' dir='ltr'><strong><em>Ol</em></strong></span> <span class='ocrx_word' id='word_1_417' title='bbox 866 3028 911 3082; x_wconf 87' lang='grc' dir='ltr'>δ’</span> <span class='ocrx_word' id='word_1_418' title='bbox 940 3028 1114 3096; x_wconf 77' lang='grc' dir='ltr'><em>αὐτοὶ,</em></span> <span class='ocrx_word' id='word_1_419' title='bbox 1145 3031 1240 3084; x_wconf 60' lang='grc' dir='ltr'><strong><em>καὶ⁵</em></strong></span> <span class='ocrx_word' id='word_1_420' title='bbox 1285 3029 1676 3098; x_wconf 84' lang='grc' dir='ltr'><em>ὐπνώσαντες</em></span> <span class='ocrx_word' id='word_1_421' title='bbox 1701 3029 1808 3084; x_wconf 85' lang='grc' dir='ltr'><em>τὸν</em></span> 
     </span>
    </p>
   </div>
   <div class='ocr_carea' id='block_1_59' title="bbox 1908 3025 3485 3113">
    <p class='ocr_par' dir='ltr' id='par_1_59' title="bbox 1909 3026 3485 3100">
     <span class='ocr_line' id='line_1_59' title="bbox 1909 3026 3485 3100; baseline -0.003 -17"><span class='ocrx_word' id='word_1_422' title='bbox 1909 3030 2212 3085; x_wconf 77' lang='lat' dir='ltr'><strong><em>inuenerunt</em></strong></span> <span class='ocrx_word' id='word_1_423' title='bbox 2260 3030 2313 3083; x_wconf 92' lang='lat' dir='ltr'><strong><em>in</em></strong></span> <span class='ocrx_word' id='word_1_424' title='bbox 2371 3028 2614 3083; x_wconf 87' lang='lat' dir='ltr'><strong><em>manibus</em></strong></span> <span class='ocrx_word' id='word_1_425' title='bbox 2661 3029 2796 3095; x_wconf 90' lang='lat' dir='ltr'><strong><em>suis,</em></strong></span> <span class='ocrx_word' id='word_1_426' title='bbox 2846 3027 2975 3100; x_wconf 82' lang='lat' dir='ltr'><strong><em>quia</em></strong></span> <span class='ocrx_word' id='word_1_427' title='bbox 3022 3027 3126 3083; x_wconf 84' lang='lat' dir='ltr'><strong><em>viri</em></strong></span> <span class='ocrx_word' id='word_1_428' title='bbox 3171 3026 3485 3084; x_wconf 81' lang='lat' dir='ltr'><strong><em>divitiarum</em></strong></span> 
     </span>
    </p>
   </div>
   <div class='ocr_carea' id='block_1_60' title="bbox 227 3117 1810 3194">
    <p class='ocr_par' dir='ltr' id='par_1_60' title="bbox 227 3117 1810 3194">
     <span class='ocr_line' id='line_1_60' title="bbox 227 3117 1810 3194; baseline 0.004 -23"><span class='ocrx_word' id='word_1_429' title='bbox 227 3117 424 3173; x_wconf 84' lang='grc' dir='ltr'><em>ὕπνον</em></span> <span class='ocrx_word' id='word_1_430' title='bbox 468 3119 687 3186; x_wconf 86' lang='grc' dir='ltr'><em>αὐτῶν,</em></span> <span class='ocrx_word' id='word_1_431' title='bbox 718 3122 831 3191; x_wconf 84' lang='grc' dir='ltr'><em>οὐχ</em></span> <span class='ocrx_word' id='word_1_432' title='bbox 867 3117 1048 3192; x_wconf 84' lang='grc' dir='ltr'><em>εὗρον</em></span> <span class='ocrx_word' id='word_1_433' title='bbox 1094 3121 1274 3177; x_wconf 79' lang='grc' dir='ltr'><em>οὐδὲν</em></span> <span class='ocrx_word' id='word_1_434' title='bbox 1313 3122 1383 3177; x_wconf 79' lang='grc' dir='ltr'><em>ἐν</em></span> <span class='ocrx_word' id='word_1_435' title='bbox 1430 3122 1560 3188; x_wconf 84' lang='grc' dir='ltr'><em>ταῖς</em></span> <span class='ocrx_word' id='word_1_436' title='bbox 1602 3122 1810 3194; x_wconf 80' lang='grc' dir='ltr'><em>χερσὶν</em></span> 
     </span>
    </p>
   </div>
   <div class='ocr_carea' id='block_1_61' title="bbox 227 3199 1808 3285">
    <p class='ocr_par' dir='ltr' id='par_1_61' title="bbox 227 3199 1808 3285">
     <span class='ocr_line' id='line_1_61' title="bbox 227 3199 1808 3285; baseline 0.004 -24"><span class='ocrx_word' id='word_1_437' title='bbox 227 3206 459 3273; x_wconf 81' lang='grc' dir='ltr'><em>αὐτῶν,</em></span> <span class='ocrx_word' id='word_1_438' title='bbox 497 3199 715 3280; x_wconf 60' lang='grc' dir='ltr'><em>ανδρες</em></span> <span class='ocrx_word' id='word_1_439' title='bbox 762 3210 914 3274; x_wconf 77' lang='grc' dir='ltr'>ὅντες</span> <span class='ocrx_word' id='word_1_440' title='bbox 963 3212 1251 3268; x_wconf 76' lang='grc' dir='ltr'><em>πλούτου.</em></span> <span class='ocrx_word' id='word_1_441' title='bbox 1286 3211 1431 3284; x_wconf 81' lang='grc' dir='ltr'>Πρὸς</span> <span class='ocrx_word' id='word_1_442' title='bbox 1484 3211 1657 3284; x_wconf 80' lang='grc' dir='ltr'>βραχὺ</span> <span class='ocrx_word' id='word_1_443' title='bbox 1699 3211 1808 3285; x_wconf 83' lang='grc' dir='ltr'><em>γὰρ</em></span> 
     </span>
    </p>
   </div>
   <div class='ocr_carea' id='block_1_62' title="bbox 226 3299 1810 3387">
    <p class='ocr_par' dir='ltr' id='par_1_62' title="bbox 226 3299 1810 3387">
     <span class='ocr_line' id='line_1_62' title="bbox 226 3299 1810 3387; baseline 0.004 -33"><span class='ocrx_word' id='word_1_444' title='bbox 226 3299 611 3373; x_wconf 77' lang='grc' dir='ltr'><strong><em>ὀνειρώξαντες</em></strong></span> <span class='ocrx_word' id='word_1_445' title='bbox 641 3306 706 3376; x_wconf 77' lang='grc' dir='ltr'>τῇ</span> <span class='ocrx_word' id='word_1_446' title='bbox 736 3302 831 3358; x_wconf 88' lang='grc' dir='ltr'><strong><em>τοῦ</em></strong></span> <span class='ocrx_word' id='word_1_447' title='bbox 859 3302 1052 3387; x_wconf 77' lang='grc' dir='ltr'>θνητοῦ</span> <span class='ocrx_word' id='word_1_448' title='bbox 1086 3303 1200 3376; x_wconf 86' lang='grc' dir='ltr'><em>βίου</em></span> <span class='ocrx_word' id='word_1_449' title='bbox 1231 3304 1518 3378; x_wconf 82' lang='grc' dir='ltr'>φαντασίᾳ,</span> <span class='ocrx_word' id='word_1_450' title='bbox 1541 3305 1636 3359; x_wconf 71' lang='grc' dir='ltr'><strong><em>καὶ</em></strong></span> <span class='ocrx_word' id='word_1_451' title='bbox 1667 3305 1810 3377; x_wconf 81' lang='grc' dir='ltr'><em>μέγα</em></span> 
     </span>
    </p>
   </div>
   <div class='ocr_carea' id='block_1_63' title="bbox 230 3394 1811 3469">
    <p class='ocr_par' dir='ltr' id='par_1_63' title="bbox 230 3394 1811 3469">
     <span class='ocr_line' id='line_1_63' title="bbox 230 3394 1811 3469; baseline 0.005 -25"><span class='ocrx_word' id='word_1_452' title='bbox 230 3394 593 3465; x_wconf 79' lang='grc' dir='ltr'>φρονήσαντες</span> <span class='ocrx_word' id='word_1_453' title='bbox 625 3395 717 3449; x_wconf 72' lang='grc' dir='ltr'><strong><em>ἐπὶ</em></strong></span> <span class='ocrx_word' id='word_1_454' title='bbox 739 3395 970 3469; x_wconf 80' lang='grc' dir='ltr'>πλούτῳ,</span> <span class='ocrx_word' id='word_1_455' title='bbox 994 3395 1237 3469; x_wconf 76' lang='grc' dir='ltr'><em>ἐνόμιζόν</em></span> <span class='ocrx_word' id='word_1_456' title='bbox 1261 3414 1406 3462; x_wconf 89' lang='grc' dir='ltr'><em>τινες</em></span> <span class='ocrx_word' id='word_1_457' title='bbox 1432 3394 1592 3463; x_wconf 75' lang='grc' dir='ltr'><em>εἶναι,</em></span> <span class='ocrx_word' id='word_1_458' title='bbox 1622 3416 1811 3460; x_wconf 78' lang='grc' dir='ltr'>κατεν-</span> 
     </span>
    </p>
   </div>
   <div class='ocr_carea' id='block_1_64' title="bbox 227 3484 1808 3564">
    <p class='ocr_par' dir='ltr' id='par_1_64' title="bbox 227 3484 1808 3564">
     <span class='ocr_line' id='line_1_64' title="bbox 227 3484 1808 3564; baseline 0.005 -27"><span class='ocrx_word' id='word_1_459' title='bbox 227 3484 541 3556; x_wconf 81' lang='grc' dir='ltr'><em>τρυφῶντες</em></span> <span class='ocrx_word' id='word_1_460' title='bbox 572 3489 691 3552; x_wconf 86' lang='grc' dir='ltr'>ταῖς</span> <span class='ocrx_word' id='word_1_461' title='bbox 722 3488 833 3543; x_wconf 77' lang='grc' dir='ltr'><strong><em>ἀπὸ</em></strong></span> <span class='ocrx_word' id='word_1_462' title='bbox 876 3487 970 3542; x_wconf 88' lang='grc' dir='ltr'>τοῦ</span> <span class='ocrx_word' id='word_1_463' title='bbox 1018 3489 1246 3544; x_wconf 82' lang='grc' dir='ltr'>πλούτου</span> <span class='ocrx_word' id='word_1_464' title='bbox 1296 3490 1679 3564; x_wconf 81' lang='grc' dir='ltr'><em>ποριζομέναις</em></span> <span class='ocrx_word' id='word_1_465' title='bbox 1708 3493 1808 3547; x_wconf 84' lang='grc' dir='ltr'><strong><em>αὐ-</em></strong></span> 
     </span>
    </p>
   </div>
   <div class='ocr_carea' id='block_1_65' title="bbox 225 3577 1805 3657">
    <p class='ocr_par' dir='ltr' id='par_1_65' title="bbox 225 3577 1805 3657">
     <span class='ocr_line' id='line_1_65' title="bbox 225 3577 1805 3657; baseline 0.004 -25"><span class='ocrx_word' id='word_1_466' title='bbox 225 3579 339 3641; x_wconf 78' lang='grc' dir='ltr'>τοῖς</span> <span class='ocrx_word' id='word_1_467' title='bbox 385 3577 765 3649; x_wconf 76' lang='grc' dir='ltr'>ἡδυπαθείαιςο</span> <span class='ocrx_word' id='word_1_468' title='bbox 802 3578 877 3643; x_wconf 85' lang='grc' dir='ltr'><strong><em>ὡς</em></strong></span> <span class='ocrx_word' id='word_1_469' title='bbox 908 3579 965 3634; x_wconf 88' lang='grc' dir='ltr'><strong><em>δὲ</em></strong></span> <span class='ocrx_word' id='word_1_470' title='bbox 1014 3580 1108 3635; x_wconf 87' lang='grc' dir='ltr'><strong><em>τοῦ</em></strong></span> <span class='ocrx_word' id='word_1_471' title='bbox 1150 3580 1319 3637; x_wconf 77' lang='grc' dir='ltr'><em>ὕπνου</em></span> <span class='ocrx_word' id='word_1_472' title='bbox 1352 3582 1805 3657; x_wconf 88' lang='grc' dir='ltr'><em>διεγρηγόρησαν,</em></span> 
     </span>
    </p>
   </div>
   <div class='ocr_carea' id='block_1_66' title="bbox 229 3666 1809 3745">
    <p class='ocr_par' dir='ltr' id='par_1_66' title="bbox 229 3666 1809 3745">
     <span class='ocr_line' id='line_1_66' title="bbox 229 3666 1809 3745; baseline 0.004 -24"><span class='ocrx_word' id='word_1_473' title='bbox 229 3668 593 3739; x_wconf 81' lang='grc' dir='ltr'>μεταστάντες</span> <span class='ocrx_word' id='word_1_474' title='bbox 620 3670 714 3723; x_wconf 90' lang='grc' dir='ltr'>τοῦ</span> <span class='ocrx_word' id='word_1_475' title='bbox 754 3670 1020 3743; x_wconf 85' lang='grc' dir='ltr'><em>παρόντος</em></span> <span class='ocrx_word' id='word_1_476' title='bbox 1054 3671 1190 3743; x_wconf 87' lang='grc' dir='ltr'><em>βίου,</em></span> <span class='ocrx_word' id='word_1_477' title='bbox 1236 3666 1392 3745; x_wconf 74' lang='grc' dir='ltr'>εὖρον</span> <span class='ocrx_word' id='word_1_478' title='bbox 1436 3674 1661 3739; x_wconf 72' lang='grc' dir='ltr'><em>ἑαυτοὺς</em></span> <span class='ocrx_word' id='word_1_479' title='bbox 1710 3675 1809 3729; x_wconf 83' lang='grc' dir='ltr'><strong><em>οὐκ</em></strong></span> 
     </span>
    </p>
   </div>
   <div class='ocr_carea' id='block_1_67' title="bbox 226 3757 1809 3836">
    <p class='ocr_par' dir='ltr' id='par_1_67' title="bbox 226 3757 1809 3836">
     <span class='ocr_line' id='line_1_67' title="bbox 226 3757 1809 3836; baseline 0.006 -26"><span class='ocrx_word' id='word_1_480' title='bbox 226 3757 448 3828; x_wconf 73' lang='grc' dir='ltr'><em>ἔχοντας</em></span> <span class='ocrx_word' id='word_1_481' title='bbox 489 3758 661 3826; x_wconf 77' lang='grc' dir='ltr'><em>οὐδὲν,</em></span> <span class='ocrx_word' id='word_1_482' title='bbox 695 3760 816 3814; x_wconf 75' lang='grc' dir='ltr'><strong><em>οὐδὲ</em></strong></span> <span class='ocrx_word' id='word_1_483' title='bbox 856 3779 911 3815; x_wconf 87' lang='grc' dir='ltr'><em>τι</em></span> <span class='ocrx_word' id='word_1_484' title='bbox 959 3766 1077 3827; x_wconf 87' lang='grc' dir='ltr'>ταῖς</span> <span class='ocrx_word' id='word_1_485' title='bbox 1109 3764 1270 3836; x_wconf 75' lang='grc' dir='ltr'><strong><em>χερσί⁹</em></strong></span> <span class='ocrx_word' id='word_1_486' title='bbox 1323 3762 1675 3835; x_wconf 80' lang='grc' dir='ltr'><strong><em>κρατοῦντας.</em></strong></span> <span class='ocrx_word' id='word_1_487' title='bbox 1718 3766 1809 3819; x_wconf 85' lang='grc' dir='ltr'><strong><em>Διὸ</em></strong></span> 
     </span>
    </p>
   </div>
   <div class='ocr_carea' id='block_1_68' title="bbox 226 3848 1809 3929">
    <p class='ocr_par' dir='ltr' id='par_1_68' title="bbox 226 3848 1809 3929">
     <span class='ocr_line' id='line_1_68' title="bbox 226 3848 1809 3929; baseline 0.007 -27"><span class='ocrx_word' id='word_1_488' title='bbox 226 3848 475 3903; x_wconf 70' lang='grc' dir='ltr'>λέλεκταί</span> <span class='ocrx_word' id='word_1_489' title='bbox 506 3862 639 3903; x_wconf 85' lang='grc' dir='ltr'><em>που·</em></span> <span class='ocrx_word' id='word_1_490' title='bbox 688 3850 789 3922; x_wconf 72' lang='grc' dir='ltr'><strong><em>Μὴ</em></strong></span> <span class='ocrx_word' id='word_1_491' title='bbox 822 3853 1009 3929; x_wconf 68' lang='grc' dir='ltr'><em>φοϐοῦ</em></span> <span class='ocrx_word' id='word_1_492' title='bbox 1045 3854 1191 3908; x_wconf 85' lang='grc' dir='ltr'><em>ὅταν</em></span> <span class='ocrx_word' id='word_1_493' title='bbox 1230 3856 1552 3927; x_wconf 79' lang='grc' dir='ltr'><em>πλουτήσῃ</em></span> <span class='ocrx_word' id='word_1_494' title='bbox 1589 3858 1809 3929; x_wconf 79' lang='grc' dir='ltr'><em>ἄνθρω-</em></span> 
     </span>
    </p>
   </div>
   <div class='ocr_carea' id='block_1_69' title="bbox 227 3926 1806 4015">
    <p class='ocr_par' dir='ltr' id='par_1_69' title="bbox 227 3926 1806 4015">
     <span class='ocr_line' id='line_1_69' title="bbox 227 3926 1806 4015; baseline 0.008 -22"><span class='ocrx_word' id='word_1_495' title='bbox 227 3956 364 4005; x_wconf 84' lang='grc' dir='ltr'><em>πος,</em></span> <span class='ocrx_word' id='word_1_496' title='bbox 398 3940 494 3995; x_wconf 76' lang='grc' dir='ltr'>καὶ</span> <span class='ocrx_word' id='word_1_497' title='bbox 526 3941 672 3997; x_wconf 83' lang='grc' dir='ltr'><em>ὅταν</em></span> <span class='ocrx_word' id='word_1_498' title='bbox 713 3926 1037 4015; x_wconf 73' lang='grc' dir='ltr'><em>πληθυνόῇ</em></span> <span class='ocrx_word' id='word_1_499' title='bbox 1088 3946 1127 4013; x_wconf 75' lang='grc' dir='ltr'><strong><em>ἡ</em></strong></span> <span class='ocrx_word' id='word_1_500' title='bbox 1158 3945 1307 4011; x_wconf 78' lang='grc' dir='ltr'><em>δόξα</em></span> <span class='ocrx_word' id='word_1_501' title='bbox 1343 3947 1451 4003; x_wconf 88' lang='grc' dir='ltr'><em>τοῦ</em></span> <span class='ocrx_word' id='word_1_502' title='bbox 1484 3926 1656 4005; x_wconf 75' lang='grc' dir='ltr'><em>οἴκου</em></span> <span class='ocrx_word' id='word_1_503' title='bbox 1697 3926 1806 4005; x_wconf 83' lang='grc' dir='ltr'><strong><em>αὑ-</em></strong></span> 
     </span>
    </p>
   </div>
   <div class='ocr_carea' id='block_1_70' title="bbox 228 4030 1807 4111">
    <p class='ocr_par' dir='ltr' id='par_1_70' title="bbox 228 4030 1807 4111">
     <span class='ocr_line' id='line_1_70' title="bbox 228 4030 1807 4111; baseline 0.007 -26"><span class='ocrx_word' id='word_1_504' title='bbox 228 4030 365 4087; x_wconf 82' lang='grc' dir='ltr'><em>τοῦ·</em></span> <span class='ocrx_word' id='word_1_505' title='bbox 395 4031 483 4085; x_wconf 87' lang='grc' dir='ltr'><strong><em>ότι</em></strong></span> <span class='ocrx_word' id='word_1_506' title='bbox 515 4035 626 4087; x_wconf 84' lang='grc' dir='ltr'><strong><em>οὐκ</em></strong></span> <span class='ocrx_word' id='word_1_507' title='bbox 658 4033 729 4087; x_wconf 80' lang='grc' dir='ltr'><em>ἐν</em></span> <span class='ocrx_word' id='word_1_508' title='bbox 770 4034 850 4101; x_wconf 83' lang='grc' dir='ltr'><em>τῷ</em></span> <span class='ocrx_word' id='word_1_509' title='bbox 885 4036 1295 4104; x_wconf 81' lang='grc' dir='ltr'><strong><em>ἀποθνήσκειν</em></strong></span> <span class='ocrx_word' id='word_1_510' title='bbox 1326 4040 1514 4095; x_wconf 86' lang='grc' dir='ltr'><em>αὐτὸν</em></span> <span class='ocrx_word' id='word_1_511' title='bbox 1548 4040 1807 4111; x_wconf 74' lang='grc' dir='ltr'><em>λήψεται</em></span> 
     </span>
    </p>
   </div>
   <div class='ocr_carea' id='block_1_71' title="bbox 224 4121 1809 4201">
    <p class='ocr_par' dir='ltr' id='par_1_71' title="bbox 224 4121 1809 4201">
     <span class='ocr_line' id='line_1_71' title="bbox 224 4121 1809 4201; baseline 0.009 -26"><span class='ocrx_word' id='word_1_512' title='bbox 224 4124 304 4176; x_wconf 81' lang='grc' dir='ltr'><strong><em>τὰ</em></strong></span> <span class='ocrx_word' id='word_1_513' title='bbox 349 4121 565 4188; x_wconf 86' lang='grc' dir='ltr'><em>πάντα,</em></span> <span class='ocrx_word' id='word_1_514' title='bbox 615 4126 758 4179; x_wconf 83' lang='grc' dir='ltr'><strong><em>οὐδὲ</em></strong></span> <span class='ocrx_word' id='word_1_515' title='bbox 797 4129 1315 4198; x_wconf 75' lang='grc' dir='ltr'><em>συγκαταϐήσεται</em></span> <span class='ocrx_word' id='word_1_516' title='bbox 1361 4130 1523 4198; x_wconf 86' lang='grc' dir='ltr'><em>αὐτῷ</em></span> <span class='ocrx_word' id='word_1_517' title='bbox 1572 4133 1611 4201; x_wconf 76' lang='grc' dir='ltr'><strong><em>ἠ</em></strong></span> <span class='ocrx_word' id='word_1_518' title='bbox 1660 4134 1809 4199; x_wconf 79' lang='grc' dir='ltr'><em>δόξα</em></span> 
     </span>
    </p>
   </div>
   <div class='ocr_carea' id='block_1_72' title="bbox 228 4213 1807 4299">
    <p class='ocr_par' dir='ltr' id='par_1_72' title="bbox 228 4213 1807 4299">
     <span class='ocr_line' id='line_1_72' title="bbox 228 4213 1807 4299; baseline 0.008 -32"><span class='ocrx_word' id='word_1_519' title='bbox 228 4213 438 4268; x_wconf 82' lang='grc' dir='ltr'><strong><em>αὐτοῦ.</em></strong></span> <span class='ocrx_word' id='word_1_520' title='bbox 470 4215 661 4269; x_wconf 83' lang='grc' dir='ltr'>Ἔνθεν</span> <span class='ocrx_word' id='word_1_521' title='bbox 695 4216 918 4283; x_wconf 76' lang='grc' dir='ltr'><em>εἰκότως</em></span> <span class='ocrx_word' id='word_1_522' title='bbox 959 4220 1010 4272; x_wconf 89' lang='grc' dir='ltr'><em>οἰ</em></span> <span class='ocrx_word' id='word_1_523' title='bbox 1044 4221 1258 4293; x_wconf 85' lang='grc' dir='ltr'>άληθῶς</span> <span class='ocrx_word' id='word_1_524' title='bbox 1287 4220 1535 4278; x_wconf 81' lang='grc' dir='ltr'><em>ἀσύνετοί</em></span> <span class='ocrx_word' id='word_1_525' title='bbox 1563 4228 1629 4297; x_wconf 75' lang='grc' dir='ltr'><strong><em>τῇ</em></strong></span> <span class='ocrx_word' id='word_1_526' title='bbox 1669 4243 1807 4299; x_wconf 88' lang='grc' dir='ltr'>καρ-</span> 
     </span>
    </p>
   </div>
   <div class='ocr_carea' id='block_1_73' title="bbox 227 4305 1807 4383">
    <p class='ocr_par' dir='ltr' id='par_1_73' title="bbox 227 4305 1807 4383">
     <span class='ocr_line' id='line_1_73' title="bbox 227 4305 1807 4383; baseline 0.008 -25"><span class='ocrx_word' id='word_1_527' title='bbox 227 4305 318 4378; x_wconf 73' lang='grc' dir='ltr'>δία</span> <span class='ocrx_word' id='word_1_528' title='bbox 354 4307 733 4380; x_wconf 75' lang='grc' dir='ltr'>ἐταράχθησαν</span> <span class='ocrx_word' id='word_1_529' title='bbox 775 4308 895 4365; x_wconf 80' lang='grc' dir='ltr'><strong><em>ἀπὸ</em></strong></span> <span class='ocrx_word' id='word_1_530' title='bbox 934 4312 1327 4383; x_wconf 83' lang='grc' dir='ltr'><em>ἐπιτιμήσεως</em></span> <span class='ocrx_word' id='word_1_531' title='bbox 1361 4314 1467 4369; x_wconf 85' lang='grc' dir='ltr'><em>τοῦ</em></span> <span class='ocrx_word' id='word_1_532' title='bbox 1501 4315 1652 4372; x_wconf 86' lang='grc' dir='ltr'>Θεοῦ</span> <span class='ocrx_word' id='word_1_533' title='bbox 1696 4318 1807 4373; x_wconf 80' lang='grc' dir='ltr'><strong><em>Ἰα-</em></strong></span> 
     </span>
    </p>
   </div>
   <div class='ocr_carea' id='block_1_74' title="bbox 1908 3119 3505 3192">
    <p class='ocr_par' dir='ltr' id='par_1_74' title="bbox 1908 3119 3505 3192">
     <span class='ocr_line' id='line_1_74' title="bbox 1908 3119 3505 3192; baseline -0.002 -13"><span class='ocrx_word' id='word_1_534' title='bbox 1908 3129 2087 3179; x_wconf 88' lang='lat' dir='ltr'><strong><em>erant.</em></strong></span> <span class='ocrx_word' id='word_1_535' title='bbox 2119 3119 2254 3177; x_wconf 76' lang='lat' dir='ltr'><strong><em>Nam</em></strong></span> <span class='ocrx_word' id='word_1_536' title='bbox 2296 3136 2421 3177; x_wconf 92' lang='lat' dir='ltr'><strong><em>cum</em></strong></span> <span class='ocrx_word' id='word_1_537' title='bbox 2454 3121 2521 3177; x_wconf 84' lang='lat' dir='ltr'><strong><em>ad</em></strong></span> <span class='ocrx_word' id='word_1_538' title='bbox 2561 3122 2726 3178; x_wconf 89' lang='lat' dir='ltr'><strong><em>breve</em></strong></span> <span class='ocrx_word' id='word_1_539' title='bbox 2758 3129 2973 3192; x_wconf 86' lang='lat' dir='ltr'><strong><em>tempus</em></strong></span> <span class='ocrx_word' id='word_1_540' title='bbox 3001 3119 3058 3175; x_wconf 92' lang='lat' dir='ltr'><strong><em>in</em></strong></span> <span class='ocrx_word' id='word_1_541' title='bbox 3081 3119 3331 3177; x_wconf 88' lang='lat' dir='ltr'><strong><em>mortalis</em></strong></span> <span class='ocrx_word' id='word_1_542' title='bbox 3353 3121 3505 3176; x_wconf 63' lang='lat' dir='ltr'><strong><em>vitae--</em></strong></span> 
     </span>
    </p>
   </div>
   <div class='ocr_carea' id='block_1_75' title="bbox 1904 3210 3482 3285">
    <p class='ocr_par' dir='ltr' id='par_1_75' title="bbox 1904 3210 3482 3285">
     <span class='ocr_line' id='line_1_75' title="bbox 1904 3210 3482 3285; baseline -0.001 -18"><span class='ocrx_word' id='word_1_543' title='bbox 1904 3212 2195 3285; x_wconf 84' lang='lat' dir='ltr'><strong><em>phantasia</em></strong></span> <span class='ocrx_word' id='word_1_544' title='bbox 2225 3211 2641 3277; x_wconf 90' lang='lat' dir='ltr'><strong><em>dormitassent,</em></strong></span> <span class='ocrx_word' id='word_1_545' title='bbox 2675 3218 2729 3268; x_wconf 90' lang='lat' dir='ltr'><strong><em>et</em></strong></span> <span class='ocrx_word' id='word_1_546' title='bbox 2762 3211 2932 3266; x_wconf 89' lang='lat' dir='ltr'><strong><em>altum</em></strong></span> <span class='ocrx_word' id='word_1_547' title='bbox 2983 3210 3052 3267; x_wconf 90' lang='lat' dir='ltr'><strong><em>de</em></strong></span> <span class='ocrx_word' id='word_1_548' title='bbox 3081 3210 3292 3267; x_wconf 86' lang='lat' dir='ltr'><strong><em>divitiis</em></strong></span> <span class='ocrx_word' id='word_1_549' title='bbox 3324 3228 3482 3283; x_wconf 85' lang='lat' dir='ltr'><strong><em>sape-</em></strong></span> 
     </span>
    </p>
   </div>
   <div class='ocr_carea' id='block_1_76' title="bbox 1905 3303 3482 3377">
    <p class='ocr_par' dir='ltr' id='par_1_76' title="bbox 1905 3303 3482 3377">
     <span class='ocr_line' id='line_1_76' title="bbox 1905 3303 3482 3377; baseline -0.002 -16"><span class='ocrx_word' id='word_1_550' title='bbox 1905 3314 2051 3373; x_wconf 89' lang='lat' dir='ltr'><strong><em>rent,</em></strong></span> <span class='ocrx_word' id='word_1_551' title='bbox 2085 3304 2191 3361; x_wconf 92' lang='lat' dir='ltr'><strong><em>rati</em></strong></span> <span class='ocrx_word' id='word_1_552' title='bbox 2236 3320 2297 3362; x_wconf 91' lang='lat' dir='ltr'><strong><em>se</em></strong></span> <span class='ocrx_word' id='word_1_553' title='bbox 2353 3304 2562 3377; x_wconf 77' lang='lat' dir='ltr'><strong><em>aliquid</em></strong></span> <span class='ocrx_word' id='word_1_554' title='bbox 2617 3319 2761 3369; x_wconf 90' lang='lat' dir='ltr'><strong><em>esse,</em></strong></span> <span class='ocrx_word' id='word_1_555' title='bbox 2796 3304 2853 3359; x_wconf 91' lang='lat' dir='ltr'><strong><em>in</em></strong></span> <span class='ocrx_word' id='word_1_556' title='bbox 2894 3303 3292 3375; x_wconf 83' lang='lat' dir='ltr'><strong><em>voluptatibus,</em></strong></span> <span class='ocrx_word' id='word_1_557' title='bbox 3341 3320 3482 3375; x_wconf 86' lang='lat' dir='ltr'><strong><em>quas</em></strong></span> 
     </span>
    </p>
   </div>
   <div class='ocr_carea' id='block_1_77' title="bbox 1906 3394 3481 3468">
    <p class='ocr_par' dir='ltr' id='par_1_77' title="bbox 1906 3394 3481 3468">
     <span class='ocr_line' id='line_1_77' title="bbox 1906 3394 3481 3468; baseline -0.003 -13"><span class='ocrx_word' id='word_1_558' title='bbox 1906 3398 2010 3455; x_wconf 84' lang='lat' dir='ltr'><strong><em>sibi</em></strong></span> <span class='ocrx_word' id='word_1_559' title='bbox 2047 3396 2253 3455; x_wconf 74' lang='lat' dir='ltr'><strong><em>divitia:</em></strong></span> <span class='ocrx_word' id='word_1_560' title='bbox 2279 3397 2671 3461; x_wconf 89' lang='lat' dir='ltr'><strong><em>conciliabant,</em></strong></span> <span class='ocrx_word' id='word_1_561' title='bbox 2717 3394 2950 3453; x_wconf 88' lang='lat' dir='ltr'><strong><em>demersi</em></strong></span> <span class='ocrx_word' id='word_1_562' title='bbox 2980 3404 3131 3452; x_wconf 86' lang='lat' dir='ltr'><strong><em>sunt.</em></strong></span> <span class='ocrx_word' id='word_1_563' title='bbox 3163 3394 3481 3468; x_wconf 64' lang='lat' dir='ltr'><strong><em>Experreeti</em></strong></span> 
     </span>
    </p>
   </div>
   <div class='ocr_carea' id='block_1_78' title="bbox 1907 3488 3482 3563">
    <p class='ocr_par' dir='ltr' id='par_1_78' title="bbox 1907 3488 3482 3563">
     <span class='ocr_line' id='line_1_78' title="bbox 1907 3488 3482 3563; baseline -0.003 -16"><span class='ocrx_word' id='word_1_564' title='bbox 1907 3500 2112 3557; x_wconf 89' lang='lat' dir='ltr'><strong><em>autem,</em></strong></span> <span class='ocrx_word' id='word_1_565' title='bbox 2155 3498 2320 3563; x_wconf 88' lang='lat' dir='ltr'><strong><em>atque</em></strong></span> <span class='ocrx_word' id='word_1_566' title='bbox 2355 3506 2423 3546; x_wconf 78' lang='lat' dir='ltr'><strong><em>ex</em></strong></span> <span class='ocrx_word' id='word_1_567' title='bbox 2453 3490 2558 3546; x_wconf 89' lang='lat' dir='ltr'><strong><em>bac</em></strong></span> <span class='ocrx_word' id='word_1_568' title='bbox 2594 3488 2705 3546; x_wconf 87' lang='lat' dir='ltr'><strong><em>vita</em></strong></span> <span class='ocrx_word' id='word_1_569' title='bbox 2743 3489 3017 3555; x_wconf 87' lang='lat' dir='ltr'><strong><em>translati,</em></strong></span> <span class='ocrx_word' id='word_1_570' title='bbox 3048 3504 3170 3545; x_wconf 88' lang='lat' dir='ltr'><strong><em>sese</em></strong></span> <span class='ocrx_word' id='word_1_571' title='bbox 3211 3491 3350 3546; x_wconf 89' lang='lat' dir='ltr'><strong><em>nihil</em></strong></span> <span class='ocrx_word' id='word_1_572' title='bbox 3382 3490 3482 3545; x_wconf 84' lang='lat' dir='ltr'><strong><em>ha-</em></strong></span> 
     </span>
    </p>
   </div>
   <div class='ocr_carea' id='block_1_79' title="bbox 1906 3581 3480 3658">
    <p class='ocr_par' dir='ltr' id='par_1_79' title="bbox 1906 3581 3480 3658">
     <span class='ocr_line' id='line_1_79' title="bbox 1906 3581 3480 3658; baseline -0.003 -17"><span class='ocrx_word' id='word_1_573' title='bbox 1906 3585 2122 3650; x_wconf 88' lang='lat' dir='ltr'><strong><em>bentes,</em></strong></span> <span class='ocrx_word' id='word_1_574' title='bbox 2149 3598 2251 3640; x_wconf 89' lang='lat' dir='ltr'><strong><em>nec</em></strong></span> <span class='ocrx_word' id='word_1_575' title='bbox 2275 3582 2554 3658; x_wconf 84' lang='lat' dir='ltr'><strong><em>quidpiam</em></strong></span> <span class='ocrx_word' id='word_1_576' title='bbox 2587 3581 2844 3637; x_wconf 88' lang='lat' dir='ltr'><strong><em>manibus</em></strong></span> <span class='ocrx_word' id='word_1_577' title='bbox 2872 3587 3125 3637; x_wconf 88' lang='lat' dir='ltr'><strong><em>tenentes</em></strong></span> <span class='ocrx_word' id='word_1_578' title='bbox 3172 3581 3480 3653; x_wconf 83' lang='lat' dir='ltr'><strong><em>deprehen-</em></strong></span> 
     </span>
    </p>
   </div>
   <div class='ocr_carea' id='block_1_80' title="bbox 1905 3672 3483 3743">
    <p class='ocr_par' dir='ltr' id='par_1_80' title="bbox 1905 3672 3483 3743">
     <span class='ocr_line' id='line_1_80' title="bbox 1905 3672 3483 3743; baseline -0.005 -11"><span class='ocrx_word' id='word_1_579' title='bbox 1905 3676 2122 3732; x_wconf 90' lang='lat' dir='ltr'><strong><em>derunt.</em></strong></span> <span class='ocrx_word' id='word_1_580' title='bbox 2138 3675 2317 3743; x_wconf 87' lang='lat' dir='ltr'><strong><em>Quare</em></strong></span> <span class='ocrx_word' id='word_1_581' title='bbox 2340 3674 2538 3731; x_wconf 69' lang='lat' dir='ltr'><strong><em>alicubi</em></strong></span> <span class='ocrx_word' id='word_1_582' title='bbox 2559 3673 2764 3730; x_wconf 90' lang='lat' dir='ltr'><strong><em>dictum</em></strong></span> <span class='ocrx_word' id='word_1_583' title='bbox 2788 3681 2873 3730; x_wconf 90' lang='lat' dir='ltr'><strong><em>est</em></strong></span> <span class='ocrx_word' id='word_1_584' title='bbox 2895 3673 2941 3704; x_wconf 79' lang='lat'><strong>“</strong></span> <span class='ocrx_word' id='word_1_585' title='bbox 2960 3689 2974 3725; x_wconf 91' lang='lat'>:</span> <span class='ocrx_word' id='word_1_586' title='bbox 2995 3672 3078 3727; x_wconf 83' lang='lat' dir='ltr'><strong><em>Ne</em></strong></span> <span class='ocrx_word' id='word_1_587' title='bbox 3094 3673 3336 3727; x_wconf 85' lang='lat' dir='ltr'><strong><em>timueris</em></strong></span> <span class='ocrx_word' id='word_1_588' title='bbox 3360 3690 3483 3726; x_wconf 88' lang='lat' dir='ltr'><strong><em>cum</em></strong></span> 
     </span>
    </p>
   </div>
   <div class='ocr_carea' id='block_1_81' title="bbox 1905 3764 3481 3838">
    <p class='ocr_par' dir='ltr' id='par_1_81' title="bbox 1905 3764 3481 3838">
     <span class='ocr_line' id='line_1_81' title="bbox 1905 3764 3481 3838; baseline -0.003 -17"><span class='ocrx_word' id='word_1_589' title='bbox 1905 3767 2045 3823; x_wconf 80' lang='lat' dir='ltr'><strong><em>dives</em></strong></span> <span class='ocrx_word' id='word_1_590' title='bbox 2068 3768 2240 3838; x_wconf 83' lang='lat' dir='ltr'><strong><em>factus</em></strong></span> <span class='ocrx_word' id='word_1_591' title='bbox 2273 3767 2436 3837; x_wconf 75' lang='lat' dir='ltr'><strong><em>fuerit</em></strong></span> <span class='ocrx_word' id='word_1_592' title='bbox 2467 3765 2641 3832; x_wconf 83' lang='lat' dir='ltr'><strong><em>homo,</em></strong></span> <span class='ocrx_word' id='word_1_593' title='bbox 2683 3776 2733 3820; x_wconf 92' lang='lat' dir='ltr'><strong><em>ct</em></strong></span> <span class='ocrx_word' id='word_1_594' title='bbox 2786 3783 2905 3820; x_wconf 89' lang='lat' dir='ltr'><strong><em>cum</em></strong></span> <span class='ocrx_word' id='word_1_595' title='bbox 2930 3764 3291 3834; x_wconf 85' lang='lat' dir='ltr'><strong><em>multiplicata</em></strong></span> <span class='ocrx_word' id='word_1_596' title='bbox 3321 3765 3481 3834; x_wconf 78' lang='lat' dir='ltr'><strong><em>fuerit</em></strong></span> 
     </span>
    </p>
   </div>
   <div class='ocr_carea' id='block_1_82' title="bbox 1904 3857 3503 3933">
    <p class='ocr_par' dir='ltr' id='par_1_82' title="bbox 1904 3857 3503 3933">
     <span class='ocr_line' id='line_1_82' title="bbox 1904 3857 3503 3933; baseline -0.004 -18"><span class='ocrx_word' id='word_1_597' title='bbox 1904 3861 2079 3933; x_wconf 88' lang='lat' dir='ltr'><strong><em>gloria</em></strong></span> <span class='ocrx_word' id='word_1_598' title='bbox 2104 3860 2287 3915; x_wconf 85' lang='lat' dir='ltr'><strong><em>domus</em></strong></span> <span class='ocrx_word' id='word_1_599' title='bbox 2307 3859 2454 3930; x_wconf 88' lang='lat' dir='ltr'><strong><em>ejus;</em></strong></span> <span class='ocrx_word' id='word_1_600' title='bbox 2484 3858 2735 3930; x_wconf 85' lang='lat' dir='ltr'><strong><em>quoniam</em></strong></span> <span class='ocrx_word' id='word_1_601' title='bbox 2764 3873 2883 3912; x_wconf 88' lang='lat' dir='ltr'><strong><em>cum</em></strong></span> <span class='ocrx_word' id='word_1_602' title='bbox 2904 3857 3162 3911; x_wconf 82' lang='lat' dir='ltr'><strong><em>interierit</em></strong></span> <span class='ocrx_word' id='word_1_603' title='bbox 3186 3873 3289 3910; x_wconf 87' lang='lat' dir='ltr'><strong><em>non</em></strong></span> <span class='ocrx_word' id='word_1_604' title='bbox 3312 3864 3503 3909; x_wconf 83' lang='lat' dir='ltr'><strong><em>sumet</em></strong></span> 
     </span>
    </p>
   </div>
   <div class='ocr_carea' id='block_1_83' title="bbox 1906 3947 3489 4023">
    <p class='ocr_par' dir='ltr' id='par_1_83' title="bbox 1906 3947 3489 4023">
     <span class='ocr_line' id='line_1_83' title="bbox 1906 3947 3489 4023; baseline -0.003 -16"><span class='ocrx_word' id='word_1_605' title='bbox 1906 3954 2105 4020; x_wconf 88' lang='lat' dir='ltr'><strong><em>omnia,</em></strong></span> <span class='ocrx_word' id='word_1_606' title='bbox 2126 3968 2285 4023; x_wconf 87' lang='lat' dir='ltr'><strong><em>neque</em></strong></span> <span class='ocrx_word' id='word_1_607' title='bbox 2303 3950 2574 4006; x_wconf 87' lang='lat' dir='ltr'><strong><em>descendet</em></strong></span> <span class='ocrx_word' id='word_1_608' title='bbox 2604 3966 2721 4005; x_wconf 79' lang='lat' dir='ltr'><strong><em>cum</em></strong></span> <span class='ocrx_word' id='word_1_609' title='bbox 2754 3966 2813 4004; x_wconf 89' lang='lat' dir='ltr'><strong><em>eo</em></strong></span> <span class='ocrx_word' id='word_1_610' title='bbox 2834 3950 3006 4021; x_wconf 88' lang='lat' dir='ltr'><strong><em>gloria</em></strong></span> <span class='ocrx_word' id='word_1_611' title='bbox 3026 3950 3161 4020; x_wconf 87' lang='lat' dir='ltr'><strong><em>ejus.</em></strong></span> <span class='ocrx_word' id='word_1_612' title='bbox 3200 3947 3351 4005; x_wconf 90' lang='lat' dir='ltr'><strong><em>Unde</em></strong></span> <span class='ocrx_word' id='word_1_613' title='bbox 3379 3964 3489 4004; x_wconf 83' lang='lat' dir='ltr'><strong><em>nec</em></strong></span> 
     </span>
    </p>
   </div>
   <div class='ocr_carea' id='block_1_84' title="bbox 1907 4042 3480 4114">
    <p class='ocr_par' dir='ltr' id='par_1_84' title="bbox 1907 4042 3480 4114">
     <span class='ocr_line' id='line_1_84' title="bbox 1907 4042 3480 4114; baseline -0.002 -16"><span class='ocrx_word' id='word_1_614' title='bbox 1907 4043 2177 4100; x_wconf 87' lang='lat' dir='ltr'><strong><em>immerito</em></strong></span> <span class='ocrx_word' id='word_1_615' title='bbox 2210 4044 2288 4098; x_wconf 92' lang='lat' dir='ltr'><strong><em>illi</em></strong></span> <span class='ocrx_word' id='word_1_616' title='bbox 2328 4059 2452 4099; x_wconf 90' lang='lat' dir='ltr'><strong><em>vere</em></strong></span> <span class='ocrx_word' id='word_1_617' title='bbox 2476 4043 2796 4114; x_wconf 85' lang='lat' dir='ltr'><strong><em>insipientes</em></strong></span> <span class='ocrx_word' id='word_1_618' title='bbox 2824 4042 2990 4097; x_wconf 89' lang='lat' dir='ltr'><strong><em>corde</em></strong></span> <span class='ocrx_word' id='word_1_619' title='bbox 3016 4042 3222 4098; x_wconf 87' lang='lat' dir='ltr'><strong><em>turbati</em></strong></span> <span class='ocrx_word' id='word_1_620' title='bbox 3258 4049 3387 4099; x_wconf 90' lang='lat' dir='ltr'><strong><em>sunt</em></strong></span> <span class='ocrx_word' id='word_1_621' title='bbox 3414 4042 3480 4096; x_wconf 91' lang='lat' dir='ltr'><strong><em>ab</em></strong></span> 
     </span>
    </p>
   </div>
   <div class='ocr_carea' id='block_1_85' title="bbox 1906 4134 3501 4207">
    <p class='ocr_par' dir='ltr' id='par_1_85' title="bbox 1906 4134 3501 4207">
     <span class='ocr_line' id='line_1_85' title="bbox 1906 4134 3501 4207; baseline -0.001 -14"><span class='ocrx_word' id='word_1_622' title='bbox 1906 4138 2254 4207; x_wconf 82' lang='lat' dir='ltr'><strong><em>increpatione</em></strong></span> <span class='ocrx_word' id='word_1_623' title='bbox 2278 4135 2370 4191; x_wconf 90' lang='lat' dir='ltr'><strong><em>Dei</em></strong></span> <span class='ocrx_word' id='word_1_624' title='bbox 2384 4134 2551 4190; x_wconf 72' lang='lat' dir='ltr'><strong><em>Iacob</em></strong></span> <span class='ocrx_word' id='word_1_625' title='bbox 2563 4153 2582 4201; x_wconf 88' lang='lat'><strong><em>;</em></strong></span> <span class='ocrx_word' id='word_1_626' title='bbox 2601 4135 2737 4202; x_wconf 87' lang='lat' dir='ltr'><strong><em>sive,</em></strong></span> <span class='ocrx_word' id='word_1_627' title='bbox 2755 4136 3052 4192; x_wconf 85' lang='lat' dir='ltr'><strong><em>secundum</em></strong></span> <span class='ocrx_word' id='word_1_628' title='bbox 3069 4135 3501 4207; x_wconf 86' lang='lat' dir='ltr'><strong><em>Symmachum,.</em></strong></span> 
     </span>
    </p>
   </div>
   <div class='ocr_carea' id='block_1_86' title="bbox 1907 4223 3478 4300">
    <p class='ocr_par' dir='ltr' id='par_1_86' title="bbox 1907 4223 3478 4300">
     <span class='ocr_line' id='line_1_86' title="bbox 1907 4223 3478 4300; baseline -0.003 -17"><span class='ocrx_word' id='word_1_629' title='bbox 1907 4246 1941 4283; x_wconf 93' lang='lat' dir='ltr'><strong><em>a</em></strong></span> <span class='ocrx_word' id='word_1_630' title='bbox 1976 4228 2187 4300; x_wconf 74' lang='lat' dir='ltr'><strong><em>fremitu</em></strong></span> <span class='ocrx_word' id='word_1_631' title='bbox 2225 4224 2714 4299; x_wconf 79' lang='lat' dir='ltr'><strong><em>[comminatione].</em></strong></span> <span class='ocrx_word' id='word_1_632' title='bbox 2754 4223 2911 4282; x_wconf 83' lang='lat' dir='ltr'><strong><em>Tunc</em></strong></span> <span class='ocrx_word' id='word_1_633' title='bbox 2948 4225 3095 4282; x_wconf 93' lang='lat' dir='ltr'><strong><em>enim</em></strong></span> <span class='ocrx_word' id='word_1_634' title='bbox 3150 4225 3478 4281; x_wconf 86' lang='lat' dir='ltr'><strong><em>sententiam</em></strong></span> 
     </span>
    </p>
   </div>
   <div class='ocr_carea' id='block_1_87' title="bbox 1906 4316 3478 4389">
    <p class='ocr_par' dir='ltr' id='par_1_87' title="bbox 1906 4316 3478 4389">
     <span class='ocr_line' id='line_1_87' title="bbox 1906 4316 3478 4389; baseline -0.003 -16"><span class='ocrx_word' id='word_1_635' title='bbox 1906 4318 2043 4389; x_wconf 85' lang='lat' dir='ltr'><strong><em>justi</em></strong></span> <span class='ocrx_word' id='word_1_636' title='bbox 2086 4317 2283 4388; x_wconf 88' lang='lat' dir='ltr'><strong><em>judicii</em></strong></span> <span class='ocrx_word' id='word_1_637' title='bbox 2331 4316 2426 4373; x_wconf 89' lang='lat' dir='ltr'><strong><em>Dei</em></strong></span> <span class='ocrx_word' id='word_1_638' title='bbox 2482 4317 2803 4381; x_wconf 82' lang='lat' dir='ltr'><strong><em>subeuntes,</em></strong></span> <span class='ocrx_word' id='word_1_639' title='bbox 2840 4318 3038 4372; x_wconf 91' lang='lat' dir='ltr'><strong><em>merito</em></strong></span> <span class='ocrx_word' id='word_1_640' title='bbox 3090 4317 3478 4381; x_wconf 87' lang='lat' dir='ltr'><strong><em>turbabuntur,</em></strong></span> 
     </span>
    </p>
   </div>
   <div class='ocr_carea' id='block_1_88' title="bbox 230 4396 1809 4483">
    <p class='ocr_par' dir='ltr' id='par_1_88' title="bbox 230 4396 1809 4476">
     <span class='ocr_line' id='line_1_88' title="bbox 230 4396 1809 4476; baseline 0.008 -25"><span class='ocrx_word' id='word_1_641' title='bbox 230 4396 381 4451; x_wconf 78' lang='grc' dir='ltr'><strong><em>κώὄο</em></strong></span> <span class='ocrx_word' id='word_1_642' title='bbox 414 4398 447 4470; x_wconf 79' lang='grc' dir='ltr'>ἦ</span> <span class='ocrx_word' id='word_1_643' title='bbox 475 4399 617 4453; x_wconf 82' lang='grc' dir='ltr'>κατὰ</span> <span class='ocrx_word' id='word_1_644' title='bbox 645 4400 736 4454; x_wconf 80' lang='grc' dir='ltr'><strong><em>τὸν</em></strong></span> <span class='ocrx_word' id='word_1_645' title='bbox 774 4400 1087 4473; x_wconf 84' lang='grc' dir='ltr'><em>Σύμμαχον,</em></span> <span class='ocrx_word' id='word_1_646' title='bbox 1132 4404 1249 4459; x_wconf 84' lang='grc' dir='ltr'><strong><em>ἀπὸ</em></strong></span> <span class='ocrx_word' id='word_1_647' title='bbox 1286 4405 1714 4476; x_wconf 80' lang='grc' dir='ltr'><em>ἑμόριμήσεως·</em></span> <span class='ocrx_word' id='word_1_648' title='bbox 1748 4409 1809 4464; x_wconf 81' lang='grc' dir='ltr'><strong><em>τὸ</em></strong></span> 
     </span>
    </p>
   </div>
   <div class='ocr_carea' id='block_1_89' title="bbox 1908 4396 3497 4483">
    <p class='ocr_par' dir='ltr' id='par_1_89' title="bbox 1908 4407 3497 4483">
     <span class='ocr_line' id='line_1_89' title="bbox 1908 4407 3497 4483; baseline -0.003 -17"><span class='ocrx_word' id='word_1_649' title='bbox 1908 4410 2037 4483; x_wconf 90' lang='lat' dir='ltr'><strong><em>quia</em></strong></span> <span class='ocrx_word' id='word_1_650' title='bbox 2066 4409 2499 4465; x_wconf 86' lang='lat' dir='ltr'><strong><em>dormitaverunt</em></strong></span> <span class='ocrx_word' id='word_1_651' title='bbox 2528 4408 2849 4465; x_wconf 88' lang='lat' dir='ltr'><strong><em>conscensis</em></strong></span> <span class='ocrx_word' id='word_1_652' title='bbox 2878 4409 3035 4479; x_wconf 91' lang='lat' dir='ltr'><strong><em>equis</em></strong></span> <span class='ocrx_word' id='word_1_653' title='bbox 3060 4408 3196 4473; x_wconf 87' lang='lat' dir='ltr'><strong><em>suis,</em></strong></span> <span class='ocrx_word' id='word_1_654' title='bbox 3229 4407 3497 4464; x_wconf 70' lang='lat' dir='ltr'><strong><em>videlicetr</em></strong></span> 
     </span>
    </p>
   </div>
   <div class='ocr_carea' id='block_1_90' title="bbox 230 4486 1806 4567">
    <p class='ocr_par' dir='ltr' id='par_1_90' title="bbox 230 4486 1806 4567">
     <span class='ocr_line' id='line_1_90' title="bbox 230 4486 1806 4567; baseline 0.008 -28"><span class='ocrx_word' id='word_1_655' title='bbox 230 4486 526 4557; x_wconf 85' lang='grc' dir='ltr'>τηνικαῦτα</span> <span class='ocrx_word' id='word_1_656' title='bbox 544 4488 653 4559; x_wconf 84' lang='grc' dir='ltr'><strong><em>γὰρ</em></strong></span> <span class='ocrx_word' id='word_1_657' title='bbox 688 4490 793 4543; x_wconf 79' lang='grc' dir='ltr'><strong><em>ὑπὸ</em></strong></span> <span class='ocrx_word' id='word_1_658' title='bbox 811 4491 1084 4562; x_wconf 83' lang='grc' dir='ltr'><em>ἀπόφασιν</em></span> <span class='ocrx_word' id='word_1_659' title='bbox 1114 4493 1392 4565; x_wconf 86' lang='grc' dir='ltr'><em>γενόμενοι</em></span> <span class='ocrx_word' id='word_1_660' title='bbox 1425 4495 1523 4567; x_wconf 82' lang='grc' dir='ltr'><strong><em>τῆς</em></strong></span> <span class='ocrx_word' id='word_1_661' title='bbox 1551 4496 1645 4551; x_wconf 88' lang='grc' dir='ltr'>τοῦ</span> <span class='ocrx_word' id='word_1_662' title='bbox 1671 4497 1806 4552; x_wconf 89' lang='grc' dir='ltr'>Θεοῦ</span> 
     </span>
    </p>
   </div>
   <div class='ocr_carea' id='block_1_91' title="bbox 230 4577 1806 4665">
    <p class='ocr_par' dir='ltr' id='par_1_91' title="bbox 230 4577 1806 4665">
     <span class='ocr_line' id='line_1_91' title="bbox 230 4577 1806 4665; baseline 0.01 -34"><span class='ocrx_word' id='word_1_663' title='bbox 230 4577 654 4651; x_wconf 86' lang='grc' dir='ltr'>δικαιοκρισίας,</span> <span class='ocrx_word' id='word_1_664' title='bbox 714 4583 1148 4656; x_wconf 82' lang='grc' dir='ltr'><em>ταραχθήσονται</em></span> <span class='ocrx_word' id='word_1_665' title='bbox 1202 4586 1458 4654; x_wconf 82' lang='grc' dir='ltr'><em>εἰκότως,</em></span> <span class='ocrx_word' id='word_1_666' title='bbox 1512 4590 1806 4665; x_wconf 76' lang='grc' dir='ltr'>ἐπειδήπερ</span> 
     </span>
    </p>
   </div>
   <div class='ocr_carea' id='block_1_92' title="bbox 230 4669 1804 4754">
    <p class='ocr_par' dir='ltr' id='par_1_92' title="bbox 230 4669 1804 4754">
     <span class='ocr_line' id='line_1_92' title="bbox 230 4669 1804 4754; baseline 0.007 -31"><span class='ocrx_word' id='word_1_667' title='bbox 230 4669 526 4737; x_wconf 63' lang='grc' dir='ltr'><strong><em>ἐνύσταξαν</em></strong></span> <span class='ocrx_word' id='word_1_668' title='bbox 556 4674 940 4746; x_wconf 69' lang='grc' dir='ltr'><strong><em>ἐπιϐεϐηκότες</em></strong></span> <span class='ocrx_word' id='word_1_669' title='bbox 966 4679 1076 4741; x_wconf 79' lang='grc' dir='ltr'>τοῖς</span> <span class='ocrx_word' id='word_1_670' title='bbox 1113 4677 1320 4732; x_wconf 77' lang='grc' dir='ltr'>ἑαυτῶν</span> <span class='ocrx_word' id='word_1_671' title='bbox 1346 4679 1553 4745; x_wconf 72' lang='grc' dir='ltr'><em>ἵπποις,</em></span> <span class='ocrx_word' id='word_1_672' title='bbox 1604 4680 1804 4754; x_wconf 85' lang='grc' dir='ltr'>δηλαδὴ</span> 
     </span>
    </p>
   </div>
   <div class='ocr_carea' id='block_1_93' title="bbox 230 4763 1802 4843">
    <p class='ocr_par' dir='ltr' id='par_1_93' title="bbox 230 4763 1802 4843">
     <span class='ocr_line' id='line_1_93' title="bbox 230 4763 1802 4843; baseline 0.006 -27"><span class='ocrx_word' id='word_1_673' title='bbox 230 4765 343 4827; x_wconf 76' lang='grc' dir='ltr'>τοῖς</span> <span class='ocrx_word' id='word_1_674' title='bbox 359 4763 671 4831; x_wconf 79' lang='grc' dir='ltr'>ἀκολάστοις</span> <span class='ocrx_word' id='word_1_675' title='bbox 689 4766 931 4838; x_wconf 85' lang='grc' dir='ltr'><strong><em>σώμασι·</em></strong></span> <span class='ocrx_word' id='word_1_676' title='bbox 959 4768 1075 4824; x_wconf 83' lang='grc' dir='ltr'>δέον</span> <span class='ocrx_word' id='word_1_677' title='bbox 1096 4770 1456 4842; x_wconf 72' lang='grc' dir='ltr'><em>ἐγρηγορέναι</em></span> <span class='ocrx_word' id='word_1_678' title='bbox 1479 4771 1570 4825; x_wconf 76' lang='grc' dir='ltr'><strong><em>καὶ</em></strong></span> <span class='ocrx_word' id='word_1_679' title='bbox 1591 4773 1802 4843; x_wconf 77' lang='grc' dir='ltr'><em>νήφειν,</em></span> 
     </span>
    </p>
   </div>
   <div class='ocr_carea' id='block_1_94' title="bbox 232 4856 1800 4934">
    <p class='ocr_par' dir='ltr' id='par_1_94' title="bbox 232 4856 1800 4934">
     <span class='ocr_line' id='line_1_94' title="bbox 232 4856 1800 4934; baseline 0.006 -27"><span class='ocrx_word' id='word_1_680' title='bbox 232 4856 666 4927; x_wconf 82' lang='grc' dir='ltr'><em>μνημονεύοντας</em></span> <span class='ocrx_word' id='word_1_681' title='bbox 700 4858 842 4912; x_wconf 88' lang='grc' dir='ltr'>θείου</span> <span class='ocrx_word' id='word_1_682' title='bbox 882 4861 1299 4933; x_wconf 83' lang='grc' dir='ltr'><em>προστάγματος</em></span> <span class='ocrx_word' id='word_1_683' title='bbox 1330 4861 1609 4932; x_wconf 83' lang='grc' dir='ltr'>λέγοντες·</span> <span class='ocrx_word' id='word_1_684' title='bbox 1647 4866 1800 4934; x_wconf 81' lang='grc' dir='ltr'><em>Γρη-</em></span> 
     </span>
    </p>
   </div>
   <div class='ocr_carea' id='block_1_95' title="bbox 229 4947 1804 5023">
    <p class='ocr_par' dir='ltr' id='par_1_95' title="bbox 229 4947 1804 5023">
     <span class='ocr_line' id='line_1_95' title="bbox 229 4947 1804 5023; baseline 0.005 -23"><span class='ocrx_word' id='word_1_685' title='bbox 229 4947 485 5018; x_wconf 86' lang='grc' dir='ltr'><em>γορεῖτε,</em></span> <span class='ocrx_word' id='word_1_686' title='bbox 537 4949 625 5002; x_wconf 84' lang='grc' dir='ltr'><em>ὅτι</em></span> <span class='ocrx_word' id='word_1_687' title='bbox 671 4953 781 5004; x_wconf 83' lang='grc' dir='ltr'><strong><em>οὐκ</em></strong></span> <span class='ocrx_word' id='word_1_688' title='bbox 830 4951 1028 5007; x_wconf 81' lang='grc' dir='ltr'><em>οῖδατε</em></span> <span class='ocrx_word' id='word_1_689' title='bbox 1065 4952 1181 5022; x_wconf 81' lang='grc' dir='ltr'><em>τὴν</em></span> <span class='ocrx_word' id='word_1_690' title='bbox 1227 4952 1455 5023; x_wconf 73' lang='grc' dir='ltr'><em>ἡμέραν</em></span> <span class='ocrx_word' id='word_1_691' title='bbox 1498 4953 1642 5008; x_wconf 77' lang='grc' dir='ltr'><strong><em>οὐδὲ</em></strong></span> <span class='ocrx_word' id='word_1_692' title='bbox 1688 4954 1804 5023; x_wconf 84' lang='grc' dir='ltr'><em>τὴν</em></span> 
     </span>
    </p>
   </div>
   <div class='ocr_carea' id='block_1_96' title="bbox 226 5037 1798 5112">
    <p class='ocr_par' dir='ltr' id='par_1_96' title="bbox 226 5037 1798 5112">
     <span class='ocr_line' id='line_1_96' title="bbox 226 5037 1798 5112; baseline 0.003 -20"><span class='ocrx_word' id='word_1_693' title='bbox 226 5037 407 5109; x_wconf 84' lang='grc' dir='ltr'><em>ὥραν.</em></span> <span class='ocrx_word' id='word_1_694' title='bbox 437 5040 500 5093; x_wconf 83' lang='grc' dir='ltr'><strong>Οἱ</strong></span> <span class='ocrx_word' id='word_1_695' title='bbox 525 5039 581 5093; x_wconf 83' lang='grc' dir='ltr'><strong><em>δὲ</em></strong></span> <span class='ocrx_word' id='word_1_696' title='bbox 623 5041 914 5109; x_wconf 78' lang='grc' dir='ltr'>ὲνῦσταζον</span> <span class='ocrx_word' id='word_1_697' title='bbox 946 5045 1041 5098; x_wconf 72' lang='grc' dir='ltr'><strong><em>καὶ</em></strong></span> <span class='ocrx_word' id='word_1_698' title='bbox 1086 5044 1343 5099; x_wconf 86' lang='grc' dir='ltr'><em>ῦπνωσαν</em></span> <span class='ocrx_word' id='word_1_699' title='bbox 1378 5043 1543 5099; x_wconf 78' lang='grc' dir='ltr'>ὕπνον</span> <span class='ocrx_word' id='word_1_700' title='bbox 1583 5045 1798 5112; x_wconf 80' lang='grc' dir='ltr'><em>αὐτῶν,</em></span> 
     </span>
    </p>
   </div>
   <div class='ocr_carea' id='block_1_97' title="bbox 226 5130 1801 5210">
    <p class='ocr_par' dir='ltr' id='par_1_97' title="bbox 226 5130 1801 5210">
     <span class='ocr_line' id='line_1_97' title="bbox 226 5130 1801 5210; baseline 0.005 -28"><span class='ocrx_word' id='word_1_701' title='bbox 226 5130 457 5202; x_wconf 76' lang='grc' dir='ltr'>ὀνείροις</span> <span class='ocrx_word' id='word_1_702' title='bbox 485 5134 580 5185; x_wconf 78' lang='grc' dir='ltr'><strong><em>καὶ</em></strong></span> <span class='ocrx_word' id='word_1_703' title='bbox 626 5135 1003 5205; x_wconf 84' lang='grc' dir='ltr'>φαντάσμασιν</span> <span class='ocrx_word' id='word_1_704' title='bbox 1037 5135 1363 5203; x_wconf 84' lang='grc' dir='ltr'>ὲκδοθέντες,</span> <span class='ocrx_word' id='word_1_705' title='bbox 1400 5139 1585 5203; x_wconf 78' lang='grc' dir='ltr'>ἵπποις</span> <span class='ocrx_word' id='word_1_706' title='bbox 1605 5155 1665 5192; x_wconf 92' lang='grc' dir='ltr'><em>τε</em></span> <span class='ocrx_word' id='word_1_707' title='bbox 1706 5138 1801 5210; x_wconf 88' lang='grc' dir='ltr'>θη-</span> 
     </span>
    </p>
   </div>
   <div class='ocr_carea' id='block_1_98' title="bbox 227 5219 1797 5301">
    <p class='ocr_par' dir='ltr' id='par_1_98' title="bbox 227 5219 1797 5301">
     <span class='ocr_line' id='line_1_98' title="bbox 227 5219 1797 5301; baseline 0.006 -27"><span class='ocrx_word' id='word_1_708' title='bbox 227 5219 487 5293; x_wconf 76' lang='grc' dir='ltr'>λυμανὲσι</span> <span class='ocrx_word' id='word_1_709' title='bbox 526 5227 636 5289; x_wconf 83' lang='grc' dir='ltr'>τοῖς</span> <span class='ocrx_word' id='word_1_710' title='bbox 669 5225 845 5279; x_wconf 82' lang='grc' dir='ltr'>αὐτῶν</span> <span class='ocrx_word' id='word_1_711' title='bbox 884 5226 1097 5297; x_wconf 86' lang='grc' dir='ltr'><em>σώμασι</em></span> <span class='ocrx_word' id='word_1_712' title='bbox 1122 5228 1473 5301; x_wconf 85' lang='grc' dir='ltr'><em>χρησάμενοι.</em></span> <span class='ocrx_word' id='word_1_713' title='bbox 1502 5224 1661 5284; x_wconf 75' lang='grc' dir='ltr'>Οὗτοι</span> <span class='ocrx_word' id='word_1_714' title='bbox 1686 5249 1797 5285; x_wconf 92' lang='grc' dir='ltr'><em>τοι-</em></span> 
     </span>
    </p>
   </div>
   <div class='ocr_carea' id='block_1_99' title="bbox 228 5313 1796 5396">
    <p class='ocr_par' dir='ltr' id='par_1_99' title="bbox 228 5313 1796 5396">
     <span class='ocr_line' id='line_1_99' title="bbox 228 5313 1796 5396; baseline 0.007 -29"><span class='ocrx_word' id='word_1_715' title='bbox 228 5313 431 5385; x_wconf 84' lang='grc' dir='ltr'><em>γαροῦν</em></span> <span class='ocrx_word' id='word_1_716' title='bbox 484 5316 682 5381; x_wconf 88' lang='grc' dir='ltr'>πάντες</span> <span class='ocrx_word' id='word_1_717' title='bbox 724 5318 773 5371; x_wconf 84' lang='grc' dir='ltr'><em>οἰ</em></span> <span class='ocrx_word' id='word_1_718' title='bbox 827 5318 956 5371; x_wconf 83' lang='grc' dir='ltr'>ποτὲ</span> <span class='ocrx_word' id='word_1_719' title='bbox 990 5319 1087 5390; x_wconf 79' lang='grc' dir='ltr'><em>μὲν</em></span> <span class='ocrx_word' id='word_1_720' title='bbox 1118 5319 1399 5391; x_wconf 87' lang='grc' dir='ltr'><em>λεγόμενοι</em></span> <span class='ocrx_word' id='word_1_721' title='bbox 1441 5322 1687 5377; x_wconf 78' lang='grc' dir='ltr'>άσῦνετοι</span> <span class='ocrx_word' id='word_1_722' title='bbox 1730 5326 1796 5396; x_wconf 82' lang='grc' dir='ltr'>τῇ</span> 
     </span>
    </p>
   </div>
   <div class='ocr_carea' id='block_1_100' title="bbox 228 5405 1799 5481">
    <p class='ocr_par' dir='ltr' id='par_1_100' title="bbox 228 5405 1799 5481">
     <span class='ocr_line' id='line_1_100' title="bbox 228 5405 1799 5481; baseline 0.006 -23"><span class='ocrx_word' id='word_1_723' title='bbox 228 5405 447 5477; x_wconf 70' lang='grc' dir='ltr'><em>καρδία,</em></span> <span class='ocrx_word' id='word_1_724' title='bbox 476 5409 605 5462; x_wconf 85' lang='grc' dir='ltr'>ποτὲ</span> <span class='ocrx_word' id='word_1_725' title='bbox 643 5408 699 5462; x_wconf 68' lang='grc' dir='ltr'><strong><em>δὲ</em></strong></span> <span class='ocrx_word' id='word_1_726' title='bbox 739 5409 931 5481; x_wconf 79' lang='grc' dir='ltr'>ἄνδρες</span> <span class='ocrx_word' id='word_1_727' title='bbox 960 5409 1054 5463; x_wconf 88' lang='grc' dir='ltr'>τοῦ</span> <span class='ocrx_word' id='word_1_728' title='bbox 1088 5410 1339 5477; x_wconf 85' lang='grc' dir='ltr'><em>πλούτου,</em></span> <span class='ocrx_word' id='word_1_729' title='bbox 1378 5412 1496 5465; x_wconf 74' lang='grc' dir='ltr'><em>νυνὶ</em></span> <span class='ocrx_word' id='word_1_730' title='bbox 1532 5413 1589 5468; x_wconf 83' lang='grc' dir='ltr'><strong><em>δὲ</em></strong></span> <span class='ocrx_word' id='word_1_731' title='bbox 1617 5414 1799 5468; x_wconf 75' lang='grc' dir='ltr'>ἐπιδε-</span> 
     </span>
    </p>
   </div>
   <div class='ocr_carea' id='block_1_101' title="bbox 228 5496 1800 5577">
    <p class='ocr_par' dir='ltr' id='par_1_101' title="bbox 228 5496 1800 5577">
     <span class='ocr_line' id='line_1_101' title="bbox 228 5496 1800 5577; baseline 0.006 -28"><span class='ocrx_word' id='word_1_732' title='bbox 228 5496 458 5568; x_wconf 75' lang='grc' dir='ltr'><em>δηκότες</em></span> <span class='ocrx_word' id='word_1_733' title='bbox 506 5500 630 5563; x_wconf 80' lang='grc' dir='ltr'><em>τοὺς</em></span> <span class='ocrx_word' id='word_1_734' title='bbox 680 5501 899 5567; x_wconf 80' lang='grc' dir='ltr'><em>ἵππους.</em></span> <span class='ocrx_word' id='word_1_735' title='bbox 928 5502 1065 5566; x_wconf 81' lang='grc' dir='ltr'>τέως</span> <span class='ocrx_word' id='word_1_736' title='bbox 1116 5503 1217 5574; x_wconf 89' lang='grc' dir='ltr'><strong><em>μὲν</em></strong></span> <span class='ocrx_word' id='word_1_737' title='bbox 1267 5504 1408 5558; x_wconf 80' lang='grc' dir='ltr'>κατὰ</span> <span class='ocrx_word' id='word_1_738' title='bbox 1453 5504 1552 5576; x_wconf 77' lang='grc' dir='ltr'><strong><em>τὴν</em></strong></span> <span class='ocrx_word' id='word_1_739' title='bbox 1602 5505 1800 5577; x_wconf 81' lang='grc' dir='ltr'>θνητὴν</span> 
     </span>
    </p>
   </div>
   <div class='ocr_carea' id='block_1_102' title="bbox 230 5587 1801 5668">
    <p class='ocr_par' dir='ltr' id='par_1_102' title="bbox 230 5587 1801 5668">
     <span class='ocr_line' id='line_1_102' title="bbox 230 5587 1801 5668; baseline -0.01 -15"><span class='ocrx_word' id='word_1_740' title='bbox 230 5587 377 5660; x_wconf 70' lang='grc' dir='ltr'><em>ζωὴν</em></span> <span class='ocrx_word' id='word_1_741' title='bbox 424 5590 739 5657; x_wconf 66' lang='grc' dir='ltr'><strong><em>ἐνύσταξαν,</em></strong></span> <span class='ocrx_word' id='word_1_742' title='bbox 768 5594 804 5667; x_wconf 80' lang='grc' dir='ltr'>ἦ</span> <span class='ocrx_word' id='word_1_743' title='bbox 834 5594 977 5649; x_wconf 77' lang='grc' dir='ltr'>κατὰ</span> <span class='ocrx_word' id='word_1_744' title='bbox 1018 5594 1109 5647; x_wconf 73' lang='grc' dir='ltr'><strong><em>τὸν</em></strong></span> <span class='ocrx_word' id='word_1_745' title='bbox 1151 5594 1461 5668; x_wconf 79' lang='grc' dir='ltr'><em>Σύμμαχον,</em></span> <span class='ocrx_word' id='word_1_746' title='bbox 1507 5597 1801 5667; x_wconf 76' lang='grc' dir='ltr'><strong><em>ἐκαρώθη-</em></strong></span> 
     </span>
    </p>
   </div>
   <div class='ocr_carea' id='block_1_103' title="bbox 1909 4500 3497 4575">
    <p class='ocr_par' dir='ltr' id='par_1_103' title="bbox 1909 4500 3497 4575">
     <span class='ocr_line' id='line_1_103' title="bbox 1909 4500 3497 4575; baseline -0.003 -16"><span class='ocrx_word' id='word_1_747' title='bbox 1909 4504 2126 4561; x_wconf 89' lang='lat' dir='ltr'><strong><em>lascivis</em></strong></span> <span class='ocrx_word' id='word_1_748' title='bbox 2160 4503 2520 4575; x_wconf 88' lang='lat' dir='ltr'><strong><em>corporibus;</em></strong></span> <span class='ocrx_word' id='word_1_749' title='bbox 2562 4517 2688 4557; x_wconf 92' lang='lat' dir='ltr'><strong><em>cum</em></strong></span> <span class='ocrx_word' id='word_1_750' title='bbox 2711 4502 3046 4572; x_wconf 89' lang='lat' dir='ltr'><strong><em>oportuisset</em></strong></span> <span class='ocrx_word' id='word_1_751' title='bbox 3069 4500 3295 4573; x_wconf 81' lang='lat' dir='ltr'><strong><em>vigilare</em></strong></span> <span class='ocrx_word' id='word_1_752' title='bbox 3318 4510 3372 4557; x_wconf 90' lang='lat' dir='ltr'><strong><em>et</em></strong></span> <span class='ocrx_word' id='word_1_753' title='bbox 3391 4517 3497 4557; x_wconf 68' lang='grc' dir='ltr'>εον.</span> 
     </span>
    </p>
   </div>
   <div class='ocr_carea' id='block_1_104' title="bbox 1907 4593 3475 4668">
    <p class='ocr_par' dir='ltr' id='par_1_104' title="bbox 1907 4593 3475 4668">
     <span class='ocr_line' id='line_1_104' title="bbox 1907 4593 3475 4668; baseline -0.004 -17"><span class='ocrx_word' id='word_1_754' title='bbox 1907 4596 2023 4651; x_wconf 92' lang='lat' dir='ltr'><strong><em>brie</em></strong></span> <span class='ocrx_word' id='word_1_755' title='bbox 2051 4610 2522 4668; x_wconf 83' lang='lat' dir='ltr'><strong><em>agere,memores</em></strong></span> <span class='ocrx_word' id='word_1_756' title='bbox 2544 4594 2713 4650; x_wconf 89' lang='lat' dir='ltr'><strong><em>divini</em></strong></span> <span class='ocrx_word' id='word_1_757' title='bbox 2733 4593 2986 4666; x_wconf 65' lang='lat' dir='ltr'><strong><em>praecepti</em></strong></span> <span class='ocrx_word' id='word_1_758' title='bbox 3016 4594 3251 4652; x_wconf 77' lang='lat' dir='ltr'><strong><em>dicentis</em></strong></span> <span class='ocrx_word' id='word_1_759' title='bbox 3278 4612 3292 4648; x_wconf 88' lang='lat'>:</span> <span class='ocrx_word' id='word_1_760' title='bbox 3336 4593 3475 4664; x_wconf 84' lang='lat' dir='ltr'><strong><em>Vigi-</em></strong></span> 
     </span>
    </p>
   </div>
   <div class='ocr_carea' id='block_1_105' title="bbox 1906 4685 3461 4762">
    <p class='ocr_par' dir='ltr' id='par_1_105' title="bbox 1906 4685 3461 4762">
     <span class='ocr_line' id='line_1_105' title="bbox 1906 4685 3461 4762; baseline -0.002 -17"><span class='ocrx_word' id='word_1_761' title='bbox 1906 4690 2159 4762; x_wconf 83' lang='lat' dir='ltr'><strong><em>late,quia</em></strong></span> <span class='ocrx_word' id='word_1_762' title='bbox 2182 4690 2394 4744; x_wconf 83' lang='lat' dir='ltr'><strong><em>nescitis</em></strong></span> <span class='ocrx_word' id='word_1_763' title='bbox 2417 4688 2576 4754; x_wconf 88' lang='lat' dir='ltr'><strong><em>diem,</em></strong></span> <span class='ocrx_word' id='word_1_764' title='bbox 2600 4704 2759 4760; x_wconf 86' lang='lat' dir='ltr'><strong><em>neque</em></strong></span> <span class='ocrx_word' id='word_1_765' title='bbox 2784 4688 2970 4743; x_wconf 78' lang='lat' dir='ltr'><strong><em>horam</em></strong></span> <span class='ocrx_word' id='word_1_766' title='bbox 2990 4688 3055 4742; x_wconf 75' lang='grc'><strong><em>⁸⁸.</em></strong></span> <span class='ocrx_word' id='word_1_767' title='bbox 3087 4687 3166 4742; x_wconf 88' lang='lat' dir='ltr'><strong><em>Illi</em></strong></span> <span class='ocrx_word' id='word_1_768' title='bbox 3197 4702 3326 4744; x_wconf 79' lang='lat' dir='ltr'><strong><em>vero</em></strong></span> <span class='ocrx_word' id='word_1_769' title='bbox 3358 4685 3461 4743; x_wconf 89' lang='lat' dir='ltr'><strong><em>dor</em></strong></span> 
     </span>
    </p>
   </div>
   <div class='ocr_carea' id='block_1_106' title="bbox 1906 4779 3497 4845">
    <p class='ocr_par' dir='ltr' id='par_1_106' title="bbox 1906 4779 3497 4845">
     <span class='ocr_line' id='line_1_106' title="bbox 1906 4779 3497 4845; baseline -0.003 -10"><span class='ocrx_word' id='word_1_770' title='bbox 1906 4780 2193 4845; x_wconf 89' lang='lat' dir='ltr'><strong><em>mitabant,</em></strong></span> <span class='ocrx_word' id='word_1_771' title='bbox 2230 4789 2284 4835; x_wconf 88' lang='lat' dir='ltr'><strong><em>et</em></strong></span> <span class='ocrx_word' id='word_1_772' title='bbox 2319 4779 2661 4836; x_wconf 89' lang='lat' dir='ltr'><strong><em>dormierunt</em></strong></span> <span class='ocrx_word' id='word_1_773' title='bbox 2685 4794 2937 4834; x_wconf 88' lang='lat' dir='ltr'><strong><em>somnum</em></strong></span> <span class='ocrx_word' id='word_1_774' title='bbox 2964 4779 3396 4841; x_wconf 89' lang='lat' dir='ltr'><strong><em>suum,somniis</em></strong></span> <span class='ocrx_word' id='word_1_775' title='bbox 3426 4787 3497 4835; x_wconf 84' lang='lat' dir='ltr'><strong><em>et:</em></strong></span> 
     </span>
    </p>
   </div>
   <div class='ocr_carea' id='block_1_107' title="bbox 1905 4870 3497 4943">
    <p class='ocr_par' dir='ltr' id='par_1_107' title="bbox 1905 4870 3497 4943">
     <span class='ocr_line' id='line_1_107' title="bbox 1905 4870 3497 4943; baseline 0 -16"><span class='ocrx_word' id='word_1_776' title='bbox 1905 4872 2207 4943; x_wconf 87' lang='lat' dir='ltr'><strong><em>phantasiis</em></strong></span> <span class='ocrx_word' id='word_1_777' title='bbox 2254 4870 2465 4937; x_wconf 88' lang='lat' dir='ltr'><strong><em>dediti,</em></strong></span> <span class='ocrx_word' id='word_1_778' title='bbox 2507 4871 2773 4943; x_wconf 87' lang='lat' dir='ltr'><strong><em>equisque</em></strong></span> <span class='ocrx_word' id='word_1_779' title='bbox 2827 4871 3103 4938; x_wconf 63' lang='lat' dir='ltr'><strong><em>lascivis,</em></strong></span> <span class='ocrx_word' id='word_1_780' title='bbox 3148 4872 3497 4943; x_wconf 84' lang='lat' dir='ltr'><strong><em>corporibus.</em></strong></span> 
     </span>
    </p>
   </div>
   <div class='ocr_carea' id='block_1_108' title="bbox 1906 4962 3487 5036">
    <p class='ocr_par' dir='ltr' id='par_1_108' title="bbox 1906 4962 3487 5036">
     <span class='ocr_line' id='line_1_108' title="bbox 1906 4962 3487 5036; baseline 0.001 -17"><span class='ocrx_word' id='word_1_781' title='bbox 1906 4978 2103 5036; x_wconf 89' lang='lat' dir='ltr'><strong><em>nempe</em></strong></span> <span class='ocrx_word' id='word_1_782' title='bbox 2136 4962 2253 5020; x_wconf 90' lang='lat' dir='ltr'><strong><em>suis</em></strong></span> <span class='ocrx_word' id='word_1_783' title='bbox 2293 4962 2400 5019; x_wconf 91' lang='lat' dir='ltr'><strong><em>usi.</em></strong></span> <span class='ocrx_word' id='word_1_784' title='bbox 2432 4962 2499 5018; x_wconf 83' lang='lat' dir='ltr'><strong><em>Ili</em></strong></span> <span class='ocrx_word' id='word_1_785' title='bbox 2532 4964 2718 5035; x_wconf 89' lang='lat' dir='ltr'><strong><em>itaque</em></strong></span> <span class='ocrx_word' id='word_1_786' title='bbox 2763 4978 2961 5019; x_wconf 89' lang='lat' dir='ltr'><strong><em>omnes</em></strong></span> <span class='ocrx_word' id='word_1_787' title='bbox 2986 4963 3103 5034; x_wconf 90' lang='lat' dir='ltr'><strong><em>qui,</em></strong></span> <span class='ocrx_word' id='word_1_788' title='bbox 3150 4964 3313 5020; x_wconf 91' lang='lat' dir='ltr'><strong><em>modo</em></strong></span> <span class='ocrx_word' id='word_1_789' title='bbox 3336 4965 3487 5020; x_wconf 86' lang='lat' dir='ltr'><strong><em>insi--</em></strong></span> 
     </span>
    </p>
   </div>
   <div class='ocr_carea' id='block_1_109' title="bbox 1902 5055 3491 5127">
    <p class='ocr_par' dir='ltr' id='par_1_109' title="bbox 1902 5055 3491 5127">
     <span class='ocr_line' id='line_1_109' title="bbox 1902 5055 3491 5127; baseline 0.001 -16"><span class='ocrx_word' id='word_1_790' title='bbox 1902 5057 2114 5127; x_wconf 88' lang='lat' dir='ltr'><strong><em>pientes</em></strong></span> <span class='ocrx_word' id='word_1_791' title='bbox 2167 5055 2355 5119; x_wconf 85' lang='lat' dir='ltr'><strong><em>corde.</em></strong></span> <span class='ocrx_word' id='word_1_792' title='bbox 2410 5056 2574 5112; x_wconf 83' lang='lat' dir='ltr'><strong><em>modo</em></strong></span> <span class='ocrx_word' id='word_1_793' title='bbox 2601 5056 2705 5112; x_wconf 87' lang='lat' dir='ltr'><strong><em>viri</em></strong></span> <span class='ocrx_word' id='word_1_794' title='bbox 2740 5055 3077 5123; x_wconf 86' lang='lat' dir='ltr'><strong><em>divitiarum,</em></strong></span> <span class='ocrx_word' id='word_1_795' title='bbox 3114 5073 3262 5112; x_wconf 91' lang='lat' dir='ltr'><strong><em>nunc</em></strong></span> <span class='ocrx_word' id='word_1_796' title='bbox 3291 5072 3491 5113; x_wconf 71' lang='lat' dir='ltr'><strong><em>ascen-</em></strong></span> 
     </span>
    </p>
   </div>
   <div class='ocr_carea' id='block_1_110' title="bbox 1904 5144 3495 5218">
    <p class='ocr_par' dir='ltr' id='par_1_110' title="bbox 1904 5144 3495 5218">
     <span class='ocr_line' id='line_1_110' title="bbox 1904 5144 3495 5218; baseline 0.003 -19"><span class='ocrx_word' id='word_1_797' title='bbox 1904 5144 2098 5199; x_wconf 91' lang='lat' dir='ltr'><strong><em>dentes</em></strong></span> <span class='ocrx_word' id='word_1_798' title='bbox 2130 5159 2304 5216; x_wconf 91' lang='lat' dir='ltr'><strong><em>equos</em></strong></span> <span class='ocrx_word' id='word_1_799' title='bbox 2354 5153 2645 5212; x_wconf 89' lang='lat' dir='ltr'><strong><em>vocantur,</em></strong></span> <span class='ocrx_word' id='word_1_800' title='bbox 2673 5145 2802 5201; x_wconf 86' lang='lat' dir='ltr'><strong><em>dum</em></strong></span> <span class='ocrx_word' id='word_1_801' title='bbox 2850 5147 2904 5201; x_wconf 92' lang='lat' dir='ltr'><strong><em>in</em></strong></span> <span class='ocrx_word' id='word_1_802' title='bbox 2960 5148 3216 5218; x_wconf 63' lang='lat' dir='ltr'><strong><em>praesenti</em></strong></span> <span class='ocrx_word' id='word_1_803' title='bbox 3251 5148 3361 5201; x_wconf 87' lang='lat' dir='ltr'><strong><em>vita</em></strong></span> <span class='ocrx_word' id='word_1_804' title='bbox 3391 5148 3495 5203; x_wconf 60' lang='grc' dir='ltr'><strong><em>ἀοι</em></strong></span> 
     </span>
    </p>
   </div>
   <div class='ocr_carea' id='block_1_111' title="bbox 1903 5233 3475 5309">
    <p class='ocr_par' dir='ltr' id='par_1_111' title="bbox 1903 5233 3475 5309">
     <span class='ocr_line' id='line_1_111' title="bbox 1903 5233 3475 5309; baseline 0.001 -20"><span class='ocrx_word' id='word_1_805' title='bbox 1903 5242 2118 5306; x_wconf 76' lang='lat' dir='ltr'><strong><em>gerent,</em></strong></span> <span class='ocrx_word' id='word_1_806' title='bbox 2134 5233 2588 5303; x_wconf 89' lang='lat' dir='ltr'><strong><em>dormitaverunt;</em></strong></span> <span class='ocrx_word' id='word_1_807' title='bbox 2611 5236 2726 5292; x_wconf 88' lang='lat' dir='ltr'><strong><em>sive</em></strong></span> <span class='ocrx_word' id='word_1_808' title='bbox 2742 5238 3044 5293; x_wconf 90' lang='lat' dir='ltr'><strong><em>secundum</em></strong></span> <span class='ocrx_word' id='word_1_809' title='bbox 3064 5237 3475 5309; x_wconf 85' lang='lat' dir='ltr'><strong><em>Symmachum,</em></strong></span> 
     </span>
    </p>
   </div>
   <div class='ocr_carea' id='block_1_112' title="bbox 1904 5329 3481 5400">
    <p class='ocr_par' dir='ltr' id='par_1_112' title="bbox 1904 5329 3481 5400">
     <span class='ocr_line' id='line_1_112' title="bbox 1904 5329 3481 5400; baseline 0.003 -20"><span class='ocrx_word' id='word_1_810' title='bbox 1904 5329 2139 5395; x_wconf 82' lang='lat' dir='ltr'><strong><em>soporati</em></strong></span> <span class='ocrx_word' id='word_1_811' title='bbox 2167 5338 2311 5393; x_wconf 77' lang='lat' dir='ltr'><strong><em>sunt,</em></strong></span> <span class='ocrx_word' id='word_1_812' title='bbox 2357 5343 2555 5400; x_wconf 85' lang='lat' dir='ltr'><strong><em>sopore</em></strong></span> <span class='ocrx_word' id='word_1_813' title='bbox 2584 5337 2638 5385; x_wconf 88' lang='lat' dir='ltr'><strong><em>et</em></strong></span> <span class='ocrx_word' id='word_1_814' title='bbox 2686 5329 2949 5386; x_wconf 83' lang='lat' dir='ltr'><strong><em>ebrietate</em></strong></span> <span class='ocrx_word' id='word_1_815' title='bbox 2980 5332 3174 5385; x_wconf 75' lang='lat' dir='ltr'><strong><em>animae</em></strong></span> <span class='ocrx_word' id='word_1_816' title='bbox 3208 5330 3481 5400; x_wconf 82' lang='lat' dir='ltr'><strong><em>depressi.</em></strong></span> 
     </span>
    </p>
   </div>
   <div class='ocr_carea' id='block_1_113' title="bbox 1906 5415 3489 5492">
    <p class='ocr_par' dir='ltr' id='par_1_113' title="bbox 1906 5415 3489 5492">
     <span class='ocr_line' id='line_1_113' title="bbox 1906 5415 3489 5492; baseline 0.005 -23"><span class='ocrx_word' id='word_1_817' title='bbox 1906 5415 2110 5472; x_wconf 90' lang='lat' dir='ltr'><strong><em>Deinde</em></strong></span> <span class='ocrx_word' id='word_1_818' title='bbox 2144 5433 2294 5482; x_wconf 86' lang='lat' dir='ltr'><strong><em>vero,</em></strong></span> <span class='ocrx_word' id='word_1_819' title='bbox 2314 5418 2639 5474; x_wconf 89' lang='lat' dir='ltr'><strong><em>dormierunt</em></strong></span> <span class='ocrx_word' id='word_1_820' title='bbox 2668 5437 2909 5476; x_wconf 87' lang='lat' dir='ltr'><strong><em>somnum</em></strong></span> <span class='ocrx_word' id='word_1_821' title='bbox 2929 5439 3105 5487; x_wconf 87' lang='lat' dir='ltr'><strong><em>suum,</em></strong></span> <span class='ocrx_word' id='word_1_822' title='bbox 3138 5422 3294 5477; x_wconf 88' lang='lat' dir='ltr'><strong><em>vanis</em></strong></span> <span class='ocrx_word' id='word_1_823' title='bbox 3312 5422 3489 5492; x_wconf 72' lang='lat' dir='ltr'><strong><em>phan-</em></strong></span> 
     </span>
    </p>
   </div>
   <div class='ocr_carea' id='block_1_114' title="bbox 1905 5508 3493 5587">
    <p class='ocr_par' dir='ltr' id='par_1_114' title="bbox 1905 5508 3493 5587">
     <span class='ocr_line' id='line_1_114' title="bbox 1905 5508 3493 5587; baseline 0.003 -24"><span class='ocrx_word' id='word_1_824' title='bbox 1905 5508 2064 5563; x_wconf 82' lang='lat' dir='ltr'><strong><em>tasiis</em></strong></span> <span class='ocrx_word' id='word_1_825' title='bbox 2100 5508 2304 5576; x_wconf 90' lang='lat' dir='ltr'><strong><em>dediti;</em></strong></span> <span class='ocrx_word' id='word_1_826' title='bbox 2336 5526 2401 5566; x_wconf 88' lang='lat' dir='ltr'><strong><em>ac</em></strong></span> <span class='ocrx_word' id='word_1_827' title='bbox 2425 5510 2643 5567; x_wconf 89' lang='lat' dir='ltr'><strong><em>demum</em></strong></span> <span class='ocrx_word' id='word_1_828' title='bbox 2675 5515 3064 5587; x_wconf 73' lang='lat' dir='ltr'><strong><em>expergefacti,</em></strong></span> <span class='ocrx_word' id='word_1_829' title='bbox 3111 5514 3315 5570; x_wconf 88' lang='lat' dir='ltr'><strong><em>turbati</em></strong></span> <span class='ocrx_word' id='word_1_830' title='bbox 3350 5521 3493 5570; x_wconf 50' lang='lat' dir='ltr'><strong><em>sunt:</em></strong></span> 
     </span>
    </p>
   </div>
   <div class='ocr_carea' id='block_1_115' title="bbox 1908 5599 3480 5676">
    <p class='ocr_par' dir='ltr' id='par_1_115' title="bbox 1908 5599 3480 5676">
     <span class='ocr_line' id='line_1_115' title="bbox 1908 5599 3480 5676; baseline 0.005 -23"><span class='ocrx_word' id='word_1_831' title='bbox 1908 5599 1978 5654; x_wconf 85' lang='lat' dir='ltr'><strong><em>ab</em></strong></span> <span class='ocrx_word' id='word_1_832' title='bbox 2014 5600 2387 5671; x_wconf 88' lang='lat' dir='ltr'><strong><em>increpatione</em></strong></span> <span class='ocrx_word' id='word_1_833' title='bbox 2416 5601 2511 5659; x_wconf 91' lang='lat' dir='ltr'><strong><em>Dei</em></strong></span> <span class='ocrx_word' id='word_1_834' title='bbox 2532 5601 2724 5661; x_wconf 84' lang='lat' dir='ltr'><strong><em>Jacob.</em></strong></span> <span class='ocrx_word' id='word_1_835' title='bbox 2754 5605 2850 5660; x_wconf 90' lang='lat' dir='ltr'><strong><em>llic</em></strong></span> <span class='ocrx_word' id='word_1_836' title='bbox 2882 5622 3043 5676; x_wconf 85' lang='lat' dir='ltr'><strong><em>porro</em></strong></span> <span class='ocrx_word' id='word_1_837' title='bbox 3070 5615 3184 5663; x_wconf 84' lang='lat' dir='ltr'><strong><em>crat</em></strong></span> <span class='ocrx_word' id='word_1_838' title='bbox 3222 5606 3480 5664; x_wconf 78' lang='lat' dir='ltr'><strong><em>Servatur</em></strong></span> 
     </span>
    </p>
   </div>
   <div class='ocr_carea' id='block_1_116' title="bbox 303 5738 1809 5845">
    <p class='ocr_par' dir='ltr' id='par_1_116' title="bbox 303 5746 1803 5824">
     <span class='ocr_line' id='line_1_116' title="bbox 303 5746 1803 5824; baseline 0.007 -22"><span class='ocrx_word' id='word_1_839' title='bbox 303 5747 349 5780; x_wconf 79' lang='lat'>“</span> <span class='ocrx_word' id='word_1_840' title='bbox 390 5746 552 5808; x_wconf 87' lang='lat' dir='ltr'><strong><em>llebr.</em></strong></span> <span class='ocrx_word' id='word_1_841' title='bbox 589 5766 704 5819; x_wconf 80' lang='lat' dir='ltr'><strong><em>xu,</em></strong></span> <span class='ocrx_word' id='word_1_842' title='bbox 741 5752 828 5808; x_wconf 69' lang='lat'><strong><em>22.</em></strong></span> <span class='ocrx_word' id='word_1_843' title='bbox 909 5754 953 5787; x_wconf 80' lang='lat'>&quot;</span> <span class='ocrx_word' id='word_1_844' title='bbox 992 5752 1094 5811; x_wconf 87' lang='lat' dir='ltr'><strong><em>lsa.</em></strong></span> <span class='ocrx_word' id='word_1_845' title='bbox 1133 5770 1216 5824; x_wconf 84' lang='lat' dir='ltr'><strong><em>LI,</em></strong></span> <span class='ocrx_word' id='word_1_846' title='bbox 1256 5755 1343 5812; x_wconf 84' lang='lat' dir='ltr'><strong><em>ll.</em></strong></span> <span class='ocrx_word' id='word_1_847' title='bbox 1422 5755 1464 5789; x_wconf 77' lang='lat'><strong>“</strong></span> <span class='ocrx_word' id='word_1_848' title='bbox 1506 5754 1650 5813; x_wconf 86' lang='lat' dir='ltr'><strong><em>Psal.</em></strong></span> <span class='ocrx_word' id='word_1_849' title='bbox 1683 5774 1803 5813; x_wconf 66' lang='lat' dir='ltr'><strong><em>xcv:</em></strong></span> 
     </span>
    </p>
   </div>
   <div class='ocr_carea' id='block_1_117' title="bbox 1908 5738 2751 5845">
    <p class='ocr_par' dir='ltr' id='par_1_117' title="bbox 1923 5738 2751 5845">
     <span class='ocr_line' id='line_1_117' title="bbox 1923 5738 2751 5845; baseline 0.006 -32"><span class='ocrx_word' id='word_1_850' title='bbox 1923 5758 2119 5827; x_wconf 76' lang='lat' dir='ltr'><strong><em>l7,18.</em></strong></span> <span class='ocrx_word' id='word_1_851' title='bbox 2197 5760 2469 5845; x_wconf 62' lang='lat' dir='ltr'><strong><em>unus.</em></strong></span> <span class='ocrx_word' id='word_1_852' title='bbox 2505 5780 2629 5830; x_wconf 75' lang='lat' dir='ltr'><strong><em>m,</em></strong></span> <span class='ocrx_word' id='word_1_853' title='bbox 2668 5764 2751 5819; x_wconf 75' lang='grc' dir='ltr'><strong><em>ιδ.</em></strong></span> 
     </span>
    </p>
   </div>
  </div>
