4078 6934
618 363 726 422 885

1306 369 1572 429 EUSEBII
1611 371 2090 432 CIESABIENSIS
2127 371 2277 430 OPP.
2311 369 2494 427 PARS
2531 369 2622 428 ιιι.
2660 397 2734 412 -ι
2768 365 3181 425 EXECBTICA.

3755 356 3882 415 εει

619 485 830 545 noster,
876 477 972 535 Dei
1029 479 1288 542 Verbum,
1329 481 1424 551 qui
1482 481 1584 552 ipsi
1632 480 1802 538 Jacob
1842 481 1986 539 Deus
2030 483 2184 540 visus

2285 499 2428 550 σαν,
2469 480 2624 552 κάρῳ
2652 478 2746 533 καὶ
2779 476 2916 550 μέθῃ
2948 475 3128 547 ψυχῆς
3159 474 3620 548 περιενεχθέντες·
3651 470 3774 530 εἶτα
3807 474 3882 529 δὲ

615 569 790 626 fuisse
819 569 873 625 in
909 569 1192 643 Scriptura
1214 571 1386 627 fertur
1415 591 1429 627 :
1458 574 1662 644 quique
1684 574 1949 645 judicium
1982 575 2038 630 in
2068 590 2186 630 om-

617 676 714 714 nes
745 673 774 714 a
805 658 966 716 Patre
1007 663 1234 732 accepit.

2289 574 2585 628 ὒπνωσαν
2617 569 2812 622 ὕπνον
2857 563 3076 630 αὐτῶν,
3120 565 3438 634 φαντασίαις
3475 564 3728 636 ματαίαις
3773 567 3882 618 ἐκ·

2289 665 2530 727 δοθέντες
2549 677 2562 691 ’
2593 660 2688 714 καὶ
2715 659 2864 722 τέλος
2901 656 3321 721 διυπνισθέντες,
3353 656 3731 728 ἐταράιθησαν
3757 655 3882 710 ἀπὺ

613 741 981 824 ἐπιτιμήσεως
1000 755 1094 808 τοῦ
1127 755 1260 809 Θεοῦ
1302 755 1516 812 Ἰακώϐ.
1554 750 1721 823 Οὗτος
1749 759 1806 812 δὲ
1837 755 1905 833 ἦν
1933 763 1961 814 ό
1988 761 2253 832 ἡμέτερος
2279 759 2489 831 Σωτὴρ,
2535 758 2564 810 ὁ
2592 753 2686 808 τοῦ
2713 751 2848 806 Θεοῦ
2876 751 3069 820 Λόγος,
3100 753 3128 806 ὁ
3167 750 3248 823 τῷ
3287 749 3480 805 ’Ῑακὼδ
3510 751 3880 823 ἀναγεγραμ-

615 844 777 913 μένος
808 840 986 914 ὧφθαι
1014 847 1164 911 Θεὸς,
1199 849 1228 900 ὁ
1253 849 1350 921 τὴν
1379 851 1519 905 κατὰ
1553 851 1770 906 πάντων
1796 853 1975 926 κρίσιν
2003 855 2151 926 παρὰ
2175 851 2268 906 τοῦ
2301 850 2515 922 Πατρὸς
2546 845 2990 917 ἀναδεδεγμένος.

515 999 526 1018 ι
585 999 587 1003 ι
686 958 852 1016 Vens.
873 961 925 1016 8.
945 961 1023 1016 Tu
1038 964 1288 1019 terribilis
1306 981 1384 1030 es,
1397 975 1446 1020 et
1462 968 1577 1037 quis
1595 968 1798 1023 resistet
1821 968 1915 1024 tibi
1933 972 2037 1025 ἵεις
2059 978 2184 1022 tunc

617 1052 702 1105 ira
727 1062 838 1107 tua.
877 1051 950 1109 lis
973 1056 1065 1124 qui
1093 1056 1292 1113 divine
1313 1058 1449 1113 lucis
1483 1060 1666 1116 radios
1687 1061 1938 1133 excipere
1965 1061 2179 1125 nolunt,

612 1141 879 1198 terribilis
913 1158 1038 1198 esse
1070 1144 1292 1200 dicitur.
1330 1145 1672 1220 Quapropter
1704 1149 1784 1205 sic
1816 1150 2071 1221 superius
2099 1151 2178 1222 ip-

613 1248 735 1288 sum
770 1231 939 1288 Deum
962 1234 1363 1305 alloquebatur,
1396 1237 1681 1294 Illuminas
1722 1249 1779 1294 tu
1811 1233 2126 1296 mirabiliter
2149 1259 2182 1296 a

613 1324 876 1379 montibus
895 1326 1140 1390 aeternis;
1181 1342 1329 1383 nunc
1360 1337 1543 1385 autem
1575 1331 1751 1387 eidem
1801 1332 1879 1386 ait
1913 1353 1926 1388 :
1962 1333 2040 1388 Tu
2080 1343 2185 1388 ter.

613 1415 788 1469 ribilis
811 1432 887 1481 es,
911 1427 960 1470 et
990 1419 1110 1488 quis
1145 1420 1352 1474 resistet
1385 1421 1518 1477 tibi?
1550 1419 1670 1492 Ipse
1713 1423 1901 1494 itaque
1945 1431 2000 1480 et
2047 1424 2186 1481 lucis

612 1509 867 1581 largitor,
902 1519 958 1566 et
980 1512 1244 1568 terribilis
1274 1523 1400 1582 est;
1429 1515 1499 1571 iis
1517 1516 1727 1572 scilicet
1757 1517 1848 1588 qui
1877 1517 1933 1572 in
1962 1517 2186 1575 dextera

613 1607 764 1665 sunt,
806 1599 948 1656 lucis
981 1601 1430 1672 administrator;
1474 1606 1543 1662 iis
1577 1607 1674 1678 qui
1707 1607 1764 1662 in
1795 1609 2042 1671 sinistra,
2076 1615 2190 1664 ter-

612 1687 812 1754 ribilis,
834 1690 1033 1761 quibus
1061 1693 1222 1748 etiam
1244 1692 1389 1749 dicet
1409 1709 1423 1745 :
1443 1694 1596 1750 Abite
1617 1697 1669 1751 in
1693 1697 1863 1768 ignem
1910 1707 2183 1766 internum,

2357 965 2442 1020 Σὺ
2470 963 2722 1034 φοϐερὸς
2753 958 2830 1027 ετ,
2862 959 2960 1016 καί
2997 961 3088 1026 τίς
3127 956 3552 1028 ἀντιστήσεται
3572 971 3712 1020 σοι;
3748 955 3882 1010 ἀπὸ

2285 1057 2418 1110 τότε
2439 1057 2478 1123 ἡ
2509 1055 2653 1126 ὀργή
2687 1072 2824 1110 σου.
2855 1049 2982 1116 Τοῖς
3013 1051 3086 1122 μὴ
3121 1049 3422 1122 βουληθεῖσι
3451 1047 3544 1101 τοῦ
3581 1047 3728 1100 θείου
3750 1055 3880 1116 φω-

2283 1147 2376 1212 τδς
2403 1147 2502 1212 τὰς
2533 1146 2704 1216 αὐγὰς
2744 1142 3150 1218 παραδέξασθαι
3178 1141 3406 1212 φοϐερὸς
3438 1134 3577 1193 εἶναι
3623 1138 3878 1206 λέγεται.

2285 1239 2377 1292 Διὸ
2399 1239 2654 1310 ἀνωτέρω
2697 1238 2796 1310 μέν
2836 1235 2985 1308 αὐτῷ
3012 1233 3350 1307 προσεφώνει
3391 1231 3469 1302 τῷ
3499 1231 3618 1302 Θεῷ
3647 1231 3836 1296 λέγων
3865 1246 3876 1252 ·

2281 1329 2549 1394 Φωτίζεις
2579 1330 2660 1385 σὺ
2689 1326 3046 1400 θαυμαστῶς
3076 1325 3194 1380 ἀπὸ
3238 1326 3421 1394 ὀρέων
3438 1325 3694 1378 αἰωνίων
3711 1338 3726 1351 ⁸
3751 1321 3880 1376 νυνὶ

2281 1422 2340 1478 δέ
2370 1422 2448 1494 τῷ
2481 1422 2652 1493 αὐτῷ,
2680 1422 2764 1476 Σὺ
2787 1421 3039 1491 φοϐερὸς
3063 1419 3138 1483 εἶ,
3169 1417 3267 1472 καί
3300 1417 3392 1482 τίς
3435 1415 3878 1483 ἀντιστήσεται

2283 1526 2421 1577 σοι;
2447 1513 2655 1566 Οὐκοῦν
2681 1513 2710 1565 ό
2741 1512 2901 1575 αὐτὸς
2944 1511 3038 1564 καὶ
3070 1508 3246 1580 φωτὸς
3280 1507 3539 1580 πάροχος,
3570 1509 3667 1562 καὶ
3709 1506 3880 1577 φοϐε-

2287 1604 2380 1676 ρὸς
2411 1603 2669 1674 τυγχάνει
2692 1620 2706 1634 °
2741 1605 2853 1666 τοῖς
2901 1601 2999 1673 μὲν
3024 1600 3215 1664 δεξιοῖς
3251 1597 3426 1668 φωτὸς
3464 1599 3717 1670 χορηγὸς,
3751 1599 3877 1660 τοῖς

2288 1695 2345 1748 δὲ
2371 1695 2678 1767 ἀριστεροῖς
2705 1693 2955 1765 φοϐερὸς,
2979 1688 3060 1756 οἷς
3084 1691 3148 1762 δὴ
3177 1690 3271 1744 καὶ
3308 1690 3497 1761 φήσει·
3525 1690 3878 1757 Πορεύεσθε

611 1792 861 1847 paratum
891 1782 1103 1838 diabolo
1121 1800 1172 1839 et
1201 1786 1401 1857 angelis
1423 1787 1536 1857 ejus
1553 1789 1620 1844 “.
1645 1788 1849 1846 Deinde
1871 1789 2077 1856 subdit,
2101 1790 2185 1844 Ex

2284 1786 2372 1852 είς
2402 1784 2469 1838 τό
2517 1784 2637 1855 πῦρ
2677 1784 2744 1838 τὸ
2773 1783 3012 1838 αἰώνιον
3040 1781 3107 1835 τὸ
3150 1781 3592 1850 ἡτοιμασμένον
3624 1778 3709 1845 τῷ
3739 1779 3878 1833 διαί

617 1883 739 1926 tunc
773 1875 854 1928 ira
903 1885 1016 1932 tua.
1049 1876 1129 1931 Ex
1177 1885 1328 1943 tunc,
1360 1894 1392 1933 a
1433 1895 1671 1950 quonam
1721 1890 1983 1952 tempore,
2016 1883 2124 1938 nisi
2152 1897 2183 1936 a

614 1977 724 2032 quo
746 1961 1176 2021 dormitaverunt
1203 1967 1296 2038 qui
1345 1969 1711 2024 ascenderunt
1739 1983 1932 2041 equos,
1962 1978 2017 2026 et
2057 1971 2188 2026 dor-

614 2054 855 2110 mierunt
887 2071 1141 2112 somnum
1179 2074 1338 2114 suum
1387 2059 1710 2130 insipientes
1755 2063 1922 2117 corde
1947 2063 1974 2118 ?
2014 2061 2093 2117 Ex
2120 2077 2186 2118 eo

616 2161 854 2218 namque
902 2157 1149 2218 tempore
1193 2150 1299 2206 sibi
1339 2151 1476 2222 ipsis
1505 2152 2017 2209 thesaurizaverunt
2048 2153 2186 2208 iram

613 2239 669 2294 in
701 2239 790 2296 die
827 2240 948 2305 irtc;
978 2242 1051 2296 ita
1091 2251 1149 2296 ut
1177 2243 1312 2314 ipsis
1357 2245 1612 2302 dicatur:
1647 2244 1732 2299 Ite
1760 2245 1829 2298 ad
1853 2247 2025 2300 lumen
2048 2248 2186 2316 ignis

611 2330 794 2394 uestri,
823 2343 872 2386 et
912 2331 984 2385 ad
1018 2331 1292 2400 [laminam
1324 2351 1483 2405 quam
1519 2335 1830 2390 accendistis
1861 2336 1926 2391 ⁸⁷.
1975 2334 2186 2408 Singuli

613 2440 849 2496 namque
863 2441 973 2496 quo
988 2436 1231 2497 tempore
1248 2435 1500 2498 peccant,
1515 2443 1581 2483 ex
1593 2442 1657 2482 eo
1676 2429 1809 2481 iram
1834 2428 1935 2483 sibi
1965 2427 2188 2484 thesau-

615 2515 789 2570 νίιιιηι
806 2515 1100 2587 :siquidcm
1118 2533 1214 2588 per
1227 2520 1364 2573 iram
1381 2518 1701 2590 intelligitur
1718 2519 2041 2590 supplicium
2061 2533 2190 2590 pec»

611 2609 863 2665 cantibus
878 2609 1236 2665 reconditum.
1253 2609 1458 2666 Deinde
1483 2626 1612 2667 vero
1628 2609 1830 2666 dicitur
1848 2626 1860 2661 :
1877 2608 2108 2665 -νειιε
2128 2608 2182 2664 9.

618 2697 692 2753 De
703 2699 833 2754 caelo
852 2699 1093 2754 auditum
1111 2700 1282 2770 fecisti
1296 2700 1582 2770 judicium.
1602 2700 1927 2756 Accuratius
1949 2699 2190 2755 animad-

613 2799 818 2856 vertas,
852 2807 960 2846 non
984 2792 1191 2847 dictum
1230 2791 1422 2860 fuisse,
1454 2793 1660 2862 fecisti,
1694 2792 1810 2857 sed,
1837 2791 2077 2846 auditum
2105 2793 2188 2862 fe-

611 2883 752 2938 cisti.
789 2883 1089 2955 Antequam
1120 2885 1264 2940 enim
1293 2883 1488 2955 judicii
1517 2893 1733 2955 tempus
1758 2885 1973 2940 eveniat
1999 2885 2067 2939 iis
2091 2883 2186 2955 qui

611 2984 740 3031 ante
773 2975 1041 3044 judicium
1074 2977 1361 3031 mortalem
1394 2977 1559 3030 vitam
1603 2975 1814 3040 obiere,
1839 2991 1934 3046 per
1970 2975 2187 3032 divinas

611 3064 899 3133 lectiones,
929 3081 1212 3124 sermones
1253 3065 1322 3122 de
1351 3065 1538 3122 divino
1564 3065 1778 3137 judicio
1809 3067 1958 3137 ipsos
1995 3065 2185 3123 audire

2287 1876 2444 1943 δόλῳ
2469 1875 2568 1930 καί
2594 1876 2718 1942 τοῖς
2753 1874 3029 1945 ἀγγέλοις
3051 1873 3262 1928 αὐτοῦ.
3292 1869 3404 1926 Εἶθ’
3433 1868 3558 1942 ἑξῆς
3585 1871 3872 1941 ἐπιφέρει·

2299 1969 2441 2024 Ἀπὸ
2484 1970 2614 2022 τότε
2651 1969 2691 2037 ἠ
2730 1965 2876 2038 ὀργή
2919 1982 3056 2022 σου.
3103 1965 3234 2020 Ἀπὸ
3266 1964 3386 2017 τότε
3429 1963 3506 2027 δέ,
3551 1961 3708 2024 πότε,
3748 1960 3875 2015 ἀλλ’

2286 2060 2320 2132 ἢ
2355 2063 2445 2131 ἀφ’
2494 2054 2554 2115 οὗ
2591 2059 2886 2127 ἐνύσταξαν
2935 2060 2986 2113 οἱ
3035 2056 3419 2128 ἐπιϐεϐηκότες
3462 2056 3588 2119 τοὺς
3636 2055 3878 2118 ἵππους,

2287 2154 2382 2208 καὶ
2424 2153 2679 2208 ὔπνωσαν
2722 2151 2887 2207 ὕπνον
2935 2150 3112 2206 αὐτῶν
3143 2151 3191 2204 oi
3235 2147 3487 2202 ἅσύνετοι
3515 2149 3582 2218 τῇ
3622 2145 3874 2218 καρδίας

2299 2246 2389 2314 Ἐξ
2414 2246 2620 2300 ἐκείνου
2654 2246 2762 2318 γὰρ
2789 2246 2942 2299 αὐτοὶ
2985 2245 3195 2307 ἑαυτοῖς
3229 2241 3588 2314 ἐθησαύρισαν
3610 2241 3784 2312 ὀργὴν
3813 2243 3878 2295 ἐν

2286 2337 2470 2411 ἡμέρᾳ
2497 2339 2696 2410 ὀργῆς’
2731 2338 2806 2401 ὡς
2826 2335 3078 2405 λέγεσθαι
3114 2334 3249 2407 πρὸς
3275 2333 3494 2397 αὐτούς·
3526 2333 3878 2399 Πορεύεσθε

2286 2429 2367 2494 τῷ
2412 2429 2558 2500 φωτὶ
2612 2428 2719 2483 τοῦ
2761 2427 2950 2498 πυρὸς
2977 2426 3161 2498 ὑμῶν,
3196 2425 3292 2480 καί
3325 2423 3398 2494 τῇ
3443 2424 3618 2494 φλογί
3655 2418 3701 2495 ᾖ
3762 2424 3877 2488 ἐξ-

2286 2521 2598 2576 εκαύσατε.
2637 2521 2903 2584 Ἕκαστος
2929 2519 3038 2592 γὰρ
3073 2518 3196 2572 καθ’
3227 2517 3286 2571 ὂν
3319 2517 3507 2589 καιρὸν
3532 2516 3874 2591 ἁμαρτάνει,

2286 2611 2396 2666 ἀπὸ
2425 2611 2547 2666 τότε
2577 2612 2744 2684 ὀργὴν
2773 2609 2949 2682 ἐαυτῷ
2981 2609 3326 2682 θησαυρίζει·
3369 2609 3536 2682 ὀργῆς
3564 2611 3874 2680 νοουμένης

2285 2706 2383 2776 τῆς
2401 2705 2514 2767 τοῖς
2533 2702 2912 2776 πλημμελοῦσι
2933 2701 3362 2773 τεταμιευμένης
3385 2699 3669 2772 τιμωρίας.
3704 2701 3872 2770 Ἑξῆς

2285 2794 2343 2848 δὲ
2388 2795 2632 2866 εἴρηταιο
2678 2795 2781 2848 Ἐκ
2821 2791 2928 2847 τοῦ
2962 2790 3222 2862 οὐρανοῦ
3266 2791 3592 2858 ἡκούτισας
3631 2791 3870 2859 κρίσιν.

2287 2885 2530 2958 Πρόσχες
2559 2885 2615 2939 δὲ
2666 2883 2960 2956 ἐπιμελῶς,
3003 2883 3079 2947 ὡς
3114 2883 3213 2936 οὐκ
3262 2882 3495 2954 εἴρηται,
3540 2881 3866 2947 ἐποίησας,

2287 2976 2402 3030 ἀλλ’
2429 2977 2778 3044 ἠκούτισας.
2807 2975 2942 3046 Πρὶν
2966 2972 3073 3044 γὰρ
3100 2970 3352 3042 ἐπιϐῆναι
3383 2970 3474 3024 τὸν
3505 2970 3602 3041 τῆς
3624 2969 3867 3041 κρίσεως

2289 3069 2476 3140 καιρὸν
2496 3071 2606 3133 τοῖς
2628 3067 2733 3140 πρὸ
2747 3067 2847 3138 τῆς
2869 3066 3100 3138 κρίσεως
3115 3064 3207 3118 τὸν
3224 3063 3412 3135 θνητὸν
3436 3061 3546 3133 βίον
3561 3061 3866 3126 διανύουσι,

611 3149 764 3208 fecit.
799 3150 904 3208 Sed
931 3167 1076 3208 nunc
1108 3153 1325 3224 quidem
1367 3153 1610 3209 futurum
1636 3153 1905 3225 judicium
1939 3155 2007 3211 de
2043 3156 2185 3212 cmlo

2285 3137 2410 3225 τοὺς
2431 3160 2560 3232 περὶ⁴
2586 3137 2684 3232 τῆς
2713 3137 2942 3232 κρίσεως
2963 3155 3152 3224 λόγους
3175 3153 3506 3224 ἀκουσθῆναι
3531 3153 3753 3223 ἐποίησε
3773 3151 3869 3206 διὰ

611 3244 861 3299 amlitum
905 3244 1082 3302 fecit:
1127 3246 1550 3316 superveniente
1591 3255 1772 3302 autem
1819 3247 1955 3317 justi
1991 3247 2184 3317 judicii

611 3332 707 3391 Dei
733 3345 974 3407 tempore
991 3335 1180 3408 (Vens.
1202 3336 1312 3410 10),
1353 3348 1514 3402 terra,
1539 3337 1735 3410 inquit,
1756 3339 1967 3393 tremuit
1981 3349 2031 3393 et
2048 3341 2189 3411 quie-

609 3429 706 3490 vit,
735 3444 852 3482 cum
883 3439 1183 3500 exsurgeret
1229 3430 1284 3484 in
1314 3429 1578 3500 judicium
1613 3429 1774 3496 Deus,
1809 3441 1867 3485 ut
1904 3431 2077 3486 salvos
2109 3431 2188 3501 {a-

612 3528 746 3574 ceret
763 3535 939 3574 omnes
968 3530 1268 3575 mansuetos
1291 3523 1670 3592 terrmAperte
1691 3530 1872 3578 autem
1897 3522 1982 3578 bis
2003 3523 2186 3579 decla-

614 3617 717 3674 rat,
739 3625 860 3681 qua:
887 3611 960 3668 sit
991 3611 1183 3682 judicii
1210 3627 1410 3681 causa;
1447 3613 1527 3668 uti
1547 3614 1764 3670 scilicet
1781 3616 1962 3670 salvos
1982 3614 2187 3672 faceret

610 3712 927 3760 mansuetos
945 3714 1120 3760 terrea.
1136 3703 1272 3760 Nam
1286 3706 1353 3762 de
1375 3706 1559 3779 impiis
1579 3707 1785 3764 dictum
1802 3716 1886 3764 est
1903 3724 1916 3760 :
1949 3706 2073 3764 Non
2101 3726 2185 3765 rc—

611 3803 826 3863 surgent
847 3793 1000 3862 impii
1021 3794 1074 3847 in
1096 3793 1327 3864 judicio,
1368 3812 1529 3867 neque
1548 3808 1849 3866 peccatores
1883 3799 1939 3852 in
1963 3799 2185 3854 concilio

603 3888 894 3958 justorum.
927 3883 1192 3950 Quoniam
1213 3887 1352 3941 novit
1382 3887 1637 3944 Dominus
1660 3891 1797 3944 viam
1814 3890 2105 3960 iustorum,
2135 3899 2186 3945 et

611 3973 713 4025 iter
746 3972 1028 4042 impiorum
1054 3975 1245 4045 peribit
1271 3977 1338 4031 ⁸⁸.
1358 3976 1495 4032 Cum
1514 3981 2023 4052 surrexeritjtaque
2040 3981 2184 4038 Deus

613 4061 669 4116 in
711 4063 1016 4133 judicium,
1064 4075 1127 4122 ut
1183 4070 1366 4126 salvos
1415 4069 1577 4126 faciat
1630 4087 1822 4128 omnes
1867 4084 2188 4130 mansuetos

609 4161 790 4222 terra},
823 4165 972 4213 terra
1001 4167 1198 4216 tremet
1228 4173 1280 4216 et
1311 4161 1582 4232 quiescet.
1606 4161 1739 4218 Nam
1775 4167 2045 4221 mansueti
2073 4167 2189 4237 qui-

609 4247 732 4303 dem
767 4251 996 4306 salutem
1029 4252 1394 4322 obtinebunt;
1426 4255 1519 4311 alii
1567 4264 1771 4322 autem,
1821 4257 1916 4312 ira:
1964 4259 2186 4314 traden-

608 4349 720 4396 tur.
753 4339 982 4413 Reliqua
1018 4360 1147 4400 vero
1181 4354 1350 4415 terra,
1379 4355 1433 4402 et
1464 4347 1561 4418 qui
1593 4347 1773 4404 medio
1807 4348 1863 4403 in
1893 4356 2040 4404 statu
2070 4365 2186 4406 ver-

609 4439 825 4498 santur,
851 4443 1135 4506 assumpto
1167 4436 1259 4493 Dei
1285 4439 1479 4495 timore
1517 4455 1549 4493 a
1581 4439 1994 4509 perturbatione
2027 4441 2183 4514 quie-

607 4531 863 4579 scent.—-
898 4525 1071 4582 Vens.
1107 4529 1196 4583 Η.
1218 4528 1481 4596 Quoniam
1524 4532 1774 4602 cogitatio
1803 4531 2030 4588 hominis
2060 4551 2185 4588 con-

607 4615 845 4684 ﬁtebitur
887 4617 1004 4682 tibi,
1049 4628 1100 4674 et
1139 4619 1378 4690 reliquie:
1423 4623 1760 4693 cogitationis
1802 4623 1942 4678 diem
1987 4625 2180 4694 festum

609 4713 764 4775 agent
805 4705 919 4760 tibi.
953 4706 1020 4763 Et
1051 4709 1157 4764 hoc
1199 4710 1278 4764 ait
1309 4710 1549 4766 futurum
1590 4727 1715 4769 esse
1755 4729 1880 4769 cum
1921 4723 2180 4786 exsurget

609 4793 952 4864 injudicium
987 4797 1152 4865 Deus,
1187 4810 1248 4856 ut
1293 4803 1475 4860 salvos
1502 4801 1667 4858 faciat
1694 4819 1886 4861 omnes
1920 4821 2180 4862 mansue-

610 4893 696 4942 tos
711 4895 870 4943 terra:
895 4907 909 4955 ;
935 4891 1065 4961 quid
1098 4891 1246 4948 aliud
1274 4893 1328 4948 id
1352 4894 1534 4961 luerit,
1566 4911 1730 4967 quam
1759 4897 1906 4968 quod
1930 4899 2179 4970 cogitatio

607 4977 836 5036 hominis
868 4985 1201 5053 conﬁtebitur
1225 4986 1367 5043 tibi?
1393 4986 1584 5044 Omnis
1613 4990 1814 5060 quippe
1835 4990 2039 5062 lingua,
2065 5007 2182 5047 om-

609 5071 696 5127 nis
711 5071 991 5128 hominum
1009 5077 1270 5146 cogitatio
1299 5079 1608 5149 mentisque
1634 5081 1913 5150 perceptio
1938 5089 2182 5151 tempore

602 5163 795 5234 judicii
823 5165 1172 5223 conﬁtebitur
1210 5167 1342 5232 Deo,
1376 5169 1598 5241 quando
1645 5172 1860 5226 occulta
1898 5171 2178 5227 hominum

606 5256 1015 5314 revelabuntur.
1051 5258 1122 5314 Et
1165 5262 1420 5332 reliquit»,
1452 5262 1647 5332 inquit,
1680 5263 2011 5334 cogitationis
2041 5263 2180 5318 diem

607 5345 801 5416 festum
835 5360 990 5418 agent
1028 5349 1144 5406 tibi.
1183 5349 1323 5416 Quid
1355 5368 1521 5423 porro
1550 5352 1717 5408 fuerit
1755 5354 1910 5417 illud,
1941 5355 2179 5426 reliquie

608 5438 972 5507 cogitationis,
1005 5440 1113 5497 nisi
1161 5442 1512 5498 ratiocinium
1557 5445 1704 5499 omni
1761 5461 1927 5516 prava
1970 5449 2180 5516 cogita-

608 5530 754 5585 tione
787 5533 1114 5602 purgatum?
1148 5533 1328 5589 simile
1358 5535 1428 5591 iis
1464 5535 1532 5591 de
1561 5537 1762 5607 quibus
1807 5538 2012 5592 dictum
2046 5545 2130 5593 est
2163 5557 2178 5593 :

608 5616 864 5688 Reliquiae
905 5621 1189 5677 secundum
1217 5624 1518 5681 electionem
1550 5629 1738 5697 gratia:
1769 5629 1926 5698 facta:
1959 5641 2078 5683 sunt
2110 5630 2174 5685 ".

682 5774 727 5804 “
767 5773 955 5830 Matth.
993 5795 1120 5846 xxv,
1158 5779 1248 5836 41.
1327 5783 1369 5816 ⁸⁷
1396 5779 1496 5838 lsa.
1535 5799 1594 5844 ι,
1635 5784 1716 5838 ll.
1797 5786 1838 5816 ⁸⁸³
1871 5782 2013 5840 Psal.
2059 5800 2109 5844 ι.
2148 5785 2272 5843 5.6.

2281 3253 2390 3309 τῶν
2401 3253 2558 3308 θείων
2573 3252 3032 3323 ἀναγνωσμάτων.
3049 3246 3208 3300 Ἀλλὰ
3220 3244 3314 3299 νῦν
3333 3244 3431 3316 μὲν
3446 3245 3511 3298 ἐκ
3523 3243 3616 3297 τοῦ
3629 3243 3864 3316 οὐρανοῦ

2283 3343 2553 3416 ἀκουστὴν
2585 3342 2807 3412 ἐποίησε
2843 3341 2943 3412 τὴν
2968 3337 3264 3410 μέλλουσαν
3303 3335 3513 3407 κρίσιν·
3539 3333 3867 3398 ἐπιστάντος

2281 3434 2338 3488 δὲ
2369 3432 2462 3488 τοῦ
2493 3431 2685 3506 καιροῦ
2718 3433 2817 3502 τῆς
2849 3429 2943 3484 τοῦ
2987 3427 3122 3482 Θεοῦ
3161 3425 3578 3496 δικαιοκρισίας,
3607 3423 3721 3493 Γῆ,
3753 3441 3868 3495 φη·

2283 3527 2389 3593 σιν,
2417 3527 2680 3596 ἐφοϐήθη
2717 3524 2813 3578 καὶ
2848 3523 3167 3591 ἡσύχασεν
3193 3519 3263 3572 ἐν
3289 3516 3371 3582 τῷ
3412 3515 3746 3585 ἀναστῆναι
3774 3519 3867 3581 εις

2282 3619 2485 3688 κρίσιν
2508 3618 2616 3673 τὸν
2655 3616 2823 3680 Θεὸν,
2868 3614 2974 3668 τοῦ
3007 3611 3202 3666 σῶσαι
3230 3607 3460 3674 πάντας
3483 3608 3622 3674 τοὺς
3655 3607 3867 3676 πραεῖς

2282 3708 2394 3778 τῆς
2421 3709 2554 3779 γῆς.
2585 3708 2779 3778 Σαφῶς
2810 3705 2867 3760 δὲ
2894 3705 3190 3776 παρίστησι
3223 3700 3311 3755 διὰ
3340 3698 3543 3753 τούτων
3571 3701 3600 3752 ό
3619 3698 3775 3767 λόγος
3801 3698 3866 3750 τὸ

2283 3801 2453 3855 αἴτιον
2483 3803 2581 3872 τῆς
2609 3797 3038 3872 κρίσεωςονύπέρ
3065 3795 3174 3865 γὰρ
3199 3791 3291 3846 τοῦ
3323 3789 3494 3844 σῶσαι
3517 3789 3642 3854 τοὺς
3665 3791 3868 3860 πραεῖς

2283 3892 2384 3964 τῆς
2409 3894 2531 3964 γῆς.
2562 3891 2700 3963 Περὶ
2745 3888 2854 3960 γὰρ
2875 3887 2985 3941 τῶν
3023 3883 3233 3938 ἀσεϐῶν
3267 3883 3515 3956 εἴρηται·
3559 3881 3680 3934 Οὐκ
3718 3879 3846 3933 ἀνα

2284 3981 2617 4051 στήσονται
2645 3979 2878 4043 ἀσεϐεῖς
2910 3977 2979 4031 ἐν
3005 3975 3217 4044 κρίσει,
3257 3971 3398 4027 οὐδὲ
3432 3966 3762 4041 ἁμαρτωλοί
3793 3967 3854 4021 ἐν

2280 4071 2483 4140 ,βουλῇ
2499 4071 2760 4125 δικαίωνο
2775 4069 2864 4123 ὅτι
2891 4067 3165 4138 γινώσκει
3185 4069 3399 4138 Κύριος
3423 4062 3568 4118 ὁδὸν
3592 4059 3864 4123 δικαίων,

2284 4164 2381 4219 καί
2400 4162 2540 4228 ὁδὸς
2563 4161 2799 4216 ἀσεϐῶν
2832 4160 3156 4216 ἀπολεῖται.
3191 4157 3542 4218 Ἀναστάντος
3564 4153 3737 4207 τοίνυν
3764 4149 3866 4205 τοῦ

2283 4256 2416 4311 Θεοῦ
2434 4259 2513 4320 είς
2536 4255 2718 4328 κρίσιν
2735 4254 2873 4326 ὑπὲρ
2887 4251 2980 4308 τοῦ
2998 4253 3168 4306 σῶσαι
3192 4251 3401 4314 πάντας
3414 4248 3540 4309 τοὺς
3556 4245 3747 4318 πραεῖς
3760 4243 3867 4315 τῆς

2283 4350 2406 4422 γῆς,
2422 4350 2492 4419 γῆ
2510 4345 2876 4418 φοϐηθήσεται
2897 4345 2991 4398 καὶ
3020 4343 3302 4416 ἠσυχάσει.
3334 4343 3396 4395 Οἱ
3421 4339 3519 4412 μὲν
3535 4337 3644 4408 γὰρ
3665 4338 3868 4408 πραεῖς

2283 4437 2560 4504 τεύξονται
2590 4437 2689 4508 τῆς
2724 4434 3014 4508 σωτηρίας,
3043 4435 3094 4486 οῖ
3119 4434 3175 4488 δὲ
3193 4436 3262 4506 τῇ
3291 4431 3427 4505 ὀργῇ
3459 4427 3870 4501 παραδοθήσον-

2209 4495 2262 4556 D
2285 4495 2412 4588 rat:
2441 4534 2476 4604 ἡ
2504 4531 2562 4585 δὲ
2590 4495 2750 4601 λοιπὴ
2772 4531 2843 4602 γῆ
2859 4495 2987 4582 ’καῖ’
3002 4495 3060 4581 ὀι
3088 4526 3184 4599 τὴν
3448 4495 3733 4593 εἰληφότες
3755 4536 3867 4573 κα-

2281 4625 2540 4680 τάστασιν
2569 4621 2868 4676 παύσονται
2901 4621 3001 4690 τῆς
3026 4617 3268 4690 ταραχῆς
3295 4616 3386 4670 τὸν
3408 4614 3548 4668 θεῖον
3574 4610 3865 4680 ἀνειληφό-

2279 4735 2372 4783 τες
2404 4717 2587 4786 φόϐον.
2613 4717 2733 4769 Ὅτι
2772 4713 3055 4782 ἐνθύμιον
3075 4709 3384 4780 ἀνθρώπου
3421 4702 3865 4776 ἐξομολογήσε-

2281 4810 2378 4864 ται
2402 4824 2522 4872 σοι,
2547 4808 2644 4862 καί
2663 4803 3101 4876 ἐγκατάλειμμα
3126 4801 3410 4870 ἐνθυμίου
3433 4795 3706 4868 ἑορτάσει
3733 4809 3860 4848 σοι.

2282 4902 2394 4957 Καὶ
2423 4899 2581 4954 τοῦτό
2628 4915 2792 4969 φησιν
2824 4895 3041 4950 ἔσεσθαι
3080 4897 3139 4950 ἐν
3179 4892 3258 4964 τῷ
3290 4891 3583 4962 ἀναστῆναι
3608 4887 3699 4941 τὸν
3724 4886 3863 4941 Θεὸν

2283 4995 2361 5058 είς
2384 4993 2585 5064 κρίσιν,
2605 4989 2700 5043 τοῦ
2728 4989 2896 5042 σῶσαι
2920 4987 3126 5050 πάντας
3144 4987 3269 5050 τοὺς
3297 4984 3490 5056 πραεῖς
3514 4981 3616 5050 τῆς
3647 4979 3767 5050 γῆς.
3794 4977 3865 5032 Τί

2282 5084 2340 5138 δέ
2392 5083 2550 5138 τοῦτο
2589 5083 2646 5154 ἦ,
2688 5082 2968 5150 ἐνθύμιον
3001 5078 3312 5147 ἀνθρώπου
3355 5069 3866 5145 ἐξομολογήσεταὶ

2284 5191 2417 5241 σοι;
2444 5174 2599 5229 Πᾶσα
2629 5173 2738 5244 γὰρ
2765 5171 2985 5241 γλῶσσα
3016 5171 3108 5226 καὶ
3133 5172 3241 5234 πᾶς
3283 5167 3538 5238 λογισμὸς
3563 5165 3660 5218 καὶ
3699 5163 3861 5217 ἐνθύ-

2288 5284 2452 5340 μησις
2481 5263 2781 5337 ἀνθρώπων
2827 5261 3272 5334 ἐξομολογήσεται
3315 5257 3392 5328 τῷ
3432 5254 3550 5326 Θεῷ
3589 5252 3728 5308 κατὰ
3765 5252 3863 5306 τὸν

2282 5357 2382 5428 τῆς
2408 5355 2640 5426 κρίσεως
2680 5351 2889 5424 καιρὸν,
2934 5353 3023 5406 ὅτε
3049 5351 3118 5406 τὰ
3153 5345 3369 5421 κρυπτὰ
3409 5346 3514 5398 τῶν
3557 5341 3862 5416 ἀνθρώπων

2282 5445 2491 5520 φανερὰ
2512 5447 2818 5516 γενήσεται.
2849 5443 2958 5498 Καὶ
2987 5440 3422 5515 ἐγκατάλειμμα
3445 5437 3523 5501 δὲ,
3551 5437 3734 5508 φησιν,
3759 5435 3863 5488 er:

2280 5541 2492 5609 θυμίου
2514 5537 2783 5608 ἑορτάσει
2809 5554 2928 5592 σοι.
2960 5537 3082 5590 Ti6‘
3106 5535 3170 5588 ἂν
3195 5533 3403 5602 γένοιτο
3422 5527 3861 5601 ἐγκατάλειμμα

2279 5630 2564 5699 ἐνθυμίου
2602 5629 2636 5701 ἦ
2667 5630 2695 5682 ό
2723 5627 3129 5700 κεκαθαρμένος
3156 5624 3262 5679 ἀπὸ
3284 5624 3462 5693 πάσης
3491 5621 3727 5692 πονηρᾶς
3763 5619 3858 5673 ἐν-

2349 5786 2393 5815 "
2417 5781 2571 5841 Rem.
2613 5799 2702 5842 x1.
2735 5785 2787 5839 5.
