4078 6934
555 356 669 418 887
1237 363 1513 426 EUSEBII
1548 363 2036 423 CESARIENSIS
2073 365 2123 423 Οἶ

2223 412 2224 420 η
2259 365 2440 422 PARS
2477 362 3080 424 [IL—EXEGETICA.
3700 363 3846 421 888’

549 475 911 548 pharmacum
957 478 1030 536 ad
1053 479 1302 537 levamen
1332 481 1512 537 morbi
1546 496 1692 554 aegro
1720 481 1899 539 oﬂ‘ert.
1942 479 2004 537 In
2032 498 2123 540 su-

2236 500 2350 556 ptov
2378 481 2668 554 φὰρμακον
2699 481 2791 536 ἐπὶ
2817 479 2878 535 τὸ
2916 477 3220 551 χρήσασθαι
3265 477 3552 550 αὗτῷοκαὶ
3583 477 3838 546 ὠφελεῖ-

549 570 858 643 perioribus
886 583 1065 630 autem
1100 589 1200 645 pro
1220 574 1410 632 eodem
1447 576 1570 632 Viro
1598 577 1716 650 ipse
1759 577 1926 634 David
1973 578 2123 636 modo

2240 572 2364 628 σθαι
2396 573 2486 626 τὸν
2517 571 2980 644 θεραπευόμενον·
3020 569 3078 623 ὲν
3113 569 3169 622 δὲ
3202 571 3315 632 τοῖς
3341 567 3643 639 ἔμπροσθεν
3667 567 3837 638 ὑπὲρ

549 660 844 730 psalmum,
876 663 1049 718 modo
1062 663 1335 720 canticum
1368 667 1610 732 scripsit.
1640 665 1822 734 Quare
1844 669 1897 723 in
1925 670 2123 739 psalmo

2235 662 2328 717 τοῦ
2355 662 2520 717 αὐτοῦ
2566 662 2758 734 ἀνδρὸς
2801 663 2830 716 6
2866 659 3026 714 Aau‘i6
3067 661 3197 714 ποτὲ
3245 660 3344 732 μὲν
3371 659 3534 731 ᾠδὴν,
3574 658 3711 712 ποτὲ
3759 658 3838 712 δὲ

547 765 760 807 ιιινιιι
808 753 889 810 sic
915 752 1080 811 habet
1101 755 1388 828 inscriptio
1420 775 1438 816 :
1464 755 1531 812 In
1561 759 1719 829 ﬁnem
1746 775 1842 829 pro
1872 758 2123 821 [dit/ium,

2233 754 2444 828 ψαλμὸν
2469 754 2698 827 ἔγραφε.
2725 753 2818 808 Διὸ
2841 755 2898 806 ἐν
2926 753 3024 825 μὲν
3055 751 3134 825 τῷ
3157 751 3236 824 λη’
3257 751 3460 822 ψαλμῷ
3503 752 3837 820 ἐπεγέγρα-

549 844 819 899 canticum
849 845 953 915 ipsi
979 845 1172 902 David.
1199 846 1355 915 Quod
1384 850 1469 905 vir
1495 849 1598 906 iste
1626 850 1813 907 Davidi
1837 859 1891 907 et
1913 851 2123 924 Asaplro

2235 866 2357 913 πτο,
2373 850 2480 915 Εἰς
2505 846 2571 902 τὸ
2592 847 2768 914 τέλος
2787 845 2938 916 ὑπὲρ
2953 843 3217 914 ἰδιθοὺμ,
3241 842 3363 912 ᾠδὴ
3381 841 3458 908 τῷ
3472 842 3672 896 Δαυτδ.
3692 843 3836 896 ὀτι

547 934 780 1004 aequalis
841 933 1029 1005 fuerit,
1085 947 1276 996 narrat
1334 937 1616 1011 Scriptura
1676 940 2123 1015 Paralipomenon

2231 941 2288 996 δὲ
2315 945 2344 996 ὸ
2370 941 2509 1014 ἀνὴρ
2533 933 2688 1006 οὗτος
2739 938 3090 1010 συγχρονίσαι
3131 937 3349 1006 λέγεται
3382 937 3459 1008 τῷ
3504 935 3668 990 Δαυῒδ
3724 934 3846 989 καὶ.

520 1017 629 1098 ,ιιιί
685 1024 944 1096 superius
993 1029 1572 1087 commonstravimus.
1627 1031 1868 1105 Mihique
1915 1033 2123 1088 videtur

2229 1032 2307 1105 τῷ
2341 1032 2528 1102 Ἁσάφ,
2551 1032 2594 1104 ἡ,
2626 1031 2734 1086 τῶν
2755 1028 3250 1104 Παραλειπομένων
3279 1029 3573 1102 παρίστησι
3593 1027 3842 1100 Γραφὴτ

551 1113 792 1171 ldithum
845 1115 1091 1174 doctrina
1148 1119 1216 1175 de
1263 1118 1612 1178 Providentia
1658 1139 1797 1195 opus
1847 1123 2123 1188 habuisse.

2229 1123 2304 1189 ὡς
2334 1126 2530 1188 ἐντοῖς
2570 1122 2876 1195 ἔμπροσθεν
2911 1119 3294 1193 ἀπεδείξαμεν.
3325 1121 3435 1174 Καί
3476 1137 3565 1190 μοι
3605 1119 3762 1172 δοκεῖ
3791 1119 3846 1171 ὁ

552 1206 682 1277 quia
709 1221 777 1263 ex
809 1205 1124 1266 hominibus
1154 1211 1356 1268 multos
1379 1213 1587 1270 videret
1616 1214 1833 1286 impios,
1864 1218 2123 1288 superbos

2241 1216 2473 1288 ’ῐδιθοὺμ
2515 1214 2863 1280 διδασκαλίας
2905 1213 3192 1286 δεδεῆσθαι
3234 1211 3330 1267 τοῦ
3375 1212 3503 1285 περὶ
3547 1210 3834 1284 Προνοίας

550 1303 608 1352 et
635 1305 982 1368 arrogantes,
1012 1299 1216 1357 divitiis
1248 1309 1302 1358 et
1344 1304 1524 1376 ampla
1555 1321 1616 1360 re
1666 1305 1922 1364 familiari
1966 1310 2123 1365 luxu-

2228 1309 2408 1378 λόγου,
2433 1307 2522 1362 διά
2551 1307 2614 1361 τὸ
2647 1309 2884 1380 συνορᾲν-
2909 1308 2967 1361 ὲν
2996 1305 3074 1378 τῷ
3095 1305 3202 1359 τῶν
3228 1303 3512 1378 ἀνθρώπιον
3543 1303 3642 1375 βίῳ
3679 1303 3832 1356 πολ-

545 1390 790 1462 riantes;
826 1411 891 1450 ac
932 1396 1050 1453 vice
1091 1413 1249 1453 versa
1280 1397 1464 1468 iustos
1499 1399 1746 1471 abiectos
1764 1410 1821 1457 et
1850 1402 1918 1458 ab
1944 1403 2123 1476 impiis

2226 1401 2350 1466 λοὺς
2379 1399 2569 1465 ἀθέους
2597 1400 2692 1454 καὶ
2719 1398 2936 1464 ἀσεϐεῖς
2968 1399 3361 1471 ἐπαιρομένους
3406 1398 3501 1452 καῖ
3533 1395 3828 1468 μεγαλαυ-

545 1502 864 1560 oppressos.
902 1489 1046 1548 Vero
1092 1493 1270 1550 simile
1323 1493 1494 1567 igitur
1522 1504 1608 1553 est
1660 1497 1810 1553 illum
1843 1498 1957 1554 haec
1985 1515 2123 1570 aegre

2225 1491 2540 1564 χουμένους,
2584 1490 2798 1563 πλούτῳ
2843 1508 2903 1546 τε
2941 1492 3035 1546 καὶ
3072 1491 3359 1563 περιουσίᾳ
3389 1488 3823 1561 ἐντρυφῶντας·

2224 1582 2463 1648 δικαίους
2498 1582 2556 1637 δὲ
2605 1583 2841 1654 ἔμπαλιν
2874 1581 3329 1654 ταπεινουμένους
3373 1580 3468 1634 καὶ
3517 1579 3654 1652 πρὸς
3707 1579 3840 1632 τῶν

543 1675 712 1730 verba
762 1675 982 1742 fecisse,
1008 1677 1199 1749 qualia
1219 1694 1287 1735 ex
1333 1680 1577 1753 antiquis
1604 1681 1695 1736 alii
1725 1682 2074 1754 proferebant
2107 1705 2122 1742 :

2223 1674 2435 1729 ἀσεϐῶν
2468 1675 2992 1748 καταπονουμένους.
3034 1673 3196 1738 Εικὸς
3228 1672 3359 1743 γοῦν
3388 1671 3550 1727 αὑτὸν
3568 1671 3662 1725 ἐπὶ
3691 1669 3831 1724 τού-

547 1763 658 1822 Cur
674 1767 826 1838 impii
849 1780 1294 1850 prospereagunt,
1321 1783 1368 1827 et
1397 1775 1452 1827 in
1480 1772 1680 1830 divitiis
1701 1780 2123 1836 consenuerunt?

2223 1783 2338 1832 τοις
2361 1767 2778 1832 ἀποδυσπετεῖν,
2805 1767 2900 1822 καὶ
2921 1765 3112 1836 λόγους
3133 1763 3288 1830 τινάς
3306 1763 3651 1835 κεκινηκέναι
3675 1761 3832 1833 πρός

547 1854 735 1912 Semen
763 1874 944 1913 eorum
976 1876 1070 1930 pro
1120 1870 1237 1916 voto
1260 1877 1280 1915 :
1312 1865 1462 1930 pueri
1487 1865 1947 1938 eorum,lttdentes,
1967 1885 2123 1924 assu-

2223 1879 2281 1917 τε
2311 1861 2472 1918 αὗτὸν
2496 1862 2588 1918 τὸν
2613 1861 2774 1916 Δαυῒδ
2816 1860 2911 1916 καὶ
2944 1859 3081 1932 πρὸς
3103 1857 3194 1913 τὸν
3229 1857 3428 1928 sese,
3455 1856 3674 1920 ὁποίους
3698 1853 3836 1909 txi-

2222 1954 2454 2007 νουνκαὶ
2469 1953 2646 2026 ἕτεροι
2668 1953 2778 2007 τῶν
2800 1951 3066 2016 παλαιῶν,
3101 1951 3176 2016 ὡς
3197 1953 3226 2005 ὸ
3241 1949 3428 2004 εἰπών’
3459 1949 3642 2005 Ἰνατί
3659 1949 3826 2003 ἀσε-

2222 2043 2708 2113 ϐεῒςεὺθηνοῦσι,
2735 2044 3182 2099 πεπαλαιωνται
3217 2041 3287 2095 δὲ
3307 2041 3405 2095 καὶ
3433 2042 3506 2096 έν
3528 2041 3830 2107 πλούτῳ,

2231 2134 2295 2189 Ὅ
2321 2137 2550 2206 σπόρος
2576 2135 2774 2190 αὐτῶν
2804 2133 2955 2190 κατὰ
2985 2132 3225 2204 ψυχήν
3257 2132 3330 2186 τὰ
3371 2131 3439 2186 δὲ
3466 2131 3670 2185 παιδία
3715 2132 3831 2186 αὐ-

2219 2227 2340 2284 τῶν
2367 2229 2669 2292 παίζοντα,
2709 2227 3210 2298 ἀναλαμϐάνοντα
3239 2223 3574 2295 ψαλτήριον
3597 2224 3698 2277 καὶ
3726 2241 3830 2278 κι-

2220 2319 2427 2391 θάραν.
2462 2320 2632 2392 Λέγει
2665 2321 2734 2375 δὲ
2753 2321 2946 2390 Κυρίῳ
2963 2337 2978 2352 ⁶
3024 2319 3289 2375 Ἀπόστα
3316 2317 3416 2373 ἀπ’
3438 2315 3606 2389 ἐμοῦ·
3629 2315 3832 2384 ὁδούς

2219 2429 2337 2468 σου
2369 2411 2590 2468 ειδέναι
2619 2414 2692 2467 οὐ
2717 2413 3040 2482 βούλομαι.
3071 2409 3311 2466 Τοιαῦτά
3350 2427 3492 2474 τινα,
3538 2408 3614 2473 ὥς
3639 2408 3820 2474 εἰκὸς,

2221 2504 2584 2577 ὲπαποροῦντι
2615 2503 2692 2577 τῷ
2737 2502 2991 2574 Ἰδιθοὺμ,
3031 2499 3118 2556 οἷα
3157 2501 3468 2557 διδάσκαλοι
3507 2499 3602 2555 καὶ
3637 2500 3830 2572 ἰατροὶ

2221 2597 2350 2650 ποτὲ
2377 2596 2476 2667 μὲν
2515 2597 2544 2649 6
2573 2593 2753 2660 Aau'i8,
2787 2595 2916 2648 ποτὲ
2938 2594 2995 2648 δὲ
3023 2595 3052 2648 6
3099 2594 3296 2664 Ἀσάφ,
3323 2591 3670 2656 διδασκαλίας
3705 2609 3823 2644 πα-

2223 2689 2402 2760 ρεῖχον
2433 2686 2533 2758 τῆς
2556 2686 2769 2742 τοιᾶσδε
2798 2685 2956 2758 δόξης
2978 2685 3399 2758 θεραπευτικάς.
3437 2685 3599 2740 Ὀθεν
3622 2686 3681 2738 ὲν
3713 2685 3824 2756 μὲν

2219 2777 2299 2850 τῷ
2323 2776 2405 2848 λη’
2430 2776 2609 2832 τοιάδε
2633 2777 2810 2848 λέγειν
2833 2778 2996 2832 αὑτὸν
3024 2777 3322 2832 ἐδίδασκενο
3351 2772 3526 2832 Εἷπα·
3555 2775 3826 2840 Φυλάξω

542 2867 961 2939 explicavimus.
998 2869 1057 2924 In
1110 2885 1208 2926 ut
1263 2879 1445 2927 autem
1495 2872 1748 2928 eumdem
1805 2873 1985 2944 ipsum
2033 2875 2122 2932 his

2223 2869 2330 2937 τὰς
2353 2869 2532 2937 ὁδούς
2553 2888 2672 2940 μου
2695 2869 2802 2925 τοῦ
2819 2867 2906 2940 μὴ
2924 2869 3286 2940 ἁμαρτάνειν
3307 2870 3375 2924 ἐν
3395 2868 3646 2940 γλώσσῃ
3663 2886 3809 2937 μου.

542 2960 728 3016 verbis
759 2960 1012 3017 edocuit:
1033 2959 1222 3017 Nonne
1252 2961 1360 3018 Deo
1381 2963 1614 3034 subjecta
1634 2965 1740 3018 erit
1761 2965 1943 3020 anima
1969 2970 2123 3025 mea?

2235 2961 2488 3033 Ἑθέμην
2515 2960 2594 3028 τῷ
2619 2962 2873 3031 στόματί
2893 2979 3014 3031 μου
3047 2959 3334 3031 φυλακὴν
3364 2962 3434 3014 ἐν
3453 2959 3533 3026 τῷ
3574 2959 3812 3028 συστῆ-

542 3051 608 3106 αὸ
640 3052 751 3122 ipso
779 3053 917 3107 enim
936 3053 1174 3110 salutare
1205 3071 1398 3109 meum.
1431 3053 1574 3109 Nam
1589 3064 1639 3110 et
1676 3056 1786 3125 ipse
1821 3055 1963 3110 Deus
1977 3072 2121 3112 meus

2223 3070 2321 3108 ναι
2347 3053 2456 3108 τὸν
2483 3053 2833 3124 ἁμαρτωλὸν
2855 3053 3139 3108 ἐναντιον
3159 3071 3279 3122 μου
3298 3069 3312 3083 ·
3344 3050 3666 3122 ἐκωφώθην
3709 3052 3810 3105 καὶ

540 3156 592 3199 et
624 3143 875 3201 Salvator-
912 3161 1078 3213 meus,
1126 3158 1398 3219 susceptor
1439 3164 1584 3203 meus
1608 3165 1714 3202 non
1743 3148 1985 3204 movebar
2013 3166 2122 3203 am-

2223 3143 2622 3214 έταπεινώθην
2653 3144 2753 3199 καί
2784 3145 3066 3216 ἐσίγησα,
3110 3145 3204 3198 καὶ
3227 3145 3297 3199 τὰ
3336 3143 3547 3208 τούτοις
3579 3143 3710 3214 ἑξῆς
3729 3161 3742 3172 ο
3773 3142 3814 3197 ἀ

539 3239 702 3309 ptius.
729 3239 1020 3312 Quousque
1034 3241 1240 3296 inmitis
1274 3241 1330 3296 in
1361 3241 1648 3307 hominem,
1679 3241 1975 3312 inter/icitis
2006 3244 2121 3297 uni-

2224 3236 2290 3309 δὴ
2307 3236 2449 3292 κατά
2473 3238 2600 3301 τοὺς
2625 3236 2856 3302 οἰκείους
2870 3235 3068 3301 τόπους
3083 3236 3451 3310 παραθέμενοι
3479 3235 3705 3307 διεσαφή
3714 3253 3812 3289 σαο

540 3333 680 3388 ursi
704 3336 834 3390 vos?
863 3330 1108 3400 Quorum
1132 3333 1296 3389 etiam
1335 3343 1569 3391 mentem
1603 3349 1702 3406 pro
1730 3335 1928 3390 collata
1966 3335 2123 3392 nobis

2227 3346 2347 3400 μεν.
2390 3329 2481 3383 Ἐν
2520 3329 2576 3384 δὲ
2604 3328 2683 3399 τῷ
2716 3328 2797 3396 ξα⁹
2829 3329 2989 3384 πάλιν
3029 3330 3058 3382 6
3095 3329 3256 3392 αὐτὸς
3289 3327 3464 3398 λέγων
3506 3327 3598 3380 τὸν
3645 3328 3812 3382 αὑτὸν

544 3424 721 3496 gratia
744 3426 1118 3498 exposuimus.
1142 3425 1556 3498 Consequenter
1584 3427 1769 3497 Asaph
1795 3427 1971 3483 eidem
2005 3429 2123 3483 viro

2225 3419 2528 3474 ἐδίδασκενο
2580 3419 2726 3489 Οὐχί
2762 3417 2842 3485 τῷ
2883 3417 3004 3484 Θεῷ
3068 3417 3506 3490 ὑποταγήσεται
3552 3417 3590 3484 ’ἡ
3635 3416 3808 3486 ψυχή

545 3519 650 3573 hoc
685 3519 740 3574 in
769 3519 981 3589 psalmo
1008 3517 1360 3590 disciplinam
1391 3517 1582 3583 tradit,
1611 3526 1671 3574 ut
1703 3519 1758 3574 in
1805 3520 2123 3575 tentationi-

2223 3528 2338 3580 μου
2349 3527 2370 3577 ;
2403 3511 2537 3582 παρ’
2566 3511 2752 3566 αὑτοῦ
2801 3509 2912 3582 γὰρ
2941 3510 3009 3565 τὸ
3043 3509 3339 3579 σωτήριόν
3375 3528 3515 3581 μου.
3544 3511 3654 3565 Καὶ
3695 3511 3812 3581 γὰρ

545 1583 762 1648 tulisse.
797 1599 972 1656 eaque
1003 1585 1071 1642 de
1104 1601 1165 1643 re
1216 1595 1332 1642 tum
1389 1587 1579 1644 Davidi
1625 1597 1740 1644 tum
1795 1591 1898 1662 ipsi
1943 1593 2127 1664 Asaph

544 1957 740 2002 mentes
765 1949 1076 2018 psaiterium
1107 1960 1156 2006 et
1191 1953 1473 2008 citharam.
1495 1954 1636 2010 Dicit
1658 1965 1834 2012 autem
1856 1959 2082 2015 Domino
2101 1978 2122 2017 :

543 2037 778 2094 Abscede
800 2057 832 2094 a
856 2057 936 2095 me
954 2057 974 2095 ε
993 2042 1105 2097 vias
1141 2052 1261 2098 tuas
1282 2047 1418 2100 seire
1441 2047 1562 2102 nolo
1579 2047 1645 2104 7".
1675 2047 1803 2106 Haec
1835 2057 1896 2105 ut
1925 2052 2125 2108 verisi-

541 2131 671 2186 mile
697 2140 783 2188 est
814 2137 872 2187 et.
902 2132 1102 2189 similia
1132 2137 1397 2205 querenti
1443 2135 1704 2207 ldithum,
1730 2141 1894 2198 modo
1927 2142 2120 2211 David,

541 2223 708 2278 modo
772 2223 978 2296 Asaph,
1013 2228 1170 2298 quasi
1211 2229 1460 2301 magistri
1508 2240 1562 2288 et
1626 2233 1847 2299 medici,
1887 2234 1956 2290 ad
1999 2251 2121 2292 eam

542 2315 648 2387 ipsi
687 2315 1004 2371 elevandam
1037 2317 1375 2389 Opinionem,
1425 2321 1690 2379 doctrina:
1719 2325 1884 2382 verba
1936 2326 2122 2382 trade-

539 2405 690 2464 bant.
721 2407 1066 2481 Quapropter
1109 2411 1166 2466 in
1194 2428 1405 2468 xxxvm
1437 2430 1562 2470 cum
1615 2415 1686 2472 ad
1725 2417 1856 2472 talia
1890 2417 2121 2474 dicenda

543 2498 868 2556 instituebat
899 2519 913 2556 :
950 2499 1079 2556 Dixi
1109 2517 1127 2556 :
1168 2501 1484 2558 Custodiam
1537 2505 1650 2560 uias
1689 2523 1854 2569 meas.
1905 2516 1963 2561 ut
2017 2525 2121 2562 non

540 2587 845 2662 delinquant
869 2591 923 2645 in
957 2593 1141 2664 lingua
1173 2609 1310 2649 mea.
1340 2591 1519 2649 Posui-
1543 2597 1630 2650 ori
1663 2613 1778 2651 meo
1801 2597 2120 2665 custodiam,

542 2698 664 2736 sum
693 2685 1002 2741 consisteret
1046 2695 1292 2756 peccator
1331 2685 1611 2743 adversum
1639 2707 1720 2744 me
1749 2707 1768 2744 :
1797 2691 2037 2746 obmutui
2071 2700 2124 2746 et

541 2775 854 2832 humiliatus
887 2795 1004 2833 sum
1053 2787 1102 2833 et
1144 2779 1292 2844 silui,
1321 2789 1374 2836 et
1405 2788 1626 2849 caetera,
1657 2797 1778 2853 quae
1819 2783 1935 2839 suis
1985 2783 2122 2842 locis

543 3612 650 3669 bus
675 3611 908 3682 hujusce
933 3611 1080 3678 vitae,
1120 3618 1285 3681 atque
1320 3610 1377 3666 in
1403 3611 1472 3668 iis
1500 3626 1623 3682 qua
1649 3612 1768 3683 ipse
1791 3627 1856 3667 ex
1884 3612 2126 3683 prophe-

543 3696 636 3754 tiis
681 3696 780 3753 abs
809 3711 869 3752 se
914 3695 1215 3752 enuntiatis
1245 3695 1314 3752 de
1341 3695 1634 3767 impiorum
1682 3695 1915 3761 insultu,
1947 3697 2124 3768 deque

543 3773 732 3860 populi
773 3785 870 3844 Dei
911 3785 1215 3858 abjectione
1263 3787 1433 3858 probe
1459 3794 1708 3854 noverat,
1742 3803 1851 3844 non
1882 3789 2126 3846 turbare-

542 3886 682 3947 tur,
712 3879 810 3937 sed
841 3879 897 3936 in
932 3879 1248 3951 hujusmodi
1292 3879 1562 3952 angustiis
1601 3879 1671 3936 ad
1697 3879 1890 3949 Deum,
1923 3896 2022 3940 ceu
2055 3883 2124 3939 ad

543 3973 841 4030 salutarem
872 3981 1093 4046 portum
1147 3971 1490 4045 confugeret,
1549 3975 1840 4045 ipsumque
1869 3975 2125 4045 precibus

544 4065 738 4124 sedulo
785 4065 1162 4137 compellaret,
1204 4074 1261 4124 et
1285 4080 1350 4122 ea
1380 4065 1616 4133 diceret,
1648 4081 1772 4138 qua:
1810 4067 1935 4137 ipsi,
1964 4065 2124 4138 quasi

542 4159 806 4230 magister
835 4158 892 4214 in
925 4159 1178 4230 praesenti
1227 4159 1440 4230 psalmo
1465 4157 1747 4216 oll‘erebat.
1779 4157 1898 4226 Qua
1932 4173 2126 4214 susce-

541 4260 637 4320 pta
659 4250 750 4306 ille
779 4249 1094 4320 disciplina,
1129 4248 1329 4305 animae
1357 4265 1472 4306 suae
1497 4249 1641 4308 hanc
1675 4250 1944 4306 medelam
1974 4249 2134 4305 adhio

540 4338 732 4404 bebat,
759 4339 828 4394 ad
853 4340 1108 4397 solatium
1129 4355 1288 4396 suum
1318 4339 1407 4396 his
1437 4356 1570 4396 usus
1593 4339 1778 4396 verbis
1804 4359 1818 4395 :
1855 4338 1989 4395 Voce
2010 4357 2126 4394 mea

543 4430 620 4485 ad
641 4430 928 4486 Dominum
950 4432 1198 4495 clamavi,
1232 4447 1354 4486 voce
1390 4449 1508 4486 mea
1540 4430 1609 4486 ad
1643 4430 1836 4497 Deum,
1857 4440 1907 4486 et
1948 4432 2122 4486 inten-

2223 3604 2407 3672 αὐτὸς
2431 3607 2576 3673 Θεός
2598 3623 2717 3676 μου
2745 3604 2842 3659 καὶ
2873 3603 3076 3674 Σωτήρ
3095 3622 3237 3674 μου,
3265 3603 3643 3674 ἆντιλήπτωρ
3663 3621 3806 3673 μου,

2224 3698 2296 3752 οὺ
2322 3696 2408 3767 μὴ
2436 3695 2715 3753 σαλευθῶ
2741 3697 3073 3752 ἐπιπλεῖον.
3106 3697 3261 3764 Ἕως
3293 3697 3438 3751 πότε
3465 3696 3810 3754 ἐπιτίθεσθε

2224 3787 2318 3842 ἐπ’
2341 3786 2675 3857 ἄνθρωπον,
2703 3789 2991 3858 φονεύετε
3026 3787 3251 3854 πάντες
3275 3787 3478 3858 ὑμεῖς;
3498 3788 3609 3842 Καὶ
3632 3787 3807 3841 ταῦτα

2225 3879 2284 3934 δὲ
2311 3881 2493 3934 ὁποῖον
2525 3879 2634 3951 ἔχει
2665 3880 2794 3935 νοῦν
2834 3880 2975 3936 κατά
3015 3880 3115 3951 τὴν
3143 3880 3388 3934 δοθείσαν
3421 3880 3580 3952 χάριν
3627 3881 3808 3952 ἡρμήο

2224 3990 2428 4028 νευται.
2473 3967 2568 4036 Οἷς
2617 3973 2923 4038 ἀκολούθως
2969 3972 3064 4027 καὶ
3105 3975 3134 4027 6
3175 3972 3346 4042 Ἀσάφ
3396 3971 3486 4024 διὰ
3529 3971 3638 4024 τῶν
3668 3971 3810 4042 μετὰ

2225 4067 2413 4138 χεῖρας
2435 4063 2512 4136 τῷ
2556 4063 2703 4136 αὐτῷ
2741 4065 2898 4138 ἀνδρὶ⁸
2942 4063 3283 4136 παραδίδωσι
3317 4061 3664 4118 διδασκαλίαν
3706 4061 3804 4115 τοῦ

2228 4157 2302 4230 μὴ
2327 4156 2686 4227 ταράττεσθαι
2715 4157 2772 4209 ὲν
2813 4159 2928 4220 τοῖς
2958 4155 3054 4210 τοῦ
3085 4155 3200 4227 βίου
3249 4155 3640 4227 πετρατηρίοις,
3668 4151 3804 4224 μηδὲ

2221 4252 2281 4304 ὲν
2309 4243 2391 4314 οἷς
2437 4247 2576 4319 ἔγνω
2621 4250 2687 4302 ὲκ
2725 4248 2832 4302 τῶν
2889 4248 3195 4321 ἔμπροσθεν
3244 4247 3416 4303 αὑτοῦ
3459 4247 3812 4320 προφητειῶν

2222 4341 2352 4414 περὶ
2379 4342 2478 4413 τῆς
2505 4340 2612 4394 τῶν
2643 4341 2854 4396 ἀσεϐῶν
2880 4342 3321 4406 ἐπαναστάσεως,
3346 4341 3445 4412 τῆς
3469 4358 3528 4395 τε
3553 4339 3649 4394 τοῦ
3673 4339 3806 4394 λαοῦ

2222 4435 2317 4486 τοῦ
2342 4432 2476 4487 Θεοῦ
2500 4432 2900 4498 ταπεινώσεως·
2929 4435 3294 4505 καταφεύγειν
3316 4433 3372 4487 δὲ
3396 4433 3472 4498 ὡς
3496 4433 3588 4486 ἐπὶ
3611 4431 3808 4504 λιμένα

542 4519 624 4574 dit
660 4519 808 4575 mihi.
848 4520 946 4584 Eo,
978 4521 1176 4592 inquit,
1201 4519 1364 4578 modo
1394 4537 1482 4576 me
1507 4521 1813 4591 composui,
1842 4534 1895 4576 ut
1923 4520 2122 4593 dignus

2227 4526 2491 4597 σωτήριον
2519 4525 2578 4581 ὲν
2607 4527 2726 4591 ταῖς
2763 4527 2998 4582 τοιαῖσδε
3042 4526 3372 4600 ἀμηχανίαις
3400 4525 3485 4578 ἐπ’
3521 4525 3683 4580 αὑτὸν
3715 4523 3812 4581 τὸν

543 4611 844 4668 attentione
875 4611 970 4667 Dei
1001 4628 1200 4677 essem,
1226 4627 1398 4685 quare
1424 4610 1648 4666 intendit
1679 4610 1828 4666 mihi.
1851 4609 2122 4682 Talcsque

539 4718 714 4760 voces
737 4711 792 4760 et
823 4704 1096 4761 clamores
1122 4704 1304 4770 emisi,
1336 4705 1430 4776 qui
1473 4704 1623 4776 digni
1674 4703 1864 4759 auditu
1909 4702 2004 4759 Dei
2031 4719 2117 4760 es-

541 4803 687 4854 sent.
721 4796 1090 4864 Quamobrem
1112 4797 1415 4854 secundum
1445 4795 1837 4869 Symmachum
1867 4795 2070 4851 dicitur
2102 4815 2118 4852 :

549 4888 686 4944 Voce
723 4905 840 4944 mea
869 4889 939 4943 ad
977 4888 1170 4956 Deum,
1203 4899 1254 4944 et
1279 4890 1546 4945 clamante
1578 4905 1660 4944 me
1693 4889 1763 4943 ad
1803 4887 1996 4954 Deum,
2017 4905 2120 4944 au-

536 4999 623 5040 res
652 5001 779 5040 suas
805 4981 1050 5054 prcbuit.
1074 4981 1172 5040 His
1204 4982 1506 5039 docebatur
1541 4981 1777 5037 ldithum
1814 4996 1882 5036 ne
1903 4988 2123 5052 putaret

537 5071 711 5129 Deum
751 5075 942 5146 procul
975 5089 1097 5131 esse
1146 5073 1516 5130 clamantibus
1568 5073 1638 5128 ad
1689 5089 1768 5130 se.
1809 5071 1943 5127 Nam
1976 5073 2022 5128 si
2052 5073 2120 5129 ad

2227 4615 2380 4682 Θεὸν,
2417 4619 2534 4680 ταῖς
2563 4634 2625 4670 τε
2655 4617 2791 4689 πρὸς
2824 4618 2986 4674 αὐτὸν
3033 4618 3334 4691 ἱκετηρίαις
3378 4618 3678 4690 σχολάζειν,
3712 4620 3806 4673 καὶ

2227 4708 2401 4764 ταῦτα
2441 4709 2644 4779 λέγειν,
2677 4711 2820 4782 ἅπερ
2853 4709 3004 4782 αὐτῷ
3043 4710 3132 4764 διὰ
3156 4709 3251 4764 τοῦ
3291 4710 3651 4782 προκειμένου
3679 4709 3810 4781 ψαλο

2231 4799 2358 4872 μοῦ,
2392 4795 2480 4855 οἷα
2525 4801 2865 4865 διδάσκαλος,
2900 4801 3206 4874 παρεδίδου.
3244 4801 3356 4855 Καὶ
3390 4801 3524 4872 δῆτα
3557 4801 3806 4873 παραλα-

2229 4891 2340 4947 ϐὼν
2358 4893 2419 4947 τὸ
2449 4893 2677 4965 μάθημα
2705 4893 2884 4958 τοῦτο,
2916 4893 3014 4965 τὴν
3057 4892 3252 4946 ἑαυτοῦ
3283 4892 3460 4964 ψυχὴν
3483 4892 3803 4965 ἐθεράπευε,

2225 4985 2544 5057 κατεπᾴδων
2569 4984 2730 5049 αὐτὸς
2759 4983 2937 5056 ἑαυτῷ
2962 4985 3056 5038 καὶ
3084 4984 3256 5052 λέγων
3275 5001 3292 5017 ο
3317 4983 3491 5053 Φωνῇ
3513 5001 3631 5054 μου
3658 4985 3810 5054 πρὸς

2229 5076 2445 5146 Κύριον
2487 5075 2800 5147 ἐκέκραξα,
2834 5075 3005 5145 φωνῇ
3034 5094 3154 5146 μου
3190 5076 3339 5146 πρὸς
3371 5075 3476 5130 τὸν
3501 5076 3669 5140 Θεὸν,
3709 5075 3806 5130 καί

539 5165 774 5237 primam
831 5182 1022 5223 vocem
1076 5166 1195 5238 ipse
1234 5167 1530 5240 propitium
1565 5167 1670 5223 sibi
1709 5165 1879 5223 Deum
1914 5166 2120 5222 factum

2229 5169 2538 5241 προσέσχε
2558 5188 2680 5240 μοι.
2706 5169 2959 5224 Τοιοῦτον
2987 5170 3117 5242 γὰρ,
3155 5171 3340 5240 φησιν,
3399 5168 3636 5240 ἐμαυτὸν
3675 5186 3789 5239 παρ

537 5272 662 5314 esse
709 5260 966 5324 senserit,
995 5260 1112 5330 ipsa
1167 5275 1229 5316 re
1271 5259 1574 5316 docebatur
1620 5258 1867 5314 divinum
1917 5275 2123 5315 numen

2226 5259 2542 5327 εσκεύαςον,
2573 5262 2650 5326 ὼς
2669 5261 2816 5327 ἄξιον
2842 5255 2978 5316 εἶναι
2999 5262 3098 5334 τῆς
3120 5261 3394 5334 προσοχῆς
3415 5261 3509 5318 τοῦ
3538 5259 3696 5316 Θεοῦο
3727 5261 3804 5315 διὸ

540 5349 743 5420 ubique
771 5350 984 5420 adesse,
1007 5361 1062 5407 et
1094 5349 1456 5408 Providentiae
1480 5351 1682 5408 oculos
1702 5351 1883 5424 dignis
1907 5367 2123 5422 semper

2228 5351 2533 5423 προσέσχε
2563 5370 2693 5423 μοι’
2731 5354 2826 5408 καὶ
2866 5353 3119 5418 τοιαύτας
3165 5371 3226 5407 τε
3260 5353 3442 5424 ἠφίειν
3479 5352 3663 5424 φωνὰς
3714 5353 3806 5406 κα)

537 5439 876 5510 prospicere.
1229 5487 1233 5490 .

2231 5443 2378 5515 βοὰς,
2412 5445 2489 5509 ὡς
2515 5444 2670 5511 ἀξίας
2703 5443 2842 5502 εἶναι
2870 5447 3041 5513 αὐτὰς
3066 5447 3168 5518 τῆς
3195 5445 3292 5500 τοῦ
3324 5445 3460 5500 Θεοῦ
3495 5446 3684 5516 ἀκοῆς.
3717 5444 3808 5499 Διὸ

542 5535 686 5590 κατά
713 5535 804 5589 τὸν
847 5535 1143 5608 Σύμμαχον
1187 5536 1427 5610 εἴρηται⁸
1459 5536 1632 5607 Φωνῇ
1676 5555 1798 5608 μου
1828 5537 1976 5608 πρὸς
2020 5539 2128 5592 τὸν
2166 5538 2336 5602 Θεὸν,
2363 5539 2829 5610 καίβοήσαντός
2847 5559 2963 5612 μου
2989 5541 3139 5612 πρὸς
3177 5541 3284 5595 τὸν
3311 5539 3481 5606 Θεὸν,
3533 5538 3804 5610 παρέσχε

537 5630 648 5695 τὰς
669 5628 856 5692 ακοὰρ
882 5627 1091 5684 αὐτοῦ.
1124 5627 1222 5683 Διά
1249 5628 1451 5684 τούτων
1481 5627 1589 5703 γὰρ
1614 5629 1921 5685 ὲδιδάισκετο
1951 5633 1979 5685 ὀ
2012 5629 2246 5703 Ἰδιθοὺμ
2305 5630 2389 5705 μὴ
2432 5631 2670 5705 νομίζειν
2691 5634 2882 5709 πόρρω
2917 5653 3019 5690 που
3045 5633 3346 5706 ἀφεστάναι
3389 5632 3482 5688 τὸν
3531 5631 3666 5688 Θεὸν
3691 5631 3798 5685 τῶν

622 5809 667 5886 δ
707 5809 802 5868 iob
833 5827 958 5872 ut,
993 5810 1156 5865 ἴση,
