4078 6934
287 284 395 345 889

1420 278 1927 342 COMMENTARIA
1957 278 2022 336 IN
2062 279 2408 340 PSALMOS.

3433 286 3553 344 890

287 392 674 467 ἐπιϐοωμινων
702 392 885 450 αὐτόν.
918 394 981 449 Εί
1008 393 1115 469 γὰρ
1168 396 1285 467 ἅμα
1344 393 1424 466 τῷ
1456 395 1556 466 τήν
1601 392 1785 468 φωνὴν
1809 394 2135 468 ἀναπέμψαι
2158 396 2356 467 ᾔσθετο
2398 396 2636 468 ἐπηκόου
2686 396 2866 452 αύτοῦ
2886 398 3181 471 γενομένου
3216 397 3313 453 τοῦ
3383 398 3554 480 Θεοῦν

288 490 469 552 αὐτοῖς
491 486 673 559 ἔργοις
699 484 1003 540 ἐδιδάσκετο
1042 485 1318 560 πανταχοῦ
1348 487 1603 557 παρεῖναι
1620 484 1684 539 τὸ
1739 485 1919 553 Θείον,
1954 488 2051 544 καὶ
2107 487 2233 552 τοὺς
2281 487 2380 560 τῆς
2448 488 2712 560 Προνοίας
2766 489 3078 562 ὀφθαλμοὺς
3144 492 3347 562 ὲφορᾷν
3414 491 3546 557 τοὺς

287 578 490 648 ἀξίους.

291 789 441 844 Θεὸν
470 786 798 855 ὲξεζήτησα
827 787 955 854 ταῖς
985 788 1158 856 χερσί
1186 806 1307 858 μου
1332 788 1555 853 νυκτὸς
1590 787 1871 842 ἐναντίον

289 878 498 944 αὑτοῦ,
531 877 629 932 καὶ
676 879 751 932 οὐ
794 876 881 946 μὴ
930 877 1267 947 ἠπατήθην.
1296 879 1408 933 Καὶ
1434 879 1515 933 ὅτι
1548 878 1647 950 μὲν
1679 878 1872 933 πολλαὶ

291 973 349 1027 αἱ
396 971 605 1042 θλίψεις
648 969 757 1025 τῶν
805 969 1029 1025 δικαίων
1079 970 1307 1043 (ἐπειδὴ
1352 971 1684 1043 άπείραστος
1730 972 1873 1044 ἀνὴρ

291 1063 593 1135 ἀδόκιμος),
612 1061 881 1126 παντοίως
903 1063 1242 1118 διδάσκουσιν
1274 1066 1322 1118 οί
1346 1063 1478 1118 θεῖοι
1503 1064 1683 1133 λόγοι·
1711 1064 1786 1129 ὡς
1815 1064 1873 1119 δὲ

279 1156 599 1227 οθλιόόμενοι
642 1155 924 1228 κρείττους
965 1155 1173 1211 ἑαυτῶν
1199 1155 1496 1226 ἐγίγνοντο,
1519 1155 1747 1228 δοκιμὴν
1772 1156 1873 1228 τῆς

291 1247 501 1303 ἑαυτῶν
523 1247 854 1320 παρέχοντες
879 1248 1177 1320 ὑπομονῆς,
1206 1249 1267 1303 οὐ
1292 1250 1400 1322 μὴν
1426 1251 1779 1323 συγχεόμενοι
1798 1250 1875 1313 ὡς

292 1340 560 1412 είλιγγιᾷν
590 1340 682 1394 καὶ
704 1338 1075 1412 θορυϐεῖσθαι,
1103 1340 1343 1396 διδάσκει
1368 1342 1397 1395 ό
1418 1341 1611 1409 εἰπὼν,
1628 1343 1724 1396 Ἐν
1749 1343 1877 1397 θλι-

290 1435 393 1500 ψει
426 1430 773 1498 ἐπλάτυνάς
806 1448 903 1502 με,
937 1432 1033 1486 καὶ
1071 1435 1101 1487 ὁ
1140 1432 1283 1497 θεῖος
1316 1434 1637 1498 ’Δπόστολος
1663 1433 1839 1504 λέγων
1855 1450 1870 1464 ⁶

293 1523 660 1593 Θλιόόμενοι,
691 1523 831 1577 ἀλλ’
865 1525 937 1578 οὐ
965 1526 1511 1595 στενοχωρούμενοι
1530 1543 1546 1557 ·
1580 1527 1875 1580 καταϐαλ-

290 1615 554 1684 λόμενοι.
577 1615 716 1669 ἀλλ’
731 1617 844 1670 οὐκ
867 1615 1278 1687 ἀπολλύμενοι
1295 1635 1309 1649 ’
1338 1618 1708 1690 διωκόμενοι,
1735 1617 1873 1673 ἀλλ’

291 1703 406 1757 οὐκ
430 1706 1012 1773 ἐγκαταλειπόμενοι.
1053 1705 1240 1772 οὕτως
1266 1702 1360 1762 οὖν
1385 1710 1480 1762 καὶ
1510 1708 1748 1763 ἐνταῦθά
1769 1726 1877 1781 φη-

293 1809 382 1849 σιν
402 1808 417 1824 ο
452 1796 555 1849 Ἕν
582 1795 773 1865 ἡμέρᾳ
793 1796 1055 1865 θλίψεώς
1076 1816 1195 1869 μου
1221 1799 1330 1854 τὸν
1353 1800 1504 1855 Θεὸν
1526 1800 1875 1869 ἐξεζήτησαν

292 1887 356 1942 οὐ
380 1886 491 1957 γὰρ
519 1887 826 1941 ἀπέϐλεπον
866 1888 963 1942 ἐπὶ
997 1891 1124 1954 τοὺς
1159 1889 1460 1956 θλίϐοντας,
1492 1892 1603 1946 οὐδ’
1634 1893 1725 1946 ἐπὶ
1751 1896 1877 1959 τοὺς

293 1979 688 2052 ἐπαιρομένους
705 1995 720 2009 ’
753 1982 1096 2053 ἐπιστρέφων
1122 1982 1180 2036 δὲ
1208 1983 1448 2054 ἐμαυτοῦ
1476 1981 1538 2038 τὸ
1568 1985 1668 2057 τῆς
1698 1985 1876 2058 ψυχῆς

294 2072 452 2143 δμμα
500 2072 637 2143 πρὸς
677 2071 769 2127 τὸν
815 2072 948 2126 Θεδν
994 2074 1116 2128 κατ’
1147 2074 1311 2129 αὑτὸν
1339 2075 1430 2129 τὸν
1459 2074 1571 2144 τῆς
1613 2078 1877 2147 θλίψεως

296 2164 510 2237 καιρὸν,
528 2164 689 2218 αὑτὸν
715 2162 1018 2236 ἐξεξήτουν.
1037 2165 1294 2237 Ἐζήτουν
1322 2166 1380 2219 δὲ
1411 2167 1573 2221 αὑτὸν
1598 2170 1718 2231 ταῖς
1752 2184 1879 2239 χερ-

300 2258 355 2312 σί
384 2276 506 2330 μου,
533 2257 909 2330 δεδιδαγμένος
933 2258 1180 2330 ἐπαίρειν
1204 2259 1386 2323 ὁσίους
1410 2263 1599 2332 χεῖρας
1623 2260 1766 2315 κατὰ
1782 2262 1878 2316 τὸν

299 2351 577 2422 φάσκοντα
595 2350 750 2419 λόγον
765 2368 779 2382 ·
800 2352 1100 2421 Βούλομαι
1122 2350 1192 2405 δὲ
1212 2350 1355 2418 τοὺς
1380 2351 1603 2421 ἄνδρας
1624 2354 1879 2422 προσεύ-

298 2445 510 2512 χεσθαι
533 2483 548 2508 ,
600 2442 960 2511 ἐπαίροντας
1012 2443 1225 2510 ὁσίους
1280 2442 1505 2513 χεῖρας.
1567 2445 1678 2498 Καὶ
1730 2444 1878 2499 τοῦτ’

300 2533 569 2605 ἔπραττον
598 2534 662 2586 οὑ
686 2533 757 2587 δι’
787 2533 1003 2605 ἡμέρας
1037 2533 1217 2605 μόνον,
1255 2534 1393 2588 ἀλλὰ
1421 2534 1518 2590 καὶ
1544 2536 1634 2590 διὰ
1660 2537 1876 2606 νυκτὸς,

298 2624 400 2689 τὰς
425 2625 612 2698 χεῖράς
646 2642 748 2698 μου
777 2626 1022 2700 ἐπαίρων
1051 2627 1291 2683 ἐναντίον
1329 2626 1518 2693 αὑτοῦ,
1549 2628 1644 2683 καὶ
1671 2627 1760 2683 διὰ
1781 2630 1881 2702 τῆς

299 2718 629 2790 προσευχῆς,
662 2717 757 2772 καὶ
784 2716 871 2771 διὰ
893 2718 1004 2772 τῶν
1033 2718 1171 2789 πρὸς
1199 2716 1359 2772 αὐτὸν
1386 2719 1577 2790 φωνῶν
1606 2720 1880 2791 ἐπιζητῶν

298 2810 482 2865 αὐτόν.
511 2809 624 2874 Διὸ,
650 2808 825 2864 ταῦτα
869 2810 1146 2882 πράττων,
1180 2812 1303 2865 Οὐκ
1340 2810 1693 2880 ήπατήθηνο
1734 2810 1882 2884 εὑρί-

301 2919 463 2957 σκετο
493 2902 601 2974 γάρ
653 2920 743 2975 μοι
782 2902 1144 2973 ζητούμενοςο
1180 2903 1260 2958 διὸ
1283 2902 1593 2974 προσέσχε
1625 2921 1750 2975 μοι,
1785 2905 1881 2960 καὶ

298 2993 399 3059 τὰς
428 2992 623 3047 ἑαυτοῦ
648 2992 818 3058 ἀκοὰς
859 2994 984 3065 ἐμοὶ
1016 2994 1304 3068 παρέσχεν.
1327 2995 1471 3050 Ἀντί
1501 2995 1559 3049 δὲ
1595 2996 1712 3061 τοῦ,
1748 2997 1881 3064 Ταῖς

300 3088 474 3157 χερσί
496 3104 616 3158 μου
638 3087 863 3154 νυκτὸς
888 3088 1167 3144 ἐναντίον
1197 3089 1405 3155 αὐτοῦ,
1440 3088 1540 3144 καί
1585 3092 1697 3145 οὐκ
1723 3091 1879 3160 ἠπα-

301 3179 512 3248 τήθην,
540 3181 569 3233 ό
597 3180 895 3251 Σύμμαχος
931 3178 1118 3235 τοῦτον
1149 3181 1464 3253 ἡρμήνευσε
1506 3182 1598 3239 τὸν
1639 3183 1840 3253 τρόπον
1860 3200 1877 3216 ο

311 3269 375 3325 Ἠ
402 3269 531 3339 χείρ
571 3285 691 3338 μου
740 3268 964 3337 νυκτὸς
999 3268 1274 3325 ἐκτέτατο
1306 3269 1615 3341 διηνεκῶς.
1663 3271 1880 3343 Ταύτην

371 693 535 749 Ἀλλὰ
589 695 683 749 καὶ
732 694 804 749 ἐν
857 694 1044 765 ἡμέρᾳ
1098 694 1362 766 θλίψεὼς
1405 713 1548 766 μου,
1577 695 1731 768 φησὶ,
1766 694 1874 750 τὸν
1902 698 1948 756 Δ

2046 690 2211 748 Vens.
2246 692 2301 749 3.
2344 691 2450 748 Sed
2478 693 2640 747 etiam
2670 692 2725 747 in
2763 692 2849 747 die
2876 692 3238 749 tribulationis
3276 713 3425 764 mem,
3460 699 3549 756 in-

1970 783 2112 856 quit,
2137 783 2304 839 Deum
2328 785 2585 854 exquisivi
2608 784 2853 839 manibus
2877 786 3004 840 meis
3028 796 3177 841 nocte
3199 799 3385 844 contra
3404 808 3547 861 eum,

1968 884 2021 930 et
2057 892 2162 930 non
2212 892 2330 931 sum
2368 875 2633 946 deceptus.
2668 876 2825 943 Quod
2860 878 3047 934 multa:
3094 879 3208 935 sint
3250 883 3547 953 proborum

1970 968 2310 1025 calamitates
2342 968 2489 1038 (nam
2537 970 2622 1024 vir
2670 984 2781 1024 non
2830 978 3073 1028 tentatus
3108 972 3371 1045 inglorius
3419 976 3547 1049 est),

1971 1060 2287 1117 omnimodo
2326 1060 2524 1117 docent
2561 1060 2760 1117 divinae
2802 1060 3104 1135 Scriptura:
3134 1083 3148 1119 :
3176 1066 3323 1135 quod
3363 1077 3551 1125 autem

1972 1151 2028 1207 in
2048 1153 2314 1210 aerumnis
2332 1153 2594 1225 degentes
2617 1154 2723 1210 sibi
2748 1155 2884 1225 ipsis
2909 1157 3222 1227 superiores
3250 1161 3547 1225 evaserint,

1971 1245 2513 1318 experimentumque
2540 1247 2815 1317 patientia:
2836 1264 2950 1304 suae
2980 1248 3255 1316 dederint,
3291 1267 3402 1306 non
3425 1267 3551 1307 con-

1973 1336 2083 1393 fusi
2111 1337 2185 1391 ita
2217 1344 2279 1393 ut
2308 1337 2579 1408 vertigine
2611 1339 2925 1395 laborarent
2955 1349 3009 1396 et
3054 1343 3429 1410 turbarentur,
3475 1346 3554 1400 ita

1973 1428 2132 1485 docet
2160 1429 2273 1493 ille,
2316 1427 2386 1484 In
2419 1428 2763 1485 tribulatione
2789 1431 3039 1487 dilatasti
3069 1434 3197 1489 mihi
3217 1435 3296 1504 ἐς
3331 1435 3556 1493 divinus

1974 1519 2101 1577 item
2134 1521 2430 1593 Apostolus
2461 1522 2576 1577 haec
2612 1523 2799 1589 tradit,
2837 1524 3254 1581 Tribulationem
3292 1529 3549 1597 patimur,

1973 1613 2065 1668 sed
2104 1629 2208 1667 non
2236 1615 2643 1684 angustiamur;
2683 1613 2988 1685 dejicimur,
3020 1617 3112 1671 sed
3146 1634 3249 1672 non
3280 1620 3551 1687 perimus;

1973 1706 2385 1776 persecutionem
2435 1708 2702 1777 patimur,
2750 1706 2843 1763 sed
2887 1726 2994 1765 non
3042 1708 3554 1783 derelinquimur".

1977 1794 2068 1851 Sic
2099 1797 2268 1868 igitur
2293 1797 2386 1853 hic
2429 1798 2541 1853 ait:
2573 1798 2639 1853 In
2675 1797 2760 1854 die
2813 1799 3170 1855 tribulationis
3216 1819 3346 1857 mea:
3383 1802 3552 1858 Deum

1973 1890 2252 1960 exquisivi.
2312 1888 2432 1945 Non
2476 1890 2621 1946 enim
2684 1891 2752 1946 ad
2793 1892 3201 1949 tribulationem
3228 1893 3552 1965 inferentes,

1977 1994 2087 2037 non
2116 1981 2184 2035 ad
2218 1981 2461 2036 tumidos
2498 1981 2624 2038 illos
2650 1982 3042 2053 respiciebam;
3076 1986 3169 2041 sed
3200 1988 3362 2043 oculo
3394 2004 3555 2044 men—

1976 2067 2050 2127 tis
2079 2087 2213 2129 mea:
2258 2073 2327 2127 ad
2360 2072 2531 2129 Deum
2583 2073 2942 2130 tribulationis
2988 2082 3231 2147 tempore
3261 2092 3555 2145 converso,

1976 2162 2158 2235 ipsum
2190 2166 2569 2237 exquirebam.
2611 2164 2866 2223 Manibus
2899 2182 3028 2224 vero
3065 2169 3205 2224 meis
3238 2172 3551 2241 quaerebam

1975 2270 2123 2319 eum,
2156 2256 2442 2313 institutus
2473 2257 2538 2313 ad
2571 2257 2830 2313 levandas
2875 2268 3098 2317 sanctas
3123 2275 3320 2317 manus
3354 2278 3556 2319 secun-

1977 2348 2108 2403 dum
2137 2349 2357 2404 ell‘atum
2388 2349 2521 2404 illud
2548 2370 2561 2406 :
2597 2348 2727 2405 Volo
2749 2362 2925 2406 autem
2953 2352 3091 2407 viros
3120 2369 3294 2421 orare,
3326 2352 3557 2411 levantes

1977 2450 2190 2497 sanctas
2231 2458 2420 2497 manus
2441 2443 2509 2498 ⁷⁷.
2535 2441 2705 2515 quue
2740 2456 2849 2498 non
2893 2442 2983 2501 die
3017 2444 3217 2509 solum,
3257 2446 3353 2502 sed
3388 2446 3559 2503 etiam

1977 2540 2140 2590 nocte
2181 2549 2378 2590 manus
2420 2548 2574 2591 meas
2624 2543 2818 2592 contra
2857 2550 2983 2592 eum
3017 2538 3328 2610 erigebam;
3381 2539 3454 2593 ita
3497 2549 3556 2594 ut

1978 2632 2088 2681 tam
2117 2628 2368 2684 oratione
2391 2644 2555 2699 quam
2596 2629 2827 2687 vocibus
2851 2630 3073 2687 emissis
3104 2630 3256 2687 illum
3300 2633 3559 2703 exquire-

1978 2733 2116 2775 rem.
2174 2718 2518 2792 Quapropter
2552 2721 2669 2777 bazc
2720 2737 2889 2793 agens
2941 2740 3047 2778 non
3095 2741 3212 2778 sum
3260 2725 3503 2794 deceptus
3536 2740 3557 2778 :

1979 2825 2107 2867 nam
2132 2811 2469 2884 perquisitus
2498 2812 2591 2868 ille
2621 2814 2876 2870 inventus
2909 2828 2938 2868 a
2968 2830 3056 2870 me
3081 2814 3203 2880 fuit,
3246 2826 3295 2870 et
3328 2816 3561 2870 intendit

1981 2904 2132 2971 mihi,
2163 2919 2433 2976 auresque
2468 2905 2600 2959 mihi
2631 2905 2881 2976 praebuit.
2914 2906 3023 2961 Pro
3058 2906 3151 2962 illo
3179 2914 3383 2973 autem,
3429 2906 3557 2961 Ha-

1980 2994 2135 3050 nibus
2164 2996 2293 3049 meis
2322 3008 2473 3050 nocte
2500 3005 2687 3049 contra
2723 3012 2864 3062 eum,
2906 3005 2957 3051 et
3005 3013 3109 3051 non
3142 3012 3259 3051 sum
3282 2998 3556 3067 deceptus,

1983 3085 2342 3158 Symmachus
2387 3087 2492 3142 hoc
2535 3088 2699 3143 modo
2746 3088 3138 3160 interpretatus
3188 3097 3307 3158 est,
3360 3088 3554 3145 Manus

1980 3195 2097 3234 mea
2125 3187 2275 3233 nocte
2299 3187 2514 3234 extensa
2552 3189 2668 3234 erat
2705 3182 2939 3236 assidue.
2975 3180 3127 3237 Hanc
3160 3181 3346 3254 itaque
3382 3182 3557 3236 maxi-

1981 3288 2128 3328 mam
2160 3279 2215 3329 et
2237 3273 2411 3329 solam
2444 3280 2642 3329 nactus
2670 3287 2791 3329 sum
2827 3273 3283 3330 consolationem.
3315 3271 3423 3329 Seu
3448 3274 3558 3329 alio

303 3360 401 3432 μὲν
432 3356 527 3415 οὖν
554 3357 701 3432 εἶχον
729 3361 992 3434 μεγίστην
1023 3361 1117 3416 καὶ
1160 3362 1329 3434 μόνην
1373 3363 1882 3436 παραμυθίαν.Ἀλ-

1984 3364 2170 3431 modo,
2202 3365 2514 3421 aﬁlictionis
2545 3382 2679 3423 mea;
2702 3376 2945 3438 tempore
2980 3366 3254 3422 neminem
3282 3381 3347 3423 ex
3380 3366 3559 3422 homi-

299 3452 408 3518 λως
440 3452 517 3519 δὲ,
544 3453 756 3520 οὐδενὸς
779 3454 1078 3526 ἠνειχόμην
1117 3454 1449 3528 παρακαλεῖν
1493 3474 1560 3528 με
1598 3457 1693 3513 καὶ
1719 3457 1879 3530 θερα-

299 3544 491 3600 πεύειν
539 3545 815 3609 ἐθέλοντος
863 3545 1150 3617 ἀνθρώπου
1181 3547 1240 3599 ἐν
1266 3546 1344 3617 τῷ
1378 3548 1479 3619 τῆς
1509 3547 1741 3618 θλίψεὼς
1775 3566 1876 3620 μου

300 3636 495 3709 καιρῷ.
525 3636 619 3691 Διό
645 3637 886 3706 ἐπιλέγει
903 3655 918 3668 ’
961 3635 1332 3707 Ἆπηνήνατο
1357 3639 1810 3710 παρακληθῆναι
1835 3641 1876 3709 ἠ

298 3728 471 3798 ψυχή
500 3748 621 3800 μου
644 3746 661 3762 ’
701 3730 734 3802 ἢ
768 3730 909 3786 κατὰ
957 3729 1050 3785 τὸν
1092 3728 1409 3802 Σύμμαχον,
1441 3735 1564 3788 Οὐκ
1614 3733 1880 3790 ἐπείθετο

299 3822 759 3893 παρηγορεῖσθαι
802 3823 842 3891 η
880 3821 1054 3893 ψυχή
1082 3839 1202 3893 μου
1220 3838 1234 3852 ⁸
1266 3823 1384 3877 ἀλλ’
1417 3824 1728 3895 ἀνθρώποις
1782 3826 1881 3896 μέν

299 3914 401 3968 οὐκ
424 3914 742 3987 ἐπειθόμην,
773 3917 884 3981 τοῖς
912 3916 1087 3980 ἄλλως
1118 3933 1186 3988 με
1214 3918 1553 3989 παρηγορεῖν
1582 3917 1677 3972 καὶ
1701 3933 1880 3988 παρα-

301 4005 485 4060 καλεῖν
502 4022 518 4038 ο
559 3989 871 4076 ἐμνήσθην
912 4008 969 4061 δὲ
1017 4008 1126 4064 τοῦ
1173 4008 1321 4064 Θεοῦ
1359 4008 1457 4063 καί
1490 4008 1844 4078 ηὐφράνθην
1862 4024 1878 4043 ο

301 4097 547 4168 ἀπήρκει
573 4098 680 4169 γάρ
715 4116 805 4169 μοι
846 4100 881 4171 ή
917 4098 1011 4154 τοῦ
1037 4098 1173 4155 Θεοῦ
1217 4102 1406 4173 μνήμη
1446 4101 1582 4175 πρὸς
1621 4102 1883 4177 εὐφροσύ-

299 4205 434 4261 νην·
464 4188 601 4243 ἀλλὰ
630 4189 726 4244 καὶ
750 4190 1163 4262 ἠδολέσχησα,
1191 4194 1346 4265 φησὶ,
1377 4194 1475 4249 καὶ
1502 4194 1883 4265 ἀλλιγοψὺχη-

300 4296 418 4336 σα·
452 4280 569 4335 ἀνθ’
600 4276 660 4336 οὗ
699 4284 729 4335 ό
769 4281 1063 4353 Σύμμαχος
1089 4286 1422 4357 ἡρμήνευσε,
1459 4284 1787 4341 Διελάλουν
1811 4286 1884 4341 ἐν

299 4373 535 4445 ἐμαυτῷ
583 4374 679 4429 καὶ
721 4375 1305 4445 ἐλειποθύμουνῘΟτι
1341 4377 1457 4448 μὲν,
1485 4377 1638 4447 φησὶ,
1664 4375 1884 4449 ἐμαυτῷ

299 4466 597 4535 διελάλουν,
630 4467 1021 4540 ὲλειποθύμουν
1045 4483 1059 4498 ⁸
1106 4469 1200 4523 καὶ
1244 4470 1332 4524 ὅτε
1385 4469 1707 4541 ὴδολὲσχουν
1753 4470 1883 4541 παρ’

302 4557 546 4629 ἐμαυτῷ,
579 4557 884 4630 τηνικαῦτα
915 4557 1241 4630 ὠλιγοψύχει
1277 4559 1337 4614 τὸ
1368 4558 1585 4631 πνεῦμά
1615 4576 1717 4631 μου
1738 4574 1752 4589 ⁸
1791 4560 1883 4614 ὅτε

301 4648 357 4702 δὲ
383 4649 871 4722 ἀνεμιμνησκόμην
907 4650 1003 4706 τοῦ
1051 4649 1208 4715 Θεοῦ,
1243 4650 1581 4723 εὐφροσύνης
1617 4649 1885 4723 ἐπληρού-

1982 3456 2145 3513 nibus
2180 3455 2529 3513 admittebam
2561 3457 2654 3528 qui
2687 3457 2847 3514 vellet
2892 3472 2979 3514 me
3006 3456 3299 3520 consolari,
3346 3472 3409 3512 ac
3438 3472 3557 3514 me-

1978 3547 2095 3603 deri
2134 3546 2309 3602 dolori
2338 3562 2482 3603 meo.
2510 3546 2691 3614 Quare
2716 3548 2902 3604 subdit
2927 3566 2941 3603 :
2968 3578 3040 3588 —
3066 3546 3234 3605 Vens.
3264 3548 3321 3603 4.
3364 3547 3557 3604 Renuit

1977 3639 2247 3696 consolari
2269 3640 2451 3695 anima
2480 3641 2783 3706 mea;sive,
2812 3641 3112 3697 secundum
3142 3639 3553 3712 Symmachum,

1983 3730 2107 3787 Non
2149 3732 2566 3803 persuadebatur
2597 3733 3010 3788 consolationem
3054 3732 3330 3788 admittere
3373 3736 3559 3788 anima

1979 3840 2137 3889 mea;
2184 3824 2280 3881 sed
2317 3824 2633 3881 hominibus
2671 3824 2890 3896 quidem
2933 3824 3207 3880 consolari
3255 3831 3309 3879 et
3343 3824 3556 3879 hortari

1979 3916 2292 3974 volentibus
2327 3931 2440 3973 non
2482 3915 2960 3988 obtemperabam;
3006 3931 3196 3972 verum
3245 3932 3444 3970 memor
3476 3917 3560 3987 fui

1983 4010 2080 4066 Dei
2107 4020 2158 4066 et
2186 4010 2475 4065 delectatus
2522 4026 2639 4064 sum
2665 4024 2684 4063 :
2712 4023 2839 4064 nam
2879 4007 2973 4065 Dei
3006 4008 3269 4064 memoria
3320 4009 3387 4063 ad
3423 4009 3564 4064 laeti-

1980 4102 2113 4156 tiam
2158 4102 2292 4157 mihi
2345 4102 2480 4158 satis
2518 4108 2670 4169 erat;
2713 4099 2846 4171 quin
2878 4100 3039 4156 etiam
3084 4099 3180 4163 ait,
3235 4099 3566 4154 exercitatus.

1981 4210 2122 4259 sum,
2157 4204 2207 4248 et
2240 4192 2432 4263 defecit
2464 4193 2681 4261 spiritus
2721 4207 2901 4255 meus;
2927 4206 3025 4261 pro
3053 4206 3163 4261 quo
3193 4189 3561 4263 Symmachus

1984 4286 2376 4358 interpretatus
2404 4293 2511 4350 est,
2540 4284 2817 4357 Loquebar
2846 4285 2900 4338 in
2946 4284 3144 4353 meipso
3171 4292 3221 4337 et
3259 4283 3436 4337 animo
3465 4282 3557 4337 de-

1985 4379 2247 4451 ﬁciebam.
2307 4377 2614 4448 Quoniam,
2673 4379 2871 4452 inquit,
2932 4379 3196 4449 loquebar
3233 4378 3366 4433 mihi
3416 4378 3559 4453 ipsi,

1984 4469 2170 4524 animo
2217 4467 2537 4525 deﬁciebam
2564 4488 2578 4525 :
2608 4478 2661 4525 et
2698 4484 2823 4524 cum
2867 4471 3204 4525 exercitarer
3248 4469 3389 4540 apud
3437 4485 3557 4526 me-

1985 4561 2186 4631 ipsum,
2232 4568 2366 4617 tunc
2411 4560 2700 4617 deﬁciebat
2746 4560 2973 4632 spiritus
3010 4577 3201 4628 meus;
3250 4577 3375 4616 cum
3427 4575 3571 4618 vero

1986 4652 2082 4709 Dei
2128 4653 2471 4720 recordarer,
2508 4653 2693 4710 laetitia
2736 4644 3026 4725 replebar;
3080 4652 3176 4709 sed
3229 4654 3391 4709 etiam
3431 4670 3561 4710 cum

306 4759 414 4815 μην
431 4757 447 4774 ⁶
476 4742 613 4797 ἀλλὰ
637 4744 731 4799 καὶ
759 4743 937 4816 ζητῶν
966 4744 1128 4800 αὐτὸν
1149 4746 1273 4809 ταῖς
1317 4744 1471 4816 χερσί
1520 4762 1622 4816 μου
1671 4744 1882 4809 νυκτὸς,

1988 4759 2113 4799 eum
2143 4744 2396 4801 manibus
2422 4746 2559 4801 meis
2589 4751 2753 4801 noctu
2781 4739 3146 4816 eruirerem,
3190 4761 3298 4801 non
3330 4746 3561 4801 aberra-

301 4834 404 4888 οὑκ
434 4833 774 4907 ήπατώμην⁶
809 4836 1060 4911 εὕρισκον
1086 4837 1195 4907 γὰρ
1237 4837 1426 4909 ὥσπερ
1468 4836 1695 4910 πλησίον
1746 4853 1887 4910 παρ-

302 4926 518 4982 εστῶτα
554 4946 664 5000 μοι,
699 4929 794 4982 καὶ
817 4929 917 5000 τῆς
948 4930 1132 5001 φωνῆς
1152 4946 1254 5002 μου
1280 4931 1513 5002 ἐπήκοον
1542 4929 1881 5002 γιγνόμενον.

372 5019 898 5090 Προκατελάϐοντο
945 5021 1225 5091 φυλακὰς
1276 5024 1331 5076 ol
1388 5020 1687 5092 ὀφθαλμοί
1739 5038 1881 5091 μου,

301 5109 662 5180 ἆταράχθην,
691 5110 788 5165 καὶ
842 5110 956 5163 οὐκ
1011 5108 1310 5176 ἐλάλησα.
1359 5111 1422 5164 Οί
1474 5108 1744 5173 θλίὸοντές
1792 5126 1882 5180 με,

306 5204 461 5274 φησὶ,
483 5201 734 5273 λογισμοὶ
758 5200 985 5256 τοιοῦτοι
1011 5197 1173 5273 ἦσαν.
1192 5201 1410 5275 Ἐπειδὴ
1440 5202 1550 5274 γάρ
1580 5200 1767 5274 ἐώρων
1785 5200 1886 5274 τὴν

305 5295 576 5367 ἁποῦολὴν
628 5294 725 5349 τοῦ
768 5293 919 5357 λαοῦ,
944 5293 1010 5366 ήν
1057 5293 1350 5347 ἐθέσπισαν
1396 5296 1446 5349 οί
1495 5294 1887 5368 προλεχθέντες

306 5389 635 5462 προφητικώ
663 5387 831 5457 λόγοι,
849 5386 1109 5459 ἐθορυὸού
1117 5404 1225 5459 μην
1256 5388 1497 5452 εἰκότως,
1522 5388 1617 5442 καὶ⁵
1643 5387 1886 5443 ἐνενόουν

307 5478 443 5551 πρὸς
491 5478 725 5551 ἐμαυτὸν
768 5478 817 5532 εί
860 5477 1229 5548 ἀθεράπευτον
1269 5479 1451 5542 αὐτοῖς
1496 5478 1648 5533 ἔσται
1690 5479 1753 5532 τὸ
1786 5496 1884 5533 κα-

308 5570 425 5627 κόν.
453 5572 526 5625 Τὸ
556 5572 654 5643 μὲν
675 5570 789 5643 γάρ
812 5569 1188 5642 άποβληθῆναι
1211 5568 1409 5635 αὐτοὺς
1434 5568 1611 5644 καιρῷ
1653 5587 1758 5625 τινι
1790 5572 1884 5625 καί¹

384 5727 429 5760 ’⁸
470 5726 615 5785 Psal.
644 5743 718 5795 ιν,
748 5726 807 5784 2.
882 5726 989 5784 "ll
1019 5727 1145 5787 Cor.
1188 5743 1261 5797 tv,
1294 5727 1352 5795 8,
1382 5726 1436 5783 9.
1512 5727 1599 5785 ’Ἰ
1634 5726 1774 5784 Tim.
1810 5742 1887 5795 ιι,
1924 5726 1979 5785 8.

1987 4832 2111 4889 bam
2138 4851 2152 4888 :
2187 4848 2313 4888 nam
2339 4833 2519 4905 ipsum
2542 4848 2643 4889 ceu
2668 4831 2932 4898 vicinum,
2970 4840 3291 4904 praesentem
3318 4831 3472 4897 mihi,
3503 4841 3571 4888 et.

1984 4924 2108 4980 voci
2135 4938 2271 4981 mea:
2299 4926 2594 4997 propitium
2616 4924 3106 4996 deprehendebam.

2054 5015 2223 5075 Vens.
2262 5017 2314 5074 5.
2355 5018 2785 5089 Anticipaverant
2814 5018 3021 5090 vigilias
3052 5017 3188 5073 oculi
3214 5015 3334 5083 mei,
3371 5012 3561 5070 turba-

1986 5117 2071 5165 tus
2096 5127 2213 5164 sum
2233 5118 2284 5166 et
2306 5127 2410 5166 non
2434 5128 2551 5166 sum
2594 5112 2819 5167 locutus.
2852 5111 3229 5182 Cogitationes
3270 5123 3391 5179 qua:
3421 5106 3570 5162 mihi.

1985 5203 2332 5260 alliictionem
2358 5205 2646 5275 pariebant
2677 5204 2814 5261 tales
2849 5210 3025 5260 erant.
3057 5201 3196 5270 Quia
3237 5202 3383 5258 enim
3406 5199 3561 5270 abje-

1987 5298 2224 5354 ctionem
2253 5297 2462 5369 populi,
2496 5312 2660 5369 quam
2694 5296 2981 5352 memorati
3011 5291 3314 5366 prophetici
3349 5304 3569 5348 sermo-

1988 5403 2089 5445 nes
2141 5387 2422 5444 vaticinati
2447 5398 2594 5454 sunt,
2641 5387 3063 5459 prospiciebam,
3100 5384 3225 5455 jure
3264 5379 3561 5445 turbabar,

1989 5495 2315 5552 mecumque
2368 5481 2727 5553 reputabam,
2795 5496 2924 5535 num
2982 5478 3225 5548 ipsorum
3275 5472 3568 5529 calamitas

1990 5572 2110 5629 sine
2139 5571 2382 5630 remedio
2432 5571 2615 5631 futura
2658 5571 2750 5629 sit.
2796 5569 2932 5627 Nam
2954 5568 3098 5642 quod
3129 5577 3375 5630 tempore
3419 5578 3560 5637 quo-

27 6438 1299 6932 -
1396 6416 4048 6932 _
