4078 6934
581 380 683 437 891

1331 377 1598 438 EUSEBII
1639 380 2116 442 CESARIENSIS
2153 383 2304 443 OPP.
2337 385 2518 442 PARS
2550 384 2638 442 Ill.
2673 416 2745 428 -—
2781 381 3186 442 EXEGETICA.

3721 381 3878 438 ω.

581 493 708 549 dam
743 487 1055 561 abjiciendi,
1097 496 1154 545 et
1193 491 1340 562 quod
1381 493 1436 548 in
1463 493 1621 550 tinem
1656 496 1890 568 idipsum
1926 497 2146 568 passuri

2251 499 2332 561 εἰς
2370 497 2523 562 τέλος
2553 497 2748 561 αὐτοὺς
2777 496 2934 551 τοῦτο
2962 495 3154 550 παθεῖν
3185 492 3470 548 ἐπίστευον
3501 495 3566 566 τῇ
3601 509 3854 566 προφη-

580 592 787 648 essent,
821 582 877 638 id
926 597 1060 639 sane
1103 583 1393 639 credebam
1431 584 1816 657 obtemperans
1851 588 2149 659 prophetia!

2251 587 2364 660 τείᾳ
2402 586 2668 661 λεγούσῃο
2713 587 2907 652 Ἱνατί,
2957 590 2989 642 ὁ
3034 586 3197 653 Θεὸς,
3231 585 3452 640 ἀπώσω
3494 588 3582 652 εὶς
3616 584 3848 654 τέλος,

582 675 786 731 dicenti
825 693 839 730 :
877 673 1100 746 thuid,
1159 674 1323 740 Deus,
1372 680 1614 746 repuliin
1658 680 1714 734 in
1748 681 1930 750 ﬁnem,
1978 683 2148 738 iratus

581 775 661 822 est
689 767 842 837 {uror
884 776 1006 821 tuus
1039 781 1194 836 super
1225 783 1340 822 oves
1371 783 1581 838 pascua:
1606 780 1709 826 tua:
1729 772 1816 826 ἐἳ
1841 788 1903 827 ac
1935 772 1988 827 in
2031 789 2150 829 me-

583 859 706 930 ipso
739 858 939 914 dubius
969 859 1260 926 haerebam,
1293 861 1483 917 istliaac
1522 864 1808 920 revolvens
1838 881 1854 919 :
1895 863 2150 936 Nunquid

583 952 640 1004 in
675 961 927 1004 teternum
969 951 1206 1021 projiciet
1256 952 1530 1018 Dontinus,
1565 966 1658 1009 aut
1703 973 1807 1011 non
1841 967 2064 1025 apponet
2092 966 2151 1010 ut

583 1045 907 1110 complaceat
936 1043 1146 1102 adhuc?
1178 1054 1232 1101 et
1267 1057 1482 1102 caetera.
1525 1047 1652 1104 Haec
1689 1049 1936 1118 cogitans
1971 1049 2152 1105 turba-

582 1131 720 1200 bar;
754 1136 847 1190 sed
878 1136 931 1189 in
965 1139 1282 1192 memoriam
1316 1139 1626 1208 repetebam
1651 1139 1769 1194 dies
1798 1142 2068 1213 antiquos,
2099 1147 2153 1196 et

582 1236 759 1279 annos
798 1233 1033 1280 aeternos
1063 1241 1130 1280 ex
1154 1228 1324 1280 veteri
1371 1225 1654 1296 Scriptura
1687 1241 1898 1281 meeum
1929 1234 2152 1297 reputa-

582 1311 734 1378 bam,
768 1315 988 1384 quoties
1018 1315 1269 1370 videlicet
1293 1331 1418 1370 cum
1450 1316 1599 1386 ipsos
1619 1316 1826 1388 peccati
1857 1331 2022 1373 causa
2051 1317 2151 1372 ab-

576 1402 824 1472 jecisset,
851 1406 1068 1462 reduxit
1105 1414 1320 1473 tamen;
1352 1417 1404 1461 et
1441 1422 1563 1462 cum
1595 1408 1760 1478 impie
1799 1419 2020 1480 agentes
2049 1410 2150 1465 ho-

583 1495 764 1551 stibus
804 1497 1147 1564 tradidisset,
1203 1498 1401 1553 iterum
1451 1500 1676 1570 recepit.
1720 1499 1831 1555 Cur
1863 1515 1992 1570 ergo
2025 1515 2151 1554 cum

580 1589 712 1644 olim
747 1597 872 1660 post
914 1591 1099 1661 gravia
1140 1592 1345 1646 scelera
1377 1599 1656 1647 revocaret
1687 1607 1804 1658 eos,
1840 1607 2015 1663 neque
2059 1607 2150 1648 re-

580 1680 809 1750 pelleret
858 1680 914 1735 in
957 1681 1119 1737 ﬁnem
1173 1697 1275 1738 nec
1328 1682 1676 1738 ahscinderet
1721 1683 2150 1740 misericordiam

581 1787 773 1842 suam;
813 1775 952 1829 nihil
977 1776 1085 1831 tale
1113 1776 1226 1846 jam
1255 1775 1437 1842 faciet,
1486 1786 1540 1835 et
1571 1779 1925 1838 humanitatis
1962 1781 2152 1852 pristi-

2248 680 2511 749 ὠργίσθη
2562 683 2596 734 ὁ
2645 679 2830 749 θυμός
2872 693 2989 734 σου
3019 678 3117 732 ἐπὶ
3148 678 3410 748 πρόϐατα
3434 676 3624 746 νομῆς
3669 693 3804 733 σου
3825 696 3852 742 ;

2247 771 2547 843 ὲνηπόρουν
2584 770 2642 824 δὲ
2670 771 2806 843 πρὸς
2837 770 3071 842 ἐμαυτὸν
3093 768 3468 840 διανοούμενος
3490 769 3665 824 ταῦτα
3685 787 3700 802 ·
3729 771 3850 839 Μὴ

2247 865 2334 930 είς
2351 863 2493 931 τοὺς
2507 861 2725 930 αἰῶνας
2748 861 3048 918 ἀπώσεται
3067 864 3302 932 Κύριος,
3319 861 3358 930 ἢ
3393 864 3464 916 σὺ
3489 862 3850 931 προσθήσει

2247 955 2354 1010 τοῦ
2384 953 2708 1023 εὐδοκῆσαι
2734 956 2854 1018 En;
2879 955 2974 1008 καὶ
2995 954 3062 1008 τὰ
3093 953 3239 1024 ἑξῆς.
3270 952 3454 1008 Ταῦτα
3477 953 3852 1024 λογιζόμενος

2250 1046 2623 1118 ἐταραττόμην
2644 1063 2657 1076 ·
2696 1045 2813 1100 ἀλλ’
2837 1046 3030 1118 ἔφερόν
3066 1063 3126 1100 τε
3146 1048 3210 1117 τῇ
3240 1046 3428 1118 μνήμῃ
3458 1045 3557 1110 τὰς
3587 1046 3848 1109 παλαιάς

2250 1137 2464 1208 ἡμέρας
2483 1137 2577 1191 καὶ
2603 1137 2672 1190 τά
2688 1136 2747 1204 ἐξ
2769 1135 2962 1200 αἰῶνος
2988 1135 3082 1207 ἐτη
3109 1136 3216 1190 ἀπὸ
3240 1135 3349 1188 τῶν
3375 1135 3618 1190 παλαιῶν
3641 1136 3848 1208 Γραμ-

2255 1229 2438 1300 μάτων
2471 1229 2884 1300 ἀναλεγόμενος,
2917 1229 3106 1292 ὁσάκις
3153 1228 3578 1299 ἁμαρτήσαντας
3619 1228 3844 1292 αὐτοὺς

2249 1319 2557 1383 ἀποϐαλὼν,
2589 1321 2953 1391 ἐπανήγαγεν,
2981 1320 3072 1374 καὶ¹
3094 1318 3370 1390 πολεμίοις
3395 1318 3668 1390 παραδοὺς
3693 1319 3840 1371 ἀσε-

2251 1410 2497 1476 ϐοῦντας,
2534 1408 2690 1476 αὖθις
2718 1413 3076 1484 ἀνεκτήσατο.
3099 1412 3164 1466 Τί
3191 1406 3282 1464 οὖν
3306 1409 3473 1465 πάλαι
3495 1411 3594 1481 μὲν
3620 1410 3842 1474 αὐτοὺς

2250 1503 2346 1557 καὶ
2383 1503 2522 1574 μετά
2550 1503 2728 1568 δεινὰς
2758 1504 2862 1576 πλη
2871 1503 3140 1574 μμηλείας
3166 1504 3497 1569 ἀνεκαλεῖτο,
3533 1503 3609 1575 μὴ
3630 1506 3716 1566 είς
3739 1502 3846 1554 τέ-

2249 1594 2339 1658 λος
2371 1594 2774 1667 ἀπωθούμενος,
2810 1595 2944 1667 μηδὲ
2984 1595 3308 1649 ἀποκόπτων
3339 1595 3400 1648 τὸ
3429 1595 3577 1659 ἔλεος
3616 1593 3792 1648 αὑτοῦ
3816 1607 3837 1622 ⁶

2249 1682 2346 1738 νῦν
2371 1684 2427 1738 δὲ
2458 1684 2608 1738 οὐδὲν
2629 1684 2833 1739 τούτων
2860 1685 3094 1757 ποιήσει,
3119 1684 3286 1757 λήθην
3309 1684 3365 1739 δὲ
3393 1684 3504 1752 ἕξει
3533 1684 3631 1756 τῆς
3656 1681 3841 1737 αὐτοῦ

2251 1774 2657 1848 φιλανθρωπίας
2689 1776 2782 1830 καὶ
2818 1776 3131 1847 ἐπιλήσεται
3163 1774 3254 1828 τοῦ
3288 1776 3626 1847 οἱκτειρῆσαι
3657 1777 3690 1828 ὁ
3725 1792 3842 1844 μα-

582 1879 667 1918 na!
713 1865 1211 1937 misericordiaque
1257 1868 1637 1934 obliviscetur,
1689 1871 1783 1942 qui
1833 1850 2045 1941 patiens
2095 1879 2151 1928 et

2251 1865 2521 1936 κρόθυμος
2551 1866 2644 1919 καὶ
2683 1865 2967 1929 πολυέλεος
3011 1865 3107 1918 καὶ
3157 1865 3580 1936 φιλοικτίρμων;
3629 1863 3844 1917 Ταῦτα

582 1957 766 2011 multa:
803 1957 1210 2023 misericordiae,
1259 1967 1314 2015 et
1361 1960 1772 2017 miserationum
1815 1978 2006 2020 amans
2033 1964 2154 2019 est?

583 2045 709 2104 Haec
743 2057 901 2105 nocte
945 2066 1156 2106 mecum
1191 2051 1532 2122 reputabam,
1566 2061 1620 2110 et
1669 2055 1958 2124 scopebam
1991 2055 2154 2127 spiri—

582 2142 700 2190 tum
725 2152 926 2202 meum,
957 2155 1108 2196 meas
1137 2140 1349 2196 scilicet
1371 2143 1731 2213 cogitationes
1752 2145 2071 2200 examinans
2099 2153 2155 2200 et

582 2229 900 2298 explorans,
950 2231 1402 2302 discernensque.
1431 2234 1706 2304 spiritum,
1753 2252 1882 2291 num
1916 2237 2046 2308 quid
2084 2237 2153 2292 ad

585 2319 876 2374 dubiorum
928 2322 1254 2378 solutionem
1303 2324 1621 2394 subjiceret.
1665 2325 1772 2381 Pro
1820 2328 1912 2382 illo
1947 2336 2150 2397 autem,

585 2413 1002 2480 anticipaverunt
1028 2414 1234 2484 vigilias
1259 2417 1398 2469 oculi
1427 2418 1550 2480 mei,
1582 2417 1964 2488 Symmachus,
1992 2421 2154 2490 impe-

584 2504 819 2570 diebant,
851 2508 1048 2576 inquit,
1091 2526 1303 2563 sursum
1342 2511 1572 2577 aspicere
1613 2512 1750 2566 oculi
1799 2513 1918 2566 mei.
1970 2515 2030 2568 In
2067 2530 2154 2571 me

585 2613 822 2670 namque
857 2606 936 2654 tot
965 2601 1323 2669 cogitationes
1351 2595 1615 2674 colligens
1643 2603 1996 2660 occludebam
2018 2622 2154 2661 ocu-

585 2691 670 2746 los
709 2706 883 2756 meos,
927 2699 985 2745 ut
1031 2709 1101 2748 ne
1135 2693 1188 2747 in
1238 2696 1520 2750 sensibilia
1560 2696 1863 2767 impingens
1896 2712 1926 2751 a
1957 2712 2156 2770 propo-

587 2783 694 2838 sito
725 2784 1045 2841 abducerer.
1079 2784 1298 2842 Clausis
1347 2788 1529 2859 itaque
1576 2790 1822 2858 corporis
1855 2789 2052 2855 oculis,
2098 2789 2154 2844 in

586 2876 798 2948 meipso
839 2878 1370 2944 dubiushterebam,
1413 2895 1520 2934 non
1569 2895 1703 2936 voce
1748 2881 1997 2952 loquens,
2043 2897 2154 2937 non

587 2967 754 3022 alium
815 2971 1182 3040 compellans,
1247 2972 1342 3026 sed
1397 2972 1515 3043 ipse
1565 2989 1778 3029 mecum
1828 2977 2150 3047 cogitabam.

585 3059 767 3125 Quare
804 3075 902 3130 pro
935 3061 1053 3125 illo,
1097 3061 1366 3116 Turbatus
1395 3081 1533 3130 sum,
1568 3074 1618 3119 et
1649 3081 1753 3120 non
1783 3083 1899 3121 sum
1926 3067 2150 3131 locutus,

2257 1954 2446 2018 νυκτὸς
2489 1955 2625 2028 πρὸς
2668 1955 2899 2026 ἐμαυτὸν
2941 1955 3334 2026 διελογιζόμην,
3368 1955 3554 2008 καὶτὸ
3602 1951 3842 2023 πνεῦμά

2256 2062 2358 2116 μου
2401 2046 2680 2112 ἔσκαλλον,
2706 2046 2994 2119 διερευνῶν
3026 2048 3119 2101 καὶ
3147 2046 3451 2118 βασανίζων
3487 2046 3613 2108 τοὺς
3643 2048 3842 2116 ὲμαυ-

2252 2137 2345 2191 τοῦ
2391 2138 2699 2210 λογισμοὺς,
2735 2139 3038 2212 ἀνακρίνων
3088 2155 3147 2193 τε
3179 2137 3240 2192 τὸ
3268 2137 3502 2210 πνεῦμα,
3534 2137 3589 2190 εί
3613 2155 3690 2191 τιι
3719 2137 3842 2210 ἄρα

2254 2228 2511 2284 ὑποσάλοι
2553 2230 2688 2302 πρὸς
2727 2229 3023 2302 θεραπείαν
3051 2231 3158 2284 τῶν
3189 2229 3742 2302 ήπορημένων.’Ᾱντὶ
3770 2230 3840 2283 δὲ

2252 2322 2368 2385 τοῦ,
2396 2321 2913 2391 Προκατελάόοντο
2943 2323 3219 2392 φυλακὰς
3259 2325 3314 2377 οἱ
3345 2322 3638 2391 ὀφθαλμοί
3679 2340 3834 2392 μοιτί

2251 2415 2280 2468 ό
2321 2413 2633 2486 Σύμμαχος,
2652 2414 2965 2477 Ἐκώλυον,
3015 2416 3168 2486 φησὶ,
3212 2415 3318 2482 τὰς
3365 2415 3734 2484 ἀναϐλέψας
3771 2416 3836 2470 al

2254 2506 2547 2576 ὀφθαλμοί
2567 2524 2705 2576 μου.
2738 2506 2991 2576 Συνάγων
3021 2506 3126 2578 γὰρ
3146 2508 3227 2571 εἰς
3252 2507 3486 2579 ἐμαυτὸν
3507 2507 3632 2572 τοὺς
3651 2511 3836 2578 ἐμαυ-

2252 2598 2346 2653 τοῦ
2384 2599 2694 2670 λογισμοὺς,
2726 2598 2888 2672 ἐμυον
2917 2600 2987 2654 τὰ
3016 2601 3256 2671 ὄμματα,
3284 2600 3358 2664 ὡς
3381 2599 3447 2654 ἂν
3481 2601 3554 2672 μή
3590 2603 3709 2665 τοῖς
3742 2602 3833 2656 αε-

2255 2691 2470 2763 σθητοτς
2510 2691 2847 2762 προϐάλλων,
2877 2693 3264 2767 περιελκοίμην
3308 2692 3400 2746 τοῦ
3436 2691 3826 2765 προκειμένου..

2253 2784 2420 2837 Μύων
2450 2780 2543 2838 οὖν
2567 2785 2694 2849 τοὺς
2725 2782 3036 2856 ὀφθαλμοὺς
3063 2784 3157 2839 τοῦ
3185 2783 3456 2856 σώματος,
3489 2784 3625 2856 πρὸς
3645 2786 3825 2856 ἐμαυ-

2253 2874 2343 2928 τδν
2366 2874 2674 2948 διηπόρουν,
2703 2876 2763 2930 οὐ
2789 2879 2940 2948 φωνῇ
2964 2876 3348 2948 φθεγγόμενος,
3381 2875 3500 2930 οὐδὲ
3531 2876 3666 2946 πρὸς
3704 2876 3830 2929 ἔτερ

2258 2985 2346 3040 ρον
2376 2967 2571 3033 λαλῶν,
2599 2968 2762 3032 αὐτὸς
2791 2968 2848 3022 δὲ
2890 2970 3025 3042 πρὸς
3059 2969 3292 3041 ἐμαυτὸν
3317 2969 3542 3024 ὲννοῶνε-
3563 2967 3652 3022 Διὺ
3699 2969 3826 3022 ἀντὶ

2252 3060 2369 3125 τοῦ,
2387 3060 2769 3132 Ἐταράχθην,
2796 3062 2894 3116 καὶ
2936 3065 3046 3118 οὐκ
3077 3061 3370 3131 ἐλάλησα,
3399 3061 3494 3118 καὶ
3533 3061 3638 3117 τῶν
3667 3062 3822 3131 ἑξῆς,

585 3160 640 3208 et
659 3153 894 3217 caeteris,
939 3152 1080 3224 apud
1119 3153 1502 3224 Symmachum
1548 3156 1768 3221 dicitur,
1813 3157 2151 3227 Dubitabam,

2255 3152 2402 3223 παρά
2421 3152 2496 3224 τῷ
2512 3153 2791 3226 Συμμάχῳ
2810 3153 3022 3224 εἴρηται
3037 3169 3051 3183 ·
3069 3153 3420 3222 Διηπόρουν,
3440 3153 3537 3206 καὶ
3553 3153 3662 3206 οὐκ
3679 3152 3826 3206 ἐλάα

584 3253 635 3299 et
659 3262 762 3298 non
789 3244 992 3299 locutus
1019 3261 1156 3300 sum.
1183 3275 1255 3286 -—
1278 3244 1448 3303 Vsus.
1481 3243 1536 3313 6,
1571 3247 1620 3300 7.
1651 3247 2020 3319 Recogitabam
2041 3250 2151 3305 dies

2252 3246 2436 3311 λησα.
2459 3274 2530 3283 —
2560 3243 3001 3316 Ἆνελογιζόμην
3043 3245 3148 3311 τὰς
3173 3242 3395 3314 ἡμέρας
3427 3242 3533 3310 τὰς
3563 3243 3822 3311 πρώτας,

583 3337 854 3406 pristinos,
892 3353 1058 3390 annos
1095 3337 1184 3408 qui
1216 3355 1248 3390 a
1282 3341 1475 3392 swculo
1500 3348 1620 3393 sunt
1650 3339 1704 3394 in
1737 3342 2040 3396 memoriam
2069 3359 2153 3398 re-

583 3429 856 3484 vocabam.
891 3429 995 3485 Sed
1042 3430 1276 3499 psalmos
1319 3447 1458 3485 meos
1493 3441 1649 3486 noctu
1696 3450 1814 3487 cum
1844 3433 1998 3490 corde
2040 3452 2152 3491 meo

583 3520 908 3575 recitabam:
937 3531 987 3576 et
1012 3522 1088 3576 vir
1121 3537 1352 3589 praesens
1384 3532 1497 3576 erat
1540 3525 1758 3594 spiritus
1807 3543 1973 3582 meus.
2009 3526 2149 3582 Cum

583 3612 660 3668 ita
699 3613 926 3684 pervigil
954 3613 1226 3684 degerem,
1256 3622 1311 3670 et
1345 3623 1532 3672 noctes
1566 3616 1842 3675 insomnes
1872 3619 2147 3687 ducerem,

582 3716 647 3758 ea
691 3703 926 3759 sollicite
971 3703 1254 3759 volvebam
1303 3705 1508 3772 animo,
1539 3721 1659 3777 quae
1709 3709 1965 3778 superius
2007 3710 2152 3766 dicta

583 3798 713 3846 sunt
742 3812 754 3846 :
780 3793 949 3859 Quasi
987 3794 1041 3846 in
1077 3793 1212 3847 silva
1243 3794 1503 3864 lignorum
1543 3796 1808 3851 securibus
1849 3799 2152 3854 exciderunt

573 3881 776 3953 januas
797 3883 911 3952 ejus
943 3883 995 3936 in
1025 3883 1272 3950 idipsum,
1300 3883 1355 3936 in
1383 3885 1554 3938 securi
1591 3895 1640 3938 et
1673 3886 1819 3940 ascia
1840 3887 2150 3957 diruperunt

583 3990 721 4028 eam.
759 3973 828 4028 In
862 3983 1002 4028 terra
1030 3974 1330 4041 polluerunt
1367 3975 1768 4032 tabernaculum
1797 3979 2024 4035 nominis
2051 3982 2150 4036 tui.

581 4065 841 4121 Dixerunt
898 4068 952 4120 in
997 4066 1152 4120 corde
1195 4083 1290 4121 suo
1337 4069 1671 4139 cognationes
1723 4087 1904 4125 eorum
1961 4074 2154 4128 simul:

584 4159 864 4226 Quiescere
913 4161 1173 4230 faciamus
1221 4160 1332 4216 dies
1374 4161 1536 4230 festos
1583 4162 1679 4218 Dei
1721 4181 1754 4217 a
1786 4173 1947 4220 terra.
1992 4163 2155 4237 Signa

581 4261 765 4307 nostra
789 4269 894 4306 non
926 4253 1172 4316 vidimus.
1193 4253 1311 4322 jam
1333 4270 1435 4307 non
1454 4255 1820 4324 estpropheta,
1842 4265 1892 4311 et
1923 4274 2016 4312 nos
2052 4275 2154 4312 non

580 4351 852 4414 cognoscet
889 4345 1114 4412 amplius
1149 4345 1211 4397 '-".
1251 4345 1310 4400 In
1338 4345 1423 4402 his
1447 4345 1610 4416 igitur
1650 4345 1988 4412 dubitabam,
2021 4363 2150 4402 num

580 4433 723 4487 mala
754 4433 1065 4504 hujusmodi
1109 4434 1385 4505 perpessis
1415 4437 1716 4492 remedium
1764 4437 2006 4493 futurum
2056 4441 2150 4496 sit.

580 4520 996 4593 Verisimileque
1016 4530 1100 4579 est
1127 4524 1386 4590 ldithum,
1421 4541 1544 4580 cum
1573 4527 1776 4598 Asaphi
1810 4529 2145 4600 prophetiam

579 4613 844 4676 audisset,
875 4620 928 4669 et
947 4614 1076 4668 talia
1106 4630 1291 4670 secum
1323 4624 1620 4688 reputaret,
1644 4619 1964 4689 prophetam
1988 4623 2146 4692 quasi
2178 4606 2228 4667 D

577 4710 900 4780 magistrum
963 4709 1366 4782 interrogasse,
1433 4727 1498 4769 ac
1546 4713 1934 4785 interrogantis
1997 4733 2149 4774 more

577 4801 720 4856 hanc
771 4789 1006 4858 movisse
1060 4803 1413 4872 quaestionem
1456 4805 1636 4872 :Quid
1679 4806 1882 4879 igitur,
1939 4823 1974 4864 o
2021 4826 2150 4882 pro-

578 4893 780 4966 pheta?
816 4907 941 4946 cum
979 4891 1092 4947 haec
1126 4894 1441 4964 prophetice
1475 4895 1701 4962 dixeris,
1744 4899 1990 4956 ediscere
2019 4917 2148 4957 nos-

577 5000 744 5055 seque
773 4986 932 5039 velim
960 5003 974 5038 :
1007 5015 1081 5026 -—
1112 4984 1279 5042 Vens.
1313 4988 1464 5044 8-10.
1498 4987 1753 5060 Nunquid
1788 4991 1843 5046 in
1891 5002 2145 5048 internum

572 5077 814 5147 projiciet
859 5077 1137 5140 Dominus,
1158 5090 1206 5134 et
1236 5097 1340 5135 non
1372 5091 1592 5150 apponet
1620 5092 1676 5136 ut
1697 5083 2021 5153 complaceat
2043 5085 2142 5138 ad-

575 5171 714 5226 huc?
741 5179 834 5224 aut
863 5171 918 5224 in
948 5171 1105 5241 ﬁnem
1148 5173 1567 5228 misericordiam
1611 5191 1766 5229 suam
1804 5175 2078 5232 abscindet
2109 5194 2143 5231 a

575 5262 908 5332 generatione
951 5263 1006 5316 in
1034 5264 1460 5333 generationem?
1499 5274 1591 5319 aut
1621 5263 1954 5320 obliviscetur
1987 5267 2144 5321 mise-

575 5353 682 5406 reri
709 5351 869 5418 Deus,
919 5363 1011 5407 aut
1039 5355 1318 5408 continebit
1346 5356 1401 5408 in
1430 5357 1514 5410 ira
1547 5355 1938 5412 misericordias
1971 5361 2141 5414 suas?

576 5442 656 5498 Ad
688 5444 823 5500 tales
854 5446 1253 5516 propositiones
1290 5446 1472 5519 Asaph
1502 5448 1804 5504 doctrinam
1859 5465 2014 5505 suam
2051 5466 2146 5521 pa-

576 5539 737 5599 ravit,
768 5542 1034 5606 psalmum
1061 5552 1158 5606 pro
1179 5537 1297 5607 ipso
1319 5537 1555 5593 ldithum
1585 5540 1959 5606 conscribens,
1988 5558 2144 5597 eum-

578 5641 685 5697 que
717 5625 785 5680 ad
829 5627 958 5681 talia
986 5627 1215 5684 dicenda
1248 5628 1579 5686 instituens:
1618 5630 1748 5688 Voce
1786 5649 1900 5690 mea
1931 5633 2001 5690 ad
2035 5633 2142 5690 Do-

654 5781 676 5798 '
737 5777 880 5838 Psal.
916 5798 1123 5853 tum,
1156 5786 1207 5842 i.
1283 5786 1328 5819 τ’
1367 5785 1527 5855 ibid.,
1558 5785 1676 5842 5-9.

2252 3336 2324 3389 τὰ
2342 3336 2446 3405 ἐτη
2466 3337 2537 3392 τὰ
2557 3335 2656 3391 ἀπ’
2671 3335 2885 3403 αἰῶνος
2912 3337 3458 3406 ἀνεμιμνησκόμην.
3477 3337 3652 3389 Ἀλλά
3671 3338 3826 3404 ψαλ-

2246 3429 2402 3498 μούς
2425 3447 2544 3498 μου
2577 3428 2796 3495 νυκτὸς
2831 3429 2979 3499 πρὸς
3027 3428 3140 3498 τὴν
3180 3428 3430 3498 καρδίαν
3462 3446 3582 3498 μου
3621 3426 3824 3482 διελά-

2252 3526 2406 3576 λουν
2427 3538 2442 3552 ·
2493 3521 2591 3576 καὶ
2640 3521 2793 3592 ἀνὴρ
2839 3521 3046 3577 συνὼν
3086 3521 3154 3576 τὸ
3201 3520 3436 3590 πνεῦμὰ
3466 3537 3600 3590 μου.
3635 3517 3826 3584 Οὕτως

2253 3615 2614 3688 ὲπαγρύπνως
2647 3615 3005 3687 διακείμενος,
3047 3615 3140 3669 καὶ
3177 3613 3277 3677 τὰς
3306 3611 3508 3675 νύκτας
3534 3611 3828 3683 διαγρηγο-

2255 3706 2384 3778 ρῶν,
2419 3704 2730 3777 ἐφρόντιζον
2765 3705 2891 3776 περὶ
2923 3703 3031 3758 τῶν
3063 3702 3368 3775 ἔμπροσθεν
3393 3702 3462 3756 δι’
3487 3695 3562 3757 ὧν
3592 3701 3780 3773 εῐρητο
3799 3717 3818 3734 ·

2264 3799 2356 3864 Ὠς
2393 3799 2464 3852 ἐν
2504 3796 2704 3868 δρυμῷ
2737 3797 2940 3862 ξύλων
2969 3797 3205 3863 ἀξίναις
3230 3795 3465 3864 ἔκοψαν
3500 3795 3606 3862 τὰς
3640 3796 3824 3863 θύρας

2252 3888 2441 3958 αὐτῆς
2472 3889 2569 3943 ἐπὶ
2602 3889 2668 3942 τὸ
2698 3887 2864 3953 αὐτὸ,
2897 3888 3114 3942 πέλυκι
3160 3887 3259 3942 καὶ
3307 3885 3674 3954 λαξευτηρίφ
3717 3901 3822 3939 κα-

2252 3980 2542 4050 τέρῤαξαν
2596 3980 2808 4047 αὐτήν.
2855 3982 2959 4046 Εις
3000 3979 3114 4047 τὴν
3159 3979 3276 4050 γῆν
3328 3979 3711 4045 ἐϐεϐήλωσαν
3755 3979 3820 4033 τὸ

2253 4071 2542 4141 σκήνωμα
2581 4071 2682 4126 τοῦ
2710 4071 2998 4140 ὀνόματός
3038 4085 3174 4125 σου.
3207 4066 3400 4125 Εἶπαν
3422 4071 3492 4124 ἐν
3509 4069 3584 4138 τῇ
3610 4070 3823 4140 καρδία

2251 4162 2450 4218 αὐτῶν
2479 4165 2538 4217 al
2569 4162 2909 4234 συγγένειαι
2955 4159 3154 4216 αὐτῶν
3178 4161 3277 4214 ἐπὶ
3324 4159 3392 4213 τὸ
3440 4160 3607 4214 αὐτόο
3633 4163 3822 4214 Κατα-

2252 4255 2576 4325 παύσωμεν
2602 4254 2707 4321 τὰς
2743 4252 2952 4323 ἑορτὰς
2983 4252 3089 4307 τοῦ
3119 4252 3266 4307 Θεοῦ
3297 4250 3416 4308 ἀπὸ
3444 4250 3556 4320 τῆς
3575 4249 3708 4321 γῆς.
3747 4251 3824 4304 Τὰ

2252 4343 2469 4414 σημεῖα
2509 4343 2678 4414 ἡμῶν
2715 4347 2826 4399 οὐκ
2851 4343 3108 4413 εἴδομεν,
3135 4345 3245 4398 οὐκ
3279 4342 3448 4396 ἐστιν
3475 4341 3563 4395 ἔτι
3594 4340 3828 4410 προφή-

2253 4455 2381 4505 της,
2412 4436 2509 4490 καὶ
2557 4434 2712 4505 ἡμᾶς
2745 4438 2819 4491 οὐ
2861 4435 3145 4506 γνώσεται
3189 4435 3435 4490 hiHi-nl
3477 4433 3688 4496 τούτοις
3728 4429 3823 4488 οὖν

2253 4526 2564 4598 διηπόρουν.
2581 4528 2628 4580 εί
2656 4525 2917 4599 θεραπεία
2942 4526 3094 4580 ἔσται
3120 4528 3232 4589 τοῖς
3256 4524 3430 4580 ταῦτα
3450 4523 3832 4580 πεπονθόσι¹τάο

2253 4620 2417 4675 κακά.
2442 4619 2554 4674 Καὶ
2582 4620 2729 4684 εἰκός
2749 4637 2812 4689 γε
2841 4614 2910 4690 ἦν
2939 4618 3030 4672 τὸν
3056 4613 3289 4689 Ἰδιθοὺμ
3318 4616 3826 4689 ἐπακούσαντα-τῆς

2251 4712 2345 4766 τοῦ
2385 4712 2556 4780 Ἀσάφ
2584 4711 2937 4784 προφητείας,
2963 4712 3056 4766 καὶ
3080 4710 3253 4765 ταῦτα
3292 4707 3428 4781 πρὸς
3458 4709 3646 4762 ἑαυτὸν
3679 4708 3819 4779 λογιε-

2253 4804 2504 4875 σάμενον,
2540 4802 2887 4874 ἐπαπορῆσαι
2926 4801 3062 4874 πρὸς
3112 4801 3204 4855 τὸν
3256 4801 3538 4873 προφήτην
3568 4799 3644 4864 ὡς
3684 4801 3818 4874 πρὸς

2249 4895 2581 4959 διδάσκαλον,
2632 4893 2897 4967 ἐρώτησιν
2955 4911 3017 4948 τε
3073 4891 3222 4964 αὐτῷ
3287 4893 3674 4964 προσαγαγεῖν,
3726 4892 3818 4945 καὶ

2249 4987 2436 5060 ὥσπερ
2478 4988 2599 5041 τινὰ
2633 4986 2980 5059 προτείνοντα
3013 4985 3274 5055 πρότασιν
3314 4984 3504 5053 φάναι’
3538 4983 3603 5036 Τί
3633 4979 3745 5048 οὖν,
3773 4977 3818 5035 ὦ

2251 5083 2533 5154 προφῆτα;
2555 5081 2739 5152 ἐπειδὴ
2756 5079 2928 5134 ταῦτα
2952 5080 3381 5151 προεφήτευσας,
3405 5077 3664 5149 βούλομαι
3689 5078 3816 5146 γνῶ-

2249 5191 2336 5228 ναι
2367 5175 2458 5228 καὶ
2488 5172 2699 5245 μαθεῖν,
2733 5170 2827 5239 Μὴ
2855 5173 2944 5238 είς
2967 5171 3109 5237 τοὺς
3135 5169 3352 5236 αὶῶνας
3387 5168 3686 5224 ἀπώσεται
3705 5172 3825 5223 Κύ-

2240 5283 2394 5335 ριος,
2423 5264 2522 5320 καί
2552 5265 2624 5319 οὐ
2645 5261 2978 5334 προσθήσει
3008 5263 3114 5318 τοῦ
3147 5260 3473 5330 εὐδοκῆσαι
3504 5263 3626 5325 Eri;
3659 5260 3697 5330 ἢ
3733 5264 3815 5326 εἰς

2246 5356 2421 5423 τέλος
2443 5357 2505 5411 τὸ
2532 5356 2703 5422 ἕλεος
2720 5355 2905 5410 αὐτοῦ
2927 5355 3218 5423 ἀποκόψει
3242 5355 3358 5408 ἀπὸ
3379 5353 3587 5424 γενεᾶς
3609 5354 3699 5418 εις
3722 5370 3810 5421 τε·

2244 5448 2426 5512 νεὰν;
2468 5447 2504 5516 ἢ
2548 5449 2901 5517 ἐπιλήσεται
2941 5448 3050 5503 τοῦ
3094 5444 3456 5516 εικτειρῆσαι
3501 5447 3534 5498 ὁ
3581 5445 3744 5510 Θεὸς.
3774 5443 3810 5509 ἢ

2244 5542 2487 5607 συνέξει
2519 5542 2589 5595 ἐν
2626 5541 2700 5610 τῇ
2737 5540 2883 5611 ὀργῇ
2921 5539 3064 5606 τοὺς
3089 5538 3427 5608 οὶκτιρμοὺς
3457 5535 3674 5598 αὑτοῦ;
3707 5535 3812 5590 Καὶ

2241 5634 2306 5707 δή
2360 5633 2496 5707 πρὸς
2536 5633 2738 5698 ταύτας
2784 5631 2884 5697 τὰς
2932 5631 3224 5704 προτάσεις
3263 5630 3363 5701 τὴν
3411 5626 3754 5683 διδασκαλίαν
3784 5627 3818 5680 δ
