4078 6934
395 292 504 354 895
1518 297 2021 359 COMMENTARIA
2060 300 2128 360 IN
2164 299 2508 360 PSALMOS.
3530 293 3636 352 89‘

405 411 580 483 ’Δσάφ
629 411 882 482 ἐποιεῖτο,
927 414 1068 489 ὑπὲρ
1115 416 1282 474 αὐτοῦ
1325 416 1420 473 τοῦ
1466 419 1697 493 ἰδιθοὺμ
1740 422 1947 494 γράφωε

2069 422 2270 477 minam
2289 421 2540 488 clamavi,
2569 437 2690 477 voce
2715 437 2832 476 mea
2850 421 2918 476 ad
2941 421 3130 487 Deum,
3157 429 3208 477 et
3233 415 3456 476 intendit
3476 415 3634 482 mihi,

393 504 490 560 τὸν
513 505 746 578 ψαλμὸν,
778 507 1042 563 διδάσκων
1076 527 1138 564 τε
1171 510 1333 566 αὑτὸν
1378 511 1592 582 λέγειν’
1640 513 1814 584 Φωνῇ
1845 533 1947 585 μοι

2068 523 2370 586 auctorque
2400 514 2480 568 illi
2512 522 2617 578 est,
2655 522 2712 569 ut
2746 529 2818 569 ne
2850 515 2942 571 Dei
2969 514 3201 570 consilia
3231 511 3508 567 curiosius
3538 525 3638 565 ex-

392 595 545 664 :rpdc
590 595 699 650 τὸν
743 599 958 668 Κύριον
978 600 1288 671 ἐκέκραξα,
1317 602 1487 674 φωνῇ
1525 621 1644 673 μου
1684 605 1833 674 πρὸς
1862 606 1947 660 τὸν

2066 607 2262 678 ploret,
2318 607 2413 664 sed
2439 607 2781 663 orationibus
2806 615 2982 672 vacet,
3022 608 3201 678 iisque
3227 605 3361 661 solis
3390 600 3640 658 intendat

393 685 564 750 Θεὸν,
588 687 688 742 καί
713 690 1017 760 προσέσχε
1031 709 1135 761 μοι
1151 709 1168 723 ο
1196 693 1466 748 παιδεύων
1485 694 1558 766 μὴ
1578 692 1947 766 πολυπραγμο

2067 695 2330 762 animum,
2367 696 2556 768 pietati
2597 697 2835 752 deditum
2890 705 2946 752 et
2975 696 3180 767 judicia
3219 694 3312 750 Dei
3360 692 3640 749 celebran-

390 781 502 832 νεῖν
525 779 626 841 τὰς
656 781 750 835 τοῦ
783 781 919 836 Θεοῦ
948 783 1144 853 βουλάς
1162 801 1177 815 ο
1225 785 1412 856 εὐχαῖς
1441 785 1498 840 δὲ
1531 785 1829 856 σχολάζειν,
1872 787 1947 840 κα¹

2066 794 2199 842 tem.
2248 785 2384 842 Nam
2426 786 2974 855 incomprehensibilia
3012 796 3134 842 sunt
3163 785 3371 856 judicia
3401 783 3538 853 ejus,
3584 788 3636 859 et

388 869 614 935 ταύταις
655 873 841 941 μόναις
887 876 1172 948 προσέχειν
1219 877 1312 932 τὸν
1360 877 1484 932 νοῦν
1511 877 1834 933 εὐσεὸοὖντα
1873 878 1947 932 κα⁴

2067 879 2454 950 inoestigabiles
2483 882 2580 936 oio:
2601 881 2715 950 ejus
2735 881 2802 934 ⁸ο.

387 959 737 1033 εὐφημοῦντα
780 963 874 1017 τοῦ
905 964 1060 1032 ,Θεοῦ
1111 966 1213 1030 τὰς
1256 966 1486 1038 κρίσεις.
1518 967 1968 1037 Ἀνεξερεύνητα
1998 965 2104 1038 γὰρ
2131 968 2206 1024 τὰ
2227 970 2480 1039 κρίματα
2505 971 2712 1035 αὺτοῦ,
2775 969 2873 1024 καί
2903 969 3344 1039 ἀνεξιχνίαστοι
3393 968 3455 1020 αι
3509 961 3636 1020 ὁδοὶ

383 1056 594 1111 αὐτοῦ.

456 1151 567 1206 Καὶ
621 1147 778 1218 εἶπα,
821 1153 951 1208 Νῦν
998 1153 1277 1225 ἠρξάμην
1295 1173 1310 1188 ο
1350 1156 1500 1225 αὕτη
1541 1157 1580 1225 ἠ
1633 1157 1947 1224 ἀλλοίωσις

2132 1152 2305 1210 Vens.
2337 1153 2427 1209 il.
2473 1153 2542 1207 Et
2563 1151 2698 1218 dixi,
2735 1152 2892 1207 Nunc
2925 1152 3075 1222 cmpi,
3111 1151 3221 1206 licet:
3247 1149 3472 1204 mutatio
3506 1144 3637 1200 ἀεσι-

387 1239 500 1310 τῆς
529 1241 729 1308 δεξιᾶς
759 1244 868 1299 τοῦ
897 1245 1201 1314 Ὑψίστου.
1219 1249 1364 1303 Ἀντὶ
1391 1250 1583 1304 τούτου
1618 1252 1647 1304 ὁ
1683 1251 1780 1322 μὲν
1810 1249 1947 1305 Ἀκύ-

2061 1255 2187 1300 terte
2211 1244 2500 1300 Altissimi.
2531 1243 2642 1298 Pro
2671 1244 2765 1298 illo
2794 1254 2976 1299 autem
3008 1244 3090 1299 sic
3121 1243 3317 1312 Aquila
3363 1239 3516 1303 dicit,
3563 1235 3635 1292 Et

385 1332 504 1398 λας,
550 1335 662 1392 Καὶ
709 1331 868 1401 εἶπα,
913 1339 1404 1410 φησὶν,ἀῤῥωστία
1447 1360 1599 1413 μου·
1646 1342 1803 1411 αὕτη
1846 1342 1947 1397 ἀλ-

2054 1338 2193 1402 dixi,
2255 1337 2547 1406 inﬁrmitas
2595 1353 2752 1392 mea:
2783 1337 2893 1390 Ιιωσ
2939 1336 3163 1390 mutatio
3197 1333 3424 1390 dextera:
3458 1330 3634 1386 Altis-

383 1426 632 1492 λοίωσις
654 1427 856 1494 δεξιᾶς
896 1428 1177 1500 Ὑψίστου
1195 1449 1210 1464 ·
1238 1435 1268 1487 ὁ
1297 1433 1355 1487 δὲ
1386 1433 1699 1506 Σύμμαχος,
1739 1433 1947 1504 Τρῶσίς

2057 1429 2219 1492 simi;
2251 1427 2612 1499 Symmachus
2657 1443 2807 1492 vero,
2844 1427 3046 1482 Vulnus
3090 1441 3262 1480 meum
3295 1433 3373 1479 est
3419 1421 3634 1478 iteratio

378 1533 502 1587 μου
531 1518 704 1574 ἐστὶν
731 1520 1184 1592 ἐπιδευτέρωσις
1214 1523 1417 1592 δεξιᾶς
1438 1527 1550 1582 τοῦ
1587 1527 1866 1596 Ὑψίστου
1883 1529 1947 1599 ’ἡ

2058 1518 2287 1575 dextera
2338 1519 2636 1584 Altissimi;
2678 1519 2870 1591 quinta
2908 1527 3088 1574 autem
3141 1517 3350 1573 editio:
3381 1513 3450 1569 Et
3492 1513 3630 1578 disi,

382 1604 441 1661 δὲ
490 1606 715 1680 πέμπτη
766 1608 995 1674 ἔκδοσις,
1035 1613 1148 1667 Καὶ
1189 1609 1347 1678 εἶπα,
1382 1613 1565 1686 φησὶν,
1598 1613 1805 1681 ὠδῖνός
1835 1634 1947 1686 μου

2059 1606 2260 1676 inquit,
2290 1606 2497 1662 dolores
2541 1608 2642 1662 mei
2670 1617 2792 1662 sunt
2821 1609 3047 1662 mutatio
3079 1605 3310 1661 dextera:
3344 1603 3631 1658 Altissimi.

380 1695 541 1751 εἰσιν
595 1697 920 1765 ἀλλοίωσις
961 1700 1164 1768 δεξιᾶς
1193 1703 1300 1759 τοῦ
1333 1705 1636 1774 Ὑψίστου.
1663 1705 1808 1778 Πρὸς
1843 1709 1947 1770 τοῖς

2059 1697 2139 1754 Ad
2171 1699 2452 1770 proposita
2483 1699 2596 1769 jam
2625 1699 2812 1765 dubia,
2843 1701 2958 1758 haec
3003 1701 3155 1763 item,
3189 1697 3388 1767 inquit,
3419 1709 3633 1751 mecum

381 1788 859 1860 προηπορημένοις
883 1793 977 1846 καὶ
1005 1793 1196 1859 ταῦτα,
1230 1795 1384 1868 φησί,
1409 1797 1546 1868 πρὸς
1574 1797 1814 1867 ὲμαυτδν
1873 1799 1947 1851 ὲνη

2058 1791 2400 1862 reputabam,
2431 1793 2792 1864 cogitationes
2820 1793 3030 1848 scilicet
3056 1793 3180 1848 illas
3209 1791 3364 1863 queis
3388 1791 3501 1861 jam
3530 1789 3634 1844 du-

392 1877 602 1944 ενόουν,
635 1879 716 1932 ὅτι
756 1881 807 1934 οἱ
843 1880 1074 1936 τοιοῦτοι
1112 1883 1386 1954 λογισμοὶ,
1424 1885 1492 1940 δι’
1531 1879 1607 1941 ὧν
1621 1888 1826 1959 ἀρτίως
1859 1889 1947 1942 ἐπ-

2060 1881 2186 1938 bius
2224 1882 2394 1937 animi
2443 1897 2616 1947 eram,
2657 1892 2750 1938 aut
2801 1883 3193 1949 inﬁrmitatem,
3241 1889 3336 1935 aut
3387 1880 3628 1948 dolores,

381 1970 646 2040 ηπόρουν,
677 1972 958 2044 ἀρρωστία
998 1992 1100 2045 μου
1124 1978 1283 2041 εἰσὶν,
1313 1977 1346 2049 ἢ
1376 1977 1560 2043 ὠδῖνες
1587 1981 1742 2046 εἰσὶν,
1767 1979 1947 2053 ἢτρὼ-

2060 1982 2154 2028 aut
2190 1977 2416 2031 vulnera
2462 1989 2581 2031 mea
2622 1991 2761 2032 esse.
2795 1974 2933 2030 Nam
2980 1990 3048 2031 ex
3092 1975 3286 2028 anima:
3315 1972 3631 2028 inﬁrmitate
3673 1963 3676 1968 ’

384 2076 498 2124 est;
531 2061 632 2132 μού
669 2065 931 2130 εἰσιν.Ἐξ
957 2066 1242 2132 ἀσθενείας
1267 2068 1378 2142 γὰρ
1404 2069 1583 2143 ψυχῆς
1613 2073 1740 2136 τοὺς
1777 2073 1947 2135 τοιοῷ

2059 2066 2197 2122 tales
2221 2082 2503 2124 sermones
2535 2067 2758 2137 protuli,
2790 2082 3003 2122 necnon
3035 2082 3101 2120 ex
3130 2065 3350 2120 vulnere
3388 2063 3625 2120 animat:

384 2166 513 2216 τους
539 2155 858 2226 προήκαμεν
885 2156 1095 2225 λόγους,
1115 2158 1212 2213 καὶ
1239 2160 1347 2215 ἀπὸ
1371 2161 1621 2234 τρώσεως
1642 2163 1845 2236 ψυχῆς·
1873 2183 1947 2220 τε·

2057 2160 2377 2216 vulneratus
2406 2175 2600 2229 nempe
2629 2167 2684 2214 et
2713 2159 2901 2214 dolore
2930 2157 3156 2214 allectus
3185 2173 3306 2212 sum
3338 2155 3496 2226 quasi
3523 2167 3628 2226 pro

378 2244 659 2314 τρωμένος
691 2245 797 2318 γὰρ
825 2249 918 2302 καὶ
944 2249 1222 2319 συναλγῶν
1247 2251 1324 2317 ὡς
1356 2255 1496 2327 ὑπὲρ
1531 2257 1724 2316 ἑαυτοῦ
1751 2259 1947 2329 μελῶν·

2056 2251 2318 2306 membris
2361 2251 2529 2316 meis;
2569 2265 2761 2305 verum
2809 2250 2972 2305 etiam
3025 2249 3183 2320 quasi
3217 2246 3404 2302 dolore
3438 2254 3628 2316 partu-

376 2334 515 2388 ἀλλὰ
543 2337 636 2390 καὶ
653 2336 857 2392 ὠδίνων
874 2340 950 2404 ὡς
975 2343 1115 2413 ὑπὲρ
1143 2344 1464 2416 σπλάγχνων
1487 2348 1703 2402 οἰκείων
1727 2348 1951 2404 τοιαῦτα

377 2423 742 2500 ἐφθεγξάμην.
771 2429 954 2484 Ταῦτα
989 2433 1340 2500 benis-cavea,
1375 2437 1670 2510 ἐπειδήπερ
1701 2435 1839 2494 εἶδον
1857 2441 1950 2496 ἀλ-

375 2515 591 2572 λοίωσιν
641 2522 934 2594 γενομένην
984 2525 1085 2596 τῆς
1131 2526 1312 2593 δεξιᾶς
1339 2526 1434 2582 τοῦ
1475 2529 1748 2599 Ὑψίστου.
1773 2531 1948 2586 Πάλαι

381 2609 482 2681 μὲν
523 2610 632 2683 γὰρ
672 2611 808 2684 αὕτη
843 2616 1229 2686 κατειργάζετο
1263 2619 1435 2674 πολλά
1479 2638 1539 2674 τε
1572 2621 1824 2693 θαύματα
1854 2623 1948 2678 καὶ

376 2701 710 2784 παραδόξους
736 2705 1062 2778 ,εὐεργεσίας
1085 2709 1164 2781 τῷ
1193 2709 1306 2782 λαῷ
1333 2712 1648 2784 παρέχουσα
1665 2730 1680 2744 ο
1729 2716 1846 2769 νυνὶ
1889 2715 1946 2770 δὲ

380 2782 666 2858 ἀλλοίωσις
690 2796 977 2866 γεγένηται
998 2799 1098 2870 τῆς
1123 2800 1302 2866 δεξιᾶς
1323 2782 1424 2857 τοῦή
1443 2803 1714 2874 Ὑψίστου.
1742 2805 1834 2860 Διὸ
1852 2808 1946 2860 καὶ

380 2882 568 2949 ὡδῖνές
607 2903 676 2956 με
711 2887 972 2960 κατέσχον
991 2907 1004 2921 ·
1037 2891 1280 2962 ὁμολογῶ
1308 2894 1610 2965 τετρῶσθαι
1643 2896 1742 2968 τὴν
1768 2896 1944 2970 ψυχὴν

375 2974 657 3050 apponet;
705 2980 800 3033 καὶ
846 2980 1100 3054 ἀσθενείᾳ
1127 2984 1397 3052 γνώσεως.
1431 2988 1541 3059 Τὴν
1569 2988 1630 3042 δὲ
1659 2989 1943 3044 ἀλλοίωσιν

373 3066 476 3138 τῆς
515 3067 692 3135 δεξιᾶς
739 3070 833 3125 τοῦ
871 3072 1005 3126 Θεοῦ
1036 3073 1242 3146 ἑώρων,
1268 3077 1813 3151 ἀναμιμνησκόμενος
1835 3082 1943 3137 τῶν

2055 2343 2206 2404 riens
2245 2358 2345 2413 pro
2384 2341 2686 2399 visceribus
2738 2342 2895 2398 meis'
2924 2341 3051 2395 talia
3097 2340 3292 2396 eﬂ'atus
3323 2352 3465 2394 sum.
3499 2335 3629 2391 Haec

2053 2449 2218 2504 porro
2247 2449 2367 2489 sum
2398 2448 2712 2504 perpessus,
2745 2433 2870 2503 quia
2896 2432 3006 2487 vidi
3034 2431 3234 2486 factam
3265 2430 3500 2485 dextera:
3528 2427 3626 2480 Al-

2054 2525 2254 2580 tissimi
2282 2527 2662 2582 mutationem.
2704 2524 2845 2580 Olim
2870 2524 3070 2595 quippe
3125 2523 3345 2578 dextera
3386 2521 3478 2577 illa
3522 2519 3628 2575 mi-

2053 2615 2247 2671 rabilia
2275 2617 2447 2671 multa
2475 2616 2826 2687 Operabatur,
2862 2613 3126 2669 beneﬁcia
3157 2610 3496 2667 incredibilia
3524 2623 3628 2680 po-

2052 2707 2180 2778 pulo
2207 2708 2530 2776 conferens;
2560 2722 2706 2762 nunc
2737 2721 2866 2762 vero
2888 2705 3124 2760 dextera:
3150 2703 3366 2758 Excelsi
3393 2701 3624 2756 mutatio

2050 2795 2195 2852 facta
2236 2804 2340 2855 est.
2390 2797 2751 2864 Quamobrem
2783 2797 3000 2852 dolores
3043 2811 3129 2849 me
3159 2793 3496 2856 detinebant,
3547 2790 3626 2847 fa-

2049 2895 2274 2960 teorque
2294 2904 2381 2944 me
2402 2890 2584 2945 animo
2613 2889 2956 2944 vulneratum
2977 2903 3042 2943 ex
3076 2885 3268 2941 morbo
3299 2893 3354 2940 et
3389 2883 3625 2940 inﬁrmi-

2050 2987 2161 3038 tate
2226 2980 2579 3052 cognitionis.
2631 2979 2988 3035 Mutationem
3045 2994 3173 3034 vero
3231 2979 3468 3033 dexterae
3523 2975 3620 3031 Dei

2047 3073 2474 3144 conspiciebam,
2525 3071 2848 3128 recordatus
2899 3071 3118 3125 illorum
3165 3069 3442 3140 quondam
3492 3083 3622 3138 ope-

375 3159 620 3256 παλαιῶν
660 3161 838 3234 ἔργων
861 3165 1061 3230 Ϊαὺτοῦ.
1092 3167 1182 3221 Διό
1215 3185 1406 3240 φησιν’
1446 3148 1802 3256 ἽἘμνήσθην
1830 3173 1947 3230 τῶν

2048 3180 2168 3219 rum
2198 3165 2339 3235 ejus.
2371 3164 2716 3236 Quapropter
2735 3164 2813 3217 ait
2839 3182 2852 3218 :
2890 3192 2953 3202 —
2979 3160 3144 3217 Vnus.
3179 3160 3268 3223 12.
3301 3160 3388 3214 l3.
3417 3156 3622 3212 Memor

371 3251 793 3323 Epmrﬂvplov
815 3256 930 3311 ἀπὸ
952 3257 1064 3326 τῆς
1081 3259 1274 3330 ἀρχῆς
1293 3261 1412 3318 τῶν
1431 3251 1780 3334 θαυμασίων
1807 3282 1942 3324 σου.

371 3342 484 3396 Καὶ
513 3345 837 3413 ..μελετήσω
885 3348 956 3402 ἐν
995 3349 1145 3406 πᾶσι
1169 3352 1292 3420 τοῖς
1322 3353 1518 3426 ἔργοις
1543 3372 1660 3412 σου
1682 3397 1698 3424 ,
1745 3359 1844 3414 καί
1877 3361 1948 3415 ἐν

371 3432 499 3498 τοῖς
543 3434 972 3508 ἐπιτηδεύμασί
1015 3454 1132 3496 σου
1177 3442 1594 3514 ἀδολεσχήσω.
1613 3447 1751 3502 ’Δνθ’
1791 3442 1866 3503 ὧν
1916 3451 1946 3504 ὁ

373 3524 670 3597 Σύμμαχος
718 3528 906 3584 τοῦτον
954 3533 1266 3604 ἡρμήνευσε
1310 3535 1402 3590 τὸν
1445 3537 1678 3608 τρόπον’
1735 3539 1947 3610 Ἀνεμο-

363 3620 732 3689 μνησκόμην
770 3621 877 3687 τὰς
915 3625 1218 3693 περινοίας
1245 3628 1487 3696 Κυρίου,
1521 3629 1843 3685 ἀναπολῶν
1871 3630 1945 3686 τὰ

368 3707 586 3778 ἀρχαῖα
611 3711 892 3781 τεράστια
935 3730 1052 3770 σου
1091 3716 1190 3771 καὶ
1231 3717 1586 3789 διεμελέτων
1611 3719 1814 3788 πάσας
1838 3723 1944 3792 τὰς

368 3801 615 3871 πράξεις
637 3821 776 3871 σου,
805 3807 1003 3876 nulla}
1019 3811 1420 3881 μηχανήματὰ
1445 3827 1562 3868 σου
1591 3813 1939 3886 διηγούμην,

367 3892 538 3948 ταῦτα
567 3895 852 3968 ἀναφέρων
890 3901 956 3969 τῇ
1009 3901 1459 3974 μνήμη.Ἕπειτα
1486 3904 1582 3958 νῦν
1609 3906 1842 3973 ἀκούων,
1867 3909 1942 3972 ὡς

367 3984 455 4048 είς
486 3983 658 4050 τέλος
688 3985 929 4055 ἀπώσω,
959 3989 1056 4043 καί
1084 3989 1343 4061 ὠργίσθη
1389 3995 1424 4048 ό
1469 3995 1657 4065 θυμός
1695 4012 1812 4051 σου
1843 3997 1942 4050 ἐπὶ

369 4077 632 4144 πρόϐατα
659 4078 848 4149 νομῆς
874 4097 1014 4148 σου,
1049 4085 1274 4150 εἰκότως
1298 4086 1574 4160 ἐνενόησα,
1606 4090 1688 4143 ὅτι
1715 4088 1941 4144 ἀλλοίω-

369 4166 454 4230 σίς
503 4168 616 4221 ἐστι
660 4169 758 4240 τῆς
803 4171 984 4238 δεξιᾶς
1029 4174 1124 4229 τοῦ
1162 4176 1438 4246 Ὑψίστου.
1476 4180 1796 4251 Μετασολῆς
1831 4181 1940 4254 γὰρ

367 4256 539 4312 ταῦτα
593 4262 792 4330 σημεῖα
842 4263 936 4316 καὶ
987 4263 1322 4332 ἀλλοιώσεως
1345 4269 1446 4340 τῆς
1482 4269 1648 4324 πάλαι
1676 4269 1770 4324 τοῦ
1804 4268 1938 4324 Θεοῦ

365 4349 495 4422 περὶ
519 4349 609 4404 τὸν
643 4351 770 4407 λαὸν
805 4355 1149 4426 κηδεμονίας.

445 4441 500 4494 '0
531 4443 694 4510 Θεὸς,
727 4445 798 4498 ἐν
825 4445 904 4512 τῷ
932 4449 1078 4518 ἁγίῳ
1103 4450 1142 4518 ή
1169 4449 1308 4516 ὁδὸς
1325 4451 1514 4508 αὑτοῦ
1537 4468 1556 4487 ο
1580 4452 1672 4520 τίς
1684 4452 1821 4521 θεὸς
1840 4453 1940 4523 μέ-

361 4548 474 4601 γας
493 4533 574 4600 ὠς
597 4536 631 4588 ό
663 4535 808 4602 Θεὸς
833 4535 1003 4604 ἡμῶν
1019 4554 1039 4601 ;
1062 4539 1146 4592 Σὺ
1171 4535 1229 4593 εί
1249 4542 1283 4594 ό
1312 4541 1456 4608 Θεὸς
1485 4544 1518 4596 ὀ
1565 4541 1752 4597 ποιῶν
1797 4547 1939 4599 θαυ-

359 4622 572 4692 μάσια.
599 4624 709 4696 Τὴν
737 4626 1021 4681 ἀλλοίωσιν
1057 4629 1156 4700 τῆς
1198 4629 1380 4696 δεξιᾶς
1402 4633 1496 4687 τοῦ
1534 4633 1785 4704 Ὑψίστου
1817 4652 1942 4690 συν-

368 4709 492 4764 ιδὼν
520 4714 678 4766 ὁποῖα
707 4714 1003 4786 εἰργάσατο
1023 4727 1036 4742 ’
1071 4717 1192 4772 ἀντὶ
1227 4720 1335 4794 γὰρ
1364 4721 1484 4786 ἑνὸς
1514 4721 1698 4788 ἔθνους
1724 4723 1941 4778 πάντων

365 4803 473 4858 τῶν
501 4803 666 4857 ὲθνῶν
705 4806 1024 4880 εὐεργετικὴ
1065 4811 1302 4884 κατέστη
1327 4830 1342 4845 ο
1377 4815 1559 4868 οὐκέτι
1584 4814 1692 4886 γὰρ
1715 4815 1796 4868 ἑνὶ
1825 4813 1939 4884 λαῷ

364 4891 462 4964 τὴν
489 4891 718 4964 δύναμιν
739 4896 926 4962 αὐτοῦ,
953 4897 1090 4952 ἀλλὰ
1113 4901 1208 4954 καὶ
1236 4904 1370 4956 πᾶσι
1389 4905 1501 4967 τοῖς
1519 4902 1696 4957 ἔθνεσι
1722 4904 1813 4957 καί
1835 4906 1939 4958 πᾶ-

366 4998 419 5035 σι
456 4985 566 5046 τοῖς
595 4983 742 5049 λαοῖς
788 4986 1082 5060 ἐγνώρισεο
1133 4991 1322 5062 διόπερ
1359 4993 1792 5066 ἐκπληττόμενος
1840 4994 1936 5048 καὶ

359 5072 782 5145 ἀποθαυμάζων,
805 5080 979 5149 φημίο
1014 5084 1048 5136 ό
1095 5082 1254 5150 Θεὸς,
1287 5083 1356 5138 ἐν
1401 5083 1482 5151 τῷ
1524 5085 1670 5155 ἁγίῳ
1709 5085 1748 5152 ἡ
1796 5084 1935 5152 ὁδός

361 5182 476 5220 σου
502 5185 516 5198 ·
543 5167 797 5222 ἐπέκεινα
823 5170 933 5242 γάρ
969 5173 1084 5226 ἐστι
1117 5175 1218 5245 τῆς
1242 5175 1440 5248 θνητῆς
1473 5176 1738 5250 φύσεωςή
1768 5179 1934 5234 κατά-

359 5255 519 5328 ληψις
551 5259 651 5330 τῆς
689 5261 808 5314 ὁδοῦ
853 5278 975 5317 σου⁶
1007 5264 1134 5319 ὥστ’
1169 5268 1235 5323 ἂν
1263 5269 1499 5338 εὐλόγως
1531 5270 1696 5340 φάναι
1742 5272 1831 5326 τό’
1867 5274 1930 5328 Ὠ

352 5349 544 5416 ,βάθος
575 5355 842 5409 πλούτου
870 5357 969 5410 καὶ
998 5359 1216 5427 σοφίας
1237 5361 1336 5415 καί
1360 5361 1636 5432 γνώσεως
1664 5366 1930 5433 Θεοῦ,ὡς

359 5436 795 5522 ἀνεξερεύνητα
821 5444 895 5500 τὰ
924 5447 1178 5516 κρίματα
1215 5451 1424 5516 αὐτοῦ,
1457 5454 1556 5506 καὶ
1589 5455 1932 5525 ἀνεξιχνία-

357 5541 492 5588 στοι
523 5537 583 5590 al
617 5535 743 5592 ὁδοὶ
785 5537 992 5593 αὐτοῦ.
1027 5539 1219 5594 οὑκέτ⁹
1245 5535 1338 5596 οὖν
1365 5545 1632 5618 προσήκει
1655 5547 1932 5620 πολυπρα-

2045 3257 2127 3328 fui
2151 3273 2365 3327 operum
2394 3257 2630 3320 Domini,
2655 3255 2720 3310 ab
2753 3256 2904 3310 initio
2931 3255 3257 3310 mirabilium
3287 3262 3494 3307 tuorum
3522 3267 3540 3305 :
3569 3259 3618 3304 et

2046 3349 2336 3405 meditabor
2363 3351 2417 3404 in
2448 3347 2686 3404 omnibus
2707 3348 2948 3417 operibus
2983 3348 3110 3412 tuis,
3142 3357 3190 3401 et
3215 3347 3268 3400 in
3293 3345 3617 3398 adinventio-

2043 3443 2194 3499 nibus
2246 3443 2353 3498 tuis
2397 3443 2693 3498 exercebar.
2730 3441 2837 3498 Pro
2873 3442 3072 3512 quibus
3117 3439 3479 3512 Symmachus
3514 3438 3617 3493 hoc

2045 3534 2206 3591 modo
2248 3534 2642 3606 interpretatus
2688 3543 2774 3592 est
2808 3553 2823 3591 :
2852 3533 3190 3602 Recordabar
3237 3531 3616 3602 cogitationum

2042 3625 2278 3694 Domini,
2305 3628 2482 3682 animo
2513 3628 2718 3683 volvens
2743 3629 2960 3698 antiqua
2985 3625 3226 3695 prodigia
3261 3633 3374 3677 tua.
3411 3621 3477 3675 Et
3507 3639 3616 3676 ine-

2043 3718 2256 3773 ditabar
2302 3735 2478 3775 omnes
2517 3720 2748 3774 actiones
2791 3728 2933 3782 tuas,
2969 3729 3020 3772 et
3066 3717 3488 3772 machinamenta
3520 3723 3614 3768 tua

2042 3812 2352 3876 narrabam,
2379 3811 2496 3867 hac
2521 3813 2782 3867 memoria
2805 3817 3077 3882 repetens.
3099 3808 3304 3864 Deinde
3336 3823 3462 3862 vero
3485 3821 3613 3860 cum

2036 3903 2151 3973 jam
2179 3903 2420 3968 audiam,
2462 3902 2737 3974 quomodo
2783 3902 3026 3972 repulisti
3053 3901 3110 3954 in
3141 3901 3320 3970 ﬁnem,
3361 3907 3409 3952 et
3440 3899 3611 3951 iratus

2040 4003 2117 4049 est
2146 3994 2300 4064 furor
2339 4004 2461 4049 tuus
2509 4010 2666 4064 super
2709 4011 2825 4048 oves
2854 4009 3070 4064 pascua:
3116 4001 3218 4046 tua:
3239 3993 3282 4024 "
3304 4009 3318 4058 ;
3343 3990 3467 4061 jure
3501 3989 3612 4058 opi-

2039 4095 2203 4142 natus
2234 4103 2355 4144 sum
2379 4101 2502 4142 esse
2522 4085 2882 4142 mutationem
2907 4085 3144 4140 dextera:
3169 4082 3457 4139 Altissimi.
3485 4079 3611 4136 Haec

2039 4177 2240 4248 quippe
2291 4176 2447 4246 signa
2493 4185 2622 4232 sunt
2669 4176 2986 4231 mutationis
3038 4173 3156 4240 Dei,
3211 4188 3276 4228 ac
3318 4172 3610 4226 amotionis

2037 4268 2160 4336 ejus
2180 4269 2249 4324 ab
2276 4268 2392 4334 illa,
2421 4282 2586 4340 quam
2623 4268 2752 4322 olim
2790 4268 2858 4324 de
2886 4266 3087 4337 populo
3111 4265 3355 4337 gerebat,
3405 4263 3610 4320 sollici-

2039 4358 2247 4416 tudine.

2110 4453 2277 4510 νεεδ.
2307 4452 2396 4515 ﬂ,
2435 4453 2522 4507 15.
2562 4449 2727 4516 Deus,
2769 4450 2825 4505 in
2852 4459 3038 4506 sancto
3060 4451 3145 4505 uia
3171 4449 3284 4520 ejus
3305 4449 3455 4520 :quis
3479 4447 3607 4504 deus

2044 4561 2267 4615 magnus
2294 4546 2433 4598 sicut
2465 4543 2606 4599 Deus
2638 4545 2851 4599 noster?
2880 4552 2934 4596 tu
2962 4560 3015 4598 es
3049 4543 3191 4598 Deus
3229 4543 3317 4612 qui
3345 4541 3478 4611 facis
3503 4541 3606 4594 mi-

2041 4636 2258 4691 rabilia.
2303 4635 2440 4692 Cum
2489 4636 2704 4691 videam
2754 4634 3106 4690 mutationem
3159 4633 3394 4688 dextera:
3434 4632 3605 4686 Altis-

2040 4729 2186 4794 simi,
2213 4735 2268 4785 et
2297 4729 2479 4799 qualia
2505 4736 2727 4800 cperata
2759 4727 2862 4795 sit;
2903 4740 3030 4781 nam
3059 4725 3223 4783 unius
3275 4726 3452 4796 gentis
3483 4725 3606 4778 loco

2033 4819 2149 4890 jam
2181 4821 2439 4876 omnibus
2471 4819 2726 4890 gentibus
2758 4817 3000 4875 beneﬁca
3031 4825 3146 4884 est;
3179 4831 3286 4871 non
3330 4815 3474 4871 enim
3507 4812 3605 4867 uni

2040 4913 2241 4984 populo
2273 4919 2334 4967 ut
2379 4912 2531 4975 olim,
2582 4912 2678 4967 sed
2722 4909 2977 4966 omnibus
3005 4908 3258 4980 gentibus
3292 4915 3346 4962 et
3390 4904 3608 4977 populis

2040 5003 2296 5058 virtutem
2323 5017 2476 5056 suam
2514 5007 2698 5056 n;t~m
2733 5000 2860 5056 fecit
2885 5017 2900 5066 ;
2930 4999 3052 5053 ideo
3087 5005 3314 5068 stupens
3353 5004 3408 5051 et
3437 4995 3576 5050 mira

2039 5091 2257 5150 bundus
2305 5093 2432 5147 aio:
2460 5092 2624 5158 Deus,
2675 5092 2729 5145 in
2773 5098 2956 5146 sancto
2977 5091 3062 5144 via
3105 5099 3228 5152 tua;
3263 5089 3462 5143 etenim
3502 5085 3605 5141 viae

2039 5192 2146 5242 tum
2185 5184 2600 5256 comprehensio
2652 5182 2944 5237 humanam
2988 5188 3240 5237 naturam
3281 5184 3601 5248 exsuperat;

2035 5276 2112 5332 ita
2139 5284 2200 5331 ut
2230 5277 2322 5333 hic
2368 5276 2614 5347 apposite
2647 5274 2864 5329 dicatur
2894 5293 2908 5329 :
2943 5273 2986 5330 0
3021 5271 3248 5328 altitudo
3271 5269 3600 5332 divitiarum,

2032 5367 2309 5437 sapientiae
2357 5375 2407 5422 et
2451 5365 2684 5422 scientia:
2725 5364 2841 5430 Dei,
2877 5381 3036 5435 quam
3060 5356 3603 5430 incomprehensibilia

2035 5467 2159 5514 sunt
2175 5457 2384 5528 judicia
2404 5458 2540 5528 ejus,
2583 5468 2630 5513 el
2665 5456 3056 5527 investigabiles
3088 5454 3183 5508 viae
3226 5450 3342 5520 ejus
3368 5449 3447 5504 "l
3477 5447 3597 5504 Non

2038 5548 2182 5604 ultra
2210 5565 2338 5621 ergo
2367 5549 2582 5607 curiose
2623 5551 2921 5623 inquirere,
2952 5553 3044 5602 aut
3073 5553 3284 5602 secreta
3309 5541 3600 5616 explorare

451 5689 496 5722 ⁸ο
535 5689 692 5747 Rom.
729 5708 817 5760 χι,
851 5695 972 5778 31⁷).⁴
1018 5697 1060 5729 ⁸¹
1103 5695 1248 5755 Psal.
1286 5713 1480 5768 tum,
1521 5701 1570 5758 Ι.
1647 5703 1692 5735 ⁸⁹
1732 5701 1889 5758 Rom.
1924 5717 1977 5756 xl
2003 5742 2016 5768 ,
2051 5703 2140 5759 33.
