4078 6934
555 367 662 428 895

1269 366 1536 425 EUSEBII
1567 365 2044 424 CESARIENSIS
2077 366 2230 426 (ιρι).
2267 365 2447 424 PARS
2473 365 2562 424 Ill.
2602 393 2672 408 -
2697 363 3107 424 EXEGETICA.

553 489 809 547 convenit
839 505 1003 546 :nam
1034 491 1151 561 quis
1197 491 1337 545 novit
1365 507 1576 545 sensum
1614 490 1852 556 Domini,
1883 500 1974 544 aut
2005 491 2117 560 quis

2227 491 2470 562 γμονεῖν,
2492 490 2614 544 οὐδὲ
2653 489 2725 543 τὰ
2763 490 3058 561 ἀπόρρητα
3101 485 3506 561 διερευνᾶσθαι·
3554 489 3651 557 τις
3693 491 3822 564 γὰρ

553 582 893 638 consiliarius
941 587 1055 654 ejus
1085 583 1282 653 fuit“?
1313 581 1524 639 Idcirco
1565 583 1696 640 dum
1746 583 1865 640 hac
1901 585 2126 656 cogitat,

553 675 967 747 obstupefactus
1001 677 1070 734 de
1116 677 1487 748 profunditate
1534 678 1814 748 sapientia
1863 677 1958 735 Dei
2006 680 2125 738 ait:

555 767 717 834 Deus,
743 768 798 822 in
823 778 1006 822 sancto
1029 769 1113 823 via
1144 778 1237 822 tua
1252 769 1400 839 :quis
1427 768 1554 824 deus
1576 785 1800 840 magnus
1821 770 1958 824 sicut
1987 769 2129 826 Deus

553 863 773 915 noster?
806 869 863 914 tu
888 877 942 915 es
965 859 1107 915 Deus
1130 861 1222 931 qui
1243 860 1380 931 facis
1414 861 1704 916 mirabilia.
1739 861 1871 929 Quae
1899 863 2010 918 sint
2038 863 2130 918 illa

555 950 823 1005 mirabilia
867 951 970 1007 sub
997 951 1110 1006 haec
1141 953 1536 1022 interpretatur
1563 953 1752 1010 dicens
1777 974 1790 1009 :
1819 952 2018 1009 Notam
2055 955 2132 1024 fs-

552 1043 676 1095 cisti
709 1044 763 1096 in
795 1043 1002 1112 populis
1027 1046 1272 1100 virtutem
1297 1055 1482 1109 tuam;
1503 1062 1602 1117 pro
1626 1061 1735 1116 quo
1765 1045 2130 1118 Symmachus

550 1131 744 1198 edidit,
778 1132 977 1188 Notam
1000 1135 1172 1205 fecisti
1200 1137 1256 1190 in
1291 1136 1532 1208 gentibus
1566 1138 1933 1207 fortitudinem
1957 1149 2127 1194 tuam.

551 1221 688 1278 Nam
737 1226 1198 1294 quemadmodum
1240 1229 1370 1283 olim
1404 1227 1592 1299 (Vens.
1627 1229 1715 1302 £6)
1764 1230 2033 1287 redemisti
2073 1235 2130 1288 in

551 1312 768 1370 brachio
810 1324 900 1368 tuo
934 1317 1184 1386 populum
1223 1329 1394 1382 tuum,
1434 1319 1575 1388 filios
1612 1318 1781 1374 Jacob
1819 1328 1872 1375 et
1897 1320 2128 1392 Ioseph,

551 1403 772 1474 quando
815 1406 1017 1462 liberos
1057 1423 1151 1463 eos
1196 1409 1437 1464 eduxisti
1486 1425 1554 1465 ex
1587 1417 1742 1467 terra
1773 1411 2016 1484 Egypti,
2059 1430 2128 1470 ex

550 1492 717 1550 domo
769 1497 1088 1565 servitutis;
1133 1500 1326 1555 eodem
1357 1517 1577 1571 quoque
1631 1503 1791 1559 modo
1815 1505 1952 1574 jam,
2000 1521 2127 1561 cum

551 1585 696 1642 facta
724 1597 810 1644 est
856 1593 1089 1646 mutatio
1118 1593 1356 1648 dexterae
1391 1594 1684 1661 Altissimi,
1728 1606 1914 1653 notam
1951 1599 2128 1656 fecisti

548 1678 606 1734 in
635 1682 852 1751 populis
876 1683 1134 1740 virtutem
1169 1694 1341 1754 tuam,
1373 1693 1429 1744 et
1477 1689 1532 1744 in
1564 1690 1817 1760 gentibus
1845 1689 2127 1748 fortitudi-

548 1785 675 1828 nem
704 1783 878 1833 tuam.

625 1967 788 2028 Vens.
832 1973 918 2029 l7.
969 1975 1223 2032 Viderunt
1276 1987 1325 2033 te
1381 1997 1554 2050 aqute,
1593 1982 1756 2047 Deus,
1791 1981 2033 2038 viderunt
2076 1992 2126 2038 te

548 2081 719 2134 aqum,
761 2075 811 2119 et
845 2066 1155 2135 timuerunt,
1182 2079 1231 2124 et
1266 2071 1494 2128 turbata:
1513 2084 1638 2128 sunt
1680 2074 1881 2146 abyssi.
1919 2074 2124 2130 Admo-

545 2157 672 2210 dum
703 2173 1100 2231 consequenter
1153 2176 1439 2238 postquam
1492 2169 1727 2234 dixerat,
1789 2167 1990 2224 Notam
2044 2169 2124 2239 fe-

545 2250 661 2302 cisti
693 2251 749 2305 in
768 2255 975 2322 populis
999 2258 1245 2313 virtutem
1278 2270 1448 2327 tuam,
1481 2263 1617 2328 sive,
1642 2263 1944 2320 secundum
1973 2261 2124 2336 Sym-

547 2341 827 2407 machum,
883 2344 1087 2402 Notam
1140 2350 1315 2420 fecisti
1357 2355 1412 2409 in
1461 2355 1701 2426 gentibus
1757 2355 2121 2426 fortitudinem

545 2438 712 2496 tuam,
737 2433 918 2492 futura
955 2441 1284 2512 vaticinans,
1314 2445 1572 2501 virtutem
1608 2445 1745 2502 Novi
1785 2445 2120 2504 Testamenti

545 2523 861 2610 prophetiae
892 2528 1152 2585 declarat.
1171 2533 1353 2598 Quare
1381 2533 1460 2589 ait
1512 2553 1527 2590 :
1571 2535 1831 2591 Viderunt
1860 2545 1908 2592 te
1941 2553 2116 2610 aqua,

544 2609 708 2677 Deus,
734 2615 972 2672 viderunt
1002 2629 1048 2675 te
1076 2638 1248 2692 aqua’,
1277 2633 1326 2678 et
1369 2626 1679 2681 timuerunt.
1709 2627 1866 2683 Sicut
1890 2609 2033 2684 enim
2063 2630 2119 2685 in

544 2702 599 2757 in
630 2706 778 2761 exitu
802 2709 930 2764 olim
967 2710 1198 2767 ﬁliorum
1225 2713 1392 2771 Israel
1418 2733 1482 2772 ex
1525 2717 1781 2788 Egypto,
1813 2735 1958 2772 mare
1989 2719 2117 2774 vidit

539 2806 592 2854 et
620 2803 778 2872 fugit,
799 2801 1057 2861 Iordanis
1089 2823 1367 2864 conversus
1403 2820 1481 2864 est
1504 2819 1793 2864 retrorsum
1817 2810 1895 2878 “;
1925 2810 2116 2866 eodem

542 2891 705 2947 modo
739 2893 796 2948 in
827 2895 1062 2952 adventu
1106 2897 1497 2967 Emmanuelis,
1561 2901 1635 2972 (id
1691 2909 1796 2968 est,
1845 2903 2115 2958 nobiscum

541 2979 730 3056 Deus,)
755 2999 879 3042 curn
905 2989 1139 3046 accessit
1160 2991 1226 3045 ad
1256 2989 1549 3048 Iordanem
1578 2990 1824 3058 ﬂuvium,
1859 3009 2012 3065 aqua:
2033 2997 2116 3050 vi-

538 3070 732 3130 dentes
753 3090 875 3129 eum
907 3085 1132 3149 stupore
1168 3083 1432 3152 perculsa:
1450 3092 1598 3140 sunt.
1625 3085 1766 3151 Quin
1792 3087 1953 3140 etiam
1971 3088 2113 3141 mul-

2226 583 2380 652 ἔγνω
2409 581 2563 637 νοῦν
2596 582 2844 650 Κυρίου,
2867 581 2907 650 ἣ
2947 581 3039 648 τίς
3079 581 3426 650 σύμϐουλος
3448 581 3635 638 αὑτοῦ
3679 583 3816 653 ἐτό-

2226 689 2404 740 νετος
2433 674 2525 728 Διὸ
2555 673 2694 728 κατά
2718 674 2909 746 καιρὸν
2929 672 3098 727 ταῦτα
3116 674 3397 744 ἐννοήσας,
3425 674 3818 748 ὑπερεκπλήτ-

2225 781 2378 818 τεται
2421 763 2484 818 τὸ
2514 763 2678 835 βάθος
2706 764 2808 836 τῆς
2855 765 3047 834 σοφίας
3078 763 3171 818 τοῦ
3203 763 3362 830 Θεοῦ,
3395 764 3489 819 καί
3519 783 3710 836 φησιν·
3755 767 3820 820 Ὁ

2229 855 2394 922 Θεὸς,
2431 853 2503 910 ἐν
2532 853 2613 920 τῷ
2638 855 2785 924 ἁγίῳ
2811 854 2850 923 ή
2878 854 3020 921 ὁδός
3045 869 3163 910 σου
3183 869 3200 885 °
3231 854 3325 922 τίς
3367 854 3504 922 θεὸς
3515 855 3704 925 μέγας
3725 856 3817 922 ὡς

2197 952 2261 1004 ’ὀ
2291 951 2438 1016 Θεὸς
2472 947 2680 1020 ήμῶν;
2723 948 2806 1004 σὺ
2838 944 2898 1003 εἴ
2930 950 2964 1003 ὁ
3003 947 3149 1014 Θεὸς
3188 948 3223 1001 ὁ
3269 943 3458 1000 ποιῶν
3480 945 3816 1015 θαυμάσια.

2226 1043 2364 1098 Ποῖα
2393 1043 2451 1098 δὲ
2478 1043 2754 1115 θαυμάσια
2776 1041 3125 1115 διερμηνεύει
3151 1038 3280 1109 ἐξῆς
3301 1039 3502 1094 εἰπών’
3537 1041 3818 1109 Ἐτνώίκρ

2227 1147 2346 1198 σας
2389 1132 2460 1187 ἐν
2504 1132 2630 1200 τοῖς
2683 1131 2856 1199 λαοῖς
2903 1132 3020 1200 τὴν
3063 1131 3323 1200 δύναμίν
3370 1147 3518 1186 σου·
3543 1130 3660 1185 ἀνθ’
3687 1125 3753 1185 οὗ
3783 1133 3820 1188 ὁ

2228 1224 2526 1296 Σύμμαχος
2580 1224 2810 1291 ἐξέδωκε
2827 1241 2842 1255 ο
2877 1221 3177 1291 Γωστήν
3221 1222 3516 1290 ἐποίησας
3554 1223 3625 1276 ἐν
3679 1223 3816 1290 τοῖς

2225 1317 2430 1374 ἔθνεσι
2456 1317 2570 1385 τὴν
2599 1319 2782 1387 ἰσχύν
2817 1317 3172 1388 σου.Ὦσπερ
3204 1314 3315 1387 γὰρ
3345 1314 3662 1384 ἐλυτρώσω
3696 1316 3816 1368 πά-

2225 1410 2314 1464 λαι
2347 1410 2478 1464 ποτέ
2499 1410 2569 1464 ἐν
2591 1408 2671 1476 τῷ
2697 1410 2974 1480 βραχίονι
3018 1424 3138 1464 σου
3178 1406 3283 1462 τὸν
3312 1409 3467 1462 λαόν
3505 1422 3643 1474 σου,
3665 1407 3818 1475 τοὺς

2225 1499 2396 1567 υἱοὺς
2428 1499 2629 1555 Ἰακὼϐ
2652 1500 2751 1554 καί
2787 1499 3022 1568 Ἰωσὴφ,
3055 1498 3131 1552 ὄπτ’
3157 1497 3484 1570 ήλευθέρους
3517 1498 3714 1563 αὐτοὺς
3741 1499 3820 1552 ἐκ

2226 1593 2328 1664 γῆς
2356 1591 2656 1662 Αἰγύπτου,
2690 1593 2749 1660 ἐξ
2790 1592 2939 1647 οἴκου
2987 1591 3230 1656 δουλείας
3268 1591 3361 1646 τὸν
3399 1591 3559 1646 αὑτὸν
3603 1592 3818 1663 τράπε»

2225 1684 2322 1736 καὶ
2349 1682 2464 1746 νῦν,
2494 1684 2584 1738 ὅτε
2611 1683 2836 1753 γέγονεν
2867 1683 3153 1748 ἀλλοίωσις
3181 1684 3279 1754 τῆς
3310 1682 3491 1750 δεξιᾶς
3517 1683 3611 1738 τοῦ
3649 1683 3816 1754 Tt}!—

2227 1790 2378 1838 στου,
2409 1774 2714 1847 ἐγνώρισας
2760 1778 2818 1830 ἐν
2859 1780 2972 1842 τοῖς
3003 1776 3150 1841 λαοῖς
3174 1774 3273 1848 τήν
3303 1774 3532 1848 δύναμιν
3558 1793 3676 1840 σου,
3706 1776 3818 1830 καὶ

2155 1841 2198 1897 Β
2226 1868 2286 1920 ἐν
2314 1869 2427 1932 τοῖς
2451 1841 2635 1921 ’ἔθνεσι
2662 1868 2761 1939 τὴν
2797 1866 2950 1938 ἰσχύν
2983 1884 3100 1922 σου.

2294 1979 2564 2038 Εἰδοσάν
2586 1993 2660 2034 σε
2687 1979 2899 2045 ὕδατα,
2921 1983 2954 2035 ό
2988 1981 3132 2045 Θεὸς
3149 2022 3164 2045 ,
3195 1979 3447 2035 εῖόοσὰν
3472 1994 3547 2035 σε
3576 1981 3774 2035 ὕδατα
3791 2021 3814 2045 ,

2221 2068 2320 2123 καί
2357 2067 2746 2138 ἐφοϐήθησαν
2764 2109 2780 2136 ,
2815 2069 2914 2123 καὶ
2960 2070 3382 2141 ἐταράχθησαν
3418 2073 3479 2125 al
3519 2071 3810 2126 ἄϐυσσοι.

2221 2161 2435 2234 Σφόδρα
2463 2161 2770 2227 ἀκολούθως
2796 2161 3096 2236 προειπὼν,
3165 2162 3520 2233 Ἐγνώρισας
3561 2163 3633 2217 ἐν
3677 2163 3818 2231 τοῖς

2219 2252 2390 2320 λαοῖς
2436 2252 2550 2322 τὴν
2597 2253 2856 2324 δύναμιν
2885 2270 3032 2310 σου·
3092 2257 3126 2328 ἢ
3162 2256 3306 2311 κατὰ
3334 2258 3428 2312 τὸν
3475 2257 3810 2330 Σύμμαχον,

2219 2344 2516 2414 Γνωστὴν
2534 2347 2828 2415 ἐποίησας
2847 2347 2919 2401 ἐν
2935 2346 3060 2414 τοῖς
3080 2347 3286 2404 ἔθνεσι
3307 2348 3425 2417 τὴν
3448 2351 3635 2420 ἰσχύν
3657 2365 3812 2419 σου,

2219 2436 2514 2509 παρίστησι
2541 2438 2641 2510 τὴν
2671 2436 2897 2510 δύναμιν
2922 2439 3022 2511 τῆς
3048 2441 3258 2511 Καινῆς
3276 2440 3557 2513 Διαθήκης
3587 2459 3816 2514 προφη-

2217 2529 2384 2593 τικῶς
2401 2528 2469 2583 τὰ
2492 2530 2750 2600 μέλλοντα
2773 2530 3066 2597 θεσπίζων.
3097 2533 3189 2588 Διό
3217 2551 3381 2606 φησιν
3396 2551 3410 2564 °
3439 2533 3707 2588 Ετδοσάν
3725 2551 3815 2589 σε

2217 2620 2428 2688 ὕδατα,
2445 2623 2478 2675 ό
2495 2621 2658 2689 Θεὸς,
2679 2622 2929 2678 εἷϐοσάν
2945 2639 3021 2678 σε
3041 2623 3250 2690 ὕδατα,
3272 2625 3370 2679 καί
3389 2624 3809 2696 ἐφοϐήθησαν.

2218 2711 2431 2786 Ὥσπερ
2458 2713 2566 2787 γὰρ
2601 2715 2767 2770 πάλαι
2790 2717 2919 2770 ποτέ
2942 2717 3035 2770 ἐπὶ
3061 2717 3162 2789 τῆς
3187 2717 3246 2783 ἐξ
3262 2717 3538 2787 Αἰγύπτου
3569 2719 3810 2789 πορείας

2213 2803 2325 2857 τῶν
2355 2804 2486 2858 οἰῶν
2527 2807 2743 2880 Ἰσραὴλ
2767 2847 2782 2871 ,
2832 2807 2870 2874 ἡ
2905 2807 3190 2863 θάλασσα
3219 2805 3373 2873 εἶδε,
3423 2809 3520 2862 καί
3549 2807 3806 2879 ἔφυγεν,

2216 2898 2250 2950 ὀ
2266 2911 2272 2917 ·
2287 2895 2584 2967 Ἰορδάνης
2605 2898 2873 2968 ἐστράφη
2896 2901 2984 2966 εὶς
3011 2900 3084 2954 τὰ
3104 2901 3298 2954 ὀπίσω
3313 2917 3327 2930 ο
3361 2901 3455 2954 τὸν
3482 2900 3646 2954 αὐτὸν
3668 2900 3804 2971 τρό-

2215 3004 2316 3041 πον
2357 2989 2452 3042 καὶ
2495 2989 2638 3043 κατὰ
2675 2990 2775 3062 τήν
2821 2990 3124 3064 παρουσίαν
3166 2991 3261 3046 τοῦ
3310 2991 3676 3063 Ἐμμανουήλ,
3699 2991 3802 3063 δηι

2213 3080 2347 3153 λαδή
2383 3079 2479 3135 τοῦ
2516 3082 2635 3153 μεθ’
2663 3083 2820 3155 ήμῶν
2862 3083 2996 3137 Θεοῦ
3017 3123 3033 3148 ,
3074 3084 3312 3156 ὁπηνίκα
3344 3085 3546 3157 παρῄει
3572 3085 3666 3138 ἐπὶ
3696 3084 3801 3138 τὸν

536 3163 714 3220 titudo
748 3171 1076 3240 populorum
1116 3172 1168 3226 in
1203 3173 1466 3232 Ecclesiis
1515 3175 1610 3232 Dei
1658 3178 1906 3242 collecta,
1954 3181 2110 3250 aquis

2225 3171 2494 3243 Ἰορδάνην
2525 3173 2789 3244 ποταμὸν,
2819 3173 2996 3229 ἰδόντα
3019 3175 3182 3229 αὐτὸν
3206 3175 3273 3230 τὰ
3303 3175 3470 3230 ὕδατα.
3495 3176 3794 3248 ἐξεπλάγη.

536 3254 846 3313 consimilis
877 3257 1068 3330 (Vens.
1107 3261 1192 3331 18)
1225 3265 1528 3322 secundum
1577 3269 1956 3340 pr0pheticum
1998 3285 2116 3325 ser-

537 3359 777 3411 monem,
823 3347 937 3404 Vox
964 3354 1199 3422 gentium
1227 3356 1542 3424 multarum,
1578 3360 1772 3414 similis
1805 3363 1957 3433 aquis
1984 3362 2114 3416 mul-

535 3434 606 3490 tis
628 3436 696 3500 ⁸⁸,
734 3435 903 3494 Deum
963 3442 1110 3498 inter
1144 3444 1394 3504 homines
1439 3449 1872 3521 peregrinantem
1913 3455 2112 3510 mentis

535 3527 710 3585 oculis
732 3530 950 3598 videns,
980 3535 1209 3590 salutari
1237 3538 1434 3594 timore
1469 3549 1720 3611 correpta
1753 3551 1860 3607 est,
1903 3544 1972 3600 de
1999 3561 2110 3616 quo

532 3615 758 3687 dicitur,
803 3621 1028 3680 Initium
1075 3628 1353 3697 sapientia:
1406 3631 1565 3686 timor
1618 3632 1714 3686 Dei
1749 3633 1818 3691 ⁸⁸.
1853 3615 2108 3703 Quandiu

531 3711 683 3766 enim
709 3728 863 3785 aqua:
894 3717 998 3774 illae
1049 3733 1206 3774 caecae
1249 3729 1427 3787 erant,
1471 3721 1641 3779 Deum
1673 3740 1782 3781 non
1824 3727 2104 3794 videbant,

531 3815 637 3862 nec
662 3805 858 3864 timore
883 3809 1004 3878 ejus
1026 3809 1232 3866 ali‘ectie
1258 3823 1446 3882 erant;
1470 3831 1618 3872 nunc
1643 3826 1823 3873 autem
1851 3835 2104 3890 magnam

532 3896 826 3955 utilitatem
858 3917 922 3956 et
954 3906 1418 3975 contemplatione
1471 3916 1528 3965 et
1577 3910 1894 3982 cognitione
1939 3910 2104 3968 Verbi

533 3988 678 4057 apud
711 4004 770 4044 se
799 3993 1205 4062 peregrinantis
1235 4009 1588 4068 acceperunt.
1619 3997 1969 4074 Rursumque
2017 4019 2106 4060 se-

531 4077 771 4134 cundum
807 4079 1114 4149 historiam,
1149 4100 1273 4140 cum
1315 4085 1575 4145 Servator
1605 4091 1906 4162 discipulos
1934 4093 2103 4164 jussit

532 4172 828 4229 ascendere
873 4177 927 4230 in
955 4179 1266 4236 naviculam
1299 4191 1354 4237 et
1387 4184 1775 4254 transfretare;
1821 4192 1876 4242 et
1905 4195 2103 4258 quarta

531 4263 714 4334 vigilia
746 4269 926 4323 noctis
966 4271 1113 4325 venit
1145 4271 1212 4326 ad
1263 4289 1358 4330 eos
1390 4276 1677 4331 ambulans
1707 4291 1874 4348 supra
1910 4293 2098 4346 mare;

527 4361 664 4410 tunc
695 4356 860 4412 etiam
890 4359 1143 4416 viderunt
1179 4377 1303 4418 eum
1335 4379 1490 4437 aqua:
1518 4373 1572 4421 et
1594 4367 1916 4424 timuerunt.
1967 4370 2100 4426 item

2216 3261 2291 3314 ού
2315 3261 2419 3333 μὴν
2451 3263 2586 3318 ἀλλὰ
2615 3265 2709 3318 καὶ
2734 3264 2803 3318 τὰ
2829 3263 3010 3336 πλήθη
3041 3266 3152 3320 τῶν
3184 3267 3242 3320 ἐν
3273 3269 3395 3330 ταῖς
3442 3266 3799 3338 Ἐκκλησίσις

2211 3351 2305 3405 τοῦ
2323 3353 2457 3406 Θεοῦ
2484 3372 2778 3428 συγκροτου
2787 3358 2962 3430 μένων
2981 3359 3146 3424 λαῶν,
3171 3358 3326 3413 ὕδασι
3345 3359 3798 3431 παρωμοιωμένα

2211 3444 2354 3498 κατὰ
2377 3444 2470 3499 τὸν
2501 3448 2779 3516 φάσκοντα
2801 3451 3136 3523 προφητικὸν
3163 3450 3320 3521 λόγον
3337 3491 3352 3517 ,
3393 3451 3566 3521 Φωνὴ
3597 3451 3797 3506 ἐθνῶν

2209 3536 2458 3592 πολλῶν
2513 3540 2688 3609 ὁμοία
2712 3541 2947 3598 ὑδάτων
2978 3543 3255 3599 πολλῶνο
3286 3544 3460 3599 ἰδόντα
3483 3545 3662 3618 ψυχῆς
3688 3547 3794 3618 ὀφ-

2208 3625 2433 3700 θαλμοῖς
2459 3629 2550 3684 τὸν
2581 3633 2662 3696 εἰς
2691 3632 3010 3706 ἀνθρώπους
3039 3635 3469 3709 ἐπιδεδημηκότα
3495 3637 3627 3692 Θεὸν
3648 3679 3663 3705 ,
3700 3639 3795 3708 φό-

2207 3718 2301 3773 ϐον
2330 3721 2592 3777 ἀνέλαϐον
2621 3726 2909 3798 σωτήριον,
2941 3728 3070 3800 περὶ
3099 3721 3160 3783 οὗ
3187 3731 3429 3802 εἴρηται·
3474 3730 3656 3801 Ἀρχὴ
3684 3749 3794 3786 σο-

2205 3813 2347 3882 φίας
2383 3817 2566 3882 φόϐος
2620 3817 2788 3872 Θεοῦ.
2848 3820 2994 3884 Ἕως
3027 3820 3128 3890 μὲν
3169 3821 3276 3893 γὰρ
3308 3822 3686 3891 τυφλώττοντα
3714 3821 3791 3897 ἦν

2203 3901 2378 3956 ταῦτα
2399 3903 2469 3958 τὰ
2501 3904 2688 3972 ὕδατα,
2713 3908 2812 3981 ούχ
2838 3908 2983 3982 ἐώρα
3007 3910 3098 3964 τὸν
3123 3911 3279 3976 Θεὸν,
3294 3913 3416 3968 οὐδὲ
3449 3914 3612 3985 φόϐον
3640 3912 3791 3987 εἶχεν

2203 3991 2370 4047 αὐτοῦ
2391 4010 2405 4026 ·
2436 3996 2554 4050 νυνὶ
2571 3997 2628 4050 δὲ
2652 3998 2719 4052 τὰ
2743 3999 2955 4070 μεγάλα
2977 4001 3252 4074 ὠφέληται
3275 4003 3384 4058 ἀπὸ
3408 4005 3508 4076 τῆς
3534 4005 3662 4072 θέας
3689 4009 3790 4063 καὶ

2201 4083 2304 4154 τῆς
2332 4085 2588 4155 γνώσεως
2616 4089 2710 4143 τοῦ
2745 4093 3182 4164 ἐπιδημήσαντος
3216 4095 3400 4160 αὐτοῖς
3433 4097 3614 4168 λόγου.
3672 4095 3787 4154 Καὶ

2201 4170 2354 4240 αὖθις
2379 4178 2518 4232 κατὰ
2546 4180 2642 4251 τὴν
2675 4181 2934 4254 ἱστορίαν,
2963 4185 3201 4256 ὁπηνίκα
3232 4187 3260 4240 δ
3286 4187 3476 4260 Σωτὴρ
3502 4191 3786 4260 ήνάγκασε

2198 4268 2327 4332 τοὺς
2352 4269 2599 4342 μαθητὰς
2627 4273 2872 4329 ἀνελθεῖν
2892 4277 2972 4341 εἰς
2999 4277 3060 4330 τὸ
3079 4279 3263 4334 πλοῖον
3292 4282 3388 4334 καὶ
3411 4284 3672 4354 προάγειν
3701 4288 3786 4352 είς

2199 4359 2261 4412 τὸ
2301 4361 2506 4433 πέραν·
2541 4359 2662 4419 εἶτα
2700 4367 2936 4441 τετάρτῃ
2979 4371 3192 4444 φυλακῇ
3227 4372 3328 4442 τῆς
3359 4375 3553 4441 νυκτὸς
3584 4377 3785 4450 ἤρχετο

527 4445 750 4516 quando
810 4447 1112 4520 increpavit
1162 4463 1356 4511 ventos
1412 4465 1466 4512 et
1505 4473 1674 4523 mare,
1720 4467 1775 4515 et
1827 4459 1972 4516 facta
2014 4469 2100 4518 est

2215 4451 2560 4520 πρὸς-αὑτοὺς
2587 4458 2905 4526 περιπατῶν
2935 4461 3028 4514 ἐπὶ
3055 4463 3154 4538 τῆς
3179 4463 3454 4538 θαλάσσης
3470 4485 3484 4498 ο
3531 4445 3633 4523 καί.
3657 4445 3781 4525 τότε

527 4537 902 4608 tranquillitas
925 4556 1142 4612 magna,
1168 4545 1401 4600 turbatae
1425 4555 1554 4601 sunt
1582 4548 1788 4620 abyssi,
1823 4556 1878 4605 et
1910 4551 2099 4605 multi-

2215 4538 2344 4598 εἶδον
2363 4546 2526 4600 αὑτὸν
2547 4546 2734 4615 ὕδατα,
2757 4552 2851 4606 καὶ
2871 4527 3236 4626 ἐφοϐήθησαν.
3275 4527 3551 4615 Ἀλλά-καὶ
3568 4564 3654 4618 ὅτε
3680 4566 3783 4619 ἐπ-

524 4625 662 4682 tudo
699 4629 914 4687 sonitus
967 4645 1252 4704 aquarum.
1284 4634 1408 4692 Haec
1447 4653 1611 4708 porro
1641 4640 1946 4696 secundum
1979 4656 2104 4712 pro-

2215 4637 2435 4710 ετίμησε
2453 4641 2564 4705 τοῖς
2593 4642 2816 4715 ἀνέμοις
2843 4646 3012 4720 καὶτῇ
3037 4647 3301 4723 θαλάσσῃ,
3320 4653 3414 4708 καὶ
3441 4655 3652 4724 ἐγένετο
3677 4674 3782 4727 γα-

525 4719 768 4792 phetiam
815 4723 884 4778 ad
916 4723 1155 4780 litteram
1186 4728 1584 4799 implebantur;
1633 4733 1939 4787 secundum
1967 4749 2099 4790 vero

2215 4729 2333 4821 mw;
2368 4732 2612 4804 μεγάλη,
2642 4719 3023 4810 ἐταράχθησαν
3054 4742 3109 4796 αἱ
3141 4719 3386 4809 ἄϐυσσοι,
3437 4719 3531 4800 καὶ
3573 4719 3781 4821 πλῆθος

524 4813 847 4884 penitiorem
905 4826 1161 4885 mentem,
1214 4836 1411 4893 aqum,
1480 4839 1675 4895 nempe
1720 4826 2098 4883 ecclesiastica

2215 4820 2363 4892 ῇχους
2391 4822 2601 4889 ὓδατος.
2635 4827 2744 4881 Καὶ
2773 4827 2946 4884 ταῦτα
2978 4831 3076 4902 μὲν
3113 4834 3346 4890 ἐτελεῖτο
3380 4813 3682 4912 συμφώνως

524 4903 820 4960 multitudo
847 4907 1105 4966 omnibus
1148 4926 1214 4966 ex
1250 4914 1505 4984 gentibus
1561 4915 1815 4983 collecta,
1877 4917 2096 4973 initium

2215 4915 2504 4988 προφητείᾳ
2530 4917 2666 4989 πρὸς
2692 4917 2856 4988 λέξιν,
2884 4920 3020 4994 πρὸς
3046 4923 3102 4976 δὲ
3124 4923 3382 4994 διάνοιαν,
3416 4903 3485 4984 τά
3505 4903 3614 5002 ’μὲν
3643 4903 3772 4986 ξ’λδαἸ

521 4994 804 5064 sapientiae
847 4996 1052 5054 eli‘ecue
1104 5009 1253 5066 sunt,
1291 5011 1474 5074 utpote
1524 5021 1644 5074 quae
1677 5005 1862 5060 divino
1897 5006 2096 5062 timore

2215 5023 2284 5072 :a,
2318 5007 2461 5078 λέγω
2482 5009 2540 5064 δὲ
2567 5010 2636 5066 τὰ
2665 5011 2842 5085 πλήθη
2875 5015 2943 5068 τὰ
2971 5016 3401 5090 ἐκκλησιαστικὰ
3431 5023 3491 5089 ἐξ
3516 4994 3771 5083 άπάντων

521 5081 729 5139 uirecta:
760 5083 984 5154 fuerint,
1012 5091 1314 5148 secundum
1345 5094 1500 5159 illud,
1545 5095 1768 5150 Initium
1814 5096 2092 5166 sapientia:

2215 5098 2307 5154 τῶν
2332 5100 2502 5156 ἐθνῶν
2528 5081 2864 5176 συνηγμένα,
2891 5106 3031 5180 ἁρχὴ
3057 5081 3245 5178 σοφίας
3270 5081 3490 5182 γέγονε,
3511 5116 3603 5170 τὸν
3629 5081 3767 5172 θεῖον

519 5171 680 5227 timor
709 5172 918 5230 Domini
939 5178 1005 5232 ".
1042 5179 1240 5252 Abyssi
1275 5198 1424 5250 vero,
1447 5200 1568 5256 quae
1593 5186 1823 5242 diversa}
1839 5185 1909 5243 ab
1933 5189 2092 5258 aquis

2215 5193 2534 5250 ἰναλαϐόντα
2581 5171 2743 5265 φόϐον
2788 5171 2943 5252 κατὰ.
3052 5241 3068 5265 ,
3337 5171 3558 5276 σοφίας
3585 5211 3767 5278 φόϐος

518 5275 696 5330 erant,
730 5270 963 5327 turbatae
997 5282 1147 5338 sunt,
1200 5275 1272 5329 ita
1315 5283 1375 5330 ut
1427 5280 1666 5334 sonitum
1694 5295 1759 5335 ac
1793 5279 2087 5336 tumultum

2215 5287 2447 5354 Κυρίου·
2478 5289 2534 5341 αἱ
2560 5289 2618 5342 δὲ
2649 5289 2894 5358 ἄϐυσσοι,
2928 5293 3108 5366 ἕτεραι
3136 5270 3290 5351 οὖσαι
3321 5270 3470 5372 παρὰ
3498 5270 3567 5355 τά
3585 5270 3764 5358 ⁷ὕδατα

517 5352 784 5417 facerent.
807 5360 1019 5420 Dixeris
1047 5380 1211 5434 Porro
1235 5365 1462 5440 abyssos
1493 5384 1615 5425 esse
1635 5371 1875 5441 gentium
1903 5371 2086 5426 incre-

2215 5352 2584 5450 ταράχθησαν,
2607 5379 2684 5443 ὡς
2701 5375 2834 5452 ἦχον
2861 5352 2955 5437 καὶ
2976 5352 3203 5457 θύρυϐον
3228 5352 3566 5460 παρασχεϊνῖ

517 5445 772 5506 dularum
818 5452 1062 5518 ordines,
1117 5471 1239 5525 qum
1283 5458 1454 5512 variis
1508 5462 1844 5531 temporibus
1896 5469 2088 5518 contra

2215 5466 2233 5511 Ρ
2270 5445 2337 5523 άν
2508 5445 2776 5537 ἀϐύσσους
2802 5471 2939 5530 εἶναι
2983 5445 3053 5530 τά
3088 5445 3343 5548 τάγματα
3375 5445 3486 5534 τᾶν
3519 5445 3762 5537 ἀπίστων

523 5535 824 5597 Ecclesiam
860 5545 1225 5617 insurgentes,
1263 5551 1673 5620 persecutiones
1713 5553 2084 5609 concitarunt.

2219 5557 2359 5612 θνῶν
2387 5559 2495 5614 τῶν
2521 5563 2586 5632 τῇ
2635 5535 2931 5637 Ἐκκλησία
2959 5565 3102 5622 κατὰ
3141 5535 3366 5641 καιροὺς
3391 5535 3760 5645 ἐπανισταμέ-

503 5629 634 5706 8εά
664 5633 841 5704 primo
865 5637 1083 5708 quidem
1131 5655 1288 5712 aqua:
1317 5638 1490 5698 Deum
1528 5642 1847 5712 timuerunt,
1899 5653 2087 5718 postea

2215 5665 2326 5715 ιων,
2374 5649 2469 5704 καὶ
2511 5629 2639 5717 τούς
2678 5654 2798 5708 κατ’
2821 5629 2999 5726 ἀὐτῆς
3037 5629 3310 5728 διωγμούς
3345 5629 3757 5733 ἐπεγειρόντων

611 5811 656 5848 ⁸³
694 5810 798 5870 lsa.
835 5831 931 5883 XL,
969 5818 1056 5874 i3.
1132 5818 1176 5854 ⁸⁵
1216 5820 1360 5880 Psai.
1400 5839 1562 5891 exui,
1595 5827 1647 5883 5.
1725 5828 1771 5861 ⁸⁸
1815 5829 2005 5894 Ειεείι.
2044 5845 2117 5884 η

2228 5832 2282 5886 ‘2.
2358 5832 2404 5867 ⁸ο
2445 5831 2587 5890 Psal.
2624 5849 2720 5899 ex.
2759 5835 2847 5892 10.
2925 5837 2968 5870 ⁸⁷
3007 5836 3153 5894 Psal.
3185 5855 3274 5907 cx,
3312 5839 3397 5895 10.
