4078 6934
537 421 645 481 899

1273 407 1546 466 EUSEBII
1597 399 2074 464 CAESARIENSIS
2113 395 2264 455 OPP.
2303 391 2488 449 PARS
2513 389 2600 448 ιιι.
2637 420 2706 432 -
2733 381 3146 442 EXEGETICA.

3679 376 3798 435 900

539 540 714 594 locum
741 537 797 592 in
825 552 935 591 uno
967 534 1051 589 die
1077 533 1142 586 ⁸³.
1179 531 1310 597 Quae
1336 527 1638 585 secundum
1671 522 1951 596 physicam
1980 533 2109 574 con-

2237 513 2378 570 ἱάόελ
2393 511 2462 566 τὰ
2481 509 2769 592 νικητήρια
2787 503 3137 576 ἀπηνέγκατο
3153 497 3302 572 παρὰ
3320 496 3400 570 τῷ
3420 494 3627 568 βασιλεῖ
3645 497 3801 568 εἰρη-

541 629 928 686 siderationem
959 627 1104 681 dicta
1131 623 1262 679 sint.
1289 621 1415 676 Haec
1437 635 1623 691 porro,
1641 632 1763 688 qua:
1786 621 2109 676 tractamus,

541 720 840 791 evangelici
880 717 974 773 Dei
1021 716 1288 771 adventus
1316 713 1574 768 virtutem
1609 709 2005 771 vaticinantur;
2055 710 2114 756 ut

542 816 798 870 videlicet
826 813 948 882 ejus
1003 824 1170 881 opera
1221 808 1514 862 multitudo
1545 803 1787 874 gentium
1819 799 1989 853 Deum
2020 811 2114 850 co-

544 904 811 971 gnoverit,
847 901 1033 972 abyssi
1062 899 1296 952 turbatae
1332 895 1556 958 fuerint,
1598 895 1914 947 memorata:
1941 885 2115 940 nubes

543 1011 731 1050 vocem
769 993 1048 1057 dederint;
1087 991 1298 1060 sagitta:
1312 987 1432 1058 ejus
1460 984 1802 1048 transierint,
1823 989 1993 1050 utque
2012 992 2116 1030 vox

546 1086 779 1140 tonitrui
813 1084 932 1153 ejus
958 1083 1122 1138 fuerit
1145 1082 1200 1134 in
1225 1088 1375 1146 rota;
1415 1078 1481 1132 ad
1520 1077 1635 1131 haec
1664 1088 1793 1130 vero
1823 1071 2028 1136 omnia,
2052 1076 2116 1122 ut

546 1178 762 1248 fulgura
794 1175 915 1244 ejus
947 1175 1002 1228 in
1033 1171 1166 1228 orbe
1188 1169 1562 1242 apparuerint.
1591 1167 1724 1233 Quae
1755 1163 1967 1234 fulgura
1997 1160 2117 1230 ejus

543 1285 670 1325 esse
694 1268 920 1331 dixeris,
955 1265 1062 1321 nisi
1120 1262 1466 1334 splendorem
1518 1259 1912 1315 charismatum
1946 1251 2118 1308 sancti

551 1361 793 1431 Spiritus
822 1361 914 1430 qui
947 1373 1045 1428 per
1077 1365 1250 1409 totum
1279 1356 1468 1410 orbem
1499 1350 1777 1423 fulgurat?
1817 1346 1963 1401 Nam
1995 1345 2121 1398 divi-

547 1453 721 1507 siones
748 1453 1045 1522 gratiarum
1091 1458 1236 1513 sunt,
1295 1447 1432 1501 idem
1465 1462 1582 1500 vero
1615 1442 1866 1512 Spiritus.
1918 1439 1986 1494 Et
2025 1439 2120 1492 alii

550 1543 759 1613 quidem
813 1557 911 1609 per
960 1538 1219 1608 Spiritum
1259 1537 1422 1590 datur
1459 1551 1630 1590 sermo
1683 1531 1980 1600 sapientia,
2025 1527 2122 1582 alii

551 1650 723 1688 sermo
758 1633 1014 1696 scientiis,
1049 1631 1146 1684 alii
1175 1629 1306 1698 ﬁdes
1336 1629 1403 1695 νδ,
1451 1637 1506 1682 et
1558 1633 1776 1681 caetera.
1833 1621 1964 1688 Quae
1997 1634 2123 1674 cum

551 1727 869 1798 praestantia
899 1725 1088 1795 gratia:
1115 1723 1209 1778 Dei
1239 1723 1381 1778 dona
1416 1721 1549 1785 sint,
1575 1735 1676 1775 ceu
1700 1717 1914 1788 fulgura
1936 1713 2125 1768 Eccle-

547 1821 691 1876 siam
727 1819 849 1888 ejus
879 1819 1180 1871 illustrant.

2213 606 2343 670 κῶς·
2367 603 2424 659 Μ
2424 602 2566 674 έγας
2581 604 2613 655 ό
2629 587 2904 668 οὐρανὸς,
2923 595 3021 648 καὶ
3041 590 3230 663 μέγας
3245 593 3278 644 ό
3295 590 3489 658 ἣλιος,
3507 587 3598 641 ὅτι
3617 589 3802 655 στρό-

2212 714 2382 769 scatat
2411 696 2480 749 ἐν
2508 691 2589 758 τῷ
2615 692 2820 757 κύκλῳ
2840 687 2946 742 τοῦ
2966 683 3246 755 οὐρανοῦ,
3277 681 3375 734 καὶ
3399 680 3804 749 ἐπανέρχεται

2212 765 2300 858 εἰς
2326 787 2434 842 τὸν
2459 784 2614 839 ῖδιογ
2642 781 2828 835 τόπον
2855 777 2924 832 ἐν
2955 774 3146 846 ἡμέρᾳ
3343 771 3531 824 Ταῦτα
3568 771 3668 841 μὲν
3698 765 3804 824 οὖν

2215 881 2357 938 κατὰ
2398 876 2630 950 φυσικὴν
2659 872 2910 945 θεωρίαν.
2971 868 3054 922 Τὰ
3079 867 3138 921 δέ
3172 864 3512 938 προκείμενα
3545 861 3803 926 θεσπίζει

2214 977 2314 1047 τῆς
2341 969 2696 1041 εὐαγγελικῆς
2722 961 3044 1034 θεοφανειας
3075 960 3173 1031 τὴν
3205 957 3430 1028 δύναμιν
3454 973 3468 986 ·
3501 956 3595 1009 καί
3619 955 3697 1018 ὼς
3720 954 3801 1007 δι’

2216 1067 2384 1138 αὐτῆς
2408 1065 2477 1118 τὰ.
2505 1060 2682 1132 πλήθη
2721 1059 2816 1130 μὲν
2851 1055 2959 1110 τῶν
2986 1053 3153 1107 ἐθνῶν
3173 1051 3266 1104 τὸν
3292 1050 3424 1103 Θεὸν
3452 1047 3666 1116 ἐπέγνω
3689 1087 3704 1114 ,
3731 1047 3805 1100 αἱ

2216 1161 2273 1215 δέ
2299 1158 2522 1214 άὸυσσοι
2551 1150 2930 1224 ἐταράχθησαν
2952 1188 2968 1214 ,
3001 1147 3056 1199 αἱ
3082 1145 3139 1198 δὲ
3173 1141 3552 1217 προλεχθεῖσαι
3576 1139 3806 1210 νεφέλαι

2219 1252 2423 1306 ἔδωκαν
2448 1249 2629 1320 φωνὴν
2648 1289 2662 1314 ,
2699 1246 2793 1299 καὶ⁸
2825 1243 2964 1298 ὥστε
2990 1241 3060 1296 τὰ
3089 1239 3214 1311 βέλη
3248 1235 3415 1291 αὑτοῦ
3448 1232 3804 1305 διεπορεύθη,

2220 1344 2316 1398 καί
2355 1343 2430 1406 ὡς
2463 1340 2611 1412 φωνὴ
2646 1338 2747 1408 τῆς
2774 1335 2999 1408 βροντῆς
3027 1330 3448 1400 αὐτοῦγέγονεν
3479 1328 3536 1379 ἐν
3568 1324 3647 1395 τῷ
3672 1339 3812 1395 τρο-

2221 1432 2328 1504 χῷ·
2369 1432 2464 1486 καὶ
2513 1430 2606 1482 ἐπὶ⁸
2653 1427 2786 1480 πᾶσι
2825 1423 3037 1486 τούτοις
3079 1422 3155 1483 ὼς
3191 1419 3391 1489 ἐφαναν
3425 1418 3481 1470 αῖ
3522 1413 3811 1486 ἀστραπαὶ

2222 1523 2382 1580 αὖτοῦ
2401 1525 2468 1594 τῇ
2490 1518 2801 1593 οἰκουμένῃ.
2834 1517 2999 1578 Τίνας
3023 1515 3066 1566 δ’
3099 1512 3167 1566 ἂν
3199 1514 3374 1574 εῐποις
3395 1508 3495 1572 τὰς
3513 1505 3812 1579 ἀστραπὰς

2223 1616 2385 1674 αὐτοῦ
2407 1616 2442 1688 ἢ
2469 1613 2538 1667 τὰ
2561 1611 2736 1682 φέγγη
2758 1607 2866 1662 τῶν
2887 1605 2980 1660 τοῦ
3008 1604 3165 1674 ἁγίου
3185 1600 3326 1656 Πνεύ
3337 1615 3504 1672 ματος
3522 1595 3810 1669 χαρισμά-

2223 1727 2330 1764 των
2353 1707 2421 1761 τὰ
2445 1703 2823 1776 ἀστράπτοντα
2847 1697 2968 1754 καθ’
2988 1697 3122 1767 ὅλης
3147 1695 3246 1765 τῆς
3271 1691 3624 1763 οῑκουμένηςς

2218 1799 2421 1869 ρέσεις
2451 1774 2562 1866 γὰρ
2590 1786 2970 1861 χαρισμάτων
2995 1783 3114 1838 είσὶ
3133 1821 3148 1848 ,
3181 1782 3247 1836 τὸ
3270 1781 3338 1835 δὲ
3361 1779 3506 1834 αὐτὸ
3539 1774 3808 1844 Πνεῦμα.

551 1875 664 1966 Καὶ
691 1910 738 1976 ᾧ
758 1875 877 1980 ῖιιὲν
903 1910 1000 1964 διὰ
1031 1908 1138 1964 τοῦ
1169 1909 1514 1978 Πνεύματος
1546 1905 1772 1962 δίδοται
1798 1903 1980 1972 λόγος
2021 1898 2260 1967 σοφίας,
2283 1893 2382 1947 καὶ
2417 1890 2585 1956 ἄλλῳ
2633 1886 2814 1955 λόγος
2859 1879 3153 1980 γνώσεως,
3205 1877 3305 1931 καὶ
3577 1875 3811 1980 αξίστξς.

668 1964 735 2057 τά
756 1964 954 2057 λοιπά’
977 2001 1156 2066 ἅτινα,
1217 1964 1469 2070 ἐξαίρετα
1490 1964 1636 2052 ’ὄντα
1666 1995 1760 2050 τοῦ
1801 1964 1936 2050 Θεοῦ
1956 1964 2294 2065 ⁷χαρίσματα.
2318 2027 2333 2052 ,
2386 1981 2746 2053 ἐξαστράπτει
2789 1974 2887 2030 καὶ
2935 1971 3282 2044 καταλάμπει
3331 1969 3432 2041 τὴν
3479 1964 3818 2038 Ἐκκλησίαν

553 2103 735 2158 αὐτοῦ.

629 2219 796 2276 Vens.
818 2220 910 2275 20.
953 2219 1018 2274 In
1053 2219 1191 2273 mari
1213 2218 1298 2272 via
1336 2225 1428 2270 tua
1447 2224 1502 2270 et
1537 2215 1746 2270 semitm
1767 2223 1871 2268 tua:
1901 2212 1957 2266 in
1981 2209 2130 2281 aquis

2307 2198 2411 2251 Ἐν·
2442 2193 2518 2264 τῇ
2550 2191 2831 2259 θαλάσσῃ
2864 2188 2904 2256 ἦ
2939 2185 3078 2252 ὁδός
3111 2200 3227 2240 σου
3264 2183 3364 2238 καί
3392 2201 3451 2240 αι
3478 2184 3661 2254 τρτσοι
3687 2199 3817 2240 σου

557 2313 761 2376 multis,
785 2322 832 2366 et
863 2311 1084 2381 vestigia
1113 2320 1209 2362 tua
1239 2325 1342 2363 non
1377 2315 1775 2379 cognoscentur.
1807 2302 2126 2374 Congruen-

559 2413 643 2460 ter
668 2404 780 2473 jam
803 2402 1038 2467 traditis,
1067 2415 1341 2456 concussa
1356 2407 1410 2455 et
1434 2404 1709 2454 commota
1730 2403 1815 2452 est
1835 2403 2003 2450 terra.
2022 2391 2128 2446 Pro

559 2498 658 2553 illo
689 2497 857 2562 enim,
910 2505 961 2552 et
1015 2495 1349 2558 contremuit,
1401 2491 1703 2548 secundum
1745 2503 1934 2544 omnes
1967 2487 2132 2540 inter-

557 2599 766 2662 pretes,
815 2598 864 2643 et
911 2596 1171 2642 commota
1199 2595 1301 2650 est,
1356 2585 1581 2640 dicitur.
1619 2582 1698 2637 Eo
1750 2591 1930 2637 autem
1969 2578 2130 2633 modo

561 2687 835 2736 commota
865 2686 950 2734 est
983 2687 1148 2743 terra,
1199 2692 1308 2748 quo
1370 2675 1571 2731 dicitur
1608 2674 1664 2728 in
1707 2670 2016 2742 Evangeliis
2045 2669 2129 2722 ’δε

563 2768 636 2827 Et
659 2769 980 2841 ingrediente
1005 2768 1283 2824 Saluatore
1311 2765 2036 2836 Hierosolymam,commota
2049 2769 2132 2816 est

565 2863 738 2918 omnis
777 2863 962 2915 civitas
989 2860 1192 2924 dicens,
1218 2859 1354 2925 Quis
1377 2867 1456 2914 est
1481 2857 1604 2913 hic?
1645 2855 1799 2912 Sicut
1842 2854 1987 2910 enim
2039 2867 2137 2923 per

563 2955 752 3009 locum
807 2953 909 3024 ipsi
946 2951 1184 3008 civitatis
1218 2950 1410 3006 incola:
1441 2949 1818 3021 designantur,
1853 2947 1929 3001 ita
1951 2953 2006 3000 et
2034 2946 2136 3000 hoc

564 3044 692 3099 loco
753 3045 901 3114 ipsos
947 3053 1106 3099 terra:
1154 3043 1366 3096 incolas
1409 3046 1713 3095 commotos
1744 3045 1800 3092 et
1837 3049 2137 3092 concussos

563 3151 690 3192 esse
723 3135 947 3189 dicitur.
999 3133 1182 3200 Quare
1236 3147 1303 3188 ex
1353 3130 1671 3200 evangelica
1722 3127 2136 3200 praedicatione,

562 3229 627 3284 in
659 3225 1034 3282 testimonium
1062 3223 1320 3280 omnibus
1349 3223 1603 3293 gentibus
1651 3219 1995 3287 annuntiata,
2021 3234 2141 3275 om-

2225 2293 2294 2346 ἐν
2318 2289 2498 2344 ὕδασι
2541 2282 2815 2348 πολλοῖς,
2851 2278 2948 2333 καὶ
2973 2278 3047 2333 τὰ
3090 2277 3228 2348 Ζχνη
3269 2290 3386 2329 σου
3421 2277 3492 2330 οὐ
3541 2275 3816 2346 γνωσθή-

2227 2397 2457 2437 σονται.
2511 2374 2845 2438 Ἀκολούθως
2894 2375 3008 2436 τοῖς
3067 2368 3480 2441 ἀποδεδομένοις
3543 2367 3814 2441 ἐσαλεύθη

2229 2474 2322 2529 καὶ
2365 2470 2582 2542 ἐσείσθη
2635 2470 2670 2541 ή
2702 2465 2798 2538 γῆ.
2840 2463 2989 2519 Ἀντὶ
3035 2462 3142 2534 γὰρ
3195 2459 3314 2526 τοῦ,
3362 2461 3456 2514 καί
3502 2461 3815 2529 ἔντρομος,

2231 2566 2373 2621 κατὰ
2403 2565 2609 2627 πάντας
2629 2562 2756 2626 τοὺς
2787 2555 3146 2631 ἐρμηνευτὰς,
3177 2555 3272 2608 καὶ
3301 2554 3548 2622 ἐσείσθη
3574 2553 3813 2626 εἴρηται.

2233 2659 2390 2714 υῦτω
2417 2657 2474 2710 δέ
2505 2653 2726 2724 ἐσείσθη
2766 2655 2800 2724 ὴ
2839 2651 2934 2722 γῆ,
2966 2649 3041 2714 ὡς
3078 2647 3292 2720 εἴρηται
3339 2648 3394 2700 ἐν
3421 2645 3814 2715 Εὐαγγελίοις,

2233 2755 2343 2811 Καὶ
2407 2751 2790 2813 εἰσελθόντος
2834 2746 2940 2800 τοῦ
2991 2742 3262 2813 Σωτῆρος
3303 2743 3389 2808 εις
3433 2739 3820 2810 Ἰεροσόλυμα

2233 2847 2480 2915 ἐσείσθη
2511 2842 2679 2899 πᾶσα
2701 2841 2740 2909 ἠ
2771 2841 2949 2904 πόλις
2972 2836 3239 2906 λέγουσα
3257 2853 3270 2866 ·
3304 2835 3401 2901 Τίς
3419 2833 3590 2886 ἐστιν
3613 2827 3819 2897 οὗτος-ς

2248 2943 2334 3006 Ὠς
2375 2940 2483 3012 γὰρ
2509 2941 2558 2992 οί
2602 2935 2701 3008 τὴν
2747 2935 2900 2989 πόλιν
2948 2930 3222 2995 οἰκοῦντες
3259 2927 3546 3001 ἐδηλοῦντο
3592 2925 3681 2980 διὰ
3717 2922 3818 2978 τοῦ

2237 3035 2424 3098 τόπου,
2450 3029 2591 3086 κατὰ
2627 3029 2719 3083 τὸν
2750 3027 2912 3083 αὑτὸν
2939 3024 3144 3099 τρόπον
3180 3024 3274 3078 καὶ
3305 3022 3399 3077 νῦν
3429 3021 3554 3085 τοὺς
3585 3019 3684 3091 τὴν
3711 3017 3820 3090 γῆν

2239 3125 2520 3186 οἰκοῦντας
2555 3119 2880 3190 κλονηθῆναί
2908 3098 3040 3189 φησι
3079 3098 3173 3170 καὶ
3207 3114 3482 3185 σεισθῆναι
3515 3111 3575 3166 τδ
3611 3110 3819 3180 λόγιον.

2241 3215 2333 3270 Διὸ
2367 3215 2517 3270 πᾶσα
2547 3211 2683 3283 ἀκοὴ
2709 3210 2992 3282 κεκίνηται
3023 3208 3088 3260 ἐκ
3125 3205 3219 3259 τοῦ
3251 3201 3607 3273 εὐαγγελικοῦ
3642 3198 3823 3274 κηρῦ-

565 3317 724 3372 nium
779 3330 942 3370 aures
974 3320 1262 3368 commotae
1317 3320 1470 3366 sunt.
1505 3311 1918 3380 Consequenter
1957 3317 2137 3365 autem

2240 3325 2450 3381 γματος
2475 3309 2554 3370 είς
2601 3302 2898 3377 μαρτύριον
2946 3302 3079 3355 πᾶσι
3109 3302 3222 3364 τοῖς
3267 3297 3443 3352 έθνεσι
3477 3295 3828 3381 κεκηρυγμέ-

563 3420 844 3463 concussa
895 3415 950 3460 et
999 3411 1272 3459 commota
1323 3414 1412 3460 est
1456 3412 1605 3460 terra
1656 3409 1879 3474 propter
1908 3417 1974 3458 ea
2021 3416 2137 3472 quae

2243 3371 2356 3457 νου.
2393 3371 2726 3461 ’Ᾱκολούθως
2864 3392 3131 3464 ἐσαλεύθη
3173 3393 3268 3446 καὶ
3316 3389 3533 3461 ἐσείσθη
3583 3390 3617 3461 ἡ
3662 3371 3826 3460 γῆξῆ

571 3497 728 3572 prius
759 3496 959 3551 tradita
976 3502 1132 3550 sunt.
1166 3493 1300 3548 Nam
1331 3495 1378 3549 si
1419 3494 1720 3549 illuxerunt
1767 3493 1983 3564 fulgura
2021 3493 2137 3562 ejus

2246 3489 2510 3562 ἐκλονήθη
2549 3487 2638 3541 διὰ
2663 3488 2733 3540 τὰ
2765 3483 3072 3556 ἔμπροσθεν
3095 3482 3416 3555 λελεγμένα.
3453 3481 3517 3534 El
3551 3480 3658 3551 γὰρ
3690 3478 3830 3547 ἐφα-

563 3587 694 3644 orbi
715 3594 895 3652 terrae,
926 3586 972 3640 si
1007 3600 1108 3640 vox
1137 3585 1365 3639 tonitrui
1396 3584 1518 3654 ejus
1552 3585 1796 3641 insonuit
1831 3585 1888 3640 in
1921 3594 2062 3651 rota,
2097 3584 2137 3639 si

2247 3600 2345 3638 ναν
2384 3583 2440 3636 αἱ
2479 3579 2754 3651 ἀστραπαὶ⁵
2794 3575 2960 3633 αὑτοῦ
2997 3578 3064 3648 τῇ
3106 3574 3418 3648 οἰκουμένῃ,
3449 3575 3483 3644 ή
3529 3571 3680 3642 φωνὴ
3720 3569 3828 3641 τῆς

564 3677 788 3746 sagittae
821 3675 942 3745 ejus
988 3675 1044 3729 in
1067 3690 1265 3730 omnes
1294 3676 1651 3739 transierunt,
1697 3675 1745 3730 si
1775 3675 1951 3731 nubes
1981 3675 2137 3731 dede-

2243 3674 2476 3748 βροντῆς
2503 3670 2664 3726 αὐτοῦ
2686 3670 2949 3742 ἐξήχησεν
2984 3670 3045 3721 ἐν
3068 3667 3147 3740 τῷ
3169 3665 3366 3740 τροχῷ,
3400 3666 3449 3718 εί
3474 3665 3542 3719 τὰ
3572 3664 3700 3735 βέλη
3724 3663 3829 3716 αὑ-

571 3775 707 3823 runt
731 3781 918 3822 vocem
947 3780 1131 3830 suam,
1155 3780 1222 3820 ex
1250 3765 1336 3822 his
1361 3765 1616 3822 omnibus
1651 3767 1901 3836 sequitur
1920 3781 2151 3823 concus-

579 3874 697 3915 sam
741 3866 798 3914 et
822 3865 1149 3913 commotam
1180 3856 1351 3914 fuisse
1381 3864 1608 3913 terram.
1635 3856 1920 3924 Quomodo
1965 3865 2150 3914 autem

569 3949 634 4008 in
686 3949 827 4003 mari
858 3951 946 4004 via
979 3949 1102 4018 ejus
1151 3949 1336 4016 fuerit,
1383 3958 1444 4008 et
1492 3951 1700 4008 semitae
1743 3950 1864 4021 ejus
1897 3950 1954 4006 in
1992 3951 2150 4022 aquis

575 4039 790 4105 multis,
818 4055 883 4094 ac
917 4041 1192 4110 quomodo
1224 4043 1454 4114 vestigia
1503 4042 1626 4112 ejus
1658 4057 1768 4098 non
1807 4056 2142 4114 cognoscan-

573 4139 693 4198 tur,
726 4147 789 4187 ex
822 4131 998 4202 ipsius
1027 4131 1093 4186 ad
1129 4133 1432 4204 discipulos
1463 4133 1828 4204 promissione
1855 4132 2147 4203 intelligas,

575 4238 706 4294 quae
739 4222 820 4276 sic
847 4221 1011 4276 habet
1045 4241 1057 4276 :
1093 4221 1292 4278 Euntes
1329 4224 1509 4280 docete
1545 4241 1721 4280 omnes
1767 4233 1941 4298 gentes
1971 4225 2025 4278 in
2055 4241 2152 4279 no-

582 4313 724 4368 mine
751 4330 864 4368 meo
893 4314 970 4381 ’6;
1003 4321 1057 4368 et
1096 4332 1112 4370 :
1147 4313 1281 4370 Ecce
1305 4333 1403 4388 ego
1433 4316 1700 4372 vobiscum
1749 4335 1866 4372 sum
1908 4317 2149 4373 omnibus

575 4401 769 4456 diebus
812 4419 974 4472 usque
1027 4404 1096 4456 ad
1127 4407 1631 4461 consummationem
1669 4407 1853 4462 surculi
1892 4408 1959 4463 ⁸⁷.
2013 4405 2151 4462 Nam

579 4491 790 4562 ubique
841 4499 1112 4546 terrarum
1157 4493 1445 4565 discipulis
1491 4497 1609 4552 suis
1638 4497 1988 4553 invisibiliter
2009 4512 2151 4568 prte-

581 4601 736 4651 sens,
766 4585 821 4640 in
850 4587 988 4641 mari
1021 4587 1166 4650 vitae,
1197 4596 1251 4643 et
1274 4590 1331 4644 in
1366 4589 1553 4646 multis
1589 4590 1830 4660 gentium
1857 4589 2015 4659 aquis
2037 4602 2153 4642 am-

578 4673 848 4735 bulabat:
882 4677 1044 4748 idque
1061 4679 1284 4739 occulta
1311 4687 1365 4734 et
1391 4680 1652 4737 invisibili
1683 4681 1886 4735 virtute
1927 4692 2153 4748 perage-

580 4771 679 4826 bat
712 4787 730 4824 ς
769 4783 940 4839 quare
970 4769 1194 4836 dicitur,
1229 4771 1298 4824 Et
1328 4772 1548 4843 vestigia
1585 4782 1677 4827 tua
1696 4789 1807 4827 non
1835 4787 2153 4842 cognosceno

585 4869 692 4916 tur.
725 4859 855 4916 Haec
904 4861 1086 4932 itaque
1114 4861 1169 4917 in
1197 4863 1424 4919 salutari
1454 4862 1550 4920 Dei
1581 4863 1817 4918 adventu
1849 4861 2152 4933 impleban-

2247 3766 2341 3821 τοῦ
2379 3765 2474 3818 ἐπὶ
2497 3765 2706 3826 πάντας
2736 3759 3144 3832 διαπορεύηται,
3170 3762 3218 3813 εί
3261 3761 3316 3812 αἱ
3345 3758 3562 3828 νεφέλαι
3586 3759 3686 3830 τὴν
3724 3755 3828 3808 αὐ-

2247 3861 2355 3916 τῶν
2379 3859 2584 3914 έδωκαν
2615 3857 2818 3929 φωνὴν,
2846 3853 3132 3910 ἀκόλουθον
3157 3850 3224 3926 ἦν
3251 3855 3316 3907 ἐκ
3335 3851 3540 3906 τούτων
3564 3851 3828 3904 ἁπάντων

2248 3949 2572 4022 κλονηθῆναι
2597 3946 2691 4001 καὶ
2726 3945 3049 4017 σαλευθῆναι
3077 3943 3174 4016 τὴν
3203 3943 3330 4014 γῆν.
3365 3942 3553 4004 Ὅπως
3589 3941 3645 3995 δέ
3670 3940 3729 3993 ἐν
3750 3942 3827 4012 τῇ

2250 4040 2490 4111 θαλάσσῃ
2526 4039 2561 4110 ή
2590 4035 2708 4100 ὁδὸς
2730 4033 2896 4088 αὑτοῦ
2922 4034 3134 4105 γέγονε,
3161 4032 3256 4086 καὶ
3281 4032 3336 4084 αῖ
3374 4029 3548 4100 τρῖὅοι
3573 4027 3736 4082 αὐτοῦ
3762 4029 3829 4080 ἐν

2251 4131 2407 4185 ὕδασι
2439 4129 2673 4192 πολλοῖς,
2718 4127 2813 4181 καὶ
2839 4125 2914 4189 ὡς
2939 4124 3008 4178 τὰ
3035 4123 3155 4196 ἴχνη
3186 4121 3350 4177 αὐτοῦ
3379 4122 3440 4175 ού
3473 4118 3827 4190 γινώσκεται,

2249 4223 2370 4294 είσῃ
2395 4221 2694 4291 ἐπιστήσας
2717 4221 2782 4290 τῇ
2811 4217 2947 4290 πρὸς
2975 4216 3100 4280 τοὺς
3127 4213 3376 4286 μαθητὰς
3397 4211 3701 4283 ἐπαγγελίᾳ
3727 4211 3832 4264 αύ-

2249 4315 2344 4369 τοῦ
2374 4315 2623 4387 φησάσῃο
2649 4309 3047 4381 Πορευθέντες
3079 4307 3498 4379 μαθητεύσατε
3530 4304 3724 4358 πάντα
3750 4303 3831 4357 τὰ

2251 4407 2394 4475 ἔθνη
2441 4406 2512 4460 ἐν
2554 4403 2634 4470 τῷ
2679 4401 2928 4472 ὀνόματί
2977 4419 3096 4471 μου
3115 4417 3130 4432 ο
3168 4399 3286 4463 καὶ,
3335 4397 3484 4452 ἰδοὺ
3535 4395 3650 4466 ἐγὼ
3694 4397 3828 4465 μεθ’

2250 4495 2419 4568 ὑμῶν
2447 4498 2565 4565 εἶμι
2593 4493 2795 4560 πάσας
2823 4495 2931 4558 τὰς
2951 4489 3177 4562 ἡμέρας
3198 4489 3310 4557 ἕως
3336 4487 3446 4557 τῆς
3469 4486 3828 4550 συντελείας

2253 4589 2361 4645 τοῦ
2419 4587 2656 4655 αἰῶνος.
2714 4584 2987 4658 Ἀοράτως
3035 4583 3144 4656 γὰρ
3194 4579 3506 4652 ἂπανταχοῦ
3565 4579 3662 4651 τῆς
3722 4578 3830 4650 γῆς

2255 4679 2429 4734 συνὼν
2468 4683 2581 4744 τοῖς
2611 4677 2775 4733 αὑτοῦ
2812 4677 3079 4750 μαθηταῖς
3116 4679 3174 4729 ἐν
3211 4677 3277 4747 τῇ
3301 4672 3399 4728 ’τοῦ
3435 4672 3550 4744 βίου
3585 4671 3827 4742 θαλάσσῃ

2255 4773 2489 4837 καὶτοῖς
2521 4773 2734 4836 πολλοῖς
2763 4771 2870 4826 τῶν
2913 4769 3082 4824 ἐθνῶν
3133 4769 3321 4824 ὕδασιν
3367 4766 3685 4839 ἐπορεύετο·
3732 4767 3829 4818 καὶ

2255 4865 2398 4920 τοῦτ’
2426 4865 2692 4939 ἔπραττεν
2723 4863 2942 4936 ἀοράτῳ
2975 4863 3068 4917 καὶ
3099 4863 3294 4932 ἀφανεῖ
3325 4860 3550 4931 δυνάμει
3568 4874 3581 4888 °
3623 4857 3702 4912 διδ
3739 4856 3831 4910 λέ-

583 4959 695 5006 tur.
730 4949 857 5006 Haec
889 4931 1090 5018 autem,
1123 4954 1318 5024 inquit,
1345 4956 1400 5010 in
1431 4955 1657 5010 salutari
1678 4954 1803 5024 ejus
1817 4954 1884 5010 ad
1905 4931 2137 5009 homines

2256 4959 2440 5014 λεκται
2473 4931 2511 4990 ·’
2547 4957 2662 5014 Καὶ
2721 4931 2804 5011 τὰ.
2845 4931 2984 5027 ἵχκη
3045 4931 3162 5010 σού
3224 4956 3297 5008 οὐ
3348 4951 3826 5024 γνωσθήσονται.

581 5043 824 5100 adventu
859 5060 959 5114 per
984 5047 1339 5102 mutationem
1373 5046 1610 5102 dextera:
1634 5045 1902 5102 Altissimi
1938 5046 2017 5101 sic
2043 5043 2153 5098 im-

587 5133 731 5204 pleta
757 5145 919 5202 sunt;
950 5136 1408 5206 quemadmodum
1461 5138 1589 5192 olim
1618 5138 1675 5192 in
1722 5139 1904 5210 priore
1933 5136 2152 5209 populo,

586 5225 807 5296 quando
849 5227 1064 5282 eductis
1111 5228 1220 5284 illis
1271 5244 1339 5284 ex
1387 5236 1532 5285 terra
1585 5229 1806 5302 λείῃ)ιί
1854 5245 1953 5300 per
2005 5243 2157 5284 mare

585 5317 882 5373 transitum
906 5319 1140 5374 munivit
1169 5339 1183 5374 :
1217 5326 1352 5375 tunc
1383 5321 1527 5376 enim
1557 5329 1985 5378 commonstrata
2040 5321 2152 5375 vir-

586 5413 705 5463 tute
741 5423 861 5472 sua,
886 5409 1028 5463 viam
1055 5416 1108 5463 et
1148 5409 1374 5466 semitas
1403 5411 1459 5465 in
1488 5411 1647 5482 aquis
1683 5411 1870 5467 multis
1904 5410 2152 5482 paravit;

586 5499 665 5555 ita
703 5507 762 5553 ut
794 5506 1131 5570 praeeuntem
1184 5501 1363 5570 ipsum
1415 5508 1562 5558 totus
1613 5501 1781 5558 Israel
1821 5503 1877 5557 in
1917 5501 2154 5556 transitu

589 5594 760 5648 maris
782 5602 1123 5664 sequeretur,
1153 5593 1515 5665 incessusque
1543 5595 1664 5665 ejus
1695 5595 1915 5666 ignotus
1946 5595 2156 5649 incom-

587 5683 1080 5755 prehensibilisque
1109 5684 1422 5741 hominibus
1457 5693 1627 5752 esset,
1657 5684 1878 5756 quando
1927 5683 2156 5739 deduxit

2255 5049 2442 5105 Ταῦτα
2485 5049 2585 5121 μὲν
2613 5045 2706 5103 οῦν
2741 5047 3043 5121 ἐπληροῦτο
3091 5046 3232 5102 κατὰ
3263 5047 3362 5118 τὴν
3402 5046 3667 5116 σωτήριον
3708 5043 3827 5096 θεο-

2257 5141 2482 5210 φάνειαν
2507 5155 2521 5170 ⁸
2555 5137 2713 5193 Οῦτω
2740 5137 2797 5192 δὲ
2827 5137 3021 5203 ταῦτα,
3049 5138 3236 5209 φησὶν,
3267 5137 3474 5206 ἐγίνετο
3498 5137 3590 5189 ἐπ)⁸
3615 5135 3715 5205 τῆς
3747 5135 3827 5210 είς

2255 5207 2575 5301 άνθρώπους
2597 5229 2896 5300 παρουσίας
2920 5207 3273 5294 αὑτοῦριατὰ
3303 5229 3402 5300 τὴν
3426 5227 3704 5281 ἀλλοίωσιν
3727 5207 3826 5297 τῆς

2252 5321 2430 5386 δεξιᾶς
2454 5319 2548 5376 τοῦ
2587 5321 2840 5391 Ὑψίστου
2860 5339 2873 5352 ο
2905 5319 3091 5395 ὥσπερ
3121 5321 3218 5376 καὶ
3245 5320 3416 5375 πάλαι
3445 5320 3538 5374 ἐπὶ
3569 5320 3664 5374 τοῦ
3691 5336 3827 5392 προ-

2251 5411 2410 5484 τέρου
2447 5411 2576 5467 λαοῦ
2613 5413 2848 5483 ὁπηνίκα
2882 5411 3164 5483 ἐξαγαγὼν
3200 5413 3397 5477 αὐτοὺς
3434 5413 3498 5466 ἐκ
3530 5416 3634 5484 γῆς
3657 5411 3826 5480 Αίγύ-

2255 5520 2388 5556 πτου
2422 5502 2647 5576 διήγαγε
2683 5503 2771 5558 διὰ
2797 5505 2896 5576 τῆς
2929 5504 3201 5577 θαλάσσης
3226 5524 3238 5536 ι
3273 5507 3366 5560 καὶ
3402 5506 3524 5558 τότε
3565 5506 3674 5579 γάρ
3713 5505 3826 5560 δειο

2254 5595 2386 5659 κνὺς
2418 5595 2518 5660 τὰς
2563 5596 2765 5670 ἀρετὰς
2813 5597 2976 5651 αὑτοῦ
3017 5599 3134 5652 ὁδὸν
3181 5599 3354 5652 ἐποίει
3386 5599 3479 5652 καὶ
3527 5599 3744 5671 τρίϐους
3768 5600 3826 5651 ἐν

2257 5684 2411 5740 ῦδασι
2449 5687 2682 5753 πολλοῖς,
2715 5689 2792 5754 ὡς
2837 5689 3232 5763 προηγουμένῳ
3279 5691 3426 5763 αὐτῷ
3449 5691 3826 5747 ἐπακολουθεῖν

674 5840 718 5874 ⁸³
754 5841 817 5896 lll
851 5841 1010 5899 Esdr.
1045 5859 1119 5909 tv,
1156 5843 1247 5901 5'4.
1320 5845 1369 5880 ”
1406 5843 1582 5902 lCor.
1619 5859 1732 5913 xit,
1769 5845 1823 5914 ι,
1861 5844 1914 5913 8,
1935 5843 2000 5901 ’9.
2074 5847 2119 5880 ’⁸
2160 5845 2348 5902 Matth.
2382 5861 2506 5916 xxI,
2543 5847 2630 5904 lO.
2707 5849 2752 5882 "
2790 5847 2980 5908 Matth.
3018 5867 3218 5918 xxvut,
3257 5853 3340 5911 l9.
3417 5856 3461 5888 θ’
3505 5854 3613 5912 ibid
3667 5854 3758 5912 20.
