4078 6934
279 276 394 336 ’901
1397 272 1858 332 COMMENTARI

1962 274 2006 332 N
2044 275 2388 334 PSALMOS.
3447 277 3558 336 90$

269 394 344 446 ιὲν
365 391 431 462 τῇ
460 402 655 460 nepeta.
679 387 780 458 τῆς
799 385 1078 460 θαλάσσης
1105 385 1198 442 τὸν
1221 386 1400 443 πάντα
1433 387 1668 460 Ἰσραὴλ,
1693 388 1859 458 ἄγνω-

1972 387 2162 461 (Vzns.
2182 388 2274 461 21)
2312 389 2450 444 sicu.
2491 405 2606 445 oues
2650 389 2899 460 populum
2923 404 3075 443 suum
3102 389 3155 444 in
3189 405 3349 444 manu
3377 387 3556 462 Moysi

285 481 412 536 στόν
441 496 503 533 τε
537 473 677 533 εἶναι
716 477 812 532 καὶ
858 477 1245 549 ἀκατάληπτον
1287 476 1594 550 ἀνθρώποις
1632 478 1730 550 τὴν
1773 497 1859 532 πο·

1975 490 2027 534 et
2053 480 2257 537 Aaron.
2288 481 2446 536 Alius
2476 496 2592 536 nate
2617 481 2803 536 omnia
2856 481 2924 536 ad
2965 482 3174 538 exitum
3205 496 3272 536 ex
3315 481 3552 554 Egypto

266 572 441 647 ,ρείαν
473 569 664 634 αὐτοῦ,
713 570 804 623 ὅτε
857 569 952 624 καὶ
993 569 1274 642 ὡδήγησεν
1324 569 1405 636 ὡς
1453 561 1718 640 πρόϐατα
1766 570 1859 624 τὸν

1975 569 2194 636 referet,
2236 571 2491 642 dicetque
2531 571 2647 627 haec
2705 571 2894 635 verba,
2958 569 3216 624 Viderunt
3281 580 3331 626 te
3377 588 3552 642 aquw,

283 664 442 722 λαὸν
487 660 674 718 αὐτοῦ
713 662 784 715 ἐν
826 662 974 732 χειρί
1010 659 1238 732 Πωῦσῆ
1269 661 1367 716 καὶ
1410 661 1640 731 Ἀαρών.
1681 663 1859 728 ’Ἄλλος

1974 660 2140 728 Deus,
2175 663 2418 717 uiderunt
2470 671 2521 718 te
2561 678 2729 733 aqua,
2761 672 2810 716 et
2840 663 3146 730 timuerunt,
3175 663 3403 717 turbata:
3429 671 3554 717 sunt

295 758 396 830 μὲν
427 752 520 812 οὖν
552 754 621 808 τὰ
666 754 1002 826 προκείμενα
1046 754 1262 810 ἅπαντα
1303 754 1395 809 ἐπὶ
1422 756 1522 828 τὴν
1565 755 1739 822 ἔξοδον
1771 757 1871 830 τὴν

283 850 379 903 ἀπ’
409 847 686 917 Αἰγύπτου
711 846 938 912 ἀνοίσει,
963 847 1083 900 τότε
1108 846 1497 919 πεπληρῶσθαι
1535 848 1758 918 φάσκων
1783 849 1866 914 τὺ,

281 938 551 996 Εἵδοσάν
575 955 650 993 σε
674 938 884 1002 ὕδατα,
913 941 946 992 ὀ
973 937 1135 1004 Θεὸς,
1157 937 1407 993 εἷδοσάν
1431 955 1505 994 σε
1531 939 1740 1005 ὕδατα,
1769 941 1868 996 καὶ

279 1027 718 1097 ἐφοϐήθησαν,
780 1028 1204 1097 ἐταράχθησαν
1265 1028 1526 1084 ἄϐυσσοι
1552 1071 1567 1096 ,
1634 1030 1868 1099 πλῆθος

279 1119 476 1192 ἤχους
505 1121 726 1189 ὕδατος
747 1139 760 1153 ·
797 1122 976 1176 πᾶσάν
1002 1139 1065 1174 τε
1096 1122 1196 1194 τὴν
1227 1123 1532 1195 περικοπὴν
1561 1124 1869 1189 ἀκολούθως

281 1214 376 1268 ἔπί
397 1213 505 1286 τὴν
535 1214 666 1268 τότε
709 1213 1046 1286 πραχθεϊσαν
1091 1214 1332 1287 ἱστορίαν
1363 1215 1706 1287 ἀναπέμψειο
1753 1217 1867 1286 ἐγὼ

277 1305 358 1370 δὲ,
395 1304 674 1378 μὴηεύρὼν
700 1306 848 1370 ὅπως
877 1305 946 1360 τὰ
970 1305 1097 1379 ἑξῆς
1126 1307 1395 1379 εἰρημένα
1427 1309 1570 1363 κατὰ
1598 1307 1696 1381 τὴν
1719 1308 1868 1374 λέξιν

280 1396 584 1470 ἐπληροῦτο
607 1414 622 1428 ο
667 1397 729 1452 οὐ
760 1397 868 1468 γὰρ
905 1399 1176 1471 μέμνηται
1202 1401 1231 1453 6
1257 1400 1536 1463 Μωῦσὲως
1576 1399 1759 1471 νόμος,
1792 1400 1868 1466 ὡς

269 1490 502 1560 νεφέλαι
533 1489 677 1554 τινὲς
711 1490 852 1544 κατὰ
889 1490 981 1544 τὸν
1015 1492 1205 1564 καιρὸν
1258 1493 1463 1546 ἐκεῖνον
1514 1492 1696 1564 φωνὴν
1740 1493 1868 1548 ἔδω-

281 1599 384 1635 καν
419 1581 771 1652 σωματικῶς,
803 1581 925 1635 οὐδὲ
956 1582 1032 1644 ὡς
1075 1581 1202 1654 βέλη
1242 1582 1476 1655 αἰσθητὰ
1502 1583 1864 1656 διεπορεύετο,

280 1671 402 1725 οὐδὲ
434 1671 509 1737 ὼς
536 1671 634 1746 ὅλῃ
662 1671 956 1745 οἰκουμένῃ
1003 1671 1206 1741 έφαναν
1249 1673 1305 1726 αἱ
1351 1673 1629 1745 ἀστραπαὶ
1669 1674 1861 1738 αὑτοῦ,

1974 755 2178 826 abyssi,
2232 754 2518 809 multitudo
2568 756 2773 810 sonitus
2824 771 3106 826 aquarum,
3147 763 3280 809 tunc
3330 755 3552 825 impleta

1971 845 2146 904 fuisse
2180 866 2192 902 :
2221 852 2501 916 totamque
2524 847 2829 902 clausulam
2850 846 2918 901 ad
2950 847 3100 900 illam
3131 847 3419 901 historiam
3465 863 3554 902 re-

1973 942 2167 1010 ducet;
2198 957 2299 1012 ego
2322 957 2451 996 vero
2481 956 2606 997 cum
2631 940 3330 1012 nusquam'deprehendam
3351 956 3413 994 ea
3431 956 3552 1010 quae

1973 1043 2280 1108 sequuntur
2303 1034 2370 1089 ad
2400 1035 2637 1090 litteram
2672 1041 2825 1105 gesta
2853 1032 3055 1100 fuisse;
3101 1033 3303 1104 Moysis
3347 1034 3552 1104 quippe

1972 1127 2057 1183 lex
2086 1141 2197 1181 non
2227 1124 2496 1192 meminit,
2532 1125 2706 1179 nubes
2740 1124 3005 1194 quasdam
3034 1124 3128 1178 illo
3157 1131 3403 1194 tempore
3429 1139 3546 1177 cor-

1971 1234 2142 1292 poreo
2177 1233 2330 1274 more
2362 1233 2550 1273 vocem
2582 1216 2820 1281 dedisse,
2849 1232 3027 1286 neque
3062 1216 3294 1271 sensiles
3319 1215 3552 1286 sagittas

1971 1311 2283 1376 transiisse,
2308 1327 2485 1380 neque
2515 1326 2611 1381 per
2641 1317 2815 1363 totum
2851 1311 3040 1363 orbem
3076 1309 3291 1380 fulgura
3334 1310 3455 1379 ejus
3485 1309 3553 1363 il-

1969 1403 2198 1468 luxisse,
2230 1419 2340 1475 quo
2371 1411 2616 1472 tempore
2675 1402 2752 1456 illi
2802 1403 2857 1456 iu
2912 1401 3130 1457 deserto
3184 1411 3359 1466 erant,
3401 1417 3550 1468 eam,

1967 1512 2090 1569 quae
2116 1497 2249 1552 mihi
2286 1503 2400 1550 tum
2435 1494 2812 1558 succurrebat,
2855 1494 2922 1547 ad
2963 1495 3178 1564 singula
3209 1495 3326 1549 loca
3380 1495 3552 1549 inter-

1967 1589 2325 1661 pretationem
2353 1586 2559 1642 addidi.
2604 1587 2779 1652 Quam
2816 1601 2947 1640 vero
2980 1602 3044 1640 ex
3092 1586 3178 1640 bis
3218 1585 3551 1654 interpreta-

1968 1681 2176 1736 tionem
2217 1679 2468 1750 amplecti
2508 1677 2723 1743 debeat,
2773 1693 2839 1732 ex
2884 1677 3108 1748 proprio
3137 1676 3349 1748 judicio
3379 1677 3552 1732 lector

269 1762 401 1816 ρκαθ⁹
425 1762 486 1817 ὃν
515 1745 706 1836 χρόνον
735 1758 876 1834 ἦσαν
911 1764 968 1814 ὲν
997 1765 1062 1835 τῇ
1091 1763 1284 1835 ἐρήμῳ
1304 1803 1319 1828 ,
1351 1761 1449 1834 τὴν
1482 1764 1859 1820 ὑποπεσοῦσαν

1965 1771 2247 1843 intelliget.

269 1857 363 1919 εἰς
399 1854 526 1918 τοὺς
572 1854 772 1918 τόπους
809 1853 1107 1926 ἑρμηνείαν
1153 1853 1488 1926 παρεθέμην.
1547 1854 1763 1908 ὐποίαν
1801 1855 1856 1910 δὲ
1893 1861 1998 1935 χρὴ
2027 1861 2136 1916 τῶν
2175 1859 2481 1934 εἰρημένων
2533 1857 2767 1930 ὲκδοχῶν
2805 1858 3077 1932 αἱρεῖσθαι
3107 1857 3228 1930 θείᾳ
3256 1857 3331 1930 (I)
3372 1852 3551 1928 κρίσει

263 1946 310 2000 νό
331 1944 682 2016 ἐντυγχάνων
713 1943 938 1998 εἴσεται.

670 2039 1025 2094 ΣΥΝΕΣΕΩΣ
1053 2039 1141 2110 Τῼ
1171 2039 1365 2093 ΑΣΑΦ.
1402 2040 1518 2094 ΟΖ’.

352 2138 709 2205 Προσέχετε,
734 2134 884 2200 λαός
907 2150 1049 2202 μου,
1079 2131 1188 2186 τὸν
1211 2132 1400 2202 νόμον
1425 2149 1545 2203 μου
1569 2149 1583 2164 ο
1618 2134 1864 2188 κλίνατε

272 2225 350 2282 τὸ
394 2221 506 2292 οὕς
534 2223 702 2295 ὑμῶν
729 2227 814 2291 είς
847 2225 921 2278 τὰ
942 2222 1185 2294 ῥήματα
1230 2223 1338 2278 τοῦ
1384 2224 1680 2294 στόματός
1717 2243 1856 2294 μου.

272 2317 593 2390 τΠαρορμῶν
619 2318 766 2389 ἡμᾶς
791 2318 821 2369 6
845 2315 1002 2385 λόγος
1031 2317 1124 2369 ἐπὶ
1165 2315 1264 2386 τὴν
1299 2315 1510 2370 σύνεσιν
1549 2314 1658 2368 τῶν
1695 2317 1863 2387 ὲμφε-

271 2409 546 2482 ρομένων,
580 2408 890 2474 Συνέσεως
915 2407 1015 2478 τὴν
1042 2407 1356 2480 ἐπιγραφὴν
1383 2407 1702 2479 ἐποιήσατο⁹
1731 2406 1862 2462 ταύ-

274 2519 378 2574 της
403 2501 512 2575 γὰρ
530 2500 762 2573 δεόμεθα
788 2501 867 2564 εἰς
895 2499 1068 2572 θήραν
1086 2500 1186 2572 τῆς
1213 2500 1582 2572 προκειμένης
1602 2501 1863 2566 διανοίας.

274 2593 503 2666 Πρῶτον
563 2593 662 2665 μὲν
705 2588 799 2648 οὖν
859 2593 1144 2664 ζητήσειεν
1195 2592 1260 2646 ἄν
1303 2609 1387 2656 τις
1419 2592 1675 2662 εὐλόγως,
1723 2594 1866 2658 τίνος

277 2687 570 2760 πρόσωπον
599 2685 861 2757 τυγχάνει
896 2685 958 2738 τὸ
991 2685 1198 2754 φάσκον
1230 2689 1288 2739 ὲν
1316 2686 1481 2756 ἀρχῇ,
1509 2683 1863 2754 Προσέχετε,

271 2778 428 2844 λαός
448 2796 588 2848 μου,
618 2777 726 2832 τὸν
762 2779 949 2847 νόμον
975 2795 1094 2848 μου
1121 2795 1135 2808 °
1179 2779 1425 2833 κλίνατε
1453 2777 1517 2831 τὸ
1563 2773 1672 2844 οὖς
1697 2775 1865 2846 ὑμῶν

269 2872 368 2936 εις
399 2872 471 2924 τὰ
507 2869 747 2939 ῥήματα
788 2870 894 2924 τοῦ
943 2871 1236 2940 στόματός
1270 2889 1411 2940 μου.
1465 2868 1601 2923 Οὔτε
1641 2869 1749 2942 γὰρ
1781 2869 1858 2941 τῷ

292 2961 465 3032 Ἀσάφ
508 2961 631 3016 οὔτε
681 2961 760 3034 τῷ
798 2960 960 3016 Δαυῒδ
996 2961 1223 3034 ἁρμόζει
1274 2962 1444 3016 ταῦτα
1487 2962 1699 3030 λέγειν·
1735 2964 1860 3017 ἐπεὶ

281 3052 359 3125 μὴ
392 3053 680 3126 νομοθέται
713 3054 1002 3123 γεγόνασιν
1042 3046 1221 3107 οὗτοισ
1267 3052 1389 3106 οὔτε
1431 3053 1512 3117 τὸ,
1549 3049 1668 3121 Οὗς
1696 3053 1861 3124 ὑμῶν

2210 2037 2695 2096 INTELLECTUS
2749 2037 2993 2096 ASAPH.
3035 2037 3273 2093 LXXVII

2041 2132 2329 2198 Attendite,
2362 2131 2552 2201 popule
2608 2146 2775 2198 meus,
2828 2130 2990 2201 legem
3026 2147 3198 2186 meam
3237 2147 3256 2184 :
3298 2131 3552 2188 inc.inate

1971 2243 2151 2282 aurem
2180 2235 2408 2281 uestram
2436 2226 2491 2279 in
2524 2223 2681 2279 verba
2713 2224 2822 2278 oris
2856 2224 2978 2277 mei.
3004 2222 3140 2279 Cum
3167 2222 3235 2278 ad
3273 2221 3549 2280 dictorum

1967 2317 2390 2388 intelligentiam
2419 2331 2521 2371 nos
2569 2328 2752 2370 sermo
2799 2321 3079 2384 provocet,
3137 2312 3445 2369 Intellectus
3491 2315 3551 2370 in

1967 2410 2129 2465 titulo
2164 2407 2336 2465 fertur
2362 2426 2380 2476 ;
2421 2423 2486 2463 eo
2511 2407 2711 2477 quippe
2740 2405 3052 2478 indigemus
3083 2404 3150 2460 ad
3183 2405 3303 2476 ejus
3327 2414 3552 2462 senteno

1973 2505 2102 2558 tiam
2126 2501 2584 2574 investigandum.
2632 2501 2698 2556 Et
2745 2501 2922 2572 primo
2972 2499 3192 2571 quidem
3246 2509 3552 2570 opportune

1969 2604 2270 2668 quaeratur,
2301 2612 2422 2667 quae
2447 2611 2681 2666 persona
2722 2595 2840 2650 haec
2871 2593 3032 2648 initio
3060 2594 3233 2658 dicat,
3266 2595 3546 2658 attendite,

1972 2686 2160 2756 popule
2187 2703 2352 2750 meus,
2385 2685 2547 2756 legem
2578 2701 2784 2750 meam;
2835 2685 3089 2738 inclinate
3111 2700 3292 2738 aurem
3321 2694 3548 2739 vestram

1969 2779 2025 2832 in
2054 2777 2211 2833 uerba
2258 2778 2366 2832 oris
2427 2779 2548 2832 mei.
2599 2775 2722 2832 Non
2773 2776 2918 2840 enim
2972 2774 3162 2830 Davidi
3209 2775 3292 2830 vel
3327 2775 3548 2846 Asapbo

1967 2871 2082 2926 haec
2113 2871 2294 2927 dicere
2321 2871 2611 2925 conveniat
2646 2888 2660 2925 :
2695 2869 2773 2924 illi
2807 2859 3008 2940 quippe
3051 2868 3396 2938 legislatures
3429 2875 3544 2922 non

1967 2963 2147 3030 luere;
2180 2979 2360 3034 neque
2401 2963 2563 3027 illud,
2613 2963 2810 3017 Aurem
2854 2969 3076 3016 uestram
3128 2961 3183 3014 in
3235 2958 3391 3014 verba
3436 2961 3545 3013 oris

1967 3055 2089 3116 mei,
2135 3054 2218 3108 vel
2259 3052 2517 3108 Davidem
2552 3053 2634 3108 vel
2661 3051 2943 3122 Asaphum
3000 3048 3185 3104 dicere
3236 3063 3335 3119 par
3381 3056 3544 3104 erat:

272 3149 369 3214 εἰς
397 3149 469 3201 τὰ
486 3147 728 3216 ῥήματα
772 3145 879 3200 τοῦ
924 3145 1220 3215 στόματός
1258 3162 1400 3215 μου,
1434 3144 1640 3216 ἔπρεπε
1689 3144 1859 3214 λέγειν

1968 3160 2145 3215 neque
2185 3145 2331 3200 enim
2359 3143 2582 3214 prapria
2619 3142 2785 3198 verba
2821 3141 3208 3213 proferebant,
3247 3137 3340 3194 sed
3375 3137 3546 3193 divini

273 3237 400 3310 ἦτοι
432 3237 522 3291 τὸν
567 3235 761 3306 Ἀσὰφ,
801 3236 834 3307 ἢ
860 3235 952 3289 τὸν
977 3234 1139 3288 Δαυῖδ
1158 3251 1172 3265 ·
1204 3235 1264 3287 οὐ
1297 3235 1405 3304 γὰρ
1439 3237 1611 3288 οἰκεῖα
1642 3236 1864 3307 ῥήματα

277 3330 640 3401 προσέφερον,
670 3332 736 3402 τῇ
779 3329 835 3382 δὲ
875 3329 969 3382 τοῦ
1018 3328 1162 3382 θείου
1197 3328 1512 3399 Πνεύματος
1543 3327 1704 3400 βουλῇ
1748 3329 1863 3400 διη-

277 3421 554 3476 κονοῦντο.
582 3421 672 3474 Διὸ
703 3418 1010 3485 συνέσεως
1039 3419 1462 3490 ἐπιγέγραπται,
1491 3417 1566 3482 ὡς
1612 3419 1678 3472 ἂν
1735 3435 1862 3472 συν-

275 3513 434 3585 ῶμεν
463 3513 549 3577 τίς
573 3513 631 3567 τέ
665 3513 811 3567 ἐστιν
835 3511 864 3564 ὁ
897 3510 1069 3565 ταῦτα
1091 3510 1284 3580 λέγων,
1320 3510 1414 3564 καλ⁸
1444 3511 1526 3574 τίς
1546 3512 1574 3563 6
1603 3509 1730 3575 λαὸς
1761 3511 1861 3565 αὑ-

267 3603 395 3670 τοῦ,
424 3604 518 3658 καὶ
550 3605 634 3668 τίς
676 3606 705 3657 6
734 3603 928 3675 νόμος’
963 3603 1149 3675 ἔτερος
1189 3601 1297 3673 γάρ
1321 3603 1498 3656 ἔοικεν
1535 3598 1675 3656 εἶναι
1710 3603 1862 3675 παρὰ

270 3695 370 3749 τὸν
404 3695 704 3758 Μωῦἁέως.
739 3693 925 3749 Ταῦτα
951 3695 995 3749 δ’
1029 3693 1306 3748 ὲπιλύεται
1329 3694 1390 3747 τὸ
1417 3694 1767 3764 Εὑαγγέλιον,
1802 3697 1860 3748 ὲν

271 3783 326 3860 ᾧ
354 3789 597 3862 είρηταιο
648 3790 841 3846 Ταῦτα
885 3789 1084 3846 πάντα
1123 3789 1430 3857 ἐλάλησεν
1463 3791 1496 3843 ό
1534 3788 1763 3856 Ἰησοῦς
1791 3789 1861 3842 ἐν

263 3882 642 3951 παραϐολαῖς
695 3883 818 3950 τοῖς
851 3883 1080 3954 ὄχλοις,
1135 3883 1232 3936 καὶ
1286 3881 1464 3950 χωρὶς
1511 3879 1860 3950 παραϐολῆς

268 3975 392 4029 οὐκ
423 3974 627 4029 ἐλάλει
652 3975 856 4042 αὐτοῖς
877 3991 891 4004 ο
925 3975 1086 4042 ὅπως
1123 3973 1409 4044 πληρωθῇ
1437 3974 1505 4028 τὸ
1539 3973 1732 4042 ῥηθὲν
1761 3973 1860 4028 διὰ

265 4065 384 4123 τοῦ
410 4066 722 4136 προφήτου
763 4067 1081 4139 λέγοντος·
1127 4066 1362 4132 Ἀνοίξω
1392 4067 1462 4120 ἐν
1493 4066 1860 4134 παραϐολαῖς

265 4159 341 4215 τὸ
370 4161 566 4230 στόμα
587 4176 706 4229 μου
731 4176 744 4190 ο
772 4159 1089 4230 ἐρεύξομαι
1117 4157 1495 4228 κεκρυμμένα
1522 4157 1643 4212 ἀπὸ
1681 4173 1861 4211 κατα-ι

263 4249 480 4321 ϐολῆς.
512 4252 611 4307 Διά
641 4251 794 4306 ποίου
828 4251 884 4305 δὲ
925 4252 1204 4323 προφήτου
1247 4249 1420 4305 ταῦτα
1461 4251 1646 4322 εἴρητο
1691 4250 1724 4321 ἢ
1769 4249 1857 4303 διὰ

261 4347 369 4402 τοῦ
433 4347 794 4421 προκειμένου
851 4347 1060 4416 ’Δσάφ;
1113 4348 1178 4398 '0
1240 4345 1314 4417 μὴ
1372 4344 1643 4408 συνιέντες
1689 4343 1852 4408 τινὲς,

1965 3235 2206 3306 Spiritus
2256 3233 2525 3289 voluntati
2584 3231 3000 3288 ministrabant.
3051 3229 3178 3285 Ideo
3236 3227 3545 3284 Intellectus

1964 3329 2306 3393 inscribitur,
2365 3334 2426 3381 ut
2459 3326 2832 3397 intelligamus
2875 3327 3001 3396 quis
3033 3321 3151 3378 haec
3201 3321 3371 3384 dicat,
3417 3321 3544 3392 quis

1965 3419 2200 3488 populus
2251 3417 2395 3487 ejus,
2435 3433 2560 3488 qua:
2615 3417 2733 3484 lex;
2793 3431 2919 3470 nam
2969 3413 3188 3468 videtur
3225 3413 3330 3466 alia
3362 3426 3392 3465 a
3427 3413 3544 3482 lege

1963 3510 2165 3584 Moysis
2197 3526 2342 3567 esse.
2386 3510 2511 3565 Ilaec
2541 3524 2708 3581 porro
2730 3507 2896 3563 solvit
2929 3503 3284 3576 Evangelium
3313 3504 3380 3567 ",
3413 3517 3542 3557 cum

1961 3603 2081 3656 ait:
2125 3601 2254 3656 11αέ
2283 3602 2464 3656 omnia
2503 3600 2710 3654 locutus
2748 3609 2827 3653 est
2856 3595 3015 3651 Jesus
3057 3596 3112 3649 in
3159 3593 3430 3663 parabolis
3471 3591 3540 3644 ad

1961 3693 2166 3758 turbas,
2202 3704 2252 3750 et
2273 3696 2384 3749 sine
2409 3692 2670 3764 parabola
2702 3708 2808 3746 non
2853 3687 3166 3760 loquebatur
3187 3688 3294 3752 eis;
3325 3695 3382 3738 ut
3435 3685 3540 3739 im-

1957 3785 2190 3854 pleretur
2223 3785 2359 3858 quod
2381 3785 2579 3838 dictum
2607 3793 2725 3838 erat
2767 3798 2860 3847 per
2902 3780 3210 3851 prophetam
3255 3777 3536 3834 dicentem.

1957 3879 2207 3948 Aperiam
2249 3880 2303 3933 in
2329 3877 2604 3949 parabolis
2638 3892 2695 3930 os
2725 3889 2918 3937 meum,
2948 3869 3198 3925 eructabo
3229 3867 3540 3923 abscondita

1959 3988 1992 4024 ιι
2047 3970 2445 4026 constitutione.
2501 3966 2605 4022 Per
2653 3982 2817 4038 quem
2863 3962 3187 4034 prophetam
3230 3959 3344 4014 haec
3391 3957 3538 4012 dicta

1959 4069 2110 4127 sunt,
2143 4061 2250 4115 nisi
2280 4075 2377 4131 per
2407 4059 2555 4112 hunc
2593 4053 2913 4125 Asaphum?
2969 4049 3126 4118 Quod
3185 4064 3294 4104 non
3334 4046 3540 4101 intelli-

1958 4160 2150 4223 gentes
2195 4151 2419 4221 quidam
2456 4147 2779 4217 adjecerunt
2819 4141 3136 4213 Evangelio,
3186 4156 3279 4210 per
3329 4135 3536 4192 Isaiam

1953 4244 2262 4315 prophetam
2319 4258 2338 4296 :
2391 4239 2488 4296 sed
2544 4239 2598 4293 in
2633 4234 2908 4292 accuratis
2942 4231 3371 4302 exemplaribus,
3415 4228 3538 4285 sine

1955 4337 2324 4392 additamento
2365 4333 2482 4397 illo,
2513 4347 2606 4402 per
2657 4327 2887 4392 Isaiam,
2925 4326 3000 4381 ita
3031 4323 3358 4394 simpliciter
3390 4321 3532 4375 dici-

265 4414 719 4514 προσέθηκαν-ὲν
757 4439 834 4511 τῷ
866 4414 1185 4510 Εὐαγγέλίῳ
1215 4414 1312 4499 τὸ.
1337 4437 1435 4491 διὰ
1473 4437 1710 4492 Ἡσαΐου
1743 4435 1852 4490 τοῦ

1962 4437 2066 4494 lur,
2095 4439 2152 4484 ut
2177 4428 2483 4497 impleretur
2513 4422 2651 4495 quod
2683 4420 2886 4474 dictum
2916 4426 3036 4474 erat
3080 4431 3171 4484 per
3225 4414 3534 4486 prophetam

260 4505 615 4602 προφήτουνο
674 4534 734 4585 ὲν
784 4505 841 4585 δέ
890 4549 954 4602 γε
997 4505 1120 4594 ⁷τοῖς
1157 4505 1442 4602 ἀκριϐέσιν
1497 4528 1854 4600 ἀντιγράφοις

1962 4523 2234 4584 dicentem,
2275 4519 2524 4588 Aperiunt
2555 4516 2612 4569 in
2641 4511 2916 4584 parabolis
2953 4527 3010 4564 os
3053 4523 3247 4572 meum,
3283 4505 3533 4560 eructabo

259 4599 404 4680 ἄνευ
423 4628 523 4697 τῆς
550 4623 867 4697 προσθήκης
900 4599 1000 4695 τῆς
1038 4622 1136 4677 διὰ
1172 4599 1432 4686 Ἡσαΐου,
1461 4621 1647 4684 ἁπλῶς
1665 4599 1852 4684 οὕτως

1962 4614 2270 4672 abscondita
2300 4629 2333 4667 a
2364 4608 2760 4671 constitutione,
2794 4619 2918 4676 quae
2949 4601 3042 4656 hic
3072 4599 3369 4662 habentur,
3422 4613 3534 4652 non

261 4691 517 4788 εῐρηταιο
555 4691 758 4784 Ὅπως.
776 4691 1064 4786 «bimembri
1088 4714 1155 4770 τὸ
1195 4713 1386 4784 ῥηθὲν
1427 4711 1527 4768 διὰ
1562 4712 1669 4767 τοῦ
1711 4727 1852 4780 προ-

1962 4720 2136 4765 autem
2163 4707 2220 4761 in
2254 4704 2545 4776 prophetia
2579 4701 2755 4756 Isaiae.
2792 4697 2872 4752 Ex
2903 4692 3222 4763 evangelica
3257 4691 3425 4761 igitur
3458 4696 3536 4744 te-

259 4779 469 4878 φῆτου
488 4779 772 4878 λέγοντος
787 4826 800 4840 ο
837 4779 1072 4873 Ἀῖροιεῶ
1090 4808 1160 4862 ἐν
1181 4779 1546 4876 παραϐολαῖς
1566 4804 1632 4858 τὸ
1657 4805 1853 4875 στόμα

1962 4797 2213 4856 stimonio
2235 4795 2494 4852 Servatur
2517 4800 2571 4849 et
2601 4806 2710 4846 non
2729 4789 2871 4844 alius
2903 4785 3087 4852 fuerit,
3106 4782 3199 4854 qui
3218 4797 3284 4838 ex
3312 4779 3533 4878 propria

407 4917 421 4931 ο
471 4868 784 4972 ἐρευεομαι
841 4868 1220 4970 κεκρυμμένα
1254 4868 1374 4955 άπὸ
1425 4868 1782 4966 καταϐολῆς,
1813 4896 1850 4951 ἃ

1962 4903 2184 4962 persona
2206 4888 2260 4942 in
2279 4884 2536 4958 praesenti
2557 4881 2713 4947 dicit,
2735 4876 3026 4948 Attendite,
3049 4872 3238 4944 popule
3262 4887 3429 4972 meus,
3457 4868 3534 4972 le-

258 4993 330 5065 δὴ
363 4992 589 5065 φέρεται
619 4996 677 5048 ὲν
705 4995 817 5058 τοίς
860 4992 1263 5066 προκειμένοις,
1298 4993 1360 5046 οὐ
1409 4991 1514 5064 μὴν
1557 4991 1618 5044 ὲν
1647 4993 1715 5062 τῇ
1747 4988 1842 5043 τοῦ

271 5083 504 5136 Ἡσαΐου
560 5081 884 5154 προφητείᾳ.
945 5079 1152 5136 Οὐκοῦν
1213 5082 1278 5136 ὲκ
1331 5083 1431 5154 τῆς
1485 5079 1846 5152 εὐαγγελικῆς

259 5175 625 5250 παραθέσεως
669 5177 698 5230 6
734 5174 924 5247 Σωτὴρ
958 5173 1024 5228 ἂν
1069 5175 1173 5245 εἴη,
1211 5175 1305 5228 καὶ
1347 5174 1468 5228 οὐδὲ
1505 5173 1680 5239 ἄλλος,
1711 5175 1739 5228 6
1785 5171 1844 5238 ἐξ

257 5265 471 5321 οἰκείου
532 5262 824 5340 προσώπου
876 5262 1103 5334 φάσκων
1155 5264 1246 5317 ἐπὶ
1293 5264 1386 5317 τοῦ
1441 5264 1708 5336 παρόντος
1748 5263 1810 5316 τό
1829 5278 1843 5290 ⁸

259 5356 624 5425 Προσέχετε,
672 5356 822 5422 λαός
861 5372 1001 5424 μου,
1051 5353 1157 5408 τὸν
1207 5355 1394 5426 νόμον
1439 5373 1578 5426 μου.
1625 5356 1742 5409 Ἵνα
1787 5353 1846 5408 δὲ

261 5449 517 5519 συνῶμεν
561 5447 743 5515 αὐτὸν,
784 5445 1094 5513 συνέσεως
1135 5445 1236 5518 τὴν
1289 5449 1614 5520 προγραφὴν
1654 5447 1844 5517 ἐποιή-

261 5553 432 5594 σατο·
461 5540 538 5603 ὡς
568 5541 704 5613 μήτε
736 5539 951 5611 ψαλμὸν
986 5539 1121 5613 μήτε
1162 5539 1306 5612 ᾠδήν
1340 5542 1478 5614 μήτε
1521 5559 1576 5596 τι
1606 5539 1844 5596 τοιοῦτον

337 5657 386 5689 ’⁸
422 5655 612 5712 Matth.
648 5673 784 5716 xm.
815 5657 911 5722 54,
949 5658 1041 5717 55.

341 5749 422 5822 (I)
458 5747 642 5814 Forte,
673 5751 869 5822 οἰκείᾳ.

18 6420 813 6934 r
1375 6429 1482 6434 _____
1599 6425 1664 6934 Ι

1949 4961 2065 5056 pem
2085 4997 2276 5036 meam.
2304 4979 2371 5034 Ut
2392 4985 2574 5033 autem
2593 4973 2964 5044 intelligamus
2985 4969 3161 5039 ipsam
3179 4980 3321 5026 esse,
3339 4961 3533 5018 inscri-

1951 5055 2192 5150 ptionem
2211 5071 2542 5131 Intellectus,
2559 5067 2772 5140 posuit;
2793 5065 2869 5119 ita
2887 5071 3142 5150 ut-neque
3154 5055 3419 5150 psalmus,
3433 5068 3531 5150 ne-

1950 5145 2058 5238 que
2085 5166 2384 5228 canticum,
2416 5174 2593 5231 neque
2617 5155 2749 5228 quid
2781 5152 2960 5209 simile
2989 5149 3105 5204 haec
3144 5145 3530 5238 existimentur

1951 5231 2105 5323 esse,
2139 5257 2235 5315 sed
2269 5254 2475 5312 Christi
2506 5251 2576 5307 ad
2613 5247 2879 5321 populum
2929 5256 3112 5305 suum,
3141 5239 3257 5295 sive
3303 5234 3370 5288 ad
3423 5231 3528 5286 Ec-

1953 5351 2173 5407 clesiam
2221 5362 2376 5404 suam
2440 5341 2771 5404 doctrinam,
2807 5351 2916 5410 qua
2973 5333 3041 5389 de
3097 5327 3310 5386 Judaici
3340 5325 3527 5396 populi

1921 5442 2253 5501 .sceleribus
2286 5439 2450 5495 verba
2485 5435 2636 5491 facit.
2688 5431 2958 5504 Populum
2995 5438 3162 5498 porro
3189 5421 3308 5491 ejus
3358 5416 3526 5471 alium

1950 5549 2072 5593 esse
2117 5534 2186 5590 ab
2217 5548 2282 5590 eo
2310 5531 2404 5603 qui
2437 5530 2494 5586 in
2521 5524 2878 5600 sequentibus
2908 5523 3205 5577 accusatur
3227 5508 3528 5582 intelliges,
