4078 6934
375 345 480 404 9θῖ

1471 343 1976 402 COMMENTARIA
2017 345 2084 402 IN
2121 345 2462 404 PSALMOS.

3519 353 3625 408 906

373 463 660 536 ταὲολῆς·
701 465 818 522 ἀνθ’
845 463 908 522 οὗ
953 469 982 522 ό
1029 469 1128 540 μὲν
1165 467 1414 532 Ἀκύλας,
1457 468 1752 538 Ὀμϐρήσω
1801 469 1934 522 αἰνί-

2053 475 2228 524 cetur.
2281 467 2420 524 Cum
2479 467 2708 526 dixisset
2753 487 2768 522 ε
2819 469 3070 540 Aperiunt
3125 471 3179 524 in
3249 474 3508 542 parabole
3565 495 3624 530 os

373 577 566 634 πιατα
605 557 676 624 ἐξ
729 557 1015 628 ἀρχῆθεν,
1069 559 1364 614 ἐκδέδωκεν
1386 575 1400 590 ·
1445 559 1476 610 ό
1517 557 1574 612 δὲ
1633 559 1948 630 Σύμμαχος.

389 651 732 708 Ἀναϐλύσω
773 650 1160 722 προϐλήματα
1187 651 1422 720 ἀρχαῖα.
1451 651 1676 706 Μέλλων
1711 649 1768 704 δὲ
1797 649 1826 702 ό
1857 647 1952 702 τοῦ

373 743 508 798 Θεοῦ
545 743 716 810 Λόγος
737 741 836 806 τὰς
881 743 1214 814 κατηγορίας
1243 741 1336 796 τοῦ
1373 742 1640 814 προτέρου
1681 739 1952 794 ποιεῖσθαι

372 835 522 898 λαοῦ,
553 836 648 888 καὶ
683 833 783 898 τὰς
827 835 1010 898 αίτίας
1041 833 1106 888 δι’
1143 833 1210 900 ἃς
1251 833 1620 906 ἀποϐέϐληται
1653 833 1950 904 παρατίθε-

375 928 516 992 σθαι,
549 927 860 996 ἀναγκαίως
899 929 964 998 τῇ
1009 927 1202 980 ἑαυτοῦ
1243 925 1540 998 Ἐκκλησία
1585 925 1954 998 παρακελεύε-

371 1037 460 1072 ται
489 1017 776 1092 προσέχειν
803 1020 914 1082 τοῖς
939 1017 1270 1090 λεγομένοις,
1307 1019 1400 1072 καὶ
1433 1017 1672 1072 συνιέναι
1697 1017 1798 1082 τὰς
1843 1035 1950 1071 πα-

371 1111 620 1182 ραθέσεις
665 1110 764 1180 τῆς
803 1109 912 1164 τῶν
957 1109 1202 1163 παλαιῶν
1247 1109 1602 1180 κατηγορίας,
1641 1107 1716 1170 ὡς
1759 1107 1828 1161 ἂν
1873 1109 1948 1182 μὴ

367 1203 480 1266 τοῖς
517 1201 698 1264 αὐτοῖς
725 1200 1032 1274 περιπέσοι,
1063 1199 1310 1271 μαθοῦσα
1335 1201 1392 1254 δὲ
1423 1201 1488 1254 ὲκ
1519 1201 1620 1271 τῆς
1649 1203 1778 1272 περὶ
1803 1199 1948 1252 ἔχει’

369 1309 474 1346 νων
514 1292 816 1364 διηγήσεως
859 1293 1042 1344 ὁποῖον
1083 1292 1282 1354 αὐτοὺς
1325 1289 1594 1356 διεδέξατο
1631 1291 1802 1354 τέλος,
1846 1309 1948 1344 σω-

367 1383 672 1456 φρονίζοιτο
695 1387 760 1436 ὲκ
787 1383 880 1436 τοῦ
911 1382 1372 1456 παραδείγματος.
1417 1381 1600 1436 Εἰπὼν
1619 1399 1632 1412 ·
1661 1382 1946 1446 Διανοίξω

363 1475 434 1528 ἐν
463 1473 776 1544 παραϐολῇ
811 1475 875 1530 τὸ
921 1476 1114 1544 στόμα
1153 1493 1289 1542 μου,
1327 1473 1650 1544 φθέγξομαι
1685 1473 1946 1542 προσλή-

358 1581 518 1636 ματα
545 1565 644 1620 ἀπ’
693 1565 906 1636 ἀρχῆς,
941 1567 1190 1636 ἐπιφέρει
1227 1566 1324 1622 τὰς
1369 1565 1464 1618 τοῦ
1505 1565 1770 1638 προτέρου
1811 1559 1942 1618 λαοῦ

363 1657 716 1728 κατηγορίας.
763 1657 1050 1728 Παραϐολῇ
1089 1657 1200 1729 γὰρ
1251 1657 1478 1721 ἐκείνοις
1521 1657 1786 1728 κέχρηται
1819 1657 1942 1710 ἀντὶ

365 1749 760 1820 ὑποδείγματος
797 1751 878 1812 είς
901 1750 1174 1822 ἡμετέραν
1209 1749 1510 1804 νουθεσίαν.
1535 1749 1645 1803 Καὶ
1671 1747 1793 1802 καθ’
1827 1748 1940 1802 ἐτέ-

2054 577 2248 622 meum,
2283 560 2474 632 loquar
2501 560 2884 630 propositiones
2915 561 2978 616 ab
3005 561 3176 626 initio,
3209 563 3410 632 prioris
3441 565 3626 636 populi

2053 653 2438 708 accusationes
2464 653 2676 722 adjicit.
2703 651 2970 708 Parabola
2993 653 3194 724 quippe
3223 657 3456 726 exempli
3499 657 3622 712 loco

2053 745 2224 800 utitur
2249 743 2316 798 ad
2347 751 2592 800 nostram
2645 745 3070 802 institutionem.
3115 744 3426 804 Secundum
3460 749 3622 806 aliam

2051 852 2182 892 vero
2205 838 2516 908 explicandi
2549 838 2818 894 rationem
2861 839 2950 894 hic
2993 855 3196 902 sermo,
3243 841 3368 896 idco
3405 839 3624 898 Judaici

2053 930 2234 1002 populi
2271 929 2514 984 facinora
2559 939 2864 994 enumerat.
2905 933 3032 1004 quia
3077 935 3330 1004 superius
3359 933 3616 990 dixerat:

2055 1021 2276 1094 thuid,
2339 1021 2502 1084 Deus,
2543 1023 2787 1092 repulisti
2827 1023 2882 1077 in
2921 1025 3100 1094 ﬁnem,
3139 1025 3310 1080 iratus
3341 1035 3420 1082 est
3470 1027 3624 1097 furor

2050 1125 2172 1170 tuus
2218 1129 2374 1182 super
2394 1131 2512 1170 oves
2553 1129 2766 1182 pascua:
2795 1125 2898 1170 tuae
2941 1117 3004 1170 ³⁸3
3038 1124 3088 1172 et
3141 1117 3344 1172 similia
3394 1133 3516 1189 qua:
3553 1119 3622 1176 de

2047 1206 2264 1262 illorum
2295 1203 2582 1260 obsidione
2607 1204 2756 1260 dicta
2795 1213 2948 1262 sunt.
2982 1205 3118 1262 Nam
3151 1207 3240 1263 hic
3267 1223 3456 1262 eorum
3488 1224 3622 1264 cau-
3721 1221 3726 1228 '

2047 1311 2140 1350 sas
2163 1295 2356 1364 aperit.
2393 1293 2458 1348 Et
2489 1293 2614 1364 quia
2663 1293 2720 1350 in
2767 1295 3100 1366 praecedenti
3157 1297 3368 1368 psalmo
3413 1297 3622 1352 dictum

2043 1395 2170 1444 est:
2227 1383 2484 1456 Nunquid
2541 1385 2596 1442 in
2652 1395 2908 1440 (sternam
2961 1387 3204 1457 projiciet
3259 1388 3536 1450 Dominus.
3563 1399 3614 1444 et

2046 1495 2150 1534 non
2177 1487 2400 1546 apponet
2435 1485 2495 1530 ut
2525 1477 2848 1548 complaceat
2891 1479 3102 1536 adhuc?
3125 1489 3218 1534 aut
3249 1482 3305 1534 in
3331 1483 3488 1550 finem
3515 1483 3620 1536 nti-

2043 1565 2392 1622 sericordiam
2420 1583 2574 1622 suam
2613 1567 2906 1634 abscindat,
2939 1586 2971 1622 a
3011 1571 3346 1640 generatione
3379 1571 3430 1624 in
3463 1587 3622 1642 gene-

2042 1659 2342 1716 rationem?
2383 1669 2476 1712 aut
2519 1657 2854 1714 obliuiscetur
2899 1661 3137 1716 misereri
3182 1660 3346 1724 Deus,
3375 1673 3466 1716 aut
3499 1679 3624 1716 cou-

2043 1749 2226 1804 tinebit
2257 1750 2310 1802 in
2337 1751 2420 1804 ira
2449 1765 2546 1804 sua
2569 1751 2962 1822 misericordias
2989 1755 3162 1806 suos?
3193 1751 3316 1822 jure
3339 1759 3462 1822 post
3501 1753 3620 1808 hzcc

365 1861 464 1916 ραν
487 1843 544 1896 δὲ
588 1843 824 1896 διάνοιαν
863 1845 890 1896 ό
921 1841 1110 1914 παρὼν
1143 1841 1296 1912 λόγος
1333 1843 1434 1907 τὰς
1477 1841 1818 1914 παρανομίας
1847 1841 1934 1896 τοῦ

2045 1841 2329 1912 proposita
2385 1840 2573 1906 dubia,
2635 1858 2834 1900 causas
2873 1853 3124 1898 recenset
3181 1859 3282 1898 cur
3329 1843 3614 1900 Iudaicam

374 1935 642 1990 Ἰουδαίων
689 1935 874 1998 ἔθνους
923 1933 1444 2006 συγκαταριθμεῖται
1470 1975 1486 1998 ,
1537 1933 1833 2006 ἐπειδήπερ
1883 1935 1942 1986 ἐν

360 2029 472 2090 τοῖς
507 2025 810 2098 ἔμπροσθεν
853 2025 1096 2094 ἐλέγετο·
1139 2027 1264 2078 Ἵνα
1309 2026 1388 2092 τί,
1439 2029 1472 2079 ὁ
1509 2023 1672 2092 Θεὸς,
1721 2023 1942 2078 ἀπώσω

359 2119 448 2184 εἰς
475 2117 668 2184 τέλος,
701 2117 960 2188 ὠργίσθη
989 2120 1022 2172 ό
1047 2118 1232 2186 θυμός
1260 2131 1378 2172 σου
1419 2115 1518 2170 ἐπὶ
1549 2119 1814 2186 πρόϐατα
1843 2133 1942 2170 νο-

359 2209 482 2280 μῆς
507 2225 624 2268 σου
645 2226 664 2276 ;
693 2211 788 2264 καὶ¹
819 2211 918 2264 ὅσα
945 2209 1082 2264 ἄλλα
1119 2202 1246 2280 περὶ
1279 2211 1380 2281 τῆς
1403 2209 1818 2280 καταλαϐούσης
1841 2209 1940 2262 αὑ-

361 2303 486 2364 τοὺς
533 2301 842 2372 πολιορκίας
891 2301 1124 2370 ἐλέγετο.
1177 2301 1287 2364 Τὰς
1339 2299 1450 2372 γὰρ
1502 2301 1708 2354 τούτων
1755 2301 1938 2364 αἰτίας

2045 1943 2258 2002 gentem
2283 1933 2362 1986 ira
2389 1935 2444 1988 in
2475 1933 2634 1990 linem
2671 1935 2951 1992 invaserit.
2993 1935 3222 2004 Ipseque
3251 1933 3510 1990 Servator
3551 1937 3608 1990 iu

2045 2025 2378 2096 Evangeliis,
2433 2027 2704 2082 similibus
2769 2043 2868 2084 eos
2931 2027 3092 2084 dictis
3149 2029 3612 2098 alloquebatur”:

2045 2115 2258 2182 Quoties
2283 2117 2422 2170 volui
2473 2133 2786 2190 congregare
2815 2119 2956 2188 [illos
2989 2129 3130 2182 tuos,
3173 2119 3616 2190 quemadmodum

2039 2209 2246 2280 gallina
2273 2219 2550 2282 congregat
2583 2211 2756 2280 pullos
2791 2227 2912 2266 suos
2943 2210 3041 2265 sub
3095 2211 3236 2278 alas,
3257 2221 3308 2266 et
3331 2211 3616 2266 noluistis?

2043 2299 2180 2354 Ecce
2201 2301 2526 2370 relinquetur
2555 2301 2696 2356 uobis
2729 2301 2916 2356 domus
2951 2311 3124 2356 uestra
3153 2301 3382 2356 deserta.

361 2393 648 2464 παρίστησι
695 2393 784 2446 διὰ
815 2393 920 2446 τῶν
955 2393 1348 2464 προκειμένων.
1403 2393 1508 2446 Καὶ
1575 2391 1766 2463 ἐπειδὴ
1807 2395 1864 2446 ὲν
1935 2389 2012 2462 τῷ
2045 2391 2152 2464 πρὸ
2194 2391 2384 2446 τούτου
2429 2392 2642 2460 ἐλέγετο
2680 2392 2908 2464 ψαλμῷ·
2947 2393 3044 2462 Μὴ
3089 2397 3168 2460 εἰς
3211 2393 3353 2460 τοὺς
3397 2394 3616 2460 αἰῶνας

355 2489 654 2544 ἀπώσεται
689 2491 920 2559 Κύριος,
951 2489 1046 2544 καί
1077 2491 1150 2543 οὐ
1177 2487 1510 2556 προσθήσει
1537 2489 1644 2542 τοῦ
1667 2487 1996 2556 εὐδοκῆσαι
2025 2487 2144 2552 Era;
2169 2487 2208 2558 ἣ
2233 2489 2322 2554 εἰς
2349 2487 2524 2556 τέλος
2571 2489 2640 2544 τὸ
2665 2489 2838 2556 ἕλεος
2895 2475 3080 2546 astas
3139 2491 3436 2559 ἀποκόψει
3493 2491 3612 2546 ἀπὸ

357 2585 566 2655 γενεᾶς
639 2589 728 2653 εἰς
769 2583 1016 2654 rer-edi»;
1049 2583 1086 2652 ἢ
1134 2583 1484 2650 ἐπιλήσεται
1567 2583 1674 2638 τοῦ
1715 2581 2084 2651 οἰκτειρῆσαι
2131 2585 2166 2637 ό
2214 2583 2380 2650 Θεὸς,
2423 2583 2462 2652 ἢ
2509 2583 2757 2650 συνέξει
2797 2585 2868 2638 ἐν
2903 2583 2979 2654 τῇ
3041 2583 3190 2654 ὀργῇ
3233 2585 3422 2640 αὐτοῦ
3469 2586 3614 2654 τοὺς

355 2677 690 2746 οίκτιρμοὺς
717 2677 938 2742 aurai;
969 2677 1192 2740 εἰκότως
1223 2675 1408 2747 ἐπειδὴ
1431 2673 1658 2730 τοιαῦτα
1685 2675 2052 2747 ὲπηπόρηται,
2113 2675 2216 2740 τὰς
2247 2677 2427 2741 αἰτίας
2465 2677 2560 2730 ἐπὶ
2617 2677 2712 2732 τοῦ
2745 2677 3010 2750 παρόντος
3061 2677 3354 2746 καταλέγει
3391 2677 3494 2749 τῆς
3529 2679 3616 2742 εἰς

355 2769 416 2824 τὸ
451 2769 602 2832 τέλος
637 2769 994 2842 μετελθούσης
1017 2768 1078 2822 τὸ
1117 2767 1384 2822 Ἰουδαίων
1413 2765 1562 2832 ἔθνος
1589 2769 1780 2840 ὀργῆς.
1813 2769 1924 2822 Καὶ
1962 2767 2124 2834 αὐτὸς
2157 2769 2214 2823 δὲ
2243 2771 2316 2842 ξὲν
2355 2769 2706 2840 Εὐαγγελίοις
2739 2773 2766 2824 ό
2797 2769 2990 2842 Σωτὴρ
3037 2771 3428 2842 παραπλησίως
3499 2773 3614 2834 τοῖς

355 2859 732 2932 προκειμένοις
805 2861 940 2930 πρὸς
1013 2861 1140 2924 τοὺς
1183 2861 1380 2924 αὐτοὺς
1425 2860 1742 2914 ἀπετείνετο
1785 2861 1960 2930 λέγων
1979 2877 1992 2892 ’
2029 2863 2294 2929 Ποσιίκις
2317 2863 2590 2932 ἠθέλησα
2629 2861 3092 2932 ἐπισυναγαγεῖν
3139 2863 3210 2916 τὰ
3249 2863 3436 2916 τέκνα
3469 2879 3610 2928 σου,

355 2951 430 3008 ὃν
465 2953 689 3021 τρόπον
731 2955 894 3024 ὄρνις
919 2953 1272 3026 ἐπισυνάγει
1307 2955 1376 3010 τὸ
1411 2955 1632 3010 νοσσία
1663 2955 1782 3012 ὑπὸ
1821 2957 1924 3022 τὰς
1965 2955 2282 3028 πτέρυγας,
2309 2958 2406 3012 καὶ
2435 2961 2546 3012 οὐκ
2573 2957 2942 3026 ἠθελήσατε;
2977 2957 3120 3014 Ἰδοὺ
3177 2959 3412 3028 ἀφίεται
3467 2954 3612 3028 ὑμῖν

353 3051 388 3104 d
411 3043 576 3116 οἶκος
611 3049 776 3120 ὑμῶν
801 3049 1040 3121 ἔρημος.

425 3165 575 3218 Ὅσα
611 3165 960 3236 ἠκούσαμεν
983 3165 1084 3222 καί
1109 3167 1376 3236 ἔγνωμεν
1403 3167 1576 3234 αὐτὰ,
1605 3169 1702 3224 καί
1733 3171 1787 3222 ol
1813 3181 1928 3223 πα-

2109 3153 2352 3224 Vsnsﬁ.
2401 3167 2620 3234 Quanta
2663 3165 2962 3220 audiuimus
2991 3175 3040 3220 et
3081 3165 3420 3236 cognovimus
3441 3183 3526 3234 ea,
3555 3175 3610 3221 et

351 3255 518 3324 τέρες
563 3255 730 3326 ἡμῶν
771 3257 1140 3328 διηγήσαντο
1181 3257 1344 3328 ἡμῖν.
1387 3258 1468 3312 Τὰ
1505 3257 1602 3330 μὲν
1643 3259 1834 3332 πρῶτα
1871 3257 1930 3326 ἐξ

355 3349 472 3414 ἑνὸς
504 3349 720 3418 ἐλέγετο
751 3349 1066 3422 προσώπου,
1099 3351 1239 3422 ὅπερ
1267 3349 1411 3416 τίνος
1443 3345 1510 3422 ἦν
1553 3351 1930 3405 ἀποδέδεικται

357 3441 458 3512 μὲν
509 3441 574 3493 ἐκ
603 3440 696 3494 τοῦ
739 3441 926 3496 αὑτοῦ.
975 3441 1512 3514 Συμπαραλαμϐάνει
1545 3441 1602 3496 δὲ
1645 3442 1738 3496 καὶ
1769 3443 1932 3514 ἕτερα

355 3529 702 3596 ὑποκαταϐὰς
745 3531 846 3602 τῆς
883 3531 1046 3586 αὑτοῦ
1077 3531 1350 3604 θεότητος,
1383 3533 1478 3588 καὶ
1517 3533 1612 3586 ἀνθ
1622 3533 1930 3606 ρωπινώτε-

353 3639 446 3694 ρον
487 3621 873 3694 φθεγγόμενος,
907 3623 984 3688 ὼς
1013 3623 1079 3678 ἂν
1113 3625 1176 3676 ὲκ
1223 3623 1516 3698 προσώπου
1549 3617 1610 3678 οὗ
1643 3625 1932 3694 ἀνείληφεν

351 3711 637 3784 ἀνθρώπου
671 3711 762 3766 τοῦ
795 3713 1085 3784 γενομένου
1125 3713 1190 3766 ἐκ
1235 3713 1548 3786 σπέρματος
1591 3711 1750 3766 Δαυῒδ
1791 3715 1932 3768 κατὰ

353 3805 562 3878 σὰρκα’
607 3797 668 3858 οὗ
704 3805 804 3878 τὴν
851 3805 1062 3874 γένεσιν
1115 3805 1318 3878 ἱστορεῖ
1361 3806 1422 3860 τὸ
1455 3803 1784 3876 Εὑαγγέλιον
1823 3807 1930 3876 φάο

353 3915 481 3952 σκον
507 3915 522 3926 ·
577 3899 794 3966 Βίϐλος
853 3897 1148 3970 γενέσεως
1221 3899 1425 3968 Ἰησοῦ
1473 3899 1732 3968 Χριστοῦ
1795 3897 1930 3954 υἱοῦ

349 3991 552 4056 Δαυῒδ,
596 3991 730 4047 υἰοῦ
787 3991 1054 4062 Ἀϐραάμ.
1109 3991 1308 4064 Διόπερ
1371 3991 1930 4064 συμπαραλαμδᾶνων

349 4085 477 4146 τοὺς
509 4082 650 4136 κατὰ
677 4081 854 4154 σάρκα
883 4083 1162 4154 ὁμογενεῖς
1205 4081 1370 4137 αὐτοῦ
1399 4081 1722 4154 γενομένους
1757 4079 1930 4152 μαθη-

351 4175 450 4238 τὰς
497 4175 590 4228 καὶ
649 4173 998 4246 ἀποστόλους,
1047 4173 1422 4244 πληθυντικῶς
1474 4173 1806 4244 διεξέρχεται
1859 4173 1930 4227 τὰ

353 4263 492 4334 μετὰ
524 4267 710 4336 χεῖρας
741 4263 942 4332 λέγων·
981 4265 1128 4316 Ὅσα
1157 4265 1504 4334 ἠκούσαμεν
1541 4263 1638 4316 καί
1663 4263 1930 4334 ἔγνωμεν

347 4355 526 4411 αὐτά.
559 4355 686 4410 Ὅτε
713 4355 810 4428 μὲν
843 4356 952 4430 γὰρ
979 4357 1072 4412 τὸν
1093 4357 1220 4411 λαὸν
1247 4357 1438 4412 ἑαυτοῦ
1463 4357 1798 4424 ἀνεκαλεῖτο,
1833 4357 1927 4412 καὶ

345 4451 548 4502 οίκεῖον
569 4449 732 4520 νόμον
753 4449 936 4514 αὐτοῖς
967 4447 1358 4520 προύϐάλλετο,
1383 4449 1614 4521 παρῄνει
1639 4465 1700 4502 τε
1727 4447 1926 4502 κλίνειν

2033 3273 2210 3330 patres
2247 3257 2414 3312 nostri
2463 3265 2814 3311 narrarerunt
2851 3254 3022 3309 nobis.
3060 3253 3250 3309 Priora
3279 3253 3498 3324 quidem
3535 3269 3606 3308 ex

2035 3351 2200 3406 unius
2223 3365 2458 3420 persona
2489 3347 2832 3410 dicebantur,
2866 3359 3112 3416 quaenam
3147 3359 3278 3398 vero
3323 3359 3387 3400 ea
3435 3353 3604 3410 esset,

2033 3463 2100 3504 ex
2129 3445 2320 3502 iisdem
2361 3443 2524 3500 dictis
2569 3441 3002 3498 demonstratum
3035 3445 3140 3496 est.
3171 3437 3288 3494 Alia
3331 3453 3462 3494 vero
3489 3437 3604 3509 jam

2034 3537 2268 3594 assumit
2313 3550 2344 3589 ιι
2391 3533 2592 3590 deitate
2651 3547 2774 3590 sese
2823 3531 3140 3594 dcmittens,
3183 3537 3230 3584 ε·
3280 3529 3612 3584 humaniore

2031 3631 2263 3700 loquens
2311 3641 2484 3690 more,
2513 3625 2670 3695 quasi
2731 3637 2799 3678 ex
2851 3635 3088 3692 persona
3133 3621 3392 3682 hominis,
3440 3637 3602 3692 quem

2036 3715 2338 3787 assumpsit
2381 3729 2446 3770 ex
2501 3715 2710 3768 semine
2763 3709 2934 3766 David
2981 3709 3284 3768 secundum
3331 3725 3600 3768 carnem:

2033 3809 2194 3880 cujus
2225 3807 2628 3879 generationem
2647 3811 2834 3860 narrat
2853 3801 3206 3876 Evangelium
3229 3801 3318 3857 bis
3337 3801 3520 3858 verbis
3537 3803 3558 3834 '
3586 3819 3600 3854 :

2031 3901 2190 3956 Liber
2205 3899 2556 3972 generationis
2587 3897 2718 3952 Iesu
2743 3895 2944 3952 Christi
2963 3895 3066 3964 filii
3089 3893 3278 3962 David,
3301 3894 3403 3964 ﬁlii
3429 3893 3606 3948 Abra-

2031 3993 2176 4048 ham.
2211 3991 2584 4060 Quamobrem
2639 3987 2938 4058 assumptis
2989 3999 3176 4042 secum
3231 3985 3520 4054 discipulis
3545 3993 3604 4038 es

2033 4083 2321 4156 apostolis,
2362 4081 2456 4154 qui
2511 4079 2818 4136 secundum
2867 4091 3090 4136 carnem
3141 4075 3388 4146 ejusdem
3443 4075 3602 4146 cujus

2031 4175 2150 4245 ipse
2171 4173 2388 4245 generis
2413 4181 2591 4236 erant,
2621 4169 2906 4242 pluraliter
2937 4169 3053 4223 haec
3085 4167 3340 4224 edisserit
3367 4167 3558 4222 dicens
3583 4185 3598 4220 :

2033 4267 2250 4334 Quanta
2281 4265 2580 4320 audivimus
2607 4272 2656 4318 et
2679 4263 3016 4332 cognovimus
3048 4277 3132 4314 sa.
3168 4259 3446 4330 Siquidem
3473 4273 3598 4314 cum

2032 4359 2292 4430 populum
2339 4371 2500 4414 suum
2535 4355 2850 4418 advocaret,
2883 4367 2947 4408 ac
2993 4351 3270 4423 propriam
3291 4350 3396 4422 ipsi
3427 4349 3602 4421 legem

2035 4455 2384 4520 proponeret,
2435 4447 2800 4516 invitaretque
2841 4449 2904 4498 ut
2945 4443 3273 4498 inclinarent
3317 4455 3506 4496 aurem
3531 4439 3604 4494 ad

343 4543 408 4598 τὸ
435 4538 528 4607 οὖς
553 4545 666 4606 τοῖς
691 4541 850 4596 αὑτοῦ
885 4543 1112 4616 ῥήμασι,
1151 4542 1246 4596 σὺν
1277 4539 1559 4614 αὑθεντείᾳ
1589 4541 1840 4614 βασιλικῇ
1869 4539 1930 4606 ἐξ

2037 4541 2200 4598 verba
2235 4555 2356 4604 sua,
2387 4538 2716 4594 auctoritate
2753 4535 2900 4608 regia
2943 4551 3012 4590 ex
3051 4533 3216 4590 unius
3248 4545 3482 4604 persona
3503 4532 3608 4586 ad-.

345 4635 468 4700 ἑνὸς
495 4633 788 4708 προσώπου
815 4633 1148 4706 προεφέρετο
1171 4631 1268 4706 τὴν
1297 4631 1670 4704 παραγγελίαν
1687 4649 1702 4662 ·
1725 4631 1822 4686 νῦν
1843 4631 1922 4696 δὲ,

345 4729 436 4780 ὅτε
457 4726 564 4780 τῶν
587 4727 828 4781 παλαιῶν
855 4727 1298 4800 ἀναγνωσμάτων
1321 4727 1669 4800 ἐπιτέμνεται
1693 4725 1792 4798 τὴν
1815 4725 1925 4796 διήδ

345 4837 532 4892 γησιν,
567 4821 858 4874 κοινοποιεί
885 4819 974 4874 τὸν
1003 4819 1160 4888 λόγον
1188 4799 1718 4892 ὑπομιμνήσκων’τὰ
1757 4815 1924 4870 πάλαι

345 4913 736 4984 πεπραγμένα,
757 4913 850 4968 καὶ
868 4913 944 4980 ὡς
961 4911 1028 4968 ἂν
1055 4915 1166 4978 τοῖς
1189 4915 1324 4968 πᾶσι
1341 4911 1592 4985 γνώριμα
1613 4909 1926 4980 ἐπαναλαμ-

343 5005 524 5062 ϐἀνων
551 5007 620 5062 τὰ
651 5005 761 5060 ἀπὸ
787 5007 884 5078 τῆς
919 5005 1194 5076 ἱστορικῆς
1221 5005 1444 5078 Γραςοῆς
1477 5001 1796 5074 δηλούμενα.
1833 5001 1926 5054 Διό

343 5115 513 5172 φησιν
525 5117 538 5129 ·
561 5099 710 5154 Ὅσα
729 5097 1076 5166 ἠκούσαμεν
1089 5095 1186 5150 καί
1211 5095 1476 5168 ἔγνωμεν
1495 5091 1668 5150 αὐτά.
1683 5093 1758 5148 Οὐ
1791 5091 1924 5146 πάν-

339 5205 456 5240 των
486 5185 542 5240 δέ
577 5189 694 5240 ἐστι
717 5185 778 5238 τὸ
807 5184 1026 5238 ἀκούειν
1063 5185 1156 5238 καὶ
1191 5183 1494 5254 γινώσκειν,
1524 5181 1638 5238 ἀλλ’
1669 5181 1705 5252 ἢ
1747 5181 1922 5254 μόνων

337 5281 454 5336 τῶν
485 5279 772 5334 συνιέντων
808 5277 934 5341 τοὺς
983 5275 1194 5346 λόγους.
1227 5277 1324 5330 Διδ
1365 5279 1460 5332 καὶ
1497 5279 1528 5330 ὁ
1549 5275 1812 5340 ⁴ι’ίλιιιτπος
1845 5273 1924 5346 τῷ

341 5371 584 5444 εὐνούχῳ
613 5369 794 5440 ἔλεγεν
812 5387 826 5400 ο
857 5363 1010 5438 Ἀρα
1049 5367 1361 5440 γινώσκεις
1387 5367 1428 5424 d
1455 5367 1922 5440 ἀναγινώσκεις

355 5465 496 5518 Ἀλλ’
527 5463 648 5518 οὐδὲ
678 5465 842 5518 πᾶσιν
869 5463 918 5516 οἱ
941 5461 1174 5534 πατέρες
1207 5459 1552 5532 διηγήσαντο.
1587 5459 1700 5514 Οὐκ
1727 5457 1923 5531 ἔχομεν

341 5557 476 5628 γοῦν
509 5558 672 5630 ἡμεῖς
701 5557 752 5610 oi
791 5555 850 5624 es;
882 5553 1051 5608 ἐθνῶν
1087 5553 1166 5624 τῷ
1191 5553 1322 5625 θείῳ
1359 5553 1502 5626 λόγῳ
1533 5549 1922 5624 προσελθόντες

341 5651 694 5714 διδασκάλους
759 5647 1167 5720 ὲπιγράψασθαι
1212 5645 1321 5700 τῶν
1367 5645 1525 5700 θείων
1583 5643 1920 5716 μαθημάτων

2029 4633 2386 4688 monitionem
2421 4629 2770 4702 proferebat;
2811 4642 2958 4682 nunc
2989 4641 3118 4682 vero
3163 4641 3288 4680 cum
3344 4623 3600 4694 antiqua-

2031 4739 2154 4778 rum
2173 4723 2468 4778 lectionum
2499 4719 2872 4776 narrationem
2903 4715 3228 4788 compendio
3262 4715 3450 4780 refert,
3481 4729 3602 4770 ser-

2031 4829 2250 4870 monem
2303 4813 2462 4884 quasi
2521 4811 2578 4866 in
2657 4809 2938 4864 communi
2997 4808 3266 4872 enuntiat,
3323 4805 3415 4860 illa
3468 4805 3602 4860 olim

2033 4913 2188 4976 gesta
2217 4917 2674 4965 commemorans,
2701 4907 2756 4956 et
2785 4915 2906 4970 quae
2935 4899 2994 4954 in
3029 4897 3260 4952 historia
3303 4893 3604 4966 Scriptura:

2031 4991 2286 5048 feruntur
2337 5005 2438 5048 ceu
2505 4989 2764 5048 omnibus
2839 4997 2968 5044 nota
3045 5001 3352 5042 resumens.
3419 4983 3603 5052 Quare

2029 5085 2107 5138 ait
2148 5101 2164 5138 :
2215 5083 2432 5150 Quanta
2499 5081 2798 5136 audiuimus
2855 5089 2906 5134 et
2971 5079 3310 5150 cognouimus
3363 5093 3446 5132 ea.
3481 5075 3602 5130 Non

2028 5175 2272 5232 omnium
2297 5189 2464 5248 porro
2491 5181 2580 5230 est
2600 5173 2789 5228 audire
2821 5179 2876 5228 et
2908 5185 3262 5243 cognoscere,
3287 5169 3380 5226 sed
3411 5183 3602 5224 eorum

2025 5277 2238 5324 tantum
2273 5267 2368 5338 qui
2407 5279 2716 5322 sermonem
2765 5263 3098 5335 intelligunt.
3131 5263 3340 5317 idcirco
3383 5259 3600 5314 dicebat

2026 5361 2278 5418 eunucho
2304 5358 2588 5428 Philippus
2619 5375 2632 5412 :
2671 5355 2908 5411 Putasne
2947 5355 3204 5428 intelligis
3233 5369 3352 5425 qum
3388 5351 3518 5421 legis
3545 5349 3604 5401 '?

2029 5453 2136 5510 Sed
2165 5467 2276 5508 non
2304 5451 2560 5507 omnibus
2589 5465 2882 5506 narravere
2915 5457 3120 5520 patres.
3153 5447 3266 5504 Nos
3295 5447 3480 5518 itaque
3505 5445 3602 5516 qui
3651 5489 3668 5498 ..

2025 5559 2093 5600 ex
2117 5543 2370 5616 gentibus
2393 5541 2460 5596 ad
2491 5541 2734 5596 divinum
2767 5541 2996 5596 verbum
3037 5537 3394 5604 accessimus,
3417 5547 3600 5610 patres
3647 5569 3652 5576 -

2025 5649 2244 5693 nostros
2269 5635 2569 5692 secundum
2607 5651 2830 5692 carnem
2867 5635 3180 5692 divinarum
3223 5631 3384 5688 nobis
3431 5629 3600 5688 disti-

419 5809 440 5842 ⁵
473 5807 618 5864 Psal.
651 5821 856 5870 sum,
897 5807 950 5860 1.
1025 5803 1046 5834 ⁸
1085 5803 1276 5858 Matth.
1309 5819 1475 5870 sum,
1507 5803 1596 5856 ‘51.
1673 5803 1692 5834 τ
1731 5797 1924 5854 Matth.
1955 5811 1998 5858 ι.
2029 5795 2085 5850 1.
2145 5795 2182 5868 _
2207 5793 2327 5852 Act.
2359 5807 2480 5862 rm,
2511 5793 2602 5848 30.

665 5895 940 5958 Parnm.
977 5891 1094 5956 Gn.
1129 5891 1368 5958 XXIII.

3197 5883 3280 5944 29
