4078 6934
553 320 662 378 907

1189 313 1462 373 εῐεεοιι
1499 313 1982 371 CESARIENSIS
2015 313 2122 371 0P]

2226 313 2391 369 ?ARS
2427 312 2512 369 111.
2553 343 2626 353 -
2659 311 3070 368 EXECETICA.

3705 317 3848 372 903

549 445 821 517 plinarum
841 439 1132 511 magistros
1156 438 1433 492 ascribere
1455 451 1564 492 non
1589 451 1915 508 possumus;
1941 451 2122 492 rerum

2231 435 2358 500 τοὺς
2387 433 2529 488 κατὰ
2553 433 2733 504 σάρκα
2767 434 3040 503 πατέρας·
3069 431 3180 484 ἀλλ’
3205 431 3233 485 6
3264 449 3324 500 γε
3351 433 3543 505 Σωτὴρ
3566 433 3626 499 ἐξ
3649 435 3850 488 αὐτοῦ

551 531 811 586 Servatur
836 545 962 585 cum
999 545 1062 585 ex
1096 544 1193 583 sua
1230 536 1344 582 tum
1365 543 1432 582 ex
1455 528 1852 599 apostolorum,
1882 528 2128 598 discipu-

553 625 724 677 lorum
747 629 806 676 et
830 620 1290 691 evangelistaruiu
1323 635 1572 683 suorum,
1590 620 1682 690 qui
1711 619 1904 675 iisdem
1929 620 2128 690 quibus

552 713 669 783 ipse
686 713 934 783 patribus
955 710 1255 766 secundum
1278 726 1500 766 carnem
1523 713 1792 782 progeniti
1823 720 1971 775 sunt,
1997 727 2128 782 per.

552 818 710 866 sona,
744 801 844 857 has
882 801 1086 873 profert
1127 816 1330 858 voces:
1358 802 1576 869 Quanta
1607 801 1907 856 audivimus
1949 811 1999 855 et
2035 817 2129 854 co-

547 895 822 966 gnovimus
838 911 921 956 ea,
942 904 990 947 et
1014 903 1190 963 patres
1218 894 1388 948 nostri
1415 903 1763 947 narrat-erunt
1788 893 1937 947 nobis
1956 896 1981 948 ?
2004 892 2130 948 Haec

547 986 693 1040 enim
743 986 846 1056 ipsi
879 1000 909 1038 a
938 986 1186 1056 patribus
1220 994 1445 1057 accepta
1475 985 1635 1040 nobis
1673 1001 1740 1038 ex
1766 985 2008 1057 gentium
2041 999 2127 1038 se-

547 1077 694 1132 mine
718 1077 875 1140 ortis,
896 1085 955 1130 ut
979 1077 1204 1148 ignaris,
1223 1077 1653 1138 annuntiabunt,
1669 1076 2049 1146 docebuntque
2064 1091 2127 1130 ea

547 1183 670 1238 quae
719 1169 962 1238 antiquis
1005 1167 1114 1223 illis
1142 1167 1521 1238 contigerunt;
1546 1183 1667 1238 quae
1695 1181 1727 1220 a
1755 1166 2004 1236 patribus
2033 1180 2128 1236 per

548 1261 954 1317 successionem
981 1260 1107 1317 filiis
1137 1259 1357 1325 tradita,
1395 1269 1448 1315 et
1475 1275 1697 1315 rursum
1730 1275 1852 1330 quae
1887 1259 1956 1312 ab
1975 1259 2128 1313 hisce

547 1353 612 1408 ad
650 1363 898 1424 posteros
916 1353 1346 1418 transmissa,“
1373 1355 1570 1423 bisque
1593 1353 1790 1407 iterum
1824 1351 1892 1406 ad
1913 1351 2051 1406 filios
2071 1350 2130 1403 ti-

547 1449 743 1502 liorum
775 1447 1052 1500 memoria:
1070 1447 1320 1501 mandata
1352 1457 1500 1501 sunt.
1519 1445 1863 1516 QuaprOpter
1885 1445 2125 1499 dicitur:

545 1567 614 1578 —
634 1535 804 1592 Vens.
825 1537 873 1590 4.
901 1536 1024 1590 Non
1044 1547 1164 1591 sunt
1190 1538 1457 1591 occultata
1478 1555 1508 1590 a
1535 1537 1664 1606 ﬁliis
1684 1553 1868 1590 eorum
1889 1536 1944 1588 iu
1970 1550 2127 1606 gene-

545 1630 750 1684 ratione
804 1629 994 1684 altera.
1031 1628 1332 1685 Narrantes
1364 1627 1546 1683 laudes
1582 1627 1796 1682 Domini
1821 1636 1871 1682 et
1911 1627 2126 1680 virtutes

546 1721 686 1791 ejus,
714 1732 764 1778 et
787 1723 1063 1777 mirabilia
1092 1723 1206 1793 ejus
1241 1739 1359 1793 qua:
1387 1723 1529 1792 fecit.
1565 1720 1732 1775 Multa
1775 1720 1997 1792 quidem
2026 1733 2128 1773 no-

2233 524 2524 596 προσώπου
2559 526 2654 577 καὶ
2683 523 2791 576 τῶν
2825 523 2966 576 κατὰ
3001 522 3178 595 σάρκα
3210 526 3274 576 ἐκ
3302 524 3408 576 τῶν
3437 525 3614 578 αὐτῶν
3647 529 3844 580 πατὲ-

2236 634 2342 688 ρων
2385 616 2691 687 γενομένων
2739 618 3054 671 ἀποστόλων
3094 615 3260 670 αὑτοῦ
3309 618 3404 668 καὶ
3435 617 3689 688 μαθητῶν
3720 619 3846 671 καὶ

2230 708 2634 778 εὑαηελιστῶν
2662 708 2872 774 ταύτας
2904 709 3235 782 προφέρεται
3263 709 3361 774 τὰς
3395 711 3576 779 omni;
3603 708 3796 779 λέγων
3819 727 3840 740 ⁸

2234 803 2382 856 Ὅσα
2411 803 2764 871 ἠκούσαμεν
2795 802 2890 855 καὶ
2923 802 3187 871 ἔγνωμεν
3211 802 3384 862 αὐτὰ.
3417 803 3512 856 καὶ
3546 806 3601 856 οι
3637 801 3849 857 πιττέ-

2223 909 2330 959 ρες
2348 890 2517 962 ἡμῶν
2544 891 2914 962 διηγήσαιτο
2945 893 3119 962 ἠμῖν;
3140 893 3322 948 Ταῦτα
3343 895 3452 966 γὰρ
3477 899 3542 950 ἐκ
3563 899 3846 970 πατέρων

2229 981 2384 1034 αὐτοὶ
2415 981 2832 1054 παρειληφότες,
2869 983 2999 1053 ἡμῖν
3036 987 3146 1047 τοῖς
3183 983 3243 1048 ἐξ
3275 984 3444 1038 ἐθνῶν
3476 986 3552 1049 ὡς
3586 989 3662 1059 μὴ
3696 991 3844 1042 ἐπι-

2232 1075 2520 1146 σταμένοις
2557 1075 2965 1144 ἀπαγγελοῦσι,
3007 1075 3351 1141 διδάσκοντες
3407 1081 3552 1150 ἡμᾶς
3583 1079 3651 1133 τὰ
3699 1082 3838 1144 τῶς

2232 1165 2480 1231 παλαιοῖς
2515 1167 2933 1238 συμϐεϐηκότα’
2967 1167 3003 1222 ἃ.
3047 1167 3110 1238 δὴ
3141 1169 3282 1222 κατὰ
3329 1170 3578 1241 διαδοχὴν
3609 1173 3675 1224 ἐκ
3709 1190 3840 1225 1::-

2227 1257 2403 1328 τέρων
2429 1257 2669 1328 ἠκούσθη
2705 1261 2819 1321 τοῖς
2853 1258 3030 1318 παισὶ,
3062 1260 3157 1311 καὶ
3195 1259 3355 1313 πάλιν
3385 1259 3444 1326 ἐξ
3478 1260 3700 1314 ἐκείνων
3737 1265 3836 1325 εἰς

2228 1351 2354 1414 τοὺς
2389 1350 2881 1421 μεταγενεστέρους
2914 1349 3193 1421 ἐλήλυθεν,
3229 1353 3291 1404 ἐκ
3325 1350 3529 1404 τούτων
3559 1369 3618 1404 τε
3657 1349 3834 1416 αὖθις

2229 1443 2308 1507 εἰς
2333 1442 2527 1505 παῖδας
2551 1442 2755 1495 παίδων
2778 1445 2845 1514 τῇ
2874 1450 3060 1515 μνήμῃ
3093 1443 3386 1515 παρεδόθη.
3414 1445 3504 1498 Διὸ
3527 1446 3788 1499 λέλεκται
3809 1466 3828 1478 ·

2233 1535 2354 1586 Οὐκ
2401 1535 2620 1601 ἐκρύϐη
2659 1533 2778 1586 ἀπὸ
2824 1532 2942 1586 τῶν
2994 1534 3218 1588 τέκνων
3244 1533 3444 1588 αὐτῶν
3486 1539 3573 1602 εἰς
3603 1538 3834 1607 γενεὰν

2228 1619 2457 1692 ἑτέραν.
2495 1624 3009 1696 Ἀπαγγέλλοντες
3039 1626 3148 1692 τὰς
3170 1626 3432 1693 αίνέσεις
3455 1627 3561 1681 τοῦ
3589 1631 3832 1697 Kvpz'ov

2230 1717 2328 1770 καὶ
2354 1718 2460 1783 τὰς
2497 1718 2860 1784 δυναστείας
2898 1719 3106 1781 αὑτοῦ,
3135 1720 3230 1773 καὶ
3269 1719 3342 1773 τὰ
3370 1722 3672 1790 θαυμάσια
3701 1724 3828 1776 αὑ-

544 1817 630 1872 lris
660 1831 691 1871 ιι
721 1816 970 1887 patribus
1002 1815 1204 1870 tradita
1233 1823 1381 1877 sunt,
1410 1815 1476 1870 de
1502 1813 1786 1870 beneficiis
1811 1827 1843 1867 a
1871 1811 1983 1867 Deo
2021 1811 2122 1867 sibi

2228 1809 2335 1863 τοῦ
2356 1808 2395 1862 ἆ
2414 1805 2685 1877 ἐποίησε.
2711 1809 2887 1863 Πολλὰ
2919 1810 3017 1881 μέν
3052 1814 3168 1865 ἐστι
3192 1811 3260 1865 τὰ
3288 1813 3658 1885 παραδοθέντα
3681 1817 3829 1886 ἡμῖν

534 1909 787 1977 collatis;
822 1926 991 1964 unum
1049 1916 1230 1963 autem
1285 1908 1530 1963 omnium
1579 1907 1816 1962 maxime
1873 1919 2130 1962 necessa-

547 2001 714 2065 rium,
744 2008 829 2055 est
854 1999 1256 2062 testimonium,
1287 1999 1484 2068 lexque
1509 1998 1562 2052 in
1585 1997 1898 2054 testimonio
1926 1997 2123 2068 posita,

545 2103 712 2162 quam
752 2089 885 2161 ipsis
916 2089 1128 2160 scripto
1157 2087 1404 2152 tradidit,
1445 2088 1767 2159 praecipiens
1797 2096 1854 2142 ut
1895 2085 2128 2142 medita-

547 2189 737 2238 rentur
773 2183 970 2253 ipsam,
1003 2188 1057 2235 et
1085 2180 1208 2250 ejus
1229 2180 1635 2234 meditationem
1667 2179 1813 2240 filiis,
1833 2177 2126 2248 nepotibus

529 2283 598 2330 et
625 2274 857 2346 posteris
879 2287 975 2343 per
995 2270 1399 2326 successionem
1437 2269 1730 2324 traderent.
1759 2267 2126 2334 Quamobrem

548 2363 626 2420 alt.
650 2385 662 2420 :
687 2363 942 2418 —’Vens.
974 2363 1028 2419 5.
1055 2361 1123 2415 Et
1152 2363 1427 2416 suscitavit
1461 2362 1819 2415 testimonium
1846 2361 1903 2414 in
1931 2359 2121 2425 Iacob,

546 2469 596 2513 et
635 2459 798 2529 legem
830 2457 1004 2526 posuit
1034 2456 1088 2509 in
1135 2453 1330 2510 Israel.
1370 2453 1768 2509 Testimonium
1827 2454 2127 2508 vocabatur

552 2551 966 2606 tabernaculum
1005 2547 1327 2611 testimonii,
1347 2547 1401 2601 in
1430 2562 1540 2618 quo
1567 2547 1813 2618 deposita
1842 2555 1963 2601 erat
1993 2560 2121 2599 arca

545 2641 906 2705 Testamcnli,
941 2640 1028 2694 lex
1069 2639 1125 2693 in
1165 2652 1292 2692 arca
1333 2637 1534 2708 posita,
1563 2653 1774 2692 necnon
1839 2637 2122 2691 cherubim

544 2741 597 2786 et
625 2731 1089 2803 propitiatorium,
1122 2727 1539 2792 candelabrum,
1572 2744 1760 2783 mensa
1796 2735 1848 2782 et
1873 2729 2118 2799 proposi

545 2823 623 2878 tio
645 2838 842 2893 panum
880 2840 893 2874 :
935 2837 1055 2892 qua:
1099 2821 1290 2891 jussus
1325 2819 1505 2875 facere
1553 2817 1788 2891 Moyses,
1819 2820 2122 2874 secundum

547 2913 824 2983 exemplar
853 2912 997 2983 quod
1034 2912 1138 2983 ipsi
1171 2915 1227 2966 in
1251 2919 1435 2966 monte
1466 2920 1749 2966 ostensum
1791 2909 1969 2966 fuerat
1998 2926 2126 2965 con-

545 3004 766 3059 struxit.
801 3001 907 3058 Sed
937 3002 1066 3057 olini
1099 3001 1318 3072 quidem
1372 3003 1456 3056 lex
1498 3002 1587 3055 illa
1641 3009 1695 3056 et
1747 3002 2122 3058 testimonium

544 3096 679 3153 illud
732 3095 938 3151 Jacobo
973 3103 1028 3150 et
1062 3096 1176 3150 lsra
1215 3095 1248 3148 li
1307 3096 1503 3150 tradita
1558 3093 1792 3149 fuerant.
1852 3093 2122 3161 Quoniam

544 3205 674 3246 vero
712 3190 780 3244 iis
833 3190 1075 3259 acceptis
1134 3188 1211 3242 illi
1270 3188 1601 3259 transgressi
1643 3195 1790 3250 sunt,
1825 3186 1949 3256 jure
2003 3187 2121 3257 ipse

544 3299 667 3338 cum
706 3281 872 3337 alium
919 3282 1022 3336 sibi
1060 3287 1306 3350 parasset
1362 3279 1642 3350 populum,
1679 3278 1934 3348 aliudque
1965 3280 2122 3333 testi-

546 3376 813 3439 monium,
849 3374 1100 3429 videlicet
1121 3388 1334 3442 corpus
1381 3372 1610 3435 Christi,
1650 3370 1794 3442 quod
1829 3370 1923 3426 Dei
1959 3369 2120 3426 Verbi

543 3472 600 3524 in
629 3469 748 3539 ipso
782 3467 1080 3523 habitantis
1111 3467 1374 3536 templum
1415 3473 1555 3532 erat,
1598 3474 1656 3520 ut
1693 3471 1808 3536 ipse
1841 3467 1916 3520 ait
1949 3486 1961 3522 :
1999 3465 2122 3522 Sol-

545 3563 647 3615 uite
676 3560 926 3630 templum
956 3560 1075 3622 hoc,
1101 3569 1149 3612 et
1171 3559 1222 3612 in
1256 3558 1419 3612 tribus
1451 3558 1633 3613 diebus
1655 3558 1896 3614 excitabo
1917 3559 2054 3613 illud
2077 3560 2118 3624 ’;

545 3654 613 3709 ad
649 3654 763 3708 haec
800 3652 967 3708 etiam
1002 3652 1202 3722 populo
1233 3667 1336 3707 suo
1383 3653 1554 3724 legem
1610 3654 1768 3706 aliam
1791 3693 1806 3717 ,
1846 3653 2122 3723 evangeli-

544 3761 665 3801 cam
693 3743 1168 3811 videlicet,tradit.
1205 3743 1331 3799 ldeo
1357 3744 1413 3798 in
1436 3743 1709 3815 principio
1734 3743 1900 3813 hujus
1925 3741 2121 3814 psalmi

543 3837 620 3893 ait
655 3855 668 3892 :
699 3834 985 3899 Attendite,
1016 3836 1203 3904 popule
1237 3852 1404 3900 meus,
1443 3835 1605 3906 legem
1634 3851 1836 3900 meam;
1864 3843 2120 3890 caeterum

543 3933 715 4004 legem
762 3930 1042 3998 antiquam
1075 3934 1128 3983 et
1187 3936 1424 3983 veterem
1484 3926 1958 3994 testificationem)
1997 3942 2121 3980 nam

549 4027 629 4080 sic
663 4026 1052 4096 interpretatus
1101 4023 1466 4094 Symmachus
1501 4029 1607 4086 est,
1629 4021 1819 4077 dicens
1850 4041 1862 4075 :
1904 4019 1971 4074 Et
2007 4030 2121 4074 sta-

544 4118 642 4171 mit
674 4118 1094 4187 testiﬁcationem
1121 4114 1312 4185 Jacob)
1344 4129 1468 4169 cum
1500 4114 1681 4184 priore
1713 4113 1913 4183 populo
1944 4112 2122 4181 dispo-

541 4211 673 4276 suit,
695 4210 1014 4281 prazcipiens
1044 4209 1178 4279 ipsis
1205 4215 1263 4262 ut
1286 4215 1409 4262 nota
1433 4205 1674 4262 facerent
1696 4220 1760 4260 ea
1795 4205 1916 4258 ﬁliis
1947 4213 1999 4259 et
2029 4221 2124 4258 ne-

541 4305 762 4376 potibus
787 4304 926 4371 suis,
964 4311 1023 4357 ut
1043 4301 1325 4373 generatio
1359 4301 1508 4355 nulla
1533 4303 1829 4371 ignoraret,
1861 4298 1953 4354 sed
1987 4298 2121 4369 legis

541 4396 789 4451 doctrina
835 4397 890 4450 in
934 4395 1169 4468 posteris
1225 4409 1440 4464 quoque
1499 4399 1762 4448 maneret.
1797 4389 2007 4446 Idcirco
2035 4389 2121 4443 di-

2228 1900 2334 1952 ὺπὸ
2369 1898 2481 1952 τῶν
2532 1900 2806 1970 πατέρων,
2849 1902 2992 1972 ἅπερ
3037 1903 3237 1966 αὐτοὺς
3279 1905 3308 1956 6
3349 1903 3482 1968 Θεὸς
3512 1905 3829 1976 εὐεργετῶν

2225 1991 2551 2062 διεπράξατο
2567 2009 2581 2023 ο
2605 1991 2664 2045 ἓν
2687 1992 2744 2046 δὲ
2767 1993 2824 2046 τὸ
2845 1993 3062 2047 πάντων
3083 1995 3504 2066 ἀναγκαιότερον
3531 1998 3703 2050 ἐκεῖνο
3722 1993 3827 2070 ἦν,

2226 2081 2370 2151 λέγω
2389 2081 2445 2135 δὲ
2475 2081 2536 2134 τὸ
2559 2082 2876 2154 μαρτύριον,
2901 2083 2994 2137 καὶ
3025 2085 3054 2137 6
3090 2086 3147 2138 ἐν
3187 2084 3266 2156 τῷ
3307 2086 3590 2159 μαρτυρίῳ
3625 2088 3826 2159 νόμος,

2226 2175 2288 2228 ὃν
2323 2175 2617 2246 ἐγγράφως
2677 2177 2862 2240 αὐτοῖς
2909 2177 3260 2250 παρέδωκεν,
3302 2179 3679 2252 ἐντειλάμενος
3713 2199 3827 2252 με·

2226 2266 2388 2338 λετᾷν
2421 2269 2472 2320 ἐν
2510 2267 2677 2339 αὐτῷ,
2705 2271 2797 2323 καὶ
2839 2273 2945 2334 τοῖς
2977 2271 3158 2325 αὐτῶν
3202 2273 3358 2326 παισί
3389 2290 3448 2326 τε
3478 2274 3570 2327 καὶ
3610 2275 3829 2344 61:076-

2227 2376 2337 2423 νοις
2363 2363 2476 2424 τοῖς
2503 2359 2644 2413 κατὰ
2664 2361 2913 2434 διαδοχὴν
2937 2363 3320 2434 γενησομένοις
3341 2365 3690 2437 παραδιδόναι
3715 2366 3826 2440 τὴν

2226 2451 2416 2506 τούτου
2454 2451 2701 2523 μελέτην.
2734 2452 2825 2506 Διό
2846 2470 3006 2525 φησι’
3037 2455 3147 2508 Καὶ
3172 2455 3477 2523 ἀνέστησε
3490 2460 3827 2528 μαρτύριον

2225 2547 2296 2599 ὲν
2336 2545 2549 2609 Ἰακὼϐ,
2583 2545 2680 2599 καὶ
2707 2548 2894 2617 νόμον
2923 2551 3089 2603 ἔθετο
3114 2549 3186 2602 ἐν
3214 2549 3470 2618 Ἰσραήλ.
3499 2552 3826 2625 Μαρτύρων

2225 2637 2280 2690 δὲ
2314 2637 2560 2691 ἐκαλεῖτο
2584 2640 2618 2710 ἡ
2650 2639 2822 2711 σκηνὴ
2853 2639 2947 2693 τοῦ
2975 2641 3297 2712 μαρτυρίου,
3328 2643 3385 2695 έν
3477 2643 3737 2697 ἀπέκειτο
3785 2647 3822 2716 ἡ

2225 2730 2459 2794 κιϐωτὸς
2505 2731 2604 2801 τῆς
2636 2733 2945 2804 Διαθήκης,
2986 2735 3078 2787 καὶ
3110 2736 3139 2786 6
3166 2737 3224 2788 ἐν
3252 2738 3319 2806 τῇ
3374 2735 3595 2806 κιϐωτῷ
3627 2736 3822 2808 νόμος,

2225 2822 2294 2875 τά
2317 2838 2376 2874 τε
2407 2823 2672 2894 χερουσὶμ
2698 2823 2792 2876 καὶ
2819 2823 2881 2876 τὸ
2919 2823 3251 2896 ἱλαστήριον,
3288 2827 3382 2880 καὶ
3409 2828 3442 2897 ὴ
3470 2825 3684 2897 λυχνία,
3718 2827 3825 2880 καὶ

2225 2916 2259 2987 ή
2291 2914 2561 2987 τράπεζα,
2593 2917 2744 2988 καὶὴ
2772 2915 3028 2990 πρόθεσις
3063 2916 3172 2970 τῶν
3198 2918 3377 2989 ἄρτων
3398 2935 3411 2948 ·
3443 2919 3589 2990 ἅπερ
3628 2919 3824 2972 κελευ-

2227 3007 2376 3074 σθεὶς
2401 3009 2624 3081 ποιῆσαι
2651 3010 2887 3081 Μωσῆς,
2917 3010 3060 3062 κατὰ
3091 3009 3183 3064 τὸν
3211 3009 3380 3064 τύπον
3409 3011 3497 3065 τὸν
3534 3011 3820 3082 δειχθέντα

2227 3100 2374 3174 αὐτῷ
2417 3103 2475 3155 ἐν
2525 3101 2604 3172 τῷ
2650 3101 2769 3173 δρει
2816 3101 3239 3157 κατεσκεύασεν.
3287 3101 3449 3156 Ἀλλὰ
3501 3103 3668 3156 παλαι
3713 3105 3824 3174 μὲν

2230 3195 2436 3256 ἐκεῖνος
2465 3193 2494 3245 6
2528 3193 2690 3264 νόμος
2726 3192 2906 3246 καὶτὸ
2951 3193 3248 3266 μαρτύριον
3288 3195 3464 3249 ἐκεῖνο
3505 3195 3581 3266 τῷ
3617 3194 3824 3250 Ἰακὼϐ

2229 3285 2321 3338 καὶ
2349 3283 2428 3355 τῷ
2443 3284 2656 3356 Ἰσραὴλ
2682 3285 2876 3339 δέδοτο.
2898 3286 3115 3358 Ἐπειδὴ
3143 3286 3197 3339 δὲ
3235 3286 3553 3359 παρέϐησαν
3581 3289 3629 3341 οἱ
3665 3306 3820 3362 παρ-

2233 3374 2551 3446 ειληφότες,
2606 3373 2830 3438 εἰκότως
2891 3373 3077 3446 ἓτερον
3127 3374 3305 3444 ἐαυτῷ
3347 3374 3818 3446 καταρτισάμενος

2229 3466 2355 3519 λαὸν
2382 3467 2475 3520 καὶ
2504 3465 2799 3538 μαρτύριον
2829 3465 3038 3538 ἕτερον,
3084 3467 3146 3519 τὸ
3193 3465 3428 3538 Χριστοῦ
3454 3466 3611 3536 σῶμα
3633 3506 3648 3530 ,
3684 3465 3818 3520 ναὸν

2228 3555 2286 3609 ὂν
2315 3555 2407 3610 τοῦ
2444 3556 2720 3620 οἰκοῦντος
2752 3557 2809 3609 ἐν
2840 3555 2988 3627 αὐτῷ
3015 3555 3150 3610 Θεοῦ
3184 3556 3379 3624 Λόγου,
3408 3555 3483 3619 ὡς
3512 3555 3673 3618 αὐτὸς
3703 3555 3815 3608 ὲδτ-

2227 3648 2383 3713 δαξεν
2423 3648 2622 3702 εἰπών’
2659 3649 2898 3704 Λύσατε
2949 3648 3056 3702 τὸν
3101 3648 3252 3702 ναὸν
3293 3648 3544 3713 τοῦτον,
3596 3649 3691 3702 καὶ
3742 3650 3818 3702 ἐν

2229 3741 2428 3810 τρισὶν
2455 3740 2704 3811 ἡμέραις
2728 3740 2914 3811 ἐγερῶ
2948 3742 3136 3795 αὐτόν
3153 3758 3166 3771 °
3203 3742 3295 3796 καὶ
3326 3741 3461 3813 πρὸς
3486 3741 3694 3808 τούτοις
3717 3747 3816 3798 καὶ

2228 3834 2390 3904 νόμον
2409 3833 2596 3905 ἓτερον
2623 3835 2714 3888 τὸν
2755 3833 3107 3904 εὑαγγελικὸν
3134 3833 3212 3905 τῷ
3246 3837 3438 3890 ἐαυτοῦ
3472 3836 3586 3908 λαῷ
3632 3855 3814 3908 παρα-

2227 3927 2428 3982 δίδωσι.
2470 3929 2558 3982 Διὸ
2595 3929 2654 3982 ἐν
2681 3930 2824 4002 ἀρχῇ
2853 3928 2961 3982 τῶν
2995 3930 3371 4002 προκειμένων
3406 3930 3555 3999 ἔλεγε
3575 3948 3588 3962 ’
3619 3935 3814 3999 Προσ-

2229 4021 2414 4091 έχετε,
2439 4023 2588 4088 λαός
2611 4039 2753 4091 μου,
2797 4022 2905 4076 τὸν
2947 4023 3136 4092 νόμον
3156 4041 3307 4093 μου·
3345 4023 3484 4094 πλὴν
3533 4023 3668 4076 ἀλλὰ
3716 4024 3812 4078 τὸν

2231 4113 2460 4168 παλαιὸν
2489 4113 2651 4185 νόμον
2682 4113 2775 4166 καὶ
2796 4114 2894 4183 τὴν
2924 4113 3162 4167 παλαιὰν
3205 4114 3605 4188 διαμαρτυρίαν
3647 4112 3812 4182 (οὕτω

2228 4207 2336 4277 γὰρ
2377 4206 2722 4278 ἠρμήνευσεν
2763 4207 2789 4258 6
2840 4206 3136 4277 Σύμμαχος
3170 4208 3370 4260 εἰπών·
3422 4207 3531 4261 Καὶ
3585 4207 3810 4277 ἔστησε

2227 4296 2656 4366 διαμαρτυρίαν
2688 4296 2769 4362 τῷ
2807 4296 3005 4351 Ἰακώϐ
3017 4298 3034 4366 )
3061 4296 3138 4367 τῷ
3171 4297 3422 4370 προτέρῳ
3449 4297 3562 4369 λαῷ
3582 4299 3807 4361 διέθετο,

2228 4389 2600 4459 ἐντειλάμενος
2634 4389 2816 4452 αὐτοῖς
2854 4388 3119 4460 γνωρίσαι
3152 4388 3290 4442 αὐτὰ
3321 4393 3433 4454 τοῖς
3467 4392 3602 4454 υἱοῖς
3630 4391 3810 4444 αὐτῶν

539 4497 686 4546 ctum
721 4497 838 4545 est:
880 4519 949 4530 -—
988 4487 1155 4542 Vens.
1181 4484 1235 4542 6.
1271 4487 1336 4540 Ut
1389 4494 1669 4556 cognoscat
1716 4483 1983 4552 generatio
2029 4479 2111 4534 al-

2233 4481 2328 4536 καὶ
2350 4478 2658 4548 ἀπογόνοις,
2701 4477 2777 4542 ὡς
2819 4478 2884 4532 ἂν
2923 4477 3192 4550 μηδεμίαν
3234 4479 3386 4532 λάθοι
3433 4480 3649 4548 γενεὰν,
3689 4479 3804 4532 δια-

541 4593 676 4646 tera,
707 4583 808 4654 ﬁlii
833 4583 924 4653 qui
969 4591 1274 4641 nascentur.
1309 4588 1358 4632 et
1393 4587 1698 4648 exsurgent,
1740 4586 1789 4632 et
1825 4574 2120 4630 narrabant

539 4695 602 4731 ea
619 4677 746 4747 ﬁliis
774 4677 908 4730 suis.
937 4674 1404 4744 Complemcnlum
1437 4682 1617 4726 autem
1641 4678 1697 4726 et
1722 4684 1924 4739 scopus
1950 4666 2119 4722 medi-

541 4770 764 4825 talionis
811 4769 947 4838 legis
1001 4767 1091 4822 hic
1125 4776 1242 4820 erat
1274 4784 1288 4820 :
1317 4794 1384 4804 ——
1417 4763 1581 4818 Vsus.
1611 4762 1662 4816 7.
1697 4759 1769 4814 Ut
1817 4771 2013 4826 ponant
2069 4759 2120 4812 in

541 4861 650 4915 Deo
681 4878 844 4930 spem,
874 4871 920 4913 et
958 4877 1059 4912 non
1094 4859 1474 4912 obliviscantur
1507 4872 1719 4925 operum
1748 4853 1864 4919 Dei,
1891 4863 1938 4907 et
1969 4870 2120 4906 man-

539 4970 668 5019 data
698 4965 811 5036 ejus
837 4965 1115 5034 exquirant
1139 4978 1157 5026 ,°
1183 4971 1241 5015 ut
1271 4978 1372 5015 non
1406 4961 1538 5030 ﬁant
1569 4960 1895 5028 sicutpatres
1916 4973 2118 5016 eorum.

538 5062 807 5134 generatio
843 5077 1007 5131 prava
1054 5067 1102 5112 et
1149 5072 1471 5128 exasperans
1503 5071 1519 5108 :
1549 5055 1818 5125 generatio
1851 5069 1967 5123 qua:
2016 5069 2120 5106 non

539 5169 735 5222 direxit
771 5183 860 5221 cor
891 5181 1062 5228 suum,
1092 5171 1142 5218 et
1176 5180 1278 5217 non
1307 5159 1479 5232 ﬁdelis
1521 5158 1621 5227 fuit
1667 5174 1783 5211 cum
1814 5158 1922 5210 Deo
1957 5157 2119 5227 spiri-

539 5287 627 5332 tus
653 5275 788 5345 ejus.
822 5272 954 5340 Quae
1011 5273 1102 5325 illa
1137 5269 1286 5341 prior
1330 5276 1544 5338 patrum
1569 5255 1870 5337 generatio,
1902 5263 2006 5317 nisi
2057 5277 2119 5316 ea

539 5399 664 5455 quae
697 5391 952 5451 tempore
997 5375 1198 5449 Moysis
1237 5373 1387 5430 erat?
1412 5381 1631 5444 propter
1646 5377 1654 5404 '~
1685 5385 1847 5442 quam
1907 5368 2118 5441 Moyses

539 5491 796 5555 acceptas
844 5482 980 5552 legis
1012 5480 1228 5535 tabulas
1261 5477 1550 5542 contrivit;
1595 5476 1674 5532 sic
1708 5476 1854 5531 enim
1906 5473 2118 5544 Moyses

539 5588 669 5642 illos
700 5583 1106 5656 generationem
1160 5593 1383 5649 pravam
1415 5586 1469 5632 et
1501 5591 1812 5647 perversam
1859 5574 2116 5636 vocabat,

548 5687 665 5740 haec
703 5683 756 5738 in
788 5683 909 5735 illus
937 5679 1303 5751 pronuntians
1335 5696 1346 5732 :
1376 5674 1506 5733 Filii
1542 5673 1930 5746 vituperabiles,
1959 5688 2115 5744 gene-

614 5847 634 5878 ³
676 5842 834 5900 Joan.
871 5855 939 5906 ιι,
974 5839 1061 5896 l9.

2229 4573 2377 4645 μένοι
2404 4571 2462 4626 δὲ
2490 4573 2522 4642 ή
2549 4569 2643 4624 τοῦ
2686 4571 2852 4641 νόμου
2895 4570 3214 4625 διδασκαλία
3242 4572 3338 4626 καὶ
3372 4573 3452 4634 είς
3493 4572 3619 4636 τοὺς
3670 4571 3808 4643 μετὰ

2221 4663 2396 4718 ταῦτα
2433 4661 2850 4732 γενησομένους.
2891 4661 2982 4714 Διὸ
3029 4661 3278 4715 λέλεκται
3302 4679 3315 4693 ο
3350 4663 3541 4728 Ὅπως
3575 4661 3654 4715 ἂν
3688 4660 3809 4731 γνῷ

2223 4754 2398 4824 γενεὰ
2427 4753 2632 4822 ἑτέρα,
2667 4753 2784 4808 υἱοὶ
2822 4755 3250 4823 τεχθησόμενοι
3292 4755 3386 4808 καὶ
3424 4753 3807 4821 ἀναστήσον-

2222 4864 2338 4911 ται,
2371 4847 2467 4900 atat
2497 4846 2942 4916 ἁναγγελοῦσιν
2963 4847 3113 4901 αὐτὰ
3151 4847 3276 4913 τοῖς
3299 4847 3451 4914 υἱοῖς
3485 4846 3700 4901 αὐτῶν.
3733 4847 3808 4900 T6

2221 4937 2278 4992 δὲ
2303 4938 2677 5010 συμπέρασμα
2708 4938 2806 5009 τῆς
2837 4936 2932 4990 τοῦ
2957 4939 3124 5009 νόμου
3159 4939 3388 5010 μελέτης
3419 4941 3513 4994 καὶ
3548 4941 3576 4993 6
3607 4941 3808 5006 σκοπὸς

2221 5024 2374 5094 οὗτος
2410 5026 2499 5100 ἦν,
2532 5029 2668 5084 Ἵνα
2710 5029 2924 5084 θῶνται
2955 5030 3053 5084 ἐπὶ
3100 5032 3208 5085 τὸν
3239 5031 3386 5086 Θεὸν
3409 5032 3522 5100 τὴν
3565 5032 3803 5096 ἐλπίδα,

2221 5123 2320 5176 καὶ
2349 5121 2435 5192 μὴ
2460 5121 2855 5176 ἐπιλάθωνται
2893 5121 3011 5176 τῶν
3036 5124 3224 5194 ἔργων
3253 5125 3360 5179 τοῦ
3388 5125 3556 5190 Θεοῦ,
3579 5125 3678 5179 καὶ
3701 5128 3808 5191 τὰς

2220 5214 2482 5281 ἐντολὰς
2527 5214 2709 5270 αὐτοῦ
2742 5212 3152 5283 ἐκζητήσωσιν
3174 5233 3188 5246 ·
3235 5216 3337 5270 ἵνα
3389 5216 3476 5286 μὴ
3515 5216 3804 5292 γένωνται

2220 5308 2302 5374 ὡς
2338 5309 2394 5360 οί
2436 5305 2688 5375 πατέρες
2720 5306 2919 5362 αὐτῶν
2935 5347 2950 5371 ,
2993 5309 3168 5378 γενεὰ
3213 5309 3434 5363 σκολιὰ
3484 5310 3582 5363 καὶ
3615 5324 3802 5379 παρα-

2219 5399 2653 5468 πικραίνουσα·
2686 5399 2860 5470 γενεὰ
2896 5400 3028 5469 ἣτις
3053 5403 3124 5456 οὐ
3156 5403 3490 5468 κατηύθυνε
3525 5401 3642 5469 τὴν
3663 5418 3804 5469 καρ-

2221 5488 2359 5544 δίαν
2382 5489 2602 5558 αὐτῆς,
2635 5489 2735 5544 καὶ
2779 5493 2890 5546 οὐκ
2919 5490 3217 5559 ἐπιστώθη
3242 5490 3392 5560 μετὰ
3426 5491 3532 5545 τοῦ
3565 5491 3713 5545 Θεοῦ
3736 5491 3802 5544 τὸ

2221 5582 2458 5653 πνεῦμα
2511 5582 2719 5651 αὐτῆς.
2757 5583 2854 5648 Τίς
2907 5584 2963 5638 δὲ
3015 5580 3083 5655 ἦν
3131 5587 3164 5655 ἡ
3213 5586 3453 5657 προτέρα
3499 5585 3659 5652 γενεὰ
3696 5582 3802 5637 τῶν

2224 5676 2472 5748 πατέρων
2506 5675 2618 5730 ἀλλ’
2653 5676 2684 5746 ἢ
2720 5677 2804 5730 ἐπ’
2841 5676 3002 5732 αὐτοῦ
3043 5679 3287 5743 Μωσέως
3319 5679 3582 5752 γενομένη
3607 5697 3619 5746 ;
3644 5678 3710 5734 δι’
3736 5677 3802 5748 ἣν

2951 5915 2990 5928 ο.
3064 5891 3145 5930 8.-
3216 5920 3240 5929 ..
