4078 6934
275 389 381 447 909

1367 389 1870 448 (ΞΟΜΜΕΝΤΑΒΙΑ
1909 390 2345 447 ΙΝῬΞΔιΜΟΒ.

3422 391 3528 446 9ίο

275 509 567 582 δεξάμενος
595 510 802 580 Μωσῆς
829 508 928 574 τὰς
974 508 1186 574 πλάκας
1226 511 1324 582 τῆς
1369 511 1686 582 νομοθεσίας
1733 528 1858 565 συν-

1961 513 2100 565 ratio
2144 528 2310 581 prava
2362 521 2413 566 et
2446 525 2708 581 perversa,
2752 508 2979 564 ha'ccine
3011 509 3234 564 Domino
3271 503 3533 565 redditis?

277 603 496 676 έτριψεν
516 620 530 634 ο
565 601 738 666 οὔτως
762 602 892 671 γοῦν
931 603 1025 656 καὶ
1067 603 1227 668 αὐτὸς
1257 604 1460 676 Μωσῆς
1502 605 1695 676 γενεὰν
1729 621 1856 658 σκοο

277 695 399 750 λιὰν
444 695 540 749 καί⁹
569 694 1006 766 διεστραμμένην
1053 694 1250 758 αὐτοὺς
1303 695 1517 758 ἐκάλει,
1565 698 1644 759 είς
1678 696 1857 750 αὐτῶν

279 787 571 862 πρόσωπον
609 786 1024 857 ἀποτεινόμενος
1068 787 1162 840 καὶ⁵
1193 786 1364 855 λέγων
1383 803 1396 816 ·
1439 785 1624 841 Τέκνα
1659 804 1860 856 μωμη-

278 878 372 943 τὰ,
398 875 574 948 γενεά
607 877 828 931 σκολιὰ
854 877 952 930 καὶ
977 876 1432 947 διεστραμμένη,
1455 878 1640 932 ταῦτα
1666 879 1860 946 Κυρίῳ

278 969 740 1033 ἀνταποδίδοτε;
765 970 917 1024 οὕτω
947 969 1098 1036 λαὸς
1115 970 1313 1040 μωρὸς
1333 970 1432 1024 καὶ
1461 971 1597 1040 οὐχί
1627 973 1857 1040 0095c;

293 1062 433 1116 Ἀλλ’
465 1061 550 1116 ἵνα
597 1061 672 1134 μὴ
705 1061 756 1115 ol
804 1062 940 1134 μετὰ
989 1061 1162 1115 ταῦτα
1213 1061 1564 1134 γενησόμενοι
1597 1065 1706 1126 τοῖς
1752 1080 1856 1115 πα-

279 1153 471 1225 τράσιν
502 1153 934 1208 ἀποτελεσθῶσιν
961 1153 1156 1224 ὅμοιοι,
1189 1152 1468 1224 ἔγγραφον
1498 1153 1682 1214 αὐτοῖς
1715 1170 1855 1224 παρ-

279 1246 446 1300 έδωκε
492 1245 580 1299 τὸν
617 1246 798 1316 νόμον,
820 1246 914 1300 καὶ
936 1246 1036 1316 τὴν
1067 1245 1486 1318 διαμαρτυρίαν,
1505 1245 1571 1298 δι’
1596 1239 1662 1316 ἦς
1683 1261 1854 1314 κατη-

278 1340 434 1410 γορεῖ
471 1335 568 1409 μὲν
598 1337 705 1391 τῶν
745 1337 1015 1409 πατέρων,
1049 1336 1380 1391 διεστείλατο
1410 1337 1467 1390 δὲ
1506 1337 1601 1390 καὶ
1633 1336 1858 1406 διεμαρ-

277 1428 480 1498 τύρατο
516 1432 630 1493 τοῖς
661 1428 872 1493 τέκνοις
903 1429 977 1501 μὴ
1011 1428 1388 1500 ἐξομοιοῦσθαι
1441 1431 1551 1492 τοῖς
1593 1428 1852 1499 πατράσι,

281 1519 416 1590 μηδὲ
453 1521 520 1590 τῇ
553 1519 795 1593 προτέρᾳ.
832 1521 1016 1591 γενεᾷ,
1067 1519 1198 1588 ἣτις
1247 1522 1320 1574 οὐ
1368 1520 1702 1588 κατηύθυνε
1740 1517 1856 1585 τὴν

277 1609 530 1678 καρδίαν
557 1609 770 1680 αὐτῆς,
804 1610 903 1664 καί
923 1612 1034 1664 οὐκ
1061 1609 1361 1679 ἐπιστώθη
1391 1609 1539 1680 μετά
1571 1608 1677 1662 τοῦ
1709 1607 1857 1662 Θεοῦ

276 1702 345 1757 τὸ
375 1702 611 1772 πνεῦμα
640 1701 850 1771 αὐτῆς.
888 1703 962 1755 Ού
996 1702 1106 1774 γὰρ
1147 1701 1359 1772 φύσεως
1385 1701 1594 1772 φαύλης
1618 1695 1707 1773 ἦν,
1734 1700 1858 1754 οὐδὲ
1899 1695 1902 1698 ’

1958 605 2150 659 siccius
2174 614 2396 674 populus
2427 604 2622 658 stultus
2653 612 2703 657 et
2731 619 2835 656 non
2849 603 3057 671 sapiens
3084 603 3170 656 ὀἳ
3199 601 3306 657 Sed
3335 609 3396 656 ut
3433 617 3532 658 eo—

1958 707 2084 748 rum
2125 702 2351 764 nepotes
2392 694 2645 765 patribus
2676 692 2884 748 similes
2914 707 3022 747 non
3053 693 3366 757 evaderent,
3394 695 3533 749 scri-

1961 792 2110 854 ptam
2150 785 2286 856 ipsis
2337 786 2509 855 legem
2549 783 2796 848 tradidit,
2833 790 2890 840 et
2930 783 3394 850 testiﬁcationem,
3423 800 3532 855 qua

1959 885 2144 948 patres
2183 876 2402 948 quidem
2431 877 2724 940 incusavit,
2749 877 3009 948 pracepit
3038 882 3220 932 autem
3250 884 3305 932 et
3342 876 3533 934 testiﬁ-

1961 975 2118 1024 catus
2147 968 2273 1024 ﬁliis
2293 975 2402 1033 est,
2439 976 2499 1022 ut
2528 983 2596 1023 ne
2623 968 2870 1039 patribus
2893 967 3102 1024 similes
3125 975 3334 1033 essent,
3356 983 3534 1040 neque

1963 1059 2133 1129 priori
2165 1059 2240 1113 illi
2273 1057 2632 1130 generationi.
2655 1075 2772 1129 quw
2800 1075 2904 1112 non
2930 1056 3125 1111 direxit
3156 1074 3248 1111 cor
3281 1075 3459 1126 suum,
3485 1071 3533 1114 et

1962 1166 2065 1203 non
2112 1147 2286 1219 ﬁdelis
2331 1148 2435 1218 fuit
2478 1164 2594 1201 cum
2627 1147 2736 1203 Deo
2765 1148 2985 1218 spiritus
3008 1147 3145 1218 ejus.
3174 1145 3359 1218 Neque
3389 1150 3536 1204 enim

1961 1257 2141 1314 pravae
2176 1249 2385 1298 natura:
2414 1249 2551 1305 erat,
2582 1256 2760 1311 neque
2789 1240 2942 1294 malae
2968 1240 3410 1306 constitutionis;
3441 1241 3536 1296 sed

1962 1351 2030 1390 ex
2069 1335 2351 1390 voluntate
2378 1333 2487 1389 Deo
2510 1333 2921 1404 obsequentiam
2947 1324 3283 1400 detrectans,
3314 1349 3534 1389 exacer-

1963 1426 2111 1481 bavit
2135 1442 2283 1494 eum,
2314 1435 2478 1495 atque
2498 1441 2564 1480 ex
2595 1425 2940 1495 perversione
2960 1433 3204 1480 tortuosa
3222 1425 3408 1480 eﬁecta
3429 1437 3532 1480 est.

1962 1513 2326 1583 Quamobrem
2379 1516 2678 1572 secundum
2720 1513 3106 1586 Symmachum
3157 1516 3364 1570 dictum
3404 1501 3534 1572 est:

1967 1603 2246 1662 Generatio
2274 1606 2446 1661 inuita
2475 1605 2654 1672 corde,
2688 1617 2736 1660 et
2760 1607 2979 1676 inﬁrma
3001 1623 3127 1678 erga
3151 1607 3319 1663 Deum
3347 1608 3538 1676 spiritu

1964 1715 2082 1752 suo.

277 1796 623 1866 κατασκευῆς
650 1799 910 1868 πονηρᾶς,
940 1798 1004 1849 ὲκ
1036 1796 1407 1868 προαιρέσεως
1469 1795 1526 1849 δὲ
1595 1795 1925 1849 ἀνανεύουσα
1967 1793 2103 1865 πρὸς
2141 1793 2240 1864 τὴν
2289 1793 2385 1848 τοῦ
2421 1791 2556 1847 Θεοῦ
2595 1793 2842 1866 ὑπακοὴν
2888 1795 3300 1866 παοεπίκρανε,
3337 1795 3430 1848 καὶ
3473 1797 3539 1847 ἐκ

277 1885 611 1958 διαστροφῆς
651 1886 839 1942 σκολιὰ
874 1888 1059 1956 γέγονε
1082 1906 1095 1918 ο
1132 1888 1214 1941 διὸ
1251 1889 1392 1942 κατὰ
1437 1889 1528 1942 τὸν
1564 1889 1860 1961 Σύμμαχον
1899 1891 2140 1960 εἴρηται·
2199 1887 2390 1942 Γενεὰ
2431 1888 2821 1957 ἀπροαίρετος
2858 1888 2934 1956 τῇ
2992 1889 3226 1958 καρδίᾳ,
3266 1888 3364 1942 καὶ
3407 1886 3540 1943 ἀϐέ-

281 1980 446 2046 ϐαιος
472 1980 622 2048 πρὸς
647 1981 753 2035 τὸν
773 1981 923 2036 Θεὸν
947 1981 1027 2047 τῷ
1061 1985 1354 2053 πνεύματι
1399 1983 1481 2051 τῷ
1507 1983 1749 2054 ἑαυτῆς.

364 2096 482 2150 Υίοί
531 2096 772 2167 Ἐφραῒμ
791 2138 806 2163 ,
844 2099 1216 2168 ἐντείνοντες
1253 2103 1349 2156 καὶ
1379 2101 1722 2169 βάλλοντες
1760 2104 1855 2156 τό·

2031 2096 2196 2154 Vens.
2253 2096 2307 2152 9.
2341 2095 2474 2150 Filii
2507 2095 2778 2166 .Ephraim
2813 2095 3135 2151 intendentes
3167 2104 3218 2150 et
3245 2097 3537 2152 emittentes

283 2186 433 2254 εοις,
462 2188 852 2258 ἐστράφησαν
876 2191 946 2243 ἐν
973 2191 1160 2261 ἡμέρᾳ
1188 2193 1472 2264 πολέμου,
1509 2195 1567 2249 Ὀ
1601 2193 1699 2266 μὲν
1725 2195 1860 2263 ἀγα-

285 2278 378 2343 θδς
404 2279 496 2333 καὶ
513 2279 885 2351 φιλάνθρωπος
906 2282 1107 2355 Κύριος
1126 2287 1240 2348 τοῖς
1263 2284 1499 2357 πρώτοις
1522 2287 1859 2359 προπάτορσι

283 2371 378 2428 τοῦ
424 2372 690 2426 Ἰουδαίων
729 2373 912 2440 ἔθνους
965 2375 1100 2446 ἔργα
1143 2377 1344 2441 παντὸς
1388 2377 1544 2447 λόγου
1580 2380 1861 2450 κρείττονα

283 2465 617 2519 ἐνεδείκνυτο
651 2465 721 2520 τὰ
760 2467 846 2520 διὰ
889 2469 1162 2533 Μωσέως·
1204 2471 1253 2523 οἱ
1291 2471 1348 2524 δὲ
1378 2469 1620 2539 ἐγίνοντο
1654 2471 1858 2544 σκληρ-

282 2551 508 2625 αύχενες
548 2555 642 2608 καὶ
673 2555 750 2620 ὡς
781 2557 994 2628 ἀληθῶς
1042 2557 1167 2622 λαὸς
1197 2565 1377 2632 μωρὸς
1401 2562 1495 2614 καὶ
1527 2561 1646 2632 οὐχὶ
1677 2562 1856 2632 σοφὸς,

282 2645 378 2698 καὶ
430 2647 593 2716 γενεὰ
644 2648 835 2703 σκολιὰ
883 2651 975 2703 καὶ
1030 2651 1462 2725 διεστραμμένη.
1541 2653 1701 2708 Ἀλλὰ
1751 2655 1860 2708 τῶν

290 2735 514 2808 τρώτων
550 2739 804 2794 τοιούτων
830 2741 1274 2812 ἀπελεγχθέντων
1299 2784 1313 2809 ,
1362 2747 1526 2818 νόμον
1575 2751 1688 2810 τοῖς
1723 2745 1860 2818 μετὰ

281 2827 456 2882 ταῦτα
487 2831 774 2900 παρεδίδου
797 2874 811 2891 .
847 2833 1287 2907 διαστειλάμενος
1339 2840 1433 2892 καί
1487 2839 1859 2913 διαμαρτυρά-

287 2933 447 2988 μενος
485 2920 542 2972 ὲν
569 2919 717 2992 αύτῷ
738 2922 808 2976 τά
833 2939 892 2975 τε
924 2924 1172 2995 πρακτέα
1200 2927 1295 2979 καὶ
1327 2927 1396 2981 τὰ
1439 2929 1513 2999 μή
1533 2945 1546 2958 °
1583 2931 1862 3001 παραινῶν

282 3022 344 3064 τε
377 3009 450 3079 μὴ
485 3011 766 3081 μιμεῖσθαι
797 3014 925 3076 τοὺς
950 3013 1213 3087 πατέρας,
1240 3018 1374 3088 μηδὲ
1403 3019 1504 3090 τὴν
1541 3019 1732 3088 γενεὰν
1762 3021 1861 3093 τὴν

287 3099 524 3165 σκολιὰν,
563 3101 696 3173 μηδὲ
739 3104 836 3176 τὴν
870 3107 1431 3179 παραπικραίνουσαν,
1461 3109 1595 3178 ἥτις
1622 3113 1695 3166 οὺ
1725 3130 1863 3168 κατ-

284 3192 512 3260 ηύθυνε
559 3193 672 3262 τὴν
717 3196 970 3264 καρδίαν
1011 3199 1235 3268 αὐτῆς,
1273 3201 1369 3256 καὶ
1409 3204 1520 3258 οὐκ
1564 3202 1860 3273 ἐπιστὼθη

282 3285 434 3353 μετὰ
477 3285 584 3340 τοῦ
634 3286 783 3341 Θεοῦ
813 3289 877 3342 τὸ
907 3291 1384 3361 πνεῦμααὺτῆς.
1428 3296 1489 3349 Οί
1537 3295 1611 3360 δὲ,
1647 3296 1862 3368 χείρους

288 3375 397 3429 τῶν
433 3377 681 3449 πατέρων
714 3381 1030 3451 γενόμενοι,
1064 3384 1214 3439 οὐδὲν
1257 3385 1355 3456 μὲν
1399 3386 1506 3440 ἀπὸ
1538 3388 1635 3460 τῆς
1679 3405 1860 3462 παρα-

286 3465 533 3540 δοθείσης
575 3448 668 3524 τοῦ
719 3448 882 3542 νόμου
932 3477 1147 3547 γραφῆς
1219 3448 1521 3548 ῶφελοῦντο
1577 3448 1652 3545 είς
1697 3448 1934 3552 βάθος(Ιῖ

289 3561 487 3625 κακίας
519 3562 850 3628 ἐλαύνοντες.
879 3567 986 3620 Καὶ
1025 3568 1230 3638 πρῶτοί
1267 3587 1332 3640 γε
1382 3569 1583 3626 τούτων
1630 3568 1770 3644 ἦσαν
1811 3577 1859 3628 al

288 3652 396 3706 υἱοὶ
437 3654 693 3727 Ἐφραῒμ,
721 3657 1040 3728 τιμηθέντες
1075 3662 1173 3731 μὲν
1207 3661 1467 3735 ὲξαιρετῷ
1487 3666 1616 3736 τιμῇ
1648 3664 1736 3718 διὰ
1767 3665 1859 3718 τοῦ

286 3743 386 3815 τὴν
414 3745 591 3800 αὐτῶν
629 3748 799 3819 φυλὴν
826 3749 919 3802 καὶ
950 3749 1041 3803 τὸν
1070 3751 1246 3806 αὐτῶν
1279 3754 1477 3826 κλῆρον
1503 3755 1861 3829 προκριθῆναι

285 3835 382 3889 τοῦ
411 3839 611 3903 παντὸς
634 3839 838 3905 ἔθνους,
866 3843 960 3895 καὶ
981 3841 1078 3914 τὴν
1107 3845 1338 3901 κιϐωτὸν
1369 3847 1462 3902 τοῦ
1489 3849 1624 3903 Θεοῦ
1649 3850 1743 3904 καὶ
1764 3850 1860 3922 τὴν

287 3928 494 4001 σκηνὴν
515 3929 608 3983 τοῦ
636 3934 930 4005 μαρτυρίου
955 3937 1052 4008 τὴν
1085 3937 1188 3990 ὑπὸ
1220 3939 1462 4003 Μωσέως
1487 3941 1545 3993 ἐν
1574 3943 1652 4013 τῇ
1669 3943 1862 4014 ἐρήμῳ

287 4023 825 4079 κατασκευασθεῖσαν
891 4028 1248 4096 ὐποδέξασθαι
1305 4031 1587 4104 πρώτους·
1645 4037 1674 4088 ὁ
1731 4036 1861 4104 γοῦν

286 4113 454 4177 τόπος
481 4115 509 4166 ὀ
533 4117 590 4169 ὲν
619 4116 793 4187 Σηλῶ,
825 4118 950 4174 ἔνθα
983 4123 1016 4193 ἡ
1052 4123 1224 4196 σκηνὴ
1253 4125 1346 4178 καὶ
1383 4123 1442 4177 τὸ
1469 4125 1734 4197 ἀγίασμα,
1757 4128 1862 4199 πρὸ

286 4205 391 4276 τῆς
439 4206 819 4280 Ἰερουσαλὴμ,
869 4212 970 4283 τῆς
1019 4214 1188 4284 φυλῆς
1247 4215 1482 4288 Ἐφραῒμ
1535 4217 1856 4289 ἐτύγχανεν·

285 4295 427 4351 ἀλλὰ
470 4297 676 4369 πρῶτοι
722 4299 923 4372 ταύτης
952 4304 1204 4373 τυχόντες
1243 4307 1340 4378 τῆς
1393 4307 1558 4379 τιμῆς
1586 4346 1602 4373 ,
1654 4309 1866 4362 εἰδωλο-

286 4388 482 4461 λάτραι
548 4391 818 4459 γεγόνασι.
868 4394 978 4446 Καὶ
1027 4394 1141 4448 ἔστι
1189 4412 1252 4466 γε
1312 4397 1410 4468 τὴν
1477 4398 1717 4471 ἱστορίαν
1755 4400 1862 4453 τῶν

283 4481 696 4554 πεπραγμένων
742 4484 924 4547 αὐτοῖς
974 4484 1082 4538 ἀπὸ
1119 4485 1216 4555 τῆς
1259 4484 1440 4556 βίϐλου
1491 4486 1602 4540 τῶν
1643 4490 1862 4561 Κριτῶν

282 4566 666 4635 ἀναλέξασθαι.
697 4573 938 4646 Ἐλέγχει
962 4574 1018 4628 δὲ
1048 4577 1186 4630 καὶὸ
1211 4576 1401 4652 παρὼν
1420 4578 1630 4652 ψαλμὸς
1657 4579 1862 4653 προῖὼν

285 4659 414 4732 ἑξῆς
440 4663 537 4715 καὶ
565 4662 736 4732 λέγων
763 4683 830 4719 πε
840 4667 892 4738 ρὶ
919 4668 1123 4721 αὐτῶν
1165 4669 1458 4725 Ἀπὼσατο
1484 4671 1549 4726 τὸ
1573 4671 1862 4744 σκήνωμα

1960 2189 2212 2254 arcubus,
2245 2189 2380 2243 uersi
2418 2197 2541 2246 sunt
2585 2189 2642 2242 in
2695 2188 2779 2241 die
2817 2187 2960 2242 belli.
2992 2186 3176 2242 Bonus
3218 2187 3435 2256 quidem
3483 2201 3539 2243 et

1959 2283 2202 2338 clemens
2236 2281 2502 2336 Dominus
2533 2281 2726 2352 primis
2755 2280 2996 2336 Judaicte
3033 2282 3210 2352 gentis
3233 2281 3407 2338 atavis
3439 2299 3538 2352 per

1960 2373 2196 2444 Moysem
2215 2373 2600 2429 inenarrabilia
2615 2387 2780 2442 opera
2797 2372 2984 2428 edidit:
3006 2372 3106 2444 ipsi
3120 2388 3247 2428 vero
3261 2373 3398 2427 dura
3415 2389 3536 2429 cer-

1959 2465 2078 2518 vice
2102 2463 2401 2529 luerunt,et
2417 2479 2601 2520 revera
2622 2444 2862 2534 populus
2871 2464 3073 2518 stultus
3088 2474 3138 2520 et
3159 2479 3268 2518 non
3295 2466 3534 2534 sapiens,

1959 2564 2013 2609 et
2046 2559 2330 2626 generatio
2360 2565 2602 2611 tortuosa
2633 2563 2686 2610 et
2725 2569 3004 2625 perversa.
3039 2554 3146 2610 Sed
3170 2571 3294 2622 cum
3322 2559 3535 2628 priores

1960 2646 2083 2703 illos
2115 2647 2253 2703 tales
2283 2646 2452 2704 fuisse
2481 2648 2895 2719 comprobatum
2951 2646 3138 2713 fuerit,
3174 2651 3412 2720 posteris
3439 2665 3538 2706 eo-

1962 2754 2081 2792 rum
2119 2739 2290 2809 legem
2324 2737 2570 2802 tradidit,
2608 2747 2882 2809 praecepta
2920 2739 3059 2795 dans
3103 2741 3232 2802 illis.
3270 2750 3326 2796 et
3349 2742 3540 2798 testiﬁ-

1961 2838 2118 2886 catus
2149 2845 2400 2901 quaenam
2449 2831 2682 2900 agenda,
2725 2846 2755 2885 a
2796 2831 2995 2901 quibus
3029 2830 3414 2887 abstinendum
3442 2847 3538 2889 es-

1964 2930 2046 2977 set
2074 2941 2086 2976 :
2117 2923 2416 2977 cohortans
2445 2937 2663 2992 quoque
2698 2938 2768 2976 ne
2809 2931 2994 2992 patres
3027 2938 3202 2992 neque
3229 2923 3542 2994 generatio~

1963 3029 2087 3070 nem
2123 3015 2268 3068 illam
2299 3022 2605 3069 tortuosam
2639 3023 2692 3069 et
2719 3023 3136 3084 exasperantem
3163 3014 3536 3082 imitarentur,

1961 3123 2077 3177 quae
2122 3123 2225 3161 non
2275 3106 2470 3162 direxit
2498 3121 2591 3161 cor
2618 3122 2794 3170 suum,
2825 3115 2875 3162 et
2924 3123 3028 3162 non
3061 3106 3233 3176 ﬁdelis
3279 3108 3380 3179 fuit
3418 3125 3538 3164 cunt

1963 3197 2072 3254 Deo
2103 3199 2324 3267 spiritus
2352 3199 2489 3266 ejus.
2521 3198 2600 3252 Illi
2643 3213 2774 3254 vero
2793 3238 2809 3263 ,
2836 3201 3084 3270 patribus
3115 3200 3440 3268 deteriores,
3471 3202 3540 3258 ab

1965 3295 2068 3350 sibi
2100 3295 2301 3350 tradita
2341 3293 2477 3364 legis
2509 3293 2786 3365 scriptura
2817 3296 3067 3354 utilitatis
3095 3296 3231 3352 nihil
3275 3313 3536 3369 percepe-

1964 3393 2132 3454 runt;
2167 3387 2262 3442 sed
2292 3386 2348 3441 in
2391 3383 2725 3456 profundum
2761 3387 3026 3442 malorum
3075 3387 3214 3459 lapsi
3259 3397 3406 3444 sunt.
3435 3387 3520 3444 Ηο

1961 3497 2084 3538 rum
2117 3479 2280 3553 primi
2313 3486 2470 3535 erant
2503 3478 2596 3533 ﬁlii
2626 3477 2911 3550 prraim,
2941 3479 3037 3551 qui
3075 3480 3405 3550 praecellenti
3434 3479 3536 3535 ho-

1962 3592 2097 3632 nore
2125 3574 2336 3640 donati,
2371 3573 2514 3645 quod
2543 3573 2723 3630 tribus
2765 3581 2818 3628 et
2855 3588 2976 3629 sors
3014 3588 3206 3630 eorum
3250 3573 3348 3629 toti
3389 3575 3539 3647 genti

1914 3682 1918 3687 ·
1962 3666 2260 3740 praehabita
2319 3665 2502 3730 fuerit,
2535 3673 2590 3722 et
2636 3680 2816 3720 arcam
2866 3665 2959 3720 Dei
3019 3665 3539 3738 tabernaculumque

1961 3759 2260 3818 testimonii
2315 3759 2384 3814 ab
2421 3757 2607 3831 Moyse
2652 3760 2705 3813 in
2746 3763 2964 3814 deserto
3003 3767 3380 3815 constructum
3432 3761 3539 3831 ipsi

1963 3851 2122 3922 primi
2147 3852 2462 3922 acceperint
2493 3867 2506 3903 :
2542 3865 2668 3904 nam
2694 3850 2850 3906 locus
2873 3849 2964 3904 ille
2993 3849 3051 3903 in
3073 3847 3208 3914 Silo,
3233 3850 3324 3904 ubi
3354 3851 3538 3905 taber-

1965 3944 2222 3998 naculum
2277 3950 2332 3997 et
2365 3941 2729 3998 sanctiﬁcatio
2769 3940 3081 4012 (antequam
3131 3940 3185 3994 in
3233 3938 3537 3996 Jerusalem

1961 4034 2130 4106 esset)
2161 4034 2410 4105 degebat,
2453 4033 2630 4089 tribus
2672 4032 2930 4104 prraim
2976 4039 3112 4088 erat.
3175 4030 3372 4087 Verum
3409 4047 3536 4086 cum

1962 4127 2068 4197 ipsi
2098 4125 2260 4197 primi
2313 4133 2468 4180 tanto
2497 4125 2706 4180 honore
2732 4123 2940 4195 dignati
2977 4132 3161 4180 essent
3187 4163 3202 4189 ,
3230 4121 3535 4178 idololatrae

1962 4217 2140 4274 ell‘ecti
2174 4225 2323 4273 sunt.
2353 4218 2431 4272 Ac
2453 4217 2652 4287 cuique
2684 4217 2813 4271 licet
2841 4215 3126 4272 historiam
3157 4231 3340 4271 rerum
3374 4216 3443 4272 ab
3463 4215 3537 4271 il-

1965 4311 2031 4367 lis
2080 4319 2357 4381 gestarum
2387 4324 2454 4364 ex
2484 4309 2624 4364 libro
2651 4307 2906 4363 Judicum
2943 4306 3220 4379 colligere.
3256 4306 3410 4378 Ipsos
3439 4324 3540 4364 au-

1963 4415 2072 4464 tem
2103 4423 2345 4478 praesens
2378 4407 2624 4477 psalmus
2659 4405 2714 4460 in
2750 4404 3104 4476 sequentibus
3139 4419 3357 4476 quoque
3379 4421 3506 4462 coar

1962 4501 2102 4572 guit,
2143 4499 2333 4555 dicens
2361 4513 2376 4552 :
2404 4496 2612 4567 Repulit
2648 4495 3046 4552 tabernaculum
3095 4495 3314 4567 Ioseph,
3348 4507 3398 4553 et
3438 4502 3508 4555 tri

1965 4592 2087 4646 bum
2121 4589 2375 4660 Ephraim
2392 4606 2498 4645 non
2527 4589 2715 4660 elegit;
2745 4599 2798 4645 et
2828 4603 3050 4644 rursum
3087 4608 3100 4643 :
3132 4589 3202 4643 Et
3232 4591 3422 4659 repulit
3458 4606 3511 4646 ta

1965 4682 2306 4738 bernaculum
2336 4681 2473 4745 Silo,
2499 4679 2896 4734 tabernaculum
2922 4696 3074 4734 suum
3095 4681 3185 4734 ubi
3210 4681 3462 4738 habitavit
3486 4685 3528 4738 ii.

297 4753 537 4825 Ἰωσὴφ,
570 4758 666 4812 καὶ
700 4759 814 4828 τὴν
845 4760 1053 4830 φυλὴν
1091 4761 1330 4834 Ἑφραῒμ
1361 4766 1471 4819 οὐκ
1507 4765 1854 4832 saele-Eata“

1964 4773 2296 4838 Iwminibus;
2333 4787 2665 4842 causamque
2703 4770 2908 4842 profert
2936 4771 3022 4827 bis
3045 4772 3263 4829 verbis:
3291 4774 3540 4830 Conversi

286 4848 383 4901 καὶ
440 4848 601 4902 πάλιν
619 4867 632 4879 ·
683 4851 794 4906 Kal
842 4854 1122 4910 ἀπώσατο
1166 4856 1283 4925 τὴν
1325 4857 1566 4928 σκηνὴν
1603 4859 1816 4930 Σηλὼμ
1840 4902 1855 4926 ,

284 4939 578 5010 σκήνωμα
606 4937 677 4999 οὗ
707 4950 1168 5014 κατεσκήνωσεν
1192 4950 1263 5003 ἐν
1286 4950 1636 5020 ἀνθρώποις·
1651 4955 1744 5006 καὶ
1763 4953 1860 5026 τὴν

283 5032 467 5087 αἰτίαν
521 5036 845 5108 παρίστησιν
914 5038 1083 5094 εἰπών
1119 5057 1133 5070 ·
1205 5041 1715 5112 Μετεστράφησαν
1774 5047 1862 5112 εἰς

280 5127 472 5191 τόξον
496 5131 806 5197 στρεϐλόν.
841 5134 950 5187 Καὶ
989 5132 1371 5205 παρώργισαν
1414 5135 1602 5191 αὑτὸν
1640 5137 1712 5192 ἐν
1736 5141 1863 5204 τοῖς

279 5221 535 5289 βουνοῖς
571 5224 789 5288 αὐτῶν,
815 5225 911 5279 καὶ
941 5227 1012 5280 ἐν
1039 5227 1164 5294 τοῖς
1185 5228 1473 5298 γλυπτοῖς
1499 5228 1696 5285 αὐτῶν
1712 5246 1861 5301 παρ-

278 5312 595 5382 εζῆλωσαν
643 5318 874 5381 amen;
900 5319 1138 5383 Εἰκότως
1181 5315 1274 5375 οὖν
1316 5320 1408 5374 καὶ
1454 5321 1542 5375 διὰ
1572 5321 1680 5375 τῶν
1728 5339 1858 5394 προ-

281 5407 552 5478 κειμένων
590 5410 834 5482 εἴρηται·
881 5412 997 5466 Υἱοὶ
1046 5413 1287 5484 Ἐφραῖμ
1306 5453 1320 5478 ,
1364 5415 1732 5481 ἐντείνοντες
1764 5415 1862 5470 καὶ

283 5498 623 5568 βάλλοντες
646 5501 846 5567 τόξον,
861 5502 1345 5574 ἐστράφησανὲν
1365 5505 1554 5576 ἡμέρᾳ
1573 5505 1860 5575 πολέμου.

284 5589 410 5655 Πῶς
434 5592 494 5647 δὲ
523 5593 874 5666 ἐστράφησαν
922 5594 1252 5668 σαφέστερον
1289 5597 1625 5670 παρίστησιν
1658 5597 1856 5652 εἰπών·

285 5680 393 5733 Kal
431 5681 707 5751 ἐγένοντο
747 5687 834 5754 εις
866 5686 1044 5751 τόξον
1070 5689 1382 5758 στρεϐλόν.
1431 5687 1558 5743 Δέον
1585 5687 1696 5762 γὰρ
1736 5688 1864 5759 βάλ-

363 5811 408 5866 ίδ
443 5835 599 5894 Deut.
628 5851 802 5906 nm,
835 5838 890 5894 6.

1961 4875 2082 4921 sunt
2121 4866 2177 4920 in
2204 4882 2387 4920 areum
2405 4882 2643 4936 pravum.
2677 4863 2746 4918 Et
2787 4865 3124 4918 irritaverunt
3152 4881 3270 4919 eum
3305 4867 3356 4920 in
3387 4869 3542 4923 colli-

1963 4959 2056 5014 bus
2080 4959 2212 5023 suis,
2238 4967 2288 5014 et
2321 4959 2377 5013 in
2405 4957 2736 5028 sculptilibus
2767 4957 2878 5011 suis
2909 4956 2979 5011 ad
3009 4957 3395 5015 aemulationem
3418 4979 3539 5016 eum

1962 5060 2392 5120 prouocauerunt.
2419 5047 2550 5105 Jure
2574 5065 2706 5120 ergo
2732 5047 2788 5104 in
2815 5047 3171 5119 pra-sentibus
3185 5048 3390 5105 dictum
3417 5061 3498 5107 est
3522 5070 3536 5106 :

1963 5140 2100 5196 Filii
2131 5140 2384 5209 Epitraim
2412 5140 2735 5196 intendentes
2782 5148 2832 5193 et
2861 5139 3124 5195 mittentes
3175 5157 3381 5205 arcum,
3405 5139 3541 5195 versi

1965 5241 2088 5289 sunt
2119 5233 2175 5286 in
2197 5231 2283 5286 die
2313 5230 2458 5287 belli.
2487 5229 2608 5297 Quo
2639 5237 2798 5300 pacto
2829 5236 3011 5284 autem
3051 5231 3305 5287 conversi
3337 5229 3540 5286 fuerint

1967 5323 2168 5380 clarius
2223 5321 2464 5377 ostendit
2519 5320 2750 5375 dicens:
2787 5317 2856 5374 Et
2912 5318 3043 5388 facti
3087 5329 3210 5374 sunt
3262 5320 3317 5374 in
3353 5335 3538 5373 arcum

1965 5429 2206 5484 pravum.
2263 5411 2399 5466 Nam
2449 5424 2574 5466 cum
2626 5410 2957 5480 oportuisset
2993 5409 3100 5464 tela
3137 5409 3431 5466 immittere
3483 5407 3541 5464 ei

1968 5503 2169 5559 bellum
2207 5501 2422 5558 inferre
2451 5499 2694 5556 inimicis
2742 5499 2860 5566 Dei,
2898 5499 3204 5555 idololatras
3268 5499 3348 5554 illi
3398 5514 3540 5580 prte-

1968 5601 2231 5665 Optarunt
2253 5593 2454 5650 bellum
2471 5607 2691 5648 movere
2717 5589 2846 5647 Deo.
2872 5589 3054 5657 Quare
3066 5589 3251 5648 subdit
3275 5590 3535 5650 z—Vsns.

1969 5689 2055 5747 10.
2093 5685 2217 5747 Non
2252 5685 2609 5744 custodierunt
2667 5693 3036 5741 testamentum
3068 5683 3186 5750 Dici,
3215 5692 3268 5740 st
3319 5682 3377 5740 in
3426 5685 3540 5759 lege
