4078 6934
556 313 654 371 9H

1285 319 1556 376 EUSEBII
1588 321 2076 380 CASSARIENSIS
2112 323 2262 382 OPP.
2305 326 2488 384 PARS
2529 331 2619 386 Ill.
2659 363 2730 374 -
2769 331 3185 390 EXEGETICA.

3727 342 3838 397 913

551 432 667 500 ejus
698 431 976 488 noluerunt
1011 434 1304 488 ambulare.
1335 433 1442 490 Per
1476 435 1616 492 ﬁlios
1659 452 1825 508 porro
1873 439 2110 509 prrain

2235 438 2346 492 λειν
2393 443 2487 495 καὶ
2520 442 2775 514 πολεμεῖν
2831 447 2957 510 τοὺς
3010 446 3089 517 τῷ
3141 447 3258 518 Θεῳ
3320 448 3637 520 πολεμίους,
3669 456 3723 506 οἱ
3771 456 3836 509 δὲ

552 525 795 594 reliquos
829 540 1019 582 omnes
1050 530 1215 582 totius
1251 528 1426 598 gentis
1476 529 1709 600 populos
1755 532 2134 601 metaphorice

552 617 856 686 significat,
900 617 1011 671 imo
1057 620 1218 674 etiam
1275 620 1548 690 quoslibet
1591 623 1841 678 moribus
1901 625 2129 689 similes.

549 708 768 764 etiamsi
818 723 930 764 non
981 725 1048 764 ex
1080 710 1270 765 eadem
1305 711 1450 766 tribu
1483 711 1706 768 fuerint.
1762 713 1899 770 Nam
1948 715 2130 786 quiin

549 801 905 870 sequentibus
931 803 1270 873 temporibus
1305 820 1364 861 se
1399 805 1498 860 abs
1535 804 1839 863 Jerusalem
1871 824 2129 880 segrega-

551 906 698 958 runt,
732 896 872 949 etin
903 895 1151 951 Samaria
1195 899 1339 954 idola
1383 901 1690 964 coluerunt,
1729 901 1822 958 lilii
1872 901 2130 973 Ephraim

547 993 724 1039 erant.
760 987 952 1043 Merito
974 1005 1104 1060 ergo
1129 1007 1253 1045 cum
1285 992 1456 1048 totius
1485 994 1662 1064 gentis
1693 1003 2130 1066 transgressores

547 1075 687 1132 ﬁlios
717 1079 990 1136 Abraham
1039 1092 1310 1149 vocasset,
1345 1087 1633 1143 confertim
1663 1104 1854 1146 omnes
1889 1091 2124 1157 incusat,

545 1169 736 1227 dicens
769 1192 780 1227 :
822 1205 891 1214 ——
938 1173 1108 1231 Vens.
1151 1177 1242 1243 Η,
1275 1177 1362 1234 12.
1398 1178 1468 1232 Et
1493 1177 1642 1233 obliti
1672 1192 1793 1234 sunt
1829 1180 2128 1251 benefacto-

543 1278 659 1314 rum
677 1263 812 1332 ejus,
842 1275 892 1319 et
920 1267 1246 1322 mirabilium
1275 1270 1390 1339 ejus
1419 1287 1536 1341 qua:
1569 1273 1797 1325 ostendit
1815 1274 1910 1326 eis.
1931 1273 2126 1329 Coram

541 1355 780 1422 patribus
823 1375 1005 1412 eorum
1042 1360 1170 1430 fecit
1215 1361 1486 1415 mirabilia
1534 1362 1589 1416 in
1626 1372 1770 1417 terra
1797 1363 2038 1435 ﬂgypti,
2071 1366 2126 1420 in

540 1465 726 1518 campo
762 1450 990 1508 Taneos.
1020 1452 1157 1508 Nam
1184 1455 1431 1508 omnium
1454 1469 1644 1508 eorum
1677 1456 1834 1510 obliti
1873 1473 1994 1526 qua:
2028 1473 2124 1528 pa-

539 1539 714 1595 tribus
734 1544 849 1598 suis
865 1553 1085 1601 ostensa
1113 1555 1264 1610 sunt,
1282 1561 1432 1600 arma
1455 1547 1700 1602 tulerunt
1716 1556 1907 1602 contra
1931 1548 2120 1613 Deum,

532 1646 663 1686 cum
695 1635 901 1691 nollent
932 1634 986 1689 in
1035 1637 1152 1707 lege
1178 1636 1299 1706 ejus
1345 1637 1627 1692 ambulare
1655 1655 1667 1692 :
1701 1638 1916 1694 etiamsi
1955 1655 2122 1710 penes

538 1723 689 1796 ipsos
717 1736 864 1783 esset
900 1737 957 1782 ut
1006 1738 1233 1800 possent
1278 1736 1332 1785 et
1359 1730 1582 1786 vellent.
1607 1729 1690 1784 Illi
1729 1746 1861 1786 vero
1881 1731 1985 1788 etsi
2018 1734 2120 1786 hac

2236 531 2747 606 εἰδωλολατροῦντες
2799 536 3034 608 πόλεμον
3077 539 3278 608 ἧραντο
3326 540 3468 594 κατὰ
3519 541 3613 594 τοῦ
3660 543 3832 600 Θεοῦ.

2234 623 2325 675 Διὸ
2381 625 2658 693 ἐπιλέγειο
2704 629 2827 681 Οὐκ
2879 628 3191 698 ἐφύλαξαν
3229 629 3345 699 τὴν
3389 631 3687 700 διαθήκην
3721 637 3834 691 τοῦ

2236 714 2406 778 Θεοῦ,
2446 716 2544 769 καὶ
2575 718 2645 770 ἐν
2675 716 2755 783 τῷ
2804 719 2967 789 νόμῳ
3007 719 3193 774 αὐτοῦ
3248 723 3359 776 οὐκ
3389 723 3836 792 ἠϐουλήθηοᾟιρ

2233 807 2610 873 πορεύεσθαι.
2655 809 2764 862 Καὶ
2791 813 2912 874 τοὺς
2936 811 3156 875 λοιποὺς
3185 811 3243 866 δὲ
3274 812 3366 866 τοῦ
3396 815 3601 878 παντὸς
3633 815 3832 881 ἔθνους

2231 895 2388 969 δηλοῖ
2421 901 2802 972 μεταφορικῶς
2831 901 2918 956 διὰ
2958 902 3064 956 τῶν
3101 903 3232 958 υίῶν
3278 903 3538 976 Ἐφραίμ,
3567 908 3661 960 καὶ
3697 909 3830 971 τοὺς

2229 989 2447 1059 ὁμοίους
2476 994 2586 1055 τοῖς
2609 993 2850 1064 τρόποις,
2880 995 2928 1047 εί
2963 995 3056 1049 καὶ
3088 995 3161 1067 μὴ
3185 995 3285 1066 τῆς
3319 996 3492 1066 αὐτῆς
3521 997 3828 1070 ἐτύγχανον

2228 1077 2382 1143 ὄντες
2414 1079 2608 1151 φυλῆς,
2636 1084 2937 1153 σημαίνων.
2979 1084 3131 1136 Ἐπεὶ
3177 1085 3270 1138 καὶ
3319 1085 3369 1138 οί
3423 1087 3480 1138 ὲν
3529 1089 3643 1151 τοῖς
3679 1089 3828 1159 μετὰ

2228 1171 2400 1224 ταῦτα
2430 1173 2645 1244 χρόνοις
2675 1174 3072 1246 ἀποσχίσαντες
3105 1176 3203 1247 τῆς
3245 1177 3601 1250 Ἰερουσαλὴμ
3631 1181 3734 1234 καὶ
3763 1182 3828 1236 έν

2228 1264 2292 1333 τῇ
2329 1263 2609 1337 Σαμαρείᾳ
2643 1265 3200 1339 είδωλολατρήσαντες
3234 1269 3340 1322 υίοὶ
3370 1263 3510 1340 ἦσαν
3550 1271 3824 1344 Ἐφραῖμ.

2227 1353 2468 1419 Εἰκότως
2491 1351 2584 1410 οὖν
2613 1359 2736 1422 τοὺς
2763 1359 3086 1430 παραϐάτας
3107 1360 3199 1414 τοῦ
3227 1361 3428 1425 παντὸς
3456 1362 3639 1428 ἔθνους
3665 1366 3826 1429 υἱοὺς

2240 1445 2490 1519 Ἀϐραὰμ
2523 1449 2814 1520 ὀνομάσας,
2867 1451 3078 1522 ἁθρόως
3127 1451 3402 1506 διαϐάλλει
3448 1455 3575 1518 τοὺς
3607 1455 3826 1524 πάντας

2224 1536 2397 1607 λέγων
2418 1555 2432 1569 '
2473 1541 2582 1594 Καὶ
2626 1541 2995 1598 ἐπελάθοντο
3047 1543 3166 1598 τῶν
3221 1546 3577 1616 εὐεργεσιῶν
3625 1551 3823 1605 αὑτοῦ

2224 1629 2323 1682 καί
2383 1629 2504 1684 τῶν
2550 1634 2900 1704 θαυμασίων·
2930 1636 3117 1691 αὐτοῦ
3139 1677 3152 1701 ,
3191 1630 3280 1691 ὧν
3324 1637 3556 1703 ἔδειξεν
3585 1641 3822 1708 αὐτοῖς.

2236 1721 2543 1778 Ἐναντίον
2573 1725 2693 1779 τῶν
2734 1726 3006 1797 πατέρων
3040 1728 3260 1796 αὐτῶν,
3304 1730 3342 1786 ἂ
3377 1733 3628 1799 ἐποίησε
3667 1736 3820 1789 Θαυ-

535 1828 809 1890 potestate
842 1821 1118 1886 instructi,
1160 1831 1312 1878 recto
1346 1823 1628 1893 proposito
1666 1823 1745 1877 uti
1785 1823 2110 1890 noluerunt;

2212 1809 2406 1879 ,ιιάσια
2433 1812 2504 1865 ἐν
2530 1813 2608 1885 γῇ
2635 1817 2939 1885 Αἰγύπτου
2963 1819 3034 1871 ἐν
3058 1819 3242 1886 πεδίῳ
3301 1809 3548 1890 Τὰνεως.
3583 1825 3820 1881 Πάντων

537 1913 632 1969 sed
666 1912 778 1968 Deo
823 1921 972 1984 terga
1003 1914 1199 1968 dantes
1246 1915 1302 1968 in
1348 1915 1566 1970 illorum
1600 1915 1730 1970 olim
1784 1914 2117 1970 mirabilium

529 2005 656 2074 ejus
677 2005 1004 2060 oblivionem
1044 2017 1330 2062 venerunt.
1368 2007 1624 2074 Qualium
1677 2015 1856 2063 autem
1891 2007 2118 2062 mirabi-

537 2098 689 2162 lium,
722 2099 828 2153 nisi
861 2114 1050 2154 eorum
1087 2113 1209 2168 quae
1247 2099 1380 2155 olim
1431 2100 1486 2154 in
1515 2098 1752 2171 Egypto
1785 2107 1936 2171 gesta
1967 2109 2116 2165 sunt,

534 2202 712 2260 neque
740 2189 794 2242 in
819 2196 930 2243 tota
953 2187 1212 2258 Egypto,
1244 2187 1341 2242 sed
1379 2187 1430 2242 in
1453 2202 1650 2257 campo
1672 2186 1922 2242 Taneos?
1959 2186 2114 2255 Quod

533 2287 718 2334 tamen
740 2279 957 2352 Moyses
995 2279 1048 2333 in
1085 2279 1370 2349 Scriptura
1399 2294 1499 2334 sua
1535 2294 1641 2332 non
1665 2278 2115 2344 declaravit;sed

535 2373 743 2442 Asaph,
765 2373 858 2442 qui
887 2372 1149 2442 propheta
1195 2379 1332 2436 erat,
1361 2371 1418 2425 in
1450 2371 1702 2442 praesenti
1731 2370 1910 2436 docet,
1943 2371 2113 2425 admi-

533 2465 706 2518 randa
739 2464 830 2518 illa
862 2466 913 2517 in
939 2463 1175 2534 Aﬂgypto
1208 2471 1382 2533 gesta,
1417 2479 1447 2516 a
1488 2463 1672 2534 Moyse
1709 2463 1764 2517 in
1793 2477 1988 2532 campo
2011 2461 2117 2516 Ta-

531 2571 667 2612 neos
696 2555 842 2610 edita
875 2555 1062 2611 luisse.
1085 2554 1325 2612 Rursum
1365 2556 1511 2610 enim
1545 2556 1599 2609 in
1628 2555 1985 2626 sequentibus
2007 2555 2110 2609 ait:

530 2647 682 2704 Sicut
730 2649 906 2718 posuit
957 2648 1010 2701 in
1051 2647 1285 2717 digypto
1319 2647 1473 2717 signa
1503 2663 1622 2713 sua,
1649 2657 1699 2702 et
1727 2647 1968 2718 prodigia
2015 2664 2113 2702 sua

527 2742 586 2796 in
613 2757 796 2810 campo
850 2741 1076 2794 Taneos.
1111 2740 1223 2794 Cur
1262 2741 1317 2795 in
1364 2753 1558 2810 campo
1606 2737 1859 2794 Taneos?
1888 2737 2024 2806 Quia
2058 2739 2112 2792 in

527 2829 633 2885 hoc
663 2833 900 2887 maxime
927 2829 1261 2887 daemoniaca
1287 2831 1369 2886 vis
1409 2831 1691 2886 obtinebat
1729 2849 1742 2886 :
1780 2837 1912 2885 tunc
1941 2831 2111 2885 multa

526 2933 779 2996 poterant
817 2924 1095 2980 daemones
1142 2924 1197 2978 in
1229 2939 1424 2994 campo
1459 2922 1676 2979 Taneos
1708 2924 2016 2980 constituti.
2053 2923 2111 2978 ld

524 3033 654 3073 vero
683 3015 851 3072 lsaias
885 3016 1149 3086 propheta
1181 3015 1426 3070 declarat
1457 3016 1512 3070 in
1542 3016 1754 3072 visione
1770 3015 2012 3087 Egypti,
2033 3017 2112 3072 di-

525 3121 658 3162 cens
695 3126 708 3160 :
747 3105 814 3160 Et
842 3107 995 3160 stulti
1045 3116 1199 3159 erunt
1255 3106 1518 3175 principes
1577 3105 1619 3159 Τ
1623 3122 1805 3174 aneos,
1850 3106 2108 3174 sapientes

528 3200 826 3254 consiliarii
862 3201 1022 3270 regis,
1053 3200 1338 3253 consilium
1365 3215 1545 3253 eorum
1571 3199 1794 3252 stultum
1825 3199 1936 3269 fiet.
1965 3199 2110 3265 Quo-

524 3291 678 3346 modo
704 3290 888 3346 dicetis
912 3293 1056 3362 regi:
1073 3291 1206 3344 Filii
1228 3291 1546 3354 sapientium
1573 3307 1667 3343 nos
1689 3306 1894 3355 sumus,
1910 3289 2013 3358 ﬁlii
2029 3305 2112 3344 re-

522 3399 646 3452 gum
671 3383 761 3452 qui
792 3399 823 3434 a
853 3383 1114 3450 principio
1145 3381 1403 3451 fuerunt?
1435 3377 1536 3432 Ubi
1568 3388 1690 3432 sunt
1715 3380 1981 3444 sapientes
2007 3379 2107 3442 tui,

520 3482 570 3527 et
597 3473 909 3524 annuntient
937 3471 1051 3535 tibi,
1077 3484 1125 3526 et
1157 3471 1341 3524 dicant
1385 3470 1502 3535 tibi,
1526 3469 1652 3540 quid
1683 3469 1892 3522 consilii
1915 3466 2108 3523 Domi-

523 3582 623 3618 nus
657 3565 850 3632 ceperit
903 3579 1061 3627 super
1111 3563 1440 3634 zEgyptum?
1488 3561 1803 3631 Defecerunt
1846 3563 2104 3630 principes

519 3655 753 3719 Taneos,
785 3664 834 3710 et
861 3656 1128 3725 perierunt
1173 3655 1433 3724 principes
1466 3651 1770 3722 Mempheos
1793 3655 1857 3708 “.
1892 3651 2104 3708 Dauno-

473 3740 476 3741 ⁷
522 3761 619 3800 nes
648 3755 830 3800 autem
867 3744 1089 3813 maligni
1123 3753 1301 3809 erant,
1331 3754 1390 3796 ut
1423 3742 1720 3798 verisimile
1759 3752 1864 3806 est,
1887 3748 1978 3811 qui
2006 3761 2103 3814 per

514 3838 737 3891 oracula
788 3847 842 3891 et
886 3835 1258 3890 divinationes
1308 3838 1599 3905 quamdam
1647 3835 1926 3906 sapientia:
1971 3851 2096 3904 spe-

517 3929 655 3983 ciem
683 3927 1104 3998 proﬁtebantur,
1140 3937 1196 3982 et
1222 3927 1292 3982 ob
1317 3926 1467 3982 illam
1497 3942 1687 3982 eorum
1712 3926 1803 3997 qui
1834 3927 1890 3980 in
1922 3928 2098 3982 diven-

517 4021 594 4074 sis
630 4017 855 4091 Egypti
891 4019 1028 4073 locis
1054 4018 1330 4088 principes
1363 4026 1523 4074 erant
1559 4019 1860 4074 consiliarii
1911 4018 2089 4073 εποριί

516 4121 665 4168 sunt.
696 4111 834 4166 Num
872 4111 1010 4167 forte
1039 4113 1132 4183 qui
1177 4111 1468 4182 praestigiis
1493 4110 1829 4184 Egyptiacis
1871 4126 2094 4181 operam

513 4207 736 4270 dabant,
769 4213 824 4260 et
850 4205 887 4259 ii
938 4205 1032 4276 qui
1063 4205 1339 4262 veneficiis
1386 4205 1502 4260 suis
1531 4203 1704 4276 Moysi
1738 4204 2090 4268 obstiterunt,

512 4298 788 4368 principes
810 4297 1026 4353 Taneos
1047 4304 1100 4352 et
1120 4299 1394 4368 sapientes
1417 4297 1719 4353 consiliarii
1748 4298 1892 4368 regis
1913 4296 2094 4352 erant?

511 4389 877 4456 Quamobrqn
905 4389 1029 4462 jure
1057 4405 1181 4462 qua:
1213 4405 1310 4459 per
1341 4388 1579 4462 Moysen)
1604 4389 1660 4442 in
1690 4387 1924 4459 {Egypto
1945 4387 2091 4442 facta

509 4492 657 4547 Sunt,
691 4482 746 4536 in
767 4494 962 4552 campo
999 4480 1213 4536 Taneos
1250 4482 1391 4537 edita
1429 4496 1550 4536 esse
1579 4480 1669 4534 hic
1701 4481 2016 4535 edoeemur.

2222 1901 2331 1976 γὰρ
2360 1904 2564 1960 τούτων
2603 1906 2772 1978 λήθην
2819 1911 3176 1981 πεποιημένοι
3216 1912 3326 1966 τῶν
3373 1915 3511 1985 πρὸς
3547 1919 3673 1982 τοὺς
3708 1937 3821 1973 πα.

2220 1994 2383 2068 τέρας
2416 1995 2596 2050 αὐτῶν
2629 1998 3102 2070 ὲπιδεδειγμένων,
3135 2002 3274 2056 ὅπλα
3300 2005 3500 2076 ἤραντο
3539 2008 3679 2062 κατὰ
3711 2010 3814 2064 τοῦ

2219 2086 2375 2150 Θεοῦ,
2411 2088 2470 2140 ού
2498 2087 2852 2161 βουληθέντες
2876 2091 2980 2163 [ὲν]
3006 2092 3084 2164 τῷ
3100 2094 3249 2166 νόμῳ
3271 2097 3433 2150 αὑτοῦ
3457 2100 3814 2172 πορεύεσθαι,

2219 2180 2394 2232 καίτοι
2445 2183 2530 2233 ἐπ’
2575 2183 2772 2248 αὐτοὺς
2822 2189 3073 2256 κειμένου
3129 2187 3222 2242 τοῦ
3273 2189 3530 2246 δύνασθαι
3586 2196 3681 2248 καὶ
3716 2196 3814 2249 τοῦ

2221 2271 2524 2342 βούλεσθαι.
2563 2277 2626 2327 Οἱ
2655 2276 2712 2329 δὲ
2758 2277 2856 2349 τὴν
2891 2278 3119 2351 δύναμιν
3147 2281 3393 2353 ἔχοντες,
3432 2286 3534 2338 οὐκ
3575 2288 3819 2360 ᾕΰουλή-

2219 2363 2389 2434 θησαν
2418 2365 2553 2436 ὀρθῇ
2589 2367 2897 2438 χρήσασθαι
2945 2372 3299 2442 προαιρέσει·
3341 2373 3487 2428 νῶτα
3519 2376 3574 2429 δὲ
3622 2376 3817 2442 δόντες

2217 2453 2294 2524 τῷ
2326 2453 2473 2524 Θεῷ,
2514 2455 2684 2528 λήθην
2739 2460 3064 2531 ἐποιήσαντο
3112 2461 3221 2515 τῶν
3269 2464 3433 2518 πάλαι
3483 2465 3814 2538 θαυμασίων

2217 2546 2404 2600 αὑτοῦ.
2443 2547 2618 2601 Ποίων
2661 2548 2718 2602 δὲ
2763 2548 3084 2622 θαυμασίων
3137 2553 3170 2625 ἢ
3214 2554 3323 2607 τῶν
3361 2555 3420 2609 ἐν
3470 2557 3606 2629 αὐτῇ
3653 2575 3814 2627 γενο-

2219 2637 2397 2708 μένων
2453 2640 2514 2709 τῇ
2575 2639 2869 2714 Αἰγύπτῳ,
2919 2643 3012 2696 καὶ
3057 2643 3156 2697 οὐκ
3209 2645 3266 2698 ὲν
3314 2646 3463 2721 πάσῃ
3501 2649 3808 2722 Αἰγύπτῳ,

2215 2729 2330 2783 ἀλλ’
2369 2732 2426 2783 ὲν
2457 2729 2536 2801 τῷ
2593 2733 2692 2804 τῆς
2725 2734 2943 2797 Τάνεως
2979 2735 3174 2806 πεδίῳ;
3213 2737 3388 2812 Ὅπερ
3433 2743 3640 2812 Μωσῆς
3702 2746 3808 2815 μὲν

2213 2821 2314 2874 οὐκ
2347 2821 2580 2894 ἐδήλωσε
2612 2823 2700 2878 διὰ
2736 2825 2834 2896 τῆς
2883 2826 3076 2880 ἑαυτοῦ
3109 2829 3326 2903 Γραφῆς
3350 2849 3362 2860 ·
3413 2833 3443 2885 6
3487 2833 3542 2887 δὲ
3596 2836 3795 2909 Ἀσάφ,

2215 2914 2502 2986 προφήτης
2535 2915 2634 2979 ὣν,
2658 2915 2899 2971 διδάσκει
2931 2918 3020 2973 διὰ
3053 2919 3160 2974 τῶν
3201 2925 3604 2994 προκειμένων,
3635 2929 3712 2993 ὡς
3746 2933 3806 2984 ἐν

2210 3006 2290 3078 τῷ
2323 3007 2492 3078 πεδίῳ
2519 3008 2738 3072 Τάνεως
2781 3009 2850 3063 τὰ
2894 3013 2951 3066 ὲν
3003 3013 3262 3085 Αἰγύπτῳ
3307 3016 3617 3088 πραχθέντα
3665 3019 3802 3075 θαύ-

2217 3117 2363 3170 ματα
2400 3100 2490 3155 διά
2532 3103 2778 3166 Μωσέως
2825 3105 3172 3178 ἐπετελέσθη.
3230 3109 3391 3177 Λέγει
3424 3109 3469 3164 δ’
3513 3108 3606 3166 οὖν
3640 3110 3802 3178 αὖθις

2135 3163 2178 3222 c
2212 3163 2416 3266 προῖὼν
2448 3195 2536 3248 διὰ
2577 3195 2687 3248 τῶν
2719 3163 2878 3269 ἑξῆς·
2934 3197 3032 3265 Ὠς
3083 3163 3250 3255 ἔθετο
3399 3163 3704 3274 Αίγύπτωί

2208 3287 2429 3356 σημεῖα
2473 3289 2658 3343 αὐτοῦ
2721 3289 2818 3344 καὶ
2880 3292 2953 3344 τὰ
3008 3291 3220 3361 τέρατα
3266 3296 3451 3351 αὐτοῦ
3486 3299 3556 3350 ἐν
3610 3300 3798 3369 πεδίῳ

2217 3378 2462 3448 Τάνεως.
2495 3381 2598 3434 Διὰ
2620 3382 2673 3435 τί
2709 3382 2765 3436 δὲ
2795 3385 2852 3437 ὲν
2883 3383 2960 3455 τῷ
2983 3385 3085 3456 τῆς
3117 3386 3333 3452 Τάνεως
3378 3389 3578 3462 πεδίῳ;
3617 3393 3796 3447 Ἐπει-

2208 3471 2379 3545 δήπερ
2407 3473 2465 3527 έν
2495 3473 2669 3545 τούτῳ
2702 3473 2936 3547 μάλιστα
2961 3477 3028 3530 τά
3052 3477 3150 3549 τῆς
3169 3477 3489 3551 δαιμονικῆς
3513 3483 3792 3552 ἐνεργείας

2207 3564 2502 3636 ἐπεκράτει
2526 3581 2538 3594 ⁸
2569 3566 2692 3618 τότε
2722 3565 2894 3620 πολλά
2926 3584 2984 3619 τε
3018 3567 3200 3638 ίσχυον
3233 3571 3352 3622 κατ’
3381 3572 3556 3626 ἐκεῖνο
3595 3574 3788 3647 καιροῦ

2205 3659 2252 3710 oi
2286 3657 2344 3709 ὲν
2372 3659 2436 3730 τῇ
2489 3658 2653 3712 Τάνει
2705 3657 2981 3730 ἱδρυμένοι
3015 3658 3289 3730 δαίμονες.
3323 3662 3492 3716 Τοῦτο
3538 3664 3596 3718 δὲ
3639 3666 3790 3738 δηλοῖ

2215 3748 2442 3812 Ἡσαΐας
2493 3750 2522 3801 6
2575 3750 2859 3822 προφήτης
2909 3751 2968 3803 έν
3017 3753 3084 3822 τῇ
3139 3752 3324 3824 ὁράσει
3371 3753 3472 3824 τῆς
3509 3755 3783 3824 Αἰγύπτου

2203 3839 2375 3909 λέγων
2397 3856 2410 3870 ·
2456 3841 2566 3895 Καὶ
2612 3841 2804 3921 μωροὶ.
2826 3841 3072 3896 ἔσονται
3114 3846 3169 3897 οὶ
3204 3843 3487 3915 ἆρχοντες
3538 3849 3782 3918 Τάνεως,

2203 3932 2257 3984 οι
2282 3931 2459 4000 σοφοὶ
2481 3931 2810 4000 σύμϐουλοι
2833 3932 2938 3986 τοῦ
2961 3933 3286 4002 βασιλέως,
3303 3938 3338 4004 ἡ
3356 3937 3559 4007 ,ϐουλὴ
3586 3939 3779 3994 αὐτῶν

2199 4021 2669 4094 μωρανθήσεται.
2703 4021 2834 4089 Πῶς
2857 4024 3042 4091 ἐρεῖτε
3070 4025 3150 4091 τῷ
3175 4028 3442 4091 βασιλεῖ,
3485 4032 3600 4084 Υἱοὶ
3631 4048 3774 4085 συν.

2200 4112 2351 4166 ετῶν
2396 4113 2588 4181 ἡμεῖς,
2631 4114 2747 4166 υἱοὶ
2781 4113 3092 4178 βασιλέων
3133 4115 3253 4170 τῶν
3284 4118 3353 4184 ἐξ
3391 4120 3619 4190 ἀρχῆς;
3651 4124 3769 4178 Hm?

2197 4204 2357 4258 εἰσιν
2393 4207 2446 4260 οι
2475 4206 2657 4274 σοφοί
2685 4220 2822 4273 σου,
2847 4207 2944 4260 καὶ
2977 4207 3501 4278 ἁναγγειλάτωσάν
3525 4227 3644 4276 σοι,
3679 4216 3770 4268 καὶ

2196 4295 2536 4350 εὶπὰτωσάν
2561 4311 2659 4350 σοι
2703 4297 2760 4351 τί
2799 4297 3196 4363 ,ϐεϐούλευται
3238 4302 3450 4369 Κύριος
3473 4305 3568 4356 ἐπ’
3596 4307 3768 4376 Αἴγυ-

2196 4401 2381 4451 πτον;
2423 4387 2734 4452 Ἐξέλιπον
2770 4391 2822 4443 οὶ
2861 4389 3149 4459 ἄρχοντες
3193 4391 3448 4460 Teii-suc,
3480 4397 3577 4450 καὶ
3621 4397 3769 4452 ἀπώ-

2123 4460 2166 4514 D
2194 4483 2376 4535 λον-το
2407 4483 2461 4534 οἱ
2488 4480 2776 4551 ἄρχοντες
2809 4481 3115 4552 Μέμφεως.
3143 4484 3406 4556 Δαίμονες
3427 4487 3483 4540 δὲ
3507 4484 3667 4558 ἦσαν,
3696 4490 3768 4554 ὡς

509 4578 674 4641 εἰκὸς,
708 4577 932 4649 πονηροὶ
963 4577 1050 4631 διά
1103 4577 1366 4650 χρησμῶν
1427 4576 1522 4630 καὶ
1575 4576 1841 4648 μαντειῶν
1899 4576 2090 4645 σοφίαν
2128 4575 2250 4630 τινὰ
2313 4577 2790 4648 ἐπαγγελλόμενοι,
2816 4579 2911 4631 καὶ
2938 4581 2995 4633 ὲν
3027 4579 3226 4661 ταύτῃ
3262 4582 3370 4654 τῶν
3403 4583 3544 4651 κατὰ
3576 4587 3766 4648 τόπους

511 4669 852 4742 κρατούντων
914 4671 1015 4741 τῆς
1077 4669 1353 4740 Αἰγύπτου
1392 4667 1684 4740 σύμϐουλοι
1748 4671 2042 4739 γινόμενοι.
2097 4669 2320 4739 Μήποτε
2371 4668 2428 4722 δὲ
2479 4669 2574 4722 καὶ
2623 4671 2671 4723 oi
2720 4673 2840 4733 ταῖς
2886 4672 3160 4737 γοητείάις
3204 4677 3323 4737 τοῖς
3373 4675 3766 4743 Αίγυπτιακαίς

508 4766 954 4838 προσανέχοντες,
985 4767 1118 4820 οἵτε
1145 4767 1493 4830 ἀντιστάντες
1521 4767 1711 4820 Μωσεί
1730 4767 1849 4828 ταῖς
1872 4765 2244 4836 φαρμακείαις
2273 4765 2473 4829 αὐτῶν,
2491 4765 2541 4818 οἱ
2574 4768 2834 4836 ἄρχοντες
2860 4762 3000 4837 ἦσαν
3063 4767 3302 4832 Τάνεως,
3334 4769 3427 4824 καὶ
3490 4772 3539 4824 οἱ
3607 4774 3757 4840 nouo!

510 4861 796 4933 σύμϐουλοι
839 4863 932 4916 τοῦ
967 4861 1256 4934 βασιλέως
1329 4862 1528 4933 Διόπερ
1574 4861 1798 4924 εἰκότως
1847 4863 1906 4914 ὲν
1954 4860 2121 4932 πεδίῳ
2185 4861 2403 4927 Τάνεως
2433 4863 2460 4914 6
2492 4860 2680 4933 παρὼν
2713 4861 2869 4928 λόγος
2923 4861 3162 4916 διδάσκει
3208 4863 3522 4936 πεπρᾶχθαι
3565 4865 3634 4920 τὰ
3679 4866 3763 4918 διὰ

506 4957 748 5022 Μωσέως
781 4961 839 5012 ὲν
855 4958 1118 5030 Αἰγύπτῳ
1147 4959 1505 5031 γεγενημένα.

578 5072 744 5129 Vens.
783 5075 869 5130 l5.
904 5074 1194 5145 Interrupit
1212 5091 1356 5130 mare
1385 5084 1434 5130 et
1472 5075 1716 5145 perduxit
1741 5091 1851 5138 eos,
1883 5085 1932 5128 et
1967 5081 2078 5127 sta-

512 5168 612 5222 tuit
641 5183 805 5238 aquas
837 5167 991 5236 quasi
1035 5179 1221 5221 utrem.
1253 5166 1386 5232 Qua:
1411 5167 1464 5220 in
1495 5163 1731 5238 Egypto
1762 5164 1902 5221 facta
1927 5173 2077 5226 sunt.

511 5274 624 5313 uno
653 5259 820 5313 verbo
835 5258 1151 5326 complexus
1181 5257 1354 5312 dixit:
1391 5257 1523 5324 Quae
1563 5257 1684 5324 fecit
1724 5255 1995 5310 mirabilia
2027 5256 2082 5309 in

511 5359 654 5402 terra
677 5346 921 5418 ιΕρῃριὶ,
954 5354 1008 5403 et
1037 5347 1226 5418 adjicit
1269 5363 1335 5402 ea
1363 5363 1486 5418 quae
1509 5363 1618 5403 non
1651 5361 2001 5412 noveramus,
2027 5348 2080 5402 in

503 5456 689 5510 campo
719 5442 940 5497 Taneos.
964 5441 1225 5508 Quaenam
1250 5441 1340 5496 illa
1367 5442 1637 5497 mirabilia
1665 5448 1850 5497 essent
1879 5439 2080 5512 Moysis

2253 5071 2532 5141 Διέρῤηξε
2567 5071 2890 5126 θάλασσαν
2910 5072 3006 5126 καί
3039 5071 3319 5143 διήγαγεν
3343 5073 3583 5140 αὐτοὺς,
3617 5090 3760 5140 παρ-

2185 5165 2451 5232 έστησεν
2499 5163 2688 5220 ὕδατα
2738 5163 2883 5217 ὡσεὶ
2923 5165 3138 5220 ἀσκόν.
3168 5165 3250 5219 Τὰ
3284 5165 3382 5237 μὲν
3410 5166 3468 5218 ὲν
3498 5166 3634 5238 αὐτῇ
3665 5183 3760 5219 πε-

2188 5255 2480 5328 πραγμένα
2515 5258 2580 5327 τῇ
2627 5253 2886 5325 Αἰγύπτῳ
2921 5254 3009 5310 διὰ
3056 5259 3186 5328 μιᾶς
3229 5257 3526 5328 ὲπετέμετο
3565 5256 3758 5322 λέξεως

2187 5346 2354 5401 εἰπών
2373 5363 2386 5377 ·
2422 5349 2482 5400 Ἃ
2502 5346 2754 5414 ἐποίησε
2782 5345 3083 5416 θαυμάσια
3107 5348 3177 5402 ἐν
3203 5345 3281 5416 τῇ
3307 5348 3629 5416 Αἰγύπτου.
3665 5348 3757 5402 καὶ

2187 5438 2444 5513 προσθεὶς
2470 5439 2608 5510 ὅπερ
2640 5439 2740 5492 οὐκ
2768 5439 3011 5510 ᾔδειμεν,
3035 5439 3107 5493 ἐν
3139 5439 3321 5506 πεδίῳ
3351 5438 3596 5506 Teir-80c.
3623 5438 3754 5492 Τίνα

503 5530 788 5603 Scriptura
843 5533 1021 5589 fusius
1053 5543 1288 5589 enarrat.
1331 5531 1438 5588 Sed
1470 5549 1711 5605 praesens
1743 5533 1986 5604 psalmus
2011 5547 2074 5588 ea

2213 5532 2240 5586 ὲ
2268 5527 2337 5604 ἦν
2365 5529 2434 5585 τά
2455 5529 2755 5602 θαυμάσια,
2791 5533 2884 5604 είς·
2902 5530 3104 5594 πλάτος
3136 5531 3290 5602 μὲνὴ
3323 5530 3564 5593 Μωσέως
3601 5547 3753 5602 περιο

497 5626 856 5696 paucioribus
905 5625 1047 5680 intra
1088 5632 1358 5694 recenset,
1401 5625 1589 5682 dicens
1635 5643 1647 5680 :

567 5781 611 5812 ¹¹
645 5779 746 5842 lsa.
773 5795 886 5847 xu,
922 5781 1102 5838 ll-lS.

1709 5625 1972 5682 Convertit
2015 5625 2067 5679 in

2211 5641 2288 5696 χει
2325 5622 2540 5695 Γραφήο
2581 5624 2926 5696 ἐπιτέμνεται
2963 5623 3018 5678 δὲ
3058 5622 3228 5678 ταῦτα
3255 5626 3284 5678 6
3324 5622 3515 5697 παρὼν
3544 5622 3752 5693 ψαλμὸς
