4078 6934
385 393 490 450 913
565 469 573 478 _

1474 381 1978 444 COMMENTABIA
2019 381 2088 438 IN
2127 382 2473 442 PSALMOS.

3536 394 3643 452 9N

382 516 442 569 ιν
477 517 590 577 τοῖς
634 513 771 584 μετὰ
800 511 971 566 ταῦτα
1008 511 1212 579 λέγων·
1250 507 1670 575 Μετέστρεψεν
1709 508 1795 572 εις
1821 501 1952 574 αἷμα

2065 506 2377 574 sanguinem
2414 505 2637 573 ﬂumina
2656 521 2860 572 eorum,
2895 517 2944 562 et
2972 509 3163 566 imbres
3185 527 3365 566 eorum
3408 530 3471 568 ne
3501 515 3642 569 bibe-

381 604 526 670 τοὺς
551 602 858 671 ποταμοὺς
877 598 1094 660 αὐτῶν.
1133 598 1319 653 καὶτὰ
1336 596 1677 667 ὀμϐρήματα
1699 595 1856 661 ὅπως
1871 595 1958 665 μὴ

383 697 623 749 πίωσιν.
663 689 1120 758 Ἑξαπέστειλεν
1140 693 1228 757 εις
1250 689 1472 756 αὐτοὺς
1494 689 1844 758 κοινόμυιαν
1863 688 1959 740 καὶ

383 786 716 856 κατέφαγεν
758 784 1015 850 αὐτοὺς,
1058 785 1155 837 καὶ
1205 783 1271 836 τὰ
1318 782 1527 844 τούτοις
1577 781 1955 851 ἐπιλεγόμενα.

383 878 566 933 Ταῦτα
618 879 715 948 μὲν
753 872 846 930 οῦν
907 876 1026 928 κατ’
1074 873 1386 942 Αἰγυπτίων
1433 873 1644 942 ἐγίνετο
1688 875 1746 927 ὲν
1791 870 1960 942 πεδίῳ

382 970 598 1034 Τάνεως
623 987 637 1000 ·
671 968 706 1023 ἃ
737 968 800 1040 δὴ
838 949 1124 1040 παρέλθὼν
1159 967 1251 1019 ἐπὶ
1297 963 1391 1018 τοῦ
1421 964 1686 1036 παρόντος
1720 963 1748 1016 ὁ
1783 963 1957 1032 λόγος,

379 1064 478 1127 τὰς
509 1065 590 1126 εἰς
633 1062 724 1115 τὸν
762 1060 890 1114 λαὸν
921 1060 1241 1130 εὐεργεσίας
1289 1058 1608 1130 προτάττει·
1634 1056 1710 1119 ὡς
1743 1053 1960 1125 διῆλθον

376 1155 476 1227 τὴν
525 1147 834 1219 Θάλασσαν,
878 1154 957 1216 εἰς
1005 1151 1176 1204 πολλὰ
1233 1151 1374 1223 μέρη
1423 1148 1797 1219 διαιρεθέντων
1851 1147 1960 1200 τῶν

379 1248 620 1302 ὑδάτων·
656 1247 685 1300 δ
724 1245 788 1317 δὴ
831 1243 1161 1316 παρίσταται
1189 1243 1278 1297 διὰ
1311 1242 1402 1296 τοῦ
1435 1243 1732 1310 φάσκοντος
1764 1241 1922 1309 λόγου
1941 1257 1956 1272 ·

379 1329 465 1406 Τῷ
487 1338 894 1393 καταδιελόντι
923 1335 1038 1404 τὴν
1065 1333 1345 1404 Ἐρυθρὰν
1368 1332 1686 1388 θάλασσαν
1707 1335 1794 1398 εις
1814 1331 1962 1387 διαι-

368 1430 606 1500 ρέσεις,
662 1429 762 1484 καὶ
803 1429 1145 1499 διαγατόντι
1183 1427 1292 1482 τὸν
1349 1425 1586 1495 Ἰσραὴλ
1620 1425 1718 1482 διὰ
1764 1424 1960 1495 μέσου

376 1521 587 1590 αὐτῆς.
617 1523 754 1575 Φασὶ
791 1521 922 1591 γοῦν
963 1520 1231 1591 Ἑϐραίων
1263 1519 1455 1582 παῖδες
1485 1519 1565 1582 εἰς
1595 1515 1661 1571 ιϐ’
1695 1518 1962 1588 τμήματα

378 1614 670 1688 διῃρῆσθαι
710 1614 882 1686 αὐτὴν
939 1613 1057 1666 κατ’
1084 1611 1318 1684 ἀριθμὸν
1361 1610 1470 1664 τῶν
1518 1609 1586 1663 ιδ’
1637 1609 1820 1678 φυλῶν
1864 1608 1958 1662 τοῦ

379 1703 540 1761 λαοῦ·
586 1705 729 1760 ὥστε
777 1704 1176 1777 ἀφωρισμένως
1219 1702 1457 1774 ἑκάστην
1503 1701 1729 1756 διελθεῖν
1762 1700 1956 1772 φυλὴν,

379 1797 523 1851 κατὰ
555 1797 654 1869 τὴν
675 1795 1115 1867 ἀπονεμηθεῖσαν
1144 1793 1282 1865 αὐτῇ
1310 1792 1554 1864 πορείαν.
1589 1792 1958 1862 Διισταμὲνων

2063 607 2200 650 rent.
2238 595 2385 652 Misit
2423 599 2476 651 in
2508 614 2594 651 eos
2627 600 2972 669 ctenomyiam
3004 611 3055 654 et
3077 605 3299 658 comedit
3315 621 3423 670 eos,
3456 616 3512 660 et
3533 621 3640 662 ca:—

2065 697 2205 742 lera.
2235 687 2359 742 Haec
2389 690 2571 758 itaque
2607 698 2799 745 contra
2816 689 3104 763 Egyptios
3123 697 3177 749 in
3201 711 3394 767 campo
3423 697 3636 755 Taneos

2059 779 2429 848 contigerunt,
2448 795 2570 850 quae
2598 788 2985 839 transcurrens
3013 784 3066 838 in
3096 791 3350 856 prasenti
3379 789 3643 847 beneﬁcia

2060 868 2117 923 in
2151 870 2407 939 populum
2459 873 2780 941 pramittit:
2814 882 2873 927 ut
2907 875 3118 931 scilicet
3170 879 3327 949 aquis
3370 881 3554 952 plures
3585 885 3640 938 in

2063 975 2245 1034 partes
2279 962 2493 1030 divisis,
2520 982 2668 1023 mare
2716 971 3114 1038 pertransierit,
3144 974 3293 1041 quod
3331 975 3419 1033 liis
3461 977 3642 1033 verbis

2060 1055 2374 1112 declaratur
2405 1075 2419 1111 :
2455 1055 2560 1122 Qui
2584 1059 2768 1112 divisit
2801 1076 2950 1114 mare
2978 1059 3214 1116 Rubrum
3243 1064 3297 1119 in
3337 1065 3636 1133 divisiones,

2059 1158 2110 1201 et
2151 1147 2336 1202 eduxit
2376 1147 2551 1204 Israel
2580 1167 2673 1220 per
2707 1153 2936 1208 medium
2987 1156 3104 1224 ejus
3140 1156 3205 1212 ¹¹.
3240 1156 3410 1213 Aiunt
3459 1159 3642 1230 itaque

2062 1236 2273 1292 Hebraei
2305 1238 2360 1293 in
2393 1239 2678 1296 duodecim
2711 1240 2986 1299 set-tiones
3019 1245 3258 1302 divisum
3290 1247 3461 1304 fuisse
3492 1265 3640 1306 mare

2060 1331 2362 1386 secundum
2386 1349 2671 1388 numerum
2700 1334 2988 1392 duodecim
3028 1339 3211 1409 populi
3243 1342 3486 1395 tribuum
3514 1363 3528 1409 ;
3564 1345 3640 1398 ita
3746 1368 3748 1371 -

2062 1430 2121 1476 ut
2143 1423 2372 1495 singula:
2399 1427 2574 1481 tribus
2601 1429 2894 1499 separatim
2927 1429 2982 1484 in
3012 1435 3290 1502 assignato
3320 1432 3424 1487 sibi
3456 1441 3639 1486 meatu

2060 1517 2479 1586 pertransirent.
2510 1519 2644 1575 Cum
2696 1537 2859 1591 porro
2897 1539 3052 1593 aquae
3108 1524 3432 1591 interniedio
3463 1525 3642 1594 spatio

2059 1608 2324 1678 sejuncta:
2345 1620 2552 1675 essent,
2586 1620 2641 1668 et
2670 1615 2823 1668 arida
2848 1629 2990 1669 terra
3024 1615 3078 1669 in
3114 1617 3293 1670 medio
3318 1616 3636 1678 haberetur,

2058 1715 2403 1772 consequens
2437 1712 2554 1758 erat
2571 1720 2742 1774 aquas
2769 1705 2822 1759 in
2845 1706 3124 1760 cumulum
3160 1717 3376 1762 evectas
3392 1707 3640 1763 contine-

2059 1794 2126 1858 ri,
2167 1795 2222 1850 in
2270 1811 2398 1852 aere
2443 1798 2682 1852 tumidas
2720 1797 2918 1852 elevari
2957 1805 3012 1852 et
3048 1798 3249 1862 attolli,
3297 1798 3352 1853 in
3407 1799 3640 1870 ipsoque

379 1886 437 1940 δὲ
461 1885 570 1940 τῶν
603 1886 830 1950 ὑδάτων,
876 1885 972 1938 καὶ
1019 1883 1190 1954 ξηρᾶς
1219 1882 1323 1952 γῆς
1354 1883 1412 1936 ἐν
1449 1880 1528 1952 τῷ
1572 1879 1776 1952 μεταξὺ
1829 1897 1952 1935 συν-

2057 1901 2184 1942 aere
2218 1889 2375 1958 quasi
2440 1889 2495 1943 in
2545 1897 2666 1944 utre
2699 1889 2984 1957 concludi;
3034 1902 3368 1961 quapropter
3394 1891 3633 1948 dicitur:

381 1979 693 2052 ισταμένης,
721 1975 1011 2031 ἀκόλουθον
1041 1971 1110 2047 ἦν
1142 1973 1371 2044 συνοχὴν
1397 1971 1639 2042 γίνεσθαι
1667 1973 1776 2027 τῶν
1819 1972 1946 2027 ὑδά-

2055 1974 2124 2029 Et
2157 1979 2341 2030 statuit
2398 1995 2559 2048 aquas
2610 1979 2762 2043 quasi
2797 1988 2982 2032 utrem.

377 2093 506 2141 των,
558 2077 632 2141 ὼς
687 2073 1014 2147 κυρτοῦσθαι
1057 2071 1196 2127 αὐτὰ
1257 2071 1590 2142 συνεχόμενα
1637 2071 1776 2144 πρὸς
1826 2071 2027 2143 ἄλληλα
2078 2074 2172 2127 καὶ
2235 2077 2296 2128 ὲν
2357 2074 2506 2145 αὐτῷ
2571 2075 2646 2143 τῷ
2692 2074 2816 2146 ἀέρι
2858 2073 3177 2146 ἐπαίρεσθαι
3239 2075 3332 2129 καὶ
3392 2075 3632 2146 ὑψοῦσθα

380 2171 717 2245 κυρτούμενα
747 2172 841 2226 καὶ
873 2167 1329 2243 μετεωριζόμενα,
1373 2168 1468 2222 καὶ
1490 2167 1679 2242 ὥσπερ
1730 2169 1792 2223 ὲν
1844 2169 2000 2240 ἀσκῷ
2039 2170 2115 2240 τῷ
2144 2174 2265 2244 ἀέρι
2308 2173 2723 2244 περικλειόμενα
2746 2189 2759 2202 ·
2791 2171 2870 2225 διὸ
2916 2171 3189 2226 λέλεκται·
3218 2173 3631 2242 Παρέστησενι

378 2265 566 2319 ὕδατα
591 2264 734 2318 ὡσεὶ
766 2264 982 2318 ἀσκόν.

445 2361 596 2414 Μετὰ
639 2359 697 2412 δὲ
727 2359 788 2412 τὸ
843 2359 1157 2430 τηλικοῦτον
1203 2357 1404 2430 θαῦμα,
1463 2355 1782 2428 ὡδήγησεν
1835 2359 1946 2413 αὐ-

2110 2360 2274 2414 Vens.
2303 2360 2369 2414 14
2429 2359 2559 2414 Post
2581 2369 2788 2414 tantum
2817 2358 3139 2414 miraculum
3162 2360 3378 2414 deduxit
3409 2377 3519 2424 eos,
3552 2361 3636 2416 in-

377 2451 537 2516 τοὺς,
567 2450 750 2520 φησὶν,
822 2448 893 2501 ἐν
943 2447 1166 2517 νεφέλῃ
1216 2447 1459 2518 ἡμέρας,
1521 2447 1946 2520 ὲπισκιαζούσης

2054 2455 2190 2525 quit,
2235 2455 2291 2507 in
2319 2452 2451 2507 nube
2492 2452 2619 2520 diei,
2638 2453 3023 2518 adumbrante,
3058 2460 3224 2524 atque
3253 2463 3631 2524 tegumentum

376 2540 470 2594 καὶ
502 2539 710 2610 σκέπην
772 2538 955 2601 αὑτοῖς
1007 2535 1352 2609 παρεχούσης
1405 2540 1503 2609 τῆς
1549 2537 1802 2609 νεφέλης,
1869 2538 1946 2603 ὡς

2054 2544 2327 2615 prabente
2344 2544 2508 2608 nube,
2543 2553 2601 2598 nt
2622 2560 2689 2600 ne
2709 2543 2846 2600 solis
2871 2552 3005 2600 testu
3037 2543 3366 2601 laborarent.
3388 2542 3455 2600 Ut
3473 2559 3649 2614 porru-

376 2631 442 2687 ἂν
474 2631 548 2702 μὴ
570 2631 674 2684 ὑπὸ
693 2630 786 2684 τοῦ
818 2629 1060 2700 φλογμοῦ
1109 2629 1203 2683 τοῦ
1251 2629 1480 2700 ἡλιακοῦ
1535 2632 1942 2684 καταπονοῖντο.

2054 2637 2193 2691 nube
2209 2636 2315 2692 diei
2338 2637 2676 2707 tegebantur,
2711 2637 2791 2693 sic
2819 2643 3183 2708 congruenter
3215 2635 3468 2691 columna
3493 2637 3644 2706 ignis

376 2723 741 2795 Καταλλήλως
801 2723 856 2776 δὲ
915 2726 982 2795 τῇ
1046 2723 1144 2795 τῆς
1195 2724 1406 2795 ἡμέρας
1453 2722 1678 2795 νεφέλῃ,
1750 2722 1941 2788 στύλος

2060 2728 2171 2798 psis
2206 2734 2368 2781 noctu
2386 2728 2609 2797 praeibat
2637 2727 2842 2782 claram
2874 2727 3017 2783 diem
3051 2725 3291 2783 eﬂiciens
3312 2746 3325 2781 :
3346 2743 3518 2798 quare
3545 2727 3631 2782 di-

377 2817 546 2890 πυρδς
603 2817 692 2870 διὰ
755 2816 853 2889 τῆς
910 2818 1104 2880 νυκτὸς
1175 2817 1414 2886 προῆγεν
1485 2816 1678 2878 αὐτοὺς
1705 2854 1720 2880 ,
1799 2816 1942 2887 ἡμέ-

2054 2819 2212 2874 :itur:
2233 2817 2425 2872 Ettota
2452 2819 2672 2872 noctein
2705 2818 3094 2872 illuminatione
3116 2817 3274 2887 ignis.
3295 2816 3374 2872 Ad
3407 2816 3521 2871 haec
3549 2817 3634 2871 di-

383 2927 482 2980 ραν
543 2909 724 2972 αὐτοῖς
779 2909 1045 2978 φωτεινὴν
1122 2907 1593 2980 ἀπεργαζόμενος·
1657 2907 1738 2960 διὸ
1792 2907 1942 2960 λέλε-

2054 2912 2221 2966 :itur:
2254 2909 2420 2964 Vens.
2457 2910 2543 2965 15.
2582 2908 2876 2978 Interrupit
2909 2918 3112 2977 petram
3147 2908 3200 2962 in
3227 2917 3491 2972 eremo,et
3514 2917 3633 2976 pot-

378 3015 526 3063 κται,
561 2998 669 3052 Καὶ
715 2997 868 3066 ὅλην
915 2997 1030 3067 τὴν
1072 2999 1261 3051 νύκτα
1298 2998 1369 3051 έν
1406 2995 1682 3066 φωτισμῷ
1731 2998 1942 3066 πυρός.

2054 3003 2148 3057 suit
2173 3019 2262 3057 eos
2283 3001 2420 3056 velut
2445 3002 2499 3055 in
2538 3001 2728 3072 abysso
2768 3000 2958 3056 multa.
2980 3000 3247 3056 Observes
3274 3014 3440 3069 porro
3475 3001 3632 3054 velim

387 3090 514 3143 Ἐπὶ
570 3088 782 3152 τούτοις
837 3089 1082 3158 λέγεται·
1122 3086 1400 3157 Δώρῤηξε
1457 3087 1680 3156 πέτραν
1729 3087 1800 3142 ἐν
1826 3131 1842 3152 _.
1870 3086 1946 3157 τῇ

2054 3094 2140 3148 hic
2163 3094 2327 3149 etiam
2355 3094 2566 3165 copiam
2590 3107 2853 3162 aquarum
2886 3091 3134 3161 abyssum
3170 3091 3376 3146 vocari.
3403 3089 3509 3145 Pro
3540 3091 3633 3145 illo

374 3182 570 3253 ἐρήμῳ
598 3223 613 3247 ,
673 3185 768 3237 καὶ
816 3183 1094 3236 ἐπότισεν
1149 3181 1372 3247 αὐτοὺς
1429 3181 1509 3247 ὡς
1562 3181 1632 3234 ἐν
1697 3182 1948 3248 ἁϐύσσφ

2054 3195 2254 3249 autem,
2287 3187 2566 3255 interrupit
2620 3193 2848 3254 petram,
2880 3183 3098 3252 Aquila,
3129 3182 3308 3238 diuisit
3353 3192 3528 3254 petras
3577 3186 3632 3238 in

376 3276 600 3346 πολλῇ.
629 3278 796 3347 Τήρει
831 3277 886 3329 δὲ
915 3277 1061 3340 ὅπως
1091 3275 1186 3330 καὶ
1234 3273 1467 3328 ἐνταῦθα
1508 3274 1570 3327 τὸ
1609 3273 1810 3342 πλῆθος
1840 3275 1949 3328 τῶν

378 3367 585 3421 ὑδάτων
619 3367 895 3420 ἄϐυσσον
933 3366 1082 3439 ὠνόμ
1094 3383 1244 3420 ασεν.
1280 3367 1424 3419 Ἀντὶ
1453 3364 1510 3419 δὲ
1542 3364 1659 3432 τοῦ,
1681 3365 1952 3436 διέρῤηξε

377 3457 622 3526 πέτραν,
667 3460 695 3511 ὁ
749 3459 996 3523 Ἀκύλας,
1035 3459 1250 3528 ἔσχισε
1315 3457 1572 3526 πέτρους
1612 3458 1682 3512 ὲν
1728 3455 1945 3528 ἐρήμῳ,

377 3551 627 3618 ἐξέδωκε,
655 3551 944 3616 δουλεύσας
963 3554 1026 3624 τῇ
1072 3552 1332 3624 Ἐὗραῖκῇ
1363 3553 1570 3624 γραφῇ,
1601 3551 1666 3604 δι’
1703 3546 1770 3622 ἦς
1801 3567 1946 3622 παρ-

377 3643 614 3708 ίσταται,
649 3645 724 3708 ὡς
783 3645 844 3697 ού
881 3645 978 3716 μία
1011 3646 1186 3716 πέτρα
1219 3639 1286 3715 ἦν
1310 3646 1344 3715 ἡ
1380 3642 1729 3697 ἀναὸλύσασα
1765 3644 1948 3707 αὐτοῖς

374 3735 444 3788 τὰ
479 3734 677 3800 ὕδατα,
738 3733 873 3788 ἀλλὰ
919 3733 1127 3789 πολλαί.
1165 3735 1328 3788 Ὅθεν
1375 3733 1404 3786 ό
1437 3734 1580 3796 θεῖος
1631 3733 1947 3798 Ἁπόστο).ος

373 3827 795 3898 ἐπισημαίνεται
843 3826 1046 3896 λέγων·
1097 3828 1343 3880 Ἔπινον
1398 3826 1511 3896 γὰρ
1564 3825 1633 3880 ἐκ
1686 3841 1950 3894 πνευμα-

374 3917 548 3988 τικῆς
597 3919 1054 3987 ἀκολουθούσης
1077 3918 1299 3985 αὐτοὺς
1321 3919 1338 3940 ⁶
1374 3918 1630 3988 πέτρας·
1681 3917 1720 3985 ἡ
1761 3916 1949 3985 πέτρα

373 4010 444 4064 δὲ
489 4010 564 4079 ἦν
617 4013 649 4064 ό
709 4009 996 4079 Χριστός·
1052 4011 1128 4075 ὡς
1184 4010 1500 4082 ἁπανταχοῦ
1564 4010 1948 4082 παρεπομένης

377 4101 572 4165 αὐτοὺς
599 4102 804 4173 πέτρας
823 4145 839 4168 ,
874 4103 966 4156 καὶ
1006 4102 1147 4158 κατὰ
1178 4102 1452 4174 σταθμοὺς
1477 4102 1570 4156 καὶ
1608 4101 1749 4156 κατὰ
1782 4100 1952 4172 μονὰς

379 4188 476 4242 καὶ
545 4189 685 4242 κατὰ
737 4191 915 4245 πάντα
976 4191 1142 4246 τόπον
1210 4193 1512 4265 παρούσης.
1579 4193 1949 4264 Ἐπιτηρήσας

378 4281 436 4334 δὲ
464 4281 619 4335 τοῦτο
640 4283 734 4336 καὶ
765 4286 821 4336 ὲν
841 4288 906 4356 τῇ
932 4285 1172 4350 Μωσέως
1204 4287 1455 4358 εὑρήσεις
1507 4286 1698 4356 Γραφῇ
1723 4304 1737 4318 ο
1771 4287 1828 4338 ὲν
1852 4285 1953 4355 μὲν

379 4374 486 4449 γὰρ
519 4378 586 4447 τῇ
627 4374 822 4447 Ἐξόδῳ
866 4377 1112 4448 εἴρηται·
1145 4379 1252 4433 Kal
1283 4377 1693 4446 παρενέϐαλον
1729 4377 1798 4431 ἐν
1825 4379 1949 4431 Ῥα-

377 4466 572 4536 φιδεῖν
616 4466 717 4521 καὶ
753 4470 863 4522 οὐκ
904 4465 982 4540 ἦν
1009 4469 1164 4538 ὕδωρ
1197 4469 1355 4524 πιεῖν
1380 4468 1460 4535 τῷ
1485 4469 1630 4535 λαῷ.
1659 4470 1768 4524 Kal
1796 4469 1950 4524 ἐλοι-

2049 3295 2244 3342 eremo,
2273 3277 2466 3341 edidit,
2501 3275 2779 3332 Hebraicae
2827 3272 3080 3328 videlicet
3128 3273 3324 3329 litterae
3361 3274 3628 3338 serviens,

2049 3385 2158 3441 qua
2189 3367 2500 3424 declaratur
2543 3382 2654 3422 non
2689 3381 2877 3430 unam,
2912 3365 3007 3422 sed
3037 3367 3225 3437 plures
3278 3372 3462 3436 petras
3495 3363 3631 3433 ipsis

2049 3477 2220 3533 aquas
2247 3461 2518 3516 emisisse.
2556 3458 2710 3515 Unde
2733 3459 2956 3514 divinus
2978 3458 3277 3530 Apostolus
3308 3458 3424 3514 haec
3455 3459 3631 3512 adno-

2055 3560 2169 3606 tat:
2195 3549 2453 3605 Bibebant
2471 3558 2646 3604 autem
2667 3563 2732 3603 ea:
2757 3549 3034 3618 spirituali
3060 3557 3408 3619 consequente
3437 3564 3524 3602 eos
3546 3563 3631 3616 pe-

2048 3649 2165 3697 tra:
2183 3651 2334 3712 petra
2350 3649 2649 3694 autemerat
2665 3638 2906 3695 Christus
2927 3637 3168 3706 ".Quasi
3187 3638 3392 3693 scilicet
3409 3652 3504 3692 eos
3522 3637 3632 3691 ubi,

2047 3751 2153 3806 que
2169 3743 2322 3806 petra
2354 3743 2772 3804 sequeretur,ac
2792 3731 2848 3786 in
2869 3731 3223 3794 stationibus,
3248 3730 3302 3782 in
3335 3729 3632 3783 tuansioni-

2047 3831 2172 3894 bus,
2215 3830 2272 3884 in
2311 3829 2568 3899 omnique
2598 3827 2720 3882 loco
2759 3840 3004 3897 praesens
3038 3822 3275 3878 adesset.
3339 3820 3474 3875 illud
3492 3837 3634 3892 quo-

2046 3939 2152 3994 que
2172 3924 2226 3976 in
2246 3921 2444 3994 Moysis
2456 3920 2737 3990 Scriptura
2756 3918 3048 3974 observare
3061 3915 3186 3971 licet
3202 3932 3219 3983 ;
3234 3930 3359 3968 nam
3377 3913 3432 3968 in
3444 3913 3632 3969 Exodo

2046 4015 2295 4070 dicitur:
2336 4015 2404 4068 lit
2457 4011 2820 4068 castrametati
2849 4019 2972 4065 sunt
3014 4011 3068 4064 in
3097 4005 3384 4076 Bap/tidtn,
3435 4015 3484 4060 et
3526 4023 3631 4060 non

2046 4117 2161 4163 erat
2180 4106 2371 4178 populo
2400 4123 2535 4176 aqua
2571 4104 2638 4158 ad
2663 4103 2961 4158 bibendum.
2995 4101 3062 4154 Et
3075 4101 3326 4170 jurgatus
3357 4108 3435 4152 est
3464 4113 3632 4166 popu-

2050 4201 2132 4255 lus
2161 4217 2280 4255 cum
2309 4199 2532 4269 Moyse;
2566 4213 2630 4252 ac
2660 4197 2893 4252 deinde:
2924 4193 3071 4248 Dixit
3097 4191 3356 4247 Dominus
3387 4191 3455 4244 ad
3477 4189 3631 4259 Moy-

2049 4311 2157 4349 sem
2184 4309 2202 4346 :
2234 4290 2491 4346 Antecede
2519 4289 2770 4360 populum
2797 4297 2846 4341 et
2877 4302 3023 4341 sume
3041 4295 3204 4339 tecum
3235 4299 3301 4337 ex
3337 4282 3631 4336 senioribus

2047 4379 2224 4448 populi
2233 4418 2247 4440 ,
2267 4388 2314 4431 et
2337 4378 2536 4446 virgam
2547 4392 2652 4445 qua
2671 4372 2976 4444 percussisti
2994 4387 3157 4437 mare,
3173 4379 3224 4424 et
3240 4367 3416 4424 vades.
3443 4367 3520 4421 En
3538 4385 3630 4438 ego

2049 4470 2306 4524 stetiante
2327 4477 2374 4520 te
2400 4466 2473 4519 ibi
2492 4480 2652 4533 supra
2669 4472 2870 4532 petram
2901 4462 2955 4514 in
2987 4459 3188 4516 Choreb
3222 4475 3240 4512 :
3269 4468 3319 4513 et
3338 4457 3630 4528 percutiam
3653 4514 3670 4527 ,Ι

377 4557 601 4627 δορεῖτο
640 4561 674 4612 ὀ
697 4559 846 4625 λαὸς
875 4559 1023 4628 πρὸς
1047 4560 1275 4628 Μωσῆν
1294 4577 1308 4590 ·
1342 4563 1436 4615 καὶ
1467 4561 1596 4632 ἑξῆς
1618 4577 1632 4591 ·
1658 4557 1808 4614 Εἷπε
1827 4561 1946 4615 Κύι-

2054 4571 2244 4630 petram
2266 4572 2310 4614 et
2333 4558 2492 4614 exibit
2513 4573 2578 4612 ea:
2601 4574 2664 4612 ea
2693 4571 2852 4620 aqua,
2883 4562 2932 4609 et
2964 4552 3098 4608 bibet
3121 4552 3380 4622 populus;
3407 4551 3630 4621 fecitque

370 4667 503 4722 ριος
532 4651 682 4719 πρὸς
707 4651 933 4718 Μωσῆν
971 4669 984 4682 ·
1015 4653 1396 4720 Προπορεύου
1425 4652 1531 4707 τοῦ
1565 4652 1720 4708 λαοῦ
1747 4691 1762 4716 ,
1796 4650 1944 4706 λάϐε

375 4742 444 4796 δὲ
469 4744 620 4812 μετὰ
641 4743 900 4798 σεαυτοῦ
916 4744 1033 4798 ἀπὸ
1063 4744 1181 4799 τῶν
1204 4745 1622 4814 πρεσϐυτέρων
1633 4746 1742 4801 τοῦ
1769 4743 1956 4810 λαοῦ,

377 4835 480 4889 καὶ
531 4835 647 4903 τὴν
693 4836 921 4904 ῥάϐδον
955 4839 1024 4891 ἐν
1065 4831 1107 4908 ᾖ
1133 4839 1435 4905 ὲπάταξας
1465 4838 1580 4908 τὴν
1601 4839 1943 4903 θάλασσαν,

378 4927 476 4982 καὶ
517 4929 802 4998 πορεύσῃ.
849 4929 973 4996 Ἰδὲ,
1007 4931 1122 5000 ἐγὼ
1146 4931 1378 5000 ἕστηκα
1417 4931 1533 5000 πρὸ
1572 4930 1680 4985 τοῦ
1719 4945 1792 4985 σε
1824 4929 1954 4985 ἐκεῖ

375 5018 476 5072 ἐπὶ
525 5018 636 5087 τῆς
687 5021 903 5089 πέτρας
927 5023 998 5075 ἐν
1020 5023 1246 5092 Χωρέϐ·
1283 5025 1382 5081 καὶ
1421 5022 1662 5088 πατάξω
1697 5022 1812 5091 τὴν
1841 5023 1946 5077 πέο

377 5129 541 5179 τραν,
568 5113 666 5166 καὶ
690 5113 1072 5178 ἐξελεύσεται
1105 5116 1173 5182 ἐξ
1204 5116 1391 5185 αὐτῆς
1420 5117 1595 5186 ὕδωρ,
1627 5117 1724 5171 καὶ
1753 5116 1950 5170 πίεται

377 5206 596 5270 όλαός.
629 5207 738 5260 Kal
793 5207 1080 5274 ἐποίησεν
1111 5209 1296 5276 οὕτως
1334 5208 1577 5277 Μωσῆς.
1632 5208 1816 5264 Ταῦτα
1850 5209 1948 5279 μὲν

375 5291 468 5350 οῦν
495 5297 762 5369 ένἘξόδῳ
779 5315 792 5328 ·
824 5300 882 5351 ὲν
905 5298 962 5352 δὲ
975 5303 1085 5364 τοῖς
1113 5301 1386 5372 Ἀριθμοῖς
1401 5302 1648 5354 λέλεκται
1667 5301 1805 5354 ·Καὶ
1840 5296 1948 5369 ἧλ-

377 5393 485 5444 οον
532 5394 585 5444 ol
617 5391 735 5445 υἱοὶ
783 5391 1021 5459 Ἰσραὴλ
1067 5391 1234 5446 πᾶσα
1268 5394 1306 5461 ἡ
1341 5393 1664 5464 συναγωγὴ
1714 5395 1802 5460 εις
1832 5392 1948 5460 τὴν

375 5479 603 5550 ἔρημον
627 5481 784 5545 Σεῐν,
820 5483 918 5536 καὶ
947 5485 1057 5538 οὐκ
1087 5481 1168 5553 ἦν
1203 5484 1357 5552 ὕδωρ
1385 5485 1458 5555 τῇ
1485 5485 1826 5556 συναγωγῇ,
1849 5486 1948 5540 καὶ

375 5573 787 5640 ἠθροίσθησαν
807 5575 906 5626 ἐπὶ
934 5573 1160 5644 Μωσῆν
1183 5575 1280 5628 καὶ
1319 5577 1549 5643 Ἀαρών.
1582 5577 1691 5632 Kal
1721 5577 1950 5631 ἐλοιδο-

373 5663 532 5733 ρεῖτο
561 5669 593 5719 ό
631 5665 780 5732 λαός
807 5665 957 5734 πρὸς
997 5665 1246 5729 Λῖωσῆν.
1294 5667 1403 5724 Καὶ
1447 5668 1604 5740 ἑξῆς·
1649 5667 1950 5731 ’EJa’Jnae

450 5779 493 5810 "
528 5777 674 5832 Psnl.
709 5796 906 5845 cxuv,
939 5781 1026 5848 15,
1057 5779 1141 5835 ll.

2054 4653 2262 4724 Moyses
2285 4654 2362 4706 ita
2389 4652 2452 4704 “.
2485 4649 2611 4704 llaec
2640 4649 2692 4704 in
2721 4647 2939 4714 Exodo;
2972 4646 3028 4700 in
3055 4644 3310 4700 Numeris
3331 4651 3512 4698 autem
3541 4641 3629 4696 di-

2053 4747 2194 4801 citur
2226 4764 2238 4800 :
2283 4745 2640 4812 Veneruntque
2691 4740 2794 4811 ﬁlii
2827 4737 3002 4793 Israel
3041 4737 3206 4791 omnis
3250 4733 3535 4790 multitudo
3573 4737 3629 4788 in

2052 4838 2310 4894 desertum
2338 4835 2455 4902 Sin,
2494 4843 2542 4888 et
2586 4850 2690 4887 non
2722 4839 2836 4886 erat
2871 4845 3012 4900 aqua
3046 4826 3398 4892 multitudini,
3432 4835 3480 4880 et
3504 4842 3629 4879 con-

2051 4937 2296 4984 uenerunt
2335 4925 2402 4979 ad
2427 4925 2478 4979 Μ
2486 4940 2661 4995 oysem
2683 4932 2730 4977 et
2757 4921 2938 4974 Aaron
2965 4934 2982 4971 :
3009 4928 3058 4974 et
3079 4919 3330 4989 jurgatus
3360 4927 3434 4972 est
3463 4932 3628 4986 popu-

2053 5022 2134 5076 lus
2159 5029 2341 5075 contra
2368 5017 2641 5089 Moysein;
2666 5032 2728 5070 ac
2755 5015 2982 5071 deinde:
3015 5013 3242 5067 Locutus
3269 5022 3342 5066 est
3371 5009 3626 5063 Dominus

2053 5112 2122 5168 ad
2169 5112 2402 5183 Moysem
2437 5112 2615 5165 dicens
2637 5127 2657 5164 .‘
2691 5108 2838 5163 Tolle
2870 5110 3091 5178 virgam,
3123 5117 3173 5160 et
3203 5119 3459 5174 congrega
3489 5101 3628 5154 ntul-

2054 5206 2350 5267 titudinem,
2387 5214 2444 5257 tu
2475 5213 2524 5258 et
2555 5202 2738 5256 Aaron
2781 5201 2949 5272 frater
2989 5211 3130 5262 tuus,
3161 5207 3209 5251 et
3248 5193 3528 5265 loquemini
3553 5191 3626 5245 ad

2052 5306 2250 5366 petram
2293 5311 2470 5348 coram
2501 5295 2598 5356 eis,
2625 5304 2675 5348 et
2703 5293 2852 5347 dabit
2896 5309 3060 5362 aquas
3097 5306 3250 5345 suas.
3290 5285 3355 5340 Et
3383 5285 3626 5354 e/Ieretur

2053 5389 2178 5457 ipsis
2210 5405 2348 5458 aqua
2379 5387 2444 5442 de
2470 5396 2638 5455 petra,
2675 5397 2722 5440 et
2761 5385 3011 5455 putabitis
3043 5381 3435 5437 multitudinem
3461 5387 3509 5432 et
3531 5378 3625 5447 jn-

2055 5491 2229 5536 menta
2265 5497 2446 5536 eorum
2474 5481 2537 5535 η.
2565 5477 2696 5534 Jurc
2741 5495 2870 5550 ergo
2898 5479 3025 5549 quia
3054 5475 3222 5532 variis
3251 5473 3307 5527 ln
3347 5471 3482 5525 locis
3507 5471 3624 5524 visa

2053 5581 2140 5636 est
2173 5584 2327 5643 petra
2357 5587 2552 5641 aquam
2605 5571 3044 5629 subministrare,
3080 5565 3149 5620 de
3187 5564 3369 5635 priore
3407 5561 3625 5632 quidem

2057 5667 2111 5722 in
2143 5665 2397 5737 persenti
2419 5663 2620 5719 dicitur
2654 5681 2667 5695 ·
2709 5660 2994 5726 lnterruoit
3037 5669 3238 5724 petram
3269 5657 3322 5710 in
3349 5671 3541 5718 eremo,
3575 5661 3643 5708 et.

1223 5782 1264 5811 "
1304 5780 1479 5836 lCor.
1514 5798 1566 5848 κ,
1604 5782 1665 5838 1..
1735 5782 1781 5818 ¹³
1808 5781 1952 5836 Exod

2054 5796 2149 5846 sit,
2186 5781 2236 5844 1,
2271 5779 2328 5847 2,
2360 5778 2414 5845 5,
2447 5775 2503 5834 ϐ.
2583 5778 2625 5810 ¹¹
2659 5770 2816 5830 Num.
2853 5789 2944 5837 xx,
2976 5771 3028 5836 1,
3059 5769 3116 5837 2,
3148 5767 3200 5835 7,
3220 5767 3274 5824 8.
