4078 6934
495 378 601 434 915

1218 373 1488 432 EUSEBH
1526 371 2008 431 C/ESARlENSIS
2043 371 2198 430 OPP.
2241 369 2422 438 PARS
2456 371 2547 428 ill.
2581 406 2654 418 —-
2692 374 3096 433 EXEGETICA.

3669 379 3786 448 9.16

495 497 785 567 adaquarit
832 513 920 552 eos
956 497 1092 552 velut
1133 497 1188 551 in
1219 498 1413 568 abysso
1466 497 1671 561 multa;
1703 495 1772 551 de
1810 496 1914 551 alia
1954 510 2080 552 vero

2188 495 2406 564 Κύριος
2449 495 2598 564 πρὸς
2647 496 2876 565 Μωσῆν
2917 496 3146 568 λέγων·
3183 496 3338 554 Λάϐε
3382 496 3496 565 τὴν
3523 497 3786 567 ῥάεδον,

493 585 693 642 deinde
717 585 1116 657 subjungit:——
1146 582 1315 639 Vens.
1349 584 1437 642 l6.
1467 583 1536 638 Et
1558 582 1776 638 deduxit
1801 598 1992 653 aquam
2022 580 2088 636 de

492 691 662 747 petra,
675 677 952 732 etdeduxit
970 687 1225 747 tanquam
1251 677 1476 746 ﬂumina
1492 692 1681 746 aquas.
1701 673 2087 730 Verumtamen

493 785 618 824 cum
639 776 717 824 tot
739 768 847 824 illis
863 767 1277 824 subministrata
1297 768 1442 822 bona
1455 766 1708 828 fuissent,
1729 765 2088 821 nihilominus

497 867 872 930 apposuerunt
930 873 1160 929 peccare
1220 859 1410 929 (VI-ms.
1460 858 1573 928 l7),
1628 873 1862 929 peccare
1905 864 2087 911 autem

503 969 614 1007 non
644 950 774 1017 sibi,
806 951 902 1007 sed
954 951 1081 1022 ipsi.
1111 948 1172 1005 lu
1205 951 1389 1022 ipsum
1457 951 1602 1006 enim
1668 950 1838 1005 Deum
1885 963 2089 1021 pecca-

495 1053 610 1098 tum
637 1059 828 1100 eorum
865 1043 1134 1104 vertebat,
1185 1041 1314 1097 dum
1363 1057 1462 1112 per
1496 1039 1992 1095 contradictionem
2029 1041 2086 1094 in

492 1139 672 1206 ipsum
726 1134 893 1205 impie
950 1141 1198 1205 agerent.
1249 1133 1431 1199 Quare
1463 1132 1692 1202 subiicit
1726 1152 1740 1187 :
1778 1130 2086 1187 Exacerba-

492 1237 675 1282 verunt
713 1225 995 1280 Eacelsum
1028 1225 1083 1279 in
1104 1221 1397 1295 inaquoso;
1429 1224 1546 1280 sive
1589 1223 1892 1280 secundum
1918 1223 2088 1294 Aqui-

491 1320 624 1384 lam,
672 1317 740 1372 Ut
776 1316 1089 1372 rebellarant
1129 1325 1315 1372 contra
1354 1315 1640 1370 Eacelsum
1674 1317 1731 1370 in
1767 1317 1939 1381 invio;
1970 1317 2087 1373 sive

490 1409 793 1467 secundum
831 1410 1246 1482 Symmachum,
1288 1407 1356 1462 Ut
1407 1407 1776 1464 contenderent
1815 1425 1933 1468 cum
1971 1407 2086 1463 Ea:-

490 1501 630 1556 celso
665 1501 718 1554 in
745 1501 837 1554 siti
877 1501 930 1554 in
973 1501 1133 1555 invio.
1174 1499 1356 1567 Quare
1399 1507 1580 1554 autem
1615 1499 2088 1555 exacerbaverunt

491 1594 785 1650 lixcelsum
837 1593 892 1647 in
943 1593 1210 1662 inaquoso
1263 1593 1451 1648 docuit
1491 1592 1741 1664 Moyses;
1793 1601 2083 1664 postquam

489 1687 636 1742 enim
689 1685 1096 1757 suppeditasset
1129 1687 1212 1740 eis
1261 1699 1459 1754 aquam
1494 1684 1562 1740 de
1597 1695 1771 1755 petra.
1807 1685 1922 1741 haec
1956 1701 2086 1739 nar-

488 1787 576 1835 rat
608 1779 688 1847 ",t
727 1777 791 1830 Et
822 1779 1024 1831 vocat-it
1055 1792 1243 1830 nomen
1278 1777 1382 1830 loci
1409 1776 1578 1841 illius,
1616 1775 1861 1830 Tentatio
1894 1790 1942 1830 et
1965 1776 2084 1844 iur-

2191 589 2288 643 καί
2325 590 2742 656 ἐκκλησίασον
2769 590 2886 660 τὴν
2910 591 3273 663 συναγωγὴν
3291 592 3374 646 σὺ
3413 596 3510 646 καὶ
3552 593 3792 662 Ἀαρὼν

2189 681 2226 733 ό
2248 679 2515 749 ἀδελφός
2546 695 2683 749 σου,
2711 683 2812 736 καί
2859 682 3164 750 mnam
3204 685 3355 754 πρὸς
3395 683 3511 752 τὴν
3551 685 3792 754 πέτραν

2188 769 2468 824 ἐναντίον
2512 771 2730 835 αὐτῶν,
2773 775 2870 828 καὶ
2913 773 3092 830 δώσει
3120 778 3190 830 τὰ
3213 775 3402 831 ὕδατα
3431 776 3640 845 αὐτῆς.
3664 777 3786 830 Kal

2187 862 2487 927 ἐξοίσεται
2499 865 2704 931 αὐτοῖς
2729 865 2888 935 ὕδωρ
2911 867 2981 922 ἐκ
2999 867 3111 937 τῆς
3130 868 3370 938 πέτρας,
3396 869 3492 923 καὶ
3521 869 3792 924 nausia

2188 955 2304 1025 τὴν
2353 956 2719 1028 συναγωγὴν
2771 960 2868 1012 καὶ
2916 962 2988 1014 τὰ
3051 950 3242 1031 utne,"
3275 961 3496 1018 αὐτῶν.
3535 963 3790 1026 Είκὸτως

2187 1041 2282 1100 οὖν
2310 1047 2608 1120 ἐπειδήπερ
2637 1051 2695 1102 ὲν
2725 1049 3006 1122 διαφόροις
3041 1052 3227 1116 τόποις
3251 1053 3499 1122 φαίνεται
3525 1057 3558 1126 ἡ
3599 1055 3788 1126 πέτρα

2188 1143 2543 1212 χορηγήσασα
2563 1142 2624 1194 τὸ
2651 1140 2816 1214 ὕδωρ,
2841 1143 2970 1215 περὶ
3007 1144 3104 1214 μὲν
3131 1145 3228 1216 τῆς
3258 1146 3528 1218 προτέρας
3557 1146 3643 1200 διὰ
3667 1145 3788 1200 τῶν

2189 1232 2572 1304 προκειμένων
2606 1234 2852 1306 εἴρηται·
2885 1233 3164 1304 Διέρῤηξε
3195 1236 3420 1306 πέτραν
3457 1238 3527 1291 ἐν
3555 1237 3786 1308 ἐρήμῳ.

2188 1324 2286 1378 καὶ
2318 1325 2601 1380 ἐπότισεν
2625 1327 2850 1394 αὐτοὺς
2877 1328 2958 1394 ὡς
2985 1329 3056 1381 ἐν
3086 1329 3338 1398 άὸύσσῳ
3369 1329 3573 1399 πολλῆ
3592 1348 3606 1360 ·
3639 1333 3788 1402 περὶ

2187 1415 2244 1469 δὲ
2270 1416 2368 1487 τῆς
2391 1416 2583 1489 ἑτέρας
2617 1419 2745 1490 ἑξῆς
2775 1420 2971 1488 ἐπάγει
2991 1435 3005 1451 ο
3030 1421 3139 1474 Kal
3170 1420 3465 1492 ἐξήγαγεν
3512 1422 3668 1491 ὕδωρ
3710 1425 3786 1477 ἐκ

2188 1507 2429 1577 πέτρας,
2460 1510 2559 1563 καὶ
2589 1511 2926 1582 κατήγαγεν
2948 1513 3030 1578 ὡς
3055 1513 3362 1584 ποταμοὺς
3388 1513 3594 1569 ὕδατα.
3626 1515 3788 1588 Πλὴν

2187 1600 2323 1655 ἀλλὰ
2347 1602 2616 1656 τοσούτων
2633 1605 2818 1669 αὐτοῖς
2828 1605 3264 1678 χορηγηθέντων,
3281 1608 3432 1678 ὅμως
3448 1599 3791 1680 προσέθεντό

2187 1694 2282 1748 τοῦ
2312 1695 2669 1768 ἁμαρτάνειν,
2704 1699 2798 1751 καὶ
2830 1699 3164 1771 ἁμαρτάνειν
3221 1700 3321 1771 οὐχ
3379 1701 3612 1766 ἑαυτοῖς,
3661 1701 3788 1755 ἀλλ’

2187 1787 2352 1859 αὖτις).
2373 1790 2680 1846 Κατάύτοῦ
2704 1791 2813 1864 γὰρ
2843 1791 2935 1846 τοῦ
2968 1791 3104 1846 Θεοῦ
3127 1792 3224 1864 τὴν
3245 1794 3516 1866 ἁμαρτίαν
3531 1795 3790 1866 ἡμάρτα-

485 1874 652 1942 gium,
678 1881 892 1941 propter
923 1870 1162 1942 jurgium
1182 1871 1419 1940 ﬁliorum
1453 1868 1645 1933 Israel,
1675 1879 1726 1924 et
1753 1871 1878 1939 quia
1909 1879 2080 1925 tenta-

2183 1894 2292 1938 νον,
2345 1878 2672 1946 ἀσεϐοῦντες
2723 1881 2813 1936 διὰ
2851 1881 2953 1952 τῆς
2983 1883 3119 1954 πρὸς
3142 1883 3302 1937 αὑτὸν
3325 1883 3654 1953 ἀντιλογίας.
3691 1883 3792 1937 Διὸ

487 1969 670 2016 verant
694 1963 980 2018 Dominum
997 1963 1337 2026 dicentes,An
1355 1971 1434 2017 est
1453 1960 1590 2017 Deus
1606 1962 1663 2016 in
1685 1961 1859 2028 nobis,
1877 1979 2033 2018 necne
2051 1966 2076 2020 2

2187 1967 2447 2039 ἐπιλέγει*
2476 1973 2936 2042 Παρεπίκραναν
2950 1973 3060 2028 τὸν
3077 1974 3366 2043 Ὕψιστον
3378 1973 3449 2029 ὲν
3463 1974 3728 2043 ἀνύδρῳο
3753 1975 3789 2044 ἦ

488 2058 632 2112 κατὰ
644 2060 736 2113 τὸν
753 2059 1006 2124 Ἀκύλαν,
1041 2059 1151 2113 Τοῦ
1174 2059 1522 2128 προτερίσαι
1550 2058 1886 2127 ’Υψίστῳέν
1909 2059 2104 2126 ἀϐάτῳ
2124 2079 2138 2093 °
2192 2065 2226 2135 ἦ
2261 2066 2402 2121 κατὰ
2424 2067 2515 2121 τὸν
2555 2068 2874 2140 Σύμμαχον,
2909 2068 3278 2123 Φιλονεικεῖν
3301 2069 3382 2134 τῷ
3411 2068 3666 2137 Ὑψίστῳ
3715 2068 3790 2120 ἐν

487 2151 740 2221 δίψειὲν
778 2152 993 2218 ἀϐάτῳ.
1031 2152 1130 2206 Διὰ
1156 2151 1207 2205 τί
1244 2152 1302 2206 δὲ
1329 2151 1746 2222 παρεπίκραναν
1785 2151 1876 2205 τὸν
1909 2152 2170 2222 ’Υψιστον
2229 2157 2290 2209 ὲν
2323 2159 2557 2234 ἀνύδρῳ,
2615 2161 2818 2226 ἐδίδαξε
2873 2162 3081 2232 Μωσῆς
3105 2176 3120 2190 ⁸
3161 2161 3298 2231 μετὰ
3328 2159 3439 2232 γὰρ
3480 2159 3543 2212 τὸ
3595 2176 3787 2231 παρει-

489 2249 639 2316 σχείν
659 2250 844 2311 αὐτοῖς
872 2248 936 2300 ὲκ
963 2245 1170 2316 πέτρας
1205 2245 1264 2298 τὸ
1294 2244 1458 2316 ὕδωρ,
1495 2245 1696 2315 ἱστορεί
1723 2243 1896 2312 λέγων
1914 2261 1929 2275 ·
1956 2245 2065 2298 Kal
2091 2245 2443 2317 ἐπωνόμασε
2475 2251 2539 2306 τὸ
2567 2251 2752 2320 ὄνομα
2785 2250 2892 2306 τοῦ
2923 2251 3112 2304 τόπου
3143 2250 3402 2314 ἐκείνου,
3443 2251 3791 2318 Πειρασμὸς

489 2338 588 2391 καὶ
637 2336 1021 2404 λοιδόρησις,
1079 2333 1177 2388 διὰ
1231 2333 1346 2401 τὴν
1381 2333 1691 2402 λοιδορίαν
1745 2333 1860 2389 τῶν
1906 2334 2052 2390 υιῶν
2125 2336 2382 2409 Ἰσραὴλ,
2417 2342 2515 2398 καὶ
2567 2343 2664 2398 διὰ
2692 2343 2760 2398 τὸ
2801 2342 3092 2413 πειράζειν
3135 2343 3359 2410 αὐτοὺς
3401 2343 3621 2412 Κύριον
3675 2345 3790 2400 λέ-

485 2447 704 2504 τοντας
723 2446 736 2458 ·
772 2431 841 2482 El
877 2429 1010 2482 ἐστι
1033 2426 1180 2493 Θεὸς
1207 2427 1278 2482 ἐν
1305 2426 1480 2496 ’ἡμῖνι
1501 2428 1540 2496 ἢ
1577 2430 1649 2482 οὔ
1675 2445 1693 2490 ;

560 2521 724 2578 Vens.
759 2521 969 2588 18,19.
1022 2520 1090 2576 Ει
1139 2531 1469 2577 tentavcrunt
1512 2521 1684 2577 Deum
1723 2540 1778 2578 tn
1834 2523 2080 2579 cordibus

2260 2523 2370 2578 Kal
2400 2521 2802 2590 ἐξεπείρασαν
2841 2521 2948 2576 τὸν
2981 2521 3131 2576 Θεὸν
3157 2521 3229 2575 ἐν
3256 2522 3526 2592 καρδίαις
3554 2521 3786 2590 αὐτῶν,

485 2616 620 2680 suis,
656 2625 715 2670 ut
743 2623 976 2684 peterent
1003 2631 1180 2669 escam
1226 2615 1509 2670 animabus
1530 2618 1664 2672 suis.
1710 2617 1777 2670 Ιζι
1813 2618 1953 2672 male
2009 2618 2080 2672 lo-

2198 2617 2305 2671 τοῦ
2329 2614 2571 2683 αἰτῆσαι
2589 2613 2802 2684 ,βρῶμα
2823 2613 2952 2680 ταῖς
2976 2614 3206 2684 ψυχαῖς
3235 2615 3452 2669 αὐτῶν.
3481 2616 3590 2670 Kal
3617 2634 3790 2673 κατε-

485 2707 596 2761 cuti
617 2717 739 2761 sunt
765 2707 829 2761 de
867 2705 993 2760 Deo.
1023 2705 1314 2772 Quomodo
1345 2708 1490 2786 male;
1530 2706 1699 2762 locuti
1735 2711 1848 2763 sint
1877 2708 1945 2766 de
1978 2709 2080 2765 Deo

2195 2710 2480 2778 λάλησαν
2516 2707 2622 2762 τοῦ
2677 2707 2847 2762 Θεοῦ.
2881 2708 3071 2770 Ὅπως
3104 2707 3478 2779 κατελάλησαν
3518 2711 3610 2764 τοῦ
3641 2711 3786 2767 Θεοῦ

484 2809 674 2854 narrat
688 2797 904 2871 Moyses
914 2798 1108 2854 dicens
1128 2799 1168 2830 "
1197 2818 1211 2854 :
1233 2797 1302 2853 Et
1326 2802 1678 2855 murmuravit
1692 2802 1862 2855 omnis
1876 2817 2080 2872 congre-

2193 2802 2288 2856 καὶ
2315 2801 2523 2872 Μωσῆς
2550 2799 2792 2854 διδάσκει
2841 2798 3016 2870 λέγων
3033 2816 3048 2831 ο
3103 2797 3216 2853 Kal
3254 2800 3573 2870 ἐγόγγυζον
3608 2801 3784 2858 πᾶσα

484 2893 630 2964 gatio
659 2893 896 2964 ﬁliorum
910 2890 1087 2946 Israel
1116 2900 1303 2946 contra
1316 2890 1370 2944 Μ
1375 2908 1551 2962 oysem
1567 2902 1618 2948 et
1644 2893 1847 2958 Aaron,
1866 2903 1916 2949 et
1932 2894 2080 2950 dixe-

2191 2889 2512 2962 συναγωτὴ
2535 2889 2682 2946 υἱῶν
2727 2889 2975 2959 Ἰσραὴλ
3002 2889 3101 2943 ἐπὶ
3133 2890 3362 2960 Μωσῆν
3394 2891 3494 2945 καὶ
3529 2892 3779 2962 Ἀαρὼν,

486 2995 608 3040 runt
633 2985 702 3040 ad
713 3002 802 3041 eos
820 3002 838 3039 :
860 2983 1076 3040 Utinam
1095 2985 1292 3039 mortui
1304 3001 1535 3040 essemus
1552 2989 1791 3055 percussi
1805 3005 1838 3041 a
1855 2987 2080 3044 Domino

2190 2985 2290 3039 καὶ
2343 2984 2522 3038 ετπαν
2571 2983 2721 3052 πρὸς
2781 2983 3006 3049 αὐτούς
3027 2999 3041 3013 ·
3094 2983 3351 3051 Ὄφελον
3396 2985 3782 3055 ἀπεθάνομεν

485 3079 540 3134 in
574 3088 719 3132 terra
740 3076 984 3149 Egypti,
1017 3077 1229 3148 quando
1268 3075 1580 3133 sedebamus
1605 3095 1763 3148 super
1795 3080 2004 3146 lebetes,
2031 3093 2080 3136 et

2187 3076 2521 3148 πληγέντες
2571 3076 2690 3131 ὑπὸ
2753 3075 2976 3146 Κυρίου
3032 3077 3102 3128 ἐν
3138 3074 3218 3145 τῇ
3255 3077 3578 3147 Αίγύπτου,
3626 3077 3780 3132 ὅταν

483 3172 883 3228 comedebamus
919 3187 1080 3241 panes
1130 3170 1200 3225 ad
1227 3171 1601 3225 saturitatem!
1635 3172 1778 3239 Quia
1819 3172 2080 3228 eduxistis

485 3284 602 3330 nos,
655 3275 712 3320 ut
747 3263 1051 3319 occideretis
1085 3271 1250 3316 totam
1296 3261 1434 3316 hanc
1483 3263 1878 3318 multitudinem
1917 3264 2077 3334 fame.

485 3358 683 3413 Postea
702 3372 835 3412 vero
878 3356 954 3411 ait
1002 3355 1218 3428 Moyses
1259 3355 1328 3410 ad
1379 3357 1640 3426 p0pulum
1667 3357 1753 3411 "z
1796 3354 1910 3410 Nos
1960 3375 2080 3414 vero

483 3447 610 3518 quid
647 3463 831 3501 sumus
861 3461 880 3500 :
912 3463 1014 3500 non
1057 3446 1197 3500 enim
1227 3455 1417 3500 contra
1438 3463 1533 3501 nos
1571 3463 1814 3501 murmur
1848 3458 2080 3505 uestrum

483 3551 585 3603 est,
612 3539 702 3594 sed
735 3548 923 3594 contra
960 3537 1152 3594 Deum.
1184 3539 1431 3594 Accedite
1468 3556 1650 3594 coram
1681 3540 1789 3596 Deo
1812 3557 1831 3595 :
1873 3543 2078 3598 audivit

484 3633 624 3687 enim
655 3647 895 3684 murmur
923 3639 1174 3685 vestrum.
1219 3628 1353 3686 Post
1381 3630 1494 3685 haec
1529 3639 1711 3686 autem
1743 3633 1810 3697 ¹⁹,
1843 3631 2077 3690 Locutus

483 3734 574 3779 est-
596 3723 854 3778 Dominus
879 3723 948 3777 ad
978 3721 1215 3794 Moysen:
1230 3721 1408 3777 dicens
1445 3739 1463 3777 :
1498 3739 1589 3795 ego
1626 3723 1806 3779 audivi
1837 3742 2080 3780 murmur

487 3817 725 3887 ﬁliorum
779 3814 979 3880 Israel,
1020 3823 1126 3871 etc.
1180 3813 1309 3870 Haec
1354 3815 1522 3886 igitur
1573 3825 1842 3872 memorat
1897 3834 2079 3874 sermo

487 3924 731 3980 pi-zesens
761 3908 847 3964 his
883 3908 1065 3964 verbis
1097 3927 1113 3963 :
1148 3910 1216 3962 Et
1255 3917 1582 3962 tentavernnt
1623 3908 1786 3964 Deum
1815 3911 1870 3964 in
1902 3911 2080 3965 cordi-

487 4004 583 4055 bus
617 4001 752 4065 suis,
793 4010 853 4054 ut
881 4010 1115 4070 peterent
1151 4016 1328 4056 escam
1358 3999 1640 4054 animabus
1665 4001 1798 4055 suis.
1830 3999 1900 4054 Et
1940 4001 2080 4056 male

487 4095 651 4150 locuti
693 4103 817 4149 sunt
860 4093 924 4148 de
977 4093 1108 4160 Deo,
1151 4103 1201 4148 et
1244 4092 1524 4159 dixerunt,
1572 4091 1846 4166 Numquid
1884 4095 2077 4164 poterit

483 4187 627 4241 Deus
656 4202 850 4255 parare
882 4201 1117 4239 mensam
1153 4185 1208 4239 in
1241 4185 1450 4239 deserto
1471 4187 1495 4241 ?
1514 4215 1584 4224 —
1606 4183 1777 4243 Vens.
1811 4185 1904 4241 ΞΟ.
1930 4185 2079 4252 Quo-

484 4280 629 4334 niam
649 4280 906 4351 percussit
936 4288 1139 4349 petram
1171 4291 1221 4333 et
1251 4278 1520 4348 ﬂuxerunt
1550 4294 1721 4348 aquae,
1740 4289 1791 4333 et
1819 4288 2075 4334 torrentes

484 4370 911 4434 inundaverant;
943 4370 1209 4441 numquid.
1235 4381 1285 4425 et
1316 4386 1506 4439 panem
1545 4372 1736 4439 poterit
1781 4371 1932 4436 dare,
1981 4360 2076 4428 aut

2187 3170 2552 3240 ὲκαθίσαμεν
2577 3168 2678 3222 ἐπὶ
2728 3168 2846 3224 τῶν
2881 3167 3174 3234 λεϐήτων,
3210 3167 3310 3224 καί
3346 3168 3647 3242 ἐφάγομεν
3672 3171 3778 3241 ἅρ-

2194 3281 2338 3332 τους
2416 3267 2504 3331 εὶς
2573 3260 2948 3332 πλησμονήν
2966 3261 2988 3316 .'
3049 3263 3168 3316 Ὅτι
3231 3261 3552 3332 ἐξηγάτετε
3619 3264 3779 3336 ἡμᾶς

2186 3353 2530 3411 ἀποκτεῖναι
2585 3353 2794 3408 πᾶσαν
2849 3351 2964 3420 τὴν
3019 3350 3384 3421 συναγωγὴν
3425 3355 3651 3424 ταύτην
3702 3355 3776 3409 ἐν

2187 3446 2360 3516 λιμῷ.
2387 3446 2499 3501 Καὶ
2529 3446 2668 3518 μετὰ
2709 3445 2886 3501 ταῦτα
2916 3439 3037 3500 εἷπε
3065 3447 3269 3517 Μωσῆς
3304 3448 3439 3518 πρὸς
3478 3449 3568 3503 τὸν
3604 3449 3733 3504 λαόν
3759 3470 3773 3483 ·

2199 3540 2389 3610 Ἡμεῖς
2427 3539 2496 3593 δὲ
2544 3541 2602 3593 τί
2647 3538 2871 3610 caper};
2900 3540 2972 3593 οὺ
3006 3538 3117 3608 γὰρ
3150 3543 3278 3594 καθ’
3300 3539 3470 3611 ἡμῶν
3493 3545 3526 3595 ό
3561 3561 3774 3614 γογγυ-

2185 3633 2343 3704 σμὸς
2370 3631 2538 3701 ὐμῶν
2569 3631 2761 3694 ἐστιν,
2797 3631 2959 3686 ἀλλὰ
3000 3631 3151 3685 κατὰ
3179 3632 3284 3690 τοῦ
3319 3633 3772 3703 Θεοῦ.Προσέλ-

2186 3727 2317 3779 θετε
2341 3724 2621 3778 ἐναντίον
2657 3723 2764 3777 τοῦ
2796 3723 2965 3786 Θεοῦ,
3000 3713 3323 3790 εὶσακήλιοε
3362 3725 3475 3794 γὰρ
3503 3725 3608 3780 τοῦ
3639 3744 3770 3797 τογ-

2187 3817 2422 3888 τυσμοῦ
2463 3816 2648 3886 ὑμῶν.
2717 3817 2830 3872 Καὶ,
2875 3817 3014 3888 μετὰ
3067 3818 3268 3872 ταῦτα·
3326 3819 3623 3888 Ἐλάλησε
3653 3822 3768 3875 Κύ-

2178 3926 2309 3978 ριος
2367 3908 2519 3978 πρὸς
2578 3906 2808 3975 Μωσῆν
2867 3907 3090 3978 λέγων·
3162 3909 3313 3980 Ἐτὼ
3373 3909 3607 3978 ἀκήκοα
3658 3911 3764 3965 τὸν

2185 4001 2534 4073 τιοττυσμὸν
2582 4000 2729 4055 υἱῶν
2762 3999 3031 4070 Ἰσραὴλ,
3093 4001 3186 4055 καὶ
3235 4002 3304 4055 τὰ
3342 4001 3489 4073 ἑξῆς.
3550 4002 3763 4060 Τούτων

2183 4090 2276 4149 οὖν
2316 4099 2665 4166 μεμνημένος
2695 4092 2791 4148 καὶ
2823 4095 2852 4148 ὁ
2885 4092 3075 4165 παρὼν
3108 4093 3283 4163 λόγος,
3311 4091 3431 4150 εἷπε
3455 4112 3469 4125 ·
3505 4095 3613 4151 Kal
3640 4095 3763 4160 ἐξε-

2184 4187 2487 4254 πείρασαν
2519 4184 2626 4238 τὸν
2648 4185 2801 4240 Θεὸν
2823 4185 2894 4239 ἐν
2925 4185 3197 4253 καρδίαις
3226 4185 3444 4251 αὐτῶν,
3474 4187 3582 4241 τοῦ
3611 4185 3763 4258 alti}-

2183 4292 2286 4331 σαι
2305 4275 2521 4346 ,βρῶμα
2540 4274 2670 4342 ταῖς
2690 4275 2918 4346 ψυχαῖς
2946 4274 3161 4330 αὐτῶν.
3198 4278 3307 4331 Kal
3339 4277 3763 4346 κατελάλησαν

2184 4371 2290 4428 τοῦ
2320 4370 2488 4435 Θεοῦ,
2530 4364 2858 4423 καίεϊπαν·
2904 4370 3002 4438 Μὴ
3040 4369 3366 4438 δυνήσεται
3391 4375 3424 4426 ό
3445 4372 3590 4439 Θεὸς
3613 4375 3760 4430 ἐτοι-

483 4478 677 4531 parare
705 4479 939 4518 mensam
966 4463 1159 4532 populo
1189 4465 1324 4518 suo?
1347 4463 1473 4520 Haec
1527 4464 1747 4533 quidem
1803 4467 1858 4521 in
1903 4467 2079 4522 histo-

2182 4461 2367 4533 μάσαι
2392 4461 2686 4532 τράπεζαν
2715 4463 2786 4517 ἐν
2804 4461 3034 4533 smmi,-
3071 4464 3230 4519 Ἐπεί
3257 4463 3517 4531 ἐπάταξε
3543 4465 3761 4535 πέτραν

482 4555 566 4609 ria
624 4571 734 4610 non
780 4554 1066 4621 feruntur,
1101 4557 1197 4611 sed
1239 4558 1327 4610 hic
1362 4557 1690 4613 observatur
1739 4574 1836 4615 eos
1882 4559 2072 4616 istlnec

480 4652 774 4719 cogitasse.
839 4650 1212 4712 Tentaeerunt.
1261 4653 1460 4724 inquit.
1510 4651 1679 4708 Deum
1724 4653 1779 4706 in
1824 4653 2073 4710 cordibus

478 4741 614 4805 suis,
639 4749 718 4807 et,
764 4740 909 4796 Male
959 4742 1125 4796 locuti
1154 4753 1276 4797 sunt
1326 4742 1390 4798 de
1429 4743 1560 4799 Deo.
1591 4743 1879 4814 Quomodo
1931 4746 2073 4801 male

479 4833 650 4889 locuti
689 4841 841 4897 sunt,
872 4833 979 4890 nisi
1012 4835 1128 4890 haec
1159 4834 1474 4907 cogitando,
1503 4836 1607 4892 etsi
1641 4836 1692 4890 id
1724 4836 1950 4892 minime
1987 4838 2069 4892 la-

477 4925 587 4980 biis
636 4927 989 4997 protulerint,
1038 4927 1136 4984 sed
1191 4938 1372 4984 mente
1415 4929 1770 4993 revolverint,
1814 4946 1936 5001 quas
1980 4930 2072 4986 ille

475 5017 726 5074 cordium
756 5021 1005 5092 cognitor
1042 5022 1182 5077 bene
1221 5023 1374 5078 novit
1405 5024 1762 5094 audivitque?
1789 5022 2070 5091 Quamob-

473 5124 591 5166 rem
628 5111 832 5168 dicitur
877 5133 890 5168 :
917 5141 986 5154 -—
1018 5113 1186 5174 Vens.
1215 5115 1305 5174 21.
1337 5116 1554 5172 Audiuit
1585 5117 1844 5174 Dominus
1883 5129 1933 5172 et
1963 5118 2074 5174 dis-

477 5199 623 5258 tulit.
663 5201 771 5258 Pro
828 5219 939 5275 quo
987 5204 1202 5277 Aquila,
1232 5215 1282 5262 et
1321 5225 1424 5263 non
1455 5208 1769 5279 supersedit,
1799 5208 2072 5280 interpre-

474 5303 624 5354 tatus
655 5305 763 5362 est,
813 5299 868 5354 id
917 5308 1025 5365 est,
1055 5316 1165 5356 non
1209 5301 1466 5368 distulit;
1517 5301 1882 5374 Symmachus
1914 5315 2066 5367 vero,

472 5400 523 5446 et
573 5390 746 5446 iratus
776 5400 877 5446 est.
915 5389 1122 5448 Deinde
1156 5391 1253 5457 ait,
1315 5391 1384 5445 Et
1431 5393 1567 5463 ignis
1601 5408 1851 5447 accensus
1891 5401 1969 5447 est
2013 5393 2069 5446 in

471 5481 664 5548 Jacob,
693 5493 742 5537 et
771 5485 853 5538 ira
878 5484 1117 5539 ascendit
1152 5486 1204 5538 in
1244 5483 1441 5539 Israel.
1470 5485 1625 5555 Apud
1662 5484 1900 5558 Moysem
1929 5501 2096 5564 (μισ-ί

373 5591 380 5596 ν
472 5589 580 5646 que
615 5575 878 5632 scribitur
904 5577 987 5632 '°:
1018 5568 1228 5632 Eterat
1257 5576 1480 5647 populus
1507 5595 1850 5634 murmurans
1881 5589 2071 5633 contra

473 5665 784 5732 Dominum,
821 5676 871 5721 et
913 5666 1116 5722 audivit
1161 5667 1422 5723 Dominus
1453 5678 1502 5724 et
1543 5670 1715 5723 iratus
1745 5679 1862 5725 est:
1911 5680 1962 5724 et
1992 5671 2072 5724 in-

468 5773 656 5814 census
683 5767 761 5812 est
789 5759 844 5812 in
873 5760 949 5813 eis
985 5759 1120 5830 ignis
1147 5777 1182 5814 a
1210 5759 1459 5828 Domino,
1493 5769 1542 5815 et
1568 5759 1836 5817 devoravit
1858 5770 2066 5831 partem

460 5933 473 5946 ,
547 5873 587 5908 "
623 5872 794 5932 Exod.
823 5891 958 5944 svn,
987 5875 1041 5932 7.
1123 5878 1163 5912 "
1196 5874 1367 5936 Exod.
1401 5892 1511 5945 ττι,
1543 5876 1600 5944 ‘2,
1631 5877 1684 5936 3.
1766 5878 1811 5911 ¹⁶
1839 5877 1970 5940 ibid.
2003 5876 2126 5943 7,9.

2177 4554 2276 4608 καὶ
2304 4555 2614 4624 ἐρρύησαν
2639 4553 2848 4619 ὕδατα,
2891 4555 2990 4609 καὶ
3010 4558 3316 4626 χείμαρῤοι
3350 4560 3757 4628 κατεκλύσθη-

2176 4661 2330 4700 σαν⁶
2353 4646 2441 4716 μὴ
2488 4647 2588 4701 καὶ
2626 4647 2812 4717 ἄρτον
2858 4646 3110 4702 δύναται
3132 4649 3364 4716 δοῦναι,
3383 4650 3421 4720 ἢ
3454 4651 3758 4722 ἑτοιμάσω

2175 4737 2470 4806 τράπεζαν
2483 4738 2566 4806 τῷ
2594 4739 2720 4806 λαῷ
2761 4740 2972 4804 αὐτοῦ;
3004 4742 3092 4794 Ἐν
3114 4741 3211 4812 μὲν
3234 4739 3327 4796 οὖν
3359 4745 3426 4815 τῇ
3463 4745 3672 4817 ἱστορίᾳ
3698 4746 3756 4798 οὐ

2177 4831 2401 4903 φέρεται
2429 4833 2604 4888 ταῦτα
2630 4850 2642 4865 ·
2669 4832 2903 4886 ἐνταῦθα
2935 4833 2992 4887 δὲ
3016 4835 3334 4905 τετήρηται,
3361 4836 3436 4900 ὡς
3457 4836 3564 4908 ἄρα
3589 4837 3757 4892 ταῦτα

2172 4922 2528 4994 διενοήθησαν
2549 4936 2566 4951 ⁸
2605 4921 3051 4988 Ἐεεπείρασαν,
3083 4922 3190 4994 γάρ
3208 4940 3361 4994 φησι,
3386 4923 3494 4977 τὸν
3523 4925 3672 4979 Θεὸν
3691 4925 3757 4978 ἐν

2173 5015 2447 5083 καρδίαις
2487 5012 2718 5075 αὐτῶν,
2765 5014 2880 5077 καὶ,
2945 5014 3387 5083 Κατελάλησαν
3427 5015 3533 5070 τοῦ
3585 5015 3752 5069 Θεοῦ.

2173 5109 2298 5173 Πῶς
2319 5108 2378 5162 δὲ
2411 5108 2787 5181 κατελάλησαν
2825 5108 2859 5180 ἢ
2900 5107 3024 5162 τάδε
3051 5107 3444 5180 διανοηθέντες,
3483 5111 3533 5163 εἰ
3561 5109 3654 5162 καὶ
3681 5109 3753 5180 μὴ

2171 5198 2375 5269 χείλεσι
2420 5198 2804 5270 φθεγξάμενοι,
2837 5197 2975 5253 ἀλλὰ
2999 5202 3120 5262 ταῖς
3149 5197 3347 5270 ψυχαῖς
3388 5199 3751 5270 λογισάμενοι,

2168 5295 2205 5349 ἃ
2231 5295 2293 5367 δὴ
2347 5298 2376 5350 ὁ
2421 5294 2861 5367 καρδιογνώστης
2895 5291 3052 5357 εἰδὼς
3097 5293 3298 5364 ἢκουσε
3325 5310 3339 5358 ;
3374 5292 3467 5347 Διὸ
3496 5292 3710 5364 εἴρηται
3737 5309 3748 5320 ·

2173 5388 2431 5442 Ἤκουσε
2469 5389 2685 5456 Κύριος
2740 5389 2841 5443 καὶ
2897 5386 3244 5444 ἀνεϐάλετο.
3308 5385 3450 5440 Ἀνθ“
3483 5379 3546 5441 οὗ
3577 5387 3607 5439 ὁ
3656 5387 3750 5458 μὲν

2181 5478 2432 5546 Ἀκύλας,
2451 5481 2555 5534 Kal
2571 5481 3079 5550 άνυπερθέτησεν,
3105 5481 3438 5553 ἡρμήνευσε,
3456 5479 3748 5545 τουτέστιν,

2165 5576 2264 5646 οὐχ
2295 5571 2594 5644 ὑπερέθετο
2616 5588 2630 5604 ’
2656 5573 2686 5625 ὁ
2711 5572 2768 5626 δὲ
2799 5572 3113 5644 Σύμμαχος,
3150 5571 3262 5625 Kal
3277 5570 3545 5640 ἐχολώθη
3569 5587 3584 5603 ⁸
3614 5566 3748 5632 εἶτα,

2173 5669 2282 5724 Kal
2311 5667 2431 5735 πῦρ
2457 5663 2718 5735 ἀνήφθη,
2750 5666 2937 5734 φησὶν,
2954 5666 3025 5718 ἑν
3041 5664 3256 5726 Ἰακὼϐ,
3282 5665 3382 5718 καὶ
3408 5663 3556 5736 ὀργὴ
3568 5663 3749 5732 ἀνέϐη

2168 5761 2267 5816 ἐπὶ
2298 5759 2405 5815 τὸν
2445 5759 2703 5826 Ἰσραήλ.
2752 5758 2865 5812 Καὶ
2911 5757 3059 5828 παρὰ
3098 5758 3288 5810 Μωσεῖ
3314 5756 3371 5811 δὲ
3403 5757 3740 5828 γέγραπται·

2240 5878 2281 5910 ¹⁹
2311 5875 2443 5947 ibid,
2489 5874 2691 5946 11,12.
2772 5876 2817 5908 ’⁸
2843 5873 3005 5930 Num.
3038 5890 3117 5943 an,
3159 5873 3276 5929 1-5.
