4078 6934
393 379 504 438 917

389 585 626 654 ἤκουσε
673 585 908 652 Κύριος,
953 585 1052 638 καί
1099 584 1368 656 ἐθυμώθη
1413 585 1560 658 ὀργὴ
1607 587 1794 644 αὐτοῦ
1811 607 1826 622 ο
1871 593 1972 646 καὶ

387 675 686 742 ἐξεκαύθη
719 671 790 728 ὲν
833 671 1038 740 αὐτοῖς
1059 673 1180 742 πῦρ
1203 675 1364 744 παρὰ
1399 677 1642 744 Κυρίου,
1675 677 1774 732 καὶ
1801 679 1974 733 κατέο

389 783 548 836 genre
589 763 774 836 μέρος
815 763 928 832 τῆς
979 765 1382 836 παρεμϐολῆς.
1421 767 1532 822 Καὶ
1571 767 1898 840 ἐκέκραξεν
1941 775 1974 826 ὁ

389 855 548 922 λαὸς
567 855 718 924 πρὸς
745 853 974 922 Μωσῆν
991 871 1004 886 ·
1033 855 1130 908 καὶ
1153 855 1382 922 ηὔξατο
1425 857 1648 928 Μωσῆς
1677 861 1828 930 πρὸς
1859 863 1976 916 Κύ-

385 963 544 1018 ριον,
565 947 664 1002 καὶ
707 947 974 1002 ἐκόπασε
1000 945 1068 1000 τὸ
1117 947 1256 1018 πῦρ.
1289 949 1397 1004 Kal
1427 949 1658 1021 ἐκλήθη
1695 953 1762 1008 τὸ
1787 953 1976 1024 ὄνομα

389 1039 502 1096 τοῦ
527 1041 720 1096 τόπου
733 1040 970 1095 ἐκείνου
1003 1041 1427 1110 Ἐμπυρισμός,
1465 1041 1554 1098 ὅτι
1581 1043 1874 1114 ἐξεκαύθη
1905 1047 1976 1100 ἐν

389 1129 600 1196 αὐτοῖς
627 1127 748 1198 πῦρ
775 1127 938 1198 παρὰ
985 1131 1228 1198 Κυρίου.
1261 1131 1356 1184 Διὸ
1389 1133 1484 1186 καὶ
1515 1133 1572 1186 ἐν
1603 1133 1682 1206 τῷ
1705 1135 1842 1206 μετὰ
1873 1140 1976 1208 χεῖ-

393 1239 500 1294 ρας
535 1221 750 1296 εἴρηται
777 1241 792 1256 ·
827 1223 936 1278 Kal
967 1221 1206 1294 ἀνήφθη
1229 1225 1350 1294 πῦρ
1371 1226 1440 1280 ἐν
1467 1226 1684 1294 Ἰακὼϐ,
1711 1229 1808 1284 καὶ
1827 1231 1974 1300 ὀργὴ

389 1313 578 1384 ἀνέϐη
599 1313 700 1368 ἐπὶ
727 1313 834 1368 τὸν
869 1315 1128 1384 Ἰσραὴλ,
1153 1315 1240 1372 ὅτι
1263 1319 1372 1372 οὐκ
1399 1319 1774 1376 ἐπίστευσαν
1797 1323 1870 1376 ὲν
1895 1323 1986 1390 τῷι

393 1403 538 1488 Θεῷ,
567 1405 712 1460 οὐδὲ
757 1405 1032 1475 ἤλπισαν
1066 1407 1164 1460 ἐπὶ
1207 1409 1274 1464 τὸ
1305 1410 1603 1480 σωτήριον
1629 1414 1836 1470 αὑτοῦ.
1861 1417 1974 1470 Kal

387 1497 728 1552 ἐνετείλατο
757 1497 1044 1568 νεφέλαις
1077 1500 1474 1570 ὑπεράνωθεν,
1509 1505 1606 1558 καὶ
1653 1507 1836 1576 θύρας
1874 1511 1978 1564 οὐ-

385 1585 578 1654 ρανοῦ
592 1585 836 1654 ἀνέῳξε.
867 1587 978 1643 Kal
1009 1589 1251 1658 ἔϐρεξεν
1277 1593 1372 1646 ἐπ’
1394 1595 1616 1662 αὐτοὺς
1632 1595 1834 1666 μάννα
1863 1615 1974 1669 φα-

389 1677 542 1748 τεῒν,
567 1678 666 1732 καὶ
709 1678 894 1748 ἄρτον
937 1681 1200 1750 οὐρανοῦ
1251 1683 1474 1740 ἔδωκεν
1509 1687 1734 1756 αὐτοῖς.
1767 1691 1976 1760 Ἄρτον

390 1767 664 1840 ἀγγέλων
711 1768 936 1840 ἔφαγεν
979 1771 1306 1841 ἅνθρωπος.
1357 1777 1430 1830 Τὸ
1481 1777 1558 1844 δὲ,
1611 1779 1974 1838 Ἐνετείλατο

393 1859 1104 1960 νεφέλαις-ῦτεράνωθεν,
1135 1867 1468 1922 αἰνίττεσθαί
1505 1887 1594 1943 μοι
1623 1871 1772 1928 δοκεῖ
1801 1873 1972 1947 πρόσ-
2001 1905 2044 1960 Β

393 1969 582 2026 ταγμα
621 1954 866 2010 δεδόσθαι
917 1957 1236 2028 ἀγγελικαῖς
1279 1960 1564 2033 δυνάμεσι,
1597 1967 1719 2029 ταῖς
1761 1966 1844 2030 είς
1901 1967 1970 2024 τὰ

393 2045 674 2120 παράδοξα
715 2047 834 2102 τότε
881 2049 1342 2124 διακονουμέναις,
1376 2055 1444 2108 δι’
1471 2049 1544 2110 ὧν
1575 2058 1670 2110 καὶ
1699 2057 1760 2112 τὸ
1795 2058 1970 2130 μάννα

393 2137 710 2210 ἐχορηγεῖτο
758 2139 837 2212 τῷ
871 2141 1006 2214 λαῷ.
1047 2143 1422 2217 Διδασκόμεθα
1465 2147 1520 2201 δὲ
1568 2149 1662 2202 καὶ
1697 2149 1968 2218 ἐντεῦθεν,

392 2229 470 2294 ὡς
503 2229 612 2302 ἄρα
643 2231 860 2301 νεφέλαι
881 2234 940 2288 αι
969 2235 1254 2304 ἀγγελικαὶ
1273 2237 1530 2311 δυνάμεις
1555 2241 1866 2314 κέκληνται,
1893 2244 1970 2309 ὡς

393 2323 488 2375 καὶ
517 2325 574 2376 ὲν
599 2321 678 2394 τῷ
727 2325 986 2394 φάσκοντι
1019 2329 1272 2402 προφήτῃ
1297 2347 1314 2364 ο
1349 2332 1458 2386 Kal
1509 2331 1638 2402 ταῖς
1685 2335 1970 2405 νεφέλαις

387 2412 742 2485 ἐντελοῦμαι
787 2417 894 2470 τοῦ
953 2419 1040 2490 μὴ
1095 2419 1309 2488 βρέξαι
1379 2425 1468 2490 είς
1518 2425 1705 2480 αὐτὸν
1755 2429 1964 2482 ὑετόν·

387 2501 530 2593 ᾥοτε
561 2507 688 2570 τοὺς
735 2508 1000 2579 ἀγγέλους
1045 2513 1280 2568 νοεῖσθαι
1329 2515 1427 2580 τὰς
1481 2517 1740 2588 νεφέλας,
1781 2517 1970 2593 ὥσπερ

387 2591 480 2688 οὖν
501 2597 596 2688 παὶ
647 2599 900 2688 ἐνταῦθα.
947 2603 1057 2656 Καὶ
1089 2605 1238 2670 είκὸς
1268 2623 1330 2675 γε
1361 2603 1430 2678 ἦν
1461 2607 1548 2664 διὰ
1585 2610 1684 2682 μὲν
1715 2591 1970 2688 πονηρῶν

387 2685 668 2758 δυνάμεων
695 2687 794 2752 τὰς
843 2693 966 2744 κατ’
1004 2693 1320 2762 Αἰγυπτίων
1354 2695 1720 2752 ἐπιτελεῖσθαι
1753 2685 1970 2772 aliqua;

389 2779 532 2832 κατὰ
557 2779 648 2834 τὸν
674 2781 950 2850 φάσκοντα
991 2784 1147 2854 λόγον
1173 2804 1186 2818 ·
1233 2787 1616 2846 Ἀπέστειλεν
1641 2795 1728 2858 είς
1749 2793 1970 2860 αὐτοὺς

389 2873 578 2944 ὁρτὴν
601 2875 697 2928 καί
733 2875 948 2946 θυμὸν,
999 2879 1210 2948 θλίψιν
1233 2881 1330 2936 καὶ
1377 2883 1734 2953 ἀποστολὴν
1756 2883 1832 2938 δι’
1867 2885 1970 2956 ἀτ-

389 2965 584 3036 τέλων
635 2967 948 3038 πονηρῶν·
985 2971 1054 3026 τὰ
1103 2973 1160 3026 δὲ
1187 2977 1526 3049 χρηστότερα
1570 2977 1636 3031 δι’
1657 2959 1846 3034 αἰσίων
1875 2981 1970 3035 καὶ

387 3055 576 3122 δεξιῶν
599 3057 846 3128 ἀγγέλων
875 3061 1226 3134 γεγενῆσθαι.
1263 3066 1354 3120 Διὸ
1381 3067 1632 3122 λέλεκται
1655 3085 1668 3099 ·
1701 3069 1811 3124 Kal
1841 3071 1968 3124 ἐνε-

387 3149 628 3206 τείλατο
655 3149 938 3224 νεφέλαις
969 3155 1368 3226 ὺπεράνωθεν,
1385 3159 1680 3230 καὶθύρας
1703 3161 1966 3232 οὐρανοῦ

1491 377 1996 437 COMMENTARIA
2035 379 2104 438 1N
2139 381 2482 440 ΡεΑιιιοε.

391 493 504 548 Kal
563 487 642 562 ἦν
681 493 716 546 ὁ
743 489 894 558 λαός
939 485 1234 562 porrum
1255 487 1538 548 ἐναντιον
1577 491 1822 560 Κυρίου,
1875 492 1970 546 καί

2077 503 2396 550 castrorum.
2423 490 2496 546 Et
2531 491 2780 546 clamauit
2819 489 3040 560 populus
3069 487 3136 542 ad
3173 481 3436 558 Hoysem,
3465 493 3514 538 et
3545 501 3660 554 pre-
3773 477 3778 484 ’

2075 595 2230 640 catus
2257 595 2336 640 est
2375 581 2586 656 Moyses
2617 581 2920 644 Dominum,
2951 589 2998 634 et
3029 578 3252 634 cessauit
3285 577 3444 648 ignis.
3469 573 3540 630 Et
3569 592 3658 630 ro-

2075 687 2256 732 catum
2281 687 2360 732 est
2387 693 2576 732 nomen
2595 675 2698 730 loci
2733 674 2904 740 illius,
2935 670 3268 736 Incendium,
3303 669 3428 740 quia
3453 667 3657 722 exarsit

2075 772 2132 826 in
2179 771 2256 826 eis
2309 771 2444 840 ignis
2505 786 2538 824 a
2583 766 2832 824 Domino.
2885 762 3230 834 Quapropter
3289 761 3344 816 in
3403 757 3658 832 praesenti

2077 861 2290 932 psalmo
2309 859 2512 914 dictum
2535 863 2620 914 est
2647 874 2660 910 :
2719 853 2785 910 Et
2821 870 3070 908 accensus
3099 863 3176 908 est
3207 851 3345 924 ignis
3381 851 3435 906 in
3464 847 3654 912 Iacob,

2075 959 2126 1004 et
2181 949 2264 1004 ira
2317 946 2553 1002 ascendit
2595 947 2652 1000 in
2685 943 2882 1008 Israel,
2941 941 3336 1016 (Vens.22-25)
3389 941 3512 1012 quia
3553 955 3656 994 non

2075 1041 2410 1098 crediderunt
2447 1039 2500 1094 in
2531 1037 2666 1102 Deo,
2695 1053 2788 1092 nec
2819 1043 3154 1106 sperat'crunt
3185 1033 3240 1088 in
3261 1031 3492 1088 salutari
3519 1030 3654 1100 ejus.

2077 1133 2144 1188 Et
2175 1133 2445 1188 mandavit
2475 1131 2700 1186 nubibus
2721 1129 2958 1198 desuper,
2991 1135 3040 1184 et
3061 1127 3263 1198 januas
3289 1124 3404 1180 caeli
3431 1123 3654 1192 aperuit.

2077 1225 2146 1280 Et
2175 1227 2309 1296 pluit
2359 1225 2468 1280 illis
2501 1239 2700 1278 manna
2749 1221 2818 1276 ad
2867 1217 3316 1280 manducandum,
3363 1225 3413 1272 et
3469 1229 3658 1286 panem

2075 1317 2190 1372 caeli
2217 1315 2360 1372 dedit
2395 1317 2494 1371 eis.
2531 1315 2728 1368 Panem
2760 1311 3068 1384 angelorum
3107 1309 3442 1364 manducavit
3477 1307 3654 1362 homo.

2073 1408 2212 1464 illud
2242 1417 2448 1474 autem,
2479 1405 2754 1462 Mandavit
2783 1403 3006 1460 nubibus
3035 1403 3278 1472 desuper.
3309 1399 3660 1458 subindicare

2073 1501 2288 1560 videtur
2319 1501 2474 1566 mihi,
2517 1499 2834 1556 mandatum
2867 1497 3130 1570 angelicis
3168 1495 3488 1560 virtutibus,
3533 1507 3656 1564 quas

2075 1595 2142 1652 ad
2191 1595 2438 1668 prodigia
2493 1592 2704 1650 edenda
2751 1599 2884 1646 tunc
2933 1587 3342 1652 ministrabant,
3393 1585 3656 1642 traditum

2073 1704 2216 1754 esse,
2239 1685 2386 1744 etab
2417 1685 2524 1742 illis
2555 1683 2756 1756 populo
2783 1697 2984 1738 manna
3018 1679 3426 1752 suppeditatum
3459 1677 3632 1734 fuisse

2075 1781 2214 1838 Hinc
2247 1781 2378 1837 item
2405 1779 2700 1838 edocemur
2733 1777 3010 1848 angelicas
3037 1775 3272 1830 virtutes
3309 1771 3450 1828 forte
3479 1770 3656 1826 nubes

2073 1879 2293 1930 vocatas
2337 1873 2526 1936 fuisse,
2581 1867 3040 1942 quemadmodum
3073 1874 3130 1922 et
3171 1867 3224 1922 in
3261 1865 3526 1936 prapheta
3558 1863 3680 1936 qui.

2073 1965 2192 2020 ait:
2229 1961 2300 2016 Et
2331 1961 2556 2016 nubibus
2599 1959 2866 2014 mandabo
2899 1975 2962 2014 ne
2984 1957 3170 2028 pluant
3211 1972 3368 2028 super
3395 1973 3514 2012 eam
3551 1957 3656 2016 im;

2073 2058 2216 2112 brem
2255 2057 2298 2089 “
2327 2074 2342 2112 :
2374 2055 2448 2112 ita
2477 2061 2540 2110 ut
2568 2053 2742 2124 angeli
2765 2049 2938 2108 nubes
2963 2067 3086 2108 esse
3107 2049 3501 2122 intelligantur,
3529 2063 3668 2128 pera

2073 2149 2201 2206 inde
2255 2155 2420 2220 atque
2449 2147 2504 2202 in
2529 2147 2632 2202 hoc
2659 2147 2782 2200 loco
2811 2163 2824 2198 :
2857 2159 2920 2198 ac
2943 2159 3042 2214 par
3067 2149 3185 2198 erat
3213 2157 3244 2196 a
3272 2141 3524 2215 malignis
3549 2141 3682 2196 vir-.

2071 2241 2280 2298 tatibus
2317 2241 2506 2312 plagas
2533 2237 2806 2310 .Egyptiis
2849 2233 3042 2306 inﬂigi,
3071 2243 3130 2290 ut
3163 2235 3251 2290 bis
3295 2233 3614 2290 enuntiatur
3639 2251 3692 2286 τι.

2071 2333 2224 2390 Misit
2257 2335 2310 2388 in
2331 2351 2418 2388 eos
2451 2335 2588 2387 iram
2619 2341 2666 2386 et
2699 2329 2931 2400 furorem
2957 2337 3006 2382 et
3041 2326 3460 2390 tribulationem,
3484 2335 3532 2380 et
3555 2325 3670 2379 ima.

2071 2429 2372 2484 missionem
2405 2441 2498 2496 per
2527 2423 2738 2496 angelos
2769 2423 2974 2488 malos;
3003 2429 3196 2486 contra
3237 2434 3366 2476 vero
3395 2433 3516 2490 qua:
3547 2433 3694 2473 mem-

2071 2521 2210 2578 liora
2239 2527 2400 2577 erant
2439 2533 2536 2590 per
2566 2517 2776 2574 faustos
2804 2517 3118 2588 probosque
3139 2513 3362 2586 angelos
3383 2511 3658 2584 praestari.

2071 2611 2252 2680 Quare
2290 2609 2511 2672 dicitur,
2545 2607 2614 2664 Et
2649 2607 2918 2663 mandavit
2967 2605 3190 2666 nubibus
3227 2603 3464 2672 desuper.
3497 2611 3548 2657 et
3573 2601 3666 2674 ja-

2071 2723 2208 2760 nuas
2255 2705 2372 2760 caeli
2427 2703 2682 2772 aperuit._
2711 2699 3098 2758 Januas..coeli
3153 2708 3370 2770 apertas
3398 2695 3679 2752 caelestia-—

2070 2811 2240 2868 opera
2267 2811 2390 2852 esse
2419 2769 2756 2851 enistima'to.
2791 2791 2988 2848 Omnia
3025 2769 3228 2860 quippe
3255 2801 3378 2858 quae
3415 2783 3652 2840 mirabili
3679 2835 3686 2848 ι

2071 2888 2234 2946 modo
2259 2905 2290 2944 ιι
2309 2887 2420 2944 Deo
2449 2887 2906 2960 perpetrabantur
2919 2883 3106 2946 divina
3127 2889 3190 2937 et
3205 2879 3449 2936 ccelestia
3473 2883 3656 2942 erant,
3671 2937 3688 2944 Ἰ

2071 2997 2192 3054 quae
2221 2995 2344 3037 cum
2370 2997 2480 3036 non
2509 2981 2720 3046 ﬂerent,
2739 2977 3062 3048 hominibus
3085 2973 3668 3037 claudebantur;.cum

2071 3082 2252 3127 autem
2286 3069 2558 3142 stupenda
2605 3070 2816 3134 ratione
2848 3067 2994 3123 edita
3027 3071 3192 3130 sunt,
3229 3063 3312 3122 sic
3345 3077 3444 3118 ceu
3487 3073 3672 3130 quas—1»

2072 3161 2197 3218 dam
2247 3162 2502 3218 caelestes
2529 3161 2730 3240 januas
2767 3157 2902 3232 ipsis
2935 3157 3234 3214 reserabat.
3265 3153 3374 3210 Pro
3413 3153 3508 3210 illo
3554 3165 3664 3205 au-t

387 3243 630 3316 ἀνέῳξε.
677 3243 862 3318 Θύρας
899 3245 956 3299 δὲ
979 3248 1208 3320 ούρανοῦ
1239 3251 1632 3324 ἀνοιγνυμένας
1673 3253 1774 3319 τὰς
1811 3257 1970 3328 ούρα-

2073 3263 2207 3318 tetn,
2253 3253 2457 3310 Panem
2489 3254 2802 3324 angelorum
2839 3251 3178 3306 manducavit
3227 3249 3410 3316 homo,
3433 3245 3650 3318 Aquila,

388 3331 534 3402 νίους
557 3333 668 3386 vde:
701 3333 946 3408 πράξεις.
973 3337 1156 3392 Πάντα
1174 3339 1280 3414 γὰρ
1305 3341 1374 3396 τὰ
1401 3341 1718 3414 παραδόξως
1746 3343 1851 3400 ὑπὸ
1872 3345 1966 3401 τοῦ

387 3425 522 3478 Θεοῦ
573 3429 936 3500 πεπραγμένα
979 3429 1098 3484 θεῖα
1135 3431 1230 3486 καὶ
1279 3433 1506 3506 οὐράνια
1563 3431 1632 3509 ἦν
1657 3451 1670 3464 ·
1697 3435 1734 3492 ἃ
1779 3437 1844 3512 δὴ
1873 3439 1969 3494 καὶ

387 3515 696 3590 ἀνθρώποις
751 3519 1160 3588 ἀποκέκλειστο,
1207 3523 1296 3578 ὅτε
1333 3525 1410 3598 μὴ
1467 3527 1712 3597 ἐγίγνετο
1735 3545 1750 3560 ⁸
1789 3531 1880 3586 ὅτε
1911 3531 1968 3586 δὲ

387 3609 704 3682 παραδόξως
745 3613 1011 3683 ἐγίγνετο,
1039 3611 1230 3688 ὥσπερ
1261 3613 1432 3689 θύρας
1483 3619 1637 3684 τινὰς
1683 3621 1970 3695 οὐρανίους

385 3703 626 3774 ἀνέῳγεν
675 3703 878 3770 αὐτοῖς.
939 3705 1087 3760 Ἀντὶ
1127 3705 1186 3760 δὲ
1239 3707 1336 3762 τοῦ
1357 3748 1373 3775 ,
1429 3711 1640 3779 Ἄρτον
1697 3713 1968 3786 ἀγγέλων

385 3795 608 3866 ἔφαγεν
653 3795 982 3866 ἄνθρωπος,
1025 3801 1056 3852 ὁ
1097 3798 1348 3867 Ἀκύλας,
1385 3803 1592 3872 Ἄρτον
1647 3804 1968 3862 δυναστῶν

387 3887 608 3958 ἔφαγεν
627 3888 806 3958 ἀνὴρ,
837 3889 1184 3962 ἡρμήνευσεν
1241 3893 1270 3946 ὀ
1293 3893 1350 3946 δὲ
1371 3893 1688 3966 Σύμμαχος,
1713 3899 1823 3952 Καὶ
1855 3915 1966 3956 πυ-

381 3979 494 4050 ρὸν
533 3980 820 4050 οὐράνιον
867 3981 1176 4052 παρέσχεν
1213 3985 1440 4052 αὐτοῖς,
1477 3985 1658 4056 ἄρτον
1687 3991 1966 4062 μεγάλων

387 4071 613 4144 ἔφαγεν
675 4075 1002 4144 ἄνθρωπος.
1055 4077 1166 4130 Καὶ
1220 4079 1378 4152 τήρει
1423 4081 1572 4144 ὅπως
1615 4085 1648 4155 ἡ
1701 4083 1964 4160 Ἑϐραῖκὴ

389 4163 541 4236 φωνὴ
577 4167 640 4220 οὐ
699 4167 940 4239 περιέχει
981 4169 1066 4236 τὸ,
1105 4171 1324 4240 Ἀρτον
1359 4172 1632 4243 ἀγγέλων
1651 4193 1666 4206 ·
1706 4177 1818 4231 ἀλλ’
1846 4179 1963 4250 ἢτοι

389 4257 530 4311 κατὰ
565 4257 658 4312 τὸν
723 4259 973 4328 Ἀκύλαν,
1005 4263 1189 4331 ἄρτον
1216 4263 1568 4320 δυναστῶν·
1624 4267 1658 4339 ἢ
1689 4267 1832 4322 κατὰ
1871 4269 1964 4324 τὸν

387 4347 700 4419 Σύμμαχον,
729 4349 913 4418 ἄρτον
927 4351 1232 4422 μεγάλων·
1265 4353 1298 4426 ἢ
1327 4357 1468 4410 κατὰ
1487 4357 1580 4410 τὸν
1611 4357 1962 4428 Θεοδοτίωνα,

385 4437 570 4508 ἄρτον
619 4439 938 4502 δυναστῶν
963 4461 978 4478 ·
1029 4443 1232 4516 ἦκατά
1277 4445 1376 4520 τὴν
1427 4449 1686 4524 πέμπτην
1729 4451 1964 4520 ἔκδοσιν,

385 4529 570 4599 ἄρτον
593 4531 933 4594 δυναστῶν.
975 4537 1263 4608 Ἆγγέλων
1289 4539 1568 4608 δὲ,ὀὺδε“ις
1592 4544 1958 4618 ἡρμήνευσεν.

399 4621 548 4684 Ἐπεὶ
601 4625 742 4696 μηδὲ
789 4625 854 4680 τὸ
887 4627 1174 4700 Ἕϐραῖκὸν
1223 4632 1410 4688 τοῦτον
1447 4635 1560 4708 ἔχει
1591 4637 1686 4692 τὸν
1739 4623 1959 4712 τρόπον,
1992 4623 2040 4682 ἶ)

389 4713 472 4768 ἵνα
499 4715 572 4786 μή
599 4733 684 4780 τις
731 4718 932 4790 νομίσῃ
971 4722 1066 4775 καὶ
1115 4721 1216 4789 τὰς
1249 4723 1546 4794 ἀγγελικὰς
1583 4729 1840 4800 δυνάμεις
1872 4731 1959 4784 al-

391 4803 558 4878 σθητῇ
577 4809 812 4880 χρῆσθαι
835 4813 1028 4884 τροφῇ.
1055 4815 1345 4886 Μέμφεται
1377 4817 1432 4872 δὲ
1465 4821 1560 4874 καὶ
1591 4823 1620 4874 ὁ
1647 4805 1838 4894 Σωτὴρ
1871 4821 1964 4878 καὶ

387 4895 590 4968 Κύριος
638 4900 796 4971 ἡμῶν
827 4903 886 4956 ὲν
919 4905 1271 4976 Εὑαγγελίοις
1319 4912 1433 4975 τοῖς
1489 4897 1833 4983 νομίζουσιν,
1879 4915 1962 4970 ὅτι

389 4987 630 5058 ἀγγέλων
667 4985 735 5061 ἦν
785 4993 960 5070 τροφὴ
1013 4995 1074 5048 τὸ
1117 4996 1176 5050 ὲν
1201 4999 1270 5068 τῇ
1319 4999 1510 5070 ἐρήμῳ
1553 5001 1858 5074 χορηγηθὲν
1881 5003 1962 5076 τῷ

387 5077 496 5152 λαῷ
533 5081 708 5152 μάννα
735 5099 750 5114 ο
791 5083 873 5138 διὸ
906 5084 1090 5154 ἔλεγεν
1115 5107 1124 5116 ·
1179 5087 1385 5158 Ἀμὴν,
1415 5089 1748 5163 dph"er
1771 5093 1914 5164 ὑμῖν
1941 5113 1955 5128 ·

384 5172 456 5224 οὐ
483 5169 709 5240 Μωσῆς
751 5171 1012 5228 δέδωκεν
1041 5176 1184 5246 ὑμῖν
1203 5179 1310 5232 τὸν
1343 5179 1526 5248 ἄρτον
1561 5183 1630 5237 ἐκ
1653 5182 1760 5237 τοῦ
1781 5187 1960 5256 οὐρα-

383 5261 492 5316 νοῦ
531 5261 642 5318 τὸν
693 5264 988 5332 ἀληθινόν
1005 5283 1018 5298 ο
1055 5269 1148 5324 καὶ
1175 5269 1336 5324 πάλιν
1423 5275 1485 5327 Ol
1505 5273 1772 5344 ’πατέρες
1795 5277 1961 5348 ὑμῶν

381 5351 608 5424 ἔφατον
621 5353 692 5407 ἐν
711 5353 788 5424 τῇ
817 5353 1014 5426 ἐρήμῳ
1039 5357 1104 5411 τὸ
1127 5357 1352 5428 μάννα,
1377 5363 1474 5416 καὶ
1507 5363 1828 5422 ἀπέθανον.
1855 5363 1962 5424 οὗ·

381 5445 483 5512 τός
511 5445 684 5500 ἐστιν
713 5447 950 5516 άᾶρτος
979 5451 1012 5502 ὀ
1035 5449 1104 5502 ἐκ
1137 5449 1244 5504 τοῦ
1273 5455 1536 5520 οὐρανοῦ
1567 5457 1956 5528 καταϐαίνων,

381 5537 482 5590 ἵνα
503 5555 592 5606 τις
613 5537 890 5603 senem“;
919 5539 1082 5610 φάγῃ
1115 5543 1212 5596 καὶ
1247 5542 1332 5612 μὴ
1349 5545 1732 5616 ἀποθνήσκῃ.
1764 5551 1827 5605 El
1857 5551 1960 5624 μὲν

383 5624 494 5694 οὖν,
525 5631 970 5706 φησὶνωύράνιος
997 5629 1064 5704 ἦν
1097 5635 1296 5708 ἄρτος,
1387 5641 1762 5712 χρῆτοαιτοὺς
1794 5645 1958 5716 ἀγγέ-

451 5809 626 5868 “15a.
655 5815 790 5876 v.6:
865 5819 908 5848 ’³
937 5815 1094 5874 Joan.
1131 5837 1200 5882 ιιι,

1399 5825 1592 5878 "nias.
1621 5825 1710 5894 ta,
1745 5825 1850 5882 50.‘

2075 3345 2282 3402 Panem
2337 3347 2634 3418 potentium
2687 3345 3042 3400 manducavit
3084 3345 3196 3408 vir,
3257 3341 3654 3412 interpretatus

2069 3445 2188 3508 est;
2225 3437 2588 3514 Symmachus
2629 3453 2782 3502 vero,
2813 3435 2900 3492 Er
2919 3437 3242 3506 frumentum
3271 3433 3476 3488 cteleste
3515 3445 3656 3500 pra:-

2071 3533 2182 3588 buit
2202 3535 2300 3602 eis,
2327 3549 2516 3614 panem
2541 3547 2852 3604 magnorum
2883 3529 3216 3586 manducavit
3249 3527 3418 3584 homo.
3447 3523 3652 3582 Notan-

2067 3625 2198 3682 dum
2226 3635 2399 3682 auteu.
2429 3622 2756 3680 Hebraicam
2791 3637 2978 3690 vocem
3003 3635 3111 3676 non
3137 3619 3340 3675 habere
3365 3617 3520 3682 illud,
3553 3633 3650 3686 pa-

2067 3735 2184 3778 nem
2231 3717 2574 3790 angelorum;
2601 3715 2696 3770 sed
2727 3715 2842 3770 sive
2888 3711 3190 3768 secundum
3247 3709 3520 3780 Aquilam,
3553 3723 3652 3778 pa-

2065 3827 2182 3872 nem
2203 3810 2530 3888 potentium;
2553 3807 2669 3876 sive
2701 3805 3002 3862 secundum
3035 3802 3442 3876 Symmachum,
3461 3813 3666 3870 panem».

2067 3913 2416 3970 magnarum;
2448 3897 2564 3954 sive
2611 3895 2912 3952 secundum
2963 3891 3418 3954 Theodotionern.
3459 3905 3666 3960 panem;-

2063 3973 2352 4070 pptentium
2373 4003 2392 4056 ;
2411 3989 2494 4058 vel
2525 3987 2824 4050 secundum
2847 3987 3092 4062 quintam
3119 3983 3433 4046 editionem,
3461 3997 3650 4051 panem

2063 4081 2374 4153 potentium.
2413 4079 2734 4152 Angelorum
2777 4093 2908 4132 vero
2938 4077 3078 4134 alius
3125 4089 3286 4130 nemo
3321 4075 3652 4144 interpreta-

2065 4157 2157 4230 tus
2189 4181 2294 4240 est,
2327 4173 2458 4252 quia
2499 4171 2826 4228 Hebraicum
2855 4169 3134 4238 exemplar
3179 4179 3290 4222 non
3325 4167 3404 4220 sic
3451 4163 3648 4230 habet;

2065 4275 2126 4320 ut
2151 4281 2220 4322 ne
2247 4265 2372 4342 quis
2405 4265 2701 4322 arbitretur
2733 4263 3008 4334 angelicas
3047 4261 3211 4316 etiam
3241 4261 3474 4315 virtutes
3515 4273 3647 4312 sen-

2063 4359 2256 4422 siliuti
2305 4359 2584 4416 alimento.
2625 4359 2680 4414 In
2715 4355 3028 4429 Evangeliis
3079 4363 3260 4410 autem
3291 4351 3550 4408 Servator
3591 4359 3650 4406 et

2063 4449 2330 4508 Dominus
2359 4459 2548 4509 noster
2587 4469 2683 4508 eos
2721 4450 2990 4522 coarguit,
3013 4449 3106 4520 qui
3151 4455 3404 4518 putarent
3445 4461 3648 4500 manna

2065 4545 2268 4616 populo
2319 4545 2376 4602 in
2426 4545 2722 4604 solitudine
2773 4543 3290 4604 subministratum,
3329 4539 3648 4610 angelorum

2065 4651 2186 4694 esse
2212 4637 2429 4708 cibum;
2451 4653 2624 4710 quare
2649 4637 2784 4694 dicit
2799 4639 2848 4670 "
2881 4655 2896 4692 ι
2927 4635 3112 4700 Amen,
3145 4651 3296 4690 amen
3331 4633 3452 4688 dico
3483 4633 3650 4700 vobis,

2065 4748 2170 4786 non
2189 4729 2400 4804 Moyses
2431 4731 2574 4786 dedit
2593 4731 2732 4787 vobis
2743 4747 2930 4804 panem
2953 4728 3017 4783 de
3031 4729 3158 4784 ccelo
3174 4745 3232 4784 ve
3243 4745 3395 4794 rum;
3433 4743 3498 4786 ac
3523 4741 3650 4782 rur-

2067 4837 2189 4878 sum
2225 4823 2308 4880 “z
2341 4821 2533 4878 Patres
2569 4825 2726 4880 uestri
2754 4823 3202 4888 manducauerunt
3249 4839 3446 4878 manna
3473 4823 3526 4876 in
3553 4819 3648 4876 dc-

2065 4921 2226 4978 serto,
2259 4921 2310 4968 et
2351 4915 2550 4968 mortui
2581 4925 2728 4973 sunt.
2769 4915 2868 4971 Hic
2905 4927 2984 4972 est
3025 4917 3178 4996 panis
3210 4915 3300 4988 qui
3329 4915 3393 4970 de
3411 4913 3538 4970 calo
3557 4913 3652 4968 de-

2064 5005 2288 5072 scendit,
2323 5017 2382 5062 ut
2409 5009 2459 5063 si
2485 5011 2602 5080 quis
2643 5025 2708 5064 ex
2743 5011 2858 5080 ipso
2891 5009 3192 5074 manducet,
3227 5025 3333 5063 non
3363 5009 3645 5062 moriatur.

2067 5095 2124 5152 Si
2169 5099 2376 5170 itaque,
2411 5099 2506 5168 ait,
2539 5101 2782 5160 caelestis
2817 5109 2970 5162 esset.
2999 5101 3156 5176 panis
3183 5115 3294 5172 quo
3319 5099 3399 5154 uti
3425 5097 3645 5168 angelos

2063 5189 2362 5248 verisimile
2383 5199 2489 5256 est,
2527 5207 2868 5272 nequaquam
2895 5193 3100 5252 mortui
3123 5199 3307 5249 essent
3335 5189 3428 5260 qui
3463 5203 3530 5244 ex
3553 5185 3646 5242 illo

2063 5297 2206 5352 pane
2233 5281 2288 5344 in
2327 5283 2548 5344 deserto
2581 5293 2938 5358 gustaverant
2963 5305 2976 5342 :
3009 5293 3063 5340 at
3093 5285 3221 5357 quia
3245 5297 3346 5338 nec
3376 5279 3658 5350 cmlcstis._

2061 5389 2164 5428 nec
2200 5377 2874 5454 veropanisangelorum
2907 5387 3046 5446 erat,
3083 5379 3204 5434 ideo
3246 5373 3448 5431 mortui
3493 5381 3654 5438 sunt.

2063 5465 2164 5520 Hic
2194 5481 2322 5523 vere
2365 5469 2614 5526 cmlestis
2657 5473 2818 5544 panis
2849 5481 2955 5537 est,
3000 5471 3160 5540 cujus
3191 5467 3441 5540 quisquis
3475 5467 3664 5532 parti..-

2063 5573 2196 5630 ceps
2245 5561 2448 5626 fuerit,
2499 5581 2777 5634 nunquam
2828 5564 3110 5620 morietur.
3160 5559 3294 5630 Quis
3341 5559 3432 5616 hic
3485 5559 3646 5624 panis

2063 5658 2212 5708 esset
2239 5651 2406 5712 docet.
2437 5655 2534 5714 bis.
2553 5657 2732 5714 verbis
2767 5675 2780 5710 ε
2817 5655 2982 5710 Panis
3017 5663 3190 5709 autem
3223 5649 3320 5708 Dei
3351 5661 3428 5708 est
3461 5651 3550 5726 qui
3577 5650 3644 5708 de
3663 5691 3686 5722 ι,
