4078 6934
1144 375 1415 436 susum!
1449 372 1930 436 cmssmumls
1967 378 2118 438 ore.
2161 376 2349 437 PARS
2383 374 2471 436 ιιι.
2510 410 2581 422 -
2618 363 3030 436 EXEGE‘I'ICA.

475 491 609 550 celo
645 490 935 559 descendit,
966 494 1059 566 qui
1084 493 1179 550 dat
1208 495 1370 551 vitam
1409 496 1608 552 mundo
1630 499 1699 554 ’⁵.
1732 497 1786 552 Id
1811 498 1940 555 item
1974 496 2068 555 de-

2172 497 2301 564 λους
2332 496 2501 562 εἰκὸς,
2531 496 2643 551 οὐδ’
2672 496 2741 551 ἂν
2772 494 3046 551 ἀπέθανον
3074 495 3123 548 οἱ
3152 493 3212 547 ἐν
3242 494 3308 565 τῇ
3346 491 3538 565 δρήμῳ
3579 508 3769 563 pet:-

476 584 653 640 clarat
674 585 867 642 dicens
894 605 906 641 :
941 584 1055 657 Ego
1081 602 1199 641 sum
1225 587 1379 656 panis
1410 589 1530 643 vita:
1553 603 1573 641 :
1605 589 1695 660 qui
1728 588 1864 645 venit
1891 588 1963 644 ad
1984 604 2067 645 me

476 692 584 730 non
603 675 819 742 esuriet,
854 687 904 731 et
922 677 1013 748 qui
1041 676 1207 732 credit
1229 677 1284 730 in
1308 693 1389 732 me
1411 694 1514 733 non
1541 678 1683 733 sitiet
1712 695 1941 751 unquam
1966 682 2014 713 "
2044 699 2059 749 ;

477 782 543 822 ac
574 782 799 823 rursum
836 786 851 823 :
884 767 1000 841 Ego
1037 784 1157 823 sum
1185 770 1339 838 panis
1387 771 1530 826 vivus
1560 771 1651 843 qui
1698 770 1762 826 de
1798 772 1928 827 calo
1974 772 2067 827 de-

474 858 677 918 scendi.
714 859 920 931 Siquis
965 859 1364 918 manducauerit
1417 879 1485 918 ea:
1523 879 1660 934 pane
1685 880 1820 930 meo,
1850 864 1981 920 vivet
2008 866 2065 919 in

468 959 733 1011 aeternum
754 953 820 1008 “.
847 951 1034 1024 Itaque
1050 956 1309 1026 angelicae
1323 968 1546 1026 quoque
1571 955 1805 1011 virtutes
1836 970 1904 1012 ex
1935 970 2064 1027 par-

477 1047 794 1119 ticipatione
830 1047 992 1106 Verbi
1021 1051 1133 1106 vita
1184 1050 1444 1107 fruuntur
1470 1058 1696 1107 aeterna.
1723 1050 1857 1105 Nam
1883 1052 2060 1107 solum

477 1138 815 1211 unigenitum
856 1140 948 1197 Dei
985 1138 1250 1206 Verbum,
1306 1142 1651 1199 rationabilis
1696 1142 1878 1200 omnis
1927 1143 2060 1198 sub-

476 1230 694 1286 stantia:
736 1232 1058 1288 alimentum
1109 1242 1217 1292 est.
1257 1234 1624 1301 Quamobrem
1667 1235 1917 1307 apposite
1959 1233 2064 1291 He-

478 1322 666 1378 braica
697 1323 861 1380 lectio
904 1323 960 1378 in
993 1326 1247 1395 praesenti
1278 1341 1386 1381 non
1443 1325 1608 1383 habet
1658 1326 1818 1392 illud,
1866 1325 2064 1381 Panem

477 1418 789 1489 angelorum
816 1419 1156 1474 manducavit
1187 1418 1364 1474 homo.

2170 589 2394 660 σχόντες
2439 588 2605 660 ἄρτου
2626 605 2643 619 ·
2671 584 2768 642 νῦν
2808 585 2868 640 δὲ
2920 586 3044 639 ἐπεὶ
3066 584 3169 640 οὐκ
3203 579 3275 656 ἦν
3319 583 3590 656 οὐράνιος,
3632 582 3789 637 οὐδὲ

2166 676 2237 752 ἦν
2265 679 2480 752 άληθῶς
2505 680 2666 751 ἄρτος
2693 677 2962 748 ἀγγέλων,
2983 675 3071 731 διὰ
3090 674 3249 730 τοῦτο
3273 673 3561 729 ἀπέθανον.
3580 668 3787 736 Θῦτος

2167 773 2225 826 δέ
2258 775 2408 826 ἐστιν
2437 769 2654 843 άληθῶς
2667 767 2918 841 οὐράνιος
2946 766 3133 839 ἄρτος,
3163 757 3270 819 οὔὸ
3297 762 3629 836 μεταλαϐὼν.
3660 763 3785 816 οὐκ

2168 861 2235 917 ἂν
2256 858 2517 917 ἀποθάνοι
2560 859 2713 914 ποτέ.
2749 859 2861 913 Καὶ
2880 859 2966 923 τις
2996 852 3151 922 οὗτος
3174 852 3245 929 ἦν
3269 855 3511 911 διδάσκει
3541 855 3735 925 λέγων
3752 873 3777 885 -

2182 959 2237 1012 Ὀ
2282 957 2394 1028 γὰρ
2432 956 2610 1025 ἄρτος
2640 954 2748 1009 τοῦ
2796 953 2945 1008 Θεοῦ
3006 952 3179 1007 ἐστιν
3206 954 3239 1007 ό
3271 949 3653 1006 καταϐαίνων
3694 948 3783 1002 ἐκ

2166 1047 2273 1104 τοῦ
2323 1045 2584 1116 οὐρανοῦ
2631 1046 2730 1100 καὶ
2791 1043 2946 1114 ζωὴν
2997 1042 3205 1110 διδοὺς
3236 1040 3319 1109 τῷ
3341 1042 3578 1112 κόσμῳ·
3604 1056 3777 1112 παρ-

2178 1139 2361 1213 ίστησι
2387 1157 2448 1194 τε
2466 1138 2628 1193 αὐτὸν
2644 1137 2847 1207 λέγων’
2864 1134 3012 1207 ἙΤώ
3033 1137 3149 1206 ειμι
3170 1138 3204 1190 ό
3223 1133 3400 1204 ἄρτος
3426 1132 3535 1203 τῆς
3567 1131 3779 1202 ζωῆς*

2168 1236 2203 1289 ό
2229 1234 2552 1304 ἐρχόμενίς
2585 1230 2736 1300 πρὸς
2761 1228 2840 1301 μὲ
2876 1231 2950 1283 οὐ
2980 1228 3067 1299 μὴ
3110 1225 3404 1290 πεινάσει,
3443 1226 3540 1280 καὶ
3583 1228 3619 1281 ό
3676 1238 3783 1280 κε-

2166 1327 2403 1380 στεύων
2424 1326 2512 1391 εἰς
2540 1323 2668 1395 ἐμὲ,
2699 1324 2772 1378 οὐ
2811 1321 2898 1393 μὴ
2931 1321 3181 1391 διψήσει
3234 1318 3499 1373 πώποτε·
3536 1318 3635 1372 καὶ
3666 1310 3783 1371 αὖ-

2169 1417 2254 1482 θις
2281 1434 2296 1450 ·
2348 1414 2497 1488 Ἐγώ
2518 1419 2634 1487 ειμι
2656 1418 2690 1471 ό
2721 1413 2902 1484 ἄρτος
2946 1416 2980 1469 ό
3022 1410 3134 1475 ζῶν
3162 1415 3196 1467 ό
3227 1412 3298 1466 ἐκ
3339 1409 3447 1465 τοῦ
3493 1406 3783 1479 οὐρανοῦ

475 1512 755 1582 καταϐάς.
796 1513 938 1570 Ἐάν
983 1533 1074 1583 τις
1103 1514 1263 1585 φάγῃ
1304 1515 1373 1569 ἐκ
1407 1513 1515 1570 τοῦ
1547 1514 1695 1585 ἐμοῦ
1715 1514 1897 1584 ἄρτου
1916 1555 1932 1583 ,
1962 1513 2201 1583 ζήσεται
2227 1516 2315 1582 εὶς
2341 1513 2450 1569 τὸν
2471 1510 2678 1567 αἰῶνα.
2701 1510 2910 1567 Οὐκοῦν
2934 1509 3031 1565 καὶ
3053 1511 3110 1565 al
3162 1508 3450 1580 ἀγγελικαὶ
3499 1506 3783 1578 δυνάμεις

474 1610 540 1663 ὲκ
553 1610 653 1682 τῆς
678 1609 772 1665 τοῦ
805 1611 978 1681 Λόγου
1008 1610 1363 1684 μεταλήψεως
1418 1609 1633 1667 αἰώνιον
1696 1611 1842 1684 ζωὴν
1896 1611 2256 1683 καρποῦνται.
2305 1608 2481 1673 Μόνος
2508 1609 2619 1680 γὰρ
2649 1608 2679 1661 ὁ
2704 1607 3000 1681 μονογενὴς
3040 1605 3137 1661 τοῦ
3165 1605 3302 1660 Θεοὖ
3359 1605 3532 1674 Λόγος
3576 1602 3781 1674 πάσης

435 1705 711 1778 ’λογικῆς
741 1705 928 1771 οὐσίας
979 1705 1267 1781 θρεπτικὸς
1316 1706 1592 1778 τυγχάνει.
1651 1706 1851 1777 Διόπερ
1908 1706 2153 1778 ἀκριϐῶς
2214 1707 2249 1778 ἠ
2316 1702 2580 1777 Ἐϐραῖκὴ
2634 1702 2942 1773 ἀνάγνωσις
3012 1702 3072 1756 ὲν
3109 1703 3224 1766 τοῖς
3277 1696 3665 1772 προκειμένοις
3703 1695 3774 1749 οὗ

476 1798 716 1872 περιέχει
733 1798 814 1864 τὸ,
851 1800 1060 1869 Ἄρτον
1085 1799 1359 1871 ἀγγέλων
1385 1800 1608 1872 ἔφαγεν
1624 1798 1957 1869 ἅνθρωπος.

550 1917 718 1975 Vens.
765 1916 957 1974 26-51.
998 1917 1219 1975 Cibaria
1272 1919 1419 1974 misit
1466 1918 1541 1974 eis
1596 1916 1666 1974 ad
1708 1919 2068 1973 saturitatem.

2254 1915 2668 1988 Ἐπισιτισμὸν
2716 1914 3077 1970 ἀπέστειλεν
3119 1911 3327 1979 αὐτοῖς
3364 1912 3452 1978 εις
3488 1913 3774 1979 πλησμο-

480 2014 778 2070 Transtulit
804 2012 1059 2069 Austrum
1080 2013 1144 2070 de
1176 2014 1326 2079 caelo,
1349 2024 1399 2070 et
1422 2013 1634 2069 induxit
1672 2015 1729 2068 in
1757 2013 1949 2068 uirtute
1969 2029 2071 2069 sua

478 2106 744 2176 Africum.
783 2104 853 2159 Et
878 2107 1011 2175 pluit
1055 2122 1213 2177 super
1252 2124 1342 2163 eos
1388 2108 1528 2162 sicut
1563 2105 1827 2176 pulverem
1857 2121 2067 2170 carnes,

480 2207 531 2253 et
561 2198 695 2252 sicut
724 2214 945 2253 arenam
967 2200 1200 2254 marium
1219 2199 1465 2255 volatilia
1489 2207 1722 2268 pennata
1747 2213 1766 2253 :
1790 2206 1840 2253 et
1867 2199 2071 2253 cecide-

479 2299 604 2344 runt
639 2290 692 2344 in
743 2288 916 2345 medio
947 2298 1248 2344 castrorum
1297 2305 1502 2352 eorum,
1543 2289 1688 2342 circa
1724 2288 2071 2342 tabernacula

477 2395 681 2436 eorum.
718 2378 786 2432 Et
823 2379 1272 2434 manducaverunt
1304 2389 1352 2435 et
1378 2379 1612 2435 saturati
1652 2388 1774 2435 sunt
1814 2377 1994 2441 nimis,
2018 2386 2070 2433 et

479 2471 800 2527 desiderium
843 2489 1025 2543 eorum
1059 2475 1244 2530 attulit
1285 2477 1401 2541 eis,
1453 2491 1558 2530 non
1597 2483 1721 2530 sunt
1758 2474 2005 2545 fraudati
2035 2491 2071 2530 α

480 2563 738 2620 desiderio
770 2581 888 2621 suo.
906 2565 1089 2621 Adhuc
1109 2583 1230 2621 esca
1263 2583 1444 2622 eorum
1470 2575 1585 2622 erat
1605 2568 1660 2622 in
1682 2583 1772 2622 ore
1806 2567 2069 2635 ipsorum,

482 2668 532 2711 ct
569 2657 654 2711 ira
688 2656 783 2712 Dei
827 2657 1063 2712 ascendit
1092 2672 1249 2726 super
1276 2673 1402 2713 eos:
1444 2666 1493 2712 et
1527 2656 1720 2712 occidit
1760 2655 1940 2726 plures
1980 2673 2070 2712 eo-

483 2763 624 2811 rum,
661 2757 710 2802 et
756 2747 945 2803 electos
992 2746 1167 2803 Israel
1216 2747 1503 2818 impedivit.
1536 2746 1695 2814 Quod
1745 2761 1855 2803 non
1906 2745 2070 2802 modo

482 2858 701 2914 panem,
737 2841 836 2899 sed
861 2841 1027 2898 etiam
1056 2839 1347 2912 opsonium
1376 2839 1759 2913 procuraverit
1789 2838 1872 2895 eis
1909 2837 2071 2894 docet

482 2935 688 3008 Moysis
728 2934 1043 3007 Scriptura,
1074 2933 1133 2989 in
1166 2932 1355 2995 Exodo
1395 2931 1618 3002 quidem
1648 2932 1839 2989 dicens
1869 2933 1916 2965 ⁸⁷
1949 2951 1963 2988 :
2002 2924 2069 2985 Et

478 3026 729 3082 dixerunt
763 3024 975 3097 Moyses
1010 3035 1060 3082 et
1093 3026 1273 3080 Aaron
1303 3024 1372 3080 ad
1406 3034 1575 3080 totum
1603 3033 1799 3080 cretum
1830 3023 2069 3095 filiorum

482 3117 693 3174 Israel:
724 3117 938 3188 Vespere
966 3117 1143 3173 scietis
1167 3118 1306 3188 quod
1338 3115 1595 3171 Dominus
1622 3114 1862 3170 eduxerit
1895 3131 1982 3169 vos
2005 3112 2070 3169 de

484 3219 627 3263 terra
653 3207 906 3280 nggpti;
935 3225 1088 3265 mane
1110 3216 1287 3263 autem
1312 3206 1554 3262 videbitis
1576 3205 1806 3279 gloriam
1834 3204 2065 3268 Domini,

482 3302 609 3372 quia
641 3300 846 3354 audivit
884 3316 1037 3354 omne
1085 3314 1327 3353 murmur
1369 3307 1620 3354 vestrum.
1675 3297 1836 3352 Dabit
1882 3297 2071 3368 quippe

484 3392 629 3448 vobis
676 3391 931 3447 Dominus
975 3405 1177 3459 vespere
1216 3404 1401 3444 carnes
1437 3388 1506 3443 ad
1547 3386 1992 3453 manducandum,
2024 3396 2073 3442 et

491 3498 645 3538 mane
672 3497 832 3551 panes
853 3480 923 3536 ad
942 3481 1301 3536 saturitatem.
1327 3478 1522 3535 Postea
1540 3494 1672 3534 vero
1688 3478 1969 3549 subjungit
1990 3477 2035 3508 “
2057 3494 2070 3530 :

488 3575 559 3629 Et
581 3575 785 3645 factum
826 3582 905 3628 est
936 3588 1160 3642 vespere,
1193 3580 1244 3627 et
1267 3570 1504 3627 ascendit
1550 3572 1817 3636 coturnix,
1857 3579 1906 3625 et
1955 3586 2075 3640 ope-

488 3668 596 3723 ruit
625 3676 807 3720 castra
835 3680 854 3720 :
878 3681 1030 3720 mane
1056 3680 1171 3720 vero
1212 3680 1299 3719 ros
1320 3664 1493 3734 jacuit
1521 3663 1577 3717 in
1614 3662 1839 3717 circuitu
1867 3673 2075 3716 castro-

484 3769 712 3817 rum:et
740 3775 856 3816 ecce
880 3759 937 3813 in
981 3755 1454 3829 faciesolitudinis,
1499 3755 1670 3809 tenuis
1711 3754 1847 3809 sicut
1879 3754 2072 3823 pulvis,

484 3850 640 3911 albus
668 3851 805 3905 sicut
853 3849 1047 3919 pruina
1069 3863 1226 3918 super
1249 3856 1466 3902 terram.
1502 3843 1609 3901 Sed
1641 3844 1770 3916 quia
1792 3852 1983 3915 postea
2017 3842 2074 3899 in

481 3940 737 4001 Noméris
763 3943 967 4000 dictum
998 3941 1137 3998 est"
1155 3939 1452 4011 :—-Vulgus
1479 3954 1679 4010 quoque
1717 3937 2077 4007 promiscuum

482 4036 729 4108 ﬂagrauit
747 4033 1049 4098 desiderio;
1079 4041 1129 4089 et
1163 4032 1399 4088 sedentes
1427 4029 1626 4101 ﬂebant
1654 4029 1758 4100 ﬁlii
1796 4026 1995 4094 Israel,
2024 4037 2073 4083 et

483 4129 729 4197 dixerunt
760 4143 780 4182 :
815 4126 948 4194 Quis
967 4124 1118 4180 dabit
1145 4125 1296 4181 nobis
1328 4139 1512 4180 carnes
1531 4125 1557 4179 γ
1602 4120 1963 4179 Recordemur
1991 4121 2075 4192 pio

485 4221 656 4276 scium
691 4236 820 4290 quos
850 4216 1249 4273 comedebamus
1274 4217 1331 4271 in
1358 4213 1592 4287 Egypto
1620 4213 1814 4287 gratis,
1841 4223 1890 4270 et
1912 4230 2076 4268 cucu-

486 4328 650 4367 nteres
672 4321 721 4365 et
750 4325 967 4380 pepones
992 4319 1043 4364 et
1063 4324 1251 4380 porros
1280 4316 1330 4363 et
1348 4322 1487 4378 cepe.
1513 4306 1673 4361 Nunc
1694 4315 1869 4361 autem
1891 4305 2074 4359 anima

483 4413 669 4457 nostra
695 4398 946 4470 perarida
1000 4397 1206 4455 Deinde
1234 4397 1529 4470 subjicitur
1550 4397 1596 4431 ³⁰
1629 4416 1643 4454 :
1673 4396 1738 4451 Et
1766 4396 1898 4452 abiit
1925 4395 2075 4468 Mog-

485 4507 567 4547 ses
597 4491 653 4547 in
677 4499 855 4546 castra
878 4491 987 4559 ipse
1014 4498 1062 4544 et
1084 4490 1314 4544 seniores
1337 4487 1531 4543 Israel.
1558 4486 1625 4541 Et
1651 4488 1873 4559 spiritus
1898 4504 2075 4559 egres-

2170 2009 2305 2078 νήν.
2378 2009 2628 2081 Ἁπῆρεν
2674 2009 2871 2064 Νότον
2893 2006 2966 2073 ἐξ
3012 2004 3294 2075 οὐρανοῦ,
3325 2004 3423 2060 καὶ
3458 2002 3775 2074 ἐπήγαγεν

2168 2102 2239 2157 ἐν
2271 2101 2347 2174 τῇ
2382 2102 2633 2173 δυνάμει
2668 2100 2856 2156 αὐτοῦ
2889 2099 3063 2156 Λίϐα.
3092 2097 3205 2153 Kal
3247 2096 3492 2167 ἔϐρεξεν
3527 2095 3620 2151 ἐπ’
3646 2097 3773 2151 αὐ-

2168 2193 2311 2260 τοὺς
2339 2192 2485 2249 ὡσεὶ
2531 2192 2685 2264 χοῦν
2715 2188 2971 2261 σάρκας,
3003 2188 3104 2246 καὶ
3129 2188 3273 2245 ὡσεὶ
3310 2188 3510 2259 ἄμμον
3534 2188 3774 2244 θαλασ-

2169 2285 2299 2340 σῶν
2325 2285 2567 2340 πετεινὰ
2593 2282 2860 2354 πτερωτά
2877 2299 2891 2314 ·
2920 2284 3019 2338 καὶ
3038 2283 3340 2339 ἐπέπεσεν
3364 2282 3437 2337 ὲν
3454 2280 3625 2352 μέσῳ
3648 2278 3774 2350 τῆς

2169 2376 2550 2449 παρεμϐολῆς
2581 2374 2799 2440 αὐτῶν,
2832 2376 3037 2443 κύκλῳ
3065 2374 3188 2430 τῶν
3216 2372 3624 2446 σκηνωμάτων
3655 2376 3773 2429 αὑ-

2170 2469 2307 2527 τῶν.
2332 2470 2443 2527 Kal
2461 2469 2690 2540 ἔφαγον
2720 2468 2819 2523 καὶ
2849 2468 3328 2537 ἐνεπλήσθησαν
3364 2466 3622 2537 σφόδρα,
3664 2467 3772 2521 καὶ

2170 2564 2286 2632 τὴν
2309 2563 2630 2634 ἐπιθυμίαν
2670 2560 2872 2618 αὐτῶν
2909 2560 3163 2631 ἤνεγκεν
3196 2559 3423 2628 αὐτοῖς,
3452 2563 3565 2615 οὐκ
3593 2560 3773 2615 ἐστε-

2162 2652 2449 2724 ρήθησαν
2512 2651 2633 2708 ἀπὸ
2686 2650 2798 2721 τῆς
2849 2650 3169 2721 ἐπιθυμίας
3211 2648 3432 2705 αὐτῶν.
3477 2651 3598 2704 Ἔτι
3648 2647 3771 2717 τῆς

2164 2745 2449 2816 ,ϐρώσεως
2474 2745 2667 2814 οὔσης
2691 2744 2763 2798 ἐν
2788 2741 2869 2809 τῷ
2900 2743 3153 2813 στόματι
3174 2739 3372 2796 αὐτῶν
3400 2740 3501 2795 καὶ
3527 2742 3565 2811 ἠ
3610 2741 3766 2811 ὀρτή

2168 2839 2277 2896 τοῦ
2328 2837 2480 2895 Θεοῦ
2537 2836 2724 2906 ἀνέϐη
2768 2836 2864 2891 ἐπ’
2906 2834 3159 2903 αὐτούς’
3186 2833 3283 2890 καὶ
3308 2834 3665 2889 ἀπέκτεινεν
3689 2833 3771 2888 ἐν

2169 2930 2298 2999 τοῖς
2344 2930 2629 2986 πλείοσιν
2689 2927 2910 2993 αὐτῶν,
2947 2926 3048 2982 καὶ
3088 2925 3233 2995 τοὺς
3285 2924 3605 2992 ἐκλεκτοὺς
3648 2924 3767 2979 τοῦ

2185 3024 2436 3095 Ἰσραὴλ
2468 3022 2898 3080 συνεπόδισεν.
2935 3020 3059 3076 Ὅτι
3093 3020 3170 3093 μὴ
3203 3019 3362 3092 μόνου
3406 3019 3596 3091 ἄρτου,
3622 3016 3767 3072 ἀλλὰ

2170 3119 2266 3174 καὶ
2292 3119 2423 3190 ὕψου
2444 3118 2773 3191 προενόησεν
2805 3116 3009 3181 αὐτοῖς,
3040 3115 3282 3170 διδάσκει
3297 3114 3389 3169 καὶ
3425 3116 3459 3184 ἡ
3516 3114 3766 3179 Μωσέως

2171 3210 2456 3285 Γραφὴ,ὲν
2484 3210 2580 3282 μὲν
2609 3209 2804 3280 Ἐξὸδῳ
2831 3207 3084 3277 λέγουσα·
3121 3207 3235 3263 Kal
3268 3202 3399 3262 εἷπε
3411 3202 3633 3274 Μωσῆς
3656 3207 3762 3263 καὶ

2187 3301 2405 3373 Ἀαρὼν
2430 3300 2574 3372 πρὸς
2631 3301 2840 3357 πᾶσαν
2869 3299 3233 3372 συναγωγὴν
3285 3298 3434 3354 υἱῶν
3484 3298 3757 3368 Ἰσραήλ·

2186 3392 2483 3463 Ἑσπέραν
2523 3392 2849 3464 γνώσεσθε,
2884 3391 2974 3446 ὅτι
3008 3392 3228 3461 Κύριος
3277 3388 3573 3460 ἐξήγαγεν
3599 3386 3760 3458 ὑμᾶς

2173 3486 2244 3542 ἐκ
2274 3485 2382 3559 γῆς
2403 3486 2711 3557 Αἰγύπτου
2727 3501 2742 3517 ο
2766 3484 2917 3555 πρωῒ
2940 3482 3009 3538 δὲ
3031 3483 3259 3555 ὄψεσθε
3289 3481 3403 3551 τὴν
3425 3481 3614 3545 δόξαν
3642 3483 3762 3535 Κυ-

2165 3579 2327 3647 ρίου,
2348 3581 2420 3634 ἐν
2446 3577 2526 3645 τῷ
2553 3577 2912 3633 εἰσακοῦσαι
2947 3574 3136 3632 αὐτὸν
3161 3575 3358 3631 πάντα
3405 3572 3515 3630 τὸν
3556 3591 3760 3645 Ton-u-

2175 3671 2334 3741 σμὸν
2357 3670 2548 3742 ὑμῶν,
2571 3671 2643 3725 ἐν
2663 3668 2745 3737 τῷ
2768 3668 3000 3724 διδόναι
3028 3667 3135 3723 τὸν
3166 3668 3388 3737 Κύριον
3410 3664 3552 3737 ὑμῖν
3576 3663 3756 3721 ἐσπέ-

2167 3779 2284 3832 ρας
2312 3762 2459 3832 κρέα
2491 3758 2725 3832 φαγεῖν,
2781 3759 2881 3814 και
2927 3757 3149 3830 ἄρτους
3196 3757 3262 3813 τὸ
3286 3755 3441 3826 πρωῒ
3481 3758 3569 3822 εις
3606 3759 3756 3822 πλη-

2175 3856 2559 3928 σμονήν.Κα“ι
2582 3854 2822 3924 ἐπιλέγει
2840 3852 2984 3924 ἑξῆς
3013 3851 3124 3907 Kal
3144 3849 3381 3922 ἐγένετο
3408 3846 3754 3918 ἐσπέρα,και

2174 3947 2357 4017 ἀνέϐη
2383 3946 2808 4019 ὀρτυγομήτρα,
2823 3946 2921 4000 καὶ
2933 3943 3205 4014 ἐκάλυψε
3223 3941 3339 4011 τὴν
3352 3938 3752 4012 παρεμϐολήν·

2174 4038 2243 4095 τὸ
2266 4039 2416 4108 πρωϊ
2426 4035 2495 4091 δὲ
2511 4036 2751 4109 ἐγένετο
2766 4033 3262 4104 καταπαυομένης
3277 4031 3384 4101 τῆς
3406 4032 3633 4101 δρόσου
3653 4031 3753 4085 κύ-

2176 4135 2302 4201 κλῳ
2320 4130 2431 4201 τῆς
2462 4128 2869 4201 παρεμϐολῆςο
2906 4129 3005 4184 καὶ
3031 4129 3159 4183 ἰδοὺ
3173 4128 3272 4184 ἐπὶ
3296 4126 3621 4196 προσώπου
3649 4124 3753 4195 τῆς

2174 4223 2419 4295 ἐρήμου,
2447 4221 2679 4278 λεπτὸν
2701 4222 2843 4277 ὡσεὶ
2876 4222 3103 4284 κόνιον.
3141 4219 3369 4276 λευκὺν
3395 4219 3540 4273 ὡσεὶ
3569 4216 3752 4289 πάγος

2174 4317 2275 4372 ἐπὶ
2303 4315 2414 4386 τῆς
2468 4315 2602 4387 γῆς.
2650 4315 2789 4369 Ἀλλ’
2817 4315 3005 4388 ἐπειδὴ
3046 4313 3187 4388 μετὰ
3229 4313 3402 4368 ταῦτα
3434 4312 3649 4387 εἴρηται
3698 4312 3753 4365 ὲν

2190 4410 2249 4463 Ἀ
2259 4408 2341 4483 ριο
2350 4410 2679 4481 μοῖς-Καὶ
2696 4413 2728 4465 ό
2741 4409 2843 4465 ἐπί
2840 4425 3048 4480 μικτος
3070 4408 3141 4462 ἐν
3162 4410 3240 4462 αὑ
3248 4406 3368 4472 τοῖς
3381 4406 3751 4475 ἐπεθύμησεν

2176 4494 2514 4569 ἐπιθυμίαν,
2545 4497 3017 4565 καὶκαθισαντες
3042 4498 3268 4552 ἔκλαον
3296 4495 3474 4552 oivlol
3493 4493 3751 4565 Ἰσραὴλ,

486 4601 578 4640 sus
608 4592 686 4640 est
734 4601 767 4638 a
800 4582 1053 4648 Domino,
1084 4591 1134 4638 et
1179 4582 1357 4667 emisit
1392 4582 1714 4637 coturnicem
1752 4598 1784 4635 α
1831 4580 1989 4648 mari,
2020 4587 2068 4635 et

2177 4590 2276 4645 καὶ
2298 4585 2498 4654 εἶπαν,
2534 4591 2630 4658 Τίς
2661 4591 2921 4662 ψωμίσει
2947 4590 3092 4660 ἡμῖν
3115 4589 3297 4659 κρέα;
3342 4587 3751 4659 Ἐμνήσθημεν

483 4677 666 4748 injecit
696 4676 752 4731 in
781 4685 963 4732 castra
992 4675 1178 4732 itinere
1203 4676 1360 4731 unius
1388 4675 1494 4730 diei
1529 4675 1586 4730 in
1608 4674 1831 4730 circuitu
1861 4684 2069 4729 castro-

483 4785 624 4833 rum,
655 4769 811 4841 quasi
842 4767 1047 4825 duobus
1086 4767 1276 4823 cubitis
1305 4783 1463 4840 super
1492 4777 1712 4823 terram.
1737 4764 1806 4821 Et
1849 4783 2069 4839 surgens

481 4861 706 4933 populus
728 4870 836 4915 toto
860 4860 947 4915 die
971 4859 1066 4916 illo
1089 4869 1141 4916 et
1164 4870 1334 4924 nocte.
1355 4860 1688 4932 congregazit
1715 4860 2070 4931 unusquisque

483 4951 622 5023 quod
648 4951 933 5023 sumciebat
964 4967 984 5006 :
1017 4951 1108 5023 qui
1154 4950 1400 5013 multum,
1446 4968 1550 5006 non
1577 4949 2066 5021 superabundavit;

480 5054 532 5101 et
550 5044 641 5116 qui
668 5058 881 5114 parum,
898 5059 1003 5097 non
1028 5042 1274 5114 indiguit.
1292 5043 1397 5111 Qui
1426 5060 1639 5115 parum,
1658 5043 1863 5115 collegit
1890 5042 2066 5099 decem

482 5154 654 5193 caros.
680 5135 749 5190 Et
772 5136 984 5192 siccata:
1016 5144 1138 5191 sunt
1165 5138 1218 5191 in
1234 5137 1373 5192 vasis
1407 5137 1461 5191 in
1494 5136 1718 5191 circuitu
1745 5145 2063 5202 castrorum,

482 5247 600 5299 qua:
629 5229 853 5285 aderant
884 5245 1091 5295 carnes,
1144 5240 1420 5300 antequam
1448 5229 1752 5301 deﬁcerent.
1776 5228 1846 5285 Et
1893 5231 2065 5286 iratus

479 5325 561 5371 est
594 5316 853 5373 Dominus
877 5334 897 5373 :
925 5328 975 5373 et
1026 5328 1266 5373 uocatum
1303 5328 1382 5374 est
1420 5336 1607 5375 nomen
1638 5320 1739 5375 loci
1771 5319 1938 5386 illius,
1972 5320 2069 5376 Se-

478 5409 669 5479 pulcra
709 5412 1165 5481 concupiscentia,
1188 5411 1316 5483 quia
1351 5412 1429 5466 ibi
1471 5413 1785 5484 sepelierunt
1814 5414 2067 5485 populum

478 5504 569 5571 qui
615 5506 980 5575 concupiverat
995 5516 1396 5576 ;—opportuue
1421 5505 1588 5577 igitur
1603 5507 1871 5573 clausula,
1900 5522 2064 5578 quam

483 5605 808 5663 tractamus,
841 5596 957 5654 haec
988 5596 1146 5654 docet
1169 5597 1257 5654 bis
1292 5600 1475 5656 verbis
1508 5618 1521 5653 :
1558 5598 1780 5655 Cibaria
1809 5601 1956 5655 misit
1989 5600 2065 5656 eis

481 5687 552 5742 ad
580 5691 942 5757 saturitatem,
967 5698 1023 5748 et
1049 5701 1265 5749 extera.
1299 5689 1468 5748 Docet
1488 5700 1672 5748 autem
1698 5694 1938 5749 volatilia
1972 5694 2063 5749 illa

554 5811 600 5883 fr
621 5808 778 5883 Imp.
812 5811 1000 5883 v1.33.
1077 5813 1123 5847 η
1156 5812 1382 5871 ibid.35.
1489 5814 1535 5846 η
1559 5812 1691 5871 ibid.
1721 5810 1918 5883 51,52.

485 5879 529 5912 '°
559 5879 689 5935 ibid.
716 5880 805 5939 ὅθ.
835 5882 924 5938 54.

2033 5814 2076 5845 ’⁷
2099 5807 2415 5882 Ειοιιδινι,
2456 5814 2575 5872 6-8.

2174 4678 2317 4746 τοὺς
2346 4681 2576 4750 ἰχθύας,
2624 4679 2732 4747 οὓς
2768 4680 3062 4749 ἠσθὶομεν
3091 4679 3163 4733 ἐν
3192 4678 3471 4748 Αἰγύπτῳ
3509 4675 3750 4744 δωρεὰν,

2174 4771 2273 4825 καὶ
2301 4771 2445 4839 τοὺς
2468 4771 2741 4838 σικυοὺς,
2757 4771 2857 4827 καὶ
2885 4770 3028 4838 τοὺς
3066 4769 3358 4836 πέπονας,
3379 4768 3480 4824 καὶ
3509 4768 3581 4824 τὰ
3613 4765 3750 4836 πρά-

2173 4878 2277 4929 σα,
2305 4863 2406 4917 καὶ
2434 4865 2508 4919 τὰ
2528 4865 2774 4934 κρόμυα.
2790 4862 2944 4918 Νυνὶ
2966 4862 3035 4917 δὲ
3059 4864 3098 4932 ἡ
3116 4860 3289 4932 ψυχὴ
3320 4860 3491 4932 ημῶν
3503 4858 3750 4928 κατάξη-

2164 4974 2292 5025 ρος.
2320 4953 2454 5011 Εἶτα
2471 4957 2780 5026 ὲπιλέγεται
2813 4956 2965 5029 ἑξῆς·
2998 4956 3109 5012 Καὶ
3141 4954 3379 5025 ἀπῆλθε
3399 4951 3624 5023 Μωσῆς
3670 4954 3750 5019 εἰς

2172 5049 2288 5120 τὴν
2315 5051 2721 5120 παρεμϐολὴν,
2759 5047 2943 5117 αὐτὸς
2981 5049 3080 5104 καὶ
3129 5051 3187 5104 ol
3230 5049 3618 5119 πρεσϐύτεροι
3649 5043 3751 5101 τοῦ

2186 5142 2452 5212 Ἰσραήλ.
2471 5142 2581 5198 Kal
2594 5143 2828 5213 πνεῦμα
2853 5142 3075 5213 ἐξῆλθε
3085 5142 3245 5214 παρὰ
3259 5144 3503 5213 Κυρίου,
3520 5141 3619 5197 καὶ
3632 5140 3751 5207 ἐξέ-

2174 5235 2398 5303 6130081-
2413 5233 2856 5305 όρτυγομήτραν
2869 5234 2987 5290 ἀπὸ
3005 5232 3116 5305 τῆς
3133 5234 3473 5301 θαλάσσης,
3507 5232 3607 5287 καὶ
3620 5230 3748 5286 ἐπέ-

2174 5327 2359 5381 ϐαλεν
2384 5325 2482 5381 ἐπὶ
2505 5325 2621 5395 τὴν
2638 5326 3026 5396 παρεμϐολὴν
3036 5326 3181 5381 ὁδὸν
3210 5325 3457 5397 ἡμέρας,
3478 5324 3749 5380 ἐντεῦθεν

2172 5418 2378 5482 κύκλῳ
2407 5415 2516 5486 τῆς
2543 5418 2923 5489 παρεμϐολῆς
2940 5418 3084 5474 ὡσεὶ
3098 5417 3326 5488 δίπηχυ
3352 5418 3470 5473 ἀπὸ
3487 5416 3599 5486 τῆς
3620 5416 3742 5489 γῆς.

2173 5509 2283 5564 Kal
2308 5509 2577 5577 ἀναστὰς
2600 5512 2633 5565 ό
2650 5509 2797 5576 λαὸς
2832 5512 2989 5580 ὅλην
3003 5508 3119 5579 τὴν
3137 5510 3365 5580 ἡμέραν
3395 5509 3637 5577 ἐκείνην
3655 5508 3743 5562 καὶ

2174 5599 2327 5668 ὅλην
2350 5599 2464 5669 τὴν
2490 5601 2702 5669 νύκτα,
2739 5602 2840 5657 καὶ
2882 5601 3231 5673 συνήγαγεν
3261 5601 3521 5669 ἕκαστος
3554 5602 3619 5655 τὸ
3648 5601 3742 5669 ἆρα

2172 5693 2351 5748 κοῦνο
2385 5697 2420 5749 ό
2450 5692 2516 5748 τὸ
2542 5695 2700 5750 πολὺ
2728 5697 2837 5748 nine
2867 5695 3229 5759 ἐπλεόνασε,
3257 5692 3354 5748 κτα)
3389 5697 3421 5749 ό
3453 5692 3515 5749 τὸ
3547 5695 3746 5763 ὀλίγον

2680 5812 2903 5884 "ibid,
2939 5812 3026 5876 i3,
3066 5811 3222 5869 "-6.
3335 5813 3381 5845 ’θ
3401 5810 3564 5867 Num.
3593 5827 3672 5877 ιι,
3694 5810 3738 5867 4.
