4078 6934
251 319 358 374 931

1375 309 1890 372 COMMENTABIA
1927 307 1998 366 IN
2037 305 2380 366 PSALMOS.

249 437 370 492 οὐκ
389 433 808 504 ἠλαττόνησεν
823 447 840 464 ο
863 433 898 486 ὀ
913 429 984 486 τό
1013 429 1554 504 ὀλίγον-,συνήγαγε
1575 431 1724 488 δέκα
1745 433 1846 488 κό-

1949 441 2112 488 vento
2127 429 2382 502 impulsa.
2401 425 2656 497 iuIcastra
2667 423 2838 482 fuisse
2851 425 3050 482 delata.
3069 421 3384 480 Secundum
3397 422 3550 496 Sym-

245 547 420 602 ρους.
481 531 588 584 Καὶ
641 527 876 598 ἔψυξεν
903 527 976 580 ἐν
1003 525 1128 594 τοῖς
1157 525 1466 596 Martiith
1499 527 1706 592 κύκλῳ
1739 525 1852 596 τῆς

253 618 644 692 παρεμϐολῆς
685 617 760 673 τὰ
781 617 926 688 κρέα
965 613 1048 688 ἦν
1079 617 1212 686 πρὶν
1249 617 1288 684 ἢ
1317 617 1590 672 ἐκλιπεῖν
1617 617 1718 690 (1).
1741 617 1854 671 Kal.

257 713 526 784 ὠργίσθη
557 711 794 778 Κύριος.
827 709 932 764 Καὶ
963 707 1190 778 ἐκλήθη
1225 705 1292 762 τό
1319 707 1506 778 ὄνομα
1539 707 1648 762 τοῦ
1665 707 1852 762 τόπου

251 807 516 868 ἐκείνου,
547 803 842 874 Μνήματα
861 801 1198 872 ἐπιθυμίας,
1225 799 1708 870 ὄτιέκεῒέθαψαν
1745 799 1856 856 τὸν

249 897 412 952 λαόν
438 895 544 950 τέν
571 891 1264 966 ἐπιθυμητυήν·-οείκότως
1295 887 1390 946 οὖν
1405 893 1500 946 καὶ
1529 893 1562 964 ή
1587 889 1727 964 μετά
1751 893 1858 964 χεῒο

257 1005 360 1060 ρας
413 987 688 1060 περικοπὴ
757 985 998 1040 διδάσκει
1055 983 1230 1038 ταῦτα
1297 983 1564 1054 λέγουσα·
1635 983 1856 1038 Ἐπισι-

253 1079 472 1150 τισμὸν
495 1079 860 1134 ἀπέστειλεν
891 1075 1098 1144 αὐτοῖς
1119 1077 1208 1144 είς
1239 1075 1636 1146 πλησμονὴν,
1671 1077 1766 1132 καὶ
1785 1075 1856 1130 τὰ

253 1171 404 1242 ἑξῆς.
463 1171 826 1236 Διδάσκειοδὲ,
857 1169 934 1234 ῶς
961 1169 1070 1242 ἀρα
1115 1169 1206 1224 ὑπ’
1239 1169 1458 1242 ἀνέμων
1515 1169 1856 1242 ἐλαυνόμενα

251 1261 324 1316 τὰ
355 1263 534 1336 πτηνά
569 1261 902 1334 κατεφέρετο
927 1261 1008 1324 εἰς
1027 1259 1128 1332 τὴν
1155 1259 1532 1334 παρεμϐολήν.
1565 1261 1678 1316 Καὶ
1709 1262 1854 1318 κατά

249 1353 346 1407 τὸν
371 1355 666 1426 Σύμμαχον
699 1353 758 1408 δὲ
799 1351 1048 1426 εἴρηται*
1085 1353 1192 1420 ὐς
1235 1349 1386 1426 ἦρεν
1413 1349 1614 1422 Εὗρον
1653 1353 1724 1420 ἐξ
1753 1357 1854 1410 οὐ·

245 1445 460 1514 ρανοῦ,
487 1445 584 1500 καί
613 1445 916 1517 ἐπήγαγεν
945 1445 1018 1500 ἐν
1053 1443 1128 1514 τῇ
1165 1445 1496 1514 δυναστείᾳ
1533 1447 1722 1502 αὐτοῦ
1749 1447 1856 1502 Νό-

251 1555 380 1604 τον,
417 1539 560 1594 ὡσεὶ
585 1539 784 1610 ἅμμον
797 1541 1132 1596 θαλασσῶν
1155 1539 1398 1594 πετεινὰ
1427 1539 1712 1608 πτερωτά.
1741 1539 1854 1598 Kal

249 1629 548 1684 ἐπέϐαλεν
567 1629 748 1686 ἔνδον
771 1631 858 1696 είς
875 1627 992 1699 τὴν
1017 1627 1412 1700 παρεμϐολὴν
1423 1627 1624 1686 αὐτῶν
1649 1631 1856 1698 κύκλῳ

249 1719 372 1776 τῶν
395 1721 664 1792 σκηνῶν.
697 1722 810 1778 Καὶ
833 1721 1156 1792 φαγόντες,
1189 1721 1668 1790 ἐνεπλήσθησαν
1695 1723 1854 1791 σφό-

249 1813 364 1882 δρα
387 1829 402 1844 υ
429 1811 530 1866 καί
579 1811 696 1882 τὴν
723 1813 1046 1882 ἐπιθυμίαν
1080 1811 1282 1868 αὐτῶν
1325 1811 1582 1884 ἤνεγκεν
1623 1813 1850 1880 αὐτοῖς,

1953 523 2210 578 machum
2223 536 2354 578 vero
2369 519 2576 576 dicitur
2603 537 2616 574 :
2633 517 2740 586 Qui
2767 517 2890 574 tulit
2911 515 3116 572 Eurum
3133 515 3198 572 de
3213 515 3364 580 creto,
3391 525 3440 570 et
3463 517 3550 570 in-

1951 614 2106 668 duxit
2155 615 2210 668 in
2242 613 2434 668 virtute
2481 627 2580 666 sua
2625 609 2852 676 Notum,
2887 609 3044 682 quasi
3067 625 3282 666 arenam
3317 611 3546 664 murium

1951 707 2194 764 volatilia
2235 717 2490 778 pennata.
2527 705 2598 760 Et
2627 707 2804 776 injecit
2851 705 2994 760 intus
3023 705 3078 758 in
3107 713 3290 760 castra
3339 719 3544 770 eorum,

1951 801 2008 856 in
2039 801 2264 855 circuitu
2299 798 2784 856 tabernaculorum.
2811 797 2880 852 Et
2903 796 3282 852 utenducantes
3313 799 3544 852 saturati

1951 901 2076 948 sunt
2097 891 2250 946 valde
2277 907 2294 946 :
2319 901 2368 946 et
2391 889 2868 962 concupiscentiam
2895 905 3078 944 eorum
3105 887 3288 944 attulit
3311 887 3410 952 eis,
3441 905 3546 942 non

1953 983 2268 1040 abstiterunt
2309 1001 2342 1038 α
2397 983 2820 1054 concupiscentia
2867 999 2988 1038 sua.
3021 979 3158 1038 Cum
3207 981 3382 1038 adhuc
3423 997 3548 1038 esca

1951 1095 2134 1134 eorum
2155 1087 2288 1134 esset
2321 1081 2376 1132 in
2407 1075 2648 1132 dentibus
2681 1093 2886 1142 eorum,
2907 1075 2992 1130 ira
3027 1075 3196 1148 igitur
3223 1075 3322 1130 Dei
3351 1073 3546 1130 invasit

1951 1171 2096 1238 illos,
2129 1179 2180 1226 et
2211 1167 2408 1224 occidit
2435 1169 2738 1238 pinguiores
2765 1183 2970 1234 eorum,
2993 1177 3044 1222 et
3057 1165 3304 1236 juniores‘
3325 1165 3546 1222 lsraelis

1951 1265 2262 1332 prostravit.
2295 1261 2422 1318 Haec
2445 1277 2608 1334 porro
2631 1263 2758 1332 jure
2789 1263 2940 1334 passi
2961 1269 3112 1316 sunt.
3143 1258 3280 1314 Nam
3315 1259 3406 1314 ille
3429 1261 3548 1331 qui-

1953 1355 2078 1412 dem
2113 1355 2180 1410 ad
2207 1355 2462 1428 potentiae
2491 1369 2606 1412 suae
2633 1355 2900 1410 indicium
2929 1351 3256 1408 mirabiliter
3287 1351 3380 1406 illa
3415 1367 3548 1423 sup-

1953 1447 2256 1518 peditavit;
2277 1445 2382 1518 ipsi
2407 1461 2538 1502 vero
2558 1445 2902 1502 insaturabili
2927 1447 3178 1502 carnium
3207 1443 3548 1500 comestione

1957 1539 2064 1604 usi.
2105 1539 2492 1596 intestinorum
2532 1539 2726 1594 morbo
2759 1539 3074 1612 perierunt:
3113 1539 3318 1610 ingenti
3373 1537 3546 1592 mira-

1953 1635 2082 1690 culo
2117 1647 2228 1688 non
2273 1633 2520 1688 animum
2575 1631 2924 1692 adhibentes.
2967 1645 3070 1686 nee
3125 1627 3356 1702 gloriam
3409 1629 3544 1684 tanti

1955 1723 2190 1794 prodigii
2241 1723 2454 1778 auctori
2495 1721 2840 1790 referentes;
2873 1723 2968 1780 sed
3015 1721 3114 1776 loti
3145 1719 3408 1776 carnibus
3451 1719 3550 1776 de-

1959 1813 2084 1880 diti,
2107 1829 2266 1870 suam
2295 1813 2400 1870 sibi
2429 1813 2726 1886 perniciem
2758 1821 3148 1886 procurarunt.

251 1907 368 1962 οὐκ
405 1903 770 1976 ἀπέστησαν
823 1904 936 1976 τῆς
983 1905 1300 1976 ἐπιθυμίας
1327 1905 1548 1964 αὐτῶν.
1589 1909 1712 1962 Ἔτι
1737 1905 1852 1976 τῆς
1879 1907 2170 1976 βρώσεως
2227 1907 2428 1962 αὐτῶν
2471 1909 2668 1978 οὔσης
2699 1909 2772 1964 ἐν
2815 1907 2942 1976 τοῖς
3009 1909 3266 1966 ὀδοῦσιν
3323 1909 3544 1972 αὐτῶν,

250 2001 402 2072 ὀργή
455 1999 572 2058 οὖν
619 2003 770 2058 Θεοῦ
822 2001 1090 2073 ἐπῆλθεν
1133 2001 1360 2072 αὐτοῖς,
1401 2003 1500 2058 καί
1533 2003 1850 2060 ἀπέκτεινε
1883 2005 2030 2072 τοὺς
2083 2005 2530 2074 λιπαρωτέρους
2571 2005 2774 2062 αὐτῶν
2803 2007 2904 2060 καὶ
2973 2005 3118 2074 τοὺς
3177 2007 3548 2073 νεανίσκους

249 2095 362 2152 τοῦ
401 2095 640 2166 Ἰσραὴλ
677 2095 938 2152 ὤκλασε.
975 2097 1084 2150 Καὶ
1111 2095 1268 2150 ταῦτ’
1291 2097 1532 2170 ἔπασχον
1597 2097 1836 2168 εὐλόγως
1858 2113 1872 2128 ·
1911 2098 1942 2148 ό
1977 2099 2076 2158 μὲν
2123 2097 2230 2170 γὰρ
2273 2097 2458 2162 αὐτοῖς
2501 2100 2584 2162 είς
2619 2097 2842 2164 ἔνδειξιν
2889 2097 2988 2170 τῆς
3031 2097 3196 2152 αὐτοῦ
3261 2097 3546 2170 δυνάμεως

251 2189 574 2262 παραδόξως
597 2187 890 2244 καὶταῦτα
909 2193 1166 2264 παρεῖχεν
1185 2207 1200 2222 ·
1266 2193 1316 2246 οἱ
1383 2191 1440 2246 δὲ
1505 2191 1770 2265 ἀπλήστῳ
1831 2191 2110 2266 χρῶμενοι
2149 2195 2216 2264 τῇ
2267 2191 2612 2264 κρεωφαγία,
2649 2191 2918 2264 χολερικῷ
2957 2191 3120 2246 πάθει
3153 2191 3546 2262 διεφθείροντο,

253 2285 332 2360 μὴ
371 2287 730 2360 προσέχοντες
775 2289 874 2360 μὲν
931 2287 1012 2360 τῷ
1067 2287 1162 2343 τοῦ
1219 2289 1526 2362 παραδόξου
1567 2289 1828 2362 θαύματι,
1909 2289 2046 2362 μηδὲ
2099 2287 2414 2355 δοξάζοντες
2491 2289 2586 2344 τὸν
2637 2287 3068 2358 παραδοξοποιόν
3093 2303 3108 2318 ·
3165 2285 3278 2342 ὅλοι
3327 2287 3386 2342 δὲ
3431 2283 3546 2342 τῶν

249 2381 472 2456 σαρκῶν
503 2383 834 2454 γιγνόμενοι,
869 2383 950 2438 διὸ
983 2385 1080 2438 καὶ
1107 2385 1426 2440 ἐπεσπῶντο
1465 2385 1678 2448 ἑαυτοῖς
1709 2383 1952 2456 ὄλεθρον.

333 2503 432 2556 Ἔν
473 2499 622 2556 πᾶσι
675 2503 908 2570 τούτοις
959 2501 1230 2574 ἥμαρτον
1281 2503 1392 2570 ἔτι,
1433 2506 1530 2560 καί
1571 2509 1682 2562 οὐκ
1713 2507 1843 2562 ἐπί-

2013 2501 2186 2561 Vens.
2219 2503 2312 2570 '52,
2337 2505 2430 2562 '55.
2461 2501 2530 2560 In
2577 2503 2818 2559 omnibus
2849 2505 2930 2558 his
2967 2511 3311 2572 peccaverunt
3349 2499 3542 2566 adhuc,

245 2602 520 2642 στευσαν
547 2587 620 2642 ἐν
637 2587 756 2656 τοῖς
785 2591 1140 2660 θαυμασίοις
1169 2591 1376 2648 αὑτοῦ.
1407 2593 1518 2648 Καὶ
1553 2595 1842 2660 ἐξέλιπον

245 2681 318 2734 ἐν
335 2683 686 2752 ματαιότητι
705 2685 762 2736 at
789 2681 998 2752 ἡμέραι
1027 2683 1230 2738 αὐτῶν
1253 2685 1348 2738 καί
1381 2683 1454 2740 τὰ
1501 2685 1612 2758 ἔτη
1643 2687 1843 2744 αὐτῶν

245 2777 398 2844 μστά
425 2771 728 2842 σπουδῆς.
771 2775 1117 2844 Ἐλεγκτικδς
1157 2775 1234 2830 ὢν
1277 2777 1374 2831 καὶ
1407 2781 1842 2854 κατηγορητικδς

249 2867 352 2936 τῆς
389 2863 658 2918 Ἰουδαίων
681 2865 984 2938 μοχθηρίας
1005 2865 1034 2917 ὁ
1061 2865 1240 2936 λόγος,
1269 2867 1674 2940 καταρίθμησιν
1697 2871 1844 2924 ποιεῖ

249 2953 346 3010 καὶ
373 2953 484 3008 τῶν
515 2953 1063 3028 πεπλημμελημένων
1089 2957 1294 3022 αὐτοῖς,
1335 2959 1636 3030 παριστῶν,
1666 2961 1748 3014 ὃτι
1765 2959 1842 3034 μὴ

253 3047 430 3120 μάτην
461 3047 658 3111 αὐτοὺς
669 3047 736 3102 τὰ
755 3049 852 3118 τῆς
883 3047 1051 3120 ὀργῆς
1065 3047 1156 3103 τοῦ
1173 3047 1310 3104 Θεοῦ
1329 3049 1614 3124 μετῆλθεν.
1642 3051 1746 3108 Καὶ
1775 3053 1842 3126 δὴ

247 3135 510 3200 διδάσκει,
543 3137 620 3200 ὡς
649 3137 742 3192 καὶ
781 3139 918 3210 μετὰ
943 3139 1012 3194 τά
1025 3139 1388 3212 προλεχθέντα
1420 3143 1620 3212 πάντα,
1653 3143 1842 3212 αὔξον-

249 3245 342 3294 τες
373 3229 580 3284 ὲαυτῶν
613 3231 682 3284 τὰ
709 3231 874 3294 κακὰ,
896 3233 1144 3304 ἥμαρτον
1171 3233 1278 3288 ἔτι·
1317 3234 1410 3288 καὶ
1435 3235 1844 3310 ἥμαρτον,ὲπεὶ

250 3323 352 3374 οὐκ
395 3321 722 3376 ἐπίστευσαν
752 3325 864 3388 τοῖς
893 3323 1218 3396 θαυμασίοις
1248 3327 1436 3386 αὐτοῦ.
1465 3329 1702 3384 Τοιαῦτα
1731 3329 1842 3402 γὰρ

249 3407 546 3484 ὀφθαλμοῖς
585 3413 840 3486 ὁρῶντες,
865 3415 1122 3470 ἐνικῶντο
1143 3417 1246 3470 ὑπὸ
1265 3417 1368 3488 τῆς
1402 3419 1698 3492 ἐπιθυμίας
1742 3423 1839 3494 (2).

255 3499 408 3570 Ε’ῗτα,
447 3507 544 3560 καὶ
575 3505 860 3572 ἐξέλιπον
887 3507 958 3560 ἐν
983 3509 1332 3578 ματαιότητι
1379 3513 1440 3566 αι
1481 3509 1690 3582 ἡμέραι
1737 3513 1844 3566 αὐ-

251 3595 392 3650 τῶν.
423 3595 552 3648 Δέον
573 3595 680 3668 γὰρ
715 3593 954 3668 θεωροὺς
981 3595 1308 3668 γενομένους
1337 3595 1446 3652 τῶν
1467 3595 1562 3652 τοῦ
1585 3597 1722 3652 Θεοῦ
1748 3613 1846 3668 με·

251 3689 742 3760 γαλουργημάτων,
771 3688 926 3752 ὅλους
959 3689 1156 3754 αὐτοὺς
1183 3689 1461 3744 ἀναθεῖναι
1491 3689 1642 3762 αὐτῷ
1661 3708 1674 3722 ·
1705 3693 1754 3744 οἱ
1787 3689 1844 3744 δὲ

253 3779 584 3852 θρεμμάτων
617 3781 826 3850 ἀλόγων
863 3781 1020 3854 δίκην
1059 3783 1126 3856 τῇ
1161 3783 1270 3838 τῶν
1305 3783 1578 3856 σωμάτων
1621 3785 1844 3856 προσεῖ-

1942 2609 2120 2654 etnon
2145 2597 2486 2654 crediderunt
2515 2599 2570 2652 in
2603 2595 2942 2650 mirabilibus
2967 2595 3102 2666 ejus.
3139 2593 3208 2648 Et
3240 2593 3544 2664 defecerunt

1941 2693 1996 2746 in
2013 2691 2246 2746 vanitate
2265 2691 2378 2746 dies
2404 2705 2607 2756 eorum,
2624 2697 2674 2742 et
2687 2689 2818 2740 anni
2839 2703 3022 2741 eorum
3039 2701 3158 2740 cum
3181 2685 3538 2750 festinatione.

1941 2785 2078 2840 Cum
2101 2799 2282 2840 sermo
2303 2783 2359 2838 in
2395 2781 2672 2854 arguenda
2688 2787 2744 2836 et
2771 2779 3073 2834 incusanda
3099 2777 3410 2834 Judteorum
3441 2777 3544 2832 im-

1941 2877 2212 2948 probitate
2229 2875 2480 2938 totussit,
2507 2889 2696 2930 eorum
2727 2871 2934 2928 scelera
2951 2877 3258 2934 enumerat,
3275 2871 3546 2926 declarat-

1941 2985 2048 3040 que
2069 2985 2178 3024 non
2195 2969 2314 3026 sine
2329 2981 2498 3024 causa
2521 2967 2674 3038 ipsos
2693 2963 2830 3019 iram
2855 2963 2946 3020 Dei
2973 2961 3344 3020 invasisse.Ac
3361 2963 3540 3028 docet,

1941 3075 2036 3118 eos
2055 3069 2178 3132 post
2191 3059 2448 3132 praedicta
2465 3059 2554 3114 illa
2568 3057 2772 3122 omnia,
2789 3057 2930 3112 mala
2947 3065 3212 3130 augentes
3229 3073 3348 3120 sua,
3365 3057 3542 3112 adhuc

1941 3169 2236 3225 peccasse:
2267 3167 2526 3224 peccasse
2547 3151 2758 3208 scilicet
2775 3149 2904 3222 quia
2925 3165 3032 3206 non
3057 3149 3402 3206 crediderunt
3435 3151 3542 3206 mi-

1939 3243 2136 3298 rabilia
2163 3243 2307 3314 ejus.
2341 3243 2478 3298 Cum
2513 3241 2647 3296 talia
2701 3255 2938 3312 namque
2989 3239 3126 3310 ipsis
3173 3239 3349 3296 oculis
3387 3239 3542 3294 vide-

1939 3343 2084 3398 rent.
2117 3349 2148 3390 ο
2182 3333 2632 3406 concupiscentia
2685 3349 2786 3389 sua
2827 3333 3252 3404 superabantur.
3311 3329 3537 3396 Deinde.

1940 3437 1992 3482 et
2039 3425 2342 3496 defecerunt
2367 3427 2422 3480 in
2453 3427 2688 3482 vanitate
2719 3423 2832 3480 dies
2861 3439 3064 3480 eorum.
3091 3425 3231 3480 Cum
3263 3423 3542 3496 oportuis-

1943 3531 2026 3578 set
2059 3521 2206 3578 enim
2241 3519 2388 3584 illos,
2422 3525 2766 3590 spectatores
2789 3531 2986 3590 nempe
3013 3515 3394 3588 prodigiorum
3417 3513 3536 3580 Dei,

1941 3619 2090 3668 totos
2141 3627 2264 3668 sese
2311 3609 2418 3682 ipsi
2447 3609 2849 3678 "committere;
2879 3609 2960 3664 illi
3003 3615 3196 3666 contra
3249 3607 3536 3664 brutorum

1943 3705 2120 3760 instar
2167 3701 2418 3774 corporis
2469 3701 2698 3758 vanitati
2749 3701 2992 3756 animum
3041 3699 3354 3768 habebant,
3411 3715 3536 3756 cum

1945 3799 2180 3854 stultitia
2227 3805 2282 3854 el.
2327 3793 2644 3868 insipientia
2695 3799 3129 3866 conquerentes,
3177 3793 3425 3862 nihilque
3469 3807 3536 3848 ex

253 3869 346 3946 χον
395 3875 736 3946 ματαιότητι,
760 3877 818 3928 ὲν
843 3873 1034 3948 ἀλογίᾳ
1057 3877 1152 3930 καὶ
1175 3877 1332 3950 ἀνοίᾳ
1385 3877 1838 3952 κατηγοροῦντες,

1945 3891 2106 3948 bonis
2151 3889 2256 3948 sibi
2305 3863 2742 3946 subministratis
2789 3863 2858 3942 ad
2909 3883 3006 3942 Dei
3061 3885 3431 3956 cognitionem
3483 3895 3538 3940 et

253 3965 349 4020 καὶ
403 3965 568 4036 μηδὲν
619 3967 780 4020 πλέον
829 3969 894 4022 ὲκ
939 3969 1050 4022 τῶν
1081 3971 1162 4034 είς
1189 3971 1386 4037 αὐτοὺς
1415 3971 1844 4044 χορηγουμένων

253 4059 334 4122 είς
367 4057 566 4126 γνῶσιν
597 4057 730 4113 θεοῦ
781 4061 876 4114 καὶ
915 4061 1094 4134 ψυχῆς
1147 4063 1420 4136 σωτηρίαν
1473 4063 1840 4136 ποριζόμενοι.

253 4145 442 4210 Οὕτως
473 4143 566 4201 οὖν
592 4147 880 4214 ἐξέλιπον
917 4151 988 4204 ὲν
1009 4155 1372 4222 ματαιότητιξ
1398 4157 1458 4208 ai
1489 4153 1704 4224 ἡμέραι
1733 4157 1844 4208 ai:—

251 4237 372 4292 τῶν
389 4255 402 4268 ο
437 4239 496 4292 οὐ
533 4239 714 4308 μόνον,
743 4239 878 4296 ἀλλά
899 4243 996 4296 καὶ
1023 4243 1094 4297 τὰ
1119 4245 1222 4312 ἐτη
1251 4243 1454 4300 αὐτῶν
1471 4247 1624 4316 μετὰ
1651 4261 1846 4302 σπου-

251 4329 366 4398 δῆς
397 4331 642 4396 ἐξέλιπον
667 4349 682 4362 ·
719 4333 860 4388 κατά
909 4333 1088 4388 κοινοῦ
1115 4335 1222 4408 γὰρ
1255 4337 1546 4392 ἀκουστέον
1573 4339 1690 4404 τοῦ,
1713 4339 1842 4405 ἐξέ-

253 4423 459 4474 lino-1“
489 4415 683 4476 ἀνθόὗ
715 4424 1012 4496 πεποίηκεν
1039 4427 1067 4480 ό
1095 4427 1353 4492 Ἀκύλας⁸
1381 4429 1491 4482 Καὶ
1523 4427 1846 4484 συνετέλε-

255 4527 366 4566 σεν
389 4513 470 4580 ὡς
495 4513 688 4584 ἀτμὸν
717 4515 826 4582 τὰς
853 4515 1078 4586 ἡμέρας
1117 4517 1334 4580 αὐτῶν,
1367 4517 1466 4572 καὶ
1503 4521 1574 4575 τὰ
1601 4521 1706 4590 ἕτη
1739 4521 1848 4576 αὑ-

253 4603 374 4658 τῶν
415 4605 814 4662 κατέσπευσε.
845 4607 954 4661 Τοῦ
1007 4609 1106 4680 μὲν
1154 4609 1264 4682 γὰρ
1295 4611 1352 4664 ὲν
1381 4611 1704 4684 ματαιότητι
1745 4611 1846 4678 τάς

253 4695 464 4766 ἡμέρας
497 4698 986 4764 καταναλίσκοντος
1021 4701 1116 4754 καὶ
1145 4702 1212 4756 τά
1241 4701 1334 4774 ἔτη
1365 4703 1846 4776 παρατρέχεικατ·

251 4789 638 4860 εσπευσμένως
655 4807 670 4820 ο
697 4789 792 4844 τοῦ
822 4791 880 4846 δὲ
927 4791 1028 4856 τὰς
1057 4793 1274 4866 ἡμέρας
1302 4793 1360 4848 ὲν
1391 4795 1530 4864 φωτὶ
1551 4795 1644 4848 καὶ
1671 4795 1728 4848 ἐν
1749 4793 1842 4864 έρ-

251 4893 368 4946 γοις
393 4879 616 4948 ἀγαθοῖς
641 4881 988 4948 ἐκτελοῦντος
1021 4887 1078 4938 αἱ
1111 4885 1312 4958 ἡμέραι
1341 4887 1442 4940 οὐκ
1475 4885 1840 4952 ἐκλείπουσιν,

251 4965 388 5046 ἀλλὰ
405 4967 628 5042 πλήρεις
643 4971 904 5040 γίνονται,
921 4975 1014 5028 καὶ
1029 4975 1098 5029 τά
1119 4975 1216 5046 ἐτη
1240 4975 1406 5030 αὑτοῦ
1427 4975 1616 5046 ἐντελῆ
1639 4975 1844 5046 τυγχά-

251 5075 330 5112 νει
369 5061 460 5113 καὶ
490 5079 552 5132 με
565 5065 956 5136 μακρυμμένα.
989 5065 1080 5120 Διό
1113 5069 1388 5134 κάκείνοις
1419 5071 1530 5134 τοῖς
1564 5067 1702 5140 μετά
1728 5085 1842 5123 τοι-

251 5151 420 5216 αύτας
441 5153 896 5226 παραδοξοποιίας
927 5161 984 5211 ἐν
1011 5161 1236 5232 ἀπιστίᾳ
1265 5159 1712 5233 καταγηράσασιν
1741 5161 1844 5232 μά-

251 5255 400 5306 ταιος
423 5245 518 5298 καὶ
543 5247 932 5318 ἐσπευσμένως
959 5251 1314 5324 παρατρέχων
1339 5253 1366 5306 ὁ
1391 5255 1600 5326 χρόνος.
1631 5255 1838 5308 Αὐτίκα

251 5329 294 5382 δ’
319 5325 414 5386 οὖν
439 5331 530 5386 διὰ
559 5335 660 5406 μὲν
685 5335 794 5390 τῶν
821 5337 1112 5410 θαυμάτων
1135 5341 1358 5397 καὶτῶν
1377 5325 1456 5408 είς
1477 5345 1674 5410 αὐτοὺς
1693 5345 1780 5398 εὑε
1791 5361 1842 5418 ρ-

323 5533 400 5602 ιι)
431 5535 540 5610 Καὶ
569 5533 870 5610 ἔψυξεν...
897 5537 968 5592 rei
993 5537 1134 5610 κρέα
1165 5537 1244 5610 ἦν
1270 5541 1412 5610 πρίν
1449 5543 1486 5610 ἢ
1513 5543 1838 5600 ἐκλείπειν.

253 5601 484 5682 Phrasis
547 5601 774 5682 animine
837 5601 1132 5682 mendosa.
1179 5601 1482 5682 Exerinplau
1513 5611 1836 5668 Vaticanum

251 5675 518 5754 fers-iouis
569 5675 902 5754 hiinitlalis
951 5679 1112 5754 habet
1145 5675 1570 5754 _:;Kai;!'.',a$uv
1625 5685 1838 5754 tepetii;

251 5743 502 5816 ψει-(μους
533 5743 718 5818 κύκλῳ
749 5749 846 5820 τῆς
891 5751 1264 5824 παρεμϐολῆς.
1295 5751 1376 5809 Τά
1409 5743 1544 5823 api:
1575 5753 1654 5810 ἔτι
1679 5751 1748 5822 ἦν
1775 5743 1834 5810 ιιὶ

1945 3985 2142 4042 anima:
2187 3983 2424 4040 salutem
2473 3979 2846 4036 conferentes.
2877 3977 2970 4034 Sic
3001 3977 3188 4050 itaque
3237 3977 3536 4048 defecerunt

1945 4079 2002 4134 in
2025 4079 2260 4134 uanitate
2293 4075 2406 4132 dies
2439 4089 2656 4140 eorum;
2681 4087 2858 4144 neque
2885 4069 2940 4126 id
2973 4077 3210 4134 tantum,
3245 4067 3340 4126 sed
3371 4069 3534 4126 etiam

1947 4173 2074 4228 anni
2103 4187 2284 4228 eorum
2305 4187 2424 4226 cum
2453 4169 2794 4240 festinatione
2819 4163 3142 4222 defecerunt
3163 4183 3178 4220 :
3203 4179 3328 4220 nam
3359 4163 3492 4218 illud
3517 4205 3532 4230 ,

1945 4267 2267 4336 defecerunt,
2301 4265 2358 4320 in
2399 4263 2678 4318 communi
2717 4277 2818 4332 pro
2853 4265 3090 4330 utroque
3131 4257 3532 4328 accipiendum.

1945 4357 2052 4414 Pro
2085 4373 2194 4430 quo
2225 4355 2424 4426 Aquila
2460 4353 2632 4412 edidit
2663 4373 2676 4410 :
2709 4351 2780 4406 Et
2821 4349 3204 4408 consummavit
3241 4349 3398 4420 quasi
3445 4365 3536 4402 τοι

1943 4469 2122 4524 parem
2155 4451 2266 4506 dies
2297 4467 2498 4514 eorum,
2535 4457 2584 4504 et
2637 4463 2804 4502 annos
2857 4459 3039 4500 eorum
3089 4443 3342 4514 festinare
3387 4441 3530 4514 fecit.

1945 4543 2078 4614 Ejus
2105 4545 2306 4616 quippe
2333 4541 2426 4613 qui
2461 4541 2516 4594 in
2543 4539 2784 4594 vanitate
2813 4535 2930 4592 dies
2957 4551 3092 4594 suos
3121 4533 3400 4606 transigit,
3431 4549 3552 4612 an—.

1945 4635 2002 4690 ni
2039 4633 2362 4690 festinanter
2393 4631 2736 4696 decurrunt;
2771 4627 2892 4698 ejus
2941 4635 3136 4684 contra
3179 4625 3276 4698 qui
3323 4625 3442 4682 dies
3475 4627 3532 4682 in

1947 4725 2068 4783 luce
2095 4737 2148 4782 et
2171 4725 2326 4782 bonis
2352 4723 2614 4796 operibus
2650 4719 2900 4786 insumit,
2934 4717 3054 4774 dies
3085 4735 3194 4774 non
3227 4717 3530 4782 deﬁciunt;

1945 4815 2040 4872 sed
2075 4815 2218 4888 pleni
2251 4813 2512 4880 evadunt,
2549 4821 2604 4870 et
2629 4811 2758 4868 anni
2791 4811 2912 4884 ejus
2943 4809 3170 4882 perfecti
3201 4817 3254 4865 et
3285 4809 3530 4866 diuturni

1945 4916 2094 4964 sunt.
2119 4907 2488 4974 Quamobrem
2521 4905 2588 4964 iis
2615 4907 2710 4978 qui
2741 4911 2864 4976 post
2897 4909 2978 4958 tot
3005 4911 3218 4974 patrata
3238 4903 3526 4966 miracula,

1945 5001 2002 5056 in
2045 4999 2426 5056 incredulitate
2470 5005 2898 5062 consenuerunt,
2933 4997 3056 5052 vitae
3081 5003 3298 5066 tempus
3329 5009 3526 5048 vanum

1943 5101 2028 5150 est
2057 5101 2110 5150 et
2143 5093 2468 5150 festinanter
2511 5091 2770 5146 decurrit.
2801 5091 2844 5142 A
2877 5087 3156 5144 miraculis
3181 5089 3364 5158 itaque
3394 5085 3522 5150 illis,

1875 5214 1918 5268 ι)
1947 5195 2000 5242 et
2035 5203 2066 5242 a
2093 5185 2310 5242 collatis
2339 5185 2442 5242 sibi
2475 5183 2756 5240 beneﬂciis
2785 5181 2922 5238 nihil
2947 5183 3130 5238 statim
3165 5181 3378 5236 fruetus
3403 5195 3524 5250 per-

1945 5277 2260 5350 cipiebant;
2297 5279 2392 5334 sed
2441 5293 2538 5348 per
2589 5277 2796 5330 illatam
2845 5275 2948 5332 sibi
2975 5275 3235 5330 ultionem
3267 5273 3524 5328 meliores

1942 5373 2266 5428 evadebant.
2299 5371 2480 5438 Quare
2501 5369 2700 5426 deinde
2739 5369 2926 5426 subdit
2959 5365 3198 5422 :—Vens
3251 5365 3340 5422 54.
3387 5363 3522 5422 Cum

1939 5549 2053 5620 rei;
2075 5545 2285 5600 ὀδοῦσιν
2309 5545 2492 5620 αὐτῶν
2519 5545 2684 5620 πρινὴ
2715 5543 3010 5604 ἐκλείπειν.
3043 5543 3138 5596 καὶ
3165 5537 3368 5612 Κύριος
3393 5539 3522 5604 mi”

1945 5615 2120 5690 μώθη,
2141 5633 2202 5690 κ.
2227 5633 2291 5690 τη
2309 5615 2360 5670 λ.
2393 5615 2552 5672 Eutr.

2017 5687 2093 5760 (2)
2137 5687 2240 5744 Ms.
2281 5687 2336 5742 in
2365 5703 2540 5760 marg.
2587 5705 2602 5746 :
2637 5691 2742 5758 Γρ.
2779 5687 3054 5752 ἀπιστίας.
