4078 6934
603 393 711 450 9‘23

1339 389 1610 448 EUSEBII
1646 385 2128 446 CAESARIENSIS
2162 387 2315 448 OPP.
2349 387 2530 444 PARS
2566 387 2656 446 ill.
2691 420 2764 431 —
2799 385 3209 443 EXEGETICA.

3788 378 3920 432 ξ)ξό

604 505 864 560 occideret
884 520 974 560 eos
996 502 1300 576 qurerebant
1321 520 1463 568 eum,
1487 513 1535 558 et
1559 503 1950 557 revertebantur
1972 512 2024 558 et
2045 503 2179 556 dilu-

2293 503 2492 571 γεσιῶν
2520 503 2673 556 οὐδὲν
2713 500 2875 556 πλέον
2925 499 3163 555 ἐκτῶντο
3201 495 3337 569 πρὸς
3385 495 3683 565 ὠφέλειαν,
3717 496 3814 549 διὰ
3835 497 3914 549 δὲ

603 598 723 653 culo
746 597 1017 651 veniebant
1051 596 1120 650 ad
1147 595 1629 652 Deum.Verberati
1659 596 1861 666 quippe
1889 603 1944 650 et
1983 596 2192 666 suppli-

603 689 692 742 cio
732 687 910 742 allecti
945 687 1227 742 brutorum
1256 686 1629 756 jumentorum
1663 687 1839 741 instar
1884 687 1951 740 ad
1997 687 2186 742 verbe-

602 773 778 829 rantis
810 788 1033 828 sensum
1066 772 1470 827 revocabantur
1496 770 1689 840 (Vens.
1721 771 1836 842 35),
1865 786 1989 825 cum
2011 787 2078 826 ex
2103 787 2190 827 re-

602 871 690 918 cta
725 863 937 919 ratione
969 862 1038 917 ad
1070 863 1349 918 meliorem
1383 877 1442 917 se
1469 861 1680 933 frugem
1714 879 1822 917 non
1855 863 2189 934 reciperent.

600 955 752 1024 Quos
804 957 885 1014 sic
941 957 1245 1027 alloquitur
1293 954 1623 1026 Scriptum:
1663 954 1843 1011 Nolite
1887 957 2006 1026 ﬁeri
2049 957 2186 1011 sicut

600 1066 762 1119 equus
812 1059 862 1104 et
911 1049 1109 1113 mulus,
1141 1047 1329 1120 quibus
1353 1065 1457 1101 non
1479 1058 1558 1102 est
1593 1046 1910 1102 intellectus.
1941 1047 2006 1102 In
2036 1065 2186 1104 cama

601 1151 650 1195 et
687 1141 838 1210 freno
871 1140 1125 1195 maxillas
1162 1155 1346 1194 eorum
1376 1139 1673 1208 constringe
1691 1139 1781 1209 qui
1813 1155 1912 1192 non
1936 1141 2188 1208 approxi-

599 1244 748 1287 mant
778 1233 848 1286 ad
882 1243 948 1288 te.
979 1232 1155 1287 Multa
1180 1232 1394 1302 ﬂagella
1417 1242 1774 1300 peccatorum,
1799 1242 2067 1300 sperantes
2087 1250 2186 1288 au-

602 1336 704 1379 tem
740 1327 794 1379 in
829 1325 1056 1380 Domina
1085 1323 1452 1379 misericordia
1478 1323 1915 1382 circumdabit".

2291 596 2394 667 τῆς
2417 594 2822 666 μετερχομένης
2851 593 3051 655 αὐτοὺς
3077 591 3248 662 ὀργῆς
3275 589 3556 660 κρείττους
3577 589 3908 658 ἐγίγνοντο.

2292 687 2383 739 Διὸ
2414 686 2540 757 ἑξῆς
2570 685 2813 754 ἐπιλέγει
2837 701 2850 714 ·
2889 684 3074 736 ὀταν
3099 681 3452 737 ἀπέκτεινεν
3481 682 3738 748 αὐτοὺς,
3760 682 3912 746 ἐξα-

2291 776 2506 843 ζ’ήτουν
2532 775 2736 840 αὑτὸν,
2773 774 2874 828 καὶ
2896 773 3268 841 ἐπέστρεφον
3289 771 3390 826 καὶ
3414 771 3706 840 ὤρθριζον
3736 775 3912 843 πρε(-

2291 867 2400 922 τὸν
2431 868 2598 922 Θεόν.
2635 865 3038 935 Μαστιζόμενοι
3085 865 3195 935 γὰρ
3219 865 3313 917 καὶ
3345 863 3728 934 κολαζόμενοι,
3755 883 3906 938 κτη.

2293 959 2399 1013 νῶν
2427 959 2636 1027 ἀλόγων
2660 957 2817 1028 δίκην
2849 956 3100 1028 αἴσθησιν
3133 956 3502 1026 ἀνελάμϐανον
3530 957 3634 1010 τοῦ
3647 959 3908 1014 τύπτον-

2291 1071 2402 1118 τος,
2429 1053 2571 1124 λόγῳ
2603 1053 2700 1123 μὲν
2725 1050 2870 1122 ὀρθῷ
2896 1050 2971 1122 μὴ
2999 1051 3454 1122 σωφρονιζόμενοι
3471 1067 3484 1080 ·
3513 1051 3656 1122 πρὸς
3683 1053 3786 1116 οὓς
3817 1048 3908 1106 εἴ.

2292 1163 2396 1201 πεν
2422 1144 2490 1200 ἂν
2513 1147 2542 1200 ὁ
2573 1144 2758 1214 λόγος·
2781 1142 2880 1212 Μὴ
2906 1143 3145 1214 γίνεσθε
3165 1143 3445 1208 dicina/oc
3472 1144 3572 1197 καὶ
3601 1145 3900 1213 ἡμίονος,

2289 1235 2382 1307 οἷς
2411 1241 2524 1294 οὐκ
2557 1237 2689 1291 ἐστι
2723 1237 2997 1303 σύνεσις.
3015 1237 3118 1290 Ἐν
3149 1234 3318 1305 κημῷ
3364 1234 3465 1288 καὶ
3506 1237 3749 1304 χαλινῷ
3777 1242 3900 1306 τὰς

2290 1333 2578 1402 σιαγόνας
2605 1328 2805 1384 αὐτῶν
2850 1327 3027 1398 ἇγξαι
3072 1327 3192 1383 τῶν
3234 1329 3321 1399 μὴ
3348 1329 3708 1400 ἐγγιζόντων
3733 1331 3898 1401 πρὸς

597 1421 690 1475 σέ.
706 1421 935 1475 Πολλαὶ
963 1425 1023 1475 αἱ
1044 1420 1336 1490 μάστιγες
1359 1417 1478 1472 τῶν
1505 1418 1898 1489 ἁμαρτωλῶν·
1935 1423 2076 1491 τοὺς
2104 1426 2173 1481 δὲ
2200 1427 2550 1490 ἐλπίζοντας
2579 1425 2678 1478 ἐπὶ
2709 1423 2929 1491 Κύριον
2953 1423 3128 1489 ἕλεος
3158 1420 3474 1477 κυκλώσει.

678 1512 846 1570 Vens.
880 1514 970 1582 56,
1007 1515 1096 1570 57.
1140 1512 1210 1568 Et
1258 1514 1555 1568 dilexerunt
1598 1531 1717 1568 eum
1759 1516 1815 1569 in
1856 1533 1946 1572 ore
1985 1537 2102 1588 sua,
2140 1533 2192 1577 et

597 1605 782 1676 lingua
834 1623 934 1660 sua
969 1607 1173 1660 mentiti
1219 1615 1342 1660 sunt
1387 1608 1454 1662 ei.
1483 1605 1590 1662 Cor
1633 1617 1811 1662 autem
1852 1627 2034 1668 eorum
2084 1632 2188 1671 non

594 1707 711 1752 erat
739 1705 938 1751 rectum
965 1714 1084 1752 cum
1113 1714 1194 1763 eo,
1223 1715 1314 1753 nec
1345 1698 1526 1768 ﬁdeles
1558 1697 1728 1754 habiti
1754 1712 1878 1756 sunt
1926 1705 1980 1759 in
2024 1715 2188 1762 testa-

595 1799 769 1844 mento
795 1790 932 1860 ejus.
964 1790 1104 1845 Cum
1151 1807 1206 1844 In
1239 1791 1326 1847 sui
1359 1791 1596 1861 gratiam
1641 1792 1906 1848 miracula
1957 1797 2184 1854 ederen-

595 1890 706 1947 tur,
735 1897 845 1938 non
895 1881 1193 1938 credebant
1227 1902 1241 1938 :
1272 1883 1544 1938 verberati
1599 1891 1781 1940 autem
1817 1893 1873 1942 et
1907 1886 2180 1945 interiecti

593 1975 1012 2030 revertebantur
1038 1975 1107 2030 ad
1139 1974 1332 2032 Deum.
1351 1973 1552 2032 Verum
1583 1977 1637 2031 id
1666 1993 1776 2034 non
1808 1980 2020 2036 sincere
2040 1998 2180 2054 prae-

2357 1523 2465 1579 Kal
2491 1519 2820 1592 ἠγάπησαν
2841 1518 3029 1572 αὑτὸν
3050 1519 3122 1572 ἐν
3141 1517 3222 1584 τῷ
3247 1520 3497 1589 στόματι
3527 1519 3759 1585 αὐτῶν,
3783 1537 3896 1574 και

2285 1616 2361 1686 τῇ
2387 1613 2643 1687 γλώσσῃ
2675 1611 2876 1668 αὐτῶν
2900 1611 3244 1680 ἐψεύσαντο
3270 1611 3449 1677 αὐτῷ.
3468 1613 3528 1668 Ἠ
3557 1613 3628 1666 δὲ
3662 1614 3899 1682 καρδία

2283 1707 2484 1764 αὐτῶν
2503 1708 2615 1760 οὐκ
2646 1703 2847 1761 εὐθεῖα
2879 1707 3006 1774 μετ’
3035 1703 3243 1769 αὑτοῦ,
3273 1704 3420 1759 οὐδὲ
3447 1704 3900 1773 ἐπιστώθησαν

2281 1801 2353 1855 ἐν
2395 1798 2473 1869 τῇ
2517 1795 2771 1866 διαθήκῃ
2827 1795 3033 1851 αὐτοῦ.
3066 1795 3187 1850 Τῶν
3237 1797 3337 1866 μὲν
3381 1796 3710 1868 παραδόξων
3747 1799 3902 1851 ἀπο-ο

2285 1893 2544 1956 λαύοντες
2591 1891 2693 1945 οὒκ
2738 1889 3052 1943 ἐπίστευον·
3103 1887 3488 1960 μαστιζόμενοι
3517 1889 3574 1943 δέ
3611 1889 3715 1943 καὶ
3745 1891 3896 1943 ἀπο-

2286 1981 2644 2052 κτεινόμενοι,
2689 1977 3027 2050 ἐπέστρεφον
3073 1977 3211 2050 πρὸς
3259 1978 3351 2031 τὸν
3397 1978 3549 2032 Θεόν.
3581 1979 3732 2032 ’Δλλ’
3761 1980 3898 2034 asas

595 2067 837 2131 stabant,
876 2067 973 2122 sed
1021 2067 1278 2123 simulate
1331 2075 1543 2123 tantum
1599 2077 1650 2126 et
1701 2070 1974 2127 labiorum
2017 2082 2179 2132 tenus

2283 2072 2444 2128 τοῦτο
2474 2070 2714 2143 γνησίως
2743 2069 2980 2134 ἐποίουν,
3013 2069 3374 2142 προσποιήσει
3402 2068 3459 2122 δὲ
3487 2070 3581 2123 καὶ
3619 2070 3900 2143 εἰρωνεία

592 2156 689 2215 Dei
743 2158 935 2214 laudes
982 2159 1357 2223 celebrabant,
1391 2176 1494 2216 nec
1525 2177 1664 2231 puro
1700 2178 1832 2219 sane
1863 2166 2079 2234 animo;
2111 2168 2186 2223 ita

591 2258 654 2304 ut
696 2250 806 2306 illis
859 2251 963 2306 hoc
1017 2251 1220 2305 dictum
1253 2253 1588 2308 conveniat:
1624 2253 1862 2324 Populus
1897 2257 1980 2312 hic
2023 2257 2185 2315 labiis

592 2358 674 2396 me
701 2342 948 2406 honorat,
985 2359 1077 2396 cor
1109 2352 1286 2397 autem
1334 2361 1514 2398 eorum
1553 2345 1704 2416 longe
1733 2358 1811 2401 est
1847 2365 1879 2402 a
1909 2366 2010 2407 Ine.
2040 2349 2188 2406 Fru-

594 2446 712 2489 stra
747 2445 923 2490 autem
959 2436 1137 2490 colunt
1165 2436 1327 2491 me".
1381 2437 1448 2491 Et
1491 2438 1596 2510 ipsi
1629 2440 1852 2510 quidem
1879 2442 1948 2496 ad
1975 2452 2185 2500 tantam

593 2526 1002 2597 improbitatem
1036 2527 1408 2596 devenerunt;
1436 2529 1529 2585 ille
1557 2546 1688 2586 vero
1722 2531 1852 2587 boni
1900 2535 2074 2605 patris
2107 2536 2190 2590 in-

591 2629 730 2682 star,
785 2620 991 2690 majore
1041 2636 1169 2691 erga
1229 2621 1352 2676 illos
1408 2621 1787 2679 misericordia
1850 2634 2182 2687 commotus.

598 2712 872 2782 propitius
923 2721 1039 2767 erat
1084 2712 1323 2781 peccatis
1353 2727 1567 2776 eorum,
1601 2729 1778 2786 neque
1802 2715 2056 2772 tradebat
2087 2733 2184 2772 eos

591 2803 648 2856 in
683 2809 982 2856 extremam
1013 2803 1343 2872 perniciem;
1373 2803 1481 2858 imo
1509 2821 1638 2860 vero
1668 2805 1971 2862 daemonem
2001 2816 2184 2864 ester-

597 2893 948 2958 minatorcm,
978 2902 1030 2949 et
1073 2895 1167 2949 irae
1212 2909 1322 2950 sua:
1363 2895 1673 2952 ministrum
1715 2899 2055 2970 ultoremque
2082 2916 2182 2954 an-

591 2983 796 3053 gelum,
822 2983 915 3054 qui
950 2986 1104 3039 furor
1120 2985 1242 3056 ejus
1274 2987 1594 3059 vocabatur,
1621 2990 1838 3060 placato
1867 2990 2031 3048 Patre
2054 3009 2176 3056 suo,

588 3075 659 3130 ab
687 3075 879 3130 iisdem
905 3078 1201 3132 avertebat.
1230 3077 1408 3144 Quare
1433 3079 1640 3134 dictum
1676 3089 1760 3136 est
1794 3081 2055 3139 z—Vens.
2083 3083 2153 3139 58

591 3163 712 3235 Ipse
758 3176 934 3222 autem
981 3177 1058 3222 est
1109 3169 1429 3236 misericors,
1460 3180 1510 3224 et
1533 3172 1795 3241 propitius
1829 3174 1918 3244 [iet
1947 3176 2176 3245 peccatis

589 3279 796 3328 eorum,
842 3272 892 3318 et
949 3280 1047 3318 non
1085 3263 1366 3332 disperdat.
1413 3263 1481 3318 Et
1527 3264 1815 3320 abundabit
1865 3276 1922 3320 ut
1973 3279 2179 3323 avertat

588 3357 728 3409 iram
757 3372 934 3421 suam,
964 3366 1015 3410 et
1046 3374 1148 3411 non
1175 3356 1419 3412 accendet
1454 3374 1658 3413 omnem
1684 3360 1820 3413 iram
1847 3377 2016 3415 suam.
2037 3359 2171 3416 Nam

585 3463 713 3504 cum
763 3463 860 3503 eos
914 3449 1183 3520 patienter
1231 3449 1421 3514 ferret,
1459 3451 1699 3506 nondum
1755 3452 1806 3506 in
1860 3453 2020 3508 linem
2049 3422 2243 3510 illosC

592 3536 938 3606 repudiabat.
967 3534 1280 3593 Secundum
1307 3537 1696 3610 Symmachum
1722 3547 1902 3594 autem
1928 3541 2130 3594 dicitur
2158 3560 2171 3596 :

594 3627 715 3695 Ipse
747 3629 1072 3690 misericors,
1093 3629 1353 3700 propitius
1375 3639 1608 3698 peccato,
1631 3640 1681 3683 et
1717 3647 1821 3684 non
1847 3630 2172 3699 disperdens.

591 3719 659 3773 Et
693 3721 919 3775 multum
950 3722 1139 3776 avertit
1194 3723 1333 3775 iram
1368 3737 1543 3784 suam,
1581 3731 1631 3776 et
1665 3739 1769 3777 non
1807 3720 2054 3778 excitavit
2097 3733 2177 3778 to-

588 3823 700 3870 tum
730 3812 966 3882 furorem
999 3828 1177 3870 suum.
1201 3812 1283 3867 Ad
1319 3813 1435 3868 hanc
1469 3814 1630 3868 aliam
1664 3815 1720 3869 in
1748 3831 1844 3872 eos
1871 3817 2177 3874 accusatio-

588 3920 713 3959 nem
771 3904 1011 3960 instituit
1061 3904 1252 3962 dicens
1293 3924 1409 3962 :—
1449 3905 1612 3964 Vens.
1648 3910 1734 3965 59.
1774 3907 1842 3962 Et
1871 3910 2176 3967 recordatus

586 4005 665 4051 est
703 3997 832 4068 quia
871 4013 996 4051 caro
1032 4007 1179 4064 sunt,
1217 4000 1436 4067 spiritus
1498 4000 1692 4055 vadens
1731 4010 1780 4056 et
1813 4018 1916 4055 non
1946 4003 2174 4058 rediens.

592 4089 734 4158 Quia
755 4091 900 4145 enim
935 4091 1026 4161 qui
1049 4081 1284 4146 adliceret
1313 4091 1556 4158 Domino,
1579 4110 1714 4148 unus
1738 4094 1956 4164 spiritus
1983 4104 2082 4158 est,
2102 4105 2175 4160 et,

587 4184 680 4253 qui
722 4182 954 4240 adhaeret
985 4185 1159 4249 carni,
1192 4201 1352 4252 unum
1379 4201 1566 4256 corpus
1587 4188 1748 4256 est”;
1777 4187 1902 4258 jure
1927 4189 2178 4244 carnales

585 4285 640 4332 et
667 4293 964 4349 corporeos
995 4277 1119 4334 illos
1151 4293 1274 4334 esse
1319 4278 1391 4336 ob
1435 4281 1687 4350 corporis
1731 4289 1787 4336 et
1831 4281 2175 4353 voluptatum

595 4385 862 4431 amorem,
893 4378 947 4425 et
972 4385 1195 4425 carnem
1227 4386 1351 4427 esse
1384 4371 1562 4429 factos
1593 4371 1690 4428 ait.
1723 4371 1850 4427 Ideo
1876 4371 2011 4428 dicit
2041 4371 2178 4429 ξηε-

584 4460 834 4515 cordatus
885 4471 963 4516 est
1009 4463 1135 4534 quia
1180 4480 1309 4519 caro
1339 4473 1482 4519 sunt.
1517 4463 1804 4532 Quomodo
1833 4472 2014 4520 autem
2047 4480 2178 4521 caro

585 4553 696 4608 sint
728 4552 831 4608 sub
857 4553 974 4608 hare
1007 4555 1247 4625 explicat
1276 4555 1364 4613 his
1392 4556 1575 4612 verbis
1606 4576 1617 4612 :
1648 4555 2096 4628 Spirituspmdens
2127 4567 2177 4613 et

591 4660 698 4698 non
736 4643 965 4701 rediens.
998 4643 1134 4700 Nam
1189 4647 1418 4718 spiritus
1447 4649 1632 4704 carnis
1663 4657 1939 4715 terrenus,
1969 4660 2178 4705 morta-

2290 2165 2453 2240 μέχρι
2481 2163 2704 2235 χειλέων
2735 2161 3003 2233 εὐφημεῖν
3034 2161 3272 2226 ἐδόκουν,
3299 2163 3361 2216 ab
3398 2161 3506 2234 μὴν
3529 2161 3769 2234 καθαρῷ
3795 2161 3900 2214 λο-

2284 2255 2468 2328 γισμῷ
2497 2254 2642 2308 τοῦτ’
2673 2253 2942 2322 ἔπραττον
2960 2269 2973 2282 ·
3005 2252 3081 2317 ὡς
3121 2253 3216 2306 καὶ
3253 2254 3340 2306 ἐπ’
3370 2253 3549 2308 αὐτῶν
3579 2253 3898 2325 ἁρμόττειν

2283 2348 2345 2402 τὸ
2391 2347 2569 2418 φῆσαν
2610 2345 2825 2415 λόγιον·
2867 2345 2919 2397 Ὀ
2950 2345 3099 2410 λαὸς
3131 2340 3310 2411 οὗτος
3352 2343 3477 2411 τοῖς
3519 2345 3766 2413 χείλεσι
3807 2362 3896 2414 με

2284 2438 2424 2509 τιμᾷ
2443 2456 2456 2468 ·
2485 2439 2523 2505 ἡ
2549 2437 2618 2492 δὲ
2647 2437 2864 2506 καρδία
2895 2435 3094 2492 αὐτῶν
3114 2439 3314 2507 πόρρω
3341 2435 3551 2506 ἀπέχει
3574 2435 3680 2492 ἀπ’
3704 2437 3894 2508 ἐμοῦ.

2283 2529 2496 2599 Μάτην
2531 2529 2600 2583 δὲ
2636 2530 2919 2584 σέϐονταί
2941 2547 3038 2600 με.
3065 2529 3178 2582 Καὶ
3205 2529 3358 2582 αὐτοὶ
3385 2530 3482 2600 μὲν
3510 2530 3591 2594 εἰς
3617 2529 3893 2584 τοσοῦτον

2282 2621 2511 2693 ἧλαυνον
2561 2620 2894 2693 μοχθηρίας·
2943 2623 2970 2675 ὁ
3002 2621 3084 2686 δὲ,
3121 2620 3326 2693 πατρὸς
3365 2619 3570 2689 ἀγαθοῦ
3603 2621 3770 2691 δίκην
3801 2617 3892 2675 οἷ-

2282 2731 2409 2768 κτον
2438 2712 2614 2768 αὐτῶν
2651 2713 2875 2768 πλείονα
2903 2713 3217 2785 λαμϐάνων,
3251 2713 3499 2767 ἱλάσκετο
3527 2714 3648 2776 ταῖς
3689 2715 3890 2785 ἁμαρ.

2280 2806 2420 2870 τίαις
2469 2805 2668 2872 αὐτῶν,
2704 2807 2796 2861 καὶ
2841 2808 2902 2861 ab
2952 2806 3234 2880 παρεδίδου
3294 2808 3490 2870 αὐτοὺς
3527 2807 3608 2870 εἰς
3636 2806 3888 2876 ἐσχάτην

2278 2900 2576 2972 διαφθοράν
2596 2917 2608 2930 ·
2642 2899 2778 2954 ἀλλά
2804 2901 2900 2954 καὶ
2931 2899 3024 2954 τὸν
3060 2899 3382 2970 φθοροποιὸν
3402 2899 3633 2970 δαίμονα
3662 2899 3765 2952 καὶ
3793 2901 3888 2954 τὸν

2275 2995 2378 3064 τῆς
2417 2993 2590 3066 ὀργῆς
2623 2993 2902 3065 ὑπηρέτην
2942 2991 3170 3062 ἄγγελον
3202 2992 3464 3064 τιμωρὸν,
3498 2992 3668 3063 θυμὸν
3707 2993 3885 3047 αὑτοῦ

2277 3083 2696 3155 ὀνομαζόμενον,
2725 3084 3070 3156 ἀπέστρεφεν
3096 3084 3376 3151 ἐξαύτῶν,
3412 3085 3501 3138 τὸν
3531 3085 3733 3139 ἑαυτοῦ
3762 3087 3886 3140 Πα-

2276 3177 2408 3248 τέρα
2457 3177 2597 3247 ὑπὲρ
2637 3175 2816 3230 αὐτῶν
2849 3176 3220 3247 ἱλασκόμενος.
3263 3177 3354 3230 Διὸ
3395 3179 3641 3250 εἴρηται·
3674 3179 3886 3245 Αὐτὸς

2275 3269 2343 3322 δέ
2375 3269 2546 3324 ἐστιν
2585 3269 2901 3338 οίκτίρμων
2952 3268 3051 3322 καὶ
3092 3269 3362 3324 ἱλάσεται
3396 3269 3524 3337 ταῖς
3557 3270 3883 3340 ἁμαρτίαις

2275 3361 2492 3428 abeam,
2522 3362 2619 3416 καὶ
2649 3365 2724 3416 οὐ
2757 3361 3074 3431 διαφθερεῖ.
3107 3362 3215 3417 Kal
3245 3362 3548 3431 πληθυνεῖ
3583 3363 3692 3418 τοῦ
3718 3364 3880 3418 ἀπο-

2277 3453 2535 3524 στρέψαι
2562 3455 2670 3508 τὸν
2691 3452 2882 3524 θυμὸν
2903 3453 3111 3519 αὐτοῦ,
3144 3455 3244 3509 καὶ
3272 3453 3407 3524 οὐχὶ
3435 3455 3726 3510 ἐκκαύσει
3755 3454 3876 3511 πᾶ·

2278 3563 2400 3600 σαν
2431 3545 2547 3615 τὴν
2580 3546 2768 3617 ὀργὴν
2795 3545 3131 3600 αὐτοῦ.Ἔτι
3177 3546 3288 3618 γὰρ
3329 3547 3452 3600 τότε
3498 3546 3878 3620 μακροθύμως

2277 3639 2476 3703 αὐτοὺς
2504 3639 2698 3708 ἐφερεν
2729 3637 2882 3691 οὔπω
2906 3638 2984 3701 εἰς
3007 3637 3161 3702 τέλος
3209 3638 3404 3703 αὐτοὺς
3455 3637 3874 3710 ἀπωθούμενος.

2279 3731 2435 3784 Κατὰ
2479 3730 2536 3784 δέ
2585 3729 2677 3784 τὸν
2720 3729 3041 3801 Σύμμαχον·
3077 3729 3290 3796 Αὐτὸς,
3336 3731 3520 3801 φησὶν,
3566 3730 3870 3800 ἐλεήμων,

2277 3821 2622 3887 ἐξιλάσκων
2653 3823 2961 3892 ἁμαρτίας,
2990 3823 3085 3877 καὶ
3111 3822 3197 3892 μὴ
3231 3822 3604 3893 διαφθείρων.
3630 3823 3744 3877 Kal
3763 3823 3871 3876 ἐπι

2279 3915 2438 3970 πολὺ
2469 3915 2853 3986 ἀπέστρεψεν
2881 3915 2994 3984 τὴν
3022 3916 3212 3986 ὀργὴν
3238 3917 3444 3982 αὐτοῦ,
3479 3917 3579 3972 καὶ
3630 3919 3703 3972 οὐ
3737 3916 3872 3986 διή-

2279 4025 2473 4088 γειρεν
2518 4007 2667 4062 ὅλον
2712 4009 2820 4063 τὸν
2852 4007 3043 4078 θυμὸν
3068 4009 3273 4065 αὐτοῦ.
3292 4010 3416 4063 Ἐπὶ
3447 4009 3657 4074 τούτοις
3683 4009 3871 4064 ἄλλοτι

2279 4101 2458 4155 αὐτῶν
2507 4105 2806 4175 κατηγορεῖ
2845 4102 3052 4171 λέγων·
3091 4103 3201 4156 Kal
3245 4103 3540 4173 ἐμνήσθη,
3567 4103 3657 4157 ὅτι
3705 4103 3871 4172 σάρξ

2277 4192 2416 4255 εισι,
2465 4191 2708 4261 πνεῦμα
2757 4193 3164 4262 πορευόμενον
3206 4193 3304 4247 καὶ
3337 4195 3448 4248 οὐκ
3473 4192 3862 4264 ἐπιστρέφον.

2290 4281 2505 4353 Ἐπειδὴ
2548 4283 2657 4354 γὰρ
2701 4285 2734 4338 ό
2777 4283 3155 4354 κολλώμενος
3193 4282 3272 4350 τῷ
3303 4285 3501 4352 Κυρίῳ
3529 4283 3600 4340 ἐν
3626 4285 3866 4356 πνεῦμά

2277 4373 2429 4440 ἐστι,
2474 4374 2572 4428 καὶ
2613 4377 2646 4430 ὀ
2678 4357 3058 4446 κολλώμενος
3085 4375 3160 4445 τῇ
3187 4377 3368 4446 σαρκὶ
3399 4375 3466 4431 ἓν
3502 4378 3676 4448 σῶμα
3708 4379 3867 4448 τίνε-

2278 4483 2394 4532 ται,
2418 4468 2644 4532 εἰκότως
2677 4467 2936 4540 κρεώδεις
2967 4469 3118 4534 τινὰς
3144 4470 3237 4523 καὶ
3263 4470 3562 4542 σαρκώδεις
3584 4472 3750 4542 φησὶν
3769 4473 3868 4532 ab-

2277 4561 2404 4624 τοὺς
2433 4561 2712 4630 γεγονέναι
2758 4561 2848 4616 διά
2889 4563 2951 4616 τὸ
2997 4561 3275 4634 φιλήδονον
3321 4564 3414 4616 καὶ
3464 4562 3865 4634 φιλοσώματον,

2279 4652 2374 4707 καὶ
2391 4651 2564 4717 οὕτως
2589 4655 2787 4718 αὐτοὺς
2812 4655 3064 4724 γενέσθαι
3088 4655 3313 4726 σάρκας.
3333 4656 3422 4709 Διό
3441 4673 3628 4726 φησιν·
3663 4658 3869 4726 Ἐμνή-

583 4735 675 4798 lis.
703 4743 757 4792 et
789 4737 962 4792 ruinae
990 4738 1287 4796 obnoxius.
1323 4738 1485 4796 Tales
1517 4749 1675 4798 erant
1706 4741 1783 4796 illi
1814 4750 2061 4814 tempore
2090 4743 2176 4798 di-

2282 4743 2398 4810 σθη
2449 4741 2536 4795 ὅτι
2582 4742 2740 4812 σάρξ
2785 4745 2926 4797 εἱσι.
2960 4743 3082 4808 Πῶς
3108 4745 3166 4798 δὲ
3196 4745 3396 4815 σάρκες
3423 4741 3564 4818 ἦσαν
3609 4747 3866 4817 διασαφεῖ

585 4828 718 4883 luvii
778 4830 846 4886 de
887 4831 1089 4902 quibus
1137 4831 1339 4888 dicitur
1373 4851 1386 4887 :
1422 4832 1546 4888 Non
1577 4836 1902 4903 permanebit
1957 4838 2172 4906 spiritus

585 4937 729 4976 meus
759 4923 812 4976 in
840 4921 1160 4991 hominibus,
1187 4925 1312 4996 quia
1355 4942 1542 4980 carnes
1577 4938 1700 4980 sunt
1721 4926 1766 4958 “
1792 4945 1806 4992 ;
1839 4928 1914 4983 ita
1945 4938 2002 4982 ut
2028 4928 2170 4984 alius

583 5013 660 5068 sit
688 5014 921 5084 spiritus
949 5013 1172 5072 divinus
1199 5016 1360 5072 initio
1392 5017 1708 5076 hominibus
1741 5018 1986 5084 inditus;
2027 5020 2168 5076 alius

583 5120 715 5160 vero
739 5105 969 5175 spiritus
998 5108 1204 5164 carnis.
1237 5107 1374 5163 Nam
1415 5110 1644 5180 spiritus
1675 5111 1859 5167 carnis
1888 5113 2014 5170 talis
2045 5113 2166 5169 fue-

587 5199 660 5252 rit
689 5199 870 5269 qualis
903 5200 993 5256 ille
1025 5201 1118 5271 qui
1151 5201 1206 5256 in
1235 5202 1411 5259 brutis
1441 5211 1544 5269 est,
1577 5203 1806 5275 spiritus
1833 5205 2042 5261 scilicet
2071 5221 2168 5260 va-

583 5289 722 5346 dens
771 5301 825 5347 et
870 5307 981 5348 non
1030 5293 1269 5350 rediens.
1305 5295 1488 5364 Ipsum
1525 5312 1656 5352 vero
1686 5297 1908 5368 praprio
1949 5297 2172 5352 nomine

585 5381 926 5449 prudentiam
951 5385 1130 5440 carnis
1160 5394 1321 5441 vocat
1351 5387 1671 5458 Apostolus,
1706 5405 1829 5445 cum
1865 5390 1942 5444 ait
1977 5410 1989 5446 :
2027 5389 2171 5444 Nam

584 5473 868 5544 prudentia
911 5476 1086 5530 carnis
1121 5476 1403 5532 inimicitia
1432 5488 1512 5532 est
1560 5480 1616 5533 in
1664 5479 1826 5534 Deum
1858 5496 1876 5534 :
1904 5481 2004 5550 legi
2034 5481 2173 5534 enim

586 5564 684 5620 Dei
710 5583 814 5619 non
835 5565 1140 5636 subjicitur,
1169 5583 1328 5636 neque
1355 5568 1490 5622 enim
1512 5579 1700 5638 potest.
1741 5570 2029 5626 Prudentia
2055 5588 2173 5625 vero

584 5655 825 5723 spiritus,
860 5657 967 5710 vita
993 5665 1044 5711 et
1071 5671 1179 5725 pax
1195 5657 1261 5714 ³³.
1291 5655 1382 5714 Sic
1411 5673 1576 5729 porro
1605 5661 1697 5730 qui
1728 5667 2052 5717 incusantur
2074 5677 2172 5716 ca-

660 5777 698 5806 ³¹
735 5777 878 5833 Psal.
912 5795 1061 5839 xxxi.
1097 5780 1150 5845 9,
1189 5781 1272 5836 l0.

587 5847 630 5878 "
665 5846 821 5905 Ronn.
854 5867 968 5915 \‘lll,
1001 5849 1055 5908 6.
1092 5851 1139 5905 7.

1383 5783 1425 5813 "
1459 5781 1647 5836 Matth.
1685 5798 1773 5846 xv,
1805 5782 1858 5848 8,
1892 5780 1992 5849 9.;
2052 5782 2154 5840 lsa.
2190 5801 2315 5840 xxix
2342 5827 2354 5847 ,
2418 5787 2495 5841 ιδ.

2278 4833 2452 4903 λέγων
2505 4834 2660 4905 ἑξῆς·
2701 4835 2942 4904 Πνεῦμα
2985 4837 3393 4905 πορευόμενον
3437 4837 3534 4890 καὶ
3576 4839 3687 4891 οὐκ
3738 4837 3866 4890 ἐπι-

2278 4924 2562 4994 στρέφον.
2599 4925 2670 4978 Τὸ
2697 4925 2806 4996 γὰρ
2837 4924 3054 4996 πνεῦμα
3078 4925 3176 4996 τῆς
3207 4927 3406 4998 σαρκὸς
3442 4926 3704 4990 τοιοῦτον,
3732 4926 3867 4996 γεῶ·

2249 4995 2362 5080 Χδες
2397 5018 2490 5070 καὶ
2535 5016 2727 5088 θνητὸν
2775 4995 2870 5071 καὶ
2914 4995 3308 5089 ἀπολλύμενον.
3337 5019 3580 5073 Τοιοῦτοι
3625 5019 3685 5073 δέ
3716 4995 3866 5081 τινες

2271 5109 2589 5179 γεγόνεισαν
2638 5110 2733 5164 καὶ
2783 5111 2834 5162 al
2885 5110 2980 5164 ἐπὶ
3029 5109 3127 5164 τοῦ
3180 5109 3594 5182 κατακλυσμοῦ,
3623 5112 3754 5184 περὶ
3786 5104 3871 5170 ὧν,

2269 5202 2456 5276 εἴρητο
2478 5217 2493 5232 ·
2537 5203 2618 5256 οὐ
2645 5201 2732 5272 μὴ
2766 5203 3092 5274 καταμείνῃ
3132 5203 3199 5257 τὸ
3233 5204 3472 5275 πνεῦμά
3495 5222 3616 5274 μου
3642 5204 3714 5258 ὲν
3737 5203 3862 5272 τοῖς

2273 5296 2624 5364 ἀνθρώποις,
2653 5295 2752 5349 διὰ
2773 5295 2836 5350 τὸ
2859 5292 3013 5351 εἶναι
3035 5297 3256 5364 αὐτοὺς
3277 5297 3509 5367 σάρκας
3530 5315 3540 5327 ·
3571 5298 3646 5363 ὡς
3673 5297 3867 5371 ἐτέρου.

2279 5389 2378 5458 μὲν
2418 5388 2570 5452 ὄντος
2617 5389 2712 5442 τοῦ
2745 5388 2888 5442 θείου
2926 5391 3236 5463 πνεύματος
3267 5393 3360 5446 τοῦ
3404 5392 3524 5446 κατ’
3553 5391 3729 5464 ἀρχὰς
3773 5392 3862 5444 ἀν-

2275 5477 2515 5552 θρώποις
2545 5480 2998 5551 ἐμπνευσθέντος,
3029 5483 3216 5556 ἐτέρου
3271 5483 3330 5538 δὲ
3373 5483 3468 5538 τοῦ
3518 5483 3619 5554 τῆς
3662 5481 3862 5556 σαρκὸς

2277 5571 2602 5642 πνεύματος.
2632 5573 2704 5627 Τό
2731 5572 2797 5643 γέ
2827 5591 2909 5628 τοι
2934 5575 3034 5646 τῆς
3063 5575 3262 5647 σαρκὸς
3293 5580 3508 5648 πνεῦμα
3532 5575 3765 5630 τοιοῦτον
3795 5575 3860 5629 ἂν

2273 5664 2384 5735 εἴη,
2415 5658 2527 5718 οἷον
2581 5665 2782 5724 καὶτὸ
2833 5667 2893 5721 ἐν
2937 5669 3050 5732 τοῖς
3092 5667 3306 5738 ἀλόγοις
3350 5667 3528 5734 ζώοις,
3559 5669 3695 5738 ὅπερ
3740 5667 3857 5721 ἐστὶ

2604 5788 2852 5845 3i'lCor.
2915 5805 2990 5854 γι,
3055 5789 3268 5851 16,17.
3381 5793 3426 5824 “
3462 5792 3598 5849 Gen.
3656 5807 3742 5854 γι,
3801 5789 3868 5854 3,
