4078 6934
221 365 332 424 925

1321 361 1828 420 (ΖΟΜῊΕΝΤΑΒΙΑ
1863 361 1928 418 ΙΝ
1967 361 2310 420 PSALMOS.

3389 367 3496 422 926

217 483 442 554 πνεῦμα
471 481 834 556 πορευόμενον
877 481 972 536 καὶ
1017 481 1116 536 οὐκ
1159 481 1805 556 ἔπιστρέφον.’ονομάζει

1922 499 1976 540 ro
2011 484 2142 540 facti
2175 493 2326 550 sunt,
2345 483 2494 554 quod
2525 497 2730 554 corpus
2761 481 3088 556 diligerent;
3113 491 3172 536 ut
3197 479 3500 552 iustissime

215 577 280 630 δὲ
305 575 436 630 αὐτὸ
462 573 650 646 οἰκείῳ
675 573 900 646 ὀνόματι
929 577 960 630 ό
995 575 1336 642 Ἀπόστολος,
1363 577 1638 648 φρόνημα
1663 591 1810 646 σορ-

215 669 432 734 κεὲς,ὲν
473 661 556 730 οἷς
599 683 762 738 φησιο
825 669 894 722 Τὸ
947 667 1060 738 γὰρ
1107 669 1384 738 φρόνημα
1435 667 1546 736 τῆς
1585 671 1812 738 σαρκὸς

213 763 412 830 ἔχθρα
431 761 520 826 είς
547 761 696 814 Θεόν
715 777 728 790 ·
761 757 842 824 τῷ
877 761 988 828 γὰρ
1017 761 1178 830 νόμῳ
1201 759 1308 816 τοῦ
1345 759 1494 814 Θεοῦ
1518 763 1634 830 οὐχ
1663 763 1812 816 ὑπο-

1913 575 1982 630 de
2013 575 2122 632 illis
2149 575 2366 630 dicatur
2393 593 2406 630 :
2435 573 2608 628 Homo
2637 589 2756 628 cum
2783 573 2840 628 in
2869 573 3062 628 honore
3087 583 3242 634 esset.
3277 589 3382 628 non
3409 573 3498 626 in-

1915 667 2136 732 tellexit,
2163 676 2502 736 comparatus
2529 675 2608 720 est
2629 665 2884 736 jumentis
2913 663 3304 732 insipientibus,
3337 673 3386 720 et
3419 663 3498 718 si-

1917 763 2060 816 milis
2093 761 2268 830 {actus
2293 769 2372 814 est
2403 759 2512 814 illis
2527 759 2590 814 ³⁸.

215 853 532 918 τάσσεται,
561 853 706 908 οὐδὲ
741 851 850 922 γὰρ
881 853 1130 908 δύναται
1151 869 1164 882 ·
1199 853 1266 908 τὸ
1303 853 1374 906 δὲ
1401 855 1678 924 φρόνημα
1709 855 1816 912 τοῦ
1853 857 2194 926 πνεύματος
2227 853 2338 924 ζωὴ
2379 855 2474 908 καὶ
2507 853 2738 922 εἰρήνη.
2769 851 2924 906 Οὕτω
2949 851 3006 904 δὲ
3037 849 3238 924 σάρκες
3273 851 3324 904 οι
3377 867 3500 904 κατ-

215 945 580 1020 ηγορούμενοι
625 947 940 1016 γεγόνεισαν
986 949 1052 1002 ἐκ
1095 947 1190 1000 τοῦ
1237 945 1672 1018 φιλοσωματεῖν·
1701 949 1778 1014 ὡς
1815 951 1908 1004 καὶ
1969 948 2097 1020 περὶ
2149 947 2330 1002 αὐτῶν
2395 945 2710 1000 δικαιότατα
2735 943 2802 998 ἂν
2829 943 3082 1015 εἰρῆσθαι
3113 943 3208 996 τό·
3247 943 3498 1012 Ἀνθρω-

216 1053 338 1105 πος
373 1039 446 1092 ἐν
475 1037 613 1108 τιμῇ
649 1035 736 1092 ὢν
761 1039 830 1092 οὐ
859 1039 1112 1106 συνῆκε,
1139 1039 1650 1110 παρασυνεϐλήθη
1681 1041 1810 1108 τοῖς
1845 1041 2096 1112 κτήνεσι
2121 1039 2246 1106 τοῖς
2271 1037 2570 1108 ἀνοήτοις,
2607 1037 2706 1090 καί
2737 1035 3000 1106 ὡμοιώθη
3027 1031 3250 1100 αὐτοῖς.

301 1151 566 1220 Ποσάκις
613 1151 1066 1222 παρεπίκραναν
1115 1153 1304 1208 αὑτὸν
1351 1154 1424 1208 ἐν
1469 1153 1544 1224 τῇ
1591 1153 1810 1224 ἐρήμῳ,

213 1241 610 1314 παρώρτισαν
637 1243 826 1298 αὐτὸν
855 1243 926 1298 ἐν
951 1243 1028 1316 τῇ
1067 1245 1306 1315 ἀνύδρῳ
1333 1245 1354 1300 .'
1393 1245 1504 1300 Kal
1531 1245 1814 1316 ἐπέστρε-

211 1335 353 1400 ψαν
373 1333 470 1388 καὶ
501 1333 830 1404 ἐπείρασαν
859 1335 966 1390 τὸν
999 1335 1168 1404 Θεὸν,
1199 1337 1298 1392 καὶ
1329 1337 1438 1392 τὸν
1469 1337 1678 1408 "Ay-tor
1703 1337 1812 1392 τοῦ

227 1423 478 1494 Ἰσραὴλ
507 1425 890 1494 παρώξυναν.
929 1429 1052 1482 οὐκ
1093 1427 1496 1498 ἐμνήσθησαν
1543 1427 1652 1498 τῆς
1693 1445 1814 1500 χει-

205 1517 326 1584 ρὸς
355 1515 564 1580 αὐτοῦ,
595 1515 824 1586 ἡμέρας
847 1513 926 1588 ἧς
949 1517 1328 1590 ἐλυτρώσατο
1361 1519 1584 1588 αὐτοὺς
1607 1519 1676 1574 ἐκ
1699 1537 1818 1590 χει-

205 1608 326 1676 ρὸς
357 1611 806 1678 θλίϐωτος.”Ως
845 1613 1014 1668 ἔθετο
1049 1613 1122 1666 ἐν
1149 1613 1426 1684 Αἰγύπτῳ
1469 1611 1540 1668 τὰ
1587 1613 1814 1684 σημεῖα

205 1703 436 1768 αὑτοῦ,
469 1703 570 1758 καὶ
621 1705 694 1760 τὰ
733 1703 950 1774 τέρατα
993 1705 1182 1758 αὐτοῦ
1225 1704 1286 1758 ἐν
1351 1703 1536 1770 πεδίῳ
1567 1703 1814 1771 Τάνεως.

209 1797 646 1866 Μετέστρεψεν
675 1799 762 1864 εὶς
793 1793 936 1868 αἷμα
965 1797 1104 1864 τοὺς
1131 1797 1438 1868 ποταμοὺς
1465 1795 1684 1860 αὐτῶν,
1715 1797 1814 1852 καὶ

211 1889 296 1944 τὰ
347 1889 692 1960 όμϐρήματα
739 1889 938 1944 αὐτῶν
973 1889 1134 1956 ὅπως
1172 1889 1254 1958 μὴ
1301 1891 1544 1944 πίωσιν.
1573 1889 1818 1954 Ὲξαπέοο

1987 1153 2154 1210 Vens.
2183 1151 2254 1208 40
2277 1181 2300 1192 -
2320 1151 2410 1208 48.
2455 1151 2674 1218 Quoties
2699 1149 3142 1204 exacerbauerunt
3179 1163 3298 1202 eum
3331 1147 3386 1200 in
3409 1147 3500 1200 de-

1915 1259 2078 1312 serto,
2109 1247 2164 1302 in
2191 1247 2328 1301 iram
2364 1245 2760 1300 concitaverunt
2787 1259 2906 1296 eum
2935 1243 2988 1296 in
3022 1251 3162 1295 terra
3199 1239 3502 1310 inaquosa!

1921 1341 1986 1396 Et
2033 1343 2272 1396 conuersi
2321 1349 2444 1395 sunt
2491 1349 2542 1394 et
2589 1321 2918 1392 tentauerunt
2949 1335 3140 1400 Deum,
3167 1345 3218 1388 et
3243 1335 3502 1390 Sanctum

1917 1433 2096 1488 Israel
2133 1429 2602 1486 exaoerbauerunt.
2646 1425 2770 1482 Non
2816 1435 2940 1482 sunt
2993 1427 3258 1481 recordati
3313 1441 3502 1478 manus

1911 1527 2048 1596 ejus,
2082 1523 2188 1579 diei
2215 1539 2318 1595 qua
2349 1521 2566 1576 redemit
2591 1537 2678 1578 eos
2709 1519 2774 1576 de
2801 1535 2964 1574 manu
2991 1517 3322 1572 tribulantis.
3355 1515 3502 1572 Sicut

1913 1617 2090 1689 posuit
2115 1617 2170 1670 in
2197 1615 2432 1686 Egypto
2463 1615 2616 1686 signa
2645 1631 2766 1678 sua,
2791 1621 2840 1668 et
2865 1609 3113 1682 prodigia
3139 1627 3238 1664 sua
3273 1609 3328 1664 in
3359 1625 3504 1662 cam-

1913 1727 1982 1782 po
2007 1709 2234 1765 Tantos.
2267 1707 2536 1763 Convertit
2573 1707 2630 1762 in
2665 1707 2978 1778 sanguinem
3023 1703 3250 1774 ﬂumina
3297 1719 3502 1764 eorum.

1913 1811 1966 1856 et
1991 1801 2182 1855 imbres
2209 1815 2392 1855 eorum
2421 1815 2484 1854 ne
2507 1797 2760 1854 biberent.
2793 1795 2944 1850 Misit
2971 1797 3024 1849 in
3049 1811 3136 1850 eos
3159 1793 3505 1864 canomyiam

1917 1903 1966 1948 et
2001 1893 2224 1948 comedit
2255 1909 2368 1958 eos,
2393 1901 2444 1948 et
2473 1907 2668 1946 ranam
2695 1899 2746 1946 et
2767 1887 3086 1960 disperdidit
3116 1903 3226 1944 eos.
3261 1885 3326 1940 Et
3361 1885 3506 1940 dedit

211 1985 474 2058 στειλεν
499 1985 580 2050 εὶς
613 1981 836 2050 αὐτοὺς
865 1983 1200 2052 κυνόμυιαν
1225 1981 1326 2036 καὶ
1349 1981 1686 2052 κατέφαγεν
1709 1981 1816 2036 αὑ-

1922 1987 2144 2058 aarugini
2187 1986 2420 2056 fructum
2451 1999 2656 2050 eorum,
2691 1991 2742 2038 et
2783 1982 2992 2038 labores
3033 1997 3216 2036 eorum
3267 1981 3501 2036 locustw.

213 2073 400 2142 τοὺς,
427 2073 526 2128 καὶ
569 2073 884 2144 βάτραχον
913 2075 1012 2130 καὶ
1045 2073 1376 2144 διέφθειρεν
1421 2075 1666 2142 αὐτούς.
1703 2075 1816 2132 Kal

213 2167 416 2223 ἔδωκε
463 2165 540 2234 τῇ
587 2165 836 2234 ἐρυσίϐῃ
879 2165 986 2220 τὸν
1027 2165 1260 2236 καρπὸν
1287 2163 1506 2232 αὐτῶν,
1535 2163 1634 2220 καὶ
1675 2165 1818 2232 τοὺς

215 2259 458 2325 πόνους
487 2255 686 2312 αὐτῶν
719 2255 794 2326 τῇ
829 2257 1050 2326 ἀκριδι.
1081 2257 1192 2312 Καὶ
1219 2256 1572 2312 ἀπέκτεινεν
1611 2259 1683 2312 ἐν
1711 2275 1820 2328 χα-

215 2349 378 2420 λάζῃ
423 2351 536 2420 τὴν
573 2349 848 2420 ἄμπελον
883 2349 1112 2418 αὐτῶν,
1149 2349 1248 2404 καὶ
1289 2349 1397 2418 τὰς
1443 2351 1820 2422 συκαμίνους

215 2433 430 2502 αὐτῶν
455 2442 526 2496 ἐν
553 2439 628 2510 τῇ
653 2441 874 2512 πάχνη.
921 2441 1028 2498 Kal
1059 2441 1404 2510 παρέδωκεν
1439 2445 1526 2510 εὶς
1551 2443 1820 2514 χάλαζαν

215 2541 300 2596 τὰ
330 2541 520 2610 κτήνη
541 2541 759 2606 αὐτῶν,
779 2543 880 2598 καί
905 2541 1020 2608 τὴν
1037 2541 1298 2612 ὕπαρξιν
1321 2541 1522 2598 αὐτῶν
1545 2541 1626 2610 τῷ
1651 2543 1815 2612 πυρί.

215 2631 386 2688 Μετᾶ
417 2635 488 2688 τὰ
513 2633 876 2706 πφλεχοὲντα
907 2635 1086 2690 πάντα
1105 2631 1410 2706 παρέμενον
1439 2635 1818 2708 παραπικραί-

215 2741 430 2790 νοντες,
465 2725 708 2778 τουτέστι
745 2725 942 2798 πικρὸν
967 2727 1178 2790 ἑαυτοῖς
1205 2727 1298 2780 τὸν
1343 2727 1476 2780 Θεὸν
1523 2725 1824 2780 καθιστῶν-

209 2835 344 2884 ssc,
379 2817 616 2890 χρηστὸν
643 2817 772 2874 ὄντα
811 2821 878 2890 τῇ
911 2817 1070 2888 φύσει
1105 2819 1198 2872 καὶ
1243 2819 1446 2888 ἀγαθὸν
1475 2817 1568 2873 καὶ
1595 2817 1820 2888 γλυκὺν,

217 2913 344 2972 τοῖς
393 2909 452 2962 δὲ
491 2909 762 2982 τιμωρίας
801 2909 972 2976 ἀξίοις
1017 2909 1212 2982 πικρὸν
1257 2909 1632 2982 νομιζόμενον.
1663 2903 1822 2964 Οὗτοι

219 2993 366 3066 γοῦν
397 2995 446 3050 oi
483 2995 539 3050 ἒν
563 2999 628 3068 τῇ
665 2999 858 3070 ἐρήμῳ
891 2995 1248 3070 παρώργισαν
1277 2999 1472 3064 αὑτὸν,·
1485 3001 1700 3064 ἑαυτοῖς
1723 2999 1824 3072 τὴν

218 3087 404 3160 ὀργὴν
435 3087 828 3168 ἐπισπώμενοι.
857 3091 966 3144 Καὶ
989 3091 1150 3146 πάλιν
1183 3091 1520 3162 ἐπέστρεφον
1552 3091 1648 3146 καὶ
1669 3091 1822 3146 ἐπεί-

223 3181 400 3253 ραζον
431 3181 522 3236 τὸν
554 3181 706 3246 Θεὸν,
745 3183 840 3238 καὶ
873 3183 966 3238 τὸν
991 3185 1176 3254 Ἄγιον
1209 3185 1304 3240 τοῦ
1321 3183 1535 3258 Ἰσραὴλ
1565 3181 1822 3258 παρώξυ-

221 3289 344 3326 νον.
365 3273 476 3326 Kal.
495 3271 668 3328 ταῦτα
691 3273 869 3330 πάντα
893 3275 1216 3348 διέπραττον
1245 3277 1320 3350 μὴ
1351 3275 1822 3348 ἀναλαμδὼιοντες

223 3367 298 3436 τῇ
349 3367 540 3436 μνήμῃ
569 3365 668 3430 τὰς
715 3365 880 3422 πάλαι
907 3345 1211 3440 δειχθείσας
1247 3345 1438 3434 αυτοῖς
1485 3345 1824 3442 παραδόξους
1847 3345 1890 3401 C

225 3457 526 3529 δυνάμεις·
549 3459 670 3512 καθ’
697 3457 756 3514 ὃν
787 3461 978 3533 καιρὸν
997 3461 1362 3532 λυτρούμενος
1391 3461 1588 3526 αὐτοὺς
1617 3463 1684 3514 ὲκ
1705 3477 1822 3531 χει-

227 3551 330 3624 ρδς
377 3549 650 3618 θλίϐοντος
691 3551 786 3606 τοῦ
835 3553 1056 3626 Φαραὼ,
1083 3553 1378 3626 ἠλευθέρου
1399 3553 1500 3626 τῆς
1529 3553 1638 3606 τῶν
1661 3553 1826 3624 Λίγυ-

225 3643 410 3698 πτίων
441 3643 782 3710 δυναστείας,
811 3645 1084 3720 διαφόρως
1111 3647 1236 3710 τοὺς
1277 3645 1508 3718 ἐχθροὺς
1535 3645 1716 3700 αὐτῶν
1741 3647 1826 3700 al-

223 3735 520 3808 κιζόμενος
543 3741 600 3796 ἐν
623 3739 702 3810 τῲ
725 3739 942 3804 Τάνεως
969 3741 1134 3812 πεδίῳ
1155 3759 1168 3772 ·
1195 3741 1254 3794 ὲν
1273 3733 1318 3810 ᾧ
1343 3739 1560 3812 πρῶτον
1581 3739 1826 3810 ἐγίγνετο

223 3833 258 3902 ἡ
309 3829 408 3884 τοῦ
449 3831 696 3902 ποταμοῦ
729 3833 810 3898 είς
845 3827 982 3904 αἷμα
1013 3831 1304 3906 μεταϐολὴ,
1343 3833 1662 3902 Αἰγυπτίοις
1689 3827 1828 3886 οὖσα

117 3957 128 3966 -
223 3923 482 3994 τοιαύτη,
507 3925 568 3976 οὑ
601 3923 706 3996 μὴν
745 3925 838 3978 καὶ
865 3929 976 3990 τοῖς
1009 3921 1588 3996 βοηθουμένοις.”06εν
1621 3923 1716 3976 καὶ
1755 3921 1826 3976 τὰ

223 4013 570 4088 ὀμϐρήματα
607 4015 866 4088 aii-smmi}
915 4017 1058 4072 κατὰ
1103 4017 1194 4072 τον
1231 4015 1483 4080 Ἀκύλαν,
1515 4017 1574 4069 al
1605 4013 1826 4084 κατάρο

225 4107 390 4174 ῥοιαί
417 4103 634 4170 αὐτῶν,
663 4107 697 4176 ἢ
723 4109 864 4162 κατὰ
893 4109 984 4162 τὸν
1011 4109 1326 4180 Σύμμαχον,
1363 4107 1436 4162 τὰ
1469 4107 1676 4176 ῥεῖθρα
1721 4107 1828 4162 αὐ-

229 4195 394 4260 τῶν,
443 4195 800 4266 μετεϐάλλετο
851 4201 930 4264 είς
985 4193 1144 4272 αἷμα.
1205 4201 1362 4256 Πᾶσα
1411 4197 1521 4272 γὰρ
1569 4197 1826 4260 σύστασις

227 4289 450 4344 ὑδάτων
481 4289 550 4344 τὰ
586 4291 746 4360 ὃμοια
773 4289 850 4362 τῷ
877 4291 1106 4362 ποταμῷ
1149 4291 1406 4364 ἔπασχεν.
1427 4289 1588 4344 Ἀλλὰ
1621 4289 1826 4344 τούτων

227 4383 494 4454 οὐδεμίαν
535 4383 816 4436 ἐποιοῦντο
849 4385 1067 4458 μνήμην
1109 4386 1158 4440 οἱ
1185 4381 1672 4456 κατηγορούμενοι,
1705 4381 1826 4438 οὐδὲ

227 4478 296 4546 τῇ
321 4475 416 4528 διὰ
441 4475 542 4546 τῆς
573 4475 870 4546 κυνομυίας
899 4477 1020 4528 κατ’
1045 4477 1360 4545 Αἰγυπτίων
1390 4475 1572 4552 πληγῇ
1613 4479 1824 4548 προσεῖ-

229 4585 326 4636 χον
351 4565 446 4620 τὸν
471 4565 620 4632 νοῦν,
641 4567 760 4620 οὐδὲ
785 4571 851 4640 τῇ
873 4567 960 4622 διὰ
989 4567 1100 4622 τῶν
1121 4568 1406 4642 βατράχων
1435 4571 1680 4640 μάστιγι,
1701 4569 1826 4624 οὐδὲ

227 4661 298 4730 τῇ
317 4657 412 4712 διὰ
437 4659 540 4730 τῆς
567 4661 828 4734 ἐρυσίϐης
864 4661 962 4732 (1)’
1001 4661 1116 4716 ἀλλ’
1147 4663 1256 4716 οὐδ’
1289 4663 1436 4726 ὅπως
1467 4663 1538 4718 δι’
1559 4663 1756 4726 αὐτοὺς
1775 4663 1824 4718 οἱ

1919 2077 1988 2132 Et
2033 2077 2228 2134 occidit
2267 2079 2322 2132 in
2351 2075 2612 2150 grandine
2657 2075 2860 2130 vineam
2891 2091 3096 2138 eorum,
3133 2083 3184 2128 et
3211 2089 3388 2128 moros
3417 2089 3508 2128 eo-

1917 2187 2038 2226 rum
2065 2171 2122 2226 in
2142 2171 2358 2240 pruina.
2395 2169 2464 2224 Et
2497 2167 2718 2222 tradidit
2757 2167 3008 2238 grandini
3029 2167 3272 2238 jumenta
3301 2183 3504 2230 eorum,

1917 2277 1966 2322 et
2005 2263 2386 2336 possessionem
2437 2277 2618 2316 eorum
2667 2259 2794 2330 igni.
2829 2257 2958 2314 Post
3011 2259 3270 2330 praedicta
3295 2259 3504 2320 omnia,

1918 2357 2334 2418 exacerbantes,
2371 2353 2570 2424 inquit,
2607 2357 3054 2424 permanserunt,
3087 2351 3140 2406 id
3193 2359 3298 2414 est,
3335 2347 3504 2404 Deum

1919 2453 2026 2510 sibi
2075 2449 2334 2506 acerbum
2381 2447 2803 2510 constituentes,
2837 2445 2932 2514 qui
2967 2450 3152 2498 tamen
3189 2449 3508 2498 mansuetus

1917 2555 2138 2608 natura,
2175 2545 2354 2600 bonus
2395 2549 2450 2598 et
2475 2539 2656 2596 dulcis
2685 2547 2808 2606 est;
2843 2539 2938 2594 sed
2967 2537 3036 2592 ab
3071 2537 3140 2592 iis
3169 2535 3266 2608 qui
3299 2537 3510 2606 suppli-

1919 2641 2004 2696 cio
2029 2637 2180 2708 digni
2213 2643 2344 2692 sunt
2375 2633 2610 2690 acerbus
2635 2631 3007 2688 existimatur.
3041 2627 3106 2684 Hi
3141 2629 3306 2699 igitur
3331 2629 3424 2698 qui
3451 2629 3508 2682 in

1917 2729 2140 2784 deserto
2187 2725 2544 2780 irritaverunt
2589 2737 2738 2788 eum,
2785 2719 2892 2776 sibi
2943 2721 3080 2774 iram
3135 2727 3504 2774 attraxerant.

1919 2809 2272 2890 Rursumque
2301 2817 2656 2872 vertebantur
2691 2821 2752 2870 ut
2777 2821 3054 2870 tentarent
3075 2809 3268 2874 Deum,
3295 2821 3348 2866 et
3370 2809 3510 2868 San-

1921 2921 2072 2968 ctum
2097 2911 2264 2968 Israel
2291 2909 2706 2966 exacerbarent.
2731 2905 2860 2962 Haec
2883 2921 3052 2978 porro
3067 2905 3252 2960 omnia
3275 2901 3512 2974 agebant

1919 3005 2068 3078 quod
2097 3003 2380 3060 mirabiles
2401 3001 2522 3056 illas
2551 2999 2656 3056 sibi
2679 2999 2812 3054 olim
2839 2995 3118 3054 exhibitas
3143 2993 3374 3049 virtutes
3395 3009 3510 3048 me-

1921 3098 2096 3154 moria
2122 3111 2234 3152 non
2263 3099 2574 3166 repeterent
2603 3109 2620 3148 :
2653 3105 2766 3162 quo
2799 3099 3046 3162 tempore
3075 3085 3146 3144 de
3181 3101 3346 3142 manu
3369 3083 3512 3140 Pha-

1923 3191 2109 3246 raonis
2141 3205 2202 3246 se
2225 3185 2590 3260 opprimentis
2619 3183 2854 3242 redemit
2881 3197 3000 3248 eos.
3033 3191 3088 3238 et
3120 3181 3188 3236 ab
3221 3179 3511 3252 Egyptia-

1923 3297 2044 3336 rum
2077 3280 2362 3336 dominatu
2397 3277 2666 3344 liberavit,
2698 3275 2992 3346 variasque
3037 3271 3276 3328 inimicis
3321 3285 3512 3328 eorum

1923 3377 2124 3434 inﬂixit
2149 3377 2340 3448 plagas
2369 3377 2425 3430 in
2459 3389 2656 3446 campo
2689 3371 2904 3428 Taneos
2935 3389 2948 3424 :
2989 3369 3082 3424 ubi
3123 3367 3300 3440 primo
3331 3365 3514 3422 conti-

1925 3473 2004 3544 git
2053 3471 2294 3526 ﬂuminis
2343 3469 2400 3524 in
2455 3467 2780 3540 sanguinem
2831 3463 3086 3526 mutatio,
3119 3477 3240 3532 quae
3291 3459 3514 3532 quidem

1927 3563 2202 3636 Egyptiis
2247 3563 2378 3618 talis
2423 3569 2562 3626 erat,
2591 3573 2700 3614 non
2721 3563 2908 3614 autem
2937 3555 3007 3612 iis
3035 3553 3128 3626 qui
3152 3553 3512 3624 iuvabantur.

1927 3655 2108 3722 Quare
2143 3655 2348 3712 imbres
2379 3667 2602 3724 quoque
2629 3665 2842 3718 eorum,
2875 3647 2992 3706 sive
3017 3645 3322 3704 secundum
3345 3645 3518 3716 Aqui~

1925 3743 2056 3810 lam,
2089 3743 2272 3814 ﬂuxus
2291 3757 2506 3806 eorum;
2525 3741 2642 3798 sive
2665 3737 2968 3796 secundum
2995 3735 3410 3810 Symmachum,
3431 3735 3518 3788 al-

1927 3839 2006 3892 uei
2031 3853 2236 3902 eorum,
2267 3835 2322 3890 in
2352 3835 2674 3908 sanguinem
2711 3831 3086 3889 vertebantur.
3099 3829 3292 3884 Omnis
3317 3827 3518 3900 quippe

1927 3945 2194 4002 aquarum
2245 3929 2522 3992 collectio,
2557 3926 2710 3998 paria
2749 3923 2962 3982 ﬂumini
3011 3937 3176 3994 passa
3223 3929 3330 3978 est.
3361 3919 3432 3978 At
3477 3921 3516 3976 il

1925 4023 2020 4094 qui
2065 4029 2420 4086 accusantur,
2441 4021 2647 4076 nullam
2699 4033 2890 4074 eorum
2943 4015 3266 4072 memoriam
3313 4015 3518 4070 retine-

1927 4113 2080 4176 bant,
2111 4127 2290 4182 neque
2339 4111 2524 4166 animo
2577 4107 2898 4180 repetebant
2933 4105 3260 4179 cmnomyia:
3301 4105 3515 4176 plagam

1927 4203 2202 4278 A'Igyptiis
2235 4203 2566 4266 immissam,
2603 4217 2712 4260 non
2743 4215 3004 4256 ranarum
3035 4213 3216 4270 neque
3257 4197 3518 4270 aeruginis

1925 4297 2236 4366 ﬂagellum;
2287 4293 2384 4352 sed
2445 4309 2624 4364 neque
2673 4307 2782 4364 qua
2831 4291 3050 4346 ratione
3093 4289 3312 4344 illorum
3341 4287 3518 4360 gratia

1927 4387 2170 4462 ngyptii
2217 4387 2466 4452 locustae,
2499 4381 3013 4456 grandini,pruina3
3063 4389 3120 4436 et
3169 4379 3280 4450 igni
3333 4377 3517 4434 traditi

1925 4481 2364 4554 castigabantur.
2383 4477 2590 4532 Horum
2625 4475 3060 4548 experimentum
3083 4487 3208 4528 cum
3229 4485 3394 4544 opere
3423 4485 3518 4528 ce-

1929 4575 2160 4646 pissent,
2193 4575 2546 4628 immemores
2597 4581 2780 4624 tamen
2829 4567 3074 4623 omnium
3121 4571 3300 4620 erant.
3337 4563 3520 4630 Quare

1932 4665 2236 4722 secundum
2275 4659 2668 4734 Symmachum
2715 4657 2928 4714 dictum
2957 4667 3042 4712 est
3077 4675 3092 4712 :
3133 4653 3256 4710 Non
3285 4663 3408 4710 sunt
3437 4671 3522 4710 re-

229 4751 526 4820 Αἰγύπτιοι
565 4753 748 4826 ἀκρίδι
793 4755 888 4808 καὶ
939 4755 1172 4830 χαλάζῃ,
1203 4757 1298 4812 καὶ
1339 4755 1520 4828 πάχνη
1549 4757 1644 4812 καὶ
1689 4755 1822 4828 πυρὶ

1931 4755 2140 4812 cordati
2183 4771 2372 4808 manus
2418 4753 2556 4822 ejus,
2589 4753 2694 4806 diei
2717 4767 2822 4824 qua
2851 4749 3094 4804 liberavit
3135 4765 3222 4804 eos
3253 4747 3316 4802 de
3345 4745 3520 4801 tribu-

230 4845 636 4916 παραδοθέντες
667 4847 1000 4914 ἐκολάζοντο.
1037 4849 1256 4904 Τούτων
1287 4849 1332 4906 δ’
1361 4849 1544 4922 ἔργοις
1579 4847 1676 4920 τὴν
1707 4849 1826 4904 πεῖ-

231 4951 338 5010 ραν
387 4935 692 5008 εἰληφότες,
723 4941 1034 5014 ἀμνήμονες
1074 4941 1334 4998 ἁπάντων
1385 4943 1682 5012 ἐγίγνοντο.
1733 4941 1825 4994 Διὸ

229 5029 374 5084 κατὰ
403 5027 498 5084 τὸν
529 5029 822 5104 Σύμμαχον
865 5033 1080 5106 εἴρηται
1099 5051 1112 5064 ·
1151 5037 1274 5089 Οὐκ
1307 5033 1826 5106 ἀνεμιμνήσκοντο

229 5121 348 5190 τὴν
393 5121 570 5194 χεῖρα
611 5123 813 5188 αὐτοῦ,
837 5125 950 5194 τὴν
975 5125 1204 5196 ἡμέραν
1227 5127 1299 5182 ἑν
1323 5123 1364 5200 ᾖ
1393 5127 1688 5196 ἐρῤύσατο
1719 5127 1826 5182 αὐ-

225 5211 372 5280 τοὺς
405 5213 484 5268 ἐκ
517 5215 624 5268 τοῦ
653 5217 996 5284 θλίϐοντος·
1039 5217 1144 5272 τοῦ
1187 5219 1556 5286 ποιήσαντος
1599 5217 1672 5274 τὰ
1711 5233 1826 5286 ση-

229 5303 364 5370 μεῖα
399 5305 595 5360 αὐτοῦ
629 5305 730 5360 καὶ
761 5305 834 5362 τὰ
863 5307 1076 5377 τέρατα
1106 5311 1294 5366 αὐτοῦ
1321 5311 1392 5366 ἐν
1413 5313 1712 5382 Αἰγύπτῳ,
1755 5313 1828 5366 ἐν

231 5397 416 5464 πεδίῳ
475 5397 730 5468 Τάνεως·
763 5399 870 5454 τοῦ
909 5403 1350 5472 μεταϐαλόντος
1391 5407 1478 5472 είς
1517 5399 1660 5476 clpa
1687 5405 1828 5472 τοὺς

235 5491 544 5560 ποταμοὺς
593 5491 816 5560 αὐτῶν,
843 5493 942 5548 καὶ
991 5495 1064 5552 τὰ
1101 5496 1308 5566 ῥεῖθρα
1353 5495 1572 5564 αὐτῶν,
1601 5497 1704 5554 ἵνα
1735 5495 1826 5568 μὴ

237 5583 424 5638 ,πίωσι
443 5601 460 5616 ·
489 5583 596 5638 τοῦ
623 5583 1074 5656 ἐπιπέμψαντος
1109 5585 1316 5656 αὐτοῖς
1347 5589 1682 5660 κυνόμυιαν
1713 5603 1826 5656 sca-

247 5689 250 5692 “
311 5697 356 5728 ³⁸
381 5699 526 5754 Psal.
559 5715 750 5766 xum,
773 5701 864 5760 2|.

315 5811 392 5884 (l)
427 5811 526 5868 Ms.
557 5811 838 5888 ὲρισύσης.

1931 4851 2100 4914 lante,
2125 4849 2242 4920 ejus
2295 4847 2386 4918 qui
2417 4847 2562 4916 fecit
2613 4847 2768 4917 signa
2813 4861 2914 4900 sua
2955 4851 3006 4898 et
3053 4841 3296 4912 prodigia
3323 4857 3424 4896 sua
3465 4841 3522 4894 in

1931 4943 2186 5016 Egypto,
2223 4941 2278 4994 in
2305 4955 2492 5010 campo
2511 4937 2752 5001 Taneos;
2775 4939 2866 5009 qui
2893 4935 3192 4990 immutavit
3225 4933 3278 4988 in
3313 4931 3524 5004 sangui-

1931 5051 2048 5092 nem
2076 5035 2302 5104 ﬂumina
2335 5049 2538 5100 eorum,
2571 5043 2618 5086 et
2650 5031 2822 5086 alveos
2857 5045 3038 5086 eorum
3063 5037 3240 5082 utnon
3259 5025 3520 5088 biberent;

1931 5127 2022 5199 qui
2063 5125 2206 5180 misit
2237 5127 2365 5194 ipsis
2409 5123 2760 5194 canonayiam
2809 5121 2876 5175 ad
2909 5117 3285 5174 comedendum
3327 5131 3438 5176 eos,
3471 5125 3522 5166 et

1931 5233 2124 5272 ranam
2157 5215 2228 5270 ad
2263 5213 2670 5284 disperdendum
2698 5227 2822 5276 eos;
2869 5211 2958 5280 qui
2983 5207 3130 5262 dedit
3157 5205 3378 5276 aerugini
3403 5203 3524 5274 fru-

1929 5319 2046 5362 ctus
2077 5323 2260 5362 eorum
2289 5315 2340 5362 et
2373 5305 2580 5360 labores
2609 5319 2790 5358 eorum
2823 5301 3074 5364 locustw;
3103 5297 3194 5370 qui
3249 5295 3434 5350 occidit
3467 5295 3522 5346 in

1927 5401 2186 5472 grandine
2227 5401 2434 5456 vineam
2479 5415 2682 5464 eorum,
2713 5409 2764 5452 et
2787 5411 3090 5468 sycomoros
3113 5407 3294 5448 eorum
3323 5391 3376 5442 in
3405 5403 3522 5440 rer-

1931 5509 2048 5558 me;
2077 5493 2166 5562 qui
2197 5489 2420 5546 tradidit
2443 5491 2578 5560 pesti
2595 5489 2842 5560 jumenta
2871 5501 3074 5550 eorum,
3097 5493 3146 5538 et
3169 5481 3522 5552 possessiones

1929 5603 2110 5642 eorum
2143 5585 2348 5644 avibus.
2383 5583 2486 5644 Pro
2511 5585 2604 5642 illo
2647 5593 2850 5648 autem,
2885 5579 3128 5650 wrugini,
3161 5573 3526 5648 Symmachus
