4078 6934
3829 344 3972 400 εεε

579 349 686 408 927
1236 345 1508 406 EUSEBII
1566 345 2054 404 CESARIENSIS
2091 344 2244 406 OPP.
2292 347 2472 408 PARS
2512 347 2601 406 Ill.
2629 380 2696 391 —-
2735 345 3148 405 EXEGETICA.

582 492 840 547 similiter
869 500 1111 562 ταμιείαν,
1147 489 1264 546 sive
1289 491 1560 562 atrugini;
1591 489 1788 561 Aquila
1819 499 2024 556 autem,
2057 490 2180 546 bru-

2288 493 2408 564 rei'r
2443 492 2687 560 αὐτοὺς,
2731 491 2831 547 καὶ
2869 490 3182 560 βάτραχον
3227 487 3555 558 διαφθεῖραι
3610 486 3912 551 αὐτούς
3943 502 3966 517 ο

580 584 696 652 alio,
733 585 1077 655 interpretati
1109 590 1277 650 sunt;
1305 599 1368 638 ac
1399 599 1619 638 rursum
1651 599 1750 654 pro
1785 583 1900 648 illo,
1937 585 2168 653 pruinw,

2288 586 2386 641 τοῦ
2413 585 2627 654 δόντος
2660 585 2742 652 τῷ
2778 581 3006 655 μυξήτῃ
3045 583 3118 638 τὰ
3149 581 3486 654 γεννήματα
3513 579 3780 644 αὐτῶν,
3831 579 3962 632 καὶ

582 676 968 752 Symmachus,
1007 679 1188 745 vermi,
1225 677 1443 748 Aquila,
1480 677 1534 730 in
1577 676 1769 748 glacie,
1802 675 1995 732 edidit.
2049 675 2174 731 Βαγο

2288 677 2420 744 τοὺς
2449 677 2675 744 κόπους
2701 675 2902 732 αὐτῶν
2945 676 3020 746 τῇ
3051 675 3248 744 ἁκρίδι
3272 692 3288 708 ο
3337 673 3444 728 τοῦ
3471 673 3950 728 ἀποκτείναν-

582 784 750 842 porro
795 785 825 823 a
874 769 1060 842 Moyse
1091 769 1461 840 praetermissa
1493 769 1581 824 hic
1611 777 1944 824 enarrantur
1979 789 1990 824 :
2028 769 2175 823 vide-

2288 787 2378 836 [ος
2400 772 2470 824 ἐν
2499 767 2725 840 χαλάζῃ
2752 770 2868 840 τὴν
2892 769 3166 840 ἄμπελον
3195 766 3393 826 αὐτῶν
3413 767 3512 821 καὶ
3543 766 3666 832 τὰς
3699 783 3954 820 συκο-

582 870 676 918 tur
704 870 882 917 autem
912 875 1098 932 aerugo
1115 868 1170 916 et
1191 870 1451 932 myzctes.
1485 861 1628 916 idem
1661 877 1786 917 esse
1809 862 1903 932 qui
1935 878 1965 916 a
1991 861 2175 933 Moyse

2288 865 2494 932 κόρους
2542 863 2742 918 αὐτῶν
2784 863 2854 916 ἐν
2898 862 3196 932 σκώληκι·
3227 860 3336 914 τοῦ
3366 859 3668 924 ἐκδόντος
3699 859 3952 926 λοιμῷ

580 953 761 1024 cinips
792 961 1039 1008 vocatur.
1073 951 1211 1008 Nam
1259 968 1384 1008 cum
1422 953 1622 1026 Moysis
1658 951 1946 1024 Scriptura
1986 954 2172 1009 decem

2288 956 2349 1008 rd
2379 952 2569 1022 κτήνη
2601 954 2819 1020 αὐτῶν,
2847 953 2944 1008 καὶ
2992 954 3064 1008 τὰ
3095 951 3365 1023 κτήματα
3391 947 3594 1005 αὐτῶν
3622 948 3945 1013 οἰωνοῖς.

581 1046 771 1118 plagas
798 1055 1098 1113 memoret;
1133 1046 1220 1101 hic
1248 1060 1450 1108 sermo,
1477 1046 1822 1116 sanguinem,
1853 1059 2035 1108 ranas.
2055 1060 2175 1099 cm-

2290 1047 2434 1100 Ἂντῖ⁹
2485 1046 2542 1100 δὲ
2589 1045 2704 1111 τοῦ,
2765 1044 2838 1116 τῇ
2885 1045 3128 1116 ἐρυσίϐῃ
3184 1045 3301 1114 (1),
3350 1044 3378 1096 6
3431 1041 3529 1114 μὲν
3573 1040 3946 1112 Σύμμαχκ

583 1141 882 1212 nomyiam,
904 1141 1198 1206 locustam,
1243 1140 1589 1213 grandinem,
1625 1141 1996 1211 jumentorum
2029 1157 2176 1195 mor-

2288 1138 2479 1210 δμοίως
2510 1136 2592 1205 τῷ
2617 1136 2868 1208 μυζήτῃ,
2902 1140 2930 1192 6
2975 1138 3031 1191 δὲ
3079 1136 3309 1200 Ἀκύλας
3341 1133 3422 1200 τῷ
3467 1132 3776 1202 βρσύχῳ,
3826 1133 3944 1202 ἠρ-

582 1240 714 1299 tem,
744 1233 1237 1305 primogenitorum
1259 1233 1492 1299 obitum,
1520 1234 1796 1290 recensuit
1821 1250 1834 1298 ;
1862 1249 1968 1288 non
1995 1242 2174 1288 autem

2288 1233 2547 1304 μήνευσε·
2606 1232 2700 1285 καὶ
2751 1231 2914 1285 πάλιν
2965 1230 3086 1284 ἀντὶ
3137 1227 3254 1292 τοῦ,
3293 1225 3369 1296 τῇ
3419 1224 3663 1296 πάχνη,
3713 1225 3754 1277 6
3823 1223 3942 1292 μὲν

583 1325 850 1396 ciniphcs,
886 1341 994 1379 non
1047 1335 1316 1391 tumores,
1351 1341 1461 1379 non
1493 1323 1784 1390 tenebras;
1816 1339 1916 1394 pro
1945 1322 2052 1378 illis
2077 1335 2178 1376 au-

2288 1321 2574 1393 Σύμμαχος
2596 1320 2678 1388 τῷ
2707 1320 2996 1390 σκώληκι,
3032 1321 3060 1373 6
3092 1320 3149 1374 δὲ
3195 1319 3423 1383 Ἀκύλας
3453 1317 3526 1371 ἐν
3569 1314 3802 1385 κρύει,
3833 1315 3936 1366 ὲκ-

583 1425 693 1473 tem
719 1417 1016 1487 aeruginem
1048 1416 1186 1471 dixit
1214 1426 1268 1472 et
1302 1416 1590 1486 pruinam;
1621 1429 1855 1485 quorum
1891 1415 2032 1475 loco,
2052 1429 2172 1484 my-

2288 1413 2563 1468 Βεδώκασι.
2601 1413 2999 1485 Σεσιωπημένα
3049 1413 3106 1466 δὲ
3151 1413 3326 1466 ταῦτα
3364 1407 3514 1482 παρὰ
3563 1407 3800 1463 Musa-EI
3867 1405 3932 1457 τὸ

583 1518 738 1565 zeten
771 1518 866 1565 aut
892 1510 1185 1576 bruchum,
1220 1524 1458 1566 vermem
1491 1499 1586 1564 aut
1610 1508 1840 1580 glaciem
1869 1506 2067 1578 reliqui
2097 1507 2177 1560 in-

2288 1507 2456 1578 παρὸν
2481 1507 2662 1577 λόγιον
2689 1507 3140 1572 ἑδίδαξεν.⁹Εοικε
3164 1505 3221 1560 δὲ
3255 1507 3288 1576 ἡ
3319 1503 3549 1577 ὲρυσίϐη
3585 1501 3698 1556 καὶ
3733 1501 3774 1554 ὁ
3815 1517 3928 1568 μυ-

584 1597 871 1670 terpretati
897 1609 1048 1654 sunt.

2288 1594 2452 1669 ζήτης
2483 1598 2645 1662 αὐτὸς
2677 1593 2814 1654 εἶναι
2847 1599 2876 1652 6
2911 1598 3060 1670 παρὰ
3107 1599 3298 1654 Μωσεί
3334 1595 3691 1667 κεκλημένος
3741 1591 3922 1659 xvii).

587 1695 700 1766 Τῆς
732 1693 841 1767 γὰρ
874 1694 1119 1759 Μωσέως
1151 1694 1380 1766 Γραφῆς
1418 1693 1864 1766 μνημονευούσης
1922 1693 2056 1748 δέκα
2114 1694 2358 1765 πληγῶν,
2427 1696 2458 1748 6
2493 1695 2682 1770 παρὼν
2749 1696 2907 1767 λόγος
2949 1696 3044 1751 τοῦ
3087 1697 3318 1769 αἵματος
3362 1694 3760 1767 ἐμνημόνευσε
3822 1689 3929 1742 καὶ

585 1786 695 1840 τῶν
727 1787 1014 1858 βατράχων
1062 1787 1156 1840 καὶ
1187 1786 1288 1857 τῆς
1329 1787 1627 1858 κυνομυίας
1661 1787 1758 1840 καὶ
1807 1788 1906 1859 τῆς
1961 1786 2183 1860 ἀκρίδος
2220 1787 2439 1857 καὶτῆς
2471 1789 2731 1860 χαλάζης,
2800 1791 2894 1844 καὶ
2929 1790 3024 1844 τοῦ
3074 1789 3304 1843 Θανάτου
3332 1788 3442 1842 τῶν
3472 1784 3731 1858 κτηνῶν,
3819 1783 3926 1834 καί

587 1879 682 1933 τοῦ
715 1880 944 1933 Θανάτου
978 1878 1087 1932 τῶν
1155 1879 1544 1951 πρωτοτόκων*
1587 1879 1829 1935 σκνιπῶν
1875 1897 1933 1933 τε
1971 1879 2092 1949 (sic)
2122 1880 2222 1932 οὑκ
2259 1881 2528 1952 ἐμνήσθη,
2598 1883 2718 1936 οὐδὲ
2767 1881 2878 1936 τῶν
2927 1881 3265 1953 φλυκτανῶν,
3301 1880 3422 1934 οὐδὲ
3465 1877 3562 1935 τοῦ
3603 1877 3880 1938 σκάτους
3906 1895 3922 1909 ·

588 1975 709 2031 ἀντὶ
753 1976 809 2030 δὲ
855 1976 1058 2028 τούτων
1105 1973 1367 2047 ἐρυσίϐην
1391 1969 1513 2028 εἷπε
1545 1975 1640 2028 καὶ
1675 1975 1921 2047 πάχνην’
1956 1973 2072 2028 ἀνθ’
2105 1967 2180 2028 ὧν
2219 1973 2467 2048 μυζήτην
2538 1977 2572 2048 ἢ
2610 1975 2861 2048 βροῦχον,
2898 1976 2932 2049 ἢ
3004 1973 3283 2048 σκώληκα,
3317 1974 3352 2046 ἢ
3394 1972 3561 2046 κρύος
3601 1971 3664 2025 οἱ
3716 1969 3920 2022 λοιποὶ

586 2073 966 2145 ἡρμήνευσαν.

656 2173 823 2231 Vsus.
856 2175 1050 2230 49-51.
1091 2174 1243 2230 Misit
1265 2176 1322 2230 in
1352 2192 1440 2231 eos
1464 2176 1601 2230 iram
1629 2176 2014 2248 indignationis
2039 2193 2174 2236 sum.
2210 2180 2252 2234 Β

583 2264 1002 2334 indignationem
1035 2275 1084 2318 et
1118 2265 1256 2318 iram
1281 2274 1330 2319 et
1355 2263 1773 2329 tribulationem,
1799 2266 2178 2320 immissionem

587 2376 685 2429 per
700 2359 913 2428 angelos
929 2359 1119 2413 malos.
1136 2358 1288 2412 Viam
1305 2357 1430 2428 fecit
1459 2359 1660 2414 semita:
1698 2359 1795 2412 ira:
1812 2375 1944 2423 suat,
1958 2375 2061 2412 non
2089 2375 2180 2427 pe-

588 2452 755 2522 perrit
785 2469 816 2504 a
843 2461 1008 2505 morte
1028 2449 1310 2505 animabus
1339 2466 1544 2515 eorum,
1579 2461 1630 2506 et
1647 2451 1891 2523 jumenta
1913 2467 2095 2505 eorum
2125 2453 2179 2505 in

585 2556 754 2600 morte
790 2545 1068 2599 conclusit.
1109 2543 1178 2598 Et
1201 2545 1462 2613 percussit
1493 2561 1645 2599 omne
1669 2545 2078 2616 primogenitum
2124 2545 2179 2598 in

589 2636 979 2708 terrangypti,
997 2637 1266 2704 primitias
1286 2639 1456 2692 omnis
1479 2635 1683 2692 laboris
1702 2653 1886 2691 eorum
1917 2637 1971 2691 in
2004 2636 2091 2689 tab
2103 2653 2180 2690 er-

2364 2173 2823 2238 ’E£a:zéo'tst.1er
2847 2176 2936 2242 εις
2962 2173 3186 2242 αὐτοὺς
3211 2175 3399 2245 ὀργὴν
3429 2175 3622 2246 θυμοῦ
3670 2177 3910 2240 αὑτοῦ,

2284 2265 2476 2334 θυμὸν
2503 2266 2603 2320 καὶ
2643 2265 2832 2337 ὀργὴν
2867 2266 2969 2321 καὶ
3001 2267 3234 2336 θλίψιν,
3274 2265 3634 2335 ἀποστολὴν
3682 2266 3770 2320 δι’
3801 2269 3916 2337 ἁτ-

2286 2358 2478 2428 γέλων
2515 2359 2812 2429 πονηρῶν.
2832 2361 3188 2429 Ὠδοποίησε
3222 2361 3424 2430 τρίϐον
3468 2361 3537 2432 τῇ
3583 2360 3752 2433 ὀργῇ
3797 2365 3914 2418 αὐ-

2285 2449 2414 2516 τοῦ,
2441 2453 2552 2506 οὐκ
2580 2452 2864 2522 ἐφείσατο
2893 2452 3013 2508 ἀπὸ
3044 2452 3305 2509 θανάτου
3347 2454 3466 2508 τῶν
3513 2454 3748 2525 ψυχῶν
3794 2459 3912 2509 αὑ-

2286 2543 2425 2607 τῶν,
2453 2545 2646 2602 καὶτὰ
2677 2546 2869 2616 κτηνὴ
2899 2545 3101 2602 αὐτῶν
3139 2549 3228 2615 είς
3270 2547 3536 2604 θάνατον
3568 2550 3912 2602 συνέκλει-

2285 2654 2380 2694 σε.
2415 2636 2530 2693 Καὶ
2579 2637 2842 2705 ἐπάταξε
2874 2639 2998 2696 πᾶν
3047 2641 3425 2710 πρωτότοκον
3466 2641 3536 2694 ἐν
3580 2639 3662 2711 γῆ
3711 2643 3906 2710 Αιγιέ-

587 2730 794 2784 naculis
807 2730 996 2786 Citam.
1018 2729 1226 2785 Praater
1240 2745 1302 2784 ea
1316 2744 1440 2800 quae
1458 2731 1712 2799 superius
1726 2731 1872 2784 dicta
1889 2736 2040 2792 sunt,
2063 2731 2180 2783 haec

587 2823 754 2876 etiam
778 2829 973 2876 contra
1007 2819 1298 2892 Egyptios
1325 2835 1424 2890 pro
1471 2821 1650 2876 salute
1683 2820 1868 2891 populi
1915 2827 2177 2891 operatus

588 2911 734 2969 Deus
764 2911 1129 2968 est:Misit-in
1159 2929 1246 2967 eos
1270 2914 1411 2967 iram
1431 2912 1820 2984 indignationis
1865 2929 1996 2972 sum.
2040 2913 2180 2966 indi-

588 3005 893 3076 gnationem
934 3014 984 3059 et
1016 3006 1156 3059 iram
1181 3014 1231 3060 et
1259 3005 1680 3061 tribulationem.
1722 3004 1858 3059 Cum
1878 3013 2060 3060 autem
2098 3006 2177 3059 ira

587 3105 642 3151 et
673 3095 978 3168 indignatio
1006 3096 1328 3166 frequenter
1353 3103 1710 3161 memoretur,
1747 3097 1836 3152 hic
1862 3113 2045 3152 sermo
2075 3097 2180 3151 hu-

586 3187 683 3257 jus
729 3187 883 3242 vocls
940 3186 1402 3257 signiﬁcationem
1459 3185 1518 3241 in
1571 3185 1933 3257 sequentibus
2003 3187 2180 3257 aperit

589 3278 802 3345 dicens,
834 3277 1230 3334 Immissionem
1260 3294 1353 3349 per
1409 3279 1626 3350 angelos
1670 3279 1874 3340 malos;
1920 3281 2035 3334 sive
2088 3296 2176 3335 se-

590 3373 832 3427 cundum
858 3373 1271 3444 Symmachum,
1290 3371 1679 3430 lmmissionem
1701 3373 2009 3443 angelorum
2033 3374 2178 3427 mala

590 3465 949 3533 inferentium.
978 3462 1115 3518 Nam
1147 3465 1468 3535 angelorum
1509 3466 1654 3519 mala
1692 3464 2043 3520 infcrentium
2073 3469 2178 3518 im-

591 3557 806 3623 missio,
840 3557 1142 3612 secundum
1175 3557 1477 3612 humanum
1527 3557 1807 3628 cogitandi
1853 3573 2060 3612 morem
2098 3559 2178 3613 ira
2208 3547 2250 3604 (ἶ

590 3656 648 3703 et
679 3648 984 3720 indignatio
1011 3649 1102 3704 Dei
1130 3664 1255 3705 esse
1284 3657 1526 3720 putatur.
1553 3647 1676 3704 Non
1718 3651 1866 3705 enim
1905 3650 2002 3706 ira:
2029 3665 2183 3706 com-

591 3741 892 3796 motionem
940 3741 998 3796 in
1057 3741 1170 3798 Deo
1219 3745 1534 3804 existimare
1587 3755 2018 3800 consentaneum
2053 3755 2180 3812 est;

591 3836 689 3891 sed
737 3834 1006 3906 supplicia
1052 3835 1239 3907 impiis
1268 3837 1418 3906 justo
1462 3837 1558 3894 Dei
1601 3837 1816 3909 judicio
1845 3854 1942 3910 per
1972 3840 2185 3895 immis-

594 3928 807 3983 sionem
833 3929 1179 4000 angelorum,
1203 3931 1376 4000 quiad
1399 3931 1502 3985 hoc
1518 3931 1760 4002 deputati
1783 3939 1932 3995 sunt,
1957 3931 2182 3999 inﬂicta,

596 4021 676 4075 ira
705 4029 760 4075 et
787 4019 1097 4091 indignatio
1125 4029 1414 4077 vocantur.
1443 4023 1714 4084 Caeterum
1744 4039 1870 4078 cum
1913 4025 2184 4097 Egyptiis

595 4112 974 4168 immissiones
1037 4115 1359 4184 angelorum
1410 4116 1556 4169 mala
1615 4113 1970 4172 inferentium
2029 4117 2186 4173 facta:

597 4196 851 4266 fuissent,
885 4205 1002 4275 ipse
1028 4207 1170 4259 viam
1202 4205 1332 4261 fecit
1354 4209 1564 4262 semitae
1592 4209 1688 4264 irae
1715 4224 1850 4273 suae,
1883 4209 2183 4264 secundum

597 4295 988 4367 Symmachum
1031 4313 1181 4361 vero,
1212 4299 1400 4353 stravit
1445 4300 1636 4355 callem
1671 4301 1768 4355 irae
1809 4317 1941 4356 sum.
1979 4300 2184 4371 Hisque

598 4389 861 4443 traditum
910 4391 1112 4460 populo
1145 4399 1392 4462 tempore
1427 4393 1589 4448 illatae
1624 4393 1897 4464 IEgyptiis
1923 4394 2186 4449 vindictae

597 4481 892 4552 mysticum
925 4483 1133 4536 cultum
1179 4484 1534 4540 subindicare
1576 4486 1710 4539 mihi
1757 4485 1994 4541 videtur.
2029 4485 2186 4541 Tunc

595 4574 742 4631 enim
765 4575 992 4645 jubetur
1016 4574 1242 4631 Pascha:
1279 4575 1477 4632 festum
1517 4578 1807 4642 celebrari,
1829 4586 1884 4632 et
1910 4578 2184 4634 immolari

597 4683 799 4738 agnum
841 4668 909 4722 ad
955 4668 1264 4740 symbolum
1291 4668 1430 4740 Agni
1464 4668 1558 4725 Dei
1599 4685 1698 4740 pro
1724 4669 2043 4726 hominibus
2084 4671 2187 4725 inn-

597 4759 861 4824 molandi,
889 4760 1192 4831 inungique
1221 4762 1490 4834 sanguine
1525 4761 1966 4833 superliminaria
1993 4763 2186 4818 domo-

2287 2748 2432 2796 πτῳ,
2465 2731 2752 2802 ἀπαρχὴν
2789 2733 3018 2800 παντὸς
3041 2733 3232 2787 πόνου
3258 2733 3459 2786 αὐτῶν
3483 2733 3552 2787 ἐν
3577 2733 3709 2800 τοῖς
3739 2751 3905 2800 (711p-

2285 2824 2516 2893 νώμασι
2549 2824 2698 2895 Χάμ.
2739 2825 2885 2898 Πρὸς
2937 2828 3051 2888 τοῖς
3099 2825 3337 2896 λεχθεῖσι
3387 2826 3482 2879 καὶ
3522 2825 3704 2878 ταῦτα
3743 2826 3898 2879 κα·τὲ

2285 2917 2395 2972 τῶν
2428 2919 2744 2988 Αἰγυπτίων
2787 2918 2929 2990 ὑπὲρ
2961 2917 3062 2989 τῆς
3100 2918 3376 2990 σωτηρίας
3399 2916 3495 2971 τοῦ
3525 2917 3653 2971 λαοῦ
3693 2921 3724 2971 6
3753 2918 3896 2982 Θεὸς

2287 3009 2603 3082 εἰργάζετοο
2653 3009 3111 3075 Ἐξαπέστειλεν
3154 3010 3243 3076 εις
3282 3008 3506 3075 αὐτοὺς
3556 3008 3750 3079 ὀργὴν
3781 3013 3894 3062 θυ-

2283 3104 2401 3174 μοῦ
2444 3105 2651 3171 αὐτοῦ,
2679 3105 2872 3176 θυμόν
2913 3104 3012 3159 καὶ
3049 3105 3238 3176 ὀργὴν
3279 3103 3378 3158 καὶ
3409 3105 3640 3174 θλίψιν.
3675 3105 3891 3160 1101).:-

2287 3197 2381 3269 χοῦ
2411 3197 2467 3250 δὲ
2492 3197 2589 3266 τῆς
2607 3197 2776 3269 ὀργῆς
2795 3195 3204 3270 ὀνομαζομένης
3232 3196 3323 3250 καὶ
3349 3195 3443 3249 τοῦ
3472 3195 3663 3267 θυμοῦ,
3682 3198 3713 3248 ὁ
3745 3213 3891 3268 παρ-

2285 3289 2362 3342 ὼν
2396 3289 2553 3358 λόγος
2583 3290 2684 3361 τὴν
2741 3290 2982 3345 διάνοιαν
3013 3289 3306 3364 έρμηνεύει
3341 3290 3440 3361 τῆς
3475 3291 3736 3360 τοιαύτης
3764 3309 3884 3359 gm-

2286 3381 2383 3454 νῆς
2419 3379 2548 3451 ἑξῆς
2581 3381 2881 3450 ἐπιλέγωνο
2930 3381 3303 3450 Ἀποστολὴν
3361 3383 3434 3435 δι’
3469 3381 3740 3451 ἀγγέλων
3767 3397 3882 3435 πο-

2285 3472 2520 3542 νηρῶνο
2553 3474 2586 3544 ἢ
2614 3472 2755 3527 κατὰ
2781 3473 2871 3527 τὸν
2902 3473 3226 3546 Σύμμαχον,
3275 3473 3736 3542 Ἐπαετοστολὴν
3766 3475 3876 3544 ἀγ-

2283 3563 2481 3634 γέλων
2511 3564 2880 3618 κακούντων.
2899 3565 2961 3618 'ﬂ
2995 3565 3103 3638 γὰρ
3137 3564 3245 3618 τῶν
3286 3565 3597 3618 κακούντων
3624 3565 3874 3634 ἀγγέλων

2284 3655 2629 3726 έπαποστολὴ
2684 3654 2760 3720 ὡς
2809 3655 2948 3727 πρὸς
2996 3655 3320 3727 ἀνθρώπους
3369 3655 3653 3725 ἐνομίζετο
3705 3656 3874 3727 θυμὸς

2285 3743 2423 3802 εἶναι
2471 3748 2564 3803 καὶ
2610 3747 2748 3820 ὀργὴ
2793 3747 2950 3802 Θεοῦ.
2987 3749 3061 3802 Ού
3097 3749 3205 3820 γὰρ
3233 3748 3296 3820 δὴ
3331 3747 3501 3812 πάθος
3535 3744 3672 3802 εἶναι
3704 3749 3871 3821 ὀργῆς

2286 3839 2416 3909 περὶ
2464 3837 2556 3890 τὸν
2600 3836 2734 3890 Θεὸν
2771 3839 3036 3910 προσήκει
3064 3836 3340 3910 νομίζειν·
3374 3839 3473 3902 τὰς
3509 3839 3567 3892 δὲ
3597 3839 3732 3892 κατὰ
3763 3841 3869 3891 τῶν

2285 3927 2496 3983 ἀσεϐῶν
2534 3929 2809 4001 τιμωρίας
2853 3930 3032 4001 κρίσει
3073 3929 3257 4002 δικαίᾳ
3301 3929 3438 3984 Θεοῦ
3480 3929 3546 3983 δι’
3574 3930 3864 3996 ἀποστολὴν

2284 4021 2531 4091 ἀγγέλων
2555 4021 2664 4075 τῶν
2691 4023 2773 4085 είς
2799 4021 2958 4076 τοῦτο
2976 4023 3326 4093 τεταγμένων
3358 4023 3681 4092 γιγνομένας
3702 4023 3862 4094 ὀργὴν

2286 4116 2380 4169 καὶ
2439 4114 2608 4188 θυμὸν
2661 4113 2966 4168 καλεῖσθαι.
3021 4113 3168 4186 Πλὴν
3213 4114 3350 4168 ἀλλα
3406 4117 3518 4178 τοῖς
3559 4114 3859 4182 Αἰγυπτίοις

2285 4210 2662 4281 ὲπαποστολῆς
2711 4209 2962 4280 ἀγγέλων
3003 4209 3316 4263 κακούντων
3361 4208 3675 4280 γενομένης,
3709 4208 3858 4270 αὐτὸς

2285 4305 2588 4376 ὡδοποίησε
2621 4303 2808 4376 τρίϐον
2836 4306 2900 4374 τῇ
2933 4303 3068 4376 ὀργῇ
3101 4301 3266 4356 αὐτοῦ
3286 4318 3302 4334 ·
3351 4303 3494 4355 κατὰ
3526 4303 3584 4354 δὲ
3609 4302 3694 4354 τὸν
3727 4301 3856 4370 Σύμ-

2289 4413 2483 4466 μαχον,
2529 4394 2858 4463 διέστρωσε
2903 4391 3172 4462 ἀτραπὸν
3217 4391 3292 4461 τῇ
3341 4389 3486 4461 ὀργῇ
3517 4389 3718 4444 αὑτοῦ.
3755 4389 3856 4442 Καί

2290 4504 2378 4558 μοι
2424 4487 2570 4540 δοκεῖ
2617 4485 2707 4540 διὰ
2745 4485 2951 4538 τούτων
2979 4482 3312 4540 αἰνίττεσθαι
3344 4481 3443 4552 τὴν
3476 4478 3853 4551 παραδοθεῖσαν

2284 4580 2363 4649 τῷ
2390 4577 2505 4650 λαῷ
2528 4578 2793 4651 μυστικὴν
2824 4576 3083 4649 λατρείαν
3105 4573 3246 4630 κατὰ
3265 4573 3354 4626 τὸν
3379 4572 3569 4646 καιρὸν
3591 4571 3687 4641 τῆς
3707 4569 3852 4622 ἐπελ-

2287 4669 2483 4741 θούσης
2533 4671 2645 4734 τοῖς
2678 4668 2998 4738 Αἰγυπτίοις
3021 4667 3206 4737 ὀργῆς.
3223 4665 3355 4717 Τότε
3389 4663 3498 4735 γὰρ
3530 4662 3849 4716 διάταττεται

2285 4762 2384 4835 τὴν
2411 4761 2506 4815 τοῦ
2532 4761 2726 4832 Πάσχα
2757 4759 2952 4832 ἑορτὴν
2979 4757 3310 4820 ἐπιτελέσαι,
3333 4756 3606 4820 θύσαντας
3630 4755 3719 4826 μὲν
3739 4754 3849 4824 πρό·

594 4865 749 4917 rum,
795 4859 854 4906 ut
909 4853 1015 4909 hoc
1068 4865 1390 4926 conspecto,
1439 4854 1838 4910 exterminator
1886 4855 2181 4911 abstineret

2289 4853 2452 4908 ϐατον
2487 4855 2626 4907 κατὰ
2662 4853 2928 4926 σύμϐολον
2950 4852 3044 4906 τοῦ
3083 4851 3368 4924 μέλλοντος
3393 4849 3534 4921 ὑπὲρ
3566 4847 3844 4919 ἀνθρώπων

597 4957 628 4998 a
685 4943 887 5000 damno
925 4945 1030 5000 hoc
1092 4945 1383 5015 agentibus
1439 4945 1736 5002 inferendo.
1793 4944 2066 5017 Scriptum
2101 4960 2180 5002 est

2289 4945 2615 5018 τυθήσεσθαι
2673 4946 2868 5018 Ἀμνοῦ
2917 4947 3010 5000 τοῦ
3033 4944 3189 5011 Θεοῦ,
3226 4945 3521 5018 χρίσαντας
3566 4941 3620 4994 δὲ
3665 4940 3847 4994 ἑαυτῶν

593 5037 778 5094 enim:
811 5035 880 5090 Et
903 5039 1155 5094 transibit
1175 5039 1437 5108 Dominus
1488 5039 1559 5093 ad
1586 5040 1987 5110 percutiendum
2013 5040 2186 5111 Αἰθυ-

595 5131 758 5197 ptios,
780 5139 829 5184 et
846 5130 1042 5184 videbit
1069 5133 1378 5202 sanguinem
1400 5133 1453 5186 in
1481 5133 1880 5202 superliminari
1893 5143 1940 5186 et
1965 5135 2016 5186 in
2037 5145 2185 5187 utro-

595 5236 693 5292 que
717 5231 884 5291 poste.
913 5220 980 5275 Et
1021 5223 1368 5290 pertransibit
1420 5223 1678 5279 Dominus
1711 5225 1968 5290 januatn,
2001 5233 2050 5278 et
2076 5241 2179 5278 non

595 5316 858 5383 permittet
899 5316 1104 5387 ingredi
1146 5318 1610 5374 exterminatorem
1655 5319 1711 5372 in
1741 5319 1927 5373 domos
1974 5328 2178 5372 vestras

597 5406 667 5460 ad
692 5410 1089 5476 percutiendum
1111 5409 1178 5466 π.

2290 5038 2389 5103 τὰς
2423 5038 2584 5107 φλιὰς
2622 5036 2730 5090 τῶν
2758 5036 2923 5090 οἴκων
2948 5036 3025 5107 τῷ
3068 5035 3287 5108 αἵματι·
3322 5034 3398 5098 ὡς
3430 5032 3516 5097 ἂν,
3550 5032 3699 5086 τοῦτο
3737 5030 3844 5083 θεα-

2290 5132 2524 5202 σάμενος
2575 5130 2603 5181 6
2653 5127 2996 5201 ὀλοθρευτὴς,
3041 5127 3416 5202 ἁναχωρήσειε
3461 5124 3563 5195 τῆς
3595 5122 3725 5176 κατὰ
3750 5120 3844 5174 τῶν

2286 5223 2443 5277 τοῦτο
2483 5221 2804 5294 πραξάντων
2854 5221 3134 5293 ἐπιϐολῆς.
3188 5220 3506 5293 Γέγραπται
3551 5218 3699 5288 γοῦν·
3746 5215 3842 5270 Καὶ

2285 5317 2718 5385 παρελεύσεται
2765 5316 2980 5384 Κύριος
3011 5315 3270 5380 πατάξαι
3299 5314 3440 5379 τοὺς
3469 5311 3801 5382 Αἰγυπτίους
3820 5323 3835 5338 '

2283 5412 2381 5466 καὶ
2410 5411 2618 5480 ὄψεται
2645 5410 2710 5463 τὸ
2741 5405 2884 5480 αἷμα
2927 5409 3024 5464 ἐπὶ
3054 5409 3161 5479 τῆς
3192 5407 3399 5480 φλιᾶς,
3431 5409 3528 5461 καὶ
3563 5407 3654 5460 ἐπ’
3678 5406 3836 5474 ἀμφο-

597 5499 781 5569 τέρων
829 5500 948 5554 τῶν
993 5501 1290 5572 σταθμῶν.
1341 5502 1450 5557 Καὶ
1496 5505 1925 5572 παρελεύσεται
1969 5503 2182 5572 Κύριος
2219 5505 2335 5560 τὴν
2363 5506 2550 5573 θύραν
2573 5521 2585 5534 ·
2619 5503 2715 5558 καὶ
2741 5506 2851 5558 οὐκ
2881 5502 3104 5573 ἀφήσει
3127 5505 3233 5556 τὸν
3289 5501 3682 5570 όλοθρεύοντα
3731 5498 3833 5549 εἱσ-

597 5595 800 5647 ελθεῐν
825 5596 913 5660 εἰς
935 5595 1044 5660 τὰς
1075 5595 1270 5662 οἰκίας
1295 5593 1464 5664 ὑμῶν
1493 5596 1774 5660 πατάξαι.

674 5705 779 5762 Sed
818 5707 927 5763 illis
955 5709 1174 5779 quidem
1207 5711 1349 5767 viam
1385 5715 1596 5785 paravit
1627 5722 1682 5770 ιιι
1717 5715 2012 5787 cﬂ‘ugcrcnt
2048 5717 2182 5772 iram

682 5865 726 5896 ⁸⁷
754 5863 924 5922 Exod.
961 5884 1056 5932 sit,
1088 5867 1178 5924 25.

2378 5710 2538 5764 Ἀλλὰ
2581 5709 2788 5775 τούτοις
2841 5710 2936 5780 μὲν
2985 5709 3282 5778 ὡδοποίησε
3318 5708 3500 5780 τρίςον
3529 5707 3659 5779 πρὸς
3681 5707 3732 5762 τὸ
3757 5706 3835 5761 ἐκ-

2351 5870 2427 5938 (l)
2464 5867 2561 5928 Ms.
2601 5867 2848 5941 ὲρτσύῦῃ.
