4078 6934
282 289 412 347 ΞΗθ

1409 286 1921 346 (ἶΟΜὶΙΕΝΤΔΕΙΑ
1957 287 2024 344 ΙΝ
2062 288 2402 348 PSALMOS.

3479 299 3585 355 050

284 408 504 476 φυγεῖν
530 402 626 476 τὴν
644 403 813 476 ὀργὴν
839 401 1004 456 αὐτοῦ
1024 417 1040 432 ’
1074 400 1184 456 τῶν
1209 401 1267 456 δὲ
1287 403 1600 472 Αἰγυπτίων
1624 405 1723 458 οὐκ
1749 404 1892 474 ὲφεί-

2006 420 2162 460 suam
2189 425 2203 462 :
2240 404 2515 478 Egyptiis
2541 423 2670 464 vero
2691 423 2800 464 non
2824 410 3099 482 pepercit;
3128 427 3312 466 verum
3353 411 3406 466 in
3443 427 3589 467 mor-

286 515 477 553 σατοο
511 495 797 568 παρεδίδου
847 494 906 549 δὲ
951 495 1032 559 εἰς
1085 494 1314 550 Θάνατον
1346 493 1446 559 τὰς
1490 493 1667 566 ψυχὰς
1695 496 1897 561 αὐτῶν,

287 591 477 658 ἀξίων
508 589 676 644 ὄντων
699 589 798 661 τῆς
826 587 1081 659 τοιαύτης
1101 587 1372 661 τιμωρίας
1391 606 1406 620 ·
1441 589 1758 661 ἐπειδήπερ,
1783 590 1903 643 ἀσε-

287 685 486 748 ϐείαις
527 680 871 754 ὲκδεδομένοι
909 679 1004 734 καὶ
1059 683 1125 751 τῇ
1157 680 1402 752 πολυθέῳ
1427 681 1522 734 καὶ
1557 683 1898 754 Αίγυπτιακῇ

286 775 716 847 δεισιδαιμονίᾳ,
768 771 912 843 ἄλλῳ
957 771 1172 838 θανάτῳ
1229 773 1329 837 τὰς
1381 773 1560 845 ψυχὰς
1604 774 1900 844 ἐτύγχανον

290 868 753 940 βεϐαπτισμένοι.
781 866 982 938 Διόπερ
1007 867 1035 919 6
1063 864 1254 938 παρὼν
1295 866 1453 935 λόγος
1479 867 1541 919 οὐ
1572 868 1750 922 κοινὸν
1802 867 1900 921 θά-

287 981 466 1017 νατον
503 962 893 1036 ἐπεληλυθέναι
925 963 1106 1025 αὐτοῖς
1136 959 1397 1026 διδάσκει,
1431 960 1563 1014 ἀλλὰ
1587 961 1773 1033 ψυχῶν
1804 961 1899 1015 θά-

291 1073 486 1109 νατον.
505 1055 563 1109 '0
605 1055 715 1128 γὰρ
760 1052 1102 1126 ὀλοθρευτὴς,
1139 1045 1184 1121 ᾧ
1238 1053 1635 1124 παρεδόθησαν,
1670 1055 1786 1124 ἅμα
1830 1056 1896 1126 τῇ

293 1146 404 1201 τοῦ
438 1147 690 1219 σώματος
721 1145 980 1211 διαλύσει,
1005 1145 1105 1208 τὰς
1132 1144 1311 1214 ψυχὰς
1336 1145 1517 1198 αὐτῶν
1539 1145 1896 1218 παρελάμϐα-

294 1257 420 1302 νεν,
447 1241 528 1304 είς
557 1238 775 1311 ὄλεθρον
807 1237 975 1300 αὑτὰς
997 1236 1248 1306 ἀπάγων.
1277 1237 1368 1290 Διὸ
1398 1237 1492 1292 καὶ
1519 1232 1674 1300 αὖθις
1697 1238 1898 1309 γέγρα-

294 1348 476 1384 πται⁸
511 1334 634 1386 Οὐκ
690 1330 975 1400 ἐφείσατο
1027 1330 1148 1384 ἀπὸ
1206 1329 1470 1386 θανάτου
1519 1329 1639 1384 τῶν
1681 1329 1898 1400 ψυχῶν

291 1423 522 1478 αὐτῶν.
567 1418 700 1477 Εἶτα
744 1423 998 1490 διασαφεῖ
1042 1421 1217 1492 λέγων
1267 1421 1394 1494 ἑξῆς
1418 1437 1432 1452 °
1473 1422 1589 1480 Kal
1635 1422 1896 1487 ἐπάταξε

291 1515 426 1573 πᾶν
473 1517 852 1588 πρωτότοκον
895 1516 965 1569 ἐν
995 1513 1075 1585 γῇ
1117 1516 1412 1584 Αἰγύπτῳ,
1455 1513 1738 1585 ἀπαρχὴν
1777 1513 1897 1569 τῶν

291 1612 506 1665 πόνων
556 1606 774 1664 αὐτῶν.
809 1607 956 1661 Ἀντὶ
1002 1607 1061 1662 δὲ
1108 1607 1226 1673 τοῦ,
1277 1607 1562 1676 ἀπαρχὴν
1624 1606 1743 1662 τῶν
1788 1608 1895 1662 πό-

290 1721 424 1759 νων
477 1701 676 1760 αὐτῶν
745 1701 818 1755 ἐν
878 1700 1004 1768 τοῖς
1053 1697 1408 1771 σκηνώμασι
1461 1699 1618 1770 Χὰμο
1667 1701 1696 1755 6
1745 1700 1891 1774 Σύμ-

299 1811 512 1867 μαχοςο
567 1792 863 1862 Πρωτεῖον
909 1790 1227 1861 δυνάμεων
1291 1789 1511 1855 αὐτῶν,
1558 1791 1889 1863 ἡρμήνευσε.

301 1862 418 1942 ν
452 1886 562 1960 γάρ
615 1885 936 1958 πρωτότοκα
999 1883 1096 1939 καὶ
1155 1885 1420 1957 πρωτεῖον
1468 1878 1537 1954 ἦν
1581 1862 1688 1954 τῆς
1737 1883 1894 1938 δυνά·
1929 1862 1969 1917 Β

302 1997 455 2053 μεως
517 1979 626 2033 τῶν
678 1976 1076 2049 γεννησάντων.
1138 1975 1238 2030 Διὰ
1301 1975 1400 2048 μὲν
1437 1971 1531 2030 οὖν
1570 1975 1678 2030 τῶν
1740 1975 1884 2048 πρὼο

297 2089 411 2127 των
439 2071 683 2142 πληγῶν,
703 2070 892 2143 ὥσπερ
916 2071 995 2132 εἰς
1023 2068 1312 2141 μετάνοιαν
1334 2068 1533 2133 αὐτοὺς
1557 2068 1895 2140 προσκαλού-

305 2183 468 2237 μενος
493 2165 579 2218 διά
600 2165 698 2236 τῆς
727 2162 928 2234 ἀνοχῆς
954 2163 1048 2215 καὶ
1079 2160 1482 2234 μακροθυμίας,
1516 2161 1893 2234 πεφεισμένως

300 2259 487 2322 αὐτοῖς
519 2256 692 2328 ἐπῆγε
720 2254 821 2319 τὰς
845 2253 1133 2327 τιμωρίας.
1151 2254 1276 2308 Ἐπὶ
1311 2254 1456 2308 τέλει
1499 2254 1557 2308 δὲ
1600 2255 1701 2308 οὐκ
1742 2255 1893 2325 ἐφεί-

301 2366 436 2404 σατο
489 2348 600 2402 άπὸ
648 2347 879 2402 Θανάτου
923 2345 1032 2400 τῶν
1068 2345 1258 2418 ψυχῶν
1300 2345 1509 2401 αὐτῶνθ
1539 2345 1676 2400 ἀλλὰ
1703 2346 1895 2402 καὶτὰ

300 2445 476 2516 κτήνη
509 2441 687 2498 αὐτῶν
716 2443 798 2507 εἰς
829 2441 1058 2496 Θάνατον
1099 2440 1460 2496 συνέκλεισεν.
1481 2440 1635 2494 Ἐπεί
1664 2441 1758 2494 καὶ
1784 2441 1893 2494 πᾶν

300 2536 645 2610 πρωτότοκον
677 2535 736 2589 ὲν
761 2536 832 2608 γῇ
860 2532 1123 2605 Αἰγύπτῳ
1155 2535 1430 2607 ἀνῃρεῖτο,
1465 2533 1678 2606 κτηνῶν
1703 2552 1764 2588 τε
1797 2535 1892 2588 καὶ

299 2629 527 2700 ἀνδρῶν.
555 2627 769 2700 Σφόδρα
813 2627 870 2681 δὲ
916 2625 1158 2700 ἀκριϐῶς
1193 2626 1286 2680 ὲπὶ
1322 2628 1421 2699 μὲν
1448 2625 1558 2681 τῶν
1587 2626 1894 2700 ἀνθρώπων

300 2719 518 2792 Θανάτῳ
551 2720 685 2792 φησί
703 2721 802 2785 τάς
831 2719 1008 2791 ψυχὰς
1031 2719 1210 2773 αὐτῶν
1239 2719 1666 2791 παραδεδόσθαι·
1695 2716 1764 2794 ἦν
1783 2721 1894 2794 γὰρ

300 2817 331 2868 ό
359 2815 680 2888 ὀλοθρευτης
708 2814 941 2885 δαίμων,
975 2816 1004 2868 6
1043 2815 1143 2880 τὰς
1174 2814 1353 2886 ψυχὰς
1385 2814 1566 2868 αὐτῶν
1615 2815 1711 2869 καὶ
1754 2815 1893 2887 μετὰ

304 2906 533 2960 θάνατον
583 2906 1058 2978 παραλαμϐάνων
1093 2907 1186 2962 ἐπὶ
1217 2907 1273 2960 δὲ
1304 2906 1412 2960 τῶν
1451 2907 1666 2976 κτηνῶν
1710 2908 1892 2963 οὐκέτι

300 2998 488 3071 ψυχῶν
523 2999 950 3072 ἐμνημόνευσεν,
984 2997 1118 3053 ἀλλὰ
1147 2999 1308 3070 μόνου
1343 2998 1434 3053 τοῦ
1465 3000 1642 3055 κοινοῦ
1671 3001 1765 3054 καὶ
1789 3019 1894 3055 σωο

306 3090 533 3162 ματικοῦ
567 3091 797 3145 Θανάτου
823 3103 838 3117 ⁹
878 3093 939 3146 οὐ
983 3090 1092 3164 γὰρ
1138 3091 1355 3164 μετέχει
1403 3092 1584 3164 ψυχῆς
1622 3091 1694 3146 τὰ
1721 3094 1890 3167 κτήνη

301 3180 403 3250 τῆς
469 3180 608 3252 μετὰ
672 3179 771 3253 τὴν
823 3180 917 3235 τοῦ
968 3179 1218 3252 σώματος
1269 3179 1421 3234 λύσιν
1467 3182 1892 3254 παραμενούσης
1918 3213 1960 3270 C

303 3273 502 3344 ὁμοίως
553 3275 674 3338 ταῖς
704 3273 813 3328 τῶν
863 3273 1167 3345 ἀνθρώπων
1199 3273 1420 3345 ψυχαῖς.
1451 3273 1494 3328 Τ
1497 3274 1562 3345 ὴν
1611 3275 1668 3330 δὲ
1721 3275 1890 3348 αὐτὴν

309 3363 550 3436 ἱστορίαν
602 3364 875 3437 διαφόρως
924 3365 1132 3436 Μωσῆς
1178 3381 1238 3418 τε
1289 3364 1386 3418 καί
1417 3367 1446 3418 ὁ
1491 3363 1684 3437 παρὼν
1734 3364 1892 3434 λόγος

305 3455 679 3526 ήρμήνευσενο
703 3456 732 3509 6
766 3456 864 3528 μὲν
892 3455 1216 3529 όλοθρευτὴν
1247 3455 1417 3511 εἰπὼν
1454 3455 1768 3528 διακονῆσαι
1801 3457 1890 3511 τὸν

305 3547 532 3602 Θάνατον
564 3548 671 3603 τῶν
719 3549 1079 3622 πρωτοτόκων
1099 3567 1113 3580 ο
1149 3551 1178 3604 6
1205 3549 1260 3604 δὲ
1294 3547 1486 3622 παρὼν
1516 3549 1674 3620 λόγος
1697 3550 1764 3604 δι’
1793 3551 1890 3621 ἀγ-

301 3638 474 3709 γέλων
505 3640 755 3712 πονηρῶν
785 3638 958 3694 ταῦτα
991 3641 1290 3712 γεγονέναι.
1320 3641 1498 3695 Κάκεῖ
1545 3641 1641 3714 μὲν
1685 3643 1714 3695 6
1761 3643 1892 3697 Μω-

304 3731 403 3802 σῆς
442 3729 519 3801 τῷ
560 3732 752 3802 αἵματι
786 3731 1069 3803 κεχρῖσθαι
1102 3732 1202 3797 τὰς
1234 3732 1416 3803 φλιάς,
1451 3733 1544 3787 καὶ
1570 3733 1728 3788 τοῦτο
1789 3751 1890 3804 φυ-

299 3821 589 3894 λακτήριον
623 3821 903 3892 γεγονέναι
951 3823 1063 3877 τῶν
1105 3824 1480 3896 διαφυγόντων
1509 3824 1601 3878 τὸν
1633 3824 1877 3897 ὀλοθρευο

299 3913 432 3982 τήν·
465 3911 699 3967 ἐνταῦθα
728 3913 785 3966 δὲ
815 3913 1209 3986 ὡδοποιηκέναι
1241 3915 1428 3987 τρίϐον
1456 3915 1672 3988 εἴρηται
1701 3917 1730 3970 6
1757 3915 1890 3980 Θεδς

302 4003 441 4075 πρὸς
470 4004 531 4056 τὸ
570 4003 872 4073 ἀποφυγεῖν
904 4004 1003 4077 τὴν
1033 4005 1203 4080 ὀργὴν
1233 4005 1420 4060 αὐτοῦ.
1456 4006 1644 4061 Ταῦτα
1673 4006 1749 4072 δὲ,
1786 4025 1890 4078 φη-

303 4096 382 4157 σὶ,
413 4094 742 4149 συνετελεῖτο
772 4096 830 4150 ὲν
862 4099 975 4161 τοῖς
1014 4097 1339 4170 σκηνώμασι
1384 4098 1515 4170 Χάμ
1537 4116 1550 4129 ’
1581 4099 1636 4170 ἢ,
1660 4099 1732 4152 ἐν
1757 4099 1888 4166 ταῖς

301 4183 652 4253 σκηνώσὲσι
685 4188 830 4258 Χὰμ,
877 4187 1020 4243 κατὰ
1063 4191 1154 4244 τὸν
1201 4191 1530 4262 Σύμμαχον·
1571 4190 1627 4262 ἦ,
1655 4191 1727 4245 ἐν
1756 4190 1886 4258 ταῖς

300 4277 562 4346 σκέπαις
609 4279 758 4350 Χὰμ,
805 4281 949 4335 κατὰ
996 4283 1086 4335 τὸν
1130 4284 1377 4337 Ἀκύλαν.
1415 4287 1495 4338 Δι’
1521 4279 1594 4338 ὧν
1641 4285 1888 4341 διδασκό-

305 4369 443 4442 μεθα
475 4370 572 4442 τὴν
604 4371 880 4441 Αίγυπτον
908 4373 1186 4442 γεγονέναι
1223 4374 1554 4448 σκηνώματα
1597 4375 1693 4430 τοῦ
1733 4377 1882 4448 Χάμ.

303 4464 482 4535 Τριῶν
519 4464 630 4535 γὰρ
671 4465 878 4519 παίδων
910 4465 1002 4534 τοῦ
1033 4466 1157 4520 Νῶε
1193 4469 1520 4539 γενομένων,
1555 4467 1696 4541 Σὴμ,
1731 4469 1881 4540 Χάμ,

2009 505 2115 551 tem
2172 498 2398 553 tradidit
2446 499 2660 557 animas
2713 516 2929 570 eorum,
2983 503 3274 573 dignorum
3328 519 3462 560 sane
3493 505 3591 559 tali

2003 589 2295 660 supplicio,
2343 591 2472 662 quia
2511 591 2889 662 impietatibus
2919 603 2972 648 et
3002 594 3339 667 AEgyptiacae
3384 598 3590 652 multo-

2000 697 2122 736 rum
2169 681 2396 738 deorum
2439 684 2821 755 superstitioni
2865 685 3030 742 dediti
3059 727 3074 752 ,
3124 688 3231 743 alia
3281 689 3336 742 in
3388 696 3588 755 morte,

2001 774 2199 830 anima:
2219 773 2453 841 scilicet,
2486 777 2723 834 demersi
2758 785 2937 834 erant.
2969 779 3152 846 Quare
3177 780 3265 835 hic
3295 796 3406 835 non
3435 797 3588 837 com-

1999 881 2220 922 munem
2268 875 2502 922 mortem
2556 868 2695 940 ipsis
2743 869 2954 926 illatam
3003 887 3128 928 esse
3177 871 3448 942 docetur;
3492 877 3587 932 sed

1999 967 2232 1013 mortem
2269 959 2598 1016 animarum.
2624 961 2760 1016 Nam
2793 965 3188 1019 exterminatur
3214 967 3325 1032 ille,
3357 969 3444 1022 cui
3477 978 3590 1022 tra-

1998 1044 2102 1102 diti
2137 1055 2288 1114 sunt,
2317 1050 2504 1105 statim
2529 1057 2693 1122 atque
2725 1067 2956 1124 corpora
2986 1054 3255 1110 dissoluta
3283 1067 3435 1126 sunt,
3469 1059 3592 1114 ani-

1998 1153 2119 1194 mas
2156 1140 2421 1212 abripuit,
2461 1143 2516 1196 in
2570 1144 2871 1214 perniciem
2933 1146 3214 1204 abducens
3248 1165 3362 1206 eas.
3408 1150 3588 1216 Quare

1997 1247 2217 1289 rursum
2257 1233 2538 1301 scribitur,
2576 1236 2700 1292 Non
2748 1239 2976 1308 pepercit
3022 1256 3056 1293 a
3095 1251 3262 1295 morte
3307 1243 3586 1298 animabus

1995 1341 2198 1381 eorum.
2232 1324 2427 1383 Postea
2456 1344 2589 1384 vero
2613 1329 2729 1386 haec
2755 1331 2997 1388 declarat
3025 1349 3036 1386 :
3074 1332 3140 1387 Et
3174 1338 3435 1403 percussit
3471 1353 3586 1390 om-

1997 1433 2059 1470 ne
2089 1417 2498 1489 primogenitum
2529 1421 2582 1474 in
2625 1430 2768 1476 terra
2817 1421 3062 1496 Egypti,
3103 1426 3371 1493 primitias
3415 1428 3587 1485 omnis

1997 1507 2198 1564 laboris
2224 1527 2429 1566 eorum.
2463 1510 2570 1566 Pro
2601 1513 2694 1568 illo
2733 1522 2938 1578 autem,
2965 1517 3232 1585 primitias
3267 1517 3463 1572 laboris
3492 1533 3576 1573 eo-

1995 1617 2114 1655 rum
2144 1603 2199 1656 in
2229 1602 2606 1669 ,tabernaculis
2657 1604 2846 1670 Citam,
2881 1605 3276 1680 Symmachus,
3319 1611 3585 1680 primitias

1994 1696 2203 1750 virtutis
2236 1714 2438 1761 eorum,
2467 1699 2862 1769 interpretatus
2891 1709 2994 1757 est.
3029 1700 3164 1756 Nam
3199 1703 3583 1775 primogenita,

1995 1788 2253 1856 primitiae
2274 1790 2493 1846 virtutis
2527 1791 2868 1863 gignentium
2897 1801 3077 1850 erant.
3111 1797 3218 1852 Per
3245 1796 3454 1867 primas
3482 1797 3587 1851 ita-

1997 1895 2106 1952 que
2146 1883 2335 1955 plagas
2377 1884 2537 1954 quasi
2577 1884 2645 1938 ad
2692 1885 3074 1956 paenitentiam
3120 1888 3269 1959 ipsos
3310 1905 3584 1956 evocans,

1997 1989 2093 2044 per
2130 1975 2538 2044 patientiam'et
2566 1977 2912 2033 tolerantiam
2949 1994 3128 2044 suam,
3158 1979 3420 2050 paulatim
3450 1980 3587 2052 ipsis

1997 2071 2264 2142 supplicia
2323 2071 2614 2128 inferebat.
2666 2071 2725 2128 In
2758 2073 2867 2130 line
2907 2090 3039 2130 vero
3089 2091 3200 2130 non
3253 2077 3496 2147 pepercit
3554 2092 3585 2130 a

1996 2168 2172 2216 morte
2225 2161 2516 2219 animabus
2563 2177 2788 2229 eorum;
2830 2164 2926 2220 sed
2971 2165 3136 2220 etiam
3187 2164 3437 2236 jumenta
3487 2183 3586 2222 eo-

1997 2267 2118 2306 rum
2161 2253 2215 2308 in
2255 2261 2432 2309 morte
2481 2255 2778 2311 conclusit.
2834 2253 2970 2310 Nam
3023 2272 3186 2313 omne
3246 2259 3587 2330 primogeni-

1998 2351 2112 2398 tum
2154 2344 2210 2398 in
2258 2353 2405 2400 terra
2441 2344 2681 2418 JEgypti
2727 2345 3103 2410 occidebatur,
3154 2357 3262 2403 tam
3302 2349 3586 2420 jumento-

1996 2451 2142 2500 rum,
2194 2452 2356 2507 quam
2395 2436 2701 2493 hominum.
2752 2435 2861 2492 Sed
2908 2449 3164 2493 accurate
3194 2440 3488 2496 admodum
3521 2442 3588 2497 de

1996 2527 2312 2584 hominibus
2335 2529 2556 2600 quidem
2593 2529 2670 2583 ait
2695 2529 2910 2584 animas
2939 2545 3130 2585 eorum
3156 2531 3319 2586 morti
3351 2532 3586 2589 traditas

1995 2619 2169 2676 fuisse
2208 2637 2221 2673 :
2269 2619 2458 2675 aderat
2505 2620 2708 2692 quippe
2754 2619 2970 2676 daemon
3018 2623 3437 2689 exterminator,
3487 2627 3584 2696 qui

1995 2711 2208 2767 animas
2231 2712 2394 2766 etiam
2425 2727 2614 2767 eorum
2664 2721 2786 2783 post
2829 2723 3063 2768 mortem
3111 2715 3408 2786 abriperet.
3447 2717 3586 2774 Cum

1994 2805 2063 2861 de
2089 2804 2356 2876 iumentis
2390 2821 2556 2876 porro
2591 2806 2793 2876 agitur,
2843 2822 2954 2860 non
3003 2807 3147 2860 ultra
3193 2809 3404 2864 animas
3432 2825 3586 2864 com-

1995 2905 2294 2966 memorat;
2355 2899 2452 2953 sed
2505 2897 2682 2953 solum
2733 2913 3080 2954 communem
3137 2908 3191 2955 et
3241 2903 3582 2972 corporalem

1993 2997 2277 3046 mortem:
2310 2989 2564 3060 jumenta
2619 2992 2891 3062 siquidem
2941 3007 3050 3046 non
3098 2993 3312 3050 animas
3359 2996 3583 3062 habent,

1994 3097 2116 3153 qua:
2153 3090 2281 3153 post
2329 3084 2579 3154 corporis
2633 3085 2962 3140 solutionem
3024 3093 3304 3151 maneant,
3358 3087 3588 3158 perinde

1995 3185 2157 3246 atque
2200 3175 2485 3232 hominum
2534 3177 2750 3232 animae.
2801 3176 2954 3233 Hanc
3008 3194 3139 3234 vero
3191 3179 3367 3249 ipsam
3411 3180 3585 3237 histo—

1993 3269 2132 3323 riam
2179 3267 2399 3325 diverso
2444 3269 2610 3324 modo
2651 3267 2866 3342 Moyses
2917 3279 2972 3325 et
3011 3271 3100 3326 hic
3144 3274 3390 3343 psalmus
3421 3289 3586 3331 enar-

1992 3366 2138 3415 rant.
2163 3358 2298 3414 Nam
2328 3360 2420 3416 ille
2442 3361 2661 3432 quidem
2696 3362 2835 3418 dixit
2864 3365 3351 3422 exterminatorem
3377 3367 3584 3438 prime-

1991 3452 2304 3524 genitorum
2343 3453 2508 3509 morti
2555 3454 2947 3522 ministrasse;
2990 3456 3078 3511 hic
3118 3473 3248 3513 vero
3279 3473 3461 3516 sermo
3490 3477 3585 3531 per

1991 3546 2219 3616 angelos
2248 3545 2424 3602 malos
2462 3547 2576 3602 haec
2609 3547 2756 3603 facta
2792 3548 2968 3605 fuisse
3007 3559 3216 3606 narrat.
3267 3551 3443 3623 Atque
3472 3554 3584 3608 illic

1990 3638 2210 3708 quidem
2263 3638 2479 3712 Moyses
2551 3641 2822 3712 sanguine
2905 3644 3350 3712 superliminaria
3416 3653 3583 3701 uncta

1991 3726 2166 3784 fuisse
2183 3738 2394 3794 narrat,
2419 3730 2588 3786 ethoc
2615 3733 2829 3802 signum
2850 3732 3021 3788 fuisse
3044 3734 3113 3787 ad
3149 3735 3369 3789 tutelam
3392 3750 3580 3790 eorum

1989 3817 2082 3887 qui
2116 3817 2186 3872 ab
2231 3820 2658 3876 exterminatore
2717 3821 3060 3892 elfugerunt;
3112 3823 3200 3878 hic
3257 3840 3386 3880 vero
3436 3825 3582 3881 Deus

1987 3907 2132 3961 viam
2164 3906 2363 3965 fecisse
2395 3909 2598 3964 dicitur
2627 3917 2681 3965 et
2713 3911 2988 3975 semitam,
3026 3921 3082 3966 ut
3113 3913 3413 3985 etlugerent
3443 3914 3578 3969 iram

1989 4014 2169 4054 suam.
2207 3998 2334 4056 Haec
2366 4016 2553 4072 porro,
2582 4001 2781 4072 inquit,
2808 4003 2864 4056 in
2898 4003 3269 4060 tabernaculis
3295 4004 3467 4060 Cham
3498 4006 3579 4061 el‘o

1989 4092 2131 4148 lecta
2158 4101 2310 4160 sunt,
2356 4094 2472 4149 sive
2498 4095 2801 4150 secundum
2840 4093 3254 4167 Symmachum,
3286 4101 3340 4152 in
3369 4097 3578 4153 habita-

1989 4187 2223 4241 tionibus
2259 4185 2467 4248 Cliam;
2498 4189 2614 4244 sive
2659 4189 2966 4245 secundum
3011 4189 3287 4262 Aquilam,
3337 4191 3392 4245 in
3429 4192 3577 4247 tectis

1988 4277 2175 4335 Cham.
2219 4279 2388 4346 Queis
2435 4281 2730 4336 edocemur
2775 4280 3072 4354 Egyptum
3117 4281 3288 4339 fuisse
3321 4284 3576 4340 taberna-

1987 4370 2111 4424 cuia
2148 4369 2341 4426 Cham.
2375 4371 2514 4427 Cum
2546 4373 2690 4429 enim
2721 4372 2850 4429 Noae
2881 4381 2994 4428 tres
3025 4373 3118 4427 lilii
3157 4373 3381 4439 fuerint,
3421 4373 3572 4442 Scm,

1987 4462 2182 4526 Cham.
2207 4463 2434 4535 laphet;
2463 4465 2634 4520 Cham
2668 4466 2773 4521 l'uit
2803 4473 2956 4537 pater
2985 4465 3282 4533 Chanaan;
3311 4469 3573 4524 Chanaan

315 4556 514 4625 ’1άφεο,
539 4559 568 4610 ό
600 4557 731 4628 Χάμ
759 4557 948 4627 γέγονε
979 4561 1161 4632 πατὴρ
1187 4559 1280 4614 τοῦ
1310 4561 1550 4627 Χαναὰν,
1579 4563 1800 4615 Χαναὰν
1828 4561 1884 4615 δὲ

1992 4572 2120 4612 vero
2180 4566 2333 4628 pater
2377 4557 2652 4622 Mesraim,
2707 4559 2803 4628 qui
2865 4566 2985 4614 erat
3030 4558 3335 4630 Aigyptus;
3386 4575 3417 4616 a
3464 4577 3572 4632 quo

305 4649 487 4720 πατὴρ
539 4649 632 4703 τοῦ
664 4650 944 4723 Μεσραῖμ,
973 4651 1032 4716 ὃς
1071 4647 1140 4724 ἦν
1178 4653 1474 4723 Αἴγυπτος,
1509 4653 1602 4724 ἀφ’
1636 4649 1697 4708 οὗ
1722 4652 1888 4722 Αἰγύ-

303 4758 449 4795 πτιοι
478 4742 676 4806 πάντες
696 4759 709 4772 °
745 4741 873 4798 ὥστ’
906 4744 1132 4808 εἰκότως
1162 4745 1262 4818 τὴν
1301 4743 1410 4798 τῶν
1443 4744 1752 4814 Αἰγυπτίων
1777 4743 1885 4814 χώ-

307 4852 430 4908 ραν.
453 4834 786 4906 σκηνώματα
835 4835 930 4890 τοῦ
977 4837 1326 4910 προπάτορος
1380 4836 1476 4891 τοῦ
1510 4835 1772 4908 Μεσραῖμ
1805 4837 1886 4888 εἰ·

1986 4646 2226 4720 }Egyptii
2257 4665 2485 4716 omnes;
2531 4651 2604 4706 ita
2635 4657 2694 4706 ut
2721 4651 2846 4720 jure
2884 4649 3264 4722 Egyptiorum
3305 4653 3456 4724 regio
3484 4660 3572 4707 ta-

1983 4741 2279 4797 bernacula
2336 4745 2421 4798 avi
2472 4742 2724 4799 Mesraim
2778 4759 2903 4800 esse
2953 4743 3190 4800 dicatur.
3255 4743 3356 4800 Hic
3402 4761 3568 4816 porro

1982 4832 2156 4889 Cham
2185 4842 2324 4902 erat,
2360 4836 2453 4906 qui
2484 4836 2692 4907 primus
2726 4835 3020 4908 Egyptum
3051 4835 3300 4891 incoluit.

306 4930 523 5003 ρῆσθαι.
553 4926 720 4996 Οὗτος
763 4932 820 4986 δὲ
868 4928 936 5004 ἦν
965 4935 995 4988 6
1026 4933 1160 5005 Χάμ
1205 4933 1303 5005 τὴν
1357 4933 1629 5004 Αἴγυπτον
1678 4931 1893 5003 πρῶτος
1919 4929 2166 5000 οἰκήσας·

368 5029 477 5084 Καὶ
512 5028 749 5098 ἀπῆρεν
773 5031 846 5096 ὡς
903 5032 1165 5099 πρόϐατα
1203 5031 1312 5085 τὸν
1346 5031 1503 5087 λαὸν
1538 5029 1748 5094 αὐτοῦ,
1788 5029 1883 5082 καὶ

299 5123 364 5178 τὰ
413 5121 558 5194 ἑξῆς.
611 5122 767 5178 Μετὰ
808 5124 909 5194 τὴν
945 5123 1087 5178 κατὰ
1135 5143 1244 5179 των
1296 5125 1610 5195 Αἰγυπτίων
1650 5124 1883 5195 δεκάτην

303 5215 534 5287 πληγὴν,
563 5215 714 5278 ὅπως
738 5214 836 5286 τὴν
873 5216 969 5269 ἀπ’
999 5217 1273 5287 Αἰγύπτου
1303 5218 1526 5290 πορείαν
1559 5217 1881 5288 πεποίηνται

300 5304 535 5359 διδάσκει
579 5305 840 5375 φάσκων·
895 5308 1007 5362 Kal
1059 5309 1294 5378 ἀπῆρεν
1337 5311 1418 5376 ὡς
1462 5310 1727 5377 πρόϐατα
1775 5307 1882 5362 τὸν

303 5397 450 5452 λαὸν
495 5397 685 5452 αὑτοῦ
711 5438 726 5465 ,
788 5399 886 5453 καί
943 5399 1246 5471 ἀνήγαγεν
1297 5399 1520 5466 αὐτοὺς
1575 5399 1676 5454 καὶ
1733 5397 1878 5454 ὡσεί

303 5492 577 5561 ποίμνιον
622 5492 692 5546 ἑν
735 5492 950 5563 ἐρήμῳ.
1003 5493 1116 5548 Kal
1167 5492 1485 5572 ὡδήγησεν
1529 5494 1752 5560 αὐτοὺς
1807 5493 1879 5548 ἐν

304 5582 515 5645 sanior,
559 5584 657 5638 καί
713 5587 822 5639 οὐκ
866 5585 1237 5640 ἐδειλίασαν.
1291 5585 1450 5641 Κατὰ
1480 5585 1539 5640 δὲ
1587 5585 1680 5640 τὸν
1715 5583 1876 5640 ’Δκύ-

306 5683 420 5725 Ααν·
470 5675 580 5730 Καὶ
622 5676 1052 5748 καθωδήτησεν
1091 5678 1312 5746 αὐτοὺς
1359 5682 1446 5747 εἰς
1491 5681 1873 5748 πεποίθησιν,

308 5769 394 5823 καὶ
423 5770 532 5822 οὐκ
557 5769 970 5842 ἐπτοήθησαν·
1005 5771 1147 5830 κατά
1175 5771 1230 5826 δὲ
1254 5772 1344 5829 τὸν
1372 5772 1872 5844 Σ·3μμαχον,Ὡόή-

29 6213 926 6738 ﬁ

2057 5025 2231 5084 “Vens.
2267 5027 2360 5094 52,
2397 5028 2486 5084 5'5.
2535 5027 2605 5082 Et
2665 5027 2888 5082 abstulit
2950 5027 3087 5080 sicut
3153 5043 3270 5081 oues
3315 5027 3563 5095 populum

1983 5137 2160 5188 suum,
2205 5130 2312 5178 etc.
2375 5121 2510 5178 Post
2569 5121 2836 5176 decimam
2877 5119 3263 5193 Egyptiorum
3323 5121 3564 5191 plagam,

1982 5216 2258 5285 quomodo
2303 5215 2484 5271 exitus
2525 5230 2592 5270 ex
2628 5213 2866 5286 [Egypto
2910 5213 3200 5284 contigerit
3252 5211 3336 5267 his
3379 5212 3568 5266 verbis

1982 5309 2141 5364 docet
2195 5327 2208 5362 :
2258 5307 2328 5361 Et
2381 5307 2602 5362 abstulit
2648 5308 2786 5362 sicut
2827 5323 2942 5361 oves
2991 5306 3240 5375 populum
3289 5322 3467 5370 suum,
3511 5316 3562 5360 et

1983 5400 2228 5471 perduxit
2256 5417 2345 5456 eos
2381 5412 2634 5471 tanquam
2659 5416 2866 5472 gregem
2901 5401 2957 5454 in
2981 5399 3189 5465 deserto
3216 5416 3235 5452 :
3261 5407 3312 5453 et
3342 5398 3566 5454 deduxit

1981 5511 2070 5549 eos
2115 5495 2172 5547 in
2224 5509 2313 5561 spe
2340 5501 2388 5548 et
2423 5509 2528 5548 non
2577 5495 2898 5556 timuerunt;
2950 5492 3251 5549 secundum
3307 5491 3560 5562 Aquilam

1982 5601 2112 5642 vero
2145 5605 2158 5641 :
2186 5585 2257 5640 Et
2281 5585 2499 5640 deduxit
2524 5601 2612 5641 eos
2640 5586 2696 5640 in
2727 5585 2949 5655 ﬁducia,
2978 5593 3028 5637 et
3066 5599 3168 5637 non
3201 5583 3373 5638 territi
3400 5593 3558 5644 sunt;

1983 5681 2286 5738 secundum
2339 5678 2751 5752 Symmachum,
2806 5675 3038 5730 Deduxit
3085 5691 3174 5730 eos
3219 5676 3332 5732 sine
3370 5677 3562 5730 timore

1981 5781 2032 5830 et
2061 5781 2300 5838 terrore;
2334 5781 2387 5829 et
2419 5771 2664 5828 inimicos
2693 5783 2874 5825 eorum
2904 5765 3108 5838 operuit
3141 5783 3306 5824 mare.
3345 5765 3410 5822 Et
3444 5765 3560 5822 hanc
