4078 6934
603 345 705 404 951

1282 349 1548 407 EUSEBII
1587 349 2070 408 CESARIENSIS'
2103 350 2256 406 OPP.
2299 349 2478 406 PARS
2521 349 2610 406 Ill.
2651 382 2718 393 —
2760 347 3178 405 EXEGETICA.

3819 339 3958 395 932

604 459 826 532 quidem
885 468 1012 516 ante
1067 476 1254 516 eorum
1314 463 1370 517 in
1424 463 1642 519 deserto
1701 463 2182 519 commorationem

2292 477 2483 535 γησεν
2521 462 2743 530 αὐτοὺς
2765 463 3027 531 ἀφόϐους
3058 460 3156 513 καὶ
3187 455 3552 524 ἀπτοήτους’
3593 454 3710 508 καὶ
3761 456 3956 520 τοὺς

605 560 759 624 gesta
785 562 945 620 sunt;
979 569 1156 624 neque
1184 555 1329 609 enim
1362 571 1542 610 sermo
1570 557 1713 611 serie
1756 572 1936 611 rerum
1973 558 2176 624 utitur;

606 641 705 698 sed
754 652 944 715 utpote
998 645 1055 699 in
1111 645 1314 716 hymno
1360 656 1414 701 et
1459 649 1675 703 cantico
1711 656 2042 718 przepostere
2093 665 2180 704 res

605 744 849 790 enarrat.
893 735 1072 802 Quare
1101 752 1226 790 cum
1255 752 1319 791 ea
1343 754 1463 808 qua:
1508 739 1642 810 ipsis
1672 740 1727 794 in
1761 740 1978 796 deserto
2007 741 2183 796 conti-

606 836 820 897 gerant,
868 836 922 881 et
974 836 1196 899 peccata
1244 845 1367 900 qua:
1407 831 1461 885 iu
1499 834 1797 889 solitudine
1823 834 2178 898 admiserant,

604 921 930 990 quotiesque
959 919 1139 992 ipsum
1175 924 1635 980 exacerbaverant
1661 934 2012 994 enarrasset;
2041 938 2186 998 post-

603 1023 668 1063 ea
697 1009 941 1080 priorum
971 1011 1304 1068 mentionem
1337 1014 1490 1079 facit,
1523 1025 1583 1070 ut
1610 1033 1916 1074 sermonem
1949 1035 2057 1074 non
2090 1020 2179 1074 tri-

605 1101 802 1166 stibus,
826 1104 919 1158 sed
952 1102 1047 1160 Dei
1071 1104 1351 1162 beneﬂciis
1373 1108 1818 1166 circumscribat.
1842 1112 2184 1183 Quapmpter

605 1191 706 1246 sub
735 1191 851 1247 haec
888 1193 1053 1248 rebus
1099 1209 1130 1248 a
1178 1193 1287 1249 Deo
1331 1197 1384 1250 in
1428 1197 1661 1269 Egypto
1693 1200 1887 1270 gestis,
1926 1210 1981 1256 et
2013 1202 2182 1258 maris

606 1281 1044 1342 Rubritransitui
1067 1286 1217 1342 addit
1238 1288 1370 1343 illud
1396 1289 1654 1348 :—Vens.
1681 1291 1951 1358 54,5513
1975 1294 2182 1348 induxit

606 1391 688 1429 eos
742 1376 796 1430 in
840 1387 1070 1432 montem
1111 1381 1551 1450 sanctiﬁcationis
1596 1399 1730 1448 suta,
1768 1394 1995 1439 montem
2046 1386 2182 1440 hunc

605 1484 755 1536 quem
780 1471 1061 1541 acquisivit
1097 1471 1320 1527 dextera
1344 1474 1479 1542 ejus.
1515 1474 1614 1530 llic
1641 1491 1704 1531 ea
1733 1491 1855 1547 quae
1883 1477 1937 1531 iu
1965 1476 2182 1536 deserto

605 1561 948 1632 contigerant
966 1564 1183 1619 silentio
1211 1566 1402 1631 mittit,
1435 1568 1561 1638 quia
1589 1584 1778 1624 eorum
1806 1572 2180 1628 recensionem

605 1653 962 1721 prtemiserat.
1015 1653 1169 1711 Mons
1219 1665 1397 1712 autem
1437 1662 1686 1728 quinam,
1738 1660 1847 1714 nisi
1896 1659 2102 1726 Sionis,
2127 1663 2181 1717 in

605 1759 714 1814 quo
761 1743 1064 1800 Jerusalem
1119 1748 1224 1802 sub
1268 1748 1384 1804 htec
1433 1757 1557 1819 post
1603 1751 1810 1821 Asaphi
1857 1759 1912 1806 et
1960 1750 2182 1808 Davidis

2285 556 2535 626 ἐχθροὺς
2568 553 2767 609 αὐτῶν
2801 552 3110 622 ἐκάλυψεν
3138 551 3177 618 ἠ
3211 549 3512 604 θάλασσα.
3553 549 3684 602 Καὶ
3716 545 3948 600 ταῦτα

2290 647 2391 718 μὲν
2436 647 2675 720 πρότερα
2717 641 2784 718 ἦν
2808 645 2909 716 τῆς
2958 645 3100 699 κατά
3143 643 3242 715 τὴν
3275 641 3480 714 ἔρημον
3539 639 3899 710 διατριᾶἧς
3925 655 3944 668 ·

2287 741 2347 793 οὐ
2381 739 2486 812 μὴν
2527 739 2621 792 καὶ
2668 740 2696 792 ό
2730 738 2885 808 λόγος
2913 741 2982 810 τῇ
3014 737 3164 802 τάξει
3196 736 3460 806 κέχρηται
3493 733 3608 786 τῶν
3664 748 3942 802 πεπρα-

2289 833 2536 903 γμένων·
2583 832 2659 896 ὡς
2686 833 2742 885 ἐν
2771 831 2926 903 ὕμνῳ
2959 831 3015 884 δὲ
3044 831 3138 884 καὶ
3169 829 3282 900 ᾠδῇ
3311 827 3379 881 τὰ
3407 826 3652 898 δεύτερα
3691 825 3942 897 πρῶτα

2288 925 2468 997 τίθησι
2509 926 2600 979 κοιλ⁵
2631 924 2700 978 τά
2729 925 2918 997 πρῶτα
2946 923 3192 996 δεύτερα.
3221 921 3310 976 Διὸ
3339 920 3407 974 τὰ
3435 921 3576 975 κατά
3611 918 3728 990 τὴν
3773 918 3938 988 ἕρη-

2293 1037 2390 1090 μον
2436 1019 2734 1090 συμϐάντα,
2769 1018 2863 1072 καὶ
2893 1019 2993 1071 ὅσα
3024 1017 3266 1088 ἥμαρτον
3309 1015 3367 1069 ἐν
3398 1017 3463 1086 τῇ
3513 1014 3758 1085 ἐρήμῳ,
3823 1012 3938 1062 καὶ

2289 1112 2477 1176 ὁσάκις
2512 1113 2936 1183 παρεπίκραινον
2971 1108 3496 1182 προδιηγησάμενος,
3528 1106 3684 1177 μετὰ
3717 1103 3933 1157 ταῦτα

2289 1205 2386 1276 τὴν
2427 1205 2535 1258 τῶν
2570 1206 2801 1278 πρώτων
2839 1204 3055 1275 μνήμην
3085 1203 3340 1266 ποιεῖται,
3378 1200 3454 1263 ὼς
3487 1199 3552 1253 ἂν
3583 1198 3696 1250 τὸν
3733 1196 3932 1262 λόγον

2291 1296 2647 1368 περιγράψειε
2682 1297 2756 1368 μὴ
2781 1297 2862 1360 εἰς
2889 1294 3128 1367 λυπηρά,
3156 1294 3271 1348 ἀλλ’
3301 1294 3395 1346 ἐπὶ
3439 1294 3552 1354 ταῖς
3590 1288 3707 1343 τοῦ
3758 1286 3928 1339 Θεοῦ

2290 1387 2650 1458 εὐεργεσίαις.
2683 1387 2881 1459 Διόπερ
2911 1384 3038 1456 ἑξῆς
3071 1386 3424 1440 ὲπισυνάπτει
3452 1386 3565 1446 τοῖς
3596 1381 3771 1435 κατὰ
3807 1380 3922 1450 τὴν

2290 1475 2562 1545 Αἴγυπτον
2591 1477 2696 1529 ὑπὸ
2720 1475 2814 1530 τοῦ
2859 1476 2993 1528 Θεοῦ
3022 1475 3447 1548 πεπραγμένοις,
3491 1473 3587 1526 καὶ
3619 1473 3702 1542 τῇ
3734 1471 3920 1538 διόδῳ

2294 1569 2678 1641 τῆςἙρυθρᾶς
2711 1568 3007 1639 θαλάσσης,
3031 1567 3114 1631 τὸ,
3133 1567 3238 1622 Καὶ
3281 1564 3604 1635 εισήγαγεν
3658 1559 3918 1624 αὐτοὺς

2289 1667 2376 1731 εὶς
2415 1663 2552 1732 ὄρος
2589 1662 2952 1732 ἀγιάσματος
3005 1661 3212 1725 αὑτοῦ,
3243 1659 3380 1729 ὄρος
3422 1657 3598 1712 τοῦτο
3638 1655 3676 1709 ὃ
3714 1653 3917 1718 extri—

2289 1772 2439 1812 σατο
2466 1757 2504 1824 ἠ
2539 1755 2706 1820 δεξιὰ
2743 1753 2960 1808 αὑτοῦ·
2990 1752 3060 1806 τά
3103 1751 3245 1807 κατὰ
3269 1753 3368 1823 τὴν
3392 1751 3597 1823 ἔρημον
3640 1747 3912 1801 ἐνταῦθα

605 1846 848 1908 tempora
894 1843 1105 1891 structa
1151 1838 1271 1893 est?
1334 1838 1541 1896 Deinde
1608 1844 1978 1898 narrationem
2022 1860 2180 1899 resu~

2288 1849 2703 1919 ἀποσιωπήσας,
2730 1848 2818 1901 διὰ
2840 1847 2902 1900 τὸ
2928 1845 3313 1918 προειληφέναι
3341 1843 3523 1898 αὐτῶν
3553 1843 3658 1914 τὴν
3689 1842 3911 1913 Stin-1;-

609 1928 707 1981 mit
736 1928 810 1981 ita
873 1928 1101 1998 loquens
1137 1948 1152 1983 :
1208 1928 1275 1984 Et
1326 1931 1477 2001 ejecil
1518 1949 1552 1986 a
1587 1933 1723 2002 [acie
1752 1951 1932 1988 eorum
1988 1945 2184 2006 gentes.

607 2030 660 2076 et
731 2032 872 2076 sorte
924 2024 1102 2077 diuisit
1151 2025 1226 2078 eis
1297 2033 1488 2080 terram
1529 2027 1581 2080 in
1639 2027 1876 2097 funiculo
1933 2027 2187 2083 distribu-

604 2113 784 2168 tionis.
843 2114 907 2167 Et
955 2114 1198 2170 habitare
1227 2117 1351 2186 fecit
1407 2119 1458 2171 in
1495 2119 1853 2174 tabernaculis
1881 2137 2063 2175 eorum
2089 2122 2186 2174 tri-

605 2204 700 2261 bus
739 2205 934 2264 Israel.
966 2208 1261 2281 Postquam
1297 2210 1603 2282 ingressum
1631 2213 1687 2266 in
1721 2220 1919 2268 terram
1951 2214 2184 2284 promis-

603 2301 780 2356 sionis
823 2303 1171 2368 memoravit,
1215 2309 1270 2358 et
1296 2303 1573 2374 quomodo
1609 2305 1998 2375 occupaverint
2032 2321 2186 2359 mon-

604 2399 716 2446 tem
761 2389 916 2451 Sion.
960 2409 1120 2463 quem
1155 2393 1336 2464 longis
1380 2401 1569 2464 postea
1611 2395 1951 2464 temporibus
1991 2394 2182 2461 David,

605 2483 778 2554 pulsis
810 2485 991 2556 gladio
1019 2484 1286 2541 Jebusmis
1316 2486 1589 2554 obtinuit;
1624 2486 1910 2544 historiam
1935 2489 2184 2557 resumit,

605 2577 932 2647 compendio
959 2593 1217 2642 narrans,
1249 2579 1526 2649 quomodo
1556 2587 1681 2648 post
1704 2589 1936 2634 mortem
1959 2580 2183 2652 Moysis,

604 2671 743 2726 duce
767 2668 897 2725 Jesu
933 2670 1042 2725 filio
1065 2669 1232 2736 Nave,
1264 2671 1588 2726 transierint
1628 2671 1682 2726 in
1713 2680 1914 2727 terram
1951 2676 2186 2743 promis-

604 2763 800 2829 sionis,
830 2771 886 2817 et
916 2761 1253 2832 alienigenas
1277 2762 1421 2818 bello
1443 2763 1512 2818 ab
1541 2779 1600 2818 se
1632 2763 1877 2819 devictos
1915 2779 1944 2817 a
1968 2765 2187 2833 regione

607 2854 908 2925 exegerint,
938 2861 990 2910 et
1025 2853 1272 2908 funiculo
1297 2853 1602 2908 dimensam
1633 2863 1833 2911 terram
1866 2863 2014 2910 sorte
2043 2856 2186 2910 divi-

604 2945 792 3000 serint.
823 2945 1028 3001 Deinde
1049 2946 1198 3016 ipsos
1229 2946 1424 3002 iterum
1444 2950 1692 3018 coarguit
1745 2945 1934 3018 (Vens.
1970 2946 2183 3018 56-58),

606 3039 798 3095 dicens
853 3054 948 3094 eos
986 3039 1264 3108 prioribus
1299 3039 1356 3094 in
1390 3039 1610 3095 deserto
1643 3039 1901 3094 admissis
1947 3042 2187 3110 peccatis

601 3145 742 3185 nova
790 3131 929 3184 mala
982 3130 1260 3186 addidisse
1313 3149 1326 3185 :

607 3222 882 3286 nuissent,
915 3221 1083 3277 Deum
1136 3222 1415 3277 excelsum
1464 3222 1540 3278 ibi
1588 3223 1786 3277 iterum
1840 3229 2083 3279 tentasse
2130 3231 2184 3277 et

602 3313 980 3376 exacerbasse,
1030 3321 1083 3367 et
1134 3313 1452 3368 testimonia
1506 3313 1628 3383 ejus
1675 3327 1774 3383 per
1804 3311 2045 3383 Moysem
2077 3314 2185 3369 sibi

603 3402 810 3456 tradita
843 3416 954 3455 non
978 3400 1322 3468 custodisse;
1361 3400 1456 3457 sed
1475 3417 1593 3457 sese
1612 3403 1877 3459 avertisse
1915 3418 1978 3457 ac
1994 3405 2188 3474 despe-

605 3493 753 3550 xisse
780 3494 1239 3565 quemadmodum
1265 3500 1448 3564 patres
1476 3509 1688 3560 eorum,
1721 3504 1774 3549 et
1797 3511 1986 3552 versos
2017 3496 2187 3553 fuisse

605 3586 662 3642 in
694 3601 882 3642 arcum
917 3602 1168 3658 pravum.
1210 3585 1346 3641 Nam
1388 3603 1511 3642 cum
1547 3589 1883 3658 Oportuisset
1930 3590 2187 3646 inimicos

603 3679 702 3737 Dei
731 3689 785 3735 et
817 3680 1164 3736 adversarias
1204 3681 1309 3734 sibi
1353 3689 1652 3751 potestates
1689 3682 1809 3738 telis
1845 3683 2108 3753 impetere
2131 3690 2186 3738 et

604 3774 933 3840 confodere;
983 3773 1089 3844 ipsi
1133 3773 1295 3828 idolis
1337 3774 1505 3828 dediti
1558 3774 1725 3828 Deum
1761 3775 2098 3846 blasphemis
2135 3785 2188 3831 et

605 3867 835 3923 nefariis
863 3867 1045 3922 verbis
1080 3868 1421 3938 impetivere.
1463 3867 1645 3934 Quare
1684 3868 1813 3922 facti
1850 3878 1978 3923 sunt
2013 3868 2067 3922 in
2098 3884 2187 3922 ar-

603 3975 730 4016 cum
787 3976 1013 4033 pravum
1049 3981 1062 4016 :
1093 3960 1238 4031 quod
1291 3961 1394 4016 sub
1446 3961 1661 4016 initium
1712 3960 2048 4016 declaratum
2097 3961 2184 4018 his

603 4055 790 4111 verbis
821 4064 905 4110 est
943 4073 956 4109 :
992 4052 1126 4107 Filii
1173 4052 1428 4122 Ephraim
1472 4053 1796 4108 intendentes
1838 4064 1888 4108 ct
1921 4055 2183 4109 mittentes

605 4148 860 4213 arcubus,
887 4147 1121 4201 conversi
1151 4157 1274 4201 sunt
1304 4147 1358 4200 in
1387 4145 1471 4201 die
1504 4145 1648 4200 belli.
1681 4146 1967 4212 Quomodo
1999 4155 2182 4201 autem

605 4239 860 4295 conversi
897 4238 1102 4294 fuerint
1143 4239 1198 4294 in
1257 4254 1446 4293 arcum
1507 4253 1735 4309 pravum
1797 4238 2039 4294 declarat
2092 4253 2186 4308 po-

606 4340 722 4388 stea
751 4332 941 4387 dicens
984 4350 998 4386 :
1048 4329 1116 4384 Et
1167 4331 1509 4385 irritaverant
1561 4347 1680 4384 eum
1729 4330 1784 4384 in
1835 4329 2080 4396 collibus,
2136 4339 2186 4382 et

605 4427 660 4481 in
683 4427 1012 4498 sculptilibus
1078 4427 1188 4481 suis
1219 4426 1287 4480 ad
1346 4427 1737 4482 aemulationem
1772 4432 2184 4495 prouocauerunt

603 4536 745 4575 eum.

2290 1959 2394 1994 σιν.
2428 1941 2590 2012 Ὄρος
2615 1941 2673 1994 δὲ
2709 1943 2860 1993 ποῖον
2890 1938 2924 2010 ii
2954 1939 3015 1992 τὸ
3039 1937 3195 2000 Σιὼν,
3228 1938 3312 2006 ἐφ’
3333 1929 3378 2005 ᾧ
3411 1935 3786 2008 Ἰερουσαλὴμ
3822 1936 3842 2004 ξ
3853 1938 3908 2006 1)

2288 2036 2510 2108 ὕστερον
2541 2033 2680 2106 μετὰ
2711 2034 2836 2097 τοὺς
2857 2031 3080 2104 χρόνους
3113 2030 3206 2084 τοῦ
3247 2030 3418 2099 Ἀσάφ
3459 2031 3553 2084 καὶ
3583 2027 3689 2081 τοῦ
3721 2027 3908 2080 Δαυτε

2286 2124 2638 2197 ιξ›κοδομήθη;
2691 2119 2790 2178 εἶτ’
2835 2121 3277 2193 ἐπαναλαμϐάνει
3329 2119 3428 2192 τὴν
3481 2119 3749 2191 διήγησιν
3805 2118 3905 2172 διὰ

2286 2219 2392 2272 τῶν
2421 2219 2544 2291 ἑξῆς
2571 2219 2744 2286 λέγων
2763 2233 2776 2247 ·
2816 2215 2926 2272 Kal
2953 2214 3242 2280 ἐξέϐαλεν
3263 2213 3383 2268 ἀπὸ
3412 2209 3754 2281 προσάπτοι)
3781 2213 3906 2265 αὒ-

2285 2309 2404 2365 τῶν
2427 2311 2596 2378 ἔθνη,
2627 2309 2725 2363 καὶ
2757 2306 3239 2376 ἐκληροδότησεν
3263 2304 3486 2370 αὐτοὺς
3513 2304 3584 2357 ἐν
3618 2303 3902 2372 axon-{cp

2287 2401 2709 2470 κληροδοσίας.
2758 2401 2867 2455 Καὶ
2914 2397 3377 2466 κατεσκήνωσεν
3425 2397 3496 2450 ἐν
3537 2395 3670 2462 τοῖς
3726 2411 3898 2462 σκη-

2285 2491 2554 2563 ηὒμασιν
2578 2491 2778 2546 αὐτῶν
2821 2491 2928 2558 τὰς
2964 2492 3164 2560 φυλὰς
3194 2486 3300 2543 τοῦ
3346 2487 3611 2556 Ἰσραήλ.
3639 2487 3898 2556 Μνημο-

2287 2583 2481 2648 νεύσας
2526 2584 2624 2654 τῆς
2679 2581 2882 2637 εἰσόδου
2924 2582 3025 2653 τῆς
3069 2581 3148 2644 είς
3181 2577 3280 2651 τήν
3333 2578 3436 2650 γῆν
3483 2577 3585 2648 τῆς
3625 2579 3890 2646 ἐπαγγε-

2285 2675 2425 2740 λίας.
2455 2678 2548 2731 καὶ
2581 2676 2657 2740 ὡς
2695 2673 3026 2744 ἀπειλήφασι
3049 2672 3110 2726 τὸ
3136 2671 3260 2744 ὅρος
3310 2671 3363 2725 τὸ
3405 2671 3562 2733 Σιὼν,
3589 2671 3739 2742 ὅπερ
3783 2687 3894 2740 ι.ι..·.ι⁸

2287 2773 2438 2842 κροῖς
2489 2768 2713 2839 ὕστερον
2758 2767 2970 2839 χρόνοις
3013 2766 3279 2836 ἐκτήσατο
3321 2763 3482 2818 Δαυῒδ
3524 2763 3582 2815 ἐν
3619 2763 3885 2834 ῥομφαίᾳ

2284 2863 2374 2916 τὸν
2421 2861 2740 2916 ἰεϐουσαῖον
2772 2859 2990 2923 ἐλάσας,
3019 2856 3460 2928 ἐπαναλαμϐάνει
3491 2856 3589 2928 τὴν
3623 2855 3882 2928 ἱστορίαν

2287 2955 2730 3026 ἐπιτεμνόμενος,
2755 2952 2830 3016 ὡς
2859 2952 2996 3023 μετά
3018 2948 3115 3022 τήν
3139 2948 3394 3020 τελευτήν
3418 2947 3681 3012 Μωσέως,
3707 2948 3882 3017 ἡγουο

2291 3043 2452 3116 μένου
2481 3041 2659 3095 αὐτῶν
2694 3039 2869 3112 Ἰησοῦ
2907 3038 3000 3092 τοῦ
3027 3038 3207 3107 Ναυῆ,
3234 3035 3510 3110 παρῆλθον
3537 3037 3617 3100 εἰς
3638 3037 3744 3108 τὴν
3770 3037 3880 3106 γῆν

1382 3145 1448 3184 ac
1476 3138 1767 3200 postquam
1805 3137 2007 3185 terram
2042 3133 2182 3187 obti-

2287 3135 2388 3206 τῆς
2430 3132 2782 3202 ἐπαγγελίας,
2828 3133 2920 3187 καὶ
2968 3132 3042 3196 ὡς
3083 3129 3334 3196 ἐξέϐαλον
3377 3131 3503 3194 τοὺς
3537 3127 3879 3199 ἀλλοφύλους

2289 3228 2509 3299 πολέμῳ
2534 3227 2902 3298 κρατήσαντες
2942 3226 3042 3297 τῆς
3072 3225 3273 3296 χώρας,
3301 3225 3393 3279 καὶ
3413 3225 3487 3288 ὡς
3521 3224 3712 3296 κλήρῳ
3743 3224 3878 3276 διείο

2288 3321 2446 3375 λαντο
2479 3321 2673 3391 σχοίνῳ
2705 3320 3070 3391 μετρήσαντες
3092 3319 3192 3389 τὴν
3221 3319 3342 3390 γῆν.
3371 3313 3480 3370 Εἶτ’
3507 3313 3663 3380 αὖθις
3686 3316 3872 3370 αὐτῶν

2289 3414 2610 3484 κατηγορεῖ,
2667 3411 2954 3475 διδάσκων,
2988 3409 3064 3474 ὡς
3121 3410 3258 3482 πρὸς
3300 3413 3412 3474 τοῖς
3458 3408 3870 3481 ἡμαρτημένοις

2287 3502 2431 3557 κατὰ
2468 3502 2565 3574 τὴν
2597 3501 2801 3576 ἔρημον
2833 3501 3151 3573 προσθήκας
3183 3500 3365 3554 κακῶν
3395 3501 3744 3573 ἐποιήσαντο·
3775 3503 3871 3555 καὶ

2291 3595 2428 3667 μετά
2474 3595 2536 3648 τὸ
2577 3593 2880 3666 κτήσασθαι
2929 3593 3026 3665 τὴν
3064 3594 3188 3664 γῆν,
3235 3593 3530 3665 ἐπείρασαν
3576 3593 3738 3646 πάλιν
3783 3596 3869 3648 ἐν·

2285 3687 2460 3741 ταῦθα
2489 3687 2583 3740 καὶ
2621 3685 3034 3758 παρεπίκραναν
3063 3686 3153 3740 τὸν
3200 3686 3331 3740 Θεὸν
3361 3687 3451 3740 τὸν
3485 3687 3729 3758 ὖψιστον,
3771 3690 3865 3742 καὶ

2286 3778 2353 3832 τά
2383 3779 2654 3852 μαρτύρια
2682 3779 2847 3833 αὑτοῦ
2885 3781 2955 3834 τά
2983 3779 3071 3834 διὰ
3095 3780 3340 3844 Μωσέως
3367 3781 3548 3844 αὐτοῖς
3573 3781 3864 3853 παραδεδο-

2290 3869 2427 3942 μένα
2453 3871 2552 3924 οὐκ
2583 3870 2855 3940 ἐφύλαξαν
2874 3889 2888 3903 ·
2925 3871 3039 3926 ἀλλ’
3065 3871 3416 3944 ἀπέστρεψαν
3447 3873 3540 3926 καὶ
3571 3872 3857 3945 ἠθέτησαν,

2286 3964 2469 4029 καθὼς
2493 3967 2542 4019 οἱ
2571 3966 2803 4038 πατέρες
2827 3965 3025 4031 αὐτῶν,
3068 3966 3163 4020 καὶ
3203 3965 3572 4038 μετετέθησαν
3603 3969 3681 4032 είς
3709 3969 3857 4032 τόξον

2289 4057 2564 4130 στρεϐλόν.
2607 4057 2734 4110 Δέον
2759 4058 2869 4130 γὰρ
2907 4058 3034 4121 τοὺς
3059 4057 3285 4130 ἐχθροὺς
3328 4056 3422 4111 τοῦ
3456 4057 3592 4111 Θεοῦ
3635 4059 3724 4122 καὶ
3761 4059 3856 4124 τὰς

2288 4149 2577 4222 πολεμίους
2608 4150 2786 4204 αὐτῶν
2814 4150 3069 4222 δυνάμεις
3095 4149 3193 4214 τάς
3223 4150 3602 4221 ἀντικειμένας
3629 4149 3854 4215 τοξεύειν

2287 4244 2381 4296 καὶ
2415 4242 2645 4312 βάλλειν,
2671 4243 2720 4294 οί
2748 4241 2805 4295 δὲ
2833 4241 3388 4313 είδωλολατρήσαντες
3422 4240 3512 4294 τὸν
3552 4241 3682 4294 Θεὸν
3714 4241 3855 4294 ἐϐαλ-

2286 4334 2375 4388 λον
2407 4334 2746 4405 βλασφήμοις
2790 4334 2883 4386 καὶ
2914 4331 3191 4404 ἀθεμίτοις
3220 4331 3416 4399 λόγοις.
3452 4330 3542 4384 Διὸ
3579 4331 3852 4400 γεγόνασιν

2287 4429 2366 4492 είς
2391 4427 2542 4492 τόξον
2569 4425 2824 4497 στρεϐλόν
2849 4441 2862 4454 ·
2891 4424 2920 4477 ὃ
2950 4424 3012 4495 δή
3047 4425 3164 4478 κατ’
3195 4423 3367 4494 ἀρχάς
3396 4421 3582 4493 ἐδήλου
3604 4423 3664 4476 τὸ
3684 4423 3850 4492 λόγιον

2292 4514 2469 4584 φῆσαν
2492 4531 2505 4545 ο
2544 4515 2661 4568 Υιοὶ
2703 4514 2946 4584 Ἐερραῒμ
2987 4513 3356 4580 ἐντείνοντες
3383 4514 3480 4568 καὶ
3523 4513 3850 4579 βάλλοντες

604 4614 822 4681 τόξοις,
859 4611 1251 4682 ἐστράφησαν
1293 4614 1362 4667 ὲν
1391 4614 1582 4684 ἡμέρᾳ
1613 4615 1900 4685 πολέμου.
1950 4615 2074 4676 Πῶς
2119 4613 2175 4665 δέ
2213 4611 2560 4683 ἐστράφησαν
2585 4612 2664 4674 είς
2690 4610 2840 4675 τόξον
2871 4609 3126 4680 στρεϐλὸν
3185 4609 3440 4680 διασαφεῖ
3473 4609 3646 4678 λέγων
3703 4610 3843 4684 ἑξῆς·

599 4709 714 4767 Kal
756 4707 1138 4778 παρώργισαν
1163 4709 1350 4764 αὑτὸν
1385 4710 1455 4762 ἐν
1496 4709 1620 4776 τοῖς
1649 4709 1901 4775 βουνοῖς
1931 4707 2008 4779 (2)
2049 4707 2144 4761 καὶ
2185 4706 2256 4759 ἐν
2291 4705 2414 4770 τοῖς
2441 4707 2728 4771 γλυπτοῖς
2764 4703 2962 4758 αὐτῶν
2993 4701 3424 4772 παρεζήλωσαν
3453 4697 3660 4758 αὐξόν.

673 4824 838 4880 Vens.
875 4825 964 4880 59.
998 4823 1214 4879 Audiuit
1251 4824 1386 4881 Deus
1427 4833 1476 4880 et
1506 4825 1721 4896 spreuit,
1758 4834 1808 4878 et
1847 4824 1914 4878 ad
1956 4823 2178 4878 nihilum

2359 4822 2659 4875 Ἤκουσεν
2685 4823 2717 4874 ό
2747 4817 2895 4884 Θεὸς
2918 4817 3014 4871 καὶ
3065 4816 3330 4884 ὑπεριδε,
3359 4818 3458 4871 καὶ
3490 4816 3846 4879 ἐξουδένωσε

601 4914 798 4987 redegit
833 4913 980 4969 ualde
1013 4914 1207 4969 Israel.
1241 4914 1537 4986 Postquam
1570 4916 1710 4970 mala
1748 4915 1816 4970 ab
1845 4914 1980 4984 ipsis
2013 4915 2177 4968 etiam

602 5008 662 5064 in
695 5015 840 5064 terra
885 5008 1266 5078 promissionis
1299 5017 1608 5079 perpetrata
1635 5007 1936 5072 recensuit,
1965 5005 2175 5076 justum

601 5097 698 5156 Dei
725 5099 992 5170 judicium
1040 5107 1229 5170 postea
1273 5099 1534 5164 declarat,
1581 5097 2010 5169 comprobatque
2051 5095 2176 5166 jure

602 5204 700 5246 eos
747 5198 870 5260 post
913 5189 1172 5260 praedicta
1220 5191 1401 5244 omnia
1450 5191 1533 5244 ira
1577 5187 1672 5243 Dei
1719 5190 1939 5244 invasos
1983 5187 2173 5243 fuisse.

602 5281 737 5338 Nam
767 5299 892 5338 cum
929 5285 1076 5338 versi
1111 5291 1239 5338 sunt
1277 5283 1331 5338 in
1366 5299 1552 5338 arcum
1584 5300 1835 5354 pravum,
1864 5290 1920 5338 et
1949 5299 2074 5338 cum
2099 5285 2177 5337 ir-

602 5377 896 5432 ritaverunt
927 5394 1045 5432 eum
1075 5378 1129 5430 in
1157 5376 1378 5431 collibus
1399 5377 1534 5442 suis,
1559 5388 1608 5431 et
1631 5377 1684 5430 in
1704 5376 2034 5446 sculptilibus
2060 5377 2170 5430 suis

601 5468 673 5524 ad
707 5469 1096 5524 cumulationem
1124 5479 1535 5538 prouocauerunt
1558 5485 1714 5535 eum;
1748 5479 1877 5525 tunc
1907 5469 2051 5525 Deus
2075 5482 2177 5524 nec

601 5563 753 5632 ipsos
785 5562 1010 5623 intueri.
1044 5561 1182 5616 tales
1216 5561 1432 5617 scilicet
1459 5577 1584 5616 cum
1616 5569 1823 5628 essent,
1861 5576 1962 5617 nec
1992 5563 2046 5616 in
2079 5575 2174 5617 eos

600 5654 906 5723 resumere;
945 5654 1057 5708 imo
1101 5669 1230 5710 vero
1279 5669 1458 5727 neque
1500 5655 1724 5726 impiam
1761 5669 1950 5711 eorum
1979 5670 2173 5711 vocem

685 5802 763 5877 (ι)
792 5802 855 5860 ιτ.
896 5805 959 5862 τδ
993 5806 1155 5880 ἱερόν.

2285 4916 2519 4984 σφόδρα
2555 4913 2662 4967 τὸν
2704 4909 2960 4979 Ἰσραήλ.
3009 4908 3326 4973 Καταλέξας
3357 4911 3450 4964 καὶ
3495 4909 3564 4962 τὰ
3598 4911 3655 4962 ἐν
3682 4913 3743 4981 τῇ
3779 4911 3841 4979 γῇ

2279 5014 2378 5084 τῆς
2399 5005 2728 5077 ἐπαγγελίας
2751 5001 3116 5073 πεπραγμένα
3143 5003 3326 5066 αὐτοῖς
3346 5001 3510 5066 κακά,
3533 5002 3841 5074 παρίστησιν

2281 5106 2407 5176 ἐξῆς
2433 5103 2531 5173 τὴν
2559 5097 2952 5168 δικαιοκρισίαν
2993 5095 3088 5149 τοῦ
3129 5095 3287 5161 Θεοῦ,
3331 5095 3564 5159 δεικνὺς.
3596 5095 3672 5159 ὡς
3703 5095 3836 5149 εὐλό-

2280 5214 2392 5267 γως
2430 5192 2566 5266 μετά
2613 5189 2788 5243 πάντα
2819 5186 2887 5240 τά
2926 5186 3329 5259 προλελεγμένα
3364 5185 3624 5256 μετῆλθεν
3666 5186 3837 5250 αὐτοὺς

2283 5288 2317 5356 ή
2341 5286 2498 5358 ὀργή.
2522 5283 2650 5335 Ὅτε
2672 5279 2780 5352 γάρ
2811 5280 3160 5350 ἐστράφησαν
3189 5281 3268 5342 είς
3290 5279 3442 5344 τόξον
3474 5277 3740 5348 στρεϐλὸν,
3757 5277 3836 5330 καὶ

2278 5381 2367 5432 ὅτε
2393 5373 2774 5444 παρώργισαν
2794 5373 2983 5427 αὐτὸν
3004 5373 3075 5426 ἐν
3097 5373 3220 5438 τοῖς
3241 5372 3484 5438 βουνοί(
3515 5369 3728 5428 αὐτῶν.
3750 5370 3835 5425 καὶ

2285 5469 2355 5522 ὲν
2383 5466 2505 5532 τοῖς
2543 5463 2832 5535 γλυπτοῖς
2858 5461 3057 5516 αὐτῶν
3092 5460 3522 5530 παρεζήλωσαν
3557 5462 3756 5530 aeta»;
3782 5459 3833 5514 τὸ

2281 5557 2585 5630 τηνικαῦτα
2627 5557 2750 5610 οὐδὲ
2794 5554 3087 5627 ἐμϐλέπειν
3113 5554 3308 5617 αὐτοὺς
3352 5557 3382 5608 ό
3415 5555 3547 5618 Θεὸς
3573 5553 3831 5617 τοιούτους

2278 5654 2457 5715 ὄντας,
2483 5650 2597 5703 ἀλλ’
2622 5649 2743 5703 οὐδὲ
2769 5649 2900 5719 όρᾷν
2924 5645 3073 5716 ἠξίου
3099 5664 3112 5680 ·
3144 5645 3260 5700 ἀλλ’
3283 5646 3404 5701 οὐδὲ
3432 5647 3649 5702 ἀκούειν
3673 5643 3830 5704 αὐτῶν

2345 5805 2420 5879 (2)
2459 5809 2564 5876 I‘p.
2604 5803 2826 5880 βωμοῖς.
2865 5779 2870 5784 ⁸
