  <div class='ocr_page' id='page_1' title='image "/cluster/home/n/w/nwhite01/storage/ocr_20150623/23/hvd.32044073501124/474.png"; bbox 0 0 4078 6934; ppageno 0'>
   <div class='ocr_carea' id='block_1_1' title="bbox 249 309 357 367">
    <p class='ocr_par' dir='ltr' id='par_1_1' title="bbox 249 309 357 367">
     <span class='ocr_line' id='line_1_1' title="bbox 249 309 357 367; baseline 0.009 -1"><span class='ocrx_word' id='word_1_1' title='bbox 249 309 357 367; x_wconf 74' lang='grc'><strong>953</strong></span> 
     </span>
    </p>
   </div>
   <div class='ocr_carea' id='block_1_2' title="bbox 1391 298 2382 360">
    <p class='ocr_par' dir='ltr' id='par_1_2' title="bbox 1391 298 2382 360">
     <span class='ocr_line' id='line_1_2' title="bbox 1391 298 2382 360; baseline 0.002 -4"><span class='ocrx_word' id='word_1_2' title='bbox 1391 298 1896 356; x_wconf 71' lang='lat' dir='ltr'><strong>COMMENTARIA</strong></span> <span class='ocrx_word' id='word_1_3' title='bbox 1933 300 2003 356; x_wconf 75' lang='lat' dir='ltr'><strong>IN</strong></span> <span class='ocrx_word' id='word_1_4' title='bbox 2043 300 2382 360; x_wconf 73' lang='lat' dir='ltr'><strong>PSALMOS‘.</strong></span> 
     </span>
    </p>
   </div>
   <div class='ocr_carea' id='block_1_3' title="bbox 3415 304 3519 358">
    <p class='ocr_par' dir='ltr' id='par_1_3' title="bbox 3415 304 3519 358">
     <span class='ocr_line' id='line_1_3' title="bbox 3415 304 3519 358; baseline 0.01 -2"><span class='ocrx_word' id='word_1_5' title='bbox 3415 304 3519 358; x_wconf 64' lang='grc' dir='ltr'><strong>εει</strong></span> 
     </span>
    </p>
   </div>
   <div class='ocr_carea' id='block_1_4' title="bbox 249 420 1845 498">
    <p class='ocr_par' dir='ltr' id='par_1_4' title="bbox 249 420 1838 498">
     <span class='ocr_line' id='line_1_4' title="bbox 249 420 1838 498; baseline -0.006 -17"><span class='ocrx_word' id='word_1_6' title='bbox 249 428 349 498; x_wconf 81' lang='grc' dir='ltr'>τῆς</span> <span class='ocrx_word' id='word_1_7' title='bbox 377 423 609 488; x_wconf 81' lang='grc' dir='ltr'>ἀσεϐοῦς</span> <span class='ocrx_word' id='word_1_8' title='bbox 641 422 848 494; x_wconf 77' lang='grc' dir='ltr'>φωνῆς.</span> <span class='ocrx_word' id='word_1_9' title='bbox 879 422 972 476; x_wconf 80' lang='grc' dir='ltr'><strong>Διὸ</strong></span> <span class='ocrx_word' id='word_1_10' title='bbox 1003 421 1278 491; x_wconf 61' lang='grc' dir='ltr'><strong>ἐπιλέγει⁸</strong></span> <span class='ocrx_word' id='word_1_11' title='bbox 1312 421 1610 475; x_wconf 79' lang='grc' dir='ltr'>Ἤκουσεν</span> <span class='ocrx_word' id='word_1_12' title='bbox 1631 423 1664 475; x_wconf 87' lang='lat' dir='ltr'><strong>d</strong></span> <span class='ocrx_word' id='word_1_13' title='bbox 1691 420 1838 487; x_wconf 85' lang='grc' dir='ltr'><strong>Θεὸς</strong></span> 
     </span>
    </p>
   </div>
   <div class='ocr_carea' id='block_1_5' title="bbox 1943 420 3519 498">
    <p class='ocr_par' dir='ltr' id='par_1_5' title="bbox 1943 421 3519 495">
     <span class='ocr_line' id='line_1_5' title="bbox 1943 421 3519 495; baseline 0 -21"><span class='ocrx_word' id='word_1_14' title='bbox 1943 421 2130 479; x_wconf 83' lang='lat' dir='ltr'><strong>audire</strong></span> <span class='ocrx_word' id='word_1_15' title='bbox 2182 424 2537 495; x_wconf 73' lang='lat' dir='ltr'><strong>dignabatur.</strong></span> <span class='ocrx_word' id='word_1_16' title='bbox 2594 422 2962 490; x_wconf 84' lang='lat' dir='ltr'><strong>Quamobrem</strong></span> <span class='ocrx_word' id='word_1_17' title='bbox 3030 421 3236 486; x_wconf 87' lang='lat' dir='ltr'><strong>subdit,</strong></span> <span class='ocrx_word' id='word_1_18' title='bbox 3297 421 3519 476; x_wconf 68' lang='lat' dir='ltr'><strong>Audiuit</strong></span> 
     </span>
    </p>
   </div>
   <div class='ocr_carea' id='block_1_6' title="bbox 248 510 1844 592">
    <p class='ocr_par' dir='ltr' id='par_1_6' title="bbox 248 510 1844 592">
     <span class='ocr_line' id='line_1_6' title="bbox 248 510 1844 592; baseline -0.007 -16"><span class='ocrx_word' id='word_1_19' title='bbox 248 522 349 576; x_wconf 73' lang='grc' dir='ltr'>καὶ</span> <span class='ocrx_word' id='word_1_20' title='bbox 425 517 693 588; x_wconf 81' lang='grc' dir='ltr'>ὑπεριδε,</span> <span class='ocrx_word' id='word_1_21' title='bbox 741 514 886 572; x_wconf 87' lang='grc' dir='ltr'><strong>κατά</strong></span> <span class='ocrx_word' id='word_1_22' title='bbox 925 516 1018 570; x_wconf 77' lang='grc' dir='ltr'><strong>τὸν</strong></span> <span class='ocrx_word' id='word_1_23' title='bbox 1063 513 1316 592; x_wconf 79' lang='grc' dir='ltr'>Ἀκύλαν,</span> <span class='ocrx_word' id='word_1_24' title='bbox 1365 514 1466 568; x_wconf 71' lang='grc' dir='ltr'>καὶ</span> <span class='ocrx_word' id='word_1_25' title='bbox 1518 510 1844 581; x_wconf 84' lang='grc' dir='ltr'>ἀνυπερθέ-</span> 
     </span>
    </p>
   </div>
   <div class='ocr_carea' id='block_1_7' title="bbox 251 605 1841 684">
    <p class='ocr_par' dir='ltr' id='par_1_7' title="bbox 251 605 1841 684">
     <span class='ocr_line' id='line_1_7' title="bbox 251 605 1841 684; baseline -0.007 -15"><span class='ocrx_word' id='word_1_26' title='bbox 251 628 398 682; x_wconf 82' lang='grc' dir='ltr'>τησε</span> <span class='ocrx_word' id='word_1_27' title='bbox 418 629 432 643; x_wconf 83' lang='grc'><strong>·</strong></span> <span class='ocrx_word' id='word_1_28' title='bbox 474 610 670 684; x_wconf 81' lang='grc' dir='ltr'><strong>μηκέτι</strong></span> <span class='ocrx_word' id='word_1_29' title='bbox 717 607 984 680; x_wconf 81' lang='grc' dir='ltr'>ἀναϐολὴν</span> <span class='ocrx_word' id='word_1_30' title='bbox 1016 607 1150 680; x_wconf 81' lang='grc' dir='ltr'>μηδὲ</span> <span class='ocrx_word' id='word_1_31' title='bbox 1195 605 1488 678; x_wconf 80' lang='grc' dir='ltr'><strong>ὑπέρθεσιν</strong></span> <span class='ocrx_word' id='word_1_32' title='bbox 1525 606 1712 668; x_wconf 83' lang='grc' dir='ltr'>αὐτοῖς</span> <span class='ocrx_word' id='word_1_33' title='bbox 1751 606 1841 658; x_wconf 78' lang='grc' dir='ltr'><strong>ὲν-</strong></span> 
     </span>
    </p>
   </div>
   <div class='ocr_carea' id='block_1_8' title="bbox 251 699 1842 772">
    <p class='ocr_par' dir='ltr' id='par_1_8' title="bbox 251 699 1842 772">
     <span class='ocr_line' id='line_1_8' title="bbox 251 699 1842 772; baseline -0.006 -10"><span class='ocrx_word' id='word_1_34' title='bbox 251 706 376 771; x_wconf 82' lang='grc' dir='ltr'>δούς</span> <span class='ocrx_word' id='word_1_35' title='bbox 398 725 410 737; x_wconf 85' lang='grc'><strong>·</strong></span> <span class='ocrx_word' id='word_1_36' title='bbox 450 703 592 760; x_wconf 84' lang='grc' dir='ltr'><strong>κατά</strong></span> <span class='ocrx_word' id='word_1_37' title='bbox 641 703 698 757; x_wconf 82' lang='grc' dir='ltr'>δὲ</span> <span class='ocrx_word' id='word_1_38' title='bbox 751 702 844 756; x_wconf 84' lang='grc' dir='ltr'>τὸν</span> <span class='ocrx_word' id='word_1_39' title='bbox 902 701 1213 772; x_wconf 83' lang='grc' dir='ltr'>Σύμμαχον,</span> <span class='ocrx_word' id='word_1_40' title='bbox 1263 700 1374 756; x_wconf 81' lang='grc' dir='ltr'>Καὶ</span> <span class='ocrx_word' id='word_1_41' title='bbox 1427 699 1842 769; x_wconf 81' lang='grc' dir='ltr'><strong>ἀπεδοκίμασε</strong></span> 
     </span>
    </p>
   </div>
   <div class='ocr_carea' id='block_1_9' title="bbox 251 789 1841 869">
    <p class='ocr_par' dir='ltr' id='par_1_9' title="bbox 251 789 1841 869">
     <span class='ocr_line' id='line_1_9' title="bbox 251 789 1841 869; baseline -0.006 -16"><span class='ocrx_word' id='word_1_42' title='bbox 251 797 492 869; x_wconf 73' lang='grc' dir='ltr'>σφόδρα</span> <span class='ocrx_word' id='word_1_43' title='bbox 523 795 630 850; x_wconf 84' lang='grc' dir='ltr'>τὸν</span> <span class='ocrx_word' id='word_1_44' title='bbox 673 791 926 863; x_wconf 83' lang='grc' dir='ltr'>Ἰσραήλ.</span> <span class='ocrx_word' id='word_1_45' title='bbox 959 792 1145 856; x_wconf 79' lang='grc' dir='ltr'>Οὕτως</span> <span class='ocrx_word' id='word_1_46' title='bbox 1168 792 1226 846; x_wconf 85' lang='grc' dir='ltr'>δὲ</span> <span class='ocrx_word' id='word_1_47' title='bbox 1253 793 1483 864; x_wconf 81' lang='grc' dir='ltr'>ήκουσεν</span> <span class='ocrx_word' id='word_1_48' title='bbox 1524 793 1554 844; x_wconf 77' lang='grc' dir='ltr'>ὁ</span> <span class='ocrx_word' id='word_1_49' title='bbox 1584 789 1739 856; x_wconf 83' lang='grc' dir='ltr'><strong>Θεὸς,</strong></span> <span class='ocrx_word' id='word_1_50' title='bbox 1765 791 1841 856; x_wconf 85' lang='grc' dir='ltr'>ὼς</span> 
     </span>
    </p>
   </div>
   <div class='ocr_carea' id='block_1_10' title="bbox 252 883 1842 958">
    <p class='ocr_par' dir='ltr' id='par_1_10' title="bbox 252 883 1842 958">
     <span class='ocr_line' id='line_1_10' title="bbox 252 883 1842 958; baseline -0.006 -12"><span class='ocrx_word' id='word_1_51' title='bbox 252 891 352 946; x_wconf 80' lang='grc' dir='ltr'>καὶ</span> <span class='ocrx_word' id='word_1_52' title='bbox 378 889 470 943; x_wconf 75' lang='grc' dir='ltr'><strong>ἐπὶ</strong></span> <span class='ocrx_word' id='word_1_53' title='bbox 494 886 800 958; x_wconf 83' lang='grc' dir='ltr'>Σοδομιτῶν</span> <span class='ocrx_word' id='word_1_54' title='bbox 828 884 1015 957; x_wconf 84' lang='grc' dir='ltr'>εῐρητο</span> <span class='ocrx_word' id='word_1_55' title='bbox 1034 900 1048 914; x_wconf 90' lang='grc'><strong>·</strong></span> <span class='ocrx_word' id='word_1_56' title='bbox 1086 883 1260 953; x_wconf 77' lang='grc' dir='ltr'>Φωνὴ</span> <span class='ocrx_word' id='word_1_57' title='bbox 1288 883 1572 954; x_wconf 80' lang='grc' dir='ltr'><strong>Σοδόμων</strong></span> <span class='ocrx_word' id='word_1_58' title='bbox 1603 883 1701 937; x_wconf 86' lang='grc' dir='ltr'>καὶ</span> <span class='ocrx_word' id='word_1_59' title='bbox 1728 885 1842 937; x_wconf 86' lang='grc' dir='ltr'><strong>Γο-</strong></span> 
     </span>
    </p>
   </div>
   <div class='ocr_carea' id='block_1_11' title="bbox 249 973 1902 1055">
    <p class='ocr_par' dir='ltr' id='par_1_11' title="bbox 249 973 1902 1055">
     <span class='ocr_line' id='line_1_11' title="bbox 249 973 1902 1055; baseline -0.004 -19"><span class='ocrx_word' id='word_1_60' title='bbox 249 983 478 1055; x_wconf 73' lang='grc' dir='ltr'>μόρρας</span> <span class='ocrx_word' id='word_1_61' title='bbox 504 977 628 1048; x_wconf 81' lang='grc' dir='ltr'>βοᾷ</span> <span class='ocrx_word' id='word_1_62' title='bbox 672 978 824 1049; x_wconf 86' lang='grc' dir='ltr'>πρὸς</span> <span class='ocrx_word' id='word_1_63' title='bbox 855 977 954 1048; x_wconf 81' lang='grc' dir='ltr'>μέ.</span> <span class='ocrx_word' id='word_1_64' title='bbox 997 976 1119 1031; x_wconf 86' lang='grc' dir='ltr'>Τῶν</span> <span class='ocrx_word' id='word_1_65' title='bbox 1153 977 1264 1050; x_wconf 85' lang='grc' dir='ltr'><strong>γὰρ</strong></span> <span class='ocrx_word' id='word_1_66' title='bbox 1299 975 1514 1032; x_wconf 87' lang='grc' dir='ltr'>ἀσεϐῶν</span> <span class='ocrx_word' id='word_1_67' title='bbox 1562 977 1702 1031; x_wconf 81' lang='grc' dir='ltr'>αὐτὰ</span> <span class='ocrx_word' id='word_1_68' title='bbox 1749 977 1842 1030; x_wconf 80' lang='grc' dir='ltr'><strong>κέ·-</strong></span> <span class='ocrx_word' id='word_1_69' title='bbox 1895 973 1902 980; x_wconf 80' lang='grc'><em>’</em></span> 
     </span>
    </p>
   </div>
   <div class='ocr_carea' id='block_1_12' title="bbox 251 1064 1842 1147">
    <p class='ocr_par' dir='ltr' id='par_1_12' title="bbox 251 1064 1842 1147">
     <span class='ocr_line' id='line_1_12' title="bbox 251 1064 1842 1147; baseline -0.004 -18"><span class='ocrx_word' id='word_1_70' title='bbox 251 1090 425 1147; x_wconf 84' lang='grc' dir='ltr'>κραγε</span> <span class='ocrx_word' id='word_1_71' title='bbox 457 1073 550 1128; x_wconf 75' lang='grc' dir='ltr'>καὶ</span> <span class='ocrx_word' id='word_1_72' title='bbox 710 1070 781 1126; x_wconf 85' lang='grc' dir='ltr'><strong>τὰ</strong></span> <span class='ocrx_word' id='word_1_73' title='bbox 813 1072 914 1143; x_wconf 83' lang='grc' dir='ltr'>τῆς</span> <span class='ocrx_word' id='word_1_74' title='bbox 938 1068 1191 1134; x_wconf 84' lang='grc' dir='ltr'>ἀσεϐείας</span> <span class='ocrx_word' id='word_1_75' title='bbox 1213 1070 1543 1144; x_wconf 83' lang='grc' dir='ltr'>πράγματα’</span> <span class='ocrx_word' id='word_1_76' title='bbox 1577 1064 1653 1125; x_wconf 81' lang='grc' dir='ltr'>ὧν</span> <span class='ocrx_word' id='word_1_77' title='bbox 1678 1069 1842 1124; x_wconf 87' lang='grc' dir='ltr'>ἀκού-</span> 
     </span>
    </p>
   </div>
   <div class='ocr_carea' id='block_1_13' title="bbox 250 1162 1841 1236">
    <p class='ocr_par' dir='ltr' id='par_1_13' title="bbox 250 1162 1841 1236">
     <span class='ocr_line' id='line_1_13' title="bbox 250 1162 1841 1236; baseline -0.004 -13"><span class='ocrx_word' id='word_1_78' title='bbox 250 1185 353 1234; x_wconf 89' lang='grc' dir='ltr'><strong>σας</strong></span> <span class='ocrx_word' id='word_1_79' title='bbox 371 1170 400 1222; x_wconf 83' lang='grc' dir='ltr'><strong>ὁ</strong></span> <span class='ocrx_word' id='word_1_80' title='bbox 419 1167 553 1230; x_wconf 80' lang='grc' dir='ltr'>Θεὸς</span> <span class='ocrx_word' id='word_1_81' title='bbox 577 1165 860 1222; x_wconf 77' lang='grc' dir='ltr'><strong>ἀπώσατο</strong></span> <span class='ocrx_word' id='word_1_82' title='bbox 886 1163 1001 1232; x_wconf 82' lang='grc' dir='ltr'>τὴν</span> <span class='ocrx_word' id='word_1_83' title='bbox 1023 1163 1268 1232; x_wconf 78' lang='grc' dir='ltr'>σκηνὴν</span> <span class='ocrx_word' id='word_1_84' title='bbox 1291 1162 1526 1233; x_wconf 82' lang='grc' dir='ltr'>Σηλὼμ,</span> <span class='ocrx_word' id='word_1_85' title='bbox 1551 1162 1841 1236; x_wconf 57' lang='grc' dir='ltr'>σκήνωμα</span> 
     </span>
    </p>
   </div>
   <div class='ocr_carea' id='block_1_14' title="bbox 257 1252 1842 1325">
    <p class='ocr_par' dir='ltr' id='par_1_14' title="bbox 257 1252 1842 1325">
     <span class='ocr_line' id='line_1_14' title="bbox 257 1252 1842 1325; baseline -0.006 -11"><span class='ocrx_word' id='word_1_86' title='bbox 257 1253 333 1314; x_wconf 85' lang='grc' dir='ltr'>οὗ</span> <span class='ocrx_word' id='word_1_87' title='bbox 363 1254 830 1321; x_wconf 75' lang='grc' dir='ltr'><strong>κατεσκήνωσεν</strong></span> <span class='ocrx_word' id='word_1_88' title='bbox 859 1253 930 1306; x_wconf 84' lang='grc' dir='ltr'>ἐν</span> <span class='ocrx_word' id='word_1_89' title='bbox 961 1253 1311 1321; x_wconf 83' lang='grc' dir='ltr'>ἀνθρώποις.</span> <span class='ocrx_word' id='word_1_90' title='bbox 1363 1254 1449 1307; x_wconf 87' lang='grc' dir='ltr'>Ἑν</span> <span class='ocrx_word' id='word_1_91' title='bbox 1481 1252 1592 1324; x_wconf 80' lang='grc' dir='ltr'>γὰρ</span> <span class='ocrx_word' id='word_1_92' title='bbox 1637 1255 1702 1325; x_wconf 86' lang='grc' dir='ltr'><strong>τῇ</strong></span> <span class='ocrx_word' id='word_1_93' title='bbox 1739 1253 1842 1324; x_wconf 82' lang='grc' dir='ltr'>Ση-</span> 
     </span>
    </p>
   </div>
   <div class='ocr_carea' id='block_1_15' title="bbox 248 1342 1841 1418">
    <p class='ocr_par' dir='ltr' id='par_1_15' title="bbox 248 1342 1841 1418">
     <span class='ocr_line' id='line_1_15' title="bbox 248 1342 1841 1418; baseline -0.003 -18"><span class='ocrx_word' id='word_1_94' title='bbox 248 1345 378 1418; x_wconf 75' lang='grc' dir='ltr'><strong>λὼμ</strong></span> <span class='ocrx_word' id='word_1_95' title='bbox 423 1345 638 1417; x_wconf 89' lang='grc' dir='ltr'>πρῶτον</span> <span class='ocrx_word' id='word_1_96' title='bbox 669 1343 798 1416; x_wconf 78' lang='grc' dir='ltr'>ἔστη</span> <span class='ocrx_word' id='word_1_97' title='bbox 842 1345 876 1414; x_wconf 83' lang='grc' dir='ltr'><strong>ή</strong></span> <span class='ocrx_word' id='word_1_98' title='bbox 921 1342 1112 1415; x_wconf 80' lang='grc' dir='ltr'>σκηνὴ,</span> <span class='ocrx_word' id='word_1_99' title='bbox 1163 1342 1291 1396; x_wconf 72' lang='grc' dir='ltr'>ἔνθα</span> <span class='ocrx_word' id='word_1_100' title='bbox 1328 1344 1512 1416; x_wconf 80' lang='grc' dir='ltr'>ἱερᾶτο</span> <span class='ocrx_word' id='word_1_101' title='bbox 1547 1342 1698 1396; x_wconf 70' lang='grc' dir='ltr'>Ἠλεὶ</span> <span class='ocrx_word' id='word_1_102' title='bbox 1748 1343 1841 1395; x_wconf 78' lang='grc' dir='ltr'>καὶ</span> 
     </span>
    </p>
   </div>
   <div class='ocr_carea' id='block_1_16' title="bbox 251 1433 1835 1510">
    <p class='ocr_par' dir='ltr' id='par_1_16' title="bbox 251 1433 1835 1510">
     <span class='ocr_line' id='line_1_16' title="bbox 251 1433 1835 1510; baseline -0.003 -17"><span class='ocrx_word' id='word_1_103' title='bbox 251 1437 529 1510; x_wconf 81' lang='grc' dir='ltr'><strong>Σαμουὴλ,</strong></span> <span class='ocrx_word' id='word_1_104' title='bbox 573 1437 651 1500; x_wconf 83' lang='grc' dir='ltr'>ὡς</span> <span class='ocrx_word' id='word_1_105' title='bbox 698 1436 1026 1508; x_wconf 82' lang='grc' dir='ltr'>παρίστησιν</span> <span class='ocrx_word' id='word_1_106' title='bbox 1069 1437 1102 1506; x_wconf 81' lang='grc' dir='ltr'>ὴ</span> <span class='ocrx_word' id='word_1_107' title='bbox 1145 1435 1337 1507; x_wconf 80' lang='grc' dir='ltr'>Γραφὴ</span> <span class='ocrx_word' id='word_1_108' title='bbox 1375 1434 1484 1488; x_wconf 88' lang='grc' dir='ltr'><strong>τῶν</strong></span> <span class='ocrx_word' id='word_1_109' title='bbox 1519 1433 1835 1489; x_wconf 82' lang='grc' dir='ltr'>Βασιλειῶν.</span> 
     </span>
    </p>
   </div>
   <div class='ocr_carea' id='block_1_17' title="bbox 249 1523 1842 1600">
    <p class='ocr_par' dir='ltr' id='par_1_17' title="bbox 249 1523 1842 1600">
     <span class='ocr_line' id='line_1_17' title="bbox 249 1523 1842 1600; baseline -0.003 -16"><span class='ocrx_word' id='word_1_110' title='bbox 249 1530 468 1600; x_wconf 79' lang='grc' dir='ltr'>Ταύτην</span> <span class='ocrx_word' id='word_1_111' title='bbox 493 1523 586 1584; x_wconf 81' lang='grc' dir='ltr'><strong>οῦν</strong></span> <span class='ocrx_word' id='word_1_112' title='bbox 613 1526 874 1582; x_wconf 74' lang='grc' dir='ltr'>ἀπιὶισατο</span> <span class='ocrx_word' id='word_1_113' title='bbox 915 1525 1139 1599; x_wconf 87' lang='grc' dir='ltr'>πρώτην</span> <span class='ocrx_word' id='word_1_114' title='bbox 1163 1526 1262 1598; x_wconf 79' lang='grc' dir='ltr'>τὴν</span> <span class='ocrx_word' id='word_1_115' title='bbox 1303 1527 1362 1578; x_wconf 81' lang='grc' dir='ltr'>ὲν</span> <span class='ocrx_word' id='word_1_116' title='bbox 1390 1525 1590 1598; x_wconf 83' lang='grc' dir='ltr'>Σηλὼμ</span> <span class='ocrx_word' id='word_1_117' title='bbox 1631 1525 1842 1596; x_wconf 86' lang='grc' dir='ltr'>σκήνω-</span> 
     </span>
    </p>
   </div>
   <div class='ocr_carea' id='block_1_18' title="bbox 251 1618 1840 1692">
    <p class='ocr_par' dir='ltr' id='par_1_18' title="bbox 251 1618 1840 1692">
     <span class='ocr_line' id='line_1_18' title="bbox 251 1618 1840 1692; baseline -0.003 -14"><span class='ocrx_word' id='word_1_118' title='bbox 251 1641 339 1678; x_wconf 89' lang='grc' dir='ltr'><strong>σιν</strong></span> <span class='ocrx_word' id='word_1_119' title='bbox 362 1623 449 1678; x_wconf 84' lang='grc' dir='ltr'><strong>διὰ</strong></span> <span class='ocrx_word' id='word_1_120' title='bbox 479 1621 580 1686; x_wconf 84' lang='grc' dir='ltr'>τὰς</span> <span class='ocrx_word' id='word_1_121' title='bbox 601 1620 858 1685; x_wconf 82' lang='grc' dir='ltr'>ἀσεϐείας</span> <span class='ocrx_word' id='word_1_122' title='bbox 885 1619 1084 1674; x_wconf 77' lang='grc' dir='ltr'>αὐτῶν.</span> <span class='ocrx_word' id='word_1_123' title='bbox 1113 1619 1206 1674; x_wconf 80' lang='grc' dir='ltr'><strong>Διὸ</strong></span> <span class='ocrx_word' id='word_1_124' title='bbox 1235 1618 1377 1673; x_wconf 85' lang='grc' dir='ltr'><strong>κατά</strong></span> <span class='ocrx_word' id='word_1_125' title='bbox 1412 1619 1504 1673; x_wconf 79' lang='grc' dir='ltr'><strong>τὸν</strong></span> <span class='ocrx_word' id='word_1_126' title='bbox 1543 1619 1840 1692; x_wconf 81' lang='grc' dir='ltr'><strong>Σύμμαχον</strong></span> 
     </span>
    </p>
   </div>
   <div class='ocr_carea' id='block_1_19' title="bbox 249 1711 1837 1789">
    <p class='ocr_par' dir='ltr' id='par_1_19' title="bbox 249 1711 1837 1789">
     <span class='ocr_line' id='line_1_19' title="bbox 249 1711 1837 1789; baseline -0.004 -19"><span class='ocrx_word' id='word_1_127' title='bbox 249 1716 469 1789; x_wconf 82' lang='grc' dir='ltr'>εἴρηται</span> <span class='ocrx_word' id='word_1_128' title='bbox 490 1733 504 1746; x_wconf 94' lang='grc'><strong>·</strong></span> <span class='ocrx_word' id='word_1_129' title='bbox 531 1713 642 1770; x_wconf 86' lang='lat' dir='ltr'><strong>Kal</strong></span> <span class='ocrx_word' id='word_1_130' title='bbox 667 1711 959 1781; x_wconf 66' lang='grc' dir='ltr'>ἀπέρριψε</span> <span class='ocrx_word' id='word_1_131' title='bbox 987 1711 1102 1780; x_wconf 79' lang='grc' dir='ltr'>τὴν</span> <span class='ocrx_word' id='word_1_132' title='bbox 1124 1711 1441 1779; x_wconf 85' lang='grc' dir='ltr'>σκήνωσιν</span> <span class='ocrx_word' id='word_1_133' title='bbox 1463 1711 1579 1780; x_wconf 81' lang='grc' dir='ltr'>τὴν</span> <span class='ocrx_word' id='word_1_134' title='bbox 1601 1711 1837 1782; x_wconf 77' lang='grc' dir='ltr'>Σηλὼμ,</span> 
     </span>
    </p>
   </div>
   <div class='ocr_carea' id='block_1_20' title="bbox 250 1803 1836 1876">
    <p class='ocr_par' dir='ltr' id='par_1_20' title="bbox 250 1803 1836 1876">
     <span class='ocr_line' id='line_1_20' title="bbox 250 1803 1836 1876; baseline -0.003 -14"><span class='ocrx_word' id='word_1_135' title='bbox 250 1806 354 1862; x_wconf 72' lang='grc' dir='ltr'>καὶ</span> <span class='ocrx_word' id='word_1_136' title='bbox 380 1806 496 1876; x_wconf 82' lang='grc' dir='ltr'>τὴν</span> <span class='ocrx_word' id='word_1_137' title='bbox 530 1804 846 1873; x_wconf 85' lang='grc' dir='ltr'>σκήνωσιν</span> <span class='ocrx_word' id='word_1_138' title='bbox 871 1803 990 1873; x_wconf 79' lang='grc' dir='ltr'>τὴν</span> <span class='ocrx_word' id='word_1_139' title='bbox 1021 1803 1368 1872; x_wconf 75' lang='grc' dir='ltr'><strong>ἱδρυθεῖσαν</strong></span> <span class='ocrx_word' id='word_1_140' title='bbox 1393 1803 1465 1857; x_wconf 81' lang='grc' dir='ltr'>ἐν</span> <span class='ocrx_word' id='word_1_141' title='bbox 1484 1803 1836 1873; x_wconf 83' lang='grc' dir='ltr'>ἀνθρώποις.</span> 
     </span>
    </p>
   </div>
   <div class='ocr_carea' id='block_1_21' title="bbox 252 1894 1842 1968">
    <p class='ocr_par' dir='ltr' id='par_1_21' title="bbox 252 1894 1842 1968">
     <span class='ocr_line' id='line_1_21' title="bbox 252 1894 1842 1968; baseline -0.004 -14"><span class='ocrx_word' id='word_1_142' title='bbox 252 1900 446 1964; x_wconf 84' lang='grc' dir='ltr'><strong>Ὅπως</strong></span> <span class='ocrx_word' id='word_1_143' title='bbox 483 1899 543 1953; x_wconf 80' lang='grc' dir='ltr'>δὲ</span> <span class='ocrx_word' id='word_1_144' title='bbox 586 1899 698 1962; x_wconf 82' lang='grc' dir='ltr'>τοῖς</span> <span class='ocrx_word' id='word_1_145' title='bbox 741 1894 1050 1968; x_wconf 84' lang='grc' dir='ltr'>ἀνθρώποις</span> <span class='ocrx_word' id='word_1_146' title='bbox 1079 1894 1354 1968; x_wconf 82' lang='grc' dir='ltr'>παρεδόθη</span> <span class='ocrx_word' id='word_1_147' title='bbox 1398 1897 1432 1966; x_wconf 84' lang='grc' dir='ltr'>ἡ</span> <span class='ocrx_word' id='word_1_148' title='bbox 1481 1895 1715 1960; x_wconf 83' lang='grc' dir='ltr'>κιϐωτὸς</span> <span class='ocrx_word' id='word_1_149' title='bbox 1753 1895 1842 1949; x_wconf 81' lang='grc' dir='ltr'><strong>διὰ</strong></span> 
     </span>
    </p>
   </div>
   <div class='ocr_carea' id='block_1_22' title="bbox 251 1986 1840 2062">
    <p class='ocr_par' dir='ltr' id='par_1_22' title="bbox 251 1986 1840 2062">
     <span class='ocr_line' id='line_1_22' title="bbox 251 1986 1840 2062; baseline -0.002 -18"><span class='ocrx_word' id='word_1_150' title='bbox 251 1990 324 2045; x_wconf 79' lang='grc' dir='ltr'>τὰ</span> <span class='ocrx_word' id='word_1_151' title='bbox 354 1990 677 2062; x_wconf 86' lang='grc' dir='ltr'>ἀσεϐήματα</span> <span class='ocrx_word' id='word_1_152' title='bbox 698 1987 793 2043; x_wconf 87' lang='grc' dir='ltr'><strong>τοῦ</strong></span> <span class='ocrx_word' id='word_1_153' title='bbox 833 1987 984 2052; x_wconf 90' lang='grc' dir='ltr'>λαοῦ,</span> <span class='ocrx_word' id='word_1_154' title='bbox 1011 1989 1105 2042; x_wconf 77' lang='grc' dir='ltr'>καὶ</span> <span class='ocrx_word' id='word_1_155' title='bbox 1128 1987 1205 2052; x_wconf 85' lang='grc' dir='ltr'>ὠς</span> <span class='ocrx_word' id='word_1_156' title='bbox 1238 1986 1550 2060; x_wconf 78' lang='grc' dir='ltr'>ἐκράτησαν</span> <span class='ocrx_word' id='word_1_157' title='bbox 1577 1987 1748 2058; x_wconf 78' lang='grc' dir='ltr'>αὐτῆς</span> <span class='ocrx_word' id='word_1_158' title='bbox 1790 1989 1840 2041; x_wconf 79' lang='lat' dir='ltr'><strong>ot</strong></span> 
     </span>
    </p>
   </div>
   <div class='ocr_carea' id='block_1_23' title="bbox 252 2078 1842 2156">
    <p class='ocr_par' dir='ltr' id='par_1_23' title="bbox 252 2078 1842 2156">
     <span class='ocr_line' id='line_1_23' title="bbox 252 2078 1842 2156; baseline -0.004 -17"><span class='ocrx_word' id='word_1_159' title='bbox 252 2083 527 2156; x_wconf 81' lang='grc' dir='ltr'>πολέμιοι,</span> <span class='ocrx_word' id='word_1_160' title='bbox 557 2082 842 2155; x_wconf 85' lang='grc' dir='ltr'>ἀπήγαγόν</span> <span class='ocrx_word' id='word_1_161' title='bbox 874 2099 932 2136; x_wconf 87' lang='grc' dir='ltr'><strong>τε</strong></span> <span class='ocrx_word' id='word_1_162' title='bbox 975 2082 1104 2151; x_wconf 85' lang='grc' dir='ltr'>παρ’</span> <span class='ocrx_word' id='word_1_163' title='bbox 1147 2081 1380 2144; x_wconf 80' lang='grc' dir='ltr'>ἑαυτοῖς,</span> <span class='ocrx_word' id='word_1_164' title='bbox 1408 2080 1502 2134; x_wconf 78' lang='grc' dir='ltr'>καὶ</span> <span class='ocrx_word' id='word_1_165' title='bbox 1545 2078 1622 2144; x_wconf 85' lang='grc' dir='ltr'>ὡς</span> <span class='ocrx_word' id='word_1_166' title='bbox 1646 2080 1696 2132; x_wconf 77' lang='lat' dir='ltr'><strong>ot</strong></span> <span class='ocrx_word' id='word_1_167' title='bbox 1735 2079 1842 2133; x_wconf 80' lang='grc' dir='ltr'>υἱοὶ</span> 
     </span>
    </p>
   </div>
   <div class='ocr_carea' id='block_1_24' title="bbox 267 2171 1842 2250">
    <p class='ocr_par' dir='ltr' id='par_1_24' title="bbox 267 2171 1842 2250">
     <span class='ocr_line' id='line_1_24' title="bbox 267 2171 1842 2250; baseline -0.003 -20"><span class='ocrx_word' id='word_1_168' title='bbox 267 2175 484 2250; x_wconf 82' lang='grc' dir='ltr'>Ἰσραὴλ</span> <span class='ocrx_word' id='word_1_169' title='bbox 516 2175 925 2250; x_wconf 81' lang='grc' dir='ltr'>ὲτροπώθησαν,</span> <span class='ocrx_word' id='word_1_170' title='bbox 960 2175 1055 2228; x_wconf 70' lang='grc' dir='ltr'>καὶ</span> <span class='ocrx_word' id='word_1_171' title='bbox 1095 2174 1171 2238; x_wconf 84' lang='grc' dir='ltr'>ὡς</span> <span class='ocrx_word' id='word_1_172' title='bbox 1205 2175 1253 2227; x_wconf 81' lang='lat' dir='ltr'><strong>oi</strong></span> <span class='ocrx_word' id='word_1_173' title='bbox 1291 2173 1398 2228; x_wconf 76' lang='grc' dir='ltr'>υίοὶ</span> <span class='ocrx_word' id='word_1_174' title='bbox 1431 2172 1579 2226; x_wconf 73' lang='grc' dir='ltr'>Ἠλεὶ</span> <span class='ocrx_word' id='word_1_175' title='bbox 1625 2171 1842 2227; x_wconf 86' lang='grc' dir='ltr'>πεπτώ-</span> 
     </span>
    </p>
   </div>
   <div class='ocr_carea' id='block_1_25' title="bbox 254 2263 1842 2342">
    <p class='ocr_par' dir='ltr' id='par_1_25' title="bbox 254 2263 1842 2342">
     <span class='ocr_line' id='line_1_25' title="bbox 254 2263 1842 2342; baseline -0.004 -17"><span class='ocrx_word' id='word_1_176' title='bbox 254 2285 438 2335; x_wconf 77' lang='grc' dir='ltr'>κασιν,</span> <span class='ocrx_word' id='word_1_177' title='bbox 461 2271 511 2323; x_wconf 84' lang='lat' dir='ltr'><strong>ol</strong></span> <span class='ocrx_word' id='word_1_178' title='bbox 539 2272 704 2342; x_wconf 72' lang='grc' dir='ltr'>ἱερεῖς</span> <span class='ocrx_word' id='word_1_179' title='bbox 728 2269 902 2333; x_wconf 74' lang='grc' dir='ltr'>ὄντες,</span> <span class='ocrx_word' id='word_1_180' title='bbox 931 2269 960 2322; x_wconf 80' lang='grc' dir='ltr'><strong>ὃ</strong></span> <span class='ocrx_word' id='word_1_181' title='bbox 981 2283 1042 2321; x_wconf 87' lang='grc' dir='ltr'><strong>τε</strong></span> <span class='ocrx_word' id='word_1_182' title='bbox 1062 2267 1267 2320; x_wconf 86' lang='grc' dir='ltr'>τούτων</span> <span class='ocrx_word' id='word_1_183' title='bbox 1295 2265 1479 2337; x_wconf 82' lang='grc' dir='ltr'>πατὴρ</span> <span class='ocrx_word' id='word_1_184' title='bbox 1500 2263 1576 2328; x_wconf 85' lang='grc' dir='ltr'><strong>ὡς</strong></span> <span class='ocrx_word' id='word_1_185' title='bbox 1595 2263 1842 2318; x_wconf 81' lang='grc' dir='ltr'>ἀπώλετο</span> 
     </span>
    </p>
   </div>
   <div class='ocr_carea' id='block_1_26' title="bbox 253 2355 1840 2434">
    <p class='ocr_par' dir='ltr' id='par_1_26' title="bbox 253 2355 1840 2434">
     <span class='ocr_line' id='line_1_26' title="bbox 253 2355 1840 2434; baseline -0.004 -18"><span class='ocrx_word' id='word_1_186' title='bbox 253 2364 350 2418; x_wconf 70' lang='grc' dir='ltr'>ἐπὶ</span> <span class='ocrx_word' id='word_1_187' title='bbox 373 2365 440 2434; x_wconf 81' lang='grc' dir='ltr'>τῇ</span> <span class='ocrx_word' id='word_1_188' title='bbox 474 2363 583 2418; x_wconf 90' lang='grc' dir='ltr'><strong>τῶν</strong></span> <span class='ocrx_word' id='word_1_189' title='bbox 607 2362 811 2416; x_wconf 88' lang='grc' dir='ltr'>παίδων</span> <span class='ocrx_word' id='word_1_190' title='bbox 843 2359 1091 2432; x_wconf 73' lang='grc' dir='ltr'>ἀγγελία,</span> <span class='ocrx_word' id='word_1_191' title='bbox 1122 2361 1155 2431; x_wconf 81' lang='grc' dir='ltr'>ἡ</span> <span class='ocrx_word' id='word_1_192' title='bbox 1188 2357 1380 2431; x_wconf 84' lang='grc' dir='ltr'>πρώτη</span> <span class='ocrx_word' id='word_1_193' title='bbox 1411 2357 1709 2430; x_wconf 81' lang='grc' dir='ltr'>παρίστησι</span> <span class='ocrx_word' id='word_1_194' title='bbox 1735 2355 1840 2411; x_wconf 88' lang='grc' dir='ltr'><strong>τῶν</strong></span> 
     </span>
    </p>
   </div>
   <div class='ocr_carea' id='block_1_27' title="bbox 253 2448 1842 2523">
    <p class='ocr_par' dir='ltr' id='par_1_27' title="bbox 253 2448 1842 2523">
     <span class='ocr_line' id='line_1_27' title="bbox 253 2448 1842 2523; baseline -0.004 -15"><span class='ocrx_word' id='word_1_195' title='bbox 253 2453 569 2508; x_wconf 80' lang='grc' dir='ltr'>Βασιλειῶν.</span> <span class='ocrx_word' id='word_1_196' title='bbox 603 2453 693 2506; x_wconf 85' lang='grc' dir='ltr'><strong>Διὸ</strong></span> <span class='ocrx_word' id='word_1_197' title='bbox 716 2453 930 2523; x_wconf 74' lang='grc' dir='ltr'>εἴρηται</span> <span class='ocrx_word' id='word_1_198' title='bbox 963 2449 1226 2505; x_wconf 72' lang='grc' dir='ltr'>ἐνταῦθα’</span> <span class='ocrx_word' id='word_1_199' title='bbox 1260 2450 1371 2504; x_wconf 87' lang='lat' dir='ltr'><strong>Kal</strong></span> <span class='ocrx_word' id='word_1_200' title='bbox 1409 2449 1694 2505; x_wconf 80' lang='grc' dir='ltr'>ἀπώσατο</span> <span class='ocrx_word' id='word_1_201' title='bbox 1725 2448 1842 2517; x_wconf 83' lang='grc' dir='ltr'>τὴν</span> 
     </span>
    </p>
   </div>
   <div class='ocr_carea' id='block_1_28' title="bbox 253 2539 1842 2618">
    <p class='ocr_par' dir='ltr' id='par_1_28' title="bbox 253 2539 1842 2618">
     <span class='ocr_line' id='line_1_28' title="bbox 253 2539 1842 2618; baseline -0.006 -13"><span class='ocrx_word' id='word_1_202' title='bbox 253 2547 499 2618; x_wconf 83' lang='grc' dir='ltr'>σκηνὴν</span> <span class='ocrx_word' id='word_1_203' title='bbox 547 2544 741 2614; x_wconf 84' lang='grc' dir='ltr'>Σηλῶ,</span> <span class='ocrx_word' id='word_1_204' title='bbox 787 2543 1080 2614; x_wconf 79' lang='grc' dir='ltr'>σκήνωμα</span> <span class='ocrx_word' id='word_1_205' title='bbox 1131 2539 1205 2601; x_wconf 87' lang='grc' dir='ltr'>οὗ</span> <span class='ocrx_word' id='word_1_206' title='bbox 1260 2543 1728 2612; x_wconf 83' lang='grc' dir='ltr'>κατεσκήνωσεν</span> <span class='ocrx_word' id='word_1_207' title='bbox 1773 2543 1842 2596; x_wconf 86' lang='grc' dir='ltr'>ἐν</span> 
     </span>
    </p>
   </div>
   <div class='ocr_carea' id='block_1_29' title="bbox 252 2635 1842 2708">
    <p class='ocr_par' dir='ltr' id='par_1_29' title="bbox 252 2635 1842 2708">
     <span class='ocr_line' id='line_1_29' title="bbox 252 2635 1842 2708; baseline -0.004 -15"><span class='ocrx_word' id='word_1_208' title='bbox 252 2637 610 2708; x_wconf 74' lang='grc' dir='ltr'>ἀνθρώποις.</span> <span class='ocrx_word' id='word_1_209' title='bbox 653 2637 762 2692; x_wconf 85' lang='lat' dir='ltr'><strong><em>Kal</em></strong></span> <span class='ocrx_word' id='word_1_210' title='bbox 790 2635 1136 2706; x_wconf 82' lang='grc' dir='ltr'>παρέδωκεν</span> <span class='ocrx_word' id='word_1_211' title='bbox 1161 2638 1250 2702; x_wconf 81' lang='grc' dir='ltr'>εις</span> <span class='ocrx_word' id='word_1_212' title='bbox 1281 2637 1698 2705; x_wconf 68' lang='grc' dir='ltr'>αἰχμαλωσίαν</span> <span class='ocrx_word' id='word_1_213' title='bbox 1727 2635 1842 2703; x_wconf 81' lang='grc' dir='ltr'>τὴν</span> 
     </span>
    </p>
   </div>
   <div class='ocr_carea' id='block_1_30' title="bbox 254 2727 1841 2801">
    <p class='ocr_par' dir='ltr' id='par_1_30' title="bbox 254 2727 1841 2801">
     <span class='ocr_line' id='line_1_30' title="bbox 254 2727 1841 2801; baseline -0.003 -15"><span class='ocrx_word' id='word_1_214' title='bbox 254 2731 444 2801; x_wconf 71' lang='grc' dir='ltr'>ἰσχὺν</span> <span class='ocrx_word' id='word_1_215' title='bbox 482 2729 700 2785; x_wconf 82' lang='grc' dir='ltr'>αὐτῶν.</span> <span class='ocrx_word' id='word_1_216' title='bbox 745 2729 890 2784; x_wconf 78' lang='grc' dir='ltr'>Ἀντὶ</span> <span class='ocrx_word' id='word_1_217' title='bbox 926 2729 983 2782; x_wconf 83' lang='grc' dir='ltr'>δὲ</span> <span class='ocrx_word' id='word_1_218' title='bbox 1009 2728 1126 2792; x_wconf 87' lang='grc' dir='ltr'>τοῦ,</span> <span class='ocrx_word' id='word_1_219' title='bbox 1160 2727 1276 2798; x_wconf 81' lang='grc' dir='ltr'>τὴν</span> <span class='ocrx_word' id='word_1_220' title='bbox 1313 2727 1492 2799; x_wconf 86' lang='grc' dir='ltr'>ίσχὺν</span> <span class='ocrx_word' id='word_1_221' title='bbox 1525 2727 1743 2792; x_wconf 83' lang='grc' dir='ltr'>αὐτῶν,</span> <span class='ocrx_word' id='word_1_222' title='bbox 1773 2727 1841 2781; x_wconf 88' lang='grc' dir='ltr'>τὸ</span> 
     </span>
    </p>
   </div>
   <div class='ocr_carea' id='block_1_31' title="bbox 257 2819 1840 2894">
    <p class='ocr_par' dir='ltr' id='par_1_31' title="bbox 257 2819 1840 2894">
     <span class='ocr_line' id='line_1_31' title="bbox 257 2819 1840 2894; baseline -0.003 -15"><span class='ocrx_word' id='word_1_223' title='bbox 257 2823 478 2893; x_wconf 80' lang='grc' dir='ltr'>κράτος</span> <span class='ocrx_word' id='word_1_224' title='bbox 522 2823 720 2878; x_wconf 84' lang='grc' dir='ltr'>αὐτῶν</span> <span class='ocrx_word' id='word_1_225' title='bbox 777 2823 1121 2894; x_wconf 82' lang='grc' dir='ltr'>ήρμήνευσεν</span> <span class='ocrx_word' id='word_1_226' title='bbox 1164 2823 1192 2874; x_wconf 84' lang='grc' dir='ltr'>ὁ</span> <span class='ocrx_word' id='word_1_227' title='bbox 1229 2819 1479 2886; x_wconf 82' lang='grc' dir='ltr'>Ἀκύλας.</span> <span class='ocrx_word' id='word_1_228' title='bbox 1522 2822 1738 2894; x_wconf 82' lang='grc' dir='ltr'>Κράτος</span> <span class='ocrx_word' id='word_1_229' title='bbox 1783 2822 1840 2875; x_wconf 87' lang='grc' dir='ltr'>δὲ</span> 
     </span>
    </p>
   </div>
   <div class='ocr_carea' id='block_1_32' title="bbox 257 2914 1842 2987">
    <p class='ocr_par' dir='ltr' id='par_1_32' title="bbox 257 2914 1842 2987">
     <span class='ocr_line' id='line_1_32' title="bbox 257 2914 1842 2987; baseline 0 -17"><span class='ocrx_word' id='word_1_230' title='bbox 257 2915 438 2970; x_wconf 80' lang='grc' dir='ltr'>αὐτῶν</span> <span class='ocrx_word' id='word_1_231' title='bbox 469 2919 564 2969; x_wconf 77' lang='grc' dir='ltr'><strong>καὶ</strong></span> <span class='ocrx_word' id='word_1_232' title='bbox 594 2916 746 2986; x_wconf 77' lang='grc' dir='ltr'>ἰσχὺν</span> <span class='ocrx_word' id='word_1_233' title='bbox 788 2916 883 2968; x_wconf 71' lang='grc' dir='ltr'>καὶ</span> <span class='ocrx_word' id='word_1_234' title='bbox 913 2914 1194 2987; x_wconf 81' lang='grc' dir='ltr'>καλλονὴν,</span> <span class='ocrx_word' id='word_1_235' title='bbox 1224 2918 1306 2980; x_wconf 87' lang='grc' dir='ltr'><strong>είς</strong></span> <span class='ocrx_word' id='word_1_236' title='bbox 1334 2915 1707 2986; x_wconf 72' lang='grc' dir='ltr'>αἰχμαλωσίαν</span> <span class='ocrx_word' id='word_1_237' title='bbox 1749 2916 1842 2970; x_wconf 74' lang='grc' dir='ltr'>καὶ</span> 
     </span>
    </p>
   </div>
   <div class='ocr_carea' id='block_1_33' title="bbox 257 3006 1838 3080">
    <p class='ocr_par' dir='ltr' id='par_1_33' title="bbox 257 3006 1838 3080">
     <span class='ocr_line' id='line_1_33' title="bbox 257 3006 1838 3080; baseline -0.002 -17"><span class='ocrx_word' id='word_1_238' title='bbox 257 3010 339 3073; x_wconf 82' lang='grc' dir='ltr'><strong>είς</strong></span> <span class='ocrx_word' id='word_1_239' title='bbox 378 3011 567 3080; x_wconf 82' lang='grc' dir='ltr'>χεῖρας</span> <span class='ocrx_word' id='word_1_240' title='bbox 613 3006 886 3070; x_wconf 87' lang='grc' dir='ltr'>θλίϐοντος</span> <span class='ocrx_word' id='word_1_241' title='bbox 931 3008 1307 3080; x_wconf 78' lang='grc' dir='ltr'>παραδοθέντα</span> <span class='ocrx_word' id='word_1_242' title='bbox 1340 3007 1461 3062; x_wconf 87' lang='grc' dir='ltr'>τίνα</span> <span class='ocrx_word' id='word_1_243' title='bbox 1498 3007 1564 3061; x_wconf 85' lang='grc' dir='ltr'>ἂν</span> <span class='ocrx_word' id='word_1_244' title='bbox 1605 3007 1838 3080; x_wconf 72' lang='grc' dir='ltr'>είποιςῆ</span> 
     </span>
    </p>
   </div>
   <div class='ocr_carea' id='block_1_34' title="bbox 253 3099 1912 3196">
    <p class='ocr_par' dir='ltr' id='par_1_34' title="bbox 253 3099 1912 3196">
     <span class='ocr_line' id='line_1_34' title="bbox 253 3099 1912 3196; baseline -0.001 -42"><span class='ocrx_word' id='word_1_245' title='bbox 253 3101 356 3172; x_wconf 75' lang='grc' dir='ltr'>τὴν</span> <span class='ocrx_word' id='word_1_246' title='bbox 385 3100 638 3163; x_wconf 79' lang='grc' dir='ltr'>κιϐωτὸν,</span> <span class='ocrx_word' id='word_1_247' title='bbox 675 3100 742 3171; x_wconf 72' lang='grc' dir='ltr'>ἢν</span> <span class='ocrx_word' id='word_1_248' title='bbox 783 3101 812 3153; x_wconf 82' lang='grc' dir='ltr'>ὁ</span> <span class='ocrx_word' id='word_1_249' title='bbox 849 3099 1041 3173; x_wconf 83' lang='grc' dir='ltr'>παρὼν</span> <span class='ocrx_word' id='word_1_250' title='bbox 1072 3101 1366 3154; x_wconf 77' lang='grc' dir='ltr'>αἰνίττεται</span> <span class='ocrx_word' id='word_1_251' title='bbox 1396 3099 1554 3170; x_wconf 83' lang='grc' dir='ltr'>λόγος</span> <span class='ocrx_word' id='word_1_252' title='bbox 1582 3101 1835 3170; x_wconf 80' lang='grc' dir='ltr'>φάσκων·</span> <span class='ocrx_word' id='word_1_253' title='bbox 1869 3138 1912 3196; x_wconf 76' lang='lat' dir='ltr'>c</span> 
     </span>
    </p>
   </div>
   <div class='ocr_carea' id='block_1_35' title="bbox 256 3188 1843 3260">
    <p class='ocr_par' dir='ltr' id='par_1_35' title="bbox 256 3188 1843 3260">
     <span class='ocr_line' id='line_1_35' title="bbox 256 3188 1843 3260; baseline -0.001 -16"><span class='ocrx_word' id='word_1_254' title='bbox 256 3190 366 3244; x_wconf 88' lang='lat' dir='ltr'><strong><em>Kal</em></strong></span> <span class='ocrx_word' id='word_1_255' title='bbox 413 3189 759 3260; x_wconf 82' lang='grc' dir='ltr'>παρέδωκεν</span> <span class='ocrx_word' id='word_1_256' title='bbox 795 3191 884 3256; x_wconf 81' lang='grc' dir='ltr'>εις</span> <span class='ocrx_word' id='word_1_257' title='bbox 918 3189 1337 3260; x_wconf 70' lang='grc' dir='ltr'>αἰχμαλωσίαν</span> <span class='ocrx_word' id='word_1_258' title='bbox 1381 3189 1492 3258; x_wconf 78' lang='grc' dir='ltr'>τὴν</span> <span class='ocrx_word' id='word_1_259' title='bbox 1520 3188 1706 3259; x_wconf 75' lang='grc' dir='ltr'>ἰσχὺν</span> <span class='ocrx_word' id='word_1_260' title='bbox 1735 3191 1843 3243; x_wconf 85' lang='grc' dir='ltr'><strong>αὺ-</strong></span> 
     </span>
    </p>
   </div>
   <div class='ocr_carea' id='block_1_36' title="bbox 256 3279 1842 3351">
    <p class='ocr_par' dir='ltr' id='par_1_36' title="bbox 256 3279 1842 3351">
     <span class='ocr_line' id='line_1_36' title="bbox 256 3279 1842 3351; baseline 0.001 -16"><span class='ocrx_word' id='word_1_261' title='bbox 256 3281 396 3346; x_wconf 84' lang='grc' dir='ltr'>τῶν,</span> <span class='ocrx_word' id='word_1_262' title='bbox 424 3281 521 3335; x_wconf 75' lang='grc' dir='ltr'>καὶ</span> <span class='ocrx_word' id='word_1_263' title='bbox 551 3280 666 3349; x_wconf 83' lang='grc' dir='ltr'>τὴν</span> <span class='ocrx_word' id='word_1_264' title='bbox 689 3279 1000 3350; x_wconf 81' lang='grc' dir='ltr'>καλλονὴν</span> <span class='ocrx_word' id='word_1_265' title='bbox 1025 3280 1224 3334; x_wconf 85' lang='grc' dir='ltr'>αὐτῶν</span> <span class='ocrx_word' id='word_1_266' title='bbox 1247 3284 1335 3348; x_wconf 83' lang='grc' dir='ltr'>εις</span> <span class='ocrx_word' id='word_1_267' title='bbox 1361 3279 1562 3351; x_wconf 63' lang='grc' dir='ltr'>χεῷας</span> <span class='ocrx_word' id='word_1_268' title='bbox 1588 3281 1842 3351; x_wconf 80' lang='grc' dir='ltr'>ἐχθροῦ;</span> 
     </span>
    </p>
   </div>
   <div class='ocr_carea' id='block_1_37' title="bbox 270 3373 1843 3446">
    <p class='ocr_par' dir='ltr' id='par_1_37' title="bbox 270 3373 1843 3446">
     <span class='ocr_line' id='line_1_37' title="bbox 270 3373 1843 3446; baseline -0.001 -18"><span class='ocrx_word' id='word_1_269' title='bbox 270 3375 432 3428; x_wconf 86' lang='grc' dir='ltr'>Ἀλλά</span> <span class='ocrx_word' id='word_1_270' title='bbox 460 3373 633 3428; x_wconf 89' lang='grc' dir='ltr'>ταῦτα</span> <span class='ocrx_word' id='word_1_271' title='bbox 680 3375 779 3446; x_wconf 82' lang='grc' dir='ltr'>μὲν</span> <span class='ocrx_word' id='word_1_272' title='bbox 821 3374 1138 3446; x_wconf 84' lang='grc' dir='ltr'>παρέδωκεν</span> <span class='ocrx_word' id='word_1_273' title='bbox 1172 3376 1251 3438; x_wconf 84' lang='grc' dir='ltr'><strong>είς</strong></span> <span class='ocrx_word' id='word_1_274' title='bbox 1278 3378 1467 3446; x_wconf 77' lang='grc' dir='ltr'>χεῖρας</span> <span class='ocrx_word' id='word_1_275' title='bbox 1500 3373 1717 3446; x_wconf 78' lang='grc' dir='ltr'>ἐχθροῦ,</span> <span class='ocrx_word' id='word_1_276' title='bbox 1752 3374 1843 3429; x_wconf 78' lang='grc' dir='ltr'>τὸν</span> 
     </span>
    </p>
   </div>
   <div class='ocr_carea' id='block_1_38' title="bbox 255 3465 1846 3540">
    <p class='ocr_par' dir='ltr' id='par_1_38' title="bbox 255 3465 1846 3540">
     <span class='ocr_line' id='line_1_38' title="bbox 255 3465 1846 3540; baseline 0 -19"><span class='ocrx_word' id='word_1_277' title='bbox 255 3468 315 3523; x_wconf 75' lang='grc' dir='ltr'>δὲ</span> <span class='ocrx_word' id='word_1_278' title='bbox 343 3467 470 3522; x_wconf 83' lang='grc' dir='ltr'>λαὸν</span> <span class='ocrx_word' id='word_1_279' title='bbox 519 3467 833 3540; x_wconf 76' lang='grc' dir='ltr'>συνέτριψεν</span> <span class='ocrx_word' id='word_1_280' title='bbox 871 3469 929 3520; x_wconf 85' lang='grc' dir='ltr'>ὲν</span> <span class='ocrx_word' id='word_1_281' title='bbox 973 3466 1238 3538; x_wconf 77' lang='grc' dir='ltr'>ῥομφαίᾳ.</span> <span class='ocrx_word' id='word_1_282' title='bbox 1287 3465 1380 3519; x_wconf 86' lang='grc' dir='ltr'><strong>Διό</strong></span> <span class='ocrx_word' id='word_1_283' title='bbox 1411 3465 1657 3520; x_wconf 84' lang='grc' dir='ltr'>λέλεκται</span> <span class='ocrx_word' id='word_1_284' title='bbox 1705 3467 1846 3522; x_wconf 91' lang='grc' dir='ltr'><strong>κατά</strong></span> 
     </span>
    </p>
   </div>
   <div class='ocr_carea' id='block_1_39' title="bbox 254 3557 1846 3632">
    <p class='ocr_par' dir='ltr' id='par_1_39' title="bbox 254 3557 1846 3632">
     <span class='ocr_line' id='line_1_39' title="bbox 254 3557 1846 3632; baseline 0 -18"><span class='ocrx_word' id='word_1_285' title='bbox 254 3561 348 3614; x_wconf 79' lang='grc' dir='ltr'>τὸν</span> <span class='ocrx_word' id='word_1_286' title='bbox 399 3560 723 3632; x_wconf 81' lang='grc' dir='ltr'>Σύμμαχον·</span> <span class='ocrx_word' id='word_1_287' title='bbox 773 3559 885 3614; x_wconf 87' lang='lat' dir='ltr'><strong>Kal</strong></span> <span class='ocrx_word' id='word_1_288' title='bbox 922 3557 1214 3624; x_wconf 78' lang='grc' dir='ltr'>ἐξέδωκεν</span> <span class='ocrx_word' id='word_1_289' title='bbox 1257 3560 1346 3626; x_wconf 85' lang='grc' dir='ltr'><strong>είς</strong></span> <span class='ocrx_word' id='word_1_290' title='bbox 1393 3558 1699 3630; x_wconf 79' lang='grc' dir='ltr'>μάχαιραν</span> <span class='ocrx_word' id='word_1_291' title='bbox 1739 3559 1846 3614; x_wconf 81' lang='grc' dir='ltr'>τὸν</span> 
     </span>
    </p>
   </div>
   <div class='ocr_carea' id='block_1_40' title="bbox 252 3650 1844 3722">
    <p class='ocr_par' dir='ltr' id='par_1_40' title="bbox 252 3650 1844 3722">
     <span class='ocr_line' id='line_1_40' title="bbox 252 3650 1844 3722; baseline -0.001 -14"><span class='ocrx_word' id='word_1_292' title='bbox 252 3653 412 3708; x_wconf 86' lang='grc' dir='ltr'>λαὸν</span> <span class='ocrx_word' id='word_1_293' title='bbox 433 3653 644 3716; x_wconf 81' lang='grc' dir='ltr'>αὐτοῦ,</span> <span class='ocrx_word' id='word_1_294' title='bbox 673 3651 770 3706; x_wconf 76' lang='grc' dir='ltr'><strong>καί</strong></span> <span class='ocrx_word' id='word_1_295' title='bbox 802 3650 918 3719; x_wconf 77' lang='grc' dir='ltr'>τὴν</span> <span class='ocrx_word' id='word_1_296' title='bbox 971 3651 1378 3722; x_wconf 76' lang='grc' dir='ltr'>κληρονομίαν</span> <span class='ocrx_word' id='word_1_297' title='bbox 1413 3652 1602 3707; x_wconf 82' lang='grc' dir='ltr'>αὑτοῦ</span> <span class='ocrx_word' id='word_1_298' title='bbox 1639 3654 1844 3722; x_wconf 83' lang='grc' dir='ltr'>ὑπερί-</span> 
     </span>
    </p>
   </div>
   <div class='ocr_carea' id='block_1_41' title="bbox 255 3743 1845 3818">
    <p class='ocr_par' dir='ltr' id='par_1_41' title="bbox 255 3743 1845 3818">
     <span class='ocr_line' id='line_1_41' title="bbox 255 3743 1845 3818; baseline 0.025 -46"><span class='ocrx_word' id='word_1_299' title='bbox 255 3747 396 3801; x_wconf 56' lang='lat' dir='ltr'><strong>aer.</strong></span> <span class='ocrx_word' id='word_1_300' title='bbox 430 3747 524 3800; x_wconf 58' lang='grc' dir='ltr'><strong>καὶ</strong></span> <span class='ocrx_word' id='word_1_301' title='bbox 564 3745 628 3818; x_wconf 70' lang='grc' dir='ltr'><strong>δὴ</strong></span> <span class='ocrx_word' id='word_1_302' title='bbox 667 3743 1013 3817; x_wconf 67' lang='grc' dir='ltr'>ὑπεμδόντος</span> <span class='ocrx_word' id='word_1_303' title='bbox 1053 3744 1252 3810; x_wconf 83' lang='grc' dir='ltr'>αὐτοὺς</span> <span class='ocrx_word' id='word_1_304' title='bbox 1299 3743 1393 3798; x_wconf 90' lang='grc' dir='ltr'><strong>τοῦ</strong></span> <span class='ocrx_word' id='word_1_305' title='bbox 1428 3743 1585 3810; x_wconf 88' lang='grc' dir='ltr'>Θεοῦ,</span> <span class='ocrx_word' id='word_1_306' title='bbox 1616 3745 1684 3800; x_wconf 82' lang='grc' dir='ltr'>τὰ</span> <span class='ocrx_word' id='word_1_307' title='bbox 1718 3745 1845 3817; x_wconf 80' lang='grc' dir='ltr'><strong>ἑξῆς</strong></span> 
     </span>
    </p>
   </div>
   <div class='ocr_carea' id='block_1_42' title="bbox 257 3835 1846 3908">
    <p class='ocr_par' dir='ltr' id='par_1_42' title="bbox 257 3835 1846 3908">
     <span class='ocr_line' id='line_1_42' title="bbox 257 3835 1846 3908; baseline 0.001 -15"><span class='ocrx_word' id='word_1_308' title='bbox 257 3837 486 3908; x_wconf 71' lang='grc' dir='ltr'>ἐγίνετο.</span> <span class='ocrx_word' id='word_1_309' title='bbox 531 3837 668 3892; x_wconf 89' lang='grc' dir='ltr'>Τίνα</span> <span class='ocrx_word' id='word_1_310' title='bbox 712 3836 770 3890; x_wconf 83' lang='grc' dir='ltr'>δὲ</span> <span class='ocrx_word' id='word_1_311' title='bbox 810 3837 1021 3902; x_wconf 87' lang='grc' dir='ltr'>ταῦτα;</span> <span class='ocrx_word' id='word_1_312' title='bbox 1067 3835 1212 3904; x_wconf 84' lang='grc' dir='ltr'>Τοὺς</span> <span class='ocrx_word' id='word_1_313' title='bbox 1249 3837 1614 3906; x_wconf 82' lang='grc' dir='ltr'>νεανίσκους</span> <span class='ocrx_word' id='word_1_314' title='bbox 1647 3839 1846 3894; x_wconf 87' lang='grc' dir='ltr'>αὐτῶν</span> 
     </span>
    </p>
   </div>
   <div class='ocr_carea' id='block_1_43' title="bbox 258 3929 1847 4002">
    <p class='ocr_par' dir='ltr' id='par_1_43' title="bbox 258 3929 1847 4002">
     <span class='ocr_line' id='line_1_43' title="bbox 258 3929 1847 4002; baseline -0.001 -15"><span class='ocrx_word' id='word_1_315' title='bbox 258 3931 553 4002; x_wconf 74' lang='grc' dir='ltr'>κατέφαγε</span> <span class='ocrx_word' id='word_1_316' title='bbox 578 3930 718 4000; x_wconf 84' lang='grc' dir='ltr'>πῦρ,</span> <span class='ocrx_word' id='word_1_317' title='bbox 763 3930 860 3985; x_wconf 82' lang='grc' dir='ltr'>καὶ</span> <span class='ocrx_word' id='word_1_318' title='bbox 906 3932 966 3984; x_wconf 75' lang='grc' dir='ltr'>αἱ</span> <span class='ocrx_word' id='word_1_319' title='bbox 995 3929 1277 3998; x_wconf 83' lang='grc' dir='ltr'>παρθένοι</span> <span class='ocrx_word' id='word_1_320' title='bbox 1309 3930 1509 3988; x_wconf 84' lang='grc' dir='ltr'>αὐτῶν</span> <span class='ocrx_word' id='word_1_321' title='bbox 1537 3933 1649 3986; x_wconf 84' lang='grc' dir='ltr'>οὐκ</span> <span class='ocrx_word' id='word_1_322' title='bbox 1671 3933 1847 3986; x_wconf 83' lang='grc' dir='ltr'>ἐπεν-</span> 
     </span>
    </p>
   </div>
   <div class='ocr_carea' id='block_1_44' title="bbox 259 4021 1845 4094">
    <p class='ocr_par' dir='ltr' id='par_1_44' title="bbox 259 4021 1845 4094">
     <span class='ocr_line' id='line_1_44' title="bbox 259 4021 1845 4094; baseline -0.001 -15"><span class='ocrx_word' id='word_1_323' title='bbox 259 4023 554 4092; x_wconf 78' lang='grc' dir='ltr'>θήθησαν.</span> <span class='ocrx_word' id='word_1_324' title='bbox 595 4021 752 4076; x_wconf 86' lang='grc' dir='ltr'><strong>Κατά</strong></span> <span class='ocrx_word' id='word_1_325' title='bbox 772 4023 828 4076; x_wconf 79' lang='grc' dir='ltr'>δὲ</span> <span class='ocrx_word' id='word_1_326' title='bbox 867 4022 960 4077; x_wconf 83' lang='grc' dir='ltr'><strong>τδν</strong></span> <span class='ocrx_word' id='word_1_327' title='bbox 997 4023 1253 4088; x_wconf 79' lang='grc' dir='ltr'>Ἀκύλαν,</span> <span class='ocrx_word' id='word_1_328' title='bbox 1291 4025 1415 4092; x_wconf 86' lang='grc' dir='ltr'><strong>οὐχ</strong></span> <span class='ocrx_word' id='word_1_329' title='bbox 1453 4023 1845 4094; x_wconf 79' lang='grc' dir='ltr'>ὑπεμνήσθη-</span> 
     </span>
    </p>
   </div>
   <div class='ocr_carea' id='block_1_45' title="bbox 259 4113 1840 4185">
    <p class='ocr_par' dir='ltr' id='par_1_45' title="bbox 259 4113 1840 4185">
     <span class='ocr_line' id='line_1_45' title="bbox 259 4113 1840 4185; baseline 0.001 -15"><span class='ocrx_word' id='word_1_330' title='bbox 259 4130 414 4170; x_wconf 73' lang='grc' dir='ltr'>σανο</span> <span class='ocrx_word' id='word_1_331' title='bbox 465 4113 607 4168; x_wconf 78' lang='grc' dir='ltr'>κατὰ</span> <span class='ocrx_word' id='word_1_332' title='bbox 646 4114 704 4166; x_wconf 75' lang='grc' dir='ltr'>δὲ</span> <span class='ocrx_word' id='word_1_333' title='bbox 745 4114 835 4167; x_wconf 78' lang='grc' dir='ltr'>τὸν</span> <span class='ocrx_word' id='word_1_334' title='bbox 885 4113 1202 4185; x_wconf 85' lang='grc' dir='ltr'>Σύμμαχον,</span> <span class='ocrx_word' id='word_1_335' title='bbox 1266 4117 1387 4168; x_wconf 78' lang='grc' dir='ltr'><strong>Οὐκ</strong></span> <span class='ocrx_word' id='word_1_336' title='bbox 1433 4115 1840 4185; x_wconf 78' lang='grc' dir='ltr'>ἐπῃνέθησαν.</span> 
     </span>
    </p>
   </div>
   <div class='ocr_carea' id='block_1_46' title="bbox 259 4202 1844 4278">
    <p class='ocr_par' dir='ltr' id='par_1_46' title="bbox 259 4202 1844 4278">
     <span class='ocr_line' id='line_1_46' title="bbox 259 4202 1844 4278; baseline 0.002 -20"><span class='ocrx_word' id='word_1_337' title='bbox 259 4204 456 4258; x_wconf 77' lang='grc' dir='ltr'>Οὐκέτι</span> <span class='ocrx_word' id='word_1_338' title='bbox 485 4203 593 4274; x_wconf 82' lang='grc' dir='ltr'><strong>γὰρ</strong></span> <span class='ocrx_word' id='word_1_339' title='bbox 640 4203 778 4273; x_wconf 85' lang='grc' dir='ltr'><strong>μετά</strong></span> <span class='ocrx_word' id='word_1_340' title='bbox 823 4202 1008 4274; x_wconf 84' lang='grc' dir='ltr'>ὓμνων</span> <span class='ocrx_word' id='word_1_341' title='bbox 1047 4205 1140 4257; x_wconf 74' lang='grc' dir='ltr'>καὶ</span> <span class='ocrx_word' id='word_1_342' title='bbox 1181 4205 1418 4258; x_wconf 83' lang='grc' dir='ltr'>ἐπαίνων</span> <span class='ocrx_word' id='word_1_343' title='bbox 1455 4205 1700 4278; x_wconf 85' lang='grc' dir='ltr'>συνήθως</span> <span class='ocrx_word' id='word_1_344' title='bbox 1724 4211 1844 4274; x_wconf 86' lang='grc' dir='ltr'>ταῖς</span> 
     </span>
    </p>
   </div>
   <div class='ocr_carea' id='block_1_47' title="bbox 257 4295 1843 4370">
    <p class='ocr_par' dir='ltr' id='par_1_47' title="bbox 257 4295 1843 4370">
     <span class='ocr_line' id='line_1_47' title="bbox 257 4295 1843 4370; baseline 0.002 -19"><span class='ocrx_word' id='word_1_345' title='bbox 257 4295 634 4367; x_wconf 80' lang='grc' dir='ltr'>γαμουμέναις</span> <span class='ocrx_word' id='word_1_346' title='bbox 660 4295 1007 4366; x_wconf 87' lang='grc' dir='ltr'>παρεδίδοντο</span> <span class='ocrx_word' id='word_1_347' title='bbox 1031 4295 1278 4367; x_wconf 81' lang='grc' dir='ltr'>ἀνδράσι,</span> <span class='ocrx_word' id='word_1_348' title='bbox 1307 4297 1447 4352; x_wconf 89' lang='grc' dir='ltr'><strong>κατά</strong></span> <span class='ocrx_word' id='word_1_349' title='bbox 1466 4297 1563 4370; x_wconf 83' lang='grc' dir='ltr'>τὴν</span> <span class='ocrx_word' id='word_1_350' title='bbox 1591 4299 1700 4354; x_wconf 89' lang='grc' dir='ltr'><strong>τῶν</strong></span> <span class='ocrx_word' id='word_1_351' title='bbox 1732 4300 1843 4355; x_wconf 88' lang='grc' dir='ltr'>λοι-</span> 
     </span>
    </p>
   </div>
   <div class='ocr_carea' id='block_1_48' title="bbox 259 4387 1842 4463">
    <p class='ocr_par' dir='ltr' id='par_1_48' title="bbox 259 4387 1842 4463">
     <span class='ocr_line' id='line_1_48' title="bbox 259 4387 1842 4463; baseline 0.003 -20"><span class='ocrx_word' id='word_1_352' title='bbox 259 4388 377 4444; x_wconf 80' lang='grc' dir='ltr'><strong>πῶν</strong></span> <span class='ocrx_word' id='word_1_353' title='bbox 394 4387 716 4460; x_wconf 77' lang='grc' dir='ltr'>ἑρμηνείαν,</span> <span class='ocrx_word' id='word_1_354' title='bbox 745 4387 832 4441; x_wconf 76' lang='grc' dir='ltr'>διὰ</span> <span class='ocrx_word' id='word_1_355' title='bbox 852 4387 950 4458; x_wconf 76' lang='grc' dir='ltr'>τὴν</span> <span class='ocrx_word' id='word_1_356' title='bbox 973 4387 1384 4442; x_wconf 88' lang='grc' dir='ltr'>καταλαϐοῦσαν</span> <span class='ocrx_word' id='word_1_357' title='bbox 1409 4390 1592 4456; x_wconf 79' lang='grc' dir='ltr'>αὐτοῖς</span> <span class='ocrx_word' id='word_1_358' title='bbox 1617 4391 1694 4463; x_wconf 78' lang='grc'><strong>(1)</strong></span> <span class='ocrx_word' id='word_1_359' title='bbox 1723 4393 1842 4447; x_wconf 85' lang='grc' dir='ltr'>τότε</span> 
     </span>
    </p>
   </div>
   <div class='ocr_carea' id='block_1_49' title="bbox 1945 513 3522 587">
    <p class='ocr_par' dir='ltr' id='par_1_49' title="bbox 1945 513 3522 587">
     <span class='ocr_line' id='line_1_49' title="bbox 1945 513 3522 587; baseline 0.002 -18"><span class='ocrx_word' id='word_1_360' title='bbox 1945 513 2088 570; x_wconf 81' lang='lat' dir='ltr'><strong>Deus</strong></span> <span class='ocrx_word' id='word_1_361' title='bbox 2115 524 2165 570; x_wconf 87' lang='lat' dir='ltr'><strong>et</strong></span> <span class='ocrx_word' id='word_1_362' title='bbox 2194 519 2409 587; x_wconf 79' lang='lat' dir='ltr'><strong>sprevit,</strong></span> <span class='ocrx_word' id='word_1_363' title='bbox 2463 516 2766 573; x_wconf 85' lang='lat' dir='ltr'><strong>secundum</strong></span> <span class='ocrx_word' id='word_1_364' title='bbox 2821 516 3075 586; x_wconf 78' lang='lat' dir='ltr'><strong>Aquilam</strong></span> <span class='ocrx_word' id='word_1_365' title='bbox 3119 529 3270 582; x_wconf 83' lang='lat' dir='ltr'><strong>vero,</strong></span> <span class='ocrx_word' id='word_1_366' title='bbox 3307 514 3376 569; x_wconf 85' lang='lat' dir='ltr'><strong>Et</strong></span> <span class='ocrx_word' id='word_1_367' title='bbox 3417 533 3522 572; x_wconf 80' lang='lat' dir='ltr'><strong>non</strong></span> 
     </span>
    </p>
   </div>
   <div class='ocr_carea' id='block_1_50' title="bbox 1943 605 3521 680">
    <p class='ocr_par' dir='ltr' id='par_1_50' title="bbox 1943 605 3521 680">
     <span class='ocr_line' id='line_1_50' title="bbox 1943 605 3521 680; baseline 0.004 -22"><span class='ocrx_word' id='word_1_368' title='bbox 1943 605 2176 672; x_wconf 80' lang='lat' dir='ltr'><strong>distulit,</strong></span> <span class='ocrx_word' id='word_1_369' title='bbox 2191 609 2411 664; x_wconf 78' lang='lat' dir='ltr'><strong>nullum</strong></span> <span class='ocrx_word' id='word_1_370' title='bbox 2439 609 2681 680; x_wconf 90' lang='lat' dir='ltr'><strong>spatium</strong></span> <span class='ocrx_word' id='word_1_371' title='bbox 2712 625 2888 680; x_wconf 90' lang='lat' dir='ltr'><strong>neque</strong></span> <span class='ocrx_word' id='word_1_372' title='bbox 2909 610 3229 665; x_wconf 76' lang='lat' dir='ltr'><strong>dilationem</strong></span> <span class='ocrx_word' id='word_1_373' title='bbox 3255 608 3366 664; x_wconf 88' lang='lat' dir='ltr'><strong>illis</strong></span> <span class='ocrx_word' id='word_1_374' title='bbox 3389 623 3521 664; x_wconf 92' lang='lat' dir='ltr'><strong>con-</strong></span> 
     </span>
    </p>
   </div>
   <div class='ocr_carea' id='block_1_51' title="bbox 1942 698 3522 772">
    <p class='ocr_par' dir='ltr' id='par_1_51' title="bbox 1942 698 3522 772">
     <span class='ocr_line' id='line_1_51' title="bbox 1942 698 3522 772; baseline 0.003 -21"><span class='ocrx_word' id='word_1_375' title='bbox 1942 698 2182 766; x_wconf 87' lang='lat' dir='ltr'><strong>cedens;</strong></span> <span class='ocrx_word' id='word_1_376' title='bbox 2229 701 2530 755; x_wconf 88' lang='lat' dir='ltr'><strong>secundum</strong></span> <span class='ocrx_word' id='word_1_377' title='bbox 2566 700 2954 772; x_wconf 86' lang='lat' dir='ltr'><strong>Symmachum</strong></span> <span class='ocrx_word' id='word_1_378' title='bbox 2985 717 3137 768; x_wconf 86' lang='lat' dir='ltr'><strong>vero,</strong></span> <span class='ocrx_word' id='word_1_379' title='bbox 3170 699 3240 754; x_wconf 81' lang='lat' dir='ltr'><strong>Et</strong></span> <span class='ocrx_word' id='word_1_380' title='bbox 3267 700 3522 771; x_wconf 87' lang='lat' dir='ltr'><strong>reproba-</strong></span> 
     </span>
    </p>
   </div>
   <div class='ocr_carea' id='block_1_52' title="bbox 1942 789 3521 857">
    <p class='ocr_par' dir='ltr' id='par_1_52' title="bbox 1942 789 3521 857">
     <span class='ocr_line' id='line_1_52' title="bbox 1942 789 3521 857; baseline 0.004 -14"><span class='ocrx_word' id='word_1_381' title='bbox 1942 790 2015 843; x_wconf 81' lang='lat' dir='ltr'><strong>vit</strong></span> <span class='ocrx_word' id='word_1_382' title='bbox 2044 789 2196 845; x_wconf 87' lang='lat' dir='ltr'><strong>valde</strong></span> <span class='ocrx_word' id='word_1_383' title='bbox 2225 790 2420 848; x_wconf 83' lang='lat' dir='ltr'><strong>Israel.</strong></span> <span class='ocrx_word' id='word_1_384' title='bbox 2454 791 2546 848; x_wconf 90' lang='lat' dir='ltr'><strong>Sic</strong></span> <span class='ocrx_word' id='word_1_385' title='bbox 2576 801 2760 850; x_wconf 90' lang='lat' dir='ltr'><strong>autem</strong></span> <span class='ocrx_word' id='word_1_386' title='bbox 2793 794 3006 850; x_wconf 81' lang='lat' dir='ltr'><strong>audivit</strong></span> <span class='ocrx_word' id='word_1_387' title='bbox 3031 792 3198 857; x_wconf 88' lang='lat' dir='ltr'><strong>Deus,</strong></span> <span class='ocrx_word' id='word_1_388' title='bbox 3229 801 3290 848; x_wconf 92' lang='lat' dir='ltr'><strong>ut</strong></span> <span class='ocrx_word' id='word_1_389' title='bbox 3321 795 3389 850; x_wconf 88' lang='lat' dir='ltr'><strong>de</strong></span> <span class='ocrx_word' id='word_1_390' title='bbox 3418 793 3521 849; x_wconf 61' lang='lat' dir='ltr'><strong>So.</strong></span> 
     </span>
    </p>
   </div>
   <div class='ocr_carea' id='block_1_53' title="bbox 1941 879 3522 940">
    <p class='ocr_par' dir='ltr' id='par_1_53' title="bbox 1941 879 3522 940">
     <span class='ocr_line' id='line_1_53' title="bbox 1941 879 3522 940; baseline 0.003 -5"><span class='ocrx_word' id='word_1_391' title='bbox 1941 879 2167 938; x_wconf 87' lang='lat' dir='ltr'><strong>domitis</strong></span> <span class='ocrx_word' id='word_1_392' title='bbox 2209 882 2414 938; x_wconf 84' lang='lat' dir='ltr'><strong>dicitur</strong></span> <span class='ocrx_word' id='word_1_393' title='bbox 2459 903 2472 938; x_wconf 93' lang='lat'><strong>:</strong></span> <span class='ocrx_word' id='word_1_394' title='bbox 2534 883 2648 939; x_wconf 74' lang='lat' dir='ltr'><strong>Vox</strong></span> <span class='ocrx_word' id='word_1_395' title='bbox 2709 883 3061 940; x_wconf 88' lang='lat' dir='ltr'><strong>Sodomorum</strong></span> <span class='ocrx_word' id='word_1_396' title='bbox 3116 894 3164 938; x_wconf 87' lang='lat' dir='ltr'><strong>et</strong></span> <span class='ocrx_word' id='word_1_397' title='bbox 3215 883 3522 939; x_wconf 75' lang='lat' dir='ltr'><strong>Gomorrlta:</strong></span> 
     </span>
    </p>
   </div>
   <div class='ocr_carea' id='block_1_54' title="bbox 1941 971 3522 1046">
    <p class='ocr_par' dir='ltr' id='par_1_54' title="bbox 1941 971 3522 1046">
     <span class='ocr_line' id='line_1_54' title="bbox 1941 971 3522 1046; baseline 0.003 -22"><span class='ocrx_word' id='word_1_398' title='bbox 1941 971 2141 1025; x_wconf 84' lang='lat' dir='ltr'><strong>clamat</strong></span> <span class='ocrx_word' id='word_1_399' title='bbox 2189 973 2259 1027; x_wconf 87' lang='lat' dir='ltr'><strong>ad</strong></span> <span class='ocrx_word' id='word_1_400' title='bbox 2306 990 2389 1028; x_wconf 88' lang='lat' dir='ltr'><strong>me</strong></span> <span class='ocrx_word' id='word_1_401' title='bbox 2411 973 2477 1029; x_wconf 79' lang='grc'><strong>³³.</strong></span> <span class='ocrx_word' id='word_1_402' title='bbox 2537 973 2827 1046; x_wconf 88' lang='lat' dir='ltr'><strong>lmpiorum</strong></span> <span class='ocrx_word' id='word_1_403' title='bbox 2881 976 3030 1030; x_wconf 85' lang='lat' dir='ltr'><strong>enim</strong></span> <span class='ocrx_word' id='word_1_404' title='bbox 3072 977 3160 1030; x_wconf 88' lang='lat' dir='ltr'><strong>vel</strong></span> <span class='ocrx_word' id='word_1_405' title='bbox 3203 976 3320 1046; x_wconf 90' lang='lat' dir='ltr'><strong>ipsa</strong></span> <span class='ocrx_word' id='word_1_406' title='bbox 3358 975 3522 1045; x_wconf 89' lang='lat' dir='ltr'><strong>impia</strong></span> 
     </span>
    </p>
   </div>
   <div class='ocr_carea' id='block_1_55' title="bbox 1939 1065 3522 1135">
    <p class='ocr_par' dir='ltr' id='par_1_55' title="bbox 1939 1065 3522 1135">
     <span class='ocr_line' id='line_1_55' title="bbox 1939 1065 3522 1135; baseline 0.003 -15"><span class='ocrx_word' id='word_1_407' title='bbox 1939 1074 2090 1134; x_wconf 85' lang='lat' dir='ltr'><strong>gesta</strong></span> <span class='ocrx_word' id='word_1_408' title='bbox 2140 1065 2380 1121; x_wconf 88' lang='lat' dir='ltr'><strong>clamant</strong></span> <span class='ocrx_word' id='word_1_409' title='bbox 2420 1075 2474 1122; x_wconf 91' lang='lat' dir='ltr'><strong>et</strong></span> <span class='ocrx_word' id='word_1_410' title='bbox 2511 1067 2904 1124; x_wconf 80' lang='lat' dir='ltr'><strong>vociferantur.</strong></span> <span class='ocrx_word' id='word_1_411' title='bbox 2936 1099 3005 1110; x_wconf 89' lang='lat'><strong>--</strong></span> <span class='ocrx_word' id='word_1_412' title='bbox 3035 1067 3204 1126; x_wconf 73' lang='lat' dir='ltr'><strong>Vens.</strong></span> <span class='ocrx_word' id='word_1_413' title='bbox 3248 1069 3339 1125; x_wconf 90' lang='lat'><strong>60.</strong></span> <span class='ocrx_word' id='word_1_414' title='bbox 3393 1069 3522 1135; x_wconf 82' lang='lat' dir='ltr'><strong>Quae</strong></span> 
     </span>
    </p>
   </div>
   <div class='ocr_carea' id='block_1_56' title="bbox 1941 1156 3522 1227">
    <p class='ocr_par' dir='ltr' id='par_1_56' title="bbox 1941 1156 3522 1227">
     <span class='ocr_line' id='line_1_56' title="bbox 1941 1156 3522 1227; baseline 0.001 -18"><span class='ocrx_word' id='word_1_415' title='bbox 1941 1156 2171 1212; x_wconf 87' lang='lat' dir='ltr'><strong>audiens</strong></span> <span class='ocrx_word' id='word_1_416' title='bbox 2203 1156 2344 1212; x_wconf 87' lang='lat' dir='ltr'><strong>Deus</strong></span> <span class='ocrx_word' id='word_1_417' title='bbox 2375 1159 2564 1227; x_wconf 82' lang='lat' dir='ltr'><strong>repulit</strong></span> <span class='ocrx_word' id='word_1_418' title='bbox 2595 1159 2996 1213; x_wconf 81' lang='lat' dir='ltr'><strong>tabernaculum</strong></span> <span class='ocrx_word' id='word_1_419' title='bbox 3032 1159 3224 1225; x_wconf 85' lang='lat' dir='ltr'><strong>Silam,</strong></span> <span class='ocrx_word' id='word_1_420' title='bbox 3278 1160 3522 1214; x_wconf 84' lang='lat' dir='ltr'><strong>taberna-</strong></span> 
     </span>
    </p>
   </div>
   <div class='ocr_carea' id='block_1_57' title="bbox 1939 1249 3523 1306">
    <p class='ocr_par' dir='ltr' id='par_1_57' title="bbox 1939 1249 3523 1306">
     <span class='ocr_line' id='line_1_57' title="bbox 1939 1249 3523 1306; baseline 0 -2"><span class='ocrx_word' id='word_1_421' title='bbox 1939 1250 2116 1305; x_wconf 80' lang='lat' dir='ltr'><strong>culum</strong></span> <span class='ocrx_word' id='word_1_422' title='bbox 2163 1249 2252 1304; x_wconf 89' lang='lat' dir='ltr'><strong>ubi</strong></span> <span class='ocrx_word' id='word_1_423' title='bbox 2301 1250 2558 1305; x_wconf 82' lang='lat' dir='ltr'><strong>habitavit</strong></span> <span class='ocrx_word' id='word_1_424' title='bbox 2605 1251 2660 1304; x_wconf 89' lang='lat' dir='ltr'><strong>in</strong></span> <span class='ocrx_word' id='word_1_425' title='bbox 2706 1250 3029 1306; x_wconf 79' lang='lat' dir='ltr'><strong>hominibus.</strong></span> <span class='ocrx_word' id='word_1_426' title='bbox 3078 1249 3217 1306; x_wconf 85' lang='lat' dir='ltr'><strong>Nam</strong></span> <span class='ocrx_word' id='word_1_427' title='bbox 3262 1252 3315 1306; x_wconf 91' lang='lat' dir='ltr'><strong>in</strong></span> <span class='ocrx_word' id='word_1_428' title='bbox 3353 1251 3523 1306; x_wconf 87' lang='lat' dir='ltr'><strong>Silom</strong></span> 
     </span>
    </p>
   </div>
   <div class='ocr_carea' id='block_1_58' title="bbox 1941 1341 3518 1414">
    <p class='ocr_par' dir='ltr' id='par_1_58' title="bbox 1941 1341 3518 1414">
     <span class='ocr_line' id='line_1_58' title="bbox 1941 1341 3518 1414; baseline 0 -18"><span class='ocrx_word' id='word_1_429' title='bbox 1941 1344 2176 1412; x_wconf 81' lang='lat' dir='ltr'><strong>primum</strong></span> <span class='ocrx_word' id='word_1_430' title='bbox 2210 1341 2363 1398; x_wconf 87' lang='lat' dir='ltr'><strong>stetit</strong></span> <span class='ocrx_word' id='word_1_431' title='bbox 2401 1342 2839 1407; x_wconf 85' lang='lat' dir='ltr'><strong>tabernaculum,</strong></span> <span class='ocrx_word' id='word_1_432' title='bbox 2885 1344 2943 1398; x_wconf 93' lang='lat' dir='ltr'><strong>in</strong></span> <span class='ocrx_word' id='word_1_433' title='bbox 2969 1359 3078 1414; x_wconf 91' lang='lat' dir='ltr'><strong>qua</strong></span> <span class='ocrx_word' id='word_1_434' title='bbox 3106 1358 3390 1397; x_wconf 88' lang='lat' dir='ltr'><strong>sacrorum</strong></span> <span class='ocrx_word' id='word_1_435' title='bbox 3425 1358 3518 1396; x_wconf 82' lang='lat' dir='ltr'><strong>an-</strong></span> 
     </span>
    </p>
   </div>
   <div class='ocr_carea' id='block_1_59' title="bbox 1941 1433 3522 1506">
    <p class='ocr_par' dir='ltr' id='par_1_59' title="bbox 1941 1433 3522 1506">
     <span class='ocr_line' id='line_1_59' title="bbox 1941 1433 3522 1506; baseline -0.002 -15"><span class='ocrx_word' id='word_1_436' title='bbox 1941 1437 2143 1493; x_wconf 87' lang='lat' dir='ltr'><strong>tistites</strong></span> <span class='ocrx_word' id='word_1_437' title='bbox 2173 1443 2332 1491; x_wconf 91' lang='lat' dir='ltr'><strong>erant</strong></span> <span class='ocrx_word' id='word_1_438' title='bbox 2359 1434 2475 1490; x_wconf 86' lang='lat' dir='ltr'><strong>lleli</strong></span> <span class='ocrx_word' id='word_1_439' title='bbox 2504 1443 2559 1489; x_wconf 89' lang='lat' dir='ltr'><strong>et</strong></span> <span class='ocrx_word' id='word_1_440' title='bbox 2591 1433 2834 1494; x_wconf 86' lang='lat' dir='ltr'><strong>Samuel.</strong></span> <span class='ocrx_word' id='word_1_441' title='bbox 2871 1443 2929 1489; x_wconf 90' lang='lat' dir='ltr'><strong>ut</strong></span> <span class='ocrx_word' id='word_1_442' title='bbox 2961 1436 3207 1490; x_wconf 88' lang='lat' dir='ltr'><strong>declarat</strong></span> <span class='ocrx_word' id='word_1_443' title='bbox 3236 1434 3522 1506; x_wconf 85' lang='lat' dir='ltr'><strong>Scriptura</strong></span> 
     </span>
    </p>
   </div>
   <div class='ocr_carea' id='block_1_60' title="bbox 1941 1527 3520 1600">
    <p class='ocr_par' dir='ltr' id='par_1_60' title="bbox 1941 1527 3520 1600">
     <span class='ocr_line' id='line_1_60' title="bbox 1941 1527 3520 1600; baseline -0.001 -17"><span class='ocrx_word' id='word_1_444' title='bbox 1941 1528 2332 1600; x_wconf 79' lang='lat' dir='ltr'><strong>Regnorum&quot;.</strong></span> <span class='ocrx_word' id='word_1_445' title='bbox 2357 1529 2470 1584; x_wconf 86' lang='lat' dir='ltr'><strong>Hoc</strong></span> <span class='ocrx_word' id='word_1_446' title='bbox 2499 1531 2680 1600; x_wconf 88' lang='lat' dir='ltr'><strong>itaque</strong></span> <span class='ocrx_word' id='word_1_447' title='bbox 2702 1530 2938 1599; x_wconf 91' lang='lat' dir='ltr'><strong>primum</strong></span> <span class='ocrx_word' id='word_1_448' title='bbox 2968 1529 3020 1583; x_wconf 93' lang='lat' dir='ltr'><strong>in</strong></span> <span class='ocrx_word' id='word_1_449' title='bbox 3049 1527 3221 1583; x_wconf 90' lang='lat' dir='ltr'><strong>Silom</strong></span> <span class='ocrx_word' id='word_1_450' title='bbox 3253 1536 3520 1585; x_wconf 88' lang='lat' dir='ltr'><strong>statutum</strong></span> 
     </span>
    </p>
   </div>
   <div class='ocr_carea' id='block_1_61' title="bbox 1943 1621 3523 1695">
    <p class='ocr_par' dir='ltr' id='par_1_61' title="bbox 1943 1621 3523 1695">
     <span class='ocr_line' id='line_1_61' title="bbox 1943 1621 3523 1695; baseline -0.001 -19"><span class='ocrx_word' id='word_1_451' title='bbox 1943 1624 2358 1679; x_wconf 86' lang='lat' dir='ltr'><strong>tabernaculum</strong></span> <span class='ocrx_word' id='word_1_452' title='bbox 2412 1631 2636 1695; x_wconf 80' lang='lat' dir='ltr'><strong>prapter</strong></span> <span class='ocrx_word' id='word_1_453' title='bbox 2691 1623 3002 1694; x_wconf 89' lang='lat' dir='ltr'><strong>impietates</strong></span> <span class='ocrx_word' id='word_1_454' title='bbox 3061 1637 3250 1677; x_wconf 88' lang='lat' dir='ltr'><strong>eorum</strong></span> <span class='ocrx_word' id='word_1_455' title='bbox 3303 1621 3523 1692; x_wconf 79' lang='lat' dir='ltr'><strong>repulit.</strong></span> 
     </span>
    </p>
   </div>
   <div class='ocr_carea' id='block_1_62' title="bbox 1942 1711 3524 1786">
    <p class='ocr_par' dir='ltr' id='par_1_62' title="bbox 1942 1711 3524 1786">
     <span class='ocr_line' id='line_1_62' title="bbox 1942 1711 3524 1786; baseline -0.001 -19"><span class='ocrx_word' id='word_1_456' title='bbox 1942 1712 2122 1779; x_wconf 85' lang='lat' dir='ltr'><strong>Quare</strong></span> <span class='ocrx_word' id='word_1_457' title='bbox 2168 1715 2466 1769; x_wconf 86' lang='lat' dir='ltr'><strong>secundum</strong></span> <span class='ocrx_word' id='word_1_458' title='bbox 2509 1713 2896 1786; x_wconf 84' lang='lat' dir='ltr'><strong>Symmachum</strong></span> <span class='ocrx_word' id='word_1_459' title='bbox 2945 1713 3146 1768; x_wconf 92' lang='lat' dir='ltr'><strong>dicitur</strong></span> <span class='ocrx_word' id='word_1_460' title='bbox 3175 1732 3189 1768; x_wconf 88' lang='lat'><strong>:</strong></span> <span class='ocrx_word' id='word_1_461' title='bbox 3223 1711 3292 1767; x_wconf 84' lang='lat' dir='ltr'><strong>Et</strong></span> <span class='ocrx_word' id='word_1_462' title='bbox 3333 1713 3524 1782; x_wconf 82' lang='lat' dir='ltr'><strong>abjecit</strong></span> 
     </span>
    </p>
   </div>
   <div class='ocr_carea' id='block_1_63' title="bbox 1946 1802 3524 1872">
    <p class='ocr_par' dir='ltr' id='par_1_63' title="bbox 1946 1802 3524 1872">
     <span class='ocr_line' id='line_1_63' title="bbox 1946 1802 3524 1872; baseline 0 -16"><span class='ocrx_word' id='word_1_463' title='bbox 1946 1802 2342 1859; x_wconf 85' lang='lat' dir='ltr'><strong>tabernaculum</strong></span> <span class='ocrx_word' id='word_1_464' title='bbox 2389 1803 2584 1868; x_wconf 90' lang='lat' dir='ltr'><strong>Silom,</strong></span> <span class='ocrx_word' id='word_1_465' title='bbox 2627 1813 2678 1857; x_wconf 89' lang='lat' dir='ltr'><strong>et</strong></span> <span class='ocrx_word' id='word_1_466' title='bbox 2716 1802 3118 1859; x_wconf 84' lang='lat' dir='ltr'><strong>tabernaculum</strong></span> <span class='ocrx_word' id='word_1_467' title='bbox 3157 1803 3433 1872; x_wconf 80' lang='lat' dir='ltr'><strong>ﬁrmatum</strong></span> <span class='ocrx_word' id='word_1_468' title='bbox 3472 1803 3524 1855; x_wconf 81' lang='lat' dir='ltr'><strong>in</strong></span> 
     </span>
    </p>
   </div>
   <div class='ocr_carea' id='block_1_64' title="bbox 1939 1895 3496 1965">
    <p class='ocr_par' dir='ltr' id='par_1_64' title="bbox 1939 1895 3496 1965">
     <span class='ocr_line' id='line_1_64' title="bbox 1939 1895 3496 1965; baseline -0.001 -15"><span class='ocrx_word' id='word_1_469' title='bbox 1939 1897 2262 1953; x_wconf 79' lang='lat' dir='ltr'><strong>hominibus.</strong></span> <span class='ocrx_word' id='word_1_470' title='bbox 2293 1897 2578 1965; x_wconf 89' lang='lat' dir='ltr'><strong>Quomodo</strong></span> <span class='ocrx_word' id='word_1_471' title='bbox 2611 1906 2794 1954; x_wconf 89' lang='lat' dir='ltr'><strong>autem</strong></span> <span class='ocrx_word' id='word_1_472' title='bbox 2825 1897 3142 1952; x_wconf 88' lang='lat' dir='ltr'><strong>hominibus</strong></span> <span class='ocrx_word' id='word_1_473' title='bbox 3175 1896 3374 1951; x_wconf 89' lang='lat' dir='ltr'><strong>tradita</strong></span> <span class='ocrx_word' id='word_1_474' title='bbox 3405 1895 3496 1950; x_wconf 85' lang='lat' dir='ltr'><strong>fue</strong></span> 
     </span>
    </p>
   </div>
   <div class='ocr_carea' id='block_1_65' title="bbox 1942 1989 3521 2062">
    <p class='ocr_par' dir='ltr' id='par_1_65' title="bbox 1942 1989 3521 2062">
     <span class='ocr_line' id='line_1_65' title="bbox 1942 1989 3521 2062; baseline -0.001 -17"><span class='ocrx_word' id='word_1_475' title='bbox 1942 1990 2015 2045; x_wconf 90' lang='lat' dir='ltr'><strong>rit</strong></span> <span class='ocrx_word' id='word_1_476' title='bbox 2049 2005 2178 2046; x_wconf 85' lang='lat' dir='ltr'><strong>arca</strong></span> <span class='ocrx_word' id='word_1_477' title='bbox 2223 1990 2292 2046; x_wconf 91' lang='lat' dir='ltr'><strong>ob</strong></span> <span class='ocrx_word' id='word_1_478' title='bbox 2330 1991 2638 2062; x_wconf 87' lang='lat' dir='ltr'><strong>impietates</strong></span> <span class='ocrx_word' id='word_1_479' title='bbox 2673 1989 2884 2062; x_wconf 87' lang='lat' dir='ltr'><strong>populi,</strong></span> <span class='ocrx_word' id='word_1_480' title='bbox 2915 1998 2969 2046; x_wconf 90' lang='lat' dir='ltr'><strong>et</strong></span> <span class='ocrx_word' id='word_1_481' title='bbox 3002 1989 3279 2061; x_wconf 91' lang='lat' dir='ltr'><strong>quomodo</strong></span> <span class='ocrx_word' id='word_1_482' title='bbox 3310 1989 3521 2044; x_wconf 87' lang='lat' dir='ltr'><strong>inimici</strong></span> 
     </span>
    </p>
   </div>
   <div class='ocr_carea' id='block_1_66' title="bbox 1941 2078 3523 2152">
    <p class='ocr_par' dir='ltr' id='par_1_66' title="bbox 1941 2078 3523 2152">
     <span class='ocr_line' id='line_1_66' title="bbox 1941 2078 3523 2152; baseline 0 -18"><span class='ocrx_word' id='word_1_483' title='bbox 1941 2080 2190 2150; x_wconf 86' lang='lat' dir='ltr'><strong>ceperint</strong></span> <span class='ocrx_word' id='word_1_484' title='bbox 2247 2080 2420 2144; x_wconf 87' lang='lat' dir='ltr'><strong>illam,</strong></span> <span class='ocrx_word' id='word_1_485' title='bbox 2474 2081 2914 2152; x_wconf 81' lang='lat' dir='ltr'><strong>abduxerintque</strong></span> <span class='ocrx_word' id='word_1_486' title='bbox 2969 2094 3197 2147; x_wconf 88' lang='lat' dir='ltr'><strong>secum;</strong></span> <span class='ocrx_word' id='word_1_487' title='bbox 3253 2078 3349 2134; x_wconf 81' lang='lat' dir='ltr'><strong>lilii</strong></span> <span class='ocrx_word' id='word_1_488' title='bbox 3394 2094 3523 2134; x_wconf 74' lang='lat' dir='ltr'><strong>vero</strong></span> 
     </span>
    </p>
   </div>
   <div class='ocr_carea' id='block_1_67' title="bbox 1941 2169 3524 2245">
    <p class='ocr_par' dir='ltr' id='par_1_67' title="bbox 1941 2169 3524 2245">
     <span class='ocr_line' id='line_1_67' title="bbox 1941 2169 3524 2245; baseline -0.002 -15"><span class='ocrx_word' id='word_1_489' title='bbox 1941 2173 2111 2230; x_wconf 88' lang='lat' dir='ltr'><strong>Israel</strong></span> <span class='ocrx_word' id='word_1_490' title='bbox 2137 2173 2190 2228; x_wconf 93' lang='lat' dir='ltr'><strong>in</strong></span> <span class='ocrx_word' id='word_1_491' title='bbox 2217 2172 2404 2245; x_wconf 81' lang='lat' dir='ltr'><strong>fugam</strong></span> <span class='ocrx_word' id='word_1_492' title='bbox 2430 2173 2574 2230; x_wconf 86' lang='lat' dir='ltr'><strong>versi</strong></span> <span class='ocrx_word' id='word_1_493' title='bbox 2615 2173 2749 2240; x_wconf 90' lang='lat' dir='ltr'><strong>sint,</strong></span> <span class='ocrx_word' id='word_1_494' title='bbox 2781 2172 2878 2228; x_wconf 82' lang='lat' dir='ltr'><strong>lilii</strong></span> <span class='ocrx_word' id='word_1_495' title='bbox 2918 2171 3039 2228; x_wconf 86' lang='lat' dir='ltr'><strong>Heli</strong></span> <span class='ocrx_word' id='word_1_496' title='bbox 3083 2171 3177 2242; x_wconf 90' lang='lat' dir='ltr'><strong>qui</strong></span> <span class='ocrx_word' id='word_1_497' title='bbox 3213 2169 3524 2228; x_wconf 78' lang='lat' dir='ltr'><strong>sacerdotes</strong></span> 
     </span>
    </p>
   </div>
   <div class='ocr_carea' id='block_1_68' title="bbox 1940 2263 3523 2338">
    <p class='ocr_par' dir='ltr' id='par_1_68' title="bbox 1940 2263 3523 2338">
     <span class='ocr_line' id='line_1_68' title="bbox 1940 2263 3523 2338; baseline -0.002 -16"><span class='ocrx_word' id='word_1_498' title='bbox 1940 2272 2096 2322; x_wconf 90' lang='lat' dir='ltr'><strong>erant</strong></span> <span class='ocrx_word' id='word_1_499' title='bbox 2140 2266 2461 2333; x_wconf 88' lang='lat' dir='ltr'><strong>ceciderint,</strong></span> <span class='ocrx_word' id='word_1_500' title='bbox 2509 2281 2810 2338; x_wconf 90' lang='lat' dir='ltr'><strong>eorumque</strong></span> <span class='ocrx_word' id='word_1_501' title='bbox 2853 2275 3027 2336; x_wconf 89' lang='lat' dir='ltr'><strong>pater,</strong></span> <span class='ocrx_word' id='word_1_502' title='bbox 3049 2273 3279 2334; x_wconf 87' lang='lat' dir='ltr'><strong>accepto</strong></span> <span class='ocrx_word' id='word_1_503' title='bbox 3305 2265 3371 2320; x_wconf 85' lang='lat' dir='ltr'><strong>de</strong></span> <span class='ocrx_word' id='word_1_504' title='bbox 3401 2263 3523 2319; x_wconf 81' lang='lat' dir='ltr'><strong>tiliis</strong></span> 
     </span>
    </p>
   </div>
   <div class='ocr_carea' id='block_1_69' title="bbox 1942 2354 3524 2429">
    <p class='ocr_par' dir='ltr' id='par_1_69' title="bbox 1942 2354 3524 2429">
     <span class='ocr_line' id='line_1_69' title="bbox 1942 2354 3524 2429; baseline -0.002 -17"><span class='ocrx_word' id='word_1_505' title='bbox 1942 2358 2155 2426; x_wconf 92' lang='lat' dir='ltr'><strong>nuntio,</strong></span> <span class='ocrx_word' id='word_1_506' title='bbox 2202 2358 2448 2429; x_wconf 86' lang='lat' dir='ltr'><strong>perierit,</strong></span> <span class='ocrx_word' id='word_1_507' title='bbox 2507 2365 2697 2412; x_wconf 88' lang='lat' dir='ltr'><strong>narrat</strong></span> <span class='ocrx_word' id='word_1_508' title='bbox 2745 2355 2960 2428; x_wconf 88' lang='lat' dir='ltr'><strong>primus</strong></span> <span class='ocrx_word' id='word_1_509' title='bbox 3009 2354 3324 2427; x_wconf 75' lang='lat' dir='ltr'><strong>Regnorum</strong></span> <span class='ocrx_word' id='word_1_510' title='bbox 3367 2355 3524 2410; x_wconf 86' lang='lat' dir='ltr'><strong>liber.</strong></span> 
     </span>
    </p>
   </div>
   <div class='ocr_carea' id='block_1_70' title="bbox 1943 2447 3524 2522">
    <p class='ocr_par' dir='ltr' id='par_1_70' title="bbox 1943 2447 3524 2522">
     <span class='ocr_line' id='line_1_70' title="bbox 1943 2447 3524 2522; baseline -0.002 -19"><span class='ocrx_word' id='word_1_511' title='bbox 1943 2451 2289 2522; x_wconf 85' lang='lat' dir='ltr'><strong>Quapropter</strong></span> <span class='ocrx_word' id='word_1_512' title='bbox 2326 2451 2412 2506; x_wconf 92' lang='lat' dir='ltr'><strong>hic</strong></span> <span class='ocrx_word' id='word_1_513' title='bbox 2459 2450 2706 2507; x_wconf 90' lang='lat' dir='ltr'><strong>dicitur:</strong></span> <span class='ocrx_word' id='word_1_514' title='bbox 2757 2447 2828 2504; x_wconf 85' lang='lat' dir='ltr'><strong>Et</strong></span> <span class='ocrx_word' id='word_1_515' title='bbox 2881 2448 3070 2518; x_wconf 83' lang='lat' dir='ltr'><strong>repulit</strong></span> <span class='ocrx_word' id='word_1_516' title='bbox 3123 2447 3524 2502; x_wconf 81' lang='lat' dir='ltr'><strong>tabernaculum</strong></span> 
     </span>
    </p>
   </div>
   <div class='ocr_carea' id='block_1_71' title="bbox 1943 2540 3513 2608">
    <p class='ocr_par' dir='ltr' id='par_1_71' title="bbox 1943 2540 3513 2608">
     <span class='ocr_line' id='line_1_71' title="bbox 1943 2540 3513 2608; baseline -0.002 -13"><span class='ocrx_word' id='word_1_517' title='bbox 1943 2541 2079 2608; x_wconf 82' lang='lat' dir='ltr'><strong>Silo,</strong></span> <span class='ocrx_word' id='word_1_518' title='bbox 2125 2540 2526 2596; x_wconf 79' lang='lat' dir='ltr'><strong>tabernaculum</strong></span> <span class='ocrx_word' id='word_1_519' title='bbox 2573 2541 2663 2595; x_wconf 90' lang='lat' dir='ltr'><strong>ubi</strong></span> <span class='ocrx_word' id='word_1_520' title='bbox 2707 2540 2966 2594; x_wconf 82' lang='lat' dir='ltr'><strong>habitavit</strong></span> <span class='ocrx_word' id='word_1_521' title='bbox 3005 2540 3060 2594; x_wconf 86' lang='lat' dir='ltr'><strong>in</strong></span> <span class='ocrx_word' id='word_1_522' title='bbox 3104 2540 3426 2593; x_wconf 83' lang='lat' dir='ltr'><strong>hominibus.</strong></span> <span class='ocrx_word' id='word_1_523' title='bbox 3457 2569 3513 2580; x_wconf 94' lang='lat'>—</span> 
     </span>
    </p>
   </div>
   <div class='ocr_carea' id='block_1_72' title="bbox 1943 2633 3524 2703">
    <p class='ocr_par' dir='ltr' id='par_1_72' title="bbox 1943 2633 3524 2703">
     <span class='ocr_line' id='line_1_72' title="bbox 1943 2633 3524 2703; baseline -0.002 -14"><span class='ocrx_word' id='word_1_524' title='bbox 1943 2635 2111 2692; x_wconf 71' lang='lat' dir='ltr'><strong>Vens.</strong></span> <span class='ocrx_word' id='word_1_525' title='bbox 2138 2634 2228 2692; x_wconf 77' lang='grc'><strong>61.</strong></span> <span class='ocrx_word' id='word_1_526' title='bbox 2256 2633 2324 2690; x_wconf 85' lang='grc' dir='ltr'>Ει</span> <span class='ocrx_word' id='word_1_527' title='bbox 2351 2635 2576 2690; x_wconf 87' lang='lat' dir='ltr'><strong>tradidit</strong></span> <span class='ocrx_word' id='word_1_528' title='bbox 2599 2636 2653 2688; x_wconf 86' lang='lat' dir='ltr'><strong>in</strong></span> <span class='ocrx_word' id='word_1_529' title='bbox 2681 2635 3040 2703; x_wconf 88' lang='lat' dir='ltr'><strong>captivitatem</strong></span> <span class='ocrx_word' id='word_1_530' title='bbox 3058 2634 3299 2687; x_wconf 84' lang='lat' dir='ltr'><strong>virtutem</strong></span> <span class='ocrx_word' id='word_1_531' title='bbox 3321 2647 3524 2686; x_wconf 88' lang='lat' dir='ltr'><strong>eorum.</strong></span> 
     </span>
    </p>
   </div>
   <div class='ocr_carea' id='block_1_73' title="bbox 1941 2723 3522 2798">
    <p class='ocr_par' dir='ltr' id='par_1_73' title="bbox 1941 2723 3522 2798">
     <span class='ocr_line' id='line_1_73' title="bbox 1941 2723 3522 2798; baseline -0.002 -17"><span class='ocrx_word' id='word_1_532' title='bbox 1941 2727 2047 2783; x_wconf 87' lang='lat' dir='ltr'><strong>Pro</strong></span> <span class='ocrx_word' id='word_1_533' title='bbox 2082 2729 2177 2784; x_wconf 89' lang='lat' dir='ltr'><strong>illo</strong></span> <span class='ocrx_word' id='word_1_534' title='bbox 2211 2736 2418 2794; x_wconf 90' lang='lat' dir='ltr'><strong>autem,</strong></span> <span class='ocrx_word' id='word_1_535' title='bbox 2444 2729 2690 2782; x_wconf 87' lang='lat' dir='ltr'><strong>virtutem</strong></span> <span class='ocrx_word' id='word_1_536' title='bbox 2733 2723 2936 2791; x_wconf 75' lang='lat' dir='ltr'><strong>eorum,</strong></span> <span class='ocrx_word' id='word_1_537' title='bbox 2983 2727 3202 2798; x_wconf 86' lang='lat' dir='ltr'><strong>Aquila,</strong></span> <span class='ocrx_word' id='word_1_538' title='bbox 3244 2725 3405 2778; x_wconf 88' lang='lat' dir='ltr'><strong>robur</strong></span> <span class='ocrx_word' id='word_1_539' title='bbox 3440 2741 3522 2779; x_wconf 81' lang='lat' dir='ltr'><strong>eo-</strong></span> 
     </span>
    </p>
   </div>
   <div class='ocr_carea' id='block_1_74' title="bbox 1942 2814 3521 2887">
    <p class='ocr_par' dir='ltr' id='par_1_74' title="bbox 1942 2814 3521 2887">
     <span class='ocr_line' id='line_1_74' title="bbox 1942 2814 3521 2887; baseline -0.001 -18"><span class='ocrx_word' id='word_1_540' title='bbox 1942 2832 2082 2882; x_wconf 88' lang='lat' dir='ltr'><strong>rum,</strong></span> <span class='ocrx_word' id='word_1_541' title='bbox 2127 2816 2516 2887; x_wconf 79' lang='lat' dir='ltr'><strong>interpretatus</strong></span> <span class='ocrx_word' id='word_1_542' title='bbox 2563 2826 2668 2874; x_wconf 87' lang='lat' dir='ltr'><strong>est.</strong></span> <span class='ocrx_word' id='word_1_543' title='bbox 2691 2814 2885 2873; x_wconf 81' lang='lat' dir='ltr'><strong>Robur</strong></span> <span class='ocrx_word' id='word_1_544' title='bbox 2925 2826 3136 2883; x_wconf 90' lang='lat' dir='ltr'><strong>autem,</strong></span> <span class='ocrx_word' id='word_1_545' title='bbox 3173 2817 3427 2871; x_wconf 88' lang='lat' dir='ltr'><strong>virtutem</strong></span> <span class='ocrx_word' id='word_1_546' title='bbox 3472 2825 3521 2870; x_wconf 92' lang='lat' dir='ltr'><strong>et</strong></span> 
     </span>
    </p>
   </div>
   <div class='ocr_carea' id='block_1_75' title="bbox 1942 2909 3523 2981">
    <p class='ocr_par' dir='ltr' id='par_1_75' title="bbox 1942 2909 3523 2981">
     <span class='ocr_line' id='line_1_75' title="bbox 1942 2909 3523 2981; baseline 0 -17"><span class='ocrx_word' id='word_1_547' title='bbox 1942 2911 2428 2981; x_wconf 88' lang='lat' dir='ltr'><strong>pulchritudinem,</strong></span> <span class='ocrx_word' id='word_1_548' title='bbox 2477 2910 2532 2965; x_wconf 91' lang='lat' dir='ltr'><strong>in</strong></span> <span class='ocrx_word' id='word_1_549' title='bbox 2580 2911 2951 2981; x_wconf 83' lang='lat' dir='ltr'><strong>captivitatem</strong></span> <span class='ocrx_word' id='word_1_550' title='bbox 2995 2919 3050 2966; x_wconf 85' lang='lat' dir='ltr'><strong>et</strong></span> <span class='ocrx_word' id='word_1_551' title='bbox 3094 2911 3151 2965; x_wconf 94' lang='lat' dir='ltr'><strong>in</strong></span> <span class='ocrx_word' id='word_1_552' title='bbox 3189 2926 3384 2965; x_wconf 90' lang='lat' dir='ltr'><strong>manus</strong></span> <span class='ocrx_word' id='word_1_553' title='bbox 3417 2909 3523 2964; x_wconf 79' lang='lat' dir='ltr'><strong>ini-</strong></span> 
     </span>
    </p>
   </div>
   <div class='ocr_carea' id='block_1_76' title="bbox 1942 3003 3524 3080">
    <p class='ocr_par' dir='ltr' id='par_1_76' title="bbox 1942 3003 3524 3080">
     <span class='ocr_line' id='line_1_76' title="bbox 1942 3003 3524 3080; baseline 0 -22"><span class='ocrx_word' id='word_1_554' title='bbox 1942 3003 2070 3058; x_wconf 90' lang='lat' dir='ltr'><strong>mici</strong></span> <span class='ocrx_word' id='word_1_555' title='bbox 2111 3003 2336 3070; x_wconf 86' lang='lat' dir='ltr'><strong>tradita,</strong></span> <span class='ocrx_word' id='word_1_556' title='bbox 2367 3019 2490 3074; x_wconf 63' lang='lat' dir='ltr'><strong>quas</strong></span> <span class='ocrx_word' id='word_1_557' title='bbox 2518 3003 2723 3080; x_wconf 83' lang='lat' dir='ltr'><strong>dixeris</strong></span> <span class='ocrx_word' id='word_1_558' title='bbox 2761 3021 2908 3070; x_wconf 91' lang='lat' dir='ltr'><strong>esse,</strong></span> <span class='ocrx_word' id='word_1_559' title='bbox 2956 3005 3063 3059; x_wconf 89' lang='lat' dir='ltr'><strong>nisi</strong></span> <span class='ocrx_word' id='word_1_560' title='bbox 3107 3019 3314 3068; x_wconf 89' lang='lat' dir='ltr'><strong>arcam,</strong></span> <span class='ocrx_word' id='word_1_561' title='bbox 3360 3021 3524 3074; x_wconf 87' lang='lat' dir='ltr'><strong>quam</strong></span> 
     </span>
    </p>
   </div>
   <div class='ocr_carea' id='block_1_77' title="bbox 1944 3084 3514 3167">
    <p class='ocr_par' dir='ltr' id='par_1_77' title="bbox 1944 3084 3514 3167">
     <span class='ocr_line' id='line_1_77' title="bbox 1944 3084 3514 3167; baseline -0.001 -15"><span class='ocrx_word' id='word_1_562' title='bbox 1944 3084 2260 3153; x_wconf 35' lang='lat' dir='ltr'><strong>hiclsermo</strong></span> <span class='ocrx_word' id='word_1_563' title='bbox 2312 3098 2629 3154; x_wconf 90' lang='lat' dir='ltr'><strong>subiudicat</strong></span> <span class='ocrx_word' id='word_1_564' title='bbox 2667 3099 2877 3163; x_wconf 88' lang='lat' dir='ltr'><strong>dicens,</strong></span> <span class='ocrx_word' id='word_1_565' title='bbox 2914 3097 2981 3151; x_wconf 80' lang='lat' dir='ltr'><strong>Et</strong></span> <span class='ocrx_word' id='word_1_566' title='bbox 3013 3097 3232 3151; x_wconf 87' lang='lat' dir='ltr'><strong>tradidit</strong></span> <span class='ocrx_word' id='word_1_567' title='bbox 3271 3099 3328 3151; x_wconf 81' lang='lat' dir='ltr'><strong>in</strong></span> <span class='ocrx_word' id='word_1_568' title='bbox 3357 3100 3514 3167; x_wconf 75' lang='lat' dir='ltr'><strong>capti-</strong></span> 
     </span>
    </p>
   </div>
   <div class='ocr_carea' id='block_1_78' title="bbox 1945 3191 3525 3261">
    <p class='ocr_par' dir='ltr' id='par_1_78' title="bbox 1945 3191 3525 3261">
     <span class='ocr_line' id='line_1_78' title="bbox 1945 3191 3525 3261; baseline -0.001 -15"><span class='ocrx_word' id='word_1_569' title='bbox 1945 3191 2156 3246; x_wconf 89' lang='lat' dir='ltr'><strong>vitatem</strong></span> <span class='ocrx_word' id='word_1_570' title='bbox 2188 3191 2442 3246; x_wconf 80' lang='lat' dir='ltr'><strong>virtutem</strong></span> <span class='ocrx_word' id='word_1_571' title='bbox 2473 3208 2678 3256; x_wconf 88' lang='lat' dir='ltr'><strong>eorum,</strong></span> <span class='ocrx_word' id='word_1_572' title='bbox 2711 3201 2762 3246; x_wconf 90' lang='lat' dir='ltr'><strong>et</strong></span> <span class='ocrx_word' id='word_1_573' title='bbox 2789 3192 3232 3261; x_wconf 84' lang='lat' dir='ltr'><strong>pulchritudinem</strong></span> <span class='ocrx_word' id='word_1_574' title='bbox 3262 3208 3443 3246; x_wconf 89' lang='lat' dir='ltr'><strong>eorum</strong></span> <span class='ocrx_word' id='word_1_575' title='bbox 3473 3191 3525 3245; x_wconf 86' lang='lat' dir='ltr'><strong>in</strong></span> 
     </span>
    </p>
   </div>
   <div class='ocr_carea' id='block_1_79' title="bbox 1943 3284 3505 3358">
    <p class='ocr_par' dir='ltr' id='par_1_79' title="bbox 1943 3284 3505 3358">
     <span class='ocr_line' id='line_1_79' title="bbox 1943 3284 3505 3358; baseline -0.001 -17"><span class='ocrx_word' id='word_1_576' title='bbox 1943 3303 2135 3341; x_wconf 82' lang='lat' dir='ltr'><strong>manus</strong></span> <span class='ocrx_word' id='word_1_577' title='bbox 2159 3286 2360 3341; x_wconf 86' lang='lat' dir='ltr'><strong>inimici</strong></span> <span class='ocrx_word' id='word_1_578' title='bbox 2376 3284 2642 3343; x_wconf 73' lang='lat' dir='ltr'><strong>?-—Vnns.</strong></span> <span class='ocrx_word' id='word_1_579' title='bbox 2667 3286 2848 3343; x_wconf 62' lang='lat'><strong>62-64.</strong></span> <span class='ocrx_word' id='word_1_580' title='bbox 2867 3285 2970 3342; x_wconf 88' lang='lat' dir='ltr'><strong>Sed</strong></span> <span class='ocrx_word' id='word_1_581' title='bbox 2993 3289 3107 3342; x_wconf 74' lang='lat' dir='ltr'><strong>haec</strong></span> <span class='ocrx_word' id='word_1_582' title='bbox 3123 3287 3341 3358; x_wconf 88' lang='lat' dir='ltr'><strong>quidem</strong></span> <span class='ocrx_word' id='word_1_583' title='bbox 3362 3285 3505 3341; x_wconf 86' lang='lat' dir='ltr'><strong>tradi</strong></span> 
     </span>
    </p>
   </div>
   <div class='ocr_carea' id='block_1_80' title="bbox 1944 3375 3524 3454">
    <p class='ocr_par' dir='ltr' id='par_1_80' title="bbox 1944 3375 3524 3454">
     <span class='ocr_line' id='line_1_80' title="bbox 1944 3375 3524 3454; baseline 0.001 -19"><span class='ocrx_word' id='word_1_584' title='bbox 1944 3381 2095 3436; x_wconf 80' lang='lat' dir='ltr'><strong>ditin</strong></span> <span class='ocrx_word' id='word_1_585' title='bbox 2111 3396 2308 3437; x_wconf 84' lang='lat' dir='ltr'><strong>manus</strong></span> <span class='ocrx_word' id='word_1_586' title='bbox 2335 3381 2568 3447; x_wconf 89' lang='lat' dir='ltr'><strong>inimici,</strong></span> <span class='ocrx_word' id='word_1_587' title='bbox 2587 3384 2848 3453; x_wconf 85' lang='lat' dir='ltr'><strong>populum</strong></span> <span class='ocrx_word' id='word_1_588' title='bbox 2870 3399 2998 3437; x_wconf 88' lang='lat' dir='ltr'><strong>vero</strong></span> <span class='ocrx_word' id='word_1_589' title='bbox 3025 3382 3284 3438; x_wconf 84' lang='lat' dir='ltr'><strong>contrivit</strong></span> <span class='ocrx_word' id='word_1_590' title='bbox 3319 3375 3524 3454; x_wconf 66' lang='lat' dir='ltr'><strong>gladio;</strong></span> 
     </span>
    </p>
   </div>
   <div class='ocr_carea' id='block_1_81' title="bbox 1944 3469 3525 3544">
    <p class='ocr_par' dir='ltr' id='par_1_81' title="bbox 1944 3469 3525 3544">
     <span class='ocr_line' id='line_1_81' title="bbox 1944 3469 3525 3544; baseline -0.001 -18"><span class='ocrx_word' id='word_1_591' title='bbox 1944 3471 2072 3527; x_wconf 85' lang='lat' dir='ltr'><strong>Ideo</strong></span> <span class='ocrx_word' id='word_1_592' title='bbox 2098 3473 2399 3528; x_wconf 89' lang='lat' dir='ltr'><strong>secundum</strong></span> <span class='ocrx_word' id='word_1_593' title='bbox 2434 3470 2822 3544; x_wconf 87' lang='lat' dir='ltr'><strong>Symmachum</strong></span> <span class='ocrx_word' id='word_1_594' title='bbox 2857 3471 3098 3527; x_wconf 90' lang='lat' dir='ltr'><strong>dicitur:</strong></span> <span class='ocrx_word' id='word_1_595' title='bbox 3130 3469 3199 3524; x_wconf 85' lang='lat' dir='ltr'><strong>Et</strong></span> <span class='ocrx_word' id='word_1_596' title='bbox 3225 3470 3450 3524; x_wconf 81' lang='lat' dir='ltr'><strong>tradidit</strong></span> <span class='ocrx_word' id='word_1_597' title='bbox 3473 3471 3525 3524; x_wconf 88' lang='lat' dir='ltr'><strong>in</strong></span> 
     </span>
    </p>
   </div>
   <div class='ocr_carea' id='block_1_82' title="bbox 1945 3564 3524 3633">
    <p class='ocr_par' dir='ltr' id='par_1_82' title="bbox 1945 3564 3524 3633">
     <span class='ocr_line' id='line_1_82' title="bbox 1945 3564 3524 3633; baseline -0.002 -15"><span class='ocrx_word' id='word_1_598' title='bbox 1945 3564 2266 3618; x_wconf 71' lang='lat' dir='ltr'><strong>maclzwram</strong></span> <span class='ocrx_word' id='word_1_599' title='bbox 2312 3565 2564 3633; x_wconf 86' lang='lat' dir='ltr'><strong>populum</strong></span> <span class='ocrx_word' id='word_1_600' title='bbox 2623 3581 2779 3619; x_wconf 81' lang='lat' dir='ltr'><strong>suum</strong></span> <span class='ocrx_word' id='word_1_601' title='bbox 2839 3573 2887 3618; x_wconf 88' lang='lat' dir='ltr'><strong>et</strong></span> <span class='ocrx_word' id='word_1_602' title='bbox 2949 3564 3313 3618; x_wconf 80' lang='lat' dir='ltr'><strong>Itwrcditatem</strong></span> <span class='ocrx_word' id='word_1_603' title='bbox 3371 3578 3524 3627; x_wconf 78' lang='lat' dir='ltr'><strong>suam</strong></span> 
     </span>
    </p>
   </div>
   <div class='ocr_carea' id='block_1_83' title="bbox 1946 3655 3519 3727">
    <p class='ocr_par' dir='ltr' id='par_1_83' title="bbox 1946 3655 3519 3727">
     <span class='ocr_line' id='line_1_83' title="bbox 1946 3655 3519 3727; baseline -0.001 -15"><span class='ocrx_word' id='word_1_604' title='bbox 1946 3657 2157 3727; x_wconf 70' lang='lat' dir='ltr'><strong>sprevit.</strong></span> <span class='ocrx_word' id='word_1_605' title='bbox 2223 3655 2335 3711; x_wconf 92' lang='lat' dir='ltr'><strong>Deo</strong></span> <span class='ocrx_word' id='word_1_606' title='bbox 2390 3665 2572 3712; x_wconf 89' lang='lat' dir='ltr'><strong>autem</strong></span> <span class='ocrx_word' id='word_1_607' title='bbox 2639 3655 2791 3726; x_wconf 90' lang='lat' dir='ltr'><strong>ipsos</strong></span> <span class='ocrx_word' id='word_1_608' title='bbox 2827 3663 3142 3726; x_wconf 84' lang='lat' dir='ltr'><strong>spernente.</strong></span> <span class='ocrx_word' id='word_1_609' title='bbox 3177 3671 3238 3710; x_wconf 88' lang='lat' dir='ltr'><strong>ea</strong></span> <span class='ocrx_word' id='word_1_610' title='bbox 3274 3672 3396 3725; x_wconf 68' lang='lat' dir='ltr'><strong>quae</strong></span> <span class='ocrx_word' id='word_1_611' title='bbox 3429 3672 3519 3711; x_wconf 84' lang='lat' dir='ltr'><strong>se—</strong></span> 
     </span>
    </p>
   </div>
   <div class='ocr_carea' id='block_1_84' title="bbox 1944 3745 3524 3819">
    <p class='ocr_par' dir='ltr' id='par_1_84' title="bbox 1944 3745 3524 3819">
     <span class='ocr_line' id='line_1_84' title="bbox 1944 3745 3524 3819; baseline -0.003 -17"><span class='ocrx_word' id='word_1_612' title='bbox 1944 3756 2192 3819; x_wconf 88' lang='lat' dir='ltr'><strong>quuntur</strong></span> <span class='ocrx_word' id='word_1_613' title='bbox 2242 3755 2564 3804; x_wconf 80' lang='lat' dir='ltr'><strong>evenerunt.</strong></span> <span class='ocrx_word' id='word_1_614' title='bbox 2609 3746 2741 3814; x_wconf 73' lang='lat' dir='ltr'><strong>Qua:</strong></span> <span class='ocrx_word' id='word_1_615' title='bbox 2768 3747 2859 3801; x_wconf 88' lang='lat' dir='ltr'><strong>illa</strong></span> <span class='ocrx_word' id='word_1_616' title='bbox 2872 3748 2894 3799; x_wconf 70' lang='grc' dir='ltr'><strong>’ἶ</strong></span> <span class='ocrx_word' id='word_1_617' title='bbox 2919 3745 3144 3801; x_wconf 71' lang='lat' dir='ltr'><strong>Iuvenes</strong></span> <span class='ocrx_word' id='word_1_618' title='bbox 3167 3762 3350 3800; x_wconf 88' lang='lat' dir='ltr'><strong>eorum</strong></span> <span class='ocrx_word' id='word_1_619' title='bbox 3382 3761 3524 3798; x_wconf 90' lang='lat' dir='ltr'><strong>com-</strong></span> 
     </span>
    </p>
   </div>
   <div class='ocr_carea' id='block_1_85' title="bbox 1943 3837 3525 3910">
    <p class='ocr_par' dir='ltr' id='par_1_85' title="bbox 1943 3837 3525 3910">
     <span class='ocr_line' id='line_1_85' title="bbox 1943 3837 3525 3910; baseline 0 -18"><span class='ocrx_word' id='word_1_620' title='bbox 1943 3837 2051 3892; x_wconf 87' lang='lat' dir='ltr'><strong>edit</strong></span> <span class='ocrx_word' id='word_1_621' title='bbox 2104 3837 2263 3910; x_wconf 83' lang='lat' dir='ltr'><strong>ignis,</strong></span> <span class='ocrx_word' id='word_1_622' title='bbox 2321 3846 2371 3894; x_wconf 84' lang='lat' dir='ltr'><strong>et</strong></span> <span class='ocrx_word' id='word_1_623' title='bbox 2418 3838 2644 3909; x_wconf 78' lang='lat' dir='ltr'><strong>virgines</strong></span> <span class='ocrx_word' id='word_1_624' title='bbox 2674 3854 2856 3893; x_wconf 87' lang='lat' dir='ltr'><strong>eorum</strong></span> <span class='ocrx_word' id='word_1_625' title='bbox 2898 3854 3002 3891; x_wconf 88' lang='lat' dir='ltr'><strong>non</strong></span> <span class='ocrx_word' id='word_1_626' title='bbox 3037 3846 3160 3891; x_wconf 81' lang='lat' dir='ltr'><strong>sunt</strong></span> <span class='ocrx_word' id='word_1_627' title='bbox 3189 3839 3525 3900; x_wconf 71' lang='lat' dir='ltr'><strong>lamentatar,‘</strong></span> 
     </span>
    </p>
   </div>
   <div class='ocr_carea' id='block_1_86' title="bbox 1946 3931 3522 4003">
    <p class='ocr_par' dir='ltr' id='par_1_86' title="bbox 1946 3931 3522 4003">
     <span class='ocr_line' id='line_1_86' title="bbox 1946 3931 3522 4003; baseline -0.001 -14"><span class='ocrx_word' id='word_1_628' title='bbox 1946 3931 2248 3989; x_wconf 89' lang='lat' dir='ltr'><strong>secundum</strong></span> <span class='ocrx_word' id='word_1_629' title='bbox 2281 3931 2533 4003; x_wconf 84' lang='lat' dir='ltr'><strong>Aquilam</strong></span> <span class='ocrx_word' id='word_1_630' title='bbox 2567 3948 2701 3988; x_wconf 88' lang='lat' dir='ltr'><strong>vero</strong></span> <span class='ocrx_word' id='word_1_631' title='bbox 2721 3973 2737 3998; x_wconf 92' lang='lat'><strong>,</strong></span> <span class='ocrx_word' id='word_1_632' title='bbox 2766 3949 2867 3986; x_wconf 84' lang='lat' dir='ltr'><strong>non</strong></span> <span class='ocrx_word' id='word_1_633' title='bbox 2894 3941 3017 3986; x_wconf 79' lang='lat' dir='ltr'><strong>sunt</strong></span> <span class='ocrx_word' id='word_1_634' title='bbox 3043 3931 3408 4000; x_wconf 69' lang='lat' dir='ltr'><strong>desponsata;</strong></span> <span class='ocrx_word' id='word_1_635' title='bbox 3441 3947 3522 3987; x_wconf 80' lang='lat' dir='ltr'><strong>se-</strong></span> 
     </span>
    </p>
   </div>
   <div class='ocr_carea' id='block_1_87' title="bbox 1945 4020 3523 4095">
    <p class='ocr_par' dir='ltr' id='par_1_87' title="bbox 1945 4020 3523 4095">
     <span class='ocr_line' id='line_1_87' title="bbox 1945 4020 3523 4095; baseline 0.001 -17"><span class='ocrx_word' id='word_1_636' title='bbox 1945 4023 2183 4078; x_wconf 89' lang='lat' dir='ltr'><strong>cundum</strong></span> <span class='ocrx_word' id='word_1_637' title='bbox 2238 4020 2627 4095; x_wconf 85' lang='lat' dir='ltr'><strong>Symmachum</strong></span> <span class='ocrx_word' id='word_1_638' title='bbox 2677 4032 2884 4087; x_wconf 87' lang='lat' dir='ltr'><strong>autem,</strong></span> <span class='ocrx_word' id='word_1_639' title='bbox 2937 4039 3040 4077; x_wconf 90' lang='lat' dir='ltr'><strong>non</strong></span> <span class='ocrx_word' id='word_1_640' title='bbox 3090 4031 3213 4077; x_wconf 81' lang='lat' dir='ltr'><strong>sunt</strong></span> <span class='ocrx_word' id='word_1_641' title='bbox 3269 4021 3523 4079; x_wconf 68' lang='lat' dir='ltr'><strong>laudata.</strong></span> 
     </span>
    </p>
   </div>
   <div class='ocr_carea' id='block_1_88' title="bbox 1944 4114 3526 4185">
    <p class='ocr_par' dir='ltr' id='par_1_88' title="bbox 1944 4114 3526 4185">
     <span class='ocr_line' id='line_1_88' title="bbox 1944 4114 3526 4185; baseline -0.002 -15"><span class='ocrx_word' id='word_1_642' title='bbox 1944 4115 2065 4171; x_wconf 88' lang='lat' dir='ltr'><strong>Non</strong></span> <span class='ocrx_word' id='word_1_643' title='bbox 2091 4117 2231 4171; x_wconf 89' lang='lat' dir='ltr'><strong>ultra</strong></span> <span class='ocrx_word' id='word_1_644' title='bbox 2263 4116 2430 4176; x_wconf 84' lang='lat' dir='ltr'><strong>enim,</strong></span> <span class='ocrx_word' id='word_1_645' title='bbox 2447 4116 2748 4171; x_wconf 90' lang='lat' dir='ltr'><strong>secundum</strong></span> <span class='ocrx_word' id='word_1_646' title='bbox 2775 4115 3018 4185; x_wconf 89' lang='lat' dir='ltr'><strong>reliquos</strong></span> <span class='ocrx_word' id='word_1_647' title='bbox 3035 4114 3526 4184; x_wconf 87' lang='lat' dir='ltr'><strong>interpretes,cum</strong></span> 
     </span>
    </p>
   </div>
   <div class='ocr_carea' id='block_1_89' title="bbox 1947 4203 3524 4280">
    <p class='ocr_par' dir='ltr' id='par_1_89' title="bbox 1947 4203 3524 4280">
     <span class='ocr_line' id='line_1_89' title="bbox 1947 4203 3524 4280; baseline -0.004 -18"><span class='ocrx_word' id='word_1_648' title='bbox 1947 4207 2165 4280; x_wconf 88' lang='lat' dir='ltr'><strong>hymnis</strong></span> <span class='ocrx_word' id='word_1_649' title='bbox 2199 4215 2253 4262; x_wconf 87' lang='lat' dir='ltr'><strong>et</strong></span> <span class='ocrx_word' id='word_1_650' title='bbox 2280 4205 2559 4272; x_wconf 89' lang='lat' dir='ltr'><strong>laudibus,</strong></span> <span class='ocrx_word' id='word_1_651' title='bbox 2596 4215 2658 4262; x_wconf 88' lang='lat' dir='ltr'><strong>ut</strong></span> <span class='ocrx_word' id='word_1_652' title='bbox 2680 4213 3006 4262; x_wconf 89' lang='lat' dir='ltr'><strong>consuetum</strong></span> <span class='ocrx_word' id='word_1_653' title='bbox 3037 4203 3390 4274; x_wconf 86' lang='lat' dir='ltr'><strong>desponsatis</strong></span> <span class='ocrx_word' id='word_1_654' title='bbox 3419 4211 3524 4267; x_wconf 85' lang='lat' dir='ltr'><strong>est.</strong></span> 
     </span>
    </p>
   </div>
   <div class='ocr_carea' id='block_1_90' title="bbox 1944 4297 3519 4367">
    <p class='ocr_par' dir='ltr' id='par_1_90' title="bbox 1944 4297 3519 4367">
     <span class='ocr_line' id='line_1_90' title="bbox 1944 4297 3519 4367; baseline -0.002 -13"><span class='ocrx_word' id='word_1_655' title='bbox 1944 4300 2082 4355; x_wconf 89' lang='lat' dir='ltr'><strong>viris</strong></span> <span class='ocrx_word' id='word_1_656' title='bbox 2117 4300 2497 4365; x_wconf 89' lang='lat' dir='ltr'><strong>tradebantur,</strong></span> <span class='ocrx_word' id='word_1_657' title='bbox 2529 4301 2600 4356; x_wconf 92' lang='lat' dir='ltr'><strong>ob</strong></span> <span class='ocrx_word' id='word_1_658' title='bbox 2634 4299 2938 4354; x_wconf 82' lang='lat' dir='ltr'><strong>imtnissam</strong></span> <span class='ocrx_word' id='word_1_659' title='bbox 2969 4305 3101 4352; x_wconf 91' lang='lat' dir='ltr'><strong>tunc</strong></span> <span class='ocrx_word' id='word_1_660' title='bbox 3138 4297 3274 4367; x_wconf 89' lang='lat' dir='ltr'><strong>ipsis</strong></span> <span class='ocrx_word' id='word_1_661' title='bbox 3304 4297 3519 4351; x_wconf 85' lang='lat' dir='ltr'><strong>calami-</strong></span> 
     </span>
    </p>
   </div>
   <div class='ocr_carea' id='block_1_91' title="bbox 1949 4387 3524 4460">
    <p class='ocr_par' dir='ltr' id='par_1_91' title="bbox 1949 4387 3524 4460">
     <span class='ocr_line' id='line_1_91' title="bbox 1949 4387 3524 4460; baseline -0.003 -16"><span class='ocrx_word' id='word_1_662' title='bbox 1949 4397 2136 4446; x_wconf 87' lang='lat' dir='ltr'><strong>tatem.</strong></span> <span class='ocrx_word' id='word_1_663' title='bbox 2173 4387 2484 4446; x_wconf 89' lang='lat' dir='ltr'><strong>Secundum</strong></span> <span class='ocrx_word' id='word_1_664' title='bbox 2513 4389 2654 4444; x_wconf 79' lang='lat' dir='ltr'><strong>LXX</strong></span> <span class='ocrx_word' id='word_1_665' title='bbox 2678 4389 3009 4460; x_wconf 83' lang='lat' dir='ltr'><strong>lnterpretes</strong></span> <span class='ocrx_word' id='word_1_666' title='bbox 3035 4395 3240 4455; x_wconf 87' lang='lat' dir='ltr'><strong>autem,</strong></span> <span class='ocrx_word' id='word_1_667' title='bbox 3275 4387 3328 4441; x_wconf 93' lang='lat' dir='ltr'><strong>in</strong></span> <span class='ocrx_word' id='word_1_668' title='bbox 3351 4387 3524 4458; x_wconf 81' lang='lat' dir='ltr'><strong>capti-</strong></span> 
     </span>
    </p>
   </div>
   <div class='ocr_carea' id='block_1_92' title="bbox 260 4477 1845 4552">
    <p class='ocr_par' dir='ltr' id='par_1_92' title="bbox 260 4477 1836 4552">
     <span class='ocr_line' id='line_1_92' title="bbox 260 4477 1836 4552; baseline 0.002 -19"><span class='ocrx_word' id='word_1_669' title='bbox 260 4479 564 4552; x_wconf 82' lang='grc' dir='ltr'>συμφοράν.</span> <span class='ocrx_word' id='word_1_670' title='bbox 605 4477 764 4532; x_wconf 82' lang='grc' dir='ltr'>Κατὰ</span> <span class='ocrx_word' id='word_1_671' title='bbox 788 4479 850 4532; x_wconf 78' lang='grc' dir='ltr'>δὲ</span> <span class='ocrx_word' id='word_1_672' title='bbox 882 4479 980 4550; x_wconf 82' lang='grc' dir='ltr'>τὴν</span> <span class='ocrx_word' id='word_1_673' title='bbox 1010 4478 1118 4534; x_wconf 89' lang='grc' dir='ltr'><strong>τῶν</strong></span> <span class='ocrx_word' id='word_1_674' title='bbox 1161 4479 1562 4552; x_wconf 80' lang='grc' dir='ltr'>Ἑϐδομήκοντα</span> <span class='ocrx_word' id='word_1_675' title='bbox 1607 4483 1836 4548; x_wconf 76' lang='grc' dir='ltr'>ἔκδοσιν,</span> 
     </span>
    </p>
   </div>
   <div class='ocr_carea' id='block_1_93' title="bbox 1943 4477 3522 4552">
    <p class='ocr_par' dir='ltr' id='par_1_93' title="bbox 1947 4481 3522 4552">
     <span class='ocr_line' id='line_1_93' title="bbox 1947 4481 3522 4552; baseline -0.001 -16"><span class='ocrx_word' id='word_1_676' title='bbox 1947 4483 2162 4538; x_wconf 75' lang='lat' dir='ltr'><strong>vitalem</strong></span> <span class='ocrx_word' id='word_1_677' title='bbox 2189 4491 2343 4548; x_wconf 68' lang='lat' dir='ltr'><strong>actae,</strong></span> <span class='ocrx_word' id='word_1_678' title='bbox 2368 4499 2492 4537; x_wconf 91' lang='lat' dir='ltr'><strong>cum</strong></span> <span class='ocrx_word' id='word_1_679' title='bbox 2517 4490 2880 4546; x_wconf 89' lang='lat' dir='ltr'><strong>morerentur,</strong></span> <span class='ocrx_word' id='word_1_680' title='bbox 2899 4497 3009 4536; x_wconf 87' lang='lat' dir='ltr'><strong>non</strong></span> <span class='ocrx_word' id='word_1_681' title='bbox 3037 4488 3157 4536; x_wconf 87' lang='lat' dir='ltr'><strong>erat</strong></span> <span class='ocrx_word' id='word_1_682' title='bbox 3183 4481 3275 4552; x_wconf 92' lang='lat' dir='ltr'><strong>qui</strong></span> <span class='ocrx_word' id='word_1_683' title='bbox 3294 4481 3522 4550; x_wconf 78' lang='lat' dir='ltr'><strong>lugeret,</strong></span> 
     </span>
    </p>
   </div>
   <div class='ocr_carea' id='block_1_94' title="bbox 258 4570 1840 4646">
    <p class='ocr_par' dir='ltr' id='par_1_94' title="bbox 258 4570 1840 4646">
     <span class='ocr_line' id='line_1_94' title="bbox 258 4570 1840 4646; baseline 0.004 -19"><span class='ocrx_word' id='word_1_684' title='bbox 258 4572 593 4645; x_wconf 81' lang='grc' dir='ltr'>αῑχμάλωτοι</span> <span class='ocrx_word' id='word_1_685' title='bbox 625 4570 975 4643; x_wconf 78' lang='grc' dir='ltr'>ἀπαχθεῖσαι,</span> <span class='ocrx_word' id='word_1_686' title='bbox 1009 4573 1068 4626; x_wconf 86' lang='grc' dir='ltr'>ὲν</span> <span class='ocrx_word' id='word_1_687' title='bbox 1103 4573 1182 4646; x_wconf 84' lang='grc' dir='ltr'><strong>τῷ</strong></span> <span class='ocrx_word' id='word_1_688' title='bbox 1225 4574 1478 4646; x_wconf 84' lang='grc' dir='ltr'>θνήσκειν</span> <span class='ocrx_word' id='word_1_689' title='bbox 1522 4578 1692 4642; x_wconf 83' lang='grc' dir='ltr'>αὑτὰς</span> <span class='ocrx_word' id='word_1_690' title='bbox 1737 4580 1840 4633; x_wconf 83' lang='grc' dir='ltr'>οὐκ</span> 
     </span>
    </p>
   </div>
   <div class='ocr_carea' id='block_1_95' title="bbox 260 4660 1840 4741">
    <p class='ocr_par' dir='ltr' id='par_1_95' title="bbox 260 4660 1840 4741">
     <span class='ocr_line' id='line_1_95' title="bbox 260 4660 1840 4741; baseline 0.005 -24"><span class='ocrx_word' id='word_1_691' title='bbox 260 4660 402 4735; x_wconf 75' lang='grc' dir='ltr'>εἶχον</span> <span class='ocrx_word' id='word_1_692' title='bbox 441 4667 567 4729; x_wconf 80' lang='grc' dir='ltr'>τοὺς</span> <span class='ocrx_word' id='word_1_693' title='bbox 608 4664 961 4731; x_wconf 88' lang='grc' dir='ltr'>πενθοῦντας,</span> <span class='ocrx_word' id='word_1_694' title='bbox 1003 4667 1092 4720; x_wconf 79' lang='grc' dir='ltr'><strong>διὰ</strong></span> <span class='ocrx_word' id='word_1_695' title='bbox 1124 4667 1186 4721; x_wconf 82' lang='grc' dir='ltr'>τὸ</span> <span class='ocrx_word' id='word_1_696' title='bbox 1239 4668 1315 4740; x_wconf 82' lang='grc' dir='ltr'>μὴ</span> <span class='ocrx_word' id='word_1_697' title='bbox 1363 4672 1616 4741; x_wconf 83' lang='grc' dir='ltr'>παρεῖναι</span> <span class='ocrx_word' id='word_1_698' title='bbox 1657 4672 1840 4736; x_wconf 80' lang='grc' dir='ltr'>αὐτοῖς</span> 
     </span>
    </p>
   </div>
   <div class='ocr_carea' id='block_1_96' title="bbox 257 4745 1840 4831">
    <p class='ocr_par' dir='ltr' id='par_1_96' title="bbox 257 4745 1840 4831">
     <span class='ocr_line' id='line_1_96' title="bbox 257 4745 1840 4831; baseline 0.006 -21"><span class='ocrx_word' id='word_1_699' title='bbox 257 4756 386 4820; x_wconf 79' lang='grc' dir='ltr'>τοὺς</span> <span class='ocrx_word' id='word_1_700' title='bbox 427 4745 800 4828; x_wconf 72' lang='grc' dir='ltr'>προσήκοντας</span> <span class='ocrx_word' id='word_1_701' title='bbox 823 4775 837 4789; x_wconf 87' lang='grc'><strong>·</strong></span> <span class='ocrx_word' id='word_1_702' title='bbox 887 4757 1024 4814; x_wconf 87' lang='grc' dir='ltr'><strong>ἀλλά</strong></span> <span class='ocrx_word' id='word_1_703' title='bbox 1066 4760 1161 4814; x_wconf 78' lang='grc' dir='ltr'><strong>καὶ</strong></span> <span class='ocrx_word' id='word_1_704' title='bbox 1215 4764 1270 4816; x_wconf 87' lang='lat' dir='ltr'><strong>ol</strong></span> <span class='ocrx_word' id='word_1_705' title='bbox 1307 4763 1484 4831; x_wconf 78' lang='grc' dir='ltr'>ἱερεῖς</span> <span class='ocrx_word' id='word_1_706' title='bbox 1529 4763 1728 4818; x_wconf 86' lang='grc' dir='ltr'>αὐτῶν</span> <span class='ocrx_word' id='word_1_707' title='bbox 1769 4765 1840 4820; x_wconf 83' lang='grc' dir='ltr'>ἐν</span> 
     </span>
    </p>
   </div>
   <div class='ocr_carea' id='block_1_97' title="bbox 255 4841 1835 4925">
    <p class='ocr_par' dir='ltr' id='par_1_97' title="bbox 255 4841 1835 4925">
     <span class='ocr_line' id='line_1_97' title="bbox 255 4841 1835 4925; baseline 0.004 -24"><span class='ocrx_word' id='word_1_708' title='bbox 255 4848 518 4918; x_wconf 72' lang='grc' dir='ltr'>ῥομφαίᾳ</span> <span class='ocrx_word' id='word_1_709' title='bbox 545 4848 778 4902; x_wconf 78' lang='grc' dir='ltr'>ἔπεσαν</span> <span class='ocrx_word' id='word_1_710' title='bbox 818 4841 984 4921; x_wconf 77' lang='grc' dir='ltr'>(οὗτοι</span> <span class='ocrx_word' id='word_1_711' title='bbox 1016 4851 1062 4904; x_wconf 84' lang='grc' dir='ltr'>δ’</span> <span class='ocrx_word' id='word_1_712' title='bbox 1097 4847 1236 4923; x_wconf 80' lang='grc' dir='ltr'>ἦσαν</span> <span class='ocrx_word' id='word_1_713' title='bbox 1271 4853 1322 4906; x_wconf 85' lang='grc' dir='ltr'>οἱ</span> <span class='ocrx_word' id='word_1_714' title='bbox 1356 4852 1450 4907; x_wconf 91' lang='grc' dir='ltr'><strong>τοῦ</strong></span> <span class='ocrx_word' id='word_1_715' title='bbox 1493 4854 1641 4908; x_wconf 78' lang='grc' dir='ltr'>Ἠλεὶ</span> <span class='ocrx_word' id='word_1_716' title='bbox 1677 4855 1835 4925; x_wconf 89' lang='grc' dir='ltr'>υίοί),</span> 
     </span>
    </p>
   </div>
   <div class='ocr_carea' id='block_1_98' title="bbox 257 4937 1840 5014">
    <p class='ocr_par' dir='ltr' id='par_1_98' title="bbox 257 4937 1840 5014">
     <span class='ocr_line' id='line_1_98' title="bbox 257 4937 1840 5014; baseline 0.004 -20"><span class='ocrx_word' id='word_1_717' title='bbox 257 4940 356 4994; x_wconf 74' lang='grc' dir='ltr'>καὶ</span> <span class='ocrx_word' id='word_1_718' title='bbox 396 4941 455 4995; x_wconf 82' lang='grc' dir='ltr'>αι</span> <span class='ocrx_word' id='word_1_719' title='bbox 497 4937 672 5010; x_wconf 74' lang='grc' dir='ltr'>χῆραι</span> <span class='ocrx_word' id='word_1_720' title='bbox 703 4938 773 4994; x_wconf 82' lang='grc' dir='ltr'>δὲ</span> <span class='ocrx_word' id='word_1_721' title='bbox 807 4942 1008 4996; x_wconf 84' lang='grc' dir='ltr'>αὐτῶν</span> <span class='ocrx_word' id='word_1_722' title='bbox 1045 4945 1118 4998; x_wconf 85' lang='grc' dir='ltr'>οὐ</span> <span class='ocrx_word' id='word_1_723' title='bbox 1165 4944 1680 5014; x_wconf 81' lang='grc' dir='ltr'>κλαυσθήσονται.</span> <span class='ocrx_word' id='word_1_724' title='bbox 1729 4947 1840 5000; x_wconf 71' lang='grc' dir='ltr'>Καὶ</span> 
     </span>
    </p>
   </div>
   <div class='ocr_carea' id='block_1_99' title="bbox 256 5032 1839 5108">
    <p class='ocr_par' dir='ltr' id='par_1_99' title="bbox 256 5032 1839 5108">
     <span class='ocr_line' id='line_1_99' title="bbox 256 5032 1839 5108; baseline 0.004 -20"><span class='ocrx_word' id='word_1_725' title='bbox 256 5033 404 5088; x_wconf 70' lang='grc' dir='ltr'>εστιν</span> <span class='ocrx_word' id='word_1_726' title='bbox 433 5032 612 5106; x_wconf 80' lang='grc' dir='ltr'>εὑρεῖν</span> <span class='ocrx_word' id='word_1_727' title='bbox 635 5034 693 5086; x_wconf 75' lang='grc' dir='ltr'>ἐν</span> <span class='ocrx_word' id='word_1_728' title='bbox 715 5037 782 5106; x_wconf 80' lang='grc' dir='ltr'><strong>τῇ</strong></span> <span class='ocrx_word' id='word_1_729' title='bbox 816 5034 1006 5108; x_wconf 82' lang='grc' dir='ltr'>πρώτη</span> <span class='ocrx_word' id='word_1_730' title='bbox 1037 5036 1146 5090; x_wconf 90' lang='grc' dir='ltr'><strong>τῶν</strong></span> <span class='ocrx_word' id='word_1_731' title='bbox 1171 5037 1487 5105; x_wconf 86' lang='grc' dir='ltr'>Βασιλειῶν,</span> <span class='ocrx_word' id='word_1_732' title='bbox 1521 5040 1690 5106; x_wconf 85' lang='grc' dir='ltr'>ὅπως,</span> <span class='ocrx_word' id='word_1_733' title='bbox 1730 5040 1839 5096; x_wconf 91' lang='grc' dir='ltr'><strong>τῶν</strong></span> 
     </span>
    </p>
   </div>
   <div class='ocr_carea' id='block_1_100' title="bbox 257 5125 1836 5202">
    <p class='ocr_par' dir='ltr' id='par_1_100' title="bbox 257 5125 1836 5202">
     <span class='ocr_line' id='line_1_100' title="bbox 257 5125 1836 5202; baseline 0.005 -23"><span class='ocrx_word' id='word_1_734' title='bbox 257 5125 388 5180; x_wconf 81' lang='grc' dir='ltr'>υίῶν</span> <span class='ocrx_word' id='word_1_735' title='bbox 422 5126 570 5180; x_wconf 75' lang='grc' dir='ltr'>Ἠλεὶ</span> <span class='ocrx_word' id='word_1_736' title='bbox 601 5129 876 5182; x_wconf 74' lang='grc' dir='ltr'>πεσόντων</span> <span class='ocrx_word' id='word_1_737' title='bbox 906 5130 962 5181; x_wconf 81' lang='grc' dir='ltr'>ὲν</span> <span class='ocrx_word' id='word_1_738' title='bbox 1003 5128 1080 5200; x_wconf 81' lang='grc' dir='ltr'><strong>τῷ</strong></span> <span class='ocrx_word' id='word_1_739' title='bbox 1121 5129 1362 5202; x_wconf 80' lang='grc' dir='ltr'>πολέμῳ,</span> <span class='ocrx_word' id='word_1_740' title='bbox 1406 5133 1463 5186; x_wconf 85' lang='grc' dir='ltr'><strong>αί</strong></span> <span class='ocrx_word' id='word_1_741' title='bbox 1500 5131 1705 5186; x_wconf 86' lang='grc' dir='ltr'>τούτων</span> <span class='ocrx_word' id='word_1_742' title='bbox 1736 5149 1836 5201; x_wconf 85' lang='grc' dir='ltr'><strong>γυ-</strong></span> 
     </span>
    </p>
   </div>
   <div class='ocr_carea' id='block_1_101' title="bbox 257 5217 1841 5294">
    <p class='ocr_par' dir='ltr' id='par_1_101' title="bbox 257 5217 1841 5294">
     <span class='ocr_line' id='line_1_101' title="bbox 257 5217 1841 5294; baseline 0.004 -24"><span class='ocrx_word' id='word_1_743' title='bbox 257 5219 460 5282; x_wconf 82' lang='grc' dir='ltr'>ναῖκες,</span> <span class='ocrx_word' id='word_1_744' title='bbox 490 5217 658 5290; x_wconf 85' lang='grc' dir='ltr'>χῆραι</span> <span class='ocrx_word' id='word_1_745' title='bbox 705 5219 1168 5290; x_wconf 81' lang='grc' dir='ltr'>καταλειφθεῖσαι,</span> <span class='ocrx_word' id='word_1_746' title='bbox 1197 5221 1368 5275; x_wconf 82' lang='grc' dir='ltr'>δεινὸν</span> <span class='ocrx_word' id='word_1_747' title='bbox 1408 5222 1708 5294; x_wconf 82' lang='grc' dir='ltr'>ὑπέμειναν</span> <span class='ocrx_word' id='word_1_748' title='bbox 1745 5221 1841 5277; x_wconf 84' lang='grc' dir='ltr'>θά-</span> 
     </span>
    </p>
   </div>
   <div class='ocr_carea' id='block_1_102' title="bbox 257 5311 1841 5386">
    <p class='ocr_par' dir='ltr' id='par_1_102' title="bbox 257 5311 1841 5386">
     <span class='ocr_line' id='line_1_102' title="bbox 257 5311 1841 5386; baseline 0.006 -23"><span class='ocrx_word' id='word_1_749' title='bbox 257 5327 436 5366; x_wconf 89' lang='grc' dir='ltr'>νατον.</span> <span class='ocrx_word' id='word_1_750' title='bbox 487 5311 580 5365; x_wconf 84' lang='grc' dir='ltr'>Διδ</span> <span class='ocrx_word' id='word_1_751' title='bbox 616 5311 864 5365; x_wconf 82' lang='grc' dir='ltr'>λέλεκται</span> <span class='ocrx_word' id='word_1_752' title='bbox 914 5312 1058 5366; x_wconf 83' lang='grc' dir='ltr'>κατὰ</span> <span class='ocrx_word' id='word_1_753' title='bbox 1109 5312 1200 5366; x_wconf 78' lang='grc' dir='ltr'>τὸν</span> <span class='ocrx_word' id='word_1_754' title='bbox 1252 5313 1570 5386; x_wconf 89' lang='grc' dir='ltr'>Σύμμαχον,</span> <span class='ocrx_word' id='word_1_755' title='bbox 1622 5315 1734 5372; x_wconf 89' lang='lat' dir='ltr'><strong>Kal</strong></span> <span class='ocrx_word' id='word_1_756' title='bbox 1779 5319 1841 5372; x_wconf 85' lang='grc' dir='ltr'><strong>αί</strong></span> 
     </span>
    </p>
   </div>
   <div class='ocr_carea' id='block_1_103' title="bbox 256 5401 1839 5481">
    <p class='ocr_par' dir='ltr' id='par_1_103' title="bbox 256 5401 1839 5481">
     <span class='ocr_line' id='line_1_103' title="bbox 256 5401 1839 5481; baseline 0.004 -23"><span class='ocrx_word' id='word_1_757' title='bbox 256 5401 638 5471; x_wconf 69' lang='grc' dir='ltr'>χηρευθεῑσαι</span> <span class='ocrx_word' id='word_1_758' title='bbox 665 5401 866 5458; x_wconf 82' lang='grc' dir='ltr'>αὐτῶν</span> <span class='ocrx_word' id='word_1_759' title='bbox 893 5405 1004 5457; x_wconf 85' lang='grc' dir='ltr'>οὐκ</span> <span class='ocrx_word' id='word_1_760' title='bbox 1029 5403 1344 5459; x_wconf 79' lang='grc' dir='ltr'>ἔκλαυσαν</span> <span class='ocrx_word' id='word_1_761' title='bbox 1368 5423 1382 5436; x_wconf 89' lang='grc'><strong>·</strong></span> <span class='ocrx_word' id='word_1_762' title='bbox 1413 5407 1533 5462; x_wconf 85' lang='grc' dir='ltr'>οὐδὲ</span> <span class='ocrx_word' id='word_1_763' title='bbox 1570 5408 1678 5481; x_wconf 83' lang='grc' dir='ltr'>γὰρ</span> <span class='ocrx_word' id='word_1_764' title='bbox 1703 5408 1839 5463; x_wconf 81' lang='grc' dir='ltr'><strong>ὑπέ-</strong></span> 
     </span>
    </p>
   </div>
   <div class='ocr_carea' id='block_1_104' title="bbox 260 5492 1840 5566">
    <p class='ocr_par' dir='ltr' id='par_1_104' title="bbox 260 5492 1840 5566">
     <span class='ocr_line' id='line_1_104' title="bbox 260 5492 1840 5566; baseline 0.006 -20"><span class='ocrx_word' id='word_1_765' title='bbox 260 5511 486 5566; x_wconf 83' lang='grc' dir='ltr'>στησαν,</span> <span class='ocrx_word' id='word_1_766' title='bbox 525 5494 664 5550; x_wconf 81' lang='grc' dir='ltr'>ὥστε</span> <span class='ocrx_word' id='word_1_767' title='bbox 704 5495 934 5550; x_wconf 88' lang='grc' dir='ltr'>κλαῦσαι</span> <span class='ocrx_word' id='word_1_768' title='bbox 956 5513 968 5525; x_wconf 83' lang='lat'><strong><em>°</em></strong></span> <span class='ocrx_word' id='word_1_769' title='bbox 1021 5495 1400 5551; x_wconf 83' lang='grc' dir='ltr'>συναπώλοντο</span> <span class='ocrx_word' id='word_1_770' title='bbox 1444 5498 1501 5552; x_wconf 85' lang='grc' dir='ltr'>δὲ</span> <span class='ocrx_word' id='word_1_771' title='bbox 1546 5501 1641 5554; x_wconf 74' lang='grc' dir='ltr'>καὶ</span> <span class='ocrx_word' id='word_1_772' title='bbox 1678 5492 1840 5556; x_wconf 75' lang='grc' dir='ltr'>αὗται</span> 
     </span>
    </p>
   </div>
   <div class='ocr_carea' id='block_1_105' title="bbox 257 5587 1834 5666">
    <p class='ocr_par' dir='ltr' id='par_1_105' title="bbox 257 5587 1834 5666">
     <span class='ocr_line' id='line_1_105' title="bbox 257 5587 1834 5666; baseline 0.007 -29"><span class='ocrx_word' id='word_1_773' title='bbox 257 5590 369 5653; x_wconf 70' lang='grc' dir='ltr'>τοῖς</span> <span class='ocrx_word' id='word_1_774' title='bbox 421 5589 762 5660; x_wconf 82' lang='grc' dir='ltr'>τικτομένοις</span> <span class='ocrx_word' id='word_1_775' title='bbox 823 5587 966 5643; x_wconf 85' lang='grc' dir='ltr'><strong>κατά</strong></span> <span class='ocrx_word' id='word_1_776' title='bbox 1021 5587 1121 5661; x_wconf 81' lang='grc' dir='ltr'>τὴν</span> <span class='ocrx_word' id='word_1_777' title='bbox 1182 5589 1494 5660; x_wconf 84' lang='grc' dir='ltr'>φάσκουσαν</span> <span class='ocrx_word' id='word_1_778' title='bbox 1553 5593 1795 5666; x_wconf 80' lang='grc' dir='ltr'>ἱστορίαν</span> <span class='ocrx_word' id='word_1_779' title='bbox 1819 5611 1834 5626; x_wconf 86' lang='grc'><strong>·</strong></span> 
     </span>
    </p>
   </div>
   <div class='ocr_carea' id='block_1_106' title="bbox 1944 4571 3518 4647">
    <p class='ocr_par' dir='ltr' id='par_1_106' title="bbox 1944 4571 3518 4647">
     <span class='ocr_line' id='line_1_106' title="bbox 1944 4571 3518 4647; baseline -0.003 -17"><span class='ocrx_word' id='word_1_780' title='bbox 1944 4575 2092 4646; x_wconf 85' lang='lat' dir='ltr'><strong>quod</strong></span> <span class='ocrx_word' id='word_1_781' title='bbox 2125 4591 2234 4632; x_wconf 91' lang='lat' dir='ltr'><strong>non</strong></span> <span class='ocrx_word' id='word_1_782' title='bbox 2273 4575 2526 4632; x_wconf 88' lang='lat' dir='ltr'><strong>adessent</strong></span> <span class='ocrx_word' id='word_1_783' title='bbox 2576 4575 2864 4647; x_wconf 78' lang='lat' dir='ltr'><strong>propinqui</strong></span> <span class='ocrx_word' id='word_1_784' title='bbox 2920 4590 3145 4642; x_wconf 88' lang='lat' dir='ltr'><strong>earum;</strong></span> <span class='ocrx_word' id='word_1_785' title='bbox 3202 4575 3312 4628; x_wconf 90' lang='lat' dir='ltr'><strong>imo</strong></span> <span class='ocrx_word' id='word_1_786' title='bbox 3355 4571 3518 4630; x_wconf 88' lang='lat' dir='ltr'><strong>etiam</strong></span> 
     </span>
    </p>
   </div>
   <div class='ocr_carea' id='block_1_107' title="bbox 1946 4667 3546 4741">
    <p class='ocr_par' dir='ltr' id='par_1_107' title="bbox 1946 4667 3546 4741">
     <span class='ocr_line' id='line_1_107' title="bbox 1946 4667 3546 4741; baseline -0.003 -17"><span class='ocrx_word' id='word_1_787' title='bbox 1946 4668 2244 4725; x_wconf 79' lang='lat' dir='ltr'><strong>sacerdotes</strong></span> <span class='ocrx_word' id='word_1_788' title='bbox 2300 4686 2483 4724; x_wconf 87' lang='lat' dir='ltr'><strong>eorum</strong></span> <span class='ocrx_word' id='word_1_789' title='bbox 2548 4671 2603 4724; x_wconf 90' lang='lat' dir='ltr'><strong>in</strong></span> <span class='ocrx_word' id='word_1_790' title='bbox 2647 4669 2827 4741; x_wconf 88' lang='lat' dir='ltr'><strong>gladio</strong></span> <span class='ocrx_word' id='word_1_791' title='bbox 2872 4667 3168 4724; x_wconf 86' lang='lat' dir='ltr'><strong>ceciderunt</strong></span> <span class='ocrx_word' id='word_1_792' title='bbox 3223 4668 3299 4739; x_wconf 88' lang='lat' dir='ltr'><strong>(hi</strong></span> <span class='ocrx_word' id='word_1_793' title='bbox 3355 4669 3546 4739; x_wconf 87' lang='lat' dir='ltr'><strong>porro</strong></span> 
     </span>
    </p>
   </div>
   <div class='ocr_carea' id='block_1_108' title="bbox 1946 4761 3524 4833">
    <p class='ocr_par' dir='ltr' id='par_1_108' title="bbox 1946 4761 3524 4833">
     <span class='ocr_line' id='line_1_108' title="bbox 1946 4761 3524 4833; baseline -0.001 -17"><span class='ocrx_word' id='word_1_794' title='bbox 1946 4771 2107 4817; x_wconf 88' lang='lat' dir='ltr'><strong>erant</strong></span> <span class='ocrx_word' id='word_1_795' title='bbox 2162 4762 2260 4817; x_wconf 80' lang='lat' dir='ltr'><strong>lilii</strong></span> <span class='ocrx_word' id='word_1_796' title='bbox 2323 4761 2486 4831; x_wconf 82' lang='lat' dir='ltr'><strong>Heli),</strong></span> <span class='ocrx_word' id='word_1_797' title='bbox 2522 4773 2572 4817; x_wconf 91' lang='lat' dir='ltr'><strong>et</strong></span> <span class='ocrx_word' id='word_1_798' title='bbox 2625 4763 2800 4818; x_wconf 72' lang='lat' dir='ltr'><strong>vidule</strong></span> <span class='ocrx_word' id='word_1_799' title='bbox 2833 4780 3016 4818; x_wconf 88' lang='lat' dir='ltr'><strong>eorum</strong></span> <span class='ocrx_word' id='word_1_800' title='bbox 3062 4780 3166 4818; x_wconf 88' lang='lat' dir='ltr'><strong>non</strong></span> <span class='ocrx_word' id='word_1_801' title='bbox 3231 4762 3524 4833; x_wconf 76' lang='lat' dir='ltr'><strong>plorabun~</strong></span> 
     </span>
    </p>
   </div>
   <div class='ocr_carea' id='block_1_109' title="bbox 1950 4853 3523 4930">
    <p class='ocr_par' dir='ltr' id='par_1_109' title="bbox 1950 4853 3523 4930">
     <span class='ocr_line' id='line_1_109' title="bbox 1950 4853 3523 4930; baseline 0.001 -22"><span class='ocrx_word' id='word_1_802' title='bbox 1950 4865 2054 4918; x_wconf 85' lang='lat' dir='ltr'><strong>tur.</strong></span> <span class='ocrx_word' id='word_1_803' title='bbox 2089 4853 2147 4910; x_wconf 89' lang='lat' dir='ltr'><strong>ln</strong></span> <span class='ocrx_word' id='word_1_804' title='bbox 2204 4857 2378 4928; x_wconf 85' lang='lat' dir='ltr'><strong>primo</strong></span> <span class='ocrx_word' id='word_1_805' title='bbox 2432 4855 2744 4929; x_wconf 76' lang='lat' dir='ltr'><strong>Regnorum</strong></span> <span class='ocrx_word' id='word_1_806' title='bbox 2802 4858 2946 4913; x_wconf 82' lang='lat' dir='ltr'><strong>libro</strong></span> <span class='ocrx_word' id='word_1_807' title='bbox 2997 4858 3214 4930; x_wconf 87' lang='lat' dir='ltr'><strong>legitur,</strong></span> <span class='ocrx_word' id='word_1_808' title='bbox 3253 4872 3376 4912; x_wconf 90' lang='lat' dir='ltr'><strong>cum</strong></span> <span class='ocrx_word' id='word_1_809' title='bbox 3427 4855 3523 4911; x_wconf 84' lang='lat' dir='ltr'><strong>lilii</strong></span> 
     </span>
    </p>
   </div>
   <div class='ocr_carea' id='block_1_110' title="bbox 1949 4947 3524 5017">
    <p class='ocr_par' dir='ltr' id='par_1_110' title="bbox 1949 4947 3524 5017">
     <span class='ocr_line' id='line_1_110' title="bbox 1949 4947 3524 5017; baseline 0.002 -14"><span class='ocrx_word' id='word_1_810' title='bbox 1949 4947 2066 5006; x_wconf 85' lang='lat' dir='ltr'><strong>Heli</strong></span> <span class='ocrx_word' id='word_1_811' title='bbox 2102 4951 2158 5006; x_wconf 92' lang='lat' dir='ltr'><strong>in</strong></span> <span class='ocrx_word' id='word_1_812' title='bbox 2194 4951 2338 5008; x_wconf 89' lang='lat' dir='ltr'><strong>bello</strong></span> <span class='ocrx_word' id='word_1_813' title='bbox 2363 4951 2716 5017; x_wconf 85' lang='lat' dir='ltr'><strong>cecidissent,</strong></span> <span class='ocrx_word' id='word_1_814' title='bbox 2758 4967 2948 5008; x_wconf 90' lang='lat' dir='ltr'><strong>eorum</strong></span> <span class='ocrx_word' id='word_1_815' title='bbox 2985 4967 3184 5008; x_wconf 77' lang='lat' dir='ltr'><strong>uxores</strong></span> <span class='ocrx_word' id='word_1_816' title='bbox 3218 4951 3412 5008; x_wconf 86' lang='lat' dir='ltr'><strong>viduas</strong></span> <span class='ocrx_word' id='word_1_817' title='bbox 3440 4968 3524 5006; x_wconf 89' lang='lat' dir='ltr'><strong>re-</strong></span> 
     </span>
    </p>
   </div>
   <div class='ocr_carea' id='block_1_111' title="bbox 1948 5041 3523 5114">
    <p class='ocr_par' dir='ltr' id='par_1_111' title="bbox 1948 5041 3523 5114">
     <span class='ocr_line' id='line_1_111' title="bbox 1948 5041 3523 5114; baseline 0.001 -18"><span class='ocrx_word' id='word_1_818' title='bbox 1948 5041 2130 5107; x_wconf 87' lang='lat' dir='ltr'><strong>lictas,</strong></span> <span class='ocrx_word' id='word_1_819' title='bbox 2159 5058 2379 5114; x_wconf 88' lang='lat' dir='ltr'><strong>gravem</strong></span> <span class='ocrx_word' id='word_1_820' title='bbox 2432 5046 2767 5102; x_wconf 88' lang='lat' dir='ltr'><strong>sustinuisse</strong></span> <span class='ocrx_word' id='word_1_821' title='bbox 2813 5059 3071 5102; x_wconf 86' lang='lat' dir='ltr'><strong>mortem.</strong></span> <span class='ocrx_word' id='word_1_822' title='bbox 3111 5045 3293 5113; x_wconf 87' lang='lat' dir='ltr'><strong>Quare</strong></span> <span class='ocrx_word' id='word_1_823' title='bbox 3320 5046 3523 5100; x_wconf 86' lang='lat' dir='ltr'><strong>dicitur</strong></span> 
     </span>
    </p>
   </div>
   <div class='ocr_carea' id='block_1_112' title="bbox 1950 5133 3524 5208">
    <p class='ocr_par' dir='ltr' id='par_1_112' title="bbox 1950 5133 3524 5208">
     <span class='ocr_line' id='line_1_112' title="bbox 1950 5133 3524 5208; baseline 0.002 -19"><span class='ocrx_word' id='word_1_824' title='bbox 1950 5133 2250 5190; x_wconf 88' lang='lat' dir='ltr'><strong>secundum</strong></span> <span class='ocrx_word' id='word_1_825' title='bbox 2280 5135 2691 5208; x_wconf 87' lang='lat' dir='ltr'><strong>Symmachum,</strong></span> <span class='ocrx_word' id='word_1_826' title='bbox 2726 5137 2794 5193; x_wconf 84' lang='lat' dir='ltr'><strong>Et</strong></span> <span class='ocrx_word' id='word_1_827' title='bbox 2822 5138 3054 5195; x_wconf 68' lang='lat' dir='ltr'><strong>viduata:</strong></span> <span class='ocrx_word' id='word_1_828' title='bbox 3079 5157 3260 5194; x_wconf 87' lang='lat' dir='ltr'><strong>eorum</strong></span> <span class='ocrx_word' id='word_1_829' title='bbox 3281 5156 3386 5195; x_wconf 84' lang='lat' dir='ltr'><strong>non</strong></span> <span class='ocrx_word' id='word_1_830' title='bbox 3407 5141 3524 5208; x_wconf 84' lang='lat' dir='ltr'><strong>plo-</strong></span> 
     </span>
    </p>
   </div>
   <div class='ocr_carea' id='block_1_113' title="bbox 1948 5231 3522 5304">
    <p class='ocr_par' dir='ltr' id='par_1_113' title="bbox 1948 5231 3522 5304">
     <span class='ocr_line' id='line_1_113' title="bbox 1948 5231 3522 5304; baseline 0.004 -24"><span class='ocrx_word' id='word_1_831' title='bbox 1948 5237 2196 5283; x_wconf 83' lang='lat' dir='ltr'><strong>raverunt</strong></span> <span class='ocrx_word' id='word_1_832' title='bbox 2223 5244 2242 5282; x_wconf 90' lang='lat'><em>:</em></span> <span class='ocrx_word' id='word_1_833' title='bbox 2271 5245 2450 5300; x_wconf 88' lang='lat' dir='ltr'><strong>neque</strong></span> <span class='ocrx_word' id='word_1_834' title='bbox 2479 5231 2621 5286; x_wconf 89' lang='lat' dir='ltr'><strong>enim</strong></span> <span class='ocrx_word' id='word_1_835' title='bbox 2657 5232 2996 5288; x_wconf 78' lang='lat' dir='ltr'><strong>exsistebant</strong></span> <span class='ocrx_word' id='word_1_836' title='bbox 3024 5243 3082 5288; x_wconf 92' lang='lat' dir='ltr'><strong>ut</strong></span> <span class='ocrx_word' id='word_1_837' title='bbox 3107 5233 3236 5290; x_wconf 82' lang='lat' dir='ltr'><strong>ﬂere</strong></span> <span class='ocrx_word' id='word_1_838' title='bbox 3265 5241 3522 5304; x_wconf 80' lang='lat' dir='ltr'><strong>possent:</strong></span> 
     </span>
    </p>
   </div>
   <div class='ocr_carea' id='block_1_114' title="bbox 1946 5309 3522 5391">
    <p class='ocr_par' dir='ltr' id='par_1_114' title="bbox 1946 5309 3522 5391">
     <span class='ocr_line' id='line_1_114' title="bbox 1946 5309 3522 5391; baseline 0.004 -18"><span class='ocrx_word' id='word_1_839' title='bbox 1946 5334 2072 5373; x_wconf 90' lang='lat' dir='ltr'><strong>nam</strong></span> <span class='ocrx_word' id='word_1_840' title='bbox 2098 5333 2205 5374; x_wconf 89' lang='lat' dir='ltr'><strong>una</strong></span> <span class='ocrx_word' id='word_1_841' title='bbox 2235 5335 2360 5374; x_wconf 90' lang='lat' dir='ltr'><strong>cum</strong></span> <span class='ocrx_word' id='word_1_842' title='bbox 2389 5329 2548 5391; x_wconf 89' lang='lat' dir='ltr'><strong>partu</strong></span> <span class='ocrx_word' id='word_1_843' title='bbox 2579 5338 2682 5378; x_wconf 87' lang='lat' dir='ltr'><strong>suo</strong></span> <span class='ocrx_word' id='word_1_844' title='bbox 2708 5325 2995 5379; x_wconf 74' lang='lat' dir='ltr'><strong>exstincta:</strong></span> <span class='ocrx_word' id='word_1_845' title='bbox 3025 5333 3175 5387; x_wconf 79' lang='lat' dir='ltr'><strong>sunt,</strong></span> <span class='ocrx_word' id='word_1_846' title='bbox 3203 5332 3262 5378; x_wconf 90' lang='lat' dir='ltr'><strong>ut</strong></span> <span class='ocrx_word' id='word_1_847' title='bbox 3287 5309 3390 5379; x_wconf 74' lang='lat' dir='ltr'><strong>fert</strong></span> <span class='ocrx_word' id='word_1_848' title='bbox 3409 5325 3522 5379; x_wconf 60' lang='lat' dir='ltr'><strong>hac</strong></span> 
     </span>
    </p>
   </div>
   <div class='ocr_carea' id='block_1_115' title="bbox 1943 5407 3523 5482">
    <p class='ocr_par' dir='ltr' id='par_1_115' title="bbox 1943 5407 3523 5482">
     <span class='ocr_line' id='line_1_115' title="bbox 1943 5407 3523 5482; baseline 0.003 -16"><span class='ocrx_word' id='word_1_849' title='bbox 1943 5407 2216 5468; x_wconf 86' lang='lat' dir='ltr'><strong>historia:</strong></span> <span class='ocrx_word' id='word_1_850' title='bbox 2245 5410 2315 5466; x_wconf 85' lang='lat' dir='ltr'><strong>Et</strong></span> <span class='ocrx_word' id='word_1_851' title='bbox 2358 5413 2560 5482; x_wconf 77' lang='lat' dir='ltr'><strong>factum</strong></span> <span class='ocrx_word' id='word_1_852' title='bbox 2600 5427 2680 5472; x_wconf 82' lang='lat' dir='ltr'><strong>est</strong></span> <span class='ocrx_word' id='word_1_853' title='bbox 2721 5417 2773 5471; x_wconf 88' lang='lat' dir='ltr'><strong>in</strong></span> <span class='ocrx_word' id='word_1_854' title='bbox 2811 5416 2994 5472; x_wconf 80' lang='lat' dir='ltr'><strong>diebus</strong></span> <span class='ocrx_word' id='word_1_855' title='bbox 3033 5417 3144 5472; x_wconf 78' lang='lat' dir='ltr'><strong>illis</strong></span> <span class='ocrx_word' id='word_1_856' title='bbox 3175 5429 3523 5473; x_wconf 74' lang='lat' dir='ltr'><strong>convenerunt</strong></span> 
     </span>
    </p>
   </div>
   <div class='ocr_carea' id='block_1_116' title="bbox 1943 5503 3522 5576">
    <p class='ocr_par' dir='ltr' id='par_1_116' title="bbox 1943 5503 3522 5576">
     <span class='ocr_line' id='line_1_116' title="bbox 1943 5503 3522 5576; baseline 0.006 -20"><span class='ocrx_word' id='word_1_857' title='bbox 1943 5503 2204 5576; x_wconf 80' lang='lat' dir='ltr'><strong>allophyli</strong></span> <span class='ocrx_word' id='word_1_858' title='bbox 2251 5506 2308 5562; x_wconf 88' lang='lat' dir='ltr'><strong>in</strong></span> <span class='ocrx_word' id='word_1_859' title='bbox 2355 5506 2550 5563; x_wconf 87' lang='lat' dir='ltr'><strong>bellum</strong></span> <span class='ocrx_word' id='word_1_860' title='bbox 2594 5519 2784 5565; x_wconf 86' lang='lat' dir='ltr'><strong>contra</strong></span> <span class='ocrx_word' id='word_1_861' title='bbox 2831 5509 3010 5566; x_wconf 80' lang='lat' dir='ltr'><strong>Israel</strong></span> <span class='ocrx_word' id='word_1_862' title='bbox 3032 5511 3112 5576; x_wconf 74' lang='grc'><strong>⁸⁰;</strong></span> <span class='ocrx_word' id='word_1_863' title='bbox 3151 5511 3348 5570; x_wconf 73' lang='lat' dir='ltr'><strong>deinde</strong></span> <span class='ocrx_word' id='word_1_864' title='bbox 3392 5526 3522 5566; x_wconf 88' lang='lat' dir='ltr'><strong>vero</strong></span> 
     </span>
    </p>
   </div>
   <div class='ocr_carea' id='block_1_117' title="bbox 1945 5599 3520 5676">
    <p class='ocr_par' dir='ltr' id='par_1_117' title="bbox 1945 5599 3520 5676">
     <span class='ocr_line' id='line_1_117' title="bbox 1945 5599 3520 5676; baseline 0.006 -26"><span class='ocrx_word' id='word_1_865' title='bbox 1945 5609 2072 5653; x_wconf 87' lang='lat' dir='ltr'><strong>cum</strong></span> <span class='ocrx_word' id='word_1_866' title='bbox 2103 5599 2304 5657; x_wconf 79' lang='lat' dir='ltr'><strong>exisset</strong></span> <span class='ocrx_word' id='word_1_867' title='bbox 2332 5603 2566 5674; x_wconf 77' lang='lat' dir='ltr'><strong>populus</strong></span> <span class='ocrx_word' id='word_1_868' title='bbox 2593 5602 2661 5659; x_wconf 86' lang='lat' dir='ltr'><strong>ad</strong></span> <span class='ocrx_word' id='word_1_869' title='bbox 2691 5619 2949 5675; x_wconf 86' lang='lat' dir='ltr'><strong>pugnam,</strong></span> <span class='ocrx_word' id='word_1_870' title='bbox 2985 5605 3168 5660; x_wconf 76' lang='lat' dir='ltr'><strong>Ca&#39;sua</strong></span> <span class='ocrx_word' id='word_1_871' title='bbox 3197 5614 3294 5670; x_wconf 79' lang='lat' dir='ltr'><strong>est,</strong></span> <span class='ocrx_word' id='word_1_872' title='bbox 3321 5604 3520 5676; x_wconf 83' lang='lat' dir='ltr'><strong>inquit,</strong></span> 
     </span>
    </p>
   </div>
   <div class='ocr_carea' id='block_1_118' title="bbox 329 5679 1943 5792">
    <p class='ocr_par' dir='ltr' id='par_1_118' title="bbox 329 5679 1943 5792">
     <span class='ocr_line' id='line_1_118' title="bbox 329 5679 1943 5792; baseline 0.007 -28"><span class='ocrx_word' id='word_1_873' title='bbox 329 5708 375 5741; x_wconf 81' lang='grc'><strong>³⁸</strong></span> <span class='ocrx_word' id='word_1_874' title='bbox 403 5708 538 5765; x_wconf 85' lang='lat' dir='ltr'><strong>Gen.</strong></span> <span class='ocrx_word' id='word_1_875' title='bbox 570 5727 724 5776; x_wconf 81' lang='lat' dir='ltr'><strong>xvm,</strong></span> <span class='ocrx_word' id='word_1_876' title='bbox 753 5711 842 5767; x_wconf 73' lang='lat'><strong>20.</strong></span> <span class='ocrx_word' id='word_1_877' title='bbox 920 5679 1010 5764; x_wconf 57' lang='grc' dir='ltr'><strong>’ίῐ</strong></span> <span class='ocrx_word' id='word_1_878' title='bbox 1044 5711 1175 5782; x_wconf 79' lang='lat' dir='ltr'><strong>Reg.</strong></span> <span class='ocrx_word' id='word_1_879' title='bbox 1210 5725 1285 5773; x_wconf 85' lang='lat' dir='ltr'><strong>Iv.</strong></span> <span class='ocrx_word' id='word_1_880' title='bbox 1311 5728 1409 5768; x_wconf 83' lang='lat' dir='ltr'><strong>vn.</strong></span> <span class='ocrx_word' id='word_1_881' title='bbox 1487 5714 1532 5748; x_wconf 75' lang='lat'><em>“</em></span> <span class='ocrx_word' id='word_1_882' title='bbox 1569 5715 1752 5792; x_wconf 67' lang='lat' dir='ltr'><strong>lﬁeg.</strong></span> <span class='ocrx_word' id='word_1_883' title='bbox 1783 5733 1861 5788; x_wconf 78' lang='lat' dir='ltr'><strong>tv,</strong></span> <span class='ocrx_word' id='word_1_884' title='bbox 1891 5717 1943 5775; x_wconf 78' lang='lat' dir='ltr'><strong>l.</strong></span> 
     </span>
    </p>
   </div>
   <div class='ocr_carea' id='block_1_119' title="bbox 333 5803 1418 5878">
    <p class='ocr_par' dir='ltr' id='par_1_119' title="bbox 333 5803 1418 5878">
     <span class='ocr_line' id='line_1_119' title="bbox 333 5803 1418 5878; baseline 0.007 -21"><span class='ocrx_word' id='word_1_885' title='bbox 333 5804 406 5875; x_wconf 85' lang='lat' dir='ltr'><strong>(l)</strong></span> <span class='ocrx_word' id='word_1_886' title='bbox 442 5803 704 5875; x_wconf 78' lang='lat' dir='ltr'><strong>Syntaxis</strong></span> <span class='ocrx_word' id='word_1_887' title='bbox 731 5807 968 5878; x_wconf 77' lang='lat' dir='ltr'><strong>postulat</strong></span> <span class='ocrx_word' id='word_1_888' title='bbox 997 5806 1214 5873; x_wconf 76' lang='grc' dir='ltr'>αὐτούς.</span> <span class='ocrx_word' id='word_1_889' title='bbox 1260 5806 1418 5865; x_wconf 76' lang='lat' dir='ltr'><strong>Enn.</strong></span> 
     </span>
    </p>
   </div>
   <div class='ocr_carea' id='block_1_120' title="bbox 0 6295 880 6630">
    <p class='ocr_par' dir='ltr' id='par_1_120' title="bbox 0 6295 880 6630">
     <span class='ocr_line' id='line_1_120' title="bbox 0 6295 880 6630; baseline 0 0"><span class='ocrx_word' id='word_1_890' title='bbox 0 6323 880 6630; x_wconf 42' lang='grc' dir='ltr'><strong>ᾖ</strong></span> 
     </span>
    </p>
   </div>
  </div>
