4078 6934
621 321 727 380 953

1287 319 1553 376 ECSEBlI
1588 319 2074 375 CESARIENSIS
2109 318 2196 374 ΟΡ

2303 317 2485 375 PARS
2525 315 2610 372 Ill.
2645 347 2713 357 --
2751 315 3157 372 EXEGETICA.

3793 317 3894 374 936

624 443 802 499 Israel
829 459 846 496 :
875 451 924 497 et
956 441 1102 512 facta
1145 451 1224 496 est
1256 441 1417 512 plaga
1457 456 1652 510 magna
1682 438 1832 494 ralde
1863 454 1882 491 :
1913 449 1965 493 et
2001 439 2193 493 cecide-

2299 435 2411 492 Kal
2452 431 2708 506 ἐγενήθη
2741 433 2812 487 ἐν
2838 433 2968 499 ταῖς
3009 431 3258 503 ἡμέραις
3285 434 3564 497 ἐκείναις,
3599 434 3706 485 καὶ
3745 448 3898 485 errr-

619 547 747 590 runt
775 536 840 590 de
869 536 1042 591 Israel
1075 535 1296 604 triginta
1325 533 1498 588 millia
1526 549 1592 588 ex
1627 531 1902 587 ordinibus
1939 548 1956 585 :
1987 541 2037 586 et
2075 547 2198 586 arca

2303 529 2666 598 αθροίζονται
2689 529 3030 596 ἀλλόφυλοι
3057 529 3144 592 εὶς
3175 527 3443 594 πόλεμον
3475 525 3576 580 ἐπὶ
3609 523 3866 592 Ἰσραήλ
3883 543 3897 555 ·

624 629 722 684 Dei
751 639 908 698 capta
942 639 1044 691 est,
1076 637 1126 682 et
1155 627 1310 681 ambo
1347 627 1449 691 ﬁlii
1479 626 1604 680 Heli
1629 627 1826 680 mortui
1854 634 1999 688 sunt,
2027 625 2202 696 Opimi

620 731 670 776 et
707 721 951 775 Phinees.
988 719 1056 773 Et
1095 719 1330 774 cucurrit
1359 718 1441 772 vir
1479 715 1771 772 Jentina'us
1814 733 1880 771 ex
1907 719 2120 781 castris,
2151 727 2203 772 et

621 815 758 867 venit
789 815 844 866 in
871 812 1042 868 Silam
1071 813 1126 865 in
1155 811 1254 865 illa
1281 810 1390 874 die,
1421 810 1593 864 scissa
1623 820 1782 872 veste,
1810 819 1862 864 et
1891 825 2201 880 conspersus

617 904 824 972 puluere
847 913 1023 972 caput.
1057 902 1124 956 Et
1153 919 1268 957 ecce
1299 901 1422 956 Heli
1453 903 1508 955 in
1531 902 1666 955 sella
1687 901 1759 954 ad
1779 911 1988 972 portam
2017 912 2202 956 contra

622 996 817 1052 bivium
854 1005 1122 1066 spectans.
1154 995 1292 1050 Erat
1313 997 1456 1050 enim
1487 1012 1580 1049 cor
1607 995 1721 1064 ejus
1747 1011 1937 1064 pavens
1957 1011 2055 1065 pro
2074 1013 2201 1049 arca

619 1086 738 1143 Dei.
773 1086 889 1144 Sub
933 1088 1048 1143 haec
1093 1088 1298 1142 dicitur
1332 1106 1346 1142 :
1383 1085 1519 1141 Erat
1559 1097 1736 1142 autem
1774 1086 1896 1142 Heli
1921 1088 2078 1158 quasi
2106 1104 2202 1142 no-

618 1179 842 1249 naginta
871 1189 986 1234 octo
1017 1195 1298 1240 annorum,
1333 1188 1383 1234 et
1413 1179 1556 1233 oculi
1593 1178 1708 1248 ejus
1741 1178 2119 1248 caligaverant.
2150 1187 2202 1233 et

619 1287 721 1324 non
753 1269 983 1326 videbat.
1031 1269 1096 1324 Et
1130 1271 1209 1324 vir
1238 1271 1330 1325 ille
1357 1269 1608 1325 accedens
1630 1269 1805 1324 dixit:
1831 1267 1942 1340 Ego
1971 1287 2088 1324 sum
2112 1273 2201 1340 qui

617 1364 729 1418 veni
758 1380 823 1417 ex
844 1365 1058 1426 castris,
1079 1372 1130 1418 et
1150 1379 1243 1434 ego
1270 1378 1336 1417 ex
1357 1363 1469 1417 acie
1494 1363 1609 1433 fugi
1631 1361 1804 1416 hodie.
1830 1361 1898 1414 Et
1929 1362 2028 1426 ait,
2060 1362 2200 1428 Quid

618 1467 795 1510 actum
825 1467 925 1522 est,
971 1457 1052 1526 [ili
1091 1457 1207 1511 mi?
1252 1455 1321 1509 Et
1347 1456 1615 1524 respondit
1642 1471 1772 1524 puer
1801 1464 1851 1508 et
1877 1454 2011 1508 dixit
2038 1471 2056 1508 :
2091 1453 2202 1507 Fu-

615 1544 712 1614 git,
746 1544 945 1613 inquit,
979 1542 1151 1598 Israel
1186 1562 1218 1597 a
1245 1544 1384 1613 facie
1428 1543 1843 1614 allophylorum,
1871 1553 1920 1598 et
1949 1544 2095 1612 facta
2123 1553 2201 1598 est

615 1633 775 1703 plaga
801 1650 992 1702 magna
1023 1633 1076 1686 in
1103 1633 1320 1702 populo,
1346 1641 1394 1686 et
1421 1632 1575 1686 ambo
1600 1631 1704 1701 ﬁlii
1729 1632 1807 1685 tui
1835 1634 2032 1686 mortui
2054 1642 2197 1697 sunt,

613 1733 665 1777 et
694 1741 822 1778 arca
851 1725 950 1779 Dei
982 1736 1139 1794 capta
1170 1735 1270 1780 est.
1309 1725 1379 1779 Et
1407 1725 1611 1794 factum
1645 1737 1724 1780 est
1757 1743 1876 1780 cum
1908 1742 2198 1780 memoras-

2303 617 2402 677 εἶθ’
2447 623 2574 693 ἑξῆς
2611 621 2960 694 προελθόντος
3008 619 3103 672 τοῦ
3159 617 3289 672 λαοῦ
3341 621 3419 682 εἰς
3467 618 3562 671 τὸν
3613 618 3902 687 πόλεμον,

2301 716 2524 778 Πταίει,
2555 715 2739 786 φησὶν,
2768 713 2925 781 ἀνὴρ
2962 710 3200 779 Ἰσραήλ
3217 729 3230 740 ·
3271 710 3368 764 καὶ
3401 711 3646 779 ἐγένετο
3685 710 3906 776 πληγὴ

2295 807 2530 878 μεγάλη
2562 807 2828 876 σφόδρα·
2864 805 2962 859 καὶ
2989 804 3220 858 ἔπεσον
3241 802 3312 868 ἐξ
3353 803 3598 871 Ἰσραὴλ
3623 804 3911 871 τριακον-

2300 916 2376 952 τα
2422 898 2689 968 χιλιάδες
2740 895 3050 966 ταγμάτων
3073 911 3088 926 ο
3137 896 3236 949 καὶ
3295 895 3335 962 ἡ
3382 896 3636 960 κιϐωτὸς
3675 893 3752 946 δὲ
3795 895 3912 948 τοῦ

2303 991 2452 1045 Θεοῦ
2475 989 2732 1058 ἐλήφθη,
2757 989 2857 1043 καὶ
2891 987 3213 1057 ἀμφότεροι
3248 989 3304 1041 οι
3325 986 3442 1041 vlol
3479 987 3638 1040 Ἠλεὶ
3671 985 3914 1039 ἀπέθα-

2300 1100 2430 1146 νον,
2475 1082 2666 1151 ’θείνει
2705 1081 2804 1135 καὶ
2841 1080 3065 1147 Φινεές.
3092 1080 3202 1135 Kal
3233 1079 3488 1148 ἔδραμεν
3529 1080 3700 1147 ἀνὴρ
3740 1080 3918 1148 Ἰεμι-

2299 1174 2470 1240 ναῖος
2495 1175 2564 1228 ἐκ
2604 1172 2712 1240 τῆς
2761 1172 3165 1242 παρατάξεως,
3203 1172 3299 1225 καὶ
3330 1171 3517 1240 ἦλθεν
3553 1174 3650 1237 εὶς
3675 1171 3918 1240 Σηλὼρ

2299 1267 2370 1320 ἐν
2403 1265 2476 1334 τῇ
2506 1264 2697 1334 ἡμέρᾳ
2719 1265 2942 1334 ἐκείνῃ,
2969 1265 3041 1318 τὰ
3067 1263 3264 1333 ἱμάτια
3291 1263 3477 1317 αὑτοῦ
3501 1263 3912 1332 διερῤωγίτα,

2301 1357 2398 1411 καὶ
2433 1357 2507 1428 γῆ
2553 1358 2653 1411 ἐπὶ
2697 1355 2805 1425 τῆς
2852 1355 3123 1425 κεφαλῆς
3153 1354 3360 1410 αὐτοῦ.
3405 1355 3512 1410 Καὶ
3563 1354 3707 1408 ἰδοὺ
3741 1355 3914 1410 Ἠλεὶ

2299 1450 2399 1503 ἐπὶ
2429 1450 2534 1503 τοῦ
2566 1449 2779 1518 δίφρου
2808 1449 2968 1517 παρὰ
3009 1449 3124 1516 τὴν
3155 1450 3362 1516 πύλην
3402 1450 3736 1504 σκοπεύων
3791 1446 3916 1514 τὴν

2299 1541 2505 1596 δίοδον
2525 1559 2538 1572 °
2575 1541 2666 1595 ὅτι
2701 1537 2780 1612 ἦν
2819 1540 2858 1607 ἡ
2892 1540 3104 1609 καρδία
3142 1541 3329 1595 αὑτοῦ
3352 1540 3727 1608 ἐξεστηκυῖα
3761 1542 3910 1608 περὶ

2299 1631 2411 1700 τῆς
2443 1630 2690 1687 κιϐωτοῦ
2738 1631 2844 1687 τοῦ
2899 1631 3067 1685 Θεοῦ.
3117 1626 3232 1684 Εἶθ’
3285 1629 3413 1701 ἑξῆς
3465 1632 3728 1703 εἴρηταιο
3789 1635 3912 1687 Καὶ

2312 1725 2464 1780 Ἠλεὶ
2494 1726 2572 1792 ὡς
2597 1729 2684 1794 την
2717 1724 2868 1778 ἐτῶν
2891 1739 2906 1754 ·
2942 1724 3042 1778 καὶ
3080 1727 3132 1777 ol
3158 1722 3451 1793 ὀφθαλμοὶ
3483 1725 3679 1779 αὐτοῦ
3707 1725 3920 1778 ἐπανο-

614 1826 694 1870 set
737 1834 921 1872 arcam
983 1817 1097 1880 Dei,
1157 1819 1344 1872 cecidit
1399 1819 1464 1873 de
1511 1819 1647 1874 sella
1697 1829 1989 1874 retrorsum
2031 1817 2194 1888 juxta

2297 1820 2586 1889 ἐστησαν,
2618 1822 2718 1877 καὶ
2759 1823 2869 1876 οὐκ
2910 1822 3146 1876 ἕϐλεπε.
3195 1819 3305 1874 Kal
3345 1823 3379 1874 ὀ
3415 1820 3574 1889 ἀνὴρ
3622 1825 3918 1889 προσελ-

615 1912 831 1976 ostium,
857 1924 906 1968 et
931 1914 1215 1966 contritum
1244 1921 1322 1968 est
1353 1912 1572 1968 dorsum
1597 1914 1734 1982 ejus,
1758 1923 1807 1968 et
1835 1923 2074 1968 mortuus
2097 1922 2196 1980 est,

613 2007 740 2075 quia
785 2023 943 2060 senex
984 2006 1138 2061 homo
1167 2017 1283 2061 erat
1323 2016 1374 2061 et
1401 2008 1600 2078 gravis.
1635 2006 1822 2061 Nurus
1862 2017 2037 2061 autem
2083 2006 2198 2075 ejus

613 2113 751 2152 uxor
777 2097 996 2153 Phinces
1019 2115 1300 2170 pragnans
1325 2108 1438 2152 erat
1471 2100 1745 2169 vicinaque
1773 2100 1994 2166 partui:
2021 2109 2070 2153 et
2103 2116 2201 2152 au-

615 2187 730 2243 dito
763 2191 947 2244 nuntio
977 2191 1115 2258 quod
1147 2200 1302 2258 capta
1339 2199 1473 2244 esset
1519 2207 1647 2244 arca
1698 2189 1816 2255 Dei,
1862 2199 1913 2245 et
1961 2200 2199 2244 mortuus

615 2292 752 2338 esset
781 2299 930 2337 socer
959 2299 1108 2348 suus,
1153 2292 1202 2336 et
1242 2283 1320 2336 vir
1351 2299 1502 2344 suus,
1535 2283 1678 2352 flevit
1715 2291 1765 2337 et
1807 2283 2026 2351 peperit,
2075 2283 2201 2352 quia

616 2377 886 2430 irruerent
915 2376 1125 2430 dolores
1156 2378 1209 2430 in
1237 2393 1374 2442 eam,
1411 2386 1458 2429 et
1490 2377 1546 2431 in
1578 2385 1806 2445 tempore
1835 2395 1931 2432 suo
1958 2378 2032 2448 (Ι)
2059 2393 2202 2430 mor-

616 2478 831 2523 tuaest.
868 2467 933 2522 Et
973 2469 1224 2522 dixerunt
1259 2469 1505 2523 mulieres
1553 2485 1671 2539 qua:
1716 2469 1964 2523 astabant
2007 2471 2076 2532 ei,
2123 2467 2201 2524 Ne

616 2561 836 2626 timeas,
884 2560 1009 2630 quia
1053 2561 1228 2630 [ilium
1272 2559 1520 2629 peperisti
1557 2577 1576 2613 :
1612 2576 1729 2630 qua!
1767 2578 1868 2614 non
1907 2560 2196 2630 respondit,

617 2668 777 2722 neque
805 2651 1201 2706 animadvertit.
1237 2650 1433 2707 Postea
1475 2651 1800 2722 subjungit:
1835 2649 1905 2705 Et
1944 2651 2201 2722 allopltyli

615 2755 925 2816 acceperunt
959 2762 1140 2800 arcam
1171 2744 1289 2808 Dei,
1318 2741 1366 2799 et
1398 2754 1801 2815 exportaverant
1834 2761 1950 2799 eam
1981 2746 2035 2799 in
2066 2747 2201 2798 Azo-

617 2844 751 2889 tum.
789 2834 855 2889 Et
888 2844 1200 2904 acceperunt
1233 2835 1498 2905 allopligli
1526 2851 1708 2888 arcam
1748 2833 1987 2899 Domini,
2033 2845 2081 2889 et
2111 2839 2198 2890 in-

619 2929 849 2983 tulerunt
877 2946 994 2984 eam
1024 2930 1078 2982 in
1114 2929 1328 2982 domum
1363 2927 1551 2998 Dagon
1573 2927 1639 2981 ⁸⁸.
1676 2925 1802 2982 Haec
1826 2941 1992 2997 porro
2015 2927 2198 2982 omnia

617 3019 707 3074 hic
734 3018 1058 3089 compendio
1096 3027 1470 3074 memorantur
1504 3037 1517 3073 :
1549 3033 1675 3072 nam
1711 3017 2099 3087 subjungitur:
2130 3049 2200 3058 —

616 3109 783 3167 Vens.
801 3111 890 3166 65.
914 3111 978 3164 Et
992 3112 1253 3165 excitatus
1271 3121 1348 3166 est
1370 3120 1619 3182 tanquam
1635 3111 1902 3166 dormiens
1919 3111 2193 3174 Dominus,

2297 1913 2419 1970 θὼν
2457 1907 2658 1968 εἶπεν·
2704 1911 2844 1982 Ἐγώ
2877 1915 2994 1982 ειμι
3041 1917 3075 1968 ό
3127 1913 3292 1980 ἤχων
3326 1913 3394 1966 ἐκ
3435 1911 3543 1980 τῆς
3583 1915 3912 1983 παρεμϐο-

2296 2005 2434 2074 λῆς,
2475 2006 2573 2059 καὶ
2601 2005 2715 2074 ἐγὼ
2745 2005 2813 2058 ἐκ
2845 2004 2945 2072 τῆς
2977 2005 3360 2074 παρατάξεως
3397 2007 3674 2074 πέφευγα
3695 2007 3911 2075 σήμε-

2289 2114 2422 2165 ρον.
2451 2096 2560 2150 Kal
2589 2093 2717 2150 εἷπε
2742 2111 2772 2151 ο.
2795 2097 2854 2149 Τί
2871 2097 3002 2149 ἐστι
3033 2095 3101 2149 τὸ
3136 2096 3383 2166 γεγονὸς
3398 2094 3584 2165 ῥῆμα,
3618 2097 3869 2150 τέκνον
3891 2113 3914 2159 ;

2297 2192 2408 2247 Καὶ
2441 2193 2729 2260 ἀπεκρίθη
2762 2189 2826 2245 τὸ
2852 2189 3186 2258 παιδάριον,
3237 2190 3334 2244 καὶ
3365 2187 3528 2243 εἷπε·
3569 2190 3910 2259 Πέφευτεν

2296 2283 2454 2352 ἀνὴρ
2516 2283 2759 2352 Ἰσραὴλ
2813 2283 2881 2337 ἐκ
2938 2282 3261 2350 προσώπου
3305 2284 3684 2352 ἀλλοφύλων
3709 2324 3726 2347 ,
3793 2285 3904 2335 καὶ

2298 2375 2501 2446 πληγὴ
2530 2375 2763 2445 μεγάλη
2796 2375 3041 2445 γέγονεν
3060 2375 3130 2427 ἐν
3150 2374 3230 2440 τῷ
3255 2373 3402 2440 λαῷ,
3432 2374 3530 2428 καὶ
3553 2375 3902 2445 ἀμφότεροι

2297 2469 2352 2522 ol
2379 2468 2495 2521 υἱοί
2523 2484 2640 2521 σου
2669 2466 3014 2532 τεθνήκασι,
3062 2466 3162 2521 καὶ
3209 2468 3249 2535 ἠ
3283 2467 3526 2532 κιϐωτὸς
3565 2468 3678 2522 τοῦ
3737 2468 3903 2522 Θεοῦ

2296 2560 2550 2628 ἐλήφθη.
2591 2559 2702 2613 Kal
2751 2559 3009 2628 ἐγένετο,
3035 2559 3116 2625 ὡς
3159 2557 3431 2628 ἐμνήσθη
3473 2558 3584 2627 τῆς
3622 2561 3900 2615 κιϐωτοῦ

2297 2652 2404 2707 τοῦ
2435 2651 2603 2715 Θεοῦ,
2643 2650 2742 2705 καὶ
2785 2651 3009 2706 ἔπεσεν
3034 2651 3153 2706 ἀπὸ
3195 2651 3302 2706 τοῦ
3336 2651 3550 2720 δίφρου
3587 2653 3901 2720 ὀπισθίοις

2295 2741 2581 2812 ἐχόμενος
2605 2741 2714 2810 τῆς
2746 2742 2964 2810 πύλης,
3009 2741 3107 2796 καὶ
3135 2742 3454 2811 συνετρίϐη
3493 2746 3526 2797 ὀ
3557 2741 3757 2810 νῶτος
3777 2744 3898 2799 σὺν

2298 2830 2425 2897 τοῦ,
2472 2831 2570 2884 καὶ
2611 2829 2938 2886 ἀπέθανεν⁹
2971 2831 3061 2884 ὅτι
3107 2833 3449 2900 πρεσϐύτης
3495 2835 3528 2886 ὀ
3561 2833 3892 2902 ἄνθρωπος

2296 2921 2394 2975 καὶ
2421 2923 2636 2990 βαρύς.
2667 2921 2779 2976 Kal
2815 2922 3018 2992 νύμφη
3051 2923 3236 2977 αὐτοῦ
3276 2923 3430 2992 γυνὴ
3480 2925 3687 2991 Φινεὲς
3727 2943 3887 2982 συν-

2297 3015 2580 3084 ειληφυῖα
2621 3014 2727 3068 τοῦ
2769 3016 2964 3069 τεκεῖν
2989 3033 3001 3046 ·
3048 3015 3144 3069 καὶ
3185 3015 3417 3086 ἤκουσε
3465 3016 3582 3086 τὴν
3611 3019 3888 3090 ἀπαγγε-

2297 3109 2460 3172 λίαν,
2507 3107 2596 3163 ὅτι
2639 3108 2877 3178 ἐλήφθη
2904 3111 2944 3178 ἠ
2987 3110 3229 3176 κιϐωτὸς
3267 3110 3373 3166 τοῦ
3421 3111 3601 3178 Θεοῦ,
3639 3115 3746 3167 καὶ
3791 3116 3886 3169 ὅτι

617 3214 870 3276 tanquam
903 3213 1084 3274 potens
1100 3203 1474 3272 etcrapulatus
1506 3221 1539 3258 α
1567 3206 1704 3261 vino.
1737 3203 2033 3273 Postquam
2065 3221 2192 3260 arca

2298 3199 2586 3268 τέθνηκεν
2629 3202 2662 3252 ό
2710 3199 2995 3268 πενθερός
3025 3198 3217 3268 αὐτῆς
3257 3200 3354 3254 καὶ
3388 3205 3422 3257 ὁ
3464 3201 3620 3271 ἀνὴρ
3661 3204 3884 3273 αὐτῆς.

615 3305 778 3368 capta
819 3295 922 3351 fuit
973 3298 1042 3351 ab
1082 3295 1390 3366 allopllylis,
1427 3307 1480 3350 et
1517 3305 1808 3366 postquam
1851 3312 2016 3367 supra
2048 3297 2193 3352 dicta

615 3395 807 3443 contra
838 3387 1098 3458 pupulum
1138 3395 1291 3459 gesta
1337 3394 1487 3452 sunt,
1531 3403 1686 3442 suam
1722 3387 1865 3442 Deus
1905 3389 2195 3458 providen-

617 3480 748 3534 tiam
793 3488 1275 3546 commonstrans,
1323 3481 1584 3536 invisibili
1637 3481 1840 3537 virtute
1894 3482 2195 3552 allophylos

617 3573 847 3630 incessit
881 3579 934 3628 et
968 3573 1272 3627 ulciscitur.
1323 3573 1506 3639 Quare
1539 3571 1744 3626 dictum
1785 3580 1869 3628 est
1899 3590 1913 3626 :
1957 3571 2022 3624 Et
2057 3573 2197 3626 exci-

617 3676 759 3721 tatus
789 3676 864 3720 est
910 3675 1159 3737 tanquam
1199 3665 1466 3720 dormiens
1495 3663 1776 3726 Dominus,
1816 3673 2066 3733 tanquam
2095 3679 2194 3734 po-

617 3769 728 3814 tens
755 3771 804 3813 et
839 3759 1146 3828 crapulatus
1190 3775 1222 3811 a
1271 3758 1420 3818 vino;
1459 3756 1758 3812 secundum
1809 3753 2193 3826 Symmachum

615 3866 767 3917 vero,
805 3851 1080 3922 Tanquam
1125 3860 1306 3920 potens
1359 3850 1574 3918 loquens
1607 3863 1673 3903 ex
1711 3848 1861 3911 vino;
1895 3845 2196 3902 secundum

619 3944 891 4014 Aquilam,
947 3943 1223 4015 Tanquam
1273 3952 1454 4011 potens
1484 3940 1789 4010 crapulatus
1813 3955 1879 3994 ea:
1906 3940 2046 3993 vino.
2091 3939 2194 3994 De-

619 4033 745 4088 inde
779 4033 1020 4102 seipsum
1055 4032 1325 4096 excitans,
1364 4031 1618 4087 inimicos
1652 4045 1784 4085 suos
1813 4029 2072 4100 percutit,
2114 4027 2196 4082 vi-

617 4125 812 4180 delicet
847 4125 938 4194 qui
972 4140 1154 4179 arcam
1197 4123 1509 4180 testamenti
1545 4129 1804 4193 ceperant
1853 4119 2041 4190 (Vens.
2079 4119 2192 4188 66),

617 4227 670 4272 et
697 4217 931 4286 percutit
953 4231 1048 4272 eos
1071 4216 1124 4270 in
1157 4217 1478 4286 posteriora,
1504 4215 1707 4284 datque
1735 4214 1816 4269 eis
1844 4212 2196 4284 opprobrium

617 4308 1031 4378 sempiternum.
1081 4305 1366 4372 Quomodo
1399 4305 1732 4376 percusserit
1770 4320 1866 4361 eos
1909 4305 1963 4359 in
2007 4311 2194 4375 poste-

620 4401 768 4454 riora
807 4398 1035 4453 historia
1067 4397 1329 4460 declarat,
1365 4413 1487 4468 quae
1521 4397 1602 4453 sic
1649 4397 1811 4451 habet
1841 4396 1894 4450 in
1927 4397 2104 4465 primo
2135 4394 2197 4448 li-

618 4491 719 4548 bro
769 4490 1080 4561 Regnorum
1104 4490 1148 4520 ¹⁸²
1179 4508 1192 4543 :
1231 4489 1300 4542 Et
1331 4499 1619 4560 aggravata
1649 4496 1726 4543 est
1759 4504 1945 4542 manus
1979 4486 2194 4540 Domini
2226 4527 2271 4585 υ

619 4601 776 4653 super
803 4587 1040 4648 Azolios,
1079 4596 1127 4639 et
1163 4585 1350 4656 aﬁlixit
1376 4601 1486 4648 eos,
1516 4593 1564 4640 et
1601 4584 1859 4654 percussit
1893 4598 1980 4636 eos
2015 4582 2069 4634 in
2100 4597 2196 4650 po-

616 4678 821 4732 dicibus
845 4694 1048 4743 eorum,
1080 4677 1306 4734 Azotum
1335 4685 1384 4732 et
1411 4677 1540 4747 ﬁnes
1571 4676 1716 4746 ejus;
1742 4684 1797 4731 et
1825 4689 2044 4731 rursum
2077 4693 2090 4728 :
2123 4673 2192 4728 Et

618 4771 882 4826 translata
931 4779 1031 4834 est,
1082 4771 1282 4841 inquit,
1333 4786 1460 4824 arca
1511 4768 1726 4823 Domini
1756 4783 1812 4822 tn
1843 4766 2106 4831 Gettham,
2141 4775 2191 4820 et

617 4863 818 4932 factum
843 4872 921 4920 est
955 4871 1232 4934 postquam
1275 4861 1544 4917 translata
1587 4869 1686 4924 est,
1720 4859 1864 4930 facta
1894 4868 1970 4912 est
1999 4875 2190 4912 manus

617 4957 836 5012 Domini
871 4958 925 5012 in
954 4956 1100 5022 urbe,
1131 4957 1442 5027 fortitudine
1467 4973 1658 5026 magna
1680 4953 1852 5010 valde.
1885 4951 1953 5006 Et
1977 4967 2192 5022 percus-

619 5055 686 5108 sit
719 5053 856 5107 viros
886 5051 1033 5107 urbis
1065 5069 1098 5107 a
1125 5067 1284 5122 parvo
1311 5067 1473 5122 usque
1501 5049 1570 5104 ad
1601 5065 1871 5120 magnum,
1900 5057 1950 5102 et
1977 5063 2192 5118 percus-

619 5150 688 5202 sit
715 5164 803 5204 eos
833 5148 889 5202 in
915 5146 1188 5217 podicibus
1217 5162 1420 5202 eorum.
1454 5143 1524 5200 Et
1553 5143 1767 5198 mittunt
1799 5159 1979 5197 arcam
2009 5141 2107 5196 Dei
2136 5142 2192 5196 in

618 5239 933 5295 Ascalonem
975 5254 994 5293 .'
1034 5249 1084 5294 et
1127 5240 1488 5294 clamauerunt
1537 5236 1863 5292 Ascalonita
1913 5233 2142 5288 dicentes
2173 5247 2192 5285 :

621 5332 764 5399 Quid
815 5331 1082 5386 avertistis
1125 5344 1306 5383 arcam
1351 5327 1450 5381 Dei
1498 5326 1564 5381 ad
1607 5323 2022 5394 interﬁciendum
2053 5325 2190 5378 nos?

621 5423 762 5480 Hinc
801 5421 1082 5493 subjungit
1112 5440 1125 5475 :
1164 5419 1304 5486 Quia
1334 5418 1478 5487 facta
1525 5426 1603 5472 est
1644 5417 1885 5487 confusio
1922 5416 2106 5471 mortis
2135 5415 2191 5470 in

692 5580 733 5610 ιι
763 5576 781 5630 l
810 5577 943 5650 Reg.
974 5594 1024 5642 ν,
1065 5565 1187 5642 «,2.
1265 5573 1310 5606 ι’
1343 5571 1500 5639 ibid.,
1531 5571 1583 5627 6.

699 5758 777 5832 ρ)
815 5755 876 5812 Id
907 5763 991 5812 est
1023 5755 1109 5812 sui
1135 5760 1344 5823 partus.

2297 3292 2396 3346 καὶ
2446 3291 2712 3346 ἕκλαυσε
2765 3291 2863 3346 καὶ
2906 3291 3130 3356 ἔτεκεν,
3173 3293 3262 3346 ὅτι
3307 3293 3785 3364 ἐπεστράφησαν
3821 3301 3888 3351 αι

2295 3381 2503 3446 ὠδῖνες
2531 3379 2718 3448 αὐτῆς
2747 3382 2840 3435 ἐπ’
2867 3381 3090 3449 αὐτήν·
3125 3383 3224 3437 καὶ
3261 3385 3332 3438 ἐν
3360 3381 3438 3450 τῷ
3477 3385 3659 3454 καιρῷ
3683 3387 3885 3457 αὐτῆς

2295 3473 2684 3540 ἀποθνήσκει.
2709 3474 2819 3528 Καὶ
2847 3471 3025 3529 εἶπαν
3052 3475 3208 3544 αὐτῇ
3237 3479 3294 3530 αἱ
3321 3475 3602 3544 γυναῖκες
3622 3481 3683 3532 al
3725 3495 3884 3548 παρ-

2295 3564 2606 3633 εστηκυῖαι
2649 3563 2836 3634 αὐτῇ·
2876 3564 2974 3635 Μὴ
3015 3565 3224 3634 φοϐοῦ,
3273 3565 3362 3620 ὅτι
3412 3565 3546 3620 υἱὸν
3593 3566 3880 3635 τέτοκας·

2295 3655 2394 3709 καὶ
2439 3658 2551 3710 οὐκ
2600 3657 2922 3725 ἀπεκρίθη,
2969 3657 3069 3710 καὶ
3114 3659 3226 3712 οὐκ
3268 3658 3529 3726 ἐνόησεν
3572 3659 3611 3726 ἠ
3661 3659 3884 3727 καρδία

2296 3751 2504 3819 αὐτῆς.
2539 3752 2647 3804 Καὶ
2680 3751 2805 3822 ἑξῆς
2837 3751 3146 3820 ὲπιλέγεται
3175 3751 3385 3816 τούτοις
3405 3768 3419 3782 '
3451 3751 3564 3806 Kal
3609 3753 3882 3824 ἀλλόφυ-

2295 3848 2393 3899 λοι
2432 3845 2652 3900 ἕλαϐον
2689 3843 2802 3912 τὴν
2847 3845 3093 3899 κιϐωτὸν
3123 3844 3231 3898 τοῦ
3279 3845 3446 3910 Θεοῦ,
3471 3845 3571 3899 καὶ
3602 3845 3880 3917 εἰσήνεγ-

2297 3955 2415 3996 καν
2463 3938 2658 4005 αὐτὴν
2697 3941 2785 4004 εἰς
2814 3937 3077 3998 Ἄζωτον.
3118 3936 3230 3991 Kal
3259 3937 3479 3991 ἔλαϐον
3516 3941 3570 3992 οι
3601 3939 3878 4008 ἀλλόφυ-

2296 4033 2394 4084 λοι
2429 4029 2544 4097 τὴν
2589 4029 2835 4083 κιϐωτὸν
2867 4029 3109 4096 Κυρίου,
3150 4028 3248 4082 καὶ
3285 4027 3647 4099 εἰσήνεγκαν
3677 4029 3878 4098 αὐτὴν

2295 4125 2382 4190 εις
2425 4119 2595 4177 οἷκον
2634 4121 2854 4193 Δαγὼν.
2899 4121 3114 4175 Τούτων
3161 4123 3224 4192 δὴ
3275 4123 3492 4176 πάντων
3524 4123 3875 4195 ἐπιτέμνεται

2295 4216 2396 4287 τὴν
2428 4217 2644 4287 μνήμην
2670 4218 2698 4270 ὁ
2732 4213 2923 4286 παρὼν
2945 4213 3120 4283 λόγος,
3153 4214 3246 4267 καὶ
3285 4213 3559 4282 ἐπιλέγει·
3593 4215 3702 4269 Kal
3742 4215 3876 4282 ἐξη-

2295 4308 2474 4378 γέρθη
2518 4309 2598 4375 ὠς
2638 4311 2671 4362 ὁ
2710 4306 2920 4361 ὑπνῶν
2959 4309 3194 4376 Κύριος,
3233 4307 3314 4373 ὡς
3345 4307 3604 4376 δυνατός
3637 4307 3734 4362 καὶ
3785 4325 3875 4362 κε-

2296 4399 2718 4469 κραιπαληκὼς
2743 4399 2812 4464 ἐξ
2845 4400 3030 4453 οἴνου.
3065 4400 3216 4453 Μετὰ
3261 4399 3320 4452 τὸ
3352 4399 3620 4470 ληφθῆναι
3657 4402 3759 4470 τὴν
3787 4419 3876 4454 κι-

2296 4491 2468 4546 ϐωτὸν
2501 4491 2605 4545 ὑπὸ
2645 4491 2754 4544 τῶν
2786 4491 3116 4560 ἀλλοφύλων,
3147 4492 3242 4544 καὶ
3277 4491 3412 4562 μετὰ
3457 4492 3517 4544 τὸ
3561 4492 3874 4562 πραῄῆναι

2299 4583 2370 4638 τὰ
2400 4585 2808 4658 προλελεγμένα
2836 4585 2976 4638 κατὰ
3002 4585 3094 4636 τοῦ
3123 4583 3274 4647 λαοῦ,
3302 4582 3399 4651 τὴν
3429 4583 3734 4654 ἐπισκοπὴν
3775 4584 3876 4636 αὖ-

2298 4679 2392 4734 τοῢ
2439 4679 2652 4744 δεικνὺς
2700 4680 2728 4732 ὁ
2780 4677 2946 4741 Θεὸς,
2999 4677 3316 4747 μετέρχεται
3365 4679 3489 4738 τοὺς
3543 4675 3876 4745 ἀλλοφύλους

2297 4771 2514 4842 ἀοράτῳ
2544 4771 2768 4842 δυνάμει
2798 4769 3038 4834 κολάζων
3069 4768 3283 4832 αὐτούς.
3320 4768 3409 4822 Διὸ
3445 4755 3728 4822 λέλεκται)
3763 4769 3875 4822 Kal

2297 4862 2584 4934 ἐξηγέρθη
2610 4863 2690 4928 ὡς
2715 4865 2747 4915 ὀ
2772 4859 2980 4915 ὑπνῶν
3005 4861 3237 4928 Κύριος,
3258 4861 3338 4925 ὡς
3361 4859 3618 4925 δυνατὸς
3644 4875 3877 4927 κεκραι-

2298 4951 2582 5020 παληκὼς
2631 4951 2704 5016 ἐξ
2746 4950 2949 5004 οἴνου·
2986 4949 3127 5004 κατὰ
3171 4949 3229 5002 δὲ
3274 4948 3364 5004 τὸν
3413 4949 3728 5020 Σύμμαχον,
3778 4950 3876 5014 Ὠς

2296 5045 2554 5112 δυνατὸς
2574 5042 2876 5100 διαλαλῶν
2905 5043 2974 5106 ἐξ
2997 5043 3197 5098 οἴνουσ
3226 5041 3368 5097 κατὰ
3397 5043 3452 5096 δὲ
3487 5043 3576 5097 τὸν
3619 5043 3870 5106 Ἀκύλαν,

2307 5140 2402 5205 Ὠς
2439 5138 2695 5203 δυνατὸς
2738 5134 3230 5206 κεκραιπαληκὼς
3273 5136 3343 5202 ἐξ
3375 5136 3564 5191 οινου.
3595 5133 3726 5190 Εἶτα
3763 5135 3876 5188 διε-

2297 5232 2489 5304 γείρας
2531 5230 2691 5294 αὐτὸς
2724 5230 2936 5291 ἑαυτὸν,
2971 5231 3238 5284 πατάσσει
3267 5231 3394 5293 τοὺς
3426 5229 3652 5302 ἐχθροὺς
3681 5227 3868 5292 αὑτοῦ,

2295 5322 2494 5395 δηλαδὴ
2529 5321 2650 5384 τοὺς
2695 5320 2792 5391 τὴν
2841 5319 3070 5374 κιβωτὸν
3109 5321 3210 5390 τῆς
3252 5320 3526 5392 Διαθήκης
3567 5317 3872 5372 ἀπολαϐόν-

2295 5429 2424 5477 τας’
2479 5411 2573 5466 καὶ
2607 5413 2870 5467 πατάσσει
2919 5411 3115 5476 αὐτοὺς
3143 5412 3223 5474 εἰς
3257 5411 3326 5465 τὰ
3353 5411 3547 5476 ὀπίσω,
3589 5407 3772 5466 δίδωσί
3807 5423 3871 5461 τε
