2039 3467
171 143 224 172 957

733 142 986 171 COMMENTARIA
1005 141 1039 170 IN
1058 141 1229 170 PSALMOS.

1744 142 1800 171 958

169 201 260 233 αὐτοῖς
275 200 375 233 ὃνειδος
389 200 508 228 αἰώνιον.
525 201 588 233 Πῶς
601 201 630 228 δὲ
649 201 689 233 είς
703 202 738 229 τὰ
750 202 838 229 ὀπίσω
859 202 954 229 ἐπάτα-

1008 206 1064 228 tatu
1075 203 1139 228 urbe
1148 201 1238 237 gravis
1257 200 1344 234 valde,
1364 206 1392 228 ut
1409 201 1518 228 intravit
1530 208 1593 227 arca
1612 199 1661 227 Dei
1677 199 1758 227 illuc:
1773 205 1800 228 et

170 246 215 280 ξεν
230 246 338 279 αὐτοὺς,
355 246 476 273 διδάσκει
498 247 516 282 ἠ
535 246 640 282 ἱστορία
661 245 755 273 τοῦτον
772 247 801 273 ὲν
814 248 848 282 τῇ
863 246 960 282 πρώτῃ

169 292 224 320 τῶν
245 292 393 319 Βασιλειῶν
417 292 515 328 ἔχουσα
536 291 583 319 τὸν
606 292 722 328 τρόπον·
743 292 797 319 Kal
813 292 960 326 ἐϐαρύνθη

169 338 234 374 χεὶρ
249 339 359 372 Κυρίου
371 338 421 365 ἐπι
441 338 513 371 τοὺς
532 337 691 371 Ἀζωτίους.
706 338 755 364 καὶ
777 337 961 365 ἐϐασάνισεν

169 384 289 417 αὐτοὺς,
309 384 358 410 καὶ
379 383 529 415 ἐπάταξεν
543 383 654 416 αὐτοὺς
669 384 713 416 εις
729 383 782 416 τὰς
797 383 886 417 ἕδρας
904 384 959 410 αὑ-

168 429 237 461 τῶν,
254 428 313 463 τὴν
326 428 449 459 Ἄζωτον
463 429 513 456 καὶ
529 429 566 456 τὰ
582 429 648 463 ὅρια
669 428 764 463 αὐτῆς
774 437 781 444 ·
800 428 848 456 καὶ
863 427 940 460 αὖθις
950 436 958 444 ·

167 474 224 503 Kal
244 473 384 509 μετῆλθε,
406 474 499 509 φησὶν,
518 474 537 508 ἢ
559 474 683 507 κιϐωτὸς
704 474 757 501 τοῦ
778 474 890 508 Κυρίου
915 475 959 507 εἰς

167 520 273 549 mood.
290 520 347 548 Kal
361 520 479 555 ἐγένετο
486 520 561 555 μετὰ
576 520 609 547 τὸ
621 520 777 556 μετελθεῖν
789 520 897 555 αὐτὴν.
909 520 959 547 καὶ

166 567 279 601 γίνεται
304 566 369 601 χείρ
392 566 502 600 Κυρίου
525 566 560 593 ἐν
583 566 622 600 τῇ
643 567 730 594 πόλει
756 566 863 600 κράτος
882 566 959 601 μέγα

166 612 295 647 σφόδρα.
319 611 374 639 Kal
393 611 523 643 ἐπάταξε
543 612 615 645 τοὺς
634 612 747 646 ἄνδρας
765 612 822 647 τῆς
842 613 959 646 πόλεως

165 657 226 684 ἀπὸ
245 656 353 692 μικροῦ
366 656 422 690 ἕως
440 656 584 692 μεγάλου.
610 656 659 683 και
676 656 826 689 ἐπάταξεν
846 657 959 691 αὐτοὺς

164 704 209 736 εὶς
228 703 282 736 τὰς
305 703 394 737 ἔδρας
415 703 524 730 αὐτῶν.
541 703 595 730 Kal
615 703 878 735 éEan'oa'tsJJovm
901 703 959 737 τὴν

165 748 291 776 κιϐωτὸν
311 749 365 776 τοῦ
385 749 460 776 Θεοῦ
476 750 520 782 εὶς
543 749 730 776 Ἀσκάλωνα·
755 749 805 776 καὶ
825 749 958 783 ἐϐόησαν

165 797 192 822 οι
213 795 423 822 Ἀσκαλωνῖται
445 795 603 830 λέγοντες”
623 795 654 822 Τί
670 795 879 829 ἀπεστρέψατε
900 795 958 829 τὴν

165 841 289 868 κιϐωτὸν
306 841 361 869 τοῦ
376 841 450 869 Θεοῦ
472 842 641 870 θανατῶσαι
655 840 750 876 ἡμᾶς;
766 842 820 869 Καὶ
836 842 956 876 ἐπιλέγει

1010 245 1122 272 viventes
1147 250 1172 272 et
1191 245 1290 272 mortui
1311 244 1430 279 percussi
1453 249 1529 271 erant
1550 245 1576 271 in
1599 243 1752 279 podicibus;
1773 249 1800 271 et

1010 292 1128 319 ascendit
1154 292 1257 319 clamor
1276 291 1350 318 urbis
1373 292 1400 318 in
1421 291 1525 318 caelum.
1548 290 1611 318 Ideo
1629 291 1657 318 in
1673 291 1800 326 praesenti

1009 337 1116 372 psalmo
1138 337 1241 364 dictum
1265 340 1330 364 est:
1347 335 1380 363 Et
1399 336 1528 370 percussit
1549 336 1670 363 inimicos
1693 344 1756 363 suos
1773 336 1802 363 in

1009 383 1167 416 posteriora,
1192 383 1360 417 opprobrium
1384 382 1571 416 smpiternam
1595 381 1667 408 dedit
1680 382 1728 410 eis.
1743 381 1800 417 0p—

1010 428 1150 464 probrium
1167 429 1268 464 quippe
1286 432 1346 456 erat
1368 429 1395 456 in
1413 428 1558 463 podicibus
1576 435 1725 463 percussos
1738 428 1800 455 illos

1009 474 1106 506 fuisse,
1131 478 1227 510 utpote
1249 474 1295 510 qui
1314 474 1349 501 iis
1368 474 1395 501 in
1414 474 1539 509 partibus
1556 474 1652 501 lascivi
1670 474 1798 501 fuissent.

1010 520 1137 549 Inimicos
1153 522 1265 557 quidem
1280 529 1345 549 suos
1369 521 1411 549 sic
1430 521 1505 549 ultus
1518 525 1578 554 est;
1596 521 1722 556 proprios
1734 528 1800 548 vero

1009 568 1062 596 sibi
1080 568 1135 595 alio
1160 569 1243 596 modo
1260 568 1416 603 castigavit.
1441 567 1534 601 Quare
1557 568 1662 595 dictum
1688 572 1801 596 est:—

1011 613 1092 642 νεεδ.
1105 614 1152 641 67.
1169 614 1203 641 Et
1216 614 1311 648 repulit
1328 613 1526 641 tabernaculum
1537 609 1644 648 Joseph.
1656 613 1800 646 Quodnam

1010 660 1076 687 illud
1092 660 1144 688 nisi
1161 660 1267 695 δίιοηιῖ
1286 660 1351 687 Erat
1365 660 1437 687 enim
1455 667 1487 687 ea
1505 667 1538 687 ex
1554 664 1630 687 sorte
1648 657 1777 695 Ephraim
1791 669 1798 687 :

1011 705 1141 741 Ephraim
1155 711 1245 734 autem
1264 707 1335 735 ﬁlius
1350 706 1449 741 Ioseph
1467 710 1534 733 erat.
1553 705 1617 733 Ideo
1634 706 1747 734 subdit:
1765 705 1800 732 Et

1009 752 1104 786 repulit
1118 752 1317 779 tabernaculum
1330 751 1438 786 Ioseph,
1453 756 1477 779 et
1494 751 1588 778 tribum
1606 751 1733 785 Epitraim
1748 759 1800 778 non

1008 798 1104 833 elegit;
1127 798 1234 825 etiamsi
1255 798 1373 833 primum
1395 805 1455 825 eam
1478 797 1614 832 elegisset,
1631 802 1658 825 et
1672 797 1791 824 taberna-

1008 844 1098 871 culum
1110 843 1211 878 Joseph
1225 844 1300 878 prius
1316 843 1454 871 affecisset
1466 844 1584 872 honore.
1597 844 1687 877 Quare
1713 843 1797 872 Silom

165 888 243 923 ὲξῆς’
264 889 324 915 Ὅτι
341 888 466 923 ἐγενήθη
484 888 636 923 σύγχυσις
651 888 780 916 θανάτου
797 889 832 915 ἐν
848 888 904 922 ὅλῃ
917 888 954 922 τῇ

1007 890 1034 917 in
1051 893 1200 917 extremam
1216 889 1391 916 solitudinem
1406 890 1517 917 redacta
1531 894 1584 917 est.
1598 889 1633 917 Iis
1641 898 1707 917 vero
1718 890 1800 918 docet

165 936 252 961 πόλει
261 934 368 968 βαρεῖα
381 934 508 969 σφόδρα,
520 934 561 967 ὡς
574 934 719 968 εἰσῆλθεν
734 934 754 968 ἠ
769 935 891 967 κιϐωτὸς
901 933 954 961 τοῦ

1007 935 1132 970 exemplo
1159 935 1233 963 illius
1258 934 1354 967 Silom,
1379 938 1409 962 ut
1431 943 1466 963 ne
1480 935 1565 963 altum
1585 936 1693 971 sapiant
1707 936 1753 971 qui
1769 937 1798 964 in

167 981 241 1008 Θεοῦ
265 980 341 1007 ἐκεῖ·
368 981 418 1008 καὶ
444 982 471 1007 ol
494 980 599 1014 ζῶντες
623 980 673 1008 καὶ
697 982 725 1008 ol
751 981 954 1014 ἀποθανόντες

1007 978 1158 1007 Jerusalem
1181 980 1315 1013 habitant,
1338 981 1411 1016 quod
1435 981 1641 1009 tabernaculum
1658 985 1686 1009 et
1705 989 1796 1009 arcam

164 1025 365 1060 ἑπλήχθησαν
380 1027 423 1059 εὶς
436 1028 488 1059 τὰς
499 1025 588 1060 ἔδρας
598 1035 605 1041 ·
626 1026 676 1053 καὶ
695 1027 787 1060 ἀνέϐη
804 1027 823 1061 ἡ
840 1026 954 1061 κραυγὴ

1007 1026 1164 1061 acceperint
1179 1035 1186 1052 :
1201 1026 1302 1061 quippe
1317 1026 1416 1053 similia
1432 1026 1529 1061 primis
1541 1027 1661 1062 passuri,
1674 1027 1725 1054 nisi
1742 1027 1798 1055 Deo

167 1069 224 1104 τῆς
232 1072 346 1104 πόλεως
353 1073 396 1105 είς
409 1071 462 1098 τὸν
475 1072 615 1106 οὐρανόν.
627 1073 676 1099 Διὰ
689 1072 721 1108 δὴ
733 1072 819 1100 ταῦτα
832 1072 954 1100 λέλεκται

1007 1071 1082 1107 digni
1096 1070 1260 1104 elﬁciantur,
1278 1071 1351 1107 quod
1371 1080 1438 1100 sane
1453 1073 1578 1107 sequenti
1593 1077 1715 1108 tempore
1731 1081 1799 1100 con—

165 1116 195 1142 ἐν
210 1116 249 1151 τῷ
265 1117 378 1153 παρόντι
393 1117 507 1153 ψαλμῷ·
525 1118 579 1145 Kal
600 1117 730 1150 ἐπάταξε
744 1118 816 1151 τοὺς
831 1118 958 1152 ἐχθροὺς
1009 1118 1080 1152 tigit.

164 1162 256 1189 αὑτοῦ
274 1164 319 1196 εις
336 1163 372 1190 τὰ
384 1164 496 1190 ὀπίσω·
512 1164 627 1197 ὄνειδος
656 1164 776 1191 αίὼνιον
806 1164 918 1191 ἔδωκεν
948 1163 1059 1197 αὐτοῖς.
1080 1164 1200 1195 Ὀνειδος
1225 1164 1278 1199 γὰρ
1296 1162 1330 1200 ἦν
1364 1164 1394 1190 τὸ
1418 1165 1447 1190 ἐν
1462 1173 1523 1196 ταις
1547 1167 1639 1201 εόραις
1660 1165 1798 1201 πληγῆναι

164 1210 272 1242 αὐτοὺς,
289 1211 328 1243 ὡς
359 1211 393 1239 ἂν
409 1212 650 1245 ἀκολασταίνοντας
672 1214 701 1239 ἐν
732 1212 846 1244 ἐκείνοις
863 1213 920 1244 τοῖς
939 1213 1045 1249 μέρεσι.
1080 1212 1149 1244 Τοὺς
1174 1213 1225 1247 μέν
1249 1212 1362 1248 ἐχθροὺς
1383 1212 1470 1244 οὕτως
1495 1214 1700 1249 ἐτιμωρήσατο·
1734 1215 1798 1246 τοὺς

163 1256 193 1284 δὲ
211 1258 326 1290 οἰκείους
360 1259 445 1295 ἑτέρῳ
463 1260 622 1295 μετήρχετο.
639 1259 685 1286 Διὸ
707 1260 814 1297 εἴρητο·
827 1259 883 1287 Kal
914 1259 1055 1287 ἀπώσατο
1079 1260 1113 1287 τὸ
1132 1259 1278 1294 σκήνωμα
1314 1259 1430 1293 Ἰωσήφ.
1454 1259 1533 1286 Ποῖον
1552 1259 1580 1286 δὲ
1601 1258 1680 1286 τοῦτο
1705 1259 1763 1287 ἀλλ’
1779 1260 1797 1296 ἢ

163 1304 214 1340 τὴν
226 1304 325 1341 Σηλώμ
336 1314 343 1338 ;
354 1303 408 1332 Ἦν
418 1306 473 1342 γὰρ
485 1306 554 1342 αὑτὴ
566 1307 616 1341 τῆς
629 1307 810 1342 κληρονομίας
834 1306 970 1343 Ἐφραῖμο
995 1307 1113 1344 Ἐφραῖμ
1129 1306 1157 1334 δὲ
1182 1306 1229 1333 τοῦ
1250 1306 1348 1341 Ἰωσὴφ
1381 1306 1438 1337 υίὸς
1453 1303 1498 1341 ἦν.
1515 1305 1561 1332 Διὸ
1584 1306 1722 1341 ἐπιλέγει·
1741 1305 1798 1332 Kal

163 1351 305 1383 ἀπώσατο
341 1353 375 1380 τὸ
394 1353 539 1389 σκήνωμα
561 1354 689 1389 Ἰωσὴφ,
714 1354 763 1381 καὶ
788 1354 846 1389 τὴν
867 1355 970 1390 φυλὴν
995 1355 1116 1389 Ἐφραῒμ
1141 1355 1197 1381 οὐκ
1242 1353 1422 1386 ἐξελέξατο·
1446 1353 1549 1389 καίπερ
1576 1352 1661 1388 αὐτὴν
1685 1353 1799 1388 πρώτην

165 1398 354 1433 ἐκλεξάμενος,
370 1400 416 1426 καὶ
437 1399 467 1426 τὸ
485 1401 614 1435 σκήνωμα
633 1400 733 1435 Ἰωσὴφ
748 1400 856 1436 πρῶτον
885 1402 1014 1436 τιμήσας.
1025 1400 1070 1427 Διδ
1087 1402 1135 1428 καὶ
1149 1401 1166 1436 ὴ
1180 1399 1280 1435 Σηλὼμ
1310 1400 1349 1431 εἰς
1368 1399 1487 1434 ἐσχάτην
1517 1399 1635 1434 ἐρημίαν
1665 1398 1795 1434 κατέστη.

165 1443 329 1471 Παιδεύειδὲ
340 1444 385 1471 διὰ
402 1445 503 1472 τούτων
517 1447 531 1472 ὁ
545 1446 623 1480 λόγος
654 1446 698 1473 διὰ
714 1446 760 1473 τοῦ
794 1447 1016 1483 παραδείγματος
1046 1447 1095 1483 τῆς
1117 1446 1216 1483 Σηλὼμ
1240 1447 1278 1482 μὴ
1314 1446 1385 1481 μέγα
1401 1446 1509 1481 φρονεῖν
1525 1445 1588 1477 τοὺς
1602 1446 1631 1471 ἐν
1645 1446 1678 1479 τῇ
1698 1444 1799 1480 Ἰερου-

165 1491 266 1526 σαλὴμ,
280 1491 329 1527 τὴν
341 1493 443 1528 σκηνὴν
458 1493 505 1520 καὶ
521 1493 571 1529 τὴν
589 1493 703 1520 κιϐωτὸν
734 1493 963 1530 ὀποδι-ξαμένους·
984 1494 1124 1522 πείσεσθαι
1147 1495 1202 1531 γὰρ
1225 1494 1260 1521 τὰ
1280 1494 1361 1529 ὃμοια
1381 1494 1437 1524 τοῖς
1458 1491 1587 1527 πρώτοις,
1610 1491 1634 1518 el
1658 1490 1695 1526 μὴ
1727 1490 1797 1522 ἄξιοι

165 1537 280 1571 γίνοιντο
304 1538 351 1565 τοῦ
377 1539 461 1565 θεοῦ·
478 1539 493 1566 ὃ
513 1539 545 1576 δὴ
569 1541 615 1567 καὶ
640 1540 731 1575 ἀπέϐη
752 1541 780 1566 ἐν
797 1541 852 1572 τοῖς
881 1541 951 1576 μετὰ
968 1541 1054 1568 ταῦτα
1070 1542 1185 1577 χρόνοις.

199 1598 253 1625 Kal
269 1598 428 1630 ἐξελέξατο
443 1599 500 1633 τὴν
514 1600 618 1634 φυλὴν
631 1600 735 1631 Ἰούδα,
748 1600 780 1626 τὸ
795 1600 862 1634 ὅρος
878 1600 954 1627 Σιὼν

1040 1600 1123 1629 Vens.
1147 1600 1192 1632 68,
1216 1600 1261 1628 69.
1292 1598 1325 1626 Et
1345 1597 1422 1634 elegit
1447 1597 1545 1624 tribum
1565 1595 1655 1628 Iuda,
1681 1600 1795 1622 montem

164 1643 181 1670 ὃ
193 1643 344 1678 ἠγάπησε.
361 1645 416 1671 Kal
434 1645 627 1680 ᾠκοδόμησεν
640 1648 680 1679 ὡς
691 1646 902 1681 μονοκερὼταηθ
920 1647 953 1673 τὸ

1006 1647 1082 1677 Sion.
1107 1655 1183 1679 quem
1205 1645 1308 1673 dilexit.
1333 1644 1367 1671 Et
1382 1643 1525 1678 u'tlificavit
1545 1642 1612 1670 sicut
1628 1642 1796 1668 unicornium

165 1688 297 1723 ἀγίασμα
315 1689 408 1717 αὑτοῦ
420 1690 454 1717 ἐν
467 1690 503 1725 τῇ
521 1691 570 1727 τῇ.
589 1691 787 1727 ὲθεμελίωσεν
799 1691 896 1725 αὐτὴν
910 1693 954 1725 εἰς

1006 1695 1180 1729 sancti/icium
1201 1702 1278 1721 suum
1298 1693 1325 1720 in
1342 1698 1424 1723 terra.
1446 1691 1567 1726 fundavit
1582 1699 1640 1718 eam
1659 1690 1687 1717 in
1708 1697 1796 1717 stt-ett-

163 1735 218 1762 τὺν
232 1734 335 1763 αἰῶνα.
352 1736 440 1772 Φυλὴν
460 1737 509 1772 μὲν
529 1736 615 1772 φυλῆς
632 1736 888 1772 ἁντικατηλλάξατοθ
904 1737 954 1773 τὴν

164 1781 250 1816 φυλὴν
259 1782 385 1818 Βενιαμὶν
397 1782 457 1809 ἀντὶ¹
469 1782 518 1817 τῆς
531 1782 616 1818 φυλῆς
633 1783 731 1818 Ἰωσήφ
740 1792 746 1798 ·
765 1783 812 1810 καὶ
826 1783 908 1809 τόπον
924 1784 953 1810 δὲ

162 1827 223 1854 ἀντὶ
234 1826 316 1854 τόπου
334 1828 434 1860 εἵλατο,
452 1828 501 1864 τῆς
511 1828 610 1864 Σηλὼμ
629 1828 678 1865 τὴν
695 1829 872 1864 Ἰερουσαλὴμ
886 1837 954 1865 προ-

162 1874 258 1909 κρίνας
270 1882 277 1890 ·
293 1874 360 1901 ἀλλὰ
374 1875 420 1901 καὶ
439 1874 500 1911 ὅρος
518 1875 577 1902 ἀντὶ
592 1875 672 1911 ὅρους
683 1876 821 1910 ἠγάπησε,
841 1875 871 1901 τὸ
884 1874 952 1901 Σιὼν

161 1919 261 1955 δηλαδὴ
282 1920 341 1947 ἀντὶ
367 1919 413 1947 τοῦ
429 1920 509 1957 ὅρους
532 1920 580 1948 τοῦ
604 1922 633 1947 ἐν
650 1920 759 1957 Σηλὼμ.
785 1919 853 1948 Εἶτά
870 1928 952 1955 φησι·

162 1965 216 1992 Kal
235 1965 428 2000 ᾠκοδόμησεν
451 1967 493 2000 ὼς
518 1966 729 2001 μονοκερώτων
756 1966 790 1993 τὸ
821 1966 954 2001 ἁγίασμα

161 2011 272 2038 αὑτοῦ·
292 2011 361 2038 κατὰ
384 2012 412 2038 δὲ
437 2012 482 2038 τὸν
511 2012 644 2044 ’Δκύλαν,
676 2012 730 2039 Kal
757 2011 954 2045 ᾠκοδόμησεν

162 2057 270 2091 ὁμοίως
280 2057 411 2092 ὑψηλοῖς
426 2058 558 2093 ἀγίασμα
571 2058 663 2085 αὐτοῦ
673 2066 679 2073 ·
696 2057 766 2085 κατὰ
782 2057 810 2084 δὲ
822 2057 867 2083 τὸν
878 2057 952 2092 Σύμ-

164 2111 260 2139 μαχον,
277 2103 331 2129 Kal
345 2102 539 2138 ᾠκοδόμησεν
552 2104 592 2136 ὼς
603 2103 639 2129 τὰ
654 2103 759 2137 ὑψηλὰ
774 2102 808 2129 τὸ
820 2102 953 2137 ἀγίασμα

162 2148 266 2176 αὑτοῦ.
290 2149 405 2184 Ὁμοίως
421 2147 467 2176 οὖν
484 2149 595 2185 ὑψηλοῖς
612 2149 659 2175 καὶ
678 2149 717 2181 ὡς
728 2148 763 2175 τὰ
779 2148 834 2184 ὕψη
850 2148 952 2184 ᾠκοδό-

163 2201 234 2228 μησε
246 2193 276 2220 τὸ
289 2194 411 2229 ἀγίασμα
427 2193 520 2221 αὑτοῦ.
540 2193 708 2229 ’Δναπέμπει
724 2194 746 2221 δ’
758 2195 831 2229 ἡμᾶς
846 2195 860 2220 ὁ
873 2193 952 2227 λόγος

162 2239 202 2271 sl;
218 2239 285 2275 βαθὺ
301 2240 347 2267 καὶ
364 2240 519 2276 ἀπόρρητον
538 2240 610 2273 νοῦν,
632 2239 777 2272 διδάσκων,
792 2240 829 2272 ὡς
853 2240 885 2267 τὸ
904 2239 951 2266 ἐπὶ

1004 1741 1070 1768 tum.
1083 1740 1196 1767 Tribum
1220 1747 1270 1775 pro
1288 1740 1360 1767 tribu
1377 1737 1565 1769 commutavit,
1578 1737 1680 1764 tribum
1695 1735 1795 1770 Benja-

1004 1788 1060 1814 min
1072 1795 1121 1823 pro
1133 1786 1205 1813 tribu
1215 1785 1315 1821 Joseph
1329 1794 1335 1812 :
1347 1788 1374 1812 et
1391 1784 1480 1811 locum
1494 1791 1542 1818 pro
1551 1783 1611 1810 loco
1619 1782 1718 1817 elegit;
1730 1781 1795 1808 Hic-

1004 1833 1170 1868 rosolymam
1194 1831 1252 1858 Silo
1276 1836 1462 1866 anteponens;
1486 1829 1540 1856 imo
1565 1828 1646 1856 etiam
1674 1832 1792 1854 montem

1004 1887 1054 1914 pro
1071 1882 1163 1906 monte
1175 1877 1281 1909 dilexit,
1298 1876 1364 1904 Sion
1380 1875 1516 1906 videlicet,
1531 1881 1581 1909 pro
1594 1877 1686 1900 monte
1703 1873 1749 1908 qui
1765 1873 1792 1900 in

1005 1921 1062 1948 Silo
1080 1924 1150 1948 erat.
1174 1919 1276 1947 Deinde
1304 1919 1362 1945 ait:
1377 1917 1410 1944 Et
1431 1916 1572 1951 a-di/imvit
1595 1916 1664 1942 sicut
1687 1915 1795 1941 unicar-

1005 1967 1078 1994 nium
1101 1966 1279 2000 sanctiﬁcium
1295 1971 1392 1995 suum;
1407 1961 1558 1990 secundum
1580 1960 1704 1995 Aquilam
1717 1967 1793 1991 vero,

1004 2013 1039 2040 Et
1054 2012 1194 2047 wdiﬁcavit
1215 2010 1302 2038 simile
1323 2009 1433 2037 excelsis
1450 2007 1627 2042 sancti/icium
1639 2013 1734 2038 suum;
1750 2013 1795 2033 se-

1003 2059 1124 2087 cundum
1149 2056 1344 2093 Symmachum
1370 2060 1472 2085 autem,
1494 2052 1528 2080 Et
1544 2052 1684 2084 a’dilicavit
1700 2056 1727 2077 ut
1744 2059 1792 2079 erc-

1004 2105 1074 2132 celsa
1089 2102 1265 2138 sancti/icium
1283 2109 1371 2128 suum.
1395 2099 1583 2126 Sanctiﬁcium
1599 2098 1691 2132 itaque
1709 2102 1790 2124 suum

1004 2150 1093 2178 simile
1113 2148 1240 2177 excelsis.
1258 2152 1306 2174 aut
1322 2149 1352 2173 ut
1367 2145 1475 2172 excelsa
1499 2143 1654 2170 :edilicavit.
1671 2141 1726 2168 Nos
1743 2149 1792 2167 an—

1003 2200 1057 2223 tem
1072 2195 1106 2222 ad
1123 2193 1289 2230 profundum
1305 2196 1332 2219 et
1352 2197 1482 2218 arcanum
1507 2196 1617 2217 sensum
1643 2195 1733 2215 sermo
1749 2194 1793 2213 re-

1003 2242 1099 2273 mittit,
1119 2241 1222 2268 docens
1236 2238 1419 2266 sanctilicium
1437 2235 1503 2262 illud
1521 2235 1548 2262 in
1563 2239 1645 2265 terra.
1664 2233 1691 2260 in
1709 2232 1791 2259 Jeru-

162 2285 214 2319 γῆς
235 2285 356 2321 ἁγίασμα
376 2285 407 2312 τὸ
422 2285 469 2312 ἐπὶ
490 2287 540 2320 τῆς
557 2285 734 2321 Ἰερουσαλὴμ
757 2287 805 2312 καὶ
830 2286 869 2321 τῷ
894 2286 951 2321 ὄρει

1006 2287 1089 2315 salem
1101 2290 1128 2313 et
1143 2286 1169 2312 in
1186 2289 1276 2311 monte
1290 2283 1355 2310 Sion
1371 2281 1564 2311 constitutum,
1583 2279 1790 2307 similitudinem

163 2330 232 2357 Σιὼν
245 2331 382 2358 καταστὰν
405 2332 536 2367 ὁμοίωσιν
559 2329 617 2367 εἶχε
630 2331 685 2358 τῶν
706 2332 735 2358 ἐν
756 2333 813 2363 τοῖς
831 2331 953 2367 ὑψηλοῖς,

164 2376 211 2402 καὶ
222 2377 376 2413 ᾠκοδόμητο
391 2377 429 2409 ὡς
445 2378 479 2405 τὰ
493 2378 548 2414 ὕψη
561 2379 621 2406 κατ’
636 2378 728 2405 εἰκόνα
742 2378 789 2404 καὶ
806 2378 868 2404 καθ’
879 2377 954 2412 ὁμοί-

163 2430 230 2447 ωσιν
245 2422 387 2457 γενόμενον
400 2422 454 2449 τῶν
468 2423 497 2450 ἐν
516 2423 642 2459 οὐρανοῖς
662 2422 785 2458 ὑψηλῶν·
800 2422 818 2449 ἃ
831 2423 864 2458 δὴ
880 2421 928 2449 καὶ
939 2422 953 2447 ὁ

170 2468 329 2500 ’Δπόστολος
339 2469 457 2504 παρίστη
470 2469 557 2504 λέγων
566 2478 573 2485 ·
590 2470 620 2497 Ἠ
630 2469 663 2496 δὲ
678 2469 740 2496 ἄνω
758 2467 952 2502 Ἰερουσαλὴμ

163 2513 304 2547 ἐλευθέρα
329 2514 431 2541 ἐστίν·
452 2515 508 2547 καὶ,
533 2515 782 2549 Προσεληλύθατε
803 2513 879 2541 Σιὼν
892 2514 952 2547 ὄρει

164 2559 212 2585 καὶ
230 2560 315 2586 πόλει
333 2561 409 2588 Θεοῦ
431 2560 539 2594 ζῶντος
563 2560 756 2595 Ἰερουσαλήμ
773 2559 949 2594 ἐπουρανίῳ.

164 2604 209 2630 Διὺ
231 2605 300 2631 κατὰ
323 2605 371 2631 τὸν·
393 2606 508 2632 ’Δκύλαν
531 2607 655 2642 εἴρηται,
679 2607 733 2634 Kal
756 2605 952 2640 ᾠκοδόμησεν

165 2650 271 2684 ὁμοίως
283 2651 414 2685 ὑψηλοῖς
428 2652 560 2686 ἀτίιισμα
576 2652 668 2679 αὑτοῦ
677 2660 684 2667 '
696 2652 766 2679 κατὰ
779 2652 807 2679 δὲ
822 2652 866 2678 τὸν
880 2651 953 2685 Σύμ-

167 2704 262 2731 μαχον,
276 2697 329 2723 Kal
342 2696 534 2731 ᾠκοδόμησεν
551 2698 591 2730 ὡς
606 2698 642 2725 τὰ
656 2698 760 2732 ὑψηλὰ
771 2698 802 2725 τὸ
819 2697 952 2733 ἁγίασμα

165 2740 274 2766 αὑτοῦ·
290 2740 361 2767 κατὰ
372 2741 400 2767 δὲ
418 2742 481 2773 τοὺς
497 2742 707 2778 Ἐϐδομήκοντα,
725 2743 772 2776 Ὠς
785 2741 950 2778 μονοκερώ-

166 2792 225 2811 των
233 2784 407 2820 ᾠκοδόμησε
419 2785 453 2812 τὸ
463 2786 594 2821 ἁγίασμιι
608 2787 714 2814 αὑτοῦ·
729 2787 859 2814 νοοὺντων
871 2787 951 2822 ἡμῶν

203 2860 225 2876 δ’
241 2861 299 2889 Gal.
314 2871 350 2895 ιν,
368 2862 414 2890 26.
451 2863 474 2878 ⁸⁸
489 2862 557 2890 Ilcb.
574 2871 622 2894 xu.
637 2863 682 2892 2‘2.

308 2912 442 2940 I’nnoL.
460 2911 517 2940 Gn.
537 2911 653 2941 XXIII.

1005 2331 1135 2359 habuisse
1150 2337 1213 2356 cum
1226 2336 1258 2356 eo
1271 2327 1344 2363 quod
1362 2327 1389 2353 in
1406 2325 1522 2353 excelsis
1537 2329 1589 2356 est,
1614 2328 1641 2351 et
1654 2324 1688 2351 ad
1702 2324 1792 2350 excel-

1005 2384 1098 2405 sorum
1115 2375 1225 2402 modum
1240 2377 1429 2401 constructum
1441 2372 1539 2402 fuisse.
1557 2371 1591 2397 ad
1604 2371 1748 2405 imaginem
1765 2374 1792 2397 et

1005 2420 1212 2450 similitudinem
1240 2420 1411 2447 excelsorum
1439 2417 1611 2450 ctelestium;
1635 2423 1697 2451 quae
1727 2415 1790 2442 item

1003 2467 1151 2503 Apostolus
1167 2465 1316 2494 declaravit
1331 2465 1427 2492 dicens
1440 2473 1447 2491 :
1461 2463 1515 2490 Illa
1530 2471 1589 2490 vero
1609 2470 1668 2497 quo:
1685 2469 1790 2489 sursum

1003 2518 1041 2540 est
1060 2512 1209 2540 Jerusalem
1236 2512 1319 2538 libera
1333 2515 1372 2537 est
1385 2510 1424 2543 “;
1438 2514 1475 2541 et.
1492 2509 1646 2536 Accessistis
1672 2507 1707 2534 ad
1726 2506 1791 2534 Sion

1003 2563 1117 2585 montem
1139 2562 1164 2584 et
1188 2557 1319 2584 civitatem
1340 2555 1389 2582 Dei
1408 2555 1526 2586 viventis,
1542 2554 1691 2581 Jerusalem
1714 2552 1791 2579 caele-

1003 2609 1069 2631 stem
1079 2603 1112 2630 “.
1129 2604 1219 2636 Quare
1233 2602 1384 2630 secundum
1398 2601 1525 2636 Aquilam
1540 2600 1652 2630 dicitur,
1673 2597 1707 2624 Et
1721 2597 1789 2624 tedi-

1005 2649 1094 2684 ﬁcavit
1111 2648 1197 2676 simile
1212 2648 1322 2675 excelsis
1336 2647 1514 2682 sanctiﬁcium
1527 2653 1620 2674 suum:
1638 2643 1789 2672 secundum

1005 2694 1198 2730 Symmachum
1211 2701 1287 2725 vero,
1306 2693 1340 2720 Et
1353 2693 1494 2727 wdificavit
1507 2696 1536 2718 ut
1546 2690 1650 2718 excelsa
1670 2689 1790 2721 sanctiﬁ-

1004 2741 1074 2767 cium
1085 2749 1178 2772 suum;
1191 2740 1341 2768 secundum
1357 2738 1427 2766 LXX
1442 2746 1507 2765 vero
1520 2738 1696 2770 Interpretes,
1708 2733 1790 2760 Αἳάὶο

1005 2787 1092 2822 ﬁcavit
1121 2787 1187 2814 sicut
1218 2786 1382 2814 unicornium
1407 2783 1584 2818 sanctiﬁcium
1618 2789 1705 2808 suum.
1734 2779 1789 2807 Hos

1624 2906 1663 2936 30
