4078 6934
539 289 650 352 939

1222 287 1494 345 EUSEBll
1533 286 2020 344 CAESARIENSIS
2053 287 2208 345 OPP.
2255 288 2434 346 PARS
2472 290 2561 348 Ill.
2589 323 2661 334 --
2691 292 3106 350 EXEGETICA.

3709 293 3855 350 950

543 431 714 488 porro
765 413 1121 484 intelligimus
1179 413 1474 466 unicornes
1537 426 1660 467 esse
1710 426 1828 475 eos,
1891 427 2106 482 quorun

2232 417 2610 486 μονοκέρωτας
2632 399 2769 469 εἶναι
2797 415 2924 479 τοὺς
2954 415 3014 468 τὸ
3039 415 3097 468 ἓν
3128 413 3295 487 κέρας
3329 415 3850 485 ἐπιγραφομένους

544 523 716 564 unum
743 521 915 561 cornu
956 503 1291 574 descriptum
1323 503 1378 558 in
1406 502 1549 558 nmio
1579 510 1686 567 est,
1714 519 1854 573 quos
1883 503 2122 574 Aposto-

545 601 632 656 lus
657 600 742 655 his
771 599 955 654 verbis
989 596 1304 651 declarabat
1333 613 1348 649 :
1387 593 1456 648 Et
1484 594 1552 648 ad
1581 595 1870 648 multorum
1896 595 2124 652 millium

543 694 850 764 angelorum
895 690 1272 753 celebritatem,
1315 698 1367 744 et
1408 687 1704 764 Ecclesium
1747 689 2126 760 primogenita-

541 762 684 852 rum,
726 787 815 858 qui
845 783 1092 854 descripti
1140 783 1347 837 suntin
1397 762 1635 837 caelis“.
1671 781 1777 837 Sed
1819 783 2006 849 etiam,
2040 783 2124 837 in-

541 881 680 951 quit,
721 880 776 932 in
807 887 950 930 terra
987 873 1227 946 fundavit
1259 890 1377 928 eam
1400 874 1455 928 in
1493 873 1771 928 saeculum.
1810 873 2122 930 Secundum

543 968 930 1044 Symmachum
963 975 1168 1030 autem,
1200 967 1334 1021 sicut
1366 974 1584 1031 terram,
1615 983 1772 1036 quam
1792 965 2034 1036 [undavit
2067 967 2122 1021 in

541 1064 816 1118 sa'culum.
853 1060 987 1115 Nam
1021 1059 1386 1116 sanctiﬁcium
1422 1059 1557 1114 illud
1601 1059 1746 1130 quod
1777 1060 1832 1114 in
1873 1059 2120 1116 sensibili

539 1167 593 1212 et
625 1166 844 1211 terrena
874 1153 1184 1210 Jerusalem
1237 1161 1341 1216 est,
1384 1154 1465 1208 sic
1509 1152 1798 1209 aediﬁcavit
1842 1155 1898 1208 in
1949 1163 2116 1210 terra.

540 1249 695 1302 Sicut
723 1248 869 1303 enim
903 1255 1047 1302 terra
1103 1245 1282 1299 media
1317 1245 1459 1300 inter
1487 1259 1658 1315 aquas
1703 1245 2121 1315 comprehendi-

535 1350 628 1395 tur
663 1339 963 1395 secundum
1010 1335 1375 1408 Scripturam,
1410 1336 1483 1390 ita
1514 1345 1566 1391 et
1594 1323 1904 1393 Jerusalem
1939 1337 2118 1393 media

537 1433 681 1486 inter
711 1431 1048 1500 alienigenas
1078 1436 1270 1500 gentes
1311 1426 1492 1496 posita
1530 1434 1670 1482 erat.
1701 1425 1882 1493 Quare
1909 1428 2116 1484 dictum

535 1532 621 1579 est
653 1524 707 1578 in
733 1522 1036 1594 prophetiis
1066 1540 1078 1576 :
1111 1520 1240 1575 Ηωο
1266 1529 1343 1575 est
1367 1517 1691 1586 Jerusalem,
1718 1521 1772 1575 in
1800 1521 1971 1576 medio
1993 1537 2118 1591 gen-

535 1619 668 1672 tiam
694 1617 846 1686 posui
869 1615 1021 1669 illam
1041 1614 1107 1668 ιθ.
1131 1613 1245 1670 Sub
1266 1615 1381 1669 haec
1399 1622 1581 1669 autem
1608 1612 1712 1668 ait:
1732 1643 1802 1653 —
1831 1611 1993 1668 Vsus.
2026 1614 2112 1669 70.

536 1708 711 1780 Elegit
739 1707 908 1762 David
941 1723 1148 1762 servum
1168 1723 1350 1772 suum,
1379 1705 1448 1761 de
1475 1721 1588 1777 quo
1617 1705 1823 1762 dictum
1862 1713 1948 1761 est
1975 1725 1987 1760 :
2017 1705 2114 1760 In-

2226 509 2345 562 κατ’
2373 508 2602 580 οὐρανὸν
2621 548 2635 573 ,
2667 508 2760 573 οὓς
2789 508 2975 580 ἐδήλου
3014 508 3187 576 λέγων
3221 509 3252 560 ὁ
3289 507 3611 572 Ἀπόστολος
3632 524 3650 537 ο
3704 506 3848 561 Καὶ

2219 603 2508 673 μυριάσιν
2567 602 2839 674 ἀγγέλων
2887 603 3218 671 πανηγύρει
3239 640 3256 666 ,
3311 601 3410 656 καὶ
3477 601 3848 670 Ἐκκλησέᾳ

2225 697 2612 766 πρωτοτόκων
2647 693 3185 766 ἀπογεγραμμένον
3215 695 3286 748 ἐν
3309 693 3608 763 οὐρανοῖς.
3649 692 3846 748 Ἀλλὰ

2225 790 2318 843 καὶ
2338 790 2407 842 ἐν
2429 787 2504 856 τῇ
2543 787 2642 858 γῇ,
2691 787 2877 859 φησὶν,
2924 786 3322 857 ἐθεμελίωσεν
3347 785 3544 854 αὐτὴν
3576 787 3674 851 εἰς
3705 786 3844 839 τόν

2222 873 2426 930 αἰῶνα.
2463 876 2621 930 Κατὰ
2657 875 2715 930 δὲ
2748 875 2840 929 τὸν
2887 875 3203 947 Σύμμαχον,
3251 875 3348 941 Ὧς
3390 875 3505 944 τὴν
3537 873 3683 946 γῆν,
3732 873 3842 943 ἦν

2221 969 2616 1038 ἐθεμελίωσεν
2640 969 2729 1034 είς
2764 967 2874 1023 τόν
2898 968 3102 1024 αἰῶνα.
3142 969 3216 1022 Τὸ
3243 969 3353 1041 γάρ
3377 969 3630 1040 ἅγίασμα
3663 969 3728 1022 τὸ
3759 969 3838 1022 ἐν

2220 1064 2287 1134 τῇ
2327 1061 2557 1132 αἰσθητῇ
2603 1061 2698 1115 καὶ
2738 1062 2964 1133 ἐπιγείῳ
3012 1062 3368 1136 Ἰερουσαλὴμ
3403 1063 3574 1128 οὕτως
3597 1062 3833 1133 ᾠκοδά-

2224 1171 2396 1227 μησεν
2443 1157 2524 1218 είς
2550 1154 2648 1226 τὴν
2684 1154 2811 1225 γῆν.
2843 1155 3053 1226 ’Ὠσπερ
3080 1157 3190 1228 γὰρ
3233 1158 3266 1226 ἡ
3292 1155 3366 1226 γῆ
3403 1156 3542 1227 μέση
3570 1156 3832 1227 ἀπείλη-

2221 1265 2352 1302 πται
2381 1247 2589 1303 ὑδάτων
2618 1247 2759 1302 κατά
2789 1247 2888 1320 τὴν
2920 1248 3174 1319 Γραφήν·
3209 1248 3352 1302 οὕτω
3394 1249 3489 1301 καὶ
3534 1251 3568 1320 ἡ
3602 1249 3832 1321 Ἰερου-

2221 1339 2405 1413 σαλήμ
2441 1340 2581 1413 μέση
2607 1340 2717 1394 τῶν
2749 1340 3064 1410 ἀλλοφύλων
3097 1339 3266 1395 ἐθνῶν
3299 1342 3670 1414 συνειστήκει.
3715 1342 3830 1396 Διὸ

2218 1431 2466 1486 λέλεκται
2501 1433 2560 1486 ἐν
2593 1432 2982 1505 προφητείαις·
3016 1433 3178 1502 Αὕτη
3206 1433 3245 1500 ἡ
3278 1434 3705 1502 Ἰερουσαλὴμ,
3736 1435 3832 1488 ἐν

2212 1525 2381 1596 μέσῳ
2413 1524 2532 1579 τῶν
2559 1525 2751 1580 ἐθνῶν
2784 1527 3018 1581 τέθεικα
3047 1526 3260 1592 αὐτήν.
3288 1525 3400 1580 Εἶτ’
3424 1528 3519 1581 ἐπὶ
3549 1527 3778 1590 τούτοις
3803 1543 3820 1556 ·

2228 1618 2596 1685 Ἐξελέξατο,
2629 1619 2785 1691 φησὶ,
2814 1618 2996 1673 Δαυῒδ
3022 1619 3130 1674 τὸν
3164 1618 3392 1674 δοῦλον
3411 1619 3598 1674 αὐτοῦ
3618 1659 3636 1684 ,
3669 1637 3739 1672 πε
3751 1621 3822 1691 pl.

2215 1708 2276 1768 οὗ
2313 1712 2530 1785 εἴρηται
2549 1729 2562 1743 ο
2607 1708 2806 1781 Εὗρον
2834 1710 3018 1766 Δαυῒδ
3041 1711 3149 1766 τὸν
3175 1710 3402 1766 δοῦλόν
3433 1729 3574 1780 μου,
3601 1712 3820 1780 ἄνδρα

532 1807 647 1860 veni
710 1804 881 1859 David
939 1821 1145 1858 servum
1200 1820 1403 1869 meum,
1453 1804 1624 1858 virum
1681 1805 1969 1858 secundum
2021 1819 2106 1858 cor

2214 1804 2366 1860 κατὰ
2411 1803 2528 1872 τὴν
2565 1803 2817 1872 καρδίαν
2853 1820 2972 1872 μου
2997 1818 3009 1831 ·
3059 1802 3121 1856 ὃν
3158 1801 3474 1868 ἐξελέξατο,
3510 1803 3607 1874 οὐχ
3651 1805 3816 1859 ὥστε

533 1912 737 1960 meum;
761 1911 920 1966 quem
946 1895 1131 1966 elegit,
1161 1910 1270 1950 non
1296 1902 1510 1950 tantum
1541 1903 1600 1948 ut
1627 1894 1842 1965 primus
1865 1910 1932 1949 ex
1964 1894 2110 1950 tribu

531 1987 671 2044 Iuda
704 1995 994 2059 regnaret,
1047 1987 1143 2042 sed
1187 1988 1260 2042 ita
1291 1995 1351 2040 ut
1395 1985 1594 2056 dignus
1640 1985 1999 2057 judicaretur,
2043 2001 2112 2041 ex

531 2080 690 2149 cujus
736 2079 944 2134 semine
986 2079 1240 2134 Christus
1270 2078 1365 2133 Dei
1415 2078 1678 2149 prodiret.
1712 2076 1884 2149 Elegit
1929 2085 2110 2133 autem

530 2189 654 2228 eum
685 2173 933 2243 pluribus
962 2173 1138 2242 ipsum
1174 2171 1438 2226 fratribus
1464 2171 1582 2226 suis
1607 2179 1970 2242 anteponens.
2005 2170 2110 2224 Ae-

530 2266 784 2334 cepitque
814 2280 938 2319 eum
970 2280 1036 2318 ex
1077 2264 1335 2334 gregibus
1369 2264 1564 2328 ovium,
1605 2273 1656 2316 et
1697 2262 1760 2316 de
1787 2272 1903 2331 post
1935 2262 2109 2332 {etan-

529 2366 627 2412 tes.
659 2357 793 2412 Nam
827 2358 919 2426 qui
955 2357 1188 2411 suscitat
1230 2356 1296 2411 de
1331 2366 1477 2411 terra
1516 2357 1759 2427 inopem,
1795 2366 1848 2413 et
1873 2358 1938 2412 de
1969 2364 2109 2413 ster-

529 2464 659 2503 core
694 2449 855 2520 erigit
893 2463 1210 2518 pauperem,
1261 2445 1522 2501 Davidem
1567 2447 1828 2502 humilem
1860 2455 1914 2502 et
1959 2448 2109 2517 abje-

531 2548 704 2605 ctum,
737 2541 812 2593 ita
851 2547 1038 2593 utnec
1075 2551 1202 2592 cum
1239 2536 1502 2592 fratribus
1535 2538 1650 2592 suis
1688 2553 2109 2594 counumerare—

531 2643 650 2698 tur,
700 2648 878 2702 neque
918 2645 1018 2701 pro
1053 2631 1173 2685 viro
1231 2631 1546 2694 haberetur,
1604 2630 1802 2702 elegit,
1846 2631 1997 2701 prius
2051 2631 2105 2685 in

530 2726 792 2797 pastorali
832 2725 1165 2790 institutum,
1203 2732 1260 2780 et
1286 2739 1352 2778 ex
1379 2738 1514 2778 cura
1536 2723 1770 2778 fetarum
1801 2740 1962 2795 quam
1986 2740 2108 2794 ges-

529 2829 700 2883 serat,
736 2819 990 2874 edoctum
1030 2833 1194 2888 quam
1239 2827 1501 2872 accurata
1550 2818 1864 2872 sollicitudo
1891 2817 2104 2886 egenti-

528 2912 631 2966 bus
663 2911 971 2966 adhibenda
1004 2917 1172 2966 esset.
1209 2908 1340 2965 inde
1381 2918 1700 2980 susceptura
1733 2911 1886 2964 illum
1920 2925 1986 2964 ex
2031 2910 2106 2962 ir—

527 3003 936 3058 rationabilium
979 3001 1162 3058 ovium
1189 3002 1453 3072 pastorali
1490 3017 1643 3065 cura,
1678 3002 1934 3072 produxit
1960 3001 2104 3056 Deus

2212 1896 2428 1970 πρῶτον
2453 1897 2518 1950 ἐκ
2553 1895 2726 1967 φυλῆς
2762 1894 2932 1948 ’ἰούδα
2965 1893 3281 1966 βασιλεῦσαι
3315 1895 3495 1966 μόνον,
3525 1895 3666 1949 ἀλλά
3702 1895 3816 1950 καὶ

2210 1989 2351 2044 ὥστε
2394 1991 2544 2058 ἄξιον
2585 1989 2839 2062 κριθῆναι
2883 1987 2979 2042 τοῦ
3037 1987 3321 2060 προελθεῖν
3361 1990 3425 2042 ἐκ
3476 1989 3814 2060 σπέρματος

2210 2082 2378 2139 αὑτοῦ
2407 2081 2500 2136 τὸν
2522 2080 2756 2153 Χριστὸν
2780 2078 2876 2134 τοῦ
2897 2077 3054 2134 Θεοῦ.
3086 2076 3398 2144 Ἐξελέξατο
3420 2077 3477 2132 δὲ
3501 2079 3666 2131 αὑτὸν
3687 2077 3815 2132 τῶν

2211 2176 2456 2247 ἀδελφῶν
2515 2175 2776 2230 πλειόνων
2829 2174 2998 2228 όντων
3055 2171 3374 2244 προκρίνας.
3434 2171 3692 2226 Ἀνέλαϐέ
3737 2189 3814 2226 τε

2209 2271 2371 2324 αὐτὸν
2400 2271 2466 2324 ἐκ
2501 2269 2610 2324 τῶν
2639 2269 2904 2341 ποιμνίων
2937 2265 3056 2322 τῶν
3077 2266 3407 2336 προϐάτων,
3441 2267 3540 2321 καὶ
3585 2267 3810 2332 ἐξόπι-

2210 2366 2358 2416 σθεν
2387 2360 2505 2416 τῶν
2542 2361 2980 2432 λοχευομένων.
3031 2361 3090 2415 '0
3123 2359 3235 2430 γὰρ
3280 2361 3511 2433 ἐγείρων
3545 2361 3658 2416 ἀπὸ
3689 2361 3809 2432 γῆς

2209 2455 2424 2526 πτωχὸν
2473 2457 2565 2510 καὶ
2597 2455 2706 2509 ἀπὸ
2755 2455 2988 2526 κοπρίας
3013 2453 3247 2508 ἀνιστῶν
3292 2453 3519 2524 πένητα,
3561 2456 3657 2507 καὶ
3701 2455 3806 2508 τὸν

2207 2545 2368 2599 Δαυῒδ
2414 2545 2669 2599 ταπεινὸν
2729 2545 2857 2600 ὄντα
2907 2544 3002 2599 καὶ
3035 2544 3450 2616 ἀπερριμμένον
3471 2585 3487 2609 ,
3533 2545 3609 2609 ὡς
3649 2546 3802 2616 μηδὲ

2209 2635 2770 2708 συγκαταριθμεῖσθαι
2819 2639 2932 2700 τοῖς
2976 2636 3142 2691 αὐτοῦ
3190 2636 3467 2706 ἀδελφοῖς,
3517 2637 3653 2708 μηδέ
3713 2639 3804 2701 είς

2207 2730 2375 2802 ἄνδρα
2400 2729 2730 2798 λογίζεσθαι,
2765 2728 3046 2796 ἐξελέξατο
3075 2728 3705 2802 προπαιδαγωγούμενον
3733 2731 3802 2783 ἐν

2207 2825 2273 2894 τῇ
2312 2824 2672 2893 ποιμαντικῇ,
2707 2821 2802 2874 καὶ
2832 2821 2920 2876 διὰ
2946 2823 3045 2892 τῆς
3078 2822 3186 2876 τῶν
3224 2821 3593 2892 λοχευομένων
3619 2821 3798 2894 θρεμ-

2209 2914 2393 2984 μάτων
2428 2911 2681 2982 προνοίας
2719 2912 2780 2964 τὸ
2815 2911 3076 2981 ἐπιμελὲς
3107 2911 3215 2965 τῶν
3246 2911 3516 2981 δεομένων
3555 2911 3798 2982 κηδεμο-

2205 3006 2324 3071 νίας
2346 3004 2813 3075 ἐκδιδασκόμενον.
2851 3005 3044 3059 Ἔνθεν
3075 3005 3237 3060 αὑτὸν
3274 3004 3558 3059 ἀναλαϐὼν
3583 3007 3648 3059 ἐκ
3687 3005 3791 3076 τῆς

524 3105 580 3151 et
627 3096 911 3151 constituit
956 3093 1236 3166 ut'(Veas.
1263 3094 1352 3163 ’71)
1404 3102 1638 3162 pasceret
1679 3093 1848 3148 Jacob
1897 3111 2102 3148 servum

2210 3097 2314 3151 τῶν
2357 3097 2567 3167 ἀλόγων
2613 3097 2901 3170 προϐάτων
2950 3097 3344 3169 ποιμαντικῆς,
3404 3097 3720 3168 προήγαγεν
3756 3099 3792 3151 6

525 3205 704 3250 suum,
727 3198 775 3242 et
812 3185 986 3241 Israel
1016 3185 1374 3240 Ita’reditatem
1392 3202 1566 3241 suam.
1603 3185 1670 3240 Ut
1708 3188 1850 3240 enim
1890 3187 2104 3256 experi-

525 3287 769 3334 mentum
827 3280 911 3334 sui
959 3278 1185 3334 dederat
1237 3278 1291 3332 in
1334 3278 1592 3348 pastorali
1641 3279 2102 3332 irrationabilium

524 3373 710 3428 ovium
741 3387 895 3436 cura,
931 3371 1330 3426 rationabiliori
1363 3371 1491 3425 ovili
1532 3369 1820 3440 praefectus
1845 3379 1948 3425 est.
1979 3369 2101 3436 Quo

524 3472 685 3535 pacto
719 3472 899 3519 autem
936 3479 1135 3535 pecora
1175 3471 1424 3534 pasceret
1455 3461 1754 3518 declaravit
1782 3462 1899 3532 ipse
1951 3461 2101 3515 Sauli

523 3559 748 3614 dicens:
775 3556 971 3612 Pastor
997 3557 1183 3628 agebat
1213 3573 1391 3610 servus
1416 3566 1537 3610 tuus
1561 3555 1703 3626 patri
1729 3571 1824 3608 suo
1846 3554 1902 3608 in
1940 3554 2100 3608 ovili:

521 3662 574 3705 et
607 3649 819 3721 quando
848 3650 1084 3704 veniebat
1120 3649 1197 3703 leo
1227 3658 1320 3702 aut
1352 3665 1530 3715 ursus,
1559 3659 1606 3702 et
1637 3647 1928 3716 arripiebat
1958 3664 2102 3701 ovem

521 3758 586 3796 ea:
610 3757 782 3813 grege,
809 3752 928 3812 post
958 3740 1111 3794 illum
1136 3739 1372 3805 adibam,
1402 3749 1450 3794 et
1481 3740 1720 3809 percussi
1748 3739 1902 3793 illum
1931 3749 1980 3792 et
2007 3754 2102 3793 ea:-

523 3836 667 3889 traxi
707 3850 772 3888 ex
801 3849 890 3890 ore
927 3833 1064 3904 ejus.
1112 3831 1178 3886 Et
1208 3833 1497 3886 insurrexit
1534 3833 1591 3886 in
1635 3849 1736 3896 me,
1770 3841 1819 3886 et
1860 3847 2100 3901 compre-

522 3927 680 3983 hendi
705 3929 883 3999 fauces
926 3927 1063 3998 ejus,
1095 3933 1144 3980 el
1177 3927 1414 3995 percussi
1445 3926 1711 3998 occidique
1741 3926 1920 3982 illum.
1959 3924 2098 3980 Leo-

523 4038 639 4075 nem
676 4032 726 4076 et
768 4038 953 4076 ursum
995 4021 1255 4089 percussit
1287 4037 1465 4075 servus
1503 4029 1643 4074 tuus.
1676 4018 1744 4072 Et
1772 4021 1872 4074 erit
1913 4020 2100 4075 alieni-

519 4133 650 4187 gena
666 4123 713 4169 et
744 4114 1144 4168 incircumcisus
1174 4123 1230 4166 ut
1253 4129 1389 4166 unus
1409 4128 1474 4167 ea:
1493 4113 1624 4173 illis,
1646 4113 1736 4182 qui
1765 4111 2099 4180 exprobravit

521 4209 655 4262 aciei
678 4207 774 4262 Dei
803 4207 1037 4264 viventis.
1075 4205 1141 4260 Et
1167 4207 1245 4260 ait
1271 4205 1475 4260 David:
1500 4203 1759 4259 Dominus
1789 4205 1878 4275 qui
1908 4205 2099 4274 eripuit

522 4316 602 4352 me
624 4298 690 4352 de
717 4315 877 4353 manu
902 4299 1067 4353 leonis
1095 4307 1146 4354 et
1172 4298 1237 4354 de
1262 4315 1424 4352 manu
1445 4297 1582 4362 ursi,
1606 4297 1696 4351 ille
1721 4313 1800 4350 me
1828 4297 2008 4366 eripiet
2034 4295 2098 4350 de

520 4407 681 4444 manu
740 4391 1048 4461 alienigena:
1093 4389 1454 4444 incircumcisi
1500 4390 1656 4442 istius
1678 4389 1744 4444 ⁵⁷.
1805 4387 1902 4442 His
1951 4389 2095 4442 enim

2212 3187 2344 3252 Θεὸς
2374 3190 2468 3243 καὶ
2501 3189 2800 3260 κατέστησε
2840 3190 3176 3259 ποιμαίνειν
3213 3187 3416 3243 Ἰακὼϐ
3431 3188 3538 3242 τὸν
3559 3187 3792 3242 δοῦλον

2209 3281 2396 3335 αὑτοῦ
2435 3282 2533 3335 καὶ
2567 3281 2805 3349 Ἰσραὴλ
2835 3280 2960 3354 ¹τὴν
3000 3279 3407 3350 κληρονομίαν
3443 3280 3650 3335 αὑτοῦ.
3697 3279 3789 3345 Ὠς

2209 3374 2317 3448 γὰρ
2347 3375 2574 3447 δοκιμὴν
2606 3374 2876 3427 δεδωκότα
2899 3375 2958 3426 ἐν
2987 3375 3054 3444 τῇ
3078 3373 3186 3426 τῶν
3219 3373 3427 3442 ἀλόγων
3450 3371 3788 3443 θρεμμάτων

2209 3469 2562 3538 ποιμαντικῇ,
2601 3466 2695 3520 ἐπὶ
2721 3465 2821 3538 τὴν
2860 3464 3227 3536 λογικωτέραν
3255 3464 3484 3537 καθίστη
3522 3466 3779 3537 ποίμνην.

2211 3560 2399 3624 Ὅπως
2445 3559 2488 3613 δ’
2529 3558 2812 3629 ἐποίμαινε
2859 3551 2929 3610 τὰ
2975 3555 3268 3628 θρέμματα
3323 3556 3559 3628 παρίστη
3607 3555 3786 3624 λέγων

2209 3649 2368 3714 αὐτὸς
2391 3649 2523 3720 πρὸς
2545 3648 2636 3702 τὸν
2663 3647 2836 3703 Σαούλ
2859 3665 2873 3679 ο
2901 3649 3237 3718 Ποιμαίνων
3256 3643 3336 3719 ἦν
3363 3651 3396 3702 ό
3416 3645 3638 3713 δοῦλός
3663 3663 3782 3701 σου

2207 3741 2288 3807 τῷ
2320 3741 2496 3808 πατρὶ
2523 3738 2711 3795 αὐτοῦ
2735 3740 2805 3793 ἐν
2837 3739 2917 3806 τῷ
2948 3739 3201 3809 ποιμνίῳ
3220 3755 3233 3768 ·
3268 3738 3364 3793 καὶ
3397 3737 3544 3793 ὅταν
3562 3739 3782 3808 ἤρχετο

2209 3835 2242 3886 ό
2263 3832 2420 3887 λέων
2441 3833 2478 3901 ἢ
2509 3830 2803 3902 ἇρκοςβ),
2819 3828 2916 3883 καὶ
2941 3827 3236 3898 ἐλάμϐανε
3258 3829 3556 3896 πρόϐατον
3577 3829 3645 3882 ἐκ
3667 3828 3779 3897 τῆς

2207 3924 2450 3996 ἀγέλης,
2479 3924 2576 3978 καὶ
2601 3922 3045 3993 ἐξεπορευόμην
3064 3922 3255 3976 ὀπίσω
3273 3921 3482 3988 αὑτοῦ,
3509 3920 3606 3974 καὶ
3632 3921 3747 3974 ἐπά
3771 3952 3774 3955 -

2206 4015 2357 4081 ταξα
2375 4015 2580 4079 αὐτὸν,
2598 4014 2695 4069 καὶ
2717 4014 3033 4080 ἐξέσπασα
3050 4013 3118 4067 ἐκ
3140 4011 3245 4067 τοῦ
3261 4013 3556 4082 στόματος
3569 4011 3769 4066 αὑτοῦ.

2205 4109 2315 4165 Καὶ
2345 4109 2709 4163 ἐπανίστατο
2738 4107 2831 4160 ἐπ’
2869 4106 2994 4177 ἐμὲ,
3022 4105 3119 4160 καὶ
3169 4105 3475 4174 ἐκράτησα
3518 4104 3624 4159 τοῦ
3663 4103 3771 4175 φά-

2197 4219 2424 4272 ρυγγος
2445 4199 2654 4264 αὑτοῦ,
2672 4199 2770 4254 καὶ
2791 4197 3060 4262 ἐπάταξα
3081 4196 3176 4251 καὶ
3205 4194 3552 4251 ἐθανάτωσα
3570 4195 3770 4255 αὐτόν,

2206 4292 2436 4347 καὶτὸν
2463 4292 2682 4346 λέοντα
2713 4289 2812 4345 καὶ
2849 4289 2965 4358 τὴν
3002 4289 3188 4359 ἄρκον
3211 4286 3468 4340 ἔτυπτεν
3493 4288 3526 4340 ό
3559 4284 3773 4350 δοῦλός

2205 4399 2342 4438 σου.
2369 4381 2479 4436 Kal
2509 4382 2680 4436 ἔσται
2703 4383 2736 4434 ό
2755 4379 3104 4448 ἀλλόφυλος
3127 4377 3159 4430 ό
3173 4374 3568 4442 ἀπερίτμητος
3591 4372 3670 4437 ὡς
3690 4365 3772 4436 εἷς

518 4497 646 4538 cum
679 4480 799 4536 lidei
837 4489 891 4536 et
923 4479 1148 4551 pietatis
1189 4494 1304 4534 sua:
1356 4478 1792 4548 experimentum
1830 4475 2094 4540 dedisset,

2210 4477 2448 4540 τούτων,
2487 4474 2556 4540 ὃς
2576 4473 2850 4528 ὠνείδισε
2875 4467 3198 4540 παρατάξει
3229 4465 3378 4522 Θεοῦ
3412 4465 3646 4530 ζῶντος.
3667 4463 3769 4517 Kal

519 4588 734 4630 necnon
779 4572 1135 4644 providentia:
1171 4585 1336 4642 quam
1369 4570 1437 4626 de
1482 4569 1773 4640 pecoribus
1808 4567 1911 4622 sibi
1947 4582 2098 4621 com-

520 4666 705 4722 missis
731 4666 973 4737 gerebat,
1007 4664 1151 4722 Deus
1185 4664 1348 4734 elegit
1375 4677 1499 4718 eum
1531 4672 1585 4717 et
1627 4660 1693 4715 ad
1726 4659 2011 4730 imperium
2039 4659 2095 4713 in

519 4758 931 4812 rationabiliora
965 4771 1162 4828 pecora
1195 4755 1462 4827 provexit.
1497 4755 1593 4809 llle
1628 4768 1758 4808 vero
1797 4752 1900 4809 sibi
1944 4766 2096 4806 com-

519 4852 718 4906 missos
747 4851 978 4921 populos
1017 4866 1125 4905 non
1158 4848 1476 4910 crudeliter,
1524 4862 1632 4902 non
1660 4845 1816 4908 dure,
1859 4861 1968 4902 non
2003 4860 2099 4900 suo

520 4942 726 5013 perbe,
794 4941 891 4997 sed
948 4942 1004 4996 in
1075 4941 1390 4997 innocentia
1455 4939 1640 4994 cordis
1697 4938 1784 4994 sui
1841 4937 2099 5007 pascebat

522 5033 713 5106 (Vsus.
745 5034 865 5104 72);
911 5035 1050 5100 sive,
1075 5035 1379 5090 secundum
1436 5031 1688 5103 Aquilam
1725 5037 1800 5086 .et
1845 5028 2097 5101 Symma-

519 5127 705 5190 chum,
741 5127 1026 5181 secundum
1058 5126 1450 5196 simplicitatem
1484 5123 1659 5178 cordis
1695 5123 1801 5178 sui.
1837 5120 1905 5175 Et
1937 5123 1989 5174 in
2014 5121 2098 5174 in-

520 5222 810 5278 tellectibus
840 5240 1092 5278 manuum
1133 5239 1355 5277 suarum
1396 5220 1612 5276 deduxit
1639 5237 1747 5276 eos.
1784 5217 2096 5274 Secundum

519 5315 770 5384 Aquilam
813 5330 965 5380 vero,
1003 5314 1071 5368 Et
1111 5315 1165 5368 in
1211 5314 1493 5382 prudentia
1531 5313 1830 5383 palmarum
1873 5325 2094 5366 suarum

516 5404 733 5458 deduxit
767 5420 890 5468 eos;
921 5405 1221 5459 secundum
1248 5403 1660 5474 Symmachum,
1695 5403 1762 5456 Et
1806 5400 2092 5456 secundum

515 5498 802 5564 puritatem
852 5513 1106 5550 manuum
1151 5512 1371 5550 suarum
1403 5494 1621 5550 deduxit
1667 5513 1774 5550 eos.
1826 5493 2092 5548 Pascebat

517 5589 701 5658 itaque
746 5587 914 5642 David
951 5589 1250 5642 humanum
1303 5587 1738 5657 rationabileque
1778 5587 1956 5651 ovile;
1993 5584 2090 5640 sed

588 5683 632 5715 ⁸³
662 5682 798 5736 llcb.
836 5697 934 5745 xu,
962 5680 1048 5735 22.
1093 5681 1138 5713 “
1164 5679 1360 5737 Ezech.
1396 5697 1449 5746 v,
1482 5680 1535 5734 5.

592 5782 667 5851 (1)
711 5780 962 5853 Ἄρκτος.

1616 5680 1658 5711 ’⁸⁷
1690 5681 1708 5734 l
1741 5677 1874 5748 Reg.
1917 5692 2051 5743 xvn,
2084 5675 2186 5749 54.,

2205 4565 2334 4622 εἷπε
2360 4565 2540 4620 Δαυΐδ
2558 4582 2571 4597 ο
2601 4566 2835 4633 Κύριος,
2865 4563 2934 4630 ὃς
2960 4559 3234 4626 ἐξείλατό
3253 4575 3331 4629 με
3357 4559 3425 4611 ἐκ
3451 4555 3648 4627 χειρὸς
3671 4553 3772 4608 τοῦ

2203 4658 2452 4724 λέοντος
2478 4657 2578 4710 καὶ
2601 4657 2670 4710 ἐκ
2692 4653 2891 4726 χειρός
2920 4652 3030 4722 τῆς
3053 4651 3264 4722 ἄρκου,
3287 4645 3465 4715 οὗτος
3486 4645 3774 4714 ἐξελεῑταί

2197 4765 2276 4818 με
2307 4747 2376 4800 ἐκ
2424 4747 2622 4817 χειρός
2665 4745 2773 4800 τοῦ
2820 4744 3178 4812 ἀλλοφύλου
3223 4739 3332 4795 τοῦ
3377 4737 3771 4808 άπεριτμήτου

2203 4840 2439 4894 τούτου.
2471 4838 2570 4892 Διά
2599 4837 2709 4910 γὰρ
2743 4833 2948 4889 τούτων
2978 4833 3205 4904 δοκιμὴν
3241 4831 3512 4886 δεδωκότα
3544 4828 3772 4891 πίστεως

2205 4932 2300 4987 καὶ
2319 4930 2622 4994 εὐσεϐείας,
2652 4929 2750 5000 τῆς
2771 4945 2832 4980 τε
2860 4927 2968 4979 τῶν
2995 4925 3086 4978 ὑπ’
3112 4924 3273 4977 αὑτὸν
3300 4922 3629 4996 θρεμμάτων
3655 4919 3773 4974 ἀλό-

2204 5043 2317 5098 γων
2345 5024 2623 5097 προνοίας,
2645 5020 2927 5088 ἐξελέξατο
2949 5019 3082 5082 Θεὸς
3104 5018 3198 5072 καὶ⁵
3224 5019 3536 5092 προήγαγεν
3561 5013 3655 5067 ἐπὶ
3676 5013 3772 5085 τήν

2203 5119 2310 5173 τῶν
2341 5116 2716 5187 λογικωτέρων
2747 5112 3078 5186 θρεμμάτων
3124 5111 3319 5183 ἀρχήν.
3361 5110 3418 5163 '0
3461 5108 3548 5172 δέ,
3584 5105 3771 5160 ὑποδε-

2207 5212 2434 5288 ξάμενος
2453 5210 2580 5271 τοὺς
2609 5205 3012 5278 παραδοθέντας
3045 5201 3214 5273 αὐτῷ,
3238 5204 3340 5256 οὐκ
3372 5198 3617 5272 ἀπηνῶς,
3651 5195 3770 5250 οὐδὲ

2205 5303 2474 5378 σκληρῶς,
2499 5302 2620 5356 οὐδὲ
2647 5299 3034 5372 ὑπερηφάνως,
3061 5297 3174 5351 ἀλλ’
3201 5298 3258 5350 ἐν
3279 5293 3484 5365 ἀκακία
3507 5293 3606 5361 τῆς
3641 5307 3769 5362 καρ-

2200 5399 2320 5462 δίας
2341 5394 2506 5452 αύτοῦ
2527 5394 2844 5465 ἐποίμαινεν
2865 5390 3081 5454 αὐτούς·
3101 5388 3291 5461 ἦκατά
3315 5389 3404 5442 τὸν
3420 5385 3650 5439 Ἀκύλαν
3679 5382 3770 5436 καὶ

2200 5491 2516 5562 Σύμμαχον,
2531 5486 2812 5555 κατὰτὴν
2833 5486 3141 5552 ἁπλότητα
3163 5481 3272 5551 τῆς
3294 5479 3540 5549 καρδίας
3559 5473 3764 5530 αὐτοῦ.

2199 5583 2307 5640 Kal
2339 5583 2406 5636 ἐν
2435 5579 2561 5646 ταῖς
2597 5578 2891 5635 συνέσεσι
2923 5575 3041 5631 τῶν
3072 5573 3288 5647 χειρῶν
3322 5569 3508 5627 αὑτοῦ
3539 5564 3766 5640 ὡδήγη-
