4078 6934
48 515 60 628 ξ

48 629 58 764 ξ

48 777 54 896 .'

539 323 644 380 985
1209 318 1474 376 EUSEBII
1511 317 1993 376 CAESARIENSIS
2034 318 2186 375 OPP.
2227 321 2406 376 PARS
2429 320 2519 377 Ill.
2552 349 2622 361 —
2659 318 3072 378 EXEGETICA.
3690 325 3834 378 9—14

539 441 657 494 dem
718 453 1011 509 magnam:
1059 448 1107 492 et
1156 437 1331 506 {actus
1385 446 1462 491 est
1504 438 1749 506 planctus
1793 453 2012 508 magnus
2060 437 2112 490 in

2216 436 2662 505 καταπέτασμα,
2701 436 2803 489 καὶ
2833 435 2974 504 τοὺς
2999 434 3360 506 στεφάνους,
3397 435 3492 488 καὶ
3539 435 3651 490 τὸν
3690 440 3832 492 κό-

545 529 736 584 Israel.
777 528 844 582 Et
885 531 1100 600 scripsit
1137 545 1230 583 rex
1267 531 1410 583 omni
1449 547 1609 600 regno
1646 546 1744 584 suo
1767 569 1784 595 ,
1832 538 1893 583 ut
1937 540 2110 584 essent

539 638 716 675 omnes
743 621 967 690 populus
996 638 1131 674 unus
1158 661 1174 684 ,
1205 629 1256 675 et
1285 621 1599 692 relinqueret
1637 621 1998 692 unusquisque
2035 623 2112 676 le-

538 730 651 782 gem
676 729 828 765 suam
850 712 917 766 "'.
942 710 1008 764 Et
1041 711 1298 778 amplexa
1324 724 1446 766 sunt
1473 728 1651 766 omnes
1694 722 1870 782 gentes
1896 712 2108 766 verbum

539 806 674 875 regis
699 821 718 859 :
755 814 804 858 et
844 804 1000 856 multi
1035 819 1101 858 ea:
1139 805 1268 874 ﬁliis
1311 803 1487 859 Israel
1523 813 1902 859 consenserunt
1941 805 2110 858 cultui

539 897 690 958 eius,
746 905 797 950 et
857 897 1288 965 sacriﬁcaverunt
1327 895 1520 960 idolis,
1559 905 1608 950 et
1646 897 2111 963 coinquinaverunt

540 986 834 1041 Sabbatum
859 988 925 1041 ".
955 987 1088 1042 Post
1117 986 1232 1041 haec
1255 995 1434 1043 autem
1466 987 1701 1042 dicitur:
1728 985 1798 1040 Et
1826 987 2110 1056 wdi/icavit

539 1077 982 1130 abominationem
1019 1076 1364 1131 desolatibnis
1394 1077 1449 1131 in
1479 1077 1664 1132 altari.
1695 1075 1764 1130 Et
1791 1079 1844 1130 in
1877 1078 2113 1132 civitati-

541 1168 634 1222 bus
670 1166 817 1222 Iuda
865 1169 920 1222 in
967 1169 1194 1224 circuitu
1242 1167 1640 1238 mdiﬁcaverunt
1690 1168 1929 1233 altaria,
1968 1177 2018 1223 et
2058 1169 2113 1222 in

537 1260 704 1328 portis
744 1261 896 1325 suis,
935 1270 984 1314 et
1025 1262 1078 1314 in
1117 1261 1308 1328 plateis
1351 1259 1644 1330 thymiama
1689 1259 1995 1314 adolebant.
2043 1258 2112 1312 Et

541 1351 702 1405 libros
737 1350 814 1422 (1)
861 1352 1055 1419 psalmi
1109 1368 1240 1421 quos
1277 1352 1580 1406 invenerunt
1635 1353 1965 1416 scindenles,
1997 1356 2115 1421 igne

539 1441 932 1496 combusserunt
965 1443 1034 1498 ⁸ο.
1075 1442 1497 1514 Adjiciturque:
1534 1442 1603 1496 Et
1644 1445 1799 1498 multi
1837 1445 1892 1498 in
1936 1443 2112 1498 Israel

539 1532 854 1602 deﬁnierunt
886 1534 939 1587 in
967 1550 1056 1599 se,
1088 1541 1146 1586 ut
1174 1550 1276 1588 non
1301 1535 1685 1588 manducarent
1715 1536 2012 1591 immunda.
2045 1535 2114 1590 Et

538 1627 801 1698 elegerunt
838 1629 1002 1692 mori,
1050 1638 1108 1680 ut
1155 1645 1260 1682 non
1303 1630 1791 1684 contaminarentur
1837 1631 2004 1695 cibis,
2063 1641 2114 1685 et

539 1720 734 1772 mortui
780 1728 924 1774 sunt.
976 1719 1044 1772 Et
1090 1719 1235 1787 facta
1261 1730 1340 1774 est
1367 1722 1452 1774 ira
1481 1738 1675 1793 magna
1707 1723 1761 1776 in
1793 1721 1970 1777 Israel
2001 1722 2116 1776 val-

2213 547 2374 599 σμον
2402 530 2510 584 τὸν
2529 532 2679 582 κατὰ
2704 530 3033 596 πρόσωπον
3075 527 3182 581 τοῦ
3207 527 3374 581 ναοῦ.
3413 528 3522 582 Kal
3542 529 3830 585 ἐλέπισε

2212 619 2435 674 πάντιν
2467 622 2564 674 καὶ
2594 623 2774 676 ἔλαθε
2813 623 2956 688 τοὺς
2981 621 3326 689 θησαυροὺς
3355 620 3496 687 τοὺς
3528 623 3826 690 ἀποκρύ-

2211 729 2384 780 φους,
2419 707 2528 778 οὖς
2557 708 2714 780 εὗρε.
2751 712 2864 765 Kal
2905 712 3108 766 λαϐὼν
3142 713 3488 781 σύμπαντα,
3517 713 3824 781 ἐπιστρέ-

2210 806 2334 872 ψας
2367 803 2643 870 ἀπῆλθεν
2688 807 2776 870 εὶς
2806 804 2923 872 τὴν
2957 805 3076 875 γῆν
3123 804 3330 858 αὑτοῦ.
3378 804 3490 858 Kal
3537 803 3822 872 ἐποίησε

2211 898 2611 965 φονοκτονίαν
2631 896 2906 967 μεγάλην
2924 913 2939 928 ’
2981 897 3078 951 καί
3104 897 3343 966 ἐγένετο
3384 895 3608 962 πένθος
3635 898 3824 967 μέτα

2210 989 2308 1041 ἐπὶ
2349 988 2606 1057 Ἰσραήλ.
2657 989 2766 1042 Kal
2813 989 3078 1060 ἔγραψεν
3103 990 3138 1042 ό
3170 988 3468 1054 βασιλεὺς
3505 988 3682 1056 πάσῃ
3721 987 3824 1055 τῇ

2207 1081 2494 1148 ,ϐασιλείᾳ
2524 1082 2712 1136 αὐτοῦ
2738 1077 2890 1135 εἶναι
2914 1081 3147 1147 πάντας
3167 1081 3322 1135 λαὸν
3342 1080 3469 1145 ἕνα,
3488 1080 3586 1134 καὶ
3619 1081 3824 1150 ἐγκα-

2213 1171 2486 1226 ταλιπεῖν
2515 1173 2773 1240 ἕκαστος
2808 1173 2882 1227 τὰ
2915 1174 3137 1242 νόμιμα
3187 1171 3397 1226 αὑτοῦ.
3435 1172 3545 1226 Kal
3578 1171 3826 1226 ἀπεδέ-

2213 1263 2394 1328 ξαντο
2422 1264 2618 1318 πάντα
2651 1265 2724 1318 τὰ
2757 1265 2902 1332 ἔθνη
2950 1267 3058 1318 τὸν
3099 1264 3287 1334 λόγον
3311 1263 3420 1318 τοῦ
3446 1262 3776 1330 βασιλέως
3799 1280 3818 1294 ·

2213 1357 2313 1409 καί
2343 1372 2410 1426 γε
2443 1355 2660 1410 πολλοὶ
2696 1355 2820 1410 ἀπὸ
2865 1355 3014 1410 υἱῶν
3053 1355 3293 1424 Ἰσραὴλ
3345 1354 3692 1423 εὐδόκησαν
3719 1352 3822 1423 τῇ

2212 1447 2455 1516 λατρεία
2503 1448 2690 1504 αὐτοῦ
2708 1487 2724 1512 ,
2768 1448 2867 1502 καὶ
2915 1449 3147 1503 ἔθυσαν
3177 1447 3301 1514 τοῖς
3343 1445 3610 1512 εἰδώλοις
3627 1485 3646 1512 ,
3693 1447 3822 1501 καὶ

2213 1541 2593 1607 ἐϐεϐήλωσαν
2612 1540 2679 1594 τὸ
2713 1540 3033 1595 Σὰϐϐατον.
3051 1541 3159 1593 Καὶ
3183 1539 3322 1612 μετὰ
3342 1537 3515 1593 ταῦτα
3541 1539 3777 1610 εἴρηται
3795 1554 3818 1568 °

2214 1631 2323 1687 Kal
2349 1630 2698 1700 ᾠκοδόμησε
2737 1630 3055 1700 βδέλυγμα
3093 1628 3442 1698 ἐρημώσεως
3460 1628 3559 1682 ἐπὶ
3595 1629 3668 1682 τὸ
3694 1632 3824 1683 θυ-

2214 1723 2588 1792 σιαστήριον.
2613 1722 2724 1776 Kal
2748 1738 2814 1792 γε
2839 1723 2910 1775 ἐν
2945 1722 3163 1776 πόλεσι
3201 1719 3388 1775 Ἰούδα
3408 1721 3613 1787 κύκλῳ
3645 1721 3820 1786 ᾠκο-

539 1809 603 1864 de
632 1811 698 1865 “.
732 1810 856 1865 Hinc
886 1826 1050 1882 porro
1079 1811 1356 1866 diuturnis
1384 1821 1574 1882 postea
1599 1814 1966 1884 temporibus,
1989 1821 2112 1884 post

2216 1813 2490 1883 δόμησαν
2501 1814 2745 1883 ,ϐωμούς
2762 1832 2776 1846 ο
2805 1813 2903 1867 καὶ
2923 1812 3022 1866 διὰ
3041 1812 3160 1866 τῶν
3182 1809 3376 1880 θυρῶν
3395 1810 3516 1864 τῶν
3533 1811 3816 1872 οίκείων,

539 1905 828 1976 Assyriaca
861 1914 916 1958 et
950 1905 1189 1968 Medica,
1226 1913 1349 1976 post
1379 1905 1601 1960 Persica
1629 1913 1683 1961 et
1718 1913 1841 1974 post
1871 1906 2110 1961 Alexan-

539 1997 624 2051 dri
658 1995 966 2052 Macedonis
1009 2008 1241 2052 mortem
1285 2005 1438 2068 gesta
1471 2006 1617 2054 sunt.
1659 1997 1728 2050 At
1764 1996 2000 2068 Spiritus
2028 1998 2114 2053 di-

540 2090 701 2143 vinus
752 2103 849 2158 per
893 2087 1039 2142 hunc
1089 2089 1409 2159 prophetam
1460 2089 1576 2144 hinc
1627 2089 1743 2158 ipsa
1782 2089 2113 2144 vaticinatur

541 2181 730 2236 dicens
758 2201 771 2234 :
799 2181 960 2244 Deus,
986 2193 1232 2236 venerunt
1255 2191 1432 2253 gentes
1454 2184 1508 2236 in
1537 2181 1898 2237 [nereditatem
1928 2192 2072 2237 tuam
2093 2224 2110 2249 ,

539 2271 837 2337 polluerunt
871 2271 1119 2341 templum
1147 2282 1390 2326 sanctum
1423 2283 1605 2334 tuum,
1636 2283 1923 2341 posuerunt
1957 2274 2116 2328 Jeru-

541 2363 706 2416 salem
737 2364 790 2416 in
818 2378 1092 2429 pomorum
1124 2364 1441 2418 custodiam.
1471 2393 1540 2403 ——-
1559 2363 1726 2418 Vens.
1754 2363 1872 2421 9-4.
1922 2364 2116 2420 Posue-

541 2464 666 2508 runt
712 2457 993 2509 morticina
1042 2472 1308 2510 servorum
1355 2465 1565 2508 tuorum
1607 2472 1756 2509 escas
1808 2455 2114 2512 volatilibus

540 2545 692 2607 rwli,
727 2562 910 2599 carnes
941 2557 1248 2601 sanctorum
1277 2555 1490 2599 tuorum
1528 2545 1707 2600 bestiis
1744 2555 1918 2602 terrae.
1960 2545 2116 2618 Eﬁu-

539 2635 730 2689 derunt
751 2639 1055 2708 sanguinem
1095 2654 1276 2692 eorum
1311 2649 1562 2706 tanquam
1592 2653 1783 2705 aquam
1808 2637 1863 2690 in
1889 2638 2113 2693 circuitu

539 2726 869 2796 Jerusalem,
903 2740 1084 2784 etnon
1129 2739 1242 2784 erat
1289 2731 1379 2799 qui
1421 2729 1684 2797 sepeliret.
1718 2726 1879 2782 Facti
1927 2746 2112 2785 sumus

541 2821 876 2889 opprobrium
924 2823 1105 2876 uicinis
1157 2821 1390 2883 nostris,
1434 2819 1786 2874 subsannatio
1824 2829 1874 2874 el
1917 2819 2114 2876 derisio

539 2911 606 2965 iis
651 2913 741 2981 qui
782 2914 836 2967 in
878 2914 1106 2968 circuitu
1149 2922 1333 2968 nostro
1365 2921 1510 2966 sunt.
1546 2911 1653 2966 Pro
1685 2912 1779 2965 illo
1809 2918 1989 2966 autem
2005 2953 2028 2979 _,
2059 2913 2114 2967 in

537 3019 812 3073 pomorum
842 3004 1142 3059 custodiam
1162 3045 1178 3069 ,
1209 3005 1442 3075 Aquila,
1473 3005 1526 3058 in
1559 3019 1802 3058 acervum
1831 3003 2112 3071 lapidum;

542 3094 905 3166 Symmachus
934 3111 1066 3151 vero
1085 3135 1100 3160 ,
1130 3095 1185 3150 in
1214 3095 1384 3149 saltus
1406 3137 1421 3160 ,
1448 3093 1756 3150 ediderunt.

2218 1905 2314 1960 καί
2348 1907 2418 1960 ἐν
2447 1905 2578 1972 ταῖς
2625 1906 2934 1972 πλατείαις
2962 1905 3219 1976 ἐθυμίων
3264 1903 3357 1956 ἐπ’
3388 1904 3632 1968 αὐτούς.
3687 1905 3818 1956 Kal

2219 1999 2290 2053 τὰ
2332 1999 2542 2063 ,ϐιϐλία
2584 1999 2688 2053 τοῦ
2727 1997 2972 2068 ψαλμοῦ
3017 1996 3056 2051 ᾰ
3085 1991 3266 2065 εὗρον
3289 1996 3816 2065 κατασχίσαντες,

2216 2089 2581 2158 ἐνεπύρισαν
2602 2089 2672 2142 ἐν
2709 2090 2872 2157 πυρί.
2905 2088 3015 2141 Καὶ
3037 2086 3382 2156 ὲπιλέγετςιι⁹
3414 2087 3521 2140 Kal
3575 2084 3821 2138 πολλοὶ

2217 2181 2288 2235 ἐν
2327 2181 2564 2250 Ἰσραὴλ
2589 2180 2994 2250 ὠχυρώθησαν
3012 2180 3082 2233 ἐν
3113 2179 3313 2245 αὐτοῖς
3339 2179 3446 2258 τοῦ
3469 2177 3556 2248 μὴ
3581 2176 3820 2247 φαγεῖν

2219 2272 2410 2327 κοινά.
2453 2273 2564 2326 Kal
2590 2271 2961 2337 ἀπεδέξαντο
2991 2271 3336 2337 ἀποθανεῖν,
3372 2272 3473 2324 ἵνα
3508 2271 3595 2340 μὴ
3623 2285 3821 2338 μιαν-

2219 2365 2366 2419 θῶσι
2403 2365 2530 2432 τοῖς
2559 2365 2857 2434 βρώμασι,
2901 2363 2999 2418 καὶ
3031 2363 3351 2420 ἀπέθανον.
3404 2362 3514 2417 Kal
3557 2361 3818 2431 ἐγένετο

2219 2457 2366 2527 ὀργὴ
2399 2457 2633 2528 μεγάλη
2676 2457 2773 2511 ἐπὶ
2806 2455 3043 2525 Ἰσραὴλ
3078 2455 3334 2525 σφόδρα.
3374 2454 3558 2508 Ταῦτα
3595 2453 3655 2506 δὲ
3689 2471 3812 2524 μα-

2220 2550 2370 2619 κροῖς
2411 2547 2634 2618 ὕστερον
2675 2546 2978 2618 ἐπληροῦτο
3014 2546 3225 2618 χρόνοις
3258 2544 3395 2616 μετὰ
3430 2544 3499 2598 τὰ
3533 2542 3812 2613 Ἀσσύρια

2221 2638 2314 2691 καὶ
2343 2635 2584 2707 Μηδικὰ,
2634 2637 2728 2690 καὶ
2779 2635 2917 2707 μετὰ
2959 2636 3028 2690 τὰ
3075 2635 3319 2707 Περσικὰ
3365 2636 3459 2689 καὶ
3507 2633 3646 2706 μετὰ
3697 2634 3814 2704 τὴν

2233 2727 2578 2801 Ἀλεξάνδρου
2629 2727 2724 2782 τοῦ
2770 2728 3075 2792 Μακέδονος
3131 2727 3410 2800 τελευτήν.
3455 2727 3528 2779 Τό
3573 2742 3636 2794 γε
3689 2726 3810 2797 μὴν

2219 2820 2446 2892 Πνεῦμα.
2490 2821 2552 2874 τὸ
2601 2820 2742 2874 θεῖον
2788 2819 2876 2874 διὰ
2926 2819 3022 2873 τοῦ
3078 2819 3216 2892 μετὰ
3269 2821 3456 2891 χεῖρας
3505 2819 3808 2889 προφήτου

2219 2913 2358 2968 αὐτὰ
2391 2913 2454 2986 δὴ
2495 2913 2668 2967 ταῦτα
2700 2913 2947 2976 θεσπίζει
2975 2912 3160 2981 λέγον·
3208 2913 3264 2964 Ὁ
3299 2911 3472 2978 Θεὸς,
3511 2910 3804 2978 είσήλθο-

2220 3019 2340 3057 σαν
2369 3003 2513 3072 ἔθνη
2547 3006 2633 3069 είς
2659 3003 2776 3072 τὴν
2802 3004 3204 3072 κληρονομίαν
3238 3019 3376 3069 σου,
3405 3002 3660 3072 ἐμίαναν
3690 2999 3807 3052 τὸν

2219 3096 2372 3150 ναὸν
2424 3096 2533 3149 τὸν
2589 3095 2760 3166 ἅγιόν
2807 3111 2960 3163 σου,
3011 3096 3216 3151 ἔθεντο
3269 3093 3656 3164 Ἰερουσαλὴμ
3710 3094 3802 3156 εις

539 3190 1055 3260 ὀπωροφυλάκιον.
1088 3192 1329 3244 Ἕθεντο
1359 3190 1430 3244 τὰ
1467 3189 1794 3258 θνησιμαῖα
1833 3189 1952 3244 τῶν
2016 3189 2253 3244 δούλων
2283 3205 2400 3244 σου
2427 3190 2637 3260 ,ϐρῶμα
2678 3190 2803 3257 τοῖς
2842 3191 3133 3259 πετεινοῖς
3180 3190 3289 3246 τοῦ
3347 3188 3626 3260 ούρανοῦ,
3689 3190 3806 3252 τὰς

540 3282 772 3350 σάρκας
823 3281 940 3334 τῶν
965 3282 1153 3336 ὁσίων
1183 3296 1300 3336 σου
1356 3280 1482 3346 τοῖς
1539 3283 1764 3350 θηρίοις
1825 3281 1938 3351 τῆς
1983 3280 2112 3352 γῆς.
2166 3282 2444 3352 Ἐξέχεαν
2483 3284 2551 3336 τὸ
2583 3277 2725 3352 αἷμα
2753 3283 2952 3336 αὐτῶν
2986 3284 3067 3350 ὼς
3097 3283 3253 3352 ὕδωρ
3315 3283 3518 3346 κύκλῳ
3576 3281 3801 3348 Ἰερου-

539 3373 768 3443 σαλὴμ,
794 3374 894 3427 καὶ
940 3377 1052 3428 οὐκ
1089 3369 1170 3445 ἦν
1204 3377 1236 3427 ό
1283 3373 1540 3429 θάπτων.
1578 3375 1975 3444 Ἐγενήθημεν
2023 3375 2254 3442 ὄνειδος
2297 3375 2423 3442 τοῖς
2456 3377 2721 3448 γείτοσιν
2751 3376 2939 3446 ἡμῶν,
2976 3376 3386 3448 μυκτηρισμὸς
3422 3375 3518 3428 καί
3569 3378 3795 3444 χλευαο

539 3463 697 3533 σμὸς
737 3464 862 3530 τοῖς
901 3466 1104 3530 κύκλῳ
1148 3465 1336 3534 ἡμῶν.
1391 3467 1538 3520 ’Δντὶ
1585 3468 1642 3521 δὲ
1683 3467 1802 3532 τοῦ,
1845 3471 1934 3533 εις
1982 3468 2497 3540 όπωροςρυλάκιον,
2557 3471 2587 3523 ὁ
2629 3470 2728 3542 μὲν
2773 3469 3025 3534 Ἀκύλας,
3072 3470 3161 3537 είς
3213 3469 3598 3539 λιθολογίαν,
3634 3466 3665 3518 ὁ
3731 3465 3794 3519 δὲ

539 3557 852 3627 Σύμμαχος,
881 3558 966 3622 είς
996 3556 1259 3626 δρυμοὺς
1292 3556 1642 3613 ὲκδεδὼκασι.

611 3645 780 3703 Vens.
810 3646 843 3700 5
893 3644 1186 3716 Usquequo,
1209 3645 1446 3712 Domine,
1475 3649 1720 3703 irasceris
1743 3651 1795 3702 in
1815 3649 2005 3719 ﬁnem,
2031 3665 2116 3703 ac-
2141 3651 2189 3714 C

538 3737 790 3793 cendetur
831 3738 970 3792 velut
1011 3738 1149 3808 ignis
1181 3737 1325 3791 zelus
1357 3746 1478 3792 tuus
1507 3741 1533 3794 .9
1566 3738 1797 3794 Videtur
1825 3740 1954 3794 mihi
1984 3755 2113 3810 pro-

538 3830 701 3901 pheta
753 3829 938 3900 Asapb
988 3836 1112 3900 post
1158 3829 1570 3886 accusationem
1619 3830 1835 3886 Judaici
1886 3832 2109 3902 populi,

539 3936 703 3992 quam
740 3921 793 3975 in
826 3919 1157 3992 praecedenti
1183 3920 1456 3984 instituit,
1488 3921 1605 3976 hinc
1647 3921 1898 3992 apposite
1948 3919 2112 3975 indu-

480 4060 485 4065 .
538 4029 703 4076 cere,
749 4029 870 4084 qua:
916 4011 1076 4084 quasi
1125 4011 1192 4066 ad
1227 4011 1592 4082 placationem
1637 4023 1689 4068 et
1729 4013 1797 4068 ad
1843 4012 2109 4068 medelam

538 4121 728 4162 eorum
761 4120 882 4177 qua:
916 4105 1068 4175 prius
1096 4107 1426 4176 reprehensa
1457 4103 1607 4160 fuere
1631 4105 1930 4176 composita
1961 4113 2109 4160 sunt.

539 4197 806 4252 Reccnset
833 4198 1017 4268 itaque
1046 4198 1196 4252 varia
1225 4198 1418 4252 mortis
1441 4213 1640 4270 genera
1670 4197 1984 4254 Iudaeorum
2015 4199 2110 4270 qui

539 4305 640 4361 pro
686 4290 888 4360 pietate
933 4291 1254 4363 martyrium
1308 4297 1442 4346 tunc
1496 4293 1805 4348 subierunt.
1864 4290 2112 4358 Quorum

540 4381 832 4435 morticina
896 4382 1102 4438 inimici
1152 4382 1248 4437 Dei
1301 4383 1356 4437 in
1405 4398 1562 4439 escas
1622 4383 1937 4440 volatilibus
1981 4382 2111 4438 οωιί

539 4471 808 4527 dederunt
831 4514 846 4536 ,
878 4482 932 4528 et
966 4488 1166 4529 carnes
1209 4481 1531 4529 sanctorum
1566 4473 1658 4530 Dei
1700 4475 1894 4531 bestiis
1929 4481 2110 4529 terrae.

538 4561 855 4635 Opportune
883 4564 1048 4635 igitur
1075 4579 1175 4636 pro
1201 4563 1268 4621 iis
1296 4563 1466 4620 Deum
1499 4565 1682 4636 placat
1710 4603 1727 4628 .
1759 4580 1824 4621 ac
1855 4565 1900 4620 si
1935 4565 2112 4620 sacri-

537 4653 724 4708 licium
783 4653 887 4723 ipsi
940 4661 1117 4708 morte
1165 4659 1487 4708 sanctorum
1542 4668 1772 4709 suorum
1822 4652 2108 4709 oll'eratur.

2289 3647 2445 3713 ’Ἕως
2465 3647 2629 3709 πότε,
2652 3647 2846 3715 Κύριε,
2873 3645 3205 3718 ὀργισθήσῃ
3239 3647 3324 3712 εἰς
3348 3644 3540 3712 τέλος,
3569 3647 3789 3704 ἐκκαυ-

2218 3735 2462 3804 θήσεται
2478 3737 2558 3802 ώς
2581 3735 2698 3805 πῦρ
2727 3739 2760 3790 ὀ
2791 3735 2969 3805 ζῆλος
2989 3751 3142 3798 σου;
3164 3738 3320 3788 Δοκεῖ
3345 3737 3483 3806 μοιὸ
3507 3740 3792 3811 προφήτης

2231 3827 2401 3896 Ἀσὰφ
2425 3827 2562 3898 μετὰ
2589 3827 2685 3899 τὴν
2714 3828 2808 3880 τοῦ
2845 3827 3108 3882 Ἰουδαίων
3134 3828 3318 3893 ἔθνους
3345 3831 3697 3902 κατηγορίαν,
3721 3832 3793 3903 ἢν

2219 3917 2511 3989 πεποίηται
2541 3919 2601 3972 ὲν
2649 3918 2730 3990 τῷ
2776 3919 2881 3990 πρὸ
2937 3922 3158 3982 τούτου,
3207 3919 3276 3973 τὰ
3331 3920 3663 3992 προκείμενα
3697 3923 3789 3985 καὶ

2217 4009 2524 4074 ἀκολούθως
2579 4010 2829 4080 ἐπάγειν,
2871 4011 3217 4083 ἐξιλεούμενα
3266 4011 3453 4083 ὥσπερ
3491 4013 3586 4066 xal.
3629 4013 3788 4085 θερα-

2219 4100 2452 4154 πεύοντα
2495 4101 2565 4156 τὰ
2589 4101 2680 4156 διὰ
2725 4102 2834 4174 τῶν
2875 4103 3182 4176 ἔμπροσθεν
3217 4103 3577 4177 ἐληλεγμένα.
3607 4108 3788 4160 Κατα-

2219 4191 2365 4261 λέγει
2394 4193 2524 4262 γοῦν
2558 4193 2684 4258 τοὺς
2713 4195 2852 4267 ὑπὲρ
2894 4195 3172 4260 εύσεσείας
3214 4196 3474 4260 θανάτους
3505 4196 3614 4252 τῶν
3657 4198 3785 4270 παρ’

2221 4287 2404 4352 αὐτοῖς
2431 4287 2704 4352 Ἰουδαίοις
2740 4289 3239 4361 μεμαρτυρηκότων
3256 4305 3271 4319 ⁸
3298 4282 3374 4344 ὧν
3393 4290 3462 4343 τὰ
3493 4289 3784 4364 θνησιμαῖα

2215 4379 2264 4431 οἱ
2292 4377 2476 4451 ἐχθροὶ
2520 4377 2614 4432 τοῦ
2644 4377 2780 4432 Θεοῦ
2828 4378 3007 4432 ἔθεντο
3039 4379 3300 4452 βρώματα
3359 4384 3472 4446 τοῖς
3519 4385 3784 4445 πετεινοῖς

2217 4466 2311 4521 τοῦ
2353 4467 2584 4540 ούρανοῦ
2605 4507 2620 4532 ,
2649 4469 2744 4523 καὶ
2774 4469 2872 4532 τὰς
2915 4468 3124 4540 σάρκας
3163 4468 3272 4523 τῶν
3311 4469 3474 4523 ὁσίων
3517 4470 3612 4524 τοῦ
3651 4469 3779 4524 Θεοῦ

2217 4560 2330 4623 τοῖς
2361 4558 2569 4631 θηρίοις
2604 4559 2705 4629 τῆς
2737 4559 2858 4630 γῆς.
2899 4561 3183 4632 Εὑκαίρως
3223 4557 3400 4613 τοίνυν
3449 4559 3543 4614 ἐπὶ
3577 4559 3781 4624 τούτοις

2221 4651 2497 4708 ἱλάσκεται
2527 4653 2620 4706 τὸν
2663 4651 2794 4705 Θεὸν
2819 4691 2836 4717 ,
2873 4651 3074 4708 ὡσανεὶ
3100 4651 3288 4716 θυσίας
3329 4651 3478 4723 αὐτῷ
3516 4669 3782 4724 προσενη-

535 4745 902 4813 Quamobrem
943 4745 1059 4801 ait:
1094 4743 1390 4817 Usquequo,
1422 4745 1664 4810 Domine,
1695 4745 1940 4800 irasceris
1970 4746 2022 4800 in
2048 4747 2112 4816 ﬁ-

2218 4745 2486 4816 νεγμένης
2519 4744 2616 4798 τοῦ
2649 4745 2880 4800 θανάτου
2901 4745 3011 4801 τῶν
3059 4745 3220 4800 ὁσίων
3251 4743 3436 4799 αὑτοῦ.
3471 4745 3564 4798 Διό
3584 4759 3779 4816 φησιν’

537 4839 700 4892 nem?
724 4836 790 4890 ad
823 4836 1068 4906 priorum
1104 4838 1418 4892 memoriam
1449 4852 1758 4892 sermonem
1790 4836 2064 4895 reducens
2085 4879 2100 4903 .

537 4928 698 4998 queis
751 4928 1034 4983 dicebatur
1071 4947 1086 4984 :
1128 4926 1342 5000 thuid,
1391 4917 1571 4991 Deus,
1629 4929 1874 4999 repulisti
1930 4931 1984 4984 in
2036 4932 2107 5001 [i-

536 5035 656 5072 nem
685 5017 768 5072 "l
793 5016 924 5072 Vult
956 5017 1102 5073 enim
1134 5025 1434 5073 extremam
1465 5018 1612 5072 illam
1645 5019 1832 5089 p0puli
1882 5019 2100 5074 ruinam

535 5119 591 5166 et
615 5109 975 5181 abjectionem
999 5109 1266 5169 cohiberi.
1283 5117 1339 5164 et
1362 5123 1458 5180 per
1483 5109 1767 5180 sanguinis
1783 5118 2106 5166 sanctorum

537 5217 764 5258 suorum
802 5202 1120 5257 memoriam
1174 5201 1312 5256 iram
1369 5201 1572 5257 sedari.
1624 5199 1930 5272 Utrumque
1977 5217 2107 5258 vero

535 5292 767 5356 dictum,
804 5306 1018 5362 nempe,
1059 5290 1358 5364 Usquequo,
1395 5290 1641 5357 Domine,
1685 5293 1933 5347 irasceris
1964 5293 2018 5346 in
2048 5293 2111 5362 fi-

535 5387 694 5442 nem?
717 5394 772 5441 et
791 5385 938 5458 quod
961 5384 1233 5456 sequitur,
1271 5383 1594 5439 Exardescet
1624 5386 1759 5440 sicut
1788 5386 1922 5457 ignis
1958 5385 2106 5440 zelus

2219 4835 2366 4902 Ἕως
2406 4837 2579 4901 πότε,
2614 4837 2791 4905 Κύριε
2811 4876 2826 4900 ,
2857 4836 3190 4906 ὀρτισθήσῃ
3235 4837 3322 4903 είς
3374 4835 3582 4903 τέλος;
3632 4839 3782 4892 Ἀναο

2215 4923 2449 4996 πέμπων
2483 4927 2575 4981 τὸν
2604 4927 2759 4996 λόγον
2798 4927 2890 4980 ἐπὶ
2927 4926 3026 4999 τὴν
3061 4927 3280 4999 μνήμην
3318 4927 3428 4982 τῶν
3459 4926 3779 5000 ἔμπροσθεν,

2210 5017 2278 5072 δι’
2303 5011 2378 5072 ὧν
2409 5019 2620 5092 εἴρητο·
2663 5019 2854 5084 ἰνατί,
2900 5020 2934 5072 ό
2975 5018 3137 5086 Θεὸς,
3189 5017 3410 5073 ἀπώσω
3450 5021 3538 5086 εὶς
3576 5018 3780 5086 τέλος;

2212 5108 2468 5164 Βούλεται
2497 5109 2606 5181 γὰρ
2645 5109 2744 5182 τὴν
2787 5111 2866 5175 είς
2911 5110 3062 5174 τέλος
3101 5110 3416 5164 ἀπόπτωσιν
3455 5111 3548 5165 καὶ
3585 5110 3778 5164 ἀποδοηι

2213 5201 2312 5274 λὴν
2341 5201 2433 5255 τοῦ
2471 5201 2602 5255 λαοῦ
2639 5201 3010 5273 ἐπισχεθῆναι,
3036 5203 3129 5257 καὶ
3161 5203 3228 5257 τὰ
3255 5202 3355 5273 τῆς
3385 5201 3554 5274 ὀργῆς
3575 5201 3778 5258 παύσα-

2217 5293 2339 5347 σθαι
2365 5291 2452 5346 διὰ
2480 5291 2580 5362 τῆς
2621 5293 2839 5364 μνήμης
2880 5293 2974 5347 τοῦ
3002 5294 3232 5365 αἵματος
3261 5294 3369 5347 τῶν
3395 5295 3565 5364 ,ὁσίων
3595 5290 3776 5348 αὑτοῦ.

2215 5388 2351 5441 Κατ’
2395 5385 2701 5456 ἀμφότερον
2741 5384 2798 5438 δὲ
2833 5386 3041 5463 ἀκούσῃ
3081 5388 3164 5454 τὸ,
3191 5388 3337 5455 Ἕως
3381 5387 3544 5456 πότε,
3584 5387 3777 5456 Κύριε,

607 5565 654 5600 ’⁸³
688 5565 710 5620 1
747 5566 923 5624 Mach.
955 5583 1006 5634 ι,
1036 5566 1128 5622 2|.
1205 5565 1249 5599 "’
1290 5565 1420 5622 ibid.
1456 5565 1546 5621 Η.
1624 5565 1672 5597 ⁸ο
1711 5565 1841 5622 ibid.
1861 5566 1963 5639 .57.
2001 5565 2104 5649 ,ξί-

2216 5565 2260 5623 1.
2293 5565 2382 5622 65.
2463 5567 2508 5601 ε’
2545 5567 2690 5625 Psat.
2727 5583 2934 5638 Lnln,
2973 5568 3027 5623 l.

607 5722 682 5792 (1)
715 5721 838 5778 llaec
857 5723 913 5781 in
935 5721 1122 5780 Bibliis
1145 5722 1365 5794 paulum
1390 5721 1606 5779 diversa
1637 5730 1788 5778 sunt.
