4078 6934
325 404 432 459 9ιὸ

1454 405 1963 465 COMMENTARIA
2002 406 2072 464 IN
2113 402 2450 463 PSALMOS.

3473 404 3582 461 946

321 519 652 593 ὀργισθήσῃ
680 523 768 588 είς
806 520 1014 588 τέλος
1041 522 1134 575 καὶ
1177 519 1319 575 κατὰ
1346 522 1471 587 τοὺς
1503 523 1630 594 ἑξῆς
1664 523 1907 592 ἐπιλεγο-

2020 532 2144 579 tuus
2168 525 2192 578 ?
2217 522 2299 577 sic
2331 519 2643 589 intelligas:
2680 517 2978 588 Quousque
3010 518 3126 574 base
3154 520 3350 575 erunt?
3377 519 3587 577 Dicitur

325 615 540 688 μένους,
581 610 1045 679 Ἐκκαυθήσεται
1069 611 1150 678 ὡς
1173 611 1292 680 πῦρ
1321 614 1354 665 ό
1381 609 1559 679 ξῆλός
1580 629 1734 674 σους
1766 613 1911 678 Ἕως

325 706 454 760 πότε
484 704 593 777 γάρ
625 705 718 758 καὶ⁵
742 702 901 757 τοῦτο
925 703 1110 768 ἔσται;
1142 703 1404 758 Λέλεκται
1433 704 1490 758 δὲ
1521 707 1552 760 ό
1575 703 1736 776 ζῆλος
1769 703 1911 758 κατὰ

323 796 638 871 παραϐολὴν
675 795 786 850 τῶν
828 797 898 850 δι’
926 795 1232 868 ὑπερϐολὴν
1269 795 1558 860 διαθέσεως
1607 796 1912 866 ζηλούντων

321 889 422 955 τὰς
450 889 658 943 ἑαυτῶν
687 887 952 960 γαμετὰς,
977 889 1025 941 εί
1052 887 1368 960 προσέχοιεν
1389 887 1595 958 έτεροις
1618 886 1874 959 ἀνδράσιν
1891 903 1904 916 ·

321 981 468 1036 οὕτω
492 981 621 1050 γοῦν
652 980 748 1034 καὶ
779 979 874 1033 ἐπὶ
910 978 1004 1032 τοῦ
1045 978 1179 1032 Θεοῦ
1233 979 1334 1049 τὴν
1369 977 1650 1051 ἐκδίκησιν
1680 979 1787 1033 τῶν
1813 979 1911 1042 τάς

325 1073 466 1146 πρὸς
505 1071 666 1126 αὑτὸν
734 1069 1010 1141 συνθήκας
1056 1069 1501 1143 παραϐαινόντων
1545 1069 1706 1142 ζῆλον
1752 1069 1910 1125 εἴωθε

324 1164 510 1219 καλεῖν
561 1164 592 1218 ό
637 1162 814 1232 λόγος.
861 1161 1116 1216 ἰκετεύει
1159 1161 1339 1216 τοίνυν
1383 1164 1413 1216 ό
1456 1163 1747 1235 Προφήτης
1791 1164 1910 1232 ἦτοι

321 1254 382 1322 ἐξ
419 1253 551 1310 ίδίου
581 1251 897 1326 προσώπου,
926 1252 960 1324 ἢ
991 1253 1086 1306 καὶ
1117 1252 1192 1318 ὡς
1230 1255 1296 1306 ὲκ
1321 1251 1430 1306 τῶν
1457 1252 1598 1307 κατὰ
1623 1255 1751 1318 τοὺς
1790 1255 1910 1308 ’Δν-

320 1347 502 1418 τιόχου
552 1345 777 1420 χρόνους
830 1345 1225 1411 διασωθέντων,
1276 1345 1413 1416 μετὰ
1455 1346 1556 1417 τὴν
1605 1346 1913 1419 πρόρρησιν

316 1437 430 1493 τῶν
459 1439 763 1510 μελλόντων
797 1438 1015 1492 ἔσεσθαι
1054 1438 1196 1492 κατὰ
1235 1437 1500 1508 Ἀντίοχον
1535 1438 1628 1493 τὸν
1665 1439 1765 1510 τῆς
1809 1440 1912 1492 Συ-

321 1528 443 1602 ρίας
467 1530 710 1601 βασιλέα,
745 1529 865 1584 καθ’
894 1530 954 1584 ὃν
981 1531 1032 1584 oi
1057 1530 1196 1584 ὅσιοι
1230 1529 1326 1584 τοῦ
1350 1529 1486 1584 Θεοῦ
1522 1530 1614 1584 τὸν
1653 1531 1794 1604 ὑπὲρ
1820 1531 1911 1585 εύ-

319 1622 536 1688 σεϐείας
581 1622 813 1678 θάνατον
845 1623 1316 1694 ὑπομεμενήκασι,
1357 1622 1670 1677 παύσασθαι
1711 1622 1812 1693 μὲν
1841 1624 1911 1678 τὰ

316 1713 416 1784 τῆς
448 1713 620 1786 ὀργῆς
646 1714 746 1785 τῆς
781 1713 926 1768 κατὰ
953 1713 1050 1767 τοῦ
1087 1713 1240 1780 λαοῦ,
1274 1714 1549 1786 μετελθεῖν
1577 1715 1636 1769 δὲ
1689 1715 1813 1781 τοὺς
1860 1717 1916 1769 ὲ-

318 1802 517 1874 χθροὺς
539 1803 832 1860 αὐτοῦ.Διό
856 1820 1042 1876 φησιν’
1072 1806 1321 1876 Ἕκχεον
1343 1805 1458 1875 τὴν
1478 1807 1663 1878 ὀργήν
1681 1824 1798 1864 σου
1817 1809 1915 1863 ἐπὶ

2013 623 2196 669 autem
2227 615 2400 680 zelus,
2425 613 2493 669 ad
2523 613 2836 682 exemplum
2867 626 3058 667 eorum
3089 613 3184 682 qui
3218 612 3400 668 nimia:
3442 615 3589 669 zelo-

2011 706 2174 777 typia:
2201 706 2395 778 allecti:
2426 711 2684 762 tenentur
2701 720 2831 776 erga
2851 720 3075 770 uxores,
3098 705 3147 760 si
3178 705 3245 762 ad
3274 707 3413 763 alios
3441 707 3591 765 viros

2013 797 2311 864 accedant;
2347 798 2430 853 sic
2460 798 2608 854 enim
2636 806 2691 852 et
2721 796 2779 850 in
2803 795 2916 852 Deo
2947 798 3212 854 ultionem
3268 813 3458 854 eorum
3493 798 3588 870 qui

2013 899 2172 963 pacta
2195 906 2322 946 cum
2353 906 2422 947 eo
2456 890 2595 946 inita
2627 890 2959 962 transgressi
3014 901 3169 953 sunt,
3205 893 3384 946 zelum
3438 891 3591 948 Scri-

2013 991 2173 1054 ptura
2196 983 2337 1038 solet
2366 981 2661 1053 appellare.
2691 981 2979 1053 Supplicat
2995 998 3127 1054 ergo
3151 982 3449 1054 Propheta,
3472 985 3590 1039 sive

2012 1074 2328 1148 ex‘propria
2359 1089 2616 1146 persona,
2635 1073 2752 1130 sive
2775 1088 2964 1130 eorum
2993 1074 3213 1130 nomine
3229 1074 3321 1144 qui
3345 1081 3592 1145 tempore

2015 1164 2273 1220 Antiochi
2305 1164 2443 1221 salvi
2477 1163 2608 1219 lacti
2630 1171 2783 1228 sunt,
2816 1173 2941 1234 post
2969 1163 3379 1235 praedictionem
3396 1177 3591 1218 eorum

2013 1274 2136 1330 qua:
2160 1267 2410 1330 tempore
2440 1257 2698 1313 Antiochi
2730 1257 2902 1330 Syria:
2937 1257 3085 1327 regis
3115 1263 3380 1312 eventura
3407 1265 3588 1320 erant,

2013 1349 2237 1421 quando
2261 1349 2438 1404 sancti
2470 1346 2563 1403 Dei
2601 1362 2700 1419 pro
2729 1348 2932 1418 pietate
2967 1355 3202 1402 mortem
3233 1345 3455 1402 subiere
3474 1384 3489 1409 ,
3530 1352 3590 1400 ut

2014 1449 2194 1498 cesset
2246 1441 2328 1496 ira
2393 1440 2598 1511 populo
2651 1438 2922 1504 immissa,
2957 1446 3013 1494 et
3065 1436 3288 1492 invadat
3339 1437 3594 1492 inimicus

2013 1529 2156 1600 ejus.
2188 1527 2555 1595 Quamobrem
2579 1529 2655 1582 ait
2686 1547 2700 1583 :
2732 1527 2987 1584 —Vnns.
3023 1527 3079 1592 6,
3108 1528 3159 1583 7.
3195 1525 3425 1596 Eﬂ'undc
3453 1527 3592 1581 iram

2018 1632 2165 1676 tuam
2193 1623 2248 1676 in
2268 1631 2444 1692 gentes
2475 1637 2593 1690 qua:
2616 1630 2667 1676 te
2692 1638 2796 1676 non
2829 1631 3108 1685 noverunt,
3130 1629 3179 1674 et
3210 1621 3262 1674 in
3287 1637 3449 1691 regna
3474 1635 3592 1690 quae

2017 1731 2204 1769 nomen
2265 1722 2412 1767 tuum
2462 1730 2569 1768 non
2622 1714 3010 1768 invocaverunt.
3067 1713 3209 1779 Quia
3257 1711 3593 1767 comederunt

2015 1805 2206 1870 Iacob,
2241 1817 2290 1860 et
2313 1806 2486 1861 locum
2515 1807 2628 1876 ejus
2686 1805 3075 1862 desolavcrunt.
3107 1805 3424 1875 Opportune
3474 1805 3594 1860 exi-

320 1895 393 1948 τὰ
424 1895 568 1962 ἔθνη
602 1893 675 1949 τὰ
697 1893 785 1964 μὴ
816 1893 1188 1964 τινώσκοντά
1212 1911 1308 1961 σε,
1339 1897 1438 1952 καί
1469 1898 1570 1952 ἐπὶ
1588 1900 1907 1967 ,βασιλείας

2014 1899 2179 1954 stimo
2205 1899 2296 1954 hic
2355 1898 2544 1954 Jacobi
2599 1899 2936 1954 mentionem
2992 1897 3132 1964 ﬁeri,
3165 1899 3236 1953 ob
3268 1899 3592 1968 religionem

319 1983 382 2040 al
427 1983 493 2039 τὸ
541 1983 729 2054 ὄνομά
765 2000 886 2040 σου
921 1987 1033 2040 οὐκ
1066 1985 1536 2045 ἐπεκαλέσαντο.
1581 1991 1701 2044 Ὅτι
1745 1989 1913 2044 κατέ-

321 2093 517 2146 φαγον
553 2077 662 2130 τὸν
697 2075 914 2142 Ἰακὼϐ,
948 2077 1047 2132 καὶ
1086 2077 1196 2132 τόν
1232 2080 1419 2134 τόπον
1450 2081 1638 2136 αὑτοῦ
1681 2080 1913 2152 ἠρήμω-

320 2184 464 2224 σαν.
497 2169 654 2223 Κατά
697 2168 890 2240 καιρὸν
935 2169 991 2222 δὲ
1039 2171 1097 2224 ὲν
1139 2171 1348 2236 τούτοις
1384 2172 1480 2226 τοῦ
1526 2173 1721 2228 Ἰακὼϐ
1757 2169 1911 2248 οἶμαι

324 2260 650 2332 πεποιῆσθαι
678 2261 777 2332 τὴν
811 2261 1030 2333 μνήμην
1054 2263 1153 2334 τῆς
1177 2263 1272 2317 τοῦ
1302 2264 1532 2319 παλαιοῦ
1566 2267 1912 2338 προπάτορος

323 2351 634 2417 θεοσεϐείας
673 2353 853 2406 ἕνεκα.
892 2354 980 2418 Ὠς
1011 2354 1122 2427 γάρ
1166 2357 1600 2430 ὑπομιμνήσκων
1647 2359 1738 2414 τὸν
1780 2360 1912 2414 Θεὸν

319 2441 418 2496 τοῦ
456 2443 735 2514 θεοφιλοῦς
762 2447 954 2520 άνδρός
985 2448 1080 2502 καὶ
1110 2447 1210 2520 τῆς
1238 2449 1448 2505 ἐκείνου
1478 2451 1699 2524 άρετῆς,
1740 2453 1912 2507 δυσω-

325 2536 420 2588 πεῖ
461 2535 552 2590 διὰ
600 2537 700 2608 τῆς
748 2539 958 2594 ἐκείνου
995 2541 1235 2612 μνήμης,
1284 2542 1379 2596 καὶ¹
1432 2542 1666 2598 ίλεοῦται
1708 2543 1776 2598 τά
1808 2563 1912 2598 πα-

324 2626 501 2700 ρόντα.
547 2630 635 2684 Ἐν
662 2632 760 2701 μὲν
801 2631 880 2704 τῷ
918 2633 1023 2704 πρὸ
1066 2634 1257 2689 τούτου
1296 2636 1518 2709 ψαλμῷ,
1549 2639 1788 2710 ὁπηνίκα
1814 2638 1909 2693 τοῦ

331 2717 528 2792 Ἰωσὴφ
560 2722 965 2794 ἐμνημόνευεν,
1001 2727 1064 2780 οὐ
1113 2727 1204 2781 τὸν
1247 2729 1468 2799 Ἰωσήφ,
1496 2727 1633 2783 άλλά
1670 2730 1732 2784 τὸ
1778 2732 1910 2802 σκή-

319 2823 484 2880 νωμα
513 2811 677 2865 αὑτοῦ
707 2814 1108 2888 άποϐεϐλῆσθαι
1140 2817 1292 2886 ἔλεγε
1335 2818 1422 2872 διὰ
1450 2819 1542 2874 τοῦ
1563 2837 1576 2851 ·
1605 2820 1717 2874 Kal
1748 2821 1907 2876 ἀπώ-

323 2913 476 2955 σατο
503 2902 570 2955 τὸ
597 2902 887 2976 σκήνωμα
912 2907 1156 2978 Ἰωσὴφ,
1181 2909 1279 2963 καί
1308 2910 1424 2979 τὴν
1440 2913 1647 2982 φυλὴν
1669 2915 1909 2985 Ἐφρατμ

323 2994 436 3047 οὐκ
475 2993 815 3062 ἐξελέξατο,
849 2997 941 3052 τοῦ
986 2999 1144 3069 λόγου
1197 3002 1551 3072 σημαίνοντος
1585 3005 1678 3058 τὸν
1713 3007 1771 3060 ὲν
1808 3007 1910 3078 Ση-

324 3081 445 3154 λὼμ
491 3085 688 3139 τόπονο
724 3087 954 3162 ἐπείπερ
1001 3091 1060 3143 ὲν
1112 3090 1296 3164 κλήρῳ
1337 3094 1438 3165 τῆς
1484 3095 1658 3165 φυλῆς
1716 3095 1909 3170 Ἰωσὴφ

325 3173 503 3228 ἔκειτο
531 3177 566 3247 ή
596 3176 795 3249 Σηλώμ
814 3195 829 3210 ο
857 3180 916 3232 ὲν
948 3180 1156 3248 τούτοις
1183 3183 1240 3237 δὲ
1270 3184 1364 3238 τοῦ
1410 3185 1604 3240 Ἰακὼϐ
1636 3187 1908 3259 μέμνηται

324 3353 512 3422 γόνους
553 3355 648 3409 τοῦ
685 3356 962 3428 θεοφιλοῦς
1013 3362 1205 3436 ἀνδρὸς
1243 3364 1440 3436 δηλῶν,
1473 3366 1560 3422 διὰ
1597 3368 1656 3424 δὲ
1693 3368 1786 3422 τοῦ
1813 3371 1905 3424 τό-

324 3465 427 3502 που
455 3447 620 3504 αὐτοῦ
650 3451 750 3522 τὴν
781 3452 1134 3527 Ἰερουσαλὴμ
1162 3457 1463 3528 σημαίνων,
1485 3459 1553 3530 ῆν
1594 3461 1674 3525 είς
1706 3460 1911 3533 ἔρημον

323 3539 502 3597 ἐλθεῖν
524 3542 666 3597 κατά
686 3547 813 3609 τοὺς
854 3545 1123 3618 Ἀντιόχου
1151 3549 1351 3620 συνέϐη
1376 3547 1618 3622 χρόνους.
1644 3547 1758 3607 Εἶθ’
1782 3552 1910 3624 ἑξῆς

321 3634 592 3705 ἐπιλέγει⁸
644 3635 741 3706 Μὴ
787 3639 1070 3708 μνησθῇς
1111 3641 1283 3710 ἡμῶν
1323 3642 1586 3712 ἀνομιῶν
1625 3644 1904 3713 ἀρχαίων.

321 3727 388 3780 Ol
418 3727 465 3780 δ’
503 3727 644 3800 ὑπὲρ
689 3729 931 3802 ἀρχαίων
975 3733 1387 3805 ἁμαρτημάτων
1431 3735 1710 3807 εὐχόμενοι
1759 3736 1904 3807 δῆλοι

319 3816 388 3874 ἂν
426 3814 536 3873 εἷεν
574 3819 650 3892 μὴ
693 3822 977 3894 νεωτέροις
1021 3826 1326 3896 ὲνεχόμενοι
1368 3827 1718 3899 πταίσμασιν.
1766 3829 1908 3883 Ἀντὶ

320 3905 380 3962 δὲ
410 3908 527 3977 τοῦ,
558 3911 714 3980 Ταχὺ
751 3914 1367 3980 προκαταλαϐέτωσαν
1397 3916 1555 3987 ἡμᾶς
1594 3922 1649 3973 ol
1693 3922 1908 3989 οἰκτιρ-

323 4000 422 4070 μοί
447 4016 589 4066 σου,
621 4003 713 4058 ὅτι
743 4003 1208 4076 ἐπτωχεύσαμεν
1233 4008 1490 4076 σφόδρα,
1515 4011 1545 4062 ό
1577 4010 1902 4082 Σύμμαχος,

329 4092 618 4161 Τάχυνον,
645 4097 1140 4164 προκαταλαϐέτω
1172 4099 1330 4170 ἡμᾶς
1359 4102 1430 4154 τὰ
1471 4101 1610 4170 ἐλέη
1640 4118 1778 4162 σου.
1815 4104 1904 4158 ὅτι

324 4183 706 4257 titaniaque?
731 4191 985 4260 σφόδρα,
1014 4193 1378 4264 ήρμήνευσεν.
1405 4197 1615 4269 Ὥσπερ
1649 4197 1706 4250 δὲ
1739 4198 1905 4272 ἀθλη-

321 4275 443 4346 τὴς,
473 4277 700 4344 πολλοὺς
733 4280 974 4346 ὑποστὰς
999 4284 1213 4352 ἀγῶνας
1253 4287 1350 4339 καὶ
1380 4287 1574 4351 ἄθλους
1606 4289 1903 4360 ὑπομείνας

323 4367 552 4434 πολλοὺς
592 4371 653 4424 ὲν
691 4373 930 4442 φροντίδι
975 4375 1298 4448 καθέστηκε,
1339 4380 1414 4450 μή
1460 4397 1535 4451 πη
1581 4381 1905 4456 ὲξατονήσας

322 4457 466 4532 πέσῃ
485 4475 499 4489 ·
529 4459 622 4513 τὸν
651 4461 817 4516 αὐτον
838 4464 1039 4536 τρόπον
1077 4466 1172 4520 καὶ
1199 4467 1308 4520 οῖδε
1372 4469 1670 4524 ἱκετεύουσι
1697 4489 1903 4543 προκα-

318 4548 657 4622 ταληφθῆναι
707 4555 804 4608 καὶ
851 4553 1102 4626 βοηθείας
1145 4560 1345 4629 τυχεῖν.
1397 4560 1487 4614 Διό
1529 4579 1693 4630 φασι·
1747 4563 1903 4633 Ταχὺ

2014 1989 2179 2061 prisci
2214 1990 2360 2046 illius
2393 1989 2558 2045 atavi.
2608 1987 2746 2044 Nam
2785 1989 2947 2044 talem
2983 1989 3160 2043 virum
3189 1987 3304 2044 Deo
3331 1988 3591 2044 dilectum

2012 2084 2244 2154 ejusque
2267 2081 2528 2136 virtutem
2572 2080 2676 2151 ipsi
2731 2078 2843 2136 Deo
2878 2093 3343 2144 commemorans,
3372 2079 3592 2135 videtur

2011 2174 2135 2245 ejus
2162 2173 2438 2230 mentione
2469 2171 2612 2227 facta
2643 2173 2822 2242 ipsum
2854 2171 3165 2242 deprecari,
3184 2180 3238 2225 et
3261 2171 3316 2225 in
3333 2171 3590 2242 prmsenti

2011 2282 2146 2324 casu
2199 2267 2498 2338 pr0pitium
2563 2264 2813 2320 reddere.
2869 2263 2926 2320 ln
2981 2263 3314 2336 praecedenti
3368 2263 3590 2336 quidem

2013 2360 2246 2430 psalmo,
2281 2358 2506 2429 quando
2540 2357 2840 2428 Josephum
2869 2358 3218 2423 memoravit,
3248 2373 3361 2413 non
3411 2358 3590 2428 ipsum

2011 2452 2332 2524 Josephum,
2356 2453 2454 2509 sed
2484 2450 2903 2508 tabernaculum
2933 2450 3056 2521 ejus
3104 2451 3386 2522 repulsum
3419 2449 3592 2504 fuisse

2011 2545 2152 2601 dixit
2183 2545 2270 2600 his
2299 2545 2483 2600 verbis
2517 2565 2529 2599 :
2577 2543 2647 2598 Et
2683 2543 2874 2612 repulit
2919 2542 3318 2597 tabernaculum
3366 2540 3585 2611 Joseplt,

2011 2647 2060 2692 et
2098 2637 2293 2691 tribum
2323 2635 2579 2707 Ephraim
2611 2653 2714 2692 non
2761 2637 2914 2707 elegit
2948 2636 3020 2701 ⁸³,
3063 2635 3264 2704 hisque
3311 2633 3590 2706 signiﬁcat

2013 2729 2191 2785 locum
2227 2728 2380 2784 illum
2413 2728 2470 2783 in
2515 2727 2631 2782 Silo
2660 2728 2866 2794 situm;
2899 2726 3028 2798 quia
3077 2728 3131 2781 in
3185 2727 3331 2782 tribu
3386 2724 3588 2798 Joseph

2013 2821 2126 2878 Silo
2152 2821 2390 2891 jacebat.
2425 2820 2525 2875 llic
2553 2836 2686 2876 vero
2715 2819 2980 2874 Jacobum
3013 2819 3264 2875 meminit
3297 2826 3354 2874 et
3402 2819 3584 2873 locum

2011 2911 2133 2981 ejus
2165 2929 2179 2965 :
2214 2926 2311 2981 per
2339 2909 2626 2975 Iacobum,
2651 2909 2891 2981 religiosi
2925 2908 3074 2964 illius
3097 2909 3200 2963 viri
3224 2917 3474 2980 posteros
3499 2908 3584 2963 in-

2009 3005 2232 3070 dicans;
2263 3020 2358 3075 per
2385 3005 2562 3059 locum
2586 3018 2716 3059 vero
2735 3001 2878 3072 ejus,
2911 3000 3376 3072 Hierosolymam,
3420 3014 3588 3071 quam

2011 3097 2066 3151 in
2099 3097 2450 3153 solitudinem
2480 3096 2615 3152 verti
2648 3103 2894 3167 tempore
2916 3095 3174 3154 Antiochi
3195 3094 3445 3165 contigit.
3473 3093 3588 3149 Sub

2013 3189 2128 3244 haec
2157 3188 2344 3258 adjicit
2377 3207 2391 3242 :
2417 3218 2486 3227 —
2520 3186 2685 3242 Vens.
2718 3187 2779 3240 8.
2807 3185 2888 3242 Ne
2914 3186 3212 3242 memineris
3241 3186 3585 3257 iniquitatum

219 3266 224 3270 ’
324 3263 420 3317 καὶ
445 3263 541 3318 τοῦ
572 3266 740 3319 τόπου
789 3268 982 3322 αὐτοῦ·
1017 3270 1104 3324 διά
1139 3272 1239 3342 μὲν
1274 3274 1370 3327 τοῦ
1409 3275 1601 3329 Ἰακὼϐ
1623 3277 1749 3342 τοὺς
1779 3278 1907 3332 ἀπο-

2014 3287 2320 3334 nostrarum
2364 3275 2725 3348 antiquarum.
2774 3276 2881 3333 Eos
2927 3277 3023 3348 qui
3058 3291 3158 3348 pro
3197 3275 3446 3347 pristinis
3476 3276 3587 3333 illis

2011 3373 2256 3442 peccatis
2309 3372 2643 3442 supplicant,
2690 3371 2869 3440 palam
2909 3378 2994 3426 est
3037 3386 3147 3425 non
3181 3385 3307 3426 esse
3359 3369 3588 3440 nuperis

2009 3463 2222 3521 delictis
2264 3463 2555 3520 obnoxios.
2607 3463 2714 3518 Pro
2751 3463 2844 3516 illo
2872 3469 3054 3519 autem
3087 3502 3105 3529 ,
3143 3461 3264 3518 Cito
3303 3463 3589 3531 anticipent

2009 3574 2104 3612 nos
2153 3554 2532 3610 misericordia:
2589 3563 2714 3620 tuaz,
2756 3554 2883 3624 quia
2917 3569 3170 3624 pauperes
3221 3553 3353 3623 [acti
3402 3569 3588 3609 sumus

2009 3649 2166 3702 nimis
2185 3687 2201 3713 ,
2239 3647 2626 3720 Symmaehus,
2652 3646 2923 3711 Accelera,
2945 3646 3268 3714 prazveniant
3303 3662 3397 3700 nos
3432 3645 3589 3698 mise-

2011 3737 2260 3791 ricordia:
2286 3746 2412 3801 tua),
2446 3738 2572 3807 quia
2607 3735 2870 3805 infirmati
2899 3751 3084 3789 sumus
3113 3733 3286 3800 valde,
3318 3735 3585 3804 interpre-

2009 3833 2157 3882 tatus
2189 3835 2294 3881 est.
2329 3823 2800 3892 Quemadmodum
2829 3824 2976 3879 enim
3008 3824 3214 3881 athleta
3263 3823 3359 3894 qui
3416 3823 3587 3877 multa

2008 3918 2178 3972 subiit
2211 3917 2536 3982 certamina,
2577 3925 2630 3972 et
2685 3930 2898 3988 pugnas
2947 3915 3152 3972 multas
3197 3915 3488 3978 sustinuit,
3529 3915 3588 3968 in

2008 4009 2386 4065 sollicitudine
2412 4008 2580 4079 degit,
2617 4023 2684 4063 ne
2710 4007 2945 4063 debilior
2991 4005 3170 4062 factus
3223 4005 3478 4072 labatur;
3513 4005 3588 4060 ita

2010 4099 2065 4152 hi
2103 4113 2322 4168 quoque
2379 4104 2790 4174 precanturse
2840 4095 3154 4166 prznmuniri
3213 4101 3268 4150 et
3320 4093 3586 4148 auxilium

2007 4191 2297 4262 consequi.
2329 4189 2509 4256 Quare
2541 4189 2695 4243 aiunt
2723 4205 2740 4245 :
2772 4187 2894 4245 Cito
2926 4188 3215 4257 anticipent
3248 4204 3344 4241 nos
3376 4187 3586 4241 miseri-

2007 4283 2204 4336 cordia:
2258 4291 2382 4346 tum,
2437 4297 2564 4349 quia
2605 4294 2864 4350 pauperes
2917 4278 3049 4348 facti
3095 4294 3277 4332 sumus
3306 4277 3583 4332 nimis.—

2008 4373 2176 4429 Vsns.
2211 4373 2265 4429 9.
2311 4372 2524 4441 Adjuva
2552 4388 2671 4437 nos,
2701 4369 2841 4425 Deus
2870 4372 3105 4425 salvator
3137 4379 3336 4434 noster,
3368 4379 3582 4439 propter

2007 4466 2236 4538 gloriam
2265 4463 2494 4518 nominis
2527 4462 2607 4516 tui
2632 4476 2652 4526 ,°
2679 4460 2922 4526 Domine,
2961 4459 3126 4514 libera
3155 4477 3272 4521 nos,
3322 4469 3371 4513 ct
3403 4459 3586 4527 propi-

2010 4558 2116 4612 tius
2145 4565 2257 4612 esto
2285 4554 2515 4626 peccatis
2548 4551 2747 4606 nostris
2778 4559 2994 4620 propter
3025 4566 3214 4604 nomen
3255 4558 3425 4604 tuum.
3459 4547 3585 4603 llzec

321 4645 936 4710 προκαταλαϐέτωσαν
982 4647 1140 4718 ἡμᾶς
1189 4653 1243 4704 οὶ
1303 4653 1590 4722 οἰκτιρμοί
1640 4671 1778 4719 σου,
1811 4657 1900 4710 ὅτι

2010 4647 2278 4717 Propheta
2317 4661 2384 4701 ex
2415 4660 2649 4716 persona
2689 4658 2878 4697 eorum
2911 4641 3004 4711 qui
3042 4649 3285 4711 tempore
3331 4641 3586 4696 Antiochi

317 4730 780 4805 ἑπτωχεύσαμεν
807 4739 1059 4809 σφόδρα.
1098 4741 1412 4812 Βοήθησον
1437 4745 1600 4815 ἡμῖν,
1631 4750 1664 4802 ό
1693 4747 1838 4816 Θεὸς
1869 4753 1916 4805 δ’

324 4825 524 4895 σωτὴρ
572 4828 760 4897 ἡμῶν,
815 4831 1024 4886 ἕνεκεν
1069 4832 1177 4902 τῆς
1225 4835 1409 4905 δοξῆς
1455 4838 1562 4894 τοῦ
1609 4840 1901 4911 ὀνόματός

321 4932 440 4972 σου
463 4936 477 4948 ·
507 4921 704 4988 Κύριε,
727 4923 911 4990 ῥῦσαι
933 4925 1108 4996 ἡμᾶς,
1141 4929 1240 4983 καί
1264 4930 1540 5001 advance
1560 4932 1688 5000 ταῖς
1714 4937 1901 5004 ἀμαρ-

323 5010 478 5077 τίαις
517 5011 686 5081 ἡμῶν
726 5014 934 5070 ἕνεκεν
965 5019 1072 5073 τοῦ
1109 5021 1398 5090 ὀνόματός
1419 5038 1556 5079 σου.
1589 5027 1701 5079 Καὶ
1727 5027 1902 5082 ταῦτα

319 5099 352 5152 ό
388 5101 678 5174 Προφήτης
702 5104 767 5158 ὲκ
796 5105 1088 5176 προσώπου
1131 5109 1240 5162 τῶν
1274 5111 1414 5164 κατά
1453 5113 1732 5184 Ἀντίοχον
1753 5113 1906 5184 βασι-

322 5188 418 5245 λέα
443 5189 815 5263 δεδιωγμένων
841 5196 1173 5268 προφέρεται
1195 5216 1209 5230 ο
1242 5201 1592 5272 προφητικῶς
1619 5202 1724 5274 τὴν
1746 5204 1909 5278 εὐχὴν

319 5281 411 5337 διὰ
439 5283 538 5354 τῆς
570 5285 789 5356 γραφῆς
819 5289 931 5351 τοῖς
955 5289 1208 5359 μέλλουσι
1235 5291 1523 5346 διώκεσθαι
1562 5295 1897 5365 καταλιπὼν,

320 5372 400 5439 ῶς
441 5372 510 5428 ἂν
547 5374 719 5446 ἔχοιεν
756 5375 814 5443 ἐξ
865 5378 1082 5448 ἑτοίμου
1122 5381 1340 5447 ειδέναι,
1387 5383 1590 5448 ὁποίοις
1635 5388 1900 5458 προσήκει

323 5465 622 5538 κεχρῆσθαι
663 5465 858 5531 αὐτοὺς
894 5467 1072 5538 λόγοις
1111 5470 1168 5523 ὲν
1212 5474 1331 5536 ταῖς
1360 5473 1494 5545 πρὸς
1521 5473 1614 5528 τὸν
1646 5476 1778 5530 Θεὸν
1809 5477 1900 5530 εύ-

328 5558 463 5625 χαῖς.
496 5557 574 5610 Οὐ
621 5557 728 5628 μὴν
767 5559 847 5622 είς
890 5559 1130 5625 ἐκείνους
1183 5561 1377 5632 μόνους
1411 5564 1627 5620 ἵσταται
1655 5567 1724 5621 τὰ
1751 5567 1904 5637 λεγό-

331 5665 496 5717 μενα·
549 5648 808 5720 ἁρμόσειε
853 5651 912 5705 δὲ
964 5654 1057 5707 καὶ
1104 5655 1236 5708 πᾶσι
1286 5659 1399 5722 τοῖς
1429 5656 1500 5712 τά
1545 5659 1898 5731 παραπλήσια

333 5737 613 5794 πεπονθόσι
635 5778 660 5806 ι
679 5741 800 5795 ἐπεὶ
824 5743 917 5796 καὶ
946 5745 1003 5799 ἐν
1030 5749 1139 5812 τοῖς
1166 5748 1286 5803 καθ’
1316 5750 1459 5820 ἡμᾶς
1488 5750 1762 5822 διωγμοῖς,
1802 5770 1900 5824 μυ-

396 5894 441 5926 ⁶³
481 5894 626 5952 l’sal.
659 5913 841 5954 uxvn
869 5940 882 5964 ,
917 5901 1008 5958 (i7.

2009 4739 2156 4811 regis
2210 4732 2970 4810 vexabantur,gpronuntiat;
3024 4734 3328 4786 orationem
3389 4730 3457 4786 iis
3491 4731 3588 4802 qui

2010 4831 2452 4904 persecutionem
2491 4829 2708 4902 passuri
2755 4835 2914 4884 erant
2969 4827 3232 4896 scriptam
3271 4825 3589 4896 prophetice

2009 4924 2364 4994 relinquens,
2419 4932 2488 4976 ut
2533 4922 2588 4976 in
2651 4930 2904 4991 promptu
2952 4933 3289 4989 cognoscere
3337 4926 3585 4988 possent,

2010 5015 2212 5088 quibus
2239 5015 2317 5070 uti
2352 5012 2536 5070 verbis
2571 5013 2624 5066 in
2679 5013 2798 5069 suis
2843 5011 2914 5075 ad
2955 5009 3123 5066 Deum
3155 5009 3414 5080 precibus
3445 5023 3588 5078 opus

2009 5114 2176 5164 esset.
2208 5104 2397 5177 Neque
2430 5105 2500 5160 iis
2529 5103 2707 5159 solum
2745 5103 2861 5158 habe
2887 5102 3088 5158 tradita
3127 5110 3292 5168 sunt;
3327 5100 3588 5155 omnibus

2007 5199 2210 5269 quippe
2231 5197 2435 5253 similia
2460 5195 2799 5266 patientibus
2835 5201 3176 5265 competunt,
3209 5192 3340 5262 quia
3377 5191 3433 5244 in
3463 5204 3589 5260 per-

2008 5292 2384 5350 secutionibus
2401 5305 2522 5362 qua:
2553 5298 2741 5345 nostra
2768 5297 2928 5344 aetate
2945 5288 3318 5356 contigerunt,
3341 5283 3588 5340 sexcenti

2008 5399 2172 5456 supra
2204 5383 2489 5440 recensitis
2523 5381 2724 5438 similia
2755 5388 2885 5437 sunt
2916 5379 3186 5450 perpessi,
3241 5377 3336 5447 qui
3381 5390 3586 5446 Oppor-

2008 5483 2139 5530 tune
2170 5477 2359 5545 utique
2380 5475 2584 5531 talibus
2613 5473 2780 5529 dictis
2812 5472 2898 5527 usi
2931 5471 3157 5536 fuerint,
3195 5469 3355 5540 queis
3401 5467 3468 5522 ad
3505 5467 3580 5520 ita

2008 5566 2337 5638 loquendum
2379 5567 2722 5622 instituimur
2753 5584 2768 5621 :
2819 5564 3044 5633 Propter
3071 5563 3298 5634 gloriam
3336 5560 3582 5616 nominis

2009 5658 2107 5720 tui,
2138 5655 2384 5722 Domine,
2427 5656 2596 5712 libera
2641 5673 2754 5712 nos.
2789 5653 3020 5709 Etiamsi
3059 5654 3204 5709 enim
3237 5668 3339 5708 nos
3369 5650 3580 5706 auxilio

2010 5750 2157 5823 digni
2185 5767 2296 5808 non
2343 5750 2548 5819 simus,
2581 5759 2635 5807 at
2683 5763 2883 5806 nomen
2936 5749 3127 5820 gloria:
3176 5754 3283 5804 tua:
3329 5760 3399 5801 ne
3437 5743 3582 5814 apud
