4078 6934
509 391 615 448 9η

506 596 580 652 Et
619 598 900 668 propitius,
937 596 1136 668 inquit,
1175 603 1286 649 esto
1339 593 1566 662 peccatis
1617 587 1813 643 nostris
1860 593 2070 656 propter

504 704 692 742 nomen
721 697 890 742 tuum.
919 683 1185 756 Superius
1219 681 1440 752 quidem
1465 679 1750 734 dicebatur
1787 694 1802 731 :
1838 673 1920 728 Ne
1960 688 2070 726 me-

505 779 721 834 mineris
776 779 1118 849 iniquitatem
1173 784 1481 830 nostrarum
1523 773 1864 841 antiquarum
1913 782 1931 821 :
1973 765 2070 821 sed

503 869 616 924 iliic
646 869 887 940 quidem,
912 867 1279 938 iniquitatum,
1315 865 1540 920 dicitur.
1590 861 1910 932 lniquitates
1938 873 2071 914 sane

501 964 632 1017 olim
665 963 1064 1018 admiseramus
1093 972 1387 1032 antequam
1411 959 1615 1015 divinis
1655 957 1868 1028 legibus
1909 955 2070 1010 obse-

501 1063 796 1124 queremur
819 1071 834 1121 ;
868 1068 999 1124 qua:-
1013 1053 1209 1108 merito
1223 1051 1460 1121 antiquae
1481 1049 1762 1104 dicuntur.
1786 1046 1921 1102 Nam
1943 1052 2072 1100 ante

503 1143 597 1200 Dei
631 1145 998 1216 cognitionem
1029 1142 1238 1198 scelera
1268 1149 1457 1196 nostra
1487 1138 1804 1208 iniquitates
1833 1137 2070 1207 antiqua:

501 1241 686 1302 erant;
723 1250 871 1290 nunc
904 1249 1033 1290 vero
1057 1248 1180 1288 cum
1205 1233 1318 1287 haec
1347 1245 1637 1301 precamur
1665 1243 1774 1284 non
1810 1227 2069 1298 iniquita-

501 1328 616 1381 tuin
643 1327 897 1390 ulterius,
925 1325 1022 1380 sed
1047 1332 1397 1394 peccatorum
1432 1320 1590 1375 nobis
1611 1319 1823 1374 conscii
1845 1333 2066 1384 sumus;

500 1427 557 1474 at
589 1419 658 1474 iis
681 1432 900 1489 quoque
932 1415 1200 1487 propitius
1227 1420 1348 1470 esto
1377 1425 1660 1482 rogamus,
1694 1417 1918 1481 propter
1969 1423 2069 1462 no-

497 1525 625 1566 men
658 1519 809 1564 tuum
839 1506 986 1578 quod
1021 1505 1336 1559 invocatum
1383 1510 1469 1558 est
1513 1517 1680 1572 super
1714 1515 1837 1556 nos.
1885 1498 2068 1568 Siqui-

496 1601 619 1658 dem
653 1599 862 1655 nomini
914 1596 1210 1653 consulens
1255 1603 1352 1649 tuo
1400 1609 1510 1664 quo
1563 1607 1665 1647 nos
1712 1604 2064 1653 exornamur,

496 1692 773 1764 propitius
799 1697 919 1760 esto
951 1687 1194 1759 peccatis
1215 1685 1424 1741 nostris
1461 1703 1474 1739 :
1504 1699 1572 1738 ne
1597 1681 1736 1737 forte
1758 1679 1916 1736 nobis
1935 1679 2066 1734 sub-

1183 383 1454 444 EUSEBII
1492 372 1976 438 CESARIENSIS
2013 372 2166 430 OPP.
2208 369 2390 426 PARS
2422 369 2510 426 ΙΙΙ.
2541 396 2612 408 —
2634 359 3049 422 EXEGETICA.

506 511 696 576 {entes
725 502 1157 574 blasphemetur,
1181 517 1246 556 ac
1269 504 1315 557 si
1341 506 1453 554 neu
1478 498 1655 552 valeat
1671 510 1774 550 nos
1798 493 2065 548 liberare:

2181 488 2288 560 ρίοι
2321 487 2392 542 τὰ
2429 488 2590 560 ὅμοια
2617 486 2730 547 τοῖς
2762 475 3134 552 προλεχθεῖσιν
3179 469 3692 544 ὐπομεμενήκασινσ

3653 351 3796 408 948

3725 465 3795 519 oZ

2173 556 2266 632 καὶ
2285 556 2554 652 εὐκαίρως
2589 575 2884 649 χρήσαιντο
2903 568 3024 631 ταῖς
3048 560 3680 652 προκειμέναιςγφγωναῖς,
3713 556 3798 652 ἐξ

2171 666 2258 736 αἷς
2305 644 2922 742 διδασκόμεθα-λέγειν’
2981 660 3228 713 Ἕνεκεν
3268 653 3378 722 τῆς
3431 649 3616 742 δόξης
3655 644 3794 742 τοντῖ

2170 761 2462 832 ὀνόματός
2485 737 2622 825 seu,
2643 757 2840 826 Κύριε,
2851 751 3035 822 ῥῦσαι
3055 745 3232 818 ἡμᾶς.
3251 743 3370 798 Κᾶν
3388 737 3794 832 γάρὴμεῖςίμὴ

2170 853 2309 922 ἀξιοι
2338 847 2488 924 ὦμεν
2517 849 2787 922 βοηθείας,
2817 843 2952 900 ἀλλά
2975 841 3037 896 τό
3065 857 3128 910 γε
3161 839 3330 908 ὄνομα
3349 835 3450 904 τῆς
3476 833 3574 903 σῆς
3605 831 3789 902 δόξης

2173 947 2248 1019 μὴ
2283 923 2707 1017 βλασφημείσθω
2737 937 2892 1009 παρὰ
2919 937 3034 1000 τοῖς
3065 932 3294 994 ἔθνεσιν,
3329 927 3404 991 ὡς
3429 923 3788 1019 μὴῂίσχῦσαν

2170 1016 2318 1112 ἡμᾶς
2346 1035 2614 1110 ῥύσασθαι
2634 1051 2647 1065 ·
2679 1032 2788 1088 Καὶ
2821 1029 3120 1096 ἱλάσθητί,
3153 1023 3211 1076 δέ
3241 1039 3394 1093 φησι,
3424 1016 3555 1112 ταῖς
3579 1018 3789 1112 ἁμαρ,

2169 1105 2321 1194 time
2347 1105 2522 1196 -ήμῶν
2557 1124 2766 1178 ἕνεκεν
2807 1119 2912 1175 τοῦ
2961 1113 3253 1185 ὀνόματός
3295 1127 3433 1166 σου.
3483 1105 3783 1178 ’Δνωτέρω

2173 1220 2270 1291 μὲν
2306 1214 2399 1272 οὖν
2431 1216 2675 1286 ἐλέγετοο
2710 1214 2807 1281 Μὴ
2840 1205 3122 1282 μνησθῇς
3156 1202 3326 1274 ἡμῶν
3360 1197 3620 1291 ἀνομιῶν
3650 1199 3782 1291 ἀρ·-

2169 1285 2388 1380 χαίωνδ
2419 1285 2541 1362 ἀλλί
2568 1307 2685 1360 ἐκεῖ
2716 1303 2814 1377 μὲν
2843 1295 3133 1369 ἀνομιῶν·
3162 1293 3383 1365 ἀνομίαι
3406 1291 3464 1344 δὲ
3488 1285 3628 1362 ἦσαν
3650 1288 3778 1340 πά-

2167 1401 2256 1455 λαι
2283 1403 2413 1472 ἡμῖν
2446 1395 2832 1470 πεπραγμέναι
2865 1389 2972 1465 πρὸ
2997 1389 3096 1461 τῆς
3147 1385 3242 1440 τοῦ
3291 1385 3438 1439 θείου
3467 1381 3632 1454 νόμου
3657 1381 3782 1433 ὐπ-

2171 1495 2365 1566 ακοῆς,
2398 1494 2604 1556 αἵτινες
2656 1489 2883 1551 εἰκότως
2920 1485 3144 1558 ἀρχαῖαι
3187 1480 3450 1552 εἴρηνται.
3473 1475 3616 1548 Πρὸς
3650 1473 3783 1547 γὰρ

2165 1587 2269 1657 τῆς
2302 1584 2395 1640 τοῦ
2429 1584 2564 1638 Θεοῦ
2599 1581 2854 1652 γνώσεως
2883 1576 2954 1634 τὰ
2993 1573 3460 1648 πλημμελούμενα
3487 1570 3617 1640 ἡμῖν
3640 1567 3780 1620 ἀνο-

2170 1681 2396 1751 μήματα
2420 1676 2489 1750 ῆν
2520 1677 2752 1748 ἀρχαϊαο
2796 1671 2891 1726 νῦν
2935 1670 3014 1734 δὲ,
3048 1669 3138 1723 ὅτε
3182 1665 3251 1721 τὰ
3294 1667 3396 1737 τῆς
3427 1663 3591 1733 εὐχῆς
3623 1661 3772 1714 ἀνι-

491 1754 718 1855 iugatis,
775 1754 982 1837 inimici
1027 1776 1345 1848 hlasphema
1386 1775 1532 1832 dicta
1565 1775 1621 1830 in
1661 1787 1861 1828 nomen
1909 1777 2064 1824 tuum

2168 1771 2480 1843 πέμπομεν,
2510 1768 2693 1823 οὐκέτι
2729 1767 2826 1840 μὲν
2865 1763 3118 1836 ἀνομίας,
3153 1756 3429 1832 ἁμαρτίας
3459 1754 3515 1809 δὲ
3543 1755 3774 1855 ἑαυτοῖς

495 1843 775 1947 proferant
803 1873 1050 1929 dicentes
1083 1843 1193 1924 τέ
1215 1866 1384 1924 Vens.
1429 1867 1517 1922 10.
1555 1864 1656 1920 Ubi
1689 1873 1768 1920 est
1797 1862 1941 1917 Deus
1978 1879 2064 1916 eo-

2170 1863 2518 1934 συνοίδαμεν·
2572 1859 2707 1915 ἀλλὰ
2759 1859 2852 1912 καὶ
2910 1853 3112 1917 ταύτας
3163 1848 3444 1920 ίλασθῆναι
3499 1843 3771 1914 ἀξιοῦμεν

494 1971 656 2025 rum?
683 1968 753 2022 At
785 1964 941 2029 illud,
969 1961 1079 2026 ubi,
1123 1961 1308 2017 dicere
1327 1973 1608 2030 nunquam
1638 1950 2061 2029 permittantur;

493 2062 590 2120 sed
612 2073 669 2117 tu
691 2059 949 2116 Servator
968 2063 1156 2112 noster
1181 2054 1516 2124 conspicuus
1527 2049 1776 2112 effectus,
1797 2047 2066 2102 ulciscere

495 2153 820 2226 sanguinem
851 2164 1136 2207 servorum
1177 2155 1422 2213 tuorum,
1455 2144 1552 2216 qui
1590 2142 1798 2199 ell‘usus
1839 2149 1946 2197 est.
1981 2140 2063 2194 Ad

493 2247 610 2302 haec
633 2247 688 2301 in
721 2243 975 2315 precibus
1002 2251 1249 2312 tempore
1282 2236 1686 2310 persecutionis
1714 2233 1947 2290 dicenda
1974 2234 2060 2288 in-

491 2337 808 2401 stituimur,
839 2333 1144 2389 hostiarum
1194 2339 1249 2387 et
1307 2329 1758 2385 holocaustorum
1795 2327 1915 2382 loco
1943 2341 2066 2382 san-

490 2429 708 2500 guinem
747 2434 1066 2482 sanctorum
1097 2431 1400 2493 martyrum
1433 2429 1824 2492 proponentes,
1869 2434 1935 2474 ac
1969 2418 2065 2472 hu-

491 2539 736 2613 jusmodi
788 2538 1222 2610 supplicationes
1261 2537 1597 2592 emittentes.
1659 2533 1788 2590 Haec
1845 2548 2066 2604 quoque

493 2645 619 2691 ante
639 2649 743 2690 nos
776 2633 871 2704 qui
917 2633 973 2687 in
1000 2629 1234 2686 Iudaico
1285 2629 1491 2700 populo
1531 2627 1731 2683 similia
1789 2634 1919 2682 sunt
1955 2640 2067 2695 per-

489 2727 658 2798 pessi,
694 2728 998 2783 memorato
1029 2734 1274 2794 tempore
1301 2723 1485 2777 dicere
1507 2721 1883 2776 edocebantur
1916 2741 1929 2774 :
1957 2733 2067 2788 quo

487 2829 543 2875 et
575 2820 718 2890 apud
742 2820 867 2875 illos
889 2817 1145 2890 generosi
1177 2825 1446 2888 martyres
1475 2812 1893 2870 commonstrati
1917 2821 2065 2868 sunt.

487 2911 697 2968 llorum
736 2911 985 2967 meminit
1044 2907 1483 2964 Machabaeorum
1537 2908 1810 2977 scriptura
1861 2906 1956 2962 ’δε
2011 2907 2066 2960 in

482 3005 662 3076 iisque
683 3013 806 3060 erat
835 3003 1134 3060 Eleazar-us
1162 3003 1248 3058 vir
1269 3001 1528 3064 illustris,
1559 3008 1719 3055 atate
1750 3009 2066 3071 provectus,

484 3098 578 3167 qui
607 3113 928 3169 generosam
955 3103 1186 3152 mortem
1218 3110 1320 3166 pro
1351 3097 1553 3166 pietate
1584 3107 1713 3164 erga
1751 3095 1919 3148 Deum
1941 3097 2067 3150 vitae

486 3193 740 3264 prtetulit.
775 3190 882 3247 Sed
903 3192 1066 3247 etiam
1094 3191 1342 3262 quaedam
1369 3190 1634 3244 mirabilis
1667 3197 1872 3258 septem
1907 3188 2063 3242 ﬁlio—
2091 3186 2138 3248 C

486 3302 609 3341 rum
643 3293 839 3349 mater,
872 3285 1172 3340 certamine
1219 3283 1467 3354 martyrii
1511 3283 1660 3338 omni
1691 3283 1852 3338 laude
1883 3297 2060 3352 supe—

486 3381 601 3434 rior
651 3379 938 3450 perfuncta
970 3387 1084 3446 est;
1141 3378 1237 3433 ﬁlii
1286 3393 1506 3449 quoque
1555 3377 1702 3432 illius
1734 3385 1940 3448 septem
1968 3391 2061 3430 va-

485 3473 600 3528 rias
633 3487 842 3543 pugnas
869 3472 1191 3535 subeuntes,
1223 3471 1458 3526 faustam
1484 3472 1904 3542 perseverantia:
1949 3471 2061 3524 vir-

485 3573 654 3622 tutem
685 3564 982 3621 exhibuere
1007 3566 1076 3619 ⁶⁵.
1110 3562 1217 3619 Alii
1249 3579 1471 3634 quoque
1498 3563 1721 3634 plurimi
1755 3563 1934 3618 sancti
1958 3562 2059 3616 viri

485 3661 656 3723 fuere,
671 3674 900 3730 quorum
919 3667 1146 3714 mortem
1159 3665 1213 3713 et
1230 3657 1515 3727 sanguinis
1532 3655 1852 3711 ellusionem
1872 3656 1927 3710 in
1943 3669 2062 3708 ora-

483 3755 634 3809 tione
663 3767 844 3809 sermo
865 3758 1260 3806 commemorat
1292 3750 1383 3806 his
1410 3749 1594 3806 verbis
1630 3767 1644 3804 :
1675 3747 1742 3802 Et
1767 3749 2061 3803 innotescat

485 3849 539 3900 in
563 3844 867 3900 nationibus
894 3859 1074 3898 coram
1095 3843 1264 3898 oculis
1290 3844 1488 3898 nostris
1509 3842 1642 3896 ultio
1657 3841 1933 3912 sanguinis
1949 3858 2061 3896 ser-

485 3956 665 3994 vorum
682 3947 914 4004 tuorum,
936 3937 1026 4010 qui
1041 3937 1242 4006 effusus
1257 3945 1357 3992 est.
1377 3936 1483 3991 Alii
1499 3934 1718 4006 quidem
1740 3934 2060 4004 sanguinem

487 4049 646 4089 suum
677 4033 833 4103 quasi
869 4030 1130 4086 libamina
1160 4045 1260 4101 pro
1291 4037 1405 4085 tota
1430 4037 1592 4100 gente
1617 4028 1924 4094 tradidere;
1968 4027 2061 4080 alii

485 4140 614 4180 vero
644 4140 754 4178 non
791 4123 992 4179 similia
1026 4123 1197 4193 passi,
1230 4122 1338 4177 alio
1378 4121 1543 4178 modo
1575 4137 1674 4192 pro
1720 4122 1920 4192 pietate
1947 4135 2062 4175 ecr-

491 4225 672 4272 tamen
711 4215 956 4272 inierunt
1000 4216 1320 4272 carceribus
1374 4216 1697 4287 mancipati,
1734 4222 1790 4271 et
1828 4215 2062 4271 vinculis

483 4330 792 4387 constricti.
825 4330 1070 4398 Quorum
1103 4329 1234 4385 item
1285 4331 1523 4401 gemitus
1556 4339 1610 4386 et
1648 4330 1867 4386 dolores
1895 4330 2064 4385 labo-

483 4438 684 4493 resque
709 4431 1018 4494 opportune
1043 4422 1099 4476 in
1129 4421 1381 4477 oratione
1412 4431 1806 4478 commemorat
1832 4422 2059 4478 dicens:

2165 1956 2254 2012 διὰ
2282 1956 2344 2010 τὸ
2374 1951 2803 2023 ὲπικεκλημένον
2834 1949 2966 2020 ἡμῖν
3001 1947 3094 1999 σὺν
3121 1943 3313 2014 ὄνομα.
3341 1937 3448 1992 Τοῦ
3486 1937 3595 2009 γὰρ
3622 1953 3767 1989 σαυ-

2163 2048 2259 2103 τοῦ
2288 2046 2602 2118 φειδόμενος
2641 2044 2904 2115 ὀνόματος
2947 2037 3042 2091 τοῦ
3076 2035 3407 2107 κοσμοῦντος
3439 2032 3605 2103 ἡμᾶς,
3645 2027 3771 2082 ἱλάε-

2168 2141 2322 2229 σθητι
2353 2143 2474 2204 ταῖς
2506 2135 2806 2209 ἁμαρτίαις
2843 2130 3025 2205 ἡμῶν,
3060 2131 3290 2200 μήποτε,
3331 2121 3774 2229 λαϐόντεςνὴμᾶς

2167 2213 2514 2302 ὑποχειρίους
2548 2229 2598 2282 oi
2632 2225 2836 2297 ἐχθροὶ,
2866 2219 3305 2294 βλασφημῆσωσι
3344 2215 3406 2270 τδ
3457 2215 3549 2268 σὺν
3590 2213 3772 2283 ὄνομα

2165 2324 2444 2393 λέγοντες·
2499 2319 2627 2376 Ποῦ
2669 2319 2841 2373 ἐστιν
2885 2318 2918 2371 ὁ
2968 2314 3113 2380 Θεὸς
3160 2307 3397 2374 αὑτῶν;
3443 2306 3604 2361 Ἀλλά
3646 2305 3766 2376 γὰρ

2164 2414 2324 2468 τοῦτο
2359 2412 2478 2484 μὲν,
2509 2409 2649 2475 ποῦ,
2679 2408 2854 2462 εἰπεῖν
2883 2405 3067 2467 αὐτοῖς
3100 2401 3174 2473 μὴ
3208 2395 3586 2470 συγχωρηθείη
3606 2411 3618 2423 ·
3659 2396 3768 2464 ἐμ-

2168 2504 2339 2576 φανὴς
2367 2503 2424 2557 δὲ
2451 2501 2740 2572 γενόμενος
2775 2499 2838 2552 σὺ
2871 2496 3034 2559 αὐτὸς
3067 2497 3095 2549 ό
3130 2492 3320 2564 Σωτὴρ
3345 2489 3504 2562 ἡμῶν
3545 2487 3643 2559 τὴν
3669 2487 3768 2538 ὲκ·

2165 2575 2379 2665 δίκησιν
2409 2591 2630 2660 ποίησαι
2661 2587 2753 2641 τοῦ
2787 2585 3018 2658 αἵματος
3062 2583 3169 2637 τῶν
3195 2580 3395 2635 δούλων
3427 2595 3520 2632 σου
3547 2575 3642 2630 τοῦ
3668 2578 3767 2629 ὲκ-

2167 2681 2484 2756 κεχυμένου.
2512 2680 2697 2734 Ταῦτα
2715 2677 2895 2746 λέγειν
2933 2678 2992 2730 ὲν
3017 2674 3202 2744 εὐχαῖς
3225 2668 3592 2741 παιδευόμεθα
3616 2665 3767 2721 κατὰ

2167 2776 2292 2840 τοὺς
2327 2775 2434 2828 τῶν
2461 2771 2716 2842 διωγμῶν
2743 2768 2988 2841 καιροὺς,
3024 2767 3145 2820 ἀντὶ
3178 2763 3368 2827 θυσίας
3402 2764 3498 2817 καὶ⁵
3540 2760 3786 2814 ὁλοκαυοσ

2167 2867 2436 2940 τωμάτων
2479 2865 2550 2920 τὰ
2593 2863 2800 2934 αἵματα
2836 2860 2945 2915 τῶν
2984 2859 3155 2927 ἁγίων
3189 2854 3481 2928 μαρτύρων
3522 2851 3767 2926 προσαλ-

2169 2959 2383 3031 λόμενοι
2413 2999 2428 3020 ,
2496 2958 2590 3012 καὶ
2651 2953 2906 3018 τοιαύτας
2965 2949 3382 3020 ἀναπέμποντες
3456 2943 3758 3017 ἱκετηρίας.

2171 3051 2358 3106 Ταῦτα
2385 3051 2442 3104 δὲ
2475 3049 2567 3103 καὶ
2599 3048 2707 3120 πρὸ
2733 3046 2891 3118 ἡμῶν
2931 3047 2980 3098 οἱ
3022 3045 3081 3098 ἐν
3112 3043 3192 3114 τῷ
3227 3040 3494 3095 Ἰουδαίων
3519 3039 3660 3094 ἔθνει
3692 3040 3762 3094 τὰ

2171 3146 2332 3216 ὅμοια
2359 3142 2688 3204 πεπονθότες
2715 3140 2855 3194 κατὰ
2893 3139 2984 3193 τὸν
3023 3135 3333 3209 δηλωθέντα
3361 3133 3550 3205 καιρὸν
3581 3132 3762 3202 λέγειν

2168 3235 2506 3290 ἐδιδάσκοντο
2525 3251 2539 3264 ’
2585 3231 2706 3286 καθ’
2748 3232 2808 3285 ὃν
2844 3231 2974 3302 παρ’
3015 3230 3198 3292 αὐτοῖς
3225 3228 3460 3296 γενναὶοι
3489 3224 3760 3296 μάρτυρες

2165 3327 2585 3400 ἀπεδείχθησαν.
2610 3319 2711 3378 Ὧν
2743 3323 3016 3396 μέμνηται
3055 3324 3089 3394 ἡ
3129 3319 3317 3393 γραφὴ
3353 3318 3462 3372 τῶν
3490 3314 3759 3386 καλουμέ-

2166 3422 2270 3476 νῶν
2297 3418 2706 3475 Μακκαὸαίωψ
2743 3420 2800 3472 ὲν
2831 3412 2914 3482 οἷς
2953 3412 3022 3490 ῆν
3058 3413 3381 3486 Ἐλεάζαρός
3419 3429 3522 3476 τις,
3557 3412 3760 3479 ἐπιφα-

2166 3512 2262 3584 νὴς
2305 3513 2466 3584 ἀνὴρ,
2505 3507 2862 3582 προὸεὸηκὼς
2907 3509 3005 3581 μὲν
3049 3505 3148 3580 τὴν
3182 3505 3418 3579 ἡλικίαν,
3454 3503 3516 3557 τὸ
3554 3501 3613 3556 δὲ
3639 3501 3756 3573 μετ’

2166 3606 2412 3668 εὐκλείας
2460 3603 2687 3658 θάνατον
2726 3606 2824 3674 τῆς
2857 3601 3002 3673 ζωῆς
3033 3601 3202 3671 αὐτῆς
3243 3597 3588 3670 προτιμήσας
3617 3593 3756 3665 ὑπὲρ

2165 3698 2265 3770 τῆς
2291 3699 2370 3762 είς
2402 3697 2492 3751 τὸν
2529 3696 2662 3749 Θεὸν
2705 3694 3005 3758 εὐσεϐείας.
3050 3691 3212 3746 Ἀλλά
3256 3690 3352 3744 καὶ
3395 3689 3576 3760 μήτηρ
3621 3685 3760 3740 ma

2166 3792 2373 3868 παίδων
2405 3790 2684 3863 θαυμασία
2730 3808 2814 3855 τις
2847 3790 2940 3844 καὶ
2970 3789 3110 3860 ὑπὲρ
3146 3787 3324 3842 πάντα
3349 3785 3505 3854 λόγον
3535 3781 3756 3854 ὲναθλή-

2168 3903 2309 3942 σασα
2327 3884 2405 3957 τῷ
2433 3884 2727 3958 μαρτυρίῳ
2747 3900 2763 3916 ’
2792 3883 2978 3946 παῖδές
3007 3899 3066 3934 τε
3088 3879 3294 3950 ταύτης
3315 3877 3455 3932 ἑπτὰ
3479 3875 3752 3947 διαφόροις

2169 3977 2502 4042 ὑποστάντες
2540 3976 2757 4040 ἄθλοις,
2803 3973 3040 4041 ἐξαίσιον
3083 3971 3285 4044 ἀρετὴν
3327 3969 3624 4041 καρτερίας
3668 3968 3751 4019 ὲν-

2169 4067 2456 4133 εδείξαντο.
2488 4065 2672 4121 Ἄλλοι
2701 4083 2762 4120 τε
2801 4063 2953 4136 παρὰ
2983 4063 3189 4127 τούτοις
3227 4060 3468 4114 πλεῖστοι
3495 4060 3653 4122 ὅσιοι,
3679 4051 3752 4111 ὧν

2167 4161 2269 4231 τῆς
2288 4159 2546 4228 τελευτῆς
2578 4158 2672 4212 καὶ
2696 4157 2804 4212 τῶν
2834 4155 3080 4228 αἱμάτων
3105 4155 3206 4224 τῆς
3246 4152 3520 4224 ὲκχύσεως
3551 4150 3638 4204 διὰ
3659 4149 3751 4219 τῆς

2169 4253 2330 4324 εὐχῆς
2360 4250 2710 4324 μνημονεύων
2743 4251 2772 4303 ὁ
2796 4249 2951 4320 λόγος
2991 4247 3155 4318 φησί·
3182 4245 3292 4301 Kal
3335 4243 3660 4314 γνωσθήτω
3684 4242 3752 4295 ἐν

2168 4343 2291 4410 τοῖς
2319 4343 2562 4398 ἔθνεσιν
2588 4339 2846 4396 ἐνώπιον
2877 4338 2996 4394 τῶν
3028 4335 3355 4408 ὀφθαλμῶν
3385 4335 3555 4406 ἡμῶν
3582 4335 3620 4402 ἠ
3654 4335 3747 4388 ἐκ·

2169 4434 2409 4503 δίκησις
2437 4433 2544 4489 τοῦ
2571 4433 2821 4500 αἳματος
2853 4430 2974 4485 τῶν
3009 4429 3248 4484 δούλων
3279 4441 3397 4482 σου
3455 4425 3561 4480 τοῦ
3598 4426 3750 4479 ἐκκε-

481 4545 552 4556 -—
581 4515 750 4572 Vens.
779 4517 866 4572 il.
904 4515 1146 4572 Introeat
1167 4517 1222 4570 in
1241 4525 1520 4585 conspectu
1549 4525 1640 4571 tuo
1661 4517 1888 4587 gemitus
1917 4533 2062 4572 com-

2170 4525 2454 4597 γυμένου.
2481 4526 2543 4580 οι
2573 4526 2670 4597 μὲν
2703 4523 2772 4579 τὰ
2817 4524 3024 4595 αἵματα
3060 4520 3265 4576 ἑαυτῶν
3303 4519 3491 4592 ὥσπερ
3526 4517 3752 4580 σπονδὰς

483 4609 799 4678 peditorum.
827 4609 1180 4681 Compeditos
1201 4625 1354 4677 vero,
1386 4625 1495 4665 non
1522 4610 1704 4666 labere
1725 4610 1772 4666 si
1795 4611 1951 4668 dicas
1965 4627 2062 4668 eos

483 4718 608 4760 esse
638 4703 730 4774 qui
787 4703 844 4758 in
890 4702 1217 4759 mortalibus
1268 4703 1597 4774 corporibus
1644 4710 1761 4757 toto
1790 4703 1915 4758 vitae
1947 4719 2061 4762 sua)

485 4804 734 4866 tempore
758 4795 1021 4852 macerati
1053 4803 1203 4852 sunt.
1235 4795 1428 4862 Qualis
1447 4802 1567 4850 erat
1595 4793 1801 4850 Paulus
1830 4794 2059 4852 dicens:

488 4884 602 4942 Nos
652 4897 830 4942 autem
871 4888 1098 4943 viventes
1152 4887 1208 4941 in
1254 4886 1620 4954 tabernaculo,
1669 4889 2061 4960 ingemiscimus

482 4981 690 5050 gravati
713 4981 796 5047 ";
831 4987 885 5036 et
906 4995 1164 5036 rursum:
1200 4979 1400 5050 Infelix
1420 4997 1512 5052 ego
1544 4981 1720 5045 homo,
1747 4983 1863 5053 quis
1895 5000 1976 5038 me
1998 4985 2063 5038 ti-

485 5074 686 5131 berabit
705 5073 769 5128 de
796 5089 1014 5142 corpore
1043 5075 1230 5129 mortis
1259 5073 1418 5144 hujus
1443 5075 1534 5128 '7?
1581 5074 1744 5132 Tales
1771 5084 1930 5132 erant
1961 5075 2059 5133 Dei

487 5168 788 5239 prephetat,
833 5182 1139 5237 onmesque
1193 5166 1288 5238 qui
1337 5167 1394 5222 in
1427 5167 1759 5238 corporibus
1809 5169 1928 5224 suis
1961 5183 2063 5224 nec

485 5253 700 5310 deliciis
729 5269 833 5309 nec
855 5253 1230 5324 voluptatibus
1259 5255 1430 5310 dediti
1465 5256 1708 5315 fuerunt.
1752 5258 1848 5314 sed
1873 5267 2066 5313 contra

488 5346 652 5402 vitam
692 5357 850 5402 suam
889 5346 1130 5402 alllixere
1176 5347 1429 5418 jejuniis,
1480 5349 1787 5412 laboribus,
1832 5349 2065 5421 aliisque

488 5439 743 5495 asceticis
771 5439 1271 5505 macerationihus;
1310 5440 1404 5511 qui
1450 5455 1559 5495 non
1588 5457 1688 5511 pro
1718 5457 1780 5498 se
1823 5451 2062 5508 tantum,

487 5529 582 5586 sed
609 5532 780 5586 etiam
800 5546 902 5601 pro
931 5539 1048 5587 toto
1078 5532 1281 5602 populo
1316 5531 1426 5588 imo
1448 5540 1670 5601 pectore
1687 5531 1756 5588 ad
1781 5531 1949 5590 Deum
1978 5534 2064 5587 in-

489 5622 878 5691 gemiscehant.
907 5622 1090 5690 Quare
1131 5625 1334 5680 dicitur
1371 5645 1382 5678 :
1425 5623 1662 5680 lntroeat
1697 5626 1749 5679 in
1783 5636 2062 5694 conspectu

2170 4619 2313 4691 ,ὅπερ
2353 4617 2448 4673 τοῦ
2480 4618 2682 4682 παντὸς
2722 4617 2905 4681 ἔθνους
2947 4612 3340 4670 ὲκδεδώκασιν·
3385 4613 3433 4666 οἱ
3474 4611 3552 4676 δὲ,
3586 4607 3752 4681 μὴτά

2175 4714 2329 4784 ἱμοια
2359 4709 2566 4776 τούτοις
2584 4709 2929 4774 πεπονθότες,
2947 4707 3090 4779 ἄλλῳ
3107 4706 3295 4779 τρόπῳ
3316 4705 3409 4758 τὸν
3441 4704 3584 4772 ὑπὲρ
3602 4702 3752 4756 εὐσε-

2171 4796 2324 4868 ὄέίας
2345 4803 2643 4874 ὑπέμειναν
2666 4801 2874 4872 ἀγῶνα,
2891 4799 3074 4872 ἔργοις
3096 4799 3172 4870 (Ἰ)
3200 4798 3295 4852 καὶ
3317 4797 3535 4868 δεσμοῖς
3566 4791 3751 4847 πεὸοὐ-

2175 4911 2348 4965 μενοι.
2380 4887 2481 4947 Ὦν
2513 4893 2606 4948 καὶ
2637 4891 2816 4945 αὐτῶν
2849 4874 2976 4953 τοὺς
3016 4891 3354 4960 στεναγμοὺς
3391 4889 3487 4942 καὶ
3515 4886 3612 4950 τὰς
3645 4883 3754 4938 ὁδύο

2170 5003 2268 5050 νας
2299 4985 2392 5040 καὶ
2420 4985 2548 5048 τούς
2584 4983 2781 5047 πόνους
2808 4981 3078 5053 εὐκαίρως
3114 4980 3202 5035 διὰ
3228 4979 3330 5050 τῆς
3367 4978 3533 5050 εὐχῆς
3557 4979 3752 5048 ἀναμι-

2173 5081 2402 5151 μνήσκει
2433 5077 2640 5148 λέγων³
2687 5075 3022 5132 Εἱσελθέτω
3067 5073 3324 5130 ἐνώπιόν
3379 5089 3496 5127 σου
3533 5075 3567 5126 ὀ
3616 5086 3749 5126 στε-

2163 5171 2390 5239 ναγμὸς
2429 5169 2548 5223 τῶν
2579 5165 3024 5237 πεπεδημένων.
3096 5165 3510 5236 Πεπεδημένους
3550 5162 3608 5216 δὲ
3654 5162 3750 5214 οὐκ

2167 5263 2232 5318 ἂν
2265 5263 2530 5333 ἁμάρτοις
2561 5259 2728 5314 εἰπὼν
2756 5259 2850 5313 καὶ
2879 5259 3007 5322 τούς
3043 5259 3101 5311 ὲν
3143 5259 3258 5320 τοῖς
3290 5255 3504 5327 θνητοῖς
3538 5251 3749 5324 σώμασι

2171 5353 2348 5408 πάντα
2394 5344 2489 5405 τὸν
2515 5350 2614 5421 τῆς
2658 5349 2803 5421 ζωῆς
2838 5348 3018 5403 αὐτῶν
3063 5347 3177 5417 βίον
3227 5345 3747 5416 κατατρυχομένους.

2179 5442 2394 5504 Ὀποίος
2418 5436 2485 5511 ἦν
2512 5439 2722 5504 Παῦλος
2764 5439 2965 5508 λέγων·
2997 5436 3194 5508 Ἡμεῖς
3231 5440 3286 5491 οι
3308 5435 3521 5502 ζῶντες
3559 5435 3630 5488 ἐν
3672 5434 3751 5501 τῷ

2171 5533 2389 5601 σκήνει
2434 5532 2792 5602 στενάζομεν
2814 5532 3212 5602 ,βαρούμενοιο
3268 5530 3364 5584 καὶ
3409 5528 3601 5582 πάλιν·
3646 5531 3750 5581 Ta-

2170 5625 2468 5694 λαίπωρος
2511 5624 2624 5696 ἐγὼ
2669 5622 2996 5693 ἅνθρωπος,
3031 5623 3127 5690 ’τίς
3157 5638 3232 5692 με
3261 5621 3513 5689 ῥύσεται
3548 5618 3619 5673 ἐκ
3645 5613 3749 5673 τθῦ

550 5777 600 5809 εδ
631 5777 680 5848 ,ΙΙ
711 5779 886 5833 Maeli.
926 5795 1012 5842 τι,
1053 5781 1118 5832 l8
1218 5783 1262 5816 ⁸⁵
1305 5781 1348 5838 ll
1381 5784 1552 5842 Much.
1591 5797 1687 5837 νυ.
1766 5783 1810 5814 ³⁵
1851 5781 1895 5838 ll
1929 5781 2057 5839 Cor.

2184 5782 2235 5840 4.
2314 5784 2356 5815 ³⁷
2397 5780 2556 5839 Rom.
2594 5797 2702 5837 vn.
2739 5781 2826 5836 ΞΖ.

563 5869 641 5942 ὁ)
678 5875 786 5942 Γε).
823 5875 1087 5946 είργμυίς.
