4078 6934
294 423 400 480 919
1431 413 1938 472 COMMENTARIA
1977 415 2042 470 IN
2083 413 2420 470 PSALMOS.
3451 420 3556 478 930

289 537 562 610 σώματος
607 535 714 590 τοῦ
759 533 1020 590 θανάτου
1061 533 1307 598 τούτου;
1353 531 1596 586 Τοιοῦτοι
1639 531 1697 585 δὲ
1745 525 1879 602 ἦσαν

1989 539 2084 584 tuo
2127 529 2350 600 gemitus
2391 525 2822 594 compeditorum.
2857 525 3092 594 Quinam
3129 513 3296 600 porro
3323 531 3434 586 sint
3461 535 3556 604 qui

289 629 382 684 καὶ
417 629 468 682 oi
489 625 584 680 τοῦ
618 625 754 682 Θεοῦ
783 625 1078 698 προφῆται,
1109 623 1202 678 καὶ
1231 623 1432 688 πάντες
1459 623 1508 676 oi
1544 623 1620 694 μὴ
1649 621 1879 692 καθηδυ-

1989 621 2058 676 ad
2093 621 2208 674 haec
2243 619 2476 674 dicenda
2516 619 2746 674 instituti
2783 627 2912 674 sunt
2945 613 3048 674 sub
3103 619 3218 676 hinc
3267 621 3440 692 aperit
3471 623 3556 680 his

289 717 586 782 παθοῦντες
619 719 678 772 ὲν
711 719 822 780 τοῖς
861 715 1066 770 ἑαυτῶν
1099 713 1310 788 σώμασι
1333 755 1348 780 ,
1395 715 1530 786 μηδὲ
1567 717 1746 786 τρυφῇ
1789 715 1879 768 καὶ

1988 709 2214 766 verbis:
2251 709 2596 763 Patrocinare
2625 709 2754 778 ﬁliis
2789 711 3104 764 occisorum.
3133 709 3244 766 Nos
3277 711 3552 782 siquidem

285 811 448 884 ἡδονῇ
483 809 862 882 σχολάζοντεςο
916 807 1218 884 τοῦμπαλιν
1265 807 1322 862 δὲ
1364 807 1642 872 πιέζοντες
1671 805 1876 860 ἑαυτῶν

1985 817 2094 856 non
2125 801 2274 872 digni
2303 799 2474 854 habiti
2497 815 2689 856 sumus
2717 801 2812 870 qui
2836 801 2902 854 ad
2933 811 3158 856 mortem
3185 817 3358 872 usque
3378 813 3558 858 certa-

285 903 384 976 τὴν
417 903 562 976 ζωὴν
593 903 830 968 ἀσιτίαις
869 903 962 958 καὶ
1005 901 1186 966 πόνοις
1215 903 1308 954 καὶ
1339 903 1456 964 ταῖς
1487 899 1674 962 ἀλλαις
1699 900 1874 968 ἀσκη-

285 999 464 1060 τικαίς
491 995 910 1058 κακοπαθείαιςο
941 995 992 1048 o'l
1023 993 1116 1048 καὶ
1147 993 1244 1064 οὐχ
1279 993 1420 1066 ὑπὲρ
1453 991 1660 1046 ἑαυτῶν
1689 993 1870 1064 μόνον,

283 1087 422 1142 ἀλλά
463 1089 558 1142 καὶ
603 1087 742 1158 ὑπὲρ
785 1085 878 1138 τοῦ
923 1085 1122 1148 παντὸς
1145 1083 1274 1138 λαοῦ
1316 1087 1382 1138 ὲκ
1423 1083 1618 1156 βάθους
1649 1083 1876 1156 καρδίας

287 1177 426 1250 πρὸς
452 1177 542 1231 τὸν
567 1177 698 1230 Θεὸν
724 1175 955 1228 ἔστενον.
989 1173 1082 1226 Διὸ
1101 1173 1376 1226 λέλεκται·
1413 1173 1748 1226 Είσελθέτω
1775 1169 1873 1224 ἐν-

281 1269 472 1324 ώπιόν
507 1285 624 1324 σου
661 1271 694 1322 ό
721 1265 1056 1336 στεναγμὸς
1091 1263 1210 1320 τῶν
1241 1263 1684 1336 πεπεδημένων.
1719 1263 1876 1326 Τίνες

1981 907 2190 956 remus,
2236 905 2300 946 ac
2344 905 2443 962 pro
2495 889 2604 946 Deo
2651 891 2975 962 sanguinem
3011 889 3404 960 funderemus;
3459 891 3556 948 sed

1984 985 2110 1056 quia
2145 983 2236 1038 ﬁlii
2263 999 2454 1040 sumus
2479 999 2668 1040 eorum
2693 983 2788 1054 qui
2821 983 2934 1038 lnec
2967 993 3096 1038 sunt
3135 985 3402 1054 perpessi,
3441 985 3552 1038 vir.-

1987 1085 2100 1131 tute
2125 1083 2344 1146 patrum
2373 1085 2688 1132 nostrorum
2709 1075 2912 1140 ornati,
2947 1091 3234 1146 precamur
3253 1085 3314 1130 ut
3341 1075 3554 1130 illorum

1981 1169 2156 1238 gratia
2175 1167 2612 1222 misericordiam
2633 1181 3060 1238 consequamur.
3089 1165 3268 1234 Quare
3289 1165 3552 1224 dicimus:

1989 1259 2340 1314 Patrocinare
2371 1257 2500 1327 {iliis
2523 1257 2836 1311 occisorum.

281 1363 344 1416 δέ
373 1365 478 1416 είσι
506 1363 558 1416 0i
585 1361 758 1416 ταῦτα
797 1361 1170 1432 διδασκόμενοι
1213 1359 1414 1430 λέγειν,
1463 1359 1590 1430 ἑξῆς
1619 1357 1910 1430 παρίστησι
1975 1353 2232 1423 φάσκων·
2275 1351 2664 1420 Περιποίησαι
2697 1351 2844 1418 τοὺς
2889 1349 3056 1418 υἱοὺς
3083 1349 3202 1404 τῶν
3235 1351 3558 1404 τεθανατω-

275 1453 498 1526 μένων.
543 1453 734 1526 Ἡμεῖς
765 1451 862 1526 μὲν
911 1451 1020 1524 γὰρ
1081 1453 1142 1506 οὐ
1200 1451 1583 1524 κατηξιώμεθα
1619 1451 1780 1522 μέχρι
1843 1447 2072 1502 θανάτου
2107 1443 2500 1512 ἀγωνίσασθαι,
2538 1443 2658 1496 οὐδὲ
2701 1443 2840 1514 ὑπὲρ
2883 1441 3018 1496 Θεοῦ
3057 1441 3292 1496 κενῶσαι
3321 1441 3390 1496 τὰ
3429 1443 3558 1496 ὲαυ·’

281 1549 394 1604 τῶν
419 1551 626 1622 αἵματα
645 1569 657 1582 ·
687 1549 802 1604 ἀλλ’
833 1547 1016 1620 ἐπειδὴ
1045 1547 1150 1602 τῶν
1171 1547 1342 1600 ταῦτα
1369 1547 1714 1600 πεπονθότων
1741 1541 1910 1616 ἐσμὲν
1945 1541 2072 1606 υἱοὶ,
2103 1537 2490 1610 σεμνυνόμενοι
2535 1537 2626 1590 ἐπὶ
2659 1539 2725 1608 τῇ
2771 1535 2880 1590 τῶν
2923 1535 3172 1590 πατέρων
3229 1537 3418 1608 ἀρετῇ,
3445 1535 3558 1590 δεό-

285 1645 430 1716 μεθα
455 1643 522 1698 δι’
557 1641 798 1706 ἐκείνους
849 1639 1154 1712 ἐλεηθῆναι.
1203 1637 1294 1692 Διό
1327 1655 1506 1710 φαμεν
1527 1657 1540 1670 ν
1573 1635 1960 1706 Περιποίησαι
1989 1629 2130 1696 τοὺς
2151 1629 2322 1694 υίοὺς
2353 1627 2474 1681 τῶν
2499 1625 3006 1696 τεθανατωμένων.

353 1735 596 1802 Ἃπόδος
607 1735 728 1801 τοῖς
741 1733 1006 1804 γείτοσιν
1019 1733 1186 1804 ἡμῶν
1199 1731 1654 1788 ἑπταπλασίονα
1668 1731 1754 1796 εἰς
1769 1725 1876 1782 τὸν

287 1829 524 1886 κόλπον
537 1829 612 1884 αὑ
619 1827 754 1890 τῶν,
765 1825 874 1880 τὸν
883 1825 1183 1896 ὀνειδισμύ
1189 1845 1226 1880 ν
1235 1825 1454 1890 αὐτῶν,
1473 1823 1546 1878 ὃν
1557 1819 1876 1878 ὠνείδισιὶν

2051 1719 2220 1776 Vsus.
2267 1719 2454 1774 12-14.
2497 1718 2672 1774 Redde
2705 1719 2886 1772 vicinis
2923 1717 3118 1772 nostris
3161 1719 3456 1788 septuplum
3499 1721 3558 1776 in

1982 1815 2102 1870 sinu
2131 1829 2332 1878 eorum,
2361 1813 2738 1882 improperium
2779 1811 3033 1878 ipsorum,
3057 1809 3196 1880 quod
3219 1811 3560 1882 exprobrave-

287 1941 386 1990 σε.
417 1927 612 1996 Κύριε.
641 1925 830 1996 Ἡμεῖς
855 1923 924 1978 δὲ
951 1925 1102 1992 λαός
1131 1941 1248 1978 σου
1269 1924 1370 1978 καὶ
1399 1923 1664 1990 πρόϐατα
1687 1917 1879 1990 νομῆς

1985 1915 2104 1960 runt
2131 1907 2246 1972 tibi,
2289 1905 2532 1960 Domine.
2571 1903 2688 1958 Nos
2723 1913 2896 1956 autem
2935 1902 3160 1972 populus
3199 1913 3318 1958 tuus
3363 1913 3412 1960 et
3441 1923 3558 1962 oves

289 2031 428 2082 σου,
445 2015 1046 2086 ἀνθομολογησόμεθά
1065 2031 1166 2070 σοι
1192 2017 1280 2082 είς
1299 2013 1404 2068 τὸν
1423 2013 1628 2068 αίῶνα.
1655 2015 1762 2080 Είς
1783 2029 1878 2084 τε·

289 2109 440 2164 νεὰν
467 2107 566 2164 καί
601 2108 812 2180 γενεὰν
845 2107 1288 2178 ἐξαγγελοῦμεν
1313 2109 1428 2176 τὴν
1454 2107 1698 2162 αἵνεσίν
1731 2123 1872 2162 σου.

305 2201 481 2271 Ἢμᾶς
499 2199 598 2270 μὲν
641 2197 1012 2270 περιποίησαι,
1037 2197 1086 2250 εί
1118 2199 1212 2250 καὶ⁸
1245 2197 1322 2268 μὴ
1357 2197 1423 2250 δι’
1451 2197 1618 2268 ἡμᾶς,
1643 2195 1776 2250 ἀλλά
1791 2195 1878 2252 διὰ

293 2293 420 2355 τοὺς
449 2291 708 2362 πατέρας.
739 2291 864 2354 Τοῖς
904 2289 960 2344 δὲ
1001 2287 1236 2360 γείτοσιν
1279 2289 1458 2362 ἡμῶν,
1497 2289 1740 2343 τουτέστι
1765 2293 1880 2356 τοῖς

295 2385 322 2436 ὲ
331 2395 560 2436 πανιστα
565 2383 746 2454 μένοις
767 2384 896 2454 ἡμῖν
913 2383 1006 2436 καὶ
1019 2383 1110 2436 τὸν
1125 2381 1244 2436 καθ’
1261 2385 1294 2454 ἡ
1301 2383 1416 2454 μῶν
1435 2381 1668 2454 πόλεμον
1683 2383 1880 2454 διεγεί-

293 2491 498 2546 ρουσιν,
547 2475 744 2540 ἀπόδος
799 2475 866 2528 τά
921 2475 1214 2546 ἀμοιϐαῖα,
1265 2475 1712 2542 πολυπλασιάςων
1777 2477 1878 2548 τὴν

289 2567 646 2640 ὀφειλομένην
669 2569 852 2632 αὐτοῖς
901 2567 1044 2639 ὑπὲρ
1095 2561 1170 2622 ὧν
1201 2567 1434 2640 ἔδρασαν
1463 2569 1756 2642 τιμωρίαν,
1801 2569 1878 2642 μὴ

291 2665 404 2726 τοῖς
433 2661 554 2714 καθ’
583 2661 740 2732 ἡμῶν
767 2661 1132 2734 ἀρκεσθέντες
1161 2663 1370 2726 κακοῖς,
1405 2661 1518 2716 ἀλλ’
1549 2663 1650 2734 ἤδη
1689 2663 1784 2718 καὶ
1817 2661 1878 2716 σὲ

291 2752 386 2806 τὸν
413 2753 506 2806 ἐπὶ
533 2753 750 2806 πάντων
775 2753 978 2824 Κύριον
1007 2753 1348 2824 βλασφήμοις
1379 2754 1474 2806 καὶ
1507 2753 1880 2820 όνειδιστικοῖς

295 2845 708 2918 περιϐάλλοντες
739 2845 938 2916 λόγοις.
977 2845 1116 2900 Ἀλλ’
1146 2847 1373 2910 ἐκείνοις
1395 2845 1516 2918 μὲν,
1546 2849 1732 2918 φησιν,
1753 2847 1880 2902 ἀπό-

293 2937 384 3002 δος
421 2939 518 3010 τὴν
549 2937 706 3004 ἀξίαν
747 2937 1016 3010 τιμωρίαν
1045 2935 1180 3009 πρὸς
1208 2936 1474 3006 ὠφελείας
1515 2937 1694 2992 αὐτῶν
1721 2955 1882 3008 γενη-

297 3027 550 3100 σομένην,
569 3029 1042 3102 έπιστρεφομένων
1067 3029 1161 3084 καὶ
1195 3027 1676 3100 σωφρονιζομένων
1698 3030 1764 3082 δι’
1791 3031 1882 3084 αύ-

293 3119 412 3190 τῆς·
441 3120 590 3190 ἡμᾶς
613 3119 668 3174 δὲ
701 3119 862 3184 σῶζε,
897 3121 1022 3184 τοὺς
1051 3119 1200 3184 υἱοὺς
1237 3119 1346 3174 τῶν
1373 3119 1836 3192 τεθανατωμένων
1859 3137 1874 3154 ο

293 3211 366 3276 οἳ,
413 3213 462 3266 εί
504 3211 598 3266 καὶ
641 3211 716 3282 μὴ
757 3213 868 3274 τοῖς
913 3210 1150 3282 πατράσι
1181 3211 1484 3284 γεγόναμεν
1525 3213 1722 3284 ὅμοιοι,
1761 3211 1876 3266 ἀλλ’

293 3303 442 3374 ὅμως
473 3321 566 3356 σου
615 3303 952 3374 τυγχάνομεν
984 3303 1110 3370 λαὸς
1143 3305 1236 3358 καὶ
1273 3303 1376 3376 τῆς
1415 3305 1514 3378 σῆς
1541 3305 1714 3378 νομῆς
1745 3307 1878 3378 πρό-

295 3393 464 3448 ϐατα·
509 3391 591 3446 διὸ
633 3393 1238 3464 ἁνθομολογησόμεθά
1273 3411 1372 3448 σοι
1407 3397 1496 3460 είς
1527 3395 1632 3448 τὸν
1661 3393 1874 3460 αἰῶνα,

297 3483 742 3558 εὐχαριστοῦντες
757 3485 954 3560 δηλαδὴ
977 3487 1212 3550 καὶτοὺς
1235 3485 1542 3560 πρέποντας
1567 3485 1768 3558 ὕμνους
1783 3485 1878 3540 καὶ

295 3575 598 3646 δοξολογίας
617 3579 756 3650 ὑπὲρ
771 3569 846 3632 ὧν
863 3573 922 3632 εὖ
947 3577 1292 3650 πεπόνθαμεν
1311 3579 1392 3630 σοὶ
1413 3577 1489 3650 ’.οῴ
1505 3577 1720 3632 πάντων
1739 3579 1876 3646 άγα-

297 3669 406 3724 θῶν
439 3671 624 3744 δοτῆρι
661 3669 780 3742 Θεῷ
803 3671 1236 3742 ἀναπέμποντες.
1268 3669 1497 3742 Ἐφεξῆς
1527 3687 1586 3722 τε
1607 3671 1756 3724 κατὰ
1783 3687 1878 3740 γε·

295 3763 442 3818 νεὰν
473 3763 570 3818 καὶ
607 3765 820 3834 γενεὰν
851 3763 1294 3834 ἐξαγγελοῦμεν
1339 3763 1454 3832 τὴν
1489 3763 1729 3818 αῖνεσίν
1759 3779 1876 3818 σου

297 3854 482 3908 παισὶν
501 3855 792 3926 ἡμετέροις
808 3855 900 3908 καὶ
921 3855 1122 3908 παίδων
1139 3855 1318 3918 παισὶ,
1337 3853 1599 3926 διαδόχοις
1620 3871 1678 3907 τε
1698 3853 1878 3908 αὐτῶν

295 3949 408 4010 τοῖς
435 3947 574 4016 μετὰ
609 3945 780 3998 ταῦτα
801 3947 1204 4018 γενησομένοις,
1229 3945 1420 4018 ὥσπερ
1441 3945 1644 4014 ἀγαθὸν
1677 3947 1877 4020 κλῆρον

299 4033 710 4106 παραδώσοντες
741 4033 840 4104 τῆς
875 4033 1132 4098 αἰνέσεως
1173 4035 1240 4088 τά
1281 4037 1524 4108 σωτήρια
1557 4035 1872 4108 μαθήματα.

299 4147 408 4200 ΕΙΣ
436 4147 524 4202 T0
547 4147 994 4218 ΤεΑοΣ.ΥιιΕΡ
1019 4149 1154 4200 τιιΝ
1177 4149 1874 4218 ΑΛΛΟΙΩΘΠΣΟΜΕΝΩΝ,

743 4217 1146 4272 ΜΑιιτΥΡιυΝ
1177 4219 1264 4290 τᾳ
1291 4220 1484 4274 amo.
1575 4237 1582 4242 -

1058 4313 1178 4366 08’.

381 4421 436 4476 '0
459 4423 789 4494 ποιμαίνων
821 4423 928 4478 τὸν
967 4425 1226 4494 Ἰσραὴλ,
1261 4429 1546 4498 πρόσχες,
1581 4431 1613 4482 ὀ
1647 4427 1880 4498 ὁδηγῶν

293 4513 442 4571 ὡσεί
470 4517 770 4584 πρόϐατον
793 4515 900 4570 τὸν
940 4515 1172 4588 Ἰωσήφ.
1203 4519 1476 4592 Τέσσαρές
1507 4521 1644 4574 εἰσιν
1675 4523 1722 4574 οἱ
1761 4523 1880 4574 ἐπι-

1979 2015 2196 2068 ραδειιιε
2217 2009 2340 2064 tum,
2367 1997 2734 2070 conﬁtebimur
2759 1995 2852 2050 tibi
2873 1995 2926 2049 in
2953 1995 3228 2050 saxulum.
3247 1995 3314 2054 In
3341 2015 3560 2068 genera-

1983 2095 2176 2146 tionem
2195 2103 2244 2148 et
2267 2093 2656 2162 generatione»:
2685 2087 3122 2144 annuntiabimus
3149 2091 3360 2144 laudem
3389 2101 3556 2148 tuam.

1981 2183 2149 2239 Nobis
2181 2183 2544 2256 patrocinare,
2577 2181 2682 2238 etsi
2713 2197 2822 2236 non
2861 2181 3034 2236 nostri
3078 2197 3270 2248 causa,
3307 2183 3402 2238 sed
3433 2199 3560 2254 pro-

1981 2285 2104 2348 pter
2133 2285 2318 2348 patres
2351 2283 2593 2332 nostros.
2623 2273 2828 2330 V'icinis
2857 2291 2984 2330 vero
3013 2275 3242 2340 nostris,
3279 2275 3332 2330 id
3356 2283 3441 2332 est
3487 2275 3558 2330 iis

1979 2371 2074 2441 qui
2105 2370 2396 2440 insurgunt
2423 2369 2476 2422 in
2507 2383 2632 2432 nos,
2665 2367 2932 2438 nobisque
2961 2367 3162 2424 bellum
3195 2377 3440 2436 movent,
3475 2369 3560 2422 vi-

1981 2477 2074 2518 ces
2113 2463 2406 2524 retribuas,
2441 2461 2812 2532 multiplicans
2865 2461 2996 2516 illud
3027 2461 3330 2518 sceleribus
3371 2477 3560 2516 eorum

1982 2555 2224 2610 debitum
2265 2555 2618 2626 supplicium.
2667 2553 2784 2608 Non
2837 2563 2922 2610 sat
2975 2555 3085 2610 illis
3141 2555 3242 2610 fuit
3289 2557 3432 2610 mala
3475 2557 3560 2610 in-

1983 2647 2190 2704 ﬁixisse
2235 2649 2430 2714 nobis;
2463 2647 2558 2702 sed
2605 2657 2656 2702 te
2697 2663 2916 2718 quoque
2947 2649 3330 2702 universorum
3385 2647 3562 2702 Domi-

1983 2757 2114 2796 num
2147 2739 2482 2810 blasphemis
2527 2747 2582 2794 et
2625 2739 3040 2795 contumeliosis
3069 2739 3234 2796 dictis
3277 2741 3564 2811 impezive-

1985 2843 2132 2888 runt.
2163 2831 2363 2888 Verum
2407 2833 2515 2888 illis
2563 2831 2630 2886 ad
2677 2832 2964 2886 utilitatem
3015 2845 3172 2886 suam
3207 2831 3560 2902 promeritum

1981 2927 2150 2982 redde
2201 2927 2574 2996 supplicium;
2624 2925 2698 2980 ita
2749 2933 2808 2979 ut
2849 2941 2918 2980 eo
2959 2933 3355 2980 convertantur
3393 2937 3450 2982 et
3493 2925 3562 2980 ad

1985 3019 2264 3074 meliorem
2307 3033 2366 3074 se
2405 3018 2614 3086 frugem
2647 3017 2948 3088 recipiant;
2983 3033 3084 3074 nos
3121 3027 3300 3076 autem
3349 3019 3562 3074 occiso-

1983 3127 2102 3166 rum
2143 3111 2304 3177 ﬁlios,
2331 3111 2506 3167 salute
2543 3111 2708 3174 dona,
2748 3111 2868 3182 qui,
2905 3111 3120 3168 etiamsi
3157 3127 3266 3166 non
3313 3109 3564 3182 patribus

1985 3207 2192 3262 similes
2227 3205 2514 3274 fuerimus,
2562 3213 2804 3262 attamen
2837 3207 3072 3278 populus
3114 3213 3242 3262 tuus
3285 3223 3476 3262 sumus
3508 3213 3562 3260 et

1987 3319 2116 3358 oves
2149 3317 2364 3374 pascuae
2401 3309 2540 3368 tute;
2571 3317 2738 3372 quare
2781 3299 3150 3372 conﬁtebimur
3183 3301 3278 3354 tibi
3311 3301 3364 3354 in
3391 3315 3564 3354 soccu-

1987 3393 2126 3460 lum,
2169 3395 2376 3464 gratias
2433 3393 2644 3448 scilicet
2696 3401 2922 3465 agentes
2959 3393 3282 3464 debitosque
3335 3393 3568 3466 hymnos

1983 3493 2038 3540 et
2063 3485 2252 3540 laudes
2281 3499 2380 3556 pro
2409 3485 2650 3556 acceptis
2675 3485 2958 3542 beneﬁciis
2989 3485 3088 3539 tibi
3115 3485 3360 3538 oumium
3395 3485 3566 3540 bono-

1985 3593 2108 3632 rum
2139 3577 2386 3648 largitori
2425 3576 2536 3632 Deo
2569 3579 2905 3634 emittentes.
2945 3577 3214 3648 Deinceps
3245 3591 3373 3632 vero
3404 3577 3458 3632 in
3483 3593 3566 3648 ge-

1985 3671 2308 3724 nerationem
2351 3679 2400 3724 et
2439 3671 2828 3742 generationem
2879 3669 3320 3726 annuntiabimus
3355 3669 3566 3724 laudem

1985 3773 2130 3818 tuam
2167 3763 2292 3820 ﬁliis
2319 3765 2548 3828 nostris,
2581 3763 2706 3820 ﬁliis
2731 3763 2966 3818 ﬁliorum
3001 3773 3056 3818 et
3079 3779 3270 3820 eorum
3305 3763 3562 3834 posteris,

1985 3857 2282 3912 salutarem
2337 3855 2516 3912 laudis
2569 3863 2674 3912 tum
2727 3857 3098 3928 disciplinam,
3149 3871 3250 3912 ceu
3305 3855 3566 3928 optimam

1985 3959 2212 4016 sortem,
2243 3949 2544 4004 tradentes.

1986 4149 2038 4204 1.
2075 4145 2142 4204 ΙΝ
2187 4147 2418 4208 FINEM.
2457 4145 2594 4202 PRO
2631 4145 2716 4200 IIS
2749 4145 2868 4212 QUI
2911 4145 3562 4214 COMMUTABUNTUR,

2387 4215 2812 4274 TESTIMONIU
2825 4217 2872 4272 Μ
2903 4217 3152 4272 ASAI’H.

2657 4309 2896 4364 LXXIX.

2057 4425 2226 4482 Vsus.
2263 4427 2318 4480 9..
2361 4425 2468 4494 Qui
2491 4427 2668 4496 pascis
2711 4425 2910 4490 Israel,
2945 4425 3176 4492 intende,
3217 4429 3307 4500 qui
3351 4427 3566 4482 deducis

1985 4519 2122 4575 velut
2167 4535 2310 4574 ovem
2339 4517 2556 4590 Joseplt.
2587 4519 2834 4586 Quatuor
2873 4527 3003 4574 sunt
3035 4519 3308 4590 inscripti,
3339 4521 3448 4576 Pro
3499 4523 3566 4576 iis

297 4607 706 4680 γεγραμμένοι,
747 4607 914 4678 Ὑπὲρ
969 4607 1088 4664 τῶν
1129 4611 1736 4682 ἀλλοιωθησομένων’
1789 4611 1879 4666 δύο

1985 4615 2076 4684 qui
2111 4613 2614 4676 committebantur;
2664 4613 2774 4668 duo
2811 4613 3032 4684 quidem
3085 4613 3328 4677 Davidis,
3379 4630 3472 4668 Lux
3513 4623 3570 4668 et

303 4697 402 4768 μὲν
427 4697 523 4752 τοῦ
547 4699 730 4764 Δαυῒδ,
757 4702 786 4756 ό
809 4701 886 4754 νθ⁹
913 4703 1008 4756 καὶ
1037 4705 1066 4756 ό
1089 4703 1192 4776 ξη’,
1213 4703 1322 4758 τῶν
1359 4705 1416 4758 δὲ
1445 4703 1576 4760 υἱῶν
1609 4705 1754 4778 Κορὲ
1781 4701 1882 4772 εἷς,

299 4793 330 4844 ὁ
365 4791 468 4862 μδν,
501 4791 598 4846 καὶ
645 4791 738 4846 τοῦ
783 4793 954 4866 Ἀσάφ
1005 4795 1266 4860 ὡσαύτως
1295 4797 1324 4850 ό
1391 4797 1530 4868 μετὰ
1583 4801 1786 4870 χεῖρας.
1825 4799 1884 4854 '0

305 4881 404 4952 μὲν
433 4877 526 4936 οὖν
553 4883 628 4936 νθ¹
668 4883 984 4940 ἀπόπτωσιν
1013 4885 1106 4940 τοῦ
1153 4887 1422 4942 Ἰουδαίων
1465 4889 1650 4955 ἔθνους
1697 4891 1884 4962 ἐδήλου

239 4983 242 4986 ’
303 4975 398 5030 καὶ
443 4977 630 5048 κλῆσιν
666 4977 860 5032 ὲθνῶψ
897 4979 1050 5049 ἔλεγε
1079 4979 1124 5032 δ’
1151 4977 1246 5034 οὖν
1279 4981 1598 5054 ἀρχόμενος,
1637 4981 1692 5036 ’0
1717 4983 1884 5050 Θεὸς,

301 5070 522 5126 ἀπώσω
557 5071 736 5140 ἡμᾶς,
782 5071 880 5126 καί
919 5073 1192 5142 καθεῖλες
1223 5075 1402 5146 ἡμᾶς,
1439 5075 1758 5144 ὠργίσοης.
1791 5075 1888 5128 καὶ

301 5162 374 5216 τά
401 5163 610 5226 τούτοις
635 5163 781 5236 ἑξῆς.
813 5159 950 5218 Εἶτα
993 5165 1220 5238 προῖὼν,
1266 5167 1468 5238 ἐπῆγε·
1499 5165 1678 5222 Mum?
1703 5165 1888 5234 λέϐης

303 5255 414 5324 τῆς
449 5255 700 5352 ἐλιπίδος
725 5273 866 5326 μου.
905 5257 1028 5312 Ἐπί
1063 5259 1178 5326 τὴν
1217 5259 1546 5330 Ἰδουμαίαν
1567 5259 1786 5314 ἐκτενῶ
1819 5259 1886 5314 τὸ

303 5347 586 5418 ὑπόδημὰ
603 5365 746 5418 μου,
765 5349 894 5420 ἐμοὶ
920 5349 1260 5420 ἀλλόφυλοι
1289 5351 1614 5420 ἑφιλίασαν
1631 5369 1644 5384 ·
1673 5351 1728 5422 ἦ,
1753 5355 1888 5408 ὑπε-

305 5441 598 5510 τάγησαν.
615 5441 888 5506 Ὡσαύτως
919 5443 1016 5496 καὶ
1045 5443 1074 5494 ὁ
1101 5441 1204 5516 ξη’,
1221 5443 1400 5514 Ὑπὲρ
1423 5443 1540 5498 τῶν
1553 5445 1886 5514 ἀλλοιωθη-

307 5531 584 5602 σομένων
609 5535 1106 5608 ἐπιγεγραμμένος,
1125 5533 1194 5588 τὰ
1225 5535 1370 5607 πάθη
1397 5535 1491 5590 τοῦ
1515 5537 1766 5610 Σωτῆρος
1793 5537 1888 5592 καὶ

305 5619 402 5692 τὴν
437 5623 534 5676 τοῦ
571 5623 786 5696 Ἰσραὴλ
815 5625 1084 5698 ἀποϐολὴν
1121 5625 1414 5697 παρίστησι
1453 5627 1656 5698 λέγων’
1701 5631 1892 5696 Γενη-

309 5713 466 5780 θήτω
495 5715 534 5784 ἠ
563 5715 814 5786 τράπεζα
837 5717 1036 5772 αὐτῶν
1057 5717 1314 5772 ἐνώπιον
1335 5717 1532 5774 αὐτῶν
1555 5723 1642 5786 εἰς
1669 5721 1890 5790 παγίδα

311 5805 412 5858 καὶ
447 5807 534 5872 είς
573 5809 974 5864 ἀνταπόδοσιν
1005 5811 1104 5870 καί
1143 5813 1230 5876 εἰς
1271 5809 1642 5866 σκάνδαλον.
1697 5815 1890 5866 Exori-

313 5893 636 5964 σθήτωσαν
685 5903 738 5954 cl
777 5901 1066 5972 ὀφθαλμοὶ
1115 5901 1314 5958 αὐτῶν
1351 5901 1454 5956 τοῦ
1481 5901 1568 5972 μὴ
1607 5901 1886 5974 βλέπειν,

1987 4721 2178 4770 vam,
2221 4705 2454 4760 ﬁliorqu
2485 4703 2626 4760 Coro
2677 4721 2840 4766 unus,
2877 4721 3024 4768 κων,
3063 4705 3268 4776 Asaphi
3305 4707 3434 4762 item
3477 4705 3568 4760 hic

1985 4815 2146 4868 quem
2197 4805 2518 4854 tractamus.
2567 4797 3066 4868 Quiuquagesimus
3123 4814 3302 4854 nonus
3355 4799 3568 4868 lapsum

1985 4889 2196 4946 .lndaici
2233 4891 2416 4962 populi
2447 4899 2501 4946 et
2531 4892 2872 4946 vocationem
2911 4889 3156 4960 gentium
3191 4889 3564 4960 signiﬁcabat,

1989 4985 2074 5038 his
2105 4985 2286 5038 verbis
2325 4999 2490 5040 orsus
2519 5003 2532 5038 :
2569 4983 2730 5048 Deus,
2771 4983 3014 5052 repulisti
3055 4999 3150 5038 nos
3173 4993 3224 5037 et
3257 4981 3568 5037 destruxiin

1987 5093 2106 5140 nos,
2143 5077 2312 5130 iratus
2351 5093 2428 5138 es,
2465 5087 2520 5130 et
2551 5085 2746 5130 αιτιοι-ιι
2773 5093 2894 5148 qua:
2927 5085 3254 5148 sequuntur.
3293 5075 3410 5130 Sub
3451 5075 3570 5128 haec

1989 5183 2170 5224 autent
2207 5187 2222 5224 :
2259 5167 2418 5224 Moab
2459 5169 2594 5224 lebes
2625 5170 2733 5238 spei
2759 5187 2904 5224 nieat.
2945 5169 3013 5224 In
3047 5169 3346 5224 Idunueam
3387 5177 3570 5222 exten-

1987 5263 2112 5316 dam
2155 5261 2564 5314 calceamentum
2599 5277 2766 5314 meum
2787 5275 2806 5324 ;
2843 5261 2972 5314 mihi
2995 5259 3250 5330 allopltyli
3287 5259 3448 5312 amici
3481 5257 3570 5326 fa-

1989 5347 2062 5400 cti
2083 5355 2236 5410 sunt,
2267 5345 2400 5406 sive,
2435 5345 2632 5400 subditi
2655 5357 2798 5404 sum.
2833 5345 3096 5400 Similiter
3123 5359 3318 5410 vam,
3351 5343 3458 5396 Pro
3499 5341 3568 5396 iis

1987 5440 2076 5510 qui
2107 5437 2572 5492 commutabuntur
2607 5441 2924 5510 inscriptus,
2975 5437 3254 5494 cruciatus
3305 5433 3568 5490 Servato-

1989 5535 2070 5588 ris
2121 5543 2176 5588 et
2233 5529 2450 5588 lsraelis
2493 5531 2854 5600 abjectionem
2907 5531 3156 5586 declarat
3207 5527 3292 5582 his
3339 5526 3562 5582 verbis;

1991 5625 2118 5681 Fiat
2151 5643 2328 5682 mensa
2357 5643 2538 5682 eorum
2571 5643 2748 5682 coram
2781 5627 2908 5696 ipsis
2945 5627 2996 5679 in
3029 5625 3298 5694 laqueum,
3329 5631 3380 5676 et
3411 5621 3466 5674 in
3497 5635 3562 5674 rc-

1991 5721 2330 5774 tribntionem
2367 5729 2416 5774 et
2445 5721 2496 5774 in
2541 5719 2876 5778 scandalum.
2919 5715 3280 5772 Obscurentur
3303 5715 3444 5768 oculi
3479 5729 3570 5768 so-

1993 5831 2108 5868 rum
2153 5831 2214 5868 nc
2257 5813 2486 5878 videant,
2525 5823 2574 5884 et
2621 5815 2840 5868 dorsum
2871 5825 3054 5863 eorum
3091 5823 3292 5876 semper
3331 5807 3570 5860 incurva.

1993 5905 2220 5978 Eﬂ'unde
2243 5921 2394 5976 super
2423 5923 2508 5962 eos
2541 5907 2676 5962 iram
2711 5915 2876 5968 tuam,
2911 5913 2962 5958 et
2993 5903 3142 5972 [uror
3167 5903 3260 5956 ira:
3293 5911 3396 5956 tua:
3425 5915 3542 5956 con:
