4078 6934
555 387 655 445 951

1235 386 1506 443 EUSEBII
1555 382 2046 442 CESARIENSIS
2081 379 2234 438 OPP.
2282 379 2461 437 PARS
2497 381 2585 439 ΙΙΙ.
2625 416 2695 426 -—
2733 381 3140 440 EXEGETICA.

3735 385 3880 440 95?.

550 501 839 573 prehendat
889 519 996 557 eos.
1033 501 1158 557 Fiat
1197 502 1459 557 habitatio
1497 519 1679 557 eorum
1722 501 1952 567 deserta,
1989 508 2039 555 et
2072 499 2104 553 it

2229 497 2326 550 καὶ
2380 497 2490 552 τὸν
2547 499 2742 554 νῶτον
2794 500 2981 554 αὑτὸν
3044 501 3368 567 διαπαντὸς
3426 502 3870 572 σύνκαμψον.

552 593 912 650 tabernaculis
955 613 1135 652 eorum
1174 613 1278 650 non
1323 598 1394 652 sit
1423 597 1514 668 qui
1555 596 1831 652 inhabitet.
1866 595 2131 662 Quoniam

547 702 702 759 quem
735 695 792 742 tu
816 690 1124 758 percussisti
1149 690 1409 758 persecuti
1438 699 1583 753 sunt,
1628 699 1677 744 et
1708 706 1864 760 super
1892 689 2129 743 dolorem

548 779 828 834 uulnerum
879 797 1113 834 meorum
1154 781 1496 837 addiderunt.
1534 782 1597 838 lli
1643 784 1863 854 quidem
1908 781 2130 838 Davidis

547 880 699 929 sunt.
732 871 994 928 Filiorum
1025 891 1156 930 vero
1198 875 1340 931 Core
1382 892 1529 941 xuv,
1564 876 1653 932 cui
1686 876 1896 939 titulus,
1930 874 2036 930 Pro
2061 876 2126 930 iis

545 964 640 1030 qui
690 967 1196 1038 commutabuntur,
1253 969 1528 1024 canticum
1580 968 1947 1041 pro.Dilecto
1991 969 2128 1024 emi-

546 1055 641 1119 sit,
695 1057 854 1126 cujus
911 1058 1205 1115 adventum
1258 1062 1586 1130 vaticinans,
1634 1063 1974 1117 vocationem
2025 1061 2128 1116 Ec-

545 1145 728 1202 clesia:
763 1165 828 1204 ex
863 1151 1121 1220 gentibus
1164 1151 1395 1219 addidit,
1424 1153 1527 1208 hoc
1549 1169 1670 1208 eam
1695 1152 1856 1212 modo
1885 1152 2129 1208 subindt-

543 1253 679 1294 cans
710 1261 722 1294 :
749 1241 913 1307 Audi,
957 1244 1099 1313 ﬁlia,
1133 1254 1182 1299 et
1216 1245 1351 1310 vide,
1399 1257 1448 1301 et
1484 1247 1686 1301 inclina
1739 1263 1921 1302 aurem
1954 1257 2121 1311 tuam,

540 1339 592 1384 et
621 1330 926 1390 obliviscere
943 1337 1197 1406 populum
1229 1348 1373 1393 tuum
1401 1348 1449 1394 et
1481 1339 1696 1394 domum
1718 1341 1886 1411 patris
1917 1341 2014 1396 tui.
2055 1339 2122 1394 Et

539 1427 870 1497 concupiscet
903 1445 997 1487 rex
1023 1429 1262 1488 decorem
1290 1441 1458 1499 tuum,
1482 1435 1732 1504 quoniam
1767 1436 1878 1504 ipse
1903 1444 1982 1490 est
2011 1434 2124 1488 Do-

538 1521 714 1576 minus
744 1530 887 1587 tuus,
918 1531 968 1576 et
1006 1522 1306 1578 adorabunt
1326 1541 1465 1589 eum,
1495 1526 1612 1591 [ilia
1651 1526 1778 1596 Tyri
1803 1527 1859 1581 in
1891 1528 2123 1581 muneri-

537 1615 655 1670 bus.
686 1615 890 1672 Eodem
922 1616 1106 1687 itaque
1146 1618 1307 1672 modo
1338 1618 1427 1673 hic
1466 1635 1631 1690 quem
1656 1627 1982 1686 tractamus,
2010 1621 2118 1674 Pro

534 1709 603 1764 iis
639 1709 731 1780 qui
767 1708 1233 1768 commutabantur
1279 1710 1601 1782 inscriptus,
1640 1726 1706 1766 ac
1735 1712 1791 1766 in
1831 1711 1992 1766 linem
2034 1729 2119 1768 re-

534 1803 778 1864 mittens,
817 1800 1023 1859 Christi
1053 1803 1370 1868 adventum,
1401 1803 1615 1859 Judaici
1665 1805 1852 1875 populi
1883 1806 2112 1876 captivi-

534 1900 702 1950 tatem
739 1900 794 1951 et
830 1891 1333 1966 Hierosolymorum
1377 1894 1691 1950 incendium
1714 1895 1909 1967 quoda
1943 1896 2111 1969 Baby-

533 1983 700 2040 loniis
731 1984 933 2040 factum
967 1995 1052 2041 est
1098 1987 1448 2055 praznuntiat.
1484 1985 1668 2042 Primo
1695 1987 1916 2058 quidem
1964 1989 2115 2044 ordi-

532 2083 624 2133 tur
653 2077 721 2130 ab
747 2077 897 2134 exitu
931 2076 1248 2134 Iudaeorum
1287 2096 1356 2134 ex
1393 2079 1650 2152 Egypto,
1689 2093 1742 2137 et
1778 2081 2113 2139 habitatione

528 2184 720 2226 eorum
767 2171 823 2229 in
878 2171 1165 2230 Palaestina
1213 2192 1227 2227 :
1273 2172 1471 2228 deinde
1525 2173 1712 2242 adjicit
1769 2175 2110 2231 obsidionem

529 2268 654 2334 post
712 2261 828 2318 haec
882 2264 951 2318 ab
999 2263 1240 2335 Assyriis
1289 2272 1343 2319 et
1391 2263 1706 2336 Babyloniis
1757 2265 1956 2320 factam
1996 2267 2110 2322 :ad

2139 1853 2183 1907 Β

528 2352 646 2407 hac
707 2363 889 2409 autem
947 2355 1406 2426 supplicationem
1458 2355 1690 2412 eﬂ'undit
1745 2373 1845 2428 pro
1904 2357 2108 2414 Christi

525 2445 764 2506 adventu
818 2463 835 2502 :
887 2462 1008 2517 qua:
1066 2447 1380 2517 singulatim
1445 2447 1504 2503 in
1570 2448 1736 2520 hujus
1810 2451 2109 2521 prophetiae

524 2537 981 2610 interpretatione
1036 2539 1480 2609 explicabuntur.
1536 2539 1697 2595 Initio
1747 2551 1928 2597 autem
1981 2560 2105 2598 eum

523 2628 619 2704 qui
665 2629 837 2708 pascit
882 2627 1044 2684 Israel
1091 2630 1337 2700 psalmus
1381 2637 1572 2686 evocat
1603 2650 1617 2686 :
1643 2631 1733 2687 hic
1781 2647 1944 2704 porro
1988 2641 2106 2688 erat

522 2717 622 2775 Dei
661 2717 924 2785 Verbum,
977 2721 1057 2776 uti
1095 2723 1416 2792 plerumque
1463 2723 1960 2795 comprobavimus,
2013 2725 2107 2780 de-

521 2810 801 2871 clarantcs
854 2826 964 2866 non
1014 2811 1182 2868 Deum
1235 2814 1328 2884 qui
1382 2830 1550 2886 super
1595 2815 1779 2869 omnia
1826 2824 1950 2878 est,
2000 2817 2105 2872 sub

521 2902 763 2959 hominis
825 2903 993 2975 ﬁgura
1052 2905 1230 2960 visum
1290 2905 1605 2960 Abrahamo
1662 2907 1871 2975 fuisse;
1928 2925 2105 2980 neque

522 2992 694 3066 Moysi
739 2996 963 3050 oracula
1005 2996 1232 3064 fudisse,
1271 3013 1373 3054 nec
1423 2999 1477 3053 in
1511 2999 1724 3056 deserto
1754 3003 2103 3072 praecessisse

522 3086 819 3156 populum;
845 3089 939 3143 sed
975 3088 1122 3144 hunc
1155 3106 1266 3145 non
1295 3091 1460 3145 alium
1484 3107 1629 3157 esse,
1652 3108 1816 3164 quam
1846 3109 1970 3149 eum
2005 3096 2100 3166 qui

518 3176 573 3232 in
603 3175 894 3249 Evangelia
935 3179 1070 3234 dicit
1101 3197 1114 3232 :
1153 3182 1445 3254 Antequam
1492 3183 1763 3239 Abraham
1789 3188 1970 3255 ﬁeret,
2007 3205 2099 3259 ego
2128 3204 2171 3262 (ς

518 3283 636 3320 sum
653 3268 735 3335 ⁵⁸;
767 3279 840 3335 et,
875 3269 1142 3324 Abraham
1165 3282 1317 3341 pater
1355 3284 1522 3328 uester
1549 3277 1834 3331 exsultavit
1869 3289 1926 3331 ut
1956 3279 2099 3336 vitle-

519 3369 595 3420 ret
618 3359 757 3416 diem
788 3379 984 3428 meum,
1009 3372 1059 3418 et
1087 3364 1302 3426 ridit,et
1324 3367 1534 3437 gavisus
1565 3379 1642 3422 est
1661 3371 1749 3424 ⁵⁸⁸.
1771 3371 1947 3440 Ipsum
1971 3388 2101 3444 ergo

511 3453 626 3521 jam
657 3463 852 3512 evocat
876 3454 1068 3514 dicens
1101 3475 1116 3511 :
1152 3456 1257 3523 Qui
1274 3459 1448 3526 pascis
1485 3458 1682 3529 Israel,
1700 3462 1928 3527 intende,
1963 3474 2097 3532 etc.,

517 3552 782 3619 rogatque
817 3555 876 3601 ut
927 3547 1180 3608 ostendat
1220 3549 1413 3605 facient
1459 3567 1615 3607 suam
1666 3569 1766 3624 pro
1821 3559 2098 3614 communi

517 3639 764 3694 omnium
810 3639 1021 3708 salute,
1071 3642 1478 3714 adventumque
1527 3644 1649 3714 ejus
1691 3650 2096 3719 quamprimmn

515 3730 835 3805 contingere
872 3733 1146 3812 supplicat
1191 3735 1277 3790 his
1312 3737 1496 3792 verbis
1528 3753 1542 3789 :
1575 3736 1768 3798 Excita
1807 3744 2097 3810 potentiam

513 3831 684 3886 tuam,
717 3833 766 3878 et
819 3826 935 3880 veni
965 3837 1021 3879 ut
1069 3829 1245 3883 salvos
1298 3829 1471 3899 facias
1503 3847 1640 3901 nos;
1671 3847 1736 3887 ac
1769 3835 1932 3889 tertio
1969 3851 2094 3892 cum

511 3913 666 3977 dicit,
695 3914 930 3970 Ostende
960 3917 1151 3986 faciem
1181 3929 1367 3986 tuam,
1396 3931 1448 3976 et
1471 3923 1607 3976 salvi
1633 3926 1852 3986 erimus.
1894 3925 2097 3985 Deinde

510 4019 644 4059 vero
677 4006 948 4063 adventus
976 4009 1196 4064 modum
1225 4011 1469 4067 declarat
1491 4013 1683 4072 dicens
1708 4032 1722 4068 :
1759 4016 1886 4072 Fiat
1906 4036 2095 4081 manus

512 4106 608 4157 tua
652 4114 808 4167 super
847 4100 1017 4160 virum
1046 4100 1276 4166 dextera:
1305 4115 1430 4170 tute,
1460 4115 1510 4160 et
1532 4124 1690 4178 super
1720 4109 1894 4180 ﬁlium
1924 4110 2097 4176 homi-

510 4189 617 4254 nis,
641 4207 793 4260 quem
831 4194 1164 4262 conﬁrmasti
1193 4195 1310 4263 tibi,
1336 4198 1717 4278 lncorporeum
1749 4217 1984 4274 namque
2003 4204 2094 4259 Dei

511 4278 752 4336 Verbum
797 4296 975 4355 rogat,
1014 4295 1072 4340 ut
1107 4303 1204 4357 per
1251 4289 1428 4344 virum
1461 4291 1703 4348 dextera:
1737 4309 1873 4360 suae,
1916 4305 1970 4351 et
1999 4312 2096 4366 per

509 4372 708 4434 Filium
738 4378 976 4436 hominis
1008 4382 1306 4439 beneﬁcam
1344 4386 1603 4444 virtutem
1644 4405 1802 4456 suam
1833 4394 2091 4456 omnibus

509 4469 791 4540 largiatur.
839 4471 1020 4533 Divini
1071 4476 1256 4547 itaque
1293 4487 1346 4534 et
1375 4481 1635 4542 salutaris
1689 4485 1960 4542 adventus
1990 4487 2092 4542 hac

2236 591 2488 660 Ἕκχεον
2510 593 2602 647 ἐπ’
2627 594 2850 662 αὐτοὺς
2895 595 3010 662 τὴν
3045 595 3233 666 ὀργήν
3262 610 3401 660 σου,
3435 596 3534 649 καὶ
3564 600 3598 651 ὁ
3629 596 3872 664 θυμὸς

2230 683 2341 752 τῆς
2381 684 2565 756 ὀργῆς
2605 701 2724 741 σου
2768 686 3089 741 καταλάϐοι
3136 688 3379 754 αὐτούς.
3419 688 3771 758 Γενηθήτω
3809 691 3866 758 ἡ

2227 774 2486 842 ἔπαυλις
2511 776 2710 832 αὐτῶν
2738 778 3116 850 ἠρημωμένη,
3164 780 3261 833 καί
3298 781 3369 833 ἐν
3413 781 3536 847 τοῖς
3571 780 3888 849 σκηναὶ-Σ

2221 880 2414 935 μασιν
2437 865 2636 921 αὐτῶν
2650 866 2736 937 μὴ
2758 869 2912 923 ἔστω
2945 873 2980 924 ὁ
3001 869 3292 925 κατοικῶν
3311 889 3326 904 ·
3348 871 3439 925 ὅτι
3464 871 3537 925 ὃν
3562 872 3646 926 σὺ
3677 871 3862 926 ἐπά-

2228 956 2414 1024 ταξας
2442 958 2830 1026 κατεδίωξαν,
2863 962 2961 1016 καὶ
3001 962 3100 1016 ἐπὶ
3144 963 3214 1017 τὸ
3256 962 3443 1034 ἄλγος
3472 963 3592 1017 τῶν
3631 963 3872 1032 τραυ-’

2221 1048 2427 1119 μάτων
2478 1068 2600 1120 μου
2647 1052 3047 1122 προσέθηκαν.
3102 1047 3261 1109 Οὗτοι
3312 1055 3412 1126 μέν
3463 1051 3556 1109 οὖν
3613 1058 3670 1109 οἱ
3735 1055 3849 1110 τοῦ

2226 1142 2406 1195 Δαυῖδ.
2425 1143 2546 1198 Τῶν
2572 1143 2629 1197 δὲ
2659 1143 2788 1198 υίῶν
2805 1146 2947 1218 Κορέ
2972 1147 3000 1199 ό
3023 1145 3126 1218 μδν,
3143 1145 3321 1216 ’Υπὲρ
3348 1145 3465 1200 τῶν
3484 1149 3852 1216 (illatam-

2224 1231 2500 1303 σομένων
2525 1233 2624 1306 τὴν
2651 1236 2959 1309 ἐπιγραφὴν
2990 1236 3149 1307 ἔχων,
3181 1237 3322 1311 ᾠδὴν
3358 1237 3640 1309 ἀνέπεμπε
3670 1239 3846 1310 ὑπὲρ

2222 1325 2318 1378 τοῦ
2356 1326 2688 1396 Ἀγαπητοῦ,
2715 1323 2776 1383 οὗ
2812 1329 2911 1402 τὴν
2952 1329 3251 1400 παρουσίαν
3283 1328 3543 1394 θεσπίσας
3586 1330 3846 1383 ἐπισυν-

2222 1417 2362 1489 ῆπτε
2410 1418 2509 1490 τὴν
2551 1418 2740 1490 κλῆσιν
2786 1419 2886 1490 τῆς
2932 1418 2992 1485 ἐξ
3033 1419 3201 1475 ἐθνῶν
3246 1420 3570 1491 Ἐκκλησίας
3617 1419 3842 1476 τοῦτον

2223 1509 2591 1581 αἰνιττόμενος
2640 1511 2732 1566 τὸν
2781 1513 3012 1584 τρόπον·
3044 1515 3356 1580 Ἄκουσον,
3401 1515 3676 1584 θύγατερ,
3719 1515 3835 1568 καὶ

2220 1603 2435 1657 κλῖνον
2475 1603 2543 1659 τὸ
2584 1599 2694 1672 οὖς
2729 1619 2866 1671 σου,
2908 1605 3008 1659 καὶ
3039 1605 3328 1662 ἐπιλάθου
3362 1605 3467 1660 τοῦ
3501 1605 3654 1660 λαοῦ
3693 1622 3836 1662 σου

2220 1695 2319 1749 καί
2342 1695 2449 1750 τοῦ
2472 1696 2644 1751 οικου
2670 1696 2778 1751 τοῦ
2804 1698 3028 1766 πατρός
3054 1714 3192 1752 σου.
3237 1699 3346 1754 Καὶ
3390 1699 3761 1768 ἐπιθυμήσει
3791 1701 3832 1754 δ

2213 1788 2516 1854 βασιλεὺς
2553 1789 2661 1843 τοῦ
2700 1787 2968 1855 κάλλους
3004 1805 3142 1857 σου,
3178 1789 3268 1844 ὅτι
3298 1791 3481 1856 αὐτός
3510 1789 3641 1844 ἐστι
3693 1791 3828 1843 Κύ-

2207 1881 2341 1949 ριός
2387 1895 2526 1946 σου,
2568 1875 2682 1935 καὶ
2712 1880 3258 1950 προσκυνήσουσιν
3305 1881 3495 1948 αὐτῷ,
3539 1881 3827 1952 θυγάτηρ

2219 1974 2408 2041 Τύρου
2439 1973 2510 2027 ἐν
2538 1973 2766 2042 δώροις.
2800 1973 2956 2028 Κατὰ
3000 1974 3094 2028 τὸν
3137 1973 3298 2029 αὐτὸν
3335 1970 3430 2028 οὖν
3465 1973 3662 2046 τρόπον
3713 1975 3824 2027 καὶ

2212 2067 2240 2120 ὁ
2271 2065 2408 2138 μετὰ
2433 2066 2814 2138 χεῖραςὙπὲρ
2855 2066 2972 2121 τῶν
2991 2068 3566 2137 άλλοιωθησομένων
3611 2070 3822 2136 ἐπιγε-

2210 2159 2551 2230 γραμμένος,
2602 2160 2698 2214 καὶ
2741 2161 2821 2224 εἰς
2869 2161 2932 2213 τὸ
2970 2160 3122 2224 τέλος
3163 2161 3524 2232 ἀναπέμπων,
3561 2159 3819 2232 Χριστοῦ

2211 2250 2531 2322 παρουσίαν,
2563 2251 2656 2304 τοῦ
2684 2269 2745 2304 τε
2786 2251 3050 2306 Ἰουδαίων
3073 2252 3255 2317 ἔθνους
3296 2253 3396 2324 τὴν
3427 2252 3818 2323 αἰχμαλωσίαν

2209 2343 2303 2396 καὶ
2331 2343 2422 2396 τὸν
2451 2344 2777 2416 ἐμπρησμὸν
2802 2345 2900 2416 τῆς
2937 2345 3286 2418 Ἰερουσαλὴμ
3311 2346 3368 2399 δν
3396 2344 3660 2399 πέπονθεν
3692 2346 3816 2398 ὑπὸ

2208 2434 2563 2490 Βαϐυλωνίων
2605 2441 3009 2509 προαναφωνεὶ
3053 2437 3276 2510 Πρῶτον
3308 2440 3405 2508 μὲν
3448 2433 3540 2492 οὖν
3587 2437 3814 2510 διεξέρ-

2207 2545 2360 2599 χεται
2407 2529 2508 2602 τὴν
2559 2531 2654 2584 ἀπ’
2697 2529 2974 2601 Αἰγύπτου
3016 2531 3125 2585 τῶν
3165 2531 3436 2584 Ἰουδαίων
3471 2529 3667 2595 ἔξοδον,
3701 2529 3811 2582 καὶ

2205 2621 2304 2694 τὴν
2336 2622 2651 2695 κατοίκησιν
2678 2622 2858 2678 αὐτῶν
2885 2623 2982 2693 τὴν
3006 2623 3100 2676 ἐπὶ
3144 2622 3244 2693 τῆς
3270 2621 3379 2675 τῶν
3407 2621 3807 2691 ,Παλαιστίνων

2205 2718 2342 2789 γῆς·
2383 2715 2575 2771 ἔπειτα
2622 2717 2884 2772 συνάπτει
2915 2717 3012 2788 τὴν
3049 2715 3187 2790 μετὰ
3227 2715 3402 2769 ταῦτα
3444 2714 3804 2768 εἰσελθοῦσαν

2205 2809 2387 2872 αὐτοῖς
2407 2809 2722 2876 πολιορκίαν
2738 2809 2844 2863 ὑπὸ
2871 2809 3170 2880 Ἀσσυρίων
3193 2809 3288 2862 καὶ
3305 2806 3657 2861 Βασυλωνίων
3696 2807 3802 2859 καὶ

2206 2899 2342 2970 πρὸς
2371 2897 2580 2962 τούτοις
2606 2900 2885 2970 ἱκετηρίαν
2922 2899 3195 2954 ἐκτίθεται
3222 2899 3364 2969 ὑπὲρ
3394 2901 3492 2970 τῆς
3525 2896 3618 2950 τοῦ
3654 2899 3798 2969 Χρι-

2206 2989 2332 3044 στοῦ
2359 2989 2704 3060 ἐπιφανείας·
2730 2991 2902 3046 ταῦτα
2926 2991 2984 3045 δὲ
3011 2991 3152 3045 κατὰ
3177 2990 3341 3063 μέρος
3365 2990 3701 3062 δειχθήσεται
3732 2993 3796 3043 ἐν

2203 3087 2268 3156 τῇ
2291 3085 2397 3140 τῶν
2417 3086 2909 3160 προφητευομένων
2941 3086 3233 3160 ἐρμηνείᾳο
3258 3085 3398 3140 κατὰ
3423 3085 3478 3140 δὲ
3495 3085 3593 3157 τὴν
3611 3084 3794 3155 ἀρχὴν

2205 3178 2550 3232 ἀνακαλεῖται
2596 3181 2624 3233 ό
2657 3179 2868 3250 ψαλμδς
2907 3179 2999 3232 τὸν
3036 3177 3390 3249 ποιμαίνοντα
3422 3177 3512 3230 τὸν
3548 3177 3788 3247 Ἰσραήλ-

2203 3263 2357 3336 οὖτος
2383 3271 2440 3326 δὲ
2467 3268 2536 3343 ἦν
2568 3273 2598 3326 ό
2624 3271 2718 3325 τοῦ
2749 3271 2882 3325 Θεοῦ
2905 3271 3095 3342 Λόγος,
3121 3272 3198 3335 ὡς
3232 3270 3486 3334 πολλάκις
3506 3270 3791 3334 ἀπεδείξα-

2204 3381 2302 3434 μεν
2324 3363 2720 3436 παριστῶντες,
2736 3363 2811 3436 μὴ
2833 3363 2924 3418 τὸν
2947 3363 3204 3417 ἐπέκεινα
3227 3362 3320 3418 τὸν
3343 3363 3478 3417 ὅλων
3492 3362 3623 3415 Θεὸν
3643 3361 3788 3417 εἶναι

2199 3457 2290 3511 τὸν
2311 3451 2490 3527 ὦφθαι
2510 3456 2589 3529 τῷ
2621 3457 2869 3529 Ἀδραὰμ
2888 3461 2946 3510 ἐν
2967 3457 3157 3529 ἀνδρὸς
3189 3457 3425 3528 σχήματι
3445 3457 3789 3526 ἀναγεγραμ-

2203 3548 2383 3620 μένον,
2406 3551 2500 3604 καὶ
2517 3547 2594 3620 τῷ
2615 3549 2839 3603 Μωῦσεί
2859 3548 3339 3619 κεχρηματικέναι,
3369 3546 3462 3600 καὶ
3489 3549 3546 3600 ἐν
3571 3548 3634 3616 τῇ
3656 3547 3785 3616 ἐρή-

2203 3659 2289 3713 μῳ
2322 3641 2720 3714 προωδευκέναι
2745 3641 2840 3694 τοῦ
2857 3640 3006 3694 λαοῦ·
3039 3634 3178 3694 εἶναι
3207 3640 3265 3694 δὲ
3294 3639 3478 3694 τοῦτον
3503 3638 3782 3709 οὐδέτερον

2198 3734 2293 3787 τοῦ
2338 3734 2397 3786 ἐν
2452 3733 2808 3802 Εὐαγγελίοις
2861 3732 3170 3804 είρηκὸτος-
3216 3730 3365 3799 Πρὶν
3403 3731 3653 3799 Ἀϐραὰμ
3681 3747 3776 3798 τε·

2197 3825 2408 3880 νέσθαι
2431 3824 2546 3895 ἐγώ
2565 3827 2680 3895 είμι
2701 3842 2714 3855 ο
2735 3826 2851 3891 καὶ,
2879 3826 2936 3879 Ἀ
2945 3824 3134 3895 ϐραὰμ
3156 3827 3189 3878 ό
3205 3823 3400 3892 πατὴρ
3419 3823 3582 3893 ὑμῶν
3601 3823 3778 3892 ἠγαλ-

2196 3917 2452 3973 λιάσατο
2471 3919 2572 3972 ἵνα
2596 3918 2692 3987 ιδῃ
2717 3917 2832 3988 τὴν
2855 3917 3083 3988 ἡμέραν
3109 3918 3224 3987 τὴν
3246 3917 3420 3986 ἐμὴν,
3445 3917 3542 3970 καί
3565 3912 3653 3970 ἴδε
3676 3916 3774 3968 καὶ

2195 4011 2404 4082 ἐχάρη.
2463 4012 2636 4065 Αὑτὸν
2663 4011 2726 4082 δὴ
2757 4007 2849 4065 οὗν
2879 4011 2974 4064 ἐπὶ
3003 4010 3098 4064 τοῦ
3130 4011 3397 4082 παρόντος
3427 4007 3769 4064 ἀνακαλεῖται

2197 4103 2423 4172 φάσκων
2440 4120 2453 4132 ·
2471 4103 2534 4157 '0
2549 4104 2878 4173 ποιμαίνων
2892 4102 2999 4156 τὸν
3022 4101 3281 4171 Ἰσραὴλ,
3298 4104 3584 4171 πρόσχες,
3603 4101 3692 4152 καὶ
3703 4099 3772 4152 τὰ,

2196 4197 2324 4268 ἑξῆς
2343 4235 2358 4261 ,
2385 4195 2648 4265 ἐπιφᾶναι
2665 4212 2724 4249 τε
2748 4197 2810 4250 τὸ
2827 4197 3116 4268 πρόσωπον
3138 4194 3303 4248 αὑτοῦ
3321 4195 3459 4266 ὑπὲρ
3478 4194 3576 4264 τῆς
3594 4193 3771 4264 κοινῆς

2195 4290 2452 4344 ἁπάντων
2470 4289 2744 4361 σωτηρίας
2757 4289 3044 4356 ἀντιϐολεῖ,
3057 4291 3156 4360 τήν
3169 4306 3229 4342 τε
3247 4288 3547 4360 παρουσίαν
3562 4281 3764 4360 αὑτοῦῇ

2195 4381 2359 4460 τάχος
2401 4379 2668 4449 γενέσθαι
2693 4381 2836 4448 ἀξιοῖ
2862 4380 2946 4449 λέ⁸
2959 4399 3034 4434 ων
3054 4399 3068 4412 ·
3098 4381 3429 4450 Ἐξέτ-ειρον
3452 4379 3566 4448 τὴν
3591 4380 3764 4433 δυνα-

2196 4475 2408 4527 στείαν
2426 4491 2542 4528 σου
2557 4512 2572 4538 ,
2595 4473 2691 4527 καὶ
2711 4473 2850 4527 ἐλθὲ
2867 4514 2882 4538 ,
2898 4475 2986 4540 εὶς
3005 4472 3072 4527 τὸ
3087 4473 3284 4527 σῶσαι
3302 4471 3477 4542 ἡμᾶς.
3503 4472 3764 4544 Τρίτονδέ

505 4560 718 4624 ratione
767 4567 1099 4620 mentionem
1136 4567 1298 4638 fecit;
1335 4571 1552 4630 lsraelis
1586 4592 1717 4631 vero
1765 4578 1980 4634 ruinam
2013 4579 2087 4634 ita

2205 4564 2388 4631 εἰπὼν,
2417 4568 2746 4637 Ἐπίφανον
2773 4566 2839 4619 τὸ
2865 4567 3190 4636 πρόσωπόν
3207 4582 3326 4619 σου
3343 4605 3359 4630 ,
3390 4565 3485 4618 καί
3503 4565 3760 4632 σωθησό-

509 4655 836 4714 vaticinatur
870 4673 884 4710 :
915 4657 1112 4732 thuid
1137 4661 1451 4719 destruxiin
1483 4670 1767 4728 maceriam
1791 4671 1950 4740 ejus?
1980 4675 2088 4728 sci-

505 4745 632 4801 licet
655 4748 845 4810 vinete.
879 4767 1042 4821 quam
1086 4770 1155 4809 ex
1203 4755 1440 4828 A‘Zgypto
1473 4761 1774 4826 transtulit,
1810 4773 1862 4818 et
1910 4764 2089 4820 vinde-

505 4838 673 4902 miant
704 4857 819 4895 eam
851 4859 1030 4900 omnes
1050 4847 1141 4916 qui
1168 4849 1673 4919 prwtergrediuntur
1702 4854 1861 4918 viam.
1889 4854 2083 4918 Exter-

503 4931 725 4985 minauit
747 4950 862 4987 eam
890 4952 1015 5004 aper
1052 4938 1118 5002 de
1142 4941 1274 4993 silva
1301 4980 1315 5004 ,
1344 4952 1393 4995 et
1423 4943 1713 5014 singularis
1744 4946 1886 5015 ferus
1923 4948 2086 5018 depa-

501 5031 616 5075 stus
650 5031 728 5076 est
755 5039 893 5079 eam.
921 5024 1147 5080 Incensa
1176 5028 1286 5098 igni
1313 5040 1362 5083 et
1387 5032 1642 5101 stt/fossa.
1678 5032 1804 5090 Haec
1829 5036 1897 5092 de
1929 5038 2086 5094 vinea

503 5129 854 5183 percurrens,
877 5116 1118 5175 Iudaica:
1141 5124 1319 5192 gentis
1347 5127 1710 5183 vastationem
1744 5131 2082 5200 prtenuntia-

499 5209 610 5262 hat.
641 5207 773 5266 Jure
816 5213 1002 5282 itaque
1043 5214 1100 5268 in
1155 5215 1316 5271 titulo
1351 5218 1468 5272 hme
1516 5219 1662 5272 dicta
1706 5222 2082 5284 testimonium

501 5311 768 5358 vocantur
801 5324 814 5358 :
841 5322 966 5360 nam
1014 5309 1387 5377 testimonium
1419 5313 1535 5375 haec
1569 5313 1754 5370 futura
1778 5332 1901 5374 esse
1920 5317 2078 5378 dixit.

501 5395 658 5451 Unde
701 5397 843 5466 apud
893 5395 1283 5470 Symmachum
1325 5413 1381 5458 et
1441 5406 1734 5476 Aquilam,
1775 5410 2080 5477 testiﬁcatio

497 5486 726 5543 dicitur.
760 5487 913 5544 Illius
943 5498 1126 5545 autem
1150 5491 1292 5556 loco,
1321 5509 1416 5568 pro
1465 5497 1532 5551 iis
1556 5499 1648 5568 qui
1678 5501 2082 5558 commutaban-

496 5585 618 5643 tur,
660 5577 1044 5651 Symmachus,
1073 5598 1167 5652 pro
1199 5585 1459 5652 ﬂoribus;
1491 5589 1688 5660 Aquila
1719 5609 1866 5661 vero,
1895 5611 1991 5664 pro
2013 5595 2078 5650 li-

517 5672 610 5736 iis;
644 5672 988 5744 interpretati
1023 5685 1171 5732 sunt.
1221 5677 1650 5750 Prosperitatem
1680 5686 1948 5758 siquidem
1978 5688 2075 5746 Ju-

571 5828 615 5860 "
654 5828 804 5887 Joan.
845 5849 973 5901 viti,
1013 5835 1101 5891 58.
1183 5838 1248 5869 ⁸⁵·
1293 5835 1424 5895 ibid.
1456 5840 1544 5899 56.

2193 4663 2366 4727 μεθα,
2387 4659 2480 4713 τὸν
2495 4659 2693 4732 τρόπον
2707 4661 2806 4730 τῆς
2829 4659 3146 4728 ἐπιφανείας
3167 4658 3494 4730 παρίστησιν
3513 4656 3639 4728 ἐξῆς
3659 4658 3759 4709 ἐπι-

2193 4751 2368 4821 λέγων
2387 4768 2402 4786 °
2421 4752 2741 4824 Γενηθήτω
2756 4754 2794 4822 ἡ
2820 4753 2950 4822 χείρ
2964 4769 3082 4808 σου
3097 4752 3190 4804 ἐπ’
3210 4751 3400 4820 ἄνδρα
3413 4751 3616 4817 δεξιᾶς
3628 4764 3755 4814 σου,

2192 4846 2289 4899 καὶ
2318 4845 2418 4906 ἐπι
2444 4845 2581 4900 υίὸν
2608 4846 2943 4914 ἀνθρώπου,
2977 4844 3052 4898 ὃν
3079 4844 3483 4912 ἐκραταίωσας
3512 4840 3752 4907 σεαυτῷ.

2191 4937 2296 4991 Τὸν
2339 4937 2448 5012 γὰρ
2475 4937 2764 5009 ἀσώματον
2795 4937 2890 4990 τοῦ
2931 4937 3066 4991 Θεοῦ
3108 4937 3278 5003 Λόγον
3305 4937 3447 5002 ἀξιοῖ
3477 4936 3544 4990 δι’
3576 4935 3756 5006 avbpb;

2188 5027 2368 5096 δεξιᾶς
2391 5013 2556 5084 αὐτοῦ
2586 5030 2679 5083 καὶ
2703 5029 2792 5083 διὰ
2817 5028 2946 5082 Υίοῢ
2977 5028 3264 5100 ἀνθρώπου
3294 5029 3394 5099 τὴν
3418 5025 3755 5099 εὐεργετικὴν

2191 5122 2356 5175 αὐτοῦ
2393 5122 2622 5206 δύναμιν
2659 5122 3006 5207 δωρήσασθαι
3035 5126 3148 5188 τοῖς
3187 5125 3340 5178 πᾶσι.
3395 5122 3510 5193 Τῆς
3545 5121 3642 5192 μὲν
3671 5116 3756 5174 οὖν

2191 5216 2460 5287 σωτηρίου
2507 5216 2827 5286 θεοφανείας
2857 5215 2956 5286 τὴν
2993 5218 3214 5288 μνήμην
3253 5215 3438 5269 τοῦτον
3469 5215 3752 5285 ἐποιήσατο

2187 5308 2279 5362 τὸν
2308 5311 2530 5381 τρόπον,
2561 5311 2659 5383 τὴν
2685 5311 2741 5375 δέ
2763 5311 2856 5364 τοῦ
2893 5311 3106 5383 Ἰσραὴλ
3128 5311 3445 5366 ἀπόπτωσιν
3475 5309 3657 5380 ὼδέπη
3679 5306 3751 5362 Os-

2189 5405 2370 5470 σπίζει
2393 5405 2565 5474 λέγων
2585 5423 2598 5436 ·
2634 5405 2806 5460 Ἰνατί
2841 5405 3110 5473 καθεῖλες
3125 5405 3232 5460 τὸν
3250 5404 3518 5476 φραγμὸν
3540 5401 3749 5471 αὐτῆς

2185 5498 2423 5570 δηλονότι
2443 5500 2541 5570 τῆς
2570 5499 2834 5570 ἀμπέλου,
2862 5499 2929 5570 ἦν
2955 5498 3304 5576 έξΑίγύπτου
3331 5502 3631 5570 μετήγαγε,
3659 5498 3745 5551 καί

2187 5593 2480 5663 τρυγῶσιν
2507 5595 2702 5663 αὐτὴν
2725 5593 2946 5661 πάντες
2978 5598 3033 5648 οὶ
3072 5597 3620 5664 παραπορευόμενοι
3645 5597 3747 5666 τὴν

2186 5687 2345 5744 ὀδόν.
2395 5687 2768 5760 Ἐιίινμήνατο
2803 5689 2994 5760 αὐτὴν
3046 5686 3115 5756 ὗς
3149 5690 3216 5746 ἑκ
3245 5689 3490 5761 δρυμοῦ,
3525 5691 3622 5746 καί
3648 5707 3744 5766 μο-
