4078 6934
195 379 374 438 953

1436 375 1949 438 counsu'rsms
1988 376 2056 432 IN
2094 355 2431 440 rssLuos.

3429 367 3536 437 954

189 499 398 566 rubr;
411 499 617 568 ἄητρισζ·
631 493 1074 568 κατενεμήσατο
1090 493 1302 564 αὐτήν.
1349 493 1851 565 Ἐμπεπυρισμένη

1965 491 2210 548 datorum
2245 495 2466 551 brevem
2511 501 2566 550 et
2596 503 3026 566 temporaneam,
3061 494 3289 550 ﬂoribus
3317 505 3373 550 et
3408 498 3538 552 liliis

192 591 310 646 ἐν
352 590 512 659 πυρὶ
539 591 640 645 καὶ
672 588 1156 659 κατεσκαμμένη.
1185 585 1371 642 Ταῦτα
1390 586 1520 656 περὶ
1545 585 1644 657 τῆς
1667 583 1848 656 ἀμπέ-

195 681 347 739 λου
386 682 635 747 διελθὼν,
654 683 756 753 τὴν
775 681 871 736 τοῦ
903 680 1175 736 Ἰουδαίων
1197 679 1384 743 ἔθνους
1415 676 1700 742 ἐθέσπιζεν
1728 678 1852 748 ἐρη-

204 773 424 846 μίαν.
481 773 723 838 Εἰκότως
762 767 855 827 οῦν
889 773 949 826 ἐν
978 773 1046 842 τῇ
1093 770 1384 842 προγραφῇ
1427 765 1520 821 καὶ
1554 764 1852 838 μαρτύριον

194 867 534 939 κέκληται
551 865 623 920 τὰ
642 865 938 936 λεγόμενα·
967 861 1263 936 μαρτύριον
1282 860 1391 933 γὰρ
1415 859 1588 914 ταῦτα
1608 856 1848 923 ἔσεσθαι,

194 957 335 1011 καὶ
380 953 806 1027 διεμαρτύρατο.
831 952 990 1008 Ὅθεν
1017 951 1170 1024 παρὰ
1187 949 1264 1022 τῷ
1281 949 1562 1022 Συμμάχῳ
1585 949 1682 1003 καὶ
1699 948 1852 1020 παρὰ

207 1042 324 1114 τῷ
374 1042 580 1114 ’Δκύλᾳ
594 1043 889 1114 μαρτυρία
906 1041 1142 1113 εἴρηται.
1181 1041 1326 1094 Ἀντὶ
1343 1041 1400 1095 δὲ
1417 1040 1534 1106 τοῦ,
1561 1039 1714 1108 ὑπὲρ
1731 1038 1853 1094 τῶν

219 1132 868 1204 “domandam,
897 1135 926 1188 6
957 1133 1056 1204 μὲν
1087 1133 1402 1206 Σύμμαχος,
1429 1132 1583 1202 ὑπὲρ
1607 1131 1728 1187 τῶν
1753 1132 1853 1187 ἀν-

228 1225 414 1293 θῶν,
446 1227 476 1280 6
495 1227 552 1282 δὲ
590 1225 836 1292 ⁹Δκύλας,
869 1225 1022 1296 ὑπὲρ
1046 1225 1166 1281 τῶν
1192 1226 1429 1296 κρίνων,
1468 1226 1846 1299 ἡρμήνευσαν·

225 1319 460 1376 ἄνθεσι
488 1320 582 1374 καὶ
606 1317 810 1390 κρίνοις
835 1317 933 1390 τὴν
962 1318 1294 1391 πρόσκαιρον
1325 1317 1531 1390 βραχὺν
1551 1317 1852 1390 γενομένην

228 1413 404 1466 ποτε
443 1411 538 1466 τοῦ
570 1409 837 1467 Ἰουδαίων
860 1409 1048 1474 ἐθνους
1079 1409 1386 1482 εὐπραγίαν
1409 1406 1852 1480 παραϐάλλοντος

221 1504 355 1560 τοῦ
400 1505 584 1575 λόγου.
631 1505 972 1576 Ἀναπέμπει
1001 1503 1138 1575 δῆτα
1177 1505 1206 1557 6
1247 1503 1541 1575 Προφήτης
1569 1501 1853 1574 ἱκετηρίαν

228 1596 407 1670 πρὸς
439 1597 532 1651 τὸν
563 1596 731 1651 πάλαι
762 1595 1044 1667 ἐφορῶντα
1071 1596 1166 1650 καὶ
1198 1592 1598 1648 ἐπισκοποῦντα
1623 1593 1715 1647 τὸν
1753 1593 1853 1647 Ἰσ-

231 1689 416 1762 ραὴλ
434 1687 530 1743 τοῦ
545 1688 681 1743 Θεοῦ
707 1687 879 1758 Λόγον
900 1727 916 1751 .
941 1689 1037 1742 καὶ
1065 1685 1254 1742 τοῦτον
1283 1686 1721 1758 ἀνακαλούμενός
1749 1703 1852 1758 φη..

232 1799 346 1837 σιν
371 1799 388 1814 ·
432 1783 485 1836 Ὀ
514 1782 842 1852 ποιμαίνω-
862 1779 970 1834 τόν
997 1781 1267 1849 Ἰσραὴλ,
1290 1779 1587 1849 πρόσχες·
1621 1777 1766 1832 οὕτω
1793 1777 1852 1831 δὲ

229 1867 512 1932 δυσωπεῖ
542 1875 970 1946 ὑπομιμνήσκων
999 1872 1099 1944 τῆς
1132 1873 1299 1926 πάλαι
1331 1872 1493 1927 αὐτοῦ
1522 1871 1848 1942 ἐπισκοπῆς.

233 1967 399 2032 Τοῖς
423 1967 534 2037 γὰρ
567 1968 701 2035 σοῖς,
724 1966 892 2038 φησὶ,
924 1964 1205 2038 θρέμμασι
1235 1965 1330 2019 καὶ
1354 1967 1468 2030 τοῖς
1499 1967 1613 2029 σοῖς
1645 1963 1854 2036 προϐά-

236 2079 384 2126 τοις
418 2061 674 2134 πρόσχες,
702 2061 731 2112 6
753 2059 881 2112 ποτὲ
903 2058 1174 2129 ποιμάνας
1197 2057 1358 2113 αὐτά.
1388 2059 1452 2112 Εί
1474 2057 1584 2128 γὰρ
1605 2057 1699 2112 καί
1721 2073 1852 2111 ποτε

241 2154 463 2208 ἄλλοτε
493 2153 591 2225 τὴν
623 2151 982 2223 ποιμαντικὴν
1011 2150 1311 2221 ὑπέμεινας
1351 2148 1656 2222 ἀνθρώπων
1686 2165 1852 2220 φρον-

241 2246 392 2300 τίδα
415 2287 431 2312 ,
463 2245 749 2317 ὡδήγησάς
785 2262 845 2298 τε
885 2243 977 2298 τὺν
1018 2246 1075 2298 ἐν
1101 2241 1410 2316 ἀνθρώποις
1440 2241 1730 2314 γενόμενόν
1755 2259 1850 2295 σου

239 2337 396 2392 λαὸν
415 2377 431 2402 ,
463 2337 666 2392 τούτων
710 2335 888 2416 αὐτῶν
921 2337 1189 2408 μνήσθητι
1207 2354 1222 2368 ο
1259 2335 1355 2391 καὶ
1390 2335 1466 2407 μη
1495 2335 1730 2409 παρίδῃς
1758 2334 1851 2401 οὓς

239 2429 542 2500 τοσαύτης
569 2429 806 2500 ἠξίωσας
833 2429 1108 2501 προνοίας.
1135 2429 1381 2502 Πρόσχες
1407 2423 1501 2483 οῦν
1519 2469 1534 2494 ,
1565 2427 1729 2498 φησὶ,
1759 2428 1854 2480 καὶ

240 2523 604 2594 κατανόησον
632 2523 791 2578 όποῖα
825 2522 1092 2578 πέπονθεν
1115 2523 1150 2594 ἡ
1173 2522 1240 2594 σὴ
1263 2521 1485 2592 ποίμνη,
1516 2520 1610 2573 καὶ
1631 2519 1707 2583 ὡς
1731 2519 1853 2574 ἐλυ-

247 2616 479 2687 μήνατο
515 2616 712 2681 αὐτοὺς
738 2610 800 2681 ῦς
837 2618 902 2670 ἐκ
931 2615 1160 2688 δρυμοῦ,
1188 2615 1284 2668 καὶ
1313 2614 1494 2686 μονιδς
1521 2613 1713 2684 ἄγριος
1745 2629 1848 2666 κα-

240 2709 606 2778 τενεμήσατο
652 2706 848 2779 αὐτὴν,
884 2707 978 2761 καὶ
1013 2707 1090 2770 ὡς
1128 2706 1351 2776 γέγονεν
1391 2705 1847 2777 ἐμπεπυρισμένη

247 2797 408 2872 πυρὶ
437 2799 534 2853 καὶ
562 2799 950 2871 ἁνεσκαμμένη
981 2797 1092 2852 ἀπὸ
1125 2798 1494 2870 ἐπιτιμήσεως
1521 2796 1615 2852 τοῦ
1643 2796 1853 2870 προσώ-

248 2906 375 2946 που
414 2907 530 2946 σου.
563 2888 811 2943 Διδάσκει
834 2888 891 2942 δὲ
912 2887 1085 2942 ταῦτα
1112 2888 1170 2942 ἐν
1193 2885 1472 2958 Πνεύματι
1499 2887 1642 2959 ἁγίῳ
1669 2888 1698 2940 6
1718 2888 1852 2958 Προ-

253 2982 453 3053 φήτης
481 2979 542 3034 τὸ
584 2979 850 3034 Ἰουδαίων
879 2979 1031 3044 ἔθνος
1051 3022 1068 3048 ,
1105 2979 1333 3051 μελετᾷν
1359 2981 1456 3034 καὶ
1486 2979 1850 3049 ἀπαγγέλλειν

252 3070 560 3145 προλαϐὼν
578 3071 704 3134 τοὺς
724 3071 947 3144 χρόνους
968 3071 1063 3125 καὶ
1089 3070 1160 3125 τὰ
1186 3072 1488 3144 πράγματα
1505 3087 1522 3104 ο
1547 3071 1614 3124 ἵν’
1630 3072 1852 3126 ἐπειδὰν

253 3163 466 3261 ἐπιστῇ
511 3163 604 3216 καὶ
635 3161 702 3216 δι’
733 3161 909 3233 ἔργων
951 3162 1175 3233 χωρήσῃ
1215 3160 1285 3215 τὰ
1329 3160 1845 3233 προπεφητευμένα,
1875 3202 1921 3261 C

253 3251 476 3323 δέχοιεν
507 3253 565 3321 ἐξ
603 3253 822 3323 ἑτοίμου
862 3252 961 3323 τῆς
995 3253 1131 3324 πρὸς
1157 3252 1248 3306 τὸν
1274 3251 1408 3305 Θεὸν
1438 3252 1722 3323 ἱκετηρίας
1750 3252 1851 3324 τὴν

257 3345 493 3416 γνῶσιν.
527 3345 624 3406 Τίς
651 3345 708 3399 δέ
737 3347 883 3399 ἐστιν
914 3347 944 3399 ό
967 3346 1270 3416 ποιμαίνων
1295 3343 1388 3399 τδν
1426 3344 1659 3417 Ἰσραὴλ,
1689 3345 1852 3410 αὐτὸς

259 3439 603 3511 παρίστησιν
625 3439 655 3492 ό
685 3438 886 3492 εἰπών’
957 3437 1097 3508 Ἐγώ
1119 3440 1235 3508 εἰμι
1267 3440 1301 3493 ό
1329 3437 1554 3508 ποιμὴν
1583 3441 1617 3492 ὀ
1644 3437 1848 3504 καλὸς,

259 3525 371 3581 καὶ
397 3527 669 3597 γινώσκω
703 3528 777 3582 τὰ
793 3527 926 3596 ἐμὰ,
963 3527 1065 3582 καί
1098 3525 1468 3598 γινώσκουσί
1492 3544 1571 3598 με
1597 3527 1668 3582 τὰ
1705 3526 1849 3598 ἐμά’

262 3615 367 3670 καὶ
397 3613 551 3682 αὖθις
569 3635 584 3650 ο
644 3617 790 3690 Ἐγώ
813 3621 931 3688 ειμι
962 3621 997 3674 ὁ
1026 3618 1254 3688 ποιμὴν
1282 3622 1316 3674 d
1343 3616 1530 3686 καλὸς
1549 3660 1564 3686 ,
1609 3619 1707 3673 καί
1737 3618 1853 3686 τὴν

262 3709 485 3778 ψυχήν
508 3727 626 3780 μου
655 3711 850 3779 τίθημι
883 3709 1036 3779 ὑπὲρ
1058 3709 1176 3764 τῶν
1200 3710 1528 3780 προϐάτων.
1592 3711 1765 3774 Δύτδς
1793 3710 1851 3764 δὲ

261 3794 338 3870 ἦν
370 3798 466 3852 καὶ
490 3801 519 3852 6
549 3798 640 3853 τὸν
675 3799 869 3871 Ἰωσὴφ
902 3799 1036 3855 ὡσεὶ
1061 3801 1334 3873 πρόϐατον
1359 3801 1571 3874 ὁδηγῶν
1603 3803 1724 3873 ἦτοι
1750 3802 1852 3874 τὴν

263 3890 446 3964 φυλὴν
465 3931 480 3955 ,
533 3890 567 3963 ἢ
595 3891 656 3944 τὸ
687 3894 796 3946 πᾶν
839 3893 1108 3947 Ἰουδαίων
1139 3893 1293 3959 έθνος
1326 3893 1711 3966 μεταφορικῶς
1741 3893 1852 3948 ἀπὸ

269 3988 407 4057 μιᾶς
437 3986 717 4056 ὀνομάζων
749 3987 922 4058 φυλῆς
942 3987 1042 4058 τῆς
1065 3987 1160 4041 τοῦ
1199 3989 1424 4059 Ἰωσήφο
1469 3987 1502 4058 ἢ
1527 3988 1620 4042 κα)⁸
1651 3988 1851 4058 μᾶλλον

265 4077 436 4131 αὐτὸν
460 4077 552 4130 τδν
583 4077 749 4149 ἄνδρα
779 4079 871 4132 τὸν
897 4079 998 4149 τῆς
1025 4079 1200 4150 φυλῆς
1227 4079 1571 4151 προπάτορα.
1632 4079 1850 4150 Ἐπειδὴ

270 4169 442 4240 συνῆν
472 4168 620 4240 αύτῷ
665 4168 1133 4242 ἐπιϐουλευομένῳ
1165 4171 1271 4224 ὑπὸ
1309 4170 1416 4224 τῶν
1445 4169 1690 4242 ἀδελφῶν
1711 4211 1728 4235 ,
1757 4172 1852 4224 καὶ

269 4261 703 4333 πιπρασκομένῳ
743 4265 856 4326 τοῖς
893 4261 1287 4334 Ἰσμαηλίταις,
1329 4264 1425 4317 καὶ
1461 4265 1542 4327 είς
1579 4266 1851 4333 Αἴγυπτον

269 4353 654 4426 καταγομένῳ,
683 4354 776 4408 καὶ
802 4352 880 4425 τῷ
899 4355 1150 4425 Πετεφρῇ
1174 4353 1498 4420 δουλεύοντι,
1522 4357 1621 4428 τήν
1640 4374 1700 4410 τε
1728 4357 1852 4411 ἀκό-

268 4446 464 4500 λαστον
477 4446 763 4502 δέσποιναν
789 4445 1270 4518 ἀποστρεφομὲνῳ,
1289 4447 1365 4512 ὡς
1385 4450 1465 4512 εἰς
1483 4449 1851 4522 δεσμωτήριόν

1951 597 2259 656 comparat.
2313 585 2782 658 Supplicationem
2813 587 2982 657 igitur
3023 587 3224 643 emittit
3263 586 3534 658 Propheta

1952 680 2020 733 ad
2061 693 2184 732 eum
2224 679 2321 750 qui
2351 680 2482 735 olim
2523 679 2780 736 lsraelem
2827 680 3054 735 curabat
3094 688 3150 735 et
3188 680 3534 752 inspiciebat,

1953 768 2049 825 Dei
2078 769 2292 826 scilicet
2315 769 2579 837 Verbum,
2605 771 2752 842 quod
2785 772 3049 827 invocans
3073 771 3151 826 ait
3185 785 3201 824 :
3234 771 3339 838 Qui
3357 773 3533 842 pascis

1953 859 2150 929 Israel,
2180 863 2410 919 intende.
2442 861 2535 919 Sic
2577 873 2760 920 autem
2800 863 2978 934 ipsum
3025 862 3243 918 ﬂectere
3280 873 3532 929 conatur,

1951 958 2232 1029 antiquam
2255 959 2377 1029 ejus
2411 960 2466 1014 in
2493 960 2754 1031 populum
2781 957 3177 1028 inspectionem
3200 971 3536 1012 commemo-
3647 1035 3650 1040 _

1952 1064 2104 1107 rans.
2137 1049 2276 1116 Tua,
2309 1052 2511 1122 inquit,
2545 1067 2766 1123 pecora,
2793 1065 3035 1121 ovesque
3066 1057 3191 1106 tuas
3226 1065 3410 1113 cures,
3440 1050 3534 1121 qui

1952 1141 2082 1197 olim
2119 1143 2385 1213 pascebas
2427 1144 2571 1199 illas.
2622 1143 2757 1198 Nam
2801 1143 2847 1199 si
2881 1143 3158 1213 quondam
3205 1143 3535 1212 pastoralem

1954 1231 2236 1287 hominum
2278 1229 2704 1289 sollicitudinem
2751 1232 2995 1297 subiisti,
3028 1231 3078 1287 si
3122 1232 3406 1301 populum,
3439 1232 3534 1303 qui

1953 1324 2098 1379 inter
2114 1323 2368 1380 homines
2387 1323 2526 1379 alios
2542 1333 2670 1379 tuus
2699 1322 3006 1388 dicebatur,
3023 1321 3323 1386 deduxisti,
3339 1323 3535 1377 horum

1953 1423 2250 1480 memento,
2270 1431 2448 1486 neque
2475 1415 2751 1488 despicias
2773 1429 2868 1472 eos
2897 1429 3036 1487 quos
3073 1423 3228 1470 tanta
3251 1415 3536 1485 providen-

1953 1506 2029 1560 tia
2058 1507 2315 1579 dignatus
2341 1522 2426 1564 es.
2455 1505 2685 1562 Intende
2714 1507 2901 1579 igitur,
2934 1504 3133 1577 inquit,
3157 1513 3213 1560 et
3244 1505 3534 1561 considera

1953 1607 2159 1667 quanta
2207 1613 2338 1670 grex
2372 1598 2463 1654 ille
2516 1605 2645 1654 tuus
2693 1599 2956 1669 patiatur,
2997 1596 3274 1668 quomodo
3316 1598 3532 1652 vineam

1954 1690 2103 1747 illam
2161 1693 2606 1748 exterminaverit
2667 1708 2800 1764 aper
2826 1691 2894 1747 de
2939 1692 3099 1756 silva,
3143 1699 3199 1747 et
3239 1691 3534 1762 singularis

1956 1782 2108 1840 ferus
2153 1784 2418 1855 depastus
2454 1786 2528 1840 sit
2578 1799 2722 1849 eam,
2767 1783 3044 1856 quomodo
3098 1783 3262 1839 fuerit
3310 1784 3534 1838 incensa

1955 1876 2068 1949 igni
2095 1885 2150 1934 et
2193 1878 2427 1934 sull‘ossa
2485 1878 2556 1933 ab
2605 1878 2983 1947 increpatione
3031 1876 3218 1932 vultus
3264 1875 3364 1931 tui.
3408 1873 3534 1940 Haec

1937 1982 2117 2042 porro
2149 1969 2204 2023 in
2232 1968 2441 2039 Spiritu
2471 1976 2664 2024 sancto
2699 1967 2980 2024 Judaicam
3011 1975 3223 2038 gentem
3263 1965 3534 2037 PrOpheta

1952 2061 2132 2126 docet,
2165 2070 2414 2132 tempora
2441 2069 2496 2116 et
2520 2068 2753 2118 eventus
2791 2076 2978 2116 rerum
3013 2057 3268 2114 meditari
3293 2073 3357 2112 ac
3395 2072 3534 2128 prte-

1951 2154 2208 2210 nuntiare
2259 2169 2574 2224 occupans;
2602 2159 2661 2206 ut
2688 2168 2812 2208 cum
2861 2166 2948 2208 res
2975 2165 3098 2221 quas
3131 2150 3187 2204 in
3250 2147 3534 2220 prophetia

1951 2245 2209 2301 feruntur
2239 2245 2586 2311 advenerim,
2622 2244 2678 2298 in
2718 2250 2973 2315 promptu
3007 2224 3272 2297 notitiam
3293 2241 3442 2298 illius
3465 2241 3534 2296 ad

1951 2337 2122 2394 Deum
2159 2339 2377 2394 emissa:
2409 2337 2830 2408 supplicationis
2876 2336 3215 2406 exciperent.
3245 2333 3384 2400 Quis
3402 2349 3535 2390 vero

1951 2429 2026 2486 sit
2049 2429 2142 2500 qui
2169 2430 2346 2500 pascit
2378 2427 2566 2495 Israel,
2591 2429 2836 2484 declarat
2865 2428 2983 2499 ipse
3005 2427 3096 2498 qui
3127 2426 3204 2481 ait
3233 2446 3246 2482 :
3273 2425 3386 2498 Ego
3415 2443 3534 2481 sum

1949 2533 2138 2594 pastor
2180 2521 2370 2586 bonus,
2416 2531 2466 2577 et
2503 2539 2760 2592 cognosco
2794 2539 2961 2584 meas,
2991 2529 3040 2575 et
3079 2529 3400 2590 cognoscunt
3451 2536 3536 2575 me

1951 2634 2081 2672 mea:
2106 2619 2186 2686 ⁸⁹;
2213 2623 2268 2672 et
2297 2630 2519 2671 rursum
2552 2632 2567 2669 :
2600 2613 2713 2685 Ego
2755 2630 2872 2669 sum
2913 2623 3098 2682 pastor
3114 2611 3301 2676 bonus,
3329 2621 3377 2665 et
3414 2612 3532 2666 ani-

1949 2725 2092 2764 mam
2125 2725 2296 2763 meam
2322 2712 2458 2777 pono
2479 2722 2574 2776 pro
2604 2705 2782 2760 ovibus
2803 2705 2870 2759 ⁸ο.
2899 2704 3019 2775 Ipse
3040 2719 3168 2758 vero
3190 2710 3307 2759 erat
3321 2704 3414 2775 qui
3439 2700 3535 2759 Jo-

1949 2802 2206 2873 sephum,
2233 2801 2319 2856 vel
2347 2799 2550 2854 tribum
2577 2797 2722 2868 ejus,
2756 2804 2816 2852 ut
2846 2811 3002 2852 ovem
3041 2794 3378 2861 deducebat;
3415 2795 3534 2851 sive

1950 2894 2116 2950 etiam
2148 2900 2319 2946 totam
2345 2889 2632 2946 Iudaicam
2668 2895 2885 2961 gentem
2923 2887 3298 2958 metaphorice
3321 2887 3390 2942 ab
3423 2901 3533 2942 una

1950 2984 2096 3040 tribu
2121 2981 2753 3054 Josephlsubindicans;
2787 2979 2902 3034 sive
2931 2977 3116 3048 potius
3138 2978 3318 3047 ipsum
3351 2977 3533 3031 virum

1953 3074 2133 3129 tribus
2157 3071 2580 3144 progenitorem.
2613 3067 2888 3136 Quoniam
2920 3066 3028 3138 ipsi
3051 3065 3270 3120 insidiis
3299 3064 3533 3119 fratrum

1953 3166 2225 3238 impetito,
2259 3163 2552 3220 lsmaelitis
2581 3161 2826 3224 vendito,
2859 3158 2914 3213 in
2945 3156 3238 3230 Egyptum
3272 3156 3531 3220 deducto,

1952 3257 2238 3330 Petephra:
2267 3255 2548 3322 servienti,
2574 3251 2904 3323 impudicam
2933 3251 3213 3307 dominam
3234 3250 3530 3315 aversanti,

1951 3352 2010 3406 in
2037 3364 2316 3406 carcerem
2351 3348 2482 3404 item
2533 3345 2805 3416 conjecto,
2834 3343 3046 3399 aderat.
3081 3339 3217 3396 Nam
3264 3341 3319 3395 in
3351 3340 3533 3396 omni-

1950 3443 2054 3499 bus
2084 3441 2170 3498 his
2205 3440 2450 3496 adfuisse
2472 3438 2675 3510 Moysis
2712 3437 2991 3508 scriptura
3027 3441 3426 3490 commemorat
3448 3433 3529 3488 di-

1951 3550 2084 3591 cens
2112 3550 2125 3587 :
2159 3531 2226 3586 Et
2258 3541 2374 3587 erat
2403 3530 2665 3586 Dominus
2711 3546 2831 3584 cum
2872 3527 3152 3596 Ioseph".
3190 3525 3346 3582 Unde
3375 3541 3531 3581 com-

1951 3625 2170 3682 modius
2218 3625 2451 3681 vertisse
2473 3623 2607 3677 mihi
2645 3622 2862 3678 videtur
2915 3620 3242 3682 Theodotio,
3274 3621 3368 3691 qui
3400 3619 3478 3674 ait
3512 3638 3527 3674 :

1951 3718 2060 3785 Qui
2083 3717 2297 3773 deducis
2326 3717 2481 3788 quasi
2513 3733 2657 3772 ovem
2698 3714 2915 3784 Ioseph.
2949 3713 3026 3768 Ita
3057 3730 3276 3786 quoque
3325 3713 3532 3769 dixeris

1951 3810 2136 3882 ipsum
2163 3809 2445 3874 lsraelem,
2468 3811 2561 3880 qui
2595 3809 2810 3880 primus
2841 3808 2945 3864 hoc
2975 3809 3198 3864 nomine
3226 3806 3533 3877 appellatus

1950 3912 2059 3967 est,
2087 3919 2117 3958 a
2154 3911 2375 3974 pastore
2412 3903 2638 3958 ductum
2669 3901 2864 3958 fuisse.
2897 3898 2998 3954 Hic
3027 3914 3158 3954 vero
3183 3896 3353 3952 Jacob
3388 3901 3529 3957 erat,

1953 3995 2099 4052 illius
2146 3995 2318 4051 Isaac.
2363 3994 2499 4049 Nam
2528 3995 2618 4049 ille
2647 4006 2773 4048 cum
2805 3991 2957 4047 solus
2995 3991 3051 4045 in
3082 3985 3531 4057 hleSOpotamiam

1953 4103 2049 4158 spe
2070 4088 2126 4142 in
2153 4086 2323 4143 Deum
2349 4087 2518 4141 fultus
2546 4085 2929 4148 descenderet,
2951 4088 3227 4152 pastorem
3256 4092 3418 4132 suum
3448 4077 3534 4130 in-

1951 4180 2103 4236 venit
2145 4179 2240 4250 qui
2289 4177 2480 4234 aderat
2505 4177 2632 4240 sibi,
2675 4175 2914 4232 Verbum
2959 4174 3170 4230 scilicet
3219 4171 3335 4234 Dei,
3385 4167 3531 4240 quod

1953 4270 2056 4341 ipsi
2081 4283 2346 4340 apparere
2369 4269 2600 4324 solebat.
2631 4267 2955 4337 Opportune
2976 4265 3160 4334 itaque
3191 4260 3302 4316 Deo
3323 4258 3533 4329 suppli-

1951 4376 2244 4426 cans,non
2294 4350 2510 4414 turbam
2559 4357 2852 4429 impiorum
2905 4362 3193 4420 memorat,
3231 4353 3327 4410 sed
3365 4351 3532 4407 unius

1952 4463 2167 4509 tantum
2198 4463 2252 4508 et
2279 4452 2509 4508 alterius
2531 4467 2596 4507 ex
2619 4450 2896 4520 religiosis
2915 4449 3024 4505 illis
3053 4448 3183 4503 olim
3213 4445 3350 4502 viris
3380 4460 3532 4500 men-

269 4555 330 4594 τε
353 4537 751 4612 καθειργμένῳ.
790 4537 877 4591 Ἐν
902 4539 1036 4591 πᾶσι
1056 4537 1186 4607 νῦν
1204 4537 1414 4602 τούτοις
1434 4539 1849 4611 ἐπισημαίνεται

1956 4547 2158 4600 tionem
2195 4543 2348 4610 facit,
2389 4559 2455 4598 ex
2487 4541 2901 4612 progenitorum
2949 4541 3150 4593 virtute
3187 4544 3242 4592 ct
3271 4535 3534 4606 religione

269 4627 306 4700 ἡ
339 4628 620 4690 Μωῡσέως
657 4627 842 4698 γραφὴ
880 4626 1144 4695 λέγουσα⁹
1182 4627 1294 4682 Καὶ
1329 4624 1408 4698 ἦν
1450 4630 1670 4698 Κύριος
1697 4633 1852 4701 μετὰ

285 4719 702 4789 Ἰωσήφ.“Οθεν
736 4719 990 4792 μοιδοκεῖ
1020 4719 1352 4792 κυριώτερον
1385 4722 1789 4793 ήρμηνευκέναι
1821 4724 1851 4776 6

271 4807 562 4864 Θεοδοτίων
601 4810 801 4880 φήσαςο
859 4808 922 4863 '0
955 4809 1304 4880 καθοδηγῶν
1345 4812 1489 4866 ὡσεὶ
1553 4813 1852 4880 πρόϐατον

275 4903 376 4955 τὸν
417 4900 648 4972 Ἰωσήφ.
683 4901 841 4956 Οῦτω
868 4903 913 4956 δ’
939 4903 1006 4957 ἂν
1033 4903 1209 4968 εἴποις
1235 4903 1332 4958 καὶ
1360 4904 1728 4976 πεποιμάνθαι
1754 4907 1852 4960 αὐ-

272 4995 360 5050 τὸν
387 4995 486 5048 τὸν
533 4996 748 5069 Ἰσραὴλ
773 4997 866 5050 τὸν
893 4997 1110 5069 πρῶτον
1136 5016 1242 5070 χρη
1251 4997 1554 5068 ματίσαντα
1579 4998 1753 5070 ταύτῃ
1782 5001 1849 5071 τῇ

274 5089 630 5162 προσηγορίᾳ.
657 5085 766 5143 Ἦν
791 5089 848 5143 δὲ
879 5083 1032 5154 οὗτος
1073 5089 1288 5156 Ἰακὼῦ,
1309 5093 1338 5145 6
1363 5093 1490 5155 παῖς
1511 5090 1604 5144 τοῦ
1639 5091 1844 5146 Ἰσαάκ.

285 5183 436 5237 Ἐπεὶ
460 5183 709 5247 κάκεῖνος
735 5183 893 5254 μόνος
911 5185 990 5248 είς
1015 5184 1114 5256 τήν
1141 5185 1436 5258 μέσηντῶν
1462 5186 1723 5258 ποταμῶν
1749 5204 1847 5240 κα·

269 5274 443 5336 ταϐὰς
479 5273 616 5345 μετὰ
654 5275 755 5347 τῆς
795 5276 875 5339 είς
901 5274 994 5330 τὸν
1023 5275 1154 5331 Θεὸν
1185 5277 1396 5342 ἐλπίδος
1414 5317 1429 5342 ,
1460 5276 1622 5332 αὐτὸν
1649 5276 1848 5351 εῦρατο

276 5365 506 5438 ποιμένα
539 5366 632 5420 τὸν
669 5365 897 5420 συνόντα
926 5365 1074 5438 αὐτῷ
1100 5367 1195 5421 τοῦ
1233 5367 1370 5423 Θεοῦ
1395 5368 1596 5438 Λόγον,
1624 5367 1718 5420 τὸν
1747 5367 1846 5432 τὰς

281 5457 590 5527 ἐπιφανείας
617 5458 766 5530 αὐτῷ
798 5460 1182 5530 πεποιημένον.
1243 5460 1528 5549 Εύκαίρως
1555 5457 1648 5515 οῦν
1673 5462 1846 5516 δυσω-

285 5548 392 5604 πῶν
423 5550 453 5602 6
477 5549 631 5617 λόγος
669 5550 762 5604 τὸν
788 5549 950 5617 Θεὸν,
993 5551 1056 5604 οὐ
1085 5548 1330 5622 βούλεται
1364 5552 1462 5623 μὲν
1490 5553 1581 5606 τοῦ
1614 5553 1847 5625 πλήθους

352 5799 394 5836 δ’
431 5799 588 5859 Joan.
623 5819 687 5870 ι,
731 5806 811 5860 lt.
890 5805 932 5836 ⁶⁶
971 5803 1128 5871 ibid.,
1168 5803 1251 5861 ll.
1330 5805 1371 5840 "
1409 5805 1542 5864 Gen.
1583 5821 1782 5873 χλιιι,
1818 5807 1871 5861 2.

13 6332 1022 6934 τ

1954 4647 2203 4709 posteros
2235 4651 2425 4690 eorum
2452 4631 2881 4690 misericordiam
2911 4629 3175 4701 consequi
3207 4627 3528 4699 deprecans.

1951 4759 2024 4771 —
2061 4727 2223 4784 Vsus.
2272 4728 2327 4783 '5.
2387 4725 2487 4781 Hic
2541 4740 2671 4780 vero
2720 4715 2837 4794 ip'se
2875 4723 2968 4794 qui
3027 4730 3344 4778 sanctorum
3400 4719 3530 4772 olim

1953 4819 2200 4874 virorum
2232 4826 2418 4890 pastor
2443 4817 2568 4883 fuit,
2602 4817 2650 4872 is
2670 4817 2763 4887 qui
2796 4809 3116 4872 cberu'binis
3145 4812 3362 4868 vehitur
3389 4817 3530 4865 erat.

1955 4913 2297 4980 Quibusnam
2358 4909 2703 4972 cherubinis,
2752 4907 2859 4962 nisi
2895 4907 2964 4962 iis
2998 4904 3092 4976 qui
3143 4903 3213 4958 ab
3249 4899 3536 4956 Ezechieln

1952 5005 2058 5060 visi
2107 5013 2269 5068 sunt,
2319 5017 2556 5074 quorum
2607 5000 2874 5070 imagines
2918 5005 2974 5051 et
3037 4995 3284 5067 symbola
3343 4993 3534 5062 jussus

1950 5095 2166 5167 Moyses
2204 5110 2367 5165 supra
2397 5109 2582 5149 arcam
2613 5109 2680 5148 ex
2707 5107 2841 5146 auro
2862 5089 3076 5160 posuit?
3103 5085 3398 5143 Cheruhim
3431 5096 3533 5136 au-

1953 5194 2061 5241 tem
2101 5186 2348 5241 meminit
2382 5185 2631 5241 Ezechiel
2657 5184 2762 5238 hoc
2802 5191 2964 5253 pacto
2993 5181 3264 5250 loquens:
3301 5175 3370 5230 Et
3399 5173 3531 5238 ridi,

1952 5287 2002 5332 et
2024 5295 2140 5332 ecce
2179 5293 2334 5346 super
2368 5278 2796 5347 ﬁrmamentum,
2834 5275 2972 5345 quod
3014 5283 3130 5328 erat
3175 5284 3332 5340 super
3375 5274 3530 5334 caput

1954 5369 2244 5434 cherubim,
2275 5371 2431 5441 quasi
2462 5369 2600 5438 lapis
2643 5367 2902 5438 sapphiri,
2939 5365 3238 5420 similitudo
3271 5359 3447 5412 throni
3474 5357 3532 5412 in

1952 5463 2066 5531 ipso
2080 5463 2146 5515 ε’.
2177 5462 2372 5518 Postea
2403 5477 2534 5516 vero
2567 5460 2644 5515 ait
2677 5477 2692 5512 :
2729 5458 2798 5513 Et
2831 5473 3039 5530 egressa
3080 5462 3160 5508 est
3194 5451 3370 5522 gloria
3415 5446 3530 5503 Dc-

1956 5555 2088 5610 mini
2129 5573 2159 5609 a
2200 5555 2380 5610 limine
2443 5555 2651 5621 domus,
2691 5564 2738 5610 et
2773 5550 3010 5608 ascendit
3035 5563 3189 5618 super
3219 5542 3529 5600 cherubim;

1951 5805 1994 5839 “
2035 5761 2230 5862 Ezech.
2272 5802 2443 5871 1,26.
