4078 6934
615 367 724 423 935
1292 367 1564 424 EUSEBll
1599 368 2081 429 CESABIENSIS
2116 374 2269 432 OPP.

611 491 662 534 et
687 491 1085 550 assumpserunt
1107 481 1372 538 cherubim
1398 486 1517 540 alas
1543 502 1692 549 suas,
1711 495 1762 540 et
1779 486 1979 541 elevata
1999 497 2122 543 sunt
2149 507 2186 544 a
2215 504 2261 560 Α

614 579 756 624 terra
782 571 836 624 in
861 579 1141 640 conspectu
1187 588 1300 626 meo
1327 573 1454 627 dum
1483 575 1721 632 exirent:
1765 586 1815 630 et
1851 585 1987 632 rota:
2021 577 2186 634 hatre-

613 659 740 712 bant
763 659 914 728 ipsis.
936 657 1004 712 Et
1019 669 1275 714 steterunt
1301 661 1370 715 ad
1385 663 1774 731 prwliminaria
1802 675 1970 733 porta:
1995 665 2185 721 domus

609 766 640 803 ε
684 751 892 820 regione
939 752 1152 821 posita,
1197 763 1247 806 et
1290 753 1464 824 gloria
1507 753 1606 808 Dei
1649 753 1824 809 Israel
1865 765 1981 810 erat
2023 771 2186 826 supra

610 854 698 894 eos
715 842 782 894 “.
810 839 1001 896 Viden‘
1025 857 1133 912 quo
1164 851 1324 912 pacto
1364 843 1454 898 hic
1479 859 1679 900 currus
1711 843 1808 900 Dei
1837 845 2186 901 describatur

611 933 680 988 de
719 949 830 1004 quo
877 935 1006 990 alibi
1057 937 1283 1002 dicitur,
1333 935 1538 993 Currus
1581 937 1681 994 Dei
1732 938 1907 994 decem
1946 939 2182 994 millibus

612 1026 888 1096 multiplex
928 1029 1102 1082 millia
1134 1028 1472 1084 lwtantium?
1501 1029 1796 1086 Cherubim
1829 1046 1962 1086 vero
1985 1047 2182 1088 currus

609 1128 766 1173 erant
786 1159 802 1186 ,
830 1120 903 1174 ita
921 1128 980 1174 ut
1006 1135 1174 1192 supra
1205 1128 1368 1192 caput
1398 1121 1640 1192 ipsorum
1665 1122 1850 1177 throni
1881 1122 2182 1179 similitudo

608 1219 778 1274 esset,
831 1222 886 1266 et
927 1227 1094 1283 supra
1142 1213 1401 1267 thronum
1431 1213 1602 1283 gloria
1648 1213 1884 1268 Domini.
1920 1214 2179 1280 Quaenam

607 1309 756 1358 esset
787 1303 962 1373 gloria
993 1303 1207 1358 Domini
1239 1305 1397 1359 initio
1443 1305 1566 1360 libri
1595 1305 1930 1370 declaratur,
1960 1306 2051 1361 ubi
2097 1307 2181 1362 di-

607 1394 752 1448 citur
781 1412 793 1447 :
816 1393 988 1465 Super
1009 1396 1273 1451 cherubim
1301 1399 1455 1468 quasi
1480 1398 1674 1466 species
1695 1404 1811 1451 erat
1835 1397 2029 1466 lapidis
2057 1414 2182 1467 sap-

604 1488 767 1551 phiri,
796 1488 1092 1543 similitudo
1127 1488 1299 1543 throni
1331 1506 1485 1559 super
1513 1490 1688 1558 ipsum
1714 1503 1732 1542 :
1761 1497 1813 1544 et
1849 1504 2002 1559 super
2032 1491 2182 1545 simi-

606 1578 881 1633 litudinem
914 1580 1088 1636 throni
1125 1581 1420 1636 similitudo
1443 1581 1597 1652 quasi
1626 1581 1818 1650 species
1850 1580 2074 1636 hominis
2090 1581 2181 1636 de-

603 1688 778 1740 super.
811 1672 880 1727 Et
918 1673 1026 1728 vidi
1050 1675 1207 1745 quasi
1239 1675 1467 1744 formam
1497 1673 1680 1728 electri
1709 1691 1742 1728 a
1782 1675 1950 1744 specie
1978 1675 2182 1729 lumbo-

605 1781 722 1819 rum
747 1775 797 1819 et
823 1765 1084 1836 desuper;
1125 1775 1175 1820 et
1220 1784 1252 1820 a
1295 1767 1460 1836 specie
1492 1766 1792 1820 lumborum
1831 1765 2180 1836 usquetdeor-

605 1873 743 1921 sum,
778 1859 933 1928 quasi
965 1859 1161 1927 species
1185 1859 1346 1929 ignis,
1377 1867 1426 1913 et
1454 1857 1546 1912 tua:
1579 1857 1693 1927 ejus
1720 1859 1774 1911 in
1799 1858 2056 1923 circuitu;
2084 1858 2180 1914 ad-
2209 1875 2252 1932 Β

600 1946 868 2020 jicitque:
905 1949 1034 2004 Haec
1077 1951 1208 2004 uisio
1243 1950 1614 2006 similitudinis
1647 1951 1836 2022 gloria:
1873 1951 2169 2009 Domini“.

600 2042 873 2109 ἔστησαν
891 2043 991 2097 ἐπὶ
1016 2044 1087 2099 τὰ
1107 2046 1370 2114 πρόθυρα
1397 2045 1504 2115 τῆς
1528 2047 1728 2113 πύλης
1749 2046 1854 2101 τοῦ
1912 2047 2084 2102 οῑκου
2140 2047 2251 2116 τῆς

2307 376 2492 432 PARS
2528 375 2620 433 111.
2649 407 2719 419 -
2743 376 3154 438 EXEGETICA.
3817 383 3956 440 956

2289 492 2398 546 τῶν
2428 491 2638 546 ἀσεϐῶν
2671 493 3026 564 μνημονεύειν
3046 513 3060 526 °
3119 496 3239 560 ἐνὸς
3264 496 3323 551 δὲ
3351 499 3444 552 καὶ
3471 497 3766 571 δευτέρου
3813 499 3952 552 τῶν

2288 583 2454 638 πάλαι
2482 582 2744 653 θεοφιλῶν
2769 587 2978 658 ἀνδρῶν
3006 591 3224 660 μνήμην
3247 595 3500 656 ποιεῖται,
3521 592 3624 646 διὸ.
3647 593 3782 662 τῆς
3811 594 3946 645 τῶν

2285 671 2644 744 προπατόρων
2664 673 2867 745 ἀρετῆς
2893 677 2984 730 καὶ⁵
3005 676 3312 743 θεοσεϐείας
3330 681 3456 744 τοὺς
3481 680 3543 746 ἐξ
3565 681 3796 734 αὐτῶν
3833 697 3946 748 τε-

2283 762 2541 832 νομένους
2563 763 2710 818 ἐλέου
2733 767 2916 836 τυχεῖν
2937 767 3320 839 ποτνιώμενος.
3357 770 3415 824 Ὁ
3438 771 3496 824 δὲ
3522 769 3710 833 αὐτὸς
3739 762 3942 833 οὗτος

2281 855 2312 908 6
2336 855 2446 910 τῶν
2473 856 2644 926 ἁγίων
2665 857 2876 930 ἀνδρῶν
2903 876 3034 914 ποτε
3059 861 3349 932 γενόμενος
3375 861 3610 933 ποιμὴν,
3643 863 3760 915 καὶ
3797 864 3940 922 τοῖς

2281 947 2550 1019 χερουϐὶμ
2577 949 2936 1021 ἐποχούμενος
2965 945 3053 1022 ἦν.
3093 952 3274 1016 Ποίοις
3304 953 3360 1006 δὲ
3391 953 3684 1024 χερουϐὶμ
3715 953 3754 1022 ἧ
3795 957 3936 1017 τοῖς

2281 1039 2434 1109 παρὰ
2447 1038 2524 1109 τῷ
2554 1040 2798 1113 Ἐζεκιὴλ
2821 1043 3060 1115 τεθεωρη
3067 1044 3268 1114 μένοις,
3290 1037 3366 1097 ὧν
3383 1045 3599 1108 εἰκόνας
3631 1045 3746 1096 καὶ
3767 1043 3934 1114 σύμ-

2280 1127 2417 1182 ϐολα
2437 1129 2682 1201 Μωῦσῆς
2702 1131 2790 1185 διὰ
2813 1133 3012 1204 χρυσοῦ
3036 1133 3290 1204 ὑπεράνω
3309 1133 3407 1204 τῆς
3422 1131 3679 1186 κιϐωτοῦ
3701 1132 3928 1184 κελευ-

2282 1217 2429 1281 σθεὶς
2458 1219 2668 1285 ὲποίει;
2700 1221 2990 1294 Μέμνηται
3018 1222 3076 1277 δὲ
3103 1221 3211 1276 τῶν
3242 1222 3506 1295 χερουϐὶμ
3524 1223 3553 1275 6
3589 1222 3921 1292 Ἐξεκιὴλ,

2278 1305 2470 1361 τοῦτον
2499 1307 2670 1378 λέγων
2691 1311 2781 1365 τὸν
2800 1313 3018 1384 τρόπον’
3043 1313 3154 1366 Kal
3174 1309 3358 1375 εἶδον.
3383 1314 3482 1370 καὶ
3499 1312 3638 1367 ἰδοὺ
3676 1312 3921 1366 ἐπάνω

2278 1399 2384 1453 τοῦ
2413 1399 2818 1469 στερεώματος
2837 1403 2942 1458 τοῦ
2963 1404 3114 1472 ὑπὲρ
3143 1403 3416 1474 κεφαλῆς
3448 1404 3556 1458 τοῦ
3576 1405 3916 1474 repet-67.}:

2277 1491 2358 1557 ὼς
2376 1490 2548 1558 λίθος
2569 1495 2904 1564 σαπφείρου
2923 1497 3183 1567 ὁμοίωμα
3202 1498 3417 1566 θρόνου
3435 1497 3527 1550 ἐπ’
3543 1495 3755 1561 αὐτῷ.
3783 1498 3912 1549 Καὶ

2281 1584 2399 1656 μεθ’
2431 1585 2594 1659 ἕτερά
2625 1604 2788 1660 φησιο
2811 1590 2920 1644 Kal
2941 1587 3161 1659 ἐξῆλθε
3179 1589 3329 1656 δόξα
3351 1590 3572 1658 Κυρίου
3601 1589 3752 1644 ἀπὸ
3783 1589 3910 1642 τοῦ

2277 1679 2506 1748 αἰθρίου
2552 1681 2660 1737 τοῦ
2691 1683 2860 1739 οἷκον
2881 1722 2898 1750 ,
2952 1684 3052 1738 καί
3090 1683 3272 1753 ἐπέϐη
3303 1683 3402 1738 ἐπὶ
3434 1683 3505 1737 τὰ
3537 1685 3866 1752 χερουϐἰμ
3887 1699 3902 1710 ·

2277 1769 2375 1823 καὶ
2397 1770 2654 1826 ἀνέλαϐε
2673 1773 2744 1828 τὰ
2761 1775 3046 1845 χερουϐίμ
3072 1774 3178 1841 τὰς
3195 1773 3490 1844 πτέρυγας
3511 1772 3759 1835 αὐτῶν,
3783 1775 3902 1826 καί

2277 1859 2791 1935 ἐμετεωρίσθησαν
2815 1865 2936 1920 ἀπὸ
2966 1865 3079 1935 τῆς
3101 1865 3216 1937 γῆς
3232 1865 3490 1920 ἐνώπιον
3513 1865 3672 1935 ἐμοῦ
3696 1865 3780 1917 ἐν
3807 1865 3903 1929 τῷ

2277 1953 2549 2017 ἐξελθεῖν
2568 1953 2741 2017 αὐτὰ,
2768 1954 2867 2008 καὶ
2891 1957 2945 2009 ol
2968 1955 3168 2024 τροχοί
3188 1955 3460 2026 ἐχόμενοι
3482 1953 3721 2009 αὐτῶν.
3767 1957 3896 2009 Kal

2284 2047 2572 2102 ἀπέναντι
2591 2087 2607 2113 ,
2642 2048 2742 2102 καί
2777 2047 2928 2112 δόξα
2956 2047 3104 2102 Θεοῦ
3148 2047 3394 2116 Ἰσραὴλ
3425 2043 3504 2118 ἦν
3528 2047 3622 2100 ἐπ’
3663 2046 3898 2101 αὐτῶν

600 2133 894 2202 ὑπεράνω.
938 2135 1101 2208 Ὁρᾷς
1132 2136 1281 2200 ὅπως
1311 2138 1369 2190 ἐν
1397 2131 1606 2201 τούτοις
1637 2137 1698 2190 τὸ
1735 2137 1888 2208 ἅρμα
1913 2137 2009 2190 τοῦ
2039 2136 2174 2190 Θεοῦ
2211 2137 2586 2208 διαγράφεται,
2647 2130 2856 2210 περὶοῦ
2883 2137 3128 2193 λέλεκται
3160 2141 3217 2193 ἐν
3246 2138 3446 2210 ἑτέρῳ,
3476 2138 3542 2192 Τὸ
3569 2138 3746 2208 ἅρμα
3767 2137 3893 2192 τοῦ

603 2229 750 2283 Θεοῦ
764 2229 1210 2298 μυριοπλάσιον
1255 2231 1522 2300 χιλιάδες
1568 2233 2016 2298 εὐθηνούντων;
2037 2233 2315 2304 Χερουϐὶμ
2353 2233 2411 2286 δὲ
2435 2229 2502 2304 ἦν
2529 2233 2592 2286 τὸ
2618 2233 2803 2304 ἆρμα,
2836 2231 2912 2296 ὡς
2939 2233 3076 2304 ὑπὲρ
3129 2231 3366 2304 κεφαλῆς
3397 2231 3586 2304 θρόνου
3651 2231 3888 2302 ὁμοίω-

603 2337 698 2390 μα,
730 2324 820 2376 καὶ
841 2321 935 2375 ἐπὶ
954 2322 1125 2394 τούτῳ
1146 2323 1270 2388 δόξα
1299 2325 1526 2396 Κυρίου.
1561 2326 1656 2390 Τίς
1706 2328 1767 2381 δὲ
1824 2330 1857 2398 ἡ
1885 2325 2010 2393 δόξα
2036 2327 2242 2398 Κυρίου

2277 2322 2345 2398 ἦν
2398 2327 2516 2380 κατ’
2549 2325 2720 2398 ἀρχὰς
2756 2327 2854 2398 τῆς
2900 2325 3081 2396 βίϐλου
3113 2324 3366 2394 δηλοῦται
3391 2363 3406 2390 ,
3433 2323 3562 2377 ἔνθα
3599 2325 3882 2396 εἴρηται·

612 2414 900 2480 Ὑπεράνω
925 2415 1044 2468 τῶν
1071 2417 1352 2486 χερουϐὶμ
1391 2417 1470 2483 ὡς
1497 2417 1700 2486 ὅρασις
1729 2415 1808 2489 ἦν
1855 2420 2030 2474 λίθου
2082 2420 2416 2488 σάπφειρου
2435 2457 2454 2482 ,
2487 2419 2748 2487 ὁμοίωμα
2809 2419 3024 2486 θρόνου
3054 2417 3146 2471 ἐπ’
3181 2417 3365 2472 αὑτοῦ
3384 2432 3398 2446 ⁸
3434 2417 3534 2470 καί
3569 2415 3674 2469 ἐπὶ
3761 2416 3882 2470 τοῦ

598 2505 960 2575 όμοιώματος
985 2506 1092 2560 τοῦ
1127 2509 1341 2576 θρόνου
1368 2509 1628 2578 ὁμοίωμα
1664 2511 1742 2576 ὡς
1803 2506 1962 2578 εἶδος
1989 2511 2303 2580 ἀνθρώπου
2355 2511 2601 2564 ἀνωθεν.
2627 2510 2737 2564 Kal
2755 2506 2918 2564 εἶδον
2940 2510 3020 2576 ὠς
3040 2509 3184 2579 ὄψιν
3237 2509 3529 2578 ἠλέκτρου
3551 2508 3678 2564 dm)
3735 2507 3880 2576 (ἔριά.

596 2615 752 2665 σεως
781 2600 1010 2668 ὀσφύος
1045 2599 1156 2667 ἕως
1211 2601 1334 2655 ἄνω
1354 2618 1370 2635 ο
1413 2603 1514 2656 καὶ
1546 2603 1665 2658 ἀπὸ
1690 2603 1955 2673 ὁράσεως
2007 2605 2238 2674 ὀσφύος

2274 2605 2385 2671 ἕως
2417 2602 2574 2657 κάτω
2593 2643 2609 2670 ,
2660 2603 2741 2670 ὡς
2772 2604 2982 2672 ὅρασις
3018 2601 3242 2673 πυρὸς,
3275 2602 3372 2657 καί
3416 2601 3634 2672 φέγγος
3659 2601 3873 2655 αὐτοῦ

597 2695 835 2761 κύκλῳο
864 2696 959 2748 καὶ
990 2695 1260 2765 ἐπιλέγει·
1286 2697 1448 2767 Αὕτη
1479 2697 1518 2766 ἠ
1543 2698 1754 2766 ὅρασις
1783 2698 2148 2768 ὀμοιώματος
2182 2699 2368 2767 δόξης
2394 2699 2634 2766 Κυρίου.

672 2785 836 2842 Vides
891 2787 1165 2857 quomodo
1213 2788 1444 2859 gloriam
1505 2789 1598 2844 Dei
1655 2790 1710 2844 in
1744 2791 1941 2846 throno
1971 2791 2166 2846 seden-

596 2889 702 2935 tem
727 2879 1028 2948 eXplicans,
1059 2879 1286 2935 formam
1324 2881 1560 2937 hominis
1589 2883 1984 2954 descripserit?
2010 2881 2169 2950 Quas—

598 2983 724 3022 nam
787 2969 892 3023 alia
955 2969 1121 3025 fuerit
1167 2970 1260 3025 illa
1311 2970 1550 3027 hominis
1601 2973 1817 3040 forma,
1871 2988 1992 3043 qua:
2055 2987 2167 3028 non

597 3060 714 3131 ipse
757 3058 932 3124 Deus,
983 3061 1080 3116 sed
1122 3062 1296 3132 gloria
1349 3063 1443 3118 Dei
1489 3063 1633 3120 dicta
1676 3072 1783 3130 est,
1835 3081 1999 3135 quam
2043 3065 2168 3120 uni-

595 3151 837 3222 genitum
876 3151 970 3208 Dei
999 3152 1237 3209 Verbum
1265 3194 1280 3219 ,
1313 3155 1461 3225 quod
1493 3157 1788 3226 aliquando
1816 3157 2046 3228 gloriam
2070 3156 2164 3213 Dei

596 3243 794 3307 Patris,
826 3245 1124 3316 aliquando
1170 3247 1409 3316 speciem
1454 3248 1693 3305 hominis
1737 3256 1959 3320 propter
1987 3249 2167 3305 homi-

593 3349 717 3391 nem
749 3351 912 3406 quem
942 3337 1263 3407 assumpsit,
1284 3340 1602 3409 nuncupat?
1629 3339 1790 3410 cujus
1817 3355 1936 3410 qua:
1957 3340 2022 3395 ad
2051 3339 2170 3395 dei-
2195 3327 2239 3388 C

593 3437 761 3485 tatem
792 3430 1114 3500 spectabant
1135 3431 1362 3496 electro,
1399 3432 1579 3488 omnis
1609 3432 1852 3488 materiae
1881 3431 2168 3502 pretiosis-

589 3520 752 3585 simo,
781 3520 960 3576 simile
1003 3521 1319 3589 dicebatur;
1347 3537 1468 3592 qua:
1511 3539 1646 3580 vero
1689 3540 1720 3579 a
1751 3524 1952 3580 lumbis
1995 3539 2166 3595 usque

590 3613 847 3670 deorsum
903 3621 1080 3678 erant,
1135 3613 1300 3668 modo
1356 3615 1558 3684 speciei
1598 3614 1762 3686 ignis,
1818 3615 1981 3671 modo
2027 3615 2164 3672 lucis

589 3705 902 3776 splendori;
925 3704 1055 3776 quia
1089 3721 1212 3776 quae
1228 3705 1285 3761 in
1313 3713 1526 3761 naturae
1551 3707 1890 3762 consortium
1914 3708 2161 3775 veniunt,

590 3799 840 3856 homines
895 3799 1109 3855 scilicet
1153 3799 1209 3854 in
1260 3806 1408 3853 terra
1463 3799 1770 3867 constituti,
1803 3799 1954 3854 vario
2003 3801 2164 3856 modo

587 3892 709 3962 ejus
731 3893 1025 3949 virtutibus
1056 3877 1196 3963 opus
1218 3893 1422 3948 habent
1453 3910 1464 3946 :
1507 3908 1632 3947 nam
1663 3893 1702 3948 ii
1735 3894 1828 3964 qui
1861 3893 1980 3949 luce
1998 3893 2163 3964 digna

587 3983 1178 4051 faciunt,illuminante
1201 3981 1252 4037 vi
1282 3981 1555 4055 indigent;
1588 3983 1680 4053 qui
1710 3997 1841 4038 vero
1860 3983 1982 4052 igne
1998 3984 2163 4054 digna

586 4080 922 4147 perpetrant,
956 4073 1312 4128 comburente
1360 4081 1416 4128 et
1463 4072 1662 4128 ultrice
1713 4072 1936 4127 virtute.
1987 4059 2163 4127 Guile-

585 4166 752 4220 stium
785 4179 949 4234 porro
993 4163 1257 4234 imagines
1297 4169 1351 4218 et
1383 4163 1626 4236 symbola
1674 4162 1945 4219 adornare
1967 4162 2160 4234 jussus

585 4253 821 4324 Moyses,
845 4254 1128 4310 cherubim
1155 4270 1220 4310 ex
1253 4269 1389 4309 auro
1421 4254 1658 4310 confecit
1691 4273 1705 4309 :
1733 4255 1848 4311 haec
1869 4269 1999 4310 vero
2019 4270 2160 4310 arca:

583 4346 918 4408 insidebant,
972 4347 1030 4400 in
1066 4359 1303 4416 quorum
1363 4343 1544 4400 medio
1594 4344 2038 4416 prOpitiatorium
2089 4362 2158 4402 ex

581 4451 720 4492 auro
778 4435 981 4492 factum
1032 4437 1410 4492 consistebat:
1441 4445 1667 4506 eratque
1718 4437 2156 4508 propitiatorium

584 4528 640 4582 in
671 4528 849 4584 medio
874 4528 1158 4584 cherubim
1191 4527 1396 4598 auriga:
1421 4529 1599 4583 instar
1632 4528 1767 4598 ipsis
1797 4528 2111 4598 impositum
2137 4545 2153 4596 ;

582 4619 659 4674 ita
710 4629 773 4674 ut
803 4620 1244 4691 propitiatorium
1277 4619 1412 4674 illud
1451 4635 1518 4676 ex
1549 4634 1683 4676 auro
1711 4618 1939 4686 factum,
1975 4619 2154 4690 imago

579 4719 635 4766 et
665 4711 944 4782 exemplar
973 4719 1123 4768 esset
1150 4711 1271 4782 ejus
1301 4712 1393 4782 qui
1427 4726 1593 4783 super
1620 4710 1904 4766 cherubim
1943 4711 1998 4766 in
2026 4709 2154 4767 Eze-

579 4803 755 4859 chiele
794 4803 1057 4874 propheta
1087 4804 1241 4861 visus
1271 4812 1386 4871 est;
1416 4819 1579 4874 quem
1611 4802 1853 4859 Verbum
1886 4819 2009 4860 esse
2053 4802 2147 4858 Dei

579 4894 1152 4950 commonstravimus.
1183 4893 1364 4960 Quare
1401 4895 1620 4950 divinus
1641 4893 1939 4966 Apostolus
1970 4893 2148 4964 ipsum

579 4983 816 5040 Verbum
865 4985 1307 5056 propitiatorium
1352 4995 1530 5051 vocat,
1561 4986 1751 5042 dicens
1787 5003 1801 5040 :
1833 4985 1999 5052 Quem
2032 5000 2150 5053 pro-

575 5075 750 5145 posuit
799 5073 938 5129 Deus
985 5075 1412 5144 propitiutorium
1458 5092 1550 5146 per
1593 5076 1750 5146 fidem
1799 5075 1855 5129 in
1896 5075 2148 5146 sanguine

575 5168 688 5238 ejus
721 5168 788 5222 ⁸⁸.
830 5165 956 5221 llaec
987 5173 1167 5221 autem
1213 5181 1246 5220 a
1276 5166 1458 5239 Moyse
1504 5183 1572 5224 ex
1599 5181 1734 5222 auro
1766 5166 1995 5238 ﬁgurate
2021 5182 2148 5221 con-

579 5261 754 5325 fecta,
809 5259 1093 5316 cherubim
1145 5259 1270 5316 dico
1307 5271 1362 5316 et
1405 5261 1847 5332 propitiatorium
1875 5299 1890 5323 ,
1944 5261 2146 5331 populo

576 5353 840 5423 pmihant
872 5351 927 5407 in
965 5351 1283 5416 solitudine,
1318 5369 1505 5408 coram
1538 5353 1818 5424 Ephraim,
1859 5352 2145 5425 Benjamin

575 5452 632 5501 et
663 5444 934 5502 Manasse.
964 5443 1101 5500 Nam
1125 5445 1181 5502 in
1221 5445 1372 5500 exitu
1404 5445 1692 5500 duodecim
1721 5445 1984 5508 tribuum,
2019 5454 2146 5502 ante

574 5549 758 5589 arcam
795 5541 909 5590 tres
937 5535 1117 5591 tribus
1159 5532 1728 5597 castrametabantur,
1761 5548 1955 5603 nempe
1980 5532 2142 5598 Juda,

577 5626 825 5684 lssachar
852 5634 907 5683 et
928 5625 1209 5694 Zabulon;
1241 5641 1422 5681 arcam
1454 5625 1580 5681 item
1610 5634 1720 5681 tres
1747 5625 1920 5681 tribus
1950 5641 2144 5696 seque-

573 5717 795 5782 bantur,
834 5708 1028 5789 nempe
1056 5719 1333 5790 Ephraim,
1374 5716 1655 5787 Beniamin
1694 5723 1748 5773 et
1796 5715 2068 5784 Manasse,
2110 5734 2142 5773 a

651 5831 695 5865 ⁸³
728 5831 926 5890 Ezecb.
959 5851 1010 5902 χ,
1041 5834 1106 5890 18
1203 5837 1247 5870 εδ
1284 5835 1479 5893 Ezech.
1515 5852 1562 5899 ι,
1595 5835 1684 5891 26.
1764 5838 1806 5870 ⁸⁵
1834 5835 1991 5894 Rom.
2030 5853 2111 5905 ιιι,
2147 5838 2235 5897 25.

2353 2791 2518 2862 Ὁρᾷς
2548 2791 2696 2854 ὅπως
2717 2789 2746 2842 ὁ
2773 2788 2929 2858 λόγος
2957 2787 3056 2860 τὴν
3084 2786 3177 2841 ἐπὶ
3200 2785 3294 2841 τοῦ
3325 2787 3513 2858 θρόνου
3541 2786 3868 2857 ὀχουμένην

2270 2885 2426 2952 δόξαν
2469 2885 2605 2941 Θεοῦ
2639 2885 3010 2958 διερμηνεύων
3048 2879 3184 2948 εἷδος
3223 2881 3508 2954 ανθρώπου
3549 2882 3858 2953 διέγραψε;

2272 2977 2337 3040 Τί
2369 2977 2412 3031 δ’
2440 2977 2506 3032 ἂν
2532 2978 2742 3047 γένοιτο
2771 2976 2928 3031 τοῦτο
2950 2976 3010 3029 τὸ
3043 2971 3180 3038 εἶδος
3205 2974 3298 3028 τοῦ
3332 2973 3616 3044 ἀνθρώπου
3640 3014 3656 3038 ,
3711 2975 3858 3044 ὅπερ

2269 3067 2370 3121 οὐκ
2399 3067 2561 3132 αὐτὸς
2615 3070 2644 3121 6
2673 3067 2825 3131 Θεὸς,
2859 3065 2995 3121 ἀλλὰ
3019 3064 3145 3130 δόξα
3173 3065 3268 3118 τοῦ
3296 3065 3430 3119 Θεοῦ
3464 3065 3712 3136 εἴρηται,
3747 3066 3781 3136 ἥ
3820 3069 3857 3120 6

2273 3156 2564 3228 μονογενὴς
2603 3154 2696 3211 τοῦ
2737 3155 2871 3209 Θεοῦ
2907 3155 3108 3224 Λόγος·
3148 3155 3208 3210 ὃν
3237 3155 3364 3208 ποτέ
3398 3156 3495 3226 μὲν
3520 3154 3675 3221 δόξαν
3708 3154 3851 3208 Θεοῦ

2268 3245 2361 3300 τοῦ
2406 3245 2618 3318 Πατρὸς
2642 3245 2895 3316 ὀνομάζει
2916 3284 2932 3310 ,
2979 3243 3110 3298 ποτέ
3133 3243 3188 3296 δὲ
3217 3239 3352 3306 εἶδος
3384 3241 3668 3316 ἀνθρώπου
3693 3243 3768 3296 δι’
3787 3244 3850 3297 ὃν

2268 3337 2552 3409 ἀνείληφεν
2568 3336 2851 3409 ἄνθρωπον
2870 3353 2885 3403 ;
2909 3329 2968 3391 οὗ
2984 3337 3052 3390 τά
3075 3337 3172 3409 μὲν
3185 3337 3284 3407 τῆς
3307 3334 3578 3404 θεολογίας
3594 3334 3847 3407 ἠλέκτρῳ

2263 3429 2343 3500 τῷ
2361 3429 2541 3500 πάσης
2564 3427 2695 3499 ὕλης
2711 3427 3128 3501 τιμαλφεστέρῳ
3147 3427 3526 3500 παρεικάζετα
3555 3426 3625 3480 τὰ
3647 3427 3706 3480 δὲ
3733 3429 3846 3482 ἀπὸ

2263 3519 2463 3589 ὀσφύος
2489 3519 2583 3573 καὶ⁹
2611 3518 2782 3583 κάτω,
2814 3518 2889 3591 πὴ
2913 3517 3009 3590 μὲν
3037 3518 3226 3592 ὁράσει
3253 3519 3442 3591 πυρὸς,
3475 3519 3549 3590 πὴ
3575 3518 3631 3572 δὲ
3660 3521 3842 3588 φωτὸς

2264 3610 2490 3680 φέγγει·
2513 3610 2698 3682 ἐπειδὴ
2723 3610 2791 3664 τὰ
2813 3611 2878 3664 ἐκ
2905 3611 3172 3680 γενέσεως
3198 3611 3421 3682 μέτοχα,
3442 3611 3534 3664 καὶ
3553 3611 3602 3664 οἱ
3622 3611 3711 3664 ἐπὶ
3735 3611 3838 3680 γῆς

2262 3701 2539 3774 ἄνθρωποι
2572 3704 2844 3776 διαφόρων
2888 3703 3054 3758 αὐτοῦ
3086 3703 3365 3776 δυνάμεως
3400 3703 3691 3758 ἐπιδέονται
3714 3721 3730 3733 ·
3787 3705 3835 3757 al

2266 3795 2364 3866 μὲν
2387 3794 2563 3864 φωτὸς
2587 3793 2711 3859 ἄξια
2739 3794 3042 3866 πράξαντες
3064 3795 3164 3866 τῆς
3191 3796 3518 3867 φωτιστικῆς
3536 3795 3830 3870 ἐνεργείας,

2261 3885 2308 3938 οἱ
2329 3884 2387 3938 δέ
2406 3885 2475 3938 τὰ
2499 3885 2671 3956 πυρὸς
2699 3885 2825 3950 ἄξια
2847 3885 2948 3955 τῆς
2971 3886 3272 3958 καυπικῆς
3293 3887 3389 3940 καὶ
3413 3885 3654 3959 τιμωροῦ
3675 3887 3832 3941 δυνά-

2264 3992 2426 4046 μεως.
2493 3977 2612 4031 Τῶν
2645 3975 2692 4031 δ’
2725 3976 2994 4050 οὐρανίων
3022 3976 3236 4040 εἰκόνας
3267 3978 3362 4032 καὶ⁵
3394 3977 3634 4048 σύμϐολα
3661 3995 3827 4031 κατα-

2263 4067 2522 4122 σκευάσαι
2538 4069 2777 4140 Μωῦσῆς
2792 4068 3122 4135 κελευσθεὶς,
3137 4069 3203 4124 τὰ
3224 4070 3487 4142 χερουϐὶμ
3500 4069 3608 4123 ἀπὸ
3629 4070 3825 4142 χρυσοῦ

2259 4157 2659 4212 κατεσκεύασεν
2679 4175 2692 4189 °
2725 4158 2977 4213 ἐπέκειτό
3001 4175 3060 4211 τε
3085 4157 3258 4213 ταῦτα
3290 4163 3354 4232 τῇ
3387 4158 3636 4231 κιϐωτῷ,
3668 4159 3824 4231 μέσον

2257 4249 2448 4321 ἔχοντα
2473 4249 2536 4304 τὸ
2565 4249 2872 4323 ἱλαστήριον
2893 4253 2957 4305 ἐκ
2978 4251 3180 4323 χρυσοῦ
3208 4253 3569 4324 πεποιημένον
3590 4268 3604 4282 °
3639 4251 3724 4306 uel.
3755 4247 3823 4325 ἦν

2255 4344 2317 4397 τὸ
2342 4343 2650 4417 ἱλαστήριον
2678 4344 2844 4416 μέσον
2873 4344 2980 4398 τῶν
3003 4343 3270 4418 χερουϐὶμ
3297 4343 3506 4417 ἡνιόχου
3529 4342 3681 4414 δίκην
3701 4344 3820 4397 ἐπι-

2257 4436 2508 4507 κείμενον
2539 4436 2720 4500 αὐτοῖς
2739 4453 2753 4467 ·
2786 4435 2914 4492 ὥστ’
2942 4437 3080 4494 εἶναι
3113 4440 3298 4494 εἰκόνα
3325 4439 3416 4492 καὶ
3444 4437 3614 4491 τύπον
3636 4437 3692 4490 τὸ
3713 4437 3820 4491 ἀπὸ

2256 4526 2458 4599 χρυσοῦ
2494 4528 2858 4602 πεποιημένον
2889 4531 3200 4604 ίλαςτήριον
3243 4529 3342 4586 τοῦ
3379 4532 3436 4584 ἐν
3468 4528 3546 4602 τῷ
3573 4530 3815 4601 προφήτῃ

2269 4616 2517 4690 Ἐξεκιὴλ
2543 4619 2683 4690 ὑπὲρ
2707 4618 2775 4672 τὰ
2808 4616 3076 4693 χερουϐὶμ
3106 4620 3391 4690 ὀφθέντοςο
3422 4619 3480 4674 ὃν
3513 4617 3818 4674 ἀποδείκνυ-

2258 4725 2356 4779 μεν
2383 4704 2520 4763 εἶναι
2547 4709 2639 4763 τὸν
2663 4711 2835 4782 Λόγον
2863 4712 2957 4766 τοῦ
2985 4711 3142 4767 Θεοῦ.
3160 4712 3322 4767 Ὅθεν
3345 4714 3374 4766 6
3393 4711 3535 4776 θεῖος
3567 4712 3812 4765 Ἀπόσιτο-

2252 4798 2342 4862 λος
2378 4798 2683 4873 ἱλαστήριον
2709 4802 2870 4856 αὐτὸν
2899 4802 3058 4858 καλεῖ
3082 4801 3254 4873 λέγων
3272 4819 3286 4834 ⁸
3333 4803 3443 4857 Ὃν
3483 4801 3748 4870 προέθετο
3778 4804 3812 4856 ὁ

2256 4891 2402 4958 Θεὸς
2428 4895 2780 4964 ἱλαστήριον
2801 4895 2900 4950 διὰ
2919 4895 3179 4962 πίστεως
3198 4894 3270 4949 ἐν
3289 4893 3371 4961 τῷ
3393 4893 3578 4949 αὑτοῦ
3601 4895 3805 4964 αἵματι.

2254 4982 2436 5038 Ταῦτα
2473 4985 2530 5038 δὲ
2559 4985 2802 5052 τυπικῶς
2825 4984 2976 5058 παρὰ
3000 4987 3224 5042 Μωῦσεῖ
3239 4985 3327 5041 διὰ
3356 4987 3559 5059 χρυσοῦ
3591 5003 3807 5058 πεποιη-

2255 5072 2413 5143 μένα,
2439 5073 2583 5144 λέγω
2608 5075 2665 5128 δὲ
2689 5075 2757 5130 τὰ
2787 5075 3052 5149 χερουϐὶμ
3076 5076 3171 5131 καὶ
3196 5077 3257 5130 τὸ
3287 5077 3613 5150 ἱλαστήριον,
3646 5093 3804 5150 προη-

2251 5169 2399 5235 γεῖτο
2423 5167 2516 5221 τοῦ
2540 5169 2598 5221 ἐν
2628 5171 2695 5240 τῇ
2727 5170 2919 5242 ἐρήμῳ
2946 5169 3077 5226 λαοῦ
3105 5170 3245 5225 κατὰ
3269 5171 3557 5244 πρόσωπον
3588 5169 3804 5243 Ἐφραίμ

2251 5259 2345 5312 καὶ
2376 5260 2632 5332 Βενιαμὶν
2665 5263 2758 5316 καὶ
2785 5263 3070 5335 Μανασσῆ.
3137 5265 3226 5318 Ἐν
3253 5263 3362 5335 γὰρ
3389 5266 3454 5335 τῇ
3489 5264 3678 5336 πορείᾳ
3703 5262 3800 5318 τῶν

2252 5349 2329 5403 ιϐ’
2355 5351 2534 5420 φυλῶν
2563 5351 2868 5426 ἔμπροσθεν
2897 5355 3003 5428 μὲν
3027 5357 3127 5429 τῆς
3172 5356 3406 5410 κιϐωτοῦ
3449 5357 3798 5429 παρενέϐαλον

2249 5444 2413 5515 φυλαὶ
2437 5447 2606 5514 τρεῖς,
2654 5446 2845 5514 Ἰούδα,
2873 5449 2967 5504 καὶ
3006 5449 3247 5520 Ἰσάχαρ,
3273 5449 3367 5503 καὶ
3393 5447 3670 5503 Ζαϐουλὼν
3689 5465 3700 5478 ·
3722 5449 3792 5502 εί-

2248 5553 2411 5590 ποντο
2430 5536 2488 5590 δὲ
2507 5539 2572 5609 τῇ
2597 5538 2814 5612 κιϐωτῷ
2833 5539 3035 5611 ὁμοίως
3057 5540 3217 5612 φυλαὶ
3236 5541 3408 5612 τρεῖς,
3441 5539 3692 5610 Ἐφραῒμ,
3710 5538 3792 5593 καὶ

2245 5629 2534 5701 Βενιαμὶν,
2580 5632 2674 5686 καὶ
2717 5635 2984 5706 Μανασσῆ
3004 5675 3020 5701 ,
3055 5636 3194 5690 κατὰ
3226 5635 3396 5689 νώτου
3428 5623 3788 5689 ἀκολουθοῦσαι

2243 5723 2352 5786 τοῖς
2377 5723 2658 5796 χερουϐίμ.
2675 5724 2764 5780 Διὸ
2783 5724 3026 5782 λέλεκται
3049 5725 3280 5781 ἐνταῦθα
3294 5744 3308 5758 ·
3327 5725 3649 5796 Ἐμφάνηθι
3671 5729 3786 5781 καθ-
