4078 6934
167 365 348 424 957
1421 367 1928 426 COMMENTARIA
1962 367 2032 424 IN
2069 367 2408 427 PSALMOS.
3415 378 3524 437 958

169 479 476 552 ήιιενος
504 479 602 535 ἐπὶ
633 479 754 534 τῶν
807 479 1090 552 χερουὸὶμ
1129 490 1411 540 εναντιον
1447 485 1712 555 Ἐφραῒμ,
1745 502 1819 539 κα

1948 492 2104 555 tergo
2125 485 2411 541 cherubim
2437 493 2754 556 sequentes.
2781 483 3145 556 Quamobrem
3167 489 3256 545 hic
3277 490 3480 546 dicitur
3506 512 3520 547 :

183 573 564 644 Βενιαμὶν,
599 572 698 626 zeal
722 573 1050 642 Μανασσῆ.
1085 575 1178 628 Διὸ
1211 575 1354 629 κατά
1379 576 1472 630 τὸν
1515 578 1743 632 Ἀκύλαν
1766 579 1819 633 ei

1944 574 2342 643 Manifestaria,
2409 580 2497 648 qui
2565 579 2711 634 sedes
2767 595 2923 646 super
2981 579 3244 634 cherubim
3275 621 3292 644 ,
3343 598 3523 636 eorum

189 680 458 741 ρηται·
505 665 814 735 Καθήμενε
855 664 981 731 τοῖς
1014 666 1296 735 χερουϐὶμ
1321 705 1336 731 ,
1383 665 1707 737 ἐπιφάνηθι
1753 669 1819 734 εις

1944 667 2228 737 Epitraim,
2269 668 2554 738 Benjamiu
2602 680 2653 726 et
2704 669 2975 725 Manasse.
3041 671 3166 727 ldeo
3221 673 3532 729 secundum.

189 761 583 830 πρόσωπον
618 757 890 828 Ἐφραῖμ,
922 757 1022 812 zeal
1051 756 1354 828 Βενιαμὶν,
1383 759 1482 814 zeal
1513 758 1815 831 Μανασσῆ

1939 758 2196 830 Aquilam
2243 759 2451 816 dicitur
2487 781 2502 816 :
2538 762 2787 818 Insidens
2831 778 2986 832 super
3023 763 3309 830 cherubim,
3346 769 3522 820 mani-

191 851 308 906 Σὺ
343 850 486 923 γὰρ,
511 850 698 922 φησιν,
727 850 756 902 ό
777 851 859 914 εἰς
878 849 1171 922 πρόσωπον
1196 849 1292 905 zeal
1312 849 1544 906 ἐνώπιον
1577 852 1818 926 Ἑφραῒμ

1939 853 2140 924 [crtare
2168 855 2222 908 in
2251 854 2391 924 facie
2427 853 2705 925 Epitraim,
2740 854 3022 924 Benjamin
3052 865 3103 910 et
3143 855 3414 911 Manasse.
3436 855 3520 912 Tu

196 942 338 996 καὶ
358 942 643 1014 Βενιαμὶν,
673 940 768 996 zeal
790 942 1058 1013 Μανασσῆ
1088 942 1562 1015 προπορευόμενος
1587 945 1819 1018 ὲμφάνη·

1938 947 2108 1013 enim,
2144 946 2345 1018 inquit,
2383 947 2478 1018 qui
2519 947 2573 1002 in
2615 945 2756 1002 facie
2797 947 3075 1018 Ephraim,
3131 946 3412 1018 Benjamin
3467 959 3522 1004 et

201 1031 310 1088 οι.
369 1033 749 1088 ’Δνακαλιῖται
785 1032 841 1086 δὲ
871 1033 930 1086 ὲν
961 1032 1174 1098 τούτοις
1197 1034 1290 1088 τὸν
1325 1034 1421 1089 τοῦ
1449 1035 1586 1090 Θεοῦ
1614 1036 1819 1106 Λόγονι

1938 1035 2193 1092 Manasse
2240 1036 2516 1106 procedis,
2551 1035 2927 1091 manifestare.
2973 1034 3029 1090 lu
3065 1035 3152 1091 his
3172 1045 3354 1089 autem
3385 1033 3521 1088 Pro-

1939 1127 2100 1200 pheta
2133 1126 2228 1182 Dei
2259 1126 2496 1183 Verbum
2545 1135 2761 1190 evocat,
2783 1127 2853 1182 ab
2893 1127 2962 1182 iis
3002 1143 3124 1198 quae
3162 1127 3361 1197 populo
3392 1134 3518 1180 uota

1935 1227 2096 1276 erant
2122 1234 2322 1274 nomen
2355 1219 2476 1290 ejus
2505 1229 2790 1282 mutuans,
2825 1218 2918 1273 sed
2955 1235 3063 1272 non
3093 1234 3124 1274 a
3174 1219 3358 1274 divina
3388 1217 3519 1273 Eze-

1936 1313 2130 1369 chielis
2152 1312 2387 1368 visione.
2420 1309 2602 1382 Ipsum
2635 1318 2818 1365 autem
2851 1311 2936 1366 his
2954 1311 3134 1367 verbis
3163 1310 3518 1380 supplicando

1936 1404 2230 1476 compellat
2271 1423 2286 1461 :
2319 1402 2374 1459 Si
2400 1405 2639 1474 quodam
2673 1413 2940 1475 tempore,
2965 1405 3162 1476 inquit,
3203 1404 3516 1460 hominibus

1935 1499 2148 1554 anteire
2195 1499 2453 1569 dignatus
2497 1512 2582 1563 es,
2614 1505 3058 1567 memoratasque
3082 1496 3258 1553 tribus
3293 1497 3513 1562 ducere,

1935 1605 2086 1646 nunc
2118 1590 2253 1662 ipsis
2274 1589 2675 1646 ﬂuctuantibus
2697 1597 2758 1645 et
2793 1589 3153 1660 pereuntibus
3181 1604 3410 1659 appare;
3433 1596 3513 1655 tu,

1934 1683 2181 1754 inquam,
2217 1682 2334 1754 ipse
2375 1682 2469 1753 qui
2503 1682 2634 1737 olim
2686 1681 2947 1753 populum
2991 1679 3254 1751 pascebas
3302 1680 3516 1752 ipsique

203 1123 545 1198 Προφήτης
569 1123 677 1178 ἀπὸ
693 1123 804 1178 τῶν
819 1124 1236 1197 γνωριζομένων
1255 1125 1332 1198 τῷ
1355 1125 1467 1198 λαῷ
1488 1127 1587 1200 τὴν
1612 1129 1838 1202 ἐπίκλη-

203 1231 325 1269 σιν
357 1217 721 1289 ποιούμενος·
750 1215 867 1270 ἀλλ’
899 1218 1002 1272 οὐκ
1044 1217 1154 1272 ἀπὸ
1177 1216 1281 1290 τῆς
1309 1217 1587 1284 θεοπτίας,
1620 1221 1729 1291 τῆς
1759 1222 1838 1296 τῷ

201 1310 515 1382 Προφήτῃ
547 1309 796 1381 Ἐζεκιὴλ
816 1309 1174 1382 τεθεαμένης.
1195 1311 1450 1366 Δυσωπεῖ
1468 1311 1526 1366 δὲ
1553 1313 1643 1368 τὸν
1665 1331 1837 1387 παρα-

199 1397 582 1472 καλούμενον
607 1399 696 1454 διὰ
721 1399 824 1472 τῆς
849 1401 1046 1473 εὐχῆς·
1091 1403 1157 1457 El
1179 1401 1289 1476 γὰρ
1318 1404 1642 1476 ὑπέμεινας,
1678 1407 1833 1479 φησὶ,

201 1490 428 1563 καιρῷ
445 1508 553 1546 τινι
574 1492 899 1566 προοδεῢσαι
922 1493 1246 1568 ἀνθρώπων,
1272 1497 1368 1550 zeal
1385 1496 1494 1551 τῶν
1518 1497 1835 1570 προλεχθει-

203 1584 350 1638 σῶν
385 1585 699 1657 ἡγήσασθαι
728 1586 910 1657 φυλῶν
932 1628 948 1654 ,
973 1588 1068 1642 zeal
1095 1587 1192 1643 νῦν
1223 1591 1338 1654 τοῖς
1364 1589 1549 1656 αὐτοῖς
1577 1591 1833 1663 χειμαζο-

206 1674 431 1748 μένοις
462 1671 556 1731 zea'l
575 1677 971 1750 ἀπολλυμένοις
999 1677 1278 1751 ὲμφάνηθι
1300 1697 1314 1712 ·
1335 1681 1432 1734 zeal
1461 1681 1526 1735 σύ
1549 1698 1614 1751 γε
1647 1681 1832 1748 αὐτὸς,

203 1769 246 1822 ὁ
284 1767 400 1822 zeal
433 1768 556 1823 τότε
598 1771 874 1842 ποιμάνας
907 1771 1002 1825 zeal
1048 1774 1506 1846 προηγησάμενος
1541 1774 1638 1830 τοῦ
1678 1774 1829 1842 λαοῦ,

209 1859 548 1931 ἐξέτειρον
582 1861 698 1933 τὴν
739 1862 1108 1920 δυναστείαν
1147 1883 1265 1920 σου
1285 1907 1301 1932 ,
1331 1866 1430 1922 zeal
1467 1868 1608 1924 ἐλθὲ
1626 1871 1731 1936 ιείς
1760 1868 1829 1924 τὸ

213 1948 442 2006 σῶσαι
471 1943 648 2022 ἡμᾶς.
697 1953 949 2008 Ἱκετεύει
973 1971 1034 2008 τε
1073 1957 1131 2010 ὲν
1159 1956 1370 2022 τούτοις
1391 1957 1490 2031 τὴν
1516 1961 1596 2024 εις
1618 1959 1830 2032 ἀνθρώ·

216 2058 382 2108 πους
413 2045 577 2099 αὐτοῦ
604 2045 786 2116 ἄφιξιν
817 2048 1145 2120 ποιήσασθαι
1177 2050 1273 2104 καὶ
1297 2053 1424 2116 τοὺς
1447 2053 1828 2126 ἀποστραφέν-

215 2151 338 2201 τας
374 2137 472 2191 καὶ
522 2139 580 2191 ὲν
613 2139 926 2194 ἀποπτώσει
954 2142 1280 2213 γενομένους
1311 2143 1474 2198 πάλιν
1516 2145 1824 2214 ἀναλαϐεῖν,

221 2228 407 2283 πάλιν
435 2229 530 2284 zeal
561 2231 642 2292 εις
675 2231 834 2286 αὐτὸν
859 2233 1183 2306 ἐπιπρέψαι
1217 2235 1462 2308 ποιῆσαι.
1519 2238 1612 2291 Διὸ
1635 2238 1782 2308 λέγει
1807 2257 1822 2270 ·

235 2320 300 2374 Ὀ
346 2323 518 2390 Θεὸς,
550 2322 920 2394 ἐπίστρεψον
951 2324 1108 2396 ἡμᾶς
1133 2327 1232 2380 zeal
1259 2329 1561 2398 ἐπίφανον
1588 2330 1656 2384 τὸ
1684 2331 1826 2400 πρό-

218 2414 450 2468 σωπόν
484 2429 602 2470 σου
621 2454 636 2478 ,
669 2415 766 2470 zeal
796 2418 1212 2488 σωθησόμεθα.
1261 2421 1440 2490 Κύριε
1468 2425 1502 2476 ό
1530 2421 1674 2489 Θεὸς
1706 2422 1826 2477 τῶν

223 2502 592 2575 δυνάμεως,
645 2507 756 2574 ἕως
793 2509 939 2563 πότε
969 2509 1166 2580 ὀργίζῃ
1192 2511 1291 2565 ἐπὶ
1320 2512 1435 2582 τὴν
1469 2513 1819 2584 προσευχὴν

219 2597 354 2652 τῶν
396 2598 637 2654 δούλων
675 2601 830 2668 σοῦ;
890 2602 947 2655 '0
977 2601 1270 2675 λεγόμενος
1299 2605 1391 2658 ἐπὶ
1419 2605 1516 2660 τοῦ
1555 2608 1823 2678 παρόντος

223 2691 444 2764 Κύριος
475 2693 570 2748 zeal
600 2693 732 2759 Θεὸς
755 2695 865 2749 τῶν
893 2695 1205 2769 δυνάμεων,
1239 2699 1400 2764 αὐτὸς
1441 2695 1512 2772 ἦν
1553 2702 1760 2766 ἐκεῖνος
1789 2702 1820 2754 ό

226 2783 544 2854 ποιμαίνων
569 2785 660 2840 τὸν
691 2787 944 2858 ἀληθινὸν
987 2789 1204 2864 Ἰσραὴλ
1222 2830 1236 2855 ,
1272 2792 1366 2845 zeal
1391 2792 1663 2865 όδηγήσας
1689 2795 1822 2850 ὡσεὶ

228 2875 509 2948 πρόὸατον
529 2879 621 2933 τὸν
648 2880 864 2953 Ἰωσὴφ,
892 2883 986 2936 zeal
1006 2883 1036 2936 ό
1058 2884 1364 2956 καθήμενος
1386 2886 1478 2940 ἐπὶ
1502 2886 1611 2941 τῶν
1632 2904 1822 2959 χερου-

229 2965 338 3036 Dig.
355 2982 370 2997 ·
397 2965 701 3038 προοδεύων
718 2985 776 3024 τε
801 2971 1040 3026 ἐναντίον
1069 2972 1308 3046 Ἐφραῒμ
1329 2976 1423 3030 zeal
1448 2976 1703 3048 Βενιαμὶν
1725 2979 1819 3032 zeal

230 3056 530 3129 Μανασσῆ.
561 3059 766 3131 Κύριος
792 3062 847 3117 δὲ
869 3065 964 3119 zeal
996 3065 1130 3132 Θεὸς
1151 3067 1257 3121 τῶν
1276 3068 1558 3140 δυνάμεων
1580 3070 1815 3142 εἴρηται,

1935 1776 2205 1843 anteibas,
2239 1776 2414 1830 excita
2443 1775 2734 1845 potentiam
2768 1785 2915 1829 tuam
2960 1783 3010 1828 et
3057 1774 3192 1840 veni,
3239 1783 3298 1828 ut
3341 1773 3515 1829 salvos
3563 1845 3568 1848 _

1932 1865 2105 1936 facias
2139 1882 2256 1921 nos.
2290 1863 2388 1920 His
2417 1878 2550 1920 vero
2593 1863 2866 1935 supplicat
2894 1870 2954 1918 ut
2986 1863 3053 1918 ad
3087 1861 3340 1918 homines
3369 1878 3518 1918 acce-

1929 1956 2045 2022 dat,
2068 1963 2123 2011 et
2175 1971 2272 2011 eos
2297 1954 2394 2026 qui
2433 1953 2612 2010 aversi
2645 1961 2701 2009 et
2745 1954 2881 2024 lapsi
2919 1963 3096 2017 erant,
3131 1953 3327 2008 iterum
3359 1968 3516 2009 resu-

1930 2053 2066 2112 mat,
2101 2045 2298 2101 iterum
2331 2044 2400 2100 ad
2455 2059 2517 2101 se
2569 2051 2879 2099 convertat.
2931 2041 3279 2114 Quapropter
3324 2043 3459 2098 dicit
3497 2064 3511 2100 :

1928 2138 2093 2203 Deus,
2117 2148 2356 2193 converte
2382 2155 2499 2201 nos,
2528 2145 2580 2191 et
2632 2139 2848 2191 ostende
2877 2135 3069 2205 faciem
3099 2147 3264 2204 tuam,
3297 2146 3348 2191 et
3378 2137 3516 2193 salvi

1925 2229 2220 2283 erimus.—
2238 2226 2402 2283 Vens.
2436 2226 2489 2282 5.
2517 2225 2740 2280 Domine
2761 2223 2902 2280 Deus
2945 2227 3222 2292 virtutum,
3249 2244 3516 2298 quousque

1926 2318 2177 2372 irasceris
2211 2333 2369 2387 super
2400 2317 2695 2371 orationem
2735 2331 3007 2370 servorum
3037 2319 3294 2372 tuorum?
3325 2316 3428 2382 Qui
3456 2319 3513 2372 in

1925 2410 2183 2483 prmsenti
2204 2409 2408 2465 dicitur
2457 2407 2723 2464 Dominus
2755 2414 2811 2462 et
2835 2405 2983 2462 Deus
3007 2409 3297 2474 virtutum,
3330 2409 3514 2480 isipse

1923 2513 2042 2561 erat
2087 2503 2182 2575 qui
2245 2502 2508 2574 pascebat
2563 2516 2753 2557 verum
2789 2498 3074 2566 lsraelem,
3126 2510 3181 2555 et
3210 2499 3488 2561 dedurcba

1923 2598 2070 2654 sicut
2105 2611 2259 2651 ovem
2284 2593 2511 2666 Ioseph,
2534 2602 2589 2650 et
2618 2593 2713 2664 qui
2744 2593 2970 2649 sedebat
3003 2607 3170 2663 super
3201 2593 3511 2662 cherubim,

1921 2699 1977 2748 et
2005 2692 2099 2763 qui
2128 2687 2415 2744 incedebat
2445 2702 2631 2742 coram
2659 2684 2944 2756 Ephraim,
2983 2684 3270 2755 Benjamin
3308 2695 3362 2742 et
3390 2685 3509 2742 Ma-

1921 2801 2103 2842 nasse.
2149 2782 2418 2838 Dominus
2448 2788 2628 2835 autem
2673 2787 2728 2836 et
2789 2775 2931 2835 Deus
2970 2779 3234 2834 virtutum
3283 2780 3508 2848 dicitur,

1921 2886 1981 2934 ut
2009 2877 2140 2932 alibi
2178 2876 2290 2930 dux
2319 2874 2595 2931 exercitus
2625 2873 2680 2927 et
2715 2872 2938 2927 virtutis
2964 2869 3204 2934 Domini.
3227 2887 3292 2927 ac
3323 2875 3507 2944 magni

1923 2969 2142 3026 consilii
2175 2967 2438 3040 Angelus.
2464 2965 2593 3022 Jesu
2625 2965 2811 3036 itaque
2857 2963 3064 3036 Moysis
3085 2967 3419 3031 successori,
3452 2967 3508 3022 in

1921 3061 2098 3119 forma
2141 3059 2382 3116 hominis
2411 3073 2682 3130 apparens
2723 3057 2850 3128 quis
2884 3057 3002 3127 ipse
3029 3064 3176 3112 esset
3205 3055 3508 3114 conﬁteba-

231 3150 312 3214 ὡς
341 3150 401 3205 ὲν
443 3151 650 3224 ἑτέροις
681 3155 1119 3228 ἀρχιστράτηγος
1157 3160 1440 3233 δυνάμεως
1473 3163 1689 3240 Κυρίου.
1727 3163 1819 3216 zeal

1925 3163 2037 3218 tur,
2079 3155 2269 3210 dicens
2303 3172 2315 3208 :
2356 3151 2468 3222 Ego
2499 3167 2617 3206 sum
2664 3151 2776 3204 dua:
2819 3151 3144 3204 exercituum
3200 3159 3250 3205 et
3297 3151 3507 3208 virtutis

238 3243 483 3316 μεγάλης
494 3244 976 3318 βουλῆςἊγγελος.
989 3251 1080 3322 Τῷ
1098 3253 1195 3324 μὲν
1209 3249 1302 3307 οὖν
1316 3254 1821 3324 διαδόχιρΜωῦσέως

249 3333 424 3407 Ἰησοῦ
444 3377 460 3403 ,
495 3337 552 3391 ὲν
588 3339 826 3410 σχήματι
859 3340 1050 3414 ἀνδρὸς
1083 3344 1306 3415 φανεὶς,
1340 3346 1531 3400 ἑαυτὸν
1553 3347 1820 3419 ὡμολόγει

235 3428 385 3491 ὅστις
397 3422 465 3498 ἦν
485 3427 656 3499 λέγων
673 3446 687 3459 ·
722 3430 868 3501 Ἐγώ
887 3435 1004 3503 εἰμι
1019 3435 1495 3507 ἀρχιστράτηγος
1515 3438 1820 3510 δυνάμεως

238 3520 480 3588 Κυρίου.
515 3521 600 3576 Ἐν
624 3521 680 3576 δὲ
702 3521 778 3594 τῷ
805 3523 1003 3597 Ἡσαΐᾳ
1026 3524 1277 3581 λέλεκται
1294 3569 1310 3594 ,
1326 3529 1408 3582 ὄτι
1430 3529 1675 3584 Παιδίον
1696 3531 1822 3600 ἐγε-

237 3611 392 3681 νήθη
424 3613 570 3686 ἡμῖν
591 3654 610 3680 ,
637 3616 768 3683 υίὸς
792 3618 892 3674 zeal
921 3619 1100 3690 ἐδόθη
1130 3621 1296 3691 ἡμῖν.
1354 3617 1436 3678 οὗ
1467 3623 1504 3690 ἠ
1536 3622 1693 3694 ἁρχὴ
1719 3625 1817 3679 ἐπὶ

239 3707 346 3761 τοῦ
367 3706 528 3778 ὤμου
547 3711 757 3778 αὑτοῦ,
787 3712 886 3768 zeal
910 3713 1179 3769 καλεῖται
1209 3713 1277 3768 τὸ
1299 3713 1492 3784 ὄνομα
1522 3717 1708 3772 αὐτοῦ
1723 3735 1820 3788 με·

28 3807 32 3834 ;
141 3823 146 3827 -
239 3797 429 3867 γάλης
443 3799 984 3876 βουλῆςᾌγτελος.
1009 3805 1170 3860 Κατὰ
1188 3806 1245 3861 δὲ
1260 3808 1385 3872 τοὺς
1408 3807 1626 3874 λοιποὺς
1648 3811 1820 3884 ἑρμη-

240 3891 455 3956 νευτάς·
489 3893 633 3962 Θεὸς
665 3895 940 3966 δυνατὸς,
963 3899 1400 3970 ἐξουσιαστὴς,
1434 3903 1635 3974 ἄρχων
1653 3906 1814 3976 εἰρή-

242 3998 353 4050 νης
377 4023 393 4047 ,
427 3984 623 4054 πατὴρ
657 3987 891 4057 αἰῶνος.
960 3990 1132 4046 Τοῦτο
1160 3993 1338 4048 τοίνυν
1367 3993 1676 4051 διδάσκεται
1710 3998 1816 4052 ὑπὸ

243 4074 334 4126 τοῦ
366 4073 678 4146 Πνεύματος
710 4078 808 4132 τοῦ
845 4081 1187 4153 προφητικοῦ
1217 4085 1384 4157 εὐχὴν
1413 4086 1755 4160 ἀναπέμπειν
1785 4093 1816 4145 ό

246 4165 614 4236 καταλειφθεὶς
649 4169 852 4242 ἔρημος
880 4171 1008 4238 λαὸς
1029 4215 1045 4240 ,
1079 4177 1175 4230 zeal
1200 4177 1350 4250 αύτῷ
1380 4177 1586 4248 λέγειν·
1635 4183 1814 4250 Κύριε

246 4259 279 4312 δ
310 4257 448 4325 Θεὸς
473 4257 592 4313 τῶν
621 4259 933 4331 δυνάμεων
951 4303 967 4330 ,
1019 4265 1130 4336 ἕως
1161 4269 1308 4324 πότε
1342 4269 1541 4341 ὀργίζῃ
1572 4271 1672 4326 ἐπὶ
1699 4271 1815 4342 τὴν

247 4350 590 4422 προσευχὴν
605 4353 712 4408 τοῦ
735 4353 962 4410 δούλου
985 4371 1136 4423 σου;
1173 4359 1312 4415 Ἀνθ’
1327 4355 1388 4415 οὗ
1410 4363 1461 4416 oi
1484 4363 1661 4418 λοιποὶ
1685 4365 1811 4420 πάν-

28 4455 29 4458 ‘
147 4493 151 4498 .
248 4459 334 4508 τες
367 4444 733 4516 ἑρμηνευταὶ,
766 4447 873 4503 τοῦ
903 4448 1060 4504 λαοῦ
1108 4467 1256 4520 σου,
1284 4454 1656 4527 ήρμήνευσαν.
1719 4459 1810 4512 Δι-

28 4545 29 4552 ‘
249 4533 520 4591 δάσκονται
562 4537 620 4592 δὲ
650 4539 744 4594 καὶ
772 4540 938 4612 ἄρτον
967 4541 1218 4615 δακρύων
1257 4545 1460 4602 ἐσθίειν
1489 4548 1574 4620 ἐφ’
1613 4545 1692 4616 οἷς
1723 4569 1812 4605 τε-
1843 4527 1888 4585 θ

252 4626 566 4700 τολμήκασιν
588 4646 602 4660 ·
647 4629 738 4696 ἶν’,
784 4632 1263 4706 ἀποκλαυσάμενοι
1311 4637 1382 4692 τὰ
1425 4639 1635 4694 ἑαυτῶν
1667 4641 1813 4697 κακά

254 4717 338 4770 zeal
364 4717 744 4792 πενθήσαντες,
769 4721 984 4795 τύχοιεν
1005 4727 1404 4800 παρακλήσεως
1429 4731 1571 4787 κατὰ
1597 4734 1689 4788 τὸν
1710 4736 1813 4807 φή-

257 4827 407 4864 σαντα
436 4815 809 4887 μακαρισμόν·
838 4819 1129 4889 Μακάριοι
1155 4825 1210 4877 ol
1241 4824 1574 4893 κλαίοντες,
1609 4826 1699 4881 ὅτι
1719 4844 1812 4898 γε·

253 4899 548 4957 νῖὰιγονται⁸
575 4906 856 4976 μακάριοι
878 4912 933 4964 ol
966 4913 1330 4982 πενθοῦντες
1349 4957 1363 4982 ,
1387 4917 1478 4971 ὅτι
1503 4921 1811 4986 παρακλη-

256 4992 540 5061 θήσονται.
560 4998 718 5054 Κατὰ
737 5000 796 5054 δὲ
812 5001 907 5056 τὸν
925 5003 1221 5077 Σύμμαχον
1239 5024 1252 5038 ο
1283 5008 1616 5080 Ἐψώμισας
1629 5010 1808 5082 ἡμᾶς,

257 5087 400 5156 φησιν
416 5128 433 5152 ,
471 5087 653 5158 ἄρτον
691 5091 966 5162 δακρύων
983 5137 999 5161 ,
1049 5098 1148 5153 zeal
1170 5100 1458 5171 ἐπότισας
1483 5103 1641 5175 ἡμᾶς
1659 5106 1812 5175 μετὰ

257 5175 504 5246 δακρύων
532 5182 746 5252 μέτρῳ.
815 5185 880 5239 El
910 5187 1019 5260 γὰρ
1047 5191 1142 5244 zeal
1171 5190 1240 5246 τὰ
1273 5193 1506 5265 μάλιστα
1533 5195 1808 5269 κλαυθμοῦ

259 5269 338 5322 zeal
363 5270 606 5344 δακρύων
628 5274 768 5340 ἄξιοι
797 5279 1129 5352 γεγόναμεν,
1173 5282 1314 5340 ὥστε
1337 5286 1461 5340 ἀντὶ
1484 5288 1648 5358 ἄρτου
1682 5288 1808 5359 τρέ-

260 5359 431 5428 φεσθαι
475 5363 771 5436 κλαυθμοῖς
820 5370 916 5424 zeal
968 5377 1294 5444 στεναγμοῖς
1316 5416 1332 5441 ,
1365 5377 1460 5432 καὶ
1494 5377 1805 5444 ποτιζεσθαι

261 5449 461 5542 δάκρυσι
504 5454 597 5509 zeal
641 5457 820 5526 γόοις·
877 5459 994 5515 ἀλλ’
1035 5463 1175 5518 αὐτὰ
1212 5465 1382 5521 ταῦτα
1416 5470 1806 5542 μεμετρημένα

263 5540 370 5612 ἡμῖν
395 5542 643 5612 γινέσθω,
675 5545 815 5602 ὥστε
849 5549 927 5622 μὴ
959 5552 1041 5617 εἰς
1072 5552 1297 5625 ἄπειρον
1329 5557 1458 5628 ἡμῖν
1491 5540 1806 5633 παραταθῆ-

265 5651 366 5690 ναι·
392 5638 546 5710 λῆξαι
576 5640 633 5695 δέ
667 5660 817 5710 ποτε,
850 5646 943 5700 zeal
972 5647 1296 5719 μεταϐαλεῖν
1326 5649 1419 5704 ἐπὶ
1440 5649 1502 5704 τὸ
1529 5651 1807 5721 φαιδρότε-

327 5794 362 5826 ⁶⁶
395 5793 504 5852 los.
539 5813 591 5867 ν,
626 5799 710 5855 M.
787 5801 831 5833 ⁶’
867 5801 972 5862 lea.
1011 5820 1065 5861 ιι
1090 5843 1105 5871 ,
1140 5803 1193 5860 6.
1272 5807 1316 5839 εδ
1353 5804 1544 5864 Matth.
1583 5825 1634 5875 v,
1667 5809 1723 5864 5.

1924 3247 2141 3303 Domini
2168 3246 2234 3301 “.
2271 3243 2330 3299 ln
2350 3243 2489 3301 Isaia
2513 3259 2642 3300 vero
2671 3242 2877 3297 dictum
2905 3252 2990 3298 est
3015 3261 3028 3298 :
3072 3241 3214 3296 Puer
3242 3254 3397 3298 natus
3428 3255 3508 3299 est

1923 3341 2096 3405 nobis,
2147 3351 2198 3394 et
2237 3339 2383 3409 ﬁlius
2432 3337 2592 3392 datus
2635 3346 2714 3391 est
2759 3335 2928 3391 nobis.
2963 3333 3130 3405 Cujus
3177 3339 3506 3406 principatus

1921 3452 2078 3504 super
2113 3433 2388 3487 humerum
2415 3431 2552 3500 ejus,
2578 3438 2629 3484 et
2655 3427 2929 3484 vocabitur
2955 3445 3141 3482 nomen
3168 3428 3283 3498 ejus
3327 3432 3507 3501 magni

1921 3527 2127 3584 consilii
2159 3525 2374 3597 angelus
2396 3525 2462 3579 "’.
2497 3522 2810 3579 Secundum
2838 3520 3082 3592 reliquos
3128 3521 3452 3594 interpretes
3487 3544 3503 3582 :

1920 3619 2063 3676 Deus
2111 3620 2292 3690 fortis,
2334 3629 2544 3689 potens,
2587 3617 2828 3686 princeps
2883 3615 3056 3685 pacis,
3107 3626 3261 3684 pater
3299 3619 3501 3674 saeculi.

1919 3711 2036 3768 Hoc
2068 3713 2254 3783 itaque
2287 3711 2517 3766 docetur
2573 3725 2606 3764 a
2663 3708 2870 3780 Spiritu
2921 3707 3242 3779 prophetico
3270 3711 3504 3780 populus

1917 3805 2012 3876 qui
2069 3804 2368 3861 derelictus
2419 3813 2523 3870 est,
2555 3813 2614 3859 ut
2638 3802 2857 3858 emittat
2897 3803 3206 3856 orationem
3253 3815 3308 3857 et
3356 3803 3504 3859 dicat

1919 3897 2054 3969 ipsi:
2080 3896 2304 3951 Domine
2331 3896 2469 3951 Deus
2495 3898 2772 3962 virtutum,
2790 3912 3059 3967 quousque
3081 3895 3331 3950 irasceris
3347 3913 3502 3966 super

1917 3990 2209 4044 orationem
2254 3990 2389 4044 servi
2429 3990 2544 4045 tui?
2587 3987 2695 4043 Pro
2719 4003 2828 4059 quo
2858 3989 3057 4058 reliqui
3100 4003 3292 4043 omnes
3329 3989 3500 4046 inter-

1917 4089 2120 4154 pretes,
2139 4084 2323 4152 populi
2353 4083 2453 4146 tui,
2489 4081 2830 4153 interpretati
2855 4089 3005 4136 sunt.
3030 4081 3308 4137 Ducentur
3334 4098 3498 4154 porro

1916 4191 2110 4247 panem
2139 4176 2500 4247 lacrymarum
2533 4174 2821 4230 comedere
2855 4189 2954 4244 pro
2984 4173 3212 4229 ausibus
3249 4175 3397 4240 suis,
3437 4185 3498 4232 ut

1914 4268 2059 4322 mala
2093 4282 2194 4323 sua
2243 4266 2438 4323 ﬂentes
2473 4281 2538 4322 ac
2591 4267 2859 4338 lugentes,
2895 4265 3329 4322 consolationem
3351 4269 3495 4326 obti-

1913 4369 2099 4423 neant,
2131 4367 2191 4414 ut
2221 4360 2276 4414 in
2309 4359 2742 4415 beatitudinibus
2764 4359 2968 4414 dicitur
2999 4377 3013 4415 :
3050 4359 3204 4414 Beati
3223 4363 3315 4432 qui
3341 4363 3494 4432 flent,

1911 4454 2163 4523 quoniam
2184 4451 2446 4507 ridebunt.
2486 4453 2639 4507 Beati
2661 4453 2751 4519 qui
2794 4452 2988 4524 lugent,
3017 4455 3268 4524 quoniam
3308 4473 3496 4512 conso-

1915 4545 2166 4600 labuntur
2209 4547 2274 4600 ⁸⁸.
2336 4545 2648 4623 Secundum
2719 4545 3107 4618 Symmachum
3161 4556 3340 4604 autem
3375 4568 3388 4604 :
3424 4583 3490 4596 —

1911 4637 2081 4696 Vens.
2134 4639 2188 4696 6.
2235 4638 2441 4695 Cibasti
2472 4656 2589 4703 nos,
2624 4639 2822 4710 inquit,
2855 4654 2990 4708 pane
3022 4639 3402 4710 lacrymarum,
3440 4654 3492 4697 et

1907 4732 2104 4802 potasti
2133 4748 2227 4788 nos
2255 4748 2373 4786 cum
2394 4732 2642 4804 lacrymis
2660 4748 2928 4788 mensura.
2952 4731 3066 4788 Etsi
3095 4749 3328 4805 namque
3359 4735 3488 4790 ﬂetu

1907 4832 1963 4879 et
1997 4824 2253 4896 lacrymis
2278 4825 2427 4897 digni
2459 4825 2634 4882 simus
2658 4866 2674 4892 ,
2709 4833 2769 4880 ut
2799 4826 2920 4880 loco
2946 4825 3132 4896 panis,
3173 4827 3391 4884 ﬂetibus
3423 4844 3490 4885 ac

1907 4915 2202 4988 gemitibus
2227 4918 2462 4984 alamur,
2496 4918 2760 4990 lacrymis
2785 4927 2841 4972 et
2873 4919 3362 4976 lamentationibus
3391 4937 3490 4993 po-

1911 5016 2133 5078 temur;
2164 5017 2221 5064 at
2243 5009 2359 5065 haec
2388 5011 2507 5081 ipsa
2535 5020 2849 5067 mensurate
2879 5010 3040 5067 nobis
3067 5011 3372 5079 tradantur,
3411 5015 3488 5068 ita

1910 5108 1972 5156 ut
2002 5117 2114 5156 non
2137 5105 2192 5158 in
2232 5102 2508 5159 inﬁnitum
2548 5103 2887 5175 procedant,
2923 5103 3021 5160 sed
3049 5105 3343 5176 aliquando
3363 5119 3484 5161 ces-

1908 5201 2052 5257 sent,
2085 5209 2151 5250 ac
2171 5195 2226 5252 in
2251 5195 2580 5267 iucundiora
2614 5203 2916 5252 mutentur.
2945 5195 3026 5251 Tu
3050 5197 3195 5252 enim
3223 5195 3412 5268 (Vens.
3431 5197 3486 5268 7)

1907 5288 2134 5356 posuisti
2181 5305 2276 5344 nos
2318 5290 2372 5344 in
2417 5289 2889 5345 contradictionem
2925 5290 3109 5346 vicinis
3155 5291 3372 5354 nostris,
3434 5299 3486 5345 et

1908 5381 2111 5434 inimici
2138 5383 2309 5437 nostri
2337 5381 2793 5439 subsannaverunt
2823 5401 2917 5439 nos
2947 5399 2967 5438 :
2993 5385 3090 5455 qui
3144 5398 3255 5438 non
3306 5383 3490 5440 simile

1909 5474 2187 5545 quidpiam
2216 5475 2346 5531 olim
2369 5476 2490 5532 ausi
2527 5488 2715 5533 contra
2753 5491 2854 5533 nos
2876 5483 3024 5543 sunt,
3049 5491 3174 5530 eum
3216 5483 3270 5531 te
3307 5483 3488 5545 patre-

1909 5581 2042 5621 num
2075 5565 2420 5625 haberemus.
2449 5569 2814 5636 Quamobrem
2859 5571 3049 5642 (Vens.
3078 5569 3133 5636 8)
3169 5582 3481 5639 precamur,

1911 5666 1966 5715 et
2004 5669 2056 5718 te
2093 5658 2264 5720 Deum
2317 5663 2579 5721 virtutum
2620 5664 2960 5730 invocamus,
2997 5662 3368 5734 supplicantes
3419 5667 3484 5719 ιιι
