4078 6934
617 371 728 430 959

621 583 721 638 llas
751 589 804 637 ct
827 582 1035 636 vultum
1063 590 1215 634 tuum
1244 579 1508 636 ostendas
1528 580 1712 636 nobis.
1735 578 1872 635 Nam
1901 582 1951 636 si
1980 581 2032 636 id
2062 596 2196 636 con-

620 675 875 737 cedatur,
913 674 1049 729 salvi
1095 673 1324 736 erimus,
1376 688 1442 728 ac
1493 688 1596 730 nos
1648 689 1869 744 quoque
1903 673 2198 731 dicemus:

622 768 902 837 Signalum
959 781 1039 820 est
1092 782 1249 836 super
1281 783 1377 821 nos
1428 767 1604 821 lumen
1657 766 1832 822 vultus
1881 767 1984 833 tui,
2013 766 2202 822 Domi-

619 876 684 915 ne
720 863 784 913 ⁶⁹.

1295 370 1569 426 EUSEBII
1607 368 2088 427 CESARIENSIS
2127 370 2280 428 OPP.
2319 371 2503 429 PARS
2541 372 2631 428 Ill.
2662 402 2728 414 —
2757 369 3171 434 EXEGETICA.

620 505 722 547 nos
749 495 1057 544 convertas.
1113 486 1268 554 Quod
1319 503 1454 543 sane
1505 488 1719 544 eveniet
1765 488 1814 544 si
1870 489 2203 559 conspicuus

2308 508 2416 564 ρον.
2455 491 2528 544 Σὺ
2557 490 2666 562 γὰρ
2697 491 2839 546 ἔθου
2870 489 3028 560 ἡμᾶς
3051 491 3140 555 εις
3166 488 3514 558 ἀντιλογίαν
3543 486 3717 554 τοῖς
3753 489 3990 557 reite—

2304 598 2410 638 σιν
2433 582 2622 654 ἡμῶν,
2657 583 2754 636 καὶ
2779 585 2834 636 οὶ
2859 582 3059 652 ἐχθροὶ
3086 581 3256 652 ἡμῶν
3277 578 3738 652 ἐμυκτήρισαν
3761 582 3982 650 fuit,

2310 676 2475 748 μηδὲν
2517 675 2723 730 τούτων
2760 677 2928 730 πάλαι
2956 675 3079 730 καθ’
3118 674 3274 746 ἡμῶν
3310 673 3646 746 τολμῶντες
3667 715 3689 740 ,
3731 674 3858 728 ὅτε
3919 694 3980 729 ε

2307 767 2618 840 προστάτην
2645 769 2884 840 εἴχομεν.
2913 768 3003 822 Διὸ
3021 768 3274 840 δεόμεθα,
3293 769 3389 822 καὶ
3409 767 3504 821 τὸν
3523 767 3700 822 Θεὸν
3727 767 3878 820 τῶν
3895 767 3972 820 δα

2309 859 2529 931 νάμεων
2540 859 2813 914 ἀνακαλού
2821 858 2983 931 μεθα,
2995 859 3324 933 ἐπιπρέψαι
3334 861 3367 930 ἡ
3377 859 3484 930 μᾶς
3508 858 3634 913 καθ
3643 858 3976 912 exs-.569:-

617 967 728 1014 τες.
765 951 933 1005 Τοῦτο
951 951 1009 1005 δὲ
1029 950 1183 1006 ἔσται
1207 951 1256 1004 εἰ
1278 951 1548 1024 ἐπιφανὴς
1571 952 1770 1022 γένοιο,
1799 953 1896 1009 καὶ
1914 954 1976 1008 τὸ
2035 951 2232 1008 σαυτοῦ
2271 951 2563 1023 πρόσωπον
2595 950 2918 1017 ὲπιδείξειας
2956 953 3106 1024 ἡμῖν.
3168 949 3370 1005 Τούτου
3429 949 3541 1022 γὰρ
3571 949 3968 1019 γενομένω,

617 1042 976 1114 σωθησόμεθα
1001 1042 1243 1110 λέξοντες
1265 1043 1332 1098 ἂν
1362 1045 1458 1098 καὶ
1484 1045 1646 1116 ἡμεῖς
1662 1062 1680 1079 ·
1718 1045 2077 1116 Ἐσημειὼθη
2107 1045 2201 1116 ἐφ’
2238 1043 2400 1116 ἡμᾶς
2429 1043 2498 1098 τὸ
2529 1043 2658 1115 φῶς
2684 1043 2794 1099 τοῦ
2823 1044 3149 1115 προσώπου
3179 1059 3319 1109 σου,
3346 1044 3547 1112 Κύριε.

687 1152 854 1209 Vens.
885 1156 940 1211 9.
979 1154 1196 1210 Vineam
1228 1155 1293 1211 de
1314 1155 1550 1228 Egypto
1599 1159 1924 1215 transtulisti
1951 1177 1970 1216 :
2002 1161 2205 1231 ejecisti

616 1257 794 1318 gentes
829 1255 879 1301 et
915 1247 1177 1318 plantasti
1203 1265 1342 1304 eam.
1389 1249 1515 1304 Dux
1556 1251 1763 1306 itineris
1803 1252 1956 1322 fuisti
1987 1253 2042 1306 in
2079 1268 2204 1307 con-

617 1619 708 1674 hic
732 1620 890 1675 vinea
923 1619 1198 1677 diversus.
1231 1619 1368 1676 Nam
1410 1623 1503 1678 ille
1530 1623 1751 1693 quidem
1785 1637 2000 1694 semper
2027 1637 2059 1676 a
2092 1621 2197 1677 Do-

617 1899 831 1966 v'n-um,
887 1899 1040 1954 illum
1093 1915 1290 1970 nempe
1347 1900 1480 1955 olim
1532 1898 1790 1956 Israelem
1820 1940 1836 1966 ,
1897 1897 2006 1956 Deo
2071 1914 2200 1970 sup-

618 1992 785 2060 plicat
820 1997 877 2045 ut
911 1992 1150 2062 posteris
1187 1993 1305 2048 suis
1345 1993 1488 2048 male
1533 1993 1821 2064 agentibus
1874 1993 2197 2064 prospiciat.

616 2081 808 2137 Fuerit
842 2099 973 2138 vero
1011 2082 1203 2148 Israel,
1231 2085 1521 2156 perspicax
1562 2085 1742 2140 omnis
1779 2085 1985 2149 anima,
2014 2101 2137 2157 qua:
2171 2099 2203 2138 a

617 2176 762 2231 bono
805 2185 1026 2247 pastore
1069 2192 1287 2247 semper
1337 2177 1606 2249 pascitur.
1660 2176 1831 2232 Vinea
1883 2185 2064 2232 autem
2108 2175 2201 2231 Dei

620 2267 860 2332 dicatur,
913 2284 1036 2339 qua:
1074 2270 1370 2342 imaginem
1396 2278 1581 2327 servat
1606 2271 1727 2341 ejus
1751 2272 1844 2342 qui
1875 2272 1932 2326 in
1961 2270 2206 2340 Evange-

621 2361 694 2415 lio
733 2359 918 2414 dixit:
965 2359 1076 2431 Ego
1128 2377 1246 2415 sum
1296 2361 1420 2416 vitis
1475 2362 1702 2429 vera";
1759 2364 1917 2416 vinea
1967 2376 2096 2416 vero
2135 2377 2204 2417 ex

618 2447 853 2519 {Egg'pto
881 2451 1176 2516 translata,
1204 2457 1289 2506 est
1321 2452 1504 2507 anima
1535 2453 1950 2508 subversionem
1986 2466 2148 2522 passa
2183 2472 2196 2507 :

618 2546 798 2616 qualis
851 2545 953 2601 fuit
1002 2545 1270 2603 Iudaicus
1319 2547 1556 2618 populus
1607 2548 1703 2619 qui
1754 2547 1888 2602 olim
1935 2546 2201 2604 diuturno

617 2642 864 2706 tempore
898 2636 1040 2690 idola
1073 2635 1130 2690 in
1164 2635 1404 2709 Egypto
1437 2637 1633 2701 coluit,
1666 2653 1732 2692 ac
1783 2653 1907 2692 cum
1953 2638 2202 2693 modicos

620 2724 834 2782 fructus
866 2727 1211 2797 protulisset,
1240 2737 1302 2782 ut
1325 2727 1393 2783 de
1419 2727 1527 2783 illis
1553 2728 1881 2782 trstilicatur
1908 2727 2124 2800 Moyses
2147 2730 2202 2784 in

621 2832 819 2888 magno
850 2817 1068 2872 cantico
1101 2816 1217 2872 haec
1250 2817 1501 2888 scribens
1533 2836 1546 2872 :
1578 2815 1720 2871 Nam
1753 2833 1817 2872 ea:
1847 2819 1997 2873 vinea
2030 2816 2203 2873 Sodo-

623 2925 831 2962 morum
859 2909 1009 2963 vinea
1035 2925 1239 2973 eorum,
1270 2919 1322 2964 et
1351 2910 1553 2980 palmes
1580 2927 1761 2964 eorum
1789 2927 1854 2964 ex
1886 2910 2199 2968 Gomorrha.

628 2996 742 3053 Uva
767 3014 947 3052 eorum
978 3016 1078 3055 uva
1127 3000 1291 3069 fellis,
1339 3000 1522 3055 botrus
1572 3000 1949 3056 amaritudinis
1995 3000 2200 3058 eorum.

625 3090 805 3145 Furor
833 3093 1128 3149 draconum
1156 3095 1333 3150 vinum
1364 3111 1567 3159 eorum,
1597 3105 1646 3150 et
1677 3094 1831 3164 furor
1851 3097 2095 3166 aspidum
2122 3098 2204 3150 in-

625 3184 885 3240 sanabilis
907 3185 986 3252 “;
1019 3187 1235 3242 etiamsi
1264 3186 1581 3258 hujusmodi
1605 3199 1811 3251 essent,
1839 3187 1973 3258 ipsis
1996 3187 2206 3259 prospi-

623 3278 776 3334 ciens
820 3276 966 3334 Deus
1007 3279 1433 3350 transplantavit
1474 3296 1593 3345 eos,
1642 3281 1858 3337 radices
1905 3295 2092 3336 eorum
2137 3297 2204 3336 ex

625 3369 950 3441 Egyptiaco
979 3378 1103 3426 satu
1133 3372 1406 3436 evellens,
1446 3372 1500 3426 in
1533 3372 1805 3443 aliamque
1849 3380 2054 3428 terram
2087 3373 2208 3443 pin-

624 3479 893 3534 guemque
945 3464 1122 3519 locum
1183 3463 1552 3529 transferens,
1601 3472 1662 3520 ut
1705 3465 1866 3520 docet
1909 3465 2082 3521 Isaias
2120 3465 2208 3521 his

625 3555 809 3610 verbis
841 3575 855 3610 :
900 3554 1064 3610 Vinea
1095 3555 1242 3626 facta
1270 3565 1348 3610 est
1384 3556 1574 3612 dilecto
1597 3558 1656 3610 in
1685 3573 1850 3612 cornu
1874 3557 1930 3612 in
1957 3557 2070 3612 loco
2089 3558 2208 3626 pin-

623 3651 734 3719 gui.
783 3647 851 3702 Et
897 3665 1068 3717 sepem
1111 3649 1496 3716 circumposui,
1535 3657 1586 3703 et
1624 3648 1840 3716 vallari,
1879 3657 1930 3704 et
1968 3649 2208 3718 plantavi

625 3743 832 3796 vincant
878 3741 1094 3797 Sorech.
1146 3740 1216 3795 Et
1247 3741 1506 3810 aediﬁcavi
1551 3743 1739 3796 turrim
1782 3743 1838 3796 in
1871 3742 2044 3797 medio
2069 3743 2205 3812 ejus,

624 3844 675 3888 et
713 3834 1048 3904 protorcular
1079 3833 1193 3904 fodi
1222 3835 1276 3888 in
1301 3836 1447 3889 ea".
1473 3834 1537 3888 Et
1561 3851 1694 3890 sane
1721 3851 1846 3890 cum
1878 3837 1932 3891 in
1955 3837 2208 3907 pinguio-

625 3943 741 3982 rem
781 3939 837 3982 et
870 3929 1042 3983 multo
1073 3927 1354 3983 meliorem
1401 3926 1639 4000 Aﬂgypto
1682 3928 1960 4000 regionem
2012 3929 2209 4000 praedi-

625 4025 771 4073 ctam
813 4019 1030 4074 vineam
1081 4019 1484 4086 transtulisset,
1521 4035 1642 4077 eam
1675 4020 1750 4076 ibi
1783 4021 2070 4092 plantavit.
2105 4019 2207 4076 De-

627 4109 776 4174 inde,
803 4117 993 4180 utpote
1039 4111 1281 4180 optimus
1313 4111 1576 4180 agritcla,
1621 4122 1745 4182 post
1787 4111 2019 4183 primam
2061 4112 2206 4166 illam

628 4201 1069 4268 translationem,
1110 4202 1221 4257 dux
1252 4201 1466 4259 itineris
1496 4201 1599 4258 fuit
1629 4220 1684 4258 in
1723 4212 2021 4275 conspectu
2062 4204 2204 4274 ejus,

628 4291 921 4350 fruticibus
963 4295 1183 4360 amotis,
1222 4295 1480 4366 omnique
1519 4295 1694 4350 aliena
1732 4297 1958 4352 materia
1999 4297 2204 4359 excisa,

627 4392 690 4438 ut
719 4385 823 4456 ipsi
859 4386 1045 4444 nullus
1087 4387 1227 4443 obex
1253 4387 1320 4442 ad
1352 4387 1630 4442 fructuum
1663 4390 2012 4445 emissionem
2044 4389 2207 4446 ades-

627 4485 732 4534 set.
777 4478 884 4534 Pro
913 4479 1005 4534 illo
1031 4487 1234 4546 autem,
1265 4480 1385 4535 Dux
1418 4483 1622 4536 itineris
1655 4481 1808 4551 fuisti
1846 4483 1900 4536 in
1931 4492 2208 4550 conspectu

2375 1161 2684 1230 Ἀμπελον
2695 1161 2766 1227 ἐξ
2785 1161 3086 1232 Αἰγύπτου
3099 1159 3362 1233 μετῆρας
3379 1177 3394 1190 ·
3415 1160 3754 1227 ἐξέϐαλες
3775 1159 3962 1226 ἔθνη,

2301 1251 2399 1304 καὶ
2416 1254 2869 1322 κατεφύτευσας
2889 1251 3103 1321 αὐτήν.
3133 1251 3535 1320 Ὠδοποίησας
3552 1250 3964 1320 ἕμπροσέὶεγ

616 1348 796 1409 specta
820 1338 956 1409 ejus,
985 1350 1032 1394 et
1063 1341 1324 1408 plantasti
1355 1341 1561 1397 radices
1592 1343 1730 1412 ejus,
1754 1353 1804 1398 et
1839 1343 2072 1413 implevit
2105 1353 2203 1397 ter:

2308 1341 2612 1412 αὐτῆς,καί
2629 1346 3080 1415 κατεφύτευσας
3096 1344 3204 1406 τὰς
3210 1342 3378 1414 ῥίζας
3391 1343 3606 1411 αὐτῆς,
3617 1341 3756 1394 καὶ
3765 1341 3954 1404 ἐκλεῖ-

617 1449 756 1487 ram.
775 1431 1242 1504 Supplicationem
1272 1434 1496 1491 ordiens
1521 1435 1814 1506 Propheta,
1837 1451 1961 1492 eum
1991 1435 2084 1506 qui
2107 1451 2201 1505 pa-

2308 1447 2453 1487 οωσε
2473 1433 2588 1503 τὴν
2604 1435 2740 1505 γῆν.
2759 1435 3084 1508 Ἀρχόμενος
3102 1435 3201 1508 τῆς
3224 1435 3507 1506 ἱκετηρίας
3527 1435 3556 1486 ὁ
3576 1431 3952 1502 Προφήτης.

617 1528 722 1583 scit
752 1527 920 1582 Israel
943 1527 1230 1585 evocabat.
1264 1526 1395 1583 Erat
1426 1536 1610 1585 autem
1639 1529 1807 1586 Israel
1836 1545 1867 1584 a
1898 1537 2198 1584 memorata

2308 1525 2386 1579 τὸν
2404 1527 2758 1598 ποιμαίνοντα
2772 1529 2862 1582 τὸν
2873 1527 3091 1601 Ἰσραὴλ
3103 1523 3553 1583 ἀνεκαλεῖτο.*Ην
3567 1525 3637 1578 δὲ
3651 1525 3692 1576 ὁ
3709 1524 3946 1594 Ἰσραάςὶ

2304 1617 2490 1690 ἕτερος
2519 1621 2614 1691 τῆς
2647 1620 2882 1675 ἐνταῦθα
2919 1620 3218 1693 λεγομένης
3255 1620 3520 1692 ἀμπέλου.
3575 1619 3650 1672 Ὁ
3687 1620 3811 1689 μὲν
3842 1619 3946 1688 γᾶρ

618 1713 770 1766 mino
799 1713 1081 1784 pascitur;
1117 1714 1232 1769 haec
1261 1725 1443 1771 autem
1477 1717 1636 1772 vinea
1666 1717 1721 1771 in
1760 1715 1998 1786 pejorem
2025 1715 2198 1770 multo

2308 1709 2390 1762 ἀεὶ
2413 1710 2756 1780 ποιμαίνεται
2773 1712 2878 1766 ὑπὸ
2891 1712 2984 1767 τοῦ
3002 1706 3206 1785 κυρίου
3227 1730 3242 1745 ·
3259 1715 3293 1786 ἡ
3313 1713 3370 1766 δὲ
3385 1711 3650 1785 παροῦσα
3671 1712 3948 1782 ἄμπελος

567 1806 990 1861 -conditionem
1056 1806 1378 1862 declinavit.
1457 1806 1564 1864 Per
1629 1809 1953 1878 religiosum
2016 1814 2199 1862 autem

2308 1803 2501 1878 πολλὴν
2525 1806 2785 1878 ὑπέμεινε
2807 1807 2905 1879 τὴν
2937 1808 3030 1860 ἐπὶ
3053 1807 3121 1861 τὰ
3141 1807 3308 1878 χείρῳ
3330 1809 3524 1879 ῥοπήν.
3560 1810 3872 1860 Δυσωπεῖ
3893 1807 3944 1859 δῖε

2305 1897 2394 1952 διὰ
2415 1898 2510 1952 τοῦ
2536 1899 2818 1970 θεοφιλοῦς
2835 1900 3028 1973 ἀνδρὸς
3053 1900 3145 1955 τοῦ
3190 1899 3358 1954 πάλαι
3397 1899 3622 1974 Ἰσραὴλ
3660 1901 3781 1954 τὸν
3805 1899 3940 1954 Θεὸν

2305 1993 2385 2056 είς
2416 1992 2476 2046 τὺ
2508 1993 2800 2064 ὲπιῦλέψαι
2828 1993 3014 2057 κακῶς
3047 1993 3346 2065 πράττουσι
3376 1995 3487 2057 τοῖς
3521 1993 3772 2046 ἐκείνου
3805 1993 3936 2047 ἀι»

2303 2086 2499 2156 γόνοις.
2535 2086 2634 2158 Είη
2667 2087 2712 2141 δ’
2740 2087 2806 2141 ἂν
2846 2086 3062 2159 Ἰσραὴλ
3107 2087 3201 2141 καὶ
3229 2088 3378 2141 πᾶσα
3417 2085 3732 2157 διορατικὴ
3787 2086 3936 2155 ψυχὴ

2305 2177 2411 2230 ὑπὸ
2453 2176 2547 2230 τοῦ
2591 2175 2756 2230 καλοῦ
2794 2176 3050 2248 ποιμένος
3091 2176 3180 2230 διὰ
3220 2177 3420 2240 παντὸς
3466 2175 3930 2246 ποιμαινομὲνῃ.

2305 2267 2533 2338 Λεχθείη
2565 2268 2611 2321 δ’
2650 2267 2717 2321 ἂν
2751 2268 2843 2321 καὶ
2876 2267 3118 2338 ἄμπελος
3160 2267 3296 2321 Θεοῦ
3341 2268 3376 2339 ἡ
3426 2267 3524 2338 τὴν
3565 2267 3786 2320 εἰκόνα
3833 2269 3932 2319 σώ-

2305 2358 2472 2422 ζουσα
2514 2357 2608 2411 τοῦ
2639 2360 2911 2430 φήσαντος
2953 2361 3010 2413 ὲν
3058 2360 3446 2430 Εὖαγγελίοις·
3497 2359 3646 2429 Ἐγώ
3701 2362 3841 2429 ειμι
3895 2363 3926 2425 ἠ

2305 2446 2573 2515 ἄμπελος
2606 2449 2645 2516 ἠ
2693 2449 2970 2518 ἀληθινή.
3017 2451 3084 2504 Ἦ
3116 2450 3160 2504 δ’
3189 2449 3250 2516 ἐξ
3280 2449 3558 2519 Αἰγύπτου
3609 2467 3926 2522 μετενηνεο

2305 2537 2481 2610 γμένη
2535 2541 2778 2612 ἄμπελος
2845 2545 2878 2615 η
2935 2543 3184 2598 παθοῦσα
3238 2544 3573 2618 διαστροφὴν
3637 2546 3922 2616 τυγχάνει

2305 2632 2494 2705 ψυχή·
2536 2635 2719 2698 ὁποῖος
2757 2635 2979 2706 γέγονεν
3031 2638 3062 2691 ό
3119 2637 3390 2692 Ἰουδαίων
3438 2638 3567 2704 λαδς
3614 2638 3916 2692 statuam.

2305 2727 2516 2797 τρήσας
2567 2730 2625 2781 ὲν
2671 2727 2931 2799 Αἰγύπτῳ
2981 2733 3211 2803 μακροῖς
3260 2718 3493 2803 χρόνοις,
3542 2731 3808 2803 μικρούς
3857 2747 3912 2784 π

2305 2819 2773 2891 προενεγκάμενος
2819 2823 3064 2893 καρποὺς
3102 2821 3178 2886 ὡς
3227 2826 3495 2896 μαρτυρεί
3541 2824 3816 2895 Mulio-ﬁ;
3859 2826 3910 2878 ὲκ.

2310 2913 2518 2985 μεγάλῃ
2543 2913 2652 2986 ᾠδῇ
2668 2913 2894 2986 γράφων
2917 2914 3089 2969 ταῦτα
3110 2915 3239 2987 περί
3259 2915 3436 2969 αὐτῶν
3455 2932 3470 2946 ·
3510 2915 3616 2970 Ἐκ
3643 2917 3772 2986 γὰρ
3802 2918 3910 2986 ἁμ-

2309 3005 2499 3060 πέλου
2531 3007 2808 3076 Σοδόμων
2835 3007 2873 3074 ἠ
2904 3007 3170 3077 ἄμπελος
3195 3007 3415 3075 αὐτῶν,
3446 3009 3547 3063 καὶ
3591 3012 3633 3079 ἡ
3660 3015 3908 3080 animm-

2309 3097 2401 3163 τίς
2431 3096 2630 3152 αὐτῶν
2652 3099 2722 3152 ἐκ
2754 3100 3076 3169 Γομόῤῥας.
3124 3101 3187 3156 Ἡ
3211 3101 3498 3171 σταφυλὴ
3527 3101 3743 3156 αὐτῶν
3767 3119 3907 3155 στα-

2311 3187 2477 3257 φυλὴ
2512 3188 2722 3258 χολῆς,
2751 3190 2978 3258 βότρυς
3009 3192 3253 3260 πικρίας
3289 3189 3509 3248 αὐτῶν.
3535 3191 3750 3260 Θυμὸς
3769 3192 3905 3260 δρα-

2311 3281 2540 3334 κόντων
2572 3283 2605 3335 ό
2637 3277 2800 3348 οἶνος
2828 3281 3045 3347 αὐτῶν,
3081 3283 3179 3336 καί
3207 3282 3392 3352 θυμὸς
3412 3282 3691 3338 ἀσπίδων
3725 3285 3901 3337 ἀνία-

2308 3389 2410 3439 τος
2432 3389 2446 3401 ·
2483 3372 2617 3426 ἀλλὰ
2641 3373 2749 3445 γὰρ
2779 3373 2872 3427 καὶ
2901 3371 3074 3437 οὕτως
3102 3373 3324 3444 ἔχοντας
3355 3374 3553 3439 αὐτοὺς
3580 3375 3896 3445 ἔπισχε-ᾠά·

2312 3482 2472 3537 μενος
2524 3467 2553 3520 ὁ
2607 3466 2740 3528 Θεὸς
2797 3465 3211 3536 μετεφύτευσεν,
3264 3465 3569 3539 ὲκριζώσας
3627 3468 3734 3539 μὲν
3802 3471 3895 3540 τῆς

2310 3557 2684 3628 Αἰγυπτιακῆς
2729 3557 3035 3627 συμφυΐας,
3077 3557 3490 3628 μεταφυτεύσας
3527 3557 3583 3611 δὲ
3624 3561 3683 3612 ὲν
3727 3561 3894 3632 ἑτέρᾳ

2307 3645 2463 3718 χώρᾳ
2495 3644 2590 3699 καὶ
2625 3645 2776 3715 τόπῳ
2809 3644 2974 3710 πίονι,
3004 3644 3081 3710 ὡς
3125 3644 3362 3700 διδάσκει
3405 3644 3580 3714 λέγων
3621 3645 3888 3711 Ἡσαΐαςο

2320 3737 2618 3808 Ἆμπελὼν
2649 3737 2900 3808 ἐγενήθη
2936 3736 3017 3804 τῷ
3049 3736 3412 3808 ἠγαπημένῳ
3456 3738 3527 3792 ὲν
3568 3737 3772 3809 κέρατι
3821 3741 3887 3794 ἐν

2307 3833 2468 3894 τόπῳ
2504 3831 2687 3884 πίονι.
2721 3829 2831 3884 Kal
2863 3829 3136 3900 φραγμὸν
3161 3829 3504 3899 περιέθηκα,
3541 3829 3640 3887 καὶ
3669 3830 3885 3900 ἐχαρά-

2309 3938 2495 3990 κωσα,
2529 3923 2627 3976 καὶ
2665 3923 2968 3992 ἐφύτευσα
2994 3921 3268 3992 ἄμπελον
3311 3922 3539 3992 Σωρήχ.
3579 3923 3687 3977 Καὶ
3729 3925 3878 3990 ᾠκο-

2307 4015 2544 4083 δόμησα
2587 4015 2818 4085 πύργον
2852 4013 2924 4068 ἐν
2957 4015 3128 4084 μέσῳ
3157 4013 3364 4082 αὑτοῦ,
3409 4015 3507 4068 καί
3556 4014 3880 4083 προλήνιον

2306 4105 2506 4174 ὠρυξα
2549 4106 2621 4160 ἐν
2657 4105 2838 4187 αὐτῷ.
2868 4105 2978 4160 Καὶ
3019 4105 3085 4178 δὴ
3131 4107 3190 4161 ἐν
3220 4107 3372 4178 τόπῳ
3425 4105 3570 4160 πίονι
3619 4107 3710 4160 καὶ
3741 4107 3873 4160 πολὺ

2307 4198 2575 4270 κρείττονι
2596 4199 2696 4270 τῆς
2739 4197 3016 4266 Αἰγύπτου
3051 4197 3233 4270 χώρας
3264 4198 3589 4270 μεταγαγὼν
3615 4199 3710 4271 τὴν
3743 4217 3872 4272 προ-

2307 4290 2586 4360 λεχθεῖσαν
2618 4291 2858 4362 ἄμπελον
2887 4290 3306 4360 κατεφύτευσεν.
3339 4287 3474 4358 Εἶθ’,
3511 4286 3598 4346 οἷα
3633 4293 3871 4364 veropro;

2307 4384 2547 4455 ἄριστος,
2581 4384 2720 4456 μετὰ
2746 4384 2844 4457 τὴν
2862 4383 3084 4459 πρώτην
3113 4385 3566 4458 μεταμόσχευσιν,
3583 4387 3865 4457 ὡδοποίησε

2307 4477 2617 4547 ἔμπροσθεν
2661 4477 2852 4547 αὐτῆς,
2893 4478 3003 4530 πᾶν
3044 4477 3106 4531 τὸ
3149 4476 3436 4548 βλαστικὸν
3477 4477 3860 4542 ἀποσκευάσας,

625 4571 762 4640 ejus,
797 4571 1181 4644 Symmachus,
1211 4574 1469 4629 Amovisti
1497 4575 1551 4628 in
1574 4583 1852 4643 conspectu
1868 4573 2005 4643 ejus,
2030 4575 2203 4628 inter-

2308 4570 2400 4624 καὶ
2425 4571 2605 4624 πᾶσαν
2633 4569 2916 4643 ἀλλοτρίαν
2937 4551 3070 4642 ὓλην
3086 4569 3353 4641 ἐκτεμὼν,
3379 4569 3456 4634 ὡς
3487 4570 3560 4641 μή
3582 4587 3630 4623 τι
3651 4569 3861 4642 κώλυμα

627 4671 875 4734 pretatus
907 4672 1011 4720 est.
1057 4663 1262 4721 Deinde
1296 4665 1600 4736 subjungit,
1637 4665 1880 4720 radicare
1909 4665 2081 4734 fecisti
2112 4682 2203 4720 ra-

627 4756 768 4813 dices
787 4757 925 4823 cius.
965 4757 1106 4812 Cum
1131 4764 1285 4812 tanta
1318 4756 1412 4813 Dei
1439 4756 1600 4812 Verbi
1633 4772 1766 4811 cura
1800 4765 2098 4811 memorata
2119 4756 2204 4811 vi-

631 4863 734 4902 nea
781 4848 1001 4920 dignata
1051 4847 1239 4914 fuerit,
1286 4849 1413 4919 jure
1463 4848 1705 4918 implevit
1749 4857 1972 4911 terram,
2019 4847 2094 4901 ita
2143 4857 2200 4903 ut
2238 4861 2244 4868 '

628 4947 843 4996 montes
876 4939 1094 5012 quidem
1141 4941 1503 5005 inumbraret,
1547 4941 1742 4996 cedros
1783 4955 1912 4994 vero
1961 4939 2203 4996 arbustis

628 5033 746 5090 suis
774 5034 1010 5104 operiret
1041 5031 1230 5106 (Vens.
1267 5033 1374 5105 il),
1399 5033 1650 5104 palmites
1681 5032 1998 5088 extenderet
2029 5047 2204 5102 usque

627 5126 696 5182 nd
719 5141 890 5192 mare,
913 5133 967 5181 et
987 5143 1160 5198 usque
1179 5126 1246 5182 ad
1270 5126 1495 5182 ﬂumina
1517 5125 1849 5196 propagines
1870 5123 2062 5194 (Vens.
2088 5124 2197 5183 ιε).

545 5235 558 5248 ί
629 5218 766 5285 llaec,
793 5220 977 5274 omnia
1017 5220 1122 5291 ipsi
1167 5228 1490 5276 evenerunt.
1539 5219 1604 5272 Et
1647 5218 1777 5288 quia
1809 5227 1890 5274 tot
1925 5220 2203 5290 tantisque

629 5310 829 5366 donata
862 5318 976 5376 est,
1007 5312 1133 5382 jure
1163 5326 1346 5367 sermo
1375 5310 1634 5382 precandi
1665 5310 1774 5366 ritu
1807 5309 1952 5364 hunc
1983 5309 2201 5380 agrico-

629 5401 737 5455 lam
769 5403 1107 5468 memorans,
1142 5402 1230 5458 his
1257 5418 1380 5458 eum
1413 5413 1574 5474 rogat
1599 5409 1655 5457 et
1695 5401 1985 5472 compellat
2014 5420 2028 5455 :
2063 5401 2201 5468 Quia

627 5499 782 5549 tanta
816 5495 1158 5565 providentia
1189 5503 1243 5552 et
1263 5511 1396 5550 cura
1421 5495 1736 5566 praedictam
1767 5494 1985 5550 vineam
2011 5493 2202 5566 digna-

629 5593 721 5641 tus
749 5602 831 5648 es.
861 5603 962 5658 pro
985 5588 1330 5645 humanitate
1358 5596 1412 5644 et
1441 5588 1615 5660 gratia
1655 5595 1748 5642 tua
1789 5587 1903 5642 haec
1929 5587 2112 5642 omnia
2145 5588 2199 5642 in

631 5673 730 5733 illa
756 5687 1046 5748 operatus;
1081 5669 1207 5750 quis
1238 5694 1346 5734 non
1378 5677 1434 5732 in
1478 5677 1874 5735 hazsitationem
1899 5683 1955 5734 et
1975 5677 2198 5733 dubium

2307 4661 2556 4732 ἐμποδὼν
2588 4662 2726 4733 αὐτῇ
2751 4660 2961 4730 γένοιτο
2987 4661 3123 4734 πρὸς
3145 4660 3242 4734 τὴν
3266 4661 3374 4715 τῶν
3398 4662 3624 4734 καρπῶν
3646 4664 3855 4734 ἐκφυήν.

2321 4755 2466 4808 Ἀντὶ
2503 4754 2562 4808 δὲ
2604 4753 2700 4808 τοῦ
2717 4770 2731 4786 ·
2775 4753 3170 4824 Ὠδοποίησας
3211 4753 3553 4824 ἔμπροσθεν
3593 4754 3797 4824 αὐτῆς,
3825 4755 3854 4809 ό

2309 4845 2634 4917 Σύμμαχος·
2673 4846 3116 4911 Ἀπεσκεύασας
3159 4845 3502 4914 ἔμπροσθεν
3541 4845 3734 4913 uim?“
3755 4846 3849 4916 ἦρ’

2307 4940 2594 5010 μήνευσεν.
2629 4933 2743 4993 Εἶτ’
2765 4938 3035 5010 ἐπήγαγε,
3082 4937 3182 4991 καὶ
3216 4935 3633 5006 ἐριζοϐόλησας
3656 4937 3748 5004 τὰς
3761 4939 3848 5006 ῥί-

2303 5028 2402 5097 ζας
2434 5029 2645 5100 αὐτῆς.
2675 5029 2941 5104 Τοιαύτης
2971 5030 3016 5083 δ’
3057 5029 3376 5101 ἐπιμελείας
3423 5031 3574 5102 παρὰ
3613 5029 3695 5084 τοῦ
3723 5030 3842 5084 Θεοῦ

2302 5125 2474 5194 Λόγου
2502 5123 2738 5195 τυχοῦσα
2768 5125 2802 5194 ἡ
2834 5122 3132 5194 δηλωθεῖσα
3159 5123 3422 5195 ἄμπελος,
3456 5123 3668 5188 εἰκότως
3695 5123 3838 5196 ἐπλή-

2303 5234 2444 5289 ρωσε
2476 5217 2576 5290 τὴν
2605 5216 2731 5287 γῆν,
2773 5216 2849 5282 ὡς
2879 5216 2982 5289 ὅρη
3031 5216 3130 5287 μὲν
3180 5215 3517 5278 ὲπισκιάσαι,
3565 5215 3758 5286 κέδρους
3783 5213 3835 5266 δὲ

2301 5309 2539 5379 καλύψαι
2574 5311 2695 5373 ταῖς
2738 5308 2908 5380 αὐτῆς
2958 5307 3365 5379 ἀναδενδράσιν.
3420 5308 3647 5360 ἐκτεῖναι
3687 5308 3733 5360 δὲ
3771 5307 3832 5361 τὰ

2303 5401 2556 5474 κλήματα
2587 5401 2692 5466 ἕως
2724 5400 3020 5472 θαλάσσης,
3047 5399 3143 5455 καὶ
3164 5399 3263 5464 τὰς
3293 5399 3498 5470 φυάδας
3527 5399 3672 5470 μέχρι
3693 5395 3832 5455 ποτά.

2305 5495 2440 5567 μῶν.
2465 5494 2650 5550 Ταῦτα
2675 5495 2853 5549 πάντα
2889 5495 3131 5568 ὑπῆρξεν
3159 5494 3318 5565 αὐτῇ.
3345 5494 3453 5546 Καὶ
3480 5493 3654 5563 ἐπειδὴ
3674 5490 3829 5548 τοσού-

2300 5601 2408 5638 των
2429 5585 2657 5657 aenean,
2686 5585 2910 5649 εἰκότως
2939 5588 2970 5641 ὁ
3000 5585 3155 5655 λόγος
3179 5586 3254 5650 ὡς
3285 5585 3344 5638 ἐν
3370 5583 3501 5656 εὐχῇ
3534 5583 3699 5637 τοῦτον
3718 5585 3825 5637 ὑπο-

2303 5680 2510 5751 μνήσας
2542 5678 2631 5733 τὸν
2661 5679 2924 5752 γεωργὸν,
2949 5680 3187 5736 δυσωπεῖ
3217 5678 3304 5734 διὰ
3333 5678 3434 5750 τῆς
3468 5677 3717 5750 ἱκετηρίας
3747 5677 3822 5732 καί

701 5850 746 5888 ⁸³
782 5849 927 5909 Psal.
969 5870 1042 5910 IV.
1080 5855 1129 5910 7.
1210 5855 1253 5890 ’°
1292 5854 1448 5915 Joan.
1490 5873 1575 5927 xv,
1615 5856 1663 5914 l.
1741 5860 1783 5892 τι
1827 5855 1983 5918 Deut.
2022 5875 2205 5929 χχιιι,
2243 5859 2331 5917 32.
2368 5861 2454 5936 __"
2495 5855 2599 5918 in.
2642 5878 2694 5928 ν,
2736 5859 2783 5916 l.
