4078 6934
127 371 307 432 961
1394 360 1898 422 COMMENTARIA
1936 359 2004 416 IN
2040 357 2383 414 PSALMOS.
3384 354 3490 410 962

142 510 360 565 φησι
417 491 556 566 πρδς
603 489 765 547 αὐτόν
789 508 803 522 ο
835 489 1076 562 ’Ἐπειδὴ
1133 488 1402 560 τοσαύτης
1463 485 1807 558 κατηξίωσας

1936 483 2161 552 ncidens
2207 480 2312 535 hoc
2343 479 2648 549 perquirat,
2686 477 2875 552 (Vsus.
2917 473 3008 546 15)
3042 471 3486 566 υιςαὶάνάεειηι-

151 565 488 660 προνοίας
522 587 617 640 καὶ
641 584 955 656 ἐπιμελείας
978 583 1078 655 τὴν
1106 583 1404 655 εἰρημένην
1430 581 1692 652 ἄμπελον,
1727 597 1807 648 φι-

1936 575 2036 628 :isti
2069 573 2356 627 maceriam
2386 573 2523 640 ejus,
2558 580 2612 626 et
2650 586 2769 627 eam
2801 569 3060 625 omnibus
3091 565 3346 637 gentibus
3377 570 3491 620 cal-

155 658 549 751 λᾷνθρωπίᾳ
577 679 670 731 καὶ
693 678 875 748 χάριτι
914 678 1091 731 πάντα
1120 675 1296 731 ταῦτα
1333 676 1412 738 είς
1438 674 1609 745 αὐτὴν
1639 673 1806 726 ἐνδει-

1936 664 2141 720 :andam
2171 665 2487 734 praebuisti;
2521 665 2594 717 ita
2625 671 2685 718 ut
2721 663 2936 718 nemine
2973 658 3487 720 circummuniente.

165 747 484 842 ξάμενος,
513 747 601 834 τίς
619 747 724 824 οὐκ
741 747 808 824 ἀν
833 771 1204 841 ἀμηχανήσειε
1231 768 1326 822 καὶ
1347 769 1427 831 είς
1453 766 1684 839 ἀπορίαν
1711 768 1809 836 ἐμ-

1936 755 2110 825 :uique
2134 754 2338 808 volenti
2373 753 2548 824 ipsam
2592 751 2933 807 vindemiarc
2973 751 3172 815 liceat;
3218 763 3283 802 ac
3324 747 3491 802 modo

171 839 387 918 πέσοι
413 862 615 934 ζητῶν,
644 862 820 916 ἰνατί
865 839 1141 926 παθεῖλες
1169 861 1279 913 τὸν
1299 857 1573 928 φραγμὸν
1597 857 1807 926 αὐτῆς,

1936 861 2043 918 ψει·
2068 845 2136 901 de
2165 845 2303 900 silva
2328 844 2665 916 pessumdet,
2695 843 2858 897 modo
2886 841 3185 912 singularis
3211 839 3366 895 ferus
3394 840 3490 894 dc-

173 956 568 1010 καταπατεῖν
595 971 657 1009 τε
682 953 854 1024 αὐτὴν
885 954 1058 1008 άπασι
1088 953 1202 1013 τοῖς
1232 949 1473 1004 ἐθέλουσι
1511 947 1812 1022 συνεχώρη-

1936 948 2102 997 pascat
2133 939 2317 994 illam?
2368 937 2569 995 Verum
2623 938 2754 993 huic
2797 937 2965 994 dubio
2995 951 3094 1006 per
3131 935 3329 990 Isaiam
3364 950 3490 1006 pro-

181 1067 327 1112 σας
353 1067 370 1080 ·
401 1048 480 1114 ὡς
501 1048 709 1120 τρυγᾷν
735 1046 903 1117 αὐτὴν
933 1046 1059 1107 τοὺς
1087 1042 1461 1114 βουλομένους,
1495 1040 1721 1114 μηδενός
1749 1057 1810 1094 τε

1936 1033 2131 1086 thetam
2155 1031 2450 1101 respondet
2481 1030 2746 1100 agricola,
2774 1029 2931 1099 quasi
2955 1030 3043 1083 sui
3071 1026 3339 1098 purgandi
3367 1043 3492 1096 gra-

18 1151 29 1200 i
183 1119 715 1212 περιφράττοντος,
744 1135 872 1188 ποτέ
904 1133 1003 1205 μὲν
1033 1127 1099 1188 ὗν
1125 1134 1189 1186 ἐκ
1215 1131 1422 1204 δρυμοῦ
1456 1130 1812 1202 λυμαίνεσθαι

1937 1126 2010 1188 ia,
2061 1123 2332 1194 bujusque
2375 1124 2454 1178 rei
2487 1138 2708 1178 causam
2742 1122 2828 1177 his
2856 1122 3038 1176 verbis
3067 1120 3273 1191 profert
3305 1139 3318 1173 :
3353 1119 3491 1184 Quia

18 1261 28 1294 ι
188 1209 423 1302 αὐτὴν,
452 1229 640 1284 mm
663 1228 720 1282 δὲ
749 1226 929 1299 μονιὺν
949 1225 1139 1298 ἄγριον
1160 1223 1595 1279 καταϐόσκεσθαι
1618 1223 1810 1294 αὐτήν;

1936 1214 2205 1283 aspectari
2242 1223 2300 1267 ut
2349 1214 2544 1283 faceret
2584 1228 2760 1278 uvam,
2808 1211 2927 1280 fecit
2965 1219 3138 1263 autem
3186 1209 3394 1278 spinas,
3441 1217 3492 1260 et

211 1297 404 1376 Ἀλλά
437 1319 545 1393 γὰρ
579 1319 714 1392 πρὸς
743 1297 947 1390 ταύτην
966 1297 1065 1387 τὴν
1091 1316 1431 1388 ἐπαπόρησιν
1458 1314 1812 1388 ἀποκρίνεται

1936 1324 2018 1362 ton
2051 1306 2347 1376 justitiam,
2392 1304 2483 1359 sed
2522 1305 2806 1358 clamorem
2829 1304 2896 1355 ⁷³.
2944 1301 3071 1356 Haec
3100 1315 3268 1372 porro
3297 1300 3365 1353 de
3399 1297 3495 1351 Ju-

18 1425 32 1478 ε
190 1411 312 1465 διὰ
352 1389 584 1464 Ἡσαΐου
623 1389 727 1462 τοῦ
766 1389 1070 1479 προφήτου,
1103 1405 1292 1475 ὥσπερ
1321 1403 1756 1474 ἀπολογούμενος
1785 1403 1816 1455 ὁ

1936 1395 2074 1451 laico
2121 1396 2322 1467 populo
2367 1395 2512 1450 dicta
2561 1409 2684 1451 esse
2735 1409 2896 1450 nemo
2945 1391 3296 1448 dubitaverit.
3344 1389 3496 1456 Quo-

193 1504 500 1576 γεωργδς,
551 1501 648 1555 καὶ
695 1499 796 1572 τήν
843 1498 1022 1554 αἰτίαν
1075 1497 1376 1570 παρίστησι
1416 1496 1622 1566 λέγων’
1659 1497 1815 1550 Διότι

1936 1487 2081 1542 nodo
2106 1495 2288 1542 autem
2318 1487 2512 1542 umbra
2539 1486 2713 1541 vinea:
2745 1493 2964 1540 montes
3009 1483 3289 1554 operuerit
3332 1481 3494 1535 intel-

201 1573 445 1667 ἕμεένα
475 1596 577 1648 ἵνα
607 1593 836 1662 ποιήσῃ
881 1592 1230 1661 σταφυλὴν,
1261 1590 1512 1657 ἐποίησε
1539 1588 1608 1642 δὲ
1633 1587 1816 1643 ἀκάν-

1939 1577 2076 1648 ἰεεε,
2124 1577 2173 1632 si
2221 1576 2528 1646 perpendas
2571 1591 2696 1631 cum
2742 1576 2831 1632 lex
2879 1575 3189 1630 futurorum
3224 1573 3492 1627 bonorum

203 1665 376 1754 ὀαςδ
415 1685 513 1740 καί
551 1687 624 1740 οὐ
655 1683 1072 1752 δικαιοσύνην,
1107 1681 1270 1742 ἀλλὰ
1301 1679 1593 1750 κραυγήν.
1631 1679 1817 1733 Ταῦτα

1936 1671 2192 1734 imbram,
2241 1684 2350 1724 non
2394 1677 2577 1725 autem
2624 1669 2797 1740 ipsam
2847 1682 3030 1722 rerum
3064 1665 3356 1736 imaginem
3397 1665 3495 1718 ba-

206 1779 266 1833 δ⁴
325 1780 415 1832 ὃτι
455 1776 587 1848 περὶ
630 1775 725 1829 τοῦ
770 1774 1036 1828 Ἰουδαίων
1069 1773 1319 1827 λέλεκται
1348 1771 1502 1835 λαοῦ,
1542 1770 1713 1835 οὐδεὶς
1748 1769 1817 1824 ἂν

1936 1769 2083 1825 seat;
2110 1775 2231 1815 eam
2264 1759 2430 1815 modo
2465 1759 2521 1814 in
2562 1767 2748 1814 monte
2783 1759 2919 1822 Silo,
2951 1757 3044 1812 ubi
3069 1759 3224 1826 prius
3249 1764 3492 1812 erectum

213 1833 559 1943 ἀμφιεάλοί.
603 1867 848 1939 Νοήσεις
881 1865 940 1920 δέ
989 1865 1138 1930 ὅπως
1169 1864 1436 1934 ἐκάλυψεν
1475 1833 1576 1936 sm
1609 1865 1645 1936 ή
1689 1833 1818 1917 ea

1936 1853 2095 1910 'uerat
2139 1852 2592 1918 tabernaculum;
2639 1850 2802 1906 modo
2844 1851 2901 1906 in
2944 1858 3130 1905 monte
3178 1848 3312 1903 Sion
3356 1849 3494 1904 etin

215 1941 338 2034 τῆς
364 1960 632 2033 ἀμπέλου,
669 1958 986 2028 ἐπιστήσας,
1013 1956 1091 2022 ὡς
1124 1956 1284 2011 σκιὰν
1307 1955 1445 2028 ἔχων
1467 1958 1497 2010 ό
1521 1956 1684 2027 νόμος
1709 1955 1818 2010 τῶν

1936 1944 2224 2001 Ierusalem
2272 1944 2597 2015 completam
2638 1959 2782 2008 esse,
2813 1951 2868 1999 et
2897 1943 3121 1999 arbusta
3151 1943 3272 2012 ejus
3301 1941 3497 1998 cedros

227 2033 546 2124 μελλόντων
575 2047 816 2118 ἀγαθῶν,
859 2049 962 2102 οὐκ
988 2047 1158 2118 αὐτὴν
1196 2048 1297 2120 τὴν
1327 2046 1508 2110 εἰκόνα
1538 2046 1649 2100 τῶν
1677 2063 1822 2118 πρα-

1936 2036 2013 2092 )ei
2037 2037 2344 2108 operuisse.
2369 2035 2628 2102 Quasnam
2655 2051 2779 2091 esse
2805 2035 2978 2091 vineae
3005 2035 3231 2091 arbusta
3261 2033 3494 2097 dixeris,

225 2145 495 2215 γμάτων,
527 2141 656 2196 ποτέ
691 2139 791 2212 μὲν
819 2139 911 2192 ἐπὶ
935 2137 1030 2192 τοῦ
1068 2139 1231 2211 ὅρους
1265 2138 1597 2193 συνετελεῖτο
1632 2137 1728 2192 τοῦ
1761 2138 1822 2192 ἐν

1936 2129 2025 2186 ιίεἰ
2057 2129 2270 2183 animas
2297 2126 2669 2198 propheticas,
2707 2141 2772 2181 ac
2812 2141 2909 2182 eos
2943 2127 3038 2196 qui
3063 2127 3190 2180 olim
3225 2127 3278 2180 in
3313 2127 3497 2196 priore

230 2235 466 2307 Σηλὼμ,
499 2234 626 2287 ἔνθα
666 2235 728 2288 τὸ
769 2233 1030 2307 πρότερον
1074 2233 1254 2305 ἱδρυτο
1283 2235 1318 2306 ή
1366 2231 1559 2304 σκηνὴ,
1605 2231 1820 2286 ποτὲδέ

231 2327 340 2381 ἐπὶ
380 2327 473 2381 τοῦ
497 2325 633 2381 Σιὼν
656 2327 818 2401 δρους
845 2327 940 2382 καὶ
964 2326 1065 2398 τῆς
1096 2327 1468 2399 Ἰερουσαλήμ,
1492 2327 1586 2381 καὶ
1610 2327 1668 2380 αί
1695 2327 1824 2380 ἀνα-

231 2415 527 2489 δενδράδες
561 2417 619 2470 δὲ
646 2417 815 2489 αὐτῆς
846 2417 1121 2488 ἐκάλυψαν
1148 2416 1246 2479 τὰς
1276 2417 1499 2487 κέδρους
1537 2415 1632 2470 τοῦ
1661 2416 1818 2471 Θεοῦ.

235 2507 416 2573 Τίνας
440 2507 491 2561 δ’
517 2507 584 2562 ἂν
615 2507 791 2573 εἴποις
817 2507 918 2573 τὰς
941 2507 1334 2578 ἀναδενδράδας
1360 2507 1461 2578 τῆς
1490 2507 1754 2578 ἀμπέλου,
1788 2506 1822 2579 ἢ

233 2598 345 2664 τὰς
371 2600 717 2670 προφητικάς
745 2600 924 2672 ψυχάς
953 2600 1048 2654 καὶ
1076 2600 1205 2663 τοὺς
1237 2600 1295 2652 ἐν
1323 2599 1402 2670 τῷ
1429 2600 1682 2672 προτέρῳ
1711 2599 1824 2672 λαῷ

239 2694 326 2757 εἰς
354 2691 489 2763 ὕφος
512 2693 874 2765 ἐπηρμένους,
895 2691 1030 2746 Θεοῦ
1051 2709 1112 2746 τε
1131 2690 1296 2758 ἀξίως
1315 2691 1823 2762 πολιτευσαμένους,

241 2786 296 2840 οἳ
328 2787 423 2840 καὶ
449 2786 542 2858 ἐπὶ⁸
583 2786 682 2850 τὰς
726 2785 951 2858 κέδρους
991 2784 1084 2838 τοῦ
1115 2783 1250 2837 Θεοῦ
1296 2783 1699 2848 διανεπαύοντο,
1729 2783 1826 2847 τὰς

244 2857 512 2948 δυνάμεις
543 2877 607 2948 δή
632 2877 729 2940 τὰς
753 2857 1018 2948 ἀοράτους
1044 2877 1138 2931 καὶ
1166 2876 1348 2940 θείας;
1373 2876 1549 2948 Μέχρι
1571 2875 1680 2948 γὰρ
1706 2875 1829 2930 τού-

247 2985 364 3021 των
393 2967 723 3039 ἐξετάθησαν
749 2967 806 3020 αἱ
834 2967 1201 3039 διαπρέψασαι
1234 2967 1292 3021 ἐν
1333 2967 1410 3038 τῷ
1439 2968 1687 3040 προτέρῳ
1715 2967 1829 3040 λαῷ

248 3058 446 3130 ψυχαὶ,
471 3059 546 3123 ὡς
587 3060 681 3112 καὶ
711 3058 1026 3130 Πνεύματος
1059 3059 1215 3127 ἁγίου
1260 3060 1529 3131 μετέχειν,
1576 3059 1670 3114 καὶ
1703 3061 1830 3124 τοὺς

1924 2221 2129 2292 populo
2157 2218 2530 2288 erigebantur,
2559 2225 2613 2272 et
2653 2218 2747 2288 qui
2794 2217 2957 2288 digne
2998 2217 3106 2272 Deo
3133 2216 3300 2271 vitam
3340 2218 3498 2272 insti-

1919 2321 2166 2378 tuerunt,
2197 2313 2291 2383 qui
2321 2312 2488 2367 etiam
2529 2311 2586 2366 in
2619 2310 2798 2368 cedris
2826 2310 2942 2376 Dei,
2975 2312 3028 2366 id
3054 2319 3160 2375 est,
3201 2312 3257 2366 in
3303 2312 3496 2367 invisi-

1919 2407 2121 2464 bilibus
2138 2405 2445 2474 divinisque
2465 2403 2779 2468 virtutibus,
2796 2404 3248 2475 requiescebant?
3275 2402 3412 2458 Nam
3429 2419 3498 2460 eo

1921 2515 2098 2571 usque
2128 2505 2395 2570 provectae
2427 2503 2557 2553 sunt
2599 2497 2795 2551 anima:
2830 2512 2953 2568 que
2981 2497 3035 2551 in
3065 2497 3250 2567 priore
3278 2497 3371 2550 illo
3399 2511 3495 2567 po-

1923 2593 2053 2665 pulo
2081 2598 2277 2646 ornate
2301 2597 2356 2646 et
2383 2589 2551 2660 probe
2573 2589 2848 2656 vixerunt,
2880 2598 2941 2644 ut
2967 2597 3022 2646 et
3049 2590 3288 2660 Spiritus
3319 2595 3496 2646 sancti

1923 2685 2219 2758 participes
2245 2690 2452 2746 essent,
2496 2690 2551 2738 et
2593 2697 2767 2753 usque
2793 2682 2862 2737 ad
2893 2684 3170 2754 angelicas
3199 2690 3498 2754 potestates

1925 2778 2142 2833 fructus
2172 2791 2304 2832 suos
2332 2775 2709 2831 extenderent.
2739 2774 3000 2831 Palmites
3027 2791 3189 2846 porro
3216 2775 3407 2842 viuere,
3429 2778 3499 2829 ab

1926 2870 2117 2926 umbra
2164 2885 2298 2925 sane
2341 2882 2556 2922 necnon
2599 2867 2670 2922 ab
2713 2867 2954 2924 arbustis
3003 2868 3226 2932 diversi,
3284 2870 3496 2924 extensi

1925 2970 2058 3020 sunt
2087 2977 2260 3032 usque
2291 2960 2358 3015 ad
2390 2976 2558 3015 mare.
2602 2959 2964 3031 Symmachus
3009 2968 3189 3015 autem
3234 2975 3335 3029 pro
3379 2960 3496 3025 illo,

1926 3058 2193 3128 palmites,
2234 3057 2396 3126 jubas
2436 3071 2585 3119 suas,
2629 3055 2726 3118 ait,
2763 3055 2994 3109 extendit
3032 3071 3194 3125 usque
3233 3055 3302 3107 ad
3331 3072 3495 3112 mare.

249 3153 502 3224 καρποὺς
550 3152 809 3205 ἐκτείνειν
849 3151 1010 3223 μέχρι
1050 3153 1152 3224 τῆς
1181 3153 1476 3224 ἀγγελικῆς
1518 3153 1824 3226 δυνάμεως.

1936 3148 2083 3204 Ιυῢιε
2111 3153 2293 3203 autem
2323 3153 2378 3200 et
2409 3159 2602 3208 comic,
2647 3159 2749 3199 ceu
2794 3144 3067 3199 innumeri
3116 3145 3296 3214 capilli
3343 3158 3498 3212 sunt;

253 3245 338 3298 Τά
367 3243 425 3298 δὲ
453 3244 708 3314 κλήματα
735 3244 834 3315 τῆς
856 3243 1124 3315 ἀμπέλου,
1153 3245 1318 3317 ἐτερα
1358 3246 1490 3300 ὄντα
1537 3247 1689 3318 παρά
1726 3247 1829 3318 τὴν

257 3336 418 3390 σκιάν
448 3337 543 3389 καὶ
575 3335 727 3408 παρὰ
752 3336 849 3401 τὰς
893 3337 1305 3410 ἀναδενδράδας,
1341 3339 1568 3411 ἐξετάθη
1600 3341 1705 3406 ἐως
1733 3340 1829 3395 θα-

257 3428 485 3499 λάσσης.
522 3427 581 3480 '0
609 3427 665 3480 δὲ
695 3427 990 3499 Σύμμαχος
1022 3429 1142 3482 ἀντὶ
1173 3427 1288 3496 τοῦ,
1315 3431 1386 3484 τὰ
1408 3430 1701 3500 κλήματα,
1723 3431 1830 3497 τὰς

260 3519 472 3589 χαίτας
515 3517 727 3586 αὐτῆς,
775 3519 961 3590 φησὶν,
1010 3519 1305 3583 ἐξέτεινεν
1338 3520 1448 3588 ἕως
1490 3520 1826 3590 θαλάσσης.

261 3606 388 3665 Εἶεν
413 3609 460 3664 ἄ
483 3609 550 3664 ἂν
573 3613 756 3680 χαῖται
787 3611 881 3665 καὶ
909 3611 1092 3681 κόμαι,
1120 3611 1304 3684 ὥσπερ
1330 3612 1687 3684 ἀναρίθμητοι
1713 3613 1831 3685 τρί-

263 3719 376 3774 χες,
411 3702 444 3775 ἢ
471 3703 568 3757 καὶ
595 3702 844 3774 κλήματα
876 3702 1232 3775 πληθύνοντά,
1264 3704 1406 3758 κατὰ
1437 3703 1500 3757 τὸ
1524 3707 1622 3776 τῆς
1651 3705 1832 3776 ἀμπέ-

262 3792 354 3846 λου
392 3792 760 3864 παράδειγμα,
785 3794 818 3846 ὁ
841 3792 1007 3856 πολὺς
1048 3792 1142 3846 τοῦ
1185 3791 1452 3846 Ἰουδαίων
1486 3791 1672 3856 ἔθνους
1707 3793 1831 3864 ἀρι-

266 3884 418 3957 θμὸς,
443 3884 502 3949 ὃς
523 3885 586 3956 δὴ
611 3876 809 3954 ἐφθασέ
837 3885 997 3957 μέχρι
1020 3883 1314 3956 θαλάσσης,
1340 3883 1630 3957 πληρώσας
1654 3884 1831 3938 πάντα

266 3975 356 4028 τὸν
391 3975 500 4029 τῶν
537 3975 836 4048 ἀνθρώπων
873 3976 1008 4047 βίον.
1053 3977 1145 4030 Διὸ
1175 3975 1424 4030 λέλεκται
1465 3977 1523 4030 ἐν
1563 3976 1722 4047 Ὠσηὲ
1753 3975 1832 4047 τῷ

269 4071 553 4142 προφήτῃ·
601 4069 709 4123 Καὶ
747 4065 827 4139 ἦν
869 4071 902 4123 ὁ
943 4069 1185 4138 ἀριθμὸς
1234 4069 1354 4124 τῶν
1400 4068 1548 4124 υἱῶν
1595 4069 1833 4138 Ἰσραὴλ

271 4160 408 4214 ὡσεὶ
442 4159 631 4229 ἅμμος
658 4159 769 4228 τῆς
812 4160 1151 4228 θαλάσσης,
1183 4159 1222 4228 ἢ
1260 4162 1374 4215 οὐκ
1402 4161 1835 4231 ἐκμετρηθήσε-

275 4269 384 4316 ται,
417 4251 559 4306 οὐδὲ
587 4253 1138 4323 ἐξαριθμηθήσεται.
1174 4253 1530 4326 Παραφυάδες
1576 4254 1634 4308 δὲ
1678 4254 1836 4310 ἄλλαι

275 4344 415 4408 τινὲς
453 4344 604 4415 παρὰ
630 4346 699 4399 τὰ
730 4345 985 4416 κλήματα
1011 4344 1271 4417 νεώτεραι
1299 4345 1393 4399 καὶ
1422 4347 1706 4418 ἀρτιφυεῖς
1732 4346 1838 4410 ἐως

276 4433 514 4507 ποταμοῦ
544 4435 948 4507 παρετάθησαν,
965 4435 1014 4488 οἱ
1035 4435 1134 4505 τῆς
1157 4437 1361 4508 Καινῆς
1384 4437 1656 4510 Διαθήκης
1677 4438 1840 4508 κήρυ-

1933 3245 2050 3298 sive
2080 3239 2245 3295 etiam
2277 3237 2530 3310 palmites
2560 3237 2638 3292 illi
2682 3237 3031 3308 multiplicati
3076 3237 3376 3294 secundum
3419 3241 3500 3296 vi-

1934 3347 2049 3388 neae
2081 3332 2414 3400 exemplum,
2454 3344 2685 3400 magnus
2718 3330 2809 3386 ille
2835 3329 3079 3385 Judaica:
3104 3331 3283 3400 gentis
3311 3348 3503 3388 nume-

1933 3440 2031 3480 rus
2061 3429 2168 3487 est,
2203 3423 2295 3492 qui
2334 3437 2468 3478 sane
2511 3431 2686 3478 totum
2737 3422 3017 3478 hominum
3066 3439 3240 3495 genus
3284 3425 3503 3495 replens

1937 3515 2180 3587 pervenit
2219 3530 2393 3585 usque
2425 3515 2493 3569 ad
2527 3530 2696 3570 mare.
2728 3514 3090 3581 Quamobrem
3119 3518 3172 3571 in
3207 3515 3344 3573 Osea
3377 3535 3503 3589 pro-

1935 3608 2097 3679 pheta
2124 3608 2328 3663 dictum
2358 3616 2440 3663 est
2473 3625 2487 3664 :
2522 3607 2592 3661 Et
2622 3617 2736 3662 erat
2770 3624 3018 3663 numerus
3062 3610 3299 3678 ﬁliorum
3331 3610 3505 3667 Israel

1934 3700 2088 3770 quasi
2116 3716 2278 3754 arena
2309 3700 2638 3771 mariaque:
2656 3717 2760 3755 non
2788 3703 3180 3757 mensurabitur
3203 3713 3252 3758 et
3280 3721 3382 3758 mm
3408 3722 3506 3760 nu-

1935 3791 2227 3848 merabitur
2247 3792 2314 3848 τδ.
2345 3791 2678 3864 Propagines
2708 3809 2839 3850 vero
2866 3795 2984 3850 alias
3017 3796 3248 3860 adnatze,
3271 3798 3506 3867 palmiti-

1936 3886 2039 3944 bus
2071 3886 2405 3942 recentiores
2441 3901 2505 3941 ac
2533 3902 2708 3957 nuper
2739 3895 2960 3952 exortae,
2994 3903 3170 3957 usque
3199 3887 3266 3942 ad
3305 3888 3504 3945 ﬂumen

1937 3987 2176 4036 extensae
2201 3986 2350 4044 sunt,
2383 3978 2636 4035 videlicet
2665 3977 2801 4033 Novi
2833 3977 3169 4034 Testamenti
3203 3995 3504 4050 pracones,

1939 4073 2214 4142 apostolos
2257 4071 2382 4126 dico
2415 4080 2468 4126 et
2495 4069 2796 4141 discipulos
2833 4068 3146 4127 Servatoris
3185 4072 3382 4136 nostri,
3413 4074 3504 4142 qui

1939 4179 2112 4234 genus
2138 4171 2193 4219 et
2214 4162 2479 4233 originem
2511 4178 2578 4218 ex
2604 4162 2860 4233 pmdicta
2888 4164 3046 4218 vinea
3074 4163 3300 4228 ducunt,
3330 4174 3384 4220 et
3405 4181 3506 4220 ceu

1941 4257 2268 4328 propagines
2291 4256 2537 4326 quaedam
2561 4256 2682 4326 ejus
2707 4262 2854 4312 sunt.
2877 4253 3064 4326 Neque
3084 4263 3263 4312 tamen
3284 4256 3510 4326 perinde

1942 4358 2106 4419 atque
2145 4349 2292 4419 jubze
2325 4359 2380 4404 et
2419 4349 2670 4419 palmites
2699 4348 2768 4404 ad
2792 4364 2967 4420 usque
2995 4361 3146 4404 mare
3174 4349 3510 4419 protendun-

1946 4447 2054 4502 tur,
2085 4439 2180 4496 sed
2213 4455 2390 4510 usque
2421 4438 2490 4494 ad
2522 4437 2744 4504 ﬂumen,
2779 4439 2852 4494 ob
2879 4439 3198 4510 mysterium
3229 4451 3512 4510 regenera-

277 4544 395 4592 κες⁶
425 4527 569 4596 λέγω
593 4527 651 4580 δέ
674 4528 724 4581 οἱ
748 4526 1032 4581 ἀπόστολοι
1055 4528 1150 4580 καὶ
1177 4529 1227 4580 οί
1259 4528 1495 4600 μαθηταὶ
1521 4530 1616 4584 τοῦ
1650 4529 1833 4600 Σωτῆ-

1943 4530 2112 4586 tionis
2159 4531 2214 4586 in
2253 4530 2475 4587 Christo
2523 4531 2592 4586 ab
2633 4531 2701 4587 iis
2738 4531 3183 4605 subministrata.
3228 4531 3407 4598 Quare
3442 4532 3511 4586 de

284 4637 367 4690 ρος
393 4619 574 4692 ήμῶνο
605 4620 705 4693 τὴν
741 4620 841 4691 μὲν
874 4619 1014 4691 φυὴν
1051 4620 1147 4673 καὶ
1176 4619 1276 4692 τὴν
1309 4620 1523 4689 γένεσιν
1549 4623 1843 4694 ἐσχηκότες

283 4712 343 4765 ἐκ
358 4713 454 4783 τῆς
479 4711 870 4784 προλεχθείσης
893 4711 1160 4782 ἀμπέλου,
1183 4712 1277 4765 καὶ
1299 4710 1488 4784 ὥσπερ
1507 4713 1652 4777 τινὲς
1672 4731 1824 4787 παρα

286 4803 473 4872 φυάδες
505 4803 675 4872 αὐτῆς
715 4804 1015 4874 γενόμενοι,
1041 4802 1222 4858 ούκέτι
1253 4803 1309 4856 δὲ
1341 4805 1542 4876 ὁμοίως
1571 4808 1688 4869 ταῖς
1719 4805 1842 4876 χαί-

284 4908 397 4955 ταις
442 4892 536 4945 καὶ
576 4895 689 4956 τοῖς
724 4893 964 4964 κλήμασι
1011 4894 1118 4957 ἐως
1157 4893 1432 4964 θαλάσσης
1467 4893 1840 4964 προελθόντες,

287 4983 392 5038 ἀλλ’
419 4984 524 5048 ἐως
555 4984 798 5054 ποταμοῦ
835 4985 925 5039 διὰ
962 4986 1026 5039 τὸ
1071 4985 1367 5058 μυστήριον
1410 4985 1508 5057 τῆς
1547 4985 1615 5039 δι’
1663 4986 1844 5040 αὐτῶν

287 5075 685 5147 χορηγουμένης
720 5077 779 5130 ἐν
813 5077 1032 5149 Χριστῷ
1060 5077 1495 5146 παλιγγενεσίας.
1532 5078 1723 5132 Ἔνθεν
1751 5081 1841 5133 καλ

287 5170 314 5221 ό
341 5167 524 5241 Σωτήρ
565 5168 728 5232 αὐτὸς
762 5169 820 5222 ἐν
866 5175 944 5222 οα⁹
979 5168 1178 5240 ψαλμῷ
1205 5169 1484 5224 λέλεκταιο
1514 5170 1625 5225 Καὶ
1665 5187 1844 5225 κατα-

290 5258 578 5324 κυριεύσει
609 5256 725 5310 ἀπὸ
752 5256 1069 5324 θαλάσσης
1100 5256 1212 5324 ἕως
1231 5254 1570 5324 θαλάσσης,
1605 5256 1702 5310 καὶ
1725 5257 1846 5311 ἀπὸ

291 5346 547 5416 ποταμοῦ
572 5345 682 5413 ἕως
715 5345 834 5400 τῶν
871 5345 1140 5414 περάτων
1175 5345 1285 5414 τῆς
1313 5345 1686 5417 οἰκουμένης.
1725 5347 1848 5420 Ἀρ-

295 5436 511 5508 Εαμένου
557 5438 667 5509 γὰρ
698 5438 806 5492 ἀπὸ
836 5437 931 5490 τοῦ
973 5437 1114 5490 κατά
1153 5437 1246 5490 τὸν
1286 5439 1555 5511 Ἰορδάνην
1595 5437 1843 5511 ποταμοῦ

293 5529 375 5584 τοῦ
412 5532 809 5603 βαπτίσματος,
843 5531 941 5602 τὴν
987 5529 1280 5600 σύμπασαν
1313 5531 1629 5604 ἐπλήρωσεν
1668 5533 1846 5585 οἰκου-

300 5623 468 5694 μένην.
501 5623 755 5677 Τέσσαοα
784 5623 842 5676 δέ
871 5623 1127 5692 τάγματα
1158 5622 1257 5693 τῆς
1281 5623 1576 5696 είρημένης
1603 5623 1847 5696 ἀμπέλου

361 5803 402 5834 ’³
437 5801 541 5857 lsa.
580 5821 632 5868 v,
664 5803 716 5858 5.
795 5803 840 5835 ⁷⁸
876 5801 1007 5858 Οεε.
1047 5819 1100 5869 ι,
1133 5801 1222 5854 10.

1946 4621 2228 4678 Salvatore
2255 4623 2376 4692 ipso
2409 4623 2464 4677 in
2495 4623 2706 4694 psalmo
2735 4639 2862 4677 um
2895 4622 3098 4678 dicitur
3123 4640 3137 4677 :
3163 4620 3232 4674 Et
3265 4621 3512 4676 domina-

1941 4713 2084 4767 bitur
2113 4731 2148 4767 a
2176 4715 2314 4768 mari
2341 4731 2504 4786 usque
2548 4714 2618 4769 ad
2651 4731 2818 4778 mare,
2857 4723 2908 4770 et
2931 4731 2964 4770 a
2991 4715 3208 4784 ﬂumine
3247 4730 3411 4784 usque
3441 4714 3511 4768 ad

1945 4805 2192 4860 terminos
2214 4806 2356 4861 orbis
2389 4817 2676 4862 terrarum.
2699 4806 2836 4863 Nam
2859 4823 2984 4882 cum
3006 4808 3315 4878 baptismus
3342 4822 3372 4860 a
3396 4805 3515 4862 Jor-

1943 4895 2084 4952 dane
2124 4897 2290 4953 ﬂuvio
2328 4899 2542 4954 initium
2575 4901 2815 4965 duxerit,
2844 4908 3018 4956 totum
3049 4900 3275 4971 replevit
3299 4900 3511 4954 orbam.

1943 4987 2400 5058 Quatuorporro
2453 4991 2724 5061 prmdicta:
2772 4991 2943 5046 vineae
3000 4991 3224 5047 ordines
3274 5006 3515 5061 praesens

1943 5095 2124 5135 sermo
2153 5079 2452 5147 describit,
2482 5083 2732 5138 umbram
2757 5084 2968 5140 scilicet
2998 5083 3119 5153 ejus
3145 5092 3360 5138 montes
3385 5097 3516 5152 ope—

1943 5171 2208 5240 rientem;
2262 5175 2486 5229 arbusta
2535 5175 2656 5246 ejus
2697 5175 2753 5230 in
2793 5177 2963 5230 altum
3009 5177 3172 5242 elata,
3208 5176 3283 5230 ita
3313 5182 3374 5228 ut
3405 5189 3515 5229 non

1945 5264 2271 5335 simpliciter
2317 5267 2533 5334 cedros,
2587 5268 2683 5323 sed
2732 5269 2927 5324 cedros
2967 5267 3064 5323 Dei
3109 5269 3390 5339 operiant;
3447 5265 3517 5321 ad

1949 5357 2063 5412 haec
2106 5358 2356 5427 palmites
2403 5359 2524 5430 ejus
2570 5376 2746 5431 usque
2781 5359 2849 5415 ad
2888 5376 3039 5416 mare
3071 5369 3357 5421 extensos;
3381 5374 3520 5430 prm-

1947 5452 2033 5500 ter
2075 5445 2188 5500 haec
2225 5448 2408 5502 omnia
2437 5458 2618 5505 autem
2648 5449 2972 5522 propagines
3004 5451 3146 5521 ejus,
3171 5465 3290 5521 quae
3315 5450 3382 5504 ad
3404 5450 3518 5504 ilu-

1955 5552 2078 5592 tuen
2117 5553 2290 5608 usque
2324 5541 2660 5612 pertingunt.
2715 5543 2961 5608 Quorum
3014 5541 3516 5612 interpretationem

1956 5641 2054 5697 pro
2083 5627 2279 5683 collata
2307 5630 2466 5688 nobis
2498 5631 2672 5704 gratia
2699 5630 2977 5700 dedimus,
3009 5633 3256 5690 umbram
3294 5629 3518 5705 quidem
