4078 6934
587 319 692 376 963
1269 316 1536 374 EUSEBII
1575 314 2056 372 CrESAlllENSlS
2091 314 2248 372 OPP.

587 544 647 584 ιιι
691 528 1048 584 sensibilibus
1087 538 1144 584 et
1191 527 1476 598 corporeis
1519 525 1800 580 montibus
1849 525 2172 596 perﬁcieba-

589 632 709 688 tur;
751 622 1009 686 arbusta,
1051 636 1153 692 pro
1200 619 1490 674 animabus
1537 617 1892 689 propheticis,
1943 633 2066 687 qua:
2115 616 2172 671 in

584 716 770 770 cedris
816 713 949 779 Dei,
995 713 1258 785 angelicis
1315 711 1572 767 videlicet
1620 725 1685 765 ac
1733 709 1936 765 divinis
1995 712 2173 764 virtu-

584 807 739 865 tibus
793 808 1197 873 ﬁrmabantur;
1231 805 1490 878 palmites
1553 813 1649 859 aut
1695 818 1904 868 comas,
1952 817 2049 857 seu
2083 801 2176 872 ju-

589 903 712 968 bas,
756 919 856 973 pro
906 911 1020 957 tota
1061 900 1377 956 Judaaorum
1419 895 1804 960 multitudine,
1839 895 1911 950 ob
1941 893 2168 950 instabi-

589 996 696 1049 lem
725 1005 781 1049 et
809 993 1162 1049 ﬂuctuantem
1188 991 1473 1046 hominum
1516 990 1685 1044 vitam
1726 1003 1899 1059 usque
1920 987 1988 1042 ad
2023 1001 2175 1042 mare

583 1094 852 1152 extensa;
889 1086 1108 1140 demum
1154 1083 1486 1154 propagines
1533 1096 1636 1152 pro
1681 1079 1946 1152 apostolis
1977 1077 2175 1135 Serva-

586 1179 724 1233 toris
758 1178 931 1232 nostri
952 1176 1046 1246 qui
1079 1176 1134 1230 in
1161 1175 1386 1230 llumine
1423 1182 1716 1230 versantur
1743 1173 1812 1228 de
1835 1188 1944 1243 quo
1964 1171 2173 1226 dictum

583 1277 712 1324 est:
748 1267 1017 1322 Fluminis
1066 1269 1290 1336 impetus
1327 1267 1610 1335 laniﬁcam
1653 1265 1922 1319 civitatem
1973 1263 2072 1318 Dei
2101 1263 2169 1317 ⁷⁸.

584 1359 785 1418 Verum
817 1362 946 1432 quia
983 1367 1284 1415 memorata
1325 1359 1486 1414 vinea
1526 1365 1607 1412 tot
1640 1359 1917 1428 tantisque
1947 1357 2108 1412 bonis
2141 1370 2172 1410 a

585 1454 696 1510 Deo
726 1452 926 1518 Verbo,
956 1452 1052 1523 qui
1085 1452 1238 1522 prius
1260 1451 1364 1521 ipsi
1394 1451 1788 1522 prospiciebat,
1825 1451 2026 1504 donata
2063 1457 2170 1514 est,

581 1552 987 1615 consequenter
1036 1560 1161 1600 eum
1215 1545 1310 1615 qui
1372 1543 1543 1599 tantis
1587 1558 1710 1598 eam
1746 1542 1907 1597 donis
1932 1541 2171 1607 ornavit,

581 1637 740 1707 quasi
796 1637 1101 1692 dubitando
1168 1635 1464 1706 compellat
1511 1635 1756 1691 dicens:
1819 1631 2017 1704 thuid
2062 1633 2157 1687 de-

581 1729 830 1784 struxiin
849 1729 1132 1783 maceriam
1153 1727 1268 1797 ejus
1287 1729 1314 1783 .9
1341 1726 1437 1783 Ille
1454 1742 1584 1782 vero
1612 1725 1904 1798 respondet
1934 1725 2020 1780 his
2047 1739 2172 1780 ver-

585 1819 708 1874 bis:
743 1818 884 1884 Quia
938 1796 1236 1888 exspectavi
1279 1827 1339 1872 ut
1380 1819 1580 1888 faceret
1621 1796 1801 1881 uvam,
1836 1815 1958 1886 fecit
1989 1825 2168 1870 autem
2201 1796 2262 1852 Β·

582 1915 762 1982 spinas
784 1914 945 1980 ";ac
973 1927 1196 1968 rursum
1219 1910 1568 1982 :Exspectavi
1580 1921 1636 1965 ut
1666 1911 1861 1980 faceret
1878 1910 2166 1980 judicium,

586 2008 706 2076 fecit
759 2017 935 2060 autem
991 2005 1360 2076 iniquitatem;
1406 2019 1510 2057 non
1525 2002 1822 2069 justitiam,
1849 1999 1939 2055 sed
1977 2002 2170 2056 clamo-

583 2116 694 2155 rem
723 2101 790 2153 ".
844 2097 904 2152 lu
959 2095 1194 2153 Jeremia
1218 2110 1437 2165 quoque
1459 2095 1676 2148 vineam
1735 2093 2164 2163 ipsmcoarguit,

582 2191 934 2247 rationabilis
991 2189 1193 2261 quippe
1253 2194 1396 2253 erat,
1449 2186 1538 2241 bis
1585 2186 1807 2240 verbis:
1845 2185 1957 2257 Ego
1992 2196 2168 2240 autem

580 2284 821 2354 plantavi
855 2284 1058 2337 vineam
1084 2279 1442 2350 fructiferam,
1475 2287 1639 2332 totam
1668 2295 1863 2332 veram.
1889 2278 2165 2345 Quomodo

581 2394 830 2432 conversa
860 2385 936 2430 est
962 2377 1020 2428 in
1046 2372 1456 2427 amaritudinem
1482 2373 1602 2426 uitis
1640 2372 1816 2425 aliena
1849 2371 1934 2427 ’3?
1961 2371 2166 2440 Adjicit

583 2478 766 2523 autem
805 2482 905 2538 per
935 2465 1134 2522 Isaiam
1164 2483 1177 2519 :
1212 2463 1470 2533 Auferam
1517 2477 1688 2532 sepem
1713 2462 1850 2531 ejus,
1894 2472 1944 2516 et
1989 2463 2090 2516 erit
2109 2464 2164 2516 in

581 2560 968 2628 direptionem;
1002 2565 1053 2612 et
1082 2555 1326 2624 auferam
1353 2569 1564 2608 murum
1592 2553 1728 2622 ejus,
1757 2563 1806 2607 et
1835 2553 1936 2606 erit
1965 2553 2018 2606 in
2041 2569 2165 2607 con-

581 2652 949 2706 culcationem.
980 2649 1050 2704 Et
1096 2648 1364 2702 dimittam
1390 2647 1593 2702 vineam
1635 2661 1828 2708 meum,
1859 2655 1907 2699 et
1948 2663 2049 2700 non
2080 2645 2159 2714 fo-

580 2747 778 2807 dietur,
802 2759 964 2814 neque
1005 2740 1302 2811 putabitur.
1353 2739 1424 2793 Et
1469 2737 1714 2792 ascendet
1747 2739 1802 2792 in
1841 2754 1956 2792 eam
2008 2738 2161 2809 quasi

582 2839 792 2894 aridam
833 2839 1012 2906 spina,
1045 2846 1095 2891 et
1141 2834 1369 2890 nubibus
1404 2831 1670 2886 mandabo
1693 2847 1756 2885 ne
1787 2831 1977 2900 pluant
2007 2845 2162 2899 super

580 2949 696 2988 eam
723 2931 940 2985 imbrem
965 2931 1034 2983 ".
1065 2928 1260 2983 Ablala
1294 2936 1478 2980 autem
1524 2940 1674 2996 sepe,
1706 2924 1909 2978 virtute
1951 2923 2162 2978 scilicet

579 3039 704 3095 qua:
732 3022 976 3078 custodit
996 3029 1051 3076 et
1078 3018 1474 3075 circummunit
1513 3018 1724 3088 ipsam;
1759 3024 2161 3086 consequenter

580 3131 771 3172 omnes
826 3114 1024 3170 deinde
1048 3112 1258 3167 inimici
1298 3111 1602 3166 invisibiles
1658 3117 1713 3165 et
1753 3108 1982 3168 occulti,
2029 3108 2158 3162 feris
2187 3135 2228 3193 ο

581 3206 889 3277 agrestibus
913 3194 1266 3258 immaniores
1291 3199 1482 3272 (Vsus.
1514 3199 1628 3271 Η),
1651 3201 2160 3254 exterminaverunt

579 3311 697 3361 eos,
753 3295 1004 3350 videlicet
1054 3293 1146 3365 qui
1203 3307 1234 3346 a
1286 3289 1572 3360 Scriptura
1625 3289 2046 3344 accusabantur.
2094 3286 2160 3340 Et

579 3386 803 3460 quidam
836 3387 1084 3456 impurus
1118 3398 1272 3452 aper,
1305 3396 1500 3452 nempe
1531 3381 1815 3451 Assyrius,
1849 3381 2002 3450 prior
2031 3395 2156 3434 cum

582 3473 900 3531 fortitudine
931 3472 1215 3537 invadens,
1263 3471 1546 3542 przelatam
1592 3470 1810 3525 vineam
1841 3471 2161 3540 pessumde-

577 3568 686 3632 dit,
714 3567 788 3620 ita
811 3575 870 3620 ut
904 3564 1312 3620 multitudinem
1353 3563 1539 3636 populi
1575 3563 1847 3635 captivam
1887 3563 1942 3618 in
1991 3563 2155 3634 Assy-

578 3661 694 3715 rios
716 3658 1034 3713 abduceret.
1087 3656 1296 3713 Deinde
1323 3671 1453 3712 vero
1486 3657 1626 3711 alter
1656 3655 1914 3711 inimicus
1949 3656 2161 3726 ingres-

578 3768 698 3816 sus,
722 3767 844 3822 quae
875 3767 906 3805 a
942 3751 1125 3822 priore
1158 3751 1354 3806 relicta
1409 3749 1627 3805 fuerant
1671 3749 1928 3812 vastavit,
1971 3747 2158 3802 Nabu-

577 3843 927 3900 chodonosor
948 3843 1218 3910 videlicet,
1247 3843 1340 3914 qui
1372 3843 1634 3910 templum
1663 3841 1928 3905 incendit,
1965 3849 2019 3895 et
2041 3840 2160 3896 solo

575 3937 832 4008 mquavit.
857 3935 1038 4003 Quare
1083 3937 1386 3991 secundum
1441 3934 1831 4006 Symmachum
1866 3933 2030 3988 etiam
2075 3931 2161 3987 di-

576 4039 726 4086 c'.um
751 4038 836 4086 est
869 4047 882 4082 :
924 4029 1161 4084 Vastaeit
1182 4045 1299 4084 eam
1342 4045 1470 4098 aper
1491 4027 1556 4082 de
1589 4027 1748 4092 silva,
1797 4036 1848 4082 et
1870 4026 2158 4096 singularis

578 4123 721 4188 farus
741 4125 993 4193 depastus
1046 4132 1124 4177 est
1157 4139 1294 4177 eam.
1321 4120 1430 4178 Pro
1483 4121 1580 4176 illo
1631 4128 1837 4183 autem,
1868 4118 2158 4190 singularis

577 4216 746 4280 ferus,
772 4215 992 4285 Aquila,
1025 4214 1360 4285 amnigenam
1385 4223 1605 4277 terram,
1637 4213 2026 4282 interpretatus
2049 4220 2156 4266 est.

549 4308 892 4364 ‘Seeundum
929 4307 1092 4362 aliam
1121 4321 1254 4362 vero
1289 4305 1818 4376 interpretationem,
1857 4301 2160 4373 pessumde-

575 4400 656 4455 dit
680 4417 800 4456 eam
825 4416 844 4466 ;
872 4399 924 4455 id
954 4408 1061 4467 est,
1114 4407 1473 4454 memoratam
1505 4397 1740 4462 vineam,
1779 4396 1956 4466 primo
1987 4395 2158 4466 Baby-

576 4492 782 4556 lonius,
809 4493 903 4563 qui
930 4491 1080 4562 prior
1108 4490 1479 4562 Hierosolyma
1491 4490 1739 4552 obsessa,
1762 4487 1967 4543 excidit
1991 4486 2158 4551 illam;
2195 4485 2235 4540 D

579 4593 702 4658 post
740 4586 892 4641 illum
917 4601 1048 4642 vero
1076 4585 1362 4640 Romanus
1392 4585 1726 4647 excercitus,
1748 4583 1842 4653 qui
1875 4589 1997 4652 post
2025 4580 2154 4636 Ser-

576 4680 787 4734 vatoris
819 4679 994 4734 nostri
1044 4677 1364 4742 adventum,
1400 4677 1713 4746 irrumpens
1737 4675 1970 4730 vastavit
2011 4689 2151 4728 eam.

579 4772 704 4828 Haec
754 4789 920 4843 porro
975 4774 1161 4842 omnia
1189 4773 1520 4828 vaticinatur
1549 4770 1756 4842 Asaph,
1783 4771 1876 4839 qui
1911 4777 2156 4838 tempore

576 4863 798 4920 Davidis
825 4874 951 4921 ante
972 4865 1359 4936 Hierosolyma:
1382 4862 1848 4919 constructionem
1879 4869 2157 4931 erat,qute

576 4955 853 5013 adnotatis
887 4959 1228 5030 temporibus
1255 4963 1520 5012 eventura
1558 4955 1659 5026 ipsi
1703 4961 1861 5010 erant
1895 4969 2152 5024 przenun-

577 5049 742 5104 tians.
778 5048 845 5102 Et
870 5050 1089 5119 quidem
1121 5049 1176 5103 in
1211 5049 1464 5118 prmsenti
1500 5047 1718 5103 videtur
1767 5060 1874 5100 una
1922 5046 2152 5115 primam

575 5139 917 5196 obsidionem
968 5154 999 5193 a
1039 5139 1372 5211 Babyloniis,
1418 5149 1474 5195 et
1500 5138 1796 5194 secundam
1831 5151 1861 5190 a
1893 5135 2154 5190 Romanis

577 5229 779 5286 factam
799 5230 1088 5286 vaticinari
1123 5249 1136 5286 :
1171 5246 1270 5300 per
1305 5229 1698 5302 praecedentem
1729 5242 1860 5283 vero
1885 5227 2152 5297 psalmum

576 5337 700 5394 quae
727 5323 832 5378 sub
860 5322 1132 5379 Antiocho
1155 5323 1439 5394 Epiphane
1467 5325 1850 5395 contigerunt;
1872 5335 1968 5390 per
1985 5334 2157 5374 Lxxm

2289 313 2475 370 PARS
2515 313 2602 370 Ill.
2633 344 2703 356 -—
2728 314 3146 372 EXEGETICA.

2273 525 2578 579 λύπτουσαν
2611 526 2743 597 ὄργι’
2777 525 3173 597 ἀναδενδράδας
3198 525 3257 579 δὲ
3286 526 3458 596 αὐτῆς
3485 528 3578 589 εἰς
3611 526 3796 596 ὕψος
3837 546 3944 597 με-

2273 615 2694 690 τεωριζομένας,
2738 618 2814 682 ώς
2865 617 3162 672 καλύπτειν
3210 619 3312 690 οὐχ
3365 619 3565 683 ἀπλῶς
3629 619 3935 691 κέδρσυς,

2272 709 2411 764 ἀλλά
2435 711 2534 772 τὰς
2562 708 2786 781 κέδρους
2812 708 2907 762 τοῦ
2932 706 3067 763 Θεοῦ
3085 726 3102 742 ο
3129 710 3225 764 καὶ
3253 711 3347 764 ἐπὶ
3368 710 3594 773 τούτοις
3619 711 3930 782 κλήματα

2273 801 2621 874 ἐκτεινόμενα
2649 803 2754 866 ἓως
2789 803 3093 874 θαλάσσηςο
3141 803 3236 856 καὶ
3277 804 3415 875 μετὰ
3451 804 3655 858 πάντα
3704 821 3925 874 παρα.

2275 894 2481 966 φυάδας
2507 894 2606 959 τὰς
2641 897 2803 968 μέχρι
2845 895 3095 966 ποταμοῦ
3137 895 3450 968 διηκούσας.
3483 893 3600 950 Ὧν
3634 898 3766 969 τὴν
3797 897 3920 950 διὰ-

2273 1004 2420 1042 νοιαν
2452 989 2595 1042 κατά
2625 989 2723 1060 τὴν
2753 988 2995 1044 δοθεῖσαν
3024 988 3451 1062 ήρμηνεύσαμεν
3482 991 3690 1062 χάριν,
3733 995 3918 1046 σκιὰν

2276 1079 2376 1151 μὲν
2395 1079 2683 1144 ἀποδόντες
2706 1080 2805 1152 τὴν
2831 1081 3066 1153 τυπικὴν
3087 1081 3182 1135 καὶ
3205 1081 3405 1156 σκιώδη
3429 1083 3752 1156 λατρείαν,
3779 1085 3912 1153 ἥτις

2272 1173 2331 1224 ὲν
2373 1175 2489 1236 τοῖς
2527 1172 2806 1244 αἰσθητοῖς
2850 1175 2946 1228 καὶ
2986 1177 3319 1246 σωματικοῖς
3360 1175 3543 1246 ὄρεσιν
3596 1177 3904 1230 ἐτελεῖτο·

2271 1264 2664 1337 ἀναδενδράδας
2691 1265 2748 1318 δὲ
2779 1265 2880 1330 τὰς
2907 1269 3251 1340 προφητικάς
3289 1267 3490 1338 ψυχὰς,
3529 1270 3776 1332 αἵτινες
3807 1272 3902 1324 ἐπὶ

2271 1356 2371 1422 τὰς
2395 1357 2619 1430 κέδρους
2646 1358 2739 1412 τοῦ
2773 1358 2930 1425 Θεοῦ,
2965 1359 3066 1421 τάς
3097 1358 3394 1429 ἀηελικάς
3432 1361 3528 1414 καὶ
3579 1359 3765 1424 Θείας
3811 1361 3896 1413 δυ’

2271 1450 2463 1522 νάμεις
2493 1450 2942 1524 ὲπεστηρίζοντο·
2976 1451 3232 1522 κλήματα
3263 1451 3320 1505 δὲ
3352 1451 3385 1524 ἢ
3430 1451 3648 1523 κόμας,
3683 1453 3722 1523 ἢ
3773 1453 3892 1522 καί-

2269 1559 2368 1606 τας
2390 1543 2453 1597 τὸ
2484 1545 2593 1597 πᾶν
2626 1543 2894 1598 Ἰουδαίων
2927 1543 3132 1614 πλῆθος
3155 1543 3260 1608 ἕως
3302 1542 3584 1614 θαλάσσης
3629 1545 3890 1598 ἐκτεινό-

2273 1652 2432 1707 μενον
2454 1634 2541 1689 διά
2564 1635 2656 1689 τὸν
2687 1636 2920 1691 ἄστατον
2950 1637 3044 1690 καὶ
3072 1636 3472 1707 κυμαινόμενον
3501 1637 3623 1690 τῶν
3657 1636 3772 1690 ἀνθ
3781 1637 3889 1708 ρώ-

2269 1745 2388 1781 πων
2418 1726 2565 1797 βίονο
2595 1728 2692 1781 καὶ
2733 1727 2884 1791 τέλος
2921 1727 3303 1798 παραφυάδας,
3342 1729 3468 1792 τοὺς
3514 1729 3884 1791 ἀποστόλους

2269 1818 2365 1872 τοῦ
2393 1819 2644 1892 Σωτῆρος
2679 1819 2835 1891 ήμῶν
2857 1819 2934 1890 τῷ
2962 1819 3192 1892 ποταμῷ
3224 1819 3499 1884 συνόντας,
3527 1821 3674 1892 mp}.
3702 1816 3774 1875 οὗ
3804 1821 3882 1873 εἰ-

2274 1927 2464 1983 ρηταιο
2505 1911 2616 1966 Τοῦ
2667 1913 2936 1982 ποταμοῦ
2981 1912 3054 1966 τὰ
3102 1913 3410 1983 όρμήματα
3452 1915 3878 1982 εὐφραίνουσι

2268 2001 2384 2070 τὴν
2405 2002 2586 2056 πόλιν
2612 2001 2718 2056 τοῦ
2743 2002 2910 2056 Θεοῦ.
2963 2002 3102 2056 Ἀλλ’
3127 2004 3313 2075 ἐπειδὴ
3341 2003 3614 2057 τοσούτων
3650 2003 3876 2074 ἠξιώθη

2268 2093 2302 2164 ή
2347 2093 2686 2166 δεδηλωμένη
2726 2093 2970 2164 ἄμπελος
3016 2093 3122 2148 ὑπὸ
3165 2093 3259 2147 τοῦ
3305 2095 3576 2167 πρότερον
3631 2097 3874 2149 ἐπισκο-

2267 2185 2498 2250 ποῦντος
2536 2186 2704 2258 αὐτὴν
2729 2186 2866 2239 Θεοῦ
2896 2185 3093 2255 Λόγου,
3137 2186 3445 2250 ἀκολούθως
3471 2186 3500 2237 6
3533 2186 3706 2256 λόγος
3733 2188 3872 2258 ἑξῆς

2266 2279 2342 2344 ὡς
2367 2279 2502 2352 πρὸς
2528 2279 2692 2332 αὑτὸν
2711 2278 2800 2332 τὸν
2825 2277 2895 2331 τά
2919 2277 3157 2332 τοσαῦτα
3181 2279 3552 2351 δεδωρημένον
3574 2281 3872 2352 ἐπαπορεῖ

2265 2373 2439 2443 λέγων
2465 2391 2478 2405 ο
2529 2372 2712 2428 Ἰνατι
2769 2372 3042 2439 καθεῖλες
3073 2373 3181 2428 τὸν
3206 2375 3477 2443 φραγμὸν
3518 2373 3756 2443 αὑτίῆςὶ
3805 2377 3868 2429 '0

2263 2466 2320 2520 δὲ
2361 2466 2712 2538 ἀποκρίνεται
2759 2465 2932 2535 λέγων
2953 2483 2969 2498 ·
3021 2467 3177 2521 Διότι
3215 2469 3419 2537 ἔμεινα
3459 2469 3560 2523 ἵνα
3613 2470 3861 2538 ποιήσῃ

2263 2559 2590 2630 σταφυλὴν
2614 2599 2631 2626 ,
2681 2559 2934 2627 ἐποίησε
2988 2558 3059 2612 δὲ
3103 2558 3368 2626 ἀκάνθας
3397 2577 3413 2594 ·
3472 2562 3566 2616 κα)⁸
3629 2562 3809 2617 πάλιν
3839 2580 3856 2593 ο

2267 2652 2508 2720 Ἔμεινα
2545 2652 2647 2704 ἵνα
2679 2653 2908 2720 ποιήσῃ
2937 2651 3166 2720 κρίσιν,
3192 2651 3446 2721 ἐποίησε
3472 2653 3540 2707 δὲ
3561 2654 3854 2724 ἀνομίαν,

2262 2743 2362 2798 καὶ
2387 2745 2458 2797 οὐ
2483 2743 2896 2810 δικαιοσύνην,
2918 2743 3078 2798 ἀλλὰ
3103 2743 3392 2814 κραυγήν.
3417 2745 3528 2798 Καὶ
3558 2746 3616 2799 ὲν
3648 2746 3736 2818 τῷ
3759 2747 3854 2801 Ἰε-

2266 2834 2430 2907 ρεμίᾳ
2465 2833 2522 2887 δὲ
2551 2836 2582 2888 6
2613 2835 2777 2898 αὐτὸς
2819 2833 3033 2905 ἐλέγχει
3066 2834 3166 2908 τὴν
3199 2835 3465 2906 ἄμπελον,
3501 2834 3695 2908 λογικὴ
3737 2838 3849 2909 γὰρ

2259 2921 2349 2998 ἦν,
2379 2927 2601 2996 φάσκων
2619 2944 2636 2959 ο
2671 2926 2812 2997 Ἐγὼ
2836 2926 2905 2980 δὲ
2925 2927 3230 2996 ἐφύτευσα
3252 2926 3523 2997 ἄμπελον
3541 2933 3850 3000 καρποφό-

2253 3035 2370 3086 ρον
2405 3017 2612 3072 πᾶσαν
2646 3017 2962 3086 ἀληθινήν.
2993 3015 3128 3084 Πῶς
3167 3017 3437 3088 ἐστράφη
3470 3021 3557 3085 εις
3597 3022 3849 3088 πικρίαν

2261 3109 2300 3176 ἠ
2353 3107 2622 3177 ἄμπελος
2661 3107 2701 3175 ’ἦ
2754 3109 3079 3176 ἀλλοτρίικ
3128 3108 3460 3182 Προστεθησι
3509 3110 3563 3164 δὲ
3606 3113 3703 3165 καὶ
3753 3115 3844 3167 διὰ

2274 3200 2496 3254 Ἡσαΐου
2529 3201 2734 3269 λέγων’
2767 3198 3015 3256 Καθελῶ
3041 3200 3150 3254 τὸν
3181 3203 3454 3272 φραγμὸν
3487 3203 3697 3272 αὐτῆς,
3739 3209 3836 3259 καὶ

2257 3295 2429 3348 ἔσται
2463 3296 2550 3360 εις
2573 3292 2908 3363 διαρπαγήν
2930 3309 2943 3322 ⁸
2971 3293 3069 3347 καὶ
3097 3293 3328 3349 καθελῶ
3355 3293 3464 3349 τὸν
3500 3295 3702 3366 τοῖχον
3726 3299 3826 3351 ai)-

2256 3386 2387 3455 τῆς,
2417 3387 2514 3440 καὶ
2538 3386 2706 3440 ἔσται
2737 3389 2826 3454 εὶς
2863 3387 3300 3456 κατ-ἀπάτησεν.
3351 3388 3458 3443 Καὶ
3493 3389 3700 3458 ἀνήσω
3733 3393 3838 3444 τὸν

2257 3478 2581 3550 ἀμπελῶνὰ
2599 3497 2738 3549 μου,
2767 3480 2864 3534 καὶ
2891 3483 2965 3535 οὐ
2983 3481 3069 3552 μὴ
3097 3480 3328 3551 onager},
3347 3481 3492 3536 οὐδὲ
3510 3481 3596 3552 μὴ
3619 3483 3832 3552 τμηθῇ.

2257 3571 2368 3627 Kal
2407 3569 2772 3638 ἀναϐήσεται
2801 3574 2890 3640 εις
2921 3573 3109 3627 αὐτὸν
3141 3573 3284 3627 ὡσεὶ
3313 3572 3537 3641 χέρσον
3579 3573 3827 3639 ἄκανθα,

2258 3664 2356 3720 καὶ
2419 3665 2550 3731 ταῖς
2599 3662 2888 3733 νεφέλαις
2939 3664 3296 3734 ἐντελοῦμαι
3337 3665 3446 3719 τοῦ
3485 3664 3571 3735 μὴ
3619 3664 3828 3732 ,ϐρέξαι

2257 3761 2345 3826 εις
2377 3759 2564 3813 αὐτὸν
2605 3758 2802 3814 ὑετόν.
2841 3757 3274 3830 Καθαιρεθέντος
3315 3758 3373 3813 δὲ
3414 3757 3510 3812 τοῦ
3557 3759 3825 3830 φραγμοῦ,

2258 3849 2500 3904 τουτέστι
2526 3848 2626 3920 τῆς
2658 3849 3032 3920 φυλαττούσης
3063 3838 3395 3913 αύτοῦςκαὶ
3435 3850 3824 3921 περιφραττού-

2262 3959 2361 4013 σης
2391 3941 2691 4012 δυνάμεως,
2716 3941 2940 4004 εἰκότως
2964 3941 3162 4004 πάντες
3193 3941 3376 3997 λοιπὸν
3402 3939 3643 4012 πολέμιοι
3664 3939 3824 4009 ἀόρα-

2257 4035 2341 4089 τοι
2373 4051 2430 4089 τε
2459 4035 2553 4088 καὶ
2577 4035 2822 4104 ἀφανεῖς,
2854 4032 3036 4106 θηρῶν
3063 4033 3272 4104 ἀγρίων
3301 4031 3452 4096 ὄντες
3485 4030 3823 4104 ἀνημερώτε-

2264 4144 2365 4200 ροι,
2393 4127 2734 4198 ἐλυμήναντο
2773 4126 2991 4189 αὐτοὺς,
3023 4124 3220 4196 δηλαδὴ
3264 4125 3393 4188 τοὺς
3417 4123 3522 4178 ὑπὸ
3553 4123 3642 4178 τοῦ
3667 4123 3821 4193 λόγου

2259 4217 2787 4290 κατηγορουμένους.
2824 4216 2933 4271 Καί
2975 4233 3058 4280 τις
3092 4215 3307 4289 πρῶτος
3339 4216 3643 4288 ἀκάθαρτος
3680 4210 3760 4278 ὗς,
3791 4216 3822 4270 ό

2273 4309 2570 4379 Ἀσσύριος,
2597 4307 2850 4362 εἰσελθὼν
2885 4307 3140 4380 ἰσχυρῶς,
3171 4307 3268 4378 τὴν
3299 4307 3626 4379 δηλωθείσαν
3647 4309 3817 4379 ἄμπε-

2259 4401 2350 4456 λον
2399 4401 2720 4473 διέφθειρεν,
2766 4401 2842 4464 ὡς
2891 4401 2984 4455 καὶ
3041 4401 3350 4469 ἀπαγαγεῖν
3395 4399 3718 4471 αἰχμάλωτον
3760 4399 3819 4453 τὸ

2265 4493 2466 4564 πλῆθος
2498 4495 2576 4556 εἰς
2602 4494 2729 4556 τοὺς
2757 4491 3091 4564 Ἀσσυρίους.
3123 4485 3257 4544 Εἶτα
3287 4489 3536 4564 δεύτερος
3559 4492 3813 4562 πολέμιος,

2259 4583 2535 4646 εἰσελθὼν,
2559 4584 2629 4637 τὰ
2657 4583 2764 4636 ὑπὸ
2786 4581 2880 4636 τοῦ
2908 4581 3126 4654 πρώτου
3159 4580 3586 4651 καταλειφθέντα
3615 4597 3815 4634 κατενε-

2264 4679 2537 4749 μήσατο,ό
2571 4676 3057 4748 Ναδουχοδονόσορ,
3091 4677 3119 4729 6
3145 4675 3242 4730 καὶ
3270 4675 3332 4728 τὸ
3364 4675 3509 4747 ἱερὸν
3554 4673 3810 4746 πυρπολή-

2262 4788 2358 4836 σας
2385 4773 2477 4825 καὶ
2509 4773 2588 4835 εἰς
2635 4771 2829 4840 ἔδαφος
2866 4769 3110 4838 ἀγαγών.
3147 4767 3240 4822 Διὸ
3277 4768 3524 4822 λέλεκται
3571 4769 3657 4822 καὶ
3683 4768 3812 4820 κατὰ

2259 4864 2351 4918 τὸν
2391 4864 2712 4935 Σύμμαχον·
2747 4861 3208 4931 Κατενεμ-ήσατο
3245 4861 3442 4929 αὐτὴν
3471 4858 3549 4928 ὗς
3591 4863 3653 4915 ἐκ
3692 4861 3810 4926 ὄριιο

2251 4953 2392 5024 μοῦ,
2440 4953 2536 5007 καὶ
2577 4953 2787 5023 μονιὸς
2835 4952 3039 5022 ἆῃοιος
3085 4951 3575 5017 κατεόοσκήσατο
3615 4949 3805 5018 αὐτήν.

2271 5045 2415 5098 ’Λντὶ
2457 5045 2515 5098 δὲ
2547 5045 2662 5108 τοῦ,
2715 5044 2812 5097 καὶ
2852 5043 3064 5113 μονιὸς
3111 5044 3333 5115 ἄγριος,
3368 5047 3397 5098 6
3435 5045 3671 5108 Ἀκύλας,
3715 5043 3804 5095 καὶ

2258 5137 2655 5206 παντοδαπὴν
2681 5137 2897 5206 χώραν,
2926 5138 3258 5209 ἡρμήνευσε.
3295 5138 3431 5192 Καθ’
3452 5139 3635 5211 ἑτέραν
3659 5137 3706 5190 δὲ
3731 5137 3808 5205 ἑρ-

2261 5232 2508 5302 μηνείαν,
2540 5231 2882 5299 ἐλυμήνατο
2927 5229 3144 5298 αὐτὴν,
3174 5231 3373 5303 δηλαδὴ
3419 5231 3518 5300 τὴν
3558 5227 3805 5283 ἀποδοθεῖ-

2258 5339 2358 5376 σαν
2389 5322 2651 5394 ἄμπελον,
2699 5323 2913 5396 πρῶτος
2945 5327 2974 5378 ό
3019 5323 3381 5388 Βαϐυλώνιος,
3412 5325 3440 5376 ό
3480 5323 3572 5375 καὶ
3614 5320 3806 5393 πρῶτος

579 5423 761 5472 autem
799 5432 864 5472 ea
892 5418 1070 5472 solum
1097 5432 1218 5489 qua:
1263 5416 1331 5471 ad
1359 5427 1688 5488 postremam
1721 5430 1752 5468 a
1789 5412 2051 5468 Romanis
2077 5411 2158 5467 fa-

2264 5417 2356 5488 τὴν
2413 5415 2770 5487 Ἰερουσαλὴμ
2822 5416 3109 5489 πολιορκία
3164 5415 3380 5490 δῃώσας
3403 5432 3417 5445 ο
3471 5415 3651 5468 ἔπειτα
3701 5414 3804 5485 μετ’

577 5513 724 5563 ctam
751 5507 1095 5563 obsidionem
1145 5505 1439 5578 pertinent,
1467 5513 1529 5560 ut
1559 5503 1626 5558 ad
1660 5517 1832 5557 ωιιιιι
1867 5517 2153 5557 common.

579 5603 813 5656 stratum
844 5612 952 5659 est.

579 5693 766 5747 Ταῦτα
791 5694 851 5748 δὲ
902 5694 1083 5750 πάντα
1110 5693 1441 5767 προφητεύει
1478 5691 1650 5761 ’Λσὰφ
1697 5689 1839 5744 κατά
1888 5689 2015 5752 τοὺς
2061 5687 2253 5760 χρόνου

651 5809 697 5840 ⁷⁸
739 5806 881 5866 Psal.
915 5825 1042 5878 xav,
1074 5810 1128 5866 5.
1201 5811 1249 5843 ⁷⁸
1282 5809 1385 5868 lsa.
1422 5827 1474 5870 v.
1509 5810 1562 5866 5.
1636 5809 1680 5842 ⁷⁷
1723 5808 1859 5867 ibid.
1895 5807 1950 5864 7.
2026 5809 2073 5847 τε
2111 5804 2225 5863 ler.

2257 5507 2463 5559 ἐκεῖνον
2484 5505 2514 5556 6
2556 5505 2859 5576 Ῥωμαϊκὸς
2883 5507 3132 5579 στρατὸς,
3165 5507 3302 5579 μετὰ
3338 5506 3438 5576 τὴν
3459 5505 3553 5559 τοῦ
3584 5504 3805 5575 Σωτῆρος

2258 5594 2412 5668 ήμῶν
2469 5597 2773 5667 παρουσίαν
2837 5596 3113 5662 ἐπελθὼν,
3173 5599 3578 5668 κατενεμήσατο
3637 5595 3798 5664 αὑτήν.

2258 5703 2286 5750 ς
2312 5684 2551 5756 γεγονὼς
2583 5686 2676 5740 τοῦ
2706 5688 2887 5754 Δαυῒδ,
2920 5689 3026 5752 πρὸ
3057 5689 3155 5746 τῆς
3187 5688 3473 5760 οἰκοδομῆς
3500 5688 3595 5758 τῆς
3633 5687 3801 5758 Ἰερου-

2264 5820 2338 5872 ιι,
2374 5805 2467 5860 21.
2543 5805 2589 5838 τ’
2629 5804 2802 5870 lsa.v,
2836 5805 2870 5861 5

3841 317 3958 373 πό

585 450 690 506 pro
720 433 950 505 ﬁgurato
993 434 1088 490 illo
1131 441 1186 490 et
1235 434 1496 488 umbroso
1542 433 1693 488 cultu
1742 431 2040 494 tradentes,
2075 432 2168 502 qui

2272 434 2301 485 6
2327 431 2465 503 μετά
2493 433 2680 505 χεῖρας
2706 417 2995 505 διαγράφει
3019 431 3206 501 λόγος·
3234 431 3393 486 σκιὰν
3427 434 3532 504 μὲν
3570 434 3810 504 αὐτῆς
3845 452 3951 488 κι-
