4078 6934
150 323 353 380 965

12 421 54 516 ξ
165 438 401 503 sali;
414 457 473 510 μ,
514 421 787 502 θεσπίζων
807 435 947 506 αὐτῇ
985 434 1054 488 τά
1095 432 1480 505 συμϐησόμενα
1503 431 1643 486 κατὰ
1670 433 1796 495 τοὺς
1831 430 2171 502 δηλωθέντας
2195 432 2442 502 χρόνους.
2471 432 2570 486 Διὰ
2595 431 2694 504 μὲν
2724 429 2817 485 οὖν
2849 431 2957 485 τῶν
2992 429 3132 502 μετὰ
3161 431 3346 503 χεῖρας
3368 427 3544 481 ἔοικεν

161 534 397 605 ὀιωῦ
445 535 539 589 καὶ
569 533 672 604 τὴν
713 531 939 603 πρώτην
968 529 1283 601 πολιορκίαν
1313 528 1413 598 τὴν
1458 527 1564 582 ὑπὸ
1627 525 1982 580 Βαϐυλωνίων
2014 535 2338 596 γενομένην,
2371 526 2466 579 καὶ
2507 526 2607 598 τὴν
2646 526 2903 599 δευτέραν
2947 525 3048 598 τὴν
3090 524 3196 578 ὑπὸ
3254 520 3542 593 Ῥωμαίων

12 603 60 642 ἦ(

1398 316 1590 374 COMM
1600 315 1848 372 ENTARI

1948 315 2004 370 IN
2042 313 2384 372 ΡεΑωοε.
2907 327 2914 340 ‘
3436 311 3547 370 966

170 627 638 702 προφητεύειν
661 643 678 659 ο
712 625 800 682 διὰ
831 625 890 679 δὲ
925 622 1018 677 τοῦ
1049 622 1157 694 πρὸ
1185 619 1376 674 τούτου
1407 620 1477 674 τά
1519 619 1662 674 κατὰ
1706 619 1977 689 Ἀντίοχον
1997 619 2088 672 τὸν
2122 618 2390 690 Ἐπιφανῆ
2425 620 2738 691 συμϐάντα·
2774 619 2864 674 διὰ
2906 619 2961 673 δὲ
2992 619 3086 672 τοῦ
3117 617 3159 672 ο⁹
3186 617 3283 672 καὶ
3318 616 3366 687 γ’
3404 616 3544 689 μόνα

167 695 287 778 τά
501 720 739 792 ὑστάτης
769 714 1088 788 πολιορκίας
1116 714 1216 784 τῆς
1242 712 1348 767 ὑπὸ
1387 711 1673 783 Ῥωμαίων
1705 709 2025 781 γενομένης,
2058 707 2134 772 ὡς
2159 708 2535 764 ἀποδέδεικται
2563 713 2622 766 ἐν
2653 713 2768 774 τοῖς
2797 710 2938 763 κατὰ
2969 710 3060 763 τὸν
3088 715 3167 778 ογ¹
3204 707 3540 781 εἰρημένοις,

11 789 64 834 :2

309 815 400 866 '0
457 811 602 878 Θεὸς
639 808 760 864 τῶν
801 804 1130 875 δυνάμεων,
1182 803 1555 873 ἐπίστρεψον
1581 801 1682 871 δὴ,
1725 802 1848 856 ἐπί-

2030 797 2196 866 Vens.
2233 800 2426 857 15-17.
2472 801 2615 856 Deus
2663 802 2940 865 uirtutum,
2973 812 3292 867 conuertere,
3343 804 3545 873 respice

1949 889 2014 944 de
2045 890 2196 954 creto,
2235 903 2286 946 et
2339 892 2475 960 vide,
2523 904 2572 948 et
2618 895 2776 948 risita
2818 896 3026 948 vineam
3050 895 3234 960 istaut,
3270 905 3320 950 et
3347 897 3543 966 perﬁce

1948 999 2088 1048 eam,
2130 999 2289 1054 quam
2345 984 2609 1055 plantavit
2658 987 2878 1041 dextera
2909 999 3024 1050 tua,
3072 997 3123 1041 et
3173 1003 3331 1057 super
3367 989 3540 1058 ﬁlium

1949 1075 2200 1140 hominis,
2233 1092 2384 1144 quem
2415 1079 2748 1146 conﬁrmasti
2793 1079 2910 1132 tibi.
2954 1077 3184 1136 Incensa
3214 1079 3323 1150 igni
3345 1088 3396 1133 et
3425 1080 3542 1150 suf-

1949 1167 2120 1237 fossa,
2146 1167 2211 1220 ab
2243 1168 2602 1237 increpatione
2624 1169 2798 1224 vultus
2829 1171 2907 1224 tui
2936 1171 3200 1242 peribunt.
3236 1169 3536 1242 Postquam

1948 1259 1999 1313 ei
2032 1265 2092 1312 ut
2118 1258 2260 1313 bono
2291 1259 2544 1328 agricola:
2581 1259 2636 1314 in
2681 1261 3001 1316 memoriam
3044 1263 3319 1318 revocavit
3350 1263 3540 1332 ingen-

1949 1361 2061 1410 tem
2119 1353 2268 1406 illam
2303 1368 2460 1407 suam
2511 1369 2609 1423 pro
2641 1354 2801 1410 vinea
2852 1355 3304 1420 sollicitudinem,
3337 1363 3392 1410 et
3422 1355 3537 1426 ipsi

1949 1444 2155 1500 illatam
2187 1455 2376 1516 postea
2433 1447 2782 1513 vastitatem;
2837 1451 2942 1504 sub
2989 1448 3103 1503 han-
3134 1457 3541 1519 consequenter

1948 1538 2242 1608 supplicat,
2276 1549 2334 1594 ut
2359 1539 2425 1594 ad
2455 1555 2576 1594 eam
2607 1555 2666 1594 se
2692 1547 3001 1604 convertat,
3027 1540 3121 1610 qui
3140 1540 3350 1610 pridem
3385 1548 3542 1596 aver-

1947 1645 2045 1686 sus
2095 1630 2144 1686 ei
2203 1638 2374 1694 esset,
2432 1645 2497 1684 ac
2547 1647 2642 1701 per
2681 1631 3026 1686 aversionem
3073 1631 3244 1694 illam,
3295 1632 3540 1687 inimicis

1947 1723 2190 1779 eamdem
2222 1725 2436 1779 vineam
2465 1725 2802 1782 tradidisset.
2850 1723 3028 1796 Rogat
3075 1733 3256 1781 autem
3293 1726 3447 1779 illum
3481 1735 3541 1781 ut

1947 1815 2262 1871 consideret
2317 1822 2373 1870 et
2411 1830 2634 1870 sursum
2689 1815 2759 1870 de
2788 1816 2931 1870 caelo
2976 1816 3254 1886 respiciat,
3279 1816 3538 1873 recorde-

1946 1912 2147 1976 turque
2194 1915 2555 1962 memoratam
2607 1906 2846 1972 vineam,
2901 1908 2988 1964 sui
3044 1909 3440 1978 plantationem
3484 1918 3541 1964 et

177 907 499 974 σλεψον
540 902 611 966 ἐξ
645 896 928 968 οὐρανοῦ,
961 895 1060 950 καὶ
1099 894 1210 961 ιδε,
1239 895 1340 949 καί
1377 895 1702 965 ἐπίσκεψαι
1733 893 1851 963 τὴν

183 996 542 1066 Maior
569 993 820 1059 ταύτην,
858 989 956 1044 καί
981 987 1330 1058 κατάρτισαι
1355 987 1572 1056 αὐτὴν,
1605 987 1688 1056 ἣν
1713 988 1854 1057 ἐφύ-

180 1102 486 1142 τευσεν
524 1086 566 1154 ἢ
595 1081 764 1148 δεξιά
787 1096 925 1146 σου,
959 1079 1060 1135 καί
1098 1079 1198 1132 ἐπὶ
1231 1077 1369 1134 υίὸν
1400 1077 1736 1146 ἀνθρώπου,
1777 1078 1851 1132 ὃν

188 1177 678 1246 ἐκραταίωσας
706 1171 960 1238 σεαυτῷ.
1003 1168 1524 1240 Ἐμπεπυρισμένη
1561 1170 1703 1238 πυρί
1749 1169 1848 1224 καί

186 1267 717 1338 ἀνεσκαμμένη,
762 1264 882 1319 ἀπὸ
923 1261 1319 1332 ἐπιτιμήσεως
1368 1261 1476 1316 τοῦ
1521 1263 1847 1330 προσώπου

189 1371 362 1414 σου
423 1355 818 1411 ἀπολοῦνται.
862 1353 951 1417 Ὦς
998 1351 1203 1421 ἀγαθὸν
1243 1351 1490 1422 γεωργὸν
1530 1353 1848 1424 ὑπομνήσας

186 1447 333 1519 τῆς
380 1447 597 1518 πολλῆς
627 1443 794 1501 αὐτοῦ
824 1444 952 1515 περὶ
985 1443 1082 1516 τὴν
1110 1442 1355 1516 ἄμπελον
1386 1443 1725 1515 ἐπιμελείας,
1753 1445 1848 1499 καὶ

189 1538 330 1608 τῆς
381 1540 535 1609 μετὰ
579 1535 751 1590 ταῦτα
784 1534 1073 1606 συμϐάσης
1105 1535 1242 1608 αὐτῇ
1278 1533 1534 1606 ἐρημίας,
1583 1534 1712 1604 ἑξῆς
1753 1535 1849 1588 καὶ

191 1629 572 1693 ἀκολούθως
626 1627 862 1682 ἱκετεύει
904 1627 1232 1699 ἐπιπρέψαι
1276 1628 1353 1691 ὡς
1381 1627 1844 1700 -άποστραφέντα,

191 1723 324 1777 καὶ
367 1722 476 1776 διὰ
507 1723 605 1794 τῆς
633 1722 982 1794 ἀποστροφῆς
1005 1723 1117 1784 τοῖς
1148 1721 1412 1784 ἐναντίοις
1446 1722 1609 1774 πᾶσιν
1629 1719 1849 1774 ἐκδεδω-

197 1815 380 1869 κότα
431 1815 531 1887 τὴν
578 1813 840 1886 ἄμπελον.
894 1813 1219 1883 Ἐπισκέψαι
1267 1812 1325 1866 δὲ
1375 1812 1538 1868 αὐτὸν
1592 1812 1843 1877 ἱκετεύει,

196 1907 324 1962 καὶ
369 1905 676 1977 ἐπιϐλέψαι
704 1906 910 1961 ἄνωθεν
934 1905 995 1972 ἐξ
1022 1905 1252 1977 οὐρανοῦ
1271 1921 1287 1936 °
1325 1905 1628 1976 μνησθῆναί
1657 1922 1739 1969 τε,
1769 1905 1846 1970 ὡς

203 2001 350 2071 ἄρα.
393 1999 490 2071 εἴη
518 1998 682 2054 αὐτοῦ
711 1999 925 2070 φυτεία,
960 1998 1053 2053 καὶ
1079 1998 1180 2069 τῆς
1203 1997 1368 2052 αὐτοῦ
1396 1997 1575 2065 δεξιᾶς
1599 1997 1845 2070 γεωργία

1948 1997 2185 2054 dexter:e
2235 2013 2350 2054 sua:
2413 1998 2807 2069 agriculturam
2859 2015 3008 2062 esse.
3054 1999 3286 2070 ejusque
3329 2016 3542 2056 memor

208 2089 256 2159 ἡ
310 2087 702 2160 προλεχθεῖσα
747 2088 1010 2160 ἄμπελος,
1047 2089 1141 2142 καὶ
1188 2087 1494 2160 μνησθέντα
1543 2087 1844 2157 ἐπισκέψαιρ

1948 2091 2132 2147 visitet
2155 2091 2327 2154 illam,
2365 2099 2553 2161 utpote
2581 2106 2702 2161 qua:
2729 2093 2860 2146 olim
2886 2093 2955 2147 ab
2975 2090 3096 2160 ejus
3127 2092 3353 2146 dextera
3384 2093 3541 2163 plan-

217 2181 380 2236 σθαι
419 2181 613 2250 αὐτὴν,
643 2181 718 2245 ὡς
757 2180 824 2234 ἂν
855 2180 1020 2234 πάλαι
1049 2181 1146 2248 μὲν
1179 2180 1283 2234 ὑπὸ
1328 2180 1428 2251 τῆς
1454 2179 1620 2234 αὐτοῦ
1661 2180 1841 2246 δεξιᾶς

1948 2189 2052 2237 tata
2082 2181 2247 2236 fuerit
2272 2201 2284 2236 :
2309 2183 2422 2252 jam
2446 2197 2576 2237 vero
2598 2182 2819 2237 incensa
2845 2184 2953 2254 igni
2982 2193 3036 2238 et
3066 2183 3326 2246 sull‘ossa.
3360 2187 3429 2239 ab
3457 2185 3512 2239 in

213 2273 642 2345 φυτευθεῖσαν,
673 2273 788 2328 νυνὶ
815 2271 873 2326 δὲ
908 2273 1395 2344 ἐμπεπυρισμένην
1427 2273 1562 2344 πυρί
1591 2273 1687 2326 καὶ
1718 2272 1842 2326 άνε-

1948 2274 2257 2345 crepatione
2313 2275 2498 2330 vultus
2531 2275 2654 2345 ejus
2701 2277 2945 2346 perierit.
3003 2275 3269 2331 Precatur
3313 2277 3444 2331 item
3481 2285 3540 2332 ut

217 2365 608 2437 σκαμμένην,
637 2365 731 2419 καὶ
757 2363 867 2418 ἀπὸ
901 2364 1273 2436 ἐπιτιμήσεως
1300 2361 1396 2417 τοῦ
1423 2362 1712 2434 προσώπου
1744 2363 1841 2416 αὒ-

1948 2383 2232 2424 resumens
2263 2375 2696 2438 restauransque
2721 2369 2870 2422 illam
2907 2369 3211 2424 servatoris
3238 2383 3303 2423 ac
3329 2367 3534 2423 medici

212 2459 334 2514 τοῦ
363 2459 734 2514 ἁπολωλυῖαν.
769 2457 937 2524 Ἀξιοῖ
963 2475 1023 2511 τε
1050 2456 1480 2529 καταρτίσασθαι
1511 2455 1682 2527 αὐτὴν
1709 2457 1842 2508 άνα-

1950 2460 2130 2516 instar
2157 2457 2399 2513 reﬁciat:
2421 2469 2474 2515 et
2500 2459 2614 2514 haec
2635 2467 2761 2531 agat
2790 2475 2885 2530 per
2903 2459 3101 2514 Filium
3134 2475 3298 2531 quem
3331 2457 3538 2518 conﬁr-

215 2553 491 2609 λαϐόντα
555 2552 650 2607 καὶ
711 2551 1163 2624 ἀνακτησάμενον
1209 2547 1366 2620 δίκην
1433 2548 1676 2620 σωτῆρος
1744 2547 1841 2603 καὶ

1948 2552 2112 2607 mavit
2140 2551 2269 2607 sibi.
2289 2552 2458 2618 Queis
2478 2560 2667 2622 aperte
2691 2552 3008 2608 declaratur
3033 2553 3123 2608 hic
3150 2552 3390 2624 primum
3423 2554 3535 2610 loci

222 2643 446 2716 ἰατροῦ
464 2660 478 2674 ο
507 2641 792 2697 καὶταῦτα
818 2642 1022 2715 πρᾶξαι
1047 2640 1136 2695 διὰ
1167 2639 1260 2695 τοῦ
1291 2637 1422 2694 Υἰοῦ
1450 2638 1509 2692 ὃν
1532 2637 1839 2711 ἐκραταίωο

1948 2644 2258 2700 incendium
2315 2643 2591 2710 adnotari,
2616 2644 2764 2716 quod
2804 2661 2835 2698 a
2886 2643 3203 2716 Babyloniis
3236 2662 3537 2717 perpessus

224 2754 337 2791 σεν
377 2735 586 2807 ἑαυτῷ.
632 2737 711 2788 Δι’
759 2727 834 2790 ὧν
866 2733 1054 2802 σαφῶς
1085 2735 1114 2786 ὁ
1153 2732 1311 2802 λόγος
1349 2730 1588 2785 διδάσκει
1622 2730 1840 2805 πρῶτον

1948 2745 2043 2792 est.
2070 2734 2260 2806 Neque
2309 2735 2457 2790 enim
2493 2743 2616 2806 post
2665 2735 2969 2792 secundum
3003 2735 3317 2792 incendium
3354 2753 3385 2792 a
3420 2737 3536 2792 Ro-

223 2823 395 2880 εἷναι
442 2825 535 2879 τὸν
569 2825 893 2896 ἐμπρησμὸν
931 2824 989 2877 ὃν
1022 2823 1238 2896 πρῶτον
1281 2822 1572 2894 ὑπέμεινεν
1603 2823 1632 2874 6
1675 2821 1842 2887 τόπος

1948 2829 2119 2883 manis
2152 2828 2384 2892 illatum,
2438 2828 2688 2883 divinum
2740 2827 3044 2884 Salvatoris
3089 2829 3405 2894 adventum,
3437 2832 3534 2901 qui

226 2918 356 2972 ὑπὸ
407 2916 785 2971 Βαϐυλωνίων.
828 2916 902 2970 Οὐ
941 2915 1050 2988 γὰρ
1077 2915 1144 2970 ἂν
1179 2914 1318 2987 μετὰ
1347 2915 1438 2968 τὸν
1463 2914 1716 2987 δεύτερον
1741 2915 1842 2986 ἐμ-

1948 2921 2046 2990 iam
2070 2925 2399 2995 contigerat,
2435 2925 2701 2980 maturari
2761 2934 3030 2995 rogasset.
3078 2923 3398 2996 Opportune
3436 2940 3535 2977 au-

229 3009 513 3083 πρησμὸν
545 3009 635 3063 τὸν
663 3008 768 3062 ὑπὸ
804 3007 1090 3080 Ῥωμαίων
1132 3007 1426 3079 γενόμενον
1464 3005 1562 3078 τὴν
1593 3004 1688 3059 τοῦ
1723 3006 1838 3058 Σω-

1948 3024 2048 3068 ιεω
2101 3023 2225 3086 post
2295 3016 2534 3087 priorem
2595 3017 2742 3071 illam
2797 3016 2904 3071 loci
2961 3017 3331 3072 calamitatem
3377 3023 3536 3086 rogat

226 3103 422 3175 τῆρος
458 3102 780 3172 θεοφάνειαν
808 3099 1063 3170 γενέσθαι
1091 3099 1246 3170 ἠξίου
1277 3097 1376 3168 τὴν
1404 3097 1506 3170 ήδη
1532 3098 1838 3169 γεγενημέ-

1948 3108 2310 3178 postulatque,
2329 3108 2738 3180 utRedemptor
2767 3109 3018 3165 adveniat
3042 3123 3182 3180 :quo
3211 3107 3532 3175 accedente,

233 3213 370 3268 νην.
424 3194 623 3267 Χώραν
665 3194 722 3248 δὲ
767 3193 882 3266 ἔχει
924 3192 1064 3266 μετὰ
1095 3193 1167 3247 τά
1203 3190 1396 3263 πρῶτα
1428 3191 1712 3263 συμϐάντα
1759 3192 1838 3265 τῷ

1948 3199 2063 3269 quia
2089 3199 2320 3268 gratiam
2345 3199 2480 3270 ipsis
2511 3200 2788 3271 prioribus
2823 3201 3206 3256 annuntiatam
3235 3216 3345 3254 non
3377 3215 3529 3255 rece-

229 3287 408 3358 τόπῳ
437 3287 698 3341 ἱκετεύειν
718 3287 813 3341 καὶ
837 3285 1052 3339 δέεσθαι
1079 3283 1173 3338 τὸν
1192 3284 1486 3356 Λυτρωτὴν
1517 3285 1800 3355 ἐπιστῆναι
1818 3301 1833 3315 ο

1948 3298 2166 3360 perunt,
2201 3303 2502 3346 extremam
2551 3294 3019 3364 promeritamque
3061 3293 3374 3350 vastitatem
3405 3293 3532 3361 jure

235 3373 308 3434 οὗ
359 3378 706 3445 ἐπιστάντος,
745 3377 872 3432 ἐπεὶ
915 3377 989 3449 μὴ
1038 3375 1404 3448 παρεδέξαντο
1452 3375 1550 3448 την
1600 3375 1837 3446 πρώτοις

1948 3381 2183 3449 perpessi
2241 3390 2391 3444 sunt,
2421 3398 2585 3453 quam
2620 3383 2738 3453 ipse
2771 3384 3144 3440 comminatus
3176 3383 3286 3440 illis
3329 3391 3414 3439 est
3444 3383 3532 3440 his

235 3472 442 3534 αὐτοῖς
470 3470 537 3524 δι’
567 3469 730 3524 αὑτοῦ
759 3468 1222 3540 καταγγελθεῖσαν
1264 3467 1444 3539 χάριν,
1481 3468 1704 3532 εἰκότως
1735 3470 1834 3540 τὴν

1948 3469 2121 3526 verbis
2158 3489 2170 3526 :
2209 3469 2428 3536 Quoties
2469 3474 2610 3528 volui
2657 3489 2975 3544 congregare
3003 3475 3145 3545 ﬁlios
3181 3483 3322 3540 tuos,
3348 3490 3532 3546 quem-

239 3564 496 3636 ὑστάτην
523 3563 821 3634 ὑπέμειναν
843 3561 1079 3634 ἐρημίαν
1098 3577 1112 3592 ⁶
1149 3560 1215 3632 ἣν
1241 3560 1400 3624 αὐτὸς
1431 3560 1834 3632 προσετίμησεν

1948 3565 2226 3622 admodum
2263 3571 2466 3640 gallina
2509 3581 2791 3641 congregat
2819 3572 2994 3639 pullos
3019 3589 3144 3626 suos
3178 3571 3276 3628 sub
3303 3571 3448 3634 alas,
3476 3583 3528 3625 et

236 3658 438 3721 αὐτοῖς
487 3655 686 3710 εἰπών·
739 3653 1007 3721 Ποσὰκις
1050 3651 1327 3722 ἠθέλησα
1365 3651 1834 3723 ἐπισυναγαγεῖν

1948 3661 2184 3715 noluistis
2210 3665 2392 3719 ?Ecce
2439 3665 2763 3734 relinquetur
2812 3664 2956 3720 vobis
2997 3665 3186 3719 domus
3234 3674 3408 3720 vestra
3437 3663 3531 3716 de-

239 3749 318 3804 τὰ
368 3749 557 3804 τέκνα
596 3764 734 3813 σου,
764 3747 838 3802 ὃν
883 3749 1109 3816 τρόπον
1155 3745 1320 3816 ὄρνις
1354 3745 1708 3816 ἐπισυνάγει
1759 3744 1833 3800 τὰ

1948 3764 2081 3808 serta
2104 3756 2150 3788 ⁸ο
2175 3771 2190 3808 :
2220 3753 2442 3825 quando
2473 3755 2776 3812 secundum
2817 3755 3165 3826 Apostolum,
3196 3755 3427 3824 pervenit
3455 3769 3524 3807 aa

235 3843 477 3897 νοσσία
504 3843 623 3897 ὑπὸ
669 3841 778 3909 τὰς
817 3839 1134 3909 πτέρυγας,
1166 3839 1267 3894 καί
1309 3840 1421 3893 οὐκ
1450 3838 1830 3908 ﬁdei-rivom;

1948 3859 2026 3898 eos
2048 3845 2134 3900 ira
2157 3846 2211 3900 in
2247 3848 2402 3906 tinem
2428 3846 2497 3901 ⁸⁸.

255 3934 421 3990 Ἰδοὺ
450 3937 686 4006 ἀφίεται
708 3935 851 4007 ὑμῖν
875 3937 908 3990 ό
939 3930 1104 4002 οἰκος
1135 3932 1305 4005 ὐμῶν
1328 3933 1584 4003 ἕρημος-ο
1624 3933 1712 3987 ὅτε
1763 3933 1860 3988 καὶ
1897 3937 2038 3992 κατὰ
2083 3939 2175 3994 τὸν
2217 3940 2561 4005 Ἀπόστολον,
2592 3938 2859 4009 ἔφθασεν
2903 3940 2993 4006 εἰς
3029 3937 3250 3993 αὺτοὺο
3294 3935 3334 4005 ὴ
3375 3933 3524 4005 ὀργὴ

239 4033 336 4098 εις
356 4029 552 4096 τέλος.

319 4168 644 4238 Γενηθήτω
670 4168 708 4235 ἡ
757 4167 887 4237 χείρ
930 4183 1047 4222 σου
1088 4168 1182 4221 ἐπ’
1223 4166 1410 4236 ἄνδρα
1447 4166 1649 4234 δεξιᾶς
1688 4183 1828 4235 σου,

2009 4165 2173 4222 Vens.
2213 4166 2297 4221 18.
2340 4163 2468 4219 Fiat
2499 4180 2690 4218 manus
2741 4174 2832 4218 tua
2881 4179 3040 4231 super
3077 4163 3249 4217 virum
3291 4163 3525 4221 dexteras

245 4264 351 4320 καί
383 4262 483 4316 ἐπὶ
507 4262 646 4318 υἱὸν
669 4261 1006 4329 ἀνθρώπου,
1036 4260 1108 4314 ὃν
1133 4261 1543 4330 ἐκραταίωσας
1573 4261 1828 4328 σεαυτῷ.

1948 4269 2064 4321 ῑιισ,
2095 4268 2144 4313 et
2171 4273 2327 4321 super
2356 4257 2529 4327 ﬁlium
2568 4255 2820 4319 hominis,
2855 4271 3006 4326 quem
3041 4254 3370 4322 conﬁrmasti
3401 4255 3518 4310 tibi.

249 4357 364 4413 Kal
408 4357 481 4410 οὐ
507 4353 594 4425 μὴ
627 4353 988 4423 ἀποστῶμεν
1035 4353 1152 4407 ἀπὸ
1186 4355 1323 4418 σοῦ,
1363 4355 1612 4422 ζωὼσεις
1649 4353 1829 4425 ἡμᾶς.

1948 4349 2004 4404 Et
2044 4367 2148 4404 non
2176 4348 2504 4404 discedemus
2540 4365 2572 4402 a
2603 4359 2671 4408 te,
2697 4345 2988 4415 viviﬁcabis
3021 4363 3136 4400 nos.
3171 4345 3344 4400 Unam
3382 4363 3520 4418 pra:-

246 4450 396 4506 Μίαν
419 4449 530 4502 τῶν
558 4445 964 4521 προλεχθέντων
992 4446 1248 4500 ἁπάντων
1273 4445 1568 4516 θεραπείαν
1592 4447 1830 4502 διδάσκει

1948 4444 2209 4498 lictorum
2251 4441 2496 4496 omnium
2541 4439 2883 4495 curationem
2926 4437 3086 4492 docet
3117 4437 3357 4507 Spiritus
3389 4454 3520 4494 san-

249 4543 312 4598 τδ
353 4541 579 4612 Πνεῦμα
623 4539 685 4593 τὸ
728 4539 904 4608 ἆγιον,
937 4538 1034 4610 τὴν
1067 4541 1149 4602 εἰς
1195 4538 1511 4611 ἀνθρώπους
1558 4539 1654 4593 τοῦ
1700 4542 1833 4611 Χρι-

1948 4545 2080 4599 :tus,
2139 4549 2335 4605 nempe
2387 4533 2592 4589 Christi
2642 4531 2736 4588 Dei
2785 4529 2854 4585 ad
2911 4529 3161 4584 homines
3203 4529 3514 4586 adventum.

255 4634 381 4690 στοῦ
405 4632 501 4686 τοῦ
531 4631 666 4686 Θεοῦ
697 4629 1015 4702 παρουσίαν.
1048 4630 1248 4701 Διόπερ
1274 4629 1410 4700 μετὰ
1436 4630 1505 4684 τὰ
1532 4647 1834 4702 προφητευ-

1948 4626 2304 4693 Quamobrem
2365 4634 2491 4698 post
2542 4622 2884 4696 prophetiam
2935 4620 3004 4676 de
3033 4620 3208 4676 vineae
3237 4621 3515 4688 vastitate,

256 4727 413 4782 θέντα
442 4727 569 4796 περὶ
593 4724 694 4794 τῆς
719 4723 953 4796 ἐρημίας
976 4721 1072 4776 τοῦ
1102 4721 1422 4793 ἀμπελῶνος
1448 4722 1542 4776 καὶ
1565 4721 1658 4775 τοῦ
1681 4721 1833 4776 ἐπελ-

1948 4727 1990 4774 et
2009 4719 2078 4774 de
2107 4719 2294 4774 l’uturo
2321 4720 2444 4788 ejus
2487 4716 2766 4779 incendio,
2801 4715 2887 4770 bis
2917 4713 3192 4784 supplicat
3223 4720 3281 4766 ut
3305 4712 3519 4768 redem-

257 4822 436 4884 θόντος
466 4820 615 4890 αύτῷ
655 4818 986 4892 ἐμπρησμοῦ
1017 4817 1247 4872 ἱκετεύει
1285 4815 1352 4869 τά
1385 4815 1725 4887 προκείμενα
1753 4815 1835 4878 εἰς

1948 4816 2147 4878 plorem
2182 4817 2502 4878 exspectare
2549 4809 2729 4874 liceat,
2783 4807 2962 4860 virum
3009 4804 3246 4857 dexterae
3298 4800 3416 4870 Dei,
3463 4813 3517 4858 et

257 4915 318 4970 τὸ
360 4913 659 4988 προσδοκᾷν
705 4913 984 4986 λυτρωτὴν
1032 4912 1125 4966 τὸν
1168 4911 1335 4984 ἄνδρα
1381 4909 1479 4979 τῆς
1525 4906 1706 4974 δεξιᾶς
1731 4905 1827 4960 τοῦ

1948 4901 2107 4956 illium
2142 4900 2380 4955 hominis
2405 4916 2436 4955 a
2481 4899 2590 4954 Deo
2617 4898 3022 4954 conﬁrmatum.
3060 4892 3159 4948 Hic
3203 4908 3368 4963 porro
3397 4902 3518 4948 erat

257 5004 408 5072 θεοῦ,
441 5003 537 5057 καὶ
575 5002 667 5056 τὸν
689 5003 800 5056 υἱδν
837 5000 932 5055 τοῦ
971 4999 1256 5074 ἀνθρώπου
1291 4999 1383 5052 τὸν
1415 4997 1522 5050 ὑπὸ
1562 4996 1655 5050 τοῦ
1694 4995 1829 5050 Θεοῦ

1948 4993 2169 5047 lilectus
2202 4991 2297 5046 Dei
2328 5010 2340 5046 :
2364 5006 2526 5061 quem
2546 5006 2606 5045 se
2625 5004 2809 5049 ηυεεε,
2837 5001 2902 5040 ac
2927 4992 2988 5040 ut
3017 4983 3274 5038 adveniat
3298 4982 3354 5037 iu
3387 4992 3518 5040 voto

260 5094 748 5169 κεκραταιωμένον.
785 5087 952 5156 Οὗτος
981 5094 1038 5146 δὲ
1070 5088 1138 5164 ἦν
1165 5093 1194 5146 ὁ
1221 5089 1505 5162 ἀγαπητὸς
1544 5087 1639 5142 τοῦ
1672 5087 1829 5154 Θεοῦ,

1948 5086 2137 5140 habere
2169 5085 2474 5157 legentibus
2519 5083 2732 5148 tradit;
2786 5079 2962 5149 utqui
3006 5078 3121 5132 haec
3152 5076 3308 5146 prius
3335 5075 3514 5131 edocti

258 5189 315 5244 ὃν
341 5165 538 5243 εἰδέναι
576 5187 670 5241 καὶ
721 5187 973 5257 παρεῖναι
1005 5184 1072 5238 δι’
1112 5184 1279 5255 εὐχῆς
1308 5180 1551 5236 τίθεσθαι
1601 5179 1831 5252 παραδί-

1948 5185 2091 5243 sunt,
2125 5179 2228 5232 hac
2279 5177 2471 5231 notitia
2507 5183 2563 5229 et
2599 5174 2703 5228 (ide
2735 5173 2790 5227 in
2831 5171 2982 5225 illum
3030 5166 3309 5230 instructi,
3339 5165 3514 5219 malo.-

261 5283 384 5337 δωσι
425 5282 540 5344 τοῖς
588 5277 1041 5349 ἐντυγχάνουσιν⁸
1087 5275 1162 5338 ὡς
1211 5274 1297 5335 ἂν,
1338 5274 1557 5342 γνόντες
1589 5271 1750 5325 αὐτὸν
1781 5271 1832 5323 oi

1948 5285 2060 5325 rum
2116 5267 2418 5324 remedium
2480 5267 2550 5321 ab
2593 5281 2662 5319 eo
2711 5280 2771 5321 se
2827 5269 3227 5318 consecuturos
3272 5264 3511 5328 sperent.

261 5374 425 5429 ταῦτα
469 5370 953 5444 πῳδιδασκὸμενοι
981 5368 1076 5421 καὶ
1108 5368 1186 5430 εἰς
1218 5366 1380 5419 αὐτὸν
1420 5363 1829 5426 πιστεύσαντες,

1948 5361 2111 5429 Quare
2134 5377 2198 5416 ex
2233 5375 2468 5430 persona
2518 5373 2708 5412 eorum
2732 5357 2824 5427 qui
2871 5353 3082 5410 medela
3132 5366 3272 5421 opus
3313 5351 3516 5404 habent

265 5464 323 5518 δι’
344 5463 502 5518 αὑτοῦ
528 5463 710 5532 τυχεῖν
733 5459 832 5530 τῆς
861 5456 970 5511 τῶν
996 5455 1183 5509 κακῶν
1211 5454 1507 5526 θεραπείας
1529 5453 1826 5506 ἐλπίσειαν.

1948 5456 2006 5508 iit
2037 5473 2050 5510 :
2087 5453 2214 5508 Fiat
2257 5468 2446 5505 manus
2497 5461 2589 5504 tua
2641 5466 2797 5520 super
2821 5449 2996 5502 virum
3035 5445 3269 5499 dextera!
3311 5455 3436 5505 ture,
3461 5450 3512 5493 et

268 5556 351 5609 Διδ
377 5557 438 5608 ἐκ
481 5530 774 5624 προσώπου
813 5548 920 5602 τῶν
949 5545 1244 5617 θεραπείας
1283 5544 1551 5614 δεομένων
1587 5542 1719 5613 φησί
1743 5542 1828 5606 τὸ,

1948 5559 2084 5612 :uper
2115 5542 2286 5611 ﬁlium
2333 5541 2582 5604 hominis,
2607 5556 2758 5610 quem
2787 5535 3116 5606 conﬁrmasti
3164 5533 3276 5586 tibi.
3306 5530 3374 5584 Et
3407 5545 3515 5584 non

272 5620 574 5716 Γενηθήτω
604 5645 642 5712 ’ἡ
671 5645 802 5714 χείρ
839 5657 956 5696 σου
983 5640 1075 5695 ἐπ’
1109 5637 1297 5707 ἄνδρα
1318 5636 1521 5705 δεξιᾶς
1561 5652 1698 5702 σου,
1727 5636 1827 5691 καί

1948 5634 2251 5690 liscedemus
2273 5650 2305 5688 a
2330 5643 2400 5690 te.
2427 5632 2555 5688 llaec
2586 5647 2748 5704 porro
2777 5630 2929 5687 verbi
2959 5625 3230 5685 sententia
3251 5632 3336 5681 est
3370 5642 3384 5681 :
3417 5620 3516 5678 Vel

341 5803 384 5837 αθ
414 5759 604 5858 hiatth.
641 5815 814 5866 mu,
849 5797 938 5854 57.
1013 5797 1057 5829 ⁸⁸
1099 5794 1118 5850 l
1153 5793 1347 5872 Thess.
1384 5809 1457 5860 ιι,
1493 5793 1560 5848 lli
