4078 6934
639 337 740 395 967

1372 341 1639 398 EUSEBII
1678 344 2156 402 CAESARIENSIS
2189 346 2341 403 OPP.
2381 347 2563 406 PARS
2599 348 2686 406 Ill.
2713 382 2781 392 —
2808 349 3220 412 EXEGETICA.

636 469 784 511 nunc
814 454 1031 511 tandem
1076 471 1272 512 manus
1303 465 1396 512 tua
1425 460 1643 514 occulta
1681 460 1772 514 illa
1800 468 1855 516 et
1902 462 2197 518 invisibilis

2323 465 2422 518 ἐπὶ
2451 466 2586 520 υιὸν
2611 468 2946 536 ἀνθρώπου,
2973 469 3469 538 ὃνέκραταίωσας
3502 470 3823 536 σεαυτῷ-
3851 477 3976 528 Καὶ

635 543 920 600 illucescat
939 546 993 600 in
1022 547 1138 601 viro
1161 547 1398 604 dextera:
1419 556 1525 604 tua:
1553 551 1830 616 ministro,
1859 561 1915 608 et
1949 553 2004 608 in
2031 570 2098 610 eo
2119 557 2213 626 qui

636 633 810 690 Filius
843 637 1082 694 hominis
1101 639 1382 696 vocandus
1402 648 1488 695 est
1516 661 1530 696 :
1561 659 1723 712 quem
1758 651 1816 698 tu
1850 644 1946 699 tibi
1984 649 2212 716 parasti,

595 723 602 728 ’
633 735 800 799 atque
820 734 889 784 'ut
927 732 1349 789 instrumentum
1390 736 1613 793 virtutis
1641 744 1750 793 tua;
1776 739 2139 804 conﬁrmasti,
2159 750 2218 797 et

632 821 792 891 quasi
823 823 1042 878 deitatis
1084 831 1191 880 tuae
1228 825 1584 884 simulacrum
1619 831 1895 888 excitasti.
1928 831 2065 887 Nam
2111 833 2215 890 hoc

633 921 950 984 apparente,
985 931 1095 970 non
1140 917 1374 973 ulterius
1404 917 1548 974 idola
1578 921 1859 978 colemus:
1909 923 2006 979 sed
2037 939 2214 996 neque

630 1005 926 1060 multorum
974 1008 1260 1064 numinum
1289 1011 1463 1066 errori
1520 1013 1842 1081 serviemus,
1878 1030 2059 1085 neque
2095 1031 2216 1071 am-

631 1097 774 1167 plius
805 1113 836 1152 a
866 1105 920 1155 te
947 1100 1289 1180 recedemus.
1318 1102 1614 1174 Postquam
1635 1111 1818 1160 autem
1840 1107 1910 1162 ab
1929 1123 1994 1163 eo
2019 1108 2209 1173 vitam,

627 1198 682 1242 et
721 1191 951 1247 salutem
980 1209 1100 1264 quae
1119 1193 1175 1250 in
1202 1202 1258 1250 te
1289 1207 1374 1252 est
1398 1197 1796 1268 acceperimus,
1826 1214 2024 1254 nomen
2055 1208 2210 1258 tuum

628 1277 1045 1339 iuvocabimus:
1106 1300 1284 1355 neque
1333 1286 1567 1343 ulterius
1621 1287 1932 1359 cujuspiam
1991 1290 2212 1347 nomine

625 1373 1042 1441 appellabimur,
1100 1391 1209 1430 non
1245 1377 1314 1433 ab
1365 1377 1568 1434 Israele
1612 1379 1895 1449 lsraelitaa,
1953 1396 2132 1452 neque
2177 1396 2210 1437 a

623 1460 761 1516 Juda
789 1462 994 1531 Judaai;
1035 1466 1128 1520 sed
1157 1481 1186 1520 a
1221 1473 1337 1531 tuo,
1368 1466 1609 1533 Christe,
1646 1471 1868 1528 nomine
1910 1469 2209 1526 Christiani

622 1557 960 1612 vocalilmur.
991 1558 1334 1629 Quapropter
1371 1563 1671 1616 secundum
1705 1561 2094 1633 Symmachum
2125 1564 2210 1618 di-

623 1647 765 1702 citur
790 1667 803 1703 :
851 1649 1153 1719 Viviﬁcabis
1177 1667 1294 1716 nos,
1320 1661 1370 1705 et
1405 1650 1616 1706 nomine
1643 1662 1734 1706 tuo
1761 1653 2084 1708 vocabimur.
2116 1653 2211 1708 Mi-

622 1741 732 1795 rari
757 1757 922 1812 porro
953 1743 1120 1806 subit,
1145 1759 1247 1798 cur
1275 1742 1447 1799 Judaei
1489 1745 1603 1800 haec
1632 1745 1896 1816 legentes,
1925 1757 2032 1803 et.a
2066 1755 2209 1803 tene-

622 1836 702 1889 ris
728 1836 1042 1906 unguiculis
1084 1838 1433 1904 meditantes,
1461 1854 1572 1894 non
1607 1849 1858 1912 quaerant
1891 1841 2017 1910 quis
2045 1840 2209 1897 fuerit

623 1927 716 1982 ille
751 1929 836 1982 vir
860 1929 1098 1985 dexterae
1123 1929 1238 1995 Dei,
1271 1947 1452 2003 neque
1479 1948 1604 1988 eum
1635 1934 1729 2004 qui
1763 1931 1936 1990 Filius
1969 1934 2208 1991 hominis

619 2031 846 2076 vocatur
879 2030 1215 2093 cognoscant
1249 2043 1263 2079 :
1302 2040 1472 2094 quare
1505 2025 1563 2080 in
1592 2027 1908 2083 calamitate
1943 2043 2044 2084 sua
2078 2044 2207 2099 per-

620 2124 892 2170 severant.
926 2117 1030 2182 Qui
1067 2119 1111 2173 si
1157 2119 1336 2188 ipsum
1385 2121 1670 2176 novissent
1714 2137 1780 2176 ac
1823 2123 2204 2192 edidicissent,

617 2209 822 2264 scirent
867 2211 1055 2281 utique
1089 2209 1183 2267 Dei
1217 2212 1480 2278 Verbum,
1505 2215 1653 2284 quod
1694 2218 1951 2286 praesenti
1998 2219 2207 2290 suppli-

618 2302 833 2357 catione
866 2303 1244 2369 invocabatur,
1272 2305 1326 2360 in
1357 2306 1479 2377 ipso
1516 2307 1814 2364 habitasse.
1850 2308 1955 2366 Sed
1987 2327 2089 2367 nos
2109 2314 2205 2383 qui

615 2392 793 2462 ipsum
843 2396 1229 2465 praeexsistens
1273 2413 1418 2463 esse,
1453 2414 1518 2454 ac
1559 2400 1627 2456 de
1660 2401 1978 2460 hominibus
2020 2406 2206 2476 provi-

615 2484 854 2544 dentiam
897 2489 1119 2546 omnino
1149 2505 1338 2562 gerere
1391 2493 1678 2561 novimus;
1727 2511 1853 2550 nam
1890 2495 1957 2551 In
2007 2498 2203 2554 mundo

612 2592 748 2646 erat,
781 2593 832 2638 et
857 2584 1082 2639 mundus
1117 2601 1210 2654 per
1229 2586 1400 2654 ipsum
1425 2586 1600 2656 factus
1627 2597 1726 2655 est,
1753 2601 1803 2644 et
1835 2591 2062 2649 mundus
2084 2611 2202 2649 eum

612 2693 717 2730 non
754 2678 990 2747 cognovit
1019 2677 1104 2745 3';
1137 2678 1346 2735 scimus
1376 2681 1556 2751 ipsum
1606 2681 1660 2736 in
1707 2685 1925 2754 propria
1963 2688 2200 2753 venisse,

611 2769 833 2840 quando
863 2785 1058 2824 manus
1084 2770 1207 2840 ejus
1233 2772 1348 2828 sive
1367 2773 1452 2829 vis
1479 2788 1716 2844 operans
1751 2776 1895 2832 facta
1918 2788 2003 2835 est
2037 2796 2203 2852 super

610 2863 788 2917 virum
814 2861 1052 2919 dexterae
1073 2863 1215 2935 ejus,
1241 2866 1334 2936 qui
1358 2866 1412 2921 in
1431 2866 1740 2939 Evangeliis
1762 2869 1932 2928 Filius
1963 2864 2201 2932 hominis

610 2965 839 3010 vocatur
868 2975 882 3011 :
914 2973 1075 3028 quem
1122 2959 1229 3014 sibi
1263 2960 1366 3031 ipsi
1411 2960 1530 3032 ipse
1561 2977 1628 3016 ex
1664 2961 1870 3033 Spiritu
1903 2975 2097 3021 sancto
2118 2966 2202 3023 ef-

610 3048 866 3104 formavit
892 3069 905 3105 :
930 3066 1091 3121 quem
1123 3052 1174 3107 si
1203 3053 1542 3119 noverimus,
1579 3052 1873 3112 defectioni
1916 3072 2198 3129 nunquam

2241 1809 2284 1866 Β

2315 558 2387 609 οὐ
2411 556 2498 624 μὴ
2525 556 2881 628 ἀποστ-ὦμεν
2900 558 3020 614 ἀπὸ
3034 559 3173 613 σοῦ.
3209 559 3274 612 Ἦ
3291 559 3350 613 δὲ
3365 560 3605 631 δύναμις
3627 560 3749 614 τοῦ
3783 562 3970 630 λόγω

2313 648 2501 704 τοῦτον
2531 649 2644 722 ἔχει
2664 651 2758 704 τὸν
2787 651 2944 706 νοῦψ
2977 652 3114 724 Ἤδη
3153 654 3284 707 ποτέ
3315 655 3350 725 ἡ
3382 654 3505 726 χείρ
3548 671 3659 708 σου
3715 657 3768 725 ἡ
3821 657 3952 722 ﬁat:

2313 740 2411 812 νὴς
2443 743 2538 796 καὶ
2571 743 2802 816 ἀόρατος
2835 743 3197 816 ἐπιλαμψάτω
3231 747 3327 800 ἐπὶ
3356 725 3448 800 τὸν
3476 725 3826 820 Ϋύπηρέτην
3857 750 3964 820 τῆς

2314 832 2418 902 σῆς
2442 832 2621 898 δεξιᾶς
2650 835 2837 908 ἄνδρα,
2862 837 2956 891 καὶ
2998 838 3091 892 ἐπὶ
3113 837 3207 891 τὸν
3239 837 3500 908 μέλλοντα
3531 841 3962 910 χρηματίζειν

2314 926 2444 980 Υίὸν
2483 927 2770 1000 ἀνθρώπου
2792 947 2805 959 ·
2832 930 2892 984 δν
2920 930 2985 984 σὺ
3015 930 3199 1002 σαυτῷ
3251 930 3702 995 κατεσκεύασας,
3765 933 3960 1003 ἐκρα-

2311 1018 2553 1084 ταίωσας
2600 1020 2831 1093 ὄργανον
2871 1023 2973 1094 τῆς
3030 1023 3132 1095 σῆς
3184 1023 3505 1093 δυνάμεως,
3549 1025 3661 1078 καὶ
3721 1024 3957 1096 ὥσπερ

2311 1114 2533 1187 ἄγαλμα
2561 1116 2660 1188 τῆς
2700 1115 2895 1170 σαυτοῦ
2941 1115 3194 1187 θεότητος
3233 1117 3424 1172 τοῦτον
3453 1117 3633 1172 αὑτὸν
3667 1119 3954 1189 ἀναστη-

2313 1224 2432 1272 σας,
2460 1207 2664 1260 Τούτου
2705 1207 2814 1279 γὰρ
2852 1208 3133 1278 φανέντος,
3167 1209 3407 1274 εἰδώλοις
3435 1210 3630 1264 οὐκέτι
3675 1210 3952 1281 λατρεύ-

2313 1317 2478 1370 σομεν
2500 1315 2515 1329 ·
2573 1299 2690 1354 ἀλλ’
2737 1301 2860 1355 οὐδὲ
2899 1303 2967 1372 τῇ
3001 1300 3246 1372 πολυθέῳ
3289 1302 3464 1375 πλάνῃ
3509 1302 3946 1375 δουλεύσομεν,

2309 1394 2433 1449 οὐδὲ
2479 1393 2908 1466 ἀναχωρήσομέν
2947 1411 3041 1448 σου
3092 1393 3188 1448 τοῦ
3247 1393 3437 1450 λοιποῦ
3460 1413 3475 1425 ·
3528 1395 3600 1449 δι’
3639 1396 3851 1449 αὐτοῦ
3885 1397 3946 1452 δὲ

2311 1487 2620 1552 ζωωθέντες
2642 1488 2738 1541 καὶ
2771 1485 2870 1555 τῆς
2908 1487 3061 1559 παρὰ
3093 1488 3179 1541 σοὶ
3209 1487 3481 1559 σωτηρίας
3512 1489 3835 1558 τυχόντες,
3879 1491 3944 1542 τὸ

2309 1578 2482 1650 ὄνομα
2506 1596 2600 1632 σου
2631 1578 3088 1649 ἐπικαλεσόμεθα,
3126 1579 3304 1633 οὐκέτ’
3336 1579 3395 1644 ἐξ
3421 1579 3728 1650 ἀνθρώπου
3775 1583 3938 1645 τινὲς

2308 1670 2769 1743 χρηματίζοντες,
2817 1670 2925 1723 οὐδ’
2981 1670 3306 1742 Ἰσραηλῖται
3351 1671 3459 1724 ἀπὸ
3512 1671 3611 1726 τοῦ
3687 1673 3938 1744 Ἰσραὴλ

2309 1763 2653 1835 καλούμενοι,
2686 1762 2802 1818 ἀλλ’
2830 1763 2953 1818 ούδὲ
2984 1763 3092 1817 ἀπὸ
3117 1763 3212 1818 τοῦ
3249 1763 3418 1818 Ἰούδα
3459 1766 3720 1820 Ἰουδαῖοι
3745 1783 3770 1798 ο
3815 1767 3936 1820 ἀπὸ

2307 1855 2366 1909 δέ
2394 1854 2490 1910 τοῦ
2525 1855 2618 1910 σοῦ
2640 1856 2904 1927 ὀνόματος
2933 1854 3028 1908 τοῦ
3063 1855 3298 1928 Χριστοῦ
3329 1858 3654 1928 Χριστιανοὶ
3685 1876 3814 1929 χρη
3822 1876 3932 1929 μα-

2304 1949 2549 2020 τίσομεν.
2587 1948 2679 2002 Διὸ
2708 1947 2957 2002 λέλεκται
2984 1947 3124 2002 κατὰ
3143 1948 3236 2002 τὸν
3254 1948 3548 2020 Σύμμαχον
3570 1967 3584 1980 ·
3615 1951 3930 2016 Ζωώσεις

2307 2040 2484 2111 ἡμᾶς,
2510 2041 2609 2095 καὶ
2635 2038 2716 2106 τῷ
2752 2041 2998 2110 ὀνόματι
3029 2056 3144 2095 σου
3175 2042 3618 2110 κληθησόμεθα.
3671 2041 3928 2112 Θαυμά-

2309 2150 2400 2187 σαι
2421 2133 2479 2188 δὲ
2511 2133 2624 2186 ἔστι
2652 2133 2774 2186 τίνα
2795 2132 2994 2202 τρόπον
3038 2132 3248 2197 τούτοις
3287 2133 3722 2204 ἐντυγχάνοντες
3778 2135 3924 2188 Ἰου-

2305 2225 2470 2280 δαίων
2500 2225 2707 2289 παῖδες,
2728 2223 2787 2290 ἐξ
2809 2223 3044 2278 ἁπαλῶν
3067 2241 3128 2276 τε
3177 2222 3383 2294 ὀνύχων
3425 2223 3597 2277 ταῦτα
3638 2241 3920 2295 ica-:39;-

2306 2318 2587 2382 λετῶντες,
2613 2317 2675 2372 οὐ
2718 2316 2939 2389 ζητοῦσι
2963 2315 3055 2369 τὸν
3088 2315 3256 2388 ἄνδρα
3291 2315 3390 2387 τῆς
3414 2316 3592 2382 δεξιᾶς
3625 2317 3736 2370 τοῦ
3757 2317 3917 2371 Θεοῦ

2304 2411 2389 2474 τίς
2420 2427 2552 2464 ποτε
2583 2406 2672 2482 ἦν,
2701 2411 2820 2464 οὐδὲ
2847 2410 2940 2464 τὸν
2971 2408 3262 2479 λεγόμενον
3297 2407 3421 2462 Υίδν
3444 2407 3750 2479 ἀνθρώπου
3787 2411 3914 2463 ἑπι-

2304 2505 2660 2576 γινώσκουσι·
2679 2504 2758 2558 διὸ
2779 2505 2873 2558 καὶ
2895 2501 3268 2576 παραμένουσι
3291 2503 3357 2573 τῇ
3374 2501 3580 2554 ἑαυτῶν
3599 2503 3906 2572 συμφορᾷ.

2315 2599 2403 2664 Ὦς
2455 2599 2613 2669 εἴπερ
2688 2597 3007 2666 ἐπέγνωσαν
3059 2597 3154 2650 καὶ
3213 2593 3621 2666 μεμαθήκεισαν
3684 2595 3906 2655 αὐτὸν,

2303 2690 2544 2760 ἔγνωσαν
2574 2689 2640 2744 ἂν
2669 2687 2764 2742 καὶ
2793 2687 2884 2742 τὸν
2921 2687 2979 2740 ἐν
3017 2685 3165 2757 αύτῷ
3189 2685 3589 2755 κατοικήσαντα
3616 2683 3766 2736 Θεοῦ
3801 2685 3904 2737 Λό-

2302 2800 2398 2851 γον
2436 2783 2495 2836 ὃν
2537 2783 2571 2854 ἡ
2621 2767 2869 2852 παροῦσα
2920 2778 3106 2848 δέησις
3148 2776 3480 2831 ἀνεκαλεῖτο.
3533 2773 3679 2827 Ἀλλ’
3724 2776 3898 2844 ἡμεξς

2301 2877 2462 2932 αὑτὸν
2484 2877 2684 2940 ειδότες
2715 2875 2973 2948 προόντα,
3010 2871 3105 2925 καὶ
3137 2872 3202 2924 ἐκ
3220 2869 3316 2924 τοῦ
3340 2869 3540 2932 παντὸς
3570 2867 3671 2921 ἀνθ
3683 2867 3893 2940 ρώπων

2301 2967 2690 3038 ἐπιμελόμενον
2715 2982 2730 2996 ο
2761 2965 2857 3017 Ἐν
2870 2963 2978 3034 γὰρ
2992 2962 3073 3029 τῷ
3094 2963 3299 3030 κόσμῳ
3325 2957 3421 3030 ἦν,
3455 2960 3553 3014 καί
3580 2963 3614 3014 ὁ
3642 2961 3893 3028 κόσμος

2299 3061 2376 3116 δι’
2403 3059 2590 3116 αὐτοῦ
2621 3057 2874 3130 ἐγένετο,
2903 3055 3000 3110 καί
3022 3059 3056 3110 ό
3081 3055 3308 3124 κόσμος
3337 3052 3524 3108 αὐτὸν
3545 3053 3658 3106 οὐκ
3685 3051 3851 3121 ἔγνω
3871 3069 3888 3081 ο

607 3143 832 3198 obnoxii
874 3145 1103 3208 erimus,
1145 3145 1215 3201 ab
1241 3162 1308 3202 eo
1341 3147 1508 3202 vitam
1555 3148 1910 3219 accipientes,
1938 3151 2060 3221 ejus
2096 3168 2196 3208 no-

2301 3153 2458 3225 ίσμεν
2486 3152 2643 3206 αὐτὸν
2666 3151 2760 3206 καὶ
2792 3151 2871 3214 είς
2902 3148 2972 3202 τὰ
3000 3147 3104 3202 ἴδια
3135 3147 3378 3209 ἐλθόντα,
3412 3146 3500 3198 ὅτε
3529 3143 3625 3199 καὶ
3649 3143 3890 3212 γέγονεν

608 3237 756 3292 mine
795 3237 1072 3308 appellati.
1103 3237 1215 3295 Nos
1258 3241 1441 3312 itaque
1469 3241 1563 3311 qui
1619 3240 1814 3296 Filium
1846 3243 2082 3299 hominis
2110 3261 2199 3300 ex-

609 3341 947 3403 spectamus,
975 3343 1030 3389 et
1053 3350 1206 3406 spem
1247 3345 1491 3391 nostram
1539 3336 1595 3390 in
1622 3337 1799 3406 ipsum
1835 3337 2192 3408 conjecimus,

608 3425 725 3480 haec
757 3426 825 3481 de
856 3427 1014 3482 nobis
1047 3427 1182 3499 ipsis
1212 3427 1491 3498 loquimur
1515 3445 1531 3481 :
1551 3443 1651 3497 pro
1667 3428 1926 3485 membris
1954 3445 2084 3484 vero
2104 3446 2198 3485 no-

608 3520 740 3574 stris
788 3520 1054 3591 reliquam
1119 3521 1425 3576 orationem
1483 3520 1765 3576 fundimus
1816 3521 1902 3576 his
1961 3522 2192 3578 verbis:

607 3642 675 3652 —
702 3610 871 3667 Vens.
909 3613 998 3668 20.
1032 3613 1172 3668 Deus
1196 3614 1472 3678 virtutum,
1507 3624 1745 3668 converte
1774 3631 1889 3679 nos,
1911 3623 1960 3668 et
1980 3614 2192 3670 ostende

2301 3241 2465 3298 αὐτοῦ
2493 3245 2527 3314 ἡ
2554 3243 2694 3313 χεὶρ,
2726 3241 3000 3294 τουτέστιν
3024 3242 3057 3312 ἡ
3088 3236 3367 3310 πρακτικὴ
3391 3237 3618 3306 δύναμις
3647 3235 3748 3288 ἐπὶ
3785 3235 3889 3288 τὸν

2299 3336 2467 3409 ἄνδρα
2486 3336 2584 3406 τῆς
2609 3333 2790 3399 δεξιᾶς
2811 3332 2975 3387 αὐτοῦ
2994 3373 3008 3397 ,
3037 3332 3128 3385 τὸν
3158 3331 3251 3386 καὶ
3278 3328 3365 3383 διὰ
3389 3327 3497 3382 τῶν
3524 3326 3885 3395 Εὑαγγελίων

2299 3429 2426 3482 Υίὸν
2453 3423 2742 3498 ἀνθρώπου
2770 3422 3187 3496 χρηματίσαντα
3205 3438 3220 3452 ο
3251 3421 3309 3474 ὃν
3329 3419 3492 3482 αὐτὸς
3520 3416 3698 3487 ἐαυτῷ
3720 3433 3882 3469 συνε-

2298 3522 2534 3592 στήσατο
2575 3519 2634 3586 ἐξ
2668 3518 2823 3588 ἁγίου
2873 3516 3188 3588 Πνεύματος
3237 3513 3602 3583 καταρτίσας
3646 3509 3712 3563 δν
3753 3511 3880 3563 ἐπι-

2295 3613 2515 3682 γνόντες
2563 3611 2922 3666 ἀναπόστατοι
2971 3608 3155 3662 λοιπὸν
3198 3603 3539 3676 γενησόμεθα
3589 3602 3657 3656 δι’
3704 3602 3874 3656 αὑτοῦ

609 3705 799 3774 [aciem
823 3714 969 3759 tuam
997 3715 1044 3761 et
1072 3707 1208 3761 salvi
1244 3707 1462 3772 erimus,
1503 3721 1809 3762 sermonem
1834 3707 1887 3761 in
1912 3707 2188 3762 communi

2301 3705 2626 3776 ζωούμενοι,
2677 3703 2754 3774 τῷ
2815 3719 2876 3756 τε
2920 3701 3146 3771 ὀνόματι
3195 3697 3360 3752 αὑτοῦ
3417 3695 3866 3768 χρηματίζοντες.

605 3797 952 3869 prolerentes
977 3815 1077 3870 pro
1108 3801 1196 3864 iis,
1223 3800 1318 3871 qui
1347 3798 1588 3855 nondum
1615 3799 1869 3854 conversi
1893 3808 2044 3865 sunt,
2067 3814 2191 3856 nec-

607 3890 738 3945 dum
768 3891 1061 3946 adventum
1086 3891 1208 3962 ejus
1239 3900 1546 3961 noverunt;
1579 3892 1812 3965 ideoque
1840 3892 2082 3948 nondum
2107 3907 2188 3948 sa-

606 3980 774 4036 lutem
804 3997 834 4036 a
869 3981 979 4038 Deo
1008 3995 1137 4038 sunt
1169 3985 1475 4039 consecuti.

2306 3798 2495 3868 Ἡμεῖς
2545 3795 2642 3866 μὲν
2693 3789 2786 3848 οὖν
2817 3793 2866 3846 οἱ
2899 3792 2991 3845 τὸν
3018 3791 3147 3845 Υίὺν
3180 3789 3275 3843 τοῦ
3307 3787 3594 3860 ἀνθρώπου
3637 3786 3863 3857 προσδο-

2292 3887 2494 3950 κῶντες
2515 3885 2608 3939 καὶ
2633 3883 2732 3948 τὰς
2758 3881 2977 3946 ἐλπίδας
2993 3881 3074 3945 εἰς
3088 3881 3249 3934 αὑτὸν
3275 3876 3662 3951 ἀνηρτημένοι,
3691 3875 3866 3928 ταῦτα

2292 3981 2420 4053 περὶ
2459 3977 2666 4032 ἑαυτῶν
2707 3992 2887 4046 φαμεν
2910 3991 2924 4005 ·
2955 3975 3081 4046 περὶ
3103 3972 3162 4026 δὲ
3202 3973 3309 4026 τῶν
3345 3971 3627 4044 ἡμετέρων
3663 3968 3856 4039 μελῶν,

603 4077 702 4148 τὴν
723 4077 914 4150 λοιπὴν
953 4078 1232 4152 ἱκετηρίαν
1262 4079 1660 4151 ἀναπέμπομεν
1686 4078 2016 4148 φάσκοντες’
2047 4076 2101 4130 '0
2141 4077 2286 4143 Θεὸς
2311 4073 2431 4129 τῶν
2457 4071 2788 4141 δυνάμεων,
2819 4069 3188 4137 ἐπίστρεψον
3230 4064 3406 4136 ἡμᾶς,
3444 4065 3544 4120 καὶ
3568 4065 3859 4132 ἐπίμονον

604 4167 674 4224 τὸ
700 4171 1027 4238 πρόσωπόν
1047 4185 1184 4237 σου,
1216 4171 1312 4224 καί
1346 4172 1762 4242 σωθησόμεθα,
1784 4167 2212 4234 κοινοποιοῦντες
2241 4168 2332 4222 τὸν
2359 4165 2514 4234 λόγον
2537 4163 2678 4236 ὑπὲρ
2708 4163 2817 4216 τῶν
2853 4161 3077 4234 μηδέπω
3102 4158 3562 4229 ἐπιστρεψάντων,
3593 4157 3726 4228 μηδὲ
3761 4156 3854 4228 τὴν

606 4263 924 4331 ἐπιφάνειαν
969 4263 1357 4332 ἐπεγνωκότων
1409 4264 1595 4330 αὑτοῦ,
1628 4264 1723 4319 καὶ
1757 4264 1848 4319 διὰ
1869 4262 2028 4317 τοῦτο
2053 4261 2276 4334 μηδέπω
2310 4259 2409 4330 τῆς
2440 4256 2591 4328 παρὰ
2625 4255 2703 4326 τῷ
2729 4254 2850 4326 Θεῷ
2887 4251 3160 4326 σωτηρίας
3204 4248 3596 4320 τετυχηκότων.

712 4419 764 4472 1.
802 4417 868 4472 ΙΝ
906 4415 1114 4472 FINEM
1161 4416 1299 4472 PRO
1349 4417 1889 4476 TORCULARIBUS
1943 4419 2075 4476 IPSI

1133 4487 1381 4544 ASAPH.
1423 4489 1636 4545 LXXX.

676 4625 842 4682 Vens.
873 4626 928 4683 2.
974 4626 1253 4683 Exsultate
1295 4627 1406 4682 Deo
1451 4627 1690 4697 adjutori
1731 4637 1933 4693 nostra,
1957 4626 2186 4698 jubilate

2213 4377 2258 4432 Ι)

2431 4373 2539 4426 ΕΙΣ
2578 4370 2667 4423 ΤΟ
2707 4369 2948 4435 ΤΕΛΟΣ,
2989 4367 3165 4422 ΥΠΕΡ
3193 4366 3329 4420 ΤΩΝ
3371 4365 3608 4420 ΔΗΝΩΝ
3632 4367 3716 4438 Τῼ

2908 4529 3117 4584 ἈΣΑΦ.
3138 4529 3200 4581 II'

2371 4621 2754 4694 Ἀγαλλιᾶσθε
2767 4619 2846 4686 τῷ
2859 4620 2980 4686 Θεῷ
2997 4619 3074 4684 τῷ
3091 4617 3297 4685 ,βοηλθῷ
3314 4617 3500 4688 ἡμῶν,
3518 4618 3844 4682 (“adfare

606 4717 718 4776 Deo
743 4718 930 4774 Iacob.
975 4717 1177 4776 Psalmi
1220 4719 1328 4773 Pro
1369 4720 1723 4774 torcularibus
1762 4721 2013 4790 inscripti
2069 4729 2183 4775 tres

2301 4715 2368 4782 τῷ
2388 4715 2508 4780 Θεῷ
2551 4713 2858 4769 Ἰακὼϐ.οί
2887 4710 3352 4783 ἐπιγεγραμμένοι
3387 4711 3493 4765 τῶν
3530 4710 3702 4782 ληνῶν
3718 4711 3842 4780 ψαλ-

607 4828 836 4868 numero
867 4819 1034 4870 sunt:
1069 4827 1212 4867 unus
1244 4809 1486 4877 Davidis,
1520 4828 1712 4884 nempe
1744 4821 2002 4880 octavus;
2039 4828 2182 4869 unus

2301 4808 2383 4878 μοὶ
2433 4809 2580 4880 τρεῖς
2615 4806 2707 4859 τὸν
2765 4802 2995 4876 ἀριθμὸν
3034 4803 3420 4874 τυγχάνουσιν·
3483 4797 3562 4866 εἷς
3623 4803 3714 4873 μὲν
3754 4801 3838 4854 τοῦ

606 4904 830 4974 Asaphi,
858 4919 1018 4972 quem
1038 4904 1150 4975 jam
1174 4914 1506 4972 tractamus;
1534 4905 1768 4960 liliorum
1805 4913 1987 4960 autem
2020 4903 2184 4970 Core,

606 5009 839 5052 unm.
869 4993 1108 5051 Octavus
1135 4995 1321 5066 itaque
1352 4996 1694 5052 vocationem
1725 4997 1968 5066 gentium
2001 5006 2186 5066 aperte

609 5085 1028 5148 vaticinabatur,
1060 5102 1224 5158 quam
1259 5085 1467 5157 Spiritu
1495 5086 1684 5142 divino
1714 5086 2072 5156 pmvidentes
2091 5087 2186 5144 Dei

607 5177 887 5249 prophetae
959 5185 1182 5249 stupore
1229 5177 1658 5234 alliciebantur:
1711 5193 1884 5248 quare
1934 5181 2186 5237 mirantis

609 5284 762 5325 more
808 5270 1186 5325 exclamabant
1233 5271 1499 5334 dicentes,
1552 5271 1776 5327 Domine
1803 5272 1943 5327 Deus
1982 5285 2179 5338 noster,

608 5379 767 5428 quam
794 5361 1109 5417 admirabile
1125 5372 1205 5418 est
1243 5380 1430 5418 nomen
1463 5373 1612 5418 tuum
1641 5366 1698 5419 in
1725 5368 1970 5421 universa
1999 5368 2182 5422 terra!

609 5452 989 5524 Octogesimus
1014 5470 1144 5510 vero
1177 5455 1375 5511 tertius
1403 5457 1573 5510 multa
1609 5458 1984 5526 tabernacula,
2013 5462 2180 5516 multa

611 5546 825 5612 altaria,
882 5549 1016 5602 atria
1059 5548 1291 5619 plurima
1342 5547 1458 5603 fore
1511 5549 1875 5620 pmvidebat;
1929 5552 2181 5608 videlicet

612 5635 884 5694 Ecclesias
913 5639 1006 5696 Dei
1039 5657 1134 5711 per
1163 5648 1334 5696 totum
1367 5640 1556 5696 orbem
1605 5643 1952 5709 constitutas,
1988 5645 2178 5701 altaria

680 5772 725 5804 ⁸¹
754 5773 909 5829 Joan.
943 5790 993 5844 ι,
1026 5775 1108 5831 10.

2286 4899 2469 4962 Δαυῖδ,
2508 4901 2538 4952 ὁ
2569 4898 2776 4968 ὄγδοος,
2834 4889 2912 4959 εἷς
2961 4895 3016 4949 δὲ
3043 4895 3141 4948 τοῦ
3185 4897 3376 4966 Ἀσὰφ,
3412 4897 3441 4948 ὁ
3475 4895 3614 4966 μετὰ
3646 4896 3833 4966 κείρας,

2287 4992 2384 5048 καὶ
2418 4991 2527 5045 τῶν
2559 4993 2690 5044 υίῶν
2715 4990 2858 5061 Κορὲ
2888 4991 2917 5042 ὁ
2947 4995 3000 5043 π’
3035 4989 3128 5042 καὶ
3152 4995 3221 5058 γ’.
3257 4990 3314 5042 '0
3347 4989 3445 5060 μὲν
3476 4982 3569 5040 οὖν
3594 4993 3641 5057 η’
3669 4985 3834 5054 σαφῶς

2286 5083 2397 5137 τῶν
2421 5082 2590 5137 ἐθνῶν
2611 5082 2709 5154 τὴν
2729 5082 2918 5151 κλῆσιν
2950 5079 3250 5145 ἐθέσπιζεν,
3286 5081 3350 5151 ἦν
3378 5079 3455 5150 τῷ
3477 5077 3742 5147 Πνεύματι
3767 5076 3834 5145 τῷ

2289 5170 2420 5244 θείῳ
2477 5169 2913 5243 προθεωροῦντες
2945 5170 2995 5222 οἱ
3037 5169 3131 5223 τοῦ
3170 5168 3307 5223 Θεοῦ
3366 5169 3661 5239 προφῆται,
3684 5167 3832 5238 ὑπερ-

2289 5262 2694 5334 εξεπλήττοντο’
2717 5260 2795 5314 διὸ
2823 5261 2916 5314 καὶ
2931 5261 3141 5314 ἁποθαυ
3149 5260 3424 5333 μαπικῶς
3443 5256 3736 5328 ἁνεφὼνουν
3750 5258 3802 5310 τό
3815 5273 3828 5287 '

2284 5355 2460 5423 Κύριε
2494 5357 2528 5408 o'
2559 5352 2702 5419 Θεὸς
2738 5353 2926 5422 ἡμῶν,
2956 5355 3037 5419 ὡς
3071 5353 3417 5422 θαυμαστόν
3445 5353 3510 5404 τὸ
3536 5349 3709 5418 ὄνομά
3730 5365 3830 5403 σου

2283 5445 2352 5498 ἐν
2377 5443 2543 5512 πάσῃ
2563 5443 2638 5511 τῇ
2663 5442 2776 5514 γῇ]
2800 5443 2910 5496 Καὶ
2936 5445 2965 5495 ὁ
2985 5449 3031 5510 γ’
3054 5441 3111 5495 δὲ
3139 5441 3233 5496 καὶ
3254 5448 3306 5494 π’
3331 5440 3498 5494 πολλὰ
3523 5437 3830 5510 σκηνώματα

2282 5535 2378 5588 καὶ
2406 5533 2572 5588 πολλὰ
2593 5533 2951 5606 θυσιαστήρια
2983 5535 3075 5588 καὶ⁹
3103 5533 3304 5597 πολλὰς
3346 5533 3515 5597 αύλάς
3568 5531 3822 5603 προεώρα·

2283 5624 2481 5697 δηλαδὴ
2499 5625 2598 5689 τὰς
2629 5625 2749 5680 καθ’
2766 5627 2892 5698 ὅλης
2921 5628 3017 5698 τῆς
3044 5627 3365 5698 οἰκουμένης
3401 5625 3717 5696 Ἐκκλησίας
3743 5622 3826 5680 τοῦ
