4078 6934
275 385 400 444 969
1299 347 1314 362 ’
1412 375 1868 435 οοιιιιεΝτΑιιι

1979 373 2023 430 Ν
2063 375 2395 434 εεΑιιιοε.
3011 418 3015 422 -
3430 377 3537 434 970

283 500 454 566 Θεοῦ,
508 515 605 555 και
647 511 714 552 τα
768 513 829 551 εν
872 496 1061 561 αὐταῖς
1103 496 1268 551 πολλὰ
1312 496 1673 568 θυσιαστήρια
1696 511 1709 524 ·
1737 493 1773 549 ἃ.
1797 493 1862 565 δὴ

1978 509 2074 563 que
2113 494 2168 549 in
2201 495 2310 550 illis
2343 496 2481 551 bene
2517 503 2724 550 multa:
2765 510 2887 566 qua:
2924 493 3223 558 hisyerbis
3249 493 3490 549 declarat
3511 481 3537 550 ἰ

287 593 538 665 παρίστη
561 590 734 658 ’λέγων
758 604 772 615 ·
819 587 914 655 Ὧς
938 589 1213 657 ἀγαπητὰ
1248 588 1320 642 τὰ
1339 585 1704 656 σκηπῦματά
1732 601 1870 651 σου,

1978 585 2150 650 Quam
2177 587 2372 642 dilecta
2399 586 2740 642 tabernacula
2766 595 2879 652 tua,
2914 586 3137 641 Domine
3163 587 3452 642 virtutum!
3477 601 3541 641 ac

290 687 477 754 Κύριε
524 684 638 737 τῶν
691 680 1005 751 δυνάμεων
1021 681 1166 744 ἐκαὶ
1205 678 1394 744 αὖθις·
1441 679 1741 736 Ἐπιποθεῖ
1772 679 1871 733 καί

291 776 562 832 ἐκλείπει
579 772 618 840 ἡ
645 772 814 842 ψυχή
839 791 958 841 μου
985 774 1072 839 εις
1107 772 1215 838 τὰς
1254 773 1449 839 αὐλὰς
1473 772 1580 826 τοῦ
1609 771 1831 841 Κυρίου
1852 789 1867 802 ·

294 869 396 921 καὶ
423 867 548 936 ἑξῆς
571 881 586 895 ο
627 863 702 917 Τὰ
743 862 1142 932 θυσιαστήριά
1181 880 1322 930 σου,
1355 865 1533 932 Κύριε
1557 863 1677 918 τῶν
1699 862 1874 918 δυνά-

195 951 198 954 ’
284 977 472 1031 μεων.
515 957 571 1008 ὐ
613 954 670 1008 δὲ.
713 954 850 1026 μετὰ
877 958 1062 1027 χεῖρας
1091 955 1299 1027 ἑτέροις
1332 955 1432 1026 μὲν
1478 953 1739 1025 ἀγαλλιᾷν
1777 954 1872 1008 καὶ

260 1049 584 1115 ’ἀλαλάζειν
629 1048 724 1103 uel.
762 1046 984 1117 ψάλλειν
1016 1046 1463 1119 παρακελεύεται,
1500 1045 1594 1100 τοῦ
1637 1046 1696 1099 δὲ
1738 1047 1870 1100 ’1ου-

287 1145 457 1200 δαίων
511 1143 696 1205 ἔθνους
745 1141 846 1211 τὴν
900 1139 1171 1211 ἀποϐολὴν
1199 1139 1294 1193 καὶ
1330 1139 1426 1211 τὴν
1460 1140 1669 1212 ταύτης
1693 1139 1872 1192 αἰτίαν

293 1237 611 1310 παρίστησι,
660 1233 752 1288 καὶ
778 1233 960 1304 σφόδρ’
1005 1232 1312 1298 ἀκολούθως
1354 1236 1474 1297 ταῖς
1513 1232 1602 1286 διὰ
1632 1232 1740 1285 τῶν
1772 1231 1872 1302 έμ-

289 1327 530 1400 προσθεν
557 1324 933 1400 προφητείαις.
973 1323 1188 1396 Ἐπειδὴ
1217 1323 1326 1396 γὰρ
1360 1325 1418 1378 ἐν
1441 1324 1520 1394 τῷ
1551 1325 1657 1396 πρὸ
1679 1323 1869 1378 τούτου

279 1419 478 1492 ἠρώτα
504 1417 697 1487 λέγων·
742 1417 862 1472 Ἵνα
903 1416 962 1471 τι
987 1417 1258 1486 καθεῖλες
1299 1417 1405 1472 τὸν
1451 1417 1724 1488 φραγμὸν
1760 1417 1871 1471 αὐ-

285 1510 422 1579 τῆς,
453 1509 548 1564 καὶ
576 1508 875 1578 τρυγῶσιν
896 1508 1091 1578 αὐτὴν
1120 1509 1344 1577 πάντες
1381 1513 1436 1564 oi
1464 1509 1872 1578 παραπορευό-

281 1620 457 1675 μενοι
488 1601 603 1670 τὴν
625 1602 802 1667 ὁδόν;
833 1601 1110 1658 ὲπιλύεται
1141 1604 1241 1676 τὴν
1272 1602 1632 1674 ὲπαπόρησιν,
1659 1602 1747 1656 διὰ
1775 1600 1869 1656 τοῦ

287 1695 436 1768 μετὰ
467 1698 654 1766 χεῖρας
683 1695 906 1764 φάσκων
925 1711 938 1725 ·
966 1696 1036 1750 Ei
1061 1697 1095 1749 ὀ
1141 1695 1292 1761 λαός
1321 1713 1440 1764 μου
1470 1693 1702 1764 ἤκουσέ
1726 1711 1867 1763 μου,

303 1787 546 1856 Ἰσραὴλ
588 1789 641 1841 εὶ
679 1786 810 1853 ταῖς
841 1786 1003 1854 ὁδοῖς
1028 1804 1149 1857 μου
1197 1787 1486 1856 ἐπορεύθη
1505 1805 1520 1820 ο
1546 1787 1615 1842 ἐν
1641 1786 1723 1853 τῷ
1751 1803 1869 1855 μη·-

1974 690 2194 732 rursum
2225 695 2238 730 :
2271 676 2669 746 Concupiscitet
2697 676 2874 747 deﬁcit
2913 677 3094 730 anima
3141 693 3258 732 mea
3304 677 3360 732 in
3401 677 3543 730 atria

1972 767 2224 831 Domini;
2252 777 2308 825 et
2331 769 2528 824 iterum
2553 770 2800 826 :Altaria
2845 779 2955 832 tua,
3003 768 3220 823 Domine
3262 770 3539 824 virtutum.

1971 858 2223 916 Psalmus
2250 877 2382 916 vero
2411 877 2670 932 praesens,
2701 863 2839 918 alios
2869 861 3090 932 quidem
3131 863 3427 928 exsultare,
3452 861 3543 931 ju-

1972 952 2148 1008 bilare
2176 960 2230 1009 et
2281 954 2514 1024 psallere
2552 955 2726 1024 jubet,
2756 953 2970 1010 Iudaici
3005 969 3133 1010 vero
3176 956 3362 1024 populi
3393 955 3542 1022 abje-

1971 1045 2206 1101 ctionem
2250 1046 2478 1116 ejusque
2516 1061 2736 1102 causam
2769 1047 3028 1106 declarat.
3059 1055 3114 1103 et
3138 1047 3356 1119 quidem
3389 1046 3544 1102 valde

1971 1145 2368 1206 consequenter
2411 1119 2476 1191 ad
2513 1137 2724 1208 priores
2761 1139 3098 1208 prophetias.
3143 1138 3278 1194 Nam
3309 1141 3436 1210 quia
3487 1141 3540 1195 in

1971 1225 2295 1296 praecedenti
2321 1227 2691 1299 interrogabat
2717 1228 2911 1285 dicens
2947 1249 2960 1284 :
3003 1229 3197 1301 thuid
3227 1231 3544 1287 destruxisti

1972 1321 2257 1374 maceriam
2287 1320 2422 1390 ejus,
2449 1331 2499 1374 et
2523 1321 2842 1376 vindemiant
2864 1339 2982 1377 eam
3017 1339 3195 1378 omnes
3229 1325 3320 1394 qui
3337 1335 3547 1394 practer-

1968 1411 2282 1483 grediuntur
2314 1414 2494 1470 viam?
2525 1413 2613 1468 bic
2642 1413 2867 1469 dubium
2900 1415 3062 1468 solvit
3101 1414 3186 1470 his
3223 1417 3408 1473 verbis
3440 1437 3453 1472 :
3485 1417 3546 1473 Si

1968 1503 2191 1572 populus
2219 1519 2362 1558 meus
2379 1502 2616 1560 audisset
2637 1521 2739 1568 me,
2773 1502 2946 1560 Israel
2973 1508 3021 1562 si
3053 1507 3107 1561 in
3141 1507 3237 1562 viis
3270 1510 3398 1564 meis
3426 1526 3545 1562 am-

1969 1593 2228 1660 bulasset,
2256 1611 2352 1664 pro
2375 1595 2540 1652 nihilo
2570 1598 2815 1652 inimicos
2851 1615 3034 1652 eorum
3058 1599 3420 1656 humiliassem
3437 1619 3457 1667 ;
3480 1619 3545 1657 ac

1970 1685 2282 1757 subjungit:
2309 1686 2378 1740 Et
2408 1705 2511 1742 non
2528 1688 2730 1742 audivit
2749 1690 2973 1760 populus
2994 1707 3138 1746 meus
3158 1707 3331 1746 vocem
3354 1709 3544 1758 meam,

1972 1790 2021 1834 et
2058 1779 2230 1836 Israel
2259 1799 2364 1837 non
2390 1783 2614 1839 intendit
2640 1785 2789 1838 mihi.
2825 1785 2893 1840 Et
2921 1785 3103 1841 dimisi
3136 1804 3227 1842 eos
3257 1789 3547 1843 secundant

283 1841 606 1943 δενιτοὺς
635 1841 885 1946 ἐχθροὺς
914 1841 1111 1929 adadv
1133 1841 1508 1932 ἐταπείνωσα
1527 1895 1540 1907 ·
1558 1841 1660 1931 καὶ
1690 1841 1875 1930 indli-

1978 1870 2240 1927 desideria
2288 1875 2465 1930 cordis
2519 1891 2728 1942 eorum,
2778 1874 2928 1931 ibunt
2983 1877 3038 1930 in
3090 1877 3548 1933 adinventionibus

291 1985 381 2037 γει
401 1985 414 1997 ·
448 1968 558 2022 Kal
577 1969 686 2022 οὐκ
698 1966 966 2035 ἤκουσεν
989 1970 1022 2021 ὁ
1048 1970 1200 2034 λαός
1220 1986 1340 2038 μου
1369 1968 1480 2039 τῆς
1507 1967 1710 2038 φωνῆς
1728 1987 1868 2040 μου,

290 2058 396 2114 καὶ
438 2057 676 2128 Ἰσραὴλ
713 2059 784 2112 οὐ
821 2057 1127 2128 προσέσχε
1161 2077 1282 2128 μοι.
1319 2059 1366 2113 Κ
1372 2060 1432 2113 ai
1475 2059 1874 2125 ἐξαπέστειλα

259 2149 518 2216 ςαύτοὺς
550 2151 699 2204 κατὰ
740 2148 813 2226 ta
841 2150 1275 2222 ἐπιτηδεύματα
1323 2151 1440 2205 τῶν
1489 2151 1746 2220 καρδιῶν
1774 2154 1875 2207 αὐ-

292 2239 436 2302 τῶν,
473 2239 872 2306 πορεύσονται
903 2237 973 2291 ἐν
997 2238 1121 2306 τοῖς
1147 2238 1616 2308 ἐπιτηδεύμασιν
1647 2237 1870 2294 αὐτῶν.

307 2329 460 2385 Ἐπεὶ
479 2329 655 2383 τοίνυν
695 2329 757 2383 τὸ
789 2330 1018 2402 ἀνήκοον
1047 2329 1141 2383 καὶ
1174 2328 1237 2383 τὸ
1279 2327 1502 2392 ἀπειθὲς
1529 2327 1708 2382 αὐτῶν
1733 2345 1874 2399 παρ-

298 2421 498 2493 ίστησι,
543 2419 864 2494 μεταϐάλλει
905 2421 997 2476 τὸν
1027 2420 1183 2490 λόγον
1215 2421 1461 2485 εἰκότως,
1496 2420 1589 2475 καὶ
1618 2419 1720 2491 τὴν
1764 2419 1873 2474 τῶν

296 2513 466 2567 ἐθνῶν
526 2513 717 2584 κλῆσιν
773 2511 1181 2582 εὐαγγελίζεται
1232 2511 1296 2564 τὸ
1344 2509 1568 2582 Πνεῦμα
1596 2510 1658 2564 τὸ
1695 2511 1870 2578 ἅγιον.

295 2603 461 2657 πᾶσιν
515 2601 823 2674 ἀνθρώποις
881 2599 1234 2674 προσφωνῶν
1289 2600 1383 2654 καὶ
1429 2600 1615 2670 λέγον
1675 2602 1874 2670 Ἀγαλ-

293 2692 509 2750 λιᾶσθε
553 2693 632 2760 τῷ
674 2692 794 2760 Θεῷ
825 2692 908 2759 τῷ
943 2692 1149 2762 ,ϐοηθῷ
1187 2691 1375 2764 ἡμῶν.
1411 2694 1572 2763 Λέγει
1611 2694 1675 2748 δὲ
1702 2694 1874 2749 ταῦτα

296 2787 362 2839 ὲκ
387 2784 678 2857 προσώπου
705 2784 798 2839 τοῦ
821 2784 981 2858 χοροῦ
1003 2785 1097 2840 τοῦ
1129 2786 1492 2857 προφητικοῦ.
1541 2787 1627 2850 Ὠς
1667 2785 1775 2859 γὰρ
1815 2789 1874 2840 ὲν

295 2875 374 2946 τῷ
405 2881 456 2946 η’
502 2874 677 2944 ἔλεγε⁸
708 2875 884 2942 Κύριε
912 2876 945 2928 ὀ
969 2875 1182 2942 Κύριος
1210 2873 1399 2943 ἡμῶν,
1435 2872 1874 2943 ίδιοποιουμένων

298 2969 391 3023 τὸν
411 2969 545 3022 Θεὸν
570 2967 682 3021 τῶν
713 2967 885 3021 ταῦτα
910 2966 1198 3034 λεγόντων,
1219 2963 1307 3019 διὰ
1338 2963 1399 3018 τὸ
1427 2963 1659 3039 πρώτων
1692 2963 1874 3018 αὐτῶν

297 3059 578 3128 γεγονέναι
608 3058 698 3112 τὸν
727 3058 858 3112 Θεὸν
877 3073 890 3088 ·
923 3057 1064 3112 οὕτω
1092 3060 1186 3110 καὶ
1217 3056 1450 3111 ἐνταῦθα
1476 3058 1527 3109 οἱ
1548 3057 1724 3124 αὐτοὶ,
1746 3057 1874 3120 τοὺς

1973 1962 2108 2017 suis.
2135 1961 2273 2029 Quia
2305 1963 2470 2034 igitur
2501 1965 2971 2036 inobsequentiam
2997 1981 3186 2022 eorum
3218 1974 3274 2022 et
3303 1968 3551 2024 immori-

1973 2066 2165 2121 gerum
2213 2053 2457 2108 animum
2495 2054 2761 2121 declarat,
2807 2071 3112 2112 sermonem
3146 2059 3343 2112 merito
3378 2056 3552 2129 Spiri-

1974 2151 2066 2198 tus
2097 2152 2329 2201 sanctus
2369 2145 2650 2212 transfert,
2686 2155 2742 2204 et
2782 2148 3021 2219 gentium
3063 2150 3406 2206 vocationem
3449 2168 3550 2207 au-

1976 2236 2190 2290 nuntiat
2230 2236 2486 2291 omnibus
2541 2236 2880 2302 hominibus,
2931 2239 3012 2295 sic
3056 2255 3153 2296 eos
3204 2241 3492 2313 alloquens
3532 2261 3545 2296 :

1975 2324 2259 2382 Exsultate
2287 2325 2397 2381 Deo
2433 2327 2670 2397 adjutori
2711 2338 2914 2384 nostra.
2947 2329 3064 2386 Hoc
3099 2348 3265 2402 porro
3311 2334 3446 2389 dicit
3482 2351 3551 2391 ex

1973 2431 2211 2486 persona
2251 2416 2406 2472 chori
2441 2419 2765 2488 prophetici.
2799 2418 2871 2475 Ut
2896 2421 3042 2476 enim
3076 2421 3133 2476 in
3182 2431 3378 2478 octavo
3404 2427 3550 2494 psal-

1976 2523 2067 2564 mo
2088 2506 2302 2564 dicebat
2328 2524 2342 2560 :
2371 2508 2596 2565 Domine
2618 2510 2880 2567 Dominus
2911 2523 3108 2580 noster,
3135 2514 3208 2569 ita
3239 2523 3299 2570 ut
3321 2518 3413 2586 qui
3437 2517 3552 2572 haec

1975 2597 2242 2664 dicerent,
2279 2598 2450 2656 Deum
2490 2603 2647 2672 quasi
2689 2603 2794 2659 sibi
2841 2605 3121 2676 proprium
3167 2607 3549 2674 praedicarent,

1970 2689 2104 2758 quia
2135 2703 2327 2746 eorum
2378 2692 2612 2762 primum
2664 2691 2808 2750 Deus
2841 2695 3053 2764 fuerat;
3087 2699 3164 2750 ita
3204 2704 3258 2753 et
3285 2697 3390 2752 hoc
3432 2700 3552 2754 loco

1976 2780 2142 2836 iidem
2173 2796 2293 2845 eos,
2335 2783 2430 2853 qui
2472 2784 2720 2840 extranei
2764 2793 2822 2841 et
2857 2786 3024 2842 alieni
3057 2787 3185 2844 facti
3221 2797 3372 2854 sunt,
3419 2805 3551 2846 evo-

1975 2881 2186 2939 cantes,
2202 2873 2393 2930 dicunt
2417 2893 2432 2928 :
2458 2875 2605 2933 Heus
2627 2893 2746 2942 vos,
2775 2879 2982 2934 relictis
3001 2879 3070 2937 iis
3092 2896 3233 2951 quos
3250 2898 3440 2939 errore
3455 2884 3553 2939 du-

1974 2965 2050 3020 cti
2080 2964 2211 3023 deos
2229 2967 2801 3032 mstimabatis,venite
2823 2969 3144 3028 festinanter
3169 2973 3236 3029 ad
3266 2973 3435 3030 Deum
3452 2991 3554 3030 no-

1978 3065 2174 3122 strum,
2194 3059 2408 3131 ipsique
2421 3062 2727 3130 exsultetis,
2745 3064 2838 3134 qui
2863 3079 3080 3135 semper
3101 3067 3261 3122 nobis
3276 3067 3380 3139 ipsi
3393 3069 3552 3124 addi-

297 3151 743 3222 ἁπεξενωμένους
761 3151 855 3205 καὶ
869 3149 1180 3223 ἀλλοτρίους
1199 3148 1650 3220 ἀνακαλούμενοι,
1685 3148 1870 3219 φασίνο

1979 3151 2084 3206 ctis
2101 3151 2324 3221 adiutor
2345 3151 2468 3207 fuit.
2499 3153 2635 3220 Quis
2652 3169 2816 3224 porro
2843 3155 2933 3211 hic
2949 3155 3134 3222 fuerit,
3150 3158 3349 3215 deinde
3369 3159 3552 3215 decla-

297 3240 368 3298 Ὦ
393 3237 536 3298 οὗτοι
552 3283 568 3308 ,
619 3242 1036 3308 καταλείποντες
1082 3243 1210 3306 τοὺς
1245 3240 1676 3313 πεπλανημένως
1719 3258 1874 3313 νομι-

297 3337 559 3408 ζομένους
613 3336 741 3408 ὑμῖν
787 3335 963 3400 θεοὺς,
1024 3335 1189 3406 ἥκετε
1238 3333 1559 3398 σπεύδοντες
1603 3333 1740 3407 πρὸς
1783 3332 1876 3387 τὸν

301 3430 568 3502 ἡμέτερον
611 3429 765 3494 Θεὸν,
815 3428 912 3483 καὶ
960 3426 1134 3499 τούτῳ
1163 3425 1494 3497 ἀγαλλιᾶσθε
1535 3424 1614 3496 τῷ
1645 3425 1878 3480 πάντοτε

303 3525 337 3592 ἡ
348 3521 462 3593 μῶν
489 3521 596 3575 τῶν
624 3521 774 3592 αὐτῷ
817 3520 1189 3592 ἀνακειμένων
1235 3518 1418 3591 βοηθῷ
1453 3517 1749 3590 γενομένῳ.
1779 3517 1878 3581 Τίς

301 3615 346 3668 δ’
377 3611 445 3686 ἦν
475 3610 648 3681 οὗτος,
676 3614 806 3685 ἑξῆς
851 3614 1153 3687 παριστῶσι
1190 3613 1471 3682 λέγοντες·
1520 3610 1878 3676 Ἀλαλάξατε

300 3706 382 3772 τῷ
403 3705 525 3772 Θεῷ
539 3706 762 3762 Ἰακώϐ·
791 3706 870 3778 τῷ
905 3705 1016 3780 γὰρ
1058 3705 1227 3760 πάλαι
1264 3704 1480 3775 ὀφθέντι
1512 3703 1592 3775 τῷ
1621 3703 1878 3776 ἡμετέρῳ

297 3799 607 3874 προπάτορι
659 3798 778 3871 Θεῷ
814 3799 1078 3864 ἐλθόντες,
1118 3797 1440 3865 ἀλαλάξατε,
1471 3796 1614 3852 κατά
1640 3797 1702 3850 τὸ
1731 3797 1879 3868 εἰρη-

302 3893 462 3965 μένον
488 3895 582 3949 καὶ
601 3896 658 3949 ὲν
690 3894 782 3961 Es"
831 3891 1190 3956 Ἀλαλάεατε
1229 3890 1309 3957 τῷ
1342 3889 1485 3956 Θεῷ,
1511 3889 1680 3946 πᾶσα
1707 3890 1746 3958 ἠ
1777 3887 1874 3959 Im“.

301 3987 397 4052 Τίς
424 3988 485 4042 δὲ
519 3983 588 4060 ἦν
625 3991 660 4060 ἡ
708 3989 946 4058 πᾶσαγῆ
985 3987 1282 4054 διασαφεῖό
1324 3984 1514 4039 εἰπών’
1558 3982 1763 4039 Πάντα
1805 3983 1882 4037 τὰ

302 4080 467 4149 ἔθνη,
522 4080 852 4150 κροτήσατε
892 4079 1090 4150 χεῖρας
1108 4121 1123 4144 ,
1161 4079 1506 4144 ἀλαλάξαι-ε
1534 4077 1616 4144 τῷ
1653 4076 1776 4143 Θεῷ
1811 4077 1882 4130 ἐν

304 4173 474 4242 φωνῇ
527 4174 956 4245 ἀγαλλιάσεως.
1009 4175 1134 4238 Τοῖς
1165 4170 1259 4227 οὖν
1309 4174 1491 4236 αὐτοῖς
1529 4171 1625 4227 καὶ
1657 4171 1746 4226 διὰ
1769 4170 1881 4223 τῶν

307 4259 445 4332 μετὰ
474 4263 662 4333 χεῖρας
677 4265 987 4332 προσφωνεῖ
1006 4261 1178 4330 λέγων
1193 4264 1222 4316 ὁ
1246 4261 1403 4336 χορὸς
1425 4262 1532 4314 τῶν
1549 4260 1841 4334 προφητῶν
1861 4275 1876 4291 °

319 4350 703 4421 Ἀγαναιᾶσθε
722 4351 802 4418 τῷ
827 4351 948 4418 Θεῷ
965 4352 1047 4420 τῷ
1061 4352 1267 4421 ,Βοηθῷ
1301 4351 1489 4423 ἡμῶν,
1535 4351 1880 4417 ἀλαλάξατε

305 4441 384 4508 τῷ
412 4442 534 4509 Θεῷ
573 4443 793 4500 Ἰακώϐ.
824 4443 956 4496 Θεὸν
987 4444 1043 4498 δὲ
1084 4443 1277 4498 Ἰακὼό
1308 4444 1404 4496 τὸν
1424 4445 1655 4515 Σωτῆρα
1679 4442 1880 4513 σημαί-

1982 3251 2109 3298 rant
2127 3243 2376 3300 dicentes
2396 3263 2410 3299 :
2432 3243 2670 3302 Jubilate
2693 3247 2804 3302 Deo
2831 3247 3000 3304 Iacob
3019 3267 3039 3305 :
3057 3249 3122 3304 ad
3149 3249 3319 3309 Deum
3340 3252 3554 3309 scilicet

1977 3336 2074 3407 qui
2093 3337 2229 3394 olim
2255 3346 2416 3396 atavo
2431 3348 2622 3398 nostro
2650 3342 2804 3398 visus
2819 3351 2904 3400 est
2932 3345 3276 3410 accedentes,
3301 3344 3553 3415 jubilate,

1975 3430 2279 3488 secundum
2299 3430 2354 3486 id
2370 3432 2518 3503 quod
2531 3433 2586 3488 in
2599 3450 2703 3490 ων
2719 3436 2930 3506 psalmo
2945 3437 3150 3494 dictum
3162 3447 3250 3496 est
3267 3458 3280 3494 :
3295 3440 3552 3506 Jubilate,

1978 3523 2150 3577 omnis
2184 3535 2346 3578 terra.
2407 3521 2540 3590 Quae
2577 3533 2726 3582 esset
2773 3527 2953 3582 omnis
2986 3535 3154 3593 terra,
3185 3529 3423 3600 explicat
3458 3533 3552 3602 qui

1978 3614 2096 3669 ait:
2135 3612 2329 3669 Omnes
2359 3624 2559 3682 gentes,
2594 3615 2834 3685 plaudite
2877 3619 3144 3684 manibus,
3185 3620 3422 3691 jubilate
3445 3621 3556 3677 Deo

1978 3706 2032 3759 in
2061 3721 2181 3760 noce
2211 3705 2584 3762 exsultationis
2601 3708 2668 3760 ⁸³.
2705 3706 2936 3764 Eosdem
2959 3711 3144 3782 itaque
3170 3711 3320 3783 ipsos
3351 3713 3556 3769 chorus

1981 3797 2334 3866 propheticus
2383 3799 2438 3854 in
2472 3801 2726 3868 przesenti
2759 3801 3055 3872 alloquitur
3083 3803 3274 3858 dicens
3302 3821 3318 3859 :
3351 3803 3554 3858 Exsul-

1981 3898 2090 3944 tate
2126 3887 2235 3944 Deo
2283 3888 2521 3960 adjutori
2542 3901 2744 3957 nostro,
2776 3893 3008 3962 jubilate
3023 3893 3131 3948 Deo
3157 3893 3345 3951 Iacob.
3383 3894 3553 3950 Deum

1981 3996 2110 4037 vero
2140 3980 2311 4038 Jacob
2335 3981 2678 4038 Senatorem
2704 3993 2879 4050 vocat,
2913 3986 3007 4055 qui
3030 3986 3084 4040 iu
3113 3984 3286 4040 forma
3317 3985 3556 4042 hominis

1977 4073 2188 4129 Jacobo
2212 4075 2362 4130 visus
2391 4081 2496 4140 est,
2533 4073 2752 4144 quando
2787 4079 3002 4132 vocavit
3024 4075 3194 4132 Jacob
3219 4093 3415 4132 nomen
3447 4077 3554 4132 loci

1982 4167 2036 4221 in
2065 4182 2176 4236 quo
2212 4166 2366 4222 visus
2396 4166 2500 4237 ipsi
2526 4175 2614 4222 est
2645 4167 2809 4232 Deus,
2842 4168 3080 4238 Speciem
3110 4170 3206 4223 Dei
3237 4185 3256 4223 :
3283 4184 3410 4223 nam
3439 4169 3556 4226 haec

1981 4258 2134 4312 addit
2165 4276 2179 4312 :
2215 4257 2338 4313 Vidi
2369 4259 2509 4312 enim
2562 4259 2728 4314 Deum
2765 4259 2901 4328 [acie
2947 4261 3016 4316 ad
3055 4261 3268 4332 faciem,
3306 4270 3358 4316 et
3405 4261 3557 4317 salva

1983 4349 2129 4418 facta
2161 4360 2238 4403 est
2297 4349 2478 4404 anima
2524 4365 2660 4404 mea.
2716 4348 2857 4406 Huic
2909 4353 3078 4414 enim,
3115 4359 3303 4422 utpote
3321 4351 3417 4422 qui
3460 4366 3558 4407 rex

1984 4451 2171 4497 uoster
2197 4443 2294 4508 sit,
2321 4443 2557 4513 jubilare
2577 4444 2840 4515 praecipit,
2873 4443 3366 4514 triumphalemque
3401 4443 3558 4515 hym-

306 4552 384 4588 νει
417 4534 509 4589 τὺν
555 4535 614 4588 έν
667 4533 956 4606 ἀνθρώπου
1009 4536 1247 4608 σχήματι
1271 4534 1506 4604 ὀφθέντα
1548 4534 1627 4605 τῷ
1649 4531 1872 4588 Ἰακώϐ·

1983 4550 2112 4589 num
2173 4535 2276 4605 ipsi
2326 4535 2595 4591 emittere.
2643 4534 2929 4602 Quomodo
2957 4543 3138 4591 autem
3178 4551 3272 4592 rex
3321 4551 3353 4590 a
3394 4534 3559 4592 Patre

306 4627 393 4679 ὂτε
454 4625 548 4680 καὶ
593 4626 820 4680 ἐκάλεσε
881 4625 1074 4680 Ἰακὼϐ
1118 4626 1181 4680 τὸ
1223 4626 1391 4698 ὄνομα
1425 4625 1522 4679 τοῦ
1546 4625 1710 4679 τόπου
1747 4624 1806 4676 ὲν
1833 4617 1878 4692 ᾧ

309 4716 462 4790 ὤφθη
488 4718 636 4790 αὐτῷ
661 4723 690 4774 ὁ
707 4719 858 4784 Θεὸς,
875 4716 1054 4786 Εἶδος
1077 4719 1248 4788 Θεοῦ,
1275 4718 1518 4774 ἐπειπών
1535 4736 1550 4749 ’
1573 4715 1878 4788 Εἶδον-τὰρ

312 4811 461 4866 Θεὸν
484 4813 807 4880 πρόσωπον
835 4811 989 4880 ⁴πρὸς
1028 4812 1372 4882 πρόσωπον,
1407 4812 1506 4866 καὶ
1531 4809 1726 4879 ἐσώθη
1754 4826 1876 4880 μου

310 4902 350 4971 ἡ
385 4903 576 4973 ψυχή.
610 4903 795 4976 Τούτῳ
847 4900 959 4969 οὖν,
991 4903 1065 4968 ὡς
1102 4903 1170 4960 ἂν
1205 4904 1353 4975 αὐτῷ
1399 4903 1514 4958 ὄντι
1553 4902 1631 4973 τῷ
1670 4902 1882 4972 βασιλεῖ

309 4995 486 5068 ἡμῶν,
513 4995 799 5060 ἀλαλάζειν
839 4997 1184 5069 προστάττει,
1219 4998 1530 5069 νικητήριον
1557 4994 1722 5067 ὕμνον
1751 4996 1881 5049 ἀνα-

313 5085 625 5156 πέμποντας
652 5085 821 5157 αύτῷ.
858 5087 1044 5152 Ὅπως
1083 5088 1142 5142 δὲ
1181 5087 1447 5158 βασιλεὺς
1479 5087 1585 5142 ὑπὸ
1631 5084 1726 5139 τοῦ
1776 5085 1881 5138 Πα-

311 5179 435 5250 τρὸς
484 5177 828 5244 καθίσταται,
867 5180 1031 5242 αὐτὸς
1083 5180 1320 5236 διδάσκει
1371 5180 1574 5248 λέγων’
1623 5178 1765 5248 Ἐγὼ
1810 5177 1880 5231 δὲ

314 5272 684 5341 πατεστάθην
698 5272 999 5339 ,βασιλεὺς
1022 5273 1121 5327 ὑπ’
1148 5273 1333 5328 αὐτοῦ
1357 5273 1457 5327 ἐπὶ
1478 5275 1632 5327 Subv-
1652 5273 1790 5341 ὅρος
1812 5271 1879 5326 τὸ

313 5361 479 5435 ἄτιον
514 5365 722 5420 αὐτοῦ.
753 5365 828 5418 Οὐ
861 5364 1020 5436 μόνον
1043 5364 1102 5418 δὲ
1123 5365 1406 5429 ἀλαλάζειν
1419 5365 1498 5436 τῷ
1525 5365 1644 5437 Θεῷ
1687 5364 1880 5419 Ἰακὼϐ

317 5457 558 5527 βούλεται
587 5460 713 5522 τοὺς
745 5457 1133 5528 κεκλημένους,
1155 5457 1290 5511 ἀλλὰ
1312 5458 1408 5512 καὶ
1437 5453 1733 5530 λαμὸἁνὲιν
1745 5458 1882 5528 ψαλ-

319 5549 415 5620 μδν
460 5551 554 5605 καὶ
591 5550 788 5604 διδόναι
833 5549 1132 5620 τύμπανον,
1177 5549 1270 5601 καὶ
1313 5547 1610 5619 ψαλτήριον
1650 5549 1882 5621 τερπνὸν

322 5641 454 5710 μετὰ
478 5641 728 5713 κιθάρας.
760 5641 920 5695 Κατὰ
945 5640 1003 5692 δε
1028 5640 1118 5693 τὸν
1163 5640 1410 5694 Ἀκύλανο
1447 5642 1670 5710 Ἄρατε,
1721 5642 1877 5708 φησὶ,

389 5817 434 5849 ⁸³
472 5815 614 5875 Psal.
646 5834 804 5874 XLVI.
840 5817 896 5870 9..

678 5907 950 5968 ΡΑτιιοι..
983 5907 1100 5970 Gn.
1148 5907 1385 5971 XXllI.

1985 4628 2374 4694 constituatur,
2411 4628 2528 4698 ipse
2584 4629 2747 4684 docet
2797 4629 2884 4684 his
2933 4629 3120 4684 verbis
3161 4648 3178 4684 :
3221 4628 3337 4700 Ego
3379 4639 3558 4684 autem

1986 4721 2302 4775 constitutus
2321 4737 2440 4774 sum
2465 4737 2560 4776 rea:
2585 4721 2650 4774 ab
2677 4739 2736 4776 eo
2755 4736 2912 4790 super
2927 4719 3052 4776 Sion
3069 4729 3298 4776 montem
3315 4731 3559 4776 sanctum

1985 4812 2120 4882 ejus.
2145 4811 2263 4868 Non
2283 4813 2458 4869 solum
2487 4822 2669 4868 autem
2695 4814 2811 4867 vult
2831 4821 3055 4868 vocatos
3061 4813 3301 4883 jubilare
3333 4812 3444 4870 Deo
3465 4812 3562 4869 Ja-

1986 4905 2111 4971 cob,
2132 4905 2227 4961 sed
2263 4908 2428 4961 etiam
2443 4907 2695 4977 accipere
2709 4905 2977 4976 psalmum
2993 4912 3049 4960 et
3068 4903 3200 4961 dare
3213 4913 3558 4976 tympanum,

1985 5005 2042 5052 et
2085 4997 2408 5066 psalterium
2452 4998 2758 5070 jucundum
2805 5013 2930 5052 cum
2971 4997 3202 5053 cithara.
3243 4996 3558 5054 Secundum

1985 5088 2238 5160 Aquilam
2261 5107 2423 5146 vero:
2447 5091 2652 5157 Levate,
2677 5089 2883 5162 inquit,
2901 5090 3186 5146 melodiam
3215 5099 3266 5146 et
3286 5090 3410 5146 date
3425 5100 3555 5161 tym.

1989 5196 2208 5250 panum,
2255 5181 2518 5236 citharam
2548 5181 2809 5236 decentem
2837 5197 2956 5234 cum
3007 5180 3204 5243 nabla;
3253 5181 3555 5237 secundum

1989 5271 2378 5344 Symmachum
2429 5282 2608 5330 autem
2649 5273 2961 5341 :Suscipite
3009 5273 3311 5335 canticum,
3354 5280 3405 5326 et
3435 5269 3558 5324 date

1990 5375 2316 5436 tympanum,
2349 5367 2520 5436 lyram
2546 5364 2753 5420 dulcem
2781 5381 2903 5419 cum
2932 5363 3114 5421 nubta.
3143 5362 3364 5433 Aliquid
3394 5361 3559 5432 igitur

1989 5456 2256 5526 accipere,
2288 5455 2494 5526 aliquid
2521 5457 2820 5512 retribuere
2847 5455 3126 5526 praecipit;
3159 5453 3410 5522 accipere
3436 5456 3559 5522 qui-

1988 5549 2132 5615 dem,
2174 5549 2471 5606 secundum
2550 5550 2826 5620 Aquilam,
2865 5548 3196 5608 melodiam;
3254 5548 3554 5600 secundum

1993 5642 2376 5712 Symmachum
2434 5658 2595 5709 vero,
2647 5643 2960 5699 canticum:
3017 5639 3321 5696 retribuere
3375 5649 3554 5694 autem

3125 5909 3197 5967 31

0 6483 4078 6684 Γ-α--κ
