4078 6934
589 385 684 442 971

1285 379 1556 438 sussnu
1596 377 2074 436 CIESARIENSIS
2113 376 2264 435 orp.
2307 377 2486 434 rans
2526 377 2612 436 Ill.
2655 413 2721 422 -
2752 353 3169 434 exsomnes.

3777 379 3922 435 97?.

588 513 926 576 tympanum,
976 508 1069 555 aut
1101 500 1271 572 lyram
1319 498 1534 552 dulcem
1580 512 1707 552 cum
1766 497 1949 554 nabla.
1995 497 2152 565 Queis

2261 499 2583 570 μελῳδίαν,
2607 497 2707 552 καί
2745 497 2882 550 δότε
2920 496 3250 565 τύμπανον,
3284 491 3527 562 κιθάραν
3565 497 3916 564 εὐπρεπῆ

586 597 919 668 praecipitur,
958 602 1018 648 ut
1048 591 1274 646 auribus
1303 588 1522 660 quidem
1552 588 1705 644 verbi
1737 588 1987 643 doctrina
2018 588 2165 644 exci-

586 690 803 760 piatur;
837 685 983 741 actio
1026 691 1206 738 autem
1258 695 1488 752 corpore
1545 679 1836 736 tribuatur.
1874 680 2161 734 Canticum

585 779 730 832 enim
759 785 813 831 et
841 773 1075 830 melodia
1107 769 1333 826 auribus
1349 769 1517 824 verbo
1551 767 1786 822 traditur
1817 785 1830 821 :
1857 781 2027 838 quare
2049 767 2159 822 ait:

587 866 862 938 Suscipite
885 864 1156 920 canticum
1171 871 1224 918 et
1247 860 1557 924 melodiam,
1590 858 1889 914 secundum
1909 858 2163 929 Aquilam

585 968 640 1014 et
676 957 1081 1029 Symmachum.
1114 955 1212 1010 His
1240 969 1370 1009 vero
1407 952 1669 1022 acceptis,
1694 949 1982 1006 retribuite
2010 951 2162 1021 psal-

586 1049 785 1105 terium
810 1047 1115 1118 jucundum
1147 1062 1274 1100 cum
1321 1045 1553 1108 cithara,
1605 1045 1718 1100 sive
1752 1044 1926 1116 lyram
1949 1043 2162 1099 dulcem

584 1157 710 1198 cum
733 1143 916 1197 nabla.
943 1141 1285 1214 Tympanum
1319 1147 1499 1193 autem
1529 1145 1611 1193 est
1647 1138 2070 1193 instrumentum
2095 1151 2162 1192 ex

585 1249 849 1306 corporea
870 1234 1011 1306 pelle
1035 1233 1461 1297 concinnatum;
1492 1230 1813 1299 psalterium
1847 1239 2048 1293 autem,
2084 1228 2164 1283 ci-

584 1326 759 1382 tharas
805 1325 1038 1396 species,
1069 1323 1289 1378 chordis
1327 1320 1637 1376 conlectum
1669 1329 1774 1387 est,
1810 1321 2013 1393 quibus
2039 1335 2164 1376 cor-

582 1433 690 1491 pus
719 1426 969 1474 nostrum
1005 1415 1405 1472 subindicatur.
1443 1411 1572 1468 Vult
1603 1414 1789 1486 itaque
1823 1415 1960 1484 ipsis
1982 1414 2163 1484 operi-

583 1511 689 1568 bus
737 1525 802 1564 ac
830 1509 998 1581 gestis
1035 1514 1304 1578 praecepta
1353 1504 1534 1562 verbis
1579 1506 1781 1562 tradita
1824 1506 2076 1576 impleri;
2108 1511 2164 1560 et

583 1601 698 1656 haec
732 1614 893 1670 agere
940 1598 1202 1668 jubentur
1228 1604 1499 1666 quotquot
1550 1595 1605 1650 in
1641 1596 1892 1652 ecclesiis
1927 1596 2022 1652 Dei
2066 1610 2163 1666 per

581 1701 756 1747 totum
783 1691 971 1746 orbem
1004 1688 1323 1760 congregati
1350 1697 1498 1744 sunt.
1533 1687 1875 1758 Quapropter
1904 1686 1971 1741 In
2001 1687 2159 1755 ﬁnem

580 1795 630 1839 ct
650 1783 759 1838 Pro
793 1780 1148 1838 torcularibus
1167 1780 1418 1848 busequae
1443 1777 1688 1835 diximus
1707 1778 1970 1848 inscripta
2003 1789 2156 1834 sunt.

2259 590 2411 661 μετὰ
2447 588 2678 656 νάόλης
2699 605 2713 618 ο
2743 586 2884 641 κατά
2926 587 2982 640 δὲ
3009 584 3099 639 τὸν
3147 584 3461 655 Σύμμαχον·
3496 584 3916 640 Ἁναλάεετε

2264 683 2451 750 ᾠδὴν,
2495 680 2594 736 καὶ
2634 680 2830 734 δίδοτε
2858 680 3188 749 τύμπανον,
3231 678 3426 746 λύραν
3459 676 3673 744 ἡδεῖαν
3708 681 3914 748 μετὰ

2265 775 2514 842 νάϐλης.
2543 773 2748 828 Οὐκοῦν
2768 774 2830 826 τὸ
2868 773 2965 844 μέν
2991 788 3044 825 τι
3072 770 3396 844 προστάττει
3427 769 3790 840 λαμὸἇνειν,
3831 773 3910 825 τὸ

2264 868 2322 922 δὲ
2344 868 2540 921 διδόναι
2564 886 2577 897 ·
2609 867 2907 937 λαμϐάνειν
2940 865 3061 936 μὲν,
3097 863 3240 918 κατά
3270 862 3636 925 τδνἋκύλαν,
3670 866 3908 934 μελῳ-

2265 961 2403 1024 δίαν,
2441 959 2582 1014 κατὰ
2635 960 2692 1013 δὲ
2732 960 2823 1012 τὸν
2853 958 3166 1030 Σύμμαχον,
3201 954 3379 1027 ᾠδήν
3415 954 3768 1011 ἀντιδιδόναι
3835 958 3912 1010 δὲ

2264 1053 2542 1124 τύμπανον
2570 1050 2604 1122 ἢ
2630 1050 2799 1123 λύραν
2831 1051 3016 1121 ἡδεῖαν
3048 1048 3190 1121 μετὰ
3211 1047 3432 1118 νάὸλης.
3476 1046 3552 1100 Δι’
3591 1038 3674 1098 ὧν
3698 1051 3740 1101 ὁ
3797 1048 3908 1100 λό-

2264 1162 2360 1214 γος
2393 1143 2716 1216 προστάττει
2747 1143 2995 1214 δέχεσθαι
3028 1142 3126 1213 μὲν
3167 1141 3358 1203 ἀκοαῖς
3397 1139 3495 1210 τὴν
3527 1139 3646 1193 τῶν
3680 1139 3904 1209 λόγω

2262 1236 2629 1300 διδασκαλίαν,
2651 1235 2849 1289 διδόναι
2873 1234 2929 1288 δὲ
2965 1234 3064 1304 τὴν
3088 1231 3180 1287 διὰ
3205 1231 3302 1285 τοῦ
3333 1230 3588 1302 σώματος
3623 1233 3898 1302 πρᾶξιν

2277 1328 2401 1400 ᾮδὴ
2434 1327 2532 1399 μὲν
2563 1327 2676 1399 γὰρ
2699 1327 2794 1380 καὶ
2818 1325 3051 1398 μελῳδία
3076 1324 3220 1394 λόγῳ
3239 1324 3432 1386 ἀκοαῖς
3460 1321 3894 1394 παραδίδοταιδ

2261 1420 2341 1474 διό
2376 1438 2508 1492 φησι
2528 1437 2541 1450 ·
2565 1419 2772 1474 Λάϐετε
2795 1418 2938 1491 ᾠδὴν
2958 1419 3052 1472 καὶ
3077 1418 3361 1491 μελῳδίαν,
3393 1417 3536 1471 κατά
3557 1418 3663 1472 τὸν
3709 1419 3900 1472 Ἀκύ-

2263 1510 2360 1566 λαν
2415 1512 2509 1565 καὶ
2567 1509 2880 1582 Σύμμαχον.
2929 1508 3114 1562 Ταῦτα
3149 1507 3206 1561 δὲ
3250 1506 3624 1578 λαμϐάνοντες
3671 1508 3897 1577 ὑμεῖς,

2261 1601 2500 1656 ἀντίδοτε
2533 1600 2830 1672 ψαλτήριον
2865 1597 3094 1669 τερπνὸν
3147 1595 3284 1667 μετά
3324 1594 3574 1667 κιθάρας,
3611 1592 3650 1664 ἦ
3685 1594 3898 1665 λύραν

2261 1697 2442 1768 ἡδεῖαν
2471 1695 2608 1766 μετά
2629 1693 2850 1765 νάδλης.
2890 1692 3182 1762 Τύμπανον
3218 1689 3275 1742 δὲ
3307 1687 3538 1760 ὄργανόν
3588 1689 3770 1740 ἐστιν
3821 1691 3898 1742 ἐκ

2260 1789 2422 1860 δορᾶς
2444 1786 2759 1858 σωματικῆς
2793 1783 3320 1852 κατεσκευασμένον,
3341 1781 3434 1832 καὶ⁵
3457 1779 3516 1832 τὸ
3539 1778 3894 1850 ψαλτήριον

581 1874 899 1932 Torcularia
927 1873 1072 1929 enim
1090 1887 1157 1926 ne
1181 1868 1329 1924 aliud
1353 1871 1631 1940 quidpiam
1658 1869 1766 1925 dici
1783 1879 1962 1939 putes,
1993 1885 2152 1940 quam

2262 1879 2492 1951 κιθάρας
2520 1874 2659 1941 εῐδος
2678 1869 2780 1931 ὧδέ
2813 1874 2997 1948 πηδιὰ
3045 1871 3248 1945 χορδῶν
3288 1870 3774 1942 κατηρτισμένον,
3813 1870 3894 1923 δι’

581 1965 846 2021 ecclesias
898 1963 1016 2029 Dei,
1047 1962 1102 2017 in
1148 1962 1348 2034 quibus
1395 1961 1596 2026 coacti,
1637 1961 1994 2032 collectisque
2045 1975 2157 2016 una

579 2058 846 2113 fructibus
867 2056 1094 2119 nostris,
1123 2069 1288 2109 unam
1320 2053 1763 2110 commixtionem
1797 2051 2062 2108 eliicimus
2088 2051 2157 2106 ad

579 2151 805 2222 gloriam
853 2156 906 2205 et
951 2147 1193 2204 laetitiam
1243 2145 1405 2200 Verbi
1452 2144 1567 2200 Dei.
1627 2143 1822 2199 Mirum
1856 2159 2020 2214 porro
2047 2158 2157 2214 quo

578 2251 740 2312 pacto
789 2239 1101 2310 praecedens
1133 2239 1376 2310 psalmus
1428 2236 1740 2292 incendium
1769 2235 2153 2304 declaraverit,

580 2347 793 2388 necnon
847 2331 1021 2385 vineae
1065 2345 1131 2384 ex
1182 2328 1722 2400 Egyptotranslata:
1753 2327 2064 2384 vastitatem
2101 2334 2156 2381 et

580 2426 792 2480 ruinam
821 2424 1122 2496 integram;
1177 2424 1265 2479 hic
1293 2438 1423 2478 vero
1468 2422 1732 2492 psalmus,
1764 2421 1922 2493 quasi
1945 2422 2050 2476 alia
2075 2422 2157 2477 vi-

580 2519 672 2581 tis,
701 2517 804 2571 alia
834 2516 992 2572 vinea
1022 2517 1115 2580 sit,
1147 2515 1257 2570 imo
1273 2529 1403 2569 vero
1435 2513 1617 2569 multa:
1645 2515 1834 2578 vineae,
1860 2513 2154 2569 toreularia

579 2610 786 2665 inducit
812 2609 1044 2680 plurima
1078 2627 1091 2663 :
1131 2607 1310 2662 fausta
1344 2622 1476 2663 vero
1505 2607 1792 2662 denuntiat
1825 2607 1934 2662 illis
1961 2608 2054 2678 qui
2086 2608 2153 2663 ad

577 2717 641 2755 ea
675 2701 849 2755 vocati
887 2706 1038 2754 sunt.
1097 2696 1204 2751 Pro
1251 2697 1428 2767 primo
1486 2697 1653 2767 igitur
1697 2696 1900 2766 pepulo
1938 2697 2152 2751 vineam

578 2807 764 2858 uuam,
799 2791 1042 2846 torcular
1062 2806 1266 2855 'unum,
1291 2804 1568 2859 unamque
1609 2790 1772 2844 vitem
1815 2788 2032 2843 induxit
2058 2789 2153 2858 qui

577 2887 653 2938 ait
681 2903 695 2939 :
731 2883 892 2937 Vinea
916 2882 1062 2952 facta
1085 2891 1162 2936 est
1183 2881 1376 2936 dilecto
1397 2882 1450 2935 in
1473 2897 1657 2944 cornu,
1677 2881 1858 2935 inloco
1878 2882 2062 2951 pingui
2083 2881 2149 2933 ³⁸.

579 2973 782 3028 Deinde
815 2973 890 3026 ait
922 2992 935 3027 :
971 2971 1040 3025 Et
1059 2972 1397 3042 protorcular
1421 2971 1533 3041 fodi
1551 2973 1606 3026 in
1634 2987 1724 3037 ea,
1749 2981 1797 3027 et
1818 2972 2056 3040 plantavi
2079 2972 2154 3026 vi-

576 3083 730 3120 neam
753 3065 929 3120 Sorec.
967 3061 1028 3119 In
1059 3064 1386 3136 praecedenti
1418 3065 1742 3120 vero'unam
1785 3065 1953 3118 vitem
1983 3063 2150 3120 deno-

577 3155 726 3210 tabat
785 3155 1013 3210 dicens:
1055 3153 1271 3208 Vineam
1313 3153 1377 3209 de
1417 3154 1649 3226 [Egypto
1707 3156 2054 3212 transtulisti.
2089 3155 2149 3211 In

2261 1966 2336 2028 ὧν
2367 1971 2427 2024 τὸ
2440 1969 2598 2041 σῶμα
2620 1967 2682 2022 τὸ
2711 1967 2977 2040 ἡμέτερον
3002 1966 3238 2038 ᾐνίξατο.
3271 1963 3740 2016 Βούλεταιτοίνυν
3773 1963 3896 2016 αύ-

2260 2066 2373 2127 τοῖς
2404 2063 2585 2135 έργοις
2632 2060 2730 2114 καὶ
2783 2058 3012 2132 πράξεσι
3046 2058 3114 2112 τὰ
3148 2055 3235 2110 διά
3273 2056 3383 2108 τῶν
3424 2054 3598 2124 λόγων
3627 2071 3894 2126 παραγ-

2262 2157 2504 2229 γέλματα
2568 2152 2915 2226 ἀποπληροῦν
2935 2170 2948 2184 ·
2986 2150 3279 2205 καὶταῦτα
3319 2148 3577 2229 πράττειν
3625 2150 3659 2202 ὁ
3696 2147 3892 2216 λόγος

2261 2227 2375 2314 τοῖς
2406 2251 2464 2302 ὲν
2500 2249 2619 2311 ταῖς
2641 2245 2956 2317 ἐκκλησίαις
2988 2243 3081 2297 τοῦ
3113 2240 3246 2296 Θεοῦ
3279 2227 3398 2294 καθ’
3449 2239 3578 2310 ὅλης
3622 2239 3739 2309 τῆς
3787 2241 3888 2292 οξ·-

2261 2341 2534 2413 κουμένης
2602 2336 3088 2411 συγκροτουμένοις
3140 2333 3486 2408 προστάττει.
3518 2333 3610 2386 Διὸ
3645 2336 3770 2400 Εἰς
3803 2334 3886 2386 τὸ

2262 2429 2435 2494 τέλος
2459 2429 2552 2482 καὶ⁹
2621 2423 2791 2496 ὙπὲῙ)
2814 2425 2935 2480 τῶν
2950 2421 3156 2494 ληνῶν
3187 2422 3598 2494 προγέγραπται
3647 2422 3728 2475 τὰ
3777 2423 3886 2475 λε-

2259 2524 2516 2594 λεγμένα.
2555 2523 2764 2592 Ληνοὺς
2797 2519 2907 2590 γὰρ
2947 2517 3080 2590 μηδὲ
3121 2517 3247 2571 ἄλλο
3273 2534 3327 2570 τι
3360 2513 3548 2587 νόμιζε
3585 2514 3882 2583 λέγεσθαι

2259 2617 2292 2686 ἢ
2349 2615 2449 2680 τάς
2491 2613 2784 2684 ἐκκλησίας
2828 2612 2923 2665 τοῦ
2956 2609 3112 2677 Θεοῦ,
3157 2612 3215 2663 ὲν
3257 2604 3345 2673 αἷς
3379 2607 3876 2683 συγκροτούμενοι

2259 2709 2353 2762 καὶ
2379 2709 2502 2772 τοὺς
2528 2705 2731 2760 ἑαυτῶν
2770 2705 3016 2776 καρποὺς
3040 2702 3180 2757 κατά
3212 2703 3271 2756 τὸ
3301 2702 3432 2756 αὐτὸ
3457 2700 3870 2772 συμϐαλλόμε-

2259 2820 2360 2869 νοι,
2398 2801 2524 2873 μίαν
2551 2802 2750 2872 κρᾶσιν
2792 2795 3093 2868 ποιούμεθα
3138 2799 3217 2860 εἰς
3251 2795 3405 2860 δόξαν
3453 2797 3547 2848 καὶ
3572 2794 3868 2865 εὐφροσύ-

2258 2912 2357 2965 νην
2411 2892 2506 2947 τοῦ
2559 2893 2731 2961 Λόγου
2777 2890 2871 2944 τοῦ
2909 2890 3064 2944 Θεοῦ.
3105 2889 3394 2961 Θαυμάσαι
3425 2888 3481 2941 δὲ
3503 2887 3652 2941 ἐστιν
3693 2887 3861 2950 ὅπως

2257 2990 2286 3043 ὁ
2331 2987 2427 3058 μὲν
2486 2976 2593 3058 πρὸ
2649 2985 2841 3040 τούτου
2865 2985 3079 3056 ψαλμδς
3112 2983 3459 3056 ἐμπυρισμὸν
3496 2983 3713 3055 ἐδήλου,
3749 2984 3858 3037 καὶ

2257 3079 2494 3152 παντελῆ
2543 3079 2778 3151 ἐρημίαν
2833 3078 2929 3132 καὶ
2973 3077 3277 3148 ἀφανισμὸν
3313 3075 3414 3146 τῆς
3455 3075 3513 3142 ἐξ
3559 3075 3854 3144 Αἰγύπτου

2261 3169 2726 3242 μετενηνεγμένης
2757 3165 3002 3239 ἀμπέλου
3028 3179 3043 3194 ⁵
3075 3167 3104 3218 ὁ
3140 3164 3196 3218 δὲ
3234 3162 3370 3235 μετὰ
3411 3165 3616 3235 χεῖρας,
3645 3161 3852 3233 ὥσπερ

577 3245 803 3316 psalmis
857 3256 1060 3308 autem,
1081 3245 1173 3315 qui
1205 3243 1312 3298 Pro
1341 3245 1694 3300 torcularibus
1729 3245 1981 3318 inscripti
2006 3253 2152 3316 sunt,

2260 3260 2452 3331 ἐτέρας
2478 3257 2789 3328 ὑποστάσης
2836 3256 3078 3328 ἀμπέλου
3133 3256 3228 3309 καὶ
3261 3252 3594 3325 ἀμπελῶνος-
3620 3253 3844 3324 ἑτέρου,

577 3337 746 3390 multa
784 3335 1027 3392 declarat
1060 3336 1378 3402 torcularia,
1427 3338 1790 3408 plurimarum
1826 3339 2040 3395 scilicet
2065 3339 2151 3394 vi-

575 3443 824 3483 nearum.
875 3427 1032 3493 Quod
1070 3427 1118 3483 si
1164 3443 1359 3482 novam
1409 3429 1621 3484 vineam
1651 3445 1814 3486 nosse
1846 3432 2002 3498 velis,
2032 3447 2154 3502 qua:

575 3527 698 3589 post
751 3521 954 3585 prioris
986 3519 1204 3574 ruinam
1260 3519 1318 3574 in
1357 3519 1672 3577 hominibus
1719 3531 1908 3578 exorta
1957 3529 2075 3590 est,
2119 3539 2151 3578 a

574 3611 686 3666 Deo
739 3609 916 3666 Verbo
976 3609 1193 3666 ediscas
1252 3611 1365 3666 haec
1395 3612 1462 3667 de
1497 3627 1556 3668 se
1579 3613 1809 3670 docente
1847 3633 1861 3668 :
1896 3613 2008 3686 Ego
2033 3633 2151 3670 sum

574 3701 694 3754 vitis
724 3716 864 3767 vera,
891 3699 1054 3754 Pater
1100 3716 1243 3754 meus
1284 3701 1518 3771 agricola
1549 3711 1649 3757 est.
1685 3703 1910 3758 Omnem
1954 3706 2151 3775 palmi-

576 3803 676 3847 tem
697 3810 800 3847 non
829 3792 1078 3862 ferentem
1105 3792 1338 3861 fructum
1367 3794 1422 3846 in
1453 3809 1554 3858 me,
1583 3794 1721 3848 tollit
1741 3811 1860 3850 eum
1877 3812 1897 3861 ;
1940 3806 1990 3851 et
2025 3800 2151 3867 {om-

573 3901 692 3939 nem
711 3884 957 3954 ferentem
988 3883 1242 3953 fructum,
1263 3893 1454 3954 purgat
1475 3901 1616 3950 eum,
1646 3898 1703 3940 ut
1732 3885 2000 3956 fructuum
2027 3889 2149 3959 plus

572 3977 732 4047 ferat.
761 3976 888 4032 lam
911 3994 1000 4032 eos
1027 3976 1210 4031 mundi
1242 3979 1368 4032 estis
1409 3987 1622 4048 propter
1653 3995 1964 4044 sermonem,
1995 3999 2148 4054 quem

575 4069 779 4123 loeutus
818 4085 936 4123 sum
971 4068 1159 4123 vobis:
1197 4077 1400 4123 manete
1431 4070 1486 4123 in
1530 4087 1632 4134 me,
1673 4080 1723 4126 et
1765 4089 1859 4145 ego
1889 4074 1942 4128 in
1977 4074 2143 4129 nobis.

573 4161 720 4217 Sicut
759 4161 959 4231 palmes
993 4176 1096 4215 non
1130 4169 1299 4230 potest
1349 4161 1484 4230 ferre
1515 4162 1747 4230 fructum
1779 4182 1812 4218 a
1844 4167 2142 4236 semetipso,

572 4253 675 4307 nisi
699 4255 952 4308 manserit
991 4253 1045 4306 in
1080 4253 1182 4306 vite
1203 4268 1222 4316 ,°
1247 4253 1323 4306 sic
1353 4269 1444 4306 nec
1475 4269 1563 4308 vos
1604 4256 1710 4310 nisi
1733 4257 1792 4311 in
1823 4274 1902 4312 me
1937 4276 2146 4314 manse—

572 4343 712 4398 ritis.
753 4340 866 4412 Ego
896 4357 1013 4395 sum
1043 4342 1182 4407 vitis,
1211 4359 1300 4396 vos
1333 4342 1601 4411 palmites.
1645 4345 1752 4411 Qui
1776 4356 1950 4402 manet
1989 4349 2041 4402 in
2063 4366 2144 4404 me

569 4442 619 4487 et
646 4449 736 4503 ego
762 4434 816 4486 in
857 4449 939 4498 eo,
973 4441 1025 4486 et
1052 4432 1135 4486 hic
1175 4432 1276 4501 [ert
1308 4433 1543 4501 fructum
1589 4437 1812 4490 multum
1842 4453 1860 4490 :
1881 4441 2006 4508 quia
2029 4441 2142 4495 sine

569 4541 652 4579 me
676 4523 809 4578 nihil
854 4525 1072 4594 potestis
1113 4524 1341 4594 ferre".
1377 4523 1581 4582 Priscae
1620 4542 1752 4599 ergo
1793 4530 1940 4586 illius
1971 4532 2141 4588 vineae

2255 3350 2454 3422 μᾶλλον
2497 3349 2554 3402 δὲ
2607 3348 2871 3402 πλειόνων
2937 3344 3274 3418 ἀμπελώνων
3329 3345 3524 3416 ληνοὺς
3573 3344 3842 3413 ὑφίστησι

2251 3443 2491 3507 πλείους,
2547 3442 2748 3514 φαιδρὰ
2793 3459 2852 3496 τε
2893 3438 3301 3509 εὐαγγελίζεται
3357 3440 3469 3501 τοῖς
3507 3438 3600 3490 ἐπὶ
3629 3435 3840 3499 ταύτας

2251 3535 2626 3608 κεκλημένοις.
2675 3535 2798 3588 Ἐπὶ
2843 3533 2938 3605 μὲν
2971 3529 3063 3586 οὖν
3099 3531 3192 3586 τοῦ
3238 3532 3503 3603 προτέρου
3548 3529 3677 3583 λαοῦ
3733 3529 3838 3583 ἕνα

2250 3626 2549 3699 ἀμπελῶνα
2576 3626 2668 3681 καὶ
2711 3625 2836 3698 μίαν
2867 3624 3048 3697 ληνὸν,
3076 3625 3202 3696 μίαν
3240 3641 3300 3677 τε
3332 3622 3574 3692 ἄμπελον
3599 3623 3830 3693 εἰσήγα-

2249 3734 2345 3786 γεν
2376 3720 2405 3771 ό
2436 3719 2645 3788 φήσας·
2687 3716 2994 3786 Ἀμπελὼν
3029 3715 3281 3785 ἐγενήθη
3342 3712 3423 3780 τῷ
3469 3714 3831 3783 ἠγαπημένῳ

2249 3810 2320 3865 ἐν
2355 3811 2576 3880 κέρατι,
2610 3811 2680 3863 ἐν
2704 3812 2864 3876 τόπῳ
2904 3809 3084 3863 πίονι.
3123 3805 3237 3862 Εἶθ’
3270 3808 3425 3880 ἑξῆς·
3459 3807 3566 3861 Kal
3605 3806 3828 3874 προλή-

2247 3920 2400 3966 νιον,
2445 3904 2641 3972 φησὶν,
2676 3901 2876 3971 ὥρυξα
2910 3902 2980 3955 ἐν
3022 3899 3202 3966 αὐτῷ,
3241 3901 3338 3954 καί
3380 3901 3680 3969 ἐφύτευσα
3717 3900 3824 3968 ἆμ-

2248 3997 2440 4049 πελον
2475 3993 2707 4064 Σωρήκ.
2740 3994 2850 4048 Καὶ⁵
2881 3995 2940 4048 ὲν
2969 3993 3047 4065 τῷ
3071 3995 3177 4065 πρὸ
3198 3993 3388 4047 τούτου
3424 3993 3553 4064 μίαν
3579 3993 3817 4065 ἄμπελον

2248 4087 2435 4159 ἐδήλου
2465 4087 2667 4158 λέγων·
2706 4089 3012 4158 ’Ἄμπελον
3028 4087 3097 4152 ἐξ
3119 4087 3418 4157 Αἰγύπτου
3427 4083 3703 4156 μετῆρας.
3733 4087 3818 4139 Ἐν

2245 4178 2303 4232 δὲ
2324 4181 2432 4243 τοῖς
2468 4179 2641 4247 Ὑπὲρ
2669 4177 2787 4232 τῶν
2811 4179 3018 4247 ληνῶν
3051 4179 3266 4243 πλείους
3309 4177 3456 4249 δηλοῖ
3487 4178 3694 4250 ληνοὺς,
3720 4178 3812 4250 δη·-

2245 4267 2375 4341 λαδή
2407 4269 2667 4324 πλειόνων
2711 4269 3065 4341 ἀμπελώνων.
3097 4272 3161 4324 El
3188 4271 3246 4324 δὲ
3291 4272 3385 4327 καλ⁴
3411 4270 3510 4343 τὴν
3577 4270 3810 4342 ἄμπελον

2243 4361 2344 4433 τὴν
2372 4362 2566 4434 καινὴν
2606 4362 2804 4431 γνῶναι
2852 4362 3188 4434 βουληθείης,
3241 4364 3341 4435 τὴν
3385 4363 3523 4434 μετά
3555 4364 3644 4417 τὸν
3673 4364 3808 4433 ἀφα-

2243 4451 2433 4522 νισμὸν
2462 4453 2560 4522 τῆς
2577 4453 2847 4524 προτέρας
2883 4456 2938 4507 ὲν
2965 4453 3272 4526 ἀνθρώποις
3301 4458 3548 4526 φυεῖσαν,
3585 4453 3804 4526 μάνθανε

2242 4541 2396 4615 παρά
2433 4543 2525 4597 τοῦ
2553 4544 2685 4598 Θεοῦ
2716 4546 2890 4615 Λόγου
2917 4547 3047 4619 περὶ
3068 4545 3232 4600 αὑτοῦ
3259 4545 3429 4600 ταῦτα
3456 4547 3797 4610 διδάσκοντος·

570 4617 732 4672 linem
763 4615 1057 4686 descripsit
1111 4616 1425 4686 praecedens
1470 4619 1749 4690 psalmus;
1788 4637 1919 4677 vera
1959 4631 2139 4682 autem

2259 4634 2398 4707 Ἐγώ
2448 4640 2562 4707 είμι
2609 4639 2648 4707 ἠ
2690 4639 2959 4707 ἄμπελος
2992 4615 3046 4707 ’ἠ
3089 4639 3370 4710 ἀληθινὴ,
3410 4643 3443 4694 ό
3474 4641 3670 4709 Πατήρ
3691 4659 3800 4710 μου

567 4710 728 4764 vinea
784 4724 948 4781 quem
999 4707 1198 4765 habeat
1239 4710 1506 4766 cultorem
1554 4720 1609 4770 et
1651 4716 1970 4786 agricolam,
2000 4736 2140 4790 quos

566 4801 840 4871 palmites,
879 4815 1021 4871 quas
1049 4801 1261 4868 botrus,
1296 4803 1558 4860 salutaris
1596 4805 1846 4863 doctrina
1874 4811 2137 4870 declarat.

568 4893 645 4946 Ex
672 4891 838 4961 hujus
886 4892 1073 4962 itaque
1122 4892 1438 4962 palmitibus
1467 4911 1563 4965 per
1613 4905 1787 4954 totum
1811 4901 1998 4958 orbem
2031 4904 2144 4960 dis-

565 4985 812 5048 tributis,
841 4984 1014 5039 vinea
1042 4985 1356 5040 constitutis
1396 4994 1544 5053 sunt,
1576 5004 1808 5060 quarum
1834 4993 2051 5052 fructus
2083 4997 2140 5052 in

568 5093 736 5133 unum
761 5077 977 5132 collecti
1011 5078 1066 5132 in
1087 5077 1341 5134 ecclesiis
1363 5093 1460 5148 per
1480 5081 1670 5138 orbem
1701 5083 1966 5152 fundatis,
1997 5091 2140 5145 mul-

568 5170 854 5225 titudinem
907 5169 1264 5224 torcularium
1317 5169 1656 5228 invaserunt.
1705 5175 1822 5242 Qua
1861 5177 1929 5235 de
1970 5194 2140 5237 causa

567 5265 762 5336 psalmi
793 5263 903 5319 Pro
935 5262 1287 5318 torcularibus
1320 5264 1567 5336 inscripti
1592 5283 1690 5338 per
1713 5267 1978 5342 Spiritum
2007 5288 2140 5330 san;

565 5370 715 5415 ctum
744 5357 1059 5431 prophetice
1091 5357 1432 5428 pronuntiati
1462 5368 1610 5416 sunt.

2249 4733 2282 4784 ὁ
2309 4732 2580 4800 γεωργός.
2607 4730 2737 4786 Πᾶν
2762 4730 2966 4802 κλῆμα
2991 4731 3077 4802 μὴ
3105 4733 3290 4803 φέρον
3319 4735 3553 4801 καρπὸν
3579 4734 3795 4803 ἐνέμοί.

2247 4821 2397 4890 alpes
2422 4825 2573 4877 αὐτό
2595 4839 2609 4853 ο
2661 4823 2760 4877 καὶ
2795 4823 2919 4879 πᾶν
2943 4823 3010 4878 τὸ
3051 4826 3284 4894 καρπὸν
3319 4827 3524 4896 φέρον,
3556 4828 3796 4895 καθαίρει

2248 4914 2395 4968 αὐτὸ
2413 4953 2428 4976 ,
2470 4915 2571 4968 ἵνα
2634 4916 2866 4984 καρπὸν
2916 4918 3168 4971 πλείονα
3207 4918 3380 4988 φέρῃ.
3432 4917 3582 4986 Ἤδη
3645 4919 3794 4988 ὑμεῖς

2243 5007 2490 5074 καθαροί
2518 5005 2659 5061 ἐστε
2693 5008 2790 5062 διὰ
2826 5006 2932 5062 τὸν
2982 5010 3169 5079 λόγον
3206 5009 3279 5064 ὃν
3307 5009 3616 5079 λελάληκα
3646 5009 3790 5079 ὑμῖν·

2238 5097 2496 5165 μείνατε.
2547 5098 2618 5152 ἐν
2678 5098 2808 5168 ἐμοὶ
2831 5139 2847 5163 ,
2919 5099 3080 5170 κάγὼ
3144 5100 3215 5155 ἐν
3269 5100 3430 5170 ὑμῖν.
3501 5100 3692 5166 Καθὼς
3731 5099 3789 5153 τὸ

2244 5187 2447 5258 κλῆμα
2503 5191 2574 5243 οὺ
2625 5188 2872 5244 δύναται
2917 5189 3122 5260 φέρειν
3144 5193 3378 5261 καρπὸν
3428 5193 3529 5261 ἀφ’
3572 5190 3784 5254 ἑαυτοῦ,

2242 5278 2352 5334 ἐὰν
2377 5279 2467 5350 μὴ
2501 5282 2679 5351 μείνῃ
2725 5282 2796 5336 ἐν
2835 5281 2908 5352 τῇ
2943 5283 3223 5354 ἀμπέλῳ·
3269 5285 3422 5339 οὕτω
3468 5284 3570 5339 καί
3617 5281 3780 5353 ὑμεῖς.

2240 5370 2350 5430 ἐὰν
2386 5371 2472 5442 μὴ
2526 5372 2595 5426 ἐν
2632 5373 2761 5443 ἐμοὶ
2791 5375 3053 5444 μείνητε.
3112 5375 3250 5447 Ἐγώ
3280 5379 3396 5447 ειμι
3435 5377 3475 5444 ἠ
3522 5375 3776 5444 ἄμπελος,

566 5453 734 5522 ὑμεῖς
773 5453 845 5506 τὰ
898 5450 1191 5520 κλήματα.
1236 5449 1289 5502 '0
1309 5452 1509 5519 μένων
1557 5453 1627 5508 ἐν
1669 5456 1821 5526 ἐμοὶ,
1860 5461 2020 5532 κάγὼ
2057 5463 2133 5516 ἐν
2163 5463 2342 5530 αὐτῷ,
2379 5454 2476 5519 καί
2540 5463 2717 5535 οὗτος
2745 5468 2908 5538 φέρει
2939 5471 3170 5539 καρπὸν
3190 5473 3387 5525 πολύν
3411 5487 3424 5501 ⁸
3485 5470 3573 5524 ὅτι
3625 5467 3775 5540 χωρὶς

564 5545 710 5637 ἐμοῦ
762 5542 1138 5637 nudarant-08
1187 5542 1409 5637 φέρειν.
1455 5544 1564 5616 Τῆς
1604 5549 1701 5617 μὲν
1745 5547 1838 5605 οῦν
1866 5555 2136 5628 προτέρας
2171 5557 2416 5628 ἀμπέλου
2443 5559 2510 5613 τὰ
2533 5559 2660 5633 τέλη
2699 5561 2988 5634 διέγραψεν
3009 5563 3038 5614 ὁ
3070 5563 3174 5634 πρὸ
3235 5563 3425 5618 τούτου

563 5637 620 5692 δὲ
657 5633 883 5706 ἀληθινὴ
913 5633 1152 5705 ἄμπελος
1175 5636 1353 5687 ὁποῖον
1379 5634 1811 5714 ἔχειφυτουργδν
1847 5646 1938 5698 καὶ
1963 5649 2228 5740 γεωργὸν,
2264 5651 2356 5704 καὶ
2387 5652 2546 5705 ὁποῖα
2585 5633 2869 5725 κλήματα,
2915 5655 3008 5707 καὶ
3055 5633 3274 5720 ὁποίους
3329 5633 3542 5728 βότρυς,

640 5816 684 5850 ⁵⁵
721 5813 820 5870 lsa.
857 5832 909 5882 ν,
944 5817 993 5873 ί.
1071 5817 1116 5850 ⁸⁵
1154 5816 1439 5890 ἔθαψεν,
1484 5822 1506 5877 ι
1545 5831 1598 5877 et
1627 5839 1768 5902 seqq
