  <div class='ocr_page' id='page_1' title='image "/cluster/home/n/w/nwhite01/storage/ocr_20150623/23/hvd.32044073501124/494.png"; bbox 0 0 4078 6934; ppageno 0'>
   <div class='ocr_carea' id='block_1_1' title="bbox 298 309 427 365">
    <p class='ocr_par' dir='ltr' id='par_1_1' title="bbox 298 309 427 365">
     <span class='ocr_line' id='line_1_1' title="bbox 298 309 427 365; baseline 0.008 -1"><span class='ocrx_word' id='word_1_1' title='bbox 298 309 427 365; x_wconf 75' lang='grc'>973</span> 
     </span>
    </p>
   </div>
   <div class='ocr_carea' id='block_1_2' title="bbox 1450 305 2434 363">
    <p class='ocr_par' dir='ltr' id='par_1_2' title="bbox 1450 305 2434 363">
     <span class='ocr_line' id='line_1_2' title="bbox 1450 305 2434 363; baseline -0.002 0"><span class='ocrx_word' id='word_1_2' title='bbox 1450 305 1953 363; x_wconf 71' lang='grc' dir='ltr'>ΟΟΜΜΕΝΤΑΠΙΛ</span> <span class='ocrx_word' id='word_1_3' title='bbox 1997 306 2061 361; x_wconf 84' lang='grc' dir='ltr'>ΙΝ</span> <span class='ocrx_word' id='word_1_4' title='bbox 2099 306 2434 362; x_wconf 71' lang='lat' dir='ltr'>PSALMOS.</span> 
     </span>
    </p>
   </div>
   <div class='ocr_carea' id='block_1_3' title="bbox 3473 312 3579 367">
    <p class='ocr_par' dir='ltr' id='par_1_3' title="bbox 3473 312 3579 367">
     <span class='ocr_line' id='line_1_3' title="bbox 3473 312 3579 367; baseline 0 -1"><span class='ocrx_word' id='word_1_5' title='bbox 3473 312 3579 367; x_wconf 64' lang='grc' dir='ltr'>οτι</span> 
     </span>
    </p>
   </div>
   <div class='ocr_carea' id='block_1_4' title="bbox 298 403 3664 502">
    <p class='ocr_par' dir='ltr' id='par_1_4' title="bbox 298 403 3664 502">
     <span class='ocr_line' id='line_1_4' title="bbox 298 403 3664 502; baseline 0 -24"><span class='ocrx_word' id='word_1_6' title='bbox 298 428 512 500; x_wconf 70' lang='grc' dir='ltr'>τῆριος</span> <span class='ocrx_word' id='word_1_7' title='bbox 549 424 844 498; x_wconf 86' lang='grc' dir='ltr'>παρίστησι</span> <span class='ocrx_word' id='word_1_8' title='bbox 901 422 1241 477; x_wconf 77' lang='grc' dir='ltr'>διδασκαλία.</span> <span class='ocrx_word' id='word_1_9' title='bbox 1284 421 1379 477; x_wconf 81' lang='grc' dir='ltr'>Ἐκ</span> <span class='ocrx_word' id='word_1_10' title='bbox 1434 424 1541 478; x_wconf 91' lang='grc' dir='ltr'>τῶν</span> <span class='ocrx_word' id='word_1_11' title='bbox 1569 424 1773 494; x_wconf 88' lang='grc' dir='ltr'>ταύτης</span> <span class='ocrx_word' id='word_1_12' title='bbox 1832 423 2119 496; x_wconf 77' lang='grc' dir='ltr'>τοιγαροῦν</span> <span class='ocrx_word' id='word_1_13' title='bbox 2154 425 2452 497; x_wconf 77' lang='grc' dir='ltr'>κλημάτων</span> <span class='ocrx_word' id='word_1_14' title='bbox 2493 423 2840 478; x_wconf 74' lang='grc' dir='ltr'>διαδοθέντων</span> <span class='ocrx_word' id='word_1_15' title='bbox 2873 425 2994 480; x_wconf 75' lang='grc' dir='ltr'>καθ’</span> <span class='ocrx_word' id='word_1_16' title='bbox 3037 426 3165 501; x_wconf 85' lang='grc' dir='ltr'>ὅλης</span> <span class='ocrx_word' id='word_1_17' title='bbox 3206 445 3302 501; x_wconf 88' lang='grc' dir='ltr'>της</span> <span class='ocrx_word' id='word_1_18' title='bbox 3329 403 3618 502; x_wconf 42' lang='grc' dir='ltr'>οἰκουμέέ</span> <span class='ocrx_word' id='word_1_19' title='bbox 3654 447 3664 478; x_wconf 85' lang='lat'><strong>-;</strong></span> 
     </span>
    </p>
   </div>
   <div class='ocr_carea' id='block_1_5' title="bbox 301 515 3590 598">
    <p class='ocr_par' dir='ltr' id='par_1_5' title="bbox 301 515 3590 598">
     <span class='ocr_line' id='line_1_5' title="bbox 301 515 3590 598; baseline 0.005 -32"><span class='ocrx_word' id='word_1_20' title='bbox 301 535 421 588; x_wconf 80' lang='grc' dir='ltr'>νης</span> <span class='ocrx_word' id='word_1_21' title='bbox 473 517 804 586; x_wconf 87' lang='grc' dir='ltr'>συνέστησαν</span> <span class='ocrx_word' id='word_1_22' title='bbox 839 515 1191 586; x_wconf 81' lang='grc' dir='ltr'>ἀμπελῶνες⁹</span> <span class='ocrx_word' id='word_1_23' title='bbox 1231 517 1324 569; x_wconf 75' lang='grc' dir='ltr'>καὶ</span> <span class='ocrx_word' id='word_1_24' title='bbox 1371 515 1576 570; x_wconf 89' lang='grc' dir='ltr'>τούτων</span> <span class='ocrx_word' id='word_1_25' title='bbox 1604 517 1654 569; x_wconf 89' lang='grc' dir='ltr'>οἱ</span> <span class='ocrx_word' id='word_1_26' title='bbox 1703 518 1906 589; x_wconf 46' lang='grc' dir='ltr'>καρποί⁹</span> <span class='ocrx_word' id='word_1_27' title='bbox 1945 518 2167 572; x_wconf 81' lang='grc' dir='ltr'>κατὰτὸ</span> <span class='ocrx_word' id='word_1_28' title='bbox 2223 519 2356 572; x_wconf 79' lang='grc' dir='ltr'>αὐτὸ</span> <span class='ocrx_word' id='word_1_29' title='bbox 2422 519 2778 590; x_wconf 81' lang='grc' dir='ltr'>συναγόμενοι</span> <span class='ocrx_word' id='word_1_30' title='bbox 2802 522 2858 574; x_wconf 84' lang='grc' dir='ltr'>ὲν</span> <span class='ocrx_word' id='word_1_31' title='bbox 2883 524 3004 584; x_wconf 88' lang='grc' dir='ltr'>ταῖς</span> <span class='ocrx_word' id='word_1_32' title='bbox 3043 522 3164 577; x_wconf 88' lang='grc' dir='ltr'>καθ’</span> <span class='ocrx_word' id='word_1_33' title='bbox 3197 524 3326 596; x_wconf 82' lang='grc' dir='ltr'>ὅλης</span> <span class='ocrx_word' id='word_1_34' title='bbox 3373 528 3471 598; x_wconf 85' lang='grc' dir='ltr'>τῆς</span> <span class='ocrx_word' id='word_1_35' title='bbox 3509 529 3590 581; x_wconf 80' lang='grc' dir='ltr'>οἶ-</span> 
     </span>
    </p>
   </div>
   <div class='ocr_carea' id='block_1_6' title="bbox 305 605 3589 688">
    <p class='ocr_par' dir='ltr' id='par_1_6' title="bbox 305 605 3589 688">
     <span class='ocr_line' id='line_1_6' title="bbox 305 605 3589 688; baseline 0.003 -25"><span class='ocrx_word' id='word_1_36' title='bbox 305 609 597 682; x_wconf 84' lang='grc' dir='ltr'>κουμένης</span> <span class='ocrx_word' id='word_1_37' title='bbox 614 608 930 681; x_wconf 77' lang='grc' dir='ltr'>ἐκκλησίαις</span> <span class='ocrx_word' id='word_1_38' title='bbox 975 609 1108 662; x_wconf 78' lang='grc' dir='ltr'>πολὺ</span> <span class='ocrx_word' id='word_1_39' title='bbox 1137 607 1340 680; x_wconf 90' lang='grc' dir='ltr'>πλῆθος</span> <span class='ocrx_word' id='word_1_40' title='bbox 1374 609 1782 680; x_wconf 72' lang='grc' dir='ltr'>ἀπειργάσαντο</span> <span class='ocrx_word' id='word_1_41' title='bbox 1810 610 2014 684; x_wconf 87' lang='grc' dir='ltr'>ληνῶν·</span> <span class='ocrx_word' id='word_1_42' title='bbox 2048 605 2122 667; x_wconf 84' lang='grc' dir='ltr'>ὦν</span> <span class='ocrx_word' id='word_1_43' title='bbox 2145 612 2308 666; x_wconf 73' lang='grc' dir='ltr'>ἕνεκα</span> <span class='ocrx_word' id='word_1_44' title='bbox 2369 611 2456 665; x_wconf 68' lang='grc' dir='ltr'>διὰ</span> <span class='ocrx_word' id='word_1_45' title='bbox 2497 611 2590 666; x_wconf 92' lang='grc' dir='ltr'>τοῦ</span> <span class='ocrx_word' id='word_1_46' title='bbox 2633 612 2790 680; x_wconf 79' lang='grc' dir='ltr'>ἁγίου</span> <span class='ocrx_word' id='word_1_47' title='bbox 2830 614 3144 685; x_wconf 83' lang='grc' dir='ltr'>Πνεύματος</span> <span class='ocrx_word' id='word_1_48' title='bbox 3174 617 3223 668; x_wconf 84' lang='grc' dir='ltr'>οἱ</span> <span class='ocrx_word' id='word_1_49' title='bbox 3253 617 3589 688; x_wconf 75' lang='grc' dir='ltr'>Ἐπιλήνιοι</span> 
     </span>
    </p>
   </div>
   <div class='ocr_carea' id='block_1_7' title="bbox 305 701 1382 775">
    <p class='ocr_par' dir='ltr' id='par_1_7' title="bbox 305 701 1382 775">
     <span class='ocr_line' id='line_1_7' title="bbox 305 701 1382 775; baseline 0 -19"><span class='ocrx_word' id='word_1_50' title='bbox 305 701 530 775; x_wconf 72' lang='grc' dir='ltr'>ψαλμοὶ</span> <span class='ocrx_word' id='word_1_51' title='bbox 567 702 912 774; x_wconf 80' lang='grc' dir='ltr'>προφητικῶς</span> <span class='ocrx_word' id='word_1_52' title='bbox 939 702 1382 775; x_wconf 79' lang='grc' dir='ltr'>άνεφωνήθησαν.</span> 
     </span>
    </p>
   </div>
   <div class='ocr_carea' id='block_1_8' title="bbox 394 816 1920 895">
    <p class='ocr_par' dir='ltr' id='par_1_8' title="bbox 394 816 1903 892">
     <span class='ocr_line' id='line_1_8' title="bbox 394 816 1903 892; baseline 0.002 -19"><span class='ocrx_word' id='word_1_53' title='bbox 394 818 742 873; x_wconf 75' lang='grc' dir='ltr'>Σαλπίσατε</span> <span class='ocrx_word' id='word_1_54' title='bbox 766 816 836 870; x_wconf 80' lang='grc' dir='ltr'>ἐν</span> <span class='ocrx_word' id='word_1_55' title='bbox 877 818 1162 886; x_wconf 69' lang='grc' dir='ltr'>νεομηνία</span> <span class='ocrx_word' id='word_1_56' title='bbox 1198 817 1505 890; x_wconf 74' lang='grc' dir='ltr'>σάλπιγγι,</span> <span class='ocrx_word' id='word_1_57' title='bbox 1546 821 1616 874; x_wconf 75' lang='grc' dir='ltr'>ἐν</span> <span class='ocrx_word' id='word_1_58' title='bbox 1657 821 1903 892; x_wconf 79' lang='grc' dir='ltr'>εὐσήμῳ</span> 
     </span>
    </p>
   </div>
   <div class='ocr_carea' id='block_1_9' title="bbox 2019 816 3587 895">
    <p class='ocr_par' dir='ltr' id='par_1_9' title="bbox 2081 819 3587 895">
     <span class='ocr_line' id='line_1_9' title="bbox 2081 819 3587 895; baseline 0.003 -21"><span class='ocrx_word' id='word_1_59' title='bbox 2081 819 2246 876; x_wconf 73' lang='lat' dir='ltr'><strong>Vens.</strong></span> <span class='ocrx_word' id='word_1_60' title='bbox 2282 821 2335 874; x_wconf 67' lang='grc'><strong>4.</strong></span> <span class='ocrx_word' id='word_1_61' title='bbox 2365 820 2648 875; x_wconf 76' lang='grc' dir='ltr'>Βαεειηαιε</span> <span class='ocrx_word' id='word_1_62' title='bbox 2692 837 2747 875; x_wconf 85' lang='lat' dir='ltr'>m</span> <span class='ocrx_word' id='word_1_63' title='bbox 2798 824 3071 876; x_wconf 81' lang='lat' dir='ltr'><strong>neomenia</strong></span> <span class='ocrx_word' id='word_1_64' title='bbox 3099 821 3250 886; x_wconf 87' lang='lat' dir='ltr'><strong>tuba,</strong></span> <span class='ocrx_word' id='word_1_65' title='bbox 3287 823 3341 876; x_wconf 84' lang='lat' dir='ltr'>in</span> <span class='ocrx_word' id='word_1_66' title='bbox 3393 824 3587 895; x_wconf 81' lang='lat' dir='ltr'><strong>insigni</strong></span> 
     </span>
    </p>
   </div>
   <div class='ocr_carea' id='block_1_10' title="bbox 314 901 1906 986">
    <p class='ocr_par' dir='ltr' id='par_1_10' title="bbox 314 901 1906 986">
     <span class='ocr_line' id='line_1_10' title="bbox 314 901 1906 986; baseline 0.003 -22"><span class='ocrx_word' id='word_1_67' title='bbox 314 911 518 981; x_wconf 75' lang='grc' dir='ltr'>ἡμέρᾳ</span> <span class='ocrx_word' id='word_1_68' title='bbox 539 908 750 978; x_wconf 80' lang='grc' dir='ltr'>ἑορτῆς</span> <span class='ocrx_word' id='word_1_69' title='bbox 775 909 958 977; x_wconf 74' lang='grc' dir='ltr'>ὑμῶν.</span> <span class='ocrx_word' id='word_1_70' title='bbox 996 908 1210 963; x_wconf 85' lang='grc' dir='ltr'>Ἐκάλει</span> <span class='ocrx_word' id='word_1_71' title='bbox 1235 911 1335 977; x_wconf 86' lang='grc' dir='ltr'>μὲν</span> <span class='ocrx_word' id='word_1_72' title='bbox 1359 913 1388 965; x_wconf 99' lang='lat'>6</span> <span class='ocrx_word' id='word_1_73' title='bbox 1421 901 1576 981; x_wconf 85' lang='grc' dir='ltr'>λόγος</span> <span class='ocrx_word' id='word_1_74' title='bbox 1608 915 1906 986; x_wconf 85' lang='grc' dir='ltr'>ἀρχόμενος</span> 
     </span>
    </p>
   </div>
   <div class='ocr_carea' id='block_1_11' title="bbox 315 999 1908 1071">
    <p class='ocr_par' dir='ltr' id='par_1_11' title="bbox 315 999 1908 1071">
     <span class='ocr_line' id='line_1_11' title="bbox 315 999 1908 1071; baseline 0.003 -17"><span class='ocrx_word' id='word_1_75' title='bbox 315 1001 422 1055; x_wconf 72' lang='grc' dir='ltr'>ἐπὶ</span> <span class='ocrx_word' id='word_1_76' title='bbox 449 999 797 1069; x_wconf 81' lang='grc' dir='ltr'>ἀγαλλίασιν’</span> <span class='ocrx_word' id='word_1_77' title='bbox 840 999 1163 1071; x_wconf 82' lang='grc' dir='ltr'>προσέταττε</span> <span class='ocrx_word' id='word_1_78' title='bbox 1185 999 1244 1053; x_wconf 81' lang='grc' dir='ltr'>δὲ</span> <span class='ocrx_word' id='word_1_79' title='bbox 1274 1000 1562 1066; x_wconf 74' lang='grc' dir='ltr'>ἀλαλάζειν</span> <span class='ocrx_word' id='word_1_80' title='bbox 1582 1041 1598 1066; x_wconf 92' lang='grc'>,</span> <span class='ocrx_word' id='word_1_81' title='bbox 1631 1005 1908 1060; x_wconf 81' lang='grc' dir='ltr'>τουτέστιν</span> 
     </span>
    </p>
   </div>
   <div class='ocr_carea' id='block_1_12' title="bbox 317 1093 1909 1170">
    <p class='ocr_par' dir='ltr' id='par_1_12' title="bbox 317 1093 1909 1170">
     <span class='ocr_line' id='line_1_12' title="bbox 317 1093 1909 1170; baseline 0.002 -22"><span class='ocrx_word' id='word_1_82' title='bbox 317 1093 498 1167; x_wconf 80' lang='grc' dir='ltr'>ὕμνον</span> <span class='ocrx_word' id='word_1_83' title='bbox 567 1093 832 1147; x_wconf 78' lang='grc' dir='ltr'>ἐπινίκιον</span> <span class='ocrx_word' id='word_1_84' title='bbox 897 1093 1248 1164; x_wconf 82' lang='grc' dir='ltr'>ἀναπέμπειν</span> <span class='ocrx_word' id='word_1_85' title='bbox 1305 1094 1382 1167; x_wconf 85' lang='grc' dir='ltr'>τῷ</span> <span class='ocrx_word' id='word_1_86' title='bbox 1433 1096 1729 1166; x_wconf 83' lang='grc' dir='ltr'>δηλωθέντι</span> <span class='ocrx_word' id='word_1_87' title='bbox 1789 1098 1909 1170; x_wconf 85' lang='grc' dir='ltr'>Θεῷ</span> 
     </span>
    </p>
   </div>
   <div class='ocr_carea' id='block_1_13' title="bbox 329 1180 1910 1260">
    <p class='ocr_par' dir='ltr' id='par_1_13' title="bbox 329 1180 1910 1260">
     <span class='ocr_line' id='line_1_13' title="bbox 329 1180 1910 1260; baseline 0.001 -20"><span class='ocrx_word' id='word_1_88' title='bbox 329 1183 564 1240; x_wconf 72' lang='grc' dir='ltr'>Ἰακῶ6’</span> <span class='ocrx_word' id='word_1_89' title='bbox 598 1180 714 1237; x_wconf 71' lang='grc' dir='ltr'>εἶτα</span> <span class='ocrx_word' id='word_1_90' title='bbox 753 1183 945 1252; x_wconf 88' lang='grc' dir='ltr'>λόγους</span> <span class='ocrx_word' id='word_1_91' title='bbox 995 1183 1408 1251; x_wconf 85' lang='grc' dir='ltr'>διδασκαλικοὺς</span> <span class='ocrx_word' id='word_1_92' title='bbox 1457 1188 1910 1260; x_wconf 81' lang='grc' dir='ltr'>παραλαμὸάνον-</span> 
     </span>
    </p>
   </div>
   <div class='ocr_carea' id='block_1_14' title="bbox 315 1275 1910 1350">
    <p class='ocr_par' dir='ltr' id='par_1_14' title="bbox 315 1275 1910 1350">
     <span class='ocr_line' id='line_1_14' title="bbox 315 1275 1910 1350; baseline 0.003 -21"><span class='ocrx_word' id='word_1_93' title='bbox 315 1293 445 1340; x_wconf 82' lang='grc' dir='ltr'>τας,</span> <span class='ocrx_word' id='word_1_94' title='bbox 476 1275 656 1348; x_wconf 75' lang='grc' dir='ltr'>ἔργοις</span> <span class='ocrx_word' id='word_1_95' title='bbox 683 1275 904 1338; x_wconf 78' lang='grc' dir='ltr'>τούτους</span> <span class='ocrx_word' id='word_1_96' title='bbox 924 1276 1274 1348; x_wconf 78' lang='grc' dir='ltr'>ἀποπληροῦν</span> <span class='ocrx_word' id='word_1_97' title='bbox 1299 1295 1311 1309; x_wconf 78' lang='grc' dir='ltr'><strong>ο</strong></span> <span class='ocrx_word' id='word_1_98' title='bbox 1345 1277 1638 1348; x_wconf 83' lang='grc' dir='ltr'>πληρωτὰς</span> <span class='ocrx_word' id='word_1_99' title='bbox 1673 1280 1730 1334; x_wconf 86' lang='grc' dir='ltr'>δὲ</span> <span class='ocrx_word' id='word_1_100' title='bbox 1759 1298 1910 1350; x_wconf 82' lang='grc' dir='ltr'>γενο-</span> 
     </span>
    </p>
   </div>
   <div class='ocr_carea' id='block_1_15' title="bbox 319 1365 1912 1442">
    <p class='ocr_par' dir='ltr' id='par_1_15' title="bbox 319 1365 1912 1442">
     <span class='ocr_line' id='line_1_15' title="bbox 319 1365 1912 1442; baseline 0.001 -21"><span class='ocrx_word' id='word_1_101' title='bbox 319 1367 525 1439; x_wconf 83' lang='grc' dir='ltr'>μένους</span> <span class='ocrx_word' id='word_1_102' title='bbox 556 1365 664 1419; x_wconf 91' lang='grc' dir='ltr'>τῶν</span> <span class='ocrx_word' id='word_1_103' title='bbox 686 1365 880 1436; x_wconf 79' lang='grc' dir='ltr'>ἔργων,</span> <span class='ocrx_word' id='word_1_104' title='bbox 911 1365 1011 1438; x_wconf 79' lang='grc' dir='ltr'>ῆδη</span> <span class='ocrx_word' id='word_1_105' title='bbox 1035 1365 1219 1420; x_wconf 83' lang='grc' dir='ltr'>λοιπὸν</span> <span class='ocrx_word' id='word_1_106' title='bbox 1245 1367 1339 1420; x_wconf 73' lang='grc' dir='ltr'>καὶ</span> <span class='ocrx_word' id='word_1_107' title='bbox 1362 1369 1441 1430; x_wconf 78' lang='grc' dir='ltr'>εἰς</span> <span class='ocrx_word' id='word_1_108' title='bbox 1470 1368 1677 1433; x_wconf 84' lang='grc' dir='ltr'>πάντας</span> <span class='ocrx_word' id='word_1_109' title='bbox 1702 1370 1798 1425; x_wconf 86' lang='grc' dir='ltr'>ἀνθ</span> <span class='ocrx_word' id='word_1_110' title='bbox 1809 1370 1912 1442; x_wconf 78' lang='grc' dir='ltr'>ρώ-</span> 
     </span>
    </p>
   </div>
   <div class='ocr_carea' id='block_1_16' title="bbox 318 1453 1912 1529">
    <p class='ocr_par' dir='ltr' id='par_1_16' title="bbox 318 1453 1912 1529">
     <span class='ocr_line' id='line_1_16' title="bbox 318 1453 1912 1529; baseline 0 -19"><span class='ocrx_word' id='word_1_111' title='bbox 318 1474 464 1521; x_wconf 83' lang='grc' dir='ltr'>πους</span> <span class='ocrx_word' id='word_1_112' title='bbox 516 1455 807 1529; x_wconf 80' lang='grc' dir='ltr'>κηρύττειν</span> <span class='ocrx_word' id='word_1_113' title='bbox 845 1455 938 1508; x_wconf 73' lang='grc' dir='ltr'>καὶ</span> <span class='ocrx_word' id='word_1_114' title='bbox 975 1453 1258 1519; x_wconf 79' lang='grc' dir='ltr'>σαλπίζειν</span> <span class='ocrx_word' id='word_1_115' title='bbox 1282 1494 1298 1520; x_wconf 91' lang='grc'>,</span> <span class='ocrx_word' id='word_1_116' title='bbox 1340 1455 1552 1527; x_wconf 83' lang='grc' dir='ltr'>ὲξηχεῖν</span> <span class='ocrx_word' id='word_1_117' title='bbox 1585 1474 1644 1510; x_wconf 86' lang='grc' dir='ltr'>τε</span> <span class='ocrx_word' id='word_1_118' title='bbox 1695 1457 1791 1510; x_wconf 73' lang='grc' dir='ltr'>καὶ</span> <span class='ocrx_word' id='word_1_119' title='bbox 1827 1457 1912 1522; x_wconf 77' lang='grc' dir='ltr'>ἐξ·</span> 
     </span>
    </p>
   </div>
   <div class='ocr_carea' id='block_1_17' title="bbox 320 1547 1912 1622">
    <p class='ocr_par' dir='ltr' id='par_1_17' title="bbox 320 1547 1912 1622">
     <span class='ocr_line' id='line_1_17' title="bbox 320 1547 1912 1622; baseline 0 -18"><span class='ocrx_word' id='word_1_120' title='bbox 320 1548 594 1604; x_wconf 85' lang='grc' dir='ltr'>άκουστον</span> <span class='ocrx_word' id='word_1_121' title='bbox 632 1551 743 1611; x_wconf 86' lang='grc' dir='ltr'>τοῖς</span> <span class='ocrx_word' id='word_1_122' title='bbox 776 1549 912 1602; x_wconf 80' lang='grc' dir='ltr'>πᾶσι</span> <span class='ocrx_word' id='word_1_123' title='bbox 933 1552 1106 1602; x_wconf 85' lang='grc' dir='ltr'>ποιεῖν</span> <span class='ocrx_word' id='word_1_124' title='bbox 1125 1548 1188 1601; x_wconf 83' lang='grc' dir='ltr'>τὸ</span> <span class='ocrx_word' id='word_1_125' title='bbox 1216 1549 1569 1618; x_wconf 84' lang='grc' dir='ltr'>Εὐαγγέλιον·</span> <span class='ocrx_word' id='word_1_126' title='bbox 1603 1549 1790 1622; x_wconf 88' lang='grc' dir='ltr'>ῶσπερ</span> <span class='ocrx_word' id='word_1_127' title='bbox 1819 1547 1912 1604; x_wconf 77' lang='grc' dir='ltr'>οὖν</span> 
     </span>
    </p>
   </div>
   <div class='ocr_carea' id='block_1_18' title="bbox 322 1639 1913 1716">
    <p class='ocr_par' dir='ltr' id='par_1_18' title="bbox 322 1639 1913 1716">
     <span class='ocr_line' id='line_1_18' title="bbox 322 1639 1913 1716; baseline 0.001 -21"><span class='ocrx_word' id='word_1_128' title='bbox 322 1641 422 1695; x_wconf 73' lang='grc' dir='ltr'>καὶ</span> <span class='ocrx_word' id='word_1_129' title='bbox 451 1643 480 1694; x_wconf 91' lang='lat'>6</span> <span class='ocrx_word' id='word_1_130' title='bbox 518 1641 708 1712; x_wconf 75' lang='grc' dir='ltr'>Σωτὴρ</span> <span class='ocrx_word' id='word_1_131' title='bbox 735 1639 1131 1712; x_wconf 86' lang='grc' dir='ltr'>παρεκελεύετο</span> <span class='ocrx_word' id='word_1_132' title='bbox 1175 1641 1349 1711; x_wconf 85' lang='grc' dir='ltr'>λέγων</span> <span class='ocrx_word' id='word_1_133' title='bbox 1380 1645 1494 1706; x_wconf 86' lang='grc' dir='ltr'>τοῖς</span> <span class='ocrx_word' id='word_1_134' title='bbox 1534 1643 1698 1696; x_wconf 84' lang='grc' dir='ltr'>αὐτοῦ</span> <span class='ocrx_word' id='word_1_135' title='bbox 1738 1644 1913 1716; x_wconf 83' lang='grc' dir='ltr'>μαθη-</span> 
     </span>
    </p>
   </div>
   <div class='ocr_carea' id='block_1_19' title="bbox 317 1729 1913 1804">
    <p class='ocr_par' dir='ltr' id='par_1_19' title="bbox 317 1729 1913 1804">
     <span class='ocr_line' id='line_1_19' title="bbox 317 1729 1913 1804; baseline 0.002 -16"><span class='ocrx_word' id='word_1_136' title='bbox 317 1737 450 1799; x_wconf 83' lang='grc' dir='ltr'>ταῖς</span> <span class='ocrx_word' id='word_1_137' title='bbox 471 1751 485 1766; x_wconf 77' lang='grc' dir='ltr'><strong><em>ο</em></strong></span> <span class='ocrx_word' id='word_1_138' title='bbox 527 1735 588 1786; x_wconf 87' lang='grc' dir='ltr'><strong><em>Ὃ</em></strong></span> <span class='ocrx_word' id='word_1_139' title='bbox 609 1736 698 1800; x_wconf 87' lang='grc' dir='ltr'>εὶς</span> <span class='ocrx_word' id='word_1_140' title='bbox 731 1732 796 1786; x_wconf 82' lang='grc' dir='ltr'>τὸ</span> <span class='ocrx_word' id='word_1_141' title='bbox 833 1729 942 1800; x_wconf 84' lang='grc' dir='ltr'>οὖς</span> <span class='ocrx_word' id='word_1_142' title='bbox 976 1734 1225 1791; x_wconf 82' lang='grc' dir='ltr'>ἀκούετε</span> <span class='ocrx_word' id='word_1_143' title='bbox 1245 1775 1259 1798; x_wconf 93' lang='grc'>,</span> <span class='ocrx_word' id='word_1_144' title='bbox 1279 1737 1643 1804; x_wconf 70' lang='grc' dir='ltr'>ικηρύσσετε</span> <span class='ocrx_word' id='word_1_145' title='bbox 1673 1737 1770 1790; x_wconf 82' lang='grc' dir='ltr'>ἐπὶ</span> <span class='ocrx_word' id='word_1_146' title='bbox 1795 1738 1913 1791; x_wconf 83' lang='grc' dir='ltr'>τῶν</span> 
     </span>
    </p>
   </div>
   <div class='ocr_carea' id='block_1_20' title="bbox 321 1826 1908 1903">
    <p class='ocr_par' dir='ltr' id='par_1_20' title="bbox 321 1826 1908 1903">
     <span class='ocr_line' id='line_1_20' title="bbox 321 1826 1908 1903; baseline 0.001 -20"><span class='ocrx_word' id='word_1_147' title='bbox 321 1827 634 1898; x_wconf 73' lang='grc' dir='ltr'>δωμάτων.</span> <span class='ocrx_word' id='word_1_148' title='bbox 671 1827 761 1880; x_wconf 77' lang='grc' dir='ltr'>Διὸ</span> <span class='ocrx_word' id='word_1_149' title='bbox 787 1826 1032 1881; x_wconf 87' lang='grc' dir='ltr'>λέλεκται</span> <span class='ocrx_word' id='word_1_150' title='bbox 1053 1830 1165 1892; x_wconf 87' lang='grc' dir='ltr'>τοῖς</span> <span class='ocrx_word' id='word_1_151' title='bbox 1189 1827 1256 1882; x_wconf 80' lang='grc' dir='ltr'>τὰ</span> <span class='ocrx_word' id='word_1_152' title='bbox 1286 1828 1478 1903; x_wconf 82' lang='grc' dir='ltr'>πρῶτα</span> <span class='ocrx_word' id='word_1_153' title='bbox 1500 1830 1908 1901; x_wconf 82' lang='grc' dir='ltr'>κατωρθωκόσι·</span> 
     </span>
    </p>
   </div>
   <div class='ocr_carea' id='block_1_21' title="bbox 327 1919 1910 1995">
    <p class='ocr_par' dir='ltr' id='par_1_21' title="bbox 327 1919 1910 1995">
     <span class='ocr_line' id='line_1_21' title="bbox 327 1919 1910 1995; baseline 0 -19"><span class='ocrx_word' id='word_1_154' title='bbox 327 1922 698 1976; x_wconf 72' lang='grc' dir='ltr'>Σαλπίσατε.</span> <span class='ocrx_word' id='word_1_155' title='bbox 735 1919 859 1981; x_wconf 89' lang='grc' dir='ltr'>Πῶς</span> <span class='ocrx_word' id='word_1_156' title='bbox 910 1920 968 1974; x_wconf 82' lang='grc' dir='ltr'>δὲ</span> <span class='ocrx_word' id='word_1_157' title='bbox 1011 1921 1210 1984; x_wconf 82' lang='grc' dir='ltr'>αὐτοὺς</span> <span class='ocrx_word' id='word_1_158' title='bbox 1257 1920 1505 1991; x_wconf 89' lang='grc' dir='ltr'>βούλεται</span> <span class='ocrx_word' id='word_1_159' title='bbox 1549 1922 1910 1995; x_wconf 73' lang='grc' dir='ltr'>σαλπίζειν,ἢ</span> 
     </span>
    </p>
   </div>
   <div class='ocr_carea' id='block_1_22' title="bbox 327 2011 1910 2084">
    <p class='ocr_par' dir='ltr' id='par_1_22' title="bbox 327 2011 1910 2084">
     <span class='ocr_line' id='line_1_22' title="bbox 327 2011 1910 2084; baseline 0.002 -18"><span class='ocrx_word' id='word_1_160' title='bbox 327 2014 409 2084; x_wconf 76' lang='grc' dir='ltr'>ὡς</span> <span class='ocrx_word' id='word_1_161' title='bbox 451 2011 738 2077; x_wconf 77' lang='grc' dir='ltr'>ἐσάλπιζον</span> <span class='ocrx_word' id='word_1_162' title='bbox 772 2011 937 2065; x_wconf 84' lang='grc' dir='ltr'>πάλαι</span> <span class='ocrx_word' id='word_1_163' title='bbox 979 2013 1241 2084; x_wconf 89' lang='grc' dir='ltr'>πρότερον</span> <span class='ocrx_word' id='word_1_164' title='bbox 1270 2014 1320 2065; x_wconf 83' lang='lat' dir='ltr'>oi</span> <span class='ocrx_word' id='word_1_165' title='bbox 1352 2013 1449 2076; x_wconf 77' lang='grc' dir='ltr'>τὰς</span> <span class='ocrx_word' id='word_1_166' title='bbox 1471 2015 1686 2078; x_wconf 81' lang='grc' dir='ltr'>εἰκόνας</span> <span class='ocrx_word' id='word_1_167' title='bbox 1731 2017 1910 2069; x_wconf 83' lang='grc' dir='ltr'>ἐπιτε-</span> 
     </span>
    </p>
   </div>
   <div class='ocr_carea' id='block_1_23' title="bbox 332 2103 1913 2180">
    <p class='ocr_par' dir='ltr' id='par_1_23' title="bbox 332 2103 1913 2180">
     <span class='ocr_line' id='line_1_23' title="bbox 332 2103 1913 2180; baseline 0.003 -23"><span class='ocrx_word' id='word_1_168' title='bbox 332 2104 575 2171; x_wconf 83' lang='grc' dir='ltr'>λοῦντες,</span> <span class='ocrx_word' id='word_1_169' title='bbox 605 2106 701 2158; x_wconf 73' lang='grc' dir='ltr'>καὶ</span> <span class='ocrx_word' id='word_1_170' title='bbox 729 2103 798 2160; x_wconf 74' lang='grc' dir='ltr'>τὰ</span> <span class='ocrx_word' id='word_1_171' title='bbox 834 2103 1077 2175; x_wconf 78' lang='grc' dir='ltr'>σύμϐολα</span> <span class='ocrx_word' id='word_1_172' title='bbox 1128 2105 1366 2171; x_wconf 74' lang='grc' dir='ltr'>καὶτοὺς</span> <span class='ocrx_word' id='word_1_173' title='bbox 1393 2106 1599 2170; x_wconf 84' lang='grc' dir='ltr'>τύπους</span> <span class='ocrx_word' id='word_1_174' title='bbox 1636 2107 1744 2162; x_wconf 93' lang='grc' dir='ltr'>τῶν</span> <span class='ocrx_word' id='word_1_175' title='bbox 1781 2109 1913 2180; x_wconf 84' lang='grc' dir='ltr'>άλη-</span> 
     </span>
    </p>
   </div>
   <div class='ocr_carea' id='block_1_24' title="bbox 332 2171 1987 2272">
    <p class='ocr_par' dir='ltr' id='par_1_24' title="bbox 332 2171 1987 2272">
     <span class='ocr_line' id='line_1_24' title="bbox 332 2171 1987 2272; baseline 0.001 -21"><span class='ocrx_word' id='word_1_176' title='bbox 332 2197 476 2263; x_wconf 90' lang='grc' dir='ltr'>θῶν;</span> <span class='ocrx_word' id='word_1_177' title='bbox 507 2196 826 2260; x_wconf 80' lang='grc' dir='ltr'>Ἐσάλπιζον</span> <span class='ocrx_word' id='word_1_178' title='bbox 871 2197 927 2250; x_wconf 83' lang='grc' dir='ltr'>δὲ</span> <span class='ocrx_word' id='word_1_179' title='bbox 976 2197 1173 2250; x_wconf 81' lang='grc' dir='ltr'>ἐκεῖνοι</span> <span class='ocrx_word' id='word_1_180' title='bbox 1214 2197 1271 2250; x_wconf 82' lang='grc' dir='ltr'>ὲν</span> <span class='ocrx_word' id='word_1_181' title='bbox 1301 2197 1565 2272; x_wconf 74' lang='grc' dir='ltr'>νεομηνία</span> <span class='ocrx_word' id='word_1_182' title='bbox 1608 2200 1703 2254; x_wconf 79' lang='grc' dir='ltr'>καὶ</span> <span class='ocrx_word' id='word_1_183' title='bbox 1731 2201 1790 2253; x_wconf 65' lang='grc' dir='ltr'>ὲν</span> <span class='ocrx_word' id='word_1_184' title='bbox 1821 2201 1913 2254; x_wconf 90' lang='grc' dir='ltr'>εύ-</span> <span class='ocrx_word' id='word_1_185' title='bbox 1947 2171 1987 2228; x_wconf 74' lang='grc' dir='ltr'><strong><em>Β</em></strong></span> 
     </span>
    </p>
   </div>
   <div class='ocr_carea' id='block_1_25' title="bbox 337 2287 1916 2362">
    <p class='ocr_par' dir='ltr' id='par_1_25' title="bbox 337 2287 1916 2362">
     <span class='ocr_line' id='line_1_25' title="bbox 337 2287 1916 2362; baseline 0.004 -22"><span class='ocrx_word' id='word_1_186' title='bbox 337 2289 499 2359; x_wconf 76' lang='grc' dir='ltr'>σήμῳ</span> <span class='ocrx_word' id='word_1_187' title='bbox 521 2290 700 2361; x_wconf 80' lang='grc' dir='ltr'>ἡμέρᾳ</span> <span class='ocrx_word' id='word_1_188' title='bbox 725 2289 939 2361; x_wconf 78' lang='grc' dir='ltr'>ἑορτῆς.</span> <span class='ocrx_word' id='word_1_189' title='bbox 969 2289 1082 2343; x_wconf 73' lang='grc' dir='ltr'>Καὶ</span> <span class='ocrx_word' id='word_1_190' title='bbox 1131 2287 1274 2342; x_wconf 82' lang='grc' dir='ltr'>τοῦτ’</span> <span class='ocrx_word' id='word_1_191' title='bbox 1316 2289 1584 2362; x_wconf 80' lang='grc' dir='ltr'>ἔπραττον</span> <span class='ocrx_word' id='word_1_192' title='bbox 1631 2293 1770 2346; x_wconf 80' lang='grc' dir='ltr'>κατὰ</span> <span class='ocrx_word' id='word_1_193' title='bbox 1825 2293 1916 2347; x_wconf 74' lang='grc' dir='ltr'>τὸν</span> 
     </span>
    </p>
   </div>
   <div class='ocr_carea' id='block_1_26' title="bbox 334 2377 1917 2458">
    <p class='ocr_par' dir='ltr' id='par_1_26' title="bbox 334 2377 1917 2458">
     <span class='ocr_line' id='line_1_26' title="bbox 334 2377 1917 2458; baseline 0.004 -24"><span class='ocrx_word' id='word_1_194' title='bbox 334 2380 562 2452; x_wconf 71' lang='grc' dir='ltr'>ἕϐδομον</span> <span class='ocrx_word' id='word_1_195' title='bbox 606 2383 770 2454; x_wconf 84' lang='grc' dir='ltr'>μῆνα,</span> <span class='ocrx_word' id='word_1_196' title='bbox 825 2385 884 2436; x_wconf 82' lang='grc' dir='ltr'>ἐν</span> <span class='ocrx_word' id='word_1_197' title='bbox 931 2377 975 2450; x_wconf 83' lang='grc' dir='ltr'><strong>ᾧ</strong></span> <span class='ocrx_word' id='word_1_198' title='bbox 1018 2382 1422 2454; x_wconf 86' lang='grc' dir='ltr'>συνερχόμενοι,</span> <span class='ocrx_word' id='word_1_199' title='bbox 1452 2385 1550 2454; x_wconf 80' lang='grc' dir='ltr'>τὴν</span> <span class='ocrx_word' id='word_1_200' title='bbox 1579 2386 1771 2458; x_wconf 76' lang='grc' dir='ltr'>ἑορτὴν</span> <span class='ocrx_word' id='word_1_201' title='bbox 1807 2387 1917 2440; x_wconf 89' lang='grc' dir='ltr'>τῶν</span> 
     </span>
    </p>
   </div>
   <div class='ocr_carea' id='block_1_27' title="bbox 335 2473 1918 2552">
    <p class='ocr_par' dir='ltr' id='par_1_27' title="bbox 335 2473 1918 2552">
     <span class='ocr_line' id='line_1_27' title="bbox 335 2473 1918 2552; baseline 0.003 -24"><span class='ocrx_word' id='word_1_202' title='bbox 335 2473 656 2545; x_wconf 83' lang='grc' dir='ltr'>Σαλπίγγων</span> <span class='ocrx_word' id='word_1_203' title='bbox 686 2475 992 2539; x_wconf 71' lang='grc' dir='ltr'>ἐπετέλουν,</span> <span class='ocrx_word' id='word_1_204' title='bbox 1017 2473 1163 2540; x_wconf 75' lang='grc' dir='ltr'>ἅπαξ</span> <span class='ocrx_word' id='word_1_205' title='bbox 1186 2473 1275 2528; x_wconf 75' lang='grc' dir='ltr'>τοῦ</span> <span class='ocrx_word' id='word_1_206' title='bbox 1294 2475 1541 2530; x_wconf 76' lang='grc' dir='ltr'>ἐνιαυτοῦ</span> <span class='ocrx_word' id='word_1_207' title='bbox 1567 2477 1724 2533; x_wconf 85' lang='grc' dir='ltr'>τοῦτο</span> <span class='ocrx_word' id='word_1_208' title='bbox 1746 2479 1918 2552; x_wconf 82' lang='grc' dir='ltr'>πράτ-</span> 
     </span>
    </p>
   </div>
   <div class='ocr_carea' id='block_1_28' title="bbox 333 2569 1916 2648">
    <p class='ocr_par' dir='ltr' id='par_1_28' title="bbox 333 2569 1916 2648">
     <span class='ocr_line' id='line_1_28' title="bbox 333 2569 1916 2648; baseline 0.004 -25"><span class='ocrx_word' id='word_1_209' title='bbox 333 2587 537 2635; x_wconf 88' lang='grc' dir='ltr'>τοντες.</span> <span class='ocrx_word' id='word_1_210' title='bbox 573 2574 735 2642; x_wconf 82' lang='grc' dir='ltr'>Λέγει</span> <span class='ocrx_word' id='word_1_211' title='bbox 765 2573 808 2626; x_wconf 84' lang='grc' dir='ltr'>δ’</span> <span class='ocrx_word' id='word_1_212' title='bbox 843 2569 934 2628; x_wconf 79' lang='grc' dir='ltr'>οὖν</span> <span class='ocrx_word' id='word_1_213' title='bbox 967 2577 1000 2647; x_wconf 84' lang='grc' dir='ltr'>ἡ</span> <span class='ocrx_word' id='word_1_214' title='bbox 1027 2576 1213 2648; x_wconf 80' lang='grc' dir='ltr'>γραφὴ</span> <span class='ocrx_word' id='word_1_215' title='bbox 1232 2574 1324 2630; x_wconf 89' lang='grc' dir='ltr'>τοῦ</span> <span class='ocrx_word' id='word_1_216' title='bbox 1347 2576 1512 2647; x_wconf 87' lang='grc' dir='ltr'>νόμου</span> <span class='ocrx_word' id='word_1_217' title='bbox 1535 2593 1550 2607; x_wconf 73' lang='grc' dir='ltr'>ο</span> <span class='ocrx_word' id='word_1_218' title='bbox 1579 2575 1690 2631; x_wconf 87' lang='grc' dir='ltr'>Τοῦ</span> <span class='ocrx_word' id='word_1_219' title='bbox 1722 2576 1916 2645; x_wconf 76' lang='grc' dir='ltr'>μηνὸς</span> 
     </span>
    </p>
   </div>
   <div class='ocr_carea' id='block_1_29' title="bbox 337 2663 1918 2738">
    <p class='ocr_par' dir='ltr' id='par_1_29' title="bbox 337 2663 1918 2738">
     <span class='ocr_line' id='line_1_29' title="bbox 337 2663 1918 2738; baseline 0.005 -24"><span class='ocrx_word' id='word_1_220' title='bbox 337 2663 444 2718; x_wconf 83' lang='grc' dir='ltr'>τοῦ</span> <span class='ocrx_word' id='word_1_221' title='bbox 470 2663 741 2734; x_wconf 78' lang='grc' dir='ltr'>ἑϐδόμου,</span> <span class='ocrx_word' id='word_1_222' title='bbox 764 2666 874 2734; x_wconf 84' lang='grc' dir='ltr'>μιᾷ</span> <span class='ocrx_word' id='word_1_223' title='bbox 891 2668 999 2722; x_wconf 85' lang='grc' dir='ltr'>τοῦ</span> <span class='ocrx_word' id='word_1_224' title='bbox 1021 2668 1234 2738; x_wconf 82' lang='grc' dir='ltr'>μηνὸς,</span> <span class='ocrx_word' id='word_1_225' title='bbox 1270 2668 1442 2722; x_wconf 79' lang='grc' dir='ltr'>ἔσται</span> <span class='ocrx_word' id='word_1_226' title='bbox 1478 2668 1621 2738; x_wconf 78' lang='grc' dir='ltr'>ὑμῖν</span> <span class='ocrx_word' id='word_1_227' title='bbox 1646 2668 1918 2724; x_wconf 80' lang='grc' dir='ltr'>ἀνάπαυ-</span> 
     </span>
    </p>
   </div>
   <div class='ocr_carea' id='block_1_30' title="bbox 336 2759 1918 2831">
    <p class='ocr_par' dir='ltr' id='par_1_30' title="bbox 336 2759 1918 2831">
     <span class='ocr_line' id='line_1_30' title="bbox 336 2759 1918 2831; baseline 0.004 -21"><span class='ocrx_word' id='word_1_228' title='bbox 336 2771 460 2822; x_wconf 85' lang='grc' dir='ltr'>σις,</span> <span class='ocrx_word' id='word_1_229' title='bbox 485 2759 882 2826; x_wconf 78' lang='grc' dir='ltr'>μνημόσυνον</span> <span class='ocrx_word' id='word_1_230' title='bbox 912 2762 1282 2831; x_wconf 58' lang='grc' dir='ltr'>σιυπίγτων</span> <span class='ocrx_word' id='word_1_231' title='bbox 1325 2761 1519 2830; x_wconf 76' lang='grc' dir='ltr'>κλητὴ</span> <span class='ocrx_word' id='word_1_232' title='bbox 1562 2762 1702 2831; x_wconf 76' lang='grc' dir='ltr'>ἁγία</span> <span class='ocrx_word' id='word_1_233' title='bbox 1745 2761 1918 2816; x_wconf 80' lang='grc' dir='ltr'>ἔσται</span> 
     </span>
    </p>
   </div>
   <div class='ocr_carea' id='block_1_31' title="bbox 340 2846 1917 2926">
    <p class='ocr_par' dir='ltr' id='par_1_31' title="bbox 340 2846 1917 2926">
     <span class='ocr_line' id='line_1_31' title="bbox 340 2846 1917 2926; baseline 0.003 -24"><span class='ocrx_word' id='word_1_234' title='bbox 340 2849 499 2918; x_wconf 82' lang='grc' dir='ltr'>ὑμῖν.</span> <span class='ocrx_word' id='word_1_235' title='bbox 549 2849 734 2913; x_wconf 78' lang='grc' dir='ltr'>Οὕτως</span> <span class='ocrx_word' id='word_1_236' title='bbox 785 2846 876 2904; x_wconf 77' lang='grc' dir='ltr'>οὖν</span> <span class='ocrx_word' id='word_1_237' title='bbox 927 2850 1115 2924; x_wconf 84' lang='grc' dir='ltr'>ὥσπερ</span> <span class='ocrx_word' id='word_1_238' title='bbox 1173 2852 1233 2906; x_wconf 80' lang='grc' dir='ltr'>ὲν</span> <span class='ocrx_word' id='word_1_239' title='bbox 1283 2853 1631 2926; x_wconf 78' lang='grc' dir='ltr'>τῇνεομηνίᾳ</span> <span class='ocrx_word' id='word_1_240' title='bbox 1675 2856 1740 2925; x_wconf 84' lang='grc' dir='ltr'>τῇ</span> <span class='ocrx_word' id='word_1_241' title='bbox 1795 2853 1917 2906; x_wconf 86' lang='grc' dir='ltr'>τότε</span> 
     </span>
    </p>
   </div>
   <div class='ocr_carea' id='block_1_32' title="bbox 340 2941 1916 3017">
    <p class='ocr_par' dir='ltr' id='par_1_32' title="bbox 340 2941 1916 3017">
     <span class='ocr_line' id='line_1_32' title="bbox 340 2941 1916 3017; baseline 0.003 -23"><span class='ocrx_word' id='word_1_242' title='bbox 340 2941 652 3008; x_wconf 82' lang='grc' dir='ltr'>ὲσάλπιζον,</span> <span class='ocrx_word' id='word_1_243' title='bbox 695 2942 940 3012; x_wconf 81' lang='grc' dir='ltr'>βούλεται</span> <span class='ocrx_word' id='word_1_244' title='bbox 972 2945 1064 2998; x_wconf 77' lang='grc' dir='ltr'>καὶ</span> <span class='ocrx_word' id='word_1_245' title='bbox 1092 2943 1189 2998; x_wconf 90' lang='grc' dir='ltr'>νῦν</span> <span class='ocrx_word' id='word_1_246' title='bbox 1219 2945 1347 3008; x_wconf 80' lang='grc' dir='ltr'>τοὺς</span> <span class='ocrx_word' id='word_1_247' title='bbox 1375 2946 1745 3017; x_wconf 83' lang='grc' dir='ltr'>κεκλημένους</span> <span class='ocrx_word' id='word_1_248' title='bbox 1785 2947 1916 3001; x_wconf 82' lang='grc' dir='ltr'>σαλ-</span> 
     </span>
    </p>
   </div>
   <div class='ocr_carea' id='block_1_33' title="bbox 343 3029 1916 3110">
    <p class='ocr_par' dir='ltr' id='par_1_33' title="bbox 343 3029 1916 3110">
     <span class='ocr_line' id='line_1_33' title="bbox 343 3029 1916 3110; baseline 0.005 -25"><span class='ocrx_word' id='word_1_249' title='bbox 343 3031 537 3099; x_wconf 74' lang='grc' dir='ltr'>πίξειν.</span> <span class='ocrx_word' id='word_1_250' title='bbox 566 3029 673 3088; x_wconf 84' lang='grc' dir='ltr'>Ἦν</span> <span class='ocrx_word' id='word_1_251' title='bbox 695 3035 752 3088; x_wconf 85' lang='grc' dir='ltr'>δὲ</span> <span class='ocrx_word' id='word_1_252' title='bbox 778 3035 1015 3107; x_wconf 80' lang='grc' dir='ltr'>ἡήμέρα</span> <span class='ocrx_word' id='word_1_253' title='bbox 1037 3035 1264 3109; x_wconf 81' lang='grc' dir='ltr'>ὲκείνηή</span> <span class='ocrx_word' id='word_1_254' title='bbox 1288 3041 1388 3108; x_wconf 84' lang='grc' dir='ltr'>τῆς</span> <span class='ocrx_word' id='word_1_255' title='bbox 1419 3039 1612 3110; x_wconf 78' lang='grc' dir='ltr'>ἑορτῆς</span> <span class='ocrx_word' id='word_1_256' title='bbox 1643 3038 1750 3092; x_wconf 88' lang='grc' dir='ltr'>τῶν</span> <span class='ocrx_word' id='word_1_257' title='bbox 1780 3039 1916 3093; x_wconf 84' lang='grc' dir='ltr'>Σαλ-</span> 
     </span>
    </p>
   </div>
   <div class='ocr_carea' id='block_1_34' title="bbox 345 3122 1918 3199">
    <p class='ocr_par' dir='ltr' id='par_1_34' title="bbox 345 3122 1918 3199">
     <span class='ocr_line' id='line_1_34' title="bbox 345 3122 1918 3199; baseline 0.003 -24"><span class='ocrx_word' id='word_1_258' title='bbox 345 3122 557 3193; x_wconf 87' lang='grc' dir='ltr'>πίγγων</span> <span class='ocrx_word' id='word_1_259' title='bbox 598 3122 834 3196; x_wconf 77' lang='grc' dir='ltr'>εῠσημος</span> <span class='ocrx_word' id='word_1_260' title='bbox 863 3124 1078 3197; x_wconf 74' lang='grc' dir='ltr'>ἡμέραο</span> <span class='ocrx_word' id='word_1_261' title='bbox 1121 3125 1268 3194; x_wconf 85' lang='grc' dir='ltr'>λέγει</span> <span class='ocrx_word' id='word_1_262' title='bbox 1313 3125 1358 3179; x_wconf 91' lang='grc' dir='ltr'>δ’</span> <span class='ocrx_word' id='word_1_263' title='bbox 1401 3123 1494 3180; x_wconf 81' lang='grc' dir='ltr'>οὖν</span> <span class='ocrx_word' id='word_1_264' title='bbox 1535 3127 1741 3198; x_wconf 83' lang='grc' dir='ltr'>Μωσῆς</span> <span class='ocrx_word' id='word_1_265' title='bbox 1789 3128 1918 3199; x_wconf 80' lang='grc' dir='ltr'>περὶ</span> 
     </span>
    </p>
   </div>
   <div class='ocr_carea' id='block_1_35' title="bbox 344 3214 1918 3290">
    <p class='ocr_par' dir='ltr' id='par_1_35' title="bbox 344 3214 1918 3290">
     <span class='ocr_line' id='line_1_35' title="bbox 344 3214 1918 3290; baseline 0.001 -18"><span class='ocrx_word' id='word_1_266' title='bbox 344 3215 516 3287; x_wconf 79' lang='grc' dir='ltr'>αὐτῆς</span> <span class='ocrx_word' id='word_1_267' title='bbox 534 3233 547 3246; x_wconf 89' lang='grc'><strong>·</strong></span> <span class='ocrx_word' id='word_1_268' title='bbox 581 3214 712 3271; x_wconf 64' lang='grc' dir='ltr'>Πᾶν⁹</span> <span class='ocrx_word' id='word_1_269' title='bbox 743 3217 922 3287; x_wconf 75' lang='grc' dir='ltr'>ἔργον</span> <span class='ocrx_word' id='word_1_270' title='bbox 949 3218 1281 3286; x_wconf 77' lang='grc' dir='ltr'>λατρευτὸν</span> <span class='ocrx_word' id='word_1_271' title='bbox 1304 3220 1375 3273; x_wconf 82' lang='grc' dir='ltr'>οὐ</span> <span class='ocrx_word' id='word_1_272' title='bbox 1400 3217 1705 3289; x_wconf 78' lang='grc' dir='ltr'>ποιήσετε.</span> <span class='ocrx_word' id='word_1_273' title='bbox 1756 3218 1918 3290; x_wconf 81' lang='grc' dir='ltr'>Ἡμέ-</span> 
     </span>
    </p>
   </div>
   <div class='ocr_carea' id='block_1_36' title="bbox 336 3305 1916 3378">
    <p class='ocr_par' dir='ltr' id='par_1_36' title="bbox 336 3305 1916 3378">
     <span class='ocr_line' id='line_1_36' title="bbox 336 3305 1916 3378; baseline 0.003 -18"><span class='ocrx_word' id='word_1_274' title='bbox 336 3323 420 3376; x_wconf 81' lang='grc' dir='ltr'>ρα</span> <span class='ocrx_word' id='word_1_275' title='bbox 440 3305 748 3376; x_wconf 81' lang='grc' dir='ltr'>σημασίας</span> <span class='ocrx_word' id='word_1_276' title='bbox 772 3305 944 3360; x_wconf 78' lang='grc' dir='ltr'>ἔσται</span> <span class='ocrx_word' id='word_1_277' title='bbox 963 3307 1126 3378; x_wconf 80' lang='grc' dir='ltr'>ὑμῖν.</span> <span class='ocrx_word' id='word_1_278' title='bbox 1147 3308 1238 3362; x_wconf 84' lang='grc' dir='ltr'>Διὸ</span> <span class='ocrx_word' id='word_1_279' title='bbox 1260 3310 1354 3364; x_wconf 76' lang='grc' dir='ltr'>καὶ</span> <span class='ocrx_word' id='word_1_280' title='bbox 1383 3310 1614 3365; x_wconf 74' lang='grc' dir='ltr'>ἐνταῦθα</span> <span class='ocrx_word' id='word_1_281' title='bbox 1634 3311 1880 3365; x_wconf 84' lang='grc' dir='ltr'>λέλεκται</span> <span class='ocrx_word' id='word_1_282' title='bbox 1901 3329 1916 3343; x_wconf 90' lang='grc'><strong>·</strong></span> 
     </span>
    </p>
   </div>
   <div class='ocr_carea' id='block_1_37' title="bbox 360 3397 1920 3476">
    <p class='ocr_par' dir='ltr' id='par_1_37' title="bbox 360 3397 1920 3476">
     <span class='ocr_line' id='line_1_37' title="bbox 360 3397 1920 3476; baseline 0.004 -25"><span class='ocrx_word' id='word_1_283' title='bbox 360 3399 454 3452; x_wconf 80' lang='grc' dir='ltr'>Ἐν</span> <span class='ocrx_word' id='word_1_284' title='bbox 482 3397 730 3469; x_wconf 76' lang='grc' dir='ltr'>εὐσήμῳ</span> <span class='ocrx_word' id='word_1_285' title='bbox 759 3397 950 3468; x_wconf 75' lang='grc' dir='ltr'>ἡμέρᾳ.</span> <span class='ocrx_word' id='word_1_286' title='bbox 998 3399 1212 3468; x_wconf 83' lang='grc' dir='ltr'>ἑορτῆς</span> <span class='ocrx_word' id='word_1_287' title='bbox 1253 3401 1440 3471; x_wconf 77' lang='grc' dir='ltr'>ὑμῶν.</span> <span class='ocrx_word' id='word_1_288' title='bbox 1482 3398 1702 3458; x_wconf 59' lang='lat' dir='ltr'>1&#39;Hvov‘Jv</span> <span class='ocrx_word' id='word_1_289' title='bbox 1737 3403 1920 3476; x_wconf 84' lang='grc' dir='ltr'>ἡμέρα</span> 
     </span>
    </p>
   </div>
   <div class='ocr_carea' id='block_1_38' title="bbox 348 3490 1990 3580">
    <p class='ocr_par' dir='ltr' id='par_1_38' title="bbox 348 3490 1990 3580">
     <span class='ocr_line' id='line_1_38' title="bbox 348 3490 1990 3580; baseline 0.004 -35"><span class='ocrx_word' id='word_1_290' title='bbox 348 3490 588 3564; x_wconf 72' lang='grc' dir='ltr'>εὔσημος</span> <span class='ocrx_word' id='word_1_291' title='bbox 641 3493 736 3547; x_wconf 75' lang='grc' dir='ltr'>καὶ</span> <span class='ocrx_word' id='word_1_292' title='bbox 783 3493 942 3565; x_wconf 81' lang='grc' dir='ltr'>ἑορτὴ</span> <span class='ocrx_word' id='word_1_293' title='bbox 1001 3493 1214 3558; x_wconf 79' lang='grc' dir='ltr'>οὐδενὸς</span> <span class='ocrx_word' id='word_1_294' title='bbox 1261 3495 1450 3568; x_wconf 83' lang='grc' dir='ltr'>ἑτέρου</span> <span class='ocrx_word' id='word_1_295' title='bbox 1565 3496 1880 3566; x_wconf 81' lang='grc' dir='ltr'>σαλπίγγων</span> <span class='ocrx_word' id='word_1_296' title='bbox 1901 3514 1915 3527; x_wconf 91' lang='grc'><strong>·</strong></span> <span class='ocrx_word' id='word_1_297' title='bbox 1947 3520 1990 3580; x_wconf 76' lang='lat' dir='ltr'><strong>C</strong></span> 
     </span>
    </p>
   </div>
   <div class='ocr_carea' id='block_1_39' title="bbox 348 3579 1923 3660">
    <p class='ocr_par' dir='ltr' id='par_1_39' title="bbox 348 3579 1923 3660">
     <span class='ocr_line' id='line_1_39' title="bbox 348 3579 1923 3660; baseline 0.002 -21"><span class='ocrx_word' id='word_1_298' title='bbox 348 3586 500 3640; x_wconf 80' lang='grc' dir='ltr'>ἔνθεν</span> <span class='ocrx_word' id='word_1_299' title='bbox 527 3585 623 3640; x_wconf 66' lang='grc' dir='ltr'>καὶ</span> <span class='ocrx_word' id='word_1_300' title='bbox 645 3584 968 3654; x_wconf 87' lang='grc' dir='ltr'>Σαλπίγγων</span> <span class='ocrx_word' id='word_1_301' title='bbox 987 3585 1149 3657; x_wconf 79' lang='grc' dir='ltr'>ἑορτὴ</span> <span class='ocrx_word' id='word_1_302' title='bbox 1176 3586 1426 3658; x_wconf 84' lang='grc' dir='ltr'>κέκλητο.</span> <span class='ocrx_word' id='word_1_303' title='bbox 1452 3579 1631 3660; x_wconf 80' lang='grc' dir='ltr'>Τριῶν</span> <span class='ocrx_word' id='word_1_304' title='bbox 1657 3589 1714 3642; x_wconf 85' lang='grc' dir='ltr'>δὲ</span> <span class='ocrx_word' id='word_1_305' title='bbox 1748 3588 1923 3642; x_wconf 87' lang='grc' dir='ltr'>ούσῶν</span> 
     </span>
    </p>
   </div>
   <div class='ocr_carea' id='block_1_40' title="bbox 348 3678 1923 3754">
    <p class='ocr_par' dir='ltr' id='par_1_40' title="bbox 348 3678 1923 3754">
     <span class='ocr_line' id='line_1_40' title="bbox 348 3678 1923 3754; baseline 0.003 -22"><span class='ocrx_word' id='word_1_306' title='bbox 348 3679 549 3750; x_wconf 79' lang='grc' dir='ltr'>ἑορτῶν</span> <span class='ocrx_word' id='word_1_307' title='bbox 582 3678 726 3733; x_wconf 84' lang='grc' dir='ltr'>κατὰ</span> <span class='ocrx_word' id='word_1_308' title='bbox 754 3679 848 3733; x_wconf 83' lang='grc' dir='ltr'>τὸν</span> <span class='ocrx_word' id='word_1_309' title='bbox 894 3680 1056 3734; x_wconf 81' lang='grc' dir='ltr'>αὐτὸν</span> <span class='ocrx_word' id='word_1_310' title='bbox 1095 3681 1271 3752; x_wconf 84' lang='grc' dir='ltr'>μῆνα·</span> <span class='ocrx_word' id='word_1_311' title='bbox 1306 3680 1530 3754; x_wconf 85' lang='grc' dir='ltr'>πρώτης</span> <span class='ocrx_word' id='word_1_312' title='bbox 1561 3682 1659 3753; x_wconf 81' lang='grc' dir='ltr'>μὲν</span> <span class='ocrx_word' id='word_1_313' title='bbox 1685 3682 1785 3752; x_wconf 89' lang='grc' dir='ltr'>τῆς</span> <span class='ocrx_word' id='word_1_314' title='bbox 1814 3682 1923 3736; x_wconf 88' lang='grc' dir='ltr'>τῶν</span> 
     </span>
    </p>
   </div>
   <div class='ocr_carea' id='block_1_41' title="bbox 349 3769 1924 3846">
    <p class='ocr_par' dir='ltr' id='par_1_41' title="bbox 349 3769 1924 3846">
     <span class='ocr_line' id='line_1_41' title="bbox 349 3769 1924 3846; baseline 0.003 -23"><span class='ocrx_word' id='word_1_315' title='bbox 349 3769 669 3840; x_wconf 86' lang='grc' dir='ltr'>Σαλπίγγων</span> <span class='ocrx_word' id='word_1_316' title='bbox 708 3772 766 3824; x_wconf 84' lang='grc' dir='ltr'>ὲν</span> <span class='ocrx_word' id='word_1_317' title='bbox 816 3774 881 3843; x_wconf 83' lang='grc' dir='ltr'>τῇ</span> <span class='ocrx_word' id='word_1_318' title='bbox 915 3772 1178 3844; x_wconf 67' lang='grc' dir='ltr'>νεομηνία</span> <span class='ocrx_word' id='word_1_319' title='bbox 1225 3773 1649 3844; x_wconf 84' lang='grc' dir='ltr'>συντελουμένης</span> <span class='ocrx_word' id='word_1_320' title='bbox 1671 3791 1686 3804; x_wconf 74' lang='grc' dir='ltr'>ο</span> <span class='ocrx_word' id='word_1_321' title='bbox 1731 3775 1924 3846; x_wconf 83' lang='grc' dir='ltr'>ἐτέρας</span> 
     </span>
    </p>
   </div>
   <div class='ocr_carea' id='block_1_42' title="bbox 348 3863 1926 3940">
    <p class='ocr_par' dir='ltr' id='par_1_42' title="bbox 348 3863 1926 3940">
     <span class='ocr_line' id='line_1_42' title="bbox 348 3863 1926 3940; baseline 0.002 -23"><span class='ocrx_word' id='word_1_322' title='bbox 348 3863 404 3918; x_wconf 78' lang='grc' dir='ltr'>δὲ</span> <span class='ocrx_word' id='word_1_323' title='bbox 429 3864 527 3936; x_wconf 87' lang='grc' dir='ltr'>τῆς</span> <span class='ocrx_word' id='word_1_324' title='bbox 554 3864 648 3918; x_wconf 90' lang='grc' dir='ltr'>τοῦ</span> <span class='ocrx_word' id='word_1_325' title='bbox 687 3863 934 3936; x_wconf 85' lang='grc' dir='ltr'>Ἱλασμοῦ</span> <span class='ocrx_word' id='word_1_326' title='bbox 969 3867 1026 3920; x_wconf 80' lang='grc' dir='ltr'>ὲν</span> <span class='ocrx_word' id='word_1_327' title='bbox 1055 3869 1122 3937; x_wconf 77' lang='grc' dir='ltr'>τῇ</span> <span class='ocrx_word' id='word_1_328' title='bbox 1160 3866 1363 3940; x_wconf 80' lang='grc' dir='ltr'>δεκάτῃ</span> <span class='ocrx_word' id='word_1_329' title='bbox 1397 3867 1580 3939; x_wconf 73' lang='grc' dir='ltr'>ἡμέρᾳ</span> <span class='ocrx_word' id='word_1_330' title='bbox 1615 3867 1706 3921; x_wconf 90' lang='grc' dir='ltr'>τοῦ</span> <span class='ocrx_word' id='word_1_331' title='bbox 1755 3868 1926 3939; x_wconf 84' lang='grc' dir='ltr'>μηνὸς</span> 
     </span>
    </p>
   </div>
   <div class='ocr_carea' id='block_1_43' title="bbox 351 3952 1924 4028">
    <p class='ocr_par' dir='ltr' id='par_1_43' title="bbox 351 3952 1924 4028">
     <span class='ocr_line' id='line_1_43' title="bbox 351 3952 1924 4028; baseline 0.004 -24"><span class='ocrx_word' id='word_1_332' title='bbox 351 3952 696 4025; x_wconf 80' lang='grc' dir='ltr'>γιγνομένης·</span> <span class='ocrx_word' id='word_1_333' title='bbox 734 3953 829 4008; x_wconf 85' lang='grc' dir='ltr'>καὶ</span> <span class='ocrx_word' id='word_1_334' title='bbox 860 3955 1049 4026; x_wconf 83' lang='grc' dir='ltr'>τρίτης</span> <span class='ocrx_word' id='word_1_335' title='bbox 1074 3955 1172 4025; x_wconf 86' lang='grc' dir='ltr'>τῆς</span> <span class='ocrx_word' id='word_1_336' title='bbox 1204 3955 1312 4008; x_wconf 90' lang='grc' dir='ltr'>τῶν</span> <span class='ocrx_word' id='word_1_337' title='bbox 1343 3956 1565 4027; x_wconf 88' lang='grc' dir='ltr'>Σκηνῶν</span> <span class='ocrx_word' id='word_1_338' title='bbox 1584 3974 1598 3988; x_wconf 87' lang='grc'><strong>·</strong></span> <span class='ocrx_word' id='word_1_339' title='bbox 1638 3957 1803 4028; x_wconf 89' lang='grc' dir='ltr'>μόνην</span> <span class='ocrx_word' id='word_1_340' title='bbox 1825 3956 1924 4027; x_wconf 82' lang='grc' dir='ltr'>τὴν</span> 
     </span>
    </p>
   </div>
   <div class='ocr_carea' id='block_1_44' title="bbox 353 4042 1926 4117">
    <p class='ocr_par' dir='ltr' id='par_1_44' title="bbox 353 4042 1926 4117">
     <span class='ocr_line' id='line_1_44' title="bbox 353 4042 1926 4117; baseline 0.004 -21"><span class='ocrx_word' id='word_1_341' title='bbox 353 4042 458 4096; x_wconf 90' lang='grc' dir='ltr'>τῶν</span> <span class='ocrx_word' id='word_1_342' title='bbox 498 4042 820 4111; x_wconf 85' lang='grc' dir='ltr'>Σαλπίγγων</span> <span class='ocrx_word' id='word_1_343' title='bbox 853 4044 1136 4116; x_wconf 88' lang='grc' dir='ltr'>μιμεῖσθαι</span> <span class='ocrx_word' id='word_1_344' title='bbox 1174 4045 1384 4100; x_wconf 87' lang='grc' dir='ltr'>κελεύει</span> <span class='ocrx_word' id='word_1_345' title='bbox 1414 4047 1637 4117; x_wconf 81' lang='grc' dir='ltr'>φάσκων</span> <span class='ocrx_word' id='word_1_346' title='bbox 1657 4065 1672 4078; x_wconf 78' lang='lat'>&#39;</span> <span class='ocrx_word' id='word_1_347' title='bbox 1703 4049 1926 4103; x_wconf 78' lang='grc' dir='ltr'>Σαλπι-</span> 
     </span>
    </p>
   </div>
   <div class='ocr_carea' id='block_1_45' title="bbox 355 4133 1928 4210">
    <p class='ocr_par' dir='ltr' id='par_1_45' title="bbox 355 4133 1928 4210">
     <span class='ocr_line' id='line_1_45' title="bbox 355 4133 1928 4210; baseline 0.005 -23"><span class='ocrx_word' id='word_1_348' title='bbox 355 4149 498 4188; x_wconf 85' lang='grc' dir='ltr'>σατε</span> <span class='ocrx_word' id='word_1_349' title='bbox 523 4134 592 4186; x_wconf 73' lang='grc' dir='ltr'>ἐν</span> <span class='ocrx_word' id='word_1_350' title='bbox 632 4135 918 4202; x_wconf 72' lang='grc' dir='ltr'>νεομηνία</span> <span class='ocrx_word' id='word_1_351' title='bbox 950 4133 1264 4206; x_wconf 77' lang='grc' dir='ltr'>σάλπιγγι·</span> <span class='ocrx_word' id='word_1_352' title='bbox 1305 4139 1636 4210; x_wconf 84' lang='grc' dir='ltr'>σαφέστερον</span> <span class='ocrx_word' id='word_1_353' title='bbox 1670 4139 1726 4193; x_wconf 85' lang='grc' dir='ltr'>δὲ</span> <span class='ocrx_word' id='word_1_354' title='bbox 1755 4138 1928 4202; x_wconf 76' lang='grc' dir='ltr'>οὕτως</span> 
     </span>
    </p>
   </div>
   <div class='ocr_carea' id='block_1_46' title="bbox 357 4222 1926 4302">
    <p class='ocr_par' dir='ltr' id='par_1_46' title="bbox 357 4222 1926 4302">
     <span class='ocr_line' id='line_1_46' title="bbox 357 4222 1926 4302; baseline 0.006 -25"><span class='ocrx_word' id='word_1_355' title='bbox 357 4224 421 4278; x_wconf 85' lang='grc' dir='ltr'>ἂν</span> <span class='ocrx_word' id='word_1_356' title='bbox 450 4222 620 4278; x_wconf 81' lang='grc' dir='ltr'>εἶπεν.</span> <span class='ocrx_word' id='word_1_357' title='bbox 644 4227 854 4296; x_wconf 83' lang='grc' dir='ltr'>Ὥσπερ</span> <span class='ocrx_word' id='word_1_358' title='bbox 884 4228 942 4280; x_wconf 87' lang='grc' dir='ltr'>ὲν</span> <span class='ocrx_word' id='word_1_359' title='bbox 973 4230 1038 4299; x_wconf 80' lang='grc' dir='ltr'>τῇ</span> <span class='ocrx_word' id='word_1_360' title='bbox 1061 4229 1322 4302; x_wconf 72' lang='grc' dir='ltr'>νεομηνία</span> <span class='ocrx_word' id='word_1_361' title='bbox 1346 4231 1636 4297; x_wconf 79' lang='grc' dir='ltr'>ὲσάλπιζόν</span> <span class='ocrx_word' id='word_1_362' title='bbox 1674 4251 1803 4286; x_wconf 78' lang='grc' dir='ltr'>ποτε</span> <span class='ocrx_word' id='word_1_363' title='bbox 1831 4251 1926 4286; x_wconf 87' lang='grc' dir='ltr'>πε-</span> 
     </span>
    </p>
   </div>
   <div class='ocr_carea' id='block_1_47' title="bbox 357 4316 1926 4397">
    <p class='ocr_par' dir='ltr' id='par_1_47' title="bbox 357 4316 1926 4397">
     <span class='ocr_line' id='line_1_47' title="bbox 357 4316 1926 4397; baseline 0.005 -27"><span class='ocrx_word' id='word_1_364' title='bbox 357 4316 695 4389; x_wconf 88' lang='grc' dir='ltr'>ριτρέχοντες</span> <span class='ocrx_word' id='word_1_365' title='bbox 719 4317 901 4372; x_wconf 88' lang='grc' dir='ltr'>πάντα</span> <span class='ocrx_word' id='word_1_366' title='bbox 927 4319 1089 4374; x_wconf 91' lang='grc' dir='ltr'>τόπον</span> <span class='ocrx_word' id='word_1_367' title='bbox 1117 4322 1198 4385; x_wconf 83' lang='grc' dir='ltr'>εἰς</span> <span class='ocrx_word' id='word_1_368' title='bbox 1228 4321 1288 4374; x_wconf 72' lang='grc' dir='ltr'>τὸ</span> <span class='ocrx_word' id='word_1_369' title='bbox 1316 4323 1559 4394; x_wconf 77' lang='grc' dir='ltr'>σημῆναι</span> <span class='ocrx_word' id='word_1_370' title='bbox 1583 4324 1683 4397; x_wconf 84' lang='grc' dir='ltr'>τὴν</span> <span class='ocrx_word' id='word_1_371' title='bbox 1713 4323 1926 4396; x_wconf 77' lang='grc' dir='ltr'>ἑορτὴν,</span> 
     </span>
    </p>
   </div>
   <div class='ocr_carea' id='block_1_48' title="bbox 355 4408 1927 4486">
    <p class='ocr_par' dir='ltr' id='par_1_48' title="bbox 355 4408 1927 4486">
     <span class='ocr_line' id='line_1_48' title="bbox 355 4408 1927 4486; baseline 0.003 -25"><span class='ocrx_word' id='word_1_372' title='bbox 355 4408 442 4461; x_wconf 80' lang='grc' dir='ltr'>τὸν</span> <span class='ocrx_word' id='word_1_373' title='bbox 469 4409 628 4463; x_wconf 80' lang='grc' dir='ltr'>αὐτὸν</span> <span class='ocrx_word' id='word_1_374' title='bbox 661 4409 859 4482; x_wconf 88' lang='grc' dir='ltr'>τρόπον</span> <span class='ocrx_word' id='word_1_375' title='bbox 891 4409 986 4462; x_wconf 75' lang='grc' dir='ltr'>καὶ</span> <span class='ocrx_word' id='word_1_376' title='bbox 1018 4411 1198 4481; x_wconf 84' lang='grc' dir='ltr'>ὑμεῖς,</span> <span class='ocrx_word' id='word_1_377' title='bbox 1228 4408 1307 4477; x_wconf 74' lang='grc' dir='ltr'>οἷς</span> <span class='ocrx_word' id='word_1_378' title='bbox 1327 4415 1356 4467; x_wconf 92' lang='lat'>6</span> <span class='ocrx_word' id='word_1_379' title='bbox 1386 4411 1540 4482; x_wconf 88' lang='grc' dir='ltr'>λόγος</span> <span class='ocrx_word' id='word_1_380' title='bbox 1579 4413 1927 4486; x_wconf 88' lang='grc' dir='ltr'>προστάττει,</span> 
     </span>
    </p>
   </div>
   <div class='ocr_carea' id='block_1_49' title="bbox 2011 911 3586 984">
    <p class='ocr_par' dir='ltr' id='par_1_49' title="bbox 2011 911 3586 984">
     <span class='ocr_line' id='line_1_49' title="bbox 2011 911 3586 984; baseline 0.003 -20"><span class='ocrx_word' id='word_1_381' title='bbox 2011 911 2095 966; x_wconf 87' lang='lat' dir='ltr'>die</span> <span class='ocrx_word' id='word_1_382' title='bbox 2121 913 2472 966; x_wconf 83' lang='lat' dir='ltr'><strong>sotenmitatis</strong></span> <span class='ocrx_word' id='word_1_383' title='bbox 2499 924 2703 967; x_wconf 68' lang='lat' dir='ltr'><strong>vestrm.</strong></span> <span class='ocrx_word' id='word_1_384' title='bbox 2749 912 2865 968; x_wconf 91' lang='lat' dir='ltr'>Sub</span> <span class='ocrx_word' id='word_1_385' title='bbox 2903 912 3119 967; x_wconf 85' lang='lat' dir='ltr'><strong>initium</strong></span> <span class='ocrx_word' id='word_1_386' title='bbox 3153 914 3370 984; x_wconf 87' lang='lat' dir='ltr'><strong>quidem</strong></span> <span class='ocrx_word' id='word_1_387' title='bbox 3405 930 3586 970; x_wconf 83' lang='lat' dir='ltr'>sermo</span> 
     </span>
    </p>
   </div>
   <div class='ocr_carea' id='block_1_50' title="bbox 2013 1004 3584 1077">
    <p class='ocr_par' dir='ltr' id='par_1_50' title="bbox 2013 1004 3584 1077">
     <span class='ocr_line' id='line_1_50' title="bbox 2013 1004 3584 1077; baseline 0.002 -20"><span class='ocrx_word' id='word_1_388' title='bbox 2013 1004 2080 1058; x_wconf 88' lang='lat' dir='ltr'>ad</span> <span class='ocrx_word' id='word_1_389' title='bbox 2111 1005 2533 1059; x_wconf 73' lang='lat' dir='ltr'>exsultationem</span> <span class='ocrx_word' id='word_1_390' title='bbox 2564 1005 2816 1067; x_wconf 83' lang='lat' dir='ltr'><strong>vocabat,</strong></span> <span class='ocrx_word' id='word_1_391' title='bbox 2851 1019 2916 1060; x_wconf 92' lang='lat' dir='ltr'>ac</span> <span class='ocrx_word' id='word_1_392' title='bbox 2933 1005 3169 1074; x_wconf 87' lang='lat' dir='ltr'><strong>jubilare</strong></span> <span class='ocrx_word' id='word_1_393' title='bbox 3214 1007 3584 1077; x_wconf 71' lang='lat' dir='ltr'>praecipiebat,</span> 
     </span>
    </p>
   </div>
   <div class='ocr_carea' id='block_1_51' title="bbox 2011 1095 3588 1166">
    <p class='ocr_par' dir='ltr' id='par_1_51' title="bbox 2011 1095 3588 1166">
     <span class='ocr_line' id='line_1_51' title="bbox 2011 1095 3588 1166; baseline 0.003 -16"><span class='ocrx_word' id='word_1_394' title='bbox 2011 1097 2117 1150; x_wconf 91' lang='lat' dir='ltr'>hoc</span> <span class='ocrx_word' id='word_1_395' title='bbox 2143 1105 2248 1158; x_wconf 89' lang='lat' dir='ltr'><strong>est.</strong></span> <span class='ocrx_word' id='word_1_396' title='bbox 2282 1096 2664 1166; x_wconf 72' lang='lat' dir='ltr'>triumphalem</span> <span class='ocrx_word' id='word_1_397' title='bbox 2720 1096 2982 1166; x_wconf 82' lang='lat' dir='ltr'><strong>hymnum</strong></span> <span class='ocrx_word' id='word_1_398' title='bbox 3015 1106 3318 1152; x_wconf 88' lang='lat' dir='ltr'><strong>memorato</strong></span> <span class='ocrx_word' id='word_1_399' title='bbox 3359 1097 3472 1152; x_wconf 88' lang='lat' dir='ltr'><strong>Deo</strong></span> <span class='ocrx_word' id='word_1_400' title='bbox 3493 1095 3588 1154; x_wconf 84' lang='lat' dir='ltr'>Ja-</span> 
     </span>
    </p>
   </div>
   <div class='ocr_carea' id='block_1_52' title="bbox 2012 1188 3589 1261">
    <p class='ocr_par' dir='ltr' id='par_1_52' title="bbox 2012 1188 3589 1261">
     <span class='ocr_line' id='line_1_52' title="bbox 2012 1188 3589 1261; baseline 0.002 -18"><span class='ocrx_word' id='word_1_401' title='bbox 2012 1189 2115 1243; x_wconf 89' lang='lat' dir='ltr'>cob</span> <span class='ocrx_word' id='word_1_402' title='bbox 2141 1189 2424 1255; x_wconf 78' lang='lat' dir='ltr'><strong>emittere;</strong></span> <span class='ocrx_word' id='word_1_403' title='bbox 2451 1188 2646 1244; x_wconf 87' lang='lat' dir='ltr'><strong>deinde</strong></span> <span class='ocrx_word' id='word_1_404' title='bbox 2673 1197 2927 1259; x_wconf 88' lang='lat' dir='ltr'><strong>suscepta</strong></span> <span class='ocrx_word' id='word_1_405' title='bbox 2972 1189 3236 1244; x_wconf 72' lang='lat' dir='ltr'>doctrina:</span> <span class='ocrx_word' id='word_1_406' title='bbox 3263 1190 3428 1245; x_wconf 73' lang='lat' dir='ltr'><strong>verba</strong></span> <span class='ocrx_word' id='word_1_407' title='bbox 3457 1207 3589 1261; x_wconf 76' lang='lat' dir='ltr'><strong>ope-</strong></span> 
     </span>
    </p>
   </div>
   <div class='ocr_carea' id='block_1_53' title="bbox 2012 1281 3586 1352">
    <p class='ocr_par' dir='ltr' id='par_1_53' title="bbox 2012 1281 3586 1352">
     <span class='ocr_line' id='line_1_53' title="bbox 2012 1281 3586 1352; baseline 0.003 -16"><span class='ocrx_word' id='word_1_408' title='bbox 2012 1282 2166 1336; x_wconf 84' lang='lat' dir='ltr'><strong>ribus</strong></span> <span class='ocrx_word' id='word_1_409' title='bbox 2198 1282 2425 1352; x_wconf 89' lang='lat' dir='ltr'><strong>implere</strong></span> <span class='ocrx_word' id='word_1_410' title='bbox 2458 1300 2471 1336; x_wconf 93' lang='lat'><strong>:</strong></span> <span class='ocrx_word' id='word_1_411' title='bbox 2505 1281 2773 1336; x_wconf 82' lang='lat' dir='ltr'><strong>absolutis</strong></span> <span class='ocrx_word' id='word_1_412' title='bbox 2812 1290 2994 1336; x_wconf 90' lang='lat' dir='ltr'><strong>autem</strong></span> <span class='ocrx_word' id='word_1_413' title='bbox 3030 1283 3309 1352; x_wconf 87' lang='lat' dir='ltr'><strong>operibus,</strong></span> <span class='ocrx_word' id='word_1_414' title='bbox 3338 1291 3452 1337; x_wconf 88' lang='lat' dir='ltr'>tum</span> <span class='ocrx_word' id='word_1_415' title='bbox 3487 1283 3586 1340; x_wconf 86' lang='lat' dir='ltr'><strong>de-</strong></span> 
     </span>
    </p>
   </div>
   <div class='ocr_carea' id='block_1_54' title="bbox 2013 1370 3589 1440">
    <p class='ocr_par' dir='ltr' id='par_1_54' title="bbox 2013 1370 3589 1440">
     <span class='ocr_line' id='line_1_54' title="bbox 2013 1370 3589 1440; baseline 0.003 -14"><span class='ocrx_word' id='word_1_416' title='bbox 2013 1387 2163 1426; x_wconf 90' lang='lat' dir='ltr'>mum</span> <span class='ocrx_word' id='word_1_417' title='bbox 2194 1370 2509 1426; x_wconf 86' lang='lat' dir='ltr'><strong>hominibus</strong></span> <span class='ocrx_word' id='word_1_418' title='bbox 2537 1371 2838 1440; x_wconf 71' lang='lat' dir='ltr'><strong>pmdicare</strong></span> <span class='ocrx_word' id='word_1_419' title='bbox 2871 1379 2925 1426; x_wconf 88' lang='lat' dir='ltr'>et</span> <span class='ocrx_word' id='word_1_420' title='bbox 2949 1371 3265 1439; x_wconf 88' lang='lat' dir='ltr'><strong>buccinare,</strong></span> <span class='ocrx_word' id='word_1_421' title='bbox 3299 1373 3589 1430; x_wconf 76' lang='lat' dir='ltr'><strong>vociferari</strong></span> 
     </span>
    </p>
   </div>
   <div class='ocr_carea' id='block_1_55' title="bbox 2015 1463 3588 1534">
    <p class='ocr_par' dir='ltr' id='par_1_55' title="bbox 2015 1463 3588 1534">
     <span class='ocr_line' id='line_1_55' title="bbox 2015 1463 3588 1534; baseline 0.002 -16"><span class='ocrx_word' id='word_1_422' title='bbox 2015 1464 2142 1519; x_wconf 88' lang='lat' dir='ltr'><strong>item</strong></span> <span class='ocrx_word' id='word_1_423' title='bbox 2173 1471 2228 1519; x_wconf 90' lang='lat' dir='ltr'>et</span> <span class='ocrx_word' id='word_1_424' title='bbox 2254 1463 2309 1517; x_wconf 91' lang='lat' dir='ltr'>in</span> <span class='ocrx_word' id='word_1_425' title='bbox 2335 1464 2578 1518; x_wconf 88' lang='lat' dir='ltr'><strong>omnium</strong></span> <span class='ocrx_word' id='word_1_426' title='bbox 2622 1464 2850 1518; x_wconf 87' lang='lat' dir='ltr'><strong>auribus</strong></span> <span class='ocrx_word' id='word_1_427' title='bbox 2882 1463 3238 1534; x_wconf 86' lang='lat' dir='ltr'><strong>Evangelium</strong></span> <span class='ocrx_word' id='word_1_428' title='bbox 3290 1467 3588 1534; x_wconf 86' lang='lat' dir='ltr'><strong>nuntiare;</strong></span> 
     </span>
    </p>
   </div>
   <div class='ocr_carea' id='block_1_56' title="bbox 2013 1552 3590 1628">
    <p class='ocr_par' dir='ltr' id='par_1_56' title="bbox 2013 1552 3590 1628">
     <span class='ocr_line' id='line_1_56' title="bbox 2013 1552 3590 1628; baseline 0.004 -19"><span class='ocrx_word' id='word_1_429' title='bbox 2013 1553 2472 1625; x_wconf 80' lang='lat' dir='ltr'><strong>quemadmodum</strong></span> <span class='ocrx_word' id='word_1_430' title='bbox 2523 1552 2785 1609; x_wconf 87' lang='lat' dir='ltr'><strong>Servator</strong></span> <span class='ocrx_word' id='word_1_431' title='bbox 2838 1555 3127 1625; x_wconf 86' lang='lat' dir='ltr'><strong>discipulis</strong></span> <span class='ocrx_word' id='word_1_432' title='bbox 3184 1559 3430 1628; x_wconf 61' lang='lat' dir='ltr'><strong>precipit</strong></span> <span class='ocrx_word' id='word_1_433' title='bbox 3472 1559 3590 1615; x_wconf 87' lang='lat' dir='ltr'><strong>suis</strong></span> 
     </span>
    </p>
   </div>
   <div class='ocr_carea' id='block_1_57' title="bbox 2013 1644 3587 1720">
    <p class='ocr_par' dir='ltr' id='par_1_57' title="bbox 2013 1644 3587 1720">
     <span class='ocr_line' id='line_1_57' title="bbox 2013 1644 3587 1720; baseline 0.004 -20"><span class='ocrx_word' id='word_1_434' title='bbox 2013 1645 2202 1701; x_wconf 74' lang='lat' dir='ltr'><strong>dicens</strong></span> <span class='ocrx_word' id='word_1_435' title='bbox 2222 1663 2235 1699; x_wconf 90' lang='lat'><strong>:</strong></span> <span class='ocrx_word' id='word_1_436' title='bbox 2255 1644 2409 1711; x_wconf 83' lang='lat' dir='ltr'><strong>Quod</strong></span> <span class='ocrx_word' id='word_1_437' title='bbox 2427 1646 2480 1698; x_wconf 85' lang='lat' dir='ltr'><strong>in</strong></span> <span class='ocrx_word' id='word_1_438' title='bbox 2498 1661 2627 1700; x_wconf 85' lang='lat' dir='ltr'><strong>aure</strong></span> <span class='ocrx_word' id='word_1_439' title='bbox 2647 1646 2870 1710; x_wconf 83' lang='lat' dir='ltr'><strong>auditis,</strong></span> <span class='ocrx_word' id='word_1_440' title='bbox 2888 1649 3176 1715; x_wconf 82' lang='lat' dir='ltr'><strong>prwdicate</strong></span> <span class='ocrx_word' id='word_1_441' title='bbox 3191 1666 3348 1720; x_wconf 83' lang='lat' dir='ltr'><strong>super</strong></span> <span class='ocrx_word' id='word_1_442' title='bbox 3360 1660 3498 1706; x_wconf 84' lang='lat' dir='ltr'><strong>tecta</strong></span> <span class='ocrx_word' id='word_1_443' title='bbox 3519 1652 3587 1708; x_wconf 76' lang='lat'><strong>“.</strong></span> 
     </span>
    </p>
   </div>
   <div class='ocr_carea' id='block_1_58' title="bbox 2015 1737 3586 1810">
    <p class='ocr_par' dir='ltr' id='par_1_58' title="bbox 2015 1737 3586 1810">
     <span class='ocr_line' id='line_1_58' title="bbox 2015 1737 3586 1810; baseline 0.005 -20"><span class='ocrx_word' id='word_1_444' title='bbox 2015 1737 2377 1804; x_wconf 82' lang='lat' dir='ltr'><strong>Quamobrem</strong></span> <span class='ocrx_word' id='word_1_445' title='bbox 2399 1737 2467 1792; x_wconf 92' lang='lat' dir='ltr'>iis</span> <span class='ocrx_word' id='word_1_446' title='bbox 2477 1737 2569 1808; x_wconf 84' lang='lat' dir='ltr'>qui</span> <span class='ocrx_word' id='word_1_447' title='bbox 2588 1737 2769 1808; x_wconf 87' lang='lat' dir='ltr'><strong>priora</strong></span> <span class='ocrx_word' id='word_1_448' title='bbox 2787 1747 2931 1794; x_wconf 89' lang='lat' dir='ltr'><strong>recte</strong></span> <span class='ocrx_word' id='word_1_449' title='bbox 2943 1751 3250 1810; x_wconf 79' lang='lat' dir='ltr'><strong>gesserant,</strong></span> <span class='ocrx_word' id='word_1_450' title='bbox 3265 1742 3470 1798; x_wconf 87' lang='lat' dir='ltr'><strong>dictum</strong></span> <span class='ocrx_word' id='word_1_451' title='bbox 3483 1753 3586 1800; x_wconf 85' lang='lat' dir='ltr'><strong>est:</strong></span> 
     </span>
    </p>
   </div>
   <div class='ocr_carea' id='block_1_59' title="bbox 2014 1828 3592 1903">
    <p class='ocr_par' dir='ltr' id='par_1_59' title="bbox 2014 1828 3592 1903">
     <span class='ocr_line' id='line_1_59' title="bbox 2014 1828 3592 1903; baseline 0.004 -19"><span class='ocrx_word' id='word_1_452' title='bbox 2014 1830 2320 1884; x_wconf 80' lang='lat' dir='ltr'><strong>Buccinate.</strong></span> <span class='ocrx_word' id='word_1_453' title='bbox 2357 1828 2476 1897; x_wconf 88' lang='lat' dir='ltr'>Qua</span> <span class='ocrx_word' id='word_1_454' title='bbox 2522 1838 2705 1886; x_wconf 89' lang='lat' dir='ltr'><strong>autem</strong></span> <span class='ocrx_word' id='word_1_455' title='bbox 2737 1832 2950 1888; x_wconf 85' lang='lat' dir='ltr'><strong>ratione</strong></span> <span class='ocrx_word' id='word_1_456' title='bbox 2994 1833 3146 1903; x_wconf 76' lang='lat' dir='ltr'><strong>ipsos</strong></span> <span class='ocrx_word' id='word_1_457' title='bbox 3174 1835 3467 1892; x_wconf 88' lang='lat' dir='ltr'><strong>buccinare</strong></span> <span class='ocrx_word' id='word_1_458' title='bbox 3493 1853 3592 1892; x_wconf 82' lang='lat' dir='ltr'><strong>vo-</strong></span> 
     </span>
    </p>
   </div>
   <div class='ocr_carea' id='block_1_60' title="bbox 2016 1921 3593 2000">
    <p class='ocr_par' dir='ltr' id='par_1_60' title="bbox 2016 1921 3593 2000">
     <span class='ocr_line' id='line_1_60' title="bbox 2016 1921 3593 2000; baseline 0.005 -25"><span class='ocrx_word' id='word_1_459' title='bbox 2016 1921 2198 1983; x_wconf 86' lang='lat' dir='ltr'><strong>luerit,</strong></span> <span class='ocrx_word' id='word_1_460' title='bbox 2234 1921 2340 1976; x_wconf 89' lang='lat' dir='ltr'><strong>nisi</strong></span> <span class='ocrx_word' id='word_1_461' title='bbox 2390 1937 2497 1991; x_wconf 90' lang='lat' dir='ltr'>qua</span> <span class='ocrx_word' id='word_1_462' title='bbox 2537 1923 2667 1977; x_wconf 88' lang='lat' dir='ltr'><strong>olim</strong></span> <span class='ocrx_word' id='word_1_463' title='bbox 2699 1930 2754 1978; x_wconf 90' lang='lat' dir='ltr'>et</span> <span class='ocrx_word' id='word_1_464' title='bbox 2783 1925 3098 1994; x_wconf 85' lang='lat' dir='ltr'><strong>_antiquitus</strong></span> <span class='ocrx_word' id='word_1_465' title='bbox 3127 1927 3221 1997; x_wconf 88' lang='lat' dir='ltr'>qui</span> <span class='ocrx_word' id='word_1_466' title='bbox 3255 1927 3372 1983; x_wconf 85' lang='lat' dir='ltr'><strong>veri</strong></span> <span class='ocrx_word' id='word_1_467' title='bbox 3398 1927 3593 2000; x_wconf 81' lang='lat' dir='ltr'><strong>imagi-</strong></span> 
     </span>
    </p>
   </div>
   <div class='ocr_carea' id='block_1_61' title="bbox 2014 2013 3591 2090">
    <p class='ocr_par' dir='ltr' id='par_1_61' title="bbox 2014 2013 3591 2090">
     <span class='ocr_line' id='line_1_61' title="bbox 2014 2013 3591 2090; baseline 0.006 -24"><span class='ocrx_word' id='word_1_468' title='bbox 2014 2029 2160 2077; x_wconf 88' lang='lat' dir='ltr'><strong>nem,</strong></span> <span class='ocrx_word' id='word_1_469' title='bbox 2183 2013 2428 2084; x_wconf 82' lang='lat' dir='ltr'><strong>symbola</strong></span> <span class='ocrx_word' id='word_1_470' title='bbox 2457 2022 2510 2069; x_wconf 90' lang='lat' dir='ltr'>et</span> <span class='ocrx_word' id='word_1_471' title='bbox 2538 2016 2694 2085; x_wconf 89' lang='lat' dir='ltr'><strong>signa</strong></span> <span class='ocrx_word' id='word_1_472' title='bbox 2711 2015 3014 2084; x_wconf 85' lang='lat' dir='ltr'><strong>gerebant?</strong></span> <span class='ocrx_word' id='word_1_473' title='bbox 3039 2015 3412 2074; x_wconf 86' lang='lat' dir='ltr'><strong>Buccinabant</strong></span> <span class='ocrx_word' id='word_1_474' title='bbox 3428 2034 3591 2090; x_wconf 83' lang='lat' dir='ltr'><strong>porrc</strong></span> 
     </span>
    </p>
   </div>
   <div class='ocr_carea' id='block_1_62' title="bbox 2016 2098 3590 2180">
    <p class='ocr_par' dir='ltr' id='par_1_62' title="bbox 2016 2098 3590 2180">
     <span class='ocr_line' id='line_1_62' title="bbox 2016 2098 3590 2180; baseline 0.006 -20"><span class='ocrx_word' id='word_1_475' title='bbox 2016 2106 2096 2160; x_wconf 87' lang='lat' dir='ltr'><strong>illi</strong></span> <span class='ocrx_word' id='word_1_476' title='bbox 2139 2107 2196 2160; x_wconf 89' lang='lat' dir='ltr'>in</span> <span class='ocrx_word' id='word_1_477' title='bbox 2249 2105 2559 2170; x_wconf 90' lang='lat' dir='ltr'><strong>neomenia,</strong></span> <span class='ocrx_word' id='word_1_478' title='bbox 2611 2118 2666 2162; x_wconf 91' lang='lat' dir='ltr'>et</span> <span class='ocrx_word' id='word_1_479' title='bbox 2717 2108 2775 2162; x_wconf 92' lang='lat' dir='ltr'>in</span> <span class='ocrx_word' id='word_1_480' title='bbox 2817 2110 3020 2180; x_wconf 79' lang='lat' dir='ltr'><strong>insigni</strong></span> <span class='ocrx_word' id='word_1_481' title='bbox 3049 2110 3138 2166; x_wconf 90' lang='lat' dir='ltr'>die</span> <span class='ocrx_word' id='word_1_482' title='bbox 3179 2098 3544 2169; x_wconf 86' lang='lat' dir='ltr'><strong>solemnitatis</strong></span> <span class='ocrx_word' id='word_1_483' title='bbox 3572 2153 3590 2168; x_wconf 93' lang='lat'>.</span> 
     </span>
    </p>
   </div>
   <div class='ocr_carea' id='block_1_63' title="bbox 2017 2195 3594 2270">
    <p class='ocr_par' dir='ltr' id='par_1_63' title="bbox 2017 2195 3594 2270">
     <span class='ocr_line' id='line_1_63' title="bbox 2017 2195 3594 2270; baseline 0.003 -20"><span class='ocrx_word' id='word_1_484' title='bbox 2017 2195 2180 2266; x_wconf 86' lang='lat' dir='ltr'><strong>idque</strong></span> <span class='ocrx_word' id='word_1_485' title='bbox 2209 2195 2441 2265; x_wconf 76' lang='lat' dir='ltr'><strong>agebant</strong></span> <span class='ocrx_word' id='word_1_486' title='bbox 2465 2196 2698 2265; x_wconf 90' lang='lat' dir='ltr'><strong>septimo</strong></span> <span class='ocrx_word' id='word_1_487' title='bbox 2734 2212 2942 2262; x_wconf 87' lang='lat' dir='ltr'><strong>mense,</strong></span> <span class='ocrx_word' id='word_1_488' title='bbox 2971 2213 3080 2268; x_wconf 90' lang='lat' dir='ltr'>quo</span> <span class='ocrx_word' id='word_1_489' title='bbox 3115 2199 3453 2270; x_wconf 71' lang='lat' dir='ltr'><strong>congregati,</strong></span> <span class='ocrx_word' id='word_1_490' title='bbox 3482 2199 3594 2254; x_wconf 83' lang='lat' dir='ltr'>Tu-</span> 
     </span>
    </p>
   </div>
   <div class='ocr_carea' id='block_1_64' title="bbox 2017 2287 3592 2362">
    <p class='ocr_par' dir='ltr' id='par_1_64' title="bbox 2017 2287 3592 2362">
     <span class='ocr_line' id='line_1_64' title="bbox 2017 2287 3592 2362; baseline 0.001 -18"><span class='ocrx_word' id='word_1_491' title='bbox 2017 2290 2211 2345; x_wconf 91' lang='lat' dir='ltr'><strong>barum</strong></span> <span class='ocrx_word' id='word_1_492' title='bbox 2239 2287 2638 2343; x_wconf 85' lang='lat' dir='ltr'><strong>solemnitatem</strong></span> <span class='ocrx_word' id='word_1_493' title='bbox 2669 2287 3022 2343; x_wconf 86' lang='lat' dir='ltr'><strong>celebrabant</strong></span> <span class='ocrx_word' id='word_1_494' title='bbox 3055 2307 3070 2345; x_wconf 90' lang='lat'><strong>:</strong></span> <span class='ocrx_word' id='word_1_495' title='bbox 3102 2289 3266 2360; x_wconf 88' lang='lat' dir='ltr'><strong>idque</strong></span> <span class='ocrx_word' id='word_1_496' title='bbox 3295 2291 3463 2346; x_wconf 88' lang='lat' dir='ltr'><strong>semel</strong></span> <span class='ocrx_word' id='word_1_497' title='bbox 3495 2307 3592 2362; x_wconf 89' lang='lat' dir='ltr'>per</span> 
     </span>
    </p>
   </div>
   <div class='ocr_carea' id='block_1_65' title="bbox 2018 2379 3594 2453">
    <p class='ocr_par' dir='ltr' id='par_1_65' title="bbox 2018 2379 3594 2453">
     <span class='ocr_line' id='line_1_65' title="bbox 2018 2379 3594 2453; baseline -0.001 -17"><span class='ocrx_word' id='word_1_498' title='bbox 2018 2397 2221 2438; x_wconf 89' lang='lat' dir='ltr'><strong>annum</strong></span> <span class='ocrx_word' id='word_1_499' title='bbox 2257 2380 2610 2451; x_wconf 65' lang='lat' dir='ltr'><strong>praestabant.</strong></span> <span class='ocrx_word' id='word_1_500' title='bbox 2635 2379 2726 2434; x_wconf 81' lang='lat' dir='ltr'><strong>Ait</strong></span> <span class='ocrx_word' id='word_1_501' title='bbox 2753 2397 2884 2451; x_wconf 85' lang='lat' dir='ltr'><strong>ergo</strong></span> <span class='ocrx_word' id='word_1_502' title='bbox 2913 2382 3048 2453; x_wconf 81' lang='lat' dir='ltr'><strong>legis</strong></span> <span class='ocrx_word' id='word_1_503' title='bbox 3076 2383 3380 2452; x_wconf 59' lang='lat' dir='ltr'><strong>scriptura;</strong></span> <span class='ocrx_word' id='word_1_504' title='bbox 3416 2382 3594 2438; x_wconf 63' lang='lat' dir='ltr'><strong>Mense</strong></span> 
     </span>
    </p>
   </div>
   <div class='ocr_carea' id='block_1_66' title="bbox 2017 2473 3596 2547">
    <p class='ocr_par' dir='ltr' id='par_1_66' title="bbox 2017 2473 3596 2547">
     <span class='ocr_line' id='line_1_66' title="bbox 2017 2473 3596 2547; baseline 0.001 -17"><span class='ocrx_word' id='word_1_505' title='bbox 2017 2477 2258 2545; x_wconf 82' lang='lat' dir='ltr'><strong>septimo,</strong></span> <span class='ocrx_word' id='word_1_506' title='bbox 2289 2474 2464 2544; x_wconf 85' lang='lat' dir='ltr'><strong>prima</strong></span> <span class='ocrx_word' id='word_1_507' title='bbox 2491 2473 2685 2528; x_wconf 78' lang='lat' dir='ltr'><strong>mensis</strong></span> <span class='ocrx_word' id='word_1_508' title='bbox 2719 2473 2821 2528; x_wconf 88' lang='lat' dir='ltr'><strong>erit</strong></span> <span class='ocrx_word' id='word_1_509' title='bbox 2851 2475 2994 2530; x_wconf 78' lang='lat' dir='ltr'><strong>vobis</strong></span> <span class='ocrx_word' id='word_1_510' title='bbox 3020 2477 3244 2547; x_wconf 75' lang='lat' dir='ltr'><strong>requies,</strong></span> <span class='ocrx_word' id='word_1_511' title='bbox 3291 2477 3596 2532; x_wconf 63' lang='lat' dir='ltr'><strong>memorial:</strong></span> 
     </span>
    </p>
   </div>
   <div class='ocr_carea' id='block_1_67' title="bbox 2019 2565 3597 2638">
    <p class='ocr_par' dir='ltr' id='par_1_67' title="bbox 2019 2565 3597 2638">
     <span class='ocr_line' id='line_1_67' title="bbox 2019 2565 3597 2638; baseline 0.003 -18"><span class='ocrx_word' id='word_1_512' title='bbox 2019 2567 2265 2622; x_wconf 86' lang='lat' dir='ltr'><strong>tubarum</strong></span> <span class='ocrx_word' id='word_1_513' title='bbox 2287 2583 2306 2621; x_wconf 89' lang='lat'><strong><em>:</em></strong></span> <span class='ocrx_word' id='word_1_514' title='bbox 2331 2567 2604 2622; x_wconf 78' lang='lat' dir='ltr'><strong>vocabitur</strong></span> <span class='ocrx_word' id='word_1_515' title='bbox 2637 2578 2828 2622; x_wconf 85' lang='lat' dir='ltr'><strong>sancta</strong></span> <span class='ocrx_word' id='word_1_516' title='bbox 2851 2567 2992 2622; x_wconf 82' lang='lat' dir='ltr'><strong>vobis</strong></span> <span class='ocrx_word' id='word_1_517' title='bbox 3015 2568 3082 2621; x_wconf 83' lang='grc'><strong>⁸⁷.</strong></span> <span class='ocrx_word' id='word_1_518' title='bbox 3113 2565 3182 2621; x_wconf 84' lang='lat' dir='ltr'><strong>Ut</strong></span> <span class='ocrx_word' id='word_1_519' title='bbox 3203 2567 3370 2638; x_wconf 89' lang='lat' dir='ltr'><strong>igitur</strong></span> <span class='ocrx_word' id='word_1_520' title='bbox 3385 2567 3442 2621; x_wconf 89' lang='lat' dir='ltr'>in</span> <span class='ocrx_word' id='word_1_521' title='bbox 3461 2583 3597 2624; x_wconf 81' lang='lat' dir='ltr'><strong>neo-</strong></span> 
     </span>
    </p>
   </div>
   <div class='ocr_carea' id='block_1_68' title="bbox 2018 2661 3592 2734">
    <p class='ocr_par' dir='ltr' id='par_1_68' title="bbox 2018 2661 3592 2734">
     <span class='ocr_line' id='line_1_68' title="bbox 2018 2661 3592 2734; baseline 0.002 -20"><span class='ocrx_word' id='word_1_522' title='bbox 2018 2661 2200 2716; x_wconf 89' lang='lat' dir='ltr'><strong>menia</strong></span> <span class='ocrx_word' id='word_1_523' title='bbox 2232 2661 2323 2714; x_wconf 90' lang='lat' dir='ltr'><strong>illa</strong></span> <span class='ocrx_word' id='word_1_524' title='bbox 2354 2662 2701 2734; x_wconf 88' lang='lat' dir='ltr'><strong>clangebant,</strong></span> <span class='ocrx_word' id='word_1_525' title='bbox 2735 2661 2809 2714; x_wconf 87' lang='lat' dir='ltr'>ita</span> <span class='ocrx_word' id='word_1_526' title='bbox 2826 2661 3142 2716; x_wconf 88' lang='lat' dir='ltr'><strong>etiamnunc</strong></span> <span class='ocrx_word' id='word_1_527' title='bbox 3159 2669 3384 2716; x_wconf 83' lang='lat' dir='ltr'><strong>vocatos</strong></span> <span class='ocrx_word' id='word_1_528' title='bbox 3414 2661 3592 2717; x_wconf 63' lang='lat' dir='ltr'><strong>buccio</strong></span> 
     </span>
    </p>
   </div>
   <div class='ocr_carea' id='block_1_69' title="bbox 2017 2751 3592 2824">
    <p class='ocr_par' dir='ltr' id='par_1_69' title="bbox 2017 2751 3592 2824">
     <span class='ocr_line' id='line_1_69' title="bbox 2017 2751 3592 2824; baseline -0.001 -17"><span class='ocrx_word' id='word_1_529' title='bbox 2017 2769 2150 2808; x_wconf 87' lang='lat' dir='ltr'><strong>nare</strong></span> <span class='ocrx_word' id='word_1_530' title='bbox 2165 2752 2662 2824; x_wconf 83' lang='lat' dir='ltr'><strong>cupit.Eratautcm</strong></span> <span class='ocrx_word' id='word_1_531' title='bbox 2681 2752 2798 2809; x_wconf 92' lang='lat' dir='ltr'><strong>dies</strong></span> <span class='ocrx_word' id='word_1_532' title='bbox 2816 2753 2904 2806; x_wconf 90' lang='lat' dir='ltr'><strong>illa</strong></span> <span class='ocrx_word' id='word_1_533' title='bbox 2921 2751 3282 2809; x_wconf 80' lang='lat' dir='ltr'><strong>solemnitatis</strong></span> <span class='ocrx_word' id='word_1_534' title='bbox 3295 2751 3592 2818; x_wconf 87' lang='lat' dir='ltr'><strong>Tubarum,</strong></span> 
     </span>
    </p>
   </div>
   <div class='ocr_carea' id='block_1_70' title="bbox 2017 2841 3594 2916">
    <p class='ocr_par' dir='ltr' id='par_1_70' title="bbox 2017 2841 3594 2916">
     <span class='ocr_line' id='line_1_70' title="bbox 2017 2841 3594 2916; baseline 0.001 -18"><span class='ocrx_word' id='word_1_535' title='bbox 2017 2842 2136 2900; x_wconf 88' lang='lat' dir='ltr'><strong>dics</strong></span> <span class='ocrx_word' id='word_1_536' title='bbox 2169 2846 2503 2916; x_wconf 88' lang='lat' dir='ltr'><strong>conspicua;</strong></span> <span class='ocrx_word' id='word_1_537' title='bbox 2534 2845 2716 2915; x_wconf 87' lang='lat' dir='ltr'><strong>aitque</strong></span> <span class='ocrx_word' id='word_1_538' title='bbox 2745 2844 2816 2900; x_wconf 91' lang='lat' dir='ltr'>de</span> <span class='ocrx_word' id='word_1_539' title='bbox 2851 2844 2942 2898; x_wconf 86' lang='lat' dir='ltr'><strong>illa</strong></span> <span class='ocrx_word' id='word_1_540' title='bbox 2971 2843 3185 2916; x_wconf 85' lang='lat' dir='ltr'><strong>Moyses</strong></span> <span class='ocrx_word' id='word_1_541' title='bbox 3213 2864 3226 2899; x_wconf 89' lang='lat'>:</span> <span class='ocrx_word' id='word_1_542' title='bbox 3261 2841 3427 2898; x_wconf 87' lang='lat' dir='ltr'><strong>Omne</strong></span> <span class='ocrx_word' id='word_1_543' title='bbox 3466 2859 3594 2914; x_wconf 79' lang='lat' dir='ltr'><strong>Opus</strong></span> 
     </span>
    </p>
   </div>
   <div class='ocr_carea' id='block_1_71' title="bbox 2017 2936 3592 3006">
    <p class='ocr_par' dir='ltr' id='par_1_71' title="bbox 2017 2936 3592 3006">
     <span class='ocr_line' id='line_1_71' title="bbox 2017 2936 3592 3006; baseline 0.004 -16"><span class='ocrx_word' id='word_1_544' title='bbox 2017 2937 2204 2991; x_wconf 74' lang='lat' dir='ltr'><strong>servile</strong></span> <span class='ocrx_word' id='word_1_545' title='bbox 2241 2953 2344 2990; x_wconf 86' lang='lat' dir='ltr'>non</span> <span class='ocrx_word' id='word_1_546' title='bbox 2384 2937 2628 3006; x_wconf 77' lang='lat' dir='ltr'><strong>facietis:</strong></span> <span class='ocrx_word' id='word_1_547' title='bbox 2667 2936 2780 2992; x_wconf 83' lang='lat' dir='ltr'><strong>dies</strong></span> <span class='ocrx_word' id='word_1_548' title='bbox 2833 2936 3151 2992; x_wconf 83' lang='lat' dir='ltr'><strong>celebritatis</strong></span> <span class='ocrx_word' id='word_1_549' title='bbox 3205 2941 3306 2994; x_wconf 87' lang='lat' dir='ltr'><strong>erit</strong></span> <span class='ocrx_word' id='word_1_550' title='bbox 3345 2941 3488 2996; x_wconf 74' lang='lat' dir='ltr'><strong>vobis</strong></span> <span class='ocrx_word' id='word_1_551' title='bbox 3523 2943 3592 2996; x_wconf 79' lang='grc'>⁸⁸.</span> 
     </span>
    </p>
   </div>
   <div class='ocr_carea' id='block_1_72' title="bbox 2018 3029 3594 3104">
    <p class='ocr_par' dir='ltr' id='par_1_72' title="bbox 2018 3029 3594 3104">
     <span class='ocr_line' id='line_1_72' title="bbox 2018 3029 3594 3104; baseline 0.003 -20"><span class='ocrx_word' id='word_1_552' title='bbox 2018 3029 2364 3100; x_wconf 82' lang='lat' dir='ltr'><strong>Quapropter</strong></span> <span class='ocrx_word' id='word_1_553' title='bbox 2395 3030 2486 3085; x_wconf 91' lang='lat' dir='ltr'>hic</span> <span class='ocrx_word' id='word_1_554' title='bbox 2525 3045 2744 3101; x_wconf 83' lang='lat' dir='ltr'><strong>quoque</strong></span> <span class='ocrx_word' id='word_1_555' title='bbox 2782 3029 3026 3085; x_wconf 89' lang='lat' dir='ltr'><strong>dicitur:</strong></span> <span class='ocrx_word' id='word_1_556' title='bbox 3063 3029 3132 3085; x_wconf 85' lang='lat' dir='ltr'><strong>In</strong></span> <span class='ocrx_word' id='word_1_557' title='bbox 3161 3032 3361 3104; x_wconf 81' lang='lat' dir='ltr'><strong>insigni</strong></span> <span class='ocrx_word' id='word_1_558' title='bbox 3388 3033 3474 3088; x_wconf 85' lang='lat' dir='ltr'>die</span> <span class='ocrx_word' id='word_1_559' title='bbox 3501 3051 3594 3088; x_wconf 87' lang='lat' dir='ltr'><strong>so-</strong></span> 
     </span>
    </p>
   </div>
   <div class='ocr_carea' id='block_1_73' title="bbox 2020 3121 3597 3196">
    <p class='ocr_par' dir='ltr' id='par_1_73' title="bbox 2020 3121 3597 3196">
     <span class='ocr_line' id='line_1_73' title="bbox 2020 3121 3597 3196; baseline 0.004 -20"><span class='ocrx_word' id='word_1_560' title='bbox 2020 3122 2312 3178; x_wconf 84' lang='lat' dir='ltr'><strong>leumitatis</strong></span> <span class='ocrx_word' id='word_1_561' title='bbox 2345 3132 2553 3179; x_wconf 60' lang='lat' dir='ltr'><strong>vestire.</strong></span> <span class='ocrx_word' id='word_1_562' title='bbox 2588 3121 2719 3178; x_wconf 89' lang='lat' dir='ltr'><strong>Erat</strong></span> <span class='ocrx_word' id='word_1_563' title='bbox 2756 3139 2886 3196; x_wconf 87' lang='lat' dir='ltr'><strong>ergo</strong></span> <span class='ocrx_word' id='word_1_564' title='bbox 2917 3123 3156 3195; x_wconf 76' lang='lat' dir='ltr'><strong>insignis</strong></span> <span class='ocrx_word' id='word_1_565' title='bbox 3183 3124 3304 3180; x_wconf 90' lang='lat' dir='ltr'><strong>dies</strong></span> <span class='ocrx_word' id='word_1_566' title='bbox 3336 3133 3391 3180; x_wconf 88' lang='lat' dir='ltr'>et</span> <span class='ocrx_word' id='word_1_567' title='bbox 3421 3125 3597 3183; x_wconf 81' lang='lat' dir='ltr'><strong>festus</strong></span> 
     </span>
    </p>
   </div>
   <div class='ocr_carea' id='block_1_74' title="bbox 2019 3213 3600 3289">
    <p class='ocr_par' dir='ltr' id='par_1_74' title="bbox 2019 3213 3600 3289">
     <span class='ocr_line' id='line_1_74' title="bbox 2019 3213 3600 3289; baseline 0.002 -18"><span class='ocrx_word' id='word_1_568' title='bbox 2019 3213 2171 3284; x_wconf 82' lang='lat' dir='ltr'><strong>dies,</strong></span> <span class='ocrx_word' id='word_1_569' title='bbox 2217 3231 2324 3271; x_wconf 90' lang='lat' dir='ltr'>non</span> <span class='ocrx_word' id='word_1_570' title='bbox 2367 3217 2508 3274; x_wconf 90' lang='lat' dir='ltr'><strong>alius</strong></span> <span class='ocrx_word' id='word_1_571' title='bbox 2548 3217 2625 3273; x_wconf 89' lang='lat' dir='ltr'>rei</span> <span class='ocrx_word' id='word_1_572' title='bbox 2670 3233 2836 3289; x_wconf 82' lang='lat' dir='ltr'><strong>quam</strong></span> <span class='ocrx_word' id='word_1_573' title='bbox 2878 3218 3178 3273; x_wconf 89' lang='lat' dir='ltr'><strong>tubarum:</strong></span> <span class='ocrx_word' id='word_1_574' title='bbox 3213 3233 3384 3289; x_wconf 86' lang='lat' dir='ltr'><strong>quare</strong></span> <span class='ocrx_word' id='word_1_575' title='bbox 3416 3218 3600 3276; x_wconf 82' lang='lat' dir='ltr'><strong>Tuba-</strong></span> 
     </span>
    </p>
   </div>
   <div class='ocr_carea' id='block_1_75' title="bbox 2021 3307 3602 3369">
    <p class='ocr_par' dir='ltr' id='par_1_75' title="bbox 2021 3307 3602 3369">
     <span class='ocr_line' id='line_1_75' title="bbox 2021 3307 3602 3369; baseline 0.004 -6"><span class='ocrx_word' id='word_1_576' title='bbox 2021 3323 2143 3363; x_wconf 91' lang='lat' dir='ltr'>rum</span> <span class='ocrx_word' id='word_1_577' title='bbox 2176 3307 2375 3364; x_wconf 82' lang='lat' dir='ltr'><strong>festum</strong></span> <span class='ocrx_word' id='word_1_578' title='bbox 2399 3309 2719 3364; x_wconf 83' lang='lat' dir='ltr'><strong>vocabatur.</strong></span> <span class='ocrx_word' id='word_1_579' title='bbox 2750 3309 2887 3366; x_wconf 82' lang='lat' dir='ltr'><strong>Cum</strong></span> <span class='ocrx_word' id='word_1_580' title='bbox 2919 3319 3104 3365; x_wconf 89' lang='lat' dir='ltr'><strong>autem</strong></span> <span class='ocrx_word' id='word_1_581' title='bbox 3131 3317 3244 3367; x_wconf 87' lang='lat' dir='ltr'><strong>tres</strong></span> <span class='ocrx_word' id='word_1_582' title='bbox 3273 3319 3460 3368; x_wconf 88' lang='lat' dir='ltr'><strong>essent</strong></span> <span class='ocrx_word' id='word_1_583' title='bbox 3502 3329 3602 3369; x_wconf 83' lang='lat' dir='ltr'><strong>eo-</strong></span> 
     </span>
    </p>
   </div>
   <div class='ocr_carea' id='block_1_76' title="bbox 2022 3399 3600 3475">
    <p class='ocr_par' dir='ltr' id='par_1_76' title="bbox 2022 3399 3600 3475">
     <span class='ocr_line' id='line_1_76' title="bbox 2022 3399 3600 3475; baseline 0.003 -19"><span class='ocrx_word' id='word_1_584' title='bbox 2022 3399 2147 3456; x_wconf 91' lang='lat' dir='ltr'>dem</span> <span class='ocrx_word' id='word_1_585' title='bbox 2178 3415 2366 3456; x_wconf 88' lang='lat' dir='ltr'><strong>mense</strong></span> <span class='ocrx_word' id='word_1_586' title='bbox 2411 3400 2806 3468; x_wconf 89' lang='lat' dir='ltr'><strong>solemnitates,</strong></span> <span class='ocrx_word' id='word_1_587' title='bbox 2852 3402 3028 3473; x_wconf 86' lang='lat' dir='ltr'><strong>prima</strong></span> <span class='ocrx_word' id='word_1_588' title='bbox 3056 3400 3357 3470; x_wconf 89' lang='lat' dir='ltr'><strong>Tubarum,</strong></span> <span class='ocrx_word' id='word_1_589' title='bbox 3390 3419 3511 3475; x_wconf 76' lang='lat' dir='ltr'><strong>quae</strong></span> <span class='ocrx_word' id='word_1_590' title='bbox 3541 3406 3600 3461; x_wconf 84' lang='lat' dir='ltr'>in</span> 
     </span>
    </p>
   </div>
   <div class='ocr_carea' id='block_1_77' title="bbox 2023 3488 3602 3559">
    <p class='ocr_par' dir='ltr' id='par_1_77' title="bbox 2023 3488 3602 3559">
     <span class='ocr_line' id='line_1_77' title="bbox 2023 3488 3602 3559; baseline 0.001 -14"><span class='ocrx_word' id='word_1_591' title='bbox 2023 3489 2309 3545; x_wconf 86' lang='lat' dir='ltr'><strong>neomenia</strong></span> <span class='ocrx_word' id='word_1_592' title='bbox 2326 3489 2738 3556; x_wconf 86' lang='lat' dir='ltr'><strong>celebrabatur;</strong></span> <span class='ocrx_word' id='word_1_593' title='bbox 2774 3488 3016 3546; x_wconf 85' lang='lat' dir='ltr'><strong>secunda</strong></span> <span class='ocrx_word' id='word_1_594' title='bbox 3047 3488 3484 3559; x_wconf 86' lang='lat' dir='ltr'><strong>Propitiationis,</strong></span> <span class='ocrx_word' id='word_1_595' title='bbox 3513 3490 3602 3546; x_wconf 82' lang='lat' dir='ltr'><strong>de-</strong></span> 
     </span>
    </p>
   </div>
   <div class='ocr_carea' id='block_1_78' title="bbox 2025 3577 3601 3648">
    <p class='ocr_par' dir='ltr' id='par_1_78' title="bbox 2025 3577 3601 3648">
     <span class='ocr_line' id='line_1_78' title="bbox 2025 3577 3601 3648; baseline 0 -13"><span class='ocrx_word' id='word_1_596' title='bbox 2025 3580 2167 3635; x_wconf 87' lang='lat' dir='ltr'><strong>cima</strong></span> <span class='ocrx_word' id='word_1_597' title='bbox 2190 3580 2280 3636; x_wconf 91' lang='lat' dir='ltr'>die</span> <span class='ocrx_word' id='word_1_598' title='bbox 2300 3580 2526 3646; x_wconf 88' lang='lat' dir='ltr'><strong>mensis;</strong></span> <span class='ocrx_word' id='word_1_599' title='bbox 2547 3579 2705 3636; x_wconf 87' lang='lat' dir='ltr'><strong>tertia</strong></span> <span class='ocrx_word' id='word_1_600' title='bbox 2723 3577 3228 3636; x_wconf 88' lang='lat' dir='ltr'><strong>Tabernaculorum</strong></span> <span class='ocrx_word' id='word_1_601' title='bbox 3253 3598 3268 3648; x_wconf 90' lang='lat'>;</span> <span class='ocrx_word' id='word_1_602' title='bbox 3299 3581 3473 3637; x_wconf 66' lang='lat' dir='ltr'><strong>solam</strong></span> <span class='ocrx_word' id='word_1_603' title='bbox 3490 3580 3601 3635; x_wconf 88' lang='lat' dir='ltr'>Tu-</span> 
     </span>
    </p>
   </div>
   <div class='ocr_carea' id='block_1_79' title="bbox 2024 3671 3602 3744">
    <p class='ocr_par' dir='ltr' id='par_1_79' title="bbox 2024 3671 3602 3744">
     <span class='ocr_line' id='line_1_79' title="bbox 2024 3671 3602 3744; baseline -0.001 -14"><span class='ocrx_word' id='word_1_604' title='bbox 2024 3674 2214 3730; x_wconf 89' lang='lat' dir='ltr'><strong>barum</strong></span> <span class='ocrx_word' id='word_1_605' title='bbox 2251 3674 2394 3730; x_wconf 90' lang='lat' dir='ltr'><strong>diem</strong></span> <span class='ocrx_word' id='word_1_606' title='bbox 2427 3673 2628 3728; x_wconf 89' lang='lat' dir='ltr'><strong>imitari</strong></span> <span class='ocrx_word' id='word_1_607' title='bbox 2663 3673 2910 3744; x_wconf 64' lang='lat' dir='ltr'><strong>praecipit</strong></span> <span class='ocrx_word' id='word_1_608' title='bbox 2937 3671 3129 3729; x_wconf 89' lang='lat' dir='ltr'><strong>dicens</strong></span> <span class='ocrx_word' id='word_1_609' title='bbox 3164 3691 3177 3726; x_wconf 89' lang='lat'><strong>:</strong></span> <span class='ocrx_word' id='word_1_610' title='bbox 3212 3673 3501 3728; x_wconf 84' lang='lat' dir='ltr'><strong>Buccinate</strong></span> <span class='ocrx_word' id='word_1_611' title='bbox 3546 3675 3602 3729; x_wconf 82' lang='lat' dir='ltr'><strong>in</strong></span> 
     </span>
    </p>
   </div>
   <div class='ocr_carea' id='block_1_80' title="bbox 2026 3763 3603 3836">
    <p class='ocr_par' dir='ltr' id='par_1_80' title="bbox 2026 3763 3603 3836">
     <span class='ocr_line' id='line_1_80' title="bbox 2026 3763 3603 3836; baseline -0.001 -14"><span class='ocrx_word' id='word_1_612' title='bbox 2026 3767 2300 3822; x_wconf 87' lang='lat' dir='ltr'><strong>neomenia</strong></span> <span class='ocrx_word' id='word_1_613' title='bbox 2336 3766 2502 3830; x_wconf 85' lang='lat' dir='ltr'><strong>tuba;</strong></span> <span class='ocrx_word' id='word_1_614' title='bbox 2531 3767 2678 3836; x_wconf 89' lang='lat' dir='ltr'><strong>quod</strong></span> <span class='ocrx_word' id='word_1_615' title='bbox 2707 3765 2912 3820; x_wconf 89' lang='lat' dir='ltr'><strong>clarius</strong></span> <span class='ocrx_word' id='word_1_616' title='bbox 2944 3764 3017 3818; x_wconf 88' lang='lat' dir='ltr'>ita</span> <span class='ocrx_word' id='word_1_617' title='bbox 3049 3765 3370 3834; x_wconf 89' lang='lat' dir='ltr'><strong>protulisset</strong></span> <span class='ocrx_word' id='word_1_618' title='bbox 3399 3782 3412 3819; x_wconf 89' lang='lat'><strong>:</strong></span> <span class='ocrx_word' id='word_1_619' title='bbox 3449 3763 3603 3820; x_wconf 87' lang='lat' dir='ltr'><strong>Sicut</strong></span> 
     </span>
    </p>
   </div>
   <div class='ocr_carea' id='block_1_81' title="bbox 2026 3856 3602 3924">
    <p class='ocr_par' dir='ltr' id='par_1_81' title="bbox 2026 3856 3602 3924">
     <span class='ocr_line' id='line_1_81' title="bbox 2026 3856 3602 3924; baseline -0.003 -11"><span class='ocrx_word' id='word_1_620' title='bbox 2026 3859 2158 3914; x_wconf 90' lang='lat' dir='ltr'><strong>olim</strong></span> <span class='ocrx_word' id='word_1_621' title='bbox 2191 3858 2247 3912; x_wconf 90' lang='lat' dir='ltr'>in</span> <span class='ocrx_word' id='word_1_622' title='bbox 2279 3857 2605 3924; x_wconf 89' lang='lat' dir='ltr'><strong>neomenia,</strong></span> <span class='ocrx_word' id='word_1_623' title='bbox 2637 3857 2817 3911; x_wconf 88' lang='lat' dir='ltr'><strong>locum</strong></span> <span class='ocrx_word' id='word_1_624' title='bbox 2847 3871 3064 3912; x_wconf 88' lang='lat' dir='ltr'><strong>omnem</strong></span> <span class='ocrx_word' id='word_1_625' title='bbox 3096 3856 3602 3911; x_wconf 78' lang='lat' dir='ltr'><strong>circumcursantcs</strong></span> 
     </span>
    </p>
   </div>
   <div class='ocr_carea' id='block_1_82' title="bbox 2025 3945 3600 4013">
    <p class='ocr_par' dir='ltr' id='par_1_82' title="bbox 2025 3945 3600 4013">
     <span class='ocr_line' id='line_1_82' title="bbox 2025 3945 3600 4013; baseline -0.003 -7"><span class='ocrx_word' id='word_1_626' title='bbox 2025 3948 2427 4013; x_wconf 88' lang='lat' dir='ltr'><strong>buccinabant,</strong></span> <span class='ocrx_word' id='word_1_627' title='bbox 2459 3955 2519 4002; x_wconf 91' lang='lat' dir='ltr'>ut</span> <span class='ocrx_word' id='word_1_628' title='bbox 2542 3945 2741 4003; x_wconf 80' lang='lat' dir='ltr'><strong>festum</strong></span> <span class='ocrx_word' id='word_1_629' title='bbox 2768 3946 3074 4002; x_wconf 87' lang='lat' dir='ltr'><strong>indicarent</strong></span> <span class='ocrx_word' id='word_1_630' title='bbox 3100 3964 3114 4013; x_wconf 93' lang='lat'>;</span> <span class='ocrx_word' id='word_1_631' title='bbox 3145 3947 3396 4002; x_wconf 87' lang='lat' dir='ltr'><strong>similiter</strong></span> <span class='ocrx_word' id='word_1_632' title='bbox 3421 3956 3476 4002; x_wconf 93' lang='lat' dir='ltr'>et</span> <span class='ocrx_word' id='word_1_633' title='bbox 3500 3963 3600 4002; x_wconf 85' lang='lat' dir='ltr'><strong>vos</strong></span> 
     </span>
    </p>
   </div>
   <div class='ocr_carea' id='block_1_83' title="bbox 2025 4037 3604 4112">
    <p class='ocr_par' dir='ltr' id='par_1_83' title="bbox 2025 4037 3604 4112">
     <span class='ocr_line' id='line_1_83' title="bbox 2025 4037 3604 4112; baseline -0.001 -17"><span class='ocrx_word' id='word_1_634' title='bbox 2025 4041 2120 4112; x_wconf 90' lang='lat' dir='ltr'>qui</span> <span class='ocrx_word' id='word_1_635' title='bbox 2160 4039 2427 4110; x_wconf 88' lang='lat' dir='ltr'><strong>jubemini</strong></span> <span class='ocrx_word' id='word_1_636' title='bbox 2449 4078 2466 4104; x_wconf 88' lang='lat'>,</span> <span class='ocrx_word' id='word_1_637' title='bbox 2512 4039 2804 4094; x_wconf 83' lang='lat' dir='ltr'><strong>buccinate.</strong></span> <span class='ocrx_word' id='word_1_638' title='bbox 2833 4037 2965 4093; x_wconf 75' lang='lat' dir='ltr'><strong>Vult.</strong></span> <span class='ocrx_word' id='word_1_639' title='bbox 2994 4053 3160 4108; x_wconf 89' lang='lat' dir='ltr'><strong>porro</strong></span> <span class='ocrx_word' id='word_1_640' title='bbox 3191 4037 3432 4108; x_wconf 89' lang='lat' dir='ltr'><strong>gentium</strong></span> <span class='ocrx_word' id='word_1_641' title='bbox 3464 4053 3604 4108; x_wconf 50' lang='lat' dir='ltr'><strong>prah-</strong></span> 
     </span>
    </p>
   </div>
   <div class='ocr_carea' id='block_1_84' title="bbox 2026 4127 3609 4194">
    <p class='ocr_par' dir='ltr' id='par_1_84' title="bbox 2026 4127 3609 4194">
     <span class='ocr_line' id='line_1_84' title="bbox 2026 4127 3609 4194; baseline -0.001 -9"><span class='ocrx_word' id='word_1_642' title='bbox 2026 4145 2226 4194; x_wconf 88' lang='lat' dir='ltr'><strong>cones,</strong></span> <span class='ocrx_word' id='word_1_643' title='bbox 2270 4145 2381 4183; x_wconf 89' lang='lat' dir='ltr'>non</span> <span class='ocrx_word' id='word_1_644' title='bbox 2414 4129 2628 4184; x_wconf 65' lang='lat' dir='ltr'><strong>caateris</strong></span> <span class='ocrx_word' id='word_1_645' title='bbox 2669 4127 2917 4183; x_wconf 83' lang='lat' dir='ltr'><strong>Judaicis</strong></span> <span class='ocrx_word' id='word_1_646' title='bbox 2965 4127 3440 4184; x_wconf 85' lang='lat' dir='ltr'><strong>observationibus</strong></span> <span class='ocrx_word' id='word_1_647' title='bbox 3485 4128 3568 4183; x_wconf 70' lang='lat' dir='ltr'><strong>an&quot;</strong></span> <span class='ocrx_word' id='word_1_648' title='bbox 3595 4157 3609 4172; x_wconf 73' lang='grc' dir='ltr'><em>ο</em></span> 
     </span>
    </p>
   </div>
   <div class='ocr_carea' id='block_1_85' title="bbox 2027 4219 3604 4290">
    <p class='ocr_par' dir='ltr' id='par_1_85' title="bbox 2027 4219 3604 4290">
     <span class='ocr_line' id='line_1_85' title="bbox 2027 4219 3604 4290; baseline -0.002 -14"><span class='ocrx_word' id='word_1_649' title='bbox 2027 4237 2178 4276; x_wconf 91' lang='lat' dir='ltr'>mum</span> <span class='ocrx_word' id='word_1_650' title='bbox 2219 4221 2484 4277; x_wconf 86' lang='lat' dir='ltr'><strong>adhibere</strong></span> <span class='ocrx_word' id='word_1_651' title='bbox 2503 4260 2520 4286; x_wconf 91' lang='lat'>,</span> <span class='ocrx_word' id='word_1_652' title='bbox 2570 4220 2666 4276; x_wconf 88' lang='lat' dir='ltr'>sed</span> <span class='ocrx_word' id='word_1_653' title='bbox 2695 4219 2812 4276; x_wconf 90' lang='lat' dir='ltr'><strong>sola</strong></span> <span class='ocrx_word' id='word_1_654' title='bbox 2843 4219 3234 4290; x_wconf 84' lang='lat' dir='ltr'><strong>praedicatione</strong></span> <span class='ocrx_word' id='word_1_655' title='bbox 3261 4219 3373 4284; x_wconf 89' lang='lat' dir='ltr'><strong>uti,</strong></span> <span class='ocrx_word' id='word_1_656' title='bbox 3404 4226 3458 4273; x_wconf 90' lang='lat' dir='ltr'>et</span> <span class='ocrx_word' id='word_1_657' title='bbox 3487 4233 3604 4274; x_wconf 89' lang='lat' dir='ltr'><strong>om-</strong></span> 
     </span>
    </p>
   </div>
   <div class='ocr_carea' id='block_1_86' title="bbox 2028 4310 3606 4382">
    <p class='ocr_par' dir='ltr' id='par_1_86' title="bbox 2028 4310 3606 4382">
     <span class='ocr_line' id='line_1_86' title="bbox 2028 4310 3606 4382; baseline -0.002 -13"><span class='ocrx_word' id='word_1_658' title='bbox 2028 4315 2191 4370; x_wconf 89' lang='lat' dir='ltr'><strong>nibus</strong></span> <span class='ocrx_word' id='word_1_659' title='bbox 2233 4313 2548 4368; x_wconf 89' lang='lat' dir='ltr'><strong>bominibus</strong></span> <span class='ocrx_word' id='word_1_660' title='bbox 2591 4313 2834 4368; x_wconf 86' lang='lat' dir='ltr'><strong>salutare</strong></span> <span class='ocrx_word' id='word_1_661' title='bbox 2862 4319 2918 4366; x_wconf 83' lang='lat' dir='ltr'>et</span> <span class='ocrx_word' id='word_1_662' title='bbox 2954 4311 3329 4382; x_wconf 79' lang='lat' dir='ltr'><strong>evangelicum</strong></span> <span class='ocrx_word' id='word_1_663' title='bbox 3374 4310 3606 4366; x_wconf 82' lang='lat' dir='ltr'><strong>verbum</strong></span> 
     </span>
    </p>
   </div>
   <div class='ocr_carea' id='block_1_87' title="bbox 2027 4402 3607 4475">
    <p class='ocr_par' dir='ltr' id='par_1_87' title="bbox 2027 4402 3607 4475">
     <span class='ocr_line' id='line_1_87' title="bbox 2027 4402 3607 4475; baseline -0.003 -13"><span class='ocrx_word' id='word_1_664' title='bbox 2027 4405 2346 4463; x_wconf 87' lang='lat' dir='ltr'><strong>buccinare.</strong></span> <span class='ocrx_word' id='word_1_665' title='bbox 2388 4404 2596 4460; x_wconf 85' lang='lat' dir='ltr'><strong>Horum</strong></span> <span class='ocrx_word' id='word_1_666' title='bbox 2625 4419 2865 4474; x_wconf 88' lang='lat' dir='ltr'><strong>namque</strong></span> <span class='ocrx_word' id='word_1_667' title='bbox 2916 4404 3163 4475; x_wconf 87' lang='lat' dir='ltr'><strong>symbola</strong></span> <span class='ocrx_word' id='word_1_668' title='bbox 3205 4402 3418 4474; x_wconf 79' lang='lat' dir='ltr'><strong>Moyses</strong></span> <span class='ocrx_word' id='word_1_669' title='bbox 3455 4404 3607 4459; x_wconf 89' lang='lat' dir='ltr'><strong>insti-</strong></span> 
     </span>
    </p>
   </div>
   <div class='ocr_carea' id='block_1_88' title="bbox 357 4502 1930 4576">
    <p class='ocr_par' dir='ltr' id='par_1_88' title="bbox 357 4502 1930 4576">
     <span class='ocr_line' id='line_1_88' title="bbox 357 4502 1930 4576; baseline 0.003 -22"><span class='ocrx_word' id='word_1_670' title='bbox 357 4504 714 4556; x_wconf 68' lang='grc' dir='ltr'>σαλπίσατε.</span> <span class='ocrx_word' id='word_1_671' title='bbox 751 4502 1006 4557; x_wconf 87' lang='grc' dir='ltr'>Βούλεται</span> <span class='ocrx_word' id='word_1_672' title='bbox 1046 4503 1104 4556; x_wconf 81' lang='grc' dir='ltr'>δὲ</span> <span class='ocrx_word' id='word_1_673' title='bbox 1139 4504 1265 4568; x_wconf 80' lang='grc' dir='ltr'>τοὺς</span> <span class='ocrx_word' id='word_1_674' title='bbox 1311 4506 1560 4576; x_wconf 84' lang='grc' dir='ltr'>κήρυκας</span> <span class='ocrx_word' id='word_1_675' title='bbox 1605 4505 1714 4560; x_wconf 90' lang='grc' dir='ltr'>τῶν</span> <span class='ocrx_word' id='word_1_676' title='bbox 1760 4504 1930 4560; x_wconf 84' lang='grc' dir='ltr'>ὲθνῶν</span> 
     </span>
    </p>
   </div>
   <div class='ocr_carea' id='block_1_89' title="bbox 364 4592 1930 4668">
    <p class='ocr_par' dir='ltr' id='par_1_89' title="bbox 364 4592 1930 4668">
     <span class='ocr_line' id='line_1_89' title="bbox 364 4592 1930 4668; baseline 0.002 -23"><span class='ocrx_word' id='word_1_677' title='bbox 364 4593 434 4664; x_wconf 82' lang='grc' dir='ltr'>μὴ</span> <span class='ocrx_word' id='word_1_678' title='bbox 457 4595 574 4656; x_wconf 87' lang='grc' dir='ltr'>ταῖς</span> <span class='ocrx_word' id='word_1_679' title='bbox 592 4593 806 4656; x_wconf 84' lang='grc' dir='ltr'>λοιπαῖς</span> <span class='ocrx_word' id='word_1_680' title='bbox 835 4592 1125 4664; x_wconf 86' lang='grc' dir='ltr'>προσέχειν</span> <span class='ocrx_word' id='word_1_681' title='bbox 1155 4594 1470 4660; x_wconf 85' lang='grc' dir='ltr'>Ἰουδαῖκαῖς</span> <span class='ocrx_word' id='word_1_682' title='bbox 1492 4597 1930 4668; x_wconf 83' lang='grc' dir='ltr'>παρατηρήσεσι,</span> 
     </span>
    </p>
   </div>
   <div class='ocr_carea' id='block_1_90' title="bbox 365 4678 1920 4759">
    <p class='ocr_par' dir='ltr' id='par_1_90' title="bbox 365 4685 1920 4759">
     <span class='ocr_line' id='line_1_90' title="bbox 365 4685 1920 4759; baseline 0.003 -21"><span class='ocrx_word' id='word_1_683' title='bbox 365 4685 508 4757; x_wconf 78' lang='grc' dir='ltr'>μόνῳ</span> <span class='ocrx_word' id='word_1_684' title='bbox 540 4686 595 4739; x_wconf 78' lang='grc' dir='ltr'>δὲ</span> <span class='ocrx_word' id='word_1_685' title='bbox 623 4687 859 4757; x_wconf 82' lang='grc' dir='ltr'>χρῆσθαι</span> <span class='ocrx_word' id='word_1_686' title='bbox 907 4685 984 4756; x_wconf 80' lang='grc' dir='ltr'>τῷ</span> <span class='ocrx_word' id='word_1_687' title='bbox 1023 4687 1374 4759; x_wconf 82' lang='grc' dir='ltr'>κηρύγματι,</span> <span class='ocrx_word' id='word_1_688' title='bbox 1410 4689 1504 4742; x_wconf 79' lang='grc' dir='ltr'>καὶ</span> <span class='ocrx_word' id='word_1_689' title='bbox 1542 4689 1819 4754; x_wconf 81' lang='grc' dir='ltr'>σαλπίζειν</span> <span class='ocrx_word' id='word_1_690' title='bbox 1852 4691 1920 4754; x_wconf 83' lang='grc' dir='ltr'>εἰς</span> 
     </span>
    </p>
   </div>
   <div class='ocr_carea' id='block_1_91' title="bbox 2019 4678 3608 4759">
    <p class='ocr_par' dir='ltr' id='par_1_91' title="bbox 2031 4678 3608 4754">
     <span class='ocr_line' id='line_1_91' title="bbox 2031 4678 3608 4754; baseline -0.002 -18"><span class='ocrx_word' id='word_1_691' title='bbox 2031 4689 2252 4754; x_wconf 88' lang='lat' dir='ltr'><strong>tempus</strong></span> <span class='ocrx_word' id='word_1_692' title='bbox 2281 4683 2412 4738; x_wconf 89' lang='lat' dir='ltr'><strong>tuba</strong></span> <span class='ocrx_word' id='word_1_693' title='bbox 2443 4682 2703 4738; x_wconf 88' lang='lat' dir='ltr'><strong>omnibus</strong></span> <span class='ocrx_word' id='word_1_694' title='bbox 2735 4680 3068 4752; x_wconf 84' lang='lat' dir='ltr'><strong>signiﬁcare.</strong></span> <span class='ocrx_word' id='word_1_695' title='bbox 3104 4678 3220 4734; x_wconf 80' lang='lat' dir='ltr'>Hoc</span> <span class='ocrx_word' id='word_1_696' title='bbox 3248 4695 3379 4734; x_wconf 61' lang='lat' dir='ltr'><strong>Vero</strong></span> <span class='ocrx_word' id='word_1_697' title='bbox 3409 4693 3608 4749; x_wconf 71' lang='lat' dir='ltr'><strong>praece-</strong></span> 
     </span>
    </p>
   </div>
   <div class='ocr_carea' id='block_1_92' title="bbox 366 4766 1920 4854">
    <p class='ocr_par' dir='ltr' id='par_1_92' title="bbox 366 4775 1920 4854">
     <span class='ocr_line' id='line_1_92' title="bbox 366 4775 1920 4854; baseline 0.003 -25"><span class='ocrx_word' id='word_1_698' title='bbox 366 4775 607 4840; x_wconf 79' lang='grc' dir='ltr'>ἆπαντας</span> <span class='ocrx_word' id='word_1_699' title='bbox 652 4777 970 4851; x_wconf 83' lang='grc' dir='ltr'>ἀνθρώπους</span> <span class='ocrx_word' id='word_1_700' title='bbox 1011 4779 1103 4832; x_wconf 82' lang='grc' dir='ltr'>τὸν</span> <span class='ocrx_word' id='word_1_701' title='bbox 1142 4781 1405 4854; x_wconf 86' lang='grc' dir='ltr'>σωτήριον</span> <span class='ocrx_word' id='word_1_702' title='bbox 1443 4780 1537 4834; x_wconf 77' lang='grc' dir='ltr'>καὶ</span> <span class='ocrx_word' id='word_1_703' title='bbox 1580 4779 1920 4850; x_wconf 65' lang='grc' dir='ltr'>εύαγγελικὸι</span> 
     </span>
    </p>
   </div>
   <div class='ocr_carea' id='block_1_93' title="bbox 2019 4766 3604 4854">
    <p class='ocr_par' dir='ltr' id='par_1_93' title="bbox 2037 4766 3604 4846">
     <span class='ocr_line' id='line_1_93' title="bbox 2037 4766 3604 4846; baseline -0.004 -18"><span class='ocrx_word' id='word_1_704' title='bbox 2037 4782 2189 4846; x_wconf 90' lang='lat' dir='ltr'><strong>ptum</strong></span> <span class='ocrx_word' id='word_1_705' title='bbox 2219 4791 2286 4829; x_wconf 78' lang='lat' dir='ltr'><strong>ex</strong></span> <span class='ocrx_word' id='word_1_706' title='bbox 2311 4773 2522 4845; x_wconf 85' lang='lat' dir='ltr'><strong>judicio</strong></span> <span class='ocrx_word' id='word_1_707' title='bbox 2545 4813 2561 4838; x_wconf 89' lang='lat'>,</span> <span class='ocrx_word' id='word_1_708' title='bbox 2606 4773 2892 4828; x_wconf 82' lang='lat' dir='ltr'><strong>voluntate</strong></span> <span class='ocrx_word' id='word_1_709' title='bbox 2934 4779 2989 4826; x_wconf 84' lang='lat' dir='ltr'>et</span> <span class='ocrx_word' id='word_1_710' title='bbox 3037 4770 3259 4826; x_wconf 91' lang='lat' dir='ltr'><strong>decreto</strong></span> <span class='ocrx_word' id='word_1_711' title='bbox 3308 4767 3403 4824; x_wconf 90' lang='lat' dir='ltr'><strong>Dei</strong></span> <span class='ocrx_word' id='word_1_712' title='bbox 3433 4766 3604 4824; x_wconf 84' lang='lat' dir='ltr'><strong>Jacob</strong></span> 
     </span>
    </p>
   </div>
   <div class='ocr_carea' id='block_1_94' title="bbox 363 4861 1920 4941">
    <p class='ocr_par' dir='ltr' id='par_1_94' title="bbox 363 4864 1920 4941">
     <span class='ocr_line' id='line_1_94' title="bbox 363 4864 1920 4941; baseline 0.003 -22"><span class='ocrx_word' id='word_1_713' title='bbox 363 4864 539 4934; x_wconf 62' lang='grc' dir='ltr'>λόγον.</span> <span class='ocrx_word' id='word_1_714' title='bbox 572 4865 788 4920; x_wconf 84' lang='grc' dir='ltr'>Τούτων</span> <span class='ocrx_word' id='word_1_715' title='bbox 821 4866 930 4940; x_wconf 84' lang='grc' dir='ltr'>γάρ</span> <span class='ocrx_word' id='word_1_716' title='bbox 962 4867 1142 4921; x_wconf 82' lang='grc' dir='ltr'>αὐτῶν</span> <span class='ocrx_word' id='word_1_717' title='bbox 1181 4868 1251 4922; x_wconf 80' lang='grc' dir='ltr'>τά</span> <span class='ocrx_word' id='word_1_718' title='bbox 1299 4869 1544 4941; x_wconf 77' lang='grc' dir='ltr'>σύμϐολα</span> <span class='ocrx_word' id='word_1_719' title='bbox 1588 4871 1681 4924; x_wconf 76' lang='grc' dir='ltr'>καὶ</span> <span class='ocrx_word' id='word_1_720' title='bbox 1725 4871 1920 4941; x_wconf 86' lang='grc' dir='ltr'>Μωσῆς</span> 
     </span>
    </p>
   </div>
   <div class='ocr_carea' id='block_1_95' title="bbox 2019 4861 3606 4941">
    <p class='ocr_par' dir='ltr' id='par_1_95' title="bbox 2034 4861 3606 4936">
     <span class='ocr_line' id='line_1_95' title="bbox 2034 4861 3606 4936; baseline -0.005 -14"><span class='ocrx_word' id='word_1_721' title='bbox 2034 4866 2317 4923; x_wconf 85' lang='lat' dir='ltr'><strong>edebatur.</strong></span> <span class='ocrx_word' id='word_1_722' title='bbox 2368 4866 2487 4935; x_wconf 87' lang='lat' dir='ltr'><strong>Ipse</strong></span> <span class='ocrx_word' id='word_1_723' title='bbox 2525 4880 2764 4936; x_wconf 88' lang='lat' dir='ltr'><strong>namque</strong></span> <span class='ocrx_word' id='word_1_724' title='bbox 2796 4864 2976 4928; x_wconf 81' lang='lat' dir='ltr'><strong>Deus,</strong></span> <span class='ocrx_word' id='word_1_725' title='bbox 3009 4862 3104 4934; x_wconf 91' lang='lat' dir='ltr'>qui</span> <span class='ocrx_word' id='word_1_726' title='bbox 3151 4861 3359 4918; x_wconf 82' lang='lat' dir='ltr'><strong>Jacobo</strong></span> <span class='ocrx_word' id='word_1_727' title='bbox 3386 4862 3517 4916; x_wconf 90' lang='lat' dir='ltr'><strong>olim</strong></span> <span class='ocrx_word' id='word_1_728' title='bbox 3548 4861 3606 4915; x_wconf 87' lang='lat' dir='ltr'>in</span> 
     </span>
    </p>
   </div>
   <div class='ocr_carea' id='block_1_96' title="bbox 363 4949 1920 5034">
    <p class='ocr_par' dir='ltr' id='par_1_96' title="bbox 363 4949 1920 5034">
     <span class='ocr_line' id='line_1_96' title="bbox 363 4949 1920 5034; baseline 0.004 -25"><span class='ocrx_word' id='word_1_729' title='bbox 363 4954 569 5020; x_wconf 75' lang='grc' dir='ltr'>ἐποίει,</span> <span class='ocrx_word' id='word_1_730' title='bbox 604 4957 697 5011; x_wconf 76' lang='grc' dir='ltr'>καὶ</span> <span class='ocrx_word' id='word_1_731' title='bbox 744 4949 814 5030; x_wconf 81' lang='grc' dir='ltr'>ἦν</span> <span class='ocrx_word' id='word_1_732' title='bbox 853 4960 1178 5032; x_wconf 84' lang='grc' dir='ltr'>πρόσταγμα</span> <span class='ocrx_word' id='word_1_733' title='bbox 1207 4960 1286 5032; x_wconf 84' lang='grc' dir='ltr'>τῷ</span> <span class='ocrx_word' id='word_1_734' title='bbox 1322 4961 1538 5034; x_wconf 82' lang='grc' dir='ltr'>Ἰσραὴλ</span> <span class='ocrx_word' id='word_1_735' title='bbox 1585 4963 1730 5027; x_wconf 82' lang='grc' dir='ltr'>ἰδίως</span> <span class='ocrx_word' id='word_1_736' title='bbox 1773 4962 1920 5016; x_wconf 79' lang='grc' dir='ltr'>τοῦτι</span> 
     </span>
    </p>
   </div>
   <div class='ocr_carea' id='block_1_97' title="bbox 2019 4949 3606 5034">
    <p class='ocr_par' dir='ltr' id='par_1_97' title="bbox 2035 4952 3606 5029">
     <span class='ocr_line' id='line_1_97' title="bbox 2035 4952 3606 5029; baseline -0.005 -15"><span class='ocrx_word' id='word_1_737' title='bbox 2035 4959 2134 5014; x_wconf 70' lang='lat' dir='ltr'><strong>vrri</strong></span> <span class='ocrx_word' id='word_1_738' title='bbox 2153 4959 2334 5029; x_wconf 89' lang='lat' dir='ltr'><strong>specie</strong></span> <span class='ocrx_word' id='word_1_739' title='bbox 2381 4967 2437 5014; x_wconf 89' lang='lat' dir='ltr'>et</span> <span class='ocrx_word' id='word_1_740' title='bbox 2480 4957 2656 5013; x_wconf 73' lang='lat' dir='ltr'><strong>forma</strong></span> <span class='ocrx_word' id='word_1_741' title='bbox 2701 4957 2854 5014; x_wconf 81' lang='lat' dir='ltr'><strong>visus</strong></span> <span class='ocrx_word' id='word_1_742' title='bbox 2893 4964 3010 5022; x_wconf 89' lang='lat' dir='ltr'><strong>est,</strong></span> <span class='ocrx_word' id='word_1_743' title='bbox 3061 4956 3152 5011; x_wconf 91' lang='lat' dir='ltr'>hic</span> <span class='ocrx_word' id='word_1_744' title='bbox 3205 4962 3323 5010; x_wconf 89' lang='lat' dir='ltr'><strong>erat</strong></span> <span class='ocrx_word' id='word_1_745' title='bbox 3346 4954 3440 5026; x_wconf 88' lang='lat' dir='ltr'>qui</span> <span class='ocrx_word' id='word_1_746' title='bbox 3475 4952 3606 5007; x_wconf 89' lang='lat' dir='ltr'><strong>olim</strong></span> 
     </span>
    </p>
   </div>
   <div class='ocr_carea' id='block_1_98' title="bbox 363 5043 1920 5126">
    <p class='ocr_par' dir='ltr' id='par_1_98' title="bbox 363 5049 1920 5126">
     <span class='ocr_line' id='line_1_98' title="bbox 363 5049 1920 5126; baseline 0.003 -22"><span class='ocrx_word' id='word_1_747' title='bbox 363 5049 882 5123; x_wconf 86' lang='grc' dir='ltr'>νενομοθετημένον,</span> <span class='ocrx_word' id='word_1_748' title='bbox 921 5052 982 5106; x_wconf 87' lang='grc' dir='ltr'>τὸ</span> <span class='ocrx_word' id='word_1_749' title='bbox 1025 5053 1134 5108; x_wconf 85' lang='grc' dir='ltr'>δεῖν</span> <span class='ocrx_word' id='word_1_750' title='bbox 1174 5054 1491 5122; x_wconf 75' lang='grc' dir='ltr'>σαλπίζειν,</span> <span class='ocrx_word' id='word_1_751' title='bbox 1549 5056 1644 5110; x_wconf 71' lang='grc' dir='ltr'>καὶ</span> <span class='ocrx_word' id='word_1_752' title='bbox 1696 5055 1786 5109; x_wconf 81' lang='grc' dir='ltr'>διὰ</span> <span class='ocrx_word' id='word_1_753' title='bbox 1833 5055 1920 5126; x_wconf 83' lang='grc' dir='ltr'>τῆς</span> 
     </span>
    </p>
   </div>
   <div class='ocr_carea' id='block_1_99' title="bbox 2019 5043 3603 5126">
    <p class='ocr_par' dir='ltr' id='par_1_99' title="bbox 2045 5043 3603 5121">
     <span class='ocr_line' id='line_1_99' title="bbox 2045 5043 3603 5121; baseline -0.006 -14"><span class='ocrx_word' id='word_1_754' title='bbox 2045 5052 2237 5107; x_wconf 69' lang='grc' dir='ltr'>ἰειὴιεο</span> <span class='ocrx_word' id='word_1_755' title='bbox 2257 5051 2519 5121; x_wconf 87' lang='lat' dir='ltr'><strong>populum</strong></span> <span class='ocrx_word' id='word_1_756' title='bbox 2541 5050 2720 5105; x_wconf 87' lang='lat' dir='ltr'><strong>lacere</strong></span> <span class='ocrx_word' id='word_1_757' title='bbox 2731 5048 2967 5120; x_wconf 72' lang='lat' dir='ltr'><strong>ﬁgurate</strong></span> <span class='ocrx_word' id='word_1_758' title='bbox 2991 5063 3087 5118; x_wconf 87' lang='lat' dir='ltr'>per</span> <span class='ocrx_word' id='word_1_759' title='bbox 3109 5047 3344 5120; x_wconf 83' lang='lat' dir='ltr'><strong>Moysem</strong></span> <span class='ocrx_word' id='word_1_760' title='bbox 3357 5043 3603 5114; x_wconf 86' lang='lat' dir='ltr'><strong>jubebat.</strong></span> 
     </span>
    </p>
   </div>
   <div class='ocr_carea' id='block_1_100' title="bbox 366 5137 1920 5218">
    <p class='ocr_par' dir='ltr' id='par_1_100' title="bbox 366 5140 1920 5218">
     <span class='ocr_line' id='line_1_100' title="bbox 366 5140 1920 5218; baseline 0.003 -24"><span class='ocrx_word' id='word_1_761' title='bbox 366 5140 658 5210; x_wconf 87' lang='grc' dir='ltr'>σάλπιγγος</span> <span class='ocrx_word' id='word_1_762' title='bbox 695 5141 980 5213; x_wconf 88' lang='grc' dir='ltr'>σημαίνειν</span> <span class='ocrx_word' id='word_1_763' title='bbox 1015 5146 1128 5208; x_wconf 89' lang='grc' dir='ltr'>τοῖς</span> <span class='ocrx_word' id='word_1_764' title='bbox 1159 5147 1293 5199; x_wconf 80' lang='grc' dir='ltr'>πᾶσι</span> <span class='ocrx_word' id='word_1_765' title='bbox 1331 5146 1430 5217; x_wconf 82' lang='grc' dir='ltr'>τὴν</span> <span class='ocrx_word' id='word_1_766' title='bbox 1454 5145 1550 5199; x_wconf 90' lang='grc' dir='ltr'>τοῦ</span> <span class='ocrx_word' id='word_1_767' title='bbox 1585 5145 1777 5218; x_wconf 80' lang='grc' dir='ltr'>καιροῦ</span> <span class='ocrx_word' id='word_1_768' title='bbox 1813 5146 1920 5217; x_wconf 80' lang='grc' dir='ltr'>ἐορ-</span> 
     </span>
    </p>
   </div>
   <div class='ocr_carea' id='block_1_101' title="bbox 2019 5137 3611 5218">
    <p class='ocr_par' dir='ltr' id='par_1_101' title="bbox 2036 5137 3611 5210">
     <span class='ocr_line' id='line_1_101' title="bbox 2036 5137 3611 5210; baseline -0.006 -12"><span class='ocrx_word' id='word_1_769' title='bbox 2036 5142 2192 5210; x_wconf 85' lang='lat' dir='ltr'><strong>Quod</strong></span> <span class='ocrx_word' id='word_1_770' title='bbox 2220 5151 2401 5200; x_wconf 88' lang='lat' dir='ltr'><strong>autem</strong></span> <span class='ocrx_word' id='word_1_771' title='bbox 2421 5142 2718 5198; x_wconf 88' lang='lat' dir='ltr'><strong>buccinare</strong></span> <span class='ocrx_word' id='word_1_772' title='bbox 2745 5141 2865 5205; x_wconf 88' lang='lat' dir='ltr'><strong>hic,</strong></span> <span class='ocrx_word' id='word_1_773' title='bbox 2891 5142 3130 5196; x_wconf 88' lang='lat' dir='ltr'><strong>clamare</strong></span> <span class='ocrx_word' id='word_1_774' title='bbox 3160 5146 3214 5195; x_wconf 91' lang='lat' dir='ltr'>et</span> <span class='ocrx_word' id='word_1_775' title='bbox 3242 5137 3496 5194; x_wconf 89' lang='lat' dir='ltr'><strong>omnibus</strong></span> <span class='ocrx_word' id='word_1_776' title='bbox 3517 5151 3611 5190; x_wconf 86' lang='lat' dir='ltr'><strong>an-</strong></span> 
     </span>
    </p>
   </div>
   <div class='ocr_carea' id='block_1_102' title="bbox 365 5227 1920 5308">
    <p class='ocr_par' dir='ltr' id='par_1_102' title="bbox 365 5229 1920 5308">
     <span class='ocr_line' id='line_1_102' title="bbox 365 5229 1920 5308; baseline 0.001 -22"><span class='ocrx_word' id='word_1_777' title='bbox 365 5231 478 5304; x_wconf 81' lang='grc' dir='ltr'>τήν.</span> <span class='ocrx_word' id='word_1_778' title='bbox 504 5229 577 5285; x_wconf 80' lang='grc' dir='ltr'>Τδ</span> <span class='ocrx_word' id='word_1_779' title='bbox 606 5230 665 5284; x_wconf 81' lang='grc' dir='ltr'>δὲ</span> <span class='ocrx_word' id='word_1_780' title='bbox 705 5231 1034 5304; x_wconf 84' lang='grc' dir='ltr'>πρόσταγμα</span> <span class='ocrx_word' id='word_1_781' title='bbox 1079 5233 1238 5288; x_wconf 89' lang='grc' dir='ltr'>τοῦτο</span> <span class='ocrx_word' id='word_1_782' title='bbox 1276 5233 1416 5288; x_wconf 75' lang='grc' dir='ltr'>κατὰ</span> <span class='ocrx_word' id='word_1_783' title='bbox 1470 5235 1651 5308; x_wconf 88' lang='grc' dir='ltr'>κρίσιν</span> <span class='ocrx_word' id='word_1_784' title='bbox 1693 5235 1920 5304; x_wconf 52' lang='grc' dir='ltr'>ἐγένετο,</span> 
     </span>
    </p>
   </div>
   <div class='ocr_carea' id='block_1_103' title="bbox 2019 5227 3608 5308">
    <p class='ocr_par' dir='ltr' id='par_1_103' title="bbox 2036 5227 3608 5305">
     <span class='ocr_line' id='line_1_103' title="bbox 2036 5227 3608 5305; baseline -0.007 -14"><span class='ocrx_word' id='word_1_785' title='bbox 2036 5233 2313 5299; x_wconf 88' lang='lat' dir='ltr'><strong>nuntiare,</strong></span> <span class='ocrx_word' id='word_1_786' title='bbox 2338 5233 2629 5305; x_wconf 81' lang='lat' dir='ltr'><strong>signiﬁcet,</strong></span> <span class='ocrx_word' id='word_1_787' title='bbox 2653 5232 2813 5288; x_wconf 86' lang='lat' dir='ltr'><strong>docet</strong></span> <span class='ocrx_word' id='word_1_788' title='bbox 2837 5232 3094 5288; x_wconf 82' lang='lat' dir='ltr'><strong>Servator</strong></span> <span class='ocrx_word' id='word_1_789' title='bbox 3113 5231 3200 5286; x_wconf 88' lang='lat' dir='ltr'>his</span> <span class='ocrx_word' id='word_1_790' title='bbox 3228 5228 3446 5285; x_wconf 82' lang='lat' dir='ltr'><strong>verbis:</strong></span> <span class='ocrx_word' id='word_1_791' title='bbox 3475 5227 3608 5282; x_wconf 87' lang='lat' dir='ltr'><strong>Cum</strong></span> 
     </span>
    </p>
   </div>
   <div class='ocr_carea' id='block_1_104' title="bbox 367 5320 1920 5399">
    <p class='ocr_par' dir='ltr' id='par_1_104' title="bbox 367 5323 1920 5399">
     <span class='ocr_line' id='line_1_104' title="bbox 367 5323 1920 5399; baseline 0.001 -20"><span class='ocrx_word' id='word_1_792' title='bbox 367 5325 454 5380; x_wconf 70' lang='grc' dir='ltr'>καὶ</span> <span class='ocrx_word' id='word_1_793' title='bbox 481 5323 620 5378; x_wconf 81' lang='grc' dir='ltr'>κατὰ</span> <span class='ocrx_word' id='word_1_794' title='bbox 651 5325 896 5397; x_wconf 80' lang='grc' dir='ltr'>βούλημα</span> <span class='ocrx_word' id='word_1_795' title='bbox 916 5326 1010 5379; x_wconf 77' lang='grc' dir='ltr'>καὶ</span> <span class='ocrx_word' id='word_1_796' title='bbox 1037 5329 1210 5399; x_wconf 85' lang='grc' dir='ltr'>κρῖμα</span> <span class='ocrx_word' id='word_1_797' title='bbox 1238 5327 1332 5381; x_wconf 89' lang='grc' dir='ltr'>τοῦ</span> <span class='ocrx_word' id='word_1_798' title='bbox 1356 5328 1492 5382; x_wconf 86' lang='grc' dir='ltr'>Θεοῦ</span> <span class='ocrx_word' id='word_1_799' title='bbox 1527 5329 1740 5384; x_wconf 83' lang='grc' dir='ltr'>Ἰακώϐ.</span> <span class='ocrx_word' id='word_1_800' title='bbox 1764 5328 1920 5392; x_wconf 77' lang='grc' dir='ltr'>Αὐτὸς</span> 
     </span>
    </p>
   </div>
   <div class='ocr_carea' id='block_1_105' title="bbox 2019 5320 3499 5399">
    <p class='ocr_par' dir='ltr' id='par_1_105' title="bbox 2040 5320 3499 5398">
     <span class='ocr_line' id='line_1_105' title="bbox 2040 5320 3499 5398; baseline -0.004 -18"><span class='ocrx_word' id='word_1_801' title='bbox 2040 5327 2174 5397; x_wconf 76' lang='lat' dir='ltr'><strong>facis</strong></span> <span class='ocrx_word' id='word_1_802' title='bbox 2211 5327 2631 5398; x_wconf 79' lang='lat' dir='ltr'><strong>eleemosynam,</strong></span> <span class='ocrx_word' id='word_1_803' title='bbox 2665 5325 2776 5380; x_wconf 84' lang='lat' dir='ltr'><strong>noli</strong></span> <span class='ocrx_word' id='word_1_804' title='bbox 2813 5324 2940 5379; x_wconf 89' lang='lat' dir='ltr'><strong>tuba</strong></span> <span class='ocrx_word' id='word_1_805' title='bbox 2977 5339 3161 5378; x_wconf 82' lang='lat' dir='ltr'><strong>canere</strong></span> <span class='ocrx_word' id='word_1_806' title='bbox 3192 5329 3314 5376; x_wconf 84' lang='lat' dir='ltr'><strong>ante</strong></span> <span class='ocrx_word' id='word_1_807' title='bbox 3351 5329 3398 5376; x_wconf 80' lang='lat' dir='ltr'>ts</span> <span class='ocrx_word' id='word_1_808' title='bbox 3433 5320 3499 5374; x_wconf 81' lang='grc'>⁸⁸.</span> 
     </span>
    </p>
   </div>
   <div class='ocr_carea' id='block_1_106' title="bbox 367 5414 3608 5495">
    <p class='ocr_par' dir='ltr' id='par_1_106' title="bbox 367 5414 3608 5495">
     <span class='ocr_line' id='line_1_106' title="bbox 367 5414 3608 5495; baseline -0.002 -23"><span class='ocrx_word' id='word_1_809' title='bbox 367 5417 468 5491; x_wconf 82' lang='grc' dir='ltr'>γὰρ</span> <span class='ocrx_word' id='word_1_810' title='bbox 515 5418 592 5490; x_wconf 86' lang='grc' dir='ltr'>τῷ</span> <span class='ocrx_word' id='word_1_811' title='bbox 631 5419 824 5474; x_wconf 82' lang='grc' dir='ltr'>Ἰακὼὸ</span> <span class='ocrx_word' id='word_1_812' title='bbox 865 5421 1053 5490; x_wconf 71' lang='grc' dir='ltr'>ὀφθεὶς</span> <span class='ocrx_word' id='word_1_813' title='bbox 1089 5421 1253 5476; x_wconf 84' lang='grc' dir='ltr'>πάλαι</span> <span class='ocrx_word' id='word_1_814' title='bbox 1285 5422 1418 5486; x_wconf 78' lang='grc' dir='ltr'>Θεὸς</span> <span class='ocrx_word' id='word_1_815' title='bbox 1456 5423 1514 5475; x_wconf 85' lang='grc' dir='ltr'>ὲν</span> <span class='ocrx_word' id='word_1_816' title='bbox 1560 5424 1752 5495; x_wconf 78' lang='grc' dir='ltr'>ἀνδρὸς</span> <span class='ocrx_word' id='word_1_817' title='bbox 1790 5422 1920 5476; x_wconf 81' lang='grc' dir='ltr'>εἴδει</span> <span class='ocrx_word' id='word_1_818' title='bbox 1959 5423 2053 5476; x_wconf 70' lang='grc' dir='ltr'>καὶ</span> <span class='ocrx_word' id='word_1_819' title='bbox 2081 5423 2344 5494; x_wconf 85' lang='grc' dir='ltr'>σχήματι,</span> <span class='ocrx_word' id='word_1_820' title='bbox 2368 5414 2522 5484; x_wconf 77' lang='grc' dir='ltr'>οὗτος</span> <span class='ocrx_word' id='word_1_821' title='bbox 2548 5415 2616 5491; x_wconf 84' lang='grc' dir='ltr'>ἦν</span> <span class='ocrx_word' id='word_1_822' title='bbox 2643 5421 2671 5472; x_wconf 90' lang='lat'>6</span> <span class='ocrx_word' id='word_1_823' title='bbox 2699 5419 2870 5474; x_wconf 89' lang='grc' dir='ltr'>ταῦτα</span> <span class='ocrx_word' id='word_1_824' title='bbox 2893 5419 2985 5473; x_wconf 75' lang='grc' dir='ltr'>καὶ</span> <span class='ocrx_word' id='word_1_825' title='bbox 3021 5417 3110 5471; x_wconf 82' lang='grc' dir='ltr'>διὰ</span> <span class='ocrx_word' id='word_1_826' title='bbox 3139 5415 3381 5477; x_wconf 84' lang='grc' dir='ltr'>Μωσέως</span> <span class='ocrx_word' id='word_1_827' title='bbox 3417 5414 3608 5466; x_wconf 76' lang='grc' dir='ltr'>εἰκονι-</span> 
     </span>
    </p>
   </div>
   <div class='ocr_carea' id='block_1_107' title="bbox 369 5505 3611 5588">
    <p class='ocr_par' dir='ltr' id='par_1_107' title="bbox 369 5505 3611 5588">
     <span class='ocr_line' id='line_1_107' title="bbox 369 5505 3611 5588; baseline -0.002 -22"><span class='ocrx_word' id='word_1_828' title='bbox 369 5513 473 5576; x_wconf 86' lang='grc' dir='ltr'>κῶς</span> <span class='ocrx_word' id='word_1_829' title='bbox 512 5514 592 5586; x_wconf 83' lang='grc' dir='ltr'>τῷ</span> <span class='ocrx_word' id='word_1_830' title='bbox 645 5514 758 5586; x_wconf 83' lang='grc' dir='ltr'>λαῷ</span> <span class='ocrx_word' id='word_1_831' title='bbox 813 5515 1074 5588; x_wconf 82' lang='grc' dir='ltr'>πράττειν</span> <span class='ocrx_word' id='word_1_832' title='bbox 1109 5512 1518 5585; x_wconf 84' lang='grc' dir='ltr'>διαταξάμενος.</span> <span class='ocrx_word' id='word_1_833' title='bbox 1561 5517 1682 5572; x_wconf 87' lang='grc' dir='ltr'>’Ὁτι</span> <span class='ocrx_word' id='word_1_834' title='bbox 1726 5516 1782 5569; x_wconf 77' lang='grc' dir='ltr'>δὲ</span> <span class='ocrx_word' id='word_1_835' title='bbox 1829 5515 1892 5568; x_wconf 85' lang='grc' dir='ltr'>τὸ</span> <span class='ocrx_word' id='word_1_836' title='bbox 1931 5513 2210 5578; x_wconf 74' lang='grc' dir='ltr'>σαλπίζειν</span> <span class='ocrx_word' id='word_1_837' title='bbox 2249 5514 2370 5567; x_wconf 79' lang='grc' dir='ltr'>ἀντὶ</span> <span class='ocrx_word' id='word_1_838' title='bbox 2423 5512 2518 5566; x_wconf 87' lang='grc' dir='ltr'>τοῦ</span> <span class='ocrx_word' id='word_1_839' title='bbox 2557 5513 2683 5584; x_wconf 77' lang='grc' dir='ltr'>βοᾷν</span> <span class='ocrx_word' id='word_1_840' title='bbox 2715 5511 2809 5566; x_wconf 74' lang='grc' dir='ltr'>καὶ</span> <span class='ocrx_word' id='word_1_841' title='bbox 2843 5512 2921 5576; x_wconf 82' lang='grc' dir='ltr'>είς</span> <span class='ocrx_word' id='word_1_842' title='bbox 2985 5510 3192 5570; x_wconf 88' lang='grc' dir='ltr'>πάντας</span> <span class='ocrx_word' id='word_1_843' title='bbox 3221 5505 3611 5575; x_wconf 80' lang='grc' dir='ltr'>καταγγέλλειν</span> 
     </span>
    </p>
   </div>
   <div class='ocr_carea' id='block_1_108' title="bbox 368 5599 3386 5678">
    <p class='ocr_par' dir='ltr' id='par_1_108' title="bbox 368 5599 3386 5678">
     <span class='ocr_line' id='line_1_108' title="bbox 368 5599 3386 5678; baseline -0.001 -20"><span class='ocrx_word' id='word_1_844' title='bbox 368 5602 639 5673; x_wconf 78' lang='grc' dir='ltr'>λέλεκται,</span> <span class='ocrx_word' id='word_1_845' title='bbox 673 5606 910 5661; x_wconf 90' lang='grc' dir='ltr'>διδάσκει</span> <span class='ocrx_word' id='word_1_846' title='bbox 959 5608 988 5660; x_wconf 84' lang='grc' dir='ltr'><strong>ὁ</strong></span> <span class='ocrx_word' id='word_1_847' title='bbox 1038 5606 1230 5678; x_wconf 72' lang='grc' dir='ltr'>Σωτὴρ</span> <span class='ocrx_word' id='word_1_848' title='bbox 1271 5605 1442 5675; x_wconf 82' lang='grc' dir='ltr'>λέγων</span> <span class='ocrx_word' id='word_1_849' title='bbox 1465 5625 1478 5637; x_wconf 72' lang='grc'><strong><em>⁸</em></strong></span> <span class='ocrx_word' id='word_1_850' title='bbox 1526 5609 1700 5661; x_wconf 73' lang='lat' dir='ltr'><strong>&quot;Otar</strong></span> <span class='ocrx_word' id='word_1_851' title='bbox 1736 5606 1913 5676; x_wconf 79' lang='grc' dir='ltr'>ποιῇς</span> <span class='ocrx_word' id='word_1_852' title='bbox 1947 5607 2387 5676; x_wconf 80' lang='grc' dir='ltr'>ἐλεημοσύνην,</span> <span class='ocrx_word' id='word_1_853' title='bbox 2418 5604 2505 5676; x_wconf 80' lang='grc' dir='ltr'>μὴ</span> <span class='ocrx_word' id='word_1_854' title='bbox 2544 5606 2854 5672; x_wconf 68' lang='grc' dir='ltr'>σαλπίσῃς</span> <span class='ocrx_word' id='word_1_855' title='bbox 2879 5599 3214 5672; x_wconf 73' lang='grc' dir='ltr'>ἔμπροσθέν</span> <span class='ocrx_word' id='word_1_856' title='bbox 3249 5614 3386 5656; x_wconf 83' lang='grc' dir='ltr'>σου.</span> 
     </span>
    </p>
   </div>
   <div class='ocr_carea' id='block_1_109' title="bbox 2030 4493 3608 4568">
    <p class='ocr_par' dir='ltr' id='par_1_109' title="bbox 2030 4493 3608 4568">
     <span class='ocr_line' id='line_1_109' title="bbox 2030 4493 3608 4568; baseline -0.003 -14"><span class='ocrx_word' id='word_1_857' title='bbox 2030 4498 2218 4554; x_wconf 75' lang='lat' dir='ltr'><strong>tueliat</strong></span> <span class='ocrx_word' id='word_1_858' title='bbox 2236 4537 2252 4562; x_wconf 89' lang='lat'>,</span> <span class='ocrx_word' id='word_1_859' title='bbox 2275 4504 2505 4568; x_wconf 84' lang='lat' dir='ltr'><strong>eratque</strong></span> <span class='ocrx_word' id='word_1_860' title='bbox 2532 4506 2861 4568; x_wconf 69' lang='lat' dir='ltr'><strong>praeceptum</strong></span> <span class='ocrx_word' id='word_1_861' title='bbox 2888 4497 2942 4550; x_wconf 90' lang='lat' dir='ltr'>in</span> <span class='ocrx_word' id='word_1_862' title='bbox 2967 4494 3132 4552; x_wconf 85' lang='lat' dir='ltr'><strong>Israel</strong></span> <span class='ocrx_word' id='word_1_863' title='bbox 3179 4493 3370 4567; x_wconf 75' lang='lat' dir='ltr'><strong>(Vens.</strong></span> <span class='ocrx_word' id='word_1_864' title='bbox 3406 4495 3462 4568; x_wconf 80' lang='lat'>5)</span> <span class='ocrx_word' id='word_1_865' title='bbox 3491 4495 3608 4565; x_wconf 81' lang='lat' dir='ltr'><strong>lege</strong></span> 
     </span>
    </p>
   </div>
   <div class='ocr_carea' id='block_1_110' title="bbox 2029 4585 3608 4661">
    <p class='ocr_par' dir='ltr' id='par_1_110' title="bbox 2029 4585 3608 4661">
     <span class='ocr_line' id='line_1_110' title="bbox 2029 4585 3608 4661; baseline -0.004 -15"><span class='ocrx_word' id='word_1_866' title='bbox 2029 4589 2310 4660; x_wconf 15' lang='lat' dir='ltr'><strong>sancitum,</strong></span> <span class='ocrx_word' id='word_1_867' title='bbox 2334 4589 2482 4661; x_wconf 91' lang='lat' dir='ltr'><strong>quod</strong></span> <span class='ocrx_word' id='word_1_868' title='bbox 2529 4589 2827 4645; x_wconf 86' lang='lat' dir='ltr'><strong>buccinare</strong></span> <span class='ocrx_word' id='word_1_869' title='bbox 2868 4594 3174 4658; x_wconf 81' lang='lat' dir='ltr'><strong>oporteret,</strong></span> <span class='ocrx_word' id='word_1_870' title='bbox 3213 4585 3431 4656; x_wconf 89' lang='lat' dir='ltr'><strong>dieique</strong></span> <span class='ocrx_word' id='word_1_871' title='bbox 3478 4585 3608 4642; x_wconf 81' lang='lat' dir='ltr'><strong>festi</strong></span> 
     </span>
    </p>
   </div>
   <div class='ocr_carea' id='block_1_111' title="bbox 433 5757 1920 5834">
    <p class='ocr_par' dir='ltr' id='par_1_111' title="bbox 433 5757 1884 5834">
     <span class='ocr_line' id='line_1_111' title="bbox 433 5757 1884 5834; baseline 0.001 -17"><span class='ocrx_word' id='word_1_872' title='bbox 433 5763 480 5794; x_wconf 84' lang='lat'>“</span> <span class='ocrx_word' id='word_1_873' title='bbox 518 5762 702 5820; x_wconf 71' lang='lat' dir='ltr'><strong>Matth.</strong></span> <span class='ocrx_word' id='word_1_874' title='bbox 741 5781 770 5818; x_wconf 75' lang='grc' dir='ltr'><strong>ι</strong></span> <span class='ocrx_word' id='word_1_875' title='bbox 795 5805 808 5830; x_wconf 90' lang='grc'>,</span> <span class='ocrx_word' id='word_1_876' title='bbox 842 5765 933 5821; x_wconf 73' lang='grc'>27.</span> <span class='ocrx_word' id='word_1_877' title='bbox 1010 5767 1054 5798; x_wconf 82' lang='grc'>’⁷</span> <span class='ocrx_word' id='word_1_878' title='bbox 1093 5757 1469 5834; x_wconf 51' lang='grc' dir='ltr'>ιδογῖιζχχιιι,</span> <span class='ocrx_word' id='word_1_879' title='bbox 1506 5767 1594 5823; x_wconf 69' lang='lat' dir='ltr'><strong>2i.</strong></span> <span class='ocrx_word' id='word_1_880' title='bbox 1673 5768 1717 5800; x_wconf 76' lang='grc'>⁸⁸</span> <span class='ocrx_word' id='word_1_881' title='bbox 1757 5765 1884 5822; x_wconf 86' lang='lat' dir='ltr'><strong>ch.</strong></span> 
     </span>
    </p>
   </div>
   <div class='ocr_carea' id='block_1_112' title="bbox 2019 5757 2737 5834">
    <p class='ocr_par' dir='ltr' id='par_1_112' title="bbox 2019 5763 2737 5829">
     <span class='ocr_line' id='line_1_112' title="bbox 2019 5763 2737 5829; baseline -0.007 -8"><span class='ocrx_word' id='word_1_882' title='bbox 2019 5781 2086 5829; x_wconf 88' lang='grc' dir='ltr'>ιι,</span> <span class='ocrx_word' id='word_1_883' title='bbox 2129 5766 2176 5822; x_wconf 91' lang='lat'><strong>7.</strong></span> <span class='ocrx_word' id='word_1_884' title='bbox 2253 5767 2296 5799; x_wconf 78' lang='lat'>”</span> <span class='ocrx_word' id='word_1_885' title='bbox 2338 5764 2527 5820; x_wconf 81' lang='lat' dir='ltr'><strong>Matlh.</strong></span> <span class='ocrx_word' id='word_1_886' title='bbox 2567 5781 2650 5828; x_wconf 78' lang='grc' dir='ltr'>γι,</span> <span class='ocrx_word' id='word_1_887' title='bbox 2683 5763 2737 5816; x_wconf 71' lang='lat'><strong>9..</strong></span> 
     </span>
    </p>
   </div>
  </div>
