4078 6934
553 367 660 423 975

1273 361 1358 416 El}-
1369 360 1537 416 Sllllll
1579 359 1688 415 (1Ᾰί
1697 357 1944 414 ΒᾹΒΙΕΝ
1952 356 2055 411 SlS
2095 354 2151 410 Oi

2291 355 2472 412 PARS
2513 355 2599 412 ΙΙΙ.
2641 388 2708 398 —-
2749 352 3162 410 EXEGETICA.

3761 354 3898 408 976

629 481 793 537 Vens.
831 482 885 537 6.
945 480 1320 534 Testimonium
1377 479 1432 530 in
1484 475 1678 545 Ioseph
1725 476 1899 546 posuit
1953 473 2129 536 illud,

2308 474 2643 541 Μαρτύριον
2679 472 2750 523 ὲν
2794 469 2875 535 τῷ
2930 468 3144 538 Ἰωσὴφ
3196 468 3362 522 ἔθετο
3416 467 3595 530 αὐτὸ,
3630 468 3742 520 ἐν
3807 468 3900 531 τῷ

559 592 675 628 cum
717 575 880 627 exiret
934 572 996 625 de
1047 582 1186 624 terra
1237 569 1489 639 igypti,
1545 569 1778 638 linguam
1821 582 1981 636 quam
2029 580 2131 618 non

560 676 773 721 noverat
816 665 1037 718 audivit.
1076 661 1439 718 Mcmoratum
1475 660 1544 716 de
1573 659 1726 714 tubis
1758 663 2090 728 praeceptum
2115 693 2132 718 ,

562 758 974 820 testimonium,
1037 754 1258 824 inquit,
1309 753 1496 824 posuit
1541 752 1597 807 in
1646 749 1870 821 Joseph.
1927 747 2136 804 Secun-

562 850 690 903 dum
728 846 1115 919 Symmachum
1143 860 1304 900 vero:
1347 845 1795 913 Testiﬁcationem
1822 857 1914 911 per
1940 840 2136 910 Ioseph

564 942 738 1009 posuit
785 938 964 993 illud:
1008 938 1389 994 testimonium
1432 951 1566 992 vero
1607 935 1766 1007 quasi
1806 933 2138 990 testiﬁcatus

563 1031 766 1085 dabat:
798 1037 1027 1098 eratque
1055 1028 1188 1082 illud
1239 1028 1458 1098 signum
1502 1027 1730 1082 alterius
1771 1025 1871 1080 rei.
1909 1024 2138 1095 Aliquas

562 1125 706 1178 enim
760 1122 921 1178 tubas
973 1121 1392 1183 subindicabat,
1448 1134 1680 1190 quarum
1728 1119 1961 1174 ollicium
2011 1133 2136 1173 cum

563 1214 794 1286 apostoli
854 1212 1163 1268 Servatoris
1218 1212 1429 1276 nostri,
1482 1219 1597 1264 tum
1643 1211 1940 1280 evangelici
1987 1210 2139 1264 verbi

562 1319 843 1377 praecones
891 1305 1090 1375 partim
1141 1303 1468 1372 explebant.
1521 1317 1621 1372 per
1671 1315 1888 1356 omnem
1935 1307 2140 1356 terram

562 1399 920 1468 clangentes,
980 1395 1348 1465 omnibusque
1404 1394 1663 1465 gentibus
1724 1393 1984 1449 salutaris
2045 1391 2140 1446 Dei

565 1488 833 1544 adventus
894 1488 1096 1544 festum
1155 1486 1542 1558 praedicantes.
1606 1486 1952 1540 Arcanorum
2011 1497 2142 1538 vero

563 1581 1097 1636 consummationem
1147 1593 1244 1648 per
1293 1578 1520 1648 angelos
1571 1576 1810 1631 futuram
1854 1576 2016 1630 docet
2049 1575 2142 1646 qui

565 1671 681 1725 ait:
716 1669 864 1724 Tuba
897 1679 1049 1723 canet
1079 1671 1254 1733 enim,
1296 1678 1346 1722 et
1385 1669 1582 1722 mortui
1619 1670 1674 1721 in
1714 1668 1925 1723 Christo
1965 1684 2143 1722 resur-

562 1769 684 1833 gent
735 1761 894 1830 primi
937 1761 982 1791 '°
1020 1776 1034 1825 ;
1091 1776 1156 1814 ac
1201 1775 1420 1814 rursum
1452 1778 1465 1813 :
1497 1759 1566 1813 In
1607 1769 1903 1823 momento,
1940 1760 1993 1812 in
2034 1761 2141 1812 ictu

2233 565 2504 629 ἐξελθεῖν
2539 567 2729 618 αὐτὸν
2758 564 2828 616 ἐκ
2867 561 2980 632 τῆς
3020 560 3364 628 Αἰγύπτου,
3414 556 3758 627 γλῶσσαν
3805 557 3898 624 ἢν

2234 660 2344 711 οὐκ
2375 660 2527 727 ἔγνω
2574 657 2823 724 ἢκουσε.
2862 655 2936 708 Τὸ
2969 651 3266 725 προλεχθὲν
3315 650 3446 722 περὶ
3501 649 3898 716 σαλπξγγων

2236 749 2566 820 πρόσταγμα
2605 747 2925 820 μαρτύριον,
2966 745 3153 816 φησὶν,
3183 743 3336 796 ἔθετο
3377 743 3436 794 ἐν
3477 740 3562 812 τῷ
3605 744 3892 812 Ἴως-ἦς’

2237 845 2378 898 κατὰ
2406 845 2462 896 δὲ
2482 844 2575 896 τὸν
2591 845 2886 914 Σύμμαχον
2906 885 2921 908 ,
2962 841 3310 910 Μαρτυρίαν
3338 837 3435 891 διὰ
3461 837 3575 891 τοῦ
3611 838 3890 906 Tasci};

2239 937 2455 1002 ἔταξεν
2479 940 2656 992 αὑτόο
2690 938 2752 990 τὸ
2783 937 2839 989 δὲ
2875 933 3174 1006 μαρτύριον
3217 931 3406 1002 ὥσπερ
3450 931 3886 1001 διαμαρτυρι-

2242 1047 2406 1101 μενος
2445 1030 2638 1084 ἐδίδου”
2669 1030 2764 1083 καὶ
2801 1025 2869 1101 ἦν
2899 1027 3059 1081 τοῦτο
3089 1029 3314 1098 σημεῖον
3334 1025 3519 1096 ἐτέρου
3567 1026 3886 1096 πρᾶγμα-

2239 1139 2364 1186 τος·
2410 1122 2661 1192 ᾐνίττετο
2694 1122 2802 1192 γὰρ
2854 1121 2987 1192 περί
3030 1137 3191 1174 τινων
3248 1116 3608 1185 σαλπίγγων,
3652 1108 3758 1168 ὧν
3813 1117 3888 1168 ἐκ

2244 1215 2445 1286 μέρους
2481 1215 2578 1284 μὲν
2604 1216 2652 1267 οί
2690 1214 2981 1268 ἀπόστολοι
3021 1212 3114 1265 τοῦ
3157 1211 3411 1281 Σωτῆρος
3438 1208 3630 1278 ἡμῶν,
3664 1207 3800 1262 καὶ
3831 1208 3886 1261 οἳ

2240 1305 2333 1360 τοῦ
2362 1305 2720 1375 εὐαγγελικοῦ
2744 1307 2903 1375 λόγου
2925 1307 3165 1377 κήρυκες
3189 1302 3540 1373 ἀπεπλήρουν
3573 1300 3652 1353 τὰ
3687 1300 3886 1371 ἔργα,

2241 1401 2322 1462 είς
2373 1401 2555 1453 πᾶσαν
2586 1397 2685 1470 τὴν
2733 1397 2838 1469 γῆν
2892 1397 3263 1462 σαλπίζοντες,
3300 1395 3396 1448 καὶ
3434 1395 3609 1447 πᾶσιν
3667 1393 3887 1446 ἔθνεσι

2242 1489 2603 1561 κηρύττοντες
2651 1489 2750 1562 τὴν
2788 1490 2887 1560 τῆς
2940 1488 3210 1558 σωτηρίου
3252 1486 3577 1555 θεοφανείας
3622 1485 3882 1555 ἑορτήν.

2245 1579 2326 1631 Τὰ
2353 1579 2407 1633 δὲ
2435 1578 2854 1650 ἀποτελέσματα
2877 1577 2988 1630 τῶν
3011 1575 3468 1649 ἀπορῤητοτέρων
3491 1575 3559 1627 δι’
3587 1574 3884 1642 ἀγγέλων

2246 1674 2464 1728 ἔσεσθαι
2498 1672 2741 1726 διδάσκει
2791 1673 2820 1724 ό
2871 1669 3084 1724 εἰπών’
3131 1670 3426 1723 Σαλπίσει
3457 1666 3595 1737 γὰρ.
3651 1667 3776 1722 καὶ
3821 1669 3887 1720 εἰ

2244 1767 2442 1836 νεκροὶ
2454 1766 2525 1819 ἐν
2541 1761 2770 1834 Χριστῷ
2785 1761 3212 1834 ἐγερθήσονται
3245 1760 3462 1829 πρῶτοι
3482 1777 3496 1790 ·
3515 1759 3621 1812 καὶ
3639 1758 3838 1811 πάλιν
3860 1775 3878 1786 ο

565 1827 743 1913 oculi,
769 1853 822 1905 in
852 1851 1138 1905 novissima
1173 1850 1300 1903 tuba
1323 1851 1365 1882 ’ί
1397 1866 1412 1915 ;
1450 1849 1789 1920 iterumque:
1811 1848 1932 1917 Ipse
1960 1847 2144 1902 Domi-

2257 1827 2363 1911 ‘Es:
2385 1827 2604 1927 deripis);
2632 1827 2861 1923 ἐνριπῇ
2878 1827 3212 1922 οφθαλμοῦ,
3234 1827 3304 1905 ἐί-
3327 1849 3401 1918 τῇ
3424 1849 3669 1919 ἐσχάτῃ
3701 1848 3884 1903 σάλ-

565 1962 663 2000 nus
694 1946 748 1998 in
777 1945 935 2014 jussu
964 1952 1015 1998 et
1048 1944 1104 1996 in
1134 1959 1254 1997 voce
1294 1941 1636 2013 archangeli,
1682 1950 1732 1995 et
1781 1942 1838 1995 in
1878 1941 2004 1995 tuba
2047 1940 2144 1996 Dei

2252 1965 2404 2020 πιγγιι
2427 1967 2440 1979 ·
2461 1950 2555 2002 καὶ
2572 1947 2732 2001 πάλιν
2751 1964 2765 1977 ο
2782 1945 2976 2011 Αὐτὸς
2995 1948 3028 1999 ό
3041 1946 3256 2012 Κύριος
3271 1941 3341 1996 ἐν
3355 1944 3742 2011 κελεύσματι
3767 1939 3880 1995 καί

568 2035 848 2096 descendet
880 2038 948 2090 ".
999 2034 1096 2090 His
1139 2049 1305 2106 porro
1354 2033 1616 2089 Servator
1662 2033 1968 2102 discipulos
2015 2048 2146 2088 suos

2252 2043 2316 2095 ἐν
2332 2040 2503 2110 φωνῇ
2518 2038 2897 2109 ἀρχαγγέλου
2914 2038 3013 2092 καί
3026 2037 3095 2090 ὲν
3109 2035 3398 2106 σάλπιγγι
3416 2036 3564 2090 Θεοῦ
3582 2036 3848 2100 καταὸή
3865 2065 3882 2074 -

570 2127 1028 2197 initiabatdiceps
1049 2148 1062 2182 :
1087 2126 1154 2180 Et
1179 2126 1430 2181 videbunt
1459 2125 1663 2180 Filium
1690 2125 1917 2180 hominis
1945 2126 2149 2180 venien-

2252 2150 2438 2188 σεται.
2464 2130 2651 2184 Ταῦτα
2667 2129 2723 2182 δὲ
2747 2129 2842 2182 καὶ
2864 2133 2892 2181 ὁ
2919 2127 3111 2199 Σωτὴρ
3131 2124 3510 2198 ἐμυσταγὼγει
3526 2125 3664 2188 τοὺς
3680 2126 3882 2180 αὐτοῦ

568 2231 672 2276 tem
702 2223 756 2275 in
793 2220 1018 2275 nubibus
1055 2221 1171 2274 costi
1203 2237 1319 2273 cum
1355 2226 1612 2288 potestate
1639 2227 1688 2272 et
1720 2217 2000 2288 majestate
2027 2235 2148 2272 nta-

2252 2223 2518 2298 μαθητὰς,
2563 2222 2737 2291 λέγων
2760 2237 2774 2251 ·
2821 2220 2932 2274 Καὶ
2973 2221 3224 2289 ὄψονται
3253 2218 3361 2272 τὸν
3417 2218 3558 2272 Υιὸν
3582 2217 3707 2272 τοῦ
3754 2219 3878 2272 ἀι·-

567 2331 692 2386 gna.
743 2312 812 2368 Et
854 2315 1023 2369 mittet
1070 2313 1283 2384 angelos
1333 2329 1459 2367 suos
1511 2329 1628 2365 cum
1665 2311 1792 2365 tuba
1826 2328 2057 2382 magna,
2099 2320 2149 2366 et

2252 2313 2482 2382 θρώπου
2509 2312 2838 2381 ἐρχόμενον
2861 2310 2961 2364 ἐπὶ
2988 2308 3106 2362 τῶν
3132 2307 3406 2379 νεφελῶν
3430 2307 3536 2361 τοῦ
3567 2308 3874 2376 οὐρανοῦ

569 2406 956 2477 congregabunt
986 2404 1178 2459 electos
1208 2404 1322 2474 ejus
1350 2419 1416 2458 ea:
1444 2412 1675 2474 quatuor
1707 2403 1904 2466 ventis,
1938 2419 1971 2456 a
2006 2419 2151 2456 sum-

573 2499 674 2552 mis
719 2499 970 2552 calorum
1013 2514 1176 2568 usque
1226 2497 1294 2550 ad
1341 2507 1633 2551 extremum
1680 2511 1862 2549 eorum
1911 2494 1980 2547 ”.
2043 2493 2152 2551 Sed

579 2597 922 2646 mortuorum
966 2589 1186 2660 quidem
1237 2588 1604 2652 resurrectio,
1665 2603 1762 2658 per
1807 2587 2153 2658 evangelicas

575 2682 738 2737 tubas
771 2683 1166 2738 annuntiantes
1212 2681 1505 2736 adventum
1537 2679 1692 2752 regni
1723 2678 1846 2734 Filii
1898 2679 2014 2746 Dei,
2047 2679 2155 2734 elli—

576 2772 753 2828 cietur
781 2791 796 2826 :
833 2772 1065 2842 apostoli
1094 2780 1276 2827 autem
1303 2771 1416 2840 jam
1450 2773 1506 2826 in
1536 2771 1716 2842 primo
1748 2770 1987 2827 adventu
2031 2771 2154 2840 ejus

574 2865 756 2929 tubis,
787 2864 1003 2936 magnis
1047 2865 1260 2920 scilicet
1308 2863 1546 2935 Spiritus
1593 2864 1769 2920 sancti
1812 2863 2157 2920 vociferatio-

575 2958 740 3013 nibus
771 2965 991 3013 utentes
1017 2997 1034 3022 .
1082 2964 1354 3028 quotquot
1398 2957 1527 3012 olim
1569 2956 1871 3013 secundum
1914 2957 2154 3012 animam

587 3048 784 3102 mortui
817 3057 1007 3112 erant,
1041 3047 1108 3102 ad
1133 3049 1297 3103 vitam
1320 3064 1441 3119 qua-
1471 3047 1526 3102 in
1556 3047 1666 3104 Deo
1686 3056 1770 3104 est
1799 3054 2153 3103 revocarunt.

2245 2405 2396 2476 μετὰ
2417 2403 2726 2472 δυνάμεως
2762 2402 2860 2455 καὶ
2888 2400 3074 2466 δόξης
3095 2398 3358 2468 πολλῆς.
3379 2400 3486 2454 Kal
3509 2399 3882 2453 ἀποστελεῖ

2249 2495 2392 2562 τοὺς
2428 2493 2725 2563 ἀγγέλους
2763 2492 2950 2546 αὐτοῦ
2980 2491 3131 2562 μετὰ
3170 2490 3508 2560 σάλπιγγος
3540 2491 3872 2560 μεγάλης,

2251 2588 2350 2642 καὶ
2388 2583 2831 2650 ἐπισυνάξουσι
2865 2583 3009 2650 τσὺς
3039 2583 3367 2650 ἐκλεκτοὺς
3392 2583 3580 2639 αὐτοῦ
3613 2583 3692 2636 ἐκ
3729 2583 3874 2636 τῶν

2251 2678 2566 2746 τεσσάρων
2589 2676 2844 2747 ἀνέμων,
2865 2677 2967 2730 ἀπ’
2993 2676 3193 2745 ἄκρων·
3216 2675 3491 2746 οὐρανῶν
3513 2676 3628 2743 ἕως
3651 2677 3874 2746 ἀκρον

2251 2769 2470 2824 αὐτῶν.
2514 2768 2653 2821 Ἀλλ’
2695 2770 2729 2839 ἡ
2783 2768 2882 2839 μὲν
2933 2768 3043 2822 τῶν
3087 2769 3298 2841 νεκρῶν
3338 2768 3640 2831 ἀνάστασις
3692 2769 3866 2823 ἔσται

2253 2864 2384 2918 ποτὲ
2423 2862 2512 2917 διὰ
2552 2861 2870 2931 σαλπίγγων
2914 2860 3290 2930 εὐαγγελικιῖω
3337 2858 3866 2931 εὐαγγελιζομένων

2253 2957 2352 3028 τὴν
2381 2955 2566 3026 ἄφιξιν
2601 2955 2700 3027 τῆς
2733 2953 3013 3025 βασιλείας
3049 2953 3144 3006 τοῦ
3173 2951 3306 3006 Υἱοῦ
3335 2951 3431 3006 τοῦ
3463 2952 3634 3006 Θεοῦ·
3668 2953 3770 3007 καὶ
3803 2955 3862 3006 at

2255 3047 2545 3104 ἀπόστολοι
2577 3047 2634 3100 δὲ
2665 3046 2916 3101 ἐντεῦθεν
2959 3045 3057 3118 ῆδη
3102 3045 3244 3099 κατὰ
3282 3044 3380 3116 τὴν
3419 3043 3642 3116 πρώτην
3674 3045 3862 3098 αὐτοῦ

575 3136 818 3204 Quorum
853 3138 1100 3209 symbols
1133 3137 1356 3193 tradens
1383 3137 1616 3210 Moyses,
1648 3137 1927 3194 Tubarum
1954 3137 2151 3200 festum

2259 3138 2563 3210 παρουσίαν
2591 3134 2845 3207 σάλπιγξι
2879 3135 3174 3208 χρώμενοι,
3200 3137 3320 3200 ταῖς
3350 3135 3446 3188 τοῦ
3471 3137 3626 3204 ἁγίου
3674 3136 3860 3190 Πνεύο

578 3229 694 3299 lege
733 3229 988 3284 sancivit.
1020 3229 1365 3300 QuaprOpter
1395 3228 1598 3284 dicitur
1629 3249 1642 3284 :
1681 3228 2064 3285 Testimonium
2095 3230 2151 3284 in

2259 3248 2429 3304 ματος
2477 3230 2909 3302 μεγαλοφωνίαις
2948 3230 3158 3294 πάντας
3189 3229 3547 3285 ἀνεκαλοῦντο
3579 3231 3710 3292 τοὺς
3737 3230 3854 3300 ψυ-

575 3319 767 3390 Joseph
788 3322 963 3390 posuit
986 3319 1144 3378 illud.
1168 3319 1457 3388 Quodnam
1483 3321 1618 3375 illud
1643 3333 1973 3394 praeceptum
1999 3321 2155 3378 erat?

577 3413 646 3470 de
675 3413 824 3469 tubis
853 3411 1108 3468 scilicet:
1145 3413 1215 3466 ab
1257 3427 1367 3467 una
1398 3421 1582 3468 autem
1622 3414 1769 3469 tribu
1816 3412 2027 3485 Josepb
2069 3423 2155 3470 to-

579 3513 689 3559 tam
721 3511 939 3576 gentem
968 3504 1252 3559 indicavit.
1282 3504 1396 3558 Cur
1421 3512 1601 3561 autem
1629 3505 1684 3560 in
1713 3507 1799 3560 his
1830 3515 2000 3561 totam
2026 3522 2157 3578 gen-

579 3605 686 3652 tem
709 3593 913 3665 Joseph
944 3595 1197 3650 vocavit?
1220 3595 1359 3661 Quia
1381 3594 1607 3668 Josephi
1639 3598 1932 3653 occasione
1961 3613 2156 3654 omnes

581 3690 634 3743 in
663 3687 957 3760 Egyptum
984 3687 1411 3743 descenderunt.
1445 3688 1811 3756 Quandonam
1841 3705 1974 3746 vero
2007 3691 2159 3745 testi-

583 3781 824 3835 monium
846 3820 861 3846 ,
904 3781 1156 3836 videlicet
1201 3780 1455 3836 tubarum
1491 3782 1666 3852 legem
1696 3782 1898 3853 populo
1929 3783 2156 3854 posuit,

581 3873 686 3929 isi
737 3888 848 3945 quo
893 3881 1139 3944 tempore
1176 3874 1366 3930 eduxit
1408 3889 1533 3930 eum
1574 3875 1642 3930 de
1692 3882 1836 3929 terra
1889 3874 2154 3947 Egypti,

582 3966 803 4037 quando
836 3967 1075 4038 linguam
1110 3981 1272 4037 quam
1318 3981 1428 4020 non
1458 3973 1688 4022 noverat
1730 3965 1982 4022 audivit?
2019 3968 2156 4023 Cum

580 4060 726 4114 enim
756 4059 808 4113 in
831 4058 1053 4114 deserto
1075 4067 1449 4123 versarentur,
1476 4073 1609 4114 voce
1637 4057 1731 4114 Dei
1758 4058 1966 4130 dignati
1991 4068 2121 4116 sunt
2138 4099 2154 4124 ,

582 4151 1014 4224 quiDecalogum
1046 4153 1287 4222 ipsorum
1317 4151 1541 4207 auribus
1570 4159 1856 4222 exceptum
1877 4193 1892 4215 ,
1928 4167 2157 4208 servan-

581 4242 712 4297 dum
747 4241 992 4297 tradidit.
1026 4240 1296 4311 Tempore
1336 4249 1519 4297 autem
1569 4242 1663 4296 illo
1709 4241 1780 4297 ab
1831 4240 2157 4314 Egyptiaca

584 4337 850 4391 servitute
894 4345 947 4391 et
993 4325 1303 4390 calamitate
1341 4334 1559 4389 liberati
1603 4343 1753 4390 sunt.
1786 4335 2157 4402 Quamobrem

581 4427 789 4482 dictum
820 4435 935 4482 est:
959 4454 1025 4465 —-
1044 4424 1232 4497 (Vens.
1250 4425 1648 4496 7.)Divertitab
1675 4427 1916 4482 oneribus
1941 4428 2157 4483 dorsum

2251 3325 2352 3394 χὰς
2403 3323 2842 3396 νενεκρωμένους
2882 3323 2976 3376 ἐπὶ
3029 3322 3129 3395 τὴν
3175 3323 3233 3377 ἐν
3273 3321 3394 3394 Θεῷ
3431 3323 3606 3394 ζωῆνο
3639 3317 3719 3376 ὧν
3773 3324 3857 3376 τὰ

2254 3414 2502 3487 σύμϐολα
2543 3415 2752 3486 Μωσῆς
2785 3413 3148 3486 παραδιδοὺς,
3200 3413 3301 3484 τὴν
3349 3413 3478 3485 περῖ⁹
3524 3413 3854 3482 σαλπίγγων

2253 3508 2560 3579 ἐνομοθέτει
2591 3509 2807 3579 ἑορτήν.
2840 3506 2932 3560 Διὸ
2963 3505 3248 3559 λέλεκται·
3287 3505 3626 3574 Μαρτύριον
3661 3505 3733 3557 ἐν
3756 3504 3848 3570 τῷ

2269 3601 2483 3672 Ἰωσὴφ
2509 3602 2675 3655 ἔθετο
2705 3601 2875 3677 ρὺτό.
2903 3598 2968 3652 Τί
2993 3598 3051 3652 δὲ
3093 3598 3226 3652 αὐτὸ
3267 3593 3336 3669 ἦν
3381 3599 3442 3652 τὸ
3476 3600 3801 3670 πρόσταγμα
3821 3615 3844 3661 ;

2254 3694 2316 3747 τὸ
2347 3692 2612 3765 περὶτῶν
2640 3692 2956 3761 σαλπίγγων
2977 3708 3000 3737 ³.
3023 3691 3132 3744 ἀπὸ
3161 3692 3291 3762 μιᾶς
3323 3690 3381 3744 δὲ
3413 3690 3585 3762 φυλῆς
3619 3690 3719 3760 τῆς
3739 3689 3838 3742 τοῦ

2269 3788 2464 3860 Ἰωσὴφ
2495 3787 2559 3841 τδ
2587 3789 2695 3840 πᾶν
2731 3787 2922 3857 ἐδήλου
2946 3784 3114 3848 ἔθνος.
3151 3783 3255 3838 Διὰ
3275 3782 3330 3837 τί
3361 3784 3418 3838 δὲ
3446 3785 3504 3838 ἐν
3530 3783 3737 3847 τούτοις
3767 3784 3844 3835 τὺ

2257 3884 2366 3936 πᾶν
2389 3881 2542 3946 ἔθνος
2583 3879 2780 3952 Ἰωσὴφ
2815 3880 3138 3952 ιῐ›νόμασεν;
3198 3877 3523 3950 Ἐπειδήπερ
3565 3878 3836 3949 προφάσει

2255 3973 2350 4028 τοῦ
2391 3973 2588 4045 Ἰωσὴφ
2626 3973 2677 4026 οί
2699 3973 2900 4036 πάντες
2938 3970 3396 4042 κατεληλύθεισαν
3428 3973 3507 4034 εἰς
3540 3969 3830 4040 Αἴγυπτον.

2257 4066 2396 4119 Πότε
2424 4064 2480 4117 δὲ
2515 4063 2817 4136 μαρτύριον
2844 4062 2936 4116 τὸν
2977 4062 3106 4134 περὶ
3151 4059 3467 4130 σαλπίγγων
3497 4061 3656 4132 νόμον
3681 4060 3834 4113 ἔθετο

2255 4157 2334 4228 τῷ
2361 4155 2496 4227 λαῷ,
2524 4156 2558 4226 ἦ
2588 4155 2708 4210 κατ’
2735 4155 2942 4208 ἐκεῖνον
2975 4154 3066 4207 τὸν
3090 4154 3302 4226 χρόνον,
3338 4153 3460 4207 καθ’
3481 4153 3540 4206 δν
3570 4153 3826 4223 ἐξήγαγεν

2257 4248 2454 4311 αὐτοὺς
2495 4249 2559 4300 ἐκ
2597 4246 2701 4317 γῆς
2726 4245 3028 4314 Αἰγύπτου,
3062 4245 3298 4317 ὁπηνίκα
3324 4244 3575 4313 γλῶσσαν
3621 4244 3682 4314 ἢν
3728 4242 3824 4295 οὐκ

2258 4341 2398 4409 ἔγνω
2425 4339 2700 4410 ῆκουσεν;
2735 4339 2857 4390 Ἐπὶ
2900 4337 3002 4408 τῆς
3033 4337 3242 4409 ἐρήμου
3288 4336 3398 4408 γὰρ
3436 4335 3819 4407 διατρίϐοντες,

2260 4433 2444 4502 φωνῆς
2494 4431 2631 4484 Θεοῦ
2676 4429 3090 4501 κατηξιώθησαν
3109 4470 3125 4495 ,
3171 4429 3270 4502 τὴν
3314 4428 3614 4498 Δεκάλογον
3653 4429 3820 4490 αὐτοῖς

579 4520 727 4590 ejus,
759 4537 948 4574 manus
982 4519 1096 4589 ejus
1135 4519 1189 4571 in
1222 4517 1444 4588 cophino
1483 4519 1816 4585 servierunt;
1853 4520 2151 4575 secundum

2261 4521 2585 4588 ἐξάκουστον
2610 4519 3048 4590 διαταττομένου,
3079 4519 3214 4572 Κατ’
3238 4519 3415 4572 ἐκεῖνο
3441 4517 3498 4571 δὲ
3524 4517 3705 4589 καιροῦ
3733 4518 3820 4569 καὶ

586 4611 978 4684 Symmachum
1009 4626 1178 4666 vero:
1212 4609 1563 4664 Abstulerunt
1596 4610 1661 4664 ab
1689 4627 1846 4666 onere
1881 4611 2157 4666 humerum

581 4704 699 4774 ejus
721 4717 740 4756 :
763 4719 950 4756 manus
978 4701 1092 4765 eius
1123 4718 1154 4753 a
1183 4700 1402 4770 cophino
1429 4699 1664 4755 liberata:
1692 4710 1836 4756 sunt.
1867 4699 2002 4756 Nam
2031 4716 2157 4756 cum

584 4793 860 4850 Pharaoni
901 4793 1170 4848 servirent
1191 4833 1206 4856 ,
1239 4808 1304 4846 ac
1329 4793 1443 4846 luto
1475 4793 1848 4863 lateribusque
1886 4793 2158 4865 astringe-

585 4891 796 4950 rentur,
821 4883 1070 4939 civitates
1094 4882 1198 4953 ipsi
1219 4881 1576 4947 :edilicantcs,
1600 4890 1731 4937 tunc
1755 4897 1890 4938 sane
1909 4883 2160 4954 cophinis

587 4992 786 5032 manus
805 5016 821 5042 ,
851 4975 1113 5031 oneribus
1147 4975 1362 5030 humeri
1391 4973 1855 5045 delatigabantur.
1891 4975 2160 5030 Caeterum

585 5070 901 5126 visitatione
945 5066 1039 5124 Dei
1079 5067 1440 5128 adveniente,
1493 5066 1649 5120 liberi
1689 5081 1932 5121 evasere.
1980 5066 2162 5132 Quare

587 5162 704 5218 ait:
753 5160 976 5215 Divertit
1021 5158 1084 5213 ab
1129 5159 1376 5213 oneribus
1405 5156 1626 5211 dorsum
1657 5157 1795 5226 ejus.
1845 5155 1980 5222 Quis
2032 5171 2160 5210 vero

586 5255 846 5320 divertit,
890 5253 994 5309 nisi
1033 5253 1128 5323 qui
1169 5251 1422 5306 liberavit
1473 5265 1569 5306 eos
1609 5248 1804 5305 Deus?
1856 5248 1954 5304 llis
1994 5263 2161 5320 porro

588 5347 844 5419 dignatus
886 5361 983 5401 eos
1017 5353 1134 5408 est,
1188 5343 1318 5413 quia
1361 5342 1416 5396 in
1457 5342 1811 5398 tribulatione
1853 5342 2031 5412 ipsum
2084 5341 2164 5394 in-

587 5439 874 5494 vocabant.
937 5435 1091 5503 Quod
1139 5435 1304 5489 etiam
1356 5431 1557 5503 Moysis
1591 5432 1875 5503 Scriptura
1921 5431 2162 5487 declarat

588 5530 779 5585 dicens
817 5548 830 5583 :
867 5526 936 5580 Et
992 5529 1353 5597 ingemuerunt
1417 5523 1520 5593 ﬁlii
1581 5521 1778 5588 Israel,
1845 5531 1894 5577 et
1956 5523 2161 5577 clama-

589 5631 771 5676 uerunt
804 5620 873 5674 ad
899 5618 1217 5680 Dominum,
1252 5625 1303 5670 et
1341 5614 1576 5671 ascendit
1617 5614 1822 5668 clamor
1862 5631 2043 5668 eorum
2089 5615 2159 5667 ad

2258 4611 2357 4681 τῆς
2399 4611 2528 4681 παρ’
2569 4610 2891 4679 Δίγυπτίοις
2931 4608 3175 4673 δουλείας
3214 4625 3275 4661 τε
3326 4609 3420 4663 καὶ
3469 4605 3820 4669 κακοπαθείας

2258 4703 2665 4775 ἠλευθεροῦντο.
2682 4704 2772 4756 Διὸ
2791 4702 3060 4756 λέλεκται·
3093 4702 3459 4771 Ἀπέστησεν
3473 4703 3591 4758 ἀπὸ
3607 4703 3818 4771 deam

2261 4796 2370 4850 τὸν
2393 4795 2588 4849 νῶτον
2615 4794 2827 4849 αὑτοῦ·
2868 4797 2928 4849 αἱ
2953 4795 3148 4865 χεῖρες
3177 4794 3365 4849 αὑτοῦ
3407 4795 3477 4847 ἐν
3500 4793 3579 4860 τῷ
3613 4797 3816 4864 κοφίνφ

2261 4886 2635 4942 ἐδούλευσαν
2655 4904 2670 4918 ο
2689 4886 2830 4940 κατὰ
2849 4885 2906 4938 δὲ
2933 4887 3027 4940 τὸν
3053 4885 3347 4957 Σύμμαχον
3365 4902 3382 4916 ⁸
3407 4885 3690 4955 Παρεῖλον
3707 4883 3814 4940 ἀπὸ

2258 4977 2616 5047 ,βασταγμοῦ
2644 4977 2752 5031 τὸν
2787 4972 2948 5046 ὦμον
2977 4975 3186 5042 αὐτοῦ,
3213 4979 3272 5030 al
3292 4976 3482 5046 χεῖρες
3521 4977 3694 5031 αὐτοῦ
3722 4993 3810 5029 κο-

2266 5070 2446 5138 φίνου
2469 5067 3070 5138 ἀπηλλάγησαν.“οτε
3091 5067 3201 5140 γὰρ
3225 5068 3501 5124 ἐδούλευον
3526 5067 3602 5140 τῷ
3615 5067 3806 5139 Φαραὼ,

2267 5158 2424 5230 πηλῷ
2447 5176 2507 5212 τε
2544 5159 2639 5212 καὶ
2678 5157 2926 5228 πλινθείᾳ
2957 5157 3397 5229 κατειργάζοντο,
3435 5157 3807 5229 οἰκοδομοῦντες

2266 5246 2412 5318 αὑτῷ
2442 5248 2542 5310 τὰς
2573 5246 2775 5311 πόλεις,
2796 5246 2858 5299 τὸ
2877 5245 3179 5318 τηνικαῦτα
3205 5248 3443 5318 κοφίνοις
3473 5250 3569 5320 μὲν
3603 5249 3690 5311 τὰς
3707 5249 3803 5317 χεῖ-

2267 5356 2388 5411 ρας,
2418 5339 2764 5409 βαστάγμασι
2796 5338 2852 5392 δὲ
2883 5339 3010 5402 τοὺς
3041 5338 3224 5410 ὤμους
3254 5339 3660 5394 κατεπονοῦντο.
3679 5337 3801 5407 Πλὴν

2265 5431 2400 5484 ἀλλὰ
2432 5431 2638 5483 τούτων
2662 5430 2914 5484 ἁπάντων
2936 5430 3209 5504 ἐλεύθεροι
3235 5433 3573 5505 κατέστησαν
3599 5433 3687 5502 τῆς
3703 5433 3800 5483 ἐπι-

2268 5522 2476 5592 σκοπῆς
2517 5522 2699 5586 αὐτοῖς
2733 5522 3051 5594 γενομένης.
3095 5524 3186 5577 Διό
3220 5541 3415 5595 φησιν’
3475 5524 3799 5590 Ἀπέστησεν

2231 5614 2384 5668 ocimi
2424 5614 2657 5682 ἄρσεων
2681 5615 2787 5669 τὸν
2818 5614 3012 5670 νῶτον
3047 5617 3256 5672 αὑτοῦ.
3291 5617 3390 5682 Τίς
3417 5617 3475 5671 δὲ
3510 5616 3793 5685 ἀπέστησεν,

661 5800 706 5831 ’θ
747 5796 764 5849 l
798 5795 989 5853 Thess.
1028 5813 1100 5863 tv,
1139 5797 1229 5853 t5.
1305 5798 1348 5829 "
1391 5795 1567 5852 lCor.
1602 5811 1691 5860 xv,
1727 5795 1814 5853 52.
1892 5798 1939 5829 θ’
1979 5795 1996 5848 l
2032 5794 2226 5852 Thess.
2268 5811 2340 5860 Iv,
2376 5794 2459 5849 l5.
2537 5795 2583 5826 ”
2624 5794 2791 5849 Matth
2851 5811 2999 5860 xxiv,
3035 5797 3119 5854 δι).
