4078 6934
323 303 460 360 977

1487 300 1996 356 COMMENTARIA
2039 300 2104 356 IN
2143 298 2481 358 PSALMOS.

3505 295 3610 364 978

315 418 464 473 ἀλλ’
489 419 525 490 ἢ
552 420 581 471 6
610 415 983 490 ἐλευθερώσας
1003 419 1202 482 αὐτοὺς
1230 419 1393 484 Θεός;
1418 419 1635 474 Τούτων
1659 421 1719 474 δὲ
1743 421 1930 484 αὐτοὺς

2042 421 2210 476 Deum
2240 421 2306 478 ".
2352 421 2564 488 Quibus
2612 419 2814 476 accinit
2856 418 2960 474 hoc
3002 417 3206 474 dictum
3245 417 3326 472 sic
3356 415 3607 472 habens:

318 508 526 577 ⁹ὖιεὶου,
567 511 865 582 ἐπειδήπερ
893 512 952 564 ἐν
995 510 1170 580 θλίψει
1212 511 1375 565 αὐτὸν
1408 511 1804 566 ἐπεκαλοῦντοο
1841 513 1934 567 καὶ

321 602 515 654 τοῦτο
549 601 606 655 δὲ
632 603 666 673 ἡ
697 602 942 667 Μωσέως
971 603 1268 674 παρίστησι
1299 603 1490 675 Γραφὴ
1523 604 1792 672 λέγουσιν
1823 605 1934 660 Kal

325 692 806 758 κατεστέναξαν
853 697 909 748 ol
957 694 1077 749 vlol
1133 695 1380 763 Ἰσραὴλ
1402 737 1416 758 ,
1458 697 1556 752 καὶ
1594 699 1937 767 ἀνεϐόησαν

328 784 507 852 πρὸς
555 786 807 854 Κύριον,
854 787 954 841 καὶ
1004 786 1189 855 ἀνέϐη
1233 787 1356 856 ,ϐοὴ
1402 789 1602 844 αὐτῶν
1643 788 1794 858 πρὸς
1831 789 1938 844 τὸν

332 874 525 927 Θεόν.
555 870 650 938 Οἷς
675 874 983 939 ἀκολούθως
1007 875 1102 929 καὶ
1125 875 1186 929 τὸ
1213 879 1386 950 παρόν
1418 895 1552 950 φησι
1581 879 1764 949 λόγιον
1789 898 1799 907 ·
1840 883 1939 936 Ἑν

329 965 559 1033 θλίψει
591 966 941 1021 ἐπεκαλέσω
973 983 1072 1036 με,
1116 967 1213 1022 καὶ
1257 969 1606 1042 ἐρρυσάμην
1635 986 1709 1026 σε
1727 988 1744 1004 ο
1792 973 1938 1040 ἐπή-

331 1055 554 1110 κουσά
588 1071 706 1111 σου
737 1057 810 1111 ἐν
835 1058 1164 1126 ἀποκρύφῳ
1202 1061 1564 1131 καταιγίδος,
1607 1063 1939 1135 ἐδοκίμασά

333 1160 423 1198 σε
451 1145 554 1198 ἐπὶ
584 1145 804 1214 ὕδατος
823 1148 1190 1221 ἀντιλογίας.
1209 1151 1356 1203 Ἀντὶ
1377 1149 1434 1204 δὲ
1463 1152 1577 1206 τοῦ·
1596 1152 1939 1220 Ἑπήκουσά

332 1250 469 1290 σου
503 1237 576 1290 ἐν
631 1239 960 1311 ἀποκρύφῳ
1023 1243 1384 1315 statam-(80¢,
1425 1247 1454 1299 6
1513 1245 1613 1317 μὲν
1671 1247 1931 1312 Ἀκύλαςο

349 1331 714 1386 Ἐπακούσω
751 1347 870 1390 σου
913 1335 984 1390 ἐν
1037 1338 1367 1407 ἀποκρύφῳ
1411 1338 1684 1408 ,βροντῆς
1701 1355 1715 1370 ⁶
1767 1341 1861 1394 καὶ
1901 1342 1935 1412 ἡ

336 1421 580 1493 πέμπτη
606 1423 818 1490 ἐκδοσις
845 1426 1065 1498 ὁμοίως.
1093 1429 1227 1482 Εἶτα
1260 1429 1501 1499 ἐπιλέγει
1521 1449 1534 1460 ·
1580 1430 1937 1500 Ἐ’δοκίμασά

334 1527 420 1567 σε
453 1512 554 1567 ἐπὶ
586 1513 808 1582 ὕδατος
838 1517 1200 1588 ἀντιλογίας.
1238 1521 1304 1573 Ὃ
1347 1519 1411 1592 δὴ
1443 1521 1538 1575 καὶ
1577 1521 1710 1575 αὐτὸ
1748 1520 1936 1592 σαφῶς

337 1607 377 1677 ἡ
415 1607 666 1672 Μωσέως
697 1610 995 1682 παρίστησι
1027 1611 1219 1684 Γραφὴ
1269 1612 1529 1682 λέγουσα’
1580 1615 1702 1669 Οὐκ
1747 1611 1826 1685 ἦν
1865 1613 1937 1668 δὲ

337 1698 510 1768 ὕδωρ
537 1700 696 1755 πιεῖν
725 1701 804 1768 τῷ
837 1701 984 1768 λιιῷο
1024 1705 1124 1759 καὶ
1153 1705 1510 1775 ἐλοιδορεῖτο
1540 1709 1573 1762 ό
1601 1706 1749 1775 λαὸς
1783 1706 1936 1776 πρὸς

2035 545 2104 554 -
2125 513 2314 583 (Vt-ms.
2349 515 2428 582 8.)
2452 512 2517 566 In
2559 511 2901 566 tribulatione
2930 511 3188 564 invocasti
3203 526 3302 575 me,
3333 507 3612 562 etliberavi

2040 615 2118 668 te,
2148 603 2395 659 exaudiui
2423 614 2471 658 te
2499 605 2554 658 in
2585 601 2896 658 abscondito
2925 602 3279 672 tempestatis,
3313 599 3530 669 probari
3563 606 3611 652 te

2037 697 2178 767 apud
2208 714 2401 768 aquam
2433 695 2887 751 contradictionis.
2918 693 3026 749 Pro
3055 693 3148 748 illo
3179 703 3356 746 autem
3381 709 3394 745 :
3426 689 3610 744 Exau-

2036 789 2145 844 divi
2176 797 2224 844 te
2253 790 2308 843 in
2338 787 2645 844 abscondito
2677 788 3004 856 tempestatis
3026 827 3041 849 ,
3071 785 3267 857 Aquila
3296 784 3377 839 sic
3403 783 3565 837 habet
3590 800 3608 840 :

2040 881 2342 937 Exaudiant
2367 890 2414 936 te
2449 882 2504 935 in
2534 880 2840 936 abscondito
2864 879 3083 934 tonitrui
3105 920 3118 943 ,
3143 888 3196 933 et
3225 877 3414 947 quinta
3443 876 3608 931 editio

2037 974 2308 1030 similiter.
2351 972 2556 1030 Deinde
2591 973 2776 1028 subdit
2827 991 2840 1026 :
2894 971 3126 1026 Probavi
3156 979 3202 1024 te
3238 968 3376 1039 apud
3415 983 3602 1037 aquam

2036 1065 2497 1121 contradictionis.
2527 1063 2683 1130 Quod
2711 1065 2889 1134 ipsum
2923 1063 3071 1118 clare
3095 1060 3297 1133 Moysis
3323 1058 3610 1129 Scriptura

2035 1166 2256 1214 enarrat
2285 1157 2372 1212 his
2399 1157 2582 1212 verbis
2607 1175 2620 1211 :
2657 1153 2782 1209 Non
2809 1163 2924 1210 erat
2951 1165 3127 1209 autem
3157 1171 3294 1224 aqua
3326 1152 3394 1206 ad
3433 1151 3610 1206 biben-

2036 1249 2162 1302 dum
2201 1248 2438 1318 populo:
2471 1257 2521 1302 et
2552 1248 2803 1318 jurgatus
2836 1254 2915 1301 est
2963 1249 3187 1316 populus
3227 1255 3412 1299 contra
3457 1241 3610 1312 Mog-

2036 1359 2144 1397 sem
2177 1341 2354 1397 dicens
2381 1359 2393 1394 :
2418 1340 2498 1395 Da
2536 1342 2685 1394 nobis
2726 1356 2939 1410 aquam,
2975 1349 3031 1392 ut
3063 1339 3327 1392 bibamus.
3362 1337 3460 1392 Ille
3490 1353 3608 1390 vero

2037 1433 2239 1489 dicebat
2271 1449 2290 1487 :
2313 1433 2490 1501 Quare
2515 1431 2812 1504 jurgamini
2851 1447 3086 1497 mecum,
3120 1439 3212 1484 aut
3256 1446 3351 1483 cur
3396 1426 3610 1482 tentatis

2037 1525 2322 1580 Dominum
2350 1525 2432 1578 "‘l
2457 1522 2655 1579 Postea
2685 1537 2852 1578 vero:
2882 1521 3034 1575 Dia-it
3058 1517 3269 1592 Moyses
3303 1519 3372 1578 ad
3418 1517 3609 1572 Domi-

2039 1633 2157 1671 num
2177 1631 2200 1672 :
2231 1615 2371 1682 Quid
2407 1614 2605 1681 faciam
2637 1613 2831 1684 populo
2863 1612 2984 1666 huic
3007 1615 3032 1667 ?
3058 1626 3248 1680 parum
3283 1608 3453 1663 aberit
3481 1608 3609 1679 quin

2039 1709 2275 1777 lapident
2305 1723 2404 1761 me.
2439 1704 2640 1760 Deinde
2669 1705 2746 1758 ait
2777 1703 3035 1758 Dominus
3066 1702 3134 1756 ad
3182 1717 3301 1757 eum
3327 1716 3346 1755 :
3377 1698 3479 1753 Ilic
3515 1715 3609 1770 ego

340 1790 602 1860 Μωσῆν,
618 1791 719 1849 καὶ
741 1791 973 1862 meros“
992 1793 1105 1860 Δὸς
1121 1794 1264 1863 ἡμῖν
1278 1795 1456 1865 ὕδωρ,
1480 1796 1581 1851 ἵνα
1601 1797 1847 1866 πίωμεν.
1879 1797 1930 1850 Ὁ

2037 1813 2120 1858 sto
2150 1812 2272 1856 ante
2301 1810 2349 1855 te
2375 1802 2430 1854 in
2453 1809 2603 1870 petra
2625 1799 2683 1853 in
2707 1798 2932 1855 Choreb.
2963 1797 3026 1852 Et
3052 1796 3342 1865 percutiam
3370 1803 3605 1862 petram,

340 1881 417 1935 δὲ
451 1882 644 1954 ἔλεγε·
674 1885 736 1938 Τί
759 1883 1131 1954 λοιδορεῖσθέ
1155 1904 1281 1956 μοι,
1306 1886 1346 1956 ἢ
1374 1887 1429 1942 τί
1476 1887 1776 1958 πειράζετε
1817 1889 1933 1943 Κύ-

333 1992 518 2044 ριον;
542 1976 653 2030 Καὶ
684 1977 832 2047 ἐξῆς·
862 1975 1012 2032 Elge
1041 1978 1266 2048 Μωσῆς
1297 1979 1448 2050 πρὸς
1470 1982 1689 2050 Κύριον
1709 1981 1930 2052 λέγων·

351 2066 418 2120 Τί
448 2068 681 2134 ποίησω
707 2066 788 2133 τῷ
820 2066 948 2133 λαῷ
976 2070 1196 2134 τούτῳ;
1215 2071 1304 2124 ἔτι
1322 2070 1560 2139 μικρὸν,
1583 2069 1682 2123 καὶ
1701 2071 1934 2124 ,λιθοϐο-

342 2153 628 2226 λήσουσί
657 2176 754 2229 με.
797 2156 922 2215 Εἴθ’
957 2163 990 2215 ό
1025 2162 1244 2230 Κύριος
1285 2151 1435 2232 πρὸς
1465 2162 1651 2216 αὐτόν
1706 2177 1930 2232 φησιν’

345 2241 496 2303 *Οδε
522 2248 638 2319 ἐγὼ
657 2249 886 2320 ἕστηκα
917 2250 1030 2320 πρὸ
1060 2251 1168 2306 τοῦ
1195 2251 1270 2308 σὲ
1293 2253 1438 2319 ἐκεῖ,
1454 2251 1554 2307 ἐπὶ
1584 2251 1694 2322 τῆς
1715 2253 1934 2322 πέτρας

343 2339 420 2395 ἐν
444 2340 670 2410 Χωρήϐ.
702 2342 812 2396 Kal
844 2342 1087 2409 πατάξω
1129 2343 1244 2414 τὴν
1267 2344 1512 2414 πέτραν,
1549 2345 1650 2399 καὶ
1689 2344 1932 2410 ἐξελεύ-

343 2442 520 2483 σεται
543 2427 720 2500 ὕδωρ,
751 2430 850 2485 καὶ
878 2433 1074 2488 πίεται
1106 2436 1140 2490 ό
1168 2435 1339 2502 λαός.
1370 2435 1477 2489 Kal
1503 2435 1791 2504 ἐποίησεν
1829 2435 1931 2490 οὔ·

345 2537 464 2588 τως
497 2523 744 2591 Μωσῆς.
784 2525 890 2580 Kal
921 2527 1276 2598 ἐπωνόμασε
1307 2527 1374 2582 τὸ
1406 2526 1594 2600 ὄνομα
1616 2527 1724 2583 τοῦ
1742 2529 1932 2583 τόπου

343 2611 586 2668 ἐκείνου
623 2617 960 2686 Πειρασμὸς
993 2618 1092 2672 καὶ
1119 2619 1494 2688 Λοιδόρησις,
1526 2621 1627 2675 διὰ
1655 2623 1772 2689 τὴν
1802 2623 1932 2675 λοι-

345 2703 561 2774 δορίαν
581 2705 700 2760 τῶν
728 2707 876 2762 υἱῶν
921 2709 1192 2778 Ἰσραὴλ,
1227 2712 1327 2766 καὶ
1367 2711 1466 2766 διὰ
1503 2713 1613 2768 τοῦ
1642 2710 1933 2782 πειράζειν

347 2799 576 2866 αὐτοὺς
597 2801 835 2868 Κύριον,
850 2801 1160 2872 λέγοντας·
1186 2805 1256 2857 El
1277 2802 1409 2857 ἔστι
1428 2805 1641 2872 Κύριος
1669 2805 1738 2858 ἐν
1762 2805 1926 2875 ἡμῖν,

350 2891 392 2961 ἢ
431 2892 536 2957 οϋ;
575 2892 763 2947 Ταῦτα
797 2895 974 2949 πάντα
997 2893 1089 2947 τὸν
1133 2895 1193 2961 ἐξ
1237 2894 1407 2948 ἐθνῶν
1438 2895 1566 2950 λαὸν
1608 2897 1847 2952 διδάσκει
1894 2899 1928 2971 ή

325 3013 330 3018 ε
358 2983 495 3055 μετὰ
520 2987 709 3057 χεῖρας
730 2985 1059 3057 προφητεία,
1082 2986 1158 3051 ὠς
1184 2986 1250 3041 ἂν
1280 2987 1474 3058 μάθοιο
1504 2989 1672 3044 ποίων
1691 2989 1879 3062 ἔτυχεν
1900 2991 1930 3044 6

353 3076 570 3148 πρῶτος
613 3077 762 3142 λαὸς,
799 3080 894 3132 καὶ
926 3080 1006 3142 εἰς
1035 3073 1149 3133 οἷον
1197 3079 1423 3152 ἐλήλυθε
1459 3081 1630 3146 τέλος,
1665 3083 1930 3156 σωφρονί-

355 3166 499 3230 ζοιτό
523 3184 580 3221 τε
609 3169 674 3222 ἐκ
704 3169 799 3222 τοῦ
825 3169 1282 3241 παραδείγματος.
1307 3171 1398 3224 Διὸ
1425 3175 1539 3236 τοίς
1559 3173 1928 3246 προλεχθεῖσιν

357 3259 711 3314 ἐπισυνάπτει
738 3260 806 3314 τὰ
862 3261 992 3332 ἐξῆς
1054 3262 1389 3331 ἀναγκαίως,
1437 3264 1496 3316 ἐν
1544 3259 1625 3328 οἷς
1679 3264 1924 3337 εἴρηται*

359 3351 674 3419 Ἄκουσον,
723 3355 874 3420 λαός
913 3371 1034 3424 μου
1052 3395 1068 3421 ,
1114 3356 1213 3410 καὶ
1253 3355 1756 3426 διαμαρτυροῦμαί
1788 3372 1886 3412 σοι
1909 3373 1924 3389 ο

369 3441 638 3512 Ἰσραὴλ,
681 3444 790 3499 ἐὰν
829 3445 1102 3515 ἀκούσῃς
1141 3465 1282 3517 μου,
1309 3449 1420 3502 οὐκ
1451 3447 1623 3502 ἔσται
1661 3463 1760 3503 σοι
1787 3449 1928 3516 Θεὸς

355 3533 722 3602 πρόσφατος,
768 3534 911 3590 οὐδὲ
955 3537 1408 3608 προσκυνήσεις
1447 3538 1568 3607 Θεῷ
1611 3539 1924 3609 ἀλλοτρίῳ.

369 3622 508 3694 Ἐγὼ
535 3623 647 3694 γάρ
676 3627 792 3694 εἰμι
822 3627 1036 3696 Κύριος
1063 3631 1097 3683 ό
1120 3630 1264 3696 Θεός
1299 3643 1415 3684 σου
1443 3632 1477 3684 ό
1507 3629 1820 3700 ἀναγαγών
1855 3647 1928 3685 σε

354 3713 422 3768 ἐκ
451 3713 566 3784 γῆς
597 3717 902 3788 Αἰγύπτου
922 3733 936 3748 ’
981 3719 1296 3775 πλὰτυνον
1330 3721 1398 3776 τὸ
1435 3724 1629 3792 στόμα
1651 3739 1790 3790 σου,
1830 3725 1929 3779 καὶ

357 3805 651 3874 πληρὼσω
673 3809 839 3863 αὑτό.
863 3811 974 3864 Kal
1003 3813 1114 3865 οὐκ
1143 3811 1414 3880 ἤκουσεν
1437 3817 1472 3868 ὁ
1493 3816 1642 3882 λαός
1672 3834 1792 3886 μου
1817 3817 1928 3886 τῆς

358 3898 558 3968 φωνῆς
589 3919 730 3970 μου,
759 3903 858 3956 καὶ
916 3905 1163 3973 Ἰσραὴλ
1200 3909 1271 3961 οὐ
1324 3908 1633 3977 προσέσχε
1662 3928 1785 3980 μοι.
1817 3911 1926 3966 Kal

358 3989 751 4055 ἐξαπέστειλα
793 3994 1016 4061 αὐτοὺς
1048 3997 1198 4052 κατὰ
1240 3997 1313 4051 τὰ
1350 3999 1782 4070 ἐπιτηδεύματα
1809 4001 1928 4056 τῶν

361 4081 612 4152 καρδιῶν
637 4086 852 4140 αὐτῶν·
882 4089 1276 4156 πορεύσονται
1297 4091 1367 4145 ἐν
1396 4091 1520 4160 τοῖς
1543 4093 1930 4166 ἐπιτηδεύμα-

360 4190 463 4230 σιν
482 4175 697 4231 αὐτῶν.
721 4178 802 4233 Τὰ
828 4180 925 4249 μὲν
953 4182 1085 4252 παρ’
1111 4181 1266 4252 ἐμοῦ,
1299 4184 1453 4255 φησὶ,
1485 4185 1688 4258 δεδωρη
1698 4187 1832 4257 μένα
1849 4187 1929 4260 τῷ

359 4267 468 4341 λαῷ
496 4269 720 4324 τοιαῦτα
755 4267 824 4342 ἦν
846 4314 860 4336 ,
892 4273 1050 4326 ὁποῖα
1081 4273 1356 4345 διεξῆλθεν
1393 4279 1422 4330 6
1463 4277 1651 4345 λόγος·
1693 4278 1762 4332 τὰ
1796 4279 1838 4332 δ’
1868 4280 1929 4344 ἐξ

360 4359 532 4414 αὐτῶν
560 4363 639 4425 εἰς
673 4363 774 4434 ἐμὲ
807 4364 904 4434 οὐχ
934 4365 1116 4435 ὃμοια,
1149 4366 1268 4420 οὐδὲ
1299 4365 1425 4432 ἄξια
1466 4359 1540 4421 ὧν
1566 4367 1753 4439 ἔτυχον
1795 4372 1926 4442 παρ’

2033 1905 2084 1950 et
2113 1893 2277 1948 exibit
2308 1909 2468 1963 aqua,
2498 1901 2546 1946 et
2582 1890 2720 1946 bibet
2748 1892 2991 1960 populus.
3021 1888 3088 1943 Et
3122 1888 3244 1957 fecit
3260 1889 3336 1941 ita
3371 1884 3602 1955 Moyses.

2034 1984 2106 2039 Et
2135 1984 2334 2038 uocauit
2359 1998 2542 2037 nomen
2579 1982 2680 2035 loci
2705 1981 2870 2046 illius,
2887 1979 3250 2034 Tentationem
3269 1985 3317 2031 et
3333 1974 3369 2028 J
3375 1989 3604 2044 urgmm,

2031 2083 2244 2143 propter
2271 2073 2516 2144 iurgium
2545 2071 2779 2130 ﬁliorum
2831 2069 3044 2136 Israel,
3099 2080 3148 2124 et
3200 2069 3326 2139 quia
3371 2076 3642 2122 “tentavew

2031 2175 2157 2220 runt
2194 2164 2476 2219 Dominum
2507 2163 2779 2217 dicentes:
2811 2161 2890 2214 An
2925 2170 3002 2215 est
3039 2159 3299 2213 Dominus
3330 2159 3384 2212 in
3432 2156 3603 2220 nobis,

2031 2271 2191 2312 necne
2220 2255 2266 2287 ⁸⁸
2283 2254 2306 2296 ν
2333 2253 2460 2308 Haec
2490 2252 2808 2307 universum
2837 2265 2904 2306 ex
2929 2249 3184 2320 gentibus
3209 2247 3470 2318 populum
3504 2244 3608 2300 do-

2031 2357 2118 2406 cet
2173 2360 2416 2418 praesens
2465 2343 2785 2415 prophetia,
2821 2349 2882 2396 ut
2925 2341 3106 2397 sciant
3145 2354 3267 2412 qua:
3308 2337 3490 2410 prisco
3527 2335 3607 2392 illi

2031 2439 2234 2512 populo
2262 2436 2583 2504 acciderint,
2607 2443 2662 2492 et
2689 2433 2783 2508 qui
2814 2433 2940 2490 linis
2970 2432 3092 2504 eius
3115 2432 3314 2498 fuerit;
3347 2438 3512 2502 atque
3536 2444 3604 2484 ex

2029 2531 2150 2601 ejus
2175 2528 2427 2600 exemplo
2452 2528 2520 2583 ad
2548 2527 2820 2582 cautelam
2846 2533 3091 2579 vocetur.
3127 2521 3308 2590 Quare
3329 2519 3606 2591 prmdictis

2032 2622 2148 2676 haec
2183 2635 2306 2694 qua:
2341 2628 2648 2691 sequuntur
2694 2615 3009 2673 necessario
3048 2613 3238 2684 adjicit
3267 2631 3281 2667 :
3309 2643 3382 2654 —
3436 2609 3602 2668 Vna.

2031 2712 2188 2770 9-13.
2234 2713 2397 2776 Audi,
2433 2710 2656 2781 populus
2674 2726 2838 2774 meus,
2858 2719 2906 2765 et
2922 2707 3247 2778 testiﬁcabor
3263 2707 3394 2761 tibi:
3407 2704 3602 2775 Israel,

2029 2806 2079 2861 si
2107 2807 2341 2861 audieris
2370 2822 2472 2874 me,
2497 2823 2598 2860 non
2624 2807 2724 2860 erit
2754 2807 2808 2859 in
2831 2815 2878 2859 te
2895 2803 3036 2858 Deus
3054 2817 3252 2868 recens,
3280 2815 3439 2873 neque
3466 2799 3602 2853 ado-

2030 2901 2175 2955 rabis
2207 2898 2376 2953 Deum
2403 2897 2655 2952 alienum.
2688 2897 2803 2968 Ego
2840 2897 2980 2951 enim
3027 2911 3144 2950 sum
3171 2893 3430 2947 Dominus
3461 2889 3602 2945 Deus

2029 2991 2276 3062 tuus,qui
2301 2989 2463 3044 eduxi
2483 2998 2531 3043 te
2546 2989 2609 3043 de
2635 2998 2777 3043 terra
2797 2985 3050 3057 Egypti;
3070 2985 3243 3038 dilata
3268 2999 3326 3036 os
3355 2990 3525 3048 tuum,
3553 2991 3602 3036 et

2030 3085 2256 3155 implebo
2281 3082 2440 3137 illud.
2475 3079 2546 3136 Et
2596 3096 2700 3134 non
2747 3079 2951 3133 audivit
2982 3077 3207 3147 populus
3234 3091 3379 3130 meus
3429 3089 3603 3129 uocem

2031 3196 2222 3246 meam,
2246 3186 2297 3232 et
2328 3175 2501 3230 Israel
2527 3191 2631 3228 non
2670 3172 2896 3227 intendit
2929 3171 3079 3224 mihi.
3121 3168 3188 3222 Et
3211 3168 3393 3222 dimisi
3410 3183 3496 3220 eos
3521 3182 3605 3219 se-

2029 3271 2261 3326 cundum
2294 3268 2562 3323 desideria
2585 3266 2756 3322 cordis
2781 3280 2960 3320 eorum
2975 3279 2995 3328 ,°
3020 3262 3170 3317 ibunt
3191 3262 3244 3316 in
3274 3260 3604 3314 adinventioa

2028 3363 2182 3420 nibus
2207 3363 2340 3416 suis.
2371 3359 2527 3416 Talia
2558 3365 2735 3421 erant.
2771 3356 2971 3428 inquit,
3016 3370 3245 3410 munera
3285 3353 3486 3424 pupulo
3507 3367 3605 3422 per

2029 3469 2117 3510 me
2143 3454 2367 3519 collata,
2389 3451 2570 3522 qualia
2597 3463 2780 3507 sermo
2827 3446 3127 3504 enarravit.
3157 3445 3263 3502 Sed
3287 3460 3409 3515 qua:
3437 3443 3492 3498 in
3519 3458 3607 3499 me

2020 3548 2135 3620 ipsi
2165 3560 2445 3618 peregere,
2469 3558 2582 3598 non
2613 3540 2837 3606 similia,
2888 3555 3066 3610 neque
3111 3539 3273 3610 digna
3325 3537 3394 3592 iis
3445 3543 3606 3592 erant

2028 3655 2152 3712 qua:
2177 3653 2208 3693 a
2236 3653 2323 3694 me
2357 3633 2644 3692 consecuti
2673 3641 2822 3690 sunt.
2853 3629 3134 3702 Siquidem
3157 3646 3257 3700 ego
3294 3637 3374 3685 tot
3421 3635 3604 3683 tanto-

2027 3746 2260 3802 rumque
2293 3730 2430 3802 ipsis
2459 3729 2688 3800 largitor
2743 3729 3034 3791 bonorum,
3070 3725 3173 3780 hoc
3204 3738 3373 3778 unum
3401 3721 3470 3776 ab
3523 3721 3605 3778 eis

2027 3830 2312 3894 expetens,
2349 3821 2496 3893 quod
2532 3835 2666 3877 sane
2709 3821 2886 3891 legum
2937 3831 3150 3874 summa
3199 3823 3254 3875 et
3301 3821 3467 3886 caput
3495 3821 3601 3878 est,

2028 3925 2090 3971 ut
2113 3931 2220 3970 non
2244 3915 2408 3979 idola,
2427 3913 2522 3970 sed
2547 3929 2636 3969 me
2665 3913 2842 3968 solum
2865 3909 3034 3965 Deum
3057 3909 3320 3972 colerent,
3345 3904 3602 3976 praecepi,

2029 4002 2116 4058 his
2149 4000 2274 4056 illos
2304 4013 2660 4056 commoneas
2689 3997 2898 4052 verbis:
2922 3995 3083 4057 Audi,
3108 3991 3331 4063 populus
3363 4005 3527 4057 meus,
3551 3999 3601 4042 et

2030 4093 2354 4163 testificabor
2385 4092 2481 4145 tibi
2509 4105 2530 4144 :
2557 4089 2756 4156 Israel,
2779 4089 2824 4142 si
2853 4087 3086 4142 audieris
3125 4102 3226 4150 me,
3276 4099 3379 4138 non
3412 4082 3513 4136 erit
3543 4081 3600 4133 in

2031 4195 2078 4242 te
2117 4186 2256 4240 Deus
2281 4201 2480 4251 recens,
2512 4199 2674 4254 neque
2701 4179 2952 4235 adorabis
3002 4178 3169 4232 Deum
3201 4175 3454 4229 alienum.
3489 4171 3602 4242 Ego

2027 4281 2165 4336 enim
2189 4295 2305 4332 sum
2328 4276 2588 4332 Dominus
2623 4274 2762 4329 Deus
2801 4283 2943 4335 tuus,
2975 4272 3065 4342 qui
3089 4269 3247 4324 eduxi
3275 4278 3323 4322 te
3343 4268 3407 4321 de
3459 4275 3604 4319 terra

2028 4371 2273 4442 ngypti.
2305 4368 2431 4424 Ilmc
2461 4367 2670 4432 monui,
2705 4365 2822 4421 haec
2868 4363 3104 4436 praecepi
3137 4378 3150 4413 :
3183 4362 3298 4415 [nec
3348 4367 3466 4412 erat
3515 4364 3602 4412 to-

361 4452 510 4523 ἐμοῦ.
549 4453 692 4521 Ἐγὼ
732 4455 829 4526 μὲν
857 4455 967 4527 γὰρ
989 4458 1018 4508 6
1039 4456 1148 4509 τῶν
1180 4457 1448 4512 τοσούτων
1483 4459 1665 4525 αὐτοῖς
1691 4461 1928 4533 χορηγὸς

2033 4463 2144 4518 tius
2177 4460 2313 4532 legis
2340 4474 2474 4515 meae
2507 4475 2660 4514 mens
2683 4465 2737 4513 et
2784 4453 3077 4512 sententia.
3129 4448 3425 4520 Praeceptis
3471 4460 3605 4502 vero

362 4541 594 4610 ἀγαθῶν,
612 4542 670 4598 ἐν
693 4543 841 4599 τοῦτ’
868 4547 1149 4612 αὑτοῖς,τδ
1166 4547 1231 4620 δὴ
1259 4548 1368 4602 τῶν
1401 4550 1580 4622 νόμων
1610 4553 1925 4621 κεφάλαιον,

362 4633 496 4702 λέγω
519 4634 577 4688 δὲ
603 4635 663 4688 τὸ
687 4636 761 4709 μὴ
789 4637 1214 4711 εἰδωλολατρεῖν,
1245 4639 1346 4711 ἐμὲ
1363 4639 1419 4694 δὲ
1449 4642 1608 4712 μόνον
1633 4642 1766 4697 Θεὸν
1794 4644 1930 4698 εἰδέ-

365 4743 465 4793 ναι,
495 4729 1000 4803 παρεκελευσάμην,
1029 4732 1170 4786 αὐτὰ
1200 4733 1264 4806 δὴ
1297 4731 1470 4788 ταῦτα
1509 4737 1793 4808 παραινῶν
1837 4737 1930 4791 καὶ

365 4818 548 4887 λέγων·
588 4823 900 4887 Ἄκουσον,
931 4825 1082 4890 λαός
1108 4843 1250 4895 μου,
1293 4828 1391 4881 καὶ
1423 4827 1932 4899 διαμαρτυροῦμαί

365 4924 455 4961 σοι
474 4926 490 4942 ν
531 4910 789 4979 Ἰσραὴλ,
819 4912 928 4966 ἐὰν
951 4916 1222 4986 ἀκούσῃς
1237 4935 1378 4986 μου,
1403 4921 1514 4974 οὐκ
1531 4919 1702 4973 ἔσται
1726 4920 1798 4973 ἐν
1825 4921 1924 4974 σοι

355 5003 500 5068 ’Θεὸς
527 5003 894 5072 πρόσφατος,
924 5007 1066 5062 οὐδὲ
1104 5009 1555 5078 προσκυνήσεις
1582 5009 1703 5076 Θεῷ
1736 5011 1923 5066 ἀλλο-

362 5097 523 5164 τρίφο
547 5095 663 5167 ἐγὼ
691 5097 802 5167 γάρ
837 5101 953 5168 ειμι
984 5103 1198 5170 Κύριος
1229 5107 1263 5158 ὁ
1299 5106 1444 5172 Θεός
1488 5119 1605 5160 σου
1629 5107 1666 5160 ό
1701 5105 1924 5175 ἀναγα-

363 5185 473 5255 γών
505 5201 579 5242 σε
600 5187 669 5242 ἐκ
699 5188 812 5259 γῆς
835 5192 1156 5262 Αἰγύπτου.
1199 5195 1382 5248 Ταῦτα
1415 5195 1712 5268 παρῄνουν,
1753 5196 1927 5251 ταῦτα

366 5279 826 5352 παρεκελευόμην,
870 5282 1042 5337 ταῦτα
1065 5286 1094 5338 6
1140 5287 1248 5349 πᾶς
1283 5287 1382 5357 τῆς
1437 5287 1576 5358 ἐμῆς
1609 5287 1930 5359 νομοθεσίας

366 5369 603 5426 ἐδούλετο
629 5371 776 5438 νοῦς.
807 5375 1056 5447 Συνῆπτό
1080 5394 1140 5430 τε
1167 5379 1279 5441 τοῖς
1309 5380 1760 5452 παραγγέλμασιν
1792 5381 1928 5450 ἀγα-

369 5458 464 5513 θῶν
483 5464 804 5532 ἐπαγγελία,
830 5466 900 5520 δι’
919 5457 996 5521 ὧν
1015 5466 1252 5536 ἔφασκον
1273 5484 1286 5498 °
1311 5467 1628 5524 Πλάτυνον
1649 5470 1716 5524 τὸ
1733 5473 1928 5540 στόμα

368 5567 491 5620 σου,
521 5554 620 5608 καὶ
655 5558 956 5626 πληρώσω
982 5560 1149 5614 αὐτό.
1181 5561 1244 5614 Εἰ
1284 5559 1394 5632 γὰρ
1430 5560 1603 5616 ταῦτα
1639 5546 1922 5632 φυλάξετε,

439 5733 477 5766 ³⁸
515 5734 683 5791 mod.
727 5752 788 5805 ιι,
818 5738 909 5793 22.
986 5741 1030 5772 "
1069 5737 1240 5796 Exod.
1277 5757 1410 5810 xm,
1449 5745 1500 5798 1.
1575 5743 1620 5774 ’⁸
1659 5740 1789 5796 ibid.
1827 5742 1882 5796 4.

2031 4555 2303 4610 bonorum
2358 4551 2651 4624 promissio
2694 4547 3091 4619 copulabatur,
3135 4559 3260 4599 cum
3316 4541 3598 4596 dicerem:

2030 4645 2218 4701 Dilata
2250 4663 2306 4699 os
2333 4655 2504 4709 tuum,
2533 4653 2581 4698 et
2610 4641 2834 4710 implebo
2867 4639 3025 4694 illud.
3065 4635 3202 4692 Nam
3255 4635 3369 4689 haec
3401 4632 3445 4687 si
3479 4646 3602 4686 ser-

2030 4739 2191 4802 vetis,
2227 4735 2429 4792 aﬂ'atim
2463 4736 2810 4805 ubertimque
2833 4732 2938 4786 cibi
2970 4729 3126 4785 vobis
3172 4723 3601 4798 suppeditabun-

2033 4840 2142 4894 tur,
2175 4829 2289 4885 sive
2314 4827 2585 4898 corporei,
2617 4826 2735 4882 sive
2767 4825 2804 4880 ii
2829 4824 2923 4895 qui
2965 4837 3064 4892 per
3093 4821 3305 4876 divinas
3356 4815 3602 4887 discipli-

2033 4937 2134 4977 nas
2159 4922 2356 4976 animaa
2385 4918 2895 4975 subministrantur.
2930 4913 3044 4984 Ego
3095 4911 3315 4983 quidem
3343 4909 3457 4963 haec
3486 4921 3602 4961 mo—

2032 5013 2250 5076 nebam,
2284 5011 2400 5067 haec
2420 5010 2839 5082 promittebam;
2876 5005 2953 5060 illi
2989 5015 3171 5060 autem
3203 5017 3393 5056 vocem
3425 5013 3600 5053 meam

2033 5120 2142 5159 non
2175 5103 2466 5158 audierunt
2499 5121 2511 5156 :
2543 5101 2798 5163 ctlsrael,
2826 5097 2918 5169 qui
2941 5096 3108 5152 tantis
3135 5091 3415 5150 beneﬁciis
3437 5102 3602 5143 orna-

2031 5206 2124 5252 tus
2155 5203 2262 5263 est,
2318 5211 2428 5249 non
2475 5191 2708 5248 intendit
2757 5190 2931 5244 mihi:
2963 5188 3087 5243 ideo
3127 5187 3253 5254 jure
3295 5181 3475 5235 dimisi
3513 5195 3598 5233 eos

2035 5285 2322 5344 secundum
2364 5285 2629 5340 desideria
2676 5282 2848 5338 cordis
2885 5296 3085 5336 eorum.
3135 5277 3242 5331 Pro
3295 5288 3403 5344 quo
3444 5269 3601 5343 Sym-

2034 5375 2266 5430 machus
2293 5375 2684 5444 interpretatus
2710 5380 2832 5428 est:
2873 5370 2996 5425 Non
3029 5368 3231 5423 audivit
3291 5374 3464 5417 autem
3502 5377 3597 5432 po—

2033 5467 2190 5538 pulus
2214 5483 2360 5520 meus
2383 5483 2553 5520 uocem
2577 5481 2768 5531 meam,
2817 5473 2866 5518 et
2899 5461 3066 5518 Israel
3091 5475 3193 5512 non
3225 5453 3599 5526 obtemperavit

2035 5562 2181 5616 mihi.
2223 5560 2416 5616 Dimisi
2456 5576 2576 5630 ergo
2625 5559 2748 5614 illos
2793 5555 3112 5627 beneplacito
3161 5551 3334 5606 cordis
3381 5549 3486 5613 sui,
3539 5553 3597 5600 ut
