4078 6934
486 354 592 410 979
1185 354 1457 412 EUSEBII
1492 350 1978 412 CESABiENSlS
2019 350 2174 409 OPP.
2215 351 2402 409 PARS
2440 351 2530 412 lll.
2555 353 3060 412 —EXEGETICA.
3677 355 3770 409 93!

487 469 758 524 ambulent
789 469 842 524 iu
875 471 1115 526 consiliis
1147 473 1280 526 suis.
1339 470 1477 526 Hinc
1507 469 1727 525 divinus
1780 468 2077 539 Apostolus
2108 476 2130 531 Δ

2236 469 2500 534 ιοπιάτως
2519 469 2671 538 ἕξετε
2694 471 2789 525 καὶ
2810 468 3256 544 πεπληρωμένως
3279 468 3379 535 τὰς
3400 469 3648 543 τροφὰς,
3673 472 3774 524 εἴη

489 562 558 618 de
592 563 922 634 quibusdam
949 564 1109 620 docet
1145 581 1158 616 :
1199 562 1429 634 Propter
1481 564 1622 635 quod
1677 562 1902 616 tradidit
1953 561 2076 616 illos

2236 578 2278 623 ις
2301 559 2398 614 τοῦ
2429 560 2701 633 σώματος,
2732 562 2843 616 εἴτε
2883 564 2977 617 καὶ
3007 562 3108 627 τὰς
3131 563 3219 617 διὰ
3241 562 3400 617 Θείων
3431 563 3782 634 μαθημάτων

496 653 633 710 Deus
666 657 722 709 in
757 657 1020 712 desideria
1051 656 1226 711 cordis
1257 673 1440 711 eorum
1474 657 1540 710 ⁸⁷.
1567 654 1677 710 Pro
1725 655 1818 710 illo
1869 662 2075 718 autem,

2236 653 2248 724 ᾖ
2279 651 2426 724 ψυχῇ
2461 653 2894 726 χορηγουμένας.
2944 653 3084 724 Ἐγὼ
3118 656 3217 726 μὲν
3245 650 3337 708 οὖν
3375 653 3564 708 ταῦτα
3613 656 3788 726 παρέδ-

495 745 620 802 Non
645 751 748 803 erit
772 751 826 802 in
852 759 901 803 te
923 749 1064 804 Deus
1099 766 1316 804 recens:
1349 749 1569 818 Aquila,
1628 747 1752 802 Non
1796 749 1894 803 erit
1943 750 2000 804 in
2033 757 2082 802 te

2236 762 2306 798 νυν
2340 746 2435 798 καὶ
2469 745 2913 818 ἐπηγγελλόμην·
2942 747 2992 799 οἱ
3027 747 3084 800 δὲ
3116 747 3218 800 οὐκ
3261 747 3462 818 ἢκουον
3489 746 3603 816 τῆς
3649 746 3792 815 ἐμῆς

494 841 650 910 fortis
671 841 914 906 alienus;
940 839 1304 913 Symmachus
1330 857 1459 896 vero
1487 860 1500 894 :
1523 839 1572 894 Ν
1581 857 1646 894 οη
1672 842 1742 894 sit
1775 842 1829 896 in
1859 851 1910 896 te
1940 842 2081 897 Deus

2236 836 2405 907 ωνῆς”
2458 836 2552 890 καὶ
2592 838 2621 890 6
2664 836 2935 892 τοσούτων
2985 835 3391 909 κατηξιωμένος
3442 836 3798 906 εύεργεσιιῖπ

492 943 773 988 extraneas
812 975 832 1001 ,
886 936 1229 1004 interpretati
1283 942 1413 989 sunt
1479 933 1814 990 Extraneum
1847 943 2028 990 autem
2067 955 2078 989 :

2244 929 2418 1002 σραὴλ
2459 929 2520 982 ού
2594 929 2864 1001 προσέσχε
2924 947 3043 1002 μοι·
3107 929 3230 983 ὃθεν
3279 930 3512 992 εἰκότως
3563 929 3800 993 ἐξσπέο

495 1027 736 1082 alienum
762 1036 816 1082 et
850 1035 1129 1082 recentem
1159 1025 1352 1091 Deum,
1391 1029 1485 1097 qui
1534 1026 1661 1082 talis
1693 1026 1837 1097 apud
1894 1034 2085 1098 gentes

2236 1025 2402 1078 τειλα
2438 1023 2662 1089 αὐτοὺς
2691 1023 2841 1076 κατὰ
2867 1021 2939 1076 τὰ
2985 1021 3424 1092 ἐπιτηδεύματα
3465 1019 3602 1076 τῶν
3655 1037 3798 1088 παρ»

498 1120 640 1174 falso
687 1126 1014 1190 reputatur,
1065 1118 1397 1186 nominavit,
1442 1119 1744 1172 multorum
1795 1119 2085 1174 numinum

2236 1113 2335 1168 ιῶν
2354 1115 2572 1170 αὐτῶν.
2591 1115 2731 1170 Ἀνθ⁹
2748 1109 2807 1169 οὗ
2827 1116 2856 1168 6
2877 1113 3172 1187 Σύμμαχος
3204 1116 3556 1187 ἡρμήνευσεν
3585 1114 3808 1167 εξπιὲννο

497 1210 865 1266 idololatriam
894 1213 974 1267 sic
1007 1211 1240 1282 carptim
1267 1225 1601 1266 memorans.
1627 1209 1840 1278 Quibus
1862 1211 2047 1268 subdit
2071 1231 2085 1267 :

2236 1211 2309 1280 ὐχ
2343 1209 2662 1279 ὑπήκουσε
2697 1209 2768 1263 δὲ
2807 1213 2840 1264 ὁ
2888 1211 3040 1275 λαός
3078 1225 3199 1278 μου
3232 1208 3344 1274 τῆς
3384 1206 3614 1277 φωνῆς
3657 1224 3808 1276 μου,

499 1303 616 1375 Ego
647 1305 789 1358 enim
823 1320 942 1356 sum
1003 1303 1261 1357 Dominus
1295 1302 1435 1357 Deus
1483 1312 1628 1368 tuus,
1677 1303 1969 1359 declarans
2031 1321 2091 1361 se

2236 1304 2295 1359 ai
2329 1305 2570 1375 Ἰσραὴλ
2594 1308 2704 1360 οὐκ
2737 1306 2987 1373 ἐπείσθη
3014 1321 3137 1374 μοι.
3179 1302 3400 1372 Ἀερῆκα
3418 1297 3540 1356 οὖν
3560 1301 3814 1366 αὐτοὺς

499 1412 678 1468 neque
703 1405 1049 1460 extraneum,
1084 1410 1264 1466 neque
1314 1395 1576 1460 alienum,
1613 1410 1793 1466 neque
1813 1403 2090 1452 recentem

2236 1396 2270 1466 ᾖ
2297 1399 2580 1467 ἀρεσκείᾳ
2643 1398 2755 1468 τῆς
2794 1397 3047 1467 καρδίας
3089 1395 3290 1451 αὐτῶν
3313 1435 3328 1459 ,
3374 1395 3628 1450 ὁδεύειν
3675 1393 3816 1460 ταῖς

502 1489 671 1546 Deum
695 1504 840 1545 esse.
875 1488 1003 1543 Erat
1035 1489 1239 1560 quippe
1273 1503 1442 1543 unum
1493 1496 1548 1543 et
1597 1487 1742 1545 idem
1805 1488 1901 1545 Dei
1952 1487 2092 1545 Ver-

2236 1492 2450 1559 ὀυλαῖς
2479 1491 2694 1546 αὐτῶν.
2744 1491 3027 1547 Ἐντεῦθεν
3059 1493 3088 1546 6
3116 1490 3260 1554 θεῖος
3276 1488 3616 1553 Ἀπόστολος
3653 1488 3818 1542 biei-

502 1582 654 1644 hum,
685 1582 830 1651 quod
862 1581 993 1636 olim
1017 1581 1391 1637 diversimode
1430 1582 1675 1653 antiquis
1725 1581 1836 1637 illis
1869 1582 2094 1637 oracula

2236 1603 2319 1640 κει
2365 1584 2491 1658 περί
2518 1602 2681 1639 τινων
2710 1583 2886 1655 λέγων
2909 1602 2922 1616 °
2971 1583 3066 1640 Διὸ
3100 1582 3446 1653 παρέδωκεν
3488 1581 3745 1647 αὐτοὺς
3779 1583 3822 1634 ὁ

503 1674 789 1740 fundebat,
822 1675 1081 1746 quodque
1112 1673 1260 1732 Deus
1280 1673 1454 1731 Iacob
1477 1683 1729 1740 vocatur,
1763 1677 1910 1746 quod
1963 1675 2094 1731 item

2236 1678 2346 1744 nec
2397 1678 2467 1731 ἐν
2523 1677 2653 1744 ταῖς
2698 1677 3038 1748 ἐπιθυμίαις
3085 1675 3206 1730 τῶν
3257 1673 3521 1744 καρδιῶν
3568 1669 3818 1726 αὐτῶν.

505 1769 560 1822 in
588 1767 1064 1822 consummatione
1120 1768 1446 1822 saeculorum
1480 1767 1538 1821 in
1585 1773 1732 1822 terra
1753 1766 1931 1821 visum
1989 1774 2092 1822 est.

2236 1771 2359 1824 Αντὶ
2388 1769 2446 1823 δὲ
2476 1769 2593 1823 τοῦ·
2633 1771 2755 1824 Οὐκ
2784 1769 2957 1824 ἔσται
2988 1770 3060 1823 ἐν
3097 1771 3196 1824 σοι
3233 1768 3376 1834 Θεὸς
3413 1768 3820 1836 πρόσφατος.

504 1847 641 1914 Nam
665 1860 831 1915 etiam
855 1867 981 1915 ante
1016 1859 1262 1914 divinum
1295 1875 1454 1915 suum
1479 1859 1772 1915 adventum
1803 1859 1858 1913 in
1889 1859 2093 1915 mundo
2129 1884 2130 1889 π

2271 1861 2502 1926 Ἀκύλας
2521 1879 2534 1892 ο
2563 1864 2686 1916 Οὐκ
2714 1861 2886 1917 ἔσται
2908 1863 2979 1916 ἐν
2999 1863 3099 1916 σοὶ
3144 1861 3397 1932 ἰσχυρὸς
3429 1835 3782 1926 ἀλλότριος
3797 1872 3820 1886 ⁸

506 1961 646 2016 erat,
673 1962 728 2009 et
762 1954 1002 2008 mundus
1025 1969 1121 2025 per
1145 1954 1322 2024 ipsum
1353 1953 1536 2009 iactus
1563 1959 1668 2008 est.
1723 1950 2092 2018 Quamobrem

2257 1955 2314 2008 δὲ
2344 1955 2653 2027 Σύμμαχος·
2682 1955 2779 2025 Μὴ
2804 1956 2960 2010 ἔστω
2988 1955 3058 2009 ἐν
3086 1955 3184 2010 σοὶ
3209 1953 3353 2021 Θεὸς
3383 1952 3586 2018 ξένος,
3611 1952 3826 2024 ἡρμή-

509 2047 624 2101 haec
658 2047 909 2100 instituta
943 2046 1110 2101 tradit
1143 2065 1155 2101 :
1183 2044 1296 2116 Ego
1327 2048 1467 2100 enim
1498 2061 1616 2099 sum
1671 2043 1931 2098 Dominus
1956 2044 2094 2100 Deus

2236 2066 2383 2103 ευσε.
2420 2049 2584 2104 Ξένον
2621 2049 2678 2104 δὲ
2710 2051 2806 2104 καὶ
2839 2049 3117 2122 ἀλλότριον
3149 2047 3282 2102 Θεὸν
3323 2047 3418 2101 καὶ
3452 2047 3822 2118 πρόσφατον,

511 2149 654 2203 tuus,
680 2140 769 2210 qni
795 2140 957 2194 eduxi
985 2148 1032 2192 te
1057 2139 1118 2192 de
1147 2150 1289 2192 terra
1319 2138 1560 2208 gypti.

2239 2141 2298 2194 δν
2347 2141 2782 2213 πεπλανημένως
2829 2140 2982 2213 παρὰ
3025 2141 3136 2203 τοῖς
3184 2138 3362 2192 ἔθνεσι
3405 2134 3828 2208 νενομισμένον

509 2236 782 2308 ὠνόμασε,
814 2236 914 2307 τὴν
943 2234 1205 2288 πολύθεον
1245 2233 1691 2307 εἰδωλολατρείαν
1732 2234 1877 2289 οὕτω
1919 2236 2444 2308 παραπεμπόμενος.
2473 2233 2569 2300 Οἷς
2597 2217 2865 2304 ἐπιλέγει·
2917 2233 3059 2305 Ἐγὼ
3127 2232 3239 2305 γάρ
3297 2235 3413 2302 ειμι
3479 2231 3719 2298 Κύριος
3791 2231 3828 2281 ὁ

514 2334 660 2398 Θεός
692 2349 840 2397 σου,
883 2331 1156 2402 παριστὰς
1186 2329 1376 2383 ἑαυτὸν
1407 2327 1530 2383 οὔτε
1565 2329 1734 2397 ξένον,
1777 2329 1900 2384 οὔτε
1933 2332 2232 2404 ἀλλότριον,
2256 2331 2381 2386 ούτε
2415 2333 2727 2405 πρόσφατον
2764 2331 2894 2386 δντα
2923 2331 3076 2386 Θεόν.
3136 2325 3246 2383 Ἦν
3306 2327 3416 2402 γὰρ
3456 2323 3538 2392 εἷς
3613 2327 3729 2380 καὶ
3796 2328 3830 2377 ὁ

513 2425 676 2489 αὐτὸς
697 2427 728 2477 6
759 2423 855 2478 τοῦ
885 2422 1022 2477 Θεοῦ
1055 2423 1249 2490 Λόγος,
1291 2422 1388 2475 καὶ
1417 2424 1446 2476 6
1484 2422 1654 2477 πάλαι
1685 2423 1960 2496 διαφόρως
1987 2427 2102 2488 τοῖς
2139 2424 2390 2490 παλαιοῖς
2429 2423 2805 2498 χρηματίζων,
2838 2427 2866 2479 6
2885 2424 2950 2496 δὴ
2972 2424 3066 2478 καὶ
3103 2421 3236 2486 Θεὸς
3270 2419 3465 2475 Ἰακὼϐ
3498 2418 3828 2488 ἐπικεκλη-

519 2520 709 2592 μένος,
738 2519 767 2569 ὁ
817 2517 910 2569 κα)⁹
962 2514 1056 2568 ἐπὶ
1103 2514 1386 2588 συντελείᾳ
1435 2515 1545 2568 τῶν
1585 2514 1795 2570 αἰώνων
1846 2518 1939 2570 ἐπὶ
1989 2517 2096 2588 γῆς
2133 2517 2340 2587 ὀφθείς.
2371 2518 2587 2590 Ἐνγὰρ
2609 2517 2688 2588 τῷ
2710 2517 2901 2589 κόσμῳ
2922 2513 2991 2588 ἦν
3014 2515 3106 2570 καὶ
3168 2513 3395 2586 πρὸτῆς
3455 2511 3828 2582 θεοφανείας,

516 2615 610 2670 καὶ
629 2615 656 2666 6
678 2613 882 2684 κόσμος
900 2611 966 2665 δι’
991 2611 1154 2666 αὐτοῦ
1183 2611 1418 2680 ἐγένετο.
1447 2611 1646 2684 Διόπερ
1671 2612 2104 2686 παρακελεύεται
2141 2613 2314 2683 λέγων
2333 2630 2347 2643 ο
2393 2615 2534 2685 Ἐγὼ
2568 2613 2680 2684 γάρ
2719 2616 2835 2684 ειμι
2860 2613 3074 2682 Κύριος
3107 2613 3139 2666 ό
3170 2610 3313 2677 Θεός
3355 2623 3495 2672 σσυ,
3554 2609 3592 2661 ό
3655 2605 3830 2662 dra-

3983 774 3985 852 ι

3985 870 3987 948 ι

3983 957 3989 1050 l

3989 1062 3991 1116 l

3991 1160 3995 1282 1Ι

518 2708 716 2778 αγαγών
741 2725 815 2762 σε
839 2708 909 2761 ἐκ
945 2706 1061 2778 γῆς
1090 2709 1417 2777 Αἰγύπτου.

591 2824 759 2881 Vens.
794 2825 994 2888 Η,15.
1026 2823 1086 2880 Si
1113 2826 1338 2895 populus
1364 2842 1506 2882 meus
1529 2829 1763 2883 audisset
1795 2846 1896 2893 me,
1937 2828 2110 2883 Israel

522 2923 567 2977 si
590 2922 643 2974 in
670 2920 766 2975 viis
801 2920 928 2973 meis
953 2920 1313 2988 ambulasset,
1344 2937 1439 2991 pro
1468 2921 1634 2976 nihilo
1665 2923 1896 2990 forsitan
1924 2924 2112 2978 inimi»

524 3031 612 3068 cos
667 3028 850 3068 eorum
894 3011 1282 3079 humiliassem,
1337 3023 1386 3068 et
1439 3033 1597 3086 super
1651 3017 1965 3072 tribulantes
2023 3035 2112 3074 eos

525 3106 790 3160 misissem
820 3121 1035 3158 "ianum
1067 3121 1259 3161 meam.
1285 3106 1426 3162 Iram
1459 3109 1660 3181 quippe
1703 3109 1798 3166 Dei
1827 3126 1940 3166 non
1969 3110 2116 3179 inju-

526 3198 608 3252 ria
633 3214 732 3252 nec
763 3199 884 3254 sine
905 3212 1073 3252 causa
1105 3195 1391 3252 Judaicam
1443 3199 1712 3257 invasisse
1741 3209 1956 3270 gentem
1994 3203 2113 3257 sui—

530 3290 777 3346 ticienter
813 3288 1082 3346 defendit.
1120 3288 1460 3362 Videturque
1486 3292 1619 3346 mihi
1655 3292 1720 3346 ad
1746 3293 2120 3364 praecedentes

529 3381 990 3453 interrogationes
1012 3401 1024 3435 :
1054 3379 1275 3452 thuid,
1295 3381 1456 3450 Deus,
1479 3382 1724 3453 repulisti
1741 3385 1794 3438 in
1810 3387 1991 3455 ﬁnem,
2010 3387 2122 3440 ira-

534 3487 618 3530 tus
646 3484 721 3529 est
751 3476 905 3544 furor
929 3484 1050 3528 tuus
1079 3491 1236 3544 super
1264 3491 1380 3530 oves
1431 3492 1644 3545 pascuae
1668 3486 1774 3531 tua:
1797 3479 1881 3531 ’3?
1915 3493 1978 3533 ac
1999 3495 2124 3532 rur-

533 3580 654 3619 sum
681 3583 693 3618 :
723 3562 920 3635 thuid
935 3563 1251 3619 destruxisti
1277 3566 1561 3619 maceriam
1575 3565 1714 3635 ejus,
1733 3576 1781 3619 et
1801 3567 2123 3622 vindemiant

532 3673 650 3710 eam
679 3672 858 3711 omnes
884 3659 976 3728 qui
1017 3657 1530 3727 prwtergrediuntur
1583 3658 1724 3712 viam
1753 3658 1843 3710 σοι
1896 3675 2125 3731 respon-

536 3751 748 3806 sionem
803 3750 1114 3806 instituere.
1149 3749 1282 3805 Nam
1317 3766 1426 3819 qua
1459 3751 1526 3806 de
1575 3766 1743 3807 causa
1799 3753 1916 3808 haec
1976 3754 2124 3824 passi

537 3841 688 3907 sint,
712 3841 958 3897 declarat
986 3842 1074 3898 his
1100 3843 1284 3898 verbis
1315 3863 1326 3898 :
1369 3842 1508 3910 Quia
1529 3861 1637 3898 non
1669 3845 1882 3899 audivit
1896 3847 2125 3917 populus

538 3952 685 3990 meus
710 3952 884 3991 vocem
918 3953 1111 4004 meam,
1137 3945 1187 3990 et
1237 3935 1412 3991 Israel
1443 3953 1546 3990 non
1577 3938 1805 3992 intendit
1838 3940 1996 4004 mihi;
2029 3951 2082 3995 et
2111 3959 2122 3995 :

539 4030 600 4087 Si
630 4031 855 4102 populus
884 4048 1028 4086 meus
1061 4030 1297 4085 audisset
1339 4046 1441 4095 me,
1474 4029 1648 4084 Israel
1685 4032 1732 4085 si
1761 4031 1815 4084 in
1847 4032 1947 4085 viis
2001 4035 2128 4088 meis

540 4125 890 4193 ambulasset,
920 4142 1016 4195 pro
1051 4124 1220 4180 nihilo
1272 4125 1505 4195 forsitan
1555 4124 1798 4181 inimicos
1829 4143 2010 4180 eorum
2039 4129 2133 4181 liu-

541 4217 856 4272 miliassem.
903 4216 1011 4273 Pro
1041 4234 1152 4288 quo
1193 4215 1557 4288 Symmachus
1584 4219 1977 4289 interpretatus
1996 4232 2081 4276 est
2114 4241 2126 4274 :

541 4307 611 4364 In
645 4311 870 4364 minimo
903 4311 1134 4380 forsitan
1159 4311 1405 4365 inimicos
1425 4327 1609 4365 eorum
1649 4312 1915 4379 vicissem,
1954 4323 2004 4368 et
2035 4329 2133 4368 su-

540 4418 634 4470 per
662 4401 1001 4456 adversarios
1036 4418 1217 4455 eorum
1245 4404 1616 4458 convertissem
1665 4421 1882 4458 manum
1937 4422 2130 4460 meam.

541 4491 670 4548 Haec
704 4509 837 4548 sane
869 4491 1149 4558 fecissem,
1173 4494 1371 4564 inquit,
1398 4503 1593 4550 contra
1635 4494 1893 4551 inimicos
1921 4498 2130 4567 populi,

2289 2831 2362 2883 Ei
2397 2829 2430 2881 ό
2455 2827 2606 2892 λαός
2628 2837 2748 2895 μου
2777 2820 3008 2891 ἥκουσέ
3028 2837 3169 2891 μου,
3209 2817 3455 2888 Ἰσραὴλ
3475 2818 3611 2886 ταῖς
3643 2819 3830 2887 ὁδοῖς

2212 2939 2332 2993 μου
2367 2921 2418 2974 εὶ
2443 2919 2739 2988 ἐπορεύθη
2760 2932 2774 2946 °
2800 2915 2870 2969 ἐν
2901 2913 2982 2980 τῷ
3019 2913 3234 2984 μηδενὶ
3268 2909 3345 2966 ἂν
3372 2912 3514 2979 τοὺς
3549 2913 3826 2982 ἐχθροὺς

2217 3013 2418 3071 αὐτῶν
2437 3012 2832 3073 ἐταπείνωσα,
2852 3009 2950 3062 καὶ
2967 3008 3064 3062 ἐπὶ
3087 3007 3229 3074 τοὺς
3251 3007 3566 3073 θλίϐοντας
3583 3007 3828 3073 αὐτοὺς

2221 3110 2522 3164 ἐπέϐαλον
2543 3107 2619 3161 ἂν
2644 3107 2759 3175 τὴν
2787 3103 2956 3175 χεῖρά
2973 3122 3113 3174 μου.
3145 3102 3367 3166 ’Ῑκανῶς
3389 3100 3825 3174 ἀπολελόγηται,

2218 3204 2300 3256 ὅτι
2335 3202 2410 3274 μὴ
2442 3201 2680 3274 ἀκρίτως
2717 3200 2854 3270 μήτε
2882 3197 2958 3261 ὼς
2985 3195 3140 3267 ἔτυχε
3178 3195 3410 3268 μετῆλθε
3437 3195 3499 3248 τὸ
3537 3194 3826 3248 Ἰουδαίων

2223 3297 2375 3360 ἔθνος
2404 3297 2437 3367 ἡ
2474 3297 2540 3348 ὲκ
2576 3292 2714 3346 Θεοῦ
2745 3293 2903 3364 ὀργή.
2935 3290 3046 3345 Καί
3081 3308 3172 3362 μοι
3194 3290 3342 3343 δοκεῖ
3372 3289 3509 3362 πρὸς
3538 3289 3641 3352 τὰς
3663 3288 3824 3342 ἀνω-

2223 3389 2368 3460 τέρω
2409 3386 2738 3458 λελεγμένας
2784 3383 3028 3448 πεύσεις,
3070 3385 3129 3438 ὲν
3169 3381 3248 3454 τῷ
3289 3383 3414 3437 Ἵνα
3463 3383 3519 3436 τί
3564 3385 3596 3436 ὁ
3643 3383 3826 3448 Θεὸς,

2224 3479 2446 3534 ἀπώσω
2478 3481 2566 3545 εις
2599 3477 2794 3544 τέλος,
2821 3477 3082 3547 ὠργίσθη
3109 3478 3141 3528 ό
3165 3475 3350 3544 θυμός
3381 3490 3498 3528 σου
3525 3473 3624 3525 ἐπὶ
3665 3474 3825 3542 πρό-

2227 3575 2373 3626 ϐατα
2399 3571 2589 3642 νομῆς
2608 3587 2760 3634 σου;
2801 3570 2898 3624 καὶ
2924 3568 3086 3623 πάλιν
3106 3585 3120 3596 ·
3153 3569 3278 3623 Ἵνα
3315 3567 3372 3620 τί
3409 3565 3684 3632 καθεῖλες
3706 3565 3828 3619 τὸν

2227 3665 2502 3734 φραγμὸν
2539 3662 2749 3732 αὐτῆς,
2779 3663 2878 3718 καὶ
2925 3660 3228 3732 τρυγῶσιν
3272 3659 3468 3729 αὐτὴν
3500 3659 3728 3726 πάντες
3759 3662 3825 3714 oi

2229 3744 2782 3826 παρᾶπορευόμενοι
2825 3753 2941 3824 τὴν
2981 3754 3160 3818 όδόν;
3203 3754 3302 3825 τὴν
3359 3752 3654 3825 ἀπόκρισιν
3719 3767 3826 3804 πε-

2230 3849 2511 3922 ποιῆσθαι.
2532 3852 2650 3904 Ἵνα
2679 3850 2731 3904 τί
2759 3849 2869 3923 γὰρ
2895 3849 2966 3903 τὰ
2989 3848 3213 3902 τοιαῦτα
3235 3846 3536 3900 πεπόνθασι
3574 3845 3824 3900 διδάσκει

2231 3943 2406 4012 λέγων
2429 3961 2441 3974 ·
2469 3943 2594 3996 Ὅτι
2627 3944 2738 3997 οὐκ
2777 3941 3049 4011 ἤκουσεν
3081 3944 3113 3994 ὀ
3145 3939 3297 4005 λαός
3326 3956 3444 4010 μου
3471 3937 3582 4006 τῆς
3611 3933 3825 4006 φωνῆς

2226 4055 2368 4107 μου,
2407 4035 2507 4090 καὶ
2529 4035 2778 4104 Ἰσραὴλ
2805 4035 2877 4089 οὐ
2901 4032 3208 4103 προσέσχε
3226 4049 3349 4103 μοι.
3377 4031 3494 4094 καὶ,
3517 4032 3586 4084 Ei
3613 4033 3644 4084 ὁ
3667 4030 3824 4096 λαός

2228 4147 2348 4200 μου
2376 4128 2606 4197 ἤκουσέ
2631 4145 2776 4195 μου,
2814 4125 3064 4194 Ἰσραὴλ
3092 4126 3224 4192 ταῖς
3251 4123 3415 4190 ὁδοῖς
3441 4139 3563 4193 μου
3591 4124 3644 4175 εὶ
3684 4121 3825 4174 ἐπο-

2227 4221 2414 4290 ρεύθη
2435 4237 2448 4250 ’
2490 4220 2561 4273 ἐν
2606 4217 2686 4284 τῷ
2737 4217 2956 4289 μηδενὶ
3001 4217 3078 4272 ἂν
3127 4216 3270 4284 τοὺς
3314 4214 3567 4285 ἐχθροὺς
3623 4211 3824 4268 αὐτῶν

2234 4315 2630 4369 ἐταπείνωσα.
2668 4312 2811 4366 Ἀνθ’
2843 4306 2903 4366 οὗ
2930 4313 2958 4365 ό
2982 4310 3280 4383 Σύμμαχος
3303 4310 3650 4381 ήρμήνευσεν
3671 4324 3685 4337 ·
3727 4306 3824 4358 Ἐν

2237 4409 2524 4479 ὀλιγίστῳ
2547 4406 2624 4462 ἂν
2650 4405 2902 4477 ἐχθροὺς
2927 4405 3126 4460 αὐτῶν
3153 4404 3408 4472 ἤττησα,
3431 4400 3529 4455 καὶ
3554 4399 3656 4454 ἐπὶ
3682 4399 3824 4464 τοὺς

2238 4501 2554 4566 ἐναντίους
2586 4497 2786 4552 αὐτῶν
2829 4497 3177 4567 ἀνέστρεψα
3224 4494 3302 4550 ἂν
3331 4494 3447 4564 τὴν
3479 4493 3646 4565 χεῖρά
3680 4511 3820 4563 μου.

543 4587 591 4640 si
616 4585 920 4657 morigeros
947 4585 1073 4640 illos
1095 4585 1439 4654 habuissem,
1457 4597 1512 4643 et
1542 4588 1590 4642 si
1614 4588 1672 4642 in
1688 4587 1792 4643 viis
1817 4589 1977 4656 meis,
1996 4606 2130 4661 quas

2242 4589 2429 4644 Ταῦτα
2451 4561 2781 4660 ἂνϋέπραξα,
2811 4587 2966 4660 φησὶ,
2998 4561 3140 4642 κατὰ
3176 4585 3285 4640 τῶν
3318 4561 3525 4659 ἐχθρῶν
3553 4561 3646 4638 τοῦ
3671 4561 3820 4648 λαοῦ,

543 4680 990 4750 praescripseram
1023 4679 1184 4751 ipsis,
1218 4679 1600 4736 incessissent.
1647 4679 1808 4736 Nunc
1841 4697 1974 4738 vero
2008 4699 2134 4738 eum

545 4773 975 4842 inobsequentes
1004 4781 1059 4828 et
1116 4772 1454 4844 immorigeri
1503 4773 1633 4828 iacti
1672 4773 1807 4839 sint,
1855 4791 1978 4830 sese
2028 4775 2136 4846 ipsi

544 4863 800 4918 inimicos
822 4861 920 4918 Dei
947 4863 1379 4918 constituerunt.
1415 4861 1622 4918 Deinde
1669 4861 1935 4933 quoniam
1959 4860 2135 4934 Spiri-

546 4965 636 5011 tus
666 4965 899 5012 sanctus
955 4956 1339 5028 immorigeros
1385 4964 1442 5010 et
1497 4957 1928 5027 inobsequentes
1992 4956 2139 5021 illos,

547 5050 810 5122 populum
841 5067 1004 5106 suum
1035 5067 1132 5123 per
1166 5051 1528 5106 humanitatis
1561 5051 2008 5121 exsuperantiam
2040 5067 2143 5106 vo-

547 5146 717 5209 cavit,
749 5145 911 5201 docet
937 5146 1235 5212 neminem,
1259 5144 1351 5215 qui
1382 5159 1510 5200 vere
1542 5143 1777 5215 populus
1795 5141 1888 5198 Dei
1911 5146 2003 5211 sit,
2038 5144 2147 5216 ipsi

551 5245 1010 5309 repugnaturum.
1061 5237 1428 5304 Quamobrem
1494 5237 1660 5294 infert
1692 5238 1996 5294 z—Vans.
2052 5239 2144 5295 16.

551 5330 770 5385 Inimici
799 5331 1014 5386 Domini
1044 5332 1251 5384 mentiti
1274 5343 1397 5385 sunt
1430 5332 1478 5384 ei
1497 5346 1515 5394 ,'
1549 5333 1852 5388 secundum
1891 5331 2144 5406 Symma-

550 5424 717 5479 chum
749 5435 976 5481 autem:
1013 5425 1303 5479 Dominum
1346 5441 1567 5480 exosum
1608 5425 1948 5499 faciunt,qui
1997 5444 2144 5483 men-

553 5519 766 5573 tiuntur
791 5521 915 5587 ipsi.
968 5519 1243 5592 Additque
1279 5539 1292 5574 :
1325 5518 1395 5573 Et
1437 5521 1538 5573 erit
1593 5531 1794 5590 tempus
1845 5538 2030 5576 eorum
2090 5523 2146 5575 in

553 5612 831 5668 siccatum.
865 5612 1096 5670 Etiamsi
1126 5615 1274 5670 enim
1321 5612 1452 5667 talia
1474 5613 1593 5669 ausi
1643 5613 1870 5682 fuerint,
1900 5623 2144 5671 attamen

554 5717 800 5773 praesens
828 5705 1093 5760 saeculum
1142 5705 1491 5762 obtinebunt.
1528 5705 1595 5761 Et
1629 5707 1735 5762 hoc
1782 5722 1972 5764 eorum
2009 5715 2146 5762 tem-

2243 4684 2292 4736 εἰ
2321 4681 2480 4752 ἔσχον
2513 4680 2713 4744 αὐτοὺς
2747 4680 3042 4752 ὑπηκόους,
3075 4679 3170 4733 καὶ
3202 4679 3251 4732 εἰ
3284 4681 3401 4741 ταῖς
3429 4678 3569 4740 ὁδοῖς
3604 4693 3705 4748 μου
3736 4669 3823 4738 αἷς

2241 4773 2576 4846 διεταξάμην
2604 4773 2790 4836 αὐτοῖς
2823 4772 3218 4846 ἐπορεύθησαν.
3243 4771 3358 4824 Νῦν
3383 4770 3441 4823 δὲ
3478 4770 3698 4842 ἀνήκοοι
3731 4769 3822 4822 καὶ

2242 4868 2492 4930 ἀπειθεῖς
2511 4865 2814 4938 γενόμενοι,
2847 4865 3000 4920 αὐτοὶ
3037 4865 3265 4928 ἑαυτοὺς
3303 4862 3532 4936 ἐχθροὺς
3555 4862 3649 4917 τοῦ
3689 4859 3823 4915 Θεοῦ

2248 4959 2618 5033 κατέστησαν.
2669 4957 2782 5012 Εἶτ’
2829 4957 3129 5029 ἐπειδήπερ
3183 4956 3312 5010 λαὸν
3369 4955 3536 5010 αὑτοῦ
3576 4955 3825 5027 ὠνόμασε

2249 5056 2375 5119 τοὺς
2409 5054 2653 5118 ἀπειθεῖς
2686 5053 2780 5106 καὶ
2831 5050 3094 5121 ἀνηκόους
3135 5048 3256 5104 καθ’
3303 5047 3607 5122 ὑπερϐολὴν
3646 5047 3828 5120 φιλαν-

2249 5148 2497 5221 θρωπίας
2527 5148 2587 5201 τὸ
2637 5145 2863 5217 Πνεῦμα
2899 5143 2961 5198 τὸ
2998 5143 3190 5214 ἅγιον,
3236 5143 3478 5198 διδάσκει
3529 5143 3611 5196 ὃτι
3657 5140 3829 5204 οὐδεὶς

2250 5239 2372 5310 Θεῴ
2397 5238 2713 5309 ὰπειθήσειε
2748 5234 2876 5298 λαὸς
2901 5232 3089 5288 αὑτοῦ.
3115 5231 3206 5285 Διὸ
3231 5232 3472 5300 ἐπιλέγει
3496 5247 3508 5261 ·
3536 5232 3600 5283 Ol
3630 5226 3828 5297 ἐχθροὶ

2251 5332 2473 5400 Kvpiov
2499 5329 2842 5398 ἐψεύσαντο
2887 5326 3048 5392 αὐτῷ
3068 5345 3082 5357 ·
3122 5325 3266 5379 κατὰ
3293 5325 3350 5378 δὲ
3377 5324 3470 5378 τὸν
3502 5321 3792 5394 Σύμμαχον
3811 5335 3826 5350 ·

2249 5423 2568 5480 Μισοποιοὶ
2589 5423 2812 5490 Κυρίου
2839 5423 2893 5476 οι
2921 5417 3294 5490 ψευσάμενοι
3328 5415 3508 5482 αὐτῷ.
3528 5415 3638 5470 Καὶ
3661 5428 3826 5485 προσ-

2248 5518 2465 5591 τίθησι·
2499 5515 2611 5571 Καὶ
2641 5515 2814 5570 ἔσται
2841 5518 2873 5569 ό
2909 5513 3114 5582 καιρὸς
3146 5509 3347 5566 αὐτῶν
3375 5511 3464 5577 εἰς
3488 5507 3596 5562 τὸν
3627 5506 3827 5561 αἰῶνα.

2249 5611 2445 5684 Εἰ“γὰρ
2473 5611 2566 5664 καὶ
2590 5607 2817 5664 τοιαῦτα
2845 5606 3263 5678 τετολμήκασιν,
3287 5605 3439 5675 ὅμως
3465 5602 3557 5656 τὸν
3593 5599 3829 5672 παρόντα

2253 5703 2422 5758 αἰῶνα
2448 5695 2650 5769 ἕξουσι.
2695 5701 2809 5756 Καὶ
2862 5692 3019 5762 οὗτός
3061 5699 3208 5751 ἐστιν
3248 5693 3428 5750 αὐτῶν
3458 5694 3487 5748 6
3515 5689 3726 5762 καιρὸς.
3773 5688 3828 5740 ὲν

627 5861 670 5890 ’⁷
712 5857 869 5918 lieni.
909 5877 954 5928 ι,
993 5862 1082 5917 24.
1163 5864 1205 5896 ’⁸
1245 5861 1390 5919 Psal.
1428 5849 1636 5933 inm,
1681 5872 1725 5920 t.
1805 5867 1848 5897 θ’
1892 5863 2035 5920 Psal.
2074 5880 2262 5929 tum,
2306 5863 2388 5918 i5.
