4078 6934
289 299 444 357 98'!

304 414 374 490 ᾧ
413 415 520 472 xui.
565 412 707 486 μετὰ
737 409 980 466 τοσαῦτα
1013 408 1465 481 πλημμελήματα
1495 408 1806 478 ἐψώμισεν
1834 411 1939 463 αὑ-

2048 424 2152 479 pus
2179 416 2286 474 est,
2319 425 2431 478 quo
2463 413 2588 478 post
2631 414 2711 461 tot
2769 416 3029 478 tantaque
3079 410 3287 466 scelera
3321 409 3511 483 (Vens.
3541 413 3630 482 17)

303 510 488 576 τοὺς
538 509 608 561 ἐκ
669 505 926 572 στέατος
985 503 1202 572 πυροῦ,
1241 501 1344 556 καὶ
1394 503 1464 556 ἐκ
1526 500 1748 570 πέτρας
1797 500 1938 571 μέλι

2047 502 2346 557 cibaviteos
2378 517 2446 556 ea:
2474 501 2627 570 adipe
2653 501 2932 570 frumenti,
2961 511 3010 556 et
3033 501 3096 556 de
3127 514 3278 574 petra
3306 501 3457 558 melle
3483 515 3634 559 satu-

302 604 680 673 ὲκόρτασεν
732 598 974 664 αὐτούς.
1013 595 1173 650 Κατά
1211 593 1372 649 τοῦτο
1408 594 1466 648 δὲ
1511 593 1750 666 ἐπλήρου
1811 611 1939 648 κατ-

2048 598 2186 649 rauit
2213 611 2324 649 eos.
2369 593 2528 649 Tunc
2556 610 2722 666 porro
2753 595 2881 650 illos
2909 595 3135 666 proprio
3155 595 3280 651 cibo
3310 598 3521 668 replere
3546 597 3633 652 di-

310 695 588 764 αξιώσας
637 693 840 756 αὐτοὺς
880 692 982 762 τῆς
1024 689 1235 751 οἰκείας
1268 688 1496 761 τροφῆς,
1552 687 1614 740 οὐ
1651 686 1813 758 μόνον
1839 686 1939 757 τῆς

2045 696 2248 758 gnatus
2276 697 2384 753 est,
2418 702 2531 742 non
2555 702 2824 758 corporeo
2856 688 3058 755 solum,
3089 687 3184 742 sed
3207 689 3373 744 etiam
3421 690 3631 746 cmlesti

316 785 694 857 σωματικῆς,
727 781 864 837 ἀλλὰ
897 782 992 835 καὶ
1023 780 1126 850 τῆς
1173 777 1501 850 ἐπουρανίου
1551 777 1647 832 xui.
1697 793 1939 846 πνευμα-

2045 788 2100 836 et
2118 781 2412 850 spirituali,
2435 795 2559 835 cum
2589 779 2657 834 ad
2678 781 2825 851 ipsos
2842 781 3051 851 primos
3074 779 3331 836 Christus
3353 780 3445 837 Dei
3475 797 3634 853 pere-

315 879 539 950 τικῆς,
575 876 813 948 ὁπηνίκα
847 873 1086 946 πρώτοις
1118 873 1305 936 αὐτοῖς
1343 871 1611 942 ἐπεδήμει
1645 872 1674 925 6
1703 869 1938 942 Χριστὸς

2047 874 2300 945 grinatus
2345 881 2430 929 est
2477 880 2645 945 atque
2687 873 2743 928 in
2784 873 2969 928 cibum
3019 873 3176 943 ipsis,
3206 874 3487 929 caelestem
3536 889 3633 944 pan

317 969 435 1024 τοῦ
497 968 656 1035 Θεοῦ,
690 967 895 1041 τροφὴν
953 966 1138 1029 αὐτοῖς
1199 966 1428 1036 παρεῖχε
1477 963 1570 1018 τὸν
1603 960 1938 1034 ’ἐπουράνιον

2046 980 2194 1030 nem,
2220 964 2434 1020 scilicet
2461 965 2729 1034 seipsum,
2755 964 2924 1020 dedit.
2966 963 3110 1030 Quin
3134 964 3298 1019 etiam
3331 963 3388 1018 in
3412 963 3630 1020 deserto

319 1065 516 1136 ἄρτον
547 1063 712 1126 αὐτὸς
746 1060 958 1114 ἔαυτόν.
992 1057 1068 1110 Ού
1110 1057 1216 1129 μὴν
1242 1054 1380 1110 ἀλλὰ
1417 1055 1514 1109 xui.
1539 1053 1814 1127 ἐψώμισεν
1842 1053 1939 1108 αύ-

2044 1072 2112 1113 ex
2129 1058 2376 1129 quinque
2401 1057 2637 1128 panibus
2665 1056 2992 1113 mirabiliter
3036 1056 3242 1113 cibavit
3299 1071 3431 1122 eos;
3487 1057 3631 1112 sicut

1518 293 2030 352 COMMENTARIA
2070 295 2136 350 IN
2175 293 2302 350 PSA
2312 293 2516 352 LMOS.
3527 297 3632 354 98?.

319 1159 476 1220 τοὺς
514 1159 578 1211 ὲκ
611 1157 773 1210 πέντε
820 1154 1002 1226 ἄρτων
1037 1147 1355 1224 παραδόξως
1400 1149 1494 1202 ἐπὶ
1549 1148 1647 1218 τῆς
1694 1147 1934 1219 ἐρήμου·

317 1251 542 1322 ὥσπερ
573 1248 742 1303 πάλαι
776 1245 868 1301 διὰ
886 1245 1136 1309 Μωσέως
1169 1244 1230 1297 τὸ
1269 1244 1459 1314 μάννα.
1500 1241 1622 1295 Ἔτι
1653 1240 1711 1294 δὲ
1749 1239 1846 1294 καὶ
1866 1239 1938 1293 ἐκ

322 1343 573 1412 πέτρας
599 1340 740 1411 μέλι
777 1340 1107 1410 ἐχόρτασεν
1135 1337 1389 1397 αὐτούς’
1428 1334 1604 1408 πέτρα
1641 1333 1698 1387 δὲ
1735 1328 1803 1404 ἦν
1836 1331 1939 1387 αύ-

321 1437 457 1502 τὸς,
493 1433 746 1507 χορηγῶν
799 1432 982 1496 αὐτοῖς
1028 1431 1097 1484 τὰ
1138 1429 1321 1500 πάσης
1366 1427 1559 1500 ἡδονῆς
1608 1427 1703 1480 xui.
1737 1423 1938 1488 παντὸς

330 1526 566 1598 μέλιτος
598 1523 909 1594 γλυκύτερα
961 1521 1258 1594 μαθήματα
1280 1561 1296 1586 ,
1331 1518 1459 1590 περὶ
1507 1511 1582 1572 ὧν
1620 1513 1689 1589 ἦν
1723 1517 1898 1570 εἰπεῖν
1921 1531 1934 1546 ·

341 1621 460 1686 Ὠς
483 1617 714 1690 γλυκέα
735 1617 809 1672 τὰ
833 1615 1010 1687 λόγιά
1051 1631 1168 1669 σου
1198 1612 1280 1679 τῷ
1318 1611 1580 1683 φάρυγγί
1609 1627 1730 1680 μου
1747 1609 1768 1661 !
1785 1606 1938 1676 ὑπὲρ

323 1712 487 1784 μέλι
536 1710 616 1778 τῷ
654 1709 912 1780 στόματί
940 1726 1082 1779 μου.
1132 1706 1244 1761 Καὶ
1277 1705 1443 1760 πάλαι
1487 1703 1545 1758 δὲ
1577 1702 1665 1757 διὰ
1692 1699 1939 1765 Μωσέως

2044 1150 2174 1206 olim
2205 1165 2303 1221 per
2357 1148 2596 1221 Moysem
2635 1163 2839 1204 manna
2874 1149 3162 1220 impertiit.
3196 1147 3536 1220 lnsuperque
3566 1164 3634 1204 ea:

2043 1253 2196 1314 petra
2225 1242 2378 1298 melle
2407 1242 2671 1298 saturavit
2722 1259 2811 1296 eos
2843 1259 2862 1296 :
2900 1250 3054 1313 petra
3108 1250 3292 1298 autem
3346 1242 3463 1313 ipse
3487 1249 3629 1306 erat,

2044 1335 2371 1406 disciplinas
2396 1351 2552 1404 suas,
2585 1334 2831 1406 qualibet
2878 1334 3160 1406 voluptate
3185 1349 3250 1390 ac
3301 1335 3462 1390 melle
3509 1335 3632 1390 dul-

2045 1431 2246 1494 ciores,
2273 1429 2410 1500 ipsis
2434 1429 2817 1500 suppeditans,
2854 1427 2923 1483 de
2953 1428 3157 1499 quibus
3197 1427 3384 1484 dicere
3413 1427 3577 1483 liccat
3612 1444 3630 1482 :

2047 1522 2222 1589 Quam
2253 1523 2436 1577 dulcia
2458 1521 2704 1592 faucibus
2757 1522 2888 1576 meis
2919 1521 3130 1592 eloquia
3177 1532 3269 1575 tua
3289 1521 3310 1574 .'
3342 1519 3630 1590 super'mel

2045 1615 2127 1669 ori
2155 1631 2269 1668 meo
2300 1615 2341 1669 ¹.
2369 1613 2512 1669 Olim
2543 1615 2675 1669 item
2729 1629 2827 1684 per
2871 1613 3108 1685 Moysem
3136 1629 3204 1670 ex
3241 1620 3393 1684 petra
3423 1612 3632 1682 potavit

2044 1722 2162 1764 eos.
2203 1706 2307 1763 Mel
2329 1717 2507 1762 autem
2539 1706 2608 1762 de
2642 1714 2816 1778 petra,
2847 1707 2939 1763 hic
2968 1722 3078 1762 non
3126 1707 3236 1761 alio
3263 1720 3428 1777 quam
3468 1705 3632 1760 intel-

332 1809 412 1860 ὲκ
441 1805 651 1879 πέτρας
675 1805 860 1868 αὐτοῖς
889 1805 1120 1876 παρεῖχε
1147 1800 1330 1855 ποτόν.
1362 1798 1494 1854 Μέλι
1521 1798 1580 1852 δὲ
1611 1795 1847 1852 ἐνταῦθα
1877 1796 1939 1850 τὸ

2042 1797 2243 1871 ligendi
2295 1814 2452 1855 more
2501 1799 2792 1870 excipias:
2831 1799 3093 1871 quoniam
3142 1799 3262 1870 ipse
3297 1797 3514 1870 Moyses
3571 1798 3629 1852 in

336 1900 412 1952 ἐκ
457 1898 667 1970 πέτρας
704 1897 814 1951 οὐδ’
847 1896 1023 1961 ἄλλως
1075 1894 1109 1965 ἦ
1151 1893 1296 1948 κατὰ
1339 1891 1579 1946 διάνοιαν
1617 1888 1933 1943 ὲκδεκτέον’

337 1990 476 2043 ἐπεὶ
504 1990 599 2044 xui.
625 1989 784 2054 αὐτὸς
820 1988 1024 2059 Μωσῆς
1061 1986 1158 2058 τὴν
1203 1985 1372 2057 αὐτὴν
1399 1982 1579 2054 τίθησι
1607 1981 1935 2054 μαρτυρίαν,

338 2080 528 2150 λέγων
558 2082 616 2134 ἐν
647 2080 856 2152 μεγάλῃ
887 2079 1032 2151 ᾠδῇ⁸
1071 2077 1414 2145 Ἐθήλασαν
1431 2074 1572 2146 μέλι
1596 2075 1666 2129 ἐκ
1693 2071 1934 2142 πέτρας,

340 2159 701 2230 καίέλαιον
734 2173 806 2227 ἐκ
852 2170 1103 2242 στερεᾶς
1146 2170 1386 2239 πέτρας.
1415 2169 1595 2240 "Amp
1651 2167 1790 2240 πρὸς
1840 2165 1939 2237 μὲν

339 2261 515 2334 ψιλὴν
537 2262 635 2334 τὴν
663 2262 809 2329 λέξιν
835 2263 933 2334 οὐχ
955 2261 1282 2332 ὑφέστηκεν,
1307 2257 1688 2332 ἁλληγορικῶς
1706 2258 1764 2312 δὲ
1795 2255 1939 2311 κατὰ

345 2355 527 2426 μόνην
553 2353 650 2426 τὴν
670 2354 908 2408 διάνοιαν
930 2352 1274 2420 ἐξακούεται.
1305 2352 1477 2414 Αὐτὸς
1512 2351 1621 2422 γὰρ
1650 2351 1680 2403 6
1703 2347 1938 2420 Χριστὸς

340 2450 609 2524 ήιπέτρα,
633 2449 806 2503 ταῦτα
827 2448 1006 2504 πάντα
1035 2447 1292 2519 παρέχων
1317 2446 1502 2509 αὐτοῖς
1532 2443 1621 2498 διὰ
1642 2443 1743 2514 τῆς
1771 2442 1938 2497 αὐτοῦ

269 2615 274 2618 _
341 2539 722 2606 διδασκαλίας,
747 2541 811 2594 ού
840 2537 966 2594 καθ’
993 2538 1053 2593 ὃν
1079 2537 1270 2610 χρόνον
1301 2535 1563 2608 ἐπεδήμει
1595 2534 1776 2606 μόνον,
1802 2531 1941 2586 ἀλλὰ

344 2635 449 2690 xui.
477 2634 586 2708 πρὸ
610 2634 708 2706 τῆς
738 2635 1005 2705 ὲνσάρκου
1038 2630 1333 2702 ἐπιδημίας
1355 2627 1549 2682 αὐτοῦ’
1577 2627 1656 2692 ὼς
1683 2625 1744 2692 ἐξ
1768 2626 1940 2681 ᾶπαν-

345 2743 444 2790 τος
479 2726 678 2790 αὐτοὺς
705 2726 803 2796 μὲν
840 2722 977 2779 εἶναι
1007 2722 1466 2794 ἀναπολογήτους,
1493 2718 1710 2774 δικαίαν
1749 2717 1807 2771 δὲ
1840 2715 1940 2788 τὴν

352 2815 452 2871 τοῦ
470 2817 604 2871 Θεοῦ
626 2818 806 2890 κρίσιν
837 2816 975 2889 μετὰ
1001 2816 1069 2870 τὰ
1092 2815 1330 2870 τοσαῦτα
1351 2814 1451 2886 τὴν
1468 2810 1741 2882 ἀποὸολὴν
1761 2808 1941 2864 αὐτῶν

352 2909 759 2980 ἐργασαμένην.
795 2905 956 2961 Ἀλλὰ
985 2905 1096 2979 γὰρ
1125 2904 1296 2958 ταῦτα
1335 2905 1482 2975 ἡμᾶς
1504 2902 1631 2966 τοὺς
1668 2899 1727 2968 ἐξ
1773 2898 1943 2954 ὲθνῶν

351 3001 448 3054 ἐπὶ
491 3002 591 3073 τὴν
623 3000 803 3055 ἔνθεον
855 2998 1175 3068 ἀγαλλίασιν
1206 2997 1294 3051 διὰ
1341 2996 1450 3051 τῶν
1483 2993 1714 3068 πρώτων
1747 2992 1944 3064 κεκλη-

355 3093 552 3164 μένους
576 3093 605 3147 6
650 3093 806 3164 λόγος
845 3092 1086 3146 διδάσκει
1127 3087 1674 3163 προφυλαττομένους
1693 3127 1708 3154 ,
1754 3087 1827 3159 μή
1863 3103 1940 3157 πη

353 3189 469 3250 τοῖς
493 3186 701 3256 ὁμοίοις
737 3187 830 3240 καὶ
862 3184 1016 3240 αὐτοί
1044 3201 1176 3238 ποτε
1211 3181 1625 3255 περιπέσωμεν.

742 3337 1036 3392 ΨΛΛΜΟΣ
1073 3337 1161 3407 Τῼ
1204 3336 1398 3390 ΔΣΑΦ.
1441 3335 1566 3388 IIA'.

438 3474 491 3526 '0
527 3472 670 3540 Θεὸς
709 3473 860 3542 ἔστη
909 3472 979 3527 ἐν
1021 3470 1346 3543 συναγωγῇ
1374 3469 1545 3536 θεῶν,
1571 3470 1643 3524 ἐν
1665 3468 1835 3540 μέσῳ
1870 3469 1944 3527 δέ

353 3565 530 3634 θεοὺς
557 3565 866 3636 διακρίνει.
883 3567 942 3620 '0
979 3565 1078 3638 μὲν
1103 3567 1207 3640 πρὸ
1235 3566 1425 3620 τούτου
1456 3565 1616 3634 λόγος
1642 3567 1942 3637 κατηγορεί

352 3661 446 3716 τοῦ
479 3660 681 3725 παντὸς
717 3660 987 3714 Ἰουδαίων
1017 3659 1169 3725 λαοῦ,
1198 3659 1385 3731 σαφῶς
1412 3657 1506 3712 τοῦ
1535 3657 1671 3711 Θεοῦ
1701 3659 1940 3728 φάσκον-

351 3769 477 3818 τοςο
527 3754 648 3808 Οὐκ
680 3751 950 3822 ἤκουσεν
989 3755 1022 3806 ὀ
1064 3753 1217 3818 λαός
1251 3769 1373 3822 μου
1416 3749 1527 3819 τῆς
1559 3748 1768 3819 φωνῆς
1793 3768 1936 3820 μου,

354 3845 451 3901 καὶ
494 3845 733 3916 Ἰσραὴλ
769 3846 842 3900 οὐ
876 3843 1183 3915 προσέσχε
1225 3861 1345 3914 μοι.
1391 3841 1501 3896 Καὶ
1538 3840 1942 3908 ἐξαπέστειλα

355 3937 574 4005 αὐτοὺς
597 3936 746 3992 κατὰ
782 3937 854 3992 τὰ
903 3935 1341 4005 ἐπιτηδεύματα
1377 3933 1490 4004 τῆς
1537 3931 1789 4002 καρδίας
1832 3934 1940 3988 αὐ-

357 4027 502 4084 τῶν
561 4029 656 4083 xui.
695 4029 894 4082 πάλινο
946 4031 1017 4082 Et
1071 4031 1104 4082 ὁ
1156 4030 1307 4095 λαός
1345 4045 1460 4096 μου
1503 4025 1735 4093 ἤκουσέ
1779 4043 1938 4098 μου,

369 4121 608 4191 Ἰσραὴλ
634 4121 762 4189 ταῖς
787 4121 948 4188 ὁδοῖς
966 4140 1085 4191 μου
1113 4124 1168 4176 εὶ
1194 4123 1510 4191 ἐπορεύθη·
1541 4121 1706 4188 ἐντῷ
1722 4120 1940 4192 μηδενὶ

359 4215 434 4270 ἂν
478 4216 620 4281 τοὺς
665 4215 915 4285 ἐχθροὺς
956 4214 1156 4268 αὐτῶν
1196 4214 1602 4268 ἐταπείνωσα’
1644 4217 1674 4268 6
1717 4212 1775 4266 δὲ
1805 4212 1943 4284 μετὰ

360 4309 541 4380 χεῖρας
593 4305 901 4372 ἀκολούθως
946 4307 1176 4370 ἐκείνοις
1216 4305 1326 4360 τῶν
1372 4306 1651 4378 προέδρων
1682 4303 1776 4360 τοῦ
1809 4303 1940 4359 λαοῦ

360 4400 685 4470 κατηγορεῖ·
735 4396 811 4461 ὡς
843 4396 980 4469 πρὸς
1025 4396 1260 4468 ἄρχοντα
1298 4395 1430 4464 γοῦν
1457 4397 1550 4451 καὶ
1576 4395 1772 4468 κριτὰς
1803 4397 1942 4450 ἀπο-

360 4491 588 4546 τείνεται
637 4490 816 4559 λέγων
841 4507 855 4520 ·
893 4491 1047 4556 Ἕως
1085 4493 1230 4544 πότε
1271 4491 1503 4560 κρίνετε
1543 4489 1802 4551 ἀδικίαν,
1842 4489 1942 4544 καὶ

363 4585 645 4653 πρόσωπα
677 4579 1044 4653 ἁμαρτωλῶν
1078 4580 1447 4651 λαμϐάνετε;
1504 4583 1756 4651 Κρινατε
1787 4595 1940 4634 πτω-

363 4677 466 4746 χὸν
508 4675 608 4729 καὶ
651 4674 956 4740 ταπεινὸν,
985 4675 1252 4745 ὀρφανὸν
1281 4674 1380 4728 καὶ
1428 4673 1658 4742 πένητα
1703 4672 1940 4727 δικαιώο

363 4785 521 4823 σατε.
557 4765 693 4824 Εἶτα
733 4767 1009 4837 ἐπιλέγειο
1059 4767 1202 4838 Ἐγὼ
1232 4767 1404 4822 ταῦτα
1453 4764 1899 4839 παρεκελευόμην
1921 4782 1935 4796 ⁸

365 4859 410 4911 οἱ
435 4857 489 4911 δὲ
515 4859 628 4912 οὐκ
664 4857 938 4928 ἐντωσαν
961 4857 1106 4912 οὐδὲ
1137 4857 1442 4928 συνῆκαν,
1485 4859 1554 4912 ἐν
1579 4858 1784 4913 σκότει
1809 4858 1937 4912 δια-

367 4951 729 5020 πορεὺονται.
757 4950 923 5016 Θεοὺς
950 4951 1007 5005 δὲ
1039 4951 1238 5016 αὐτοὺς
1267 4951 1553 5015 ἀποκαλεῖ,
1585 4951 1704 5022 ἦτοι
1719 4950 1808 5004 διὰ
1838 4951 1938 5023 τὴν

365 5043 520 5117 τιμὴν
547 5043 614 5115 ἦν
646 5044 919 5116 ἀπένεμεν
951 5045 1135 5110 αὐτοῖς
1165 5048 1194 5100 6
1217 5046 1376 5111 λαός·
1426 5045 1570 5100 οὕτω
1604 5045 1742 5115 μετὰ
1788 5045 1940 5100 πλεί-

368 5152 482 5189 στου
515 5135 680 5206 φόϐου
707 5141 803 5191 xui.
830 5138 995 5209 τιμῆς
1026 5138 1264 5210 προσιὼν
1297 5139 1486 5204 αὐτοῖς
1510 5138 1644 5192 ὡσεὶ
1665 5138 1758 5192 xui.
1788 5137 1939 5210 αύτῷ

367 5227 433 5300 τῷ
463 5228 615 5300 Θεῷο
660 5229 695 5301 ἢ
741 5230 1038 5302 ἐπειδήπερ
1071 5229 1250 5303 χώραν
1296 5231 1431 5285 Θεοῦ
1471 5232 1688 5302 ἐπεῖχον
1719 5229 1780 5284 τὺ
1817 5232 1942 5304 κρί-

368 5338 466 5375 νειν
488 5321 927 5394 ἀναδεδεγμένοι,
962 5323 1282 5388 κολάζοντές
1316 5341 1377 5376 τε
1414 5325 1510 5379 xui.
1540 5323 1940 5395 τιμωρούμενοι

371 5414 483 5478 τοὺς
509 5411 834 5479 ἀδικοῦντας
868 5414 1009 5469 κατὰ
1037 5415 1128 5468 τδν
1163 5417 1291 5487 παρ’
1325 5417 1512 5480 αὐτοῖς
1547 5414 1710 5488 νόμον
1729 5435 1742 5446 ·
1774 5416 1808 5488 ἢ
1855 5416 1942 5470 διὰ

371 5504 421 5557 τὸ
442 5503 766 5576 τετιμῆσθαι
795 5505 992 5570 αὐτοὺς
1018 5505 1124 5559 ὑπὸ
1151 5505 1247 5560 τοῦ
1281 5505 1414 5560 Θεοῦ
1441 5506 1521 5578 τῷ
1542 5507 1644 5578 τῆς
1672 5507 1942 5571 υἱοθεσίας

371 5594 580 5666 ὀνόματι
599 5636 614 5662 ,
641 5596 717 5661 ὡς
749 5594 1003 5666 λέγεσθαι
1027 5596 1156 5669 περὶ
1184 5596 1364 5650 αὐτῶν
1383 5613 1397 5627 °
1435 5597 1606 5664 Υἱοὺς
1638 5595 1942 5668 ἐγέννησα

437 5751 454 5782 ί
489 5748 636 5808 Psal.
671 5767 841 5809 cum
867 5793 882 5820 ,
919 5753 1041 5810 105.
1082 5821 1084 5823 ν
1116 5757 1136 5788 ²
1175 5753 1332 5810 Deut.
1370 5769 1556 5822 sunt,
1597 5755 1682 5811 l8.

1965 3166 2012 3231 ϐ

2039 1907 2239 1965 magno
2269 1893 2488 1947 cantico
2515 1892 2660 1947 idem
2695 1892 3070 1948 testimonium
3124 1890 3334 1963 profert
3383 1891 3577 1947 dicens
3611 1907 3626 1945 :

2040 1985 2312 2040 Saxerunt
2354 1984 2456 2039 mel
2499 1983 2564 2039 de
2595 1995 2770 2055 petra,
2811 1994 2862 2040 et
2911 1986 3086 2040 oleum
3133 2001 3200 2040 ea:
3229 1984 3365 2039 duro
3405 1999 3538 2039 saxo
3581 1985 3626 2038 '.

2039 2078 2172 2146 Quae
2205 2079 2426 2151 quidem
2462 2094 2573 2134 non
2607 2079 2914 2135 secundum
2948 2080 3151 2135 nudam
3182 2079 3475 2136 lectionem
3497 2095 3629 2136 eve-

2040 2181 2278 2240 nerunt;
2312 2171 2410 2229 sed
2435 2171 2730 2242 allegorice
2753 2171 2932 2228 solum
2967 2179 3023 2228 et
3045 2172 3325 2244 cogitandi
3356 2172 3523 2229 modo
3545 2171 3633 2229 in-

2040 2266 2382 2336 telliguntur.
2418 2265 2555 2320 Nam
2592 2265 2710 2336 ipse
2731 2265 2990 2322 Christus
3045 2273 3200 2338 petra
3226 2277 3330 2332 est,
3363 2267 3458 2338 qui
3512 2267 3631 2324 hac

2040 2359 2226 2414 omnia
2263 2357 2372 2414 illis
2397 2373 2494 2430 per
2520 2357 2830 2414 doctrinam
2857 2373 3014 2414 suam
3039 2357 3401 2428 impertiebat,
3427 2375 3537 2415 non
3561 2375 3628 2415 eo

2041 2451 2219 2508 solum
2251 2459 2497 2523 tempore
2529 2467 2640 2522 quo
2667 2451 3144 2522 peregrinabatur,
3180 2450 3277 2507 sed
3299 2453 3464 2508 etiam
3501 2460 3629 2508 ante

2041 2543 2319 2600 carnalem
2379 2558 2539 2599 suum
2593 2543 2927 2613 adventum;
2987 2543 3063 2598 ita
3117 2551 3179 2599 ut
3227 2542 3333 2615 ipsi
3398 2559 3629 2615 prorsus

2043 2635 2482 2699 inexcusabiles;
2533 2633 2630 2690 Dei
2683 2649 2817 2690 vero
2869 2632 3164 2705 judicium,
3203 2649 3330 2706 quo
3377 2635 3483 2690 sub
3513 2634 3630 2690 haec

2041 2723 2194 2795 ipsos
2224 2723 2556 2794 repudiavit,
2584 2724 2797 2793 justum
2839 2723 2932 2779 sit.
2977 2722 3250 2780 Caeterum
3304 2725 3418 2781 haec
3469 2725 3632 2780 nobis

2043 2815 2138 2886 qui
2195 2830 2263 2871 ex
2318 2815 2572 2886 gentibus
2629 2815 2699 2871 ad
2751 2815 3022 2871 divinam"
3053 2817 3480 2873 exsultationem
3532 2829 3632 2887 per

2044 2909 2230 2980 priora
2254 2908 2424 2964 verba
2448 2908 2627 2964 vocati
2658 2923 2873 2973 sumus,
2903 2908 2968 2964 ad
2996 2910 3268 2966 cautelam
3295 2911 3592 2966 traduntur,
3610 2951 3636 2976 ,

2045 3015 2115 3058 ne
2146 3002 2203 3058 in
2229 3001 2383 3073 paria
2413 3001 2520 3074 ipsi
2549 3016 2771 3074 quoque
2801 3001 3111 3060 incidamus

2273 3341 2326 3396 1.
2359 3339 2685 3398 PSALMUS
2715 3339 2848 3398 IPSl
2879 3340 3128 3398 ASAPH.
3172 3340 3435 3402 LXXXI;

2115 3474 2256 3531 Deus
2287 3479 2436 3532 stetit
2463 3478 2518 3531 in
2545 3494 2822 3549 synagoga
2859 3477 3098 3543 deorum,
3149 3478 3206 3531 in
3242 3477 3416 3532 medio
3453 3486 3630 3531 autent

2041 3568 2166 3625 deos
2195 3569 2480 3641 dijudicat.
2515 3569 2622 3637 Qui
2667 3571 2815 3626 hunc
2847 3571 3106 3642 praecedit
3129 3585 3312 3626 sermo
3334 3568 3632 3626 totumlu-

2043 3660 2286 3717 deorum
2333 3664 2598 3735 populum
2660 3661 2922 3719 incusat:
2959 3678 3085 3718 nam
3128 3663 3202 3719 ibi
3259 3660 3402 3719 Deus
3445 3672 3632 3733 aperte

2043 3753 2178 3809 dicit
2211 3773 2225 3810 :
2255 3753 2380 3810 Non
2431 3757 2636 3812 audivit
2687 3756 2913 3825 populus
2943 3772 3089 3810 meus
3130 3771 3305 3810 uocem
3344 3771 3535 3821 meum,
3581 3762 3632 3808 et

2045 3846 2220 3902 Israel
2271 3864 2374 3902 non
2421 3849 2650 3903 intendit
2687 3849 2836 3903 mihi.
2894 3847 2964 3902 Et
3013 3847 3194 3901 dimisi
3225 3864 3312 3902 eos
3343 3847 3632 3901 secundum

2044 3939 2314 3994 desideria
2341 3938 2519 3993 cordis
2575 3955 2800 4004 eorum;
2865 3954 2931 3995 ac
2981 3955 3202 3995 rursum
3242 3955 3254 3990 :
3300 3937 3360 3992 Si
3404 3938 3630 4008 populus

2046 4047 2192 4086 meus
2223 4031 2463 4085 audisset
2497 4049 2598 4097 me,
2623 4029 2800 4086 Israel
2820 4033 2867 4086 si
2902 4033 2958 4086 in
2981 4033 3078 4086 viis
3122 4032 3252 4086 meis
3283 4029 3629 4098 ambulasset,

2044 4137 2141 4192 pro
2185 4122 2353 4177 nihilo
2395 4122 2630 4192 forsitan
2673 4124 2921 4178 inimicos
2970 4140 3154 4178 eorum
3202 4117 3570 4179 Itu’miliassem
3611 4141 3630 4178 :

2046 4211 2136 4267 hic
2168 4227 2301 4267 vero
2335 4212 2586 4282 psalmus
2616 4221 3022 4284 consequenter
3047 4215 3114 4270 ad
3147 4213 3238 4269 illa
3274 4215 3458 4286 populi
3489 4232 3630 4285 prae-

2047 4303 2196 4361 sides
2228 4311 2476 4368 accusat,
2505 4304 2810 4376 principem
2841 4307 2987 4361 enim
3019 4314 3074 4361 et
3095 4305 3312 4374 judices
3337 4306 3632 4376 compellat

2047 4397 2134 4454 bis
2161 4397 2344 4453 verbis
2387 4413 2399 4449 :
2441 4395 2718 4469 Usquequo
2756 4398 3022 4468 judicatis
3065 4398 3425 4470 iniquitatem,
3464 4409 3514 4454 et
3549 4402 3636 4470 fa»

1973 4525 2020 4581 ο
2049 4493 2153 4546 cies
2177 4499 2515 4561 peccatorum
2566 4491 2822 4547 sumitis.’
2845 4491 3089 4562 judicate
3125 4507 3410 4562 pauperem
3450 4502 3503 4548 et
3536 4493 3636 4547 hu-

2047 4583 2246 4648 milem,
2275 4580 2540 4654 pupillum
2584 4592 2634 4637 et
2662 4583 2867 4652 inopem
2887 4583 3214 4653 justiﬁcate-
3255 4583 3462 4640 Deinde
3498 4586 3636 4642 sub-

2044 4676 2174 4733 dit:
2225 4673 2352 4730 Haec
2411 4690 2512 4746 ego
2561 4675 2972 4746 praecipiebam,
3023 4675 3100 4730 illi
3149 4691 3280 4732 vero
3307 4669 3658 4746 nescierunt.)

2046 4784 2208 4838 neque
2238 4766 2634 4833 intellexerunt,
2664 4767 2720 4821 in
2761 4766 2987 4822 tenebris
3036 4767 3336 4824 ambulant.
3374 4768 3515 4826 Deos
3539 4727 3654 4824 aui

2043 4871 2155 4918 tem
2195 4869 2356 4917 vocat
2385 4877 2504 4926 eos,
2531 4861 2647 4916 sive
2678 4861 2906 4918 honoris
2937 4877 3048 4933 quo
3077 4862 3316 4934 populus
3363 4863 3515 4934 ipsos
3551 4862 3637 4915 al-

2047 4954 2264 5010 liciebat
2291 4968 2482 5018 causa,
2514 4969 2639 5008 cum
2676 4953 2873 5009 timore
2905 4962 3070 5025 atque
3095 4955 3448 5011 veneratione
3482 4955 3634 5024 ipsos

2048 5045 2277 5117 perinde
2308 5055 2473 5116 atque
2521 5047 2693 5102 Deum
2727 5047 2956 5115 adiens;
2991 5047 3108 5103 sive
3134 5048 3266 5118 quia
3319 5048 3498 5102 locum
3538 5045 3636 5100 Dei

2047 5147 2402 5208 occuparent,
2457 5137 2746 5210 judicandi
2800 5155 3028 5196 munere
3075 5151 3354 5212 suscepto,
3415 5139 3633 5211 iniquos

2050 5227 2353 5283 secundum
2379 5229 2554 5301 legem
2586 5229 2689 5285 sibi
2728 5229 2986 5284 traditam
3037 5229 3306 5301 supplicio
3343 5229 3631 5301 pomisque

2050 5319 2398 5389 allicientes;
2459 5323 2546 5378 vel
2595 5323 2726 5394 quia
2784 5338 2816 5378 a
2877 5322 2991 5379 Deo
3055 5323 3364 5393 adoptionis
3412 5322 3633 5378 nomine

2048 5415 2299 5469 exornati
2330 5424 2494 5484 sunt;
2531 5416 2606 5471 ita
2637 5425 2696 5472 ut
2721 5415 2789 5472 de
2813 5416 2948 5488 ipsis
2997 5416 3217 5472 dicatur
3238 5434 3252 5469 :
3273 5413 3447 5470 Filios
3476 5415 3634 5484 genui

2048 5517 2097 5562 et
2123 5508 2499 5575 exultavi;vel
2525 5509 2654 5580 quia
2679 5509 2746 5565 ad
2781 5509 3072 5581 imaginem
3119 5516 3173 5563 et
3218 5505 3632 5563 similitudinem

2050 5595 2167 5664 Dei,
2201 5613 2300 5670 per
2319 5599 2661 5671 spiritualem
2686 5609 2740 5656 et
2769 5599 3150 5656 rationabilem
3201 5599 3348 5654 illam
3373 5599 3426 5654 in
3460 5597 3642 5653 liomi-.
