4078 6934
480 349 588 408 983

1212 346 1483 404 EUSEBII
1519 344 2000 403 CAESARIENSIS
2039 343 2187 400 ΟΡΡ.
2231 344 2414 400 PARS
2443 343 2511 398 Ill
2548 375 2616 385 -—
2653 342 3066 399 EXEGETICA.

3735 327 3864 383 98!

479 471 648 528 nibus
696 469 1102 534 substantiam,
1151 465 1325 523 effecti
1383 474 1534 522 sunt.
1592 465 1651 520 in
1723 466 1827 521 hoc
1875 467 2061 536 itaque

2179 467 2261 521 cal
2289 465 2536 535 ὕψωσα·
2567 464 2600 536 ἢ
2634 463 2724 518 διὰ
2746 463 2808 517 τὸ
2839 463 2963 518 κατ’
2987 462 3173 516 εικόνα
3197 461 3291 515 καὶ
3319 460 3652 532 ὁμοίωσιν
3689 445 3868 502 Θεοῦ

485 565 704 637 psalmo‘
741 564 928 619 statim
973 569 1098 632 post
1139 560 1420 631 praedicta,
1462 575 1560 616 eos
1601 559 1696 630 qui
1729 570 2064 614 accusantur

484 658 572 712 bis
613 655 812 710 aﬂ'atur
839 671 852 706 :
878 653 990 721 Ego
1017 653 1178 707 dixi:
1217 651 1311 707 Dii
1360 653 1488 707 estis
1541 661 1594 707 et
1645 650 1748 722 ﬁlii
1796 652 2063 707 Altissimi

484 763 684 802 omnes.
749 743 849 799 Vos
900 754 1077 798 autem
1132 745 1268 798 sicut
1317 743 1552 798 homines
1605 742 1906 796 moriemini
1935 783 1950 804 ,
2013 753 2062 798 et

481 840 620 892 sicut
683 853 819 890 unus
869 850 936 891 ea:
980 834 1308 905 principibus
1370 835 1593 889 cadetis.
1647 834 1914 890 Praesides
1963 835 2064 888 ita-

485 943 592 998 que
639 925 847 997 populi,
879 924 1196 981 sacerdotes
1249 923 1504 980 videlicet
1536 937 1592 982 es
1647 925 1926 981 antistites
1976 939 2067 980 sa-

483 1032 704 1072 crorum
769 1031 835 1071 ac
909 1016 1152 1087 reliquos
1221 1014 1498 1087 principes
1552 1015 1863 1086 dijudicans
1921 1014 2068 1072 Deus

486 1107 744 1172 Verbum,
814 1108 931 1164 haec
981 1123 1104 1180 quae
1160 1109 1274 1178 jam
1323 1117 1626 1166 tractamus
1651 1118 1889 1166 enarrat.
1915 1111 2064 1178 Qua-

486 1216 547 1256 re
601 1199 804 1254 dicitur
853 1215 866 1251 ε
911 1199 1054 1255 Deus
1101 1201 1246 1254 stetit
1289 1201 1344 1253 in
1391 1217 1660 1272 synagoga
1711 1203 1954 1266 deorum,
2008 1203 2064 1256 in

485 1290 656 1346 medio
703 1305 879 1344 autem
921 1290 1046 1345 deos
1101 1289 1413 1361 dijudicat;
1459 1292 1763 1348 secundum
1810 1292 2064 1363 Aquilam

485 1395 706 1441 autem:
755 1385 896 1440 Deus
939 1387 1087 1440 stetit
1143 1385 1197 1438 in
1253 1401 1520 1457 synagoga
1596 1385 1838 1457 fortium,
1888 1385 1945 1438 in
1991 1385 2068 1438 ui-

486 1478 722 1533 sceribus
754 1478 1012 1534 Dominus
1063 1478 1306 1550 iudicat;
1339 1478 1642 1534 secundum
1676 1477 2069 1550 Symmachum

435 1621 444 1628 .
483 1585 614 1625 vero
645 1587 662 1623 :
691 1569 833 1626 Deus
880 1572 1028 1626 stetit
1078 1574 1134 1626 in
1172 1579 1307 1625 coetu
1359 1569 1458 1626 Dei
1491 1613 1508 1636 ,
1566 1572 1624 1626 in
1677 1571 1867 1626 mediis
1928 1570 2068 1625 Deus

481 1661 750 1733 judicans.
819 1662 921 1718 Hic
978 1678 1108 1719 vero
1160 1663 1347 1730 Deus,
1393 1665 1607 1720 scilicet
1663 1663 1757 1721 Dei
1807 1663 2067 1730 Verbum,

489 1765 849 1810 memoratam
876 1755 1105 1812 deorum
1129 1771 1462 1827 synagogam
1501 1756 1759 1827 judicans
1787 1767 1842 1814 et
1865 1757 2070 1829 dijudi-

2165 564 2446 631 γεγονέναι
2477 557 2567 612 διά
2592 557 2694 630 τὴν
2734 560 2793 611 ἐν
2830 553 3140 627 ἀνθρώποις
3170 553 3361 625 νοεράν
3393 554 3491 606 καὶ
3545 539 3870 612 λογικὴν

2166 653 2374 706 οὐσίαν.
2395 650 2605 705 Αὐτίκα
2633 649 2767 720 γοῦν
2800 651 2860 704 ἐν
2892 647 3040 719 αὐτῷ
3070 646 3149 718 τῷ
3175 645 3544 717 προκειμένῳ
3583 631 3868 709 ψαλμῶ

2166 743 2390 818 προῖὼν,
2435 745 2464 797 6
2509 742 2666 813 λόγος
2699 740 2834 814 φησὶ
2879 740 3017 812 πρὸς
3046 741 3175 804 τοὺς
3202 732 3824 810 κατηγορουμένους
3851 741 3870 754 ⁸

2178 836 2320 909 Ἐγὼ
2346 833 2486 891 circa
2504 854 2518 870 ο
2548 836 2681 891 Θεοί
2723 835 2863 889 ἐστε
2905 835 3004 889 καί
3031 832 3152 889 vlo!
3187 832 3475 901 Ὑψίστου
3506 824 3872 884 πάντες·

2177 931 2362 1000 Ὑμεῖς
2387 930 2458 984 δὲ
2490 931 2572 996 ὡς
2608 929 2908 997 ἄνθρωποι
2931 925 3370 992 ἀποθνήσκετε,
3411 922 3518 978 καὶ
3573 920 3712 983 οὓς
3755 909 3874 978 εἷς

2165 1021 2286 1077 τῶν
2313 1023 2624 1092 ἀρχόντων
2651 1020 2916 1074 πίπτετε.
2945 1019 3086 1081 Τοὺς
3107 1017 3171 1088 δὴ
3203 1011 3296 1070 οὖν
3319 1013 3416 1068 τοῦ
3445 1010 3622 1067 λαοῦ
3683 1021 3868 1076 προ-

2168 1112 2430 1176 εστῶτας,
2461 1111 2642 1184 ἱερέας
2668 1108 2869 1182 δηλαδὴ
2905 1108 3000 1163 καὶ
3041 1105 3354 1179 ἀρχιερέας,
3380 1103 3516 1167 τούς
3563 1116 3674 1154 τε
3719 1097 3868 1148 λοι-

2167 1205 2306 1268 ποὺς
2337 1203 2604 1275 ἄρχοντας
2624 1199 2931 1272 ἀνακρίνων
2955 1200 2986 1252 6
3011 1198 3143 1261 Θεὸς
3163 1196 3353 1266 Λόγος,
3371 1194 3444 1249 τὰ
3473 1193 3664 1265 μετὰ
3703 1191 3866 1260 χεῖ-

2170 1314 2268 1370 ρας
2297 1294 2650 1366 διεξέρχεται.
2679 1292 2770 1345 Διὸ
2800 1291 3040 1364 εἴρηται·
3081 1289 3134 1341 '0
3164 1286 3307 1354 Θεὸς
3325 1286 3484 1354 ἔστη
3508 1285 3598 1339 ἐν
3643 1296 3874 1335 συν-

2167 1386 2371 1460 αγωγῇ
2410 1383 2584 1451 θεῶν,
2620 1385 2691 1438 ἐν
2709 1382 2879 1453 μέσῳ
2922 1381 2991 1435 δὲ
3037 1379 3211 1446 θεοὺς
3249 1379 3541 1446 διακρίνει
3565 1394 3590 1409 ο
3649 1371 3866 1460 κατὰ

2167 1459 2225 1534 δέ
2251 1478 2344 1531 τὸν
2371 1475 2599 1530 Ἀκύλαν
2618 1491 2632 1505 ·
2669 1471 2816 1539 Θεὸς
2835 1473 2982 1540 ἔστη
3010 1470 3081 1524 ἐν
3104 1465 3428 1537 συναγωγῇ
3461 1459 3860 1536 ἰσχυρῶν,

2167 1570 2237 1624 ἐν
2259 1566 2491 1638 ἐγκάτῳ
2526 1564 2746 1632 Κύριος
2773 1560 2961 1630 κρίνει
2986 1574 3002 1590 ο
3033 1556 3178 1611 κατά
3210 1555 3267 1608 δὲ
3296 1555 3386 1608 τὸν
3418 1553 3491 1605 Σύ
3501 1565 3810 1638 μμαχογ
3837 1565 3856 1575 ’

2179 1661 2234 1713 Ὀ
2265 1634 2411 1724 θεὸς
2436 1634 2695 1721 κατέστη
2725 1651 2796 1706 ἐν
2826 1646 3066 1712 συνόδῳ
3091 1643 3259 1710 Θεοῦ,
3288 1643 3357 1696 ἐν
3374 1640 3597 1711 μέσοις
3631 1634 3860 1697 Θεὸς

2170 1752 2412 1821 κρίνων.
2444 1747 2666 1819 Κρίνων
2703 1744 2759 1798 δὲ
2789 1737 2940 1806 οὗτος
2971 1743 3000 1794 6
3022 1738 3176 1805 Θεὸς,
3203 1735 3404 1808 δηλαδὴ
3429 1735 3459 1787 6
3491 1732 3594 1786 τοῦ
3635 1725 3854 1784 Θεοῦ

488 1863 644 1912 cans,
683 1849 1070 1904 accusationes
1103 1851 1214 1907 reis
1245 1850 1477 1907 inducit.
1526 1851 1594 1906 Et
1630 1853 1760 1922 quia
1813 1860 2065 1922 potentes

2179 1845 2359 1913 Λόγος,
2392 1840 2487 1896 καὶ
2522 1837 2815 1911 διακρίνων
2841 1835 2941 1906 τὴν
2968 1831 3264 1904 λεγομένην
3291 1827 3628 1922 συναγωγὴν
3654 1822 3846 1922 fcit}?

489 1945 741 2007 potenter
765 1941 1228 1998 cxaminabuntur
1247 1961 1262 2011 ;
1282 1943 1408 2014 jure
1425 1943 1811 2013 prmdictorum
1836 1943 2065 1999 deorum

487 2031 737 2087 ordinem
763 2045 1016 2106 segregat
1049 2043 1104 2090 et
1135 2037 1369 2091 seorsim
1397 2035 1645 2106 jndicat;
1696 2051 1822 2091 cum
1865 2035 1980 2106 jam
2011 2036 2066 2090 in

487 2126 814 2195 praecedenti
848 2129 1059 2199 psalmo
1084 2130 1412 2200 promiscuae
1426 2130 1612 2202 populi
1641 2130 1816 2186 turba:
1833 2145 2069 2186 accusa-

488 2219 695 2274 tionem
722 2220 1034 2290 protulerit.
1061 2219 1173 2276 lmo
1203 2221 1368 2278 etiam
1398 2221 1664 2290 dijuilicat
1687 2263 1704 2290 ,
1751 2222 1818 2278 de
1851 2224 1926 2280 iis
1971 2223 2066 2295 qui

488 2311 638 2384 digni
670 2314 848 2369 salute
872 2325 1022 2382 sunt,
1053 2330 1119 2369 ac
1157 2315 1225 2371 de
1274 2316 1345 2372 iis
1370 2316 1464 2387 qui
1515 2331 1680 2373 secus
1733 2333 1792 2374 se
1837 2316 2064 2384 habent,

491 2405 820 2460 sententiam
852 2403 1056 2460 ferens.
1105 2405 1226 2462 Non
1285 2407 1543 2478 superbe,
1597 2424 1708 2463 non
1753 2409 2065 2480 tyrannicc,

490 2510 601 2550 non
633 2497 689 2549 in
721 2495 831 2550 alto
849 2495 1187 2552 constitutus
1204 2497 1451 2568 judicat;
1489 2499 1585 2554 sed
1607 2498 1921 2569 judicandis
1946 2514 2070 2556 sese

489 2594 886 2660 attemperans,
914 2589 1129 2646 medius
1151 2598 1262 2647 stat
1306 2591 1450 2646 inter
1478 2591 1626 2657 illos,
1663 2607 1760 2662 per
1791 2591 2070 2648 hominem

492 2696 654 2750 quem
692 2683 935 2754 suscepit
965 2683 1101 2753 ipsis
1127 2682 1318 2738 habitu
1366 2683 1568 2740 similis
1620 2683 1868 2740 eﬂ'ectus.
1928 2683 2070 2740 Hinc

492 2785 623 2825 vero
651 2786 751 2828 eos
774 2772 869 2842 qui
892 2771 1163 2843 judicium
1187 2775 1426 2831 subituri
1455 2782 1606 2840 sunt,
1642 2775 1862 2845 praeviis
1893 2775 2072 2831 moni-

493 2863 564 2919 tis
598 2863 665 2918 ad
693 2864 1128 2935 resipiscentiam
1157 2875 1356 2935 vocat;
1391 2867 1637 2940 ipsisque
1685 2869 1971 2939 prospicit,
2010 2875 2070 2922 ut

496 2970 567 3011 ne
602 2955 656 3009 in
682 2955 876 3026 judicii
925 2957 1258 3029 supplicium
1295 2959 1579 3027 incidant;
1619 2959 1716 3018 sed
1749 2975 1873 3017 sese
1916 2960 2070 3031 prius

494 3047 826 3112 emendent,
887 3048 1101 3120 sibique
1169 3058 1398 3106 caveant
1463 3066 1530 3105 ex
1604 3050 1803 3107 oblatis
1881 3051 2070 3105 crimi-

495 3141 680 3196 nibus.

2172 1938 2330 2004 θεῶν,
2358 1936 2612 2006 ἐλέγχους
2646 1931 2912 2004 προσάγει
2943 1929 3055 1992 τοῖς
3089 1924 3446 1998 κρινομένοις.
3475 1920 3589 1975 Καὶ
3645 1917 3842 1970 ἐπεὶ

2171 2031 2386 2087 δυνατοὶ
2406 2027 2646 2090 δυνατῶς
2670 2024 3085 2095 ἐτασθήσονται,
3103 2018 3328 2082 εἰκότως
3347 2015 3409 2069 τὸ
3428 2014 3628 2084 τάγμα
3665 2008 3838 2064 τῶν

2173 2122 2624 2196 προλελεγμένων
2653 2116 2790 2172 θεῶν
2815 2112 3063 2185 ἀφορίζει
3097 2112 3244 2174 ἰδίως
3268 2109 3364 2165 καὶ
3392 2106 3594 2180 κρίνει,
3623 2118 3822 2196 super

2172 2195 2394 2272 διελθὼν
2427 2217 2486 2270 ἐν
2520 2213 2599 2286 τῷ
2623 2213 2731 2284 πρὸ
2760 2211 2949 2265 τούτου
2972 2208 3115 2279 λόγῳ
3136 2206 3226 2260 τὸν
3256 2203 3474 2274 ἐλεγχον
3494 2198 3593 2254 τοῦ
3623 2195 3826 2266 τελή-

2176 2311 2299 2374 θους
2316 2308 2412 2363 τοῦ
2435 2305 2587 2361 λαοῦ.
2607 2303 2768 2358 Ἀλλὰ
2787 2303 2882 2357 καὶ
2902 2299 3188 2372 διακρίνει,
3206 2295 3406 2368 κρίνων
3419 2292 3550 2355 τοὺς
3570 2289 3824 2356 ἀξίους

2177 2401 2451 2474 σωτηρίας
2474 2400 2713 2462 καὶτοὺς
2745 2396 2820 2469 μὴ
2846 2394 3138 2456 τοιούτους.
3162 2389 3353 2462 Κρίνει
3375 2387 3431 2441 δὲ
3449 2387 3554 2440 οὐκ
3579 2387 3812 2454 ἐπηρ-

2178 2496 2376 2566 μένως,
2402 2491 2522 2546 οὐδὲ
2535 2488 2894 2563 τυραννικῶς,
2923 2488 2981 2540 ἐν
3014 2483 3139 2554 ’ύψει
3167 2498 3228 2535 τε
3257 2477 3804 2552 προκαθεζόμενος,

2175 2587 2312 2642 ἀλλά
2343 2583 2791 2656 συγκαταϐαίνων
2830 2583 2942 2644 τοῖς
2975 2575 3334 2650 κρινομένοις,
3368 2571 3532 2644 μέσος
3548 2567 3806 2656 debet?"

2176 2654 2804 2752 ἴσταται,ὁμοιούμενος
2833 2673 3018 2736 αὐτοῖς
3039 2669 3119 2741 τῷ
3147 2669 3384 2740 σχήματι
3414 2663 3483 2718 δι’
3512 2654 3576 2716 οὗ
3609 2659 3799 2752 ἀνεί-

2175 2776 2345 2847 ληφεν
2371 2771 2682 2846 ἀνθρώπου.
2701 2765 2983 2823 Ἐντεῦθέν
3009 2780 3069 2816 τε
3094 2761 3197 2834 ἢδη
3227 2755 3514 2832 προλαϐὼν
3542 2751 3798 2808 ἀποτεὶ-

2175 2885 2328 2922 νεται
2355 2863 2704 2937 σωφρονίζων
2731 2859 2857 2923 τοὺς
2875 2855 3163 2930 μέλλοντας
3184 2849 3484 2924 κρίνεσθαι,
3501 2847 3599 2901 καὶ
3624 2861 3794 2937 trp?—

2178 2933 2578 3029 φυλαττόμενος
2618 2952 2816 3015 αὐτοὺς
2839 2947 2974 3022 πρὸς
2999 2946 3060 3000 τὸ
3093 2943 3167 3016 μὴ
3197 2939 3510 3012 περιπεσεῖν
3557 2937 3626 3005 τῇ

2177 3025 2431 3123 κρίσεως*
2461 3044 2720 3117 τιμωρία,
2754 3035 3206 3114 προκατορθῶσαι
3252 3032 3310 3086 δὲ
3351 3029 3452 3123 καὶ
3481 3025 3788 3099 προφυλά-

2183 3121 2376 3208 ξασθαι
2407 3137 2498 3193 διὰ
2523 3137 2633 3191 τῶν
2661 3129 3086 3206 προσαγομένων
3108 3127 3290 3190 αὐτοῖς
3321 3121 3576 3193 ἐλέγχων.

572 3229 842 3298 Quocirca
861 3231 995 3288 dicit
1024 3253 1039 3288 :
1064 3265 1132 3274 —
1169 3231 1338 3290 Vsus.
1368 3233 1426 3298 2,
1453 3234 1507 3288 5.
1533 3232 1812 3305 Usquequo
1850 3232 2069 3302 judica-

2193 3203 2209 3208 ⁷
2249 3235 2342 3288 Διὸ
2399 3232 2630 3304 φάσκειν
2677 3203 2826 3292 Ἕως
2867 3224 3012 3277 πότε
3054 3219 3286 3289 κρίνετε
3325 3214 3566 3270 ἀδικίαν
3589 3252 3607 3276 ,
3659 3211 3780 3305 καὶ

503 3323 570 3380 iis
604 3324 960 3395 iniquitatem,
991 3336 1039 3380 et
1072 3325 1237 3395 facies
1274 3336 1610 3396 peccatorum
1633 3327 1888 3381 sumitis?
1916 3323 2078 3378 Judi-

498 3423 614 3470 cate
653 3430 812 3486 egeno
845 3424 895 3469 et
924 3415 1147 3485 pupillo.
1194 3414 1294 3471 His
1333 3431 1499 3486 porro
1529 3416 1730 3470 similia
1752 3431 1849 3486 per
1881 3413 2078 3471 Isaiam

499 3523 720 3580 quoque
747 3509 1100 3580 propheticus
1119 3509 1360 3581 Spiritus
1382 3511 1714 3566 vociferatus
1730 3519 1846 3566 est:
1875 3509 2077 3566 Discite

501 3599 694 3656 bonum
715 3600 911 3671 facere,
935 3602 1155 3671 quaerite
1177 3601 1467 3672 judicium,
1500 3602 1742 3672 judicate
1785 3604 1987 3674 pupillo
2025 3612 2075 3658 et

500 3692 762 3764 defendite
775 3693 1011 3756 viduam;
1028 3701 1077 3747 et
1094 3694 1340 3762 venite,et
1357 3695 1736 3765 disceptemus,
1755 3695 1883 3748 dicit
1903 3695 2079 3750 Domi-

503 3800 625 3840 nus.
678 3782 796 3838 Etsi
827 3783 1026 3854 fuerint
1045 3793 1262 3853 peccata
1287 3795 1460 3840 uestra
1483 3787 1618 3840 sicut
1650 3802 1908 3856 purpura,
1948 3804 2081 3857 qua-

502 3877 552 3932 si
574 3878 740 3931 nivem
765 3875 1022 3931 dealbabo
1049 3878 1090 3932 ³.
1121 3874 1230 3932 Sed
1259 3877 1364 3932 hoc
1387 3877 1609 3950 quidem
1660 3886 1881 3950 pactum
1929 3877 2081 3934 Scri-

504 3977 662 4042 ptura
684 3985 988 4041 promriere
1016 3971 1342 4037 antevertit;
1370 3969 1463 4041 qui
1503 3978 1685 4025 autem
1715 3971 1942 4026 deorum
1979 3987 2082 4028 no-

503 4061 651 4118 mine
671 4063 874 4126 ornati,
897 4069 951 4116 et
974 4068 1126 4114 tanta
1155 4060 1408 4116 doctrina
1439 4060 1650 4132 dignati
1679 4071 1831 4128 sunt,
1883 4064 2082 4117 nescie-

502 4166 650 4224 runt,
676 4172 838 4227 neque
853 4153 1257 4226 inteitcxcrunt,
1288 4155 1342 4210 in
1371 4154 1597 4210 tenebris
1629 4156 1926 4212 ambulant.
1956 4156 2082 4213 Hatc

502 4260 669 4316 porro
697 4243 764 4298 ad
790 4255 1006 4316 tempus
1027 4245 1154 4300 item
1181 4246 1370 4316 prima:
1400 4243 1712 4300 Servatoris
1761 4247 1936 4303 nostri
1982 4263 2080 4319 pe—

503 4336 893 4408 regrinationis
924 4336 1253 4402 referantur,
1281 4356 1392 4409 quo
1434 4340 1501 4395 ad
1532 4355 1841 4412 synagogas
1864 4341 2082 4397 Judzeo-

502 4439 624 4480 rum
653 4426 944 4494 accedens,
976 4436 1030 4482 et
1071 4427 1126 4482 in
1179 4430 1420 4484 medium
1471 4432 1780 4502 principum
1827 4432 2077 4495 veniens.

501 4529 628 4570 cum
662 4515 798 4586 ipsis
824 4516 1162 4588 disputabat,
1201 4519 1463 4591 ipsosque
1505 4523 1862 4594 coarguebat,
1887 4523 2080 4577 testiﬁ-

2181 3298 2474 3396 πρόσωπα
2495 3315 2861 3391 ἁμαρτωλῶν
2875 3310 3239 3382 lautitia-ets;
3272 3306 3519 3374 Κρίνατε
3545 3298 3785 3396 πτωχῷ

2180 3393 2280 3476 καὶ
2306 3413 2564 3488 ὀρφανῷ.
2593 3411 2676 3466 Τὰ
2701 3412 2863 3482 ὅμοια
2888 3407 2944 3461 δὲ
2966 3405 3179 3468 τούτοις
3208 3401 3306 3457 καὶ
3327 3399 3416 3454 διὰ
3450 3396 3673 3451 Ἡσαΐου

2182 3486 2520 3586 προφήτικδν
2560 3503 2788 3576 Πνεῦμα
2814 3501 3056 3572 κέκραγε
3086 3496 3238 3565 λέγον
3261 3509 3277 3526 ο
3308 3490 3535 3549 Μὰθετε

2181 3578 2398 3671 ποιεῖν,
2429 3600 2796 3670 ἐκζητήσατε
2837 3595 3062 3664 κρίσιν,
3093 3589 3333 3660 κρίνατε
3375 3579 3612 3654 ὀρφανῷ
3657 3578 3770 3632 και

2181 3696 2538 3754 δικαιώσατε
2584 3692 2742 3764 χήρᾳ
2763 3705 2778 3721 ο
2816 3687 2914 3742 καί
2949 3685 3142 3750 δεῦτε,
3185 3681 3283 3736 καὶ
3330 3671 3768 3746 διαλεχθῶμεν,

2180 3792 2342 3862 λέγει
2389 3789 2626 3858 Κύριος.
2655 3783 2767 3840 Kal
2797 3781 2905 3836 ἐὰν
2933 3773 3082 3833 ὦσιν
3109 3779 3168 3831 a1
3191 3773 3468 3845 ἁμαρτίαι
3490 3766 3661 3862 ὑμιῇ

2181 3857 2516 3954 φοινικοῦν,
2554 3879 2632 3944 ὡς
2681 3875 2856 3946 χιόνα
2897 3865 3372 3927 λευκανῶ.Ἀλλά
3400 3862 3573 3918 ταῦτα
3605 3857 3768 3954 μὲνιό

2180 3946 2338 4043 λόγος
2380 3966 2857 4045 προδιαστέλλεται
2879 3983 2893 3996 ·
2916 3964 2965 4016 oi
2992 3962 3049 4016 δέ
3079 3963 3146 4032 τῇ
3191 3959 3298 4012 τῶν
3325 3953 3462 4009 Θεῶν
3492 3946 3768 4045 ἐπηγορέᾳ

2180 4043 2524 4137 τιμηθέντες,
2573 4061 2667 4116 καὶ
2715 4058 2983 4128 τοσαύτης
3024 4050 3369 4112 διδασκαλίας
3419 4043 3758 4137 ἀξιωθέντες,

2182 4132 2314 4210 οὐκ⁷
2334 4154 2630 4224 ἔγνωσαν,
2665 4148 2808 4205 οὐδὲ
2855 4143 3158 4214 συνῆκαν,
3191 4142 3260 4195 ὲν
3299 4138 3502 4194 σκότει
3552 4132 3760 4187 διαπο-

2173 4249 2472 4317 ρεύονται.
2503 4244 2690 4298 Ταῦτα
2721 4243 2778 4296 δέ
2809 4240 2905 4296 καὶ
2950 4241 3030 4303 εἰς
3061 4238 3152 4292 τὸν
3188 4233 3376 4305 καιρὸν
3409 4230 3506 4301 τῆς
3538 4224 3763 4298 πρώτης

2179 4340 2274 4394 τοῦ
2309 4339 2561 4410 Σωτῆρος
2590 4340 2623 4409 ή
2633 4335 2747 4408 μῶν
2780 4332 3072 4406 ἐπιδημίας
3096 4327 3418 4399 ἀναφέροιτο
3441 4323 3528 4388 ἂν,
3562 4318 3683 4373 καθ’
3703 4317 3766 4370 ὃν

2183 4437 2242 4491 ἐν
2260 4438 2378 4499 ταῖς
2398 4435 2743 4503 συναγωγαῖς
2767 4429 3129 4504 παραϐάλλων
3148 4425 3243 4480 τοῦ
3271 4422 3538 4479 Ἰουδαίων
3554 4418 3762 4479 ἔθνους,

2182 4529 2277 4582 καὶ
2327 4527 2489 4599 μέσος
2534 4525 2644 4580 τῶν
2683 4524 2960 4597 ἀρχόντων
3008 4518 3242 4592 παριὼν,
3271 4515 3370 4580 τὰς
3400 4514 3537 4586 πρὸς
3566 4509 3766 4572 αὐτοὺς

499 4617 635 4660 cans
679 4605 1014 4678 ediceusque
1059 4623 1124 4664 ea
1174 4625 1298 4681 quae
1345 4611 1398 4666 in
1457 4610 1642 4668 futuro
1685 4613 1896 4683 judicio
1942 4612 2073 4683 ipsis

2184 4622 2417 4687 ἐποιεῖτο
2444 4618 2728 4683 διαλέξεις,
2752 4616 3005 4686 ἐλέγχους
3027 4632 3087 4667 τε
3116 4613 3298 4674 αὐτοῖς
3321 4608 3492 4679 ἐπῆγε
3508 4647 3524 4672 ,
3558 4620 3767 4678 μαρτυ-

497 4705 765 4753 eventura
789 4709 969 4756 erant.
1002 4699 1094 4756 Sic
1119 4702 1304 4773 itaque
1333 4702 1478 4760 Deus
1513 4705 1606 4760 illo
1627 4715 1874 4777 tempore
1896 4706 2079 4763 stabat

501 4789 560 4846 in
589 4807 864 4866 synagoga
891 4793 1142 4860 deorum,
1179 4805 1233 4852 et
1260 4799 1316 4853 in
1359 4798 1542 4854 medio
1568 4808 1902 4856 memoratos
1945 4800 2080 4855 deos

494 4883 798 4954 judicabat.
835 4885 944 4943 Pro
967 4888 1066 4943 illo
1085 4904 1341 4961 namque,
1377 4889 1664 4960 dijudicat,
1715 4890 2088 4964 Symmachus.

500 4983 556 5031 et
574 4976 793 5050 Aquila,
815 4979 1094 5049 judicans,
1151 4983 1602 5056 interpretantur.
1661 4985 1728 5040 Et
1782 4989 2078 5058 perpende,

503 5086 712 5144 quaso,
749 5086 858 5142 quo
887 5082 1054 5145 pacto
1077 5074 1214 5133 deos
1239 5077 1610 5132 nominaverit
1651 5092 1746 5134 eos
1769 5078 1837 5134 de
1880 5079 2090 5150 quibus

497 5167 799 5237 judicatnr,
831 5184 932 5226 nec
959 5186 1290 5244 synagogam
1319 5171 1547 5227 deorum
1589 5187 1898 5228 memorare
1922 5173 2080 5228 dubi-

500 5255 718 5326 taveri‘t,
743 5259 810 5314 ad
831 5260 1213 5318 confusionem
1245 5278 1438 5326 eorum
1475 5265 1566 5336 qui
1619 5263 1923 5321 Salvatoris
1951 5266 2083 5321 dei-

503 5356 668 5406 tatem
704 5351 998 5423 abnegant.
1032 5349 1166 5406 Nam
1200 5355 1245 5409 si
1275 5370 1374 5410 eos
1400 5356 1496 5426 qni
1549 5356 1786 5411 convicti
1840 5355 2080 5422 fuerant,

500 5449 556 5494 ct
604 5449 828 5512 propter
873 5442 1175 5512 nequitiam
1221 5445 1364 5500 male
1407 5447 1726 5512 audiebant,
1785 5446 1917 5503 deos
1981 5465 2078 5503 vo-

500 5548 630 5589 care
684 5543 976 5591 cunctatus
1024 5549 1133 5590 non
1185 5543 1325 5605 est;
1383 5545 1467 5594 tot
1526 5539 1863 5596 mirabilium
1918 5539 2079 5611 opili-

500 5639 620 5682 cem
668 5640 918 5697 operum,
966 5628 1060 5698 qui
1103 5627 1372 5700 judicium
1431 5646 1462 5684 a
1502 5627 1666 5688 Patre
1702 5632 1938 5705 accepit,
1983 5633 2081 5705 qui

578 5809 600 5840 ⁸
639 5808 740 5864 bss.
779 5826 830 5877 ι,
875 5809 956 5867 Π.

2191 4711 2417 4782 ρόμενος
2467 4709 2558 4762 καὶ
2602 4705 3042 4778 διαστελλόμενος
3066 4702 3136 4757 τὰ
3163 4701 3292 4774 περὶ
3316 4703 3414 4771 τῆς
3465 4695 3767 4770 μελλούσης

2186 4804 2383 4866 αὐτοὺς
2433 4799 2788 4873 διαλήψεσθαι
2839 4798 3092 4870 κρίσεως.
3125 4795 3312 4858 Οὕτως
3345 4788 3438 4846 οὖν
3464 4794 3492 4846 ὁ
3520 4789 3651 4852 Θεὸς
3692 4783 3766 4858 ἦν

2186 4896 2306 4948 κατ’
2330 4894 2503 4947 ἐκεῖνο
2534 4889 2728 4964 καιροῦ
2758 4889 2926 4953 ἑστὼς
2946 4891 3004 4943 ὲν
3036 4889 3322 4958 συναγωγῇ
3346 4883 3504 4946 θεῶν,
3535 4883 3590 4934 ἐν
3616 4879 3768 4952 μέσῳ

2185 5004 2246 5040 τε
2290 4986 2417 5050 τοὺς
2452 4983 2844 5056 προλεχθέντας
2874 4981 3072 5053 κρίνων
3103 4979 3288 5043 Θεούς·
3324 4977 3444 5032 ἀντὶ
3489 4978 3596 5046 γὰρ
3644 4971 3760 5035 τοῦ,

2185 5077 2494 5147 διακρίνει,
2522 5077 2550 5130 6
2581 5075 2873 5148 Σύμμαχος
2914 5071 3010 5125 καὶ
3046 5073 3076 5126 6
3113 5067 3364 5133 Ἀκύλας,
3399 5068 3640 5136 κρίνων,
3673 5063 3763 5115 ἐκ·-

2185 5169 2469 5224 δεδώκασι.
2497 5168 2606 5222 Καὶ
2639 5169 2742 5240 ὅρα
2773 5168 2919 5232 ὅπως
2946 5165 3102 5228 θεοὺς
3129 5162 3378 5232 ὠνόμασε
3425 5159 3550 5222 τοὺς
3577 5170 3761 5226 κρινο-

2189 5264 2404 5336 μένους,
2431 5262 2526 5316 καλ⁸
2563 5260 2702 5315 Θεῶν
2746 5261 3068 5329 συναγωγὴν
3096 5255 3196 5310 οὐκ
3223 5253 3467 5324 ὤκνησεν
3499 5244 3764 5302 ἀποκαλέο

2187 5373 2298 5421 σαι,
2332 5357 2413 5420 εἰς
2439 5352 2749 5424 δυσώπησιν
2778 5351 2886 5405 τῶν
2915 5348 3262 5422 ἀρνουμένων
3285 5344 3378 5399 τοῦ
3400 5343 3647 5414 Σωτῆρος
3665 5337 3763 5408 τὴν

2187 5447 2436 5519 θεάτητα.
2470 5447 2534 5500 Ei
2575 5444 2685 5517 γὰρ
2715 5446 2844 5507 τοὺς
2885 5440 3274 5512 ἐλεγχομένους
3319 5436 3411 5490 καὶ
3460 5435 3552 5488 ἐπὶ
3597 5429 3761 5498 κακίᾳ

2184 5537 2636 5610 διαϐαλλομένους
2677 5537 2798 5590 οὐκ·
2825 5534 2988 5589 ὤκνει
3020 5533 3174 5596 Θεοὺς
3206 5527 3512 5600 ὀνομάζειν,
3541 5522 3630 5578 τὸν
3656 5519 3764 5574 τῶν

2183 5631 2453 5688 τοσούτων
2490 5629 2808 5704 παραδόξων
2842 5627 3018 5702 ἔργων
3046 5622 3294 5698 ποιητὴν,
3323 5621 3414 5676 τὸν
3447 5618 3548 5689 τὴν
3582 5614 3766 5688 κρίσιν
