4078 6934
193 341 350 401 985

1427 339 1937 397 COMMENTARIA
1977 341 2044 396 IN
2095 341 2438 402 PSALMOS.

3411 354 3518 412 986

191 457 402 530 παρὰ
451 455 547 510 τοῦ
583 455 796 528 [ἰατρὸς
827 454 1106 526 εἰληφότα,
1136 453 1254 518 πῶς
1301 455 1363 508 οὐ
1406 455 1742 511 δικαιότατον
1773 459 1836 528 τῇ

1943 473 2055 514 non
2085 460 2458 529 aequissimum
2492 451 2656 517 luerit
2683 463 2976 520 venerabili
3009 464 3104 522 Dei
3137 466 3519 552 honorecele-

193 541 354 605 ’σοῦ’
389 549 534 602 Θεοῦ
590 547 870 618 σεϐασμίῳ
910 549 1044 618 τιμῇ
1078 546 1400 618 σεμνύνειν;
1429 548 1601 602 Τοῦτό
1630 565 1713 602 τοι
1743 551 1837 603 καὶ

197 642 412 706 αὐτὸς
442 643 473 695 ό
501 639 693 712 Σωτὴρ
717 638 1113 710 δυσωπητικῶς
1140 639 1278 710 πρὸς
1315 640 1514 702 αὐτοὺς
1538 641 1668 705 τοὺς
1707 642 1839 694 ’ἰου-

202 735 419 790 δαίων
463 735 729 806 ἄρχοντας
779 733 1116 803 προῠτεινεν,
1147 731 1340 796 αὐταῖς
1385 732 1444 785 δὲ
1492 732 1716 798 ταύταις
1744 750 1836 787 κε-

203 842 346 897 χρη
356 823 525 894 μένος
567 825 688 886 ταῖς
739 821 1040 894 παρούσαις
1084 821 1313 888 λέξεσιν.
1365 823 1680 894 Εἰρηκὰτων
1728 825 1838 896 γὰρ

206 915 461 970 αὐτῶν·
499 914 638 984 Περί
673 913 861 968 καλοῦ
889 913 1065 984 ἔργου
1096 917 1169 969 οὐ
1203 912 1516 984 λιθάζομέν
1550 932 1646 979 σε,
1676 915 1838 970 ἀλλὰ

209 1008 380 1076 περὶ
425 1007 848 1076 βλασφημίας,
888 1005 978 1060 ὅτι
1022 1005 1126 1070 σὺ,
1161 1005 1472 1074 ἅνθρωπος
1515 1005 1620 1074 ὢν,
1650 1007 1838 1073 ποιεῖς

211 1101 515 1155 σεαυτὸν
567 1101 716 1155 Θεόν
737 1117 750 1130 ·
785 1099 1192 1167 ἀνταπεκρίθη
1239 1099 1444 1167 αὐτοῖς
1492 1105 1525 1155 o'
1567 1101 1794 1170 Ἰησοῦς
1819 1117 1833 1131 ⁸

217 1194 370 1246 Οὐκ
403 1194 538 1247 ἐστι
559 1191 965 1262 γεγραμμένον
981 1191 1053 1246 ἐν
1070 1189 1149 1256 τῷ
1175 1193 1337 1261 νόμῳ
1362 1190 1546 1262 ὑμῶν,
1567 1193 1678 1260 ὅτι,
1695 1193 1838 1263 Ἐγὼ

209 1279 406 1337 εἶπα·
430 1284 564 1338 Θεοί
592 1284 773 1348 ἐστε;
805 1286 874 1338 El
901 1283 1175 1350 ἐκείνους
1197 1279 1327 1338 εἷπε
1353 1285 1548 1351 θεοὺς,
1560 1285 1710 1354 πρὸς
1727 1285 1836 1352 οὓς

209 1378 257 1429 ό
293 1375 496 1444 λόγος
527 1372 762 1443 ἐγένετο
792 1373 898 1429 τοῦ
934 1375 1107 1441 Θεοῦ,
1139 1375 1239 1431 καὶ
1264 1377 1336 1429 οὐ
1360 1374 1609 1430 δύναται
1649 1374 1837 1445 λυθῆ-

205 1483 334 1522 rat
363 1466 408 1534 ἡ
439 1465 677 1535 Γραέρή,
704 1465 780 1520 ὃν
811 1468 844 1520 ό
879 1467 1083 1536 Πατὴρ
1105 1467 1324 1538 ἡγίασε
1345 1466 1446 1520 καί
1477 1466 1838 1522 ἀπέστειλεν

208 1559 323 1625 εἰς
359 1557 476 1613 τὸν
497 1559 749 1628 κόσμον,
778 1558 948 1627 ὑμεῖς
975 1559 1202 1629 λέγετε,
1229 1558 1318 1614 ὅτι
1345 1559 1717 1630 βλασφημεῖ,
1748 1559 1838 1614 ὅτι

211 1647 442 1706 εἶπονο
476 1651 608 1718 Υἱὸς
633 1650 782 1706 Θεοῦ
808 1655 946 1722 εἰμι.
973 1653 1036 1705 Εἰ
1065 1651 1122 1706 δὲ
1146 1651 1296 1720 λέγοι
1313 1653 1342 1704 ὁ
1359 1651 1568 1724 Σωτὴρ,
1597 1654 1837 1719 ὄτι,Οὺκ

215 1743 377 1798 ἐστι
391 1742 803 1814 τετραμμένον
825 1744 896 1797 ἐν
921 1742 1002 1810 τῷ
1023 1743 1224 1814 rapo);
1251 1744 1326 1816 μὴ
1361 1744 1650 1818 θαυμάσῃς
1667 1763 1680 1776 ·
1713 1743 1836 1798 ἐπεὶ

224 1835 430 1890 πάντα
470 1835 625 1904 λόγον
659 1833 818 1898 Θεοῦ,
849 1835 910 1888 οὐ
947 1835 1106 1906 μόνον
1131 1835 1223 1888 τὸν
1249 1815 1337 1888 διά
1369 1815 1616 1900 Μωσέως
1635 1875 1651 1902 ,
1697 1836 1834 1890 ἀλλὰ
1867 1815 1910 1870 Β

223 1929 333 1982 καὶ
366 1929 464 1982 τὸν
493 1928 582 1983 διὰ
605 1927 716 1983 τῶν
758 1928 1056 2000 προφητῶν
1099 1927 1444 2000 λελεγμένον,
1476 1928 1667 2002 ὥσπερ
1713 1931 1835 1985 τινὰ

229 2019 529 2092 βασιλικὸν
556 2019 720 2092 νόμον
745 2019 1104 2092 ἀποδέχεσθαι
1141 2021 1382 2075 διδάσκει
1401 2037 1415 2052 ο
1460 2020 1600 2075 ὥστε
1640 2022 1736 2076 καὶ
1765 2021 1836 2076 τὰ

227 2114 329 2168 διὰ
390 2113 502 2166 τῶν
554 2112 852 2186 προφητῶν
905 2112 1334 2186 παρηγγελμένα
1359 2113 1595 2183 εὐλόγως
1619 2114 1684 2169 ἄν
1713 2131 1836 2168 τινα

230 2204 390 2261 εἶναι
421 2207 587 2278 φάναι
620 2201 818 2274 νόμους
863 2206 1027 2260 Θεοῦο
1060 2208 1156 2260 καὶ
1183 2206 1246 2262 τὸ
1270 2206 1358 2261 διὰ
1383 2207 1481 2278 τῆς
1512 2206 1834 2280 ψαλμῳδίας

231 2299 472 2372 ὁμοίως.
508 2300 678 2365 Αὐτὸς
705 2296 797 2355 οὖν
831 2302 859 2354 ό
887 2299 980 2354 τοῦ
1005 2299 1142 2354 Θεοῦ
1169 2299 1362 2370 Λόγος,
1402 2300 1614 2373 μορφὴν
1646 2300 1834 2354 δούλου

235 2391 452 2458 λαϐὼν,
487 2393 580 2447 καὶ
611 2395 850 2466 σχήματι
875 2393 1120 2466 εὑρεθεὶς
1161 2394 1252 2462 ὡς,
1284 2394 1591 2466 ἄνθρωπος,
1617 2395 1747 2468 ἔστη
1775 2396 1835 2449 ὲν

235 2489 539 2558 συναγωγῇ
581 2486 736 2548 θεῶν,
769 2487 864 2541 καὶ
895 2486 1059 2558 μέσος
1081 2486 1190 2540 τῶν
1214 2488 1272 2540 ὲν
1293 2485 1601 2559 ἀνθρώποις
1621 2487 1836 2558 ὠνομα-

235 2580 484 2635 σθὲντων
513 2579 650 2633 θεῶν
670 2579 931 2648 γεγονὼς,
955 2579 1168 2651 ἔκρινεν
1195 2579 1411 2644 αὐτοὺς,
1433 2581 1672 2651 ὁπηνίκα
1698 2580 1837 2652 πρὸς

227 2659 443 2738 ῗιύτοὺς
465 2673 680 2742 ἔλεγεν·
729 2672 783 2724 '0
822 2675 1008 2742 λόγος
1042 2672 1116 2726 ὃν
1153 2671 1435 2741 ἐλάλησα
1473 2671 1626 2742 πρὸς
1654 2670 1833 2743 ὑμᾶς,

233 2764 427 2831 αὐτὸς
469 2763 628 2835 ὑμᾶς
663 2764 871 2832 κρίνει.
916 2763 1027 2816 Καὶ
1080 2763 1279 2835 μᾶλλον
1323 2763 1467 2818 οὕτω
1519 2765 1721 2837 πρέποι
1767 2765 1835 2820 ἂν

241 2854 565 2926 ἐκδέχεσθαι
615 2853 715 2926 τὴν
760 2852 1042 2926 παροῦσαν
1091 2854 1404 2927 Γραφην,ῆ
1457 2855 1700 2926 νομίζειν
1745 2856 1836 2912 τὸν

240 2949 506 3003 ἐπέκεινα
541 2947 650 3002 τῶν
682 2947 817 3002 ὅλων
857 2947 1011 3012 Θεὸν,
1045 2948 1208 3001 αὑτὸν
1233 2948 1325 3002 τὸν
1353 2949 1592 3021 Πατέρα,
1626 2951 1685 3003 ἐν
1708 2949 1835 3002 τού-

239 3059 357 3107 τοις
406 3040 721 3110 εἰσάγεσθαι
767 3040 970 3114 μεταξὺ
1023 3039 1161 3095 θεῶν
1196 3041 1399 3114 ἑτέρων
1427 3041 1659 3098 ἑστῶτα.
1693 3041 1832 3097 Οὔτε

237 3136 351 3207 γάρ
387 3135 666 3207 ἰσοτίμως
703 3134 854 3206 αὐτῷ
879 3151 1031 3198 τινας
1059 3131 1200 3188 εἶναι
1225 3135 1472 3190 ὑπονοεῖν
1500 3135 1678 3208 Θέμις,
1707 3135 1831 3189 οὔτε
1860 3167 1903 3225 C

243 3227 410 3282 αὐτὸν
447 3229 526 3291 εἰς
549 3226 804 3281 τοσοῦτον
836 3229 1191 3296 καταγαγεῖν,
1224 3227 1301 3292 ὡς
1332 3228 1494 3300 μέσον
1530 3229 1831 3302 ἀνθρώπων

245 3323 503 3393 παρεῖναι
551 3320 649 3374 καὶ
693 3320 915 3374 ἑστάναι
958 3319 1328 3375 ὑποτίθεσθαι.
1355 3321 1540 3376 Ταῦτα
1567 3321 1625 3376 δὲ
1653 3323 1831 3377 πάντα

242 3411 310 3468 ἂν
363 3412 592 3485 ἁρμόζοι
635 3411 715 3484 τῷ
759 3411 982 3484 Χριστῷ
1025 3411 1119 3466 τοῦ
1170 3412 1338 3468 Θεοῦο
1369 3413 1429 3478 δς
1470 3413 1536 3486 δὴ
1565 3402 1828 3483 φάσκωνυ

245 3505 397 3572 Ἕως
436 3506 580 3559 πότε
611 3507 842 3573 κρίνετε
883 3504 1141 3570 ἀδικίαν,
1172 3505 1270 3559 καὶ
1318 3507 1610 3575 πρόσωπα
1645 3507 1832 3578 ἁμαρ-

243 3596 452 3654 τωλῶν
496 3597 867 3668 λαμϐάνετε;
913 3597 973 3650 οὐ
1031 3597 1170 3670 πρὸς
1211 3599 1453 3664 ἐκείνους
1501 3600 1696 3670 μόνους
1750 3595 1832 3667 οἷς

247 3690 437 3765 παρὼν
464 3690 682 3763 ὡμίλει,
713 3690 850 3745 ἀλλὰ
875 3691 970 3745 καὶ
996 3691 1132 3764 πρὸς
1153 3691 1359 3756 πάντας
1379 3690 1522 3746 είποι
1549 3691 1615 3747 ἂν
1637 3691 1830 3759 ταῦτα,

247 3785 372 3847 τοὺς
419 3782 520 3854 τὴν
563 3782 813 3848 ἐξουσίαν
861 3783 955 3837 τοῦ
1007 3784 1214 3854 κρίνειν
1257 3783 1480 3856 ἑτέρους
1522 3784 1828 3856 εἰληφότας.

248 3873 535 3943 Μέμφεται
585 3872 642 3926 δὲ
695 3873 921 3939 εἰκότως
963 3874 1089 3936 τοὺς
1136 3872 1704 3946 καθυποκρινομένους
1733 3876 1832 3947 μὲν

248 3964 315 4018 τὰ
359 3964 466 4018 τῶν
512 3963 783 4018 πλουσίων
830 3965 1121 4035 πρόσωπα,
1155 3964 1598 4030 καταπονοῦντας
1623 3965 1681 4020 δὲ
1705 3967 1833 4032 τοὺς

253 4054 515 4125 πένητας·
550 4055 668 4109 δέον
717 4053 796 4126 τῷ
839 4055 939 4126 τῆς
981 4054 1331 4126 δικαιοσύνης
1371 4054 1522 4127 ζυγῷ
1568 4056 1830 4124 δικάζειν,

260 4145 688 4216 μνημονεύοντας
727 4146 1027 4214 φάσκοντος
1067 4146 1232 4217 νόμου
1255 4163 1268 4175 ·
1305 4150 1390 4201 Οὐ
1433 4147 1606 4217 λήψῃ
1647 4150 1834 4217 πρόσ-

270 4254 426 4292 ωπον
455 4238 525 4293 ἐν
545 4239 756 4306 κρίσει.
786 4237 924 4291 Νυνί
950 4237 1007 4292 δὲ
1040 4239 1300 4305 πολλάκις
1322 4240 1416 4294 καὶ
1436 4243 1596 4312 ἡμεῖς
1618 4243 1712 4296 ἐπὶ
1734 4243 1832 4314 μὲν

267 4329 370 4383 τῶν
393 4330 634 4400 πενήτων
665 4329 963 4382 πταιόντων
996 4329 1206 4400 σμικρά
1228 4347 1347 4384 τινα
1370 4331 1632 4404 ἀπότομοι
1653 4332 1833 4402 γιγνό-

269 4423 396 4495 μεθα
429 4424 634 4496 κριταὶ,
670 4423 766 4476 καί
815 4421 1180 4495 ἀπαραίτητοι
1228 4424 1286 4476 ὲν
1335 4426 1455 4487 ταῖς
1497 4424 1619 4478 κατ’
1652 4424 1832 4478 αὐτῶν

1940 549 2141 604 brare?
2171 548 2328 616 Quod
2362 553 2479 622 ipse
2509 552 2770 610 Servator
2796 557 3003 626 pudore
3022 557 3332 614 Judaaorum
3363 548 3517 632 prin-

1937 639 2088 710 cipes
2112 639 2374 704 alliciens.
2395 643 2728 715 eosdemque
2761 645 2848 701 bis
2879 647 3014 718 ipsis
3051 648 3232 703 verbis
3269 651 3514 720 compel-

1938 729 2080 798 lans,
2121 733 2434 804 objiciebat.
2473 734 2606 790 Nam
2650 751 2776 792 cum
2817 738 2894 793 illi
2921 740 3188 797 dixissent
3221 761 3233 796 :
3265 742 3344 797 De
3382 742 3514 797 bono

1938 839 2091 893 opere
2120 841 2223 879 non
2253 825 2554 896 lapidamus
2588 837 2654 895 te,
2690 828 2781 883 sed
2801 830 2864 884 de
2893 830 3248 900 blasphemia;
3277 836 3402 904 quia
3433 844 3515 898 tu,

1938 915 2096 970 homo
2137 933 2256 971 cum
2288 920 2385 983 sis,
2431 920 2568 990 facis
2610 923 2830 991 teipsum
2874 923 3090 980 Deum:
3124 927 3389 996 respondit
3437 929 3513 983 eis

1937 1003 2096 1060 Iesus
2124 1019 2141 1059 :
2178 1004 2368 1062 Nonne
2405 1010 2658 1078 scriptum
2684 1021 2762 1066 est
2797 1013 2847 1067 in
2877 1012 2986 1083 lege
3019 1025 3186 1070 vestra
3205 1032 3223 1069 :
3244 1015 3356 1086 Ego
3379 1017 3514 1083 dixi,

1938 1096 2031 1152 Dii
2050 1100 2175 1153 estis
2191 1102 2217 1155 ?
2236 1098 2298 1154 Si
2324 1101 2447 1156 illos
2476 1103 2614 1157 dixit
2640 1102 2762 1158 deos
2789 1107 2858 1158 ad
2885 1122 3013 1176 quos
3036 1124 3204 1162 sermo
3229 1107 3324 1162 Dei
3341 1109 3516 1180 factus

1937 1202 2039 1254 est,
2070 1201 2119 1246 et
2158 1209 2262 1246 non
2288 1203 2459 1262 potest
2505 1194 2637 1250 solvi
2669 1195 2980 1264 Scriptura;
3017 1215 3168 1267 quem
3199 1197 3363 1254 Pater
3391 1218 3520 1255 san-

1938 1283 2191 1353 ctiﬁcavit
2213 1293 2263 1339 et
2291 1287 2438 1341 misit
2470 1287 2525 1341 in
2555 1287 2833 1352 mundum,
2871 1306 2959 1344 vos
2999 1290 3178 1345 dicitis
3215 1293 3342 1360 quia
3371 1292 3519 1347 blas-

1939 1377 2172 1446 phemat,
2205 1381 2333 1450 quia
2362 1379 2477 1434 dixi
2500 1397 2519 1435 :
2552 1379 2729 1436 Filius
2753 1381 2854 1436 Dei
2887 1400 3005 1437 sum
3035 1383 3078 1439 ‘.
3109 1384 3264 1451 Quod
3301 1386 3347 1440 si
3389 1385 3518 1441 Ser-

1939 1477 2096 1526 vator
2122 1470 2270 1526 dicat
2303 1491 2316 1527 :
2353 1470 2544 1528 Nonne
2571 1483 2651 1527 est
2688 1475 2945 1544 scriptum
2976 1476 3029 1529 in
3071 1477 3227 1547 lege?
3254 1493 3322 1532 ne
3352 1480 3518 1532 mire-

1939 1560 2051 1628 ris;
2087 1563 2348 1632 quoniam
2381 1563 2679 1632 quemlibet
2718 1579 3028 1620 sermonem
3053 1565 3170 1628 Dei,
3195 1583 3302 1622 non
3337 1569 3516 1623 solum

1939 1654 2033 1725 qui
2057 1669 2155 1725 per
2187 1654 2451 1726 Moysem,
2486 1655 2584 1711 sed
2613 1657 2776 1712 etiam
2811 1673 2906 1727 per
2945 1660 3243 1729 prophetas
3276 1661 3520 1730 prolatus

1941 1744 2034 1809 sit,
2061 1745 2219 1815 quasi
2247 1746 2450 1816 regiam
2481 1747 2774 1816 quamdam
2810 1747 2980 1819 legem
3020 1749 3395 1820 accipiendum
3421 1752 3520 1806 de-

1939 1848 2065 1901 cet;
2117 1838 2194 1892 ita
2239 1846 2299 1892 ut
2340 1846 2611 1910 praecepta
2657 1856 2753 1910 per
2787 1842 3082 1912 prophetas
3117 1843 3350 1909 tradita,
3392 1845 3520 1914 jure

1939 1929 2085 2000 leges
2122 1928 2215 1985 Dei
2241 1946 2363 1987 esse
2396 1931 2682 2000 dicantur;
2713 1941 2767 1988 et
2800 1935 3052 1991 similiter
3080 1952 3202 2006 qua:
3256 1936 3312 1991 in
3357 1935 3516 1992 Psal-

1937 2023 2044 2078 mis
2073 2022 2345 2079 l'eruntur.
2382 2021 2562 2094 Ipsum
2593 2026 2776 2096 itaque
2803 2025 2897 2082 Dei
2932 2026 3191 2096 Verbum,
3219 2029 3364 2104 quod
3399 2030 3518 2085 lor-

1938 2131 2080 2170 mam
2111 2116 2255 2172 servi
2289 2117 2500 2188 accepit
2521 2127 2576 2173 et
2600 2119 2791 2174 habitu
2816 2121 3093 2176 inventum
3127 2130 3213 2179 est
3241 2131 3303 2177 ut
3327 2123 3512 2189 homo,

1936 2207 2087 2262 stetit
2113 2207 2166 2262 in
2196 2222 2471 2280 synagoga
2497 2208 2723 2265 deorum
2744 2249 2761 2275 ,
2797 2219 2851 2266 et
2883 2213 3121 2268 medium
3171 2221 3325 2270 stans
3373 2215 3514 2271 inter

1936 2298 2207 2367 homines,
2241 2299 2336 2371 qui
2364 2300 2438 2355 dii
2474 2311 2762 2364 vocantur,
2795 2301 3080 2372 judicabat
3107 2320 3239 2369 eos,
3277 2321 3402 2360 cum
3432 2305 3518 2366 di~

1935 2398 2084 2446 ceret
2113 2391 2220 2446 illis
2251 2409 2266 2446 :
2293 2389 2480 2447 Sermo
2517 2409 2668 2462 quem
2699 2394 2903 2448 locutus
2937 2411 3056 2448 sum
3084 2394 3247 2459 vobis,
3288 2396 3398 2466 ipse
3425 2412 3516 2451 eos

1925 2483 2137 2553 judicat
2153 2482 2356 2540 “.llanc
2373 2499 2540 2556 porro
2562 2483 2903 2563 Scripturam
2926 2486 3295 2557 praestabilius
3315 2488 3516 2544 esthoc

1936 2577 2184 2648 accipere
2221 2577 2406 2642 modo,
2439 2594 2602 2648 quam
2637 2585 2830 2649 putare
2872 2577 3043 2635 Deum
3075 2581 3169 2650 qui
3200 2594 3368 2650 super
3399 2596 3518 2635 om-

1936 2671 2027 2724 nia
2059 2676 2166 2735 est,
2194 2670 2375 2741 ipsum
2417 2668 2654 2734 Patrem,
2691 2670 2780 2726 hic
2821 2670 3006 2727 induci
3041 2672 3182 2727 inter
3212 2673 3351 2729 alios
3381 2673 3516 2728 deos

1937 2769 2194 2818 stantem.
2222 2761 2408 2833 Neque
2439 2763 2585 2818 enim
2619 2763 2744 2818 licet
2775 2763 2917 2819 alios
2949 2764 3050 2834 ipsi
3094 2764 3303 2819 honore
3331 2779 3514 2834 arqua-

1937 2856 2014 2911 les
2047 2870 2171 2910 esse
2207 2855 2501 2926 suspicari,
2548 2870 2726 2925 neque
2776 2855 2955 2926 ipsum
2986 2857 3061 2911 ita
3092 2856 3416 2928 deprimere,
3455 2866 3516 2912 ut

1937 2949 2150 3003 medius
2203 2949 2347 3003 inter
2392 2947 2644 3004 homines
2689 2963 2812 3004 esse
2849 2958 2904 3004 et
2953 2958 3101 3005 stare
3152 2963 3512 3022 supponatur.

1937 3039 2062 3097 llaec
2087 3056 2253 3113 porro
2281 3043 2465 3095 omnia
2494 3038 2720 3096 Christo
2751 3038 2847 3095 Dei
2875 3049 3187 3112 competant
3220 3062 3234 3097 :
3260 3043 3352 3112 qui
3381 3057 3515 3098 sane

1937 3148 2061 3188 cum
2097 3132 2212 3188 haec
2243 3130 2377 3186 dicit
2409 3151 2422 3186 :
2473 3127 2748 3201 Usquequo
2774 3130 3031 3200 iudicatis
3069 3133 3422 3203 iniquitatem,
3462 3143 3514 3188 et

1934 3226 2098 3294 {acies
2121 3233 2457 3294 peccatorum
2477 3224 2734 3280 sumitis?
2760 3238 2868 3278 non
2892 3238 2987 3280 eos
3012 3224 3188 3280 solum
3213 3240 3353 3296 quos
3375 3241 3516 3296 pra-

1933 3333 2063 3374 sens
2092 3315 2506 3386 alloquebatur;
2539 3313 2634 3370 sed
2663 3315 2827 3370 etiam
2856 3331 3049 3371 omnes
3069 3323 3339 3386 quotquot
3359 3324 3517 3386 pote-

1933 3417 2133 3464 statem
2162 3410 2231 3464 de
2264 3408 2390 3465 aliis
2415 3408 2701 3478 iudicandi
2725 3408 3060 3480 acceperint,
3091 3390 3179 3465 sie
3199 3411 3510 3480 compellat.

1934 3501 2127 3558 Merito
2160 3508 2341 3556 autem
2376 3502 2558 3572 arguit
2591 3517 2706 3569 eos,
2749 3502 2843 3572 qui
2873 3501 3104 3556 divitum
3133 3517 3424 3573 personam
3454 3504 3514 3559 in

1933 3595 2152 3651 occulto
2173 3594 2474 3666 accipiunt,
2504 3609 2772 3666 pauperes
2793 3603 2974 3650 autem
2997 3596 3314 3666 opprimunt
3341 3613 3357 3663 ;
3382 3611 3511 3652 cum

1931 3696 2182 3760 Oporteat
2213 3704 2339 3744 cum
2365 3687 2594 3760 justitia:
2633 3689 2846 3744 bilance
2877 3689 3144 3760 judicium
3193 3688 3356 3754 ferre,
3405 3704 3514 3743 nie-

1933 3798 2114 3839 mores
2147 3782 2284 3852 legis
2315 3797 2436 3853 qua
2460 3782 2536 3836 ait
2569 3797 2584 3834 :
2619 3781 2741 3835 Non
2771 3781 2993 3851 accipies
3028 3797 3310 3850 personam
3333 3781 3385 3834 in
3417 3779 3514 3849 ju-

1931 3873 2071 3929 dicio
2101 3875 2142 3929 ⁸.
2182 3873 2339 3930 Nunc
2371 3882 2554 3929 autem
2586 3873 2908 3944 plerumque
2935 3887 3038 3927 nos
3085 3887 3213 3942 erga
3243 3886 3516 3942 pauperes

1931 3965 1990 4020 in
2023 3965 2237 4020 modica
2269 3965 2475 4036 lapsos,
2524 3965 2792 4019 immanes
2836 3979 3029 4020 sumus
3067 3963 3304 4033 judices,
3347 3972 3518 4034 atque

1933 4055 1989 4110 in
2018 4055 2292 4111 sententia
2329 4064 2520 4109 contra
2547 4068 2646 4109 eos
2680 4052 2902 4108 ferenda
2944 4053 3340 4120 inexorabiles;
3370 4055 3517 4108 divi-

1931 4156 2048 4204 tum
2091 4163 2220 4203 vero
2252 4148 2345 4218 qui
2399 4147 2723 4218 gravissima
2778 4145 3010 4202 crimina
3061 4153 3396 4217 perpetrant,
3445 4162 3516 4202 ae

1930 4239 2126 4297 deinde
2155 4241 2208 4294 in
2244 4238 2544 4294 Ecclesiam
2575 4238 2670 4294 Dei
2719 4239 3008 4302 accedunt,
3045 4253 3333 4310 personam
3365 4239 3546 4306 acciy.

1931 4335 2135 4408 pimus,
2163 4334 2236 4388 ita
2264 4340 2325 4386 ut
2353 4332 2513 4388 nobis
2533 4333 2697 4387 etiam
2722 4339 2996 4402 competat
3022 4331 3153 4386 illud
3189 4351 3202 4387 :
3235 4330 3512 4404 Usquequo

1925 4423 2184 4496 judicatis
2217 4423 2572 4494 iniquitatem,
2610 4429 2659 4475 et
2695 4420 2856 4491 facies
2893 4431 3225 4491 peccatorum
3259 4421 3518 4478 sumitis?

260 4515 554 4586 ἀποφάσεσι
577 4531 592 4544 ο
647 4513 919 4568 πλουσίων
963 4513 1021 4566 δὲ
1063 4513 1132 4568 τὰ
1167 4513 1397 4585 μέγιστα
1427 4514 1829 4588 ἐξαμαρτανόν-

1934 4517 2067 4574 Cum
2097 4523 2277 4571 autem
2329 4515 2483 4579 dicit,
2517 4529 2799 4585 usquequo,
2831 4512 2900 4568 de
2943 4513 3066 4568 vitai
3096 4513 3244 4568 exitu
3282 4528 3384 4569 nos
3411 4512 3511 4568 ad-

260 4623 377 4668 των,
405 4605 591 4659 ἔπειτα
633 4603 1091 4677 παραδαλλόντων
1130 4605 1211 4669 εἰς
1240 4604 1337 4676 τὴν
1380 4606 1702 4678 Ἐκκλησίαν
1729 4608 1823 4662 τοῦ

261 4694 404 4761 Θεοῦ,
440 4697 704 4768 πρόσωπα
753 4694 1130 4767 λαμϐάνομεν
1184 4693 1326 4750 ὥστε
1379 4698 1472 4750 καὶ
1507 4697 1643 4770 πρὸς
1676 4701 1826 4770 ἡμᾶς

263 4791 502 4864 ἁρμόττει
525 4791 586 4846 τό
605 4809 618 4822 ⁸
652 4793 800 4860 Ἕως
820 4794 966 4846 πότε
986 4793 1220 4861 κρίνετε
1239 4792 1500 4858 ἀδικίαν,
1519 4795 1616 4849 καὶ
1638 4798 1822 4864 πρόσ-

1932 4616 2140 4667 monet.
2184 4609 2484 4676 Quantum,
2549 4607 2749 4678 inquit,
2809 4606 3070 4676 temporis
3123 4605 3279 4661 vobis
3307 4605 3506 4672 aderit,

1931 4719 2040 4774 quo
2071 4702 2208 4759 tales
2242 4700 2406 4757 sitis?
2443 4715 2507 4755 ac
2537 4699 2755 4754 demum
2786 4714 2884 4754 vos
2922 4697 3017 4754 Dei
3061 4697 3325 4769 judicium
3355 4699 3512 4753 inva-

1930 4797 2043 4853 det.

263 4900 380 4939 ωπα
415 4886 775 4956 ἁμαρτωλῶν
821 4888 1192 4958 lemma-ste;
1237 4890 1325 4943 ’Ev
1371 4891 1429 4944 δὲ
1469 4891 1550 4964 τῷ
1595 4894 1774 4965 λέγειν
1797 4937 1814 4962 ,
1853 4896 1965 4962 ἕως
2015 4894 2180 4954 πότε,
2237 4890 2646 4962 ὑπομιμνήσκει
2702 4883 2802 4961 τῆς
2856 4886 2952 4941 τοῦ
3019 4887 3134 4958 βίου
3165 4885 3511 4959 ἀπαλλαγῆς.

266 4984 419 5038 Πόσον
442 4982 570 5054 γὰρ,
593 4984 776 5054 φησὶν,
799 4984 948 5050 ἕξετε
973 4986 1164 5058 χρόνον
1193 4987 1252 5040 ὲν
1279 4979 1324 5056 ᾧ
1349 4987 1579 5044 τοιοῦτοι
1600 4991 1786 5046 ἔσεσθε
1807 5009 1821 5059 ;
1860 4993 1953 5047 καὶ
1982 4989 2167 5044 λοιπὸν
2191 4986 2508 5058 διαλήψεται
2541 4985 2685 5056 ὑμᾶς
2712 4985 2746 5056 η
2771 4982 2865 5036 τοῦ
2891 4982 3027 5036 Θεοῦ
3053 4981 3252 5054 κρίσις.

326 5098 407 5152 Διὸ
428 5099 668 5168 ἐπιλέγει
686 5116 700 5130 ο
736 5101 987 5169 Κρίνατε
1015 5103 1256 5174 πτωχὸν
1276 5105 1374 5159 καὶ
1406 5106 1690 5176 ὀρφανὸν,
1721 5125 1821 5162 τα-

266 5190 452 5246 πεινὸν
475 5191 574 5245 καὶ
595 5190 823 5260 πένητα
839 5191 1211 5249 δικαιώσατε.
1230 5195 1544 5260 Ἐξέλεσθε
1569 5195 1817 5266 πένητα,

1997 5105 2171 5160 Vens.
2206 5104 2259 5158 4.
2295 5101 2476 5170 Quare
2523 5099 2709 5157 subdit
2744 5119 2758 5156 :
2788 5098 3038 5154 Judicate
3082 5115 3298 5170 egenum
3327 5107 3377 5152 et
3405 5113 3508 5166 pu-

1923 5199 2132 5269 pillttut,
2155 5195 2402 5250 humilem
2432 5204 2482 5249 et
2503 5209 2781 5265 pauperem
2800 5192 3115 5262 justi/icate.
3150 5190 3350 5260 Eripite
3368 5205 3504 5256 pau-

268 5283 353 5337 καί
379 5282 612 5352 πτωχὸν
637 5283 706 5336 ἐκ
745 5285 946 5353 χειρὸς
988 5285 1339 5355 ἀμαρτωλοῦ
1378 5289 1674 5358 ῥύσασθε.
1692 5289 1818 5344 Ἐὰν

1934 5307 2116 5354 berem,
2147 5299 2195 5344 et
2233 5305 2450 5359 egenum
2491 5286 2556 5341 de
2611 5303 2772 5340 ntanu
2827 5287 3116 5356 peccatoris
3168 5283 3402 5337 liberate.
3443 5279 3501 5335 Si

273 5375 356 5447 μὲν
381 5371 465 5430 οὖν
480 5377 684 5430 τούτων
708 5376 1048 5449 ἀκροώμενοι
1076 5379 1459 5452 παιδευώμεθα
1483 5382 1575 5436 καὶ
1596 5381 1667 5435 τὰ
1683 5400 1824 5455 παρ-

273 5467 564 5538 αγγέλματα
599 5468 984 5539 φυλάττοιμεν,
1018 5469 1119 5540 τῆς
1151 5471 1215 5524 ὲκ
1243 5471 1350 5525 τῶν
1370 5472 1540 5543 λόγων
1564 5474 1823 5546 ὠνάμεθα

272 5556 529 5626 ὠφελείας.
545 5559 698 5612 Ἐπεί⁹
722 5559 815 5612 καί
834 5561 964 5630 ἡμῖν
984 5559 1306 5632 λεχθήσεται
1325 5578 1338 5593 ο
1375 5567 1496 5618 Οὐκ
1525 5565 1820 5636 ἔγνωσαν,

275 5647 393 5704 οὐδὲ
414 5649 713 5718 συνῆκαν,
740 5651 811 5704 ἐν
829 5652 1030 5706 σκότει
1057 5651 1531 5722 διαπορεύονται.
1547 5656 1613 5709 Τί
1641 5655 1696 5709 δὲ
1722 5657 1822 5711 οὐκ

347 5804 538 5862 ‘loan.
575 5825 642 5874 ι,
679 5809 767 5865 53.
847 5811 867 5842 ⁸
907 5807 1065 5865 Joan.
1101 5825 1212 5878 xu,
1246 5809 1334 5866 l8.
1411 5809 1432 5842 ⁶
1471 5809 1628 5866 Deut.
1665 5827 1787 5881 xvi,
1829 5810 1912 5867 l9.

1927 5384 2113 5455 itaque
2139 5383 2224 5439 bis
2249 5381 2453 5437 auditis
2476 5380 2546 5436 ad
2577 5379 2924 5450 disciplinam
2945 5378 3272 5433 accedamus
3291 5384 3344 5430 et
3370 5390 3504 5446 pra:-

1926 5485 2082 5545 cepta
2120 5489 2433 5538 servemus,
2477 5489 2547 5529 ex
2589 5470 2937 5528 sermonibus
2981 5468 3271 5523 utilitatem
3317 5465 3499 5537 perci-

1925 5568 2157 5638 piemus.
2177 5565 2389 5623 Etenim
2414 5567 2576 5623 nobis
2611 5580 2828 5636 quoque
2871 5563 3084 5617 dicetur
3111 5579 3211 5614 :——-
3232 5558 3398 5614 Vens.
3441 5557 3496 5614 5.

1928 5656 2266 5726 Nescieruut,
2297 5677 2458 5730 neque
2507 5659 2899 5724 intellexerunt,
2950 5657 3010 5710 in
3057 5653 3278 5710 tenebris
3312 5649 3501 5707 ambus-
