4078 6934
68 917 72 998 ν

68 1037 72 1134 ἰ

605 385 712 442 987
1313 378 1583 436 EUSEBII
1616 375 2098 469 CESABIENSIS
2125 374 2276 432 OPP.

608 501 743 562 (aut.
786 498 927 567 Quid
964 509 1142 554 autem
1175 496 1492 551 nescierunt
1545 510 1722 564 neque
1773 494 2176 559 intellexerunt,
2210 499 2253 556 Α

607 592 716 645 nisi
751 605 810 644 se
843 588 1244 660 quamprimum
1296 584 1555 638 tribunali
1588 583 1685 639 Dei
1727 581 2002 638 sistendos
2032 597 2176 646 esse,

607 683 876 738 rationem
913 681 980 736 de
1018 679 1242 749 judiciis
1280 677 1483 747 injuste
1535 675 1662 730 latis
1710 675 2058 731 reddituros?
2097 673 2179 728 illi

607 789 739 828 vero
764 771 1030 844 judicium
1072 769 1166 825 Dei
1202 783 1312 840 prae
1345 767 1522 823 oculis
1557 782 1668 822 non
1697 773 1982 837 ponentes,
2013 765 2068 820 in
2099 771 2182 819 te-

610 866 798 921 nebris
823 863 1121 928 ambulant,
1160 863 1482 932 ignorantiae
1509 861 1742 930 caligine
1769 859 1969 913 mentis
1993 856 2181 912 oculos

610 958 918 1028 cpplentes.
943 954 1309 1021 Quamobrem
1341 967 1440 1023 par
1473 959 1556 1007 est
1587 966 1682 1006 eos
1707 949 1859 1005 verbi
1892 946 2182 1018 splendore

610 1051 933 1112 illustratos,
993 1060 1086 1101 aut
1133 1063 1243 1101 non
1283 1045 1558 1116 judicare,
1605 1057 1874 1098 memores
1922 1041 2042 1111 ejus
2088 1039 2182 1110 qui

507 1203 513 1208 ,
611 1139 748 1194 dixit
781 1157 796 1194 :
826 1136 1006 1193 Nolite
1032 1136 1296 1208 judicare,
1326 1143 1384 1188 ut
1422 1151 1526 1188 non
1559 1132 1871 1203 judicemini
1897 1131 1959 1197 7;
1991 1137 2084 1183 aut
2134 1127 2180 1184 si

612 1230 666 1285 id
713 1229 1007 1300 aliquando
1041 1242 1266 1283 necesse
1297 1225 1480 1289 fuerit,
1514 1223 1886 1294 justissimum
1913 1218 2182 1291 judicium

609 1321 776 1386 ferre,
812 1338 875 1376 ac
914 1328 1230 1393 peccatores
1254 1318 1610 1383 convincere;
1634 1315 1848 1371 etiamsi
1881 1310 2184 1384 oportuerit

610 1430 711 1484 pro
739 1414 964 1468 veritate
993 1411 1132 1466 mori
1176 1430 1188 1465 :
1225 1411 1277 1465 in
1314 1409 1555 1463 animum
1592 1407 1932 1469 inducentes,
1974 1404 2030 1458 in
2059 1404 2184 1456 uni-

608 1505 812 1560 versali
845 1505 936 1560 Dei
967 1504 1198 1574 judicio,
1234 1501 1381 1573 quod
1414 1517 1511 1572 per
1541 1498 1819 1556 Christum
1848 1512 2006 1554 suum
2040 1497 2183 1550 latu-

609 1612 710 1652 rus
738 1607 841 1661 est,
869 1597 1110 1651 omnium
1141 1594 1259 1650 fore
1291 1591 1818 1648 consummationem
1846 1598 1900 1646 et
1920 1589 2181 1643 mutatio-

609 1705 756 1744 nem.
810 1687 964 1754 Quod
1017 1687 1286 1756 judicium
1321 1687 1564 1741 declarat
1608 1686 1662 1740 id
1691 1683 1838 1756 quod
1887 1681 2179 1752 sequitur:

609 1777 854 1834 -—Vens.
881 1779 935 1843 6,
970 1780 1023 1832 7.
1057 1778 1410 1834 Movebuutur
1433 1779 1610 1834 omnia
1643 1776 1989 1847 fundamenta
2005 1784 2178 1829 terrae.

611 1869 724 1940 Ego
753 1870 1004 1925 dixi:Dii
1024 1873 1171 1935 estis,
1195 1882 1243 1927 et
1272 1873 1372 1942 [itii
1404 1871 1666 1926 Altissimi
1690 1885 1890 1924 omnes.
1938 1867 2041 1922 Vos
2082 1883 2182 1920 au-
2212 1851 2254 1906 Β

612 1971 711 2016 tem
739 1963 876 2017 sicut
905 1963 1138 2018 homines
1174 1965 1489 2030 mariemini,
1515 1973 1564 2018 et
1599 1962 1734 2016 sicut
1761 1977 1896 2015 unus
1925 1959 1989 2015 de
2029 1962 2180 2030 prin-

607 2053 812 2123 cipibus
838 2055 1056 2111 cadetis.
1091 2055 1402 2111 Memoratis
1437 2056 1563 2118 diis,
1595 2053 1828 2108 ducibus
1859 2052 2108 2108 videlicet
2130 2061 2185 2108 et

610 2145 951 2214 principibus
999 2146 1207 2216 populi,
1258 2145 1350 2214 qui
1399 2146 1454 2199 in
1499 2143 1738 2200 medium
1791 2157 1987 2198 eorum
2032 2141 2182 2197 venit

611 2235 775 2302 Deus,
803 2236 916 2289 haec
943 2235 1108 2290 etiam
1133 2235 1392 2304 loquitur,
1411 2233 1636 2299 docens,
1673 2249 1732 2289 se
1758 2233 1976 2304 quidem
2001 2231 2182 2288 Patris

611 2327 990 2382 liberalitatem
1049 2327 1343 2393 imitatum,
1395 2327 1548 2381 nulla
1599 2326 1804 2382 invidia
1853 2325 2176 2385 cohibitum.

609 2419 867 2474 deitatem
897 2419 1305 2474 communicare
1337 2433 1524 2485 suam;
1559 2417 1634 2471 ita
1683 2423 1744 2470 ut
1791 2417 1916 2472 illos
1964 2431 2182 2486 quoque

609 2527 798 2567 omnes
828 2511 961 2568 deos
991 2519 1044 2566 et
1082 2510 1224 2566 filios
1256 2510 1526 2566 Altissimi
1551 2515 1793 2572 vocaret,
1821 2507 1968 2578 quod
1997 2518 2179 2562 tamen

610 2604 716 2661 sibi
750 2605 853 2660 soli
885 2607 1090 2670 inerat;
1123 2603 1199 2657 illi
1231 2617 1362 2658 vero
1408 2604 1638 2673 gratiam
1673 2602 2005 2657 contumelia
2057 2600 2182 2656 alie-

609 2704 822 2750 cerunt.
855 2692 974 2760 Quo
1005 2702 1168 2766 pacto
1192 2701 1373 2748 autem
1406 2694 1498 2763 qui
1531 2708 1561 2747 a
1589 2691 2002 2762 Deoimperium
2027 2707 2184 2747 acceo

607 2804 759 2858 pere,
789 2787 1016 2842 deorum
1062 2787 1323 2842 honorem
1387 2786 1528 2857 apud
1580 2785 1828 2842 subditos
1874 2785 2176 2849 obtineant,

608 2880 896 2951 intelliges,
928 2879 974 2934 si
1005 2879 1187 2933 animo
1231 2878 1484 2932 advertas
1516 2875 1722 2932 dictum
1753 2875 1924 2948 Moysi
1955 2876 2125 2932 fuisse
2163 2895 2174 2930 :

609 2970 744 3025 Ecce
775 2971 1024 3025 constitui
1065 2978 1112 3023 te
1157 2969 1309 3023 hodie
1340 2968 1495 3022 deum
1537 2968 1857 3030 Pharaonis,
1903 2975 1954 3021 et
1998 2968 2176 3020 Aaron

607 3064 776 3133 frater
816 3072 935 3116 tuus
969 3063 1070 3116 erit
1113 3061 1206 3114 tibi
1235 3061 1488 3130 propheta
1515 3061 1556 3115 ⁸.
1587 3060 1741 3115 Sicut
1769 3061 1915 3116 enim
1939 3059 2175 3131 Moyses,

606 3170 731 3210 cum
761 3154 924 3208 homo
954 3153 1052 3210 Dei
1081 3161 1249 3217 esset,
1269 3161 1322 3208 et
1357 3155 1426 3208 ab
1459 3169 1525 3210 eo
1555 3153 1817 3209 honorem
1849 3154 2172 3224 accepisset,

605 3246 742 3302 deus
779 3244 1083 3301 Pharaonis
1111 3246 1419 3316 appellatus
1455 3253 1580 3314 est;
1607 3249 1795 3302 eodem
1829 3247 1992 3301 modo
2019 3257 2177 3317 quot-

605 3344 740 3407 quot
770 3351 800 3389 a
834 3335 945 3392 Deo
979 3337 1241 3392 honorem
1275 3337 1605 3407 acceperint,
1645 3337 1870 3394 deorum
1898 3339 2018 3393 loco
2044 3337 2178 3393 sub-

606 3429 737 3483 ditis
769 3427 1057 3482 habentur.
1101 3427 1467 3494 Quamobrem
1528 3428 1690 3483 iidem
1729 3429 1930 3484 subditi
1973 3429 2040 3483 ad
2083 3443 2178 3486 eos

605 3534 734 3574 cum
762 3520 1065 3574 reverentia
1097 3527 1151 3572 et
1175 3519 1368 3574 timore
1390 3518 1679 3584 accedunt,
1705 3534 1814 3573 non
1845 3519 1915 3574 ob
1942 3518 2178 3574 militare

607 3611 950 3674 satellitium,
987 3625 1096 3664 non
1126 3611 1197 3665 ob
1237 3609 1455 3665 divitias
1483 3617 1538 3665 et
1585 3617 1938 3680 potestatem;
1978 3610 2071 3666 sed
2105 3610 2177 3665 ob

605 3701 868 3755 honorem
897 3700 1035 3771 ipsis
1063 3714 1092 3752 a
1114 3698 1225 3755 Deo
1247 3699 1500 3754 inditum.
1535 3699 1627 3754 Sic
1655 3701 1798 3755 enim
1830 3699 2031 3771 Moysis
2059 3699 2178 3754 vul-

605 3798 696 3848 tus
727 3792 899 3862 gloria
931 3791 1267 3861 replebatur,
1320 3791 1401 3847 sic
1453 3791 1824 3861 apostolorum
1877 3790 2176 3847 Salvatoris

603 3883 801 3947 nostri,
829 3883 910 3939 sic
943 3883 1074 3937 olim
1105 3881 1202 3937 Dei
1246 3882 1658 3954 prophetarum,
1693 3882 1773 3938 sic
1805 3883 2050 3936 omnium
2081 3883 2175 3952 qui

601 3989 728 4028 vero
763 3973 908 4028 servi
939 3971 1036 4027 Dei
1061 3980 1252 4040 erant;
1285 3973 1380 4042 qui
1413 3971 1542 4030 dum
1572 3973 1690 4027 sine
1718 3972 2008 4043 splendore
2041 3987 2177 4043 pau-

601 4080 868 4136 percsque
899 4064 1068 4118 vitam
1100 4063 1379 4136 degerent,
1406 4080 1436 4118 a
1474 4064 1745 4136 religiosis
1784 4073 1964 4120 tamen
1999 4064 2176 4120 homi-

601 4157 763 4212 nibus
789 4157 860 4212 ob
879 4155 1105 4224 inditam
1140 4155 1245 4210 sibi
1292 4155 1522 4224 gratiam
1566 4155 1621 4209 in
1663 4154 1870 4210 honore
1895 4154 2176 4211 habeban-

581 4257 712 4316 ‘ur.
745 4247 856 4319 Ego
879 4247 1122 4318 quidem,
1157 4247 1254 4311 ait,
1284 4246 1366 4302 sic
1405 4247 1572 4312 volui,
1606 4246 1688 4302 sic
1719 4245 1830 4301 dixi
1861 4263 1874 4298 :
1909 4245 2000 4300 Dii
2024 4248 2171 4302 estis.

602 4341 762 4397 Volui
791 4356 925 4397 sane
954 4355 1054 4395 vos
1080 4339 1306 4409 perinde
1342 4347 1503 4409 atque
1525 4354 1610 4393 me
1643 4339 1698 4393 in
1723 4337 1902 4394 medio
1928 4346 2172 4393 vestrum

599 4440 836 4488 stantem
891 4429 1085 4494 Deum,
1137 4428 1404 4483 Altissimi
1450 4427 1592 4483 ﬁlios
1623 4427 1800 4493 elIici;
1850 4442 1947 4482 vos
1989 4435 2170 4483 autem

2320 373 2500 430 PARS
2533 372 2619 429 ill.
2657 401 2728 414 --
2757 371 3167 429 EXEGETICA.
3809 375 3938 430 983

2284 493 2527 563 ἔγνωσαν
2571 489 2692 545 οὐδὲ
2743 487 3064 560 συνῆκαν,ἤ
3097 489 3180 542 ὅτι
3227 489 3351 542 ὅσον
3385 486 3540 542 οῦπω
3581 489 3711 543 καὶ
3747 491 3936 543 αὑτοὶ

2282 581 2724 653 παραστήσονται
2749 577 2826 648 τῷ
2856 577 3057 647 βήματι
3091 576 3188 630 τοῦ
3211 577 3367 640 Θεοῦ,
3405 577 3562 646 λόγον
3605 576 3934 641 Scine-ns;

2279 673 2408 744 περὶ
2459 665 2534 726 ὧν
2582 672 2643 725 οὑ
2694 669 2921 731 δικαίως
2948 669 3202 742 ἐκριναν;
3238 671 3302 722 υί
3335 670 3391 724 δὲ
3429 670 3502 742 μὴ
3532 669 3656 740 πρὸ
3691 669 3934 737 ὀφθαλ-

2283 763 2400 834 μῶν
2433 763 2646 834 θέμενοι
2676 760 2777 834 τὴν
2811 760 2992 832 κρίσιν
3028 761 3123 814 τοῦ
3177 760 3313 814 Θεοῦ
3365 763 3422 815 ὲν
3459 762 3660 815 σκότει
3707 761 3934 815 διαπο-

2285 853 2551 924 ρεὺονται,
2582 851 2660 922 τῷ
2681 852 2784 924 τῆς
2809 851 3031 918 ἀγνοίας
3055 850 3229 922 σκότῳ
3255 850 3324 904 τά
3350 852 3449 922 τῆς
3474 852 3675 922 ψυχῆς
3711 851 3930 903 αὐτῶν

2279 945 2501 1014 ὄμματα
2551 943 2960 1017 πληρώσαντες.
2993 943 3085 996 Διὸ
3135 944 3420 1015 προσήκει,
3449 943 3529 1013 τῷ
3576 942 3696 996 τοῦ
3739 943 3930 1010 λόγου

2283 1037 2473 1108 φέγγει
2508 1037 2932 1109 φωτιζομένους,
2964 1035 2996 1107 ἢ
3051 1036 3125 1107 μὴ
3165 1036 3391 1108 κρίνειν,
3424 1035 3928 1108 μνημονεύοντας

2279 1129 2374 1183 τοῦ
2406 1129 2688 1204 εἰρηκότος
2709 1147 2723 1161 ·
2755 1130 2854 1199 Μὴ
2897 1129 3149 1197 κρίνετε,
3185 1129 3286 1182 ἵνα
3310 1127 3395 1198 μὴ
3430 1128 3690 1198 κριθῆτε
3723 1144 3742 1158 ο
3785 1130 3822 1198 ἣ
3871 1134 3922 1181 εξ

2282 1222 2493 1294 ἀνάγκη
2556 1223 2686 1276 ποτὲ
2737 1222 2980 1294 κρίνειν,
3032 1219 3174 1275 κατά
3215 1220 3277 1273 τὸ
3319 1221 3676 1274 δικαιότατον
3737 1219 3926 1273 τοῦτο

2282 1317 2455 1369 ποιεῖν
2481 1314 2574 1368 καὶ
2597 1314 2836 1385 ἐλέγχειν
2857 1315 2987 1378 τοὺς
3010 1314 3438 1384 ἁμαρτάνοντας,
3464 1313 3568 1367 κᾶν
3592 1313 3730 1367 δέοι
3758 1314 3922 1385 ὑπὲρ

2283 1405 2540 1477 ἀληθείας
2567 1405 2842 1477 θνήσκειν,
2875 1406 3276 1477 πεπεισμένους
3308 1405 3573 1478 ἀκριϐῶς,
3617 1408 3730 1459 ὅτι
3767 1407 3920 1459 τεάν-

2283 1513 2390 1550 των
2421 1495 2573 1549 ἔσται
2600 1495 2877 1551 συντέλεια
2921 1499 3016 1552 καὶ
3051 1495 3321 1569 μεταϐολὴ
3353 1498 3444 1550 ἐπὶ
3486 1500 3554 1568 τῇ
3603 1496 3916 1570 καθολικῇ

2283 1586 2462 1660 κρίσει
2507 1587 2602 1641 τοῦ
2633 1588 2789 1656 Θεοῦ,
2816 1589 2882 1661 ἢν
2909 1591 3192 1662 ποιήσεται
3238 1588 3328 1642 διὰ
3369 1588 3462 1642 τοῦ
3491 1588 3770 1661 Χριστοῦ
3800 1593 3914 1644 at}-

2281 1678 2376 1732 τοῦ
2397 1696 2410 1710 ο
2437 1679 2505 1752 ἢν
2533 1681 2627 1734 καὶ
2658 1681 2687 1733 ό
2727 1679 2917 1754 παρὼν
2959 1683 3258 1754 παρίστησι
3294 1681 3448 1751 λόγος
3478 1683 3918 1737 ὲπισυνάπτων

2285 1770 2411 1842 ἑξῆς
2448 1770 2508 1824 τό
2526 1787 2541 1802 ο
2567 1772 3054 1840 Σαλευθήσονται
3095 1772 3291 1827 πάντα
3339 1773 3412 1827 τὰ
3457 1773 3728 1843 θεμέλια
3789 1772 3912 1841 τῆς

2281 1859 2413 1932 γῆς.
2456 1863 2600 1932 Ἐγὼ
2651 1859 2816 1917 εἶπα·
2868 1865 3000 1919 Θεοί
3054 1865 3193 1919 ἐστε
3216 1904 3233 1931 ,
3271 1866 3373 1919 καὶ
3415 1866 3531 1921 υἱοί
3577 1866 3908 1935 Ὑψίστου

2281 1951 2505 2020 πάντες
2527 1971 2541 1984 ο
2563 1954 2732 2024 ὑμεῖς
2765 1954 2834 2008 δὲ
2859 1956 2942 2022 ὡς
2981 1954 3276 2025 ἅνθρωποι
3301 1957 3768 2028 ἀποθνήσκετε,
3801 1958 3906 2012 καὶ

2281 2044 2362 2111 ὡς
2417 2041 2504 2112 εἷς
2557 2046 2678 2100 τῶν
2725 2048 3034 2116 ἀρχόντων
3096 2051 3358 2104 πίπτετε.
3390 2050 3510 2104 Ἐτι
3553 2051 3712 2123 πρὸς
3763 2051 3908 2117 τοὺς

2282 2137 2675 2210 προλεχθέντας
2707 2139 2882 2205 θεοὺς,
2915 2139 3252 2212 ἡγουμένους
3275 2141 3476 2214 δηλαδὴ
3524 2144 3625 2197 καὶ
3665 2141 3904 2214 ἄρχον-

2280 2245 2379 2292 τας
2401 2229 2497 2282 τοῦ
2539 2229 2691 2296 λαοῦ,
2723 2232 2751 2284 ό
2778 2230 2941 2301 μέσος
2978 2231 3155 2286 αὑτῶν
3179 2215 3468 2304 γενόμενος
3497 2234 3636 2298 Θεὸς
3669 2235 3794 2288 καὶ
3827 2237 3903 2288 τὰ

2280 2323 2524 2394 παρόντα
2564 2324 2925 2390 ἀποτείνεται,
2962 2324 3246 2391 διδάσκων,
3286 2326 3364 2390 ὡς
3403 2325 3563 2390 αὐτὸς
3614 2327 3754 2396 μὲν.
3790 2326 3902 2398 τὴν

2279 2411 2372 2465 τοῦ
2400 2414 2610 2492 Πατρὸς
2651 2413 2913 2484 ἀφθονίαν
2961 2415 3316 2488 μιμούμενος,
3345 2418 3510 2470 πᾶσιν
3541 2417 3748 2480 αὑτοῖς
3787 2420 3896 2489 τῆς

2281 2503 2444 2557 αὑτοῦ
2467 2503 2718 2576 θεότητος
2737 2506 2838 2559 οὑκ
2852 2506 3116 2578 ἐφθόνησε
3137 2507 3476 2578 μεταδοῦναι,
3489 2507 3565 2572 ὡς
3585 2509 3684 2562 καὶ
3713 2507 3894 2574 θεοὺς

2279 2595 2641 2668 ἀναγορεῦσαι
2691 2598 2888 2663 αὑτοὺς
2933 2599 3030 2654 καὶ
3076 2601 3225 2664 υἱοὺς
3265 2599 3516 2670 Ὑψίστου
3546 2601 3778 2664 πάντας
3815 2602 3886 2655 ἂν

2280 2687 2476 2754 εἰπεῖν,
2507 2688 2642 2759 ὅπερ
2662 2689 2810 2761 αὑτῷ
2835 2690 2979 2762 μόνῳ
3011 2692 3218 2763 προσῆν
3241 2709 3255 2722 ο
3286 2694 3334 2744 oi
3361 2691 3416 2745 δὲ
3448 2692 3546 2763 τὴν
3574 2691 3755 2764 χάριν
3795 2681 3916 2746 Et».

2281 2781 2524 2854 ὑϐρισαν.
2556 2785 2787 2857 Νοήσεις
2812 2786 2868 2839 δὲ
2897 2786 3010 2851 πῶς
3039 2786 3201 2857 τιμὴν
3228 2785 3366 2841 θεῶν
3393 2788 3442 2840 oi
3475 2786 3580 2840 ὑπὸ
3602 2786 3703 2840 τοῦ
3719 2787 3877 2840 Θεοῦ

2278 2877 2379 2948 τὴν
2405 2877 2581 2949 ἀρχὴν
2609 2877 2892 2950 εἰληφότες
2917 2879 3068 2951 παρά
3093 2883 3204 2944 τοῖς
3236 2879 3559 2952 ἀρχομένοις
3597 2882 3876 2952 ἐκτήσαν-

2277 2986 2340 3023 το
2367 3009 2384 3035 ,
2441 2971 2742 3043 ἐπιστήσας
2785 2972 2934 3036 ὅπως
2997 2975 3209 3044 εἴρηται
3259 2973 3339 3045 τῷ
3393 2974 3581 3027 Μωσεῖ
3616 2991 3632 3004 °
3709 2973 3868 3028 Ἰδοὺ

2279 3061 2620 3132 καθέστηκὰ
2681 3079 2756 3119 σε
2813 3065 3080 3135 σήμερον
3143 3067 3282 3121 θεὸν
3336 3065 3418 3132 τῷ
3463 3067 3676 3136 Φαραὼ
3694 3110 3710 3132 ,
3766 3069 3869 3121 καὶ

2295 3155 2506 3224 Ἀαρὼν
2549 3159 2584 3212 ὀ
2638 3157 2902 3227 ἀδελφός
2957 3173 3073 3214 σου
3124 3159 3294 3214 ἔσται
3353 3174 3454 3213 σοι
3516 3158 3863 3228 προφήτης.

2283 3247 2492 3320 Ὥσπερ
2538 3248 2644 3321 γὰρ
2685 3251 2910 3321 Μωσῆς,
2960 3251 3246 3323 ἄνθρωπος
3289 3251 3365 3305 ὢν
3394 3251 3530 3305 Θεοῦ
3572 3253 3673 3305 καὶ
3721 3252 3862 3324 παρ’

2279 3337 2444 3391 αὑτοῦ
2471 3339 2572 3411 τὴν
2590 3341 2756 3412 τιμὴν
2773 3339 2972 3406 λαϐὼν,
3003 3341 3122 3405 θεὸς
3147 3341 3483 3415 ἀνηγορεύθη
3512 3343 3606 3396 τοῦ
3627 3342 3864 3415 Φαραιὶν

2277 3430 2367 3484 τὸν
2387 3415 2767 3504 αὐτὸντρόπον
2787 3433 2883 3487 καὶ
2909 3433 3107 3497 πάντες
3131 3431 3224 3497 οὓς
3250 3433 3316 3489 ἂν
3333 3435 3610 3506 τιμήσειεν
3644 3435 3675 3486 6
3695 3435 3864 3501 Θεὸς,

2279 3517 2415 3572 θεῶν
2465 3520 2648 3593 χώραν
2696 3521 2848 3594 παρά
2893 3524 3008 3587 τοῖς
3053 3523 3509 3593 ὑποτεταγμένοις
3546 3523 3856 3595 είλήφασιν.

2280 3611 2470 3665 Ἔνθεν
2508 3613 2602 3666 καὶ
2633 3614 2682 3666 oi
2712 3615 3006 3685 ἀρχόμενοι
3046 3615 3334 3686 προσίασιν
3364 3614 3544 3678 αὑτοῖς
3579 3617 3716 3687 μετά
3756 3618 3858 3672 εὑ-

2275 3699 2498 3766 λαὸείας
2531 3703 2624 3756 καὶ
2649 3702 2821 3768 δέους,
2857 3705 2916 3758 οὑ
2950 3705 3040 3758 διά
3079 3723 3199 3758 τινα
3224 3705 3544 3778 δορυφορίαν
3583 3725 3856 3780 στρατιωα

2274 3793 2453 3864 τικὴν,
2483 3794 2545 3846 οὐ
2573 3793 2660 3848 διά
2684 3794 2912 3849 πλοῦτον
2948 3797 3044 3850 καὶ
3064 3797 3402 3863 δυναστείαν,
3426 3799 3512 3852 διὰ
3539 3799 3598 3853 δὲ
3623 3801 3722 3867 τὴν
3742 3802 3859 3854 ὑπὸ

2274 3882 2410 3936 Θεοῦ
2443 3884 2759 3955 περιθεῖσαν
2792 3887 2975 3952 αὐτοῖς
3018 3889 3203 3961 τιμήν.
3245 3889 3401 3945 Οὕτω
3443 3890 3551 3964 γὰρ
3594 3893 3690 3945 καὶ
3719 3894 3860 3947 Μω-

2276 3975 2412 4040 σέως
2439 3972 2507 4048 ἦν
2537 3977 2922 4050 δεδοξασμένον
2951 3980 3014 4034 τὸ
3045 3981 3334 4053 πρόσωπον
3352 3999 3367 4014 ο
3403 3983 3544 4036 οῦτω
3589 3984 3685 4038 καὶ
3731 3985 3847 4038 τῶν

2273 4070 2583 4124 ἀποστόλων
2608 4071 2702 4125 τοῦ
2733 4073 2984 4145 Σωτῆρος
3013 4074 3193 4146 ἡμῶν,
3223 4075 3366 4130 οῦτω
3405 4077 3499 4130 καὶ⁵
3538 4075 3648 4129 τῶν
3678 4078 3846 4132 πάλαι

2273 4162 2365 4216 τοῦ
2395 4162 2530 4216 Θεοῦ
2562 4165 2875 4237 προφητῶν,
2917 4165 3059 4220 οὕτω
3103 4168 3197 4221 καὶ
3231 4167 3445 4222 πάντων
3479 4168 3589 4222 τῶν
3631 4169 3852 4241 ἀληθῶς

2271 4255 2365 4309 τοῦ
2392 4256 2528 4310 Θεοῦ
2553 4256 2774 4322 δούλων,
2807 4259 3006 4327 ἀδόξως
3040 4260 3308 4332 μενόντων
3329 4259 3424 4314 καὶ
3445 4261 3679 4332 πτωχῶν
3703 4262 3844 4317 κατά

2270 4345 2361 4399 τὸν
2395 4346 2527 4417 βίον,
2557 4349 2934 4420 τετιμημένων
2953 4349 3011 4402 δὲ
3037 4349 3187 4422 παρά
3204 4354 3317 4415 τοῖς
3344 4351 3614 4406 θεοσεϐέα-ι
3641 4351 3725 4406 διὰ
3742 4352 3844 4425 τὴν

2273 4439 2338 4491 ὲκ
2368 4438 2502 4492 Θεοῦ
2532 4439 2830 4511 δεδομένην
2867 4441 3052 4506 αὑτοῖς
3083 4441 3260 4514 χάριν.
3279 4441 3421 4512 Ἐγὼ
3453 4445 3550 4515 μὲν
3591 4442 3702 4509 οὖν,
3732 4463 3838 4516 φη-

598 4524 831 4597 gratiam
883 4520 1314 4592 contempsistis.
1361 4521 1422 4574 In
1472 4526 1654 4574 vestra
1704 4519 1884 4590 itaque
1935 4519 2172 4573 humana

2278 4531 2350 4595 σὶ,
2386 4532 2480 4585 καὶ¹
2528 4531 2787 4604 ἠθέλησα,
2826 4533 2921 4587 καὶ
2965 4529 3116 4588 εἷπον
3134 4553 3148 4566 ο
3187 4537 3320 4590 Θεοί
3356 4537 3527 4591 ἐστε·
3564 4537 3840 4609 βουληθεὶς

599 4617 830 4679 malitia,
875 4623 930 4672 et
976 4616 1032 4668 in
1082 4612 1322 4684 peccatis
1361 4612 1558 4667 vestris
1602 4611 1932 4668 moriemini.
1979 4610 2175 4666 Anima

599 4710 745 4764 enim
784 4724 899 4779 qua:
938 4706 1250 4774 peccaverit,
1298 4704 1416 4772 ipsa
1459 4703 1712 4758 morietur
1739 4704 1782 4759 '.
1824 4701 2168 4772 Quapropter

597 4815 686 4854 vos
735 4800 869 4853 sicut
927 4797 1160 4851 homines
1217 4795 1542 4859 moriemini,
1604 4803 1654 4848 et
1719 4794 1856 4848 sicut
1910 4810 2045 4848 unus
2105 4795 2168 4850 de

596 4891 915 4961 principibus
933 4888 1155 4944 cadetis.
1175 4885 1644 4954 Quemadmodum
1665 4888 1810 4940 enim
1831 4885 1960 4941 olim
1976 4885 2167 4943 diabo-

599 4985 686 5040 lus
729 4984 938 5037 honore
986 4981 1214 5037 aliectus
1243 4979 1346 5036 fuit
1374 4979 1516 5051 apud
1545 4979 1739 5045 Deum,
1771 4986 1828 5035 et
1856 4979 2164 5050 principum

597 5078 653 5132 in
681 5075 838 5131 caelis
861 5075 1182 5146 angelorum
1214 5091 1357 5130 unus
1380 5074 1520 5142 fuit;
1553 5073 1752 5130 deinde
1785 5088 1955 5143 pravo
1984 5075 2170 5129 consi-

597 5171 671 5225 lio
709 5183 950 5231 usus,ex
982 5168 1102 5223 loco
1131 5183 1231 5224 suo
1261 5167 1483 5233 decidit,
1501 5168 1576 5220 ita
1609 5173 1668 5220 ut
1697 5167 1767 5221 de
1795 5166 1888 5221 illo
1917 5166 2165 5222 dicatur:

599 5260 870 5327 Quomodo
887 5258 1073 5313 cecidit
1085 5258 1148 5312 de
1162 5259 1288 5313 caelo
1305 5257 1628 5329 Lucifer,qui
1647 5273 1800 5312 mane
1817 5257 2084 5312 oriebatur
2103 5259 2171 5312 '°?

595 5352 736 5407 tales
762 5359 816 5406 et
844 5367 941 5408 vos
965 5366 1183 5422 quoque
1221 5350 1447 5406 fuistis:
1479 5367 1588 5406 non
1633 5351 1779 5421 quod
1807 5359 2004 5406 natura
2036 5351 2165 5406 mali

595 5444 754 5512 sitis;
792 5445 889 5500 sed
917 5443 1185 5499 electione
1208 5451 1392 5498 vestra
1419 5458 1527 5497 non
1560 5444 1703 5498 bona
1727 5446 1833 5500 usi.
1869 5443 2014 5500 Sane
2038 5460 2166 5501 vero

595 5553 659 5592 ea
688 5551 808 5606 quae
837 5550 868 5590 a
915 5551 1000 5592 me
1029 5535 1478 5606 proﬁciscuntur,
1512 5535 1579 5590 ad
1622 5537 1714 5592 Dei
1752 5539 2014 5594 honorem
2067 5554 2168 5596 vos

593 5629 912 5685 evocabant.
933 5627 1044 5687 Vos
1065 5637 1248 5687 autem
1266 5629 1454 5702 lapsus
1476 5631 1772 5702 principem
1796 5631 2012 5700 imitati,
2029 5633 2165 5686 sicut

725 5808 915 5867 Matth.
952 5801 1065 5883 vn,
1106 5813 1158 5870 l.
1236 5814 1257 5848 '
1295 5811 1465 5870 Exod.
1505 5829 1611 5881 vn,
1651 5813 1700 5870 I.
1775 5818 1795 5849 ’
1838 5815 2034 5874 Ezech.
2067 5830 2236 5886 xvtn,

2273 4624 2418 4695 ὑμᾶς
2446 4623 2644 4696 ὁμοίως
2687 4625 2811 4696 ἐμοὶ
2853 4624 2932 4696 τῷ
2981 4626 3129 4698 μέσῳ
3157 4628 3309 4700 ὑμῶν
3331 4627 3524 4683 ἑστῶτι
3553 4627 3669 4699 Θεῷ
3692 4630 3838 4694 υίοὺς

2273 4715 2524 4785 γενέσθαι
2542 4715 2634 4770 τοῦ
2666 4716 2921 4787 Ὑψίστου
2937 4737 2950 4749 ο
2977 4720 3130 4790 ὑμεῖς
3146 4720 3202 4774 δὲ
3221 4721 3320 4792 τὴν
3340 4723 3498 4792 χάριν
3521 4723 3828 4793 ὴθετήσατε.

2274 4809 2408 4872 Ταῖς
2451 4806 2582 4876 γοῦν
2613 4808 2982 4880 ἀνθρωπίναις
3023 4811 3242 4876 κακίαις
3279 4815 3385 4867 καὶ·
3405 4816 3526 4878 ταῖς
3554 4815 3830 4885 ὑμετέραις

2271 4899 2570 4971 ἁμαρτίαις
2623 4901 3072 4973 ὲναποθνήσκετε.
3127 4903 3300 4974 Ψυχὴ
3341 4905 3449 4978 γὰρ
3503 4907 3542 4973 ἠ
3587 4905 3829 4976 ἁμαρτό-

2268 5004 2482 5056 νουσα,
2512 4992 2665 5060 αὑτὴ
2712 4993 3110 5047 ἀποθανεῖται.
3143 4996 3234 5049 Διδ
3279 4998 3374 5050 καὶ
3407 4997 3577 5067 ὑμεῖς
3615 4999 3689 5063 ὼς
3728 4997 3826 5052 ἆν-

2273 5083 2490 5149 θρωποι
2535 5082 2946 5149 ἁποθνήσκετε
2975 5126 2991 5151 ,
3041 5084 3139 5139 καὶ
3189 5086 3270 5151 ὠς
3322 5081 3410 5152 εἷς
3454 5085 3573 5141 τῶν
3621 5089 3817 5157 ἀρχόν-

2270 5187 2389 5224 των
2407 5171 2667 5226 πίπτετε.
2685 5173 2772 5236 Ὠς
2797 5172 2905 5245 γάρ
2923 5169 2990 5245 ἦν
3017 5191 3147 5228 ποτε
3173 5177 3201 5228 ὁ
3222 5175 3466 5241 διάϐολος
3489 5180 3649 5249 τιμῆς
3673 5177 3816 5247 ἠξιω-

2274 5261 2431 5332 μένος
2457 5263 2606 5334 παρά
2638 5263 2714 5335 τῷ
2747 5263 2864 5335 Θεῷ
2893 5265 3116 5319 καὶτῶν
3149 5269 3207 5320 ὲν
3233 5269 3476 5340 οὐρανοῖς
3504 5269 3812 5342 ἀρχοντικῶν

2269 5354 2516 5423 ἀγγέλων
2551 5349 2664 5418 εἷς’
2709 5353 2826 5410 εἶτα
2871 5359 3118 5432 μοχθηρᾷ
3151 5361 3462 5432 προαιρέσει
3495 5363 3807 5434 χρησάμενος

2271 5446 2634 5500 ἀποπέπτωκε
2658 5451 2757 5519 τῆς
2779 5450 2945 5504 αὑτοῦ
2974 5451 3177 5523 χώρας,
3213 5453 3288 5516 ὡς
3312 5453 3565 5523 εἰρῆσθαι
3593 5455 3708 5527 περὶ
3726 5454 3807 5507 αὑ-

2268 5539 2362 5592 τοῦ
2382 5557 2394 5570 ·
2430 5539 2562 5607 Πῶς
2601 5540 2890 5606 ἐξέπεσεν
2916 5544 2984 5598 ἐκ
3003 5543 3110 5598 τοῦ
3134 5545 3392 5613 οὐρανοῦ
3425 5549 3458 5600 ὁ
3500 5545 3804 5616 Ἐωσφόρος

2271 5635 2304 5687 d
2331 5633 2474 5702 πρωί
2509 5632 2891 5701 (trarentur;
2922 5635 3151 5692 τοιοῦτοί
3181 5654 3322 5702 τινες
3365 5638 3460 5692 καὶ
3495 5637 3650 5709 ὑμεῖς
3673 5635 3803 5706 γιγό-

2271 5815 2321 5870 4.
2402 5817 2444 5849 ¹⁰
2484 5813 2586 5872 lsa.
2625 5833 2748 5887 xrv,
2787 5817 2872 5873 i2.
