4078 6934
218 387 363 444 θι-ς)
1414 381 1851 439 COMMENTAR

1969 381 2038 437 IN
2077 379 2416 439 PSALMOS.
2823 381 2844 394 ‘
3438 377 3542 434 990

217 528 416 572 vate,
448 510 551 564 οὐκ
576 509 641 562 ὲκ
665 506 880 578 φύσεως
906 506 1058 572 ὅντες
1093 506 1272 569 κακοὶ,
1303 505 1639 578 χρησάμενοι
1673 505 1730 558 δὲ
1761 505 1851 558 οὐκ

1965 521 2101 559 unus
2125 504 2189 559 de
2215 502 2541 574 prineioibus
2572 499 2868 554 cadetis.——
2894 497 3057 554 Vens.
3077 499 3131 554 8.
3151 497 3341 568 Surge,
3377 499 3538 562 Deus.

220 603 446 674 ἀγαθῇ
472 604 539 672 τῂ
575 599 913 671 προαιρέσει.
940 598 1031 651 Διὸ
1057 597 1124 650 τά
1155 597 1254 668 μὲν
1287 596 1417 668 παρ’
1446 594 1579 666 ἐμοῦ
1611 596 1690 658 είς
1720 592 1851 648 Θεοῦ

1954 597 2141 667 judica
2159 607 2380 664 terram,
2399 596 2648 667 quoniam
2673 603 2727 646 tu
2744 587 3079 647 Itwrcditabis
3101 593 3152 646 in
3171 591 3411 646 omnibus
3425 609 3544 664 gen-

224 697 435 767 τιμὴν
472 695 616 765 ὑμᾶς
649 691 834 746 ἐκάλει
856 709 869 722 ·
901 692 1059 762 ὑμεῖς
1091 689 1147 743 δὲ
1179 688 1271 742 τὸν
1303 687 1543 758 ἄρχοντα
1568 687 1668 759 τῆς
1712 684 1851 740 πτώ-

1959 688 2118 742 tibus.
2151 688 2290 742 Cum
2336 689 2390 743 in
2425 685 2750 758 praecedenti
2801 685 3013 756 psalmo
3059 691 3226 738 totam
3257 680 3538 738 Judaicam

232 807 408 852 σεως
435 787 830 860 μιμησάμενοι,
857 785 936 851 ὠς
969 777 1056 848 εἷς
1081 781 1200 836 τῶν
1225 781 1535 850 ἀρχόντων
1560 778 1658 832 καί
1687 777 1851 832 αὐτοὶ

1958 791 2174 852 gentem
2201 788 2544 844 accusasset,
2563 789 2617 835 et
2649 780 2704 833 in
2735 777 2991 848 praesenti
3021 776 3328 846 principum
3352 777 3538 846 populi

229 884 538 938 πίπτετε.
586 877 856 943 Ἀνάστα,
889 881 922 931 ὁ
973 876 1138 942 Θεὸς,
1169 874 1381 943 κρῖνον
1425 872 1542 942 τὴν
1582 871 1722 944 γῆν,
1767 872 1851 926 ὅτι

1959 874 2366 929 accusationem
2413 872 2764 935 instituisset,
2797 868 3089 924 admodum
3139 875 3540 938 consequenter

233 977 338 1032 σὺ
393 973 880 1043 κληρονομήσας
921 971 992 1024 ἐν
1035 967 1187 1024 πᾶσι
1223 967 1349 1034 τοῖς
1385 967 1608 1023 ἔθνεσι.
1645 966 1851 1039 Σφόδρα

1954 965 2066 1037 jam
2097 966 2605 1022 reconciliationem
2631 974 2686 1020 et
2711 964 3004 1019 adventum
3035 961 3240 1016 Christi
3271 961 3533 1032 postulat,

234 1065 582 1128 ἀκολούθως
619 1063 708 1116 διὰ
733 1061 828 1116 τοῦ
861 1060 966 1133 πρὸ
993 1059 1183 1113 τούτου
1214 1056 1432 1130 ψαλμοῦ
1466 1057 1851 1128 κατηγορήσας

1957 1076 2068 1116 non
2098 1060 2412 1117 Judaaorum
2445 1061 2614 1130 genti,
2654 1059 2750 1115 sed
2787 1058 3044 1114 omnibus
3089 1057 3326 1128 populis.
3358 1056 3540 1123 Quare

234 1163 272 1215 6
323 1159 502 1228 λόγος
547 1155 642 1211 τοῦ
690 1154 890 1218 παντὸς
937 1153 1206 1208 Ἰουδαίων
1257 1151 1461 1216 ἔθνους,
1490 1149 1585 1204 καὶ
1627 1149 1716 1202 διὰ
1758 1147 1851 1202 τοῦ

1957 1154 2039 1210 sic
2091 1153 2372 1209 concludit
2406 1171 2421 1207 :
2454 1151 2646 1222 Surge,
2679 1151 2844 1215 Deus,
2889 1151 3079 1220 judica
3127 1162 3344 1215 terram,
3401 1167 3536 1220 quo-

241 1246 412 1319 μετά
466 1249 654 1317 χεῖρας
697 1243 754 1296 δὲ
797 1241 1058 1306 ὡσαύτως
1103 1241 1213 1296 τῶν
1252 1242 1530 1314 ἀρχόντων
1577 1239 1672 1292 τοῦ
1722 1238 1856 1294 λαοῦ

241 1331 608 1404 κατηγορίαν
639 1331 1026 1402 πεποιημένος,
1053 1329 1344 1402 διαλλαγὴν
1369 1332 1512 1384 αἰτεῖ
1540 1329 1634 1383 καὶ
1656 1329 1856 1399 ἐπιφά-

240 1437 420 1475 νειαν
465 1419 683 1490 εὔχεται
723 1418 973 1490 γενέσθαι
1017 1419 1201 1473 οὐκέτι
1248 1421 1327 1491 τῷ
1363 1419 1630 1474 Ἰουδαίων
1678 1418 1853 1483 ἔθνει,

241 1511 406 1568 ἀλλά
462 1513 596 1567 πᾶσι
643 1516 758 1576 τοῖς
808 1511 1007 1566 ἔθνεσι.
1056 1513 1148 1566 Διὸ
1195 1513 1470 1582 ἐπιλέγειο
1505 1509 1779 1577 Ἀνάστα,
1823 1512 1856 1564 ὀ

247 1605 439 1671 Θεὸς,
469 1603 677 1673 κρῖνον
712 1603 829 1673 τὴν
859 1601 996 1675 γῆν,
1037 1602 1128 1657 ὅτι
1153 1603 1235 1658 σὺ
1269 1601 1751 1673 κληρονομήσεις
1786 1599 1856 1652 ἐν

245 1695 423 1752 πᾶσι
454 1696 578 1764 τοῖς
622 1696 850 1752 ἔθνεσι.
881 1695 979 1759 Τίς
1006 1695 1064 1750 δέ
1100 1698 1247 1750 ἐστιν
1287 1698 1315 1749 6
1352 1694 1765 1767 κληρονομήσας
1797 1691 1856 1744 ὲν

249 1792 405 1845 πᾶσι
436 1792 550 1854 τοῖς
579 1789 775 1854 ἔθνεσι,
812 1789 887 1862 μὴ
915 1787 1116 1861 ἐρώτα,
1160 1789 1222 1842 τὸ
1259 1789 1316 1842 δὲ
1351 1790 1584 1861 πρᾶγμα
1611 1783 1852 1852 ἐξέταζε,

1955 1249 2100 1304 niam
2133 1257 2186 1300 tu
2216 1244 2553 1300 hwreditabis
2587 1246 2642 1299 in
2689 1242 2932 1297 omnibus
2960 1243 3220 1314 gentibus.
3267 1242 3404 1310 Quis
3439 1258 3540 1298 au-

1956 1349 2066 1396 tem
2106 1340 2178 1394 sit
2231 1338 2326 1410 qui
2363 1336 2707 1393 hatreditabit
2763 1337 2818 1391 in
2875 1335 3132 1391 omnibus
3161 1337 3436 1406 gentibus,
3468 1352 3538 1391 ne

1956 1433 2287 1503 interroges,
2324 1429 2423 1486 sed
2449 1445 2564 1486 rem
2601 1429 2889 1501 perquire;
2935 1435 2989 1483 et
3027 1429 3402 1500 deprehendes
3427 1443 3536 1484 non

1957 1525 2125 1580 alium
2142 1540 2286 1588 esse,
2309 1538 2473 1594 quam
2499 1521 2780 1578 Christum
2813 1520 2938 1586 Dei;
2965 1520 3054 1575 cui
3085 1535 3116 1573 a
3149 1519 3310 1576 Patre
3331 1521 3538 1577 dictum

1955 1623 2040 1673 est
2070 1636 2085 1672 :
2123 1615 2301 1670 Filius
2337 1631 2483 1670 meus
2505 1631 2560 1670 es
2593 1622 2649 1667 tu
2673 1629 2692 1667 :
2713 1629 2805 1680 ego
2832 1613 2986 1666 hodie
3014 1613 3168 1682 genui
3209 1622 3274 1666 te.
3311 1611 3538 1672 Postulo

1959 1724 1991 1760 a
2019 1723 2122 1772 me,
2157 1716 2206 1760 et
2236 1705 2374 1759 dabo
2401 1705 2496 1758 tibi
2524 1713 2702 1773 gentes
2739 1701 3101 1756 hereditatem
3133 1709 3301 1763 tuam,
3339 1709 3387 1754 et
3415 1715 3538 1768 pos-

1957 1800 2240 1855 sessionem
2267 1807 2413 1851 tuam
2461 1796 2710 1877 terminos
2742 1793 2970 1848 terrw“.
3003 1791 3162 1846 Hunc
3199 1807 3330 1862 ergo
3353 1791 3446 1862 qui
3482 1791 3538 1845 in

251 1881 362 1936 καὶ
401 1881 659 1953 εὑρήσεις
686 1879 807 1934 οὐδὲ
851 1879 1011 1934 ἀλλον
1051 1881 1085 1952 ἢ
1128 1880 1220 1934 τὸν
1268 1880 1502 1952 Χριστὸν
1543 1877 1639 1932 τοῦ
1683 1876 1820 1932 Θεοῦ
1839 1892 1851 1906 ·

1960 1890 2140 1948 medio
2169 1889 2398 1946 deorum
2427 1887 2570 1943 Deus
2587 1864 2864 1949 consistit,
2885 1891 2940 1940 et
2961 1883 3212 1938 homines
3243 1882 3366 1937 illos
3381 1897 3540 1936 coar-

253 1972 411 2036 οιτρὸς
443 1971 504 2026 ὸν
542 1971 759 2025 λέλεκτο
789 1972 894 2026 ὑπὸ
925 1971 1018 2026 τοῦ
1054 1973 1267 2044 Πατρός
1285 1989 1300 2003 ο
1348 1973 1480 2037 Υἱός
1502 1988 1624 2040 μου
1655 1967 1714 2024 εἷ
1733 1971 1814 2025 σύ
1834 1987 1848 2002 ο

252 2064 381 2136 ἐγὼ
424 2064 695 2134 σήμερον
727 2064 1058 2136 γεγέννηκά
1095 2081 1190 2121 σε.
1229 2066 1487 2135 Αἵτησαι
1517 2065 1654 2133 παρ’
1681 2063 1850 2135 ἐμοῦ,

255 2157 366 2210 καὶ
399 2156 575 2210 δώσω
627 2174 725 2211 σοι
771 2158 915 2226 ἔθνη
959 2157 1074 2228 τὴν
1116 2160 1522 2229 κληρονομίαν
1567 2177 1704 2222 σου,
1753 2157 1854 2213 καὶ

256 2249 387 2316 τὴν
424 2248 803 2320 κατάσχεσιν
839 2265 955 2304 σου
985 2249 1057 2304 τὰ
1086 2249 1309 2319 πέρατα
1338 2249 1447 2319 τῆς
1482 2249 1614 2319 γῆς.
1651 2248 1853 2304 Τοῦτον

257 2337 360 2394 οὖν
391 2340 674 2413 διεγείρων
698 2342 790 2394 τὸν
824 2343 881 2395 ὲν
909 2341 1060 2414 μέσῳ
1081 2341 1188 2396 τῶν
1215 2342 1351 2396 θεῶν
1371 2341 1502 2395 Θεὸν
1533 2341 1732 2394 στάντα
1757 2341 1853 2395 καὶ

257 2433 620 2501 διελέγξαντα
652 2435 780 2498 τοὺς
809 2433 1221 2507 προλεχθέντας,
1256 2434 1354 2506 ἤδη
1392 2434 1522 2488 ποτὲ
1555 2435 1646 2488 ἐπὶ
1678 2434 1852 2506 πέρας

258 2524 571 2593 ἐπαγαγεῖν
595 2522 694 2595 τὴν
727 2523 864 2595 πρὸς
889 2524 1052 2578 αὐτὸν
1083 2525 1414 2594 ἐπαγγελίαν
1439 2527 1467 2579 6
1495 2523 1684 2597 παρὼν
1710 2523 1854 2590 ἀξιοῖ

251 2617 425 2700 λίγος
471 2619 650 2689 φήσας
673 2634 686 2648 ’
737 2617 1016 2684 Ἀνάστα,
1049 2621 1082 2672 ό
1117 2617 1281 2684 Θεὸς,
1320 2617 1528 2686 κρῖνον
1554 2617 1670 2686 τὴν
1709 2617 1848 2686 γῆν,

259 2711 356 2766 ἔτι
394 2710 479 2764 σὺ
508 2709 1139 2780 κατακληρονομήσεις
1164 2710 1234 2763 ἐν
1256 2708 1404 2764 πᾶσι
1434 2710 1558 2775 τοῖς
1583 2709 1846 2764 ἔθνεσιν.

261 2803 330 2857 Οἱ
365 2803 468 2874 μὲν
491 2803 601 2874 γὰρ
631 2801 1228 2875 προκατηγορηθέντες,
1261 2805 1414 2874 φησι,
1441 2802 1602 2857 κακοὶ
1632 2803 1854 2873 γενόμε-

263 2913 349 2950 νοι
393 2896 602 2967 κριταὶ,
650 2895 708 2948 ἐν
761 2895 938 2967 σκότῳ
984 2893 1411 2968 διεπορεύθησαν
1441 2914 1454 2926 ·
1499 2895 1622 2948 ἐπεὶ
1666 2894 1724 2948 δέ
1770 2912 1852 2948 σοι

266 2987 473 3060 πρέπει
519 2987 580 3040 τὸ
608 2987 832 3050 δικαίως
863 2987 1070 3060 κρίνειν
1095 3003 1110 3018 ·
1146 2987 1292 3059 μόνῳ
1334 2986 1441 3059 γὰρ
1483 2985 1582 3058 τὴν
1619 2985 1798 3058 κρίσιν
1824 2987 1853 3038 6

266 3078 463 3151 Πατὴρ
493 3079 661 3133 ἔδωκε
695 3078 771 3150 τῷ
798 3078 912 3151 Υἱῷ
933 3095 947 3110 ο
979 3079 1081 3151 ἠδη
1110 3080 1240 3133 ποτὲ
1273 3080 1336 3133 σὺ
1370 3079 1531 3142 αὐτὸς
1565 3077 1848 3149 ἀνάστηθι,

265 3171 360 3225 διὰ
393 3173 496 3243 τῆς
539 3171 737 3227 σαυτοῦ
779 3171 1130 3236 ἀναστάσεως
1167 3172 1265 3243 τὴν
1299 3171 1480 3242 κοινὴν
1515 3169 1732 3224 πάντων
1758 3171 1852 3224 ἀν-

270 3263 506 3336 θρώπων
531 3263 826 3318 ἀνάστασιν
859 3263 1216 3335 ποιησόμενος
1234 3281 1247 3294 ·
1278 3265 1372 3318 καὶ
1397 3267 1578 3336 κρῖνον
1601 3265 1699 3337 τὴν
1727 3269 1850 3338 γῆν,

272 3355 486 3419 πάντας
512 3355 713 3427 δηλαδὴ
741 3356 870 3420 τοὺς
894 3357 992 3427 τὴν
1037 3356 1142 3426 γῆν
1183 3355 1468 3419 οἰκοῦντας
1510 3356 1849 3428 ἀνθρώπους.

273 3445 481 3519 Πρέπει
527 3447 585 3501 δέ
632 3465 714 3501 σοι
767 3447 975 3510 πάντας
1020 3447 1338 3520 ἀνθρώπους
1371 3447 1610 3520 κρίνειν,
1644 3448 1852 3519 ἐπειδὴ

1955 1985 2072 2054 guit
2124 1982 2396 2046 excitans,
2447 1987 2604 2051 rogat
2638 1989 2699 2033 ut
2744 1977 2857 2049 jam
2917 1975 3135 2030 demum
3184 1974 3384 2028 factam
3433 1974 3539 2029 sibi

1955 2075 2378 2146 promissionem
2420 2072 2488 2127 ad
2534 2073 2696 2128 ﬁnem
2749 2071 3020 2135 deducat,
3056 2068 3249 2123 dicens
3287 2085 3300 2121 :
3346 2065 3537 2138 Surge,

1955 2167 2118 2230 Deus,
2162 2167 2353 2236 judica
2403 2177 2622 2229 terram,
2683 2165 2932 2236 quoniam
3000 2173 3058 2216 tu
3102 2160 3540 2224 haereditabisitl

1954 2260 2198 2314 omnibus
2226 2260 2489 2331 gentibus.
2525 2259 2660 2314 Nam
2693 2260 2726 2314 ii
2759 2260 2853 2330 qui
2905 2259 3059 2328 prius
3092 2257 3338 2312 accusati
3386 2262 3537 2320 sunt,

1953 2348 2152 2418 inquit,
2178 2349 2323 2418 quod
2355 2349 2526 2420 iniqui
2557 2349 2777 2418 judices
2817 2349 3044 2414 fuerint,
3063 2349 3118 2402 in
3151 2346 3396 2402 tenebris
3423 2361 3540 2400 am-

1954 2439 2235 2496 bularunt.
2268 2440 2538 2507 Quoniam
2581 2455 2714 2498 vero
2763 2442 2990 2510 tejuste
3041 2439 3294 2509 judicare
3349 2439 3538 2506 decet,

1956 2534 2056 2588 soli
2079 2534 2278 2604 quippe
2301 2533 2440 2588 Filio
2465 2531 2629 2586 Pater
2658 2531 2928 2602 judicium
2957 2530 3138 2585 dedit:
3173 2530 3284 2600 jam
3317 2529 3538 2584 demum

1955 2633 2013 2681 tu
2062 2627 2178 2697 ipse
2230 2641 2416 2695 surge,
2448 2625 2853 2680 resurrectione
2901 2632 2994 2678 tua
3038 2636 3386 2678 communem
3421 2635 3539 2676 om-

1955 2717 2106 2772 nium
2154 2717 2616 2774 resurrectionem
2677 2717 2958 2782 facturus;
2987 2722 3040 2770 et
3091 2713 3277 2784 judica
3306 2721 3535 2775 terram,

1956 2824 2146 2865 omnes
2203 2809 2456 2865 homines
2485 2807 2739 2864 videlicet
2777 2809 2868 2878 qui
2927 2808 2980 2861 in
3027 2814 3173 2862 terra
3219 2812 3535 2861 versantur.

1957 2901 2080 2958 Tibi
2109 2917 2276 2973 porro
2309 2903 2568 2958 convenit
2598 2917 2791 2956 omnes
2821 2901 3068 2954 homines
3107 2897 3377 2968 judicare,
3409 2912 3534 2966 quo-

1955 2991 2100 3046 niam
2125 3000 2179 3044 tu
2199 2990 2536 3046 hwreditabis
2559 2991 2616 3044 in
2649 2989 2890 3044 omnibus
2906 2987 3166 3058 gentibus.
3198 2986 3263 3042 Et
3295 3001 3539 3057 praesens

1955 3081 2178 3153 quidem
2216 3083 2462 3153 psalmus
2521 3096 2855 3154 synagogam
2905 3081 3135 3136 deorum
3189 3079 3535 3141 memoravit,

1957 3191 2020 3232 ac
2053 3175 2224 3231 Deum
2253 3177 2310 3230 in
2347 3176 2526 3231 medio
2553 3183 2815 3239 stantem,
2835 3174 3077 3244 deosque
3116 3171 3534 3240 dijudicantem,

1958 3278 2240 3340 totamque
2267 3269 2570 3325 doctrinam
2612 3284 2768 3325 suam
2805 3267 2873 3323 de
2913 3267 3122 3337 judicio
3175 3265 3450 3334 instituit;
3479 3265 3534 3320 in

1955 3359 2062 3416 ﬁne
2104 3375 2234 3416 vero
2283 3359 2482 3431 adjecit
2517 3360 2651 3416 illud
2693 3357 2926 3430 :Surge,
2981 3357 3145 3423 Deus,
3195 3356 3384 3427 judico
3429 3365 3536 3410 ter-

1955 3467 2093 3506 ram.

272 3542 355 3598 σὺ
383 3541 1012 3612 κατακληρονομήσεις
1041 3543 1109 3596 ἐν
1143 3540 1292 3598 πᾶσι
1322 3542 1446 3608 τοῖς
1481 3544 1702 3598 ἔθνεσι.
1737 3547 1846 3598 Καὶ
1883 3547 1912 3599 6
1939 3546 2038 3618 μὲν
2075 3545 2266 3617 παρὼν
2287 3546 2520 3618 ’ψαλμὸς
2554 3545 2874 3617 συναγωγὴν
2937 3544 3075 3598 θεῶν
3144 3543 3416 3616 ὠνόμασε,
3443 3542 3538 3596 καὶ

271 3642 402 3697 Θεὸν
443 3643 606 3715 μέσον
647 3641 879 3706 ἑστῶτα,
951 3640 1046 3694 καὶ⁵
1097 3639 1252 3704 θεοὺς
1296 3640 1660 3711 διακρίνοντα,
1706 3642 1884 3697 πᾶσάν
1920 3660 1981 3696 τε
2023 3642 2123 3716 τὴν
2167 3632 2514 3698 διδασκαλίαν
2558 3645 2686 3716 περὶ
2727 3643 2962 3716 κρίσεως
3002 3642 3325 3713 ἐποιήσατο·
3397 3640 3536 3711 ἐπή-

269 3736 408 3806 γαγέ
429 3753 488 3790 τε
523 3737 614 3789 ἐπὶ
636 3735 778 3789 τέλει
811 3734 890 3801 τὸ,
938 3733 1208 3803 Ἀνάστα,
1242 3736 1275 3788 ό
1306 3733 1468 3801 Θεὸς,
1496 3735 1703 3803 κρῖνον
1733 3736 1848 3805 τὴν
1883 3736 2020 3808 γῆν.

341 3849 530 3906 Ταῦτά
560 3867 621 3904 τε
643 3850 823 3906 πάντα
856 3849 916 3904 τὸ
947 3849 1171 3922 Πνεῦμα
1201 3849 1262 3903 τὸ
1291 3850 1446 3919 ἅγιον
1481 3849 1568 3905 διὰ
1598 3850 1690 3905 τοῦ
1718 3869 1851 3924 προ-

2023 3851 2150 3908 Haec
2180 3869 2346 3925 porro
2368 3854 2551 3908 omnia
2585 3851 2823 3923 Spiritus
2847 3860 3074 3908 sanctus
3093 3864 3189 3919 per
3217 3845 3535 3918 pr0phetam

277 3941 444 4015 φήτου
483 3941 656 4012 Ἀσάφ
691 3939 1058 4012 ἐξενήνεκται.
1094 3940 1246 3994 Ἐπεὶ
1271 3940 1330 3994 δὲ
1365 3940 1599 4013 εὕρομεν
1631 3944 1724 3996 καὶ
1758 3943 1849 3997 τὸν

281 4030 361 4102 μθ¹
406 4031 616 4103 ψαλμὸν
661 4033 755 4086 καὶ⁴
795 4031 957 4086 αὑτὸν
1003 4031 1477 4104 ἐπιγεγραμμένον
1509 4032 1616 4087 Τοῦ
1643 4033 1846 4103 Ἀσάφ,

280 4124 371 4204 καὶ
399 4121 470 4176 τὰ
493 4124 622 4195 περὶ
653 4123 886 4194 κρίσεως
917 4123 1228 4195 διειληφότα
1251 4124 1456 4195 ὁμοίως
1480 4126 1592 4188 τοῖς
1633 4141 1853 4196 προκει-

285 4215 489 4287 μένοις⁹
520 4215 746 4280 εἰκότως
781 4216 1106 4289 ἡγησάμεθα
1141 4216 1434 4270 ἀκόλουθον
1462 4215 1601 4271 εἶναι
1643 4219 1850 4272 ἐκεῖνον

279 4307 466 4378 τούτῳ,
498 4307 626 4362 ὅντα
663 4307 762 4379 μὲν
805 4307 1005 4380 ὁμοίως
1037 4306 1130 4360 τοῦ
1167 4308 1361 4378 Ἀσὰφ,
1382 4309 1482 4380 τὴν
1515 4307 1681 4380 αὐτὴν
1721 4309 1851 4363 ὑπό-

283 4400 422 4455 θεσιν
444 4401 856 4473 εἰσηγούμενον.
881 4402 1110 4473 Εἴρηται
1132 4403 1262 4470 γοῦν
1287 4402 1381 4454 καὶ
1413 4403 1472 4455 ὲν
1497 4402 1644 4473 αὐτῷ
1663 4419 1678 4436 ο
1707 4403 1850 4470 Θεὸς

283 4493 426 4550 θεῶν
457 4496 674 4563 Κύριος
709 4492 998 4563 ἐλάλησε,
1031 4493 1128 4548 καί
1157 4494 1413 4548 ἐκάλεσε
1447 4494 1562 4562 τὴν
1589 4495 1709 4566 γῆν
1730 4497 1847 4550 ἀπὸ

283 4584 584 4641 ἀνατολῶν
608 4587 789 4655 ἡλίου
808 4585 986 4656 μέχρι
1018 4584 1286 4656 δυσμῶν.
1315 4585 1424 4639 Θέα
1461 4587 1570 4659 γὰρ
1602 4587 1751 4651 ὅπως
1789 4587 1850 4641 τὸ

289 4677 377 4748 μὲν
403 4677 550 4742 τέλος
579 4677 673 4732 τοῦ
701 4677 841 4749 μετὰ
861 4680 1048 4750 χεῖρας
1077 4677 1301 4749 φάσκειο
1333 4678 1601 4742 Ἀνάστα,
1623 4683 1655 4734 ό
1683 4681 1846 4746 Θεὸς,

286 4769 478 4835 κρῖνον
505 4769 622 4838 τὴν
661 4769 810 4840 γῆνε
850 4772 884 4843 ὴ
927 4771 983 4824 δὲ
1045 4771 1139 4825 τοῦ
1189 4771 1275 4844 μθ’
1304 4773 1444 4844 ἀρχή
1476 4789 1491 4803 ·
1535 4771 1678 4838 Θεὸς
1702 4771 1852 4826 θεῶν

288 4861 486 4928 Κύριος
512 4860 798 4930 ἐλάλησε,
841 4863 940 4916 καὶ
980 4863 1238 4918 ἐκάλεσε
1285 4863 1400 4933 τὴν
1447 4862 1581 4934 γῆν.
1626 4865 1736 4917 Καὶ
1764 4866 1852 4918 ὲν-

288 4953 446 5008 ταῦθα
476 4953 574 5026 μὲν
601 4955 838 5026 εἴρηται·
866 4957 988 5010 Ὅτι
1023 4957 1105 5011 σὺ
1134 4956 1763 5027 κατακληρονομήσεις
1782 4958 1851 5010 ἐν

1951 3943 2134 4016 Asapb
2171 3945 2386 4002 extulit.
2419 3945 2558 4012 Quia
2590 3959 2717 4000 vero
2748 3943 3016 4014 psalmum
3046 3955 3197 4004 χιιι,
3218 3939 3312 4009 qui
3337 3945 3390 3992 et
3421 3937 3536 4008 ipse

1950 4039 2148 4108 Asapbi
2203 4023 2558 4102 inscribitur,
2589 4037 2658 4091 de
2709 4035 2921 4107 judicio
2962 4034 3091 4088 item
3137 4033 3532 4088 edissercntem

1951 4129 2416 4201 deprehendimus
2447 4127 2675 4200 perinde
2702 4135 2866 4197 atque
2886 4132 3211 4195 praesentem
3237 4140 3252 4188 ;
3275 4122 3398 4192 jure
3424 4119 3535 4174 exi-

1953 4223 2242 4279 stimamus
2283 4222 2434 4276 illum
2482 4221 2610 4274 huic
2654 4217 3090 4274 subnectendum
3141 4229 3284 4276 esse,
3345 4219 3534 4281 utpote

1951 4315 2044 4386 qui
2071 4313 2330 4370 similiter
2361 4311 2568 4383 Asapbi
2601 4312 2694 4376 sit,
2729 4320 2781 4366 ct
2813 4309 2953 4364 idem
2994 4314 3375 4378 argumentum
3406 4320 3532 4375 per-

1951 4412 2167 4460 tractet.
2199 4402 2335 4458 Nam
2381 4404 2454 4460 ibi
2477 4419 2694 4475 quoque
2721 4401 2926 4456 dictum
2961 4399 3102 4454 fuit:
3141 4397 3281 4452 Deus
3313 4397 3532 4450 deorum

1952 4497 2210 4552 Dominus
2239 4499 2446 4553 locutus
2487 4507 2586 4564 est,
2616 4507 2666 4552 et
2699 4498 2899 4552 vocavit
2937 4506 3132 4550 terram
3173 4511 3204 4548 a
3247 4493 3378 4548 solis
3413 4501 3534 4547 ortu

1952 4606 2112 4660 usque
2162 4589 2231 4643 ad
2283 4606 2550 4644 occasum.
2612 4587 3032 4643 Animadvertas
3091 4586 3293 4656 quippe
3345 4583 3531 4647 velim,

1951 4681 2238 4752 praesentis
2290 4681 2453 4735 ﬁnem
2505 4679 2587 4736 sic
2633 4679 2842 4734 habere
2876 4697 2888 4730 :
2917 4676 3103 4747 Surge,
3162 4675 3326 4739 Deus,
3345 4674 3534 4745 judica

1955 4784 2180 4839 terram;
2223 4782 2278 4828 et
2325 4773 2731 4845 quadragesimi
2781 4771 2910 4826 noni
2963 4771 3180 4824 initium
3215 4769 3318 4822 hoc
3361 4783 3530 4824 esse:

1949 4867 2095 4924 Deus
2125 4867 2343 4922 deorum
2365 4866 2621 4921 Dominus
2652 4865 2859 4924 locutus
2886 4873 2985 4926 est,
3017 4873 3065 4916 et
3093 4861 3291 4916 vocavit
3311 4869 3530 4917 terram.

1953 4956 2053 5014 Hic
2077 4959 2240 5014 etiam
2275 4957 2500 5020 dicitur,
2535 4955 2798 5021 Quoniam
2825 4964 2878 5007 tu
2915 4950 3252 5006 Itaareditabis
3279 4955 3332 5004 in
3357 4950 3533 5004 omni-

28 5055 34 5084 *
291 5046 428 5103 πᾶσι
458 5046 584 5114 τοῖς
615 5047 891 5112 ἔθνεσινο
920 5051 977 5102 ὲν
1009 5050 1201 5122 ἐκείνῳ
1250 5050 1328 5115 δὲ,
1376 5051 1494 5106 ἀπὸ
1541 5048 1851 5106 ἀνατολῶν

1954 5051 2047 5105 bus
2077 5049 2352 5122 gentibus;
2386 5049 2460 5103 ibi
2505 5061 2657 5112 vero,
2692 5065 2724 5101 a
2755 5047 2884 5100 solis
2916 5055 3036 5100 ortu
3071 5060 3234 5115 usque
3266 5042 3336 5095 ad
3375 5058 3531 5095 occa-

289 5137 450 5205 ήλίου
471 5137 650 5208 μέχρι
681 5137 930 5210 δυσμῶν
949 5155 961 5168 ·
991 5141 1086 5194 καὶν
1119 5141 1280 5196 πάλιν
1311 5143 1370 5194 ὲν
1407 5140 1514 5212 μὲν.
1534 5140 1613 5212 τῷ
1650 5139 1734 5211 μθ¹
1765 5139 1851 5192 λέ-

1954 5161 2090 5198 sum.
2127 5143 2206 5198 Ac
2248 5156 2469 5197 rursum
2504 5140 2561 5195 in
2602 5154 2731 5193 χιιι
2761 5137 2970 5192 dic1um
3013 5144 3099 5192 est
3141 5155 3155 5189 :
3191 5133 3330 5187 Deus
3361 5132 3522 5187 mani-

291 5229 459 5284 λεκται
479 5246 493 5260 ⁸
534 5231 588 5284 '0
624 5231 769 5298 Θεὸς
797 5231 1074 5302 ἐμφανῶς
1104 5233 1257 5301 ἣξει,
1284 5238 1317 5289 ὁ
1348 5235 1492 5302 Θεὸς
1526 5233 1717 5304 ἡμῶν,
1745 5234 1843 5288 καὶ

1954 5237 2080 5308 {este
2108 5236 2294 5299 veniet,
2331 5234 2472 5288 Deus
2504 5242 2703 5299 noster,
2720 5242 2767 5286 et
2797 5247 2901 5285 non
2932 5227 3125 5286 silebit.
3159 5227 3295 5282 Cum
3323 5224 3531 5280 venerit

291 5325 355 5377 οὐ
382 5324 906 5393 παρασιωπήσεται
927 5343 944 5358 ο
985 5325 1158 5380 ἐλθὼν
1197 5328 1254 5382 δὲ
1290 5329 1342 5382 τί
1377 5329 1614 5401 ποιήσει,
1649 5329 1678 5380 6
1707 5327 1846 5398 μετὰ

1954 5345 2158 5399 autem,
2186 5335 2315 5404 quid
2348 5341 2574 5390 acturus
2603 5332 2694 5396 sit,
2724 5332 2883 5387 docet
2903 5343 3144 5401 praesens
3169 5326 3414 5397 psalmus
3442 5321 3530 5377 his

294 5420 458 5489 χεῖρας
484 5417 731 5472 διδάσκει·
755 5419 927 5488 λέγων
945 5435 960 5450 ο
998 5419 1052 5471 '0
1085 5419 1229 5486 Θεὸς
1259 5421 1405 5480 ἔστη
1429 5421 1498 5475 ἐν
1524 5419 1846 5491 συναγωγῇ

1954 5427 2134 5482 verbis
2166 5445 2178 5480 :
2215 5425 2356 5480 Deus
2405 5426 2550 5480 stetit
2605 5425 2662 5478 in
2694 5440 2964 5495 synagoga
3010 5421 3248 5483 deorum,
3275 5418 3330 5470 in
3359 5413 3529 5469 medio

296 5505 452 5561 θεῶν·
484 5508 554 5562 ἐν
585 5508 757 5578 μέσῳ
796 5508 865 5563 δὲ
904 5510 1078 5578 θεοὺς
1106 5511 1412 5580 διακρίνει.
1462 5513 1586 5578 Πῶς
1633 5513 1690 5566 δὲ
1734 5513 1847 5566 δια-

1957 5524 2132 5569 autem
2158 5513 2282 5568 deos
2333 5512 2614 5583 dijudicat.
2653 5511 2938 5579 Quomodo
2967 5507 3314 5580 dijudicabit,
3348 5506 3531 5561 decla-

297 5598 468 5668 κρίνει,
511 5599 541 5652 6
576 5599 662 5670 μθ¹
692 5601 948 5672 διασαφεῖ
978 5604 1201 5673 φάσκων
1223 5620 1236 5633 ·
1277 5603 1404 5673 Πῦρ
1439 5604 1716 5659 ἐναντίον
1741 5606 1848 5660 αὺ-

1956 5615 2042 5660 rat
2077 5620 2228 5672 sus,
2255 5604 2340 5660 his
2369 5605 2551 5660 verbis
2591 5624 2604 5658 :
2640 5602 2788 5676 Ignis
2826 5605 2882 5656 in
2912 5587 3189 5669 conspectu
3213 5598 3325 5669 ejus
3369 5613 3529 5653 exar-

299 5689 389 5745 τοῦ
407 5692 770 5762 καυθήσεται
787 5711 801 5725 ο
834 5696 1042 5762 κύκλῳ
1071 5695 1256 5752 αὐτοῦ
1285 5697 1550 5769 καταιγὶς
1588 5696 1844 5768 σφόδρα.

1954 5695 2147 5766 descct,
2179 5697 2230 5752 in
2259 5697 2484 5752 circuitu
2529 5695 2644 5768 ejus
2695 5704 2972 5763 tempestas
3000 5689 3199 5746 valida.
3235 5687 3526 5744 Advocabit

363 5846 398 5880 “
436 5846 577 5907 Psal.
615 5865 676 5918 ιι,
717 5853 766 5908 7.
