4078 6934
625 397 724 453 991

1291 355 1560 456 unseen
1595 399 2073 456 cmssmsnsm
2110 400 2262 458 opp.
2300 399 2482 456 mus
2511 401 2604 457 ιιι.
2647 430 2714 444 α.
2749 397 3158 456 exsomnes.

3841 400 3960 453 Si}?

625 512 812 565 cwlum
869 511 1197 578 desursum,
1241 525 1290 568 et
1341 524 1537 569 terram
1593 513 1886 583 dijudicare
1951 513 2186 583 populum

2306 512 2788 582 Προσκαλέσεται
2835 513 2945 566 τὸν
2982 509 3243 580 οὐρανὸν
3284 509 3410 564 ἀνω
3467 511 3566 564 καί
3621 511 3770 578 τὴν
3827 511 3958 579 γῆν

625 619 798 658 suum.
834 601 1040 658 Horum
1062 618 1229 658 causa
1261 604 1456 659 merito
1486 603 1822 658 arbitramur
1841 602 2196 672 quadragesi-

625 712 774 750 mum
804 713 1007 752 nonum
1040 696 1169 750 huic
1204 697 1415 766 psalmo
1453 696 1896 768 subjungendum
1943 710 2087 751 esse.
2129 692 2198 748 ll-

625 787 827 857 ludque
853 789 978 842 item
1008 787 1430 851 observandum,
1449 787 1668 844 eosdem
1702 789 1942 856 psalmos
1973 785 2198 857 perinde

620 886 786 948 atque
816 879 1232 950 subsequentes,
1255 879 1349 950 qui
1372 879 1502 934 item
1527 879 1730 950 Asapbi
1761 889 1908 946 sunt,
1937 879 2198 948 abjectio-

623 983 746 1022 nem
779 968 1091 1025 Iudaeorum
1122 972 1352 1042 ejusque
1387 987 1586 1029 causas
1609 973 1917 1042 complecti.
1949 971 2198 1039 Quadra-

621 1061 862 1130 pesimus
894 1077 1024 1116 vero
1053 1077 1254 1128 nonus,
1289 1064 1358 1117 ab
1383 1063 1575 1120 eodem
1623 1065 1888 1135 pr0pheta
1931 1065 2192 1134 scriptus,

621 1167 718 1222 per
771 1153 1167 1209 sacriﬁciorum
1221 1155 1677 1226 repudiationem,
1747 1156 1998 1212 Mosaicae
2062 1157 2196 1228 legis

621 1241 1031 1312 abrogationem
1064 1244 1307 1314 inducit;
1333 1246 1408 1301 ita
1439 1256 1496 1302 ut
1523 1249 1578 1302 in
1631 1248 1724 1303 illo
1765 1250 2010 1320 ejusdem
2033 1265 2197 1321 argu-

621 1329 792 1382 menti
822 1329 996 1386 series
1041 1334 1424 1404 sententiaque
1457 1337 1799 1392 exhibeatur.
1829 1338 1945 1405 Qua
1973 1355 2103 1394 vero
2128 1339 2196 1395 de

619 1432 789 1473 causa
812 1434 939 1473 χιιι(
973 1437 1001 1474 a
1032 1426 1397 1492 prmsentibus
1428 1427 1652 1484 avulsus
1689 1439 1743 1484 et
1774 1438 1900 1486 ante
1925 1431 2198 1501 quinqua-

617 1513 809 1583 gesimi
835 1515 1028 1584 psalmi
1057 1517 1460 1573 confessionem
1492 1521 1704 1590 positus
1733 1522 1822 1588 sit,
1848 1523 1960 1594 jam
1995 1524 2050 1578 in
2075 1526 2196 1596 ejus

617 1606 1012 1662 commentario
1033 1607 1368 1680 disputatum
1397 1617 1501 1667 est.

681 1879 728 1932 1.
765 1877 1115 1935 CANTICUM
1150 1877 1400 1936 PSALMI
1438 1879 1568 1937 lPSl
1599 1880 1848 1937 ASAPH.
1889 1881 2153 1938 LXXXII.
2226 1871 2269 1927 Β

688 2027 856 2086 Vsus.
901 2031 956 2084 2.
989 2030 1152 2098 Deus,
1189 2034 1306 2102 quis
1330 2034 1523 2088 similis
1571 2035 1675 2090 erit
1728 2036 1866 2092 tibi?
1895 2053 1960 2090 ne
1989 2046 2191 2102 taceas,

613 2139 776 2194 neque
796 2125 1162 2192 compescaris,
1181 2125 1343 2181 Deus.
1362 2127 1812 2200 Septuagesimus
1840 2145 2020 2185 nonus
2045 2132 2193 2199 psal-

612 2232 736 2270 mus
767 2216 1202 2272 destructionem
1234 2219 1407 2274 vineae
1427 2259 1442 2285 ,
1473 2217 1713 2276 Iudaicae
1739 2221 1917 2292 gentis
1951 2220 2190 2286 ruinam,

613 2309 718 2363 loci
748 2311 842 2380 qui
877 2325 1046 2380 penes
1097 2326 1194 2366 eos
1235 2311 1288 2366 in
1333 2315 1512 2383 pretio
1539 2323 1593 2369 et
1622 2315 1831 2370 honore
1883 2315 2192 2370 habebatur

612 2398 928 2454 incendium
985 2408 1039 2455 et
1077 2402 1388 2458 vastitatem
1446 2406 1885 2476 prmnuntiabat;
1939 2407 2050 2462 duo
2102 2423 2192 2464 se-

608 2496 844 2558 quentes
877 2505 1102 2546 causam
1135 2493 1301 2565 bujns
1329 2496 1664 2554 calamitatis
1691 2499 2062 2566 enarrabant;
2101 2500 2189 2556 hic

609 2595 740 2634 vero
771 2581 840 2636 iis
874 2583 1225 2652 conjunctus,
1261 2587 1715 2657 supplicationem
1761 2598 1818 2645 et
1851 2591 2191 2648 obsecratio-

609 2686 734 2726 nem
797 2688 894 2743 pro
940 2677 1140 2745 populo
1187 2676 1361 2732 eﬂ'ert.
1409 2677 1540 2736 Post
1585 2680 1765 2736 tristia
1827 2683 2026 2754 quippe
2096 2684 2188 2739 illa

607 2763 766 2833 quasi
798 2765 1064 2823 medelam
1096 2769 1390 2839 quamdam
1423 2770 1702 2841 praedictis
1728 2773 2020 2831 admovere
2050 2791 2180 2830 con-

606 2862 928 2914 sentaneum
987 2859 1112 2928 fuit,
1147 2863 1586 2933 quandoquidem
1647 2867 1843 2937 psalmi
1902 2869 2084 2938 Asaplt
2131 2871 2186 2925 in

605 2947 711 3002 hoc
731 2951 1280 3009 circumscribentur.
1296 2953 1665 3022 Quamobrem
1689 2958 1972 3014 Canticum
1991 2960 2188 3030 psalmi

607 3036 909 3111 inscriptus
924 3052 1031 3110 est,
1051 3046 1180 3114 quia
1197 3047 1339 3102 bona
1370 3048 1573 3118 populo
1591 3058 1865 3120 precatur.
1893 3049 1989 3107 Est
2019 3066 2185 3122 porro

606 3131 932 3190 undecimus
965 3150 1155 3192 eorum
1207 3139 1303 3208 qui
1350 3138 1554 3210 Asaplti
1598 3141 2011 3208 inscribuntur,
2047 3159 2184 3214 quo-

2298 605 2406 658 τοῦ
2436 604 2729 673 διακρῖναι
2768 605 2875 659 τὸν
2911 604 3066 659 λαὸν
3107 604 3314 659 αὐτοῦ.
3344 603 3564 658 Τούτων
3602 605 3950 674 τοιγαροῦν

2298 693 2458 747 ἓνεκα
2501 693 2726 758 είκότως
2754 694 2982 748 ἕπεσθαι
3023 693 3100 765 τῷ
3143 694 3280 766 μετά
3323 697 3511 765 χεῖρας
3555 695 3948 763 ansam;

2297 784 2388 838 τὸν
2435 784 2540 855 μθ’.
2576 785 2814 838 Κάκεϊνο
2859 784 2914 838 δὲ
2962 784 3245 856 τηρητέον,
3275 784 3351 848 ὡς
3391 784 3600 854 ὁμοίως
3659 787 3804 846 τοῖς
3861 789 3946 837 ὲν-

2295 875 2470 929 ταῦθα
2505 876 2873 947 συνημμένοις
2905 876 2997 930 τοῦ
3056 875 3230 946 Ἀσάφ
3274 875 3509 947 ψαλμοῖς
3549 875 3676 947 τὴν
3713 877 3946 929 ἀπεο-

2297 968 2395 1040 λὴν
2447 967 2540 1022 τοῦ
2592 968 2863 1023 Ἰουδαίων
2910 968 3116 1034 ἔθνους,
3166 969 3260 1023 καὶ
3303 968 3509 1040 ταύτης
3553 967 3680 1032 τὰς
3738 969 3944 1032 αίτξας

2298 1060 2626 1131 περιέχουσι.
2671 1061 2780 1115 Καὶ
2821 1063 2848 1115 6
2891 1059 2975 1131 μθ¹
3011 1060 3106 1114 τοῦ
3139 1059 3304 1114 αὑτοῦ
3341 1060 3644 1131 τυγχάνων
3693 1065 3938 1130 πβςή-

2294 1171 2411 1218 του,
2441 1155 2756 1226 ἀνατροπὴν
2793 1153 2888 1207 τοῦ
2919 1153 3164 1216 Μωσέως
3194 1153 3360 1224 νόμου
3399 1153 3621 1222 είσάγει
3672 1153 3782 1206 διὰ
3834 1155 3936 1222 τῆς

2294 1243 2403 1298 τῶν
2439 1244 2638 1298 θυσιῶν
2674 1246 3092 1318 παραιτήσεωςο
3127 1243 3270 1297 ὥστε
3320 1246 3414 1298 καὶ
3463 1245 3522 1298 ὲν
3563 1245 3796 1315 ταύτῷ
3835 1247 3936 1314 τὴν

2295 1335 2616 1389 ἀκολουθίαν
2661 1336 2972 1390 δείκνυσθαι
3021 1336 3122 1406 τῆς
3167 1335 3275 1388 τῶν
3324 1336 3756 1407 ἐμφερομένων
3813 1336 3934 1388 δια-

2296 1429 2464 1492 νοίας.
2500 1429 2598 1483 Διά
2636 1428 2768 1483 τίδὲ
2795 1427 3170 1500 μετατέθειται
3200 1431 3229 1482 6
3269 1427 3354 1500 μθ’
3382 1431 3446 1484 ὲκ
3472 1431 3574 1500 τῆς
3605 1429 3749 1483 τῶν
3795 1447 3934 1498 πμ»

2296 1519 2563 1589 κειμένων
2599 1518 2918 1588 συναφείας,
2964 1519 3330 1589 προτέτακται
3372 1519 3429 1572 δὲ
3471 1519 3574 1588 τῆς
3619 1521 3700 1572 ὲν
3749 1519 3844 1590 τῷ
3891 1527 3932 1568 v

2295 1609 2494 1680 ψαλμῷ
2529 1609 2988 1680 ὲξομολογήσεως,
3017 1609 3076 1661 ὲν
3102 1611 3216 1673 τοῖς
3240 1609 3322 1673 είς
3346 1610 3507 1664 αὑτὸν
3533 1608 3930 1681 τεθεωρημέ-

2297 1719 2408 1765 νοις
2433 1703 2563 1772 ημῖν
2594 1703 2870 1775 προδιείλη
2879 1720 3024 1758 πται.

2603 1880 2736 1951 om
2768 1880 3068 1934 ΨΑΛΜΟΥ
3099 1880 3187 1950 Tn
3216 1880 3412 1936 ΑΣΑΦ.
3439 1880 3566 1935 ιιΒο.

2374 2031 2435 2086 '0
2467 2031 2630 2098 Θεὸς,
2667 2033 2758 2099 τίς
2803 2033 3231 2103 ὁμοιωθήσεται
3263 2048 3403 2098 σοι;
3440 2033 3536 2102 Μὴ
3587 2034 3918 2104 σιτήσῃς.

2287 2121 2445 2191 μηδὲ
2490 2125 2936 2193 καταπραΰνῃς,
2986 2129 3019 2180 ὀ
3069 2126 3235 2193 Θεός.
3278 2126 3335 2179 '0
3392 2127 3490 2196 μὲν
3543 2126 3619 2179 οθ¹
3671 2126 3916 2197 ψαλμὲς

2293 2212 2662 2285 προανεφώνει
2692 2215 2783 2268 τὸν
2825 2216 3130 2288 ἀφανισμὸν
3157 2216 3252 2271 τοῦ
3285 2218 3612 2289 ἀμπελῶνος
3640 2221 3763 2272 καὶ
3807 2222 3911 2288 τὴν

2292 2305 2501 2359 πτῶσιν
2531 2305 2625 2360 τοῦ
2663 2305 2931 2361 Ἰουδαίων
2969 2307 3174 2374 ἔθνους,
3200 2309 3294 2364 τοῦ
3325 2327 3386 2363 τε
3416 2313 3544 2382 παρ’
3575 2311 3796 2374 (1:31:02;
3831 2329 3912 2364 τε·

2289 2399 2594 2471 τιμημένου
2637 2400 2803 2454 τόπου
2831 2402 2923 2456 τὸν
2953 2401 3282 2473 ἐμπρησμὸν
3331 2403 3426 2458 καὶ
3465 2403 3562 2474 τὴν
3598 2405 3870 2476 ἐρημίαν
3891 2424 3905 2435 ·

2289 2494 2338 2546 οἱ
2383 2493 2427 2547 δ’
2472 2492 2601 2564 ἑξῆς
2629 2493 2778 2565 αὑτῷ
2806 2493 2898 2547 δύο
2927 2494 3026 2564 τὴν
3057 2495 3239 2550 αἰτίαν
3273 2495 3548 2550 ἐδίδασκον
3583 2496 3658 2550 δι’
3699 2498 3784 2568 ἦν
3821 2516 3908 2550 πε-

2290 2585 2516 2639 πόνθασι
2554 2584 2759 2639 ταῦτα’
2805 2588 2834 2640 6
2878 2585 2935 2639 δὲ
2979 2585 3190 2657 παρὼν,
3237 2588 3579 2658 συνημμένος
3621 2590 3902 2653 ἐκείνοις,

2290 2676 2572 2749 ἱκετηρίαν
2608 2679 2703 2732 καὶ
2747 2677 2930 2749 δέησιν
2969 2678 3112 2749 ὑπὲρ
3141 2679 3238 2733 τοῦ
3271 2679 3401 2733 λαοῦ
3438 2683 3708 2736 ποιεῖται.
3749 2682 3900 2735 Ἔδει

2287 2767 2395 2839 γὰρ
2424 2768 2562 2839 μετά
2591 2769 2660 2824 τά
2688 2769 2988 2840 σκυθρωπὰ
3016 2769 3205 2844 ὥσπερ
3230 2771 3352 2826 τινὰ
3378 2769 3682 2844 θεραπείαν
3717 2791 3895 2844 προσ-

2287 2859 2440 2929 άγειν
2459 2863 2573 2924 τοῖς
2602 2861 2966 2932 προλεχθεῖσι,
3002 2862 3293 2933 μέλλοντας
3319 2865 3377 2917 ὲν
3403 2862 3576 2933 τούτῳ
3605 2868 3892 2938 περιγρᾶο

2286 2953 2480 3023 φεσθαι
2499 2954 2622 3018 τοὺς
2641 2953 2749 3008 Τοῦ
2765 2954 2955 3024 Ἀσὰερ
2973 2954 3238 3026 ψαλμούς.
3257 2955 3347 3009 Διὸ
3363 2957 3454 3008 καὶ
3469 2954 3558 3027 ’ῼὸ
3571 2955 3607 3023 ὴ
3623 2957 3890 3025 ψαλμοῦ

2284 3042 2687 3113 ἐπιγέγραπται
2708 3044 2736 3096 6
2758 3042 2946 3115 παρὼν
2966 3043 3144 3112 λόγος,
3170 3043 3260 3098 διὰ
3279 3044 3341 3097 τὸ
3372 3044 3439 3098 τὰ
3466 3045 3688 3115 χρηστά
3720 3047 3890 3117 {smp-

2284 3130 2538 3202 εύχεσθαι
2570 3131 2664 3185 τοῦ
2693 3131 2845 3186 λαοῦ.
2873 3133 3028 3186 Ἔστι
3053 3133 3110 3187 δὲ
3131 3135 3158 3187 6
3186 3132 3374 3206 παρὼν
3400 3132 3507 3186 τῶν
3533 3137 3886 3206 ἐπιγεγραμο

605 3238 726 3278 rum
773 3227 980 3294 primus
1009 3236 1128 3284 erat
1169 3245 1339 3295 Lxxtt,
1373 3231 1447 3286 ita
1512 3240 1571 3286 ut
1611 3233 1666 3287 in
1722 3249 1912 3288 eorum
1968 3250 2184 3305 quoque

2291 3227 2465 3292 μένων
2487 3220 2598 3276 Τοῦ
2613 3222 2796 3292 Ἁσὰςρ
2817 3229 2906 3287 ια’,
2935 3217 3009 3276 ὧν
3041 3223 3257 3295 πρῶτος
3285 3218 3354 3294 ἦν
3380 3223 3409 3276 ὁ
3441 3223 3540 3290 06',
3577 3241 3884 3296 συμπαραο

605 3329 836 3370 numero
864 3327 1154 3372 censeatur
1184 3335 1336 3384 χιιι,
1371 3321 1501 3391 quia
1540 3321 1588 3377 is
1621 3322 1785 3377 etiam
1824 3330 1909 3378 est
1937 3324 2139 3395 Asaphi
2166 3342 2179 3379 :

605 3414 768 3475 atque
788 3407 860 3460 ita
890 3423 1082 3476 omnes
1103 3410 1392 3465 duodecim
1415 3428 1645 3468 numero
1674 3423 1822 3468 sunt.
1849 3413 1907 3469 In
1931 3417 2182 3485 prmscnti

607 3495 772 3566 igitur
813 3500 1082 3568 pr0pheta
1141 3499 1252 3557 Deo
1308 3504 1626 3574 supplicans
1675 3505 1796 3562 ait:
1841 3505 2006 3572 Deus,
2065 3508 2194 3579 quis.

602 3587 796 3642 similis
863 3590 963 3642 erit
1012 3590 1150 3648 tibi?
1187 3608 1251 3647 ne
1318 3603 1518 3659 taceas,
1588 3613 1751 3668 neque
1811 3601 2182 3667 compescaris,

603 3676 768 3734 Deus.
809 3681 900 3734 Ait
937 3681 1178 3752 quippe:
1224 3683 1642 3755 Deptpatienti,
1684 3688 1938 3743 toleranti
1970 3729 1985 3753 ,
2027 3690 2181 3746 ideo-

601 3786 710 3839 que
763 3787 955 3829 omnes
1030 3773 1267 3840 ferenti,
1332 3793 1494 3832 nemo
1567 3779 1787 3835 similis.
1857 3779 1993 3835 Nam
2057 3783 2182 3852 quis

600 3863 827 3934 perinde
871 3874 1035 3936 atque
1088 3877 1143 3922 tu
1212 3870 1500 3924 atheorum
1558 3879 1613 3926 et
1682 3872 1973 3943 impiorum
2036 3875 2182 3931 blas-

600 3954 796 4026 phema
857 3957 1002 4012 dicta
1063 3968 1118 4015 et
1183 3962 1498 4031 superbiam
1561 3963 1703 4020 ferre
1741 3965 1976 4022 valeat?
2035 3966 2182 4034 Qua-

599 4059 660 4099 re
693 4047 791 4102 tibi
821 4049 1040 4119 quidem
1074 4050 1186 4108 Deo
1222 4069 1383 4108 nemo
1415 4055 1614 4112 similis
1645 4057 1768 4113 erit.
1809 4058 1922 4130 Ego
1958 4075 2086 4115 vero
2122 4068 2180 4114 ut

600 4137 786 4204 homo,
823 4140 1140 4199 inﬁrmitate
1191 4155 1482 4216 superatus
1513 4164 1653 4210 mea,
1703 4150 1817 4204 haec
1870 4152 2181 4223 supplicare

597 4229 794 4295 audeo,
831 4232 1038 4304 tibique
1061 4233 1173 4290 Deo
1197 4251 1320 4290 cum
1357 4240 1609 4308 precibus
1633 4241 1848 4296 dicere:
1874 4240 1955 4296 Ne
1981 4252 2176 4309 taceas,

599 4337 760 4391 neque
809 4328 1182 4393 compescaris,
1246 4327 1410 4386 Deus.
1447 4329 1603 4387 Tunc
1645 4347 1775 4388 vero
1826 4341 2009 4390 tacere
2034 4333 2178 4392 Deus

596 4413 822 4479 dicitur,
863 4431 989 4470 cum
1033 4417 1444 4488 insurgentibus
1494 4423 1672 4479 atheis
1713 4432 1769 4480 et
1800 4424 1982 4496 impiis
2017 4426 2174 4495 viris,

596 4505 757 4572 quasi
814 4522 923 4560 non
957 4507 1248 4566 advertens
1287 4512 1378 4566 ille
1414 4520 1619 4578 manet,
1653 4530 1829 4584 neque
1885 4515 2174 4570 confestim

597 4595 859 4652 ultionem
885 4599 1075 4664 sumit,
1095 4617 1196 4656 nec
1221 4603 1532 4672 promeritis
1553 4621 1648 4660 eos
1671 4605 1957 4676 suppliciis
1983 4623 2175 4678 aggre-
2207 4575 2251 4630 θ

595 4689 762 4742 ditur.
787 4688 1152 4755 Quamobrem
1181 4693 1298 4762 ipse
1323 4693 1505 4764 Asapb
1532 4695 1584 4749 in
1613 4712 1737 4750 ηις
1763 4697 1974 4766 psalmo
2003 4697 2174 4753 Deum

596 4777 712 4834 hinc
752 4782 1109 4848 peccantibus
1152 4783 1425 4840 dicentem
1459 4785 1670 4841 inducit
1703 4807 1716 4842 :
1751 4789 1880 4842 Ηιεο
1907 4789 2100 4858 fecisti,
2123 4800 2173 4844 ct

597 4877 738 4924 tacui
768 4887 786 4924 :
811 4873 1136 4928 existimasti
1169 4876 1344 4946 inique
1369 4879 1508 4946 quod
1548 4895 1636 4933 ero
1669 4880 1745 4932 tui
1777 4879 1994 4935 similis.
2027 4882 2173 4937 Cau-

595 4977 714 5016 sam
748 4979 876 5019 vero
900 4966 1126 5031 silentii,
1162 4967 1440 5036 patientia:
1467 4980 1520 5025 et
1550 4971 1852 5027 tolerantiae
1887 4970 1981 5028 Dei
2013 4973 2174 5028 docet

593 5054 912 5124 Apostolus,
946 5057 1060 5112 haec
1096 5061 1346 5116 scribens
1376 5079 1388 5115 :
1413 5061 1496 5114 An
1526 5060 1742 5117 divitias
1777 5064 2028 5119 bonitatis
2059 5065 2172 5136 ejus

593 5152 645 5198 et
687 5145 961 5214 patientia:
1004 5159 1052 5202 et
1095 5150 1512 5221 longanimitatis
1555 5155 1869 5220 contemnis,
1921 5155 2170 5226 ignorans

595 5231 733 5300 quod
779 5233 1070 5306 benignitas
1117 5237 1218 5292 Dei
1254 5241 1322 5293 ad
1357 5243 1716 5310 pcenitentiam
1759 5253 1808 5298 te
1848 5243 2066 5298 adducit
2090 5245 2174 5299 “1

596 5323 704 5377 Sed
732 5331 791 5378 tu
825 5326 1068 5396 quidem,
1111 5329 1208 5393 ait,
1243 5340 1300 5385 ut
1332 5330 1496 5399 Deus,
1535 5349 1726 5389 omnes
1766 5335 2024 5399 sustines,
2056 5350 2173 5389 om-

595 5431 694 5472 nes
741 5419 1040 5475 clementer
1064 5421 1290 5485 toleras,
1324 5439 1388 5478 ac
1416 5424 1483 5480 de
1516 5427 1585 5482 iis
1616 5427 1748 5482 siles
1775 5427 1871 5497 qui
1920 5427 2085 5497 impie
2116 5434 2172 5482 et

593 5510 802 5564 nefarie
830 5520 1080 5580 peccant,
1108 5521 1163 5567 et
1212 5523 1404 5569 contra
1435 5524 1489 5572 te
1528 5516 1700 5573 Deum
1735 5518 2056 5588 blasphema
2083 5518 2170 5573 di-

595 5610 680 5654 cta
711 5602 1017 5672 proferunt.
1054 5603 1165 5674 Ego
1203 5622 1333 5662 vero
1375 5622 1501 5663 cum
1530 5609 1646 5665 haec
1675 5609 1860 5664 videre
1903 5624 2013 5664 non
2044 5625 2170 5680 pos-

597 5693 724 5761 sim,
753 5695 1002 5764 supplico
1030 5697 1403 5771 deprecorque
1435 5703 1643 5758 veniam
1691 5703 1976 5774 consequi,
2023 5701 2166 5773 Quod

673 5846 714 5879 "
755 5845 910 5903 Rom.
951 5865 1018 5918 ιι,
1055 5852 1107 5908 4.

2286 3311 2700 3383 λαμϐανομένου
2737 3315 2851 3378 τοῖς
2894 3314 3276 3386 προκειμένοις
3311 3313 3407 3368 τοῦ
3452 3322 3501 3386 μ’
3536 3317 3632 3368 καὶ
3678 3316 3754 3380 θ’,
3791 3319 3878 3371 διὰ

2283 3405 2344 3458 τὸ
2382 3403 2477 3458 καὶ
2509 3403 2670 3458 αὑτὸν
2696 3400 2836 3458 εἶναι
2864 3405 2958 3458 τοῦ
2999 3406 3191 3476 Ἀσάφ.
3227 3407 3459 3461 Γένοιντ⁹
3488 3407 3554 3462 ἂν
3580 3409 3634 3462 οί
3664 3410 3874 3476 πάντες

2281 3498 2373 3552 τὸν
2397 3495 2630 3568 ἀριθμὸν
2662 3496 2751 3552 ιδ’.
2780 3497 2943 3566 Λέγει
2971 3498 3027 3552 δὲ
3057 3498 3144 3552 διὰ
3173 3498 3265 3552 τοῦ
3293 3501 3559 3573 παρόντος
3588 3503 3621 3554 6
3645 3505 3872 3574 Προᾳὴ-

2281 3606 2382 3660 της
2427 3591 2486 3643 ὲν
2529 3591 2596 3660 τῇ
2639 3588 2779 3660 πρὸς
2811 3589 2900 3644 τὸν
2943 3590 3074 3646 Θεὸν
3121 3591 3404 3664 ίκετηρίᾳο
3454 3593 3517 3646 '0
3562 3595 3733 3662 Θεὸς,
3785 3601 3870 3664 τίς

2281 3677 2712 3748 ὁμοιωθήσεται
2742 3695 2880 3744 σοι;
2911 3679 3007 3750 Μὴ
3041 3679 3324 3752 σιγήσῃς,
3337 3682 3491 3751 μηδὲ
3521 3689 3860 3755 κατηραῦ-

2279 3790 2417 3841 γης,
2440 3775 2474 3827 ό
2509 3774 2672 3838 Θεός.
2711 3773 2770 3826 '0
2799 3774 2898 3844 μὲν
2922 3775 3048 3846 γὰρ,
3076 3778 3228 3846 φησὶ,
3255 3775 3332 3847 τῷ
3363 3777 3481 3848 Θεῷ
3519 3780 3860 3852 μακροθύμῳ

2279 3865 2392 3919 δντι
2431 3865 2522 3918 καὶ
2569 3864 2894 3937 ἀνεξικάκῳ,
2930 3867 3025 3918 καὶ
3071 3865 3160 3919 διὰ
3198 3867 3355 3920 τοῦτο
3403 3868 3621 3923 πάντων
3667 3871 3858 3941 ἀνεχο⁴

2284 3956 2451 4028 μένῳ,
2479 3955 2654 4020 οὐδεὶς
2690 3958 2895 4028 ὅμοιος.
2929 3958 3025 4022 Τίς
3064 3958 3172 4030 γάρ
3213 3975 3294 4012 σοι
3334 3959 3729 4032 παραπλησίως
3763 3964 3858 4025 τὰς

2280 4048 2388 4102 τῶν
2413 4047 2587 4102 ἀθέων
2615 4048 2710 4102 καὶ
2733 4049 2944 4104 ἀσεϐῶν
2971 4050 3181 4122 ἀνδρῶν
3211 4051 3522 4124 δυσφημίας
3557 4054 3650 4106 καὶ
3689 4055 3856 4128 ὑπερ⁵

2279 4140 2514 4210 ηςρανίας
2550 4137 2662 4203 οἷός
2689 4143 2737 4194 τ’
2771 4141 2838 4196 ἂν
2879 4139 2964 4212 εἴη
3005 4141 3220 4213 φέρεινς
3256 4143 3346 4196 Διὸ
3381 4144 3462 4196 σοὶ
3502 4144 3620 4216 μὲν,
3653 4145 3848 4212 όΘεδς,

2278 4231 2452 4295 οὐδεὶς
2473 4231 2868 4304 ὁμοιωθήσεται
2887 4247 2901 4261 ³
2943 4231 3054 4300 ἐγὼ
3080 4232 3135 4286 δὲ
3169 4232 3245 4297 ὡς
3273 4233 3578 4305 ἄνθρωπος,
3608 4236 3851 4308 ἡττώμε-

2278 4339 2368 4386 νος
2403 4323 2508 4376 ὑτοὺ
2539 4323 2640 4393 τῆς
2670 4322 2908 4393 ὲμαυτοῦ
2947 4323 3252 4388 ἀσθενείας,
3283 4323 3464 4396 τολμῶ
3504 4325 3726 4390 δεῖσθαι,
3758 4329 3847 4382 καὶ

2280 4414 2363 4466 σοὶ
2411 4413 2490 4485 τῷ
2538 4413 2656 4485 Θεῷ
2705 4415 2823 4486 μεθ’
2862 4416 3139 4489 ἱκετηρίας
3177 4417 3380 4486 λέγειν’
3422 4418 3519 4487 Μὴ
3569 4419 3842 4490 σιτήσεις,

2271 4503 2427 4575 μηδὲ
2483 4507 2926 4575 καταπραΰνῃς,
2973 4509 3006 4560 ό
3065 4509 3227 4573 Θεός.
3279 4509 3443 4580 Σιγᾷν
3477 4509 3532 4562 δὲ
3569 4510 3776 4578 λέγεται
3815 4516 3842 4566 6

2279 4594 2429 4658 Θεὸς,
2466 4596 2685 4650 ἐπειδὰν
2712 4598 3090 4669 ἐπαιρομένων
3121 4599 3230 4652 τῶν
3253 4601 3428 4655 ἀθέων
3457 4603 3551 4655 καὶ
3576 4602 3839 4657 δυσσεϐῶν

2277 4686 2507 4759 ἀνδρῶν,
2535 4689 2935 4760 ἀπροσποίητος
2964 4691 3136 4761 μένει,
3167 4692 3241 4762 μὴ
3265 4693 3484 4761 ἐπάγων
3513 4698 3836 4768 παραχρῆμα

2274 4781 2372 4852 τὴν
2404 4783 2524 4834 κατ’
2566 4781 2742 4834 αὐτῶν
2771 4781 2960 4853 ὀργὴν,
2996 4783 3128 4854 μηδὲ
3171 4787 3288 4850 ταῖς
3320 4788 3442 4839 κατ’
3475 4787 3650 4842 αὐτῶν
3675 4805 3835 4859 τιμω-

2279 4872 2421 4942 ρίαις
2450 4871 2747 4944 χρώμενος.
2788 4873 2878 4926 Διὸ
2915 4874 3008 4928 καὶ
3047 4878 3161 4938 τοῖς
3196 4876 3595 4948 ἁμαρτάνουσιν
3625 4882 3652 4932 6
3681 4881 3832 4945 αὐτὸς

2288 4963 2457 5033 Ἀσάφ
2503 4967 2560 5018 ἐν
2595 4963 2672 5035 τῷ
2713 4971 2768 5034 μ’
2799 4965 2892 5018 καὶ
2941 4965 2985 5019 θ’
3023 4965 3115 5019 τὸν
3155 4966 3286 5022 Θεὸν
3331 4970 3541 5040 είσάγει
3584 4972 3825 5042 λέγοντω

2279 5053 2468 5108 Ταῦτα
2508 5056 2829 5123 ἐποίησας,
2866 5055 2967 5109 καὶ
3011 5057 3299 5126 ἐσίγησα·
3358 5061 3648 5130 ὑπέλαϐες
3693 5066 3825 5118 ἀνο-

2266 5147 2437 5216 μίαν,
2465 5148 2554 5201 ὅτι
2580 5148 2796 5218 ἔσομαί
2818 5161 2917 5201 σοι
2941 5146 3162 5218 ὅμοιος.
3192 5151 3272 5204 Τά
3293 5152 3350 5205 δὲ
3378 5153 3527 5207 αἴτια
3559 5157 3652 5226 τῆς
3678 5155 3824 5227 σιγῆς

2271 5238 2365 5292 τοῦ
2399 5239 2532 5292 Θεοῦ
2567 5239 2662 5293 καὶ
2688 5239 2787 5311 τῆς
2821 5239 3020 5310 ἀνοχῆς
3053 5241 3146 5294 καὶ
3175 5243 3271 5312 τῆς
3308 5245 3678 5317 μακροθυμίας
3703 5263 3819 5299 παι-

2269 5329 2412 5384 δεύει
2451 5334 2480 5384 6
2517 5331 2837 5395 ’Δπόστολος
2874 5332 3136 5403 γράφων·
3179 5333 3249 5390 Ἢ
3284 5335 3390 5389 τοῦ
3435 5340 3686 5393 πλούτου
3721 5337 3816 5405 τῆς

2269 5424 2675 5491 χρηστότητος
2709 5423 2894 5479 αὑτοῦ
2937 5428 3037 5481 καί
3066 5427 3175 5497 τῆς
3211 5429 3440 5499 ἀνοχῆς
3471 5431 3570 5486 καὶ
3599 5430 3692 5500 τῆς
3709 5449 3811 5500 μα-

2269 5513 2592 5580 κροθυμίας
2618 5515 3029 5584 καταφρονεῖς,
3069 5518 3323 5589 ἀγνοῶν,
3347 5521 3436 5574 ὅτι
3479 5522 3546 5575 τὸ
3572 5524 3806 5590 χρηστὸν

2269 5603 2376 5658 τοῦ
2419 5603 2567 5658 Θεοῦ
2613 5607 2701 5673 εὶς
2726 5607 3050 5676 μετάνοιάν
3085 5625 3160 5666 σε
3195 5612 3360 5683 ἄγευ
3412 5614 3572 5668 Ἀλλά
3605 5616 3660 5668 σὺ
3697 5615 3802 5684 μὲν,

2271 5694 2452 5766 φησιν,
2481 5696 2557 5762 ὡς
2587 5695 2718 5762 Θεὸς
2759 5698 2974 5756 πάντων
3009 5702 3353 5775 ἀνεχόμενος,
3398 5705 3611 5769 πάντας
3647 5706 3798 5781 φέρεις
