4078 6934
34 1339 48 1372 1

207 388 357 444 993
1355 384 1821 442 COMMENTABI.

1922 386 1964 442 Ν
2004 385 2342 446 ΡεΑιιιοε.
3403 393 3514 450 994

205 498 467 571 πράως,
503 497 600 552 καὶ
644 496 739 549 ἐπὶ
779 497 891 561 τοῖς
917 495 1092 567 ἀσεδῆ
1115 496 1218 550 καὶ
1261 495 1399 551 ἁθεα
1435 497 1821 570 ἁμαρτάνουσι,

1937 513 2046 554 non
2085 499 2250 554 simili
2297 506 2462 570 atque
2502 505 2562 553 tu
2612 497 2776 553 modo
2820 498 3058 554 tolerare
3085 499 3340 556 valeam:
3382 518 3512 558 nam

209 591 338 646 καὶ
368 588 518 644 κατὰ
537 587 630 642 σοῦ
647 586 742 642 τοῦ
763 587 898 642 Θεοῦ
919 587 1320 659 βλασφημοῦσι,
1347 590 1559 660 σιωπᾷς
1575 605 1590 618 θ
1619 587 1730 658 ἐγὼ
1753 588 1821 656 δὲ,

1937 594 2059 662 quis
2088 593 2286 648 similis
2327 591 2434 648 erit
2475 591 2613 646 tibi?
2639 589 2984 662 Quapropter
3017 601 3078 647 ut
3108 593 3292 658 homo,
3327 593 3514 650 studio

216 682 317 755 μὴ
347 681 654 752 δυνάμενος
697 678 870 733 ταῦτα
894 681 1049 752 ὁρᾷν,
1082 679 1274 750 δέομαι
1301 680 1396 734 καὶ
1437 679 1662 733 ἱκετεύω
1704 696 1821 748 συγ-

1932 685 2156 754 pictatis
2179 700 2308 756 erga
2342 693 2396 739 te
2426 683 2710 749 incensus,
2741 683 3054 754 supplicare
3083 685 3182 740 tibi
3218 685 3416 754 audeo,
3451 693 3513 741 ut

212 775 475 846 γνώμης
500 776 684 844 τυχεῖν
703 774 797 827 ἐπὶ
820 773 883 827 τὸ
915 773 992 844 μὴ
1015 772 1274 826 δύνασθαι
1297 772 1484 845 φέρειν
1507 790 1590 828 σοι
1619 772 1697 844 τῷ
1714 771 1821 844 Θεᾷ

1933 773 2095 827 linem
2131 771 2306 828 facias
2348 772 2652 828 tolerantia
2679 780 2734 828 et
2774 774 3005 837 silentii,
3039 789 3104 830 ac
3133 775 3247 846 jam
3285 776 3511 832 demum

213 863 676 936 παραπλησίως·
722 863 808 926 τίς
849 862 959 934 γάρ
993 879 1075 916 σοι
1120 861 1560 933 ὀμοιωθήσεται;
1611 863 1703 916 Διδ
1755 863 1821 928 ὡς

1931 877 2186 918 moveare
2227 863 2495 921 adversus
2533 879 2629 920 eos
2662 865 2752 936 qui
2790 851 3158 921 intolerabilia
3202 868 3322 923 ausi
3355 876 3506 923 sunt.

213 957 551 1028 ἄνθρωπος,
597 954 756 1027 ζῆλον
788 953 925 1026 ἔχων
952 953 1044 1008 τὸν
1079 953 1218 1026 ὑπὲρ
1249 955 1348 1025 τῆς
1384 955 1484 1024 σῆς
1527 955 1828 1021 εὐσεϐείας,

213 1047 428 1118 τολμῶ
481 1045 768 1119 ἱκετηρίαν
821 1061 903 1099 σοι
951 1045 1284 1116 προσάγεινο
1333 1044 1471 1098 ὥστε
1517 1045 1830 1100 παύσασθαι

218 1140 338 1211 μὲν
387 1140 488 1210 τῆς
540 1139 746 1209 ἁφάτου
801 1137 1178 1210 μακροθυμίας
1225 1138 1319 1192 καὶ
1364 1138 1461 1208 τῆς
1507 1138 1828 1206 ἁνεξικὰκου

218 1233 458 1304 σιωπῆς
473 1249 486 1263 ·
511 1233 611 1303 ἤδη
633 1230 691 1284 δέ
715 1247 847 1283 ποτε
867 1229 1152 1302 κινηθῆναι
1175 1230 1316 1284 κατὰ
1339 1229 1446 1284 τῶν
1461 1231 1530 1285 τὰ
1554 1231 1828 1303 ἀνήκεστα

213 1318 672 1392 τετολμηκότων.
703 1319 793 1374 Διό
821 1335 998 1389 φημι·
1035 1317 1130 1386 Μὴ
1161 1318 1442 1389 σιγήσῃς,
1467 1319 1623 1389 μηδὲ
1654 1336 1830 1374 κατα-

173 1413 547 1480 *πραῢνῃςο
578 1410 693 1465 ἀνθ’
735 1402 797 1464 οὗ
836 1412 865 1464 ὁ
912 1408 1011 1480 μὲν
1055 1409 1309 1474 Ἀκύλας,
1335 1410 1432 1480 Μὴ
1474 1411 1822 1482 καθησυχά-

208 1521 380 1574 anc,
440 1505 469 1558 ὁ
500 1504 558 1558 δὲ
609 1503 926 1576 Σύμμαχος,
974 1502 1072 1572 Μὴ
1122 1503 1461 1573 ἐρημάσῃς,
1517 1505 1823 1576 είρήκασιν.

213 1593 346 1651 Εἶτ’
384 1595 630 1664 ἐπιλέγει
658 1595 816 1668 ἐξῆςο
853 1597 971 1648 Ὅτι
1019 1593 1149 1649 ἰδοὺ
1195 1597 1251 1649 οί
1291 1595 1493 1666 ἐχθροί
1518 1610 1636 1650 σου
1676 1595 1828 1665 ἤχη-

211 1705 379 1754 σαν,
409 1688 508 1743 και
545 1689 601 1742 ol
629 1686 952 1757 μισοῦντές
978 1704 1054 1741 σε
1079 1683 1233 1757 ἦραν
1256 1688 1548 1758 κεφαλήν.
1585 1688 1744 1742 Κατὰ
1770 1689 1826 1742 δὲ

213 1780 325 1834 τὸν
368 1779 622 1834 Ἀκύλαν·
685 1780 806 1834 Ὅτι
850 1778 978 1834 ιδοὺ
1016 1782 1071 1833 οι
1107 1779 1310 1850 ἐχθροί
1354 1793 1472 1835 σου
1512 1779 1823 1851 ὥχλασαν,

1931 953 2059 1010 Ideo
2098 954 2226 1012 dico
2254 953 2372 1010 :Ne
2405 965 2604 1020 taceas,
2631 973 2792 1026 neque
2838 959 3210 1028 compescaris.
3251 957 3360 1012 Pro
3395 975 3512 1030 quo

1928 1045 2144 1115 Aquila,
2167 1044 2250 1100 Ne
2275 1047 2536 1116 quiescas,
2584 1045 2950 1118 Symmachus
2991 1065 3143 1112 vero,
3191 1047 3275 1103 Ne
3311 1065 3506 1113 cesses,

1929 1138 2272 1208 interpretati
2289 1146 2440 1194 sunt.
2468 1138 2674 1197 Deinde
2705 1139 2892 1194 subdit
2916 1158 2929 1193 :
2951 1173 3018 1184 —
3049 1139 3218 1195 Vens.
3255 1141 3312 1195 ’5.
3369 1141 3511 1206 Quo-

1929 1232 2073 1285 niam
2104 1247 2220 1285 ecce
2264 1231 2466 1286 inimici
2515 1232 2594 1286 tui
2632 1242 2942 1298 sonuerunt,
2975 1241 3024 1286 et
3075 1234 3164 1304 qui
3204 1233 3427 1286 oderunt
3458 1241 3514 1287 te

1927 1324 2228 1378 extulerunt
2271 1333 2450 1394 caput.
2508 1322 2825 1379 Secundum
2863 1325 3120 1396 Aquilam
3153 1342 3320 1382 vero:
3360 1325 3508 1393 Quo—

1927 1418 2071 1472 niam
2113 1433 2228 1472 ecce
2254 1417 2458 1472 inimici
2489 1417 2566 1470 tui
2609 1416 2796 1472 turbas
2834 1426 3128 1483 moverunt,
3175 1427 3225 1472 et
3257 1418 3349 1489 qui
3381 1417 3512 1474 ode-

1927 1515 2056 1561 runt
2099 1516 2148 1562 te
2183 1508 2488 1562 extulerunt
2524 1517 2716 1576 caput;
2763 1509 3070 1564 secundum
3113 1507 3509 1580 Symmachum

1925 1614 2060 1656 vero
2093 1619 2107 1656 :
2139 1600 2274 1656 Ecce
2300 1601 2439 1656 enim
2471 1601 2671 1655 inimici
2705 1602 2802 1664 tui,
2837 1601 3038 1672 inquit,
3069 1617 3178 1655 una
3209 1611 3424 1668 sonant,
3457 1609 3508 1657 et

1925 1693 2017 1764 qui
2037 1691 2260 1747 oderunt
2296 1703 2346 1748 te
2374 1693 2600 1762 e/ferunt
2628 1701 2806 1763 caput.
2849 1691 3062 1748 Sonant
3091 1702 3273 1749 autem
3307 1700 3362 1749 et
3388 1702 3508 1749 tur-

1925 1784 2027 1841 bas
2069 1793 2290 1841 movent
2335 1785 2541 1841 inimici
2580 1784 2695 1854 Dei,
2745 1801 2870 1840 cum
2905 1801 3016 1841 non
3064 1786 3294 1842 latenter
3327 1802 3508 1858 neque

221 1873 334 1927 καὶ
362 1871 833 1943 μισοποιοῦντές
860 1888 933 1927 σε
965 1871 1122 1940 ἦραν
1145 1871 1453 1941 κεφαλήν-ο
1484 1872 1628 1927 κατὰ
1647 1871 1704 1926 δὲ
1729 1871 1821 1927 τὸν

1923 1874 2154 1931 remisse
2183 1875 2501 1946 blaspltema
2530 1875 2674 1932 dicta
2702 1883 2897 1931 contra
2927 1875 3098 1931 Deum
3127 1877 3376 1946 proferre
3405 1892 3506 1933 au-

221 1965 570 2036 Σύμμαχον·
612 1963 756 2020 Ἰδοὺ
803 1965 914 2035 γὰρ
950 1967 1004 2018 ol
1047 1963 1248 2033 ἐχθροί
1290 1979 1427 2031 σου,
1473 1965 1626 2036 φησι,
1673 1981 1824 2020 συν-

223 2057 486 2126 ηχοῦσι,
529 2057 627 2111 καὶ
651 2060 704 2112 οι
724 2055 1050 2127 μισοῦντές
1086 2071 1162 2111 σε
1185 2056 1499 2125 ἐπαίρουσι
1524 2055 1821 2126 κεφαλήν.

239 2149 478 2219 Ἠχοῦσι
513 2149 569 2204 δὲ
601 2150 696 2202 καὶ
740 2148 1056 2220 ὀχλὰζουσιν
1099 2150 1148 2202 oi
1195 2147 1379 2221 ἐχθροὶ
1414 2147 1513 2204 τεῦ
1551 2148 1708 2215 Θεοῦ,
1733 2149 1822 2204 ὅτε

227 2239 428 2294 οὐκέτι
472 2239 732 2312 κρύϐδην,
778 2240 900 2294 οὐδὲ
943 2240 1323 2312 πεφεισμένως
1364 2240 1603 2312 τολμῶσι
1646 2256 1826 2314 παρα-

231 2332 577 2402 φθέγγεσθαι
617 2333 714 2397 τὰς
747 2331 887 2387 κατὰ
914 2333 1009 2388 τοῦ
1039 2333 1174 2388 Θεοῦ
1209 2333 1586 2405 βλασφημίαςο
1619 2334 1722 2406 ἤδη
1765 2333 1822 2388 δὲ

227 2425 302 2479 ἐκ
346 2424 443 2478 τοῦ
479 2425 790 2498 προφανοῦς
818 2427 910 2481 καὶ
945 2425 1158 2500 ἁθρόως
1202 2426 1254 2479 οἱ
1298 2427 1499 2490 πάντες
1544 2425 1686 2480 κατὰ
1723 2425 1820 2480 τοῦ

227 2516 376 2572 Θεοῦ
419 2517 489 2571 τὰ
525 2515 660 2572 ἄθεα
703 2517 1068 2591 προφέρονται
1112 2519 1352 2591 ῥήματα,
1395 2519 1552 2572 ὁποῖα
1579 2516 1821 2589 τολμῶσι

229 2609 500 2679 πράττειν
539 2606 682 2661 κατὰ
713 2608 840 2672 τοὺς
872 2607 981 2663 τῶν
1014 2607 1270 2680 διωγμῶν
1315 2607 1562 2680 καιρούς.
1599 2603 1733 2662 Εἶτα
1762 2607 1820 2660 δὲ

226 2699 332 2754 καὶ
382 2696 810 2770 ὑψαυχενοῦντες
851 2701 948 2754 καὶ
995 2700 1388 2772 φρυαττόμενοι
1436 2700 1536 2773 τὴν
1576 2699 1820 2772 κεφαλὴν

227 2790 578 2861 ἐπαίρουσιν,
607 2791 696 2844 ὅτε
740 2790 973 2861 μάλιστα
1012 2791 1302 2864 ἐπιτριδὴν
1339 2791 1524 2856 αὐτοῖς
1563 2794 1598 2862 ἡ
1640 2790 1820 2864 σιωπὴ

1925 1965 2082 2034 dent;
2121 1965 2218 2022 sed
2253 1967 2433 2038 palam
2466 1975 2521 2024 et
2550 1967 2840 2024 confertim
2867 1984 3060 2024 omnes
3094 1968 3148 2024 in
3189 1967 3362 2025 Deum
3401 1971 3507 2025 im-

1922 2057 2014 2130 pia
2037 2059 2201 2114 verba
2236 2070 2519 2124 evomunt,
2551 2059 2734 2130 qualia
2766 2060 3212 2130 persecutionum
3254 2070 3504 2132 tempore

1922 2151 2126 2206 audent
2152 2149 2366 2209 eﬂ'erre.
2402 2151 2607 2208 Deinde
2631 2159 2813 2208 erecta
2841 2153 3058 2209 cervice
3083 2153 3381 2212 frementes
3407 2171 3507 2232 ca-

1924 2251 2022 2314 put
2055 2244 2320 2308 exaltant,
2354 2245 2575 2314 quando
2614 2244 2855 2300 maxime
2899 2245 3182 2300 silentium
3211 2246 3306 2300 Dei
3341 2247 3506 2303 indu-

1923 2335 2040 2393 cias
2085 2335 2221 2406 ipsis
2279 2337 2505 2408 prebet.
2559 2335 2657 2393 llis
2715 2353 2850 2393 vero
2897 2348 3064 2408 caput
3110 2337 3504 2404 efferentibus,

1925 2424 2020 2481 Dei
2080 2424 2331 2483 homines
2395 2425 2578 2481 alllicti
2633 2425 3028 2493 humiliantur;
3079 2435 3138 2481 ut
3182 2428 3300 2484 vice
3345 2443 3506 2484 versa

1925 2516 2204 2587 depressis
2235 2517 2478 2575 inimicis
2503 2516 2622 2581 Dei,
2656 2524 2974 2574 sanctorum
3009 2519 3512 2591 religiosorumque

1923 2607 2169 2664 virorum
2194 2611 2376 2681 capita
2397 2611 2733 2666 exaltantur.
2763 2610 2944 2678 Quare
2965 2627 3030 2666 ex
3052 2627 3242 2667 eorum
3266 2628 3506 2684 persona

1924 2700 2125 2756 alicubi
2169 2699 2377 2757 dictum
2425 2709 2511 2758 est
2539 2720 2553 2757 :
2579 2700 2649 2756 Et
2679 2717 2816 2756 nunc
2842 2703 3096 2756 exultavit
3130 2715 3287 2774 caput
3329 2720 3508 2758 meum

1924 2810 2080 2863 super
2102 2795 2345 2851 inimicos
2377 2813 2518 2851 meos
2545 2797 2608 2852 ".

231 2879 330 2934 τοῦ
389 2880 525 2934 Θεοῦ
584 2881 1002 2953 κατεργάζεται.
1075 2882 1290 2937 Τούτων
1321 2883 1379 2936 δὲ
1441 2883 1542 2955 τὴν
1577 2883 1822 2957 κεφαλὴν
1879 2887 2180 2960 αίρόντων,
2245 2891 2295 2942 οἱ
2352 2887 2447 2942 τοῦ
2511 2886 2648 2942 Θεοῦ
2701 2887 2979 2960 ἄνθρωποι
3039 2888 3508 2960 καταπονούμενοι

231 2972 646 3026 ταπεινοῦνται·
709 2972 785 3038 ὡς
843 2972 1078 3046 ἔμπαλιν
1139 2975 1578 3047 ταπεινουμένων
1639 2976 1750 3031 τῶν
1791 2978 2003 3051 ἐχθρῶν
2039 2979 2136 3035 τοῦ
2164 2981 2301 3037 Θεοῦ
2344 2983 2401 3036 al
2445 2981 2556 3036 τῶν
2600 2981 2772 3052 ἁγίων
2823 2983 2918 3034 καὶ
2965 2981 3228 3052 θεοφιλῶν
3289 2982 3506 3054 ἀνδρῶν

231 3063 470 3132 κεφαλαὶ
509 3063 789 3134 ὑψοῦνται.
837 3066 929 3121 Διὸ
966 3067 1181 3140 εἴρηταί
1219 3085 1324 3122 που
1367 3068 1426 3125 ἐξ
1470 3067 1649 3124 αὐτῶν
1687 3069 1980 3144 προσώπου
2007 3072 2088 3126 τοο
2150 3075 2264 3130 Καὶ
2341 3074 2460 3130 νῦν
2506 3075 2718 3144 ὒψωσε
2767 3073 3046 3145 κεφαλήν
3100 3092 3220 3145 μου
3269 3074 3362 3128 ἐπ’
3404 3075 3508 3144 ἐχ-

235 3157 420 3224 θρούς
445 3175 588 3227 μου.

319 3269 448 3323 Ἐπί
481 3269 590 3325 τὸν
617 3273 772 3328 λαόν
799 3287 917 3326 σου
957 3272 1635 3343 κατεπανουρτεύσαντο
1669 3272 1817 3345 γνώ-

1989 3272 2158 3328 Vens.
2189 3271 2247 3336 4,
2279 3270 2334 3327 5.
2378 3270 2550 3341 Super
2585 3272 2841 3342 populum
2887 3281 3037 3326 tuum
3075 3269 3506 3338 malignaverunt

233 3378 383 3431 μην,
413 3361 511 3416 καὶ
539 3363 982 3422 ἐϐουλεύσαντο
1006 3365 1157 3419 κατὰ
1179 3363 1298 3420 τῶν
1330 3365 1514 3436 ἁγίων
1537 3379 1675 3421 σου.
1717 3363 1818 3422 Εἵ-

236 3466 363 3506 παν
384 3471 398 3484 ο
463 3455 662 3520 Δεῦτε,
720 3456 820 3511 καὶ
879 3455 1408 3528 ἐξολοθρεύσωμεν
1465 3457 1689 3525 αὐτοὺς
1747 3457 1819 3524 ἐξ

237 3545 475 3613 ἔθνους,
505 3546 603 3603 καὶ
629 3548 702 3602 οὐ
723 3546 810 3618 μὴ
833 3547 1083 3618 μνησθῇ
1112 3547 1179 3602 τὸ
1213 3548 1400 3620 ὄνομα
1437 3549 1674 3619 Ἰσραὴλ
1710 3551 1815 3606 ἔτι.

240 3639 495 3692 Δυσωπεί
521 3638 611 3691 τὸν
637 3637 768 3692 Θεὸν
797 3639 826 3692 ὀ
844 3640 1136 3712 Προφήτης
1165 3640 1225 3693 ἐν
1249 3639 1390 3711 ἁγίῳ
1417 3640 1712 3712 Πνεύματι,
1731 3641 1822 3697 διὰ

243 3730 337 3784 τοῦ
362 3731 818 3802 ὑπομιμνήσκειν,
843 3729 918 3794 ὡς
949 3730 1056 3801 ἄρα
1087 3731 1214 3795 λαὸς
1242 3730 1406 3785 αὑτοῦ
1435 3732 1678 3802 γεγόνοιο
1697 3733 1818 3806 (sic)

241 3823 310 3875 τὰ
358 3819 594 3875 τοσαῦτα
641 3821 946 3887 πεπονθώς.
1002 3818 1136 3877 Εἶτα
1169 3823 1265 3878 καὶ
1312 3822 1422 3877 τῶν
1471 3826 1530 3878 ἐν
1573 3824 1650 3896 τῷ
1704 3824 1820 3898 λαῷ

242 3911 651 3983 διαλαμψάντων
697 3912 864 3966 πάλαι
898 3913 1161 3986 πρότερον
1199 3913 1370 3983 ἁγίων
1409 3913 1506 3968 τοῦ
1539 3915 1674 3970 Θεοῦ
1723 3915 1819 3989 μὲ-

247 4022 462 4076 μνηται,
505 4005 758 4076 δεόμενος
801 4005 897 4059 καὶ
928 4005 1220 4060 ἀντιϐολῶν
1262 4006 1337 4079 μὴ
1381 4005 1491 4060 τῶν
1531 4006 1592 4061 ἐν
1633 4008 1820 4072 αὐτοῖς

244 4096 453 4150 ἀσεϐῶν
489 4099 584 4151 καὶ
618 4097 970 4170 παρανόμων,
1015 4099 1192 4169 μόνων
1231 4098 1288 4153 δὲ
1313 4099 1420 4154 τῶν
1452 4099 1623 4169 ἁγίων
1651 4100 1817 4156 αὐτοῦ

249 4186 569 4259 μνησθῆναι,
605 4188 697 4242 καὶ
735 4188 802 4241 δι’
836 4189 1033 4254 αὐτοὺς
1062 4189 1124 4243 τὺ
1156 4191 1264 4244 πᾶν
1289 4190 1612 4262 κατελεῆσαι
1644 4191 1814 4257 ἔθνος.

260 4277 546 4332 Ἀκόλουθα
574 4278 630 4332 δὲ
670 4279 852 4342 αὐτοῖς
893 4279 1172 4346 ποιοῦντες
1213 4283 1261 4336 οί
1299 4282 1484 4354 ἐχθροὶ
1521 4284 1616 4338 τοῦ
1657 4285 1816 4352 Θεοῦ,

247 4370 336 4423 τὸν
365 4368 494 4424 λαὸν
536 4369 702 4424 αὐτοῦ
732 4370 1050 4442 πολεμοῦσι,
1087 4375 1394 4448 πανουργία
1423 4373 1694 4447 χρώμενοι
1725 4378 1819 4432 καὶ

249 4463 397 4535 δόλῳ,
434 4463 568 4536 πρὸς
600 4464 662 4517 τὸ
689 4464 1016 4518 καταϐαλεῖν
1053 4465 1218 4520 αὐτὸν
1247 4466 1340 4520 κα)⁵
1378 4468 1686 4541 ἀποστῆσαι
1718 4470 1818 4542 τῆς

249 4554 338 4610 τοῦ
386 4554 520 4608 Θεοῦ
549 4555 852 4619 εὐσεϐείας.
885 4556 977 4610 Διὸ
1013 4555 1289 4612 λέλεκται·
1339 4559 1463 4613 Ἐπὶ
1507 4559 1615 4615 τὸν
1663 4563 1819 4616 ,λαόν

252 4663 360 4700 σου
403 4649 1076 4719 κατεπανουργεύσαντο
1110 4651 1370 4720 γνώμην,
1413 4652 1510 4706 καὶ
1540 4653 1820 4708 ἐϐουλεύ-
1849 4632 1892 4688 D

254 4753 428 4793 σαντο
459 4741 606 4796 κατὰ
633 4739 752 4794 τῶν
778 4740 963 4810 ἁγίων
986 4756 1123 4796 σου.
1148 4742 1554 4814 Μεμελημένως
1590 4743 1698 4814 γὰρ
1724 4743 1818 4798 καὶ

255 4832 718 4902 πεφροντισμένως
756 4832 1004 4905 μηχανάς
1034 4851 1185 4898 τινας
1232 4834 1497 4906 κρυφίους
1541 4836 1682 4890 κατὰ
1718 4835 1816 4889 τοῦ

256 4919 373 4973 λαοῦ
405 4919 496 4973 τοῦ
527 4920 660 4975 Θεοῦ
693 4923 1004 4986 καττύουσι,
1037 4925 1179 4977 κατά
1215 4943 1273 4979 τε
1313 4925 1422 4980 τῶν
1451 4926 1624 4995 ἁγίων
1650 4926 1815 4981 αὑτοῦ

257 5008 533 5074 ἐπιϐουλὰς
582 5013 1096 5079 κατασκευάζονται,
1142 5015 1210 5069 δι’
1257 5016 1354 5070 ἕνα
1401 5018 1604 5072 σκοπὸν
1645 5019 1706 5072 ὃν
1755 5021 1815 5074 ἐν

257 5101 454 5164 ἑαυτοῖς
487 5100 811 5173 προθέμενοί
837 5119 991 5172 φασιο
1024 5103 1222 5171 Δεῦτε,
1256 5104 1356 5159 καὶ
1375 5104 1816 5174 ἐξολοθρεύσω-

252 5208 354 5262 μεν
372 5191 590 5259 αὐτοὺς
612 5191 681 5258 ἐξ
705 5193 936 5260 ἔθνους,
958 5195 1055 5249 καὶ
1077 5197 1149 5249 οὐ
1169 5195 1254 5264 μὴ
1274 5194 1522 5266 μνησθῇ
1539 5195 1606 5250 τὸ
1630 5196 1816 5266 ὄνομα

255 5283 348 5338 τοῦ
386 5283 620 5353 Ἰσραὴλ
644 5284 751 5340 ἔτι.
786 5286 849 5340 Οἱ
885 5288 983 5358 μὲν
1019 5284 1116 5342 οὖν
1142 5287 1398 5360 θεομάχοι
1437 5290 1500 5344 οὐ
1536 5288 1812 5360 βούλονται

259 5374 309 5426 ἐν
347 5371 648 5445 ἀνθρώποις
689 5374 842 5440 ἔθνος
872 5375 1008 5430 Θεοῦ
1061 5379 1384 5447 ὑφεστάναι·
1437 5378 1573 5434 ἁλλὰ
1617 5378 1712 5434 καὶ⁵
1751 5379 1816 5434 τὸ

257 5467 408 5544 ὄνομα
426 5465 520 5520 τοῦ
557 5468 774 5541 Ἰσραὴλ
802 5469 1189 5542 ἐξαλειφθῆναι
1223 5471 1638 5538 σπουδάζουσιν.
1666 5473 1724 5527 ’0
1755 5473 1814 5526 δὲ

260 5557 392 5624 Θεδς,
425 5559 512 5612 ἀεὶ
539 5559 688 5623 ἔθνος
719 5560 896 5633 ἐαυτῷ
920 5562 1012 5615 ἐπὶ
1039 5562 1140 5634 γῆς
1159 5564 1518 5636 καταρτίξων,
1549 5564 1686 5637 μετὰ
1715 5564 1815 5636 τὴν

262 5648 342 5702 τοῦ
372 5652 631 5722 προτέρου
653 5651 784 5706 λαοῦ
808 5654 1012 5709 πτῶσιν
1038 5655 1135 5727 τὴν
1163 5654 1222 5720 ἐξ
1255 5655 1424 5711 ἐθνῶν
1449 5657 1815 5728 συνεστήσατο

331 5805 369 5837 ⁸³
402 5804 541 5862 Psal.
582 5824 728 5871 xxvn,
764 5809 817 5864 6.

1923 3365 2228 3430 consilium,
2279 3373 2330 3418 et
2379 3365 2740 3434 cogitaverunt
2791 3362 3042 3419 adversus
3095 3371 3308 3418 sanctos
3359 3371 3498 3416 tuos.

1921 3459 2186 3516 Dixerunt
2209 3473 2229 3514 .'
2255 3457 2436 3512 Venite
2455 3465 2505 3511 et
2533 3455 2900 3527 disperdamus
2923 3473 3009 3511 eos
3040 3455 3106 3510 de
3125 3465 3294 3526 gente,
3324 3462 3374 3508 et
3397 3471 3503 3509 non

1920 3559 2240 3608 memoretur
2262 3564 2451 3604 nomen
2481 3547 2657 3604 Israel
2680 3550 2848 3602 ultra.
2885 3547 3052 3603 Deum
3082 3547 3339 3603 obsecrat
3365 3540 3507 3602 Pro-

1919 3644 2080 3716 pheta
2113 3643 2169 3698 in
2195 3639 2406 3712 Spiritu
2433 3647 2646 3704 sancto,
2673 3655 2902 3696 monens
2931 3653 3078 3706 eum,
3111 3639 3206 3710 qui
3235 3639 3370 3693 talia
3402 3654 3503 3710 pa-

1919 3738 2076 3800 titur,
2113 3733 2376 3807 populum
2414 3730 2538 3805 ejus
2588 3747 2734 3787 esse.
2763 3729 2878 3786 Sub
2912 3730 3028 3786 haec
3075 3738 3258 3786 autem
3287 3745 3500 3795 eorum,

1918 3830 2013 3900 qui
2043 3829 2098 3884 in
2131 3826 2333 3899 populo
2358 3824 2472 3896 jam
2498 3824 2630 3880 olim
2673 3822 2956 3892 conspicui
2989 3821 3235 3886 fuerunt,
3274 3827 3500 3876 sancto-

1919 3937 2043 3978 rum
2074 3919 2170 3975 Dei
2203 3917 2475 3982 meminit,
2519 3915 2838 3986 supplicans
2867 3914 3298 3982 obsecransque,
3341 3918 3404 3965 ut
3432 3925 3502 3966 ne

1920 4011 2216 4084 impiorum
2253 4011 2756 4078 sceleratorumque
2797 4007 2852 4060 in
2883 4004 3108 4077 populo,
3149 4003 3248 4059 sed
3276 4011 3502 4058 sancto-

1918 4121 2041 4162 rum
2083 4117 2311 4162 suorum
2361 4099 3055 4168 recordetur:eorumque
3102 4095 3281 4167 gratia
3327 4100 3499 4148 totam

1918 4204 2131 4267 gentem
2155 4190 2534 4248 misericordia
2556 4190 2740 4245 donet.
2773 4185 2965 4242 Allinia
2994 4193 3174 4241 autem
3207 4184 3500 4254 impiorum

1919 4285 2090 4359 gestis
2137 4289 2518 4357 perpetrantes
2548 4281 2756 4337 inimici
2794 4279 2912 4344 Dei,
2949 4277 3210 4351 populum
3255 4276 3377 4346 ejus
3406 4290 3502 4345 op-

1919 4385 2189 4452 pugnant,
2233 4377 2475 4433 versutia
2510 4381 2726 4432 utentes
2768 4381 2824 4430 et
2865 4373 3014 4438 dolo,
3047 4379 3106 4426 ut
3143 4371 3322 4441 ipsum
3360 4369 3502 4439 deji-

1919 4471 2066 4528 ciant
2101 4476 2157 4526 et
2204 4483 2238 4523 a
2283 4467 2484 4539 pietate
2531 4481 2661 4538 erga
2705 4464 2875 4520 Deum
2929 4469 3196 4518 avertant.
3227 4459 3500 4527 Quocirca

1919 4561 2127 4618 dictum
2184 4567 2270 4616 est
2301 4577 2316 4615 :
2342 4556 2514 4628 Super
2561 4557 2814 4628 populum
2869 4562 3018 4609 tuum
3077 4552 3501 4623 mallgnaverunt

1921 4651 2225 4718 consilium,
2267 4659 2320 4705 et
2373 4650 2736 4720 cogitaverunt
2787 4647 3038 4702 adversus
3090 4652 3303 4698 sanctos
3353 4651 3498 4696 tuos.

1922 4737 2168 4794 Meditati
2196 4737 2344 4796 enim
2371 4752 2499 4792 cum
2542 4735 2914 4794 sollicitudine
2938 4733 3208 4804 quasdam
3249 4731 3503 4788 occultas

1921 4830 2206 4886 machinas
2235 4836 2427 4884 contra
2455 4828 2714 4898 populum
2748 4825 2844 4881 Dei
2872 4827 3175 4888 instruunt,
3199 4833 3254 4879 et
3287 4822 3500 4879 sanctis

1921 4921 2043 4991 ejus
2068 4921 2300 4976 insidias
2343 4925 2560 4991 parant,
2592 4932 2678 4983 ac,
2708 4916 2778 4972 ob
2805 4931 2976 4971 unum
3002 4930 3164 4986 quem
3213 4915 3270 4969 in
3310 4914 3500 4969 animo

1921 5019 2234 5084 proponunt
2279 5025 2531 5081 scopum,
2581 5008 2736 5064 aiunt
2771 5026 2785 5062 :
2832 5006 3009 5062 Venite
3043 5016 3094 5062 et
3120 5005 3496 5076 disperdamue

1921 5123 2008 5161 eos
2039 5107 2102 5160 de
2142 5113 2312 5176 gente,
2350 5115 2398 5159 et
2429 5120 2536 5160 non
2567 5111 2886 5157 memoretur
2908 5117 3096 5156 nomen
3123 5098 3298 5154 Israel
3322 5097 3492 5152 ultra.

1921 5197 2133 5253 Inimici
2170 5198 2355 5267 itaque
2383 5195 2480 5251 Dei
2521 5195 2782 5265 populum
2809 5191 2905 5250 Dei
2935 5193 2991 5248 in
3023 5192 3337 5247 hominibus
3357 5203 3492 5244 cow-

1920 5292 2117 5348 sistere
2170 5290 2365 5344 nolunt
2403 5307 2417 5344 :
2455 5287 2589 5359 quin
2615 5287 2778 5343 etiam
2808 5285 3028 5343 lsraelis
3065 5300 3264 5341 nomen
3309 5283 3497 5338 delere

1920 5389 2198 5454 satagunt.
2233 5381 2380 5438 Deus
2401 5395 2532 5437 vero
2557 5387 2682 5452 post
2712 5379 2914 5451 prioris
2941 5377 3127 5449 populi
3157 5376 3372 5430 ruinam
3395 5387 3493 5444 po-

1917 5476 2105 5548 pulum
2158 5475 2262 5530 sibi
2303 5488 2518 5546 semper
2552 5472 2609 5528 iu
2657 5480 2803 5529 terra
2848 5485 3070 5543 parans,
3121 5483 3188 5523 ex
3235 5465 3491 5538 gentibus

1918 5563 2216 5619 Ecclesiam
2255 5561 2566 5625 constituit,
2614 5576 2809 5618 novam
2841 5571 3214 5632 nuperamque
3246 5561 3487 5627 gentem,

1917 5671 1983 5711 ex
2025 5653 2278 5726 gentibus
2309 5667 2406 5724 per
2437 5660 2613 5708 totum
2645 5652 2832 5709 orbein
2873 5649 3150 5719 selectam.
3184 5646 3396 5703 Idcirco
3431 5649 3492 5708 et
