4078 6934
626 353 733 409 395

1300 347 1570 407 EUSEBll
1603 345 2084 404 CAESARIENSIS
2121 345 2272 402 OPP.
2315 345 2514 404 PARS.
2555 345 2730 402 ll|.——
2767 347 3170 405 EXEGETICA.

3901 353 3954 404 ΞΓ
3975 367 3977 398 1

631 471 850 528 lsraelis
889 487 1114 536 nomen,
1154 479 1209 527 et
1239 471 1488 525 omnium
1527 468 1912 540 religiosorum
1953 469 2199 522 virorum

2315 465 2661 538 Ἐκκλησίαν,
2706 468 2801 522 καὶ
2835 467 2897 522 τὸ
2939 469 3122 522 καινὸν
3153 468 3248 523 καί⁸
3293 468 3414 523 νέον
3459 469 3682 533 ἔθνος,
3729 469 3828 522 τὸ
3867 479 3968 523 zz;

629 564 896 618 memoria
935 563 1109 634 magis
1153 563 1439 634 magisque
1471 561 1801 627 celebratur,
1838 569 1894 616 et
1940 560 2044 630 piae
2071 559 2204 615 reli-

629 655 810 724 gionis
836 663 989 724 gesta
1019 653 1390 724 resplendent.

2309 561 2437 633 ὅλης
2467 561 2566 634 τῆς
2593 561 2916 632 οἰκουμένης
2942 563 3007 615 ὲκ
3033 562 3132 633 τῆς
3157 561 3264 614 τῶν
3297 561 3466 616 ἐθνῶν
3496 562 3818 631 ἐκλογῆς
3855 563 3977 614 :2:-

2315 653 2486 706 στάν.·
2511 653 2603 706 Διὸ
2650 653 2911 724 μειζόνως
2951 654 3046 708 καὶ
3089 653 3149 706 τὺ
3189 653 3358 724 ὄνομα
3388 653 3483 706 τοῦ
3527 655 3862 725 Ἰσραὴλ,
3897 674 3977 706 2:;

630 745 849 799 πάντων
879 744 988 798 τῶν
1014 743 1276 816 θεοφιλῶν
1304 743 1512 816 ἀνδρῶν
1552 743 1586 814 ἡ
1631 744 1820 816 μνήμη
1863 743 2208 814 ἁνυμνετται,
2232 741 2302 796 τά
2332 759 2391 795 τε
2413 741 2516 813 τῆς
2548 742 2861 807 θεοσεϐείας
2887 741 3288 815 κατορθώματα
3309 742 3666 813 διαλάμπει.

697 856 864 912 Vens.
898 857 952 920 6,
985 858 1038 921 8,
1065 858 1118 912 9.
1163 857 1428 924 Quoniam
1471 856 1834 926 cogitaverunt
1876 856 2203 910 unanimiter

628 950 788 1004 simul
813 963 831 1002 :
858 948 1137 1004 adversum
1167 959 1215 1004 te
1239 958 1608 1003 testamentum
1633 947 2003 1016 disposuerunt
2027 947 2203 1002 taber-

628 1041 822 1094 nacula
853 1040 1238 1106 ldumwarum,
1267 1051 1316 1096 et
1342 1041 1658 1105 Ismaelitaz,
1691 1039 1851 1094 Moab
1877 1050 1927 1095 et
1949 1041 2201 1112 Agareni,

628 1131 795 1186 Gebal
836 1141 886 1187 et
923 1135 1146 1188 Ammon
1185 1143 1234 1188 et
1269 1135 1508 1199 Amalec,
1543 1135 1852 1205 alienigena:
1895 1150 2013 1187 cum
2047 1133 2203 1187 babi—

627 1226 860 1280 tantibus
894 1225 1113 1296 Tyrum.
1150 1229 1359 1282 Etenim
1400 1229 1571 1282 Assur
1601 1229 1738 1282 venit
1765 1244 1884 1280 cum
1909 1228 2044 1290 illis,
2074 1227 2205 1296 [acti

624 1324 749 1368 sunt
802 1316 857 1368 in
907 1314 1234 1385 adjutarium
1285 1317 1413 1387 ﬁliis
1464 1316 1584 1372 Lat.
1641 1316 1976 1385 Diapsalma.
2036 1315 2205 1383 Quasi

625 1404 798 1461 Deum
829 1409 1078 1465 excitans
1105 1409 1438 1481 irritansque
1468 1408 1742 1481 Propheta
1776 1411 1830 1464 in
1863 1425 1962 1465 sua
1985 1423 2082 1479 pro
2111 1423 2204 1480 po-

623 1499 752 1578 pale
781 1501 1180 1577 supplicatione
1207 1503 1302 1573 ait,
1331 1503 1608 1561 adversum
1635 1513 1703 1559 te.
1737 1501 1858 1558 Non
1889 1503 2034 1558 enim
2069 1516 2203 1556 con-

624 1613 711 1656 tra
743 1602 1026 1673 pupulum,
1063 1599 1262 1670 inquit,
1290 1599 1384 1656 sed
1417 1598 1708 1652 adversum
1741 1603 1817 1660 te,
1848 1601 1902 1650 et
1937 1593 2202 1649 adversus

624 1700 1013 1748 testamentum
1055 1701 1208 1746 tuum
1239 1691 1451 1746 inimici
1475 1689 1660 1761 populi
1684 1687 1762 1743 tui
1791 1687 2198 1742 machinantur.

626 1785 766 1839 l‘linc
799 1792 986 1838 narrat
1013 1799 1135 1855 quae
1178 1784 1231 1838 in
1263 1783 1614 1855 Assyriorum
1661 1780 1962 1850 irruptione
2007 1785 2196 1834 contra

2380 855 2498 908 Ὅτι
2543 855 2985 909 ἐϐουλεύσαντο
3034 854 3103 906 ἐν
3148 855 3393 924 ὁμονοίᾳ
3445 854 3548 907 ἐπὶ
3621 854 3710 907 τὸ
3769 860 3958 909 (ιε-τέ’

2307 947 2458 1001 κατὰ
2500 945 2617 1000 σοῦ
2648 945 2940 1015 διαθήκην
2966 946 3230 1001 διέθεντο
3263 946 3335 999 τὰ
3365 947 3802 1016 σκηνώματα

2317 1038 2683 1108 Ἰδουμαίων,
2734 1039 2922 1100 καίοι
2983 1039 3371 1109 Ἰσμαηλῖται,
3429 1039 3644 1093 Μωὰσ
3712 1042 3844 1092 καὶ
3915 1061 3960 1093 ει

2317 1131 2636 1200 Ἇγαρηνοί,
2668 1133 2865 1186 Γεϐὰλ
2915 1132 3014 1186 καί
3057 1131 3281 1202 Ἁμμὼν
3315 1133 3413 1185 καὶ
3457 1133 3808 1202 Ἀμαλήκ,
3855 1137 3958 1187 ἀλ-

2303 1224 2563 1292 λόφυλοι
2589 1223 2739 1293 μετὰ
2770 1222 2888 1277 τῶν
2915 1223 3353 1278 κατοικούντων
3393 1226 3618 1292 Τύρον.
3673 1227 3820 1278 Καὶ
3855 1229 3954 1294 3-73;

2304 1316 2403 1368 καὶ
2451 1315 2700 1383 Ἀσσοὺρ
2739 1315 3222 1386 συμπαρεγένετο
3261 1317 3387 1384 μετ’
3431 1315 3692 1381 αὐτῶν,
3729 1317 3952 1385 errr-ri-

2307 1411 2505 1474 θησαν
2534 1409 2621 1473 εἰς
2660 1407 2991 1475 ἀντίληψιν
3014 1404 3138 1471 τοῖς
3169 1405 3322 1471 υἱοῖς
3362 1404 3511 1459 Λώτ.
3547 1405 3948 1473 {litigi-alga.

2308 1501 2516 1571 ’Ὠσπερ
2547 1499 2827 1572 διεγείρων
2864 1499 2957 1552 καὶ
2986 1497 3301 1568 παροξύνων
3327 1497 3416 1550 τὸν
3443 1497 3579 1550 Θεὸν
3625 1499 3666 1550 ὁ
3711 1498 3948 1568 Πιξοξῂ-

2304 1607 2404 1660 της
2432 1591 2490 1642 ἐν
2534 1591 2600 1660 τῇ
2645 1588 2892 1660 ἱκετηρία
2933 1591 3000 1660 τῇ
3046 1589 3186 1659 ὑπὲρ
3232 1587 3325 1641 τοῦ
3374 1587 3505 1640 λαοῦ
3556 1588 3818 1657 φάσκει
3873 1593 3944 1644 τὲι.

2306 1682 2456 1735 κατὰ
2475 1680 2613 1736 σοῦ.
2650 1682 2723 1734 Ού
2759 1681 2867 1752 γὰρ
2899 1681 3038 1734 κατὰ
3067 1679 3160 1733 τοῦ
3179 1679 3332 1743 λαοῦ,
3368 1680 3556 1751 φησὶν,
3580 1679 3767 1732 ἀλλά
3803 1698 3943 1732 κατα

2309 1772 2400 1826 σοῦ
2440 1775 2535 1827 καὶ⁹
2565 1775 2705 1828 κατὰ
2741 1775 2836 1846 τῆς
2874 1775 2970 1844 σῆς
2998 1774 3258 1846 διαθήκης
3286 1772 3729 1844 τετολμήκασιν
3761 1775 3818 1825 οἱ
3857 1772 3940 1823 τεΞ

623 1875 914 1931 Judaicum
943 1876 1203 1946 populum
1236 1882 1390 1946 gesta
1419 1882 1570 1930 sunt.
1609 1872 1674 1926 Et
1702 1873 1818 1928 haec
1843 1871 2196 1936 vaticinatur,

2305 1864 2432 1918 λαοῦ
2451 1883 2544 1918 σου
2562 1865 2827 1938 πολέμιοι,
2851 1862 2965 1919 Εἴθ’
2994 1865 3121 1936 ἑξῆς
3145 1867 3474 1939 διεξέρχεται
3508 1867 3580 1921 τὰ
3605 1871 3690 1922 ἐν
3721 1871 3800 1940 τῇ
3835 1869 3940 1920 τίκ-ι

626 1977 920 2040 postquam
967 1970 1168 2039 quibus
1208 1967 1276 2024 de
1325 1967 1517 2024 causis
1564 1967 1817 2022 hostibus
1863 1963 2052 2019 traditi
2093 1963 2204 2019 sint

625 2067 1000 2115 enarraverat.
1041 2058 1176 2114 Nam
1213 2059 1267 2114 in
1315 2057 1642 2130 praecedenti
1675 2057 1886 2127 psalmo
1929 2056 2204 2127 principes

627 2152 814 2221 populi
863 2152 1196 2222 coarguebat
1244 2150 1474 2205 dicens:
1506 2148 1782 2220 Usquequa
1807 2148 2068 2219 judicatis
2108 2149 2206 2202 ini-

625 2244 918 2310 quitatem:
958 2258 1023 2296 ac
1069 2258 1312 2304 rursum,
1363 2239 1701 2306 Nesciet-unt,
1729 2257 1890 2311 neque
1931 2240 2205 2295 intellexe-

625 2343 772 2400 runt,
803 2337 857 2388 in
890 2332 1112 2388 tenebris
1141 2332 1436 2387 ambulant.
1477 2332 1535 2387 ln
1573 2331 1844 2403 superiori
1877 2347 2006 2388 vero
2035 2340 2203 2386 totam

625 2434 842 2496 gentem
887 2427 1182 2482 accusabat
1223 2427 1413 2484 dicens
1445 2447 1457 2482 :
1489 2427 1555 2481 Et
1601 2445 1705 2482 non
1739 2427 1940 2482 audivit
1981 2429 2204 2498 populus

628 2534 773 2572 meus
796 2535 967 2573 vocem
1000 2535 1192 2585 meam,
1226 2528 1275 2574 et
1300 2517 1476 2574 Israel
1503 2537 1608 2575 non
1639 2519 1868 2575 intendit
1897 2521 2047 2577 mihi.
2094 2519 2203 2575 Sed

626 2609 792 2664 etiam
824 2609 876 2662 in
909 2624 1094 2664 Lxxvu
1131 2609 1436 2666 facinorum
1465 2610 1708 2681 ipsorum
1740 2611 1962 2682 longum
1993 2611 2202 2669 catalo-

626 2714 752 2769 gum
784 2699 976 2754 texuit.
1007 2698 1422 2770 Consequenter
1451 2700 1619 2771 igitur
1649 2715 1770 2771 qua:
1799 2701 2059 2756 diuturno
2079 2709 2205 2772 post

628 2805 876 2862 tempore
919 2792 1054 2863 ipsis
1101 2793 1455 2864 contigerunt
1486 2795 1558 2849 ob
1592 2795 1786 2850 allatas
1825 2810 2022 2850 causas
2062 2795 2205 2850 vati-

627 2887 864 2941 cinatur.
933 2885 1047 2942 Illic
1109 2894 1292 2942 autem
1354 2889 1522 2943 rariis
1591 2890 1929 2960 temporibus
1989 2889 2204 2946 obsessi

627 2985 777 3041 sunt,
814 2979 1048 3048 primum
1100 2993 1131 3032 a
1166 2977 1519 3051 Babyloniis;
1557 2980 1799 3035 secundo
1833 2980 1903 3035 ab
1932 2979 2204 3035 Antiocho

628 3086 754 3142 rege
806 3069 1010 3142 Syriae;
1073 3079 1353 3142 postremo
1420 3087 1451 3126 a
1514 3071 1777 3128 Romanis
1837 3079 1964 3142 post
2022 3079 2206 3143 patra-

627 3169 742 3216 tum
792 3162 848 3217 in
907 3161 1251 3220 Servatorem
1311 3172 1561 3220 nostrum
1623 3165 1826 3221 scelus.
1885 3162 2203 3235 Opportune

626 3268 694 3307 ex
725 3250 962 3323 Spiritus
1000 3255 1343 3324 praescientia
1388 3263 1502 3310 tres
1529 3254 1651 3310 illas
1695 3255 2014 3311 obsidiones
2052 3255 2196 3310 idem

633 3341 894 3412 propheta
931 3343 1312 3412 praenuntiat:
1356 3358 1483 3397 nam
1543 3343 1598 3396 in
1654 3357 1807 3398 Lxxn
1863 3350 2196 3414 postremam

630 3431 937 3502 signiﬁcat,
992 3442 1051 3486 ut
1093 3434 1327 3502 propriis
1359 3433 1416 3487 in
1459 3432 1594 3488 locis
1646 3432 2092 3499 declaravimus;
2137 3433 2193 3486 in

629 3537 835 3576 Lxxvm
865 3562 880 3586 ,
924 3537 1044 3578 eam
1089 3538 1212 3594 quae
1254 3525 1357 3578 sub
1409 3522 1680 3577 Antiocho
1741 3521 1880 3594 Syro
1932 3523 2195 3594 contigit,

629 3612 711 3666 uti
741 3620 1230 3668 commonstratum
1246 3622 1330 3669 est
1352 3632 1367 3682 ;
1391 3613 1447 3667 in
1470 3613 1722 3683 praesenti
1757 3621 1936 3668 autem
1964 3613 2198 3684 primam

629 3701 913 3764 meminit,
941 3702 1152 3759 scilicet
1181 3704 1533 3774 Assyriorum
1554 3743 1570 3768 ,
1607 3718 1770 3773 quam
1819 3706 1984 3758 etiam
2029 3717 2197 3758 LXXIX

627 3791 962 3849 vaticinatus
1017 3803 1136 3858 est,
1191 3795 1365 3850 vineae
1416 3794 1729 3851 incendium
1777 3803 1833 3850 et
1883 3797 2197 3852 vastitatem

627 3881 968 3952 signiﬁcans.
1004 3883 1082 3940 Ex
1114 3885 1345 3940 historia
1391 3886 1558 3957 igitur
1588 3886 1760 3943 edisci
1806 3893 2022 3957 potest,
2067 3896 2199 3958 quot

627 3981 819 4045 gentes
859 3974 916 4028 in
959 3990 1129 4029 unum
1158 3983 1352 4031 contra
1380 3975 1671 4030 Judaicum
1702 3977 1963 4046 populum
1994 3986 2200 4032 coacta:

630 4066 744 4120 sint
771 4065 825 4120 in
851 4067 1026 4136 prima
1052 4067 1402 4139 Assyriorum
1428 4068 1735 4139 irruptione
1753 4108 1769 4133 ,
1793 4084 1931 4139 quas
1958 4085 2198 4140 praesens

631 4157 919 4227 prophetia
942 4169 1194 4216 recenset
1219 4177 1233 4214 :
1257 4175 1380 4231 quae
1405 4161 1615 4230 primos
1637 4169 1890 4216 numerat
1911 4160 2197 4230 Idumaeos,

629 4249 830 4306 deinde
857 4249 1196 4316 lsmaelitas,
1224 4253 1388 4308 tertio
1417 4251 1686 4308 Moabitas
1706 4293 1721 4317 ,
1757 4262 1956 4324 quarto
1988 4254 2198 4325 Agere-

633 4356 734 4395 nos
756 4380 772 4404 ,
797 4342 926 4396 hinc
946 4341 1252 4399 Gebalenos
1276 4352 1330 4400 et
1354 4345 1699 4401 Ammonitas
1719 4384 1734 4411 ,
1763 4353 1819 4400 et
1843 4346 2194 4402 Amalecitas.

629 4427 831 4484 Praeter
855 4430 956 4485 hos
973 4439 1154 4486 autem
1175 4431 1330 4497 dicit,
1347 4431 1666 4501 Alienigena:
1693 4449 1812 4487 cum
1838 4433 2198 4489 habitantibus

633 4519 852 4591 Tyrum.
878 4519 985 4575 Pro
1014 4522 1110 4576 illo
1132 4534 1314 4578 autem
1335 4563 1350 4586 ,
1371 4525 1712 4596 alienigenaz,
1737 4525 1934 4597 Aquila
1958 4534 2014 4580 et
2038 4524 2199 4598 Sym—

2318 1957 2614 2028 Ἀσσυρίων
2638 1958 2882 2012 ὲπιθέσει
2905 1958 3046 2012 κατὰ
3059 1959 3328 2013 Ἰουδαίων
3345 1959 3535 2022 ἔθνους
3554 1961 3936 2032 πραχθέντα,

2304 2050 2414 2103 Ka‘t
2458 2049 2632 2103 ταῦτα
2683 2049 2926 2116 θεσπίζει
2977 2049 3302 2122 προδιελθὼν
3327 2051 3426 2114 τὰς
3473 2052 3708 2116 αίτίας,
3755 2053 3836 2106 δι’
3879 2055 3934 2116 5.:

2303 2143 2414 2204 τοῖς
2458 2142 2740 2212 πολεμίοις
2779 2142 3172 2214 παρεδόθησαν.
3211 2143 3300 2196 Ἐν
3350 2143 3448 2214 μὲν
3489 2144 3605 2216 γὰρ
3673 2145 3777 2215 τῷ
3831 2149 3932 2216 πῴ

2303 2233 2491 2287 τούτου
2519 2233 2719 2305 ψαλμῷ
2744 2237 2870 2298 τοὺς
2895 2235 3158 2306 ἄρχοντας
3186 2236 3465 2306 ὰπήλεγχε
3497 2236 3598 2290 τοῦ
3624 2236 3793 2289 λαοῦ
3831 2240 3932 2307 ςή-

2307 2342 2434 2390 σας·
2475 2327 2622 2392 Ἕως
2646 2327 2790 2380 πότε
2825 2327 3056 2394 κρίνετε
3092 2327 3365 2392 ἁδικίαν;
3397 2329 3492 2383 καὶ
3529 2329 3759 2383 πάλιν·
3805 2334 3924 2384 Οὐκ

2303 2419 2596 2487 ἔγνωσαν,
2631 2418 2772 2473 οὐδὲ
2809 2419 3112 2489 συνῆκαν,
3141 2421 3211 2474 ἐν
3250 2423 3454 2475 σκότει
3495 2421 3921 2490 διαπορεύεται

2305 2529 2419 2566 ται.
2463 2514 2550 2566 Ἐν
2582 2512 2638 2566 δὲ
2670 2511 2748 2584 τῷ
2781 2513 3037 2584 ἀνωτέρω
3067 2513 3127 2567 τὸ
3171 2516 3277 2568 πᾶν
3305 2514 3582 2569 διέϐαλλεν
3622 2517 3810 2581 ἔθνος
3848 2520 3918 2570 εξ-

2305 2603 2422 2656 πών
2446 2621 2460 2636 ·
2494 2605 2602 2658 Καὶ
2644 2606 2758 2658 οὐκ
2800 2605 3067 2673 ἤκουσεν
3113 2608 3146 2659 ὀ
3195 2607 3344 2672 λαός
3385 2625 3505 2676 μου
3546 2607 3668 2676 τῆς
3704 2609 3918 2678 φωνῆς

2298 2713 2440 2766 μου,
2476 2696 2575 2750 καὶ
2624 2694 2861 2764 Ἰσραὴλ
2906 2697 2976 2750 οὺ
3004 2695 3310 2766 προσέσχε
3350 2715 3471 2767 μοι.
3513 2698 3690 2753 Ἀλλὰ
3733 2702 3836 2754 καὶ
3861 2705 3911 2753 ὲ,

2304 2787 2380 2858 τῷ
2408 2787 2482 2852 οξ¹
2511 2787 2719 2859 μακρὸν
2740 2789 3036 2857 κατάλογον
3059 2787 3168 2841 τῶν
3193 2791 3692 2862 παρανομημάτων
3729 2794 3908 2846 απτ.

2303 2878 2596 2950 διεξῆλθεν.
2637 2877 2968 2944 Ἀκολούθως
3010 2874 3104 2933 οὖν
3152 2880 3221 2933 τὰ
3269 2879 3660 2951 συμϐεϐηκότα
3715 2885 3906 2945 αὐτοῖς

2307 2973 2534 3045 μακροῖς
2566 2970 2789 3044 ὕστερον
2818 2963 3030 3043 χρόνοις
3053 2971 3141 3026 διὰ
3165 2971 3263 3036 τὰς
3295 2973 3692 3045 προλεχθείσας
3722 2977 3902 3039 αἰτίας

2305 3063 2654 3138 προφητεύει.
2687 3065 2794 3118 Καὶ
2819 3066 2933 3118 ἐκεῖ
2972 3067 3112 3120 κατὰ
3139 3066 3429 3138 διαφόρους
3457 3055 3695 3137 χρόνους

2304 3157 2647 3228 λιόρκηνται⁶
2698 3156 2960 3228 πρότερον
3003 3158 3100 3228 μὲν
3143 3157 3250 3210 ὑπὸ
3289 3157 3671 3223 Βαϐυλωνίων,
3711 3161 3896 3214 δεύτε-

2227 3226 2272 3287 c
2309 3226 2399 3323 ρον
2424 3226 2488 3305 δὲ
2519 3251 2608 3303 ὑπ’
2647 3226 2918 3321 Ἀντιόχου
2963 3226 3057 3302 τοῦ
3091 3251 3190 3320 τῆς
3231 3250 3430 3320 Συρίας
3463 3250 3766 3321 βασιλέως,
3805 3253 3893 3305 καὶ

2303 3344 2365 3398 τὸ
2412 3345 2628 3398 πάντων
2680 3342 2908 3398 ὕστατον
2942 3342 3046 3396 ὑπὸ
3083 3342 3368 3413 Ῥωμαίων
3425 3343 3560 3414 μετὰ
3604 3345 3708 3417 τὴν
3753 3347 3892 3399 κατᾶ

2303 3433 2397 3488 τοῦ
2447 3435 2699 3506 Σωτῆρος
2731 3433 2890 3505 ἡμῶν
2927 3433 3152 3504 τόλμαν.
3189 3433 3428 3498 Εἰκότως
3472 3437 3536 3504 τῇ
3574 3435 3887 3505 προγνώσει

2302 3526 2396 3579 τοῦ
2448 3525 2763 3596 Πνεύματος
2812 3523 2912 3588 τὰς
2963 3527 3111 3596 τρεῖς
3149 3524 3354 3588 ταύτας
3395 3525 3424 3576 ὁ
3469 3524 3631 3588 αὐτὸς
3663 3529 3882 3598 προφή-

2301 3633 2402 3687 της
2450 3618 2832 3688 προαναφωνεῖ
2875 3615 3186 3687 πολιορκίας
3208 3633 3222 3645 ·
3273 3617 3329 3669 ὲν
3387 3617 3484 3687 μὲν
3533 3615 3610 3687 τῷ
3657 3625 3740 3686 οῖ’
3790 3618 3880 3688 τὴν

2304 3707 2542 3778 ὑστάτην
2595 3707 2894 3779 σημαίνων,
2955 3708 3028 3770 ὡς
3071 3707 3214 3762 κατὰ
3241 3707 3367 3772 τοὺς
3418 3708 3651 3772 οἰκείους
3681 3709 3878 3773 τόπους

2304 3785 2732 3870 παρεστήκαμεν
2755 3815 2769 3829 ·
2810 3799 2867 3850 ὲν
2895 3797 2952 3851 δὲ
2973 3797 3051 3868 τῷ
3078 3805 3158 3870 οη⁹
3197 3798 3296 3869 τὴν
3343 3800 3436 3852 ἐπὶ
3475 3800 3743 3870 Ἀντιόχου
3787 3803 3874 3855 τοῦ

2303 3890 2498 3961 Σύρου,
2545 3887 2728 3953 καθὼς
2778 3889 3190 3944 ἀποδέδεικταιο
3219 3892 3277 3944 ὲν
3317 3890 3373 3944 δὲ
3401 3889 3478 3960 τῷ
3515 3891 3652 3960 μετὰ
3688 3897 3871 3962 χεῖρας

2301 3982 2402 4053 τῆς
2434 3981 2656 4054 πρώτης
2700 3983 2992 4054 μέμνηται,
3043 3982 3186 4052 λέγω
3216 3983 3274 4036 δὲ
3305 3983 3404 4054 τῆς
3453 3985 3772 4056 Ἀσσυρίων,
3807 3989 3866 4057 ἦν

2303 4071 2397 4127 καὶ
2423 4072 2452 4124 ὁ
2496 4072 2571 4126 σθ’
2622 4073 2898 4140 ἐθέσπισε,
2926 4058 3018 4128 τδν
3067 4075 3396 4148 ἐμπρησμὸν
3430 4073 3526 4129 τοῦ
3559 4077 3866 4146 ἀμπελῶνος

2304 4162 2398 4216 καὶ
2415 4161 2512 4234 τὴν
2539 4164 2771 4235 ἐρημίαν
2800 4165 2962 4219 αὐτοῦ
2989 4169 3257 4239 σημήνας.
3290 4168 3446 4220 Ἐστι
3465 4167 3510 4220 δ’
3531 4163 3619 4221 οὖν
3647 4170 3733 4222 καὶ
3762 4171 3862 4222 ἀπὸ

2303 4254 2401 4324 τῆς
2454 4255 2696 4327 ἱστορίας
2749 4257 2958 4327 μαθεῖν,
3012 4259 3114 4312 ὅσα
3159 4259 3303 4313 κατὰ
3341 4259 3403 4313 τὺ
3446 4259 3578 4313 αὐτὸ
3615 4259 3858 4330 συνῆλθον

2304 4344 2431 4416 ἔθνη
2461 4347 2603 4400 κατὰ
2625 4347 2720 4401 τοῦ
2753 4349 3021 4411 Ἰουδαίων
3046 4351 3174 4406 λαοῦ
3207 4353 3265 4405 ὲν
3288 4356 3352 4424 τῇ
3383 4352 3571 4425 πρώτῃ
3602 4353 3701 4407 τῶν
3739 4355 3855 4407 Ἀσ-

2307 4438 2505 4506 συρίων
2533 4439 2792 4504 ὲπιθέσει,
2817 4440 2854 4495 ἃ
2891 4443 2986 4496 καὶ
3011 4444 3044 4514 ἡ
3078 4443 3214 4515 μετὰ
3248 4448 3437 4517 χεῖρας
3457 4445 3852 4517 καταριθμεῖται

2306 4532 2638 4602 προφητεία·
2670 4531 2920 4605 πρώτους
2973 4536 3304 4608 Ἰδουμαίους
3363 4538 3707 4610 ὀνομάζοντα,
3737 4535 3850 4594 εἶτα

629 4584 880 4676 machus,
917 4612 1266 4684 Pbylistteam
1297 4584 1600 4672 ediderunt.
1639 4584 1752 4673 Hoc
1785 4584 1952 4689 porro
1980 4584 2199 4674 nomine

2317 4584 2682 4693 Ἰσμαηλίτας,
2717 4584 2810 4678 καὶ
2847 4584 3062 4698 τρίτους
3104 4584 3418 4694 ζίωασίτας,
3455 4584 3563 4684 ita;
3583 4584 3847 4702 τετάρτους

629 4702 891 4772 appellari
931 4705 1110 4758 solent
1137 4705 1231 4776 qui
1269 4705 1508 4772 Gazam,
1555 4709 1885 4764 Ascalonem
1934 4717 1989 4766 et
2037 4711 2200 4766 mari-

627 4792 816 4848 timam
859 4794 1124 4850 incolunt.
1161 4796 1227 4851 Hi
1254 4796 1437 4868 itaque
1464 4800 1724 4854 maritimi
1773 4801 2029 4874 allophyli
2070 4818 2195 4858 cum

629 4880 1004 4940 habitantibus
1026 4883 1230 4956 Tyrum
1260 4886 1544 4942 irruerunt
1564 4927 1580 4953 ,
1607 4888 1818 4958 inquit,
1849 4889 1904 4944 in
1934 4892 2194 4961 populum

627 4978 824 5040 tuum;
860 4982 914 5029 et
939 4983 1136 5044 praeter
1165 4975 1264 5033 hos
1293 4992 1484 5034 omnes
1527 4978 1826 5050 Assyrius,
1869 4983 2018 5052 quod
2061 4997 2194 5038 sane

628 5072 792 5135 caput
815 5067 1080 5122 malorum
1110 5075 1194 5124 est
1213 5108 1230 5134 ,
1259 5084 1384 5124 cum
1412 5070 1480 5125 iis
1513 5069 1774 5141 impetum
1801 5071 2030 5138 faciens,
2055 5074 2192 5131 illis—

628 5171 734 5226 que
765 5157 1231 5215 commilitonibus
1263 5177 1396 5218 usus
1420 5170 1604 5217 castra
1631 5164 1854 5234 posuit:
1889 5179 2193 5238 omnesque

630 5245 872 5318 praedicti
905 5249 1069 5305 simul
1109 5250 1242 5320 facti
1288 5263 1409 5307 sunt
1438 5254 1493 5308 in
1529 5254 1862 5325 adjutarium
1901 5257 2033 5327 filiis
2067 5258 2188 5312 Lat.

625 5336 732 5391 Pro
757 5353 868 5407 quo
919 5339 1150 5410 Aquila,
1211 5341 1370 5397 Facti
1401 5354 1556 5411 sunt,
1587 5347 1792 5418 inquit,
1822 5347 2096 5404 brachium
2124 5352 2192 5421 ﬁ-

627 5429 712 5482 liis
747 5427 889 5495 Lat;
921 5431 1282 5503 Symmachus
1308 5451 1470 5502 vero,
1514 5435 1672 5493 Facti
1712 5448 1835 5495 sunt
1872 5443 2192 5498 commilito—

623 5533 714 5573 nes
744 5517 874 5588 ﬁliis
905 5517 1025 5574 Lat.
1071 5519 1197 5576 Filii
1239 5531 1421 5580 autem
1465 5524 1567 5582 Lot
1597 5535 1755 5584 erant
1781 5527 2106 5589 Ammanitae
2137 5541 2192 5590 et

700 5763 744 5797 “
779 5761 925 5821 Psal.
961 5781 1122 5838 Lux,
1161 5769 1244 5827 12.

2316 4711 2667 4785 Ἀγαρηνοὺς,
2708 4712 2825 4769 εἶτα
2855 4716 3217 4790 Γεὸαληνοὺς,
3247 4721 3341 4774 καὶ
3385 4721 3726 4792 Ἀμμανίτας,
3755 4726 3844 4778 καὶ

2314 4801 2702 4876 Ἀμαληκίτας.
2735 4808 2844 4860 Καὶ
2889 4808 2980 4861 ἐπὶ
3027 4809 3256 4878 τούτοις,
3299 4812 3654 4882 Ἄλλόφυλοι,
3700 4818 3838 4885 φησὶ,

2296 4895 2449 4963 μετὰ
2466 4895 2587 4950 τῶν
2604 4898 3038 4952 κατοικούντων
3059 4902 3264 4968 Τύρον.
3297 4902 3443 4957 Ἀντὶ
3470 4904 3527 4957 δὲ
3549 4903 3652 4969 τοῦ,
3671 4907 3838 4960 d116-

2301 4990 2502 5054 φυλοι,
2533 4988 2760 5053 Ἀκύλας
2777 4990 2868 5043 καὶ
2883 4989 3198 5062 Σύμμαχος,
3227 4996 3610 5062 Φυλισταίαν,
3635 4997 3833 5050 ὲκδεδώ-

2302 5094 2486 5134 κασιν·
2513 5079 2631 5144 ἔθος
2684 5081 2740 5134 δὲ
2773 5079 2960 5135 καλεῖν
3011 5083 3187 5157 τούτῳ
3225 5085 3305 5156 τῷ
3349 5087 3570 5159 ὀνόματι
3613 5090 3716 5153 τοὺς
3737 5090 3828 5162 τὴν

2301 5168 2479 5234 Γάζαν
2503 5171 2597 5224 καὶ
2625 5171 2724 5242 τὴν
2784 5172 3098 5230 Ἀσκάλωνα
3125 5176 3218 5230 καὶ
3251 5178 3350 5248 τὴν
3390 5179 3621 5250 πάραλον
3647 5179 3825 5234 οἰκοῦν-

2300 5277 2417 5325 τας.
2447 5263 2556 5316 Kal
2600 5259 2747 5318 οὗτοι
2798 5265 2978 5320 τοίνυν
3021 5267 3218 5340 ἐφεξῆς
3249 5272 3298 5323 ai
3343 5272 3660 5343 παραλιῶται
3689 5273 3820 5328 ἁλλό-

2300 5353 2455 5422 φυλοι
2489 5355 2626 5426 μετὰ
2657 5355 2766 5410 τῶν
2787 5358 3178 5414 κατοικούντων
3207 5362 3378 5435 Τύρον
3405 5365 3660 5430 ἐπέθεντο,
3687 5369 3815 5438 φησὶ,

2299 5445 2552 5500 κατὰτοῦ
2595 5447 2724 5503 λαοῦ
2773 5468 2865 5504 σου
2890 5468 2905 5482 ·
2946 5453 3040 5506 καὶ⁸
3085 5455 3177 5509 ἐπὶ
3211 5459 3376 5509 πᾶσιν
3402 5459 3431 5511 ό
3475 5459 3734 5531 Ἀσσύριος,
3760 5461 3814 5513 τὸ

2296 5535 2360 5609 δὴ
2392 5538 2685 5609 κεφάλαιον
2730 5543 2840 5597 τῶν
2895 5545 3102 5613 κακῶν,
3139 5547 3235 5602 σὺν
3266 5545 3476 5614 τούτοις
3523 5550 3809 5623 ὁρμώμενος,
