4078 6934
180 287 336 342 997

1387 283 1892 341 COMMENTARIA
1929 285 2000 340 1N
2036 285 2160 343 PSA
2171 286 2378 346 LMOS.

3394 289 3504 349 998

185 407 328 460 καὶ
395 404 611 468 τούτοις
675 405 983 474 συμμάχοις
1033 401 1332 474 χρώμενος,
1381 401 1479 474 τήν
1521 402 1825 475 παράταξιν

1936 403 2180 460 Moabitae
2205 421 2219 458 :
2254 421 2380 460 nam
2413 404 2469 459 hi
2501 403 2612 459 duo
2641 403 2734 458 lilii
2762 403 2865 460 Lot
2894 402 3048 460 fuere
3066 443 3082 468 ,
3113 402 3274 460 Moab
3299 413 3356 460 et
3380 407 3514 462 Am-

193 497 548 567 ὲποιήσατο
571 510 584 523 ⁸
640 495 774 565 ὁμοῦ
818 511 878 547 τε
910 493 1108 556 πάντες
1145 494 1194 546 οἱ
1233 491 1619 564 προλεχθέντες
1634 493 1836 564 ἐγενή-

195 591 453 654 θησαν
505 588 592 651 εὶς
640 586 970 653 ἀντίληψιν
1014 583 1137 650 τοῖς
1163 582 1313 646 υἱοῖς
1348 582 1497 637 Λώτ.
1543 583 1685 637 Ἀνθ⁹
1709 578 1769 638 οῦ
1801 583 1830 636 6

205 677 341 747 μὲν
395 676 651 740 Ἀκύλας,
695 674 1026 744 Ἐγένοντο,
1062 674 1214 746 φησὶ,
1240 674 1514 742 βραχίων
1543 673 1833 741 τοῖςυίοῖς

195 767 408 822 Λώτ·
438 771 468 822 6
517 768 574 821 δὲ
624 766 948 838 Σύμμαχος,
994 765 1297 836 Ἐγένοντο
1353 767 1657 836 σύμμαχοι
1708 766 1833 834 τοῖς

189 861 398 926 υἱρῑς
427 860 576 914 Λώτ.
607 860 728 912 Υἱοὶ
755 859 810 911 δὲ
845 857 969 912 Λὼτ
1003 853 1141 929 ἦσαν
1187 857 1513 929 Ἀμμανῖται
1547 859 1639 910 καὶ
1667 860 1834 912 Μωαο

207 955 389 1007 εἷται
413 971 428 984 ο
456 953 548 1007 δύο
577 951 685 1024 γὰρ
717 946 863 1005 οῦτοι
903 951 1192 1019 γεγόνασιν
1223 950 1329 1003 υἱοὶ
1352 949 1445 1003 τοῦ
1479 949 1622 1015 Λὼτ,
1657 951 1832 1005 Μωὰό

214 1046 334 1099 καὶ
409 1044 660 1116 Ἀμμών.
720 1042 904 1096 Ταῦτα
931 1042 985 1095 δὲ
1023 1043 1104 1096 ὅτι
1139 1042 1275 1113 μηδὲ
1312 1042 1500 1096 ἄλλοτε
1530 1042 1834 1114 ἐπληροῦτο

217 1137 258 1210 ἢ
329 1137 490 1194 κατὰ
543 1138 670 1201 τοὺς
719 1135 1018 1208 Ἀσσυρίων
1053 1136 1296 1208 χρόνους,
1334 1136 1524 1207 σαφῶς
1558 1136 1591 1206 ἡ
1623 1135 1834 1208 ἱστορία

217 1232 570 1303 παρίστησι.
605 1231 677 1284 Τὸ
707 1227 1004 1301 τηνικαῦτα
1037 1228 1147 1298 γὰρ
1180 1230 1356 1284 πάντα
1387 1231 1453 1284 τὰ
1482 1231 1546 1282 ἐκ
1576 1229 1834 1298 γειτόνων

215 1322 371 1394 ἔθνη
404 1323 834 1393 διαφθονούμενα
866 1325 932 1394 τῇ
978 1321 1331 1396 Ἰερουσαλὴμ
1371 1323 1466 1377 καὶ
1489 1321 1568 1392 τῷ
1602 1323 1660 1375 ὲν
1696 1322 1831 1394 αὐτῇ

214 1416 624 1486 γεγραμμένῳ
653 1415 730 1484 (1)
763 1412 873 1484 ναῷ
902 1412 994 1466 τοῦ
1023 1412 1180 1478 Θεοῦ,
1201 1412 1440 1483 διψῶντα
1468 1430 1528 1466 τε
1556 1412 1656 1483 τὴν
1681 1411 1834 1465 ἀπώ-

1935 511 2085 550 mon.
2133 495 2259 552 Haec
2303 512 2468 567 porro
2508 512 2618 552 non
2662 497 2770 551 alio
2799 511 2962 567 quam
2992 497 3346 569 Assyriorum
3371 506 3514 554 tem-

1933 603 2066 658 pore
2089 598 2242 658 gesta
2271 587 2442 644 fuisse
2469 598 2656 659 aperte
2681 597 2868 643 narrat
2899 588 3152 644 historia.
3181 589 3282 644 illo
3311 589 3515 662 quippe

1931 694 2049 734 aevo
2080 695 2272 735 omnes
2304 679 2519 735 ﬁnitimi
2549 681 2737 752 populi
2763 680 3154 752 Hierosolyma;
3185 689 3241 737 et
3268 682 3342 746 ei,
3367 687 3514 752 quod

1935 768 1990 823 in
2023 767 2305 839 Scriptura
2331 769 2524 836 fertur,
2553 769 2755 840 templo
2784 769 2878 824 Dei
2905 771 3030 826 istic
3055 771 3233 842 posito
3257 771 3513 828 inviden-

1935 867 2052 924 tes,
2083 859 2490 930 perniciemque
2529 861 2700 914 totius
2729 857 2971 915 Judaicae
3009 863 3187 932 gentis
3230 863 3512 930 sitientes,

1935 966 2044 1004 una
2070 949 2350 1004 iri-uerunt
2377 958 2570 1004 contra
2604 951 2760 1012 illos,
2796 949 3221 1022 Babyloniorum
3255 955 3516 1022 potentia:

1937 1050 1991 1098 et
2021 1043 2346 1098 commilitio
2377 1042 2666 1113 adscripti.
2705 1041 2861 1097 Tunc
2899 1044 3082 1099 multa:
3120 1043 3388 1100 adversus
3416 1059 3515 1100 eos

1940 1143 2130 1206 gentes
2164 1134 2405 1205 Assyriis
2443 1135 2770 1189 auxiliantes
2809 1143 3016 1189 coactae
3047 1143 3196 1190 sunt.
3231 1135 3301 1189 At
3335 1151 3517 1206 neque

1938 1228 2209 1282 Antiocho
2245 1244 2423 1298 neque
2455 1225 2750 1291 Romanis,
2787 1227 2844 1281 in
2879 1235 3156 1297 postrema
3188 1227 3510 1294 obsidione,

1938 1327 2128 1390 gentes
2175 1318 2329 1389 prius
2385 1326 2748 1385 enumerata,
2791 1321 2845 1374 in
2881 1321 3024 1376 bello
3063 1328 3256 1376 contra
3293 1318 3514 1376 .ludzeos

1939 1411 2130 1492 initio,
2168 1425 2326 1480 opem
2358 1410 2551 1464 tulisse
2579 1410 2853 1467 videntur.

214 1516 398 1572 Αειαν
413 1508 508 1562 τοῦ
539 1510 738 1574 παντὸς
773 1509 1040 1562 Ἰουδαίων
1073 1509 1278 1573 ἔθνους,
1313 1509 1447 1581 όμοῦ
1481 1504 1573 1562 οὖν
1597 1508 1855 1562 ἐπέθεντο
1877 1509 1996 1562 κατ’
2033 1507 2210 1560 αὐτῶν
2241 1509 2308 1578 τῇ
2336 1505 2442 1559 τῶν
2462 1504 2816 1560 Βαϐυλωνίων
2879 1507 3166 1580 δυναστείᾳ
3223 1507 3517 1580 συμμαχή-

219 1622 446 1659 σαντα.
480 1604 617 1657 Τότε
657 1604 756 1674 μὲν
786 1599 878 1657 οὖν
909 1602 1080 1657 πολλὰ
1106 1603 1340 1674 συνῆκτο
1390 1605 1508 1658 κατ’
1540 1602 1720 1658 αὐτῶν
1743 1602 1813 1656 τὰ
1830 1606 1943 1666 τοίς
1975 1601 2282 1672 Ἀσσυρίοις
2295 1598 2686 1672 συμμαχοῦντα
2715 1600 2863 1672 ἔθνη.
2891 1601 3028 1654 Οὔτε
3061 1602 3115 1654 δὲ
3145 1601 3285 1656 κατὰ
3316 1601 3518 1656 Ἀντίο-

216 1718 359 1772 χον,
389 1699 515 1753 οῦτε
538 1699 678 1755 κατὰ
708 1701 808 1772 τὴν
836 1699 1073 1770 ὑστάτην
1145 1699 1481 1770 πολιορκίαν,
1519 1698 1586 1752 τὰ
1646 1698 2212 1771 προκατηριθμημένα
2257 1695 2384 1768 ἔθνη
2415 1695 2661 1765 φαίνεται
2701 1698 3134 1767 συμμαχήσαντα
3204 1694 3513 1767 Ῥωμαίοις,
3557 1675 3563 1684 ’

222 1793 491 1866 ὁπηνίκα
524 1795 615 1848 τὸν
657 1794 794 1866 πρὸς
836 1793 1122 1858 Ἰουδαίους
1145 1795 1539 1866 συνεστήσαντο
1572 1795 1828 1865 πόλεμον.

312 1916 592 1984 Ποίησον
615 1915 817 1982 αὐτοῖς
845 1917 926 1983 ὡς
951 1915 1028 1984 τῇ
1057 1915 1291 1971 Μαδιὰν
1317 1916 1416 1970 καὶ
1449 1916 1530 1982 τῷ
1561 1914 1790 1984 Σισάρᾳ
1809 1957 1824 1979 ,

2001 1908 2171 1964 Vens.
2214 1906 2406 1962 10-12.
2449 1904 2564 1960 Fac
2593 1905 2703 1959 illis
2743 1905 2879 1960 sicut
2920 1905 3147 1960 Madian
3181 1916 3233 1961 et
3273 1907 3512 1973 δίκαι-α’,

231 2009 319 2074 ὠς
347 2007 434 2074 τῷ
478 2009 652 2078 Ἰαϐὶμ
681 2009 750 2062 ἐν
773 2007 852 2074 τῷ
883 2009 1174 2079 χειμὰρῤῳ
1192 2009 1409 2066 Κισών.
1447 2009 1834 2077 Ἐξωλοθρεύ-

236 2101 456 2165 θησαν
479 2098 549 2152 ὲν
578 2098 842 2168 Ἀενδὼρ,
871 2099 1248 2170 ἐγενήθησαν
1297 2100 1439 2153 ὡσεὶ
1491 2100 1713 2167 κόπρος
1758 2097 1833 2167 τῇ

235 2183 347 2254 τῇ.
383 2187 502 2242 Θοῦ
533 2187 673 2256 τοὺς
707 2188 1003 2259 ἄρχοντας
1038 2188 1236 2244 αὐτῶν
1271 2191 1354 2256 ὠς
1384 2189 1492 2244 τὸν
1527 2189 1704 2257 Ὠρὴϐ
1733 2189 1832 2242 καὶ

236 2275 379 2345 Ζὴϐ
437 2278 538 2332 καί
593 2279 766 2334 Ζεϐεὲ
821 2279 922 2334 καί
967 2278 1283 2350 Σαλμωνᾶ.
1351 2279 1589 2334 Τοιαῦτα
1644 2278 1832 2333 θεσπί-

239 2366 330 2432 ζει
379 2369 632 2438 γενέσθαι
663 2373 776 2433 τοῖς
807 2370 1184 2442 προλεχθεῖσιν
1219 2372 1428 2427 ἔθνεσιν
1460 2374 1488 2426 6
1516 2373 1830 2443 Προφήτης,

235 2461 413 2516 ὁποῖα
458 2465 524 2533 τῇ
570 2462 795 2534 Μαδιάμ
848 2463 942 2516 καὶ
967 2463 1046 2533 τῷ
1079 2464 1308 2536 Σισάρα,
1340 2464 1436 2517 καὶ
1459 2462 1538 2534 τῷ
1571 2463 1749 2534 Ἰαϐὶμ
1774 2465 1834 2516 έν

235 2551 324 2624 τῷ
360 2553 649 2626 χειμάρρῳ
674 2555 858 2608 Κισὼν
891 2555 1089 2626 συνέϐη
1121 2556 1252 2610 ποτέ
1276 2572 1291 2588 ·
1317 2556 1512 2620 οἵτινες
1536 2554 1672 2626 ὁμοῦ
1700 2555 1835 2608 πάν-

239 2659 340 2706 τες
385 2643 858 2717 ὲξωλοθρεύθησαν
913 2648 970 2700 ἑν
1031 2645 1262 2718 Ἀενδὼρ
1287 2687 1303 2712 ,
1357 2648 1451 2703 καὶ
1498 2648 1835 2720 ἐγενήθησαν

242 2735 384 2788 ὡσεὶ
437 2737 639 2808 κόπρος
696 2741 760 2810 τῇ
784 2742 876 2810 γῇ.
913 2740 1074 2794 Ἀλλὰ
1112 2743 1206 2795 καὶ
1237 2741 1363 2804 τοὺς
1411 2741 1677 2812 ἄρχοντας
1727 2741 1836 2796 τῶν

243 2825 661 2898 προλεχθέντων
711 2827 878 2884 ἐθνῶν
912 2829 1138 2884 τοιαῦτα
1201 2831 1394 2885 παθεῖν
1445 2831 1624 2896 ἀξιοῖ,
1673 2834 1834 2888 ὁποῖα

249 2915 590 2970 πεπόνθασιν
658 2917 822 2991 Ὠρὴὸ
871 2918 964 2972 καὶ
1003 2920 1115 2992 Ζὴὸ
1157 2921 1252 2975 καὶ
1295 2919 1458 2974 Ζεϐεὲ
1484 2921 1577 2974 καὶ
1610 2922 1836 2994 Σαλμω-

247 3009 371 3072 νᾶς.
404 3008 620 3064 Τούτων
633 3009 691 3063 δὲ
718 3010 934 3066 πάντων
966 3010 1066 3082 τὴν
1101 3011 1337 3084 ἱστορίαν
1379 3013 1633 3084 εὑρήσεις
1681 3016 1739 3067 ὲν
1766 3016 1832 3087 τῇ

253 3101 424 3174 βίϐλῳ
470 3103 775 3175 φερομένην
819 3103 926 3158 τῶν
988 3103 1226 3175 Κριτῶνο
1265 3103 1394 3158 ἔνθα
1418 3105 1514 3159 καὶ
1559 3107 1588 3159 6
1624 3106 1834 3179 Σισάρα

253 3195 352 3250 καὶ
369 3196 398 3247 6
433 3194 620 3258 Ἰαϐὶς,
651 3195 746 3249 καὶ
763 3197 812 3248 οί
839 3194 1016 3250 λοιποὶ⁵
1030 3195 1533 3274 κατωνομασμένοι,
1550 3197 1722 3252 ὁπόσα
1739 3199 1834 3254 καὶ

1935 2003 2072 2058 sicut
2100 1999 2267 2054 Jabin
2291 2000 2347 2053 in
2377 2008 2609 2052 torrente
2649 1997 2832 2052 Cison.
2872 1997 3240 2066 Disperierunt
3279 2001 3336 2054 in
3372 2000 3516 2056 Αἶπ-

1933 2095 2053 2161 dor,
2086 2094 2220 2165 facti
2245 2103 2366 2147 sunt
2400 2101 2458 2144 ut
2488 2101 2690 2146 stercus
2733 2098 2906 2145 terrea.
2941 2090 3089 2146 Pone
3126 2093 3387 2162 principes
3425 2111 3515 2149 eo-

1933 2205 2052 2243 rum
2082 2189 2220 2243 sicut
2255 2184 2390 2242 Oreb
2420 2194 2470 2238 et
2499 2183 2604 2237 Zeb
2635 2191 2685 2237 et
2712 2181 2873 2238 Zebee
2909 2193 2959 2238 et
2990 2183 3268 2240 Salmona.
3312 2185 3515 2242 Eadem

1933 2280 2253 2338 memoratis
2296 2277 2553 2348 gentibus
2609 2275 2795 2330 futura
2836 2275 3169 2330 vaticinatur
3205 2276 3512 2348 Pmpueta,

1933 2389 2056 2445 quae
2094 2373 2224 2428 olim
2266 2369 2481 2425 Madian
2511 2409 2527 2433 ,
2571 2366 2776 2424 Sisarae
2801 2407 2818 2433 ,
2859 2374 2913 2423 et
2949 2365 3128 2422 Jabim
3169 2368 3224 2422 in
3267 2376 3516 2426 torrente

1934 2463 2103 2519 Cison
2155 2461 2556 2530 contigerunt:
2619 2459 2716 2530 qui
2775 2474 2968 2514 omnes
3020 2459 3392 2530 disperierunt
3454 2463 3512 2516 in

1934 2552 2177 2618 Eudoxi,
2219 2560 2276 2607 et
2324 2551 2455 2606 facti
2500 2561 2627 2608 sunt
2672 2558 2734 2607 ut
2783 2561 3000 2606 stercus
3041 2559 3223 2608 terrae.
3273 2553 3358 2607 Ad
3399 2553 3517 2609 haec

1935 2647 2099 2702 etiam
2154 2645 2435 2716 principes
2487 2644 2875 2716 praedictorum
2940 2645 3268 2714 populorum
3322 2646 3514 2701 eadem

1935 2736 2144 2808 perpeti
2193 2743 2390 2807 rogat,
2427 2753 2548 2806 qua:
2587 2734 2732 2790 Oreb
2773 2743 2826 2789 et
2869 2733 2979 2790 Zeb
3019 2743 3074 2790 et
3103 2734 3280 2791 Zebee
3311 2743 3364 2791 et
3395 2733 3516 2791 Sal-

1935 2845 2150 2885 monas.
2193 2828 2399 2885 Horum
2442 2843 2607 2900 porro
2649 2827 2894 2883 omnium
2935 2827 3222 2882 historiam
3272 2827 3516 2898 reperias

1936 2919 1990 2973 in
2027 2919 2166 2974 libro
2200 2917 2490 2983 Judicum,
2533 2917 2626 2972 ubi
2665 2932 2786 2988 quae
2827 2915 3017 2972 Sisara
3056 2924 3110 2972 et
3147 2915 3307 2971 labin
3347 2927 3516 2987 atque

1936 3011 2064 3076 alii,
2095 3011 2192 3082 qui
2222 3025 2388 3081 supra
2418 3015 2800 3076 recensentur,
2830 3014 3020 3064 contra
3053 3005 3308 3065 lsraelem
3338 3006 3512 3062 moliti

1937 3109 2103 3166 sunt,
2130 3112 2184 3158 et
2212 3117 2334 3172 quae
2364 3101 2527 3156 iidem
2558 3106 2691 3156 sunt
2720 3101 3007 3170 perpessi,
3039 3097 3325 3170 Scriptura
3354 3113 3514 3154 enar-

1935 3199 2022 3246 rat
2054 3193 2120 3248 ⁸³.
2172 3191 2251 3246 Eo
2291 3202 2472 3246 autem
2513 3192 2829 3253 mittemus,
2873 3191 2920 3245 si
2961 3205 3124 3260 quem
3162 3205 3228 3244 ea
3265 3190 3514 3245 ediscere

253 3288 382 3344 τίνα
421 3287 560 3341 κατὰ
605 3287 698 3340 τοῦ
753 3287 968 3360 Ἰσραὴλ
1017 3260 1452 3361 ἐμηχανήσαντο,
1517 3260 1611 3343 καὶ
1671 3291 1832 3344 ὁποῖα

1936 3281 2104 3336 libeat
2133 3297 2254 3352 quae
2287 3282 2354 3337 ad
2396 3283 2547 3352 ipsos
2579 3282 2855 3337 attinent:
2887 3296 3013 3336 nam
3053 3296 3211 3352 aequo
3251 3282 3514 3352 prolixior

253 3378 668 3450 πεπόνθασιν,ή
705 3379 894 3452 Γραφὴ
929 3381 1274 3453 παρίστησιν.
1316 3382 1431 3452 Ἐφ’
1475 3381 1542 3452 ἥν
1588 3381 1834 3454 ἀναπέμ-

253 3467 446 3541 ψωμεν
471 3469 561 3522 τὸν
591 3467 912 3540 βουλόμενον
936 3469 1005 3524 τὰ
1037 3472 1156 3525 κατ’
1183 3471 1378 3535 αὐτοὺς
1402 3471 1620 3536 εἰδέναι,
1654 3471 1743 3526 διὰ
1771 3471 1836 3526 τὸ

260 3561 606 3634 μακροτέραν
630 3557 766 3615 εἶναι
789 3563 888 3634 τὴν
922 3565 1051 3635 περὶ
1071 3563 1251 3617 αὐτῶν
1274 3562 1546 3636 διήγησιν.
1585 3563 1665 3617 Τὰ
1693 3564 1836 3618 αὐτὰ

259 3651 354 3702 σὺν
377 3649 605 3714 ἐκείνοις
632 3650 724 3703 καὶ
747 3650 967 3716 τούτους
993 3652 1221 3706 ἱκετεύει
1252 3651 1461 3718 παθεῖν,
1476 3653 1608 3707 διότι
1637 3655 1835 3725 ὁμοίως

257 3741 480 3805 ἐκείνοις
512 3742 605 3795 καὶ
637 3737 1072 3815 οὖτοιείρήκασι,
1101 3745 1664 3816 Κληρονομήσωμεν
1700 3746 1835 3800 ἐαυ-

258 3831 379 3900 τοῖς
409 3833 477 3886 τὸ
518 3834 906 3904 ἀγιαστήριον
945 3836 1050 3891 τοῦ
1101 3837 1270 3920 Θεοῦ.
1302 3838 1526 3907 Ἔλεγον
1574 3838 1631 3892 δὲ
1664 3837 1836 3892 ταῦτα

260 3924 355 3978 καὶ
381 3925 427 3977 oi
463 3926 590 3997 περὶ
619 3925 711 3979 τὸν
736 3927 962 3998 Σισάρα,
983 3927 1278 3995 καὶἸαϐὶς,
1306 3929 1359 3982 οἵ
1387 3946 1444 3982 τε
1468 3927 1664 3994 λοιποὶ,
1682 3927 1775 3992 οὒς
1807 3929 1836 3980 6

262 4013 413 4086 λόγος
433 4017 572 4071 κατὰ
591 4018 734 4084 λέξιν
765 4019 866 4090 (2),
896 4021 1024 4092 περὶ
1047 4021 1148 4092 τῆς
1177 4023 1382 4094 σκηνῆς
1419 4024 1513 4078 καὶ
1545 4023 1642 4094 τῆς
1667 4022 1834 4077 κιϐω-

267 4107 359 4162 τοῦ
373 4107 465 4160 τοῦ
481 4107 636 4162 Θεοῦ.
661 4111 734 4162 Τὸ
750 4110 857 4182 γὰρ
886 4112 1238 4185 ἀγιαστήριον
1257 4112 1352 4167 τοῦ
1394 4114 1529 4168 Θεοῦ
1550 4113 1720 4168 ταῦτα
1742 4109 1832 4184 ἦν,

272 4201 440 4272 μήπω,
480 4200 580 4272 τῆς
641 4201 995 4275 Ἰερουσαλὴμ
1030 4204 1390 4276 συνεστώσης.
1442 4205 1747 4278 Ἐπηύξατο
1778 4205 1835 4259 δὲ

267 4290 432 4346 ταῦτα
453 4294 480 4345 6
509 4289 806 4364 Προφήτης
839 4293 980 4347 κατὰ
1012 4292 1119 4347 τῶν
1154 4295 1567 4366 δεδηλωμένωνο
1613 4291 1709 4349 εἶτ’
1737 4296 1836 4349 οὐκ

271 4384 345 4447 είς
373 4384 578 4456 μακρὸν
629 4383 933 4456 ἐπληροῦτο
984 4385 1052 4438 τὰ
1085 4389 1183 4456 τῆς
1226 4387 1412 4458 εὐχῆς.
1455 4387 1661 4441 Αὐτίκα
1705 4387 1834 4458 γοῦν

273 4476 598 4548 παραχρῆμα
629 4479 696 4548 τῇ
731 4477 871 4530 κατὰ
899 4476 1006 4530 τῶν
1055 4477 1321 4532 Ἰουδαίων
1364 4478 1646 4551 ’πολιορκίᾳ⁵
1676 4481 1769 4532 καὶ
1799 4482 1832 4552 ή

278 4659 364 4712 καὶ
389 4660 547 4732 μέχρι
577 4660 765 4714 τούτου
803 4661 1048 4714 συστᾶσα
1079 4659 1271 4732 μέχρις
1304 4655 1364 4715 οῦ
1395 4662 1618 4716 τοιαῦτα
1650 4661 1833 4715 τετολ-

283 4747 471 4820 μήκασι
527 4751 668 4804 κατὰ
720 4751 821 4822 τῆς
866 4751 1240 4824 Ἰερουσαλήμ.
1277 4753 1411 4806 Μετ’
1447 4754 1508 4806 ού
1539 4753 1671 4808 πολὺ
1703 4754 1834 4823 γοῦν

280 4838 466 4912 Κῦρος,
516 4841 615 4911 τῆς
645 4843 871 4914 Περσῶν
917 4843 1194 4914 βασιλείας
1233 4846 1540 4916 κρατήσας,
1583 4845 1836 4900 καταλύει

60 4927 66 4966 ί
281 4930 369 5000 τήν
405 4931 700 5002 Ἀσσυρίων
729 4932 922 5003 ἀρχήν.
955 4932 1065 4986 Καὶ
1103 4931 1172 4984 τὰ
1205 4930 1363 4986 λοιπὰ
1401 4931 1461 4986 δὲ
1503 4932 1642 4986 κατὰ
1673 4933 1838 5004 μέρος

60 5027 69 5057 τ
281 5024 630 5096 ὠνομασμένα
663 5025 786 5097 έθνη
829 5026 1052 5080 τοιαῦτα
1087 5023 1374 5086 πέπονθεν,
1405 5027 1561 5079 ὁποῖα
1605 5027 1634 5079 6
1682 5024 1838 5094 λόγος

59 5105 66 5150 θ
285 5115 574 5187 προέφησεν
593 5133 609 5148 ο
643 5115 769 5168 ὥστ’
796 5115 1016 5180 εἰκότως
1045 5116 1110 5170 ἄν
1140 5133 1262 5169 τινα
1310 5115 1500 5186 φῆσαι,
1536 5115 1609 5186 μή
1637 5114 1835 5168 κατεύ-

286 5206 454 5278 χεσθαι
483 5209 574 5260 τὸν
615 5208 906 5279 Προφήτην
952 5209 1010 5260 ὲν
1056 5207 1263 5272 τούτοις
1301 5207 1409 5260 τῶν
1455 5207 1831 5280 δηλουμένων,

289 5295 626 5370 προφητεύειν
652 5297 708 5350 δὲ
733 5299 915 5362 αὐτοῖς
945 5299 1012 5354 τὰ
1059 5299 1310 5369 ἐσόμενα,
1350 5298 1493 5353 κατά
1535 5315 1658 5353 τινα
1714 5313 1837 5352 συν-

287 5389 454 5462 ήθειαν
485 5389 583 5460 τῆς
622 5389 845 5461 Γραφῆς
895 5388 1277 5461 προστακτικῷ
1316 5390 1502 5461 τρόπῳ
1545 5389 1666 5444 ἀντὶ
1698 5405 1836 5460 προ-

287 5480 615 5554 αγορευτικοῦ
660 5483 1031 5553 κεχρημένον·
1093 5482 1222 5536 ὥσθ’
1253 5484 1397 5553 ἡμᾶς
1433 5481 1710 5550 ἐξακούειν
1737 5481 1834 5548 τὸ,

355 5575 390 5604 ’⁸
423 5571 602 5626 indic.
642 5586 717 5638 ir,
753 5588 870 5642 seq.

352 5729 416 5796 ll)
456 5731 557 5796 Γρ.
588 5729 959 5800 ἐγηγερμένῳ.

1935 3385 2126 3425 eorum
2162 3371 2440 3426 enarratio
2478 3370 2638 3426 foret.
2679 3401 2751 3412 —-
2785 3369 2952 3426 Vens.
2994 3371 3080 3426 15.
3107 3371 3306 3428 Eadem
3348 3387 3515 3444 porro
3593 3415 3598 3426 ,

1934 3479 2058 3535 quae
2089 3465 2204 3532 illi,
2241 3465 2379 3521 istos
2411 3465 2576 3521 etiam
2611 3464 2819 3536 perpeti
2851 3475 3042 3536 rogat,
3077 3465 3209 3536 quia
3238 3466 3428 3522 eodem
3459 3474 3517 3522 et

1935 3557 2024 3614 isti
2070 3556 2233 3613 modo
2275 3557 2575 3622 dixerunt,
2614 3557 2946 3614 [hereditate
2978 3557 3346 3628 possideamur
3389 3575 3518 3612 san-

1934 3651 2203 3704 ctuarium
2235 3649 2353 3706 Dei.
2387 3649 2482 3704 illa
2514 3665 2645 3705 vero
2673 3649 2934 3706 dicebant
2970 3649 3192 3714 Sisara,
3223 3648 3386 3705 Jabin
3407 3691 3423 3716 ,
3459 3658 3516 3706 et

1935 3743 2134 3812 reliqui
2171 3741 2492 3796 nominatim
2527 3742 2791 3798 recensiti
2813 3781 2828 3806 ,
2872 3743 2940 3798 de
2987 3743 3339 3799 tabernaculo
3366 3751 3420 3816 et
3448 3745 3516 3800 de

1935 3851 2064 3892 arca
2096 3835 2189 3890 Dei
2218 3855 2232 3891 :
2266 3835 2380 3890 haec
2407 3835 2609 3906 quippe
2636 3842 2793 3890 erant
2820 3836 3196 3890 sanctuarium
3228 3835 3360 3902 Dei,
3388 3852 3514 3892 cum

1934 3932 2181 3988 nondum
2205 3930 2512 3987 Jerusalem
2529 3931 2878 3987 consisteret.
2905 3930 3030 3986 Haec
3050 3946 3214 4002 porro
3235 3931 3511 4003 Pr0pheta

1935 4031 2188 4094 precatus
2235 4029 2320 4078 est
2372 4022 2637 4077 adversus
2680 4037 2776 4077 eos
2823 4021 2917 4092 qui
2968 4021 3224 4092 superius
3273 4021 3504 4077 indicati

1935 4121 2103 4169 sunt:
2141 4126 2240 4166 nec
2269 4111 2364 4166 diu
2397 4119 2587 4182 postea
2628 4111 2872 4180 precatio
2905 4117 2994 4178 est,
3020 4112 3274 4167 effectum
3317 4127 3516 4169 conse-

1935 4213 2082 4260 cuta.
2115 4202 2248 4257 Nam
2283 4204 2586 4259 secundum
2615 4204 2761 4258 illam
2789 4203 3103 4259 Iudaeorum
3133 4203 3472 4262 obsidionem
3493 4245 3512 4272 ,

1935 4295 2286 4367 Assyriorum
2312 4296 2601 4367 imperium
2627 4295 2922 4367 derepente
2949 4297 3190 4351 solutum
3215 4305 3332 4363 est,
3360 4306 3515 4369 post-

1935 4404 2098 4460 quam
2131 4389 2392 4445 diuturno
2422 4405 2537 4444 aevo
2575 4390 2860 4456 stetisset;
2893 4399 2948 4446 et
2986 4390 3206 4460 quidem
3243 4407 3417 4462 usque
3445 4392 3514 4448 ad

1938 4481 2070 4536 illud
2116 4489 2333 4552 tempus
2356 4521 2372 4546 ,
2415 4496 2526 4552 quo
2568 4482 2699 4536 talia
2725 4489 2916 4537 contra
2944 4481 3378 4554 Hierosolymam
3415 4500 3514 4554 ag-

289 4568 572 4641 Ἀσσυρίων
600 4569 867 4640 κατελύθη
897 4568 1182 4622 δυναστεία
1211 4569 1545 4642 διαρκέσασα
1582 4571 1793 4644 χρόνοις
1815 4589 1828 4603 ·

1936 4574 2087 4642 gredi
2116 4573 2237 4628 ausi
2268 4580 2418 4628 sunt.
2447 4571 2565 4628 Non
2594 4573 2686 4628 diu
2722 4572 2906 4643 itaque
2933 4580 3124 4643 postea
3150 4572 3326 4644 Cyrus
3345 4614 3360 4639 ,
3389 4591 3514 4630 cum

1937 4662 2227 4718 Persarum
2244 4679 2468 4734 regnum
2488 4671 2833 4734 occupasset,
2851 4663 3200 4736 Assyriorum
3223 4665 3514 4735 imperium

1939 4757 2156 4814 evertit.
2193 4755 2438 4825 Reliqua:
2471 4769 2604 4811 vero
2643 4755 2958 4826 singulatim
2998 4756 3286 4811 recensita:
3327 4765 3517 4826 gentes

1940 4862 2004 4902 ea
2030 4854 2158 4901 sunt
2181 4861 2474 4917 perpessaa,
2499 4862 2620 4915 qua
2639 4845 2744 4900 hoc
2770 4861 3022 4902 sermone
3043 4847 3512 4916 praenuntiantur;

1940 4936 2015 4992 ita
2053 4944 2109 4989 ut
2140 4952 2171 4992 e
2202 4952 2260 4991 re
2290 4937 2560 5007 quispiam
2585 4936 2812 5003 dixerit,
2842 4935 3172 5006 Proplietam
3203 4939 3516 4993 memoratis

1944 5029 2195 5100 gentibus
2221 5044 2329 5084 non
2352 5030 2644 5101 imprecari
2672 5031 2834 5097 mala,
2863 5031 2958 5087 sed
2989 5030 3173 5085 futura
3199 5029 3514 5095 vaticinari,

1943 5137 2007 5177 ac
2051 5137 2151 5194 pro
2194 5129 2417 5178 assueto
2463 5120 2764 5193 Scriptum
2809 5139 2994 5187 more,
3045 5122 3364 5193 imperantis
3399 5136 3517 5176 mo-

1942 5213 2095 5276 dum,
2120 5215 2240 5269 loco
2259 5215 2700 5284 praenuntiantis,
2725 5231 3030 5287 usurpare;
3069 5215 3205 5270 adeo
3218 5221 3276 5268 ut
3300 5212 3512 5275 isthaac,

1943 5302 2058 5357 Fac
2085 5303 2230 5367 illis,
2267 5318 2368 5364 nos
2404 5305 2485 5360 sic
2533 5304 2937 5375 intelligamus,
2981 5305 3170 5360 Facies
3217 5303 3328 5357 illis
3378 5304 3514 5357 sicut

1942 5394 2177 5450 Madian
2200 5406 2247 5450 et
2275 5395 2497 5452 Sisarce.
2527 5394 2654 5452 Ilaec
2689 5413 2854 5468 porro
2881 5397 2948 5453 de
2973 5396 3352 5468 Assyriorum,
3383 5395 3517 5449 alia-

1942 5501 2174 5556 rumque
2221 5485 2313 5541 hic
2378 5486 2779 5541 recensitarum
2827 5486 3074 5558 gentium
3131 5483 3345 5539 excidio
3379 5497 3495 5554 pra:

2022 5723 2093 5795 (9.)
2134 5723 2328 5782 ncesse
2351 5724 2564 5781 videtur
2595 5721 2840 5788 verbum,
2883 5720 3021 5777 forte
3042 5717 3330 5792 .ὀνομάζει.
3357 5720 3516 5777 Eon.
