  <div class='ocr_page' id='page_1' title='image "/cluster/home/n/w/nwhite01/storage/ocr_20150623/23/hvd.32044073501124/507.png"; bbox 0 0 4078 6934; ppageno 0'>
   <div class='ocr_carea' id='block_1_1' title="bbox 1625 229 1660 246">
    <p class='ocr_par' dir='ltr' id='par_1_1' title="bbox 1625 229 1660 246">
     <span class='ocr_line' id='line_1_1' title="bbox 1625 229 1660 246; baseline 0 0"><span class='ocrx_word' id='word_1_1' title='bbox 1625 229 1660 246; x_wconf 49' lang='grc' dir='ltr'><strong>Ὦ</strong></span> 
     </span>
    </p>
   </div>
   <div class='ocr_carea' id='block_1_2' title="bbox 651 392 3973 458">
    <p class='ocr_par' dir='ltr' id='par_1_2' title="bbox 651 392 3973 458">
     <span class='ocr_line' id='line_1_2' title="bbox 651 392 3973 458; baseline -0.003 -2"><span class='ocrx_word' id='word_1_2' title='bbox 651 400 754 458; x_wconf 78' lang='lat'><strong>999</strong></span> <span class='ocrx_word' id='word_1_3' title='bbox 1332 397 1605 454; x_wconf 83' lang='lat' dir='ltr'><strong>EUSEBII</strong></span> <span class='ocrx_word' id='word_1_4' title='bbox 1635 395 2120 453; x_wconf 68' lang='lat' dir='ltr'><strong>CESARIENSIS</strong></span> <span class='ocrx_word' id='word_1_5' title='bbox 2152 395 2303 451; x_wconf 81' lang='lat' dir='ltr'><strong>OPP.</strong></span> <span class='ocrx_word' id='word_1_6' title='bbox 2343 394 2526 449; x_wconf 80' lang='lat' dir='ltr'><strong>PARS</strong></span> <span class='ocrx_word' id='word_1_7' title='bbox 2559 393 2648 451; x_wconf 90' lang='lat' dir='ltr'><strong>lll.</strong></span> <span class='ocrx_word' id='word_1_8' title='bbox 2686 425 2747 438; x_wconf 89' lang='lat'>—</span> <span class='ocrx_word' id='word_1_9' title='bbox 2795 392 3205 452; x_wconf 75' lang='lat' dir='ltr'><strong>EXEGETICA.</strong></span> <span class='ocrx_word' id='word_1_10' title='bbox 3875 395 3973 446; x_wconf 62' lang='grc' dir='ltr'>ιω</span> 
     </span>
    </p>
   </div>
   <div class='ocr_carea' id='block_1_3' title="bbox 649 509 2223 586">
    <p class='ocr_par' dir='ltr' id='par_1_3' title="bbox 649 511 2220 586">
     <span class='ocr_line' id='line_1_3' title="bbox 649 511 2220 586; baseline -0.001 -16"><span class='ocrx_word' id='word_1_11' title='bbox 649 515 992 571; x_wconf 73' lang='lat' dir='ltr'><strong>nuntiantur.</strong></span> <span class='ocrx_word' id='word_1_12' title='bbox 1017 513 1206 586; x_wconf 83' lang='lat' dir='ltr'><strong>Neque</strong></span> <span class='ocrx_word' id='word_1_13' title='bbox 1228 521 1410 570; x_wconf 75' lang='lat' dir='ltr'><strong>tamen</strong></span> <span class='ocrx_word' id='word_1_14' title='bbox 1441 513 1508 568; x_wconf 91' lang='lat' dir='ltr'><strong>de</strong></span> <span class='ocrx_word' id='word_1_15' title='bbox 1538 514 1606 570; x_wconf 91' lang='lat' dir='ltr'><strong>iis</strong></span> <span class='ocrx_word' id='word_1_16' title='bbox 1633 513 1729 584; x_wconf 85' lang='lat' dir='ltr'><strong>qui</strong></span> <span class='ocrx_word' id='word_1_17' title='bbox 1758 520 1881 584; x_wconf 91' lang='lat' dir='ltr'><strong>post</strong></span> <span class='ocrx_word' id='word_1_18' title='bbox 1917 511 2220 568; x_wconf 87' lang='lat' dir='ltr'><strong>Salvatoris</strong></span> 
     </span>
    </p>
   </div>
   <div class='ocr_carea' id='block_1_4' title="bbox 2323 509 3974 586">
    <p class='ocr_par' dir='ltr' id='par_1_4' title="bbox 2323 509 3974 582">
     <span class='ocr_line' id='line_1_4' title="bbox 2323 509 3974 582; baseline -0.002 -16"><span class='ocrx_word' id='word_1_19' title='bbox 2323 513 2588 580; x_wconf 74' lang='grc' dir='ltr'>Ποίησον</span> <span class='ocrx_word' id='word_1_20' title='bbox 2609 513 2834 579; x_wconf 81' lang='grc' dir='ltr'>αὐτοῖς,</span> <span class='ocrx_word' id='word_1_21' title='bbox 2861 512 2982 566; x_wconf 76' lang='grc' dir='ltr'>ἀντὶ</span> <span class='ocrx_word' id='word_1_22' title='bbox 3014 510 3132 574; x_wconf 81' lang='grc' dir='ltr'>τοῦ,</span> <span class='ocrx_word' id='word_1_23' title='bbox 3166 509 3449 577; x_wconf 81' lang='grc' dir='ltr'>Ποιήσεις</span> <span class='ocrx_word' id='word_1_24' title='bbox 3470 512 3574 577; x_wconf 84' lang='grc' dir='ltr'>ὡς</span> <span class='ocrx_word' id='word_1_25' title='bbox 3599 511 3702 578; x_wconf 75' lang='grc' dir='ltr'>τῇ</span> <span class='ocrx_word' id='word_1_26' title='bbox 3733 513 3974 582; x_wconf 46' lang='lat' dir='ltr'><strong>Eafa</strong></span> 
     </span>
    </p>
   </div>
   <div class='ocr_carea' id='block_1_5' title="bbox 649 603 2223 678">
    <p class='ocr_par' dir='ltr' id='par_1_5' title="bbox 649 603 2223 678">
     <span class='ocr_line' id='line_1_5' title="bbox 649 603 2223 678; baseline -0.001 -18"><span class='ocrx_word' id='word_1_27' title='bbox 649 608 822 662; x_wconf 86' lang='lat' dir='ltr'><strong>nostri</strong></span> <span class='ocrx_word' id='word_1_28' title='bbox 858 607 1149 662; x_wconf 75' lang='lat' dir='ltr'><strong>adventum</strong></span> <span class='ocrx_word' id='word_1_29' title='bbox 1179 616 1506 678; x_wconf 85' lang='lat' dir='ltr'><strong>postremam</strong></span> <span class='ocrx_word' id='word_1_30' title='bbox 1537 603 2040 676; x_wconf 79' lang='lat' dir='ltr'><strong>Hierosolymorum</strong></span> <span class='ocrx_word' id='word_1_31' title='bbox 2073 605 2223 660; x_wconf 93' lang='lat' dir='ltr'><strong>obsi-</strong></span> 
     </span>
    </p>
   </div>
   <div class='ocr_carea' id='block_1_6' title="bbox 2323 603 3974 678">
    <p class='ocr_par' dir='ltr' id='par_1_6' title="bbox 2329 603 3974 675">
     <span class='ocr_line' id='line_1_6' title="bbox 2329 603 3974 675; baseline 0.001 -17"><span class='ocrx_word' id='word_1_32' title='bbox 2329 604 2527 670; x_wconf 79' lang='grc' dir='ltr'>καὶτῷ</span> <span class='ocrx_word' id='word_1_33' title='bbox 2547 604 2796 674; x_wconf 85' lang='grc' dir='ltr'>Σισάρᾳ.</span> <span class='ocrx_word' id='word_1_34' title='bbox 2831 603 3018 658; x_wconf 85' lang='grc' dir='ltr'>Ταῦτα</span> <span class='ocrx_word' id='word_1_35' title='bbox 3047 603 3105 656; x_wconf 82' lang='grc' dir='ltr'><strong>δὲ</strong></span> <span class='ocrx_word' id='word_1_36' title='bbox 3135 603 3265 675; x_wconf 81' lang='grc' dir='ltr'>περὶ</span> <span class='ocrx_word' id='word_1_37' title='bbox 3286 603 3379 656; x_wconf 81' lang='grc' dir='ltr'>τοῦ</span> <span class='ocrx_word' id='word_1_38' title='bbox 3408 606 3640 667; x_wconf 74' lang='grc' dir='ltr'>τέλους</span> <span class='ocrx_word' id='word_1_39' title='bbox 3677 603 3836 656; x_wconf 76' lang='grc' dir='ltr'><strong>τῶν</strong></span> <span class='ocrx_word' id='word_1_40' title='bbox 3891 606 3974 659; x_wconf 66' lang='grc' dir='ltr'><strong>’Δα</strong></span> 
     </span>
    </p>
   </div>
   <div class='ocr_carea' id='block_1_7' title="bbox 648 694 2223 766">
    <p class='ocr_par' dir='ltr' id='par_1_7' title="bbox 648 696 2223 764">
     <span class='ocr_line' id='line_1_7' title="bbox 648 696 2223 764; baseline 0.001 -14"><span class='ocrx_word' id='word_1_41' title='bbox 648 696 868 754; x_wconf 90' lang='lat' dir='ltr'><strong>dionem</strong></span> <span class='ocrx_word' id='word_1_42' title='bbox 896 698 1144 754; x_wconf 77' lang='lat' dir='ltr'><strong>iecerunt</strong></span> <span class='ocrx_word' id='word_1_43' title='bbox 1163 737 1179 763; x_wconf 96' lang='lat'><strong>,</strong></span> <span class='ocrx_word' id='word_1_44' title='bbox 1208 697 1411 753; x_wconf 85' lang='lat' dir='ltr'><strong>similia</strong></span> <span class='ocrx_word' id='word_1_45' title='bbox 1441 696 1715 753; x_wconf 80' lang='lat' dir='ltr'><strong>feruntur.</strong></span> <span class='ocrx_word' id='word_1_46' title='bbox 1743 698 1925 764; x_wconf 80' lang='lat' dir='ltr'><strong>Quare</strong></span> <span class='ocrx_word' id='word_1_47' title='bbox 1953 697 2089 752; x_wconf 84' lang='lat' dir='ltr'><strong>nihil</strong></span> <span class='ocrx_word' id='word_1_48' title='bbox 2117 697 2223 752; x_wconf 87' lang='lat' dir='ltr'><strong>tale</strong></span> 
     </span>
    </p>
   </div>
   <div class='ocr_carea' id='block_1_8' title="bbox 2323 694 3975 766">
    <p class='ocr_par' dir='ltr' id='par_1_8' title="bbox 2329 694 3975 766">
     <span class='ocr_line' id='line_1_8' title="bbox 2329 694 3975 766; baseline -0.001 -18"><span class='ocrx_word' id='word_1_49' title='bbox 2329 696 2531 766; x_wconf 88' lang='grc' dir='ltr'>συρίων</span> <span class='ocrx_word' id='word_1_50' title='bbox 2581 696 2676 748; x_wconf 74' lang='grc' dir='ltr'>καὶ</span> <span class='ocrx_word' id='word_1_51' title='bbox 2723 694 2832 748; x_wconf 88' lang='grc' dir='ltr'><strong>τῶν</strong></span> <span class='ocrx_word' id='word_1_52' title='bbox 2870 695 2966 747; x_wconf 83' lang='grc' dir='ltr'>σὺν</span> <span class='ocrx_word' id='word_1_53' title='bbox 3019 695 3202 757; x_wconf 84' lang='grc' dir='ltr'>αὐτοῖς</span> <span class='ocrx_word' id='word_1_54' title='bbox 3255 694 3772 765; x_wconf 80' lang='grc' dir='ltr'><strong>καταλεχθέντων</strong></span> <span class='ocrx_word' id='word_1_55' title='bbox 3829 695 3975 752; x_wconf 55' lang='lat' dir='ltr'><strong>Elin-Tn</strong></span> 
     </span>
    </p>
   </div>
   <div class='ocr_carea' id='block_1_9' title="bbox 650 784 2223 860">
    <p class='ocr_par' dir='ltr' id='par_1_9' title="bbox 650 787 2150 860">
     <span class='ocr_line' id='line_1_9' title="bbox 650 787 2150 860; baseline -0.001 -17"><span class='ocrx_word' id='word_1_56' title='bbox 650 787 881 844; x_wconf 78' lang='lat' dir='ltr'><strong>Romani</strong></span> <span class='ocrx_word' id='word_1_57' title='bbox 915 798 1038 860; x_wconf 84' lang='lat' dir='ltr'><strong>post</strong></span> <span class='ocrx_word' id='word_1_58' title='bbox 1069 790 1274 844; x_wconf 87' lang='lat' dir='ltr'><strong>illatam</strong></span> <span class='ocrx_word' id='word_1_59' title='bbox 1305 789 1451 860; x_wconf 89' lang='lat' dir='ltr'><strong>genti</strong></span> <span class='ocrx_word' id='word_1_60' title='bbox 1482 789 1694 844; x_wconf 86' lang='lat' dir='ltr'><strong>cladem</strong></span> <span class='ocrx_word' id='word_1_61' title='bbox 1723 789 1974 860; x_wconf 85' lang='lat' dir='ltr'><strong>perpessi</strong></span> <span class='ocrx_word' id='word_1_62' title='bbox 2001 797 2150 845; x_wconf 88' lang='lat' dir='ltr'><strong>sunt.</strong></span> 
     </span>
    </p>
   </div>
   <div class='ocr_carea' id='block_1_10' title="bbox 2323 784 3976 860">
    <p class='ocr_par' dir='ltr' id='par_1_10' title="bbox 2330 784 3976 860">
     <span class='ocr_line' id='line_1_10' title="bbox 2330 784 3976 860; baseline -0.002 -19"><span class='ocrx_word' id='word_1_63' title='bbox 2330 784 2752 860; x_wconf 83' lang='grc' dir='ltr'>προφητεύεται.</span> <span class='ocrx_word' id='word_1_64' title='bbox 2780 784 2855 837; x_wconf 87' lang='grc' dir='ltr'>Ού</span> <span class='ocrx_word' id='word_1_65' title='bbox 2889 785 2995 856; x_wconf 80' lang='grc' dir='ltr'>μὴν</span> <span class='ocrx_word' id='word_1_66' title='bbox 3021 785 3116 837; x_wconf 74' lang='grc' dir='ltr'>καὶ</span> <span class='ocrx_word' id='word_1_67' title='bbox 3136 785 3264 856; x_wconf 68' lang='grc' dir='ltr'>περὶ</span> <span class='ocrx_word' id='word_1_68' title='bbox 3287 784 3395 838; x_wconf 91' lang='grc' dir='ltr'><strong>τῶν</strong></span> <span class='ocrx_word' id='word_1_69' title='bbox 3417 785 3516 856; x_wconf 76' lang='grc' dir='ltr'>τὴν</span> <span class='ocrx_word' id='word_1_70' title='bbox 3553 784 3874 854; x_wconf 65' lang='grc' dir='ltr'>ὑπάτην</span> <span class='ocrx_word' id='word_1_71' title='bbox 3905 801 3976 838; x_wconf 63' lang='grc' dir='ltr'>ει</span> 
     </span>
    </p>
   </div>
   <div class='ocr_carea' id='block_1_11' title="bbox 648 879 3974 960">
    <p class='ocr_par' dir='ltr' id='par_1_11' title="bbox 648 879 3974 960">
     <span class='ocr_line' id='line_1_11' title="bbox 648 879 3974 960; baseline -0.002 -23"><span class='ocrx_word' id='word_1_72' title='bbox 648 882 892 955; x_wconf 80' lang='grc' dir='ltr'>λιορκίαν</span> <span class='ocrx_word' id='word_1_73' title='bbox 925 883 1063 954; x_wconf 72' lang='grc' dir='ltr'>μετὰ</span> <span class='ocrx_word' id='word_1_74' title='bbox 1089 883 1188 954; x_wconf 82' lang='grc' dir='ltr'>τὴν</span> <span class='ocrx_word' id='word_1_75' title='bbox 1207 883 1300 936; x_wconf 86' lang='grc' dir='ltr'>τοῦ</span> <span class='ocrx_word' id='word_1_76' title='bbox 1332 883 1586 956; x_wconf 84' lang='grc' dir='ltr'><strong>Σωτῆρος</strong></span> <span class='ocrx_word' id='word_1_77' title='bbox 1616 884 1774 956; x_wconf 79' lang='grc' dir='ltr'>ἡμῶν</span> <span class='ocrx_word' id='word_1_78' title='bbox 1840 885 2144 960; x_wconf 81' lang='grc' dir='ltr'><strong>παρουσίαν</strong></span> <span class='ocrx_word' id='word_1_79' title='bbox 2200 882 2685 956; x_wconf 77' lang='grc' dir='ltr'><strong>κατειργασμένων</strong></span> <span class='ocrx_word' id='word_1_80' title='bbox 2703 881 2931 936; x_wconf 80' lang='grc' dir='ltr'>τοιαῦτα</span> <span class='ocrx_word' id='word_1_81' title='bbox 2976 897 3101 934; x_wconf 89' lang='grc' dir='ltr'>τινα</span> <span class='ocrx_word' id='word_1_82' title='bbox 3169 881 3416 954; x_wconf 76' lang='grc' dir='ltr'>ἐφέρετο.</span> <span class='ocrx_word' id='word_1_83' title='bbox 3453 880 3558 933; x_wconf 78' lang='grc' dir='ltr'><strong>Διὸ</strong></span> <span class='ocrx_word' id='word_1_84' title='bbox 3599 879 3810 932; x_wconf 76' lang='grc' dir='ltr'>οὐδὲν</span> <span class='ocrx_word' id='word_1_85' title='bbox 3865 880 3974 932; x_wconf 65' lang='lat' dir='ltr'><strong>&#39;Pb</strong></span> 
     </span>
    </p>
   </div>
   <div class='ocr_carea' id='block_1_12' title="bbox 652 974 2616 1047">
    <p class='ocr_par' dir='ltr' id='par_1_12' title="bbox 652 974 2616 1047">
     <span class='ocr_line' id='line_1_12' title="bbox 652 974 2616 1047; baseline -0.003 -17"><span class='ocrx_word' id='word_1_86' title='bbox 652 978 801 1047; x_wconf 87' lang='grc' dir='ltr'><strong>μαίοι</strong></span> <span class='ocrx_word' id='word_1_87' title='bbox 827 974 1069 1029; x_wconf 72' lang='grc' dir='ltr'>τοιοῦτον</span> <span class='ocrx_word' id='word_1_88' title='bbox 1099 974 1400 1028; x_wconf 82' lang='grc' dir='ltr'>πεπόνθασι</span> <span class='ocrx_word' id='word_1_89' title='bbox 1438 975 1576 1046; x_wconf 84' lang='grc' dir='ltr'>μετὰ</span> <span class='ocrx_word' id='word_1_90' title='bbox 1609 975 1706 1047; x_wconf 82' lang='grc' dir='ltr'>τὴν</span> <span class='ocrx_word' id='word_1_91' title='bbox 1732 975 1875 1029; x_wconf 84' lang='grc' dir='ltr'>κατὰ</span> <span class='ocrx_word' id='word_1_92' title='bbox 1905 975 2000 1030; x_wconf 80' lang='grc' dir='ltr'><strong>τοῦ</strong></span> <span class='ocrx_word' id='word_1_93' title='bbox 2034 975 2219 1038; x_wconf 78' lang='grc' dir='ltr'><strong>ἔθνους</strong></span> <span class='ocrx_word' id='word_1_94' title='bbox 2256 974 2616 1046; x_wconf 76' lang='grc' dir='ltr'>ἐπιχείρησιν.</span> 
     </span>
    </p>
   </div>
   <div class='ocr_carea' id='block_1_13' title="bbox 721 1087 2223 1162">
    <p class='ocr_par' dir='ltr' id='par_1_13' title="bbox 721 1092 2213 1162">
     <span class='ocr_line' id='line_1_13' title="bbox 721 1092 2213 1162; baseline -0.001 -15"><span class='ocrx_word' id='word_1_95' title='bbox 721 1093 888 1149; x_wconf 76' lang='lat' dir='ltr'><strong>Vsus.</strong></span> <span class='ocrx_word' id='word_1_96' title='bbox 916 1093 1002 1147; x_wconf 75' lang='lat' dir='ltr'><strong>M.</strong></span> <span class='ocrx_word' id='word_1_97' title='bbox 1034 1092 1173 1148; x_wconf 83' lang='lat' dir='ltr'><strong>Deus</strong></span> <span class='ocrx_word' id='word_1_98' title='bbox 1205 1109 1370 1158; x_wconf 86' lang='lat' dir='ltr'><strong>meus,</strong></span> <span class='ocrx_word' id='word_1_99' title='bbox 1389 1109 1521 1162; x_wconf 87' lang='lat' dir='ltr'><strong>pone</strong></span> <span class='ocrx_word' id='word_1_100' title='bbox 1545 1093 1668 1146; x_wconf 86' lang='lat' dir='ltr'><strong>illos</strong></span> <span class='ocrx_word' id='word_1_101' title='bbox 1692 1101 1750 1146; x_wconf 88' lang='lat' dir='ltr'><strong>ut</strong></span> <span class='ocrx_word' id='word_1_102' title='bbox 1776 1101 1970 1157; x_wconf 88' lang='lat' dir='ltr'><strong>rotam,</strong></span> <span class='ocrx_word' id='word_1_103' title='bbox 1998 1102 2048 1146; x_wconf 89' lang='lat' dir='ltr'><strong>ct</strong></span> <span class='ocrx_word' id='word_1_104' title='bbox 2075 1093 2213 1146; x_wconf 95' lang='lat' dir='ltr'><strong>sicut</strong></span> 
     </span>
    </p>
   </div>
   <div class='ocr_carea' id='block_1_14' title="bbox 2323 1087 3977 1162">
    <p class='ocr_par' dir='ltr' id='par_1_14' title="bbox 2414 1087 3977 1158">
     <span class='ocr_line' id='line_1_14' title="bbox 2414 1087 3977 1158; baseline -0.002 -14"><span class='ocrx_word' id='word_1_105' title='bbox 2414 1091 2466 1143; x_wconf 84' lang='lat'><strong>&#39;0</strong></span> <span class='ocrx_word' id='word_1_106' title='bbox 2489 1091 2634 1156; x_wconf 87' lang='grc' dir='ltr'>Θεός</span> <span class='ocrx_word' id='word_1_107' title='bbox 2661 1106 2802 1158; x_wconf 81' lang='grc' dir='ltr'>μου,</span> <span class='ocrx_word' id='word_1_108' title='bbox 2843 1087 2950 1142; x_wconf 87' lang='grc' dir='ltr'><strong>θοῦ</strong></span> <span class='ocrx_word' id='word_1_109' title='bbox 2974 1087 3197 1153; x_wconf 82' lang='grc' dir='ltr'>αὐτοὺς</span> <span class='ocrx_word' id='word_1_110' title='bbox 3227 1088 3308 1154; x_wconf 89' lang='grc' dir='ltr'>ὡς</span> <span class='ocrx_word' id='word_1_111' title='bbox 3341 1087 3604 1156; x_wconf 77' lang='grc' dir='ltr'>τροχὸν.</span> <span class='ocrx_word' id='word_1_112' title='bbox 3639 1087 3748 1154; x_wconf 84' lang='grc' dir='ltr'><strong>ὡς</strong></span> <span class='ocrx_word' id='word_1_113' title='bbox 3787 1091 3977 1141; x_wconf 72' lang='grc' dir='ltr'>κα,ὶό-</span> 
     </span>
    </p>
   </div>
   <div class='ocr_carea' id='block_1_15' title="bbox 647 1177 2223 1258">
    <p class='ocr_par' dir='ltr' id='par_1_15' title="bbox 647 1183 2222 1258">
     <span class='ocr_line' id='line_1_15' title="bbox 647 1183 2222 1258; baseline -0.003 -16"><span class='ocrx_word' id='word_1_114' title='bbox 647 1186 901 1258; x_wconf 84' lang='lat' dir='ltr'><strong>stipulam</strong></span> <span class='ocrx_word' id='word_1_115' title='bbox 936 1194 1058 1240; x_wconf 83' lang='lat' dir='ltr'><strong>ante</strong></span> <span class='ocrx_word' id='word_1_116' title='bbox 1089 1185 1280 1255; x_wconf 76' lang='lat' dir='ltr'><strong>faciem</strong></span> <span class='ocrx_word' id='word_1_117' title='bbox 1318 1186 1478 1240; x_wconf 75' lang='lat' dir='ltr'><strong>venti.</strong></span> <span class='ocrx_word' id='word_1_118' title='bbox 1517 1183 1637 1238; x_wconf 82' lang='lat' dir='ltr'><strong>Non</strong></span> <span class='ocrx_word' id='word_1_119' title='bbox 1676 1185 2062 1255; x_wconf 82' lang='lat' dir='ltr'><strong>intempestive</strong></span> <span class='ocrx_word' id='word_1_120' title='bbox 2086 1183 2222 1238; x_wconf 84' lang='lat' dir='ltr'><strong>Pro-</strong></span> 
     </span>
    </p>
   </div>
   <div class='ocr_carea' id='block_1_16' title="bbox 2323 1177 3972 1258">
    <p class='ocr_par' dir='ltr' id='par_1_16' title="bbox 2323 1177 3972 1254">
     <span class='ocr_line' id='line_1_16' title="bbox 2323 1177 3972 1254; baseline -0.012 -16"><span class='ocrx_word' id='word_1_121' title='bbox 2323 1199 2448 1254; x_wconf 80' lang='grc' dir='ltr'><strong>μην</strong></span> <span class='ocrx_word' id='word_1_122' title='bbox 2469 1180 2618 1235; x_wconf 81' lang='grc' dir='ltr'>κατὰ</span> <span class='ocrx_word' id='word_1_123' title='bbox 2643 1180 2972 1248; x_wconf 75' lang='grc' dir='ltr'>πρόσωπον</span> <span class='ocrx_word' id='word_1_124' title='bbox 3000 1177 3249 1247; x_wconf 82' lang='grc' dir='ltr'><strong>ἀνέμου.</strong></span> <span class='ocrx_word' id='word_1_125' title='bbox 3290 1179 3404 1231; x_wconf 82' lang='grc' dir='ltr'><strong>Οὐκ</strong></span> <span class='ocrx_word' id='word_1_126' title='bbox 3436 1177 3736 1248; x_wconf 76' lang='grc' dir='ltr'>ἀκαίρως</span> <span class='ocrx_word' id='word_1_127' title='bbox 3771 1180 3810 1230; x_wconf 77' lang='grc' dir='ltr'><strong>ὀ</strong></span> <span class='ocrx_word' id='word_1_128' title='bbox 3835 1179 3972 1246; x_wconf 58' lang='grc' dir='ltr'><strong>Πρη-</strong></span> 
     </span>
    </p>
   </div>
   <div class='ocr_carea' id='block_1_17' title="bbox 648 1267 2223 1350">
    <p class='ocr_par' dir='ltr' id='par_1_17' title="bbox 648 1275 2223 1350">
     <span class='ocr_line' id='line_1_17' title="bbox 648 1275 2223 1350; baseline -0.001 -19"><span class='ocrx_word' id='word_1_129' title='bbox 648 1279 849 1350; x_wconf 84' lang='lat' dir='ltr'><strong>pheta,</strong></span> <span class='ocrx_word' id='word_1_130' title='bbox 902 1276 1012 1331; x_wconf 91' lang='lat' dir='ltr'><strong>imo</strong></span> <span class='ocrx_word' id='word_1_131' title='bbox 1051 1277 1236 1348; x_wconf 87' lang='lat' dir='ltr'><strong>potius</strong></span> <span class='ocrx_word' id='word_1_132' title='bbox 1275 1277 1330 1331; x_wconf 91' lang='lat' dir='ltr'><strong>in</strong></span> <span class='ocrx_word' id='word_1_133' title='bbox 1363 1293 1430 1332; x_wconf 92' lang='lat' dir='ltr'><strong>eo</strong></span> <span class='ocrx_word' id='word_1_134' title='bbox 1470 1275 1709 1348; x_wconf 89' lang='lat' dir='ltr'><strong>Spiritus</strong></span> <span class='ocrx_word' id='word_1_135' title='bbox 1748 1284 1974 1331; x_wconf 83' lang='lat' dir='ltr'><strong>sanctus</strong></span> <span class='ocrx_word' id='word_1_136' title='bbox 1998 1315 2014 1340; x_wconf 94' lang='lat'><strong>,</strong></span> <span class='ocrx_word' id='word_1_137' title='bbox 2054 1275 2223 1331; x_wconf 92' lang='lat' dir='ltr'><strong>Deum</strong></span> 
     </span>
    </p>
   </div>
   <div class='ocr_carea' id='block_1_18' title="bbox 2323 1267 3970 1350">
    <p class='ocr_par' dir='ltr' id='par_1_18' title="bbox 2327 1267 3970 1345">
     <span class='ocr_line' id='line_1_18' title="bbox 2327 1267 3970 1345; baseline -0.004 -18"><span class='ocrx_word' id='word_1_138' title='bbox 2327 1274 2524 1345; x_wconf 81' lang='grc' dir='ltr'>φήτης,</span> <span class='ocrx_word' id='word_1_139' title='bbox 2553 1269 2752 1342; x_wconf 79' lang='grc' dir='ltr'>μᾶλλον</span> <span class='ocrx_word' id='word_1_140' title='bbox 2776 1269 2834 1323; x_wconf 83' lang='grc' dir='ltr'><strong>δὲ</strong></span> <span class='ocrx_word' id='word_1_141' title='bbox 2857 1269 2918 1322; x_wconf 82' lang='grc' dir='ltr'>τὸ</span> <span class='ocrx_word' id='word_1_142' title='bbox 2947 1269 3004 1320; x_wconf 88' lang='grc' dir='ltr'><strong>ἑν</strong></span> <span class='ocrx_word' id='word_1_143' title='bbox 3016 1267 3165 1339; x_wconf 86' lang='grc' dir='ltr'><strong>αύτῴ</strong></span> <span class='ocrx_word' id='word_1_144' title='bbox 3184 1267 3336 1337; x_wconf 75' lang='grc' dir='ltr'>ἅγιον</span> <span class='ocrx_word' id='word_1_145' title='bbox 3365 1267 3636 1338; x_wconf 75' lang='grc' dir='ltr'>Πνεῦμα,</span> <span class='ocrx_word' id='word_1_146' title='bbox 3678 1268 3970 1322; x_wconf 64' lang='lat' dir='ltr'><strong>tam.</strong></span> 
     </span>
    </p>
   </div>
   <div class='ocr_carea' id='block_1_19' title="bbox 647 1359 2223 1437">
    <p class='ocr_par' dir='ltr' id='par_1_19' title="bbox 647 1365 2223 1437">
     <span class='ocr_line' id='line_1_19' title="bbox 647 1365 2223 1437; baseline -0.001 -15"><span class='ocrx_word' id='word_1_147' title='bbox 647 1377 708 1422; x_wconf 92' lang='lat' dir='ltr'><strong>ut</strong></span> <span class='ocrx_word' id='word_1_148' title='bbox 738 1367 845 1423; x_wconf 86' lang='lat' dir='ltr'><strong>sibi</strong></span> <span class='ocrx_word' id='word_1_149' title='bbox 880 1367 1162 1437; x_wconf 81' lang='lat' dir='ltr'><strong>proprium</strong></span> <span class='ocrx_word' id='word_1_150' title='bbox 1189 1367 1246 1422; x_wconf 93' lang='lat' dir='ltr'><strong>in</strong></span> <span class='ocrx_word' id='word_1_151' title='bbox 1279 1365 1592 1436; x_wconf 86' lang='lat' dir='ltr'><strong>bujusmodi</strong></span> <span class='ocrx_word' id='word_1_152' title='bbox 1619 1367 1936 1422; x_wconf 90' lang='lat' dir='ltr'><strong>narratione</strong></span> <span class='ocrx_word' id='word_1_153' title='bbox 1960 1375 2223 1422; x_wconf 85' lang='lat' dir='ltr'><strong>memorat</strong></span> 
     </span>
    </p>
   </div>
   <div class='ocr_carea' id='block_1_20' title="bbox 2323 1359 3960 1437">
    <p class='ocr_par' dir='ltr' id='par_1_20' title="bbox 2327 1359 3960 1434">
     <span class='ocr_line' id='line_1_20' title="bbox 2327 1359 3960 1434; baseline -0.004 -14"><span class='ocrx_word' id='word_1_154' title='bbox 2327 1383 2418 1420; x_wconf 90' lang='grc' dir='ltr'><strong>ται</strong></span> <span class='ocrx_word' id='word_1_155' title='bbox 2442 1365 2532 1419; x_wconf 83' lang='grc' dir='ltr'>τὸν</span> <span class='ocrx_word' id='word_1_156' title='bbox 2559 1363 2691 1417; x_wconf 84' lang='grc' dir='ltr'><strong>Θεὸν</strong></span> <span class='ocrx_word' id='word_1_157' title='bbox 2745 1363 2804 1415; x_wconf 87' lang='grc' dir='ltr'><strong>ἑν</strong></span> <span class='ocrx_word' id='word_1_158' title='bbox 2848 1364 2913 1433; x_wconf 83' lang='grc' dir='ltr'><strong>τῇ</strong></span> <span class='ocrx_word' id='word_1_159' title='bbox 2950 1359 3288 1434; x_wconf 79' lang='grc' dir='ltr'>προκειμένῃ</span> <span class='ocrx_word' id='word_1_160' title='bbox 3335 1361 3547 1432; x_wconf 77' lang='grc' dir='ltr'><strong>ἱστορίᾳ</strong></span> <span class='ocrx_word' id='word_1_161' title='bbox 3607 1362 3904 1430; x_wconf 70' lang='grc' dir='ltr'>φάσκον,</span> <span class='ocrx_word' id='word_1_162' title='bbox 3941 1371 3960 1414; x_wconf 74' lang='lat' dir='ltr'><strong>c‘</strong></span> 
     </span>
    </p>
   </div>
   <div class='ocr_carea' id='block_1_21' title="bbox 645 1450 2223 1528">
    <p class='ocr_par' dir='ltr' id='par_1_21' title="bbox 645 1456 2223 1528">
     <span class='ocr_line' id='line_1_21' title="bbox 645 1456 2223 1528; baseline -0.003 -13"><span class='ocrx_word' id='word_1_163' title='bbox 645 1461 870 1522; x_wconf 85' lang='lat' dir='ltr'><strong>dicens,</strong></span> <span class='ocrx_word' id='word_1_164' title='bbox 908 1457 1048 1512; x_wconf 88' lang='lat' dir='ltr'><strong>Deus</strong></span> <span class='ocrx_word' id='word_1_165' title='bbox 1083 1474 1227 1512; x_wconf 85' lang='lat' dir='ltr'><strong>meus</strong></span> <span class='ocrx_word' id='word_1_166' title='bbox 1254 1473 1273 1512; x_wconf 92' lang='lat'><em>:</em></span> <span class='ocrx_word' id='word_1_167' title='bbox 1308 1473 1485 1528; x_wconf 90' lang='lat' dir='ltr'><strong>neque</strong></span> <span class='ocrx_word' id='word_1_168' title='bbox 1514 1457 1661 1512; x_wconf 90' lang='lat' dir='ltr'><strong>enim</strong></span> <span class='ocrx_word' id='word_1_169' title='bbox 1691 1458 1808 1522; x_wconf 92' lang='lat' dir='ltr'><strong>ait,</strong></span> <span class='ocrx_word' id='word_1_170' title='bbox 1842 1456 1981 1513; x_wconf 89' lang='lat' dir='ltr'><strong>Deus</strong></span> <span class='ocrx_word' id='word_1_171' title='bbox 2015 1467 2223 1522; x_wconf 85' lang='lat' dir='ltr'><strong>noster;</strong></span> 
     </span>
    </p>
   </div>
   <div class='ocr_carea' id='block_1_22' title="bbox 2323 1450 3960 1528">
    <p class='ocr_par' dir='ltr' id='par_1_22' title="bbox 2332 1450 3960 1525">
     <span class='ocr_line' id='line_1_22' title="bbox 2332 1450 3960 1525; baseline -0.002 -15"><span class='ocrx_word' id='word_1_172' title='bbox 2332 1456 2476 1522; x_wconf 86' lang='grc' dir='ltr'>Θεός</span> <span class='ocrx_word' id='word_1_173' title='bbox 2495 1472 2615 1525; x_wconf 83' lang='grc' dir='ltr'>μου</span> <span class='ocrx_word' id='word_1_174' title='bbox 2632 1472 2646 1486; x_wconf 87' lang='grc'><strong>·</strong></span> <span class='ocrx_word' id='word_1_175' title='bbox 2675 1454 2736 1507; x_wconf 80' lang='grc' dir='ltr'><strong>ού</strong></span> <span class='ocrx_word' id='word_1_176' title='bbox 2757 1453 2864 1524; x_wconf 81' lang='grc' dir='ltr'><strong>γὰρ</strong></span> <span class='ocrx_word' id='word_1_177' title='bbox 2884 1492 2900 1516; x_wconf 91' lang='grc'><strong>,</strong></span> <span class='ocrx_word' id='word_1_178' title='bbox 2924 1456 2957 1507; x_wconf 88' lang='grc' dir='ltr'><strong><em>ό</em></strong></span> <span class='ocrx_word' id='word_1_179' title='bbox 2984 1450 3128 1519; x_wconf 85' lang='grc' dir='ltr'><strong>Θεὸς</strong></span> <span class='ocrx_word' id='word_1_180' title='bbox 3146 1451 3334 1521; x_wconf 74' lang='grc' dir='ltr'>ἡμῶν,</span> <span class='ocrx_word' id='word_1_181' title='bbox 3354 1453 3541 1524; x_wconf 75' lang='grc' dir='ltr'>φησὶν,</span> <span class='ocrx_word' id='word_1_182' title='bbox 3571 1453 3727 1506; x_wconf 77' lang='grc' dir='ltr'>ἀλλ’</span> <span class='ocrx_word' id='word_1_183' title='bbox 3755 1456 3800 1506; x_wconf 84' lang='grc' dir='ltr'><em>ὁ</em></span> <span class='ocrx_word' id='word_1_184' title='bbox 3833 1456 3960 1519; x_wconf 68' lang='grc' dir='ltr'>Θαὶς</span> 
     </span>
    </p>
   </div>
   <div class='ocr_carea' id='block_1_23' title="bbox 648 1543 2223 1619">
    <p class='ocr_par' dir='ltr' id='par_1_23' title="bbox 648 1549 2223 1619">
     <span class='ocr_line' id='line_1_23' title="bbox 648 1549 2223 1619; baseline -0.001 -13"><span class='ocrx_word' id='word_1_185' title='bbox 648 1551 779 1614; x_wconf 89' lang='lat' dir='ltr'><strong>sed,</strong></span> <span class='ocrx_word' id='word_1_186' title='bbox 820 1550 961 1604; x_wconf 85' lang='lat' dir='ltr'><strong>Deus</strong></span> <span class='ocrx_word' id='word_1_187' title='bbox 1001 1565 1180 1613; x_wconf 85' lang='lat' dir='ltr'><strong>meus;</strong></span> <span class='ocrx_word' id='word_1_188' title='bbox 1211 1550 1372 1619; x_wconf 89' lang='lat' dir='ltr'><strong>quasi</strong></span> <span class='ocrx_word' id='word_1_189' title='bbox 1411 1549 1494 1606; x_wconf 83' lang='lat' dir='ltr'><strong>vel</strong></span> <span class='ocrx_word' id='word_1_190' title='bbox 1533 1566 1677 1606; x_wconf 90' lang='lat' dir='ltr'><strong>unus</strong></span> <span class='ocrx_word' id='word_1_191' title='bbox 1714 1557 1965 1615; x_wconf 88' lang='lat' dir='ltr'><strong>tantum,</strong></span> <span class='ocrx_word' id='word_1_192' title='bbox 2005 1551 2088 1606; x_wconf 79' lang='lat' dir='ltr'><strong>vel</strong></span> <span class='ocrx_word' id='word_1_193' title='bbox 2128 1550 2223 1605; x_wconf 83' lang='lat' dir='ltr'><strong>ad-</strong></span> 
     </span>
    </p>
   </div>
   <div class='ocr_carea' id='block_1_24' title="bbox 2323 1543 3954 1619">
    <p class='ocr_par' dir='ltr' id='par_1_24' title="bbox 2323 1543 3954 1616">
     <span class='ocr_line' id='line_1_24' title="bbox 2323 1543 3954 1616; baseline -0.001 -16"><span class='ocrx_word' id='word_1_194' title='bbox 2323 1563 2464 1615; x_wconf 82' lang='grc' dir='ltr'>μου,</span> <span class='ocrx_word' id='word_1_195' title='bbox 2505 1545 2581 1610; x_wconf 86' lang='grc' dir='ltr'><strong>ὡς</strong></span> <span class='ocrx_word' id='word_1_196' title='bbox 2624 1544 2690 1600; x_wconf 78' lang='grc' dir='ltr'>ἂν</span> <span class='ocrx_word' id='word_1_197' title='bbox 2746 1543 2866 1608; x_wconf 88' lang='grc' dir='ltr'>ἑνός</span> <span class='ocrx_word' id='word_1_198' title='bbox 2895 1559 2998 1597; x_wconf 88' lang='grc' dir='ltr'><strong>που</strong></span> <span class='ocrx_word' id='word_1_199' title='bbox 3040 1543 3134 1597; x_wconf 58' lang='grc' dir='ltr'><strong>καὶ⁵</strong></span> <span class='ocrx_word' id='word_1_200' title='bbox 3169 1543 3395 1597; x_wconf 79' lang='grc' dir='ltr'>σπανίου</span> <span class='ocrx_word' id='word_1_201' title='bbox 3422 1543 3954 1616; x_wconf 65' lang='grc' dir='ltr'>περιλελειμμένο.</span> 
     </span>
    </p>
   </div>
   <div class='ocr_carea' id='block_1_25' title="bbox 647 1634 2223 1714">
    <p class='ocr_par' dir='ltr' id='par_1_25' title="bbox 647 1642 2223 1714">
     <span class='ocr_line' id='line_1_25' title="bbox 647 1642 2223 1714; baseline 0.001 -16"><span class='ocrx_word' id='word_1_202' title='bbox 647 1643 870 1698; x_wconf 90' lang='lat' dir='ltr'><strong>modum</strong></span> <span class='ocrx_word' id='word_1_203' title='bbox 903 1643 1062 1714; x_wconf 86' lang='lat' dir='ltr'><strong>pauci</strong></span> <span class='ocrx_word' id='word_1_204' title='bbox 1095 1653 1342 1712; x_wconf 90' lang='lat' dir='ltr'><strong>tempore</strong></span> <span class='ocrx_word' id='word_1_205' title='bbox 1377 1642 1730 1713; x_wconf 81' lang='lat' dir='ltr'><strong>Assyriorum</strong></span> <span class='ocrx_word' id='word_1_206' title='bbox 1768 1643 2074 1699; x_wconf 89' lang='lat' dir='ltr'><strong>obsidionis</strong></span> <span class='ocrx_word' id='word_1_207' title='bbox 2117 1642 2223 1699; x_wconf 91' lang='lat' dir='ltr'><strong>Deo</strong></span> 
     </span>
    </p>
   </div>
   <div class='ocr_carea' id='block_1_26' title="bbox 2323 1634 3954 1714">
    <p class='ocr_par' dir='ltr' id='par_1_26' title="bbox 2329 1634 3954 1708">
     <span class='ocr_line' id='line_1_26' title="bbox 2329 1634 3954 1708; baseline -0.002 -16"><span class='ocrx_word' id='word_1_208' title='bbox 2329 1637 2471 1692; x_wconf 78' lang='grc' dir='ltr'>κατὰ</span> <span class='ocrx_word' id='word_1_209' title='bbox 2503 1637 2596 1690; x_wconf 80' lang='grc' dir='ltr'>τὸν</span> <span class='ocrx_word' id='word_1_210' title='bbox 2632 1635 2943 1708; x_wconf 83' lang='grc' dir='ltr'>δηλωθέντα</span> <span class='ocrx_word' id='word_1_211' title='bbox 2973 1635 3164 1708; x_wconf 81' lang='grc' dir='ltr'>καιρὸν</span> <span class='ocrx_word' id='word_1_212' title='bbox 3190 1634 3290 1706; x_wconf 84' lang='grc' dir='ltr'>τῆς</span> <span class='ocrx_word' id='word_1_213' title='bbox 3323 1635 3431 1688; x_wconf 91' lang='grc' dir='ltr'><strong>τῶν</strong></span> <span class='ocrx_word' id='word_1_214' title='bbox 3483 1636 3842 1707; x_wconf 73' lang='grc' dir='ltr'><strong>Ἀσσυρίων</strong></span> <span class='ocrx_word' id='word_1_215' title='bbox 3877 1655 3954 1688; x_wconf 69' lang='lat'><strong>=5-</strong></span> 
     </span>
    </p>
   </div>
   <div class='ocr_carea' id='block_1_27' title="bbox 647 1726 2223 1807">
    <p class='ocr_par' dir='ltr' id='par_1_27' title="bbox 647 1733 2223 1807">
     <span class='ocr_line' id='line_1_27' title="bbox 647 1733 2223 1807; baseline -0.001 -15"><span class='ocrx_word' id='word_1_216' title='bbox 647 1736 798 1807; x_wconf 87' lang='lat' dir='ltr'><strong>digni</strong></span> <span class='ocrx_word' id='word_1_217' title='bbox 838 1735 1013 1789; x_wconf 83' lang='lat' dir='ltr'><strong>relicti</strong></span> <span class='ocrx_word' id='word_1_218' title='bbox 1054 1734 1280 1788; x_wconf 80' lang='lat' dir='ltr'><strong>fuerint.</strong></span> <span class='ocrx_word' id='word_1_219' title='bbox 1323 1733 1457 1787; x_wconf 85' lang='lat' dir='ltr'><strong>Nam</strong></span> <span class='ocrx_word' id='word_1_220' title='bbox 1497 1750 1622 1789; x_wconf 90' lang='lat' dir='ltr'><strong>cum</strong></span> <span class='ocrx_word' id='word_1_221' title='bbox 1663 1736 1900 1806; x_wconf 84' lang='lat' dir='ltr'><strong>populus</strong></span> <span class='ocrx_word' id='word_1_222' title='bbox 1935 1735 2115 1792; x_wconf 90' lang='lat' dir='ltr'><strong>omnis</strong></span> <span class='ocrx_word' id='word_1_223' title='bbox 2145 1735 2223 1791; x_wconf 90' lang='lat' dir='ltr'><strong>la-</strong></span> 
     </span>
    </p>
   </div>
   <div class='ocr_carea' id='block_1_28' title="bbox 2323 1726 3954 1807">
    <p class='ocr_par' dir='ltr' id='par_1_28' title="bbox 2330 1726 3954 1803">
     <span class='ocr_line' id='line_1_28' title="bbox 2330 1726 3954 1803; baseline -0.002 -18"><span class='ocrx_word' id='word_1_224' title='bbox 2330 1730 2596 1803; x_wconf 78' lang='grc' dir='ltr'>λιορκίας,</span> <span class='ocrx_word' id='word_1_225' title='bbox 2641 1726 2792 1794; x_wconf 79' lang='grc' dir='ltr'>ἀξίου</span> <span class='ocrx_word' id='word_1_226' title='bbox 2822 1727 2916 1781; x_wconf 81' lang='grc' dir='ltr'><strong>τοῦ</strong></span> <span class='ocrx_word' id='word_1_227' title='bbox 2947 1727 3104 1782; x_wconf 78' lang='grc' dir='ltr'>Θεοῦ.</span> <span class='ocrx_word' id='word_1_228' title='bbox 3147 1727 3233 1791; x_wconf 82' lang='grc' dir='ltr'>Ὠς</span> <span class='ocrx_word' id='word_1_229' title='bbox 3271 1727 3382 1800; x_wconf 79' lang='grc' dir='ltr'><strong>γὰρ</strong></span> <span class='ocrx_word' id='word_1_230' title='bbox 3418 1726 3510 1781; x_wconf 80' lang='grc' dir='ltr'><strong>τοῦ</strong></span> <span class='ocrx_word' id='word_1_231' title='bbox 3544 1727 3713 1782; x_wconf 77' lang='grc' dir='ltr'>λαοῦ</span> <span class='ocrx_word' id='word_1_232' title='bbox 3753 1731 3954 1790; x_wconf 65' lang='grc' dir='ltr'>παγεὶς</span> 
     </span>
    </p>
   </div>
   <div class='ocr_carea' id='block_1_29' title="bbox 647 1819 2223 1900">
    <p class='ocr_par' dir='ltr' id='par_1_29' title="bbox 647 1827 2223 1900">
     <span class='ocr_line' id='line_1_29' title="bbox 647 1827 2223 1900; baseline 0.002 -19"><span class='ocrx_word' id='word_1_233' title='bbox 647 1843 781 1900; x_wconf 84' lang='lat' dir='ltr'><strong>psus</strong></span> <span class='ocrx_word' id='word_1_234' title='bbox 827 1835 882 1882; x_wconf 86' lang='lat' dir='ltr'><strong>et</strong></span> <span class='ocrx_word' id='word_1_235' title='bbox 934 1833 1286 1897; x_wconf 85' lang='lat' dir='ltr'><strong>peccatorum</strong></span> <span class='ocrx_word' id='word_1_236' title='bbox 1333 1839 1502 1880; x_wconf 90' lang='lat' dir='ltr'><strong>causa</strong></span> <span class='ocrx_word' id='word_1_237' title='bbox 1557 1827 1940 1884; x_wconf 85' lang='lat' dir='ltr'><strong>obsidentibus</strong></span> <span class='ocrx_word' id='word_1_238' title='bbox 1989 1829 2223 1884; x_wconf 89' lang='lat' dir='ltr'><strong>traditus</strong></span> 
     </span>
    </p>
   </div>
   <div class='ocr_carea' id='block_1_30' title="bbox 2323 1819 3956 1900">
    <p class='ocr_par' dir='ltr' id='par_1_30' title="bbox 2325 1819 3956 1893">
     <span class='ocr_line' id='line_1_30' title="bbox 2325 1819 3956 1893; baseline -0.003 -16"><span class='ocrx_word' id='word_1_239' title='bbox 2325 1823 2669 1886; x_wconf 80' lang='grc' dir='ltr'>ἐκπεσόντος,</span> <span class='ocrx_word' id='word_1_240' title='bbox 2707 1823 2801 1875; x_wconf 82' lang='grc' dir='ltr'>καὶ</span> <span class='ocrx_word' id='word_1_241' title='bbox 2817 1820 2908 1874; x_wconf 78' lang='grc' dir='ltr'><strong>διὰ</strong></span> <span class='ocrx_word' id='word_1_242' title='bbox 2935 1819 3033 1885; x_wconf 79' lang='grc' dir='ltr'>τὰς</span> <span class='ocrx_word' id='word_1_243' title='bbox 3063 1820 3340 1893; x_wconf 79' lang='grc' dir='ltr'>ἁμαρτίας</span> <span class='ocrx_word' id='word_1_244' title='bbox 3366 1824 3482 1885; x_wconf 85' lang='grc' dir='ltr'>τοῖς</span> <span class='ocrx_word' id='word_1_245' title='bbox 3527 1822 3956 1893; x_wconf 67' lang='grc' dir='ltr'>πολιορκητά</span> 
     </span>
    </p>
   </div>
   <div class='ocr_carea' id='block_1_31' title="bbox 647 1917 2226 1990">
    <p class='ocr_par' dir='ltr' id='par_1_31' title="bbox 647 1917 2226 1990">
     <span class='ocr_line' id='line_1_31' title="bbox 647 1917 2226 1990; baseline 0 -14"><span class='ocrx_word' id='word_1_246' title='bbox 647 1930 828 1984; x_wconf 86' lang='lat' dir='ltr'><strong>esset,</strong></span> <span class='ocrx_word' id='word_1_247' title='bbox 869 1934 979 1974; x_wconf 90' lang='lat' dir='ltr'><strong>non</strong></span> <span class='ocrx_word' id='word_1_248' title='bbox 1014 1919 1376 1974; x_wconf 89' lang='lat' dir='ltr'><strong>communiter</strong></span> <span class='ocrx_word' id='word_1_249' title='bbox 1417 1917 1584 1973; x_wconf 91' lang='lat' dir='ltr'><strong>Deum</strong></span> <span class='ocrx_word' id='word_1_250' title='bbox 1623 1921 1955 1990; x_wconf 87' lang='lat' dir='ltr'><strong>compellat;</strong></span> <span class='ocrx_word' id='word_1_251' title='bbox 2012 1921 2109 1978; x_wconf 86' lang='lat' dir='ltr'><strong>sed</strong></span> <span class='ocrx_word' id='word_1_252' title='bbox 2156 1937 2226 1978; x_wconf 80' lang='lat' dir='ltr'><strong>ex</strong></span> 
     </span>
    </p>
   </div>
   <div class='ocr_carea' id='block_1_32' title="bbox 654 2008 2228 2082">
    <p class='ocr_par' dir='ltr' id='par_1_32' title="bbox 654 2008 2228 2082">
     <span class='ocr_line' id='line_1_32' title="bbox 654 2008 2228 2082; baseline 0 -17"><span class='ocrx_word' id='word_1_253' title='bbox 654 2011 877 2082; x_wconf 86' lang='lat' dir='ltr'><strong>propria</strong></span> <span class='ocrx_word' id='word_1_254' title='bbox 907 2025 1138 2080; x_wconf 85' lang='lat' dir='ltr'><strong>persona</strong></span> <span class='ocrx_word' id='word_1_255' title='bbox 1161 2009 1241 2064; x_wconf 91' lang='lat' dir='ltr'><strong>sic</strong></span> <span class='ocrx_word' id='word_1_256' title='bbox 1268 2008 1434 2064; x_wconf 85' lang='lat' dir='ltr'><strong>inlert</strong></span> <span class='ocrx_word' id='word_1_257' title='bbox 1459 2028 1472 2064; x_wconf 88' lang='lat'><strong>:</strong></span> <span class='ocrx_word' id='word_1_258' title='bbox 1493 2008 1637 2064; x_wconf 84' lang='lat' dir='ltr'><strong>Deus</strong></span> <span class='ocrx_word' id='word_1_259' title='bbox 1658 2026 1823 2076; x_wconf 83' lang='lat' dir='ltr'><strong>meus,</strong></span> <span class='ocrx_word' id='word_1_260' title='bbox 1854 2027 1987 2080; x_wconf 86' lang='lat' dir='ltr'><strong>pone</strong></span> <span class='ocrx_word' id='word_1_261' title='bbox 2017 2012 2138 2066; x_wconf 90' lang='lat' dir='ltr'><strong>illos</strong></span> <span class='ocrx_word' id='word_1_262' title='bbox 2169 2019 2228 2065; x_wconf 90' lang='lat' dir='ltr'><strong>ut</strong></span> 
     </span>
    </p>
   </div>
   <div class='ocr_carea' id='block_1_33' title="bbox 648 2102 2224 2171">
    <p class='ocr_par' dir='ltr' id='par_1_33' title="bbox 648 2102 2224 2171">
     <span class='ocr_line' id='line_1_33' title="bbox 648 2102 2224 2171; baseline 0.002 -16"><span class='ocrx_word' id='word_1_263' title='bbox 648 2112 842 2157; x_wconf 86' lang='lat' dir='ltr'><strong>rotam.</strong></span> <span class='ocrx_word' id='word_1_264' title='bbox 880 2102 954 2156; x_wconf 80' lang='lat' dir='ltr'><strong>Ea</strong></span> <span class='ocrx_word' id='word_1_265' title='bbox 989 2111 1174 2158; x_wconf 91' lang='lat' dir='ltr'><strong>autem</strong></span> <span class='ocrx_word' id='word_1_266' title='bbox 1203 2109 1338 2156; x_wconf 80' lang='lat' dir='ltr'><strong>rota:</strong></span> <span class='ocrx_word' id='word_1_267' title='bbox 1362 2111 1560 2156; x_wconf 90' lang='lat' dir='ltr'><strong>natura</strong></span> <span class='ocrx_word' id='word_1_268' title='bbox 1592 2111 1711 2170; x_wconf 90' lang='lat' dir='ltr'><strong>est,</strong></span> <span class='ocrx_word' id='word_1_269' title='bbox 1741 2111 1802 2158; x_wconf 93' lang='lat' dir='ltr'><strong>ut</strong></span> <span class='ocrx_word' id='word_1_270' title='bbox 1830 2104 2087 2161; x_wconf 81' lang='lat' dir='ltr'><strong>volubilis</strong></span> <span class='ocrx_word' id='word_1_271' title='bbox 2118 2103 2224 2171; x_wconf 88' lang='lat' dir='ltr'><strong>sit,</strong></span> 
     </span>
    </p>
   </div>
   <div class='ocr_carea' id='block_1_34' title="bbox 649 2193 2229 2252">
    <p class='ocr_par' dir='ltr' id='par_1_34' title="bbox 649 2193 2229 2252">
     <span class='ocr_line' id='line_1_34' title="bbox 649 2193 2229 2252; baseline 0.001 -1"><span class='ocrx_word' id='word_1_272' title='bbox 649 2211 750 2251; x_wconf 87' lang='lat' dir='ltr'><strong>nec</strong></span> <span class='ocrx_word' id='word_1_273' title='bbox 778 2195 974 2251; x_wconf 91' lang='lat' dir='ltr'><strong>eodem</strong></span> <span class='ocrx_word' id='word_1_274' title='bbox 1003 2195 1057 2250; x_wconf 90' lang='lat' dir='ltr'><strong>in</strong></span> <span class='ocrx_word' id='word_1_275' title='bbox 1093 2195 1216 2250; x_wconf 90' lang='lat' dir='ltr'><strong>loco</strong></span> <span class='ocrx_word' id='word_1_276' title='bbox 1252 2194 1544 2249; x_wconf 86' lang='lat' dir='ltr'><strong>consistat.</strong></span> <span class='ocrx_word' id='word_1_277' title='bbox 1581 2193 1733 2248; x_wconf 85' lang='lat' dir='ltr'><strong>Talis</strong></span> <span class='ocrx_word' id='word_1_278' title='bbox 1761 2210 1889 2251; x_wconf 81' lang='lat' dir='ltr'><strong>vero</strong></span> <span class='ocrx_word' id='word_1_279' title='bbox 1917 2203 2032 2250; x_wconf 88' lang='lat' dir='ltr'><strong>tota</strong></span> <span class='ocrx_word' id='word_1_280' title='bbox 2077 2195 2229 2252; x_wconf 83' lang='lat' dir='ltr'><strong>athe-</strong></span> 
     </span>
    </p>
   </div>
   <div class='ocr_carea' id='block_1_35' title="bbox 646 2285 2228 2358">
    <p class='ocr_par' dir='ltr' id='par_1_35' title="bbox 646 2285 2228 2358">
     <span class='ocr_line' id='line_1_35' title="bbox 646 2285 2228 2358; baseline 0 -15"><span class='ocrx_word' id='word_1_281' title='bbox 646 2303 807 2343; x_wconf 94' lang='lat' dir='ltr'><strong>orum</strong></span> <span class='ocrx_word' id='word_1_282' title='bbox 840 2290 949 2342; x_wconf 82' lang='lat' dir='ltr'><strong>vita</strong></span> <span class='ocrx_word' id='word_1_283' title='bbox 979 2296 1063 2342; x_wconf 91' lang='lat' dir='ltr'><strong>est</strong></span> <span class='ocrx_word' id='word_1_284' title='bbox 1083 2327 1098 2351; x_wconf 92' lang='lat'><strong>,</strong></span> <span class='ocrx_word' id='word_1_285' title='bbox 1131 2302 1253 2357; x_wconf 72' lang='lat' dir='ltr'><strong>qua:</strong></span> <span class='ocrx_word' id='word_1_286' title='bbox 1282 2295 1494 2342; x_wconf 91' lang='lat' dir='ltr'><strong>certum</strong></span> <span class='ocrx_word' id='word_1_287' title='bbox 1524 2285 1590 2340; x_wconf 91' lang='lat' dir='ltr'><strong>ad</strong></span> <span class='ocrx_word' id='word_1_288' title='bbox 1635 2294 1852 2358; x_wconf 89' lang='lat' dir='ltr'><strong>tempus</strong></span> <span class='ocrx_word' id='word_1_289' title='bbox 1896 2287 1953 2342; x_wconf 88' lang='lat' dir='ltr'><strong>in</strong></span> <span class='ocrx_word' id='word_1_290' title='bbox 1992 2288 2228 2344; x_wconf 89' lang='lat' dir='ltr'><strong>sublime</strong></span> 
     </span>
    </p>
   </div>
   <div class='ocr_carea' id='block_1_36' title="bbox 647 2378 2224 2443">
    <p class='ocr_par' dir='ltr' id='par_1_36' title="bbox 647 2378 2224 2443">
     <span class='ocr_line' id='line_1_36' title="bbox 647 2378 2224 2443; baseline -0.001 -8"><span class='ocrx_word' id='word_1_291' title='bbox 647 2388 842 2435; x_wconf 86' lang='lat' dir='ltr'><strong>evecta</strong></span> <span class='ocrx_word' id='word_1_292' title='bbox 863 2419 877 2443; x_wconf 98' lang='lat'><strong>,</strong></span> <span class='ocrx_word' id='word_1_293' title='bbox 909 2378 1109 2434; x_wconf 88' lang='lat' dir='ltr'><strong>deinde</strong></span> <span class='ocrx_word' id='word_1_294' title='bbox 1142 2379 1319 2433; x_wconf 88' lang='lat' dir='ltr'><strong>instar</strong></span> <span class='ocrx_word' id='word_1_295' title='bbox 1349 2387 1485 2432; x_wconf 83' lang='lat' dir='ltr'><strong>rotae</strong></span> <span class='ocrx_word' id='word_1_296' title='bbox 1511 2379 1568 2431; x_wconf 88' lang='lat' dir='ltr'><strong>in</strong></span> <span class='ocrx_word' id='word_1_297' title='bbox 1602 2378 1940 2434; x_wconf 90' lang='lat' dir='ltr'><strong>contrarium</strong></span> <span class='ocrx_word' id='word_1_298' title='bbox 1973 2379 2224 2434; x_wconf 88' lang='lat' dir='ltr'><strong>vertitur.</strong></span> 
     </span>
    </p>
   </div>
   <div class='ocr_carea' id='block_1_37' title="bbox 647 2469 2229 2542">
    <p class='ocr_par' dir='ltr' id='par_1_37' title="bbox 647 2469 2229 2542">
     <span class='ocr_line' id='line_1_37' title="bbox 647 2469 2229 2542; baseline 0.001 -16"><span class='ocrx_word' id='word_1_299' title='bbox 647 2471 890 2526; x_wconf 87' lang='lat' dir='ltr'><strong>Primum</strong></span> <span class='ocrx_word' id='word_1_300' title='bbox 930 2472 1136 2542; x_wconf 84' lang='lat' dir='ltr'><strong>itaque.</strong></span> <span class='ocrx_word' id='word_1_301' title='bbox 1168 2469 1313 2525; x_wconf 87' lang='lat' dir='ltr'><strong>Pone</strong></span> <span class='ocrx_word' id='word_1_302' title='bbox 1341 2470 1464 2526; x_wconf 90' lang='lat' dir='ltr'><strong>illos</strong></span> <span class='ocrx_word' id='word_1_303' title='bbox 1494 2481 1552 2524; x_wconf 90' lang='lat' dir='ltr'><strong>ut</strong></span> <span class='ocrx_word' id='word_1_304' title='bbox 1582 2481 1788 2535; x_wconf 88' lang='lat' dir='ltr'><strong>rotam,</strong></span> <span class='ocrx_word' id='word_1_305' title='bbox 1823 2472 1996 2540; x_wconf 90' lang='lat' dir='ltr'><strong>inquit</strong></span> <span class='ocrx_word' id='word_1_306' title='bbox 2029 2489 2045 2540; x_wconf 89' lang='lat'><strong>;</strong></span> <span class='ocrx_word' id='word_1_307' title='bbox 2077 2471 2229 2528; x_wconf 81' lang='lat' dir='ltr'><strong>dein--</strong></span> 
     </span>
    </p>
   </div>
   <div class='ocr_carea' id='block_1_38' title="bbox 649 2559 2226 2632">
    <p class='ocr_par' dir='ltr' id='par_1_38' title="bbox 649 2559 2226 2632">
     <span class='ocr_line' id='line_1_38' title="bbox 649 2559 2226 2632; baseline 0.002 -19"><span class='ocrx_word' id='word_1_308' title='bbox 649 2563 750 2626; x_wconf 73' lang='lat' dir='ltr'><strong>ile,</strong></span> <span class='ocrx_word' id='word_1_309' title='bbox 790 2559 997 2632; x_wconf 73' lang='lat' dir='ltr'><strong>(Vens.</strong></span> <span class='ocrx_word' id='word_1_310' title='bbox 1033 2560 1137 2632; x_wconf 81' lang='lat' dir='ltr'><strong>l5)</strong></span> <span class='ocrx_word' id='word_1_311' title='bbox 1183 2562 1324 2615; x_wconf 87' lang='lat' dir='ltr'><strong>sicut</strong></span> <span class='ocrx_word' id='word_1_312' title='bbox 1375 2560 1631 2630; x_wconf 81' lang='lat' dir='ltr'><strong>stipulam</strong></span> <span class='ocrx_word' id='word_1_313' title='bbox 1661 2571 1782 2617; x_wconf 85' lang='lat' dir='ltr'><strong>ante</strong></span> <span class='ocrx_word' id='word_1_314' title='bbox 1823 2561 2013 2631; x_wconf 78' lang='lat' dir='ltr'><strong>faciem</strong></span> <span class='ocrx_word' id='word_1_315' title='bbox 2057 2563 2226 2629; x_wconf 78' lang='lat' dir='ltr'><strong>venti,</strong></span> 
     </span>
    </p>
   </div>
   <div class='ocr_carea' id='block_1_39' title="bbox 2327 1910 3952 1984">
    <p class='ocr_par' dir='ltr' id='par_1_39' title="bbox 2327 1910 3952 1984">
     <span class='ocr_line' id='line_1_39' title="bbox 2327 1910 3952 1984; baseline -0.002 -18"><span class='ocrx_word' id='word_1_316' title='bbox 2327 1911 2741 1984; x_wconf 79' lang='grc' dir='ltr'>παραδοθέντος,</span> <span class='ocrx_word' id='word_1_317' title='bbox 2769 1911 2832 1964; x_wconf 83' lang='grc' dir='ltr'><strong>ού</strong></span> <span class='ocrx_word' id='word_1_318' title='bbox 2857 1913 3152 1964; x_wconf 88' lang='grc' dir='ltr'>κοινοποιεῖ</span> <span class='ocrx_word' id='word_1_319' title='bbox 3169 1910 3267 1982; x_wconf 84' lang='grc' dir='ltr'>τὴν</span> <span class='ocrx_word' id='word_1_320' title='bbox 3282 1911 3572 1984; x_wconf 72' lang='grc' dir='ltr'>ἐπίκλησιν</span> <span class='ocrx_word' id='word_1_321' title='bbox 3591 1930 3610 1942; x_wconf 81' lang='grc'><em>’</em></span> <span class='ocrx_word' id='word_1_322' title='bbox 3645 1911 3726 1976; x_wconf 72' lang='grc' dir='ltr'><strong>ἐξ</strong></span> <span class='ocrx_word' id='word_1_323' title='bbox 3751 1913 3952 1964; x_wconf 68' lang='grc' dir='ltr'>οἰκείου</span> 
     </span>
    </p>
   </div>
   <div class='ocr_carea' id='block_1_40' title="bbox 2324 2000 3952 2074">
    <p class='ocr_par' dir='ltr' id='par_1_40' title="bbox 2324 2000 3952 2074">
     <span class='ocr_line' id='line_1_40' title="bbox 2324 2000 3952 2074; baseline -0.001 -17"><span class='ocrx_word' id='word_1_324' title='bbox 2324 2004 2382 2058; x_wconf 84' lang='grc' dir='ltr'><strong>δὲ</strong></span> <span class='ocrx_word' id='word_1_325' title='bbox 2416 2003 2578 2074; x_wconf 85' lang='grc' dir='ltr'>μόνου</span> <span class='ocrx_word' id='word_1_326' title='bbox 2606 2000 2897 2074; x_wconf 83' lang='grc' dir='ltr'>προσώπου</span> <span class='ocrx_word' id='word_1_327' title='bbox 2923 2003 3118 2071; x_wconf 72' lang='grc' dir='ltr'>ἐπάγει</span> <span class='ocrx_word' id='word_1_328' title='bbox 3144 2003 3301 2073; x_wconf 81' lang='grc' dir='ltr'>λέγον</span> <span class='ocrx_word' id='word_1_329' title='bbox 3323 2019 3340 2034; x_wconf 83' lang='grc'><strong>·</strong></span> <span class='ocrx_word' id='word_1_330' title='bbox 3377 2003 3432 2056; x_wconf 84' lang='lat'><strong>&#39;0</strong></span> <span class='ocrx_word' id='word_1_331' title='bbox 3454 2004 3606 2070; x_wconf 83' lang='grc' dir='ltr'>Θεός</span> <span class='ocrx_word' id='word_1_332' title='bbox 3638 2021 3818 2074; x_wconf 75' lang='grc' dir='ltr'>μου,</span> <span class='ocrx_word' id='word_1_333' title='bbox 3857 2005 3952 2058; x_wconf 54' lang='lat' dir='ltr'><strong>ac?</strong></span> 
     </span>
    </p>
   </div>
   <div class='ocr_carea' id='block_1_41' title="bbox 2323 2095 3948 2167">
    <p class='ocr_par' dir='ltr' id='par_1_41' title="bbox 2323 2095 3948 2167">
     <span class='ocr_line' id='line_1_41' title="bbox 2323 2095 3948 2167; baseline -0.002 -14"><span class='ocrx_word' id='word_1_334' title='bbox 2323 2096 2547 2162; x_wconf 82' lang='grc' dir='ltr'>αὐτοὺς</span> <span class='ocrx_word' id='word_1_335' title='bbox 2585 2095 2667 2162; x_wconf 83' lang='grc' dir='ltr'>ὡς</span> <span class='ocrx_word' id='word_1_336' title='bbox 2709 2095 2948 2164; x_wconf 84' lang='grc' dir='ltr'>τροχόν.</span> <span class='ocrx_word' id='word_1_337' title='bbox 2996 2095 3205 2167; x_wconf 85' lang='grc' dir='ltr'>Τροχοῦ</span> <span class='ocrx_word' id='word_1_338' title='bbox 3233 2095 3291 2149; x_wconf 83' lang='grc' dir='ltr'><strong>δὲ</strong></span> <span class='ocrx_word' id='word_1_339' title='bbox 3330 2095 3494 2164; x_wconf 83' lang='grc' dir='ltr'>φύσις</span> <span class='ocrx_word' id='word_1_340' title='bbox 3529 2096 3820 2167; x_wconf 77' lang='grc' dir='ltr'>στρεπτή</span> <span class='ocrx_word' id='word_1_341' title='bbox 3873 2099 3948 2149; x_wconf 62' lang='grc' dir='ltr'>κέ</span> 
     </span>
    </p>
   </div>
   <div class='ocr_carea' id='block_1_42' title="bbox 2321 2185 3948 2258">
    <p class='ocr_par' dir='ltr' id='par_1_42' title="bbox 2321 2185 3948 2258">
     <span class='ocr_line' id='line_1_42' title="bbox 2321 2185 3948 2258; baseline -0.001 -16"><span class='ocrx_word' id='word_1_342' title='bbox 2321 2189 2419 2258; x_wconf 78' lang='grc' dir='ltr'><strong>οὐχ</strong></span> <span class='ocrx_word' id='word_1_343' title='bbox 2451 2185 2664 2240; x_wconf 81' lang='grc' dir='ltr'>ἑστῶσα</span> <span class='ocrx_word' id='word_1_344' title='bbox 2696 2188 2755 2240; x_wconf 80' lang='grc' dir='ltr'>ἐν</span> <span class='ocrx_word' id='word_1_345' title='bbox 2781 2185 2984 2258; x_wconf 81' lang='grc' dir='ltr'><strong>ταύτῷ.</strong></span> <span class='ocrx_word' id='word_1_346' title='bbox 3007 2187 3262 2252; x_wconf 87' lang='grc' dir='ltr'>Τοιοῦτος</span> <span class='ocrx_word' id='word_1_347' title='bbox 3302 2188 3360 2242; x_wconf 85' lang='grc' dir='ltr'><strong>δὲ</strong></span> <span class='ocrx_word' id='word_1_348' title='bbox 3399 2191 3511 2253; x_wconf 79' lang='grc' dir='ltr'>πᾶς</span> <span class='ocrx_word' id='word_1_349' title='bbox 3546 2190 3578 2242; x_wconf 85' lang='grc' dir='ltr'><strong>ό</strong></span> <span class='ocrx_word' id='word_1_350' title='bbox 3606 2189 3748 2242; x_wconf 80' lang='grc' dir='ltr'><strong>τῶν</strong></span> <span class='ocrx_word' id='word_1_351' title='bbox 3773 2188 3948 2243; x_wconf 63' lang='lat' dir='ltr'><strong>esse.</strong></span> 
     </span>
    </p>
   </div>
   <div class='ocr_carea' id='block_1_43' title="bbox 2327 2282 3948 2359">
    <p class='ocr_par' dir='ltr' id='par_1_43' title="bbox 2327 2282 3948 2359">
     <span class='ocr_line' id='line_1_43' title="bbox 2327 2282 3948 2359; baseline 0.002 -22"><span class='ocrx_word' id='word_1_352' title='bbox 2327 2284 2462 2355; x_wconf 72' lang='grc' dir='ltr'>βίος,</span> <span class='ocrx_word' id='word_1_353' title='bbox 2490 2282 2668 2355; x_wconf 78' lang='grc' dir='ltr'>καιρῷ</span> <span class='ocrx_word' id='word_1_354' title='bbox 2701 2284 2800 2354; x_wconf 73' lang='grc' dir='ltr'>μὲν</span> <span class='ocrx_word' id='word_1_355' title='bbox 2821 2285 2902 2348; x_wconf 83' lang='grc' dir='ltr'><strong>είς</strong></span> <span class='ocrx_word' id='word_1_356' title='bbox 2935 2283 3069 2355; x_wconf 78' lang='grc' dir='ltr'>ὕψος</span> <span class='ocrx_word' id='word_1_357' title='bbox 3096 2285 3478 2357; x_wconf 80' lang='grc' dir='ltr'>ἑπαιρόμενος,</span> <span class='ocrx_word' id='word_1_358' title='bbox 3507 2282 3640 2340; x_wconf 81' lang='grc' dir='ltr'>εἶτα</span> <span class='ocrx_word' id='word_1_359' title='bbox 3697 2289 3948 2359; x_wconf 58' lang='grc' dir='ltr'>στροφήν</span> 
     </span>
    </p>
   </div>
   <div class='ocr_carea' id='block_1_44' title="bbox 2325 2374 3944 2450">
    <p class='ocr_par' dir='ltr' id='par_1_44' title="bbox 2325 2374 3944 2450">
     <span class='ocr_line' id='line_1_44' title="bbox 2325 2374 3944 2450; baseline 0.001 -21"><span class='ocrx_word' id='word_1_360' title='bbox 2325 2375 2648 2444; x_wconf 84' lang='grc' dir='ltr'>ποιούμενος</span> <span class='ocrx_word' id='word_1_361' title='bbox 2675 2374 2773 2446; x_wconf 83' lang='grc' dir='ltr'>τὴν</span> <span class='ocrx_word' id='word_1_362' title='bbox 2802 2376 2896 2430; x_wconf 72' lang='grc' dir='ltr'>ἑπὶ</span> <span class='ocrx_word' id='word_1_363' title='bbox 2929 2377 3261 2443; x_wconf 79' lang='grc' dir='ltr'>τούναντίον,</span> <span class='ocrx_word' id='word_1_364' title='bbox 3283 2377 3463 2450; x_wconf 81' lang='grc' dir='ltr'>τροχῷ</span> <span class='ocrx_word' id='word_1_365' title='bbox 3490 2379 3944 2450; x_wconf 71' lang='grc' dir='ltr'>παραπλησίως.</span> 
     </span>
    </p>
   </div>
   <div class='ocr_carea' id='block_1_45' title="bbox 2327 2465 3944 2539">
    <p class='ocr_par' dir='ltr' id='par_1_45' title="bbox 2327 2465 3944 2539">
     <span class='ocr_line' id='line_1_45' title="bbox 2327 2465 3944 2539; baseline 0.001 -19"><span class='ocrx_word' id='word_1_366' title='bbox 2327 2466 2553 2539; x_wconf 89' lang='grc' dir='ltr'>Πρῶτον</span> <span class='ocrx_word' id='word_1_367' title='bbox 2573 2467 2776 2532; x_wconf 81' lang='grc' dir='ltr'>τοίνυν,</span> <span class='ocrx_word' id='word_1_368' title='bbox 2807 2465 2926 2521; x_wconf 87' lang='grc' dir='ltr'>Θοῦ</span> <span class='ocrx_word' id='word_1_369' title='bbox 2950 2469 3174 2535; x_wconf 84' lang='grc' dir='ltr'>αὐτοὺς</span> <span class='ocrx_word' id='word_1_370' title='bbox 3187 2469 3267 2535; x_wconf 84' lang='grc' dir='ltr'><strong>ὡς</strong></span> <span class='ocrx_word' id='word_1_371' title='bbox 3289 2468 3526 2538; x_wconf 74' lang='grc' dir='ltr'>τροχὸν,</span> <span class='ocrx_word' id='word_1_372' title='bbox 3551 2470 3747 2539; x_wconf 80' lang='grc' dir='ltr'>φησίν</span> <span class='ocrx_word' id='word_1_373' title='bbox 3768 2486 3785 2499; x_wconf 78' lang='grc' dir='ltr'><strong><em>ο</em></strong></span> 
     </span>
    </p>
   </div>
   <div class='ocr_carea' id='block_1_46' title="bbox 2325 2557 3940 2628">
    <p class='ocr_par' dir='ltr' id='par_1_46' title="bbox 2325 2557 3940 2628">
     <span class='ocr_line' id='line_1_46' title="bbox 2325 2557 3940 2628; baseline 0 -16"><span class='ocrx_word' id='word_1_374' title='bbox 2325 2559 2405 2626; x_wconf 84' lang='grc' dir='ltr'><strong>ὡς</strong></span> <span class='ocrx_word' id='word_1_375' title='bbox 2437 2557 2720 2628; x_wconf 71' lang='grc' dir='ltr'>καλάμην</span> <span class='ocrx_word' id='word_1_376' title='bbox 2757 2559 2909 2614; x_wconf 85' lang='grc' dir='ltr'>κατὰ</span> <span class='ocrx_word' id='word_1_377' title='bbox 2946 2559 3270 2628; x_wconf 82' lang='grc' dir='ltr'>πρόσωπον</span> <span class='ocrx_word' id='word_1_378' title='bbox 3293 2559 3517 2628; x_wconf 78' lang='grc' dir='ltr'><strong>ἀνέμου</strong></span> <span class='ocrx_word' id='word_1_379' title='bbox 3537 2575 3554 2590; x_wconf 85' lang='grc'><strong>·</strong></span> <span class='ocrx_word' id='word_1_380' title='bbox 3588 2559 3702 2612; x_wconf 77' lang='grc' dir='ltr'>καὶ</span> <span class='ocrx_word' id='word_1_381' title='bbox 3731 2599 3750 2624; x_wconf 88' lang='grc'><strong>,</strong></span> <span class='ocrx_word' id='word_1_382' title='bbox 3805 2560 3940 2613; x_wconf 72' lang='grc' dir='ltr'>ὡσεὶ</span> 
     </span>
    </p>
   </div>
   <div class='ocr_carea' id='block_1_47' title="bbox 642 2649 2223 2724">
    <p class='ocr_par' dir='ltr' id='par_1_47' title="bbox 642 2652 2223 2724">
     <span class='ocr_line' id='line_1_47' title="bbox 642 2652 2223 2724; baseline -0.001 -14"><span class='ocrx_word' id='word_1_383' title='bbox 642 2660 739 2718; x_wconf 80' lang='lat' dir='ltr'><strong>et,</strong></span> <span class='ocrx_word' id='word_1_384' title='bbox 783 2653 918 2707; x_wconf 85' lang='lat' dir='ltr'><strong>sicut</strong></span> <span class='ocrx_word' id='word_1_385' title='bbox 947 2652 1083 2724; x_wconf 83' lang='lat' dir='ltr'><strong>ignis</strong></span> <span class='ocrx_word' id='word_1_386' title='bbox 1111 2653 1201 2723; x_wconf 87' lang='lat' dir='ltr'><strong>qui</strong></span> <span class='ocrx_word' id='word_1_387' title='bbox 1229 2655 1496 2708; x_wconf 75' lang='lat' dir='ltr'><strong>comburat</strong></span> <span class='ocrx_word' id='word_1_388' title='bbox 1538 2653 1742 2724; x_wconf 75' lang='lat' dir='ltr'><strong>sylram</strong></span> <span class='ocrx_word' id='word_1_389' title='bbox 1767 2671 1786 2720; x_wconf 89' lang='lat'><strong><em>;</em></strong></span> <span class='ocrx_word' id='word_1_390' title='bbox 1815 2655 1919 2711; x_wconf 86' lang='lat' dir='ltr'><strong>sub</strong></span> <span class='ocrx_word' id='word_1_391' title='bbox 1947 2655 2093 2719; x_wconf 69' lang='lat' dir='ltr'><strong>haec,</strong></span> <span class='ocrx_word' id='word_1_392' title='bbox 2125 2655 2223 2709; x_wconf 86' lang='lat' dir='ltr'><strong>sic-</strong></span> 
     </span>
    </p>
   </div>
   <div class='ocr_carea' id='block_1_48' title="bbox 2323 2649 3938 2724">
    <p class='ocr_par' dir='ltr' id='par_1_48' title="bbox 2328 2649 3938 2722">
     <span class='ocr_line' id='line_1_48' title="bbox 2328 2649 3938 2722; baseline 0.001 -18"><span class='ocrx_word' id='word_1_393' title='bbox 2328 2649 2468 2720; x_wconf 77' lang='grc' dir='ltr'>πῦρ,</span> <span class='ocrx_word' id='word_1_394' title='bbox 2513 2651 2546 2705; x_wconf 82' lang='grc' dir='ltr'>ὃ</span> <span class='ocrx_word' id='word_1_395' title='bbox 2566 2651 2874 2721; x_wconf 73' lang='grc' dir='ltr'>διαφλέεει</span> <span class='ocrx_word' id='word_1_396' title='bbox 2895 2651 3156 2722; x_wconf 79' lang='grc' dir='ltr'><strong>δρυμόν·</strong></span> <span class='ocrx_word' id='word_1_397' title='bbox 3217 2652 3314 2705; x_wconf 81' lang='grc' dir='ltr'>καὶ</span> <span class='ocrx_word' id='word_1_398' title='bbox 3369 2651 3464 2705; x_wconf 76' lang='grc' dir='ltr'><strong>ἐπὶ</strong></span> <span class='ocrx_word' id='word_1_399' title='bbox 3505 2651 3772 2717; x_wconf 80' lang='grc' dir='ltr'>τούτοις,</span> <span class='ocrx_word' id='word_1_400' title='bbox 3803 2654 3938 2705; x_wconf 53' lang='lat' dir='ltr'><strong>(ira</strong></span> 
     </span>
    </p>
   </div>
   <div class='ocr_carea' id='block_1_49' title="bbox 643 2743 2228 2817">
    <p class='ocr_par' dir='ltr' id='par_1_49' title="bbox 643 2743 2228 2817">
     <span class='ocr_line' id='line_1_49' title="bbox 643 2743 2228 2817; baseline 0.003 -19"><span class='ocrx_word' id='word_1_401' title='bbox 643 2751 708 2798; x_wconf 70' lang='lat' dir='ltr'><strong>ut</strong></span> <span class='ocrx_word' id='word_1_402' title='bbox 762 2743 986 2814; x_wconf 77' lang='lat' dir='ltr'><strong>flamma</strong></span> <span class='ocrx_word' id='word_1_403' title='bbox 1042 2759 1159 2814; x_wconf 76' lang='lat' dir='ltr'><strong>qua:</strong></span> <span class='ocrx_word' id='word_1_404' title='bbox 1199 2743 1468 2800; x_wconf 88' lang='lat' dir='ltr'><strong>comburet</strong></span> <span class='ocrx_word' id='word_1_405' title='bbox 1519 2755 1740 2801; x_wconf 82' lang='lat' dir='ltr'><strong>montes.</strong></span> <span class='ocrx_word' id='word_1_406' title='bbox 1794 2749 1951 2817; x_wconf 83' lang='lat' dir='ltr'><strong>Ipsos</strong></span> <span class='ocrx_word' id='word_1_407' title='bbox 1988 2760 2228 2817; x_wconf 87' lang='lat' dir='ltr'><strong>namque</strong></span> 
     </span>
    </p>
   </div>
   <div class='ocr_carea' id='block_1_50' title="bbox 2328 2743 3936 2816">
    <p class='ocr_par' dir='ltr' id='par_1_50' title="bbox 2328 2743 3936 2816">
     <span class='ocr_line' id='line_1_50' title="bbox 2328 2743 3936 2816; baseline -0.001 -16"><span class='ocrx_word' id='word_1_408' title='bbox 2328 2744 2509 2815; x_wconf 74' lang='grc' dir='ltr'>φλὸξ,</span> <span class='ocrx_word' id='word_1_409' title='bbox 2542 2743 2583 2814; x_wconf 74' lang='grc' dir='ltr'><strong>ἡ</strong></span> <span class='ocrx_word' id='word_1_410' title='bbox 2625 2746 2992 2800; x_wconf 79' lang='grc' dir='ltr'>κατακαύσει</span> <span class='ocrx_word' id='word_1_411' title='bbox 3009 2745 3138 2814; x_wconf 81' lang='grc' dir='ltr'>ὅρη.</span> <span class='ocrx_word' id='word_1_412' title='bbox 3173 2745 3381 2809; x_wconf 77' lang='grc' dir='ltr'>Αὐτοὺς</span> <span class='ocrx_word' id='word_1_413' title='bbox 3417 2745 3527 2816; x_wconf 78' lang='grc' dir='ltr'><strong>γὰρ</strong></span> <span class='ocrx_word' id='word_1_414' title='bbox 3575 2747 3718 2798; x_wconf 79' lang='grc' dir='ltr'>κατ’</span> <span class='ocrx_word' id='word_1_415' title='bbox 3761 2746 3936 2799; x_wconf 71' lang='grc' dir='ltr'>αῠτῶι</span> 
     </span>
    </p>
   </div>
   <div class='ocr_carea' id='block_1_51' title="bbox 642 2833 2223 2910">
    <p class='ocr_par' dir='ltr' id='par_1_51' title="bbox 642 2835 2223 2910">
     <span class='ocr_line' id='line_1_51' title="bbox 642 2835 2223 2910; baseline 0.002 -19"><span class='ocrx_word' id='word_1_416' title='bbox 642 2835 942 2892; x_wconf 72' lang='lat' dir='ltr'><strong>adversum</strong></span> <span class='ocrx_word' id='word_1_417' title='bbox 1019 2835 1232 2906; x_wconf 88' lang='lat' dir='ltr'><strong>seipsos</strong></span> <span class='ocrx_word' id='word_1_418' title='bbox 1302 2837 1714 2894; x_wconf 86' lang='lat' dir='ltr'><strong>insurrecturos</strong></span> <span class='ocrx_word' id='word_1_419' title='bbox 1745 2877 1761 2904; x_wconf 91' lang='lat'><strong>,</strong></span> <span class='ocrx_word' id='word_1_420' title='bbox 1821 2853 1886 2893; x_wconf 87' lang='lat' dir='ltr'><strong>ac</strong></span> <span class='ocrx_word' id='word_1_421' title='bbox 1939 2838 2044 2894; x_wconf 88' lang='lat' dir='ltr'><strong>sibi</strong></span> <span class='ocrx_word' id='word_1_422' title='bbox 2098 2837 2223 2910; x_wconf 76' lang='lat' dir='ltr'><strong>ipsis</strong></span> 
     </span>
    </p>
   </div>
   <div class='ocr_carea' id='block_1_52' title="bbox 2323 2833 3922 2910">
    <p class='ocr_par' dir='ltr' id='par_1_52' title="bbox 2326 2833 3922 2908">
     <span class='ocr_line' id='line_1_52' title="bbox 2326 2833 3922 2908; baseline -0.001 -16"><span class='ocrx_word' id='word_1_423' title='bbox 2326 2839 2716 2902; x_wconf 83' lang='grc' dir='ltr'>ἑπαναστῆναι,</span> <span class='ocrx_word' id='word_1_424' title='bbox 2746 2838 2842 2892; x_wconf 77' lang='grc' dir='ltr'>καὶ</span> <span class='ocrx_word' id='word_1_425' title='bbox 2867 2838 2933 2891; x_wconf 84' lang='grc' dir='ltr'><strong>δι’</strong></span> <span class='ocrx_word' id='word_1_426' title='bbox 2963 2837 3173 2892; x_wconf 80' lang='grc' dir='ltr'>ἑαυτῶν</span> <span class='ocrx_word' id='word_1_427' title='bbox 3198 2837 3299 2902; x_wconf 83' lang='grc' dir='ltr'><strong>τὰς</strong></span> <span class='ocrx_word' id='word_1_428' title='bbox 3331 2836 3606 2908; x_wconf 82' lang='grc' dir='ltr'>τιμωρίας</span> <span class='ocrx_word' id='word_1_429' title='bbox 3634 2833 3729 2890; x_wconf 81' lang='grc' dir='ltr'>ὧν</span> <span class='ocrx_word' id='word_1_430' title='bbox 3767 2839 3922 2891; x_wconf 62' lang='lat' dir='ltr'><strong>tam}.</strong></span> 
     </span>
    </p>
   </div>
   <div class='ocr_carea' id='block_1_53' title="bbox 646 2927 2232 3000">
    <p class='ocr_par' dir='ltr' id='par_1_53' title="bbox 646 2927 2232 3000">
     <span class='ocr_line' id='line_1_53' title="bbox 646 2927 2232 3000; baseline 0.001 -17"><span class='ocrx_word' id='word_1_431' title='bbox 646 2927 1016 2983; x_wconf 78' lang='lat' dir='ltr'><strong>admissorum</strong></span> <span class='ocrx_word' id='word_1_432' title='bbox 1069 2928 1337 2983; x_wconf 87' lang='lat' dir='ltr'><strong>scelerum</strong></span> <span class='ocrx_word' id='word_1_433' title='bbox 1394 2930 1724 3000; x_wconf 85' lang='lat' dir='ltr'><strong>supplicium</strong></span> <span class='ocrx_word' id='word_1_434' title='bbox 1787 2930 2039 2986; x_wconf 88' lang='lat' dir='ltr'><strong>illaturos</strong></span> <span class='ocrx_word' id='word_1_435' title='bbox 2092 2931 2232 2985; x_wconf 89' lang='lat' dir='ltr'><strong>vati-</strong></span> 
     </span>
    </p>
   </div>
   <div class='ocr_carea' id='block_1_54' title="bbox 641 3017 2230 3074">
    <p class='ocr_par' dir='ltr' id='par_1_54' title="bbox 641 3017 2230 3074">
     <span class='ocr_line' id='line_1_54' title="bbox 641 3017 2230 3074; baseline 0 -1"><span class='ocrx_word' id='word_1_436' title='bbox 641 3019 862 3073; x_wconf 86' lang='lat' dir='ltr'><strong>cinatur</strong></span> <span class='ocrx_word' id='word_1_437' title='bbox 914 3017 1003 3074; x_wconf 85' lang='lat' dir='ltr'><strong>bis</strong></span> <span class='ocrx_word' id='word_1_438' title='bbox 1059 3018 1286 3074; x_wconf 90' lang='lat' dir='ltr'><strong>verbis:</strong></span> <span class='ocrx_word' id='word_1_439' title='bbox 1323 3017 1470 3073; x_wconf 74' lang='lat' dir='ltr'><strong>Pone</strong></span> <span class='ocrx_word' id='word_1_440' title='bbox 1518 3017 1668 3074; x_wconf 90' lang='lat' dir='ltr'><strong>illos.</strong></span> <span class='ocrx_word' id='word_1_441' title='bbox 1722 3017 1862 3074; x_wconf 85' lang='lat' dir='ltr'><strong>Huic</strong></span> <span class='ocrx_word' id='word_1_442' title='bbox 1913 3028 2096 3074; x_wconf 90' lang='lat' dir='ltr'><strong>autem</strong></span> <span class='ocrx_word' id='word_1_443' title='bbox 2145 3017 2230 3073; x_wconf 88' lang='lat' dir='ltr'><strong>di-</strong></span> 
     </span>
    </p>
   </div>
   <div class='ocr_carea' id='block_1_55' title="bbox 2333 2927 3930 3003">
    <p class='ocr_par' dir='ltr' id='par_1_55' title="bbox 2333 2927 3930 3003">
     <span class='ocr_line' id='line_1_55' title="bbox 2333 2927 3930 3003; baseline 0 -18"><span class='ocrx_word' id='word_1_444' title='bbox 2333 2931 2571 3003; x_wconf 82' lang='grc' dir='ltr'>μήκασιν</span> <span class='ocrx_word' id='word_1_445' title='bbox 2597 2931 2854 3001; x_wconf 77' lang='grc' dir='ltr'>ὑποσχεῖν</span> <span class='ocrx_word' id='word_1_446' title='bbox 2880 2929 2967 2983; x_wconf 77' lang='grc' dir='ltr'>διὰ</span> <span class='ocrx_word' id='word_1_447' title='bbox 3013 2929 3220 2984; x_wconf 88' lang='grc' dir='ltr'>τούτων</span> <span class='ocrx_word' id='word_1_448' title='bbox 3256 2927 3507 2994; x_wconf 74' lang='grc' dir='ltr'>θεσπίζει</span> <span class='ocrx_word' id='word_1_449' title='bbox 3553 2928 3756 2983; x_wconf 74' lang='grc' dir='ltr'>εἰπών</span> <span class='ocrx_word' id='word_1_450' title='bbox 3779 2946 3800 2960; x_wconf 87' lang='grc'><strong>·</strong></span> <span class='ocrx_word' id='word_1_451' title='bbox 3825 2930 3930 2985; x_wconf 82' lang='grc' dir='ltr'><strong>Θοί</strong></span> 
     </span>
    </p>
   </div>
   <div class='ocr_carea' id='block_1_56' title="bbox 2329 3018 3918 3092">
    <p class='ocr_par' dir='ltr' id='par_1_56' title="bbox 2329 3018 3918 3092">
     <span class='ocr_line' id='line_1_56' title="bbox 2329 3018 3918 3092; baseline -0.002 -15"><span class='ocrx_word' id='word_1_452' title='bbox 2329 3023 2572 3088; x_wconf 86' lang='grc' dir='ltr'>αὐτούς.</span> <span class='ocrx_word' id='word_1_453' title='bbox 2586 3021 2936 3092; x_wconf 82' lang='grc' dir='ltr'>Παραθήσεις</span> <span class='ocrx_word' id='word_1_454' title='bbox 2956 3019 3014 3074; x_wconf 84' lang='grc' dir='ltr'><strong>δὲ</strong></span> <span class='ocrx_word' id='word_1_455' title='bbox 3037 3019 3134 3091; x_wconf 82' lang='grc' dir='ltr'><strong>τῷ,</strong></span> <span class='ocrx_word' id='word_1_456' title='bbox 3156 3020 3238 3087; x_wconf 89' lang='grc' dir='ltr'>ὠς</span> <span class='ocrx_word' id='word_1_457' title='bbox 3263 3018 3543 3090; x_wconf 63' lang='grc' dir='ltr'>καλάμην</span> <span class='ocrx_word' id='word_1_458' title='bbox 3558 3021 3730 3076; x_wconf 81' lang='grc' dir='ltr'>κατὰ</span> <span class='ocrx_word' id='word_1_459' title='bbox 3755 3024 3918 3090; x_wconf 67' lang='grc' dir='ltr'>,τρέε</span> 
     </span>
    </p>
   </div>
   <div class='ocr_carea' id='block_1_57' title="bbox 641 3107 2223 3184">
    <p class='ocr_par' dir='ltr' id='par_1_57' title="bbox 641 3107 2223 3179">
     <span class='ocr_line' id='line_1_57' title="bbox 641 3107 2223 3179; baseline -0.001 -16"><span class='ocrx_word' id='word_1_460' title='bbox 641 3117 759 3170; x_wconf 85' lang='lat' dir='ltr'><strong>cto,</strong></span> <span class='ocrx_word' id='word_1_461' title='bbox 789 3109 926 3161; x_wconf 79' lang='lat' dir='ltr'><strong>sicut</strong></span> <span class='ocrx_word' id='word_1_462' title='bbox 947 3108 1203 3177; x_wconf 80' lang='lat' dir='ltr'><strong>stipulam</strong></span> <span class='ocrx_word' id='word_1_463' title='bbox 1228 3117 1348 3163; x_wconf 86' lang='lat' dir='ltr'><strong>ante</strong></span> <span class='ocrx_word' id='word_1_464' title='bbox 1373 3109 1563 3179; x_wconf 82' lang='lat' dir='ltr'><strong>faciem</strong></span> <span class='ocrx_word' id='word_1_465' title='bbox 1587 3109 1748 3171; x_wconf 74' lang='lat' dir='ltr'><strong>uenti,</strong></span> <span class='ocrx_word' id='word_1_466' title='bbox 1777 3109 1919 3163; x_wconf 89' lang='lat' dir='ltr'><strong>istuc</strong></span> <span class='ocrx_word' id='word_1_467' title='bbox 1945 3107 2075 3163; x_wconf 86' lang='lat' dir='ltr'><strong>alibi</strong></span> <span class='ocrx_word' id='word_1_468' title='bbox 2099 3119 2223 3177; x_wconf 88' lang='lat' dir='ltr'><strong>pro-</strong></span> 
     </span>
    </p>
   </div>
   <div class='ocr_carea' id='block_1_58' title="bbox 2323 3107 3924 3184">
    <p class='ocr_par' dir='ltr' id='par_1_58' title="bbox 2331 3111 3924 3184">
     <span class='ocr_line' id='line_1_58' title="bbox 2331 3111 3924 3184; baseline 0 -17"><span class='ocrx_word' id='word_1_469' title='bbox 2331 3129 2495 3168; x_wconf 76' lang='grc' dir='ltr'><em>ωπον</em></span> <span class='ocrx_word' id='word_1_470' title='bbox 2533 3112 2781 3182; x_wconf 75' lang='grc' dir='ltr'><strong>ἀνέμου,</strong></span> <span class='ocrx_word' id='word_1_471' title='bbox 2813 3114 2875 3168; x_wconf 81' lang='grc' dir='ltr'>τὸ</span> <span class='ocrx_word' id='word_1_472' title='bbox 2917 3113 2976 3166; x_wconf 83' lang='grc' dir='ltr'><strong>ἑν</strong></span> <span class='ocrx_word' id='word_1_473' title='bbox 3005 3112 3216 3184; x_wconf 85' lang='grc' dir='ltr'>ἑτέροις</span> <span class='ocrx_word' id='word_1_474' title='bbox 3263 3111 3610 3183; x_wconf 60' lang='grc' dir='ltr'>λελεγμένον</span> <span class='ocrx_word' id='word_1_475' title='bbox 3647 3115 3794 3183; x_wconf 84' lang='grc' dir='ltr'><strong>οὐχ</strong></span> <span class='ocrx_word' id='word_1_476' title='bbox 3834 3115 3924 3167; x_wconf 60' lang='lat' dir='ltr'><strong>oi!-</strong></span> 
     </span>
    </p>
   </div>
   <div class='ocr_carea' id='block_1_59' title="bbox 647 3177 2223 3275">
    <p class='ocr_par' dir='ltr' id='par_1_59' title="bbox 647 3177 2223 3270">
     <span class='ocr_line' id='line_1_59' title="bbox 647 3177 2223 3270; baseline 0 -16"><span class='ocrx_word' id='word_1_477' title='bbox 647 3201 814 3256; x_wconf 88' lang='lat' dir='ltr'><strong>latum</strong></span> <span class='ocrx_word' id='word_1_478' title='bbox 847 3199 1077 3270; x_wconf 86' lang='lat' dir='ltr'><strong>adjicias</strong></span> <span class='ocrx_word' id='word_1_479' title='bbox 1100 3219 1114 3256; x_wconf 89' lang='lat'><strong>:</strong></span> <span class='ocrx_word' id='word_1_480' title='bbox 1137 3198 1263 3255; x_wconf 88' lang='lat' dir='ltr'><strong>Non</strong></span> <span class='ocrx_word' id='word_1_481' title='bbox 1293 3177 1563 3270; x_wconf 15' lang='lat' dir='ltr'><strong>sicrimpii,</strong></span> <span class='ocrx_word' id='word_1_482' title='bbox 1592 3217 1695 3255; x_wconf 88' lang='lat' dir='ltr'><strong>non</strong></span> <span class='ocrx_word' id='word_1_483' title='bbox 1716 3201 1822 3262; x_wconf 82' lang='lat' dir='ltr'><strong>sic;</strong></span> <span class='ocrx_word' id='word_1_484' title='bbox 1853 3201 1943 3255; x_wconf 85' lang='lat' dir='ltr'><strong>sed</strong></span> <span class='ocrx_word' id='word_1_485' title='bbox 1973 3209 2223 3270; x_wconf 81' lang='lat' dir='ltr'><strong>tanquam</strong></span> 
     </span>
    </p>
   </div>
   <div class='ocr_carea' id='block_1_60' title="bbox 2323 3177 3920 3275">
    <p class='ocr_par' dir='ltr' id='par_1_60' title="bbox 2326 3177 3920 3275">
     <span class='ocr_line' id='line_1_60' title="bbox 2326 3177 3920 3275; baseline -0.003 -13"><span class='ocrx_word' id='word_1_486' title='bbox 2326 3225 2438 3274; x_wconf 85' lang='grc' dir='ltr'>τως</span> <span class='ocrx_word' id='word_1_487' title='bbox 2492 3209 2547 3262; x_wconf 88' lang='lat' dir='ltr'><strong>ol</strong></span> <span class='ocrx_word' id='word_1_488' title='bbox 2593 3177 2850 3272; x_wconf 76' lang='grc' dir='ltr'>ἀσεϐεῖς,</span> <span class='ocrx_word' id='word_1_489' title='bbox 2893 3207 3008 3275; x_wconf 87' lang='grc' dir='ltr'><strong>οὐχ</strong></span> <span class='ocrx_word' id='word_1_490' title='bbox 3061 3177 3268 3270; x_wconf 73' lang='grc' dir='ltr'>ούτως·</span> <span class='ocrx_word' id='word_1_491' title='bbox 3309 3177 3446 3259; x_wconf 53' lang='grc' dir='ltr'><strong>ἀαῑᾷζ</strong></span> <span class='ocrx_word' id='word_1_492' title='bbox 3607 3177 3838 3274; x_wconf 52' lang='grc' dir='ltr'>χνούξ,</span> <span class='ocrx_word' id='word_1_493' title='bbox 3863 3207 3920 3259; x_wconf 64' lang='grc' dir='ltr'>ἓν</span> 
     </span>
    </p>
   </div>
   <div class='ocr_carea' id='block_1_61' title="bbox 643 3289 2226 3362">
    <p class='ocr_par' dir='ltr' id='par_1_61' title="bbox 643 3289 2226 3362">
     <span class='ocr_line' id='line_1_61' title="bbox 643 3289 2226 3362; baseline 0.002 -19"><span class='ocrx_word' id='word_1_494' title='bbox 643 3289 818 3359; x_wconf 79' lang='lat' dir='ltr'><strong>pulvis</strong></span> <span class='ocrx_word' id='word_1_495' title='bbox 863 3306 1016 3362; x_wconf 83' lang='lat' dir='ltr'><strong>quem</strong></span> <span class='ocrx_word' id='word_1_496' title='bbox 1061 3291 1278 3361; x_wconf 82' lang='lat' dir='ltr'><strong>projicit</strong></span> <span class='ocrx_word' id='word_1_497' title='bbox 1329 3302 1508 3346; x_wconf 84' lang='lat' dir='ltr'><strong>ventus</strong></span> <span class='ocrx_word' id='word_1_498' title='bbox 1541 3309 1574 3346; x_wconf 91' lang='lat' dir='ltr'><strong>a</strong></span> <span class='ocrx_word' id='word_1_499' title='bbox 1616 3291 1753 3360; x_wconf 78' lang='lat' dir='ltr'><strong>facie</strong></span> <span class='ocrx_word' id='word_1_500' title='bbox 1801 3300 1955 3346; x_wconf 75' lang='lat' dir='ltr'><strong>terra:</strong></span> <span class='ocrx_word' id='word_1_501' title='bbox 1978 3291 2022 3324; x_wconf 79' lang='lat'><strong>“</strong></span> <span class='ocrx_word' id='word_1_502' title='bbox 2051 3290 2226 3346; x_wconf 90' lang='lat' dir='ltr'><strong>:lllud</strong></span> 
     </span>
    </p>
   </div>
   <div class='ocr_carea' id='block_1_62' title="bbox 647 3380 2228 3452">
    <p class='ocr_par' dir='ltr' id='par_1_62' title="bbox 647 3380 2228 3452">
     <span class='ocr_line' id='line_1_62' title="bbox 647 3380 2228 3452; baseline 0.004 -18"><span class='ocrx_word' id='word_1_503' title='bbox 647 3388 852 3444; x_wconf 88' lang='lat' dir='ltr'><strong>autem,</strong></span> <span class='ocrx_word' id='word_1_504' title='bbox 903 3380 1042 3434; x_wconf 86' lang='lat' dir='ltr'><strong>sicut</strong></span> <span class='ocrx_word' id='word_1_505' title='bbox 1079 3381 1217 3451; x_wconf 81' lang='lat' dir='ltr'><strong>ignis</strong></span> <span class='ocrx_word' id='word_1_506' title='bbox 1269 3381 1360 3451; x_wconf 86' lang='lat' dir='ltr'><strong>qui</strong></span> <span class='ocrx_word' id='word_1_507' title='bbox 1406 3381 1673 3435; x_wconf 75' lang='lat' dir='ltr'><strong>comburat</strong></span> <span class='ocrx_word' id='word_1_508' title='bbox 1722 3381 1949 3452; x_wconf 81' lang='lat' dir='ltr'><strong>sylvam,</strong></span> <span class='ocrx_word' id='word_1_509' title='bbox 1985 3383 2228 3440; x_wconf 86' lang='lat' dir='ltr'><strong>declarat</strong></span> 
     </span>
    </p>
   </div>
   <div class='ocr_carea' id='block_1_63' title="bbox 648 3467 2225 3545">
    <p class='ocr_par' dir='ltr' id='par_1_63' title="bbox 648 3467 2225 3545">
     <span class='ocr_line' id='line_1_63' title="bbox 648 3467 2225 3545; baseline 0.005 -23"><span class='ocrx_word' id='word_1_510' title='bbox 648 3467 800 3540; x_wconf 86' lang='lat' dir='ltr'><strong>ipsos</strong></span> <span class='ocrx_word' id='word_1_511' title='bbox 827 3471 1029 3540; x_wconf 90' lang='lat' dir='ltr'><strong>ignem,</strong></span> <span class='ocrx_word' id='word_1_512' title='bbox 1061 3472 1392 3542; x_wconf 84' lang='lat' dir='ltr'><strong>eosdemque</strong></span> <span class='ocrx_word' id='word_1_513' title='bbox 1419 3473 1628 3544; x_wconf 84' lang='lat' dir='ltr'><strong>sylvam</strong></span> <span class='ocrx_word' id='word_1_514' title='bbox 1673 3488 1829 3538; x_wconf 89' lang='lat' dir='ltr'><strong>esse;</strong></span> <span class='ocrx_word' id='word_1_515' title='bbox 1858 3473 1931 3528; x_wconf 89' lang='lat' dir='ltr'><strong>ita</strong></span> <span class='ocrx_word' id='word_1_516' title='bbox 1961 3481 2020 3527; x_wconf 94' lang='lat' dir='ltr'><strong>ut</strong></span> <span class='ocrx_word' id='word_1_517' title='bbox 2051 3474 2156 3545; x_wconf 90' lang='lat' dir='ltr'><strong>ipsi</strong></span> <span class='ocrx_word' id='word_1_518' title='bbox 2195 3489 2225 3529; x_wconf 91' lang='lat' dir='ltr'><strong>a</strong></span> 
     </span>
    </p>
   </div>
   <div class='ocr_carea' id='block_1_64' title="bbox 647 3559 2226 3631">
    <p class='ocr_par' dir='ltr' id='par_1_64' title="bbox 647 3559 2226 3631">
     <span class='ocr_line' id='line_1_64' title="bbox 647 3559 2226 3631; baseline 0.003 -16"><span class='ocrx_word' id='word_1_519' title='bbox 647 3559 849 3631; x_wconf 84' lang='lat' dir='ltr'><strong>seipsis</strong></span> <span class='ocrx_word' id='word_1_520' title='bbox 873 3562 1233 3618; x_wconf 88' lang='lat' dir='ltr'><strong>comburendi</strong></span> <span class='ocrx_word' id='word_1_521' title='bbox 1275 3563 1404 3626; x_wconf 88' lang='lat' dir='ltr'><strong>sint,</strong></span> <span class='ocrx_word' id='word_1_522' title='bbox 1439 3562 1744 3619; x_wconf 90' lang='lat' dir='ltr'><strong>secundum</strong></span> <span class='ocrx_word' id='word_1_523' title='bbox 1798 3564 1956 3629; x_wconf 90' lang='lat' dir='ltr'><strong>illud,</strong></span> <span class='ocrx_word' id='word_1_524' title='bbox 1989 3564 2226 3620; x_wconf 79' lang='lat' dir='ltr'><strong>lncedite</strong></span> 
     </span>
    </p>
   </div>
   <div class='ocr_carea' id='block_1_65' title="bbox 647 3651 2226 3726">
    <p class='ocr_par' dir='ltr' id='par_1_65' title="bbox 647 3651 2226 3726">
     <span class='ocr_line' id='line_1_65' title="bbox 647 3651 2226 3726; baseline 0.003 -20"><span class='ocrx_word' id='word_1_525' title='bbox 647 3651 718 3706; x_wconf 76' lang='lat' dir='ltr'><strong>ad</strong></span> <span class='ocrx_word' id='word_1_526' title='bbox 741 3651 908 3707; x_wconf 77' lang='lat' dir='ltr'><strong>lucem</strong></span> <span class='ocrx_word' id='word_1_527' title='bbox 925 3653 1061 3724; x_wconf 85' lang='lat' dir='ltr'><strong>ignis</strong></span> <span class='ocrx_word' id='word_1_528' title='bbox 1077 3654 1255 3719; x_wconf 78' lang='lat' dir='ltr'><strong>uestri,</strong></span> <span class='ocrx_word' id='word_1_529' title='bbox 1272 3663 1324 3708; x_wconf 86' lang='lat' dir='ltr'><strong>et</strong></span> <span class='ocrx_word' id='word_1_530' title='bbox 1356 3654 1424 3709; x_wconf 85' lang='lat' dir='ltr'><strong>ad</strong></span> <span class='ocrx_word' id='word_1_531' title='bbox 1445 3656 1722 3724; x_wconf 75' lang='lat' dir='ltr'><strong>flammam</strong></span> <span class='ocrx_word' id='word_1_532' title='bbox 1743 3673 1904 3726; x_wconf 83' lang='lat' dir='ltr'><strong>quam</strong></span> <span class='ocrx_word' id='word_1_533' title='bbox 1927 3658 2226 3711; x_wconf 86' lang='lat' dir='ltr'><strong>succendis-</strong></span> 
     </span>
    </p>
   </div>
   <div class='ocr_carea' id='block_1_66' title="bbox 649 3741 2226 3820">
    <p class='ocr_par' dir='ltr' id='par_1_66' title="bbox 649 3741 2226 3820">
     <span class='ocr_line' id='line_1_66' title="bbox 649 3741 2226 3820; baseline 0.004 -22"><span class='ocrx_word' id='word_1_534' title='bbox 649 3743 718 3798; x_wconf 90' lang='lat' dir='ltr'><strong>tis</strong></span> <span class='ocrx_word' id='word_1_535' title='bbox 746 3744 810 3799; x_wconf 85' lang='grc'><strong>¹⁷.</strong></span> <span class='ocrx_word' id='word_1_536' title='bbox 844 3741 981 3800; x_wconf 82' lang='grc' dir='ltr'><strong>111υά</strong></span> <span class='ocrx_word' id='word_1_537' title='bbox 1011 3760 1162 3812; x_wconf 90' lang='lat' dir='ltr'><strong>vero,</strong></span> <span class='ocrx_word' id='word_1_538' title='bbox 1196 3744 1386 3816; x_wconf 77' lang='lat' dir='ltr'><strong>(Vsus.</strong></span> <span class='ocrx_word' id='word_1_539' title='bbox 1423 3746 1513 3819; x_wconf 78' lang='grc'><strong>16)</strong></span> <span class='ocrx_word' id='word_1_540' title='bbox 1550 3748 1684 3802; x_wconf 86' lang='lat' dir='ltr'><strong>sicut</strong></span> <span class='ocrx_word' id='word_1_541' title='bbox 1712 3748 1932 3818; x_wconf 82' lang='lat' dir='ltr'><strong>ﬂamma</strong></span> <span class='ocrx_word' id='word_1_542' title='bbox 1947 3765 2064 3820; x_wconf 77' lang='lat' dir='ltr'><strong>qua:</strong></span> <span class='ocrx_word' id='word_1_543' title='bbox 2081 3766 2226 3805; x_wconf 86' lang='lat' dir='ltr'><strong>com-</strong></span> 
     </span>
    </p>
   </div>
   <div class='ocr_carea' id='block_1_67' title="bbox 647 3840 2222 3919">
    <p class='ocr_par' dir='ltr' id='par_1_67' title="bbox 647 3840 2222 3919">
     <span class='ocr_line' id='line_1_67' title="bbox 647 3840 2222 3919; baseline 0.006 -25"><span class='ocrx_word' id='word_1_544' title='bbox 647 3840 798 3918; x_wconf 78' lang='lat' dir='ltr'><strong>buret</strong></span> <span class='ocrx_word' id='word_1_545' title='bbox 827 3849 1052 3907; x_wconf 82' lang='lat' dir='ltr'><strong>montes,</strong></span> <span class='ocrx_word' id='word_1_546' title='bbox 1088 3844 1347 3914; x_wconf 61' lang='lat' dir='ltr'><strong>nequitiae</strong></span> <span class='ocrx_word' id='word_1_547' title='bbox 1368 3860 1558 3902; x_wconf 85' lang='lat' dir='ltr'><strong>eorum</strong></span> <span class='ocrx_word' id='word_1_548' title='bbox 1591 3848 2019 3919; x_wconf 74' lang='lat' dir='ltr'><strong>magnitudinem</strong></span> <span class='ocrx_word' id='word_1_549' title='bbox 2049 3848 2222 3917; x_wconf 83' lang='lat' dir='ltr'><strong>eil&#39;ert,</strong></span> 
     </span>
    </p>
   </div>
   <div class='ocr_carea' id='block_1_68' title="bbox 645 3932 2222 4008">
    <p class='ocr_par' dir='ltr' id='par_1_68' title="bbox 645 3932 2222 4008">
     <span class='ocr_line' id='line_1_68' title="bbox 645 3932 2222 4008; baseline 0.005 -22"><span class='ocrx_word' id='word_1_550' title='bbox 645 3947 711 3986; x_wconf 89' lang='lat' dir='ltr'><strong>ac</strong></span> <span class='ocrx_word' id='word_1_551' title='bbox 735 3932 1024 3989; x_wconf 88' lang='lat' dir='ltr'><strong>denuntiat</strong></span> <span class='ocrx_word' id='word_1_552' title='bbox 1053 3935 1330 4006; x_wconf 90' lang='lat' dir='ltr'><strong>quomodo</strong></span> <span class='ocrx_word' id='word_1_553' title='bbox 1361 3934 1579 3991; x_wconf 81' lang='lat' dir='ltr'><strong>ﬂamma</strong></span> <span class='ocrx_word' id='word_1_554' title='bbox 1626 3937 1896 4008; x_wconf 85' lang='lat' dir='ltr'><strong>ipsorum,</strong></span> <span class='ocrx_word' id='word_1_555' title='bbox 1930 3939 2222 3996; x_wconf 89' lang='lat' dir='ltr'><strong>elationem</strong></span> 
     </span>
    </p>
   </div>
   <div class='ocr_carea' id='block_1_69' title="bbox 641 4026 2220 4098">
    <p class='ocr_par' dir='ltr' id='par_1_69' title="bbox 641 4026 2220 4098">
     <span class='ocr_line' id='line_1_69' title="bbox 641 4026 2220 4098; baseline 0.004 -20"><span class='ocrx_word' id='word_1_556' title='bbox 641 4031 701 4078; x_wconf 86' lang='lat' dir='ltr'><strong>et</strong></span> <span class='ocrx_word' id='word_1_557' title='bbox 754 4026 1070 4098; x_wconf 88' lang='lat' dir='ltr'><strong>superbiam</strong></span> <span class='ocrx_word' id='word_1_558' title='bbox 1128 4042 1344 4093; x_wconf 87' lang='lat' dir='ltr'><strong>eorum,</strong></span> <span class='ocrx_word' id='word_1_559' title='bbox 1406 4029 1678 4085; x_wconf 89' lang='lat' dir='ltr'><strong>montium</strong></span> <span class='ocrx_word' id='word_1_560' title='bbox 1727 4030 1905 4086; x_wconf 87' lang='lat' dir='ltr'><strong>instar</strong></span> <span class='ocrx_word' id='word_1_561' title='bbox 1961 4039 2220 4098; x_wconf 88' lang='lat' dir='ltr'><strong>erectam,</strong></span> 
     </span>
    </p>
   </div>
   <div class='ocr_carea' id='block_1_70' title="bbox 640 4118 2220 4192">
    <p class='ocr_par' dir='ltr' id='par_1_70' title="bbox 640 4118 2220 4192">
     <span class='ocr_line' id='line_1_70' title="bbox 640 4118 2220 4192; baseline 0.003 -17"><span class='ocrx_word' id='word_1_562' title='bbox 640 4118 1006 4175; x_wconf 85' lang='lat' dir='ltr'><strong>combustura</strong></span> <span class='ocrx_word' id='word_1_563' title='bbox 1035 4121 1128 4176; x_wconf 88' lang='lat' dir='ltr'><strong>sit.</strong></span> <span class='ocrx_word' id='word_1_564' title='bbox 1160 4118 1532 4192; x_wconf 88' lang='lat' dir='ltr'><strong>Subsequitur</strong></span> <span class='ocrx_word' id='word_1_565' title='bbox 1563 4121 1766 4178; x_wconf 87' lang='lat' dir='ltr'><strong>deinde</strong></span> <span class='ocrx_word' id='word_1_566' title='bbox 1792 4141 1806 4178; x_wconf 91' lang='lat'><strong>:</strong></span> <span class='ocrx_word' id='word_1_567' title='bbox 1842 4154 1914 4167; x_wconf 94' lang='lat'><strong>—</strong></span> <span class='ocrx_word' id='word_1_568' title='bbox 1940 4124 2103 4180; x_wconf 76' lang='lat' dir='ltr'><strong>Vens.</strong></span> <span class='ocrx_word' id='word_1_569' title='bbox 2131 4123 2220 4180; x_wconf 81' lang='lat' dir='ltr'><strong>l7.</strong></span> 
     </span>
    </p>
   </div>
   <div class='ocr_carea' id='block_1_71' title="bbox 645 4208 2223 4287">
    <p class='ocr_par' dir='ltr' id='par_1_71' title="bbox 645 4208 2223 4287">
     <span class='ocr_line' id='line_1_71' title="bbox 645 4208 2223 4287; baseline 0.002 -22"><span class='ocrx_word' id='word_1_570' title='bbox 645 4208 736 4265; x_wconf 88' lang='lat' dir='ltr'><strong>Ita</strong></span> <span class='ocrx_word' id='word_1_571' title='bbox 765 4212 1091 4281; x_wconf 81' lang='lat' dir='ltr'><strong>persequeris</strong></span> <span class='ocrx_word' id='word_1_572' title='bbox 1120 4210 1280 4266; x_wconf 84' lang='lat' dir='ltr'><strong>illos:</strong></span> <span class='ocrx_word' id='word_1_573' title='bbox 1313 4213 1441 4267; x_wconf 90' lang='lat' dir='ltr'><strong>alibi</strong></span> <span class='ocrx_word' id='word_1_574' title='bbox 1465 4228 1684 4284; x_wconf 89' lang='lat' dir='ltr'><strong>quoque</strong></span> <span class='ocrx_word' id='word_1_575' title='bbox 1704 4213 1911 4270; x_wconf 87' lang='lat' dir='ltr'><strong>dictum</strong></span> <span class='ocrx_word' id='word_1_576' title='bbox 1939 4225 2048 4279; x_wconf 89' lang='lat' dir='ltr'><strong>est,</strong></span> <span class='ocrx_word' id='word_1_577' title='bbox 2078 4213 2223 4287; x_wconf 85' lang='lat' dir='ltr'><strong>Ignis</strong></span> 
     </span>
    </p>
   </div>
   <div class='ocr_carea' id='block_1_72' title="bbox 2325 3298 3920 3371">
    <p class='ocr_par' dir='ltr' id='par_1_72' title="bbox 2325 3298 3920 3371">
     <span class='ocr_line' id='line_1_72' title="bbox 2325 3298 3920 3371; baseline -0.001 -16"><span class='ocrx_word' id='word_1_578' title='bbox 2325 3301 2586 3370; x_wconf 81' lang='grc' dir='ltr'>ἐκρίπτει</span> <span class='ocrx_word' id='word_1_579' title='bbox 2608 3304 2641 3356; x_wconf 84' lang='grc' dir='ltr'><em>ὁ</em></span> <span class='ocrx_word' id='word_1_580' title='bbox 2672 3301 2894 3371; x_wconf 79' lang='grc' dir='ltr'>ἄνεμος</span> <span class='ocrx_word' id='word_1_581' title='bbox 2923 3299 3042 3358; x_wconf 78' lang='grc' dir='ltr'><strong>ἀπὸ</strong></span> <span class='ocrx_word' id='word_1_582' title='bbox 3076 3298 3404 3366; x_wconf 78' lang='grc' dir='ltr'>προσώπου</span> <span class='ocrx_word' id='word_1_583' title='bbox 3437 3298 3549 3367; x_wconf 84' lang='grc' dir='ltr'>τῆς</span> <span class='ocrx_word' id='word_1_584' title='bbox 3570 3298 3711 3369; x_wconf 78' lang='grc' dir='ltr'>γῆς.</span> <span class='ocrx_word' id='word_1_585' title='bbox 3752 3302 3832 3354; x_wconf 73' lang='grc' dir='ltr'><strong>Τὸ</strong></span> <span class='ocrx_word' id='word_1_586' title='bbox 3851 3303 3920 3358; x_wconf 75' lang='grc' dir='ltr'><strong>δὲ.</strong></span> 
     </span>
    </p>
   </div>
   <div class='ocr_carea' id='block_1_73' title="bbox 2324 3390 3917 3464">
    <p class='ocr_par' dir='ltr' id='par_1_73' title="bbox 2324 3390 3917 3464">
     <span class='ocr_line' id='line_1_73' title="bbox 2324 3390 3917 3464; baseline 0.001 -18"><span class='ocrx_word' id='word_1_587' title='bbox 2324 3393 2466 3447; x_wconf 77' lang='grc' dir='ltr'>ὡσεὶ</span> <span class='ocrx_word' id='word_1_588' title='bbox 2495 3393 2635 3462; x_wconf 77' lang='grc' dir='ltr'>πῦρ,</span> <span class='ocrx_word' id='word_1_589' title='bbox 2664 3392 2695 3447; x_wconf 84' lang='grc' dir='ltr'>ὃ</span> <span class='ocrx_word' id='word_1_590' title='bbox 2721 3391 3028 3462; x_wconf 65' lang='grc' dir='ltr'>διαρλέξει</span> <span class='ocrx_word' id='word_1_591' title='bbox 3055 3390 3303 3460; x_wconf 85' lang='grc' dir='ltr'>δρυμὸν,</span> <span class='ocrx_word' id='word_1_592' title='bbox 3344 3392 3674 3464; x_wconf 80' lang='grc' dir='ltr'>παρίστησιν</span> <span class='ocrx_word' id='word_1_593' title='bbox 3722 3395 3917 3457; x_wconf 66' lang='grc' dir='ltr'>αὑτοῦ,</span> 
     </span>
    </p>
   </div>
   <div class='ocr_carea' id='block_1_74' title="bbox 2325 3477 3905 3556">
    <p class='ocr_par' dir='ltr' id='par_1_74' title="bbox 2325 3477 3905 3556">
     <span class='ocr_line' id='line_1_74' title="bbox 2325 3477 3905 3556; baseline 0.001 -18"><span class='ocrx_word' id='word_1_594' title='bbox 2325 3481 2466 3538; x_wconf 73' lang='grc' dir='ltr'>εἶναι</span> <span class='ocrx_word' id='word_1_595' title='bbox 2487 3485 2547 3538; x_wconf 82' lang='grc' dir='ltr'>τὸ</span> <span class='ocrx_word' id='word_1_596' title='bbox 2567 3483 2699 3556; x_wconf 83' lang='grc' dir='ltr'>πῦρ,</span> <span class='ocrx_word' id='word_1_597' title='bbox 2731 3482 2828 3536; x_wconf 75' lang='grc' dir='ltr'>καὶ</span> <span class='ocrx_word' id='word_1_598' title='bbox 2853 3481 3050 3547; x_wconf 76' lang='grc' dir='ltr'>αὐτοὺς</span> <span class='ocrx_word' id='word_1_599' title='bbox 3077 3477 3216 3535; x_wconf 81' lang='grc' dir='ltr'>εἶναι</span> <span class='ocrx_word' id='word_1_600' title='bbox 3250 3481 3340 3535; x_wconf 82' lang='grc' dir='ltr'>τὸν</span> <span class='ocrx_word' id='word_1_601' title='bbox 3371 3481 3610 3553; x_wconf 80' lang='grc' dir='ltr'>δρυμόν·</span> <span class='ocrx_word' id='word_1_602' title='bbox 3644 3482 3800 3537; x_wconf 80' lang='grc' dir='ltr'>ὥστε</span> <span class='ocrx_word' id='word_1_603' title='bbox 3829 3486 3905 3539; x_wconf 67' lang='grc' dir='ltr'>αὐ</span> 
     </span>
    </p>
   </div>
   <div class='ocr_carea' id='block_1_75' title="bbox 2319 3573 3888 3647">
    <p class='ocr_par' dir='ltr' id='par_1_75' title="bbox 2319 3573 3888 3647">
     <span class='ocr_line' id='line_1_75' title="bbox 2319 3573 3888 3647; baseline -0.002 -14"><span class='ocrx_word' id='word_1_604' title='bbox 2319 3580 2450 3642; x_wconf 83' lang='grc' dir='ltr'>τοὺς</span> <span class='ocrx_word' id='word_1_605' title='bbox 2481 3579 2570 3647; x_wconf 75' lang='grc' dir='ltr'><strong>ὑφ’</strong></span> <span class='ocrx_word' id='word_1_606' title='bbox 2609 3575 2824 3630; x_wconf 78' lang='grc' dir='ltr'>ἑαυτῶν</span> <span class='ocrx_word' id='word_1_607' title='bbox 2857 3574 3257 3647; x_wconf 82' lang='grc' dir='ltr'>φλεχθήσεσθαι</span> <span class='ocrx_word' id='word_1_608' title='bbox 3302 3574 3443 3628; x_wconf 80' lang='grc' dir='ltr'>κατὰ</span> <span class='ocrx_word' id='word_1_609' title='bbox 3481 3573 3543 3627; x_wconf 81' lang='grc' dir='ltr'>τὸ</span> <span class='ocrx_word' id='word_1_610' title='bbox 3584 3576 3808 3644; x_wconf 76' lang='grc' dir='ltr'>φάσκον</span> <span class='ocrx_word' id='word_1_611' title='bbox 3831 3578 3888 3630; x_wconf 75' lang='grc' dir='ltr'><strong>λό</strong></span> 
     </span>
    </p>
   </div>
   <div class='ocr_carea' id='block_1_76' title="bbox 2323 3666 3907 3741">
    <p class='ocr_par' dir='ltr' id='par_1_76' title="bbox 2323 3666 3907 3741">
     <span class='ocr_line' id='line_1_76' title="bbox 2323 3666 3907 3741; baseline -0.002 -16"><span class='ocrx_word' id='word_1_612' title='bbox 2323 3688 2442 3741; x_wconf 82' lang='grc' dir='ltr'>γιον</span> <span class='ocrx_word' id='word_1_613' title='bbox 2460 3687 2474 3700; x_wconf 83' lang='lat'><strong><em>°</em></strong></span> <span class='ocrx_word' id='word_1_614' title='bbox 2503 3670 2835 3737; x_wconf 84' lang='grc' dir='ltr'>Πορεύεσθε</span> <span class='ocrx_word' id='word_1_615' title='bbox 2855 3667 2937 3734; x_wconf 81' lang='grc' dir='ltr'>τῷ</span> <span class='ocrx_word' id='word_1_616' title='bbox 2967 3667 3116 3738; x_wconf 72' lang='grc' dir='ltr'>φωτί</span> <span class='ocrx_word' id='word_1_617' title='bbox 3137 3666 3245 3722; x_wconf 83' lang='grc' dir='ltr'><strong>τοῦ</strong></span> <span class='ocrx_word' id='word_1_618' title='bbox 3265 3669 3455 3736; x_wconf 73' lang='grc' dir='ltr'>πυρὸς</span> <span class='ocrx_word' id='word_1_619' title='bbox 3485 3666 3673 3737; x_wconf 81' lang='grc' dir='ltr'>ὑμῶν,</span> <span class='ocrx_word' id='word_1_620' title='bbox 3702 3671 3809 3723; x_wconf 74' lang='grc' dir='ltr'><strong>καί</strong></span> <span class='ocrx_word' id='word_1_621' title='bbox 3843 3669 3907 3738; x_wconf 69' lang='grc' dir='ltr'>τῇ</span> 
     </span>
    </p>
   </div>
   <div class='ocr_carea' id='block_1_77' title="bbox 2323 3753 3902 3830">
    <p class='ocr_par' dir='ltr' id='par_1_77' title="bbox 2323 3753 3902 3830">
     <span class='ocr_line' id='line_1_77' title="bbox 2323 3753 3902 3830; baseline 0.001 -17"><span class='ocrx_word' id='word_1_622' title='bbox 2323 3757 2501 3829; x_wconf 74' lang='grc' dir='ltr'><em>φλογὶ</em></span> <span class='ocrx_word' id='word_1_623' title='bbox 2514 3753 2554 3830; x_wconf 81' lang='grc' dir='ltr'><strong><em>ᾖ</em></strong></span> <span class='ocrx_word' id='word_1_624' title='bbox 2568 3759 2950 3823; x_wconf 81' lang='grc' dir='ltr'>ἑξεκαύσατε.</span> <span class='ocrx_word' id='word_1_625' title='bbox 2974 3759 3048 3812; x_wconf 83' lang='grc' dir='ltr'>Τὸ</span> <span class='ocrx_word' id='word_1_626' title='bbox 3065 3758 3142 3824; x_wconf 83' lang='grc' dir='ltr'><strong>δὲ,</strong></span> <span class='ocrx_word' id='word_1_627' title='bbox 3159 3757 3300 3812; x_wconf 75' lang='grc' dir='ltr'>ὡσεί</span> <span class='ocrx_word' id='word_1_628' title='bbox 3311 3758 3470 3828; x_wconf 71' lang='grc' dir='ltr'><strong>φλὸξ</strong></span> <span class='ocrx_word' id='word_1_629' title='bbox 3487 3758 3524 3826; x_wconf 74' lang='grc' dir='ltr'><strong>ἡ</strong></span> <span class='ocrx_word' id='word_1_630' title='bbox 3543 3763 3902 3815; x_wconf 81' lang='grc' dir='ltr'>κατακαύσει</span> 
     </span>
    </p>
   </div>
   <div class='ocr_carea' id='block_1_78' title="bbox 2325 3847 3900 3922">
    <p class='ocr_par' dir='ltr' id='par_1_78' title="bbox 2325 3847 3900 3922">
     <span class='ocr_line' id='line_1_78' title="bbox 2325 3847 3900 3922; baseline 0 -18"><span class='ocrx_word' id='word_1_631' title='bbox 2325 3851 2455 3919; x_wconf 83' lang='grc' dir='ltr'>ὅρη,</span> <span class='ocrx_word' id='word_1_632' title='bbox 2483 3849 2722 3904; x_wconf 87' lang='grc' dir='ltr'>δείκνυσι</span> <span class='ocrx_word' id='word_1_633' title='bbox 2752 3853 2852 3922; x_wconf 81' lang='grc' dir='ltr'>τῆς</span> <span class='ocrx_word' id='word_1_634' title='bbox 2874 3849 3054 3904; x_wconf 87' lang='grc' dir='ltr'>αύτῶν</span> <span class='ocrx_word' id='word_1_635' title='bbox 3099 3849 3297 3912; x_wconf 82' lang='grc' dir='ltr'>κακίας</span> <span class='ocrx_word' id='word_1_636' title='bbox 3327 3847 3388 3902; x_wconf 77' lang='grc' dir='ltr'><strong>τὸ</strong></span> <span class='ocrx_word' id='word_1_637' title='bbox 3424 3848 3670 3920; x_wconf 81' lang='grc' dir='ltr'>μέγεθος,</span> <span class='ocrx_word' id='word_1_638' title='bbox 3704 3851 3806 3904; x_wconf 77' lang='grc' dir='ltr'>καὶ</span> <span class='ocrx_word' id='word_1_639' title='bbox 3833 3851 3900 3913; x_wconf 74' lang='grc' dir='ltr'>ὡ,</span> 
     </span>
    </p>
   </div>
   <div class='ocr_carea' id='block_1_79' title="bbox 2324 3942 3895 4016">
    <p class='ocr_par' dir='ltr' id='par_1_79' title="bbox 2324 3942 3895 4016">
     <span class='ocr_line' id='line_1_79' title="bbox 2324 3942 3895 4016; baseline 0.002 -19"><span class='ocrx_word' id='word_1_640' title='bbox 2324 3946 2358 4016; x_wconf 78' lang='grc' dir='ltr'>ἠ</span> <span class='ocrx_word' id='word_1_641' title='bbox 2391 3945 2568 3998; x_wconf 82' lang='grc' dir='ltr'>αὐτῶν</span> <span class='ocrx_word' id='word_1_642' title='bbox 2597 3944 2728 4014; x_wconf 77' lang='grc' dir='ltr'>φλὸξ</span> <span class='ocrx_word' id='word_1_643' title='bbox 2748 3945 2819 3998; x_wconf 81' lang='grc' dir='ltr'>τὰ</span> <span class='ocrx_word' id='word_1_644' title='bbox 2846 3944 3144 4015; x_wconf 77' lang='grc' dir='ltr'>ἐπάρματα</span> <span class='ocrx_word' id='word_1_645' title='bbox 3171 3942 3353 3997; x_wconf 86' lang='grc' dir='ltr'>αὐτῶν</span> <span class='ocrx_word' id='word_1_646' title='bbox 3388 3943 3480 3998; x_wconf 79' lang='grc' dir='ltr'>καὶ</span> <span class='ocrx_word' id='word_1_647' title='bbox 3506 3942 3574 3996; x_wconf 83' lang='grc' dir='ltr'><strong>τὰ</strong></span> <span class='ocrx_word' id='word_1_648' title='bbox 3607 3943 3895 4016; x_wconf 71' lang='grc' dir='ltr'>ὑψώματα,</span> 
     </span>
    </p>
   </div>
   <div class='ocr_carea' id='block_1_80' title="bbox 2323 4035 3892 4110">
    <p class='ocr_par' dir='ltr' id='par_1_80' title="bbox 2323 4035 3892 4110">
     <span class='ocr_line' id='line_1_80' title="bbox 2323 4035 3892 4110; baseline 0.001 -20"><span class='ocrx_word' id='word_1_649' title='bbox 2323 4037 2511 4110; x_wconf 84' lang='grc' dir='ltr'>ῶσπερ</span> <span class='ocrx_word' id='word_1_650' title='bbox 2537 4038 2659 4092; x_wconf 85' lang='grc' dir='ltr'>τινὰ</span> <span class='ocrx_word' id='word_1_651' title='bbox 2701 4037 2826 4109; x_wconf 76' lang='grc' dir='ltr'>ὅρη,</span> <span class='ocrx_word' id='word_1_652' title='bbox 2864 4035 3228 4091; x_wconf 84' lang='grc' dir='ltr'>κατακαύσει.</span> <span class='ocrx_word' id='word_1_653' title='bbox 3269 4037 3537 4106; x_wconf 84' lang='grc' dir='ltr'>Ἐπιλέγει</span> <span class='ocrx_word' id='word_1_654' title='bbox 3569 4036 3624 4090; x_wconf 81' lang='grc' dir='ltr'><strong>δὲ</strong></span> <span class='ocrx_word' id='word_1_655' title='bbox 3660 4037 3892 4102; x_wconf 77' lang='grc' dir='ltr'>τούτοις·</span> 
     </span>
    </p>
   </div>
   <div class='ocr_carea' id='block_1_81' title="bbox 2327 4123 3888 4199">
    <p class='ocr_par' dir='ltr' id='par_1_81' title="bbox 2327 4123 3888 4199">
     <span class='ocr_line' id='line_1_81' title="bbox 2327 4123 3888 4199; baseline 0.003 -22"><span class='ocrx_word' id='word_1_656' title='bbox 2327 4125 2489 4178; x_wconf 84' lang='grc' dir='ltr'><strong>Οὕτω</strong></span> <span class='ocrx_word' id='word_1_657' title='bbox 2526 4123 2905 4192; x_wconf 77' lang='grc' dir='ltr'>καταδιώξεις</span> <span class='ocrx_word' id='word_1_658' title='bbox 2937 4126 3177 4191; x_wconf 83' lang='grc' dir='ltr'>αὐτούς.</span> <span class='ocrx_word' id='word_1_659' title='bbox 3225 4125 3336 4179; x_wconf 78' lang='grc' dir='ltr'>Καὶ</span> <span class='ocrx_word' id='word_1_660' title='bbox 3379 4128 3438 4179; x_wconf 83' lang='grc' dir='ltr'><strong>ἑν</strong></span> <span class='ocrx_word' id='word_1_661' title='bbox 3462 4126 3665 4199; x_wconf 82' lang='grc' dir='ltr'>ἑτέροις</span> <span class='ocrx_word' id='word_1_662' title='bbox 3704 4128 3761 4181; x_wconf 83' lang='grc' dir='ltr'><strong>δὲ</strong></span> <span class='ocrx_word' id='word_1_663' title='bbox 3809 4128 3888 4182; x_wconf 82' lang='grc' dir='ltr'><strong>λέ-</strong></span> 
     </span>
    </p>
   </div>
   <div class='ocr_carea' id='block_1_82' title="bbox 2321 4215 3886 4287">
    <p class='ocr_par' dir='ltr' id='par_1_82' title="bbox 2321 4215 3886 4287">
     <span class='ocr_line' id='line_1_82' title="bbox 2321 4215 3886 4287; baseline 0.004 -19"><span class='ocrx_word' id='word_1_664' title='bbox 2321 4215 2508 4270; x_wconf 86' lang='grc' dir='ltr'>λεκται</span> <span class='ocrx_word' id='word_1_665' title='bbox 2531 4232 2545 4246; x_wconf 85' lang='lat'><strong><em>°</em></strong></span> <span class='ocrx_word' id='word_1_666' title='bbox 2574 4216 2702 4285; x_wconf 88' lang='grc' dir='ltr'><strong>Πῦρ</strong></span> <span class='ocrx_word' id='word_1_667' title='bbox 2733 4215 2833 4272; x_wconf 73' lang='grc' dir='ltr'><strong>καί</strong></span> <span class='ocrx_word' id='word_1_668' title='bbox 2870 4216 3031 4270; x_wconf 79' lang='grc' dir='ltr'>θεῖον</span> <span class='ocrx_word' id='word_1_669' title='bbox 3062 4217 3158 4270; x_wconf 72' lang='grc' dir='ltr'>καὶ</span> <span class='ocrx_word' id='word_1_670' title='bbox 3195 4216 3434 4286; x_wconf 78' lang='grc' dir='ltr'>πνεῦμα</span> <span class='ocrx_word' id='word_1_671' title='bbox 3473 4219 3828 4287; x_wconf 79' lang='grc' dir='ltr'>καταιγίδος,</span> <span class='ocrx_word' id='word_1_672' title='bbox 3855 4222 3886 4287; x_wconf 80' lang='grc' dir='ltr'>ἠ</span> 
     </span>
    </p>
   </div>
   <div class='ocr_carea' id='block_1_83' title="bbox 639 4303 2223 4377">
    <p class='ocr_par' dir='ltr' id='par_1_83' title="bbox 639 4303 2223 4376">
     <span class='ocr_line' id='line_1_83' title="bbox 639 4303 2223 4376; baseline 0.003 -18"><span class='ocrx_word' id='word_1_673' title='bbox 639 4313 696 4358; x_wconf 85' lang='lat' dir='ltr'><strong>et</strong></span> <span class='ocrx_word' id='word_1_674' title='bbox 725 4303 947 4373; x_wconf 76' lang='lat' dir='ltr'><strong>sulphur</strong></span> <span class='ocrx_word' id='word_1_675' title='bbox 973 4313 1024 4358; x_wconf 90' lang='lat' dir='ltr'><strong>et</strong></span> <span class='ocrx_word' id='word_1_676' title='bbox 1067 4305 1288 4373; x_wconf 86' lang='lat' dir='ltr'><strong>spiritus</strong></span> <span class='ocrx_word' id='word_1_677' title='bbox 1319 4305 1676 4374; x_wconf 82' lang='lat' dir='ltr'><strong>procellarum</strong></span> <span class='ocrx_word' id='word_1_678' title='bbox 1727 4322 1854 4376; x_wconf 83' lang='lat' dir='ltr'><strong>pars</strong></span> <span class='ocrx_word' id='word_1_679' title='bbox 1913 4308 2096 4361; x_wconf 87' lang='lat' dir='ltr'><strong>calicis</strong></span> <span class='ocrx_word' id='word_1_680' title='bbox 2145 4323 2223 4362; x_wconf 86' lang='lat' dir='ltr'><strong>eo-</strong></span> 
     </span>
    </p>
   </div>
   <div class='ocr_carea' id='block_1_84' title="bbox 2323 4303 3884 4377">
    <p class='ocr_par' dir='ltr' id='par_1_84' title="bbox 2323 4306 3884 4377">
     <span class='ocr_line' id='line_1_84' title="bbox 2323 4306 3884 4377; baseline 0.004 -17"><span class='ocrx_word' id='word_1_681' title='bbox 2323 4308 2487 4377; x_wconf 61' lang='grc' dir='ltr'>μιερὶς</span> <span class='ocrx_word' id='word_1_682' title='bbox 2515 4308 2621 4362; x_wconf 83' lang='grc' dir='ltr'>τοῦ</span> <span class='ocrx_word' id='word_1_683' title='bbox 2647 4308 2934 4376; x_wconf 72' lang='grc' dir='ltr'>ποτηρίου</span> <span class='ocrx_word' id='word_1_684' title='bbox 2974 4306 3191 4362; x_wconf 79' lang='grc' dir='ltr'>αὐτῶν.</span> <span class='ocrx_word' id='word_1_685' title='bbox 3233 4307 3467 4376; x_wconf 82' lang='grc' dir='ltr'>Ἐδίδαξε</span> <span class='ocrx_word' id='word_1_686' title='bbox 3496 4309 3554 4362; x_wconf 86' lang='grc' dir='ltr'><strong>δὲ</strong></span> <span class='ocrx_word' id='word_1_687' title='bbox 3579 4309 3663 4363; x_wconf 78' lang='grc' dir='ltr'><strong>διὰ</strong></span> <span class='ocrx_word' id='word_1_688' title='bbox 3690 4310 3884 4366; x_wconf 84' lang='grc' dir='ltr'>τούτων</span> 
     </span>
    </p>
   </div>
   <div class='ocr_carea' id='block_1_85' title="bbox 645 4389 2223 4469">
    <p class='ocr_par' dir='ltr' id='par_1_85' title="bbox 645 4389 2223 4469">
     <span class='ocr_line' id='line_1_85' title="bbox 645 4389 2223 4469; baseline 0.004 -21"><span class='ocrx_word' id='word_1_689' title='bbox 645 4411 767 4448; x_wconf 85' lang='lat' dir='ltr'><strong>rum</strong></span> <span class='ocrx_word' id='word_1_690' title='bbox 803 4394 868 4450; x_wconf 81' lang='lat'><strong>“.</strong></span> <span class='ocrx_word' id='word_1_691' title='bbox 919 4389 1016 4450; x_wconf 81' lang='lat' dir='ltr'><strong>llis</strong></span> <span class='ocrx_word' id='word_1_692' title='bbox 1053 4409 1218 4464; x_wconf 89' lang='lat' dir='ltr'><strong>porro</strong></span> <span class='ocrx_word' id='word_1_693' title='bbox 1267 4395 1601 4462; x_wconf 86' lang='lat' dir='ltr'><strong>declaratur,</strong></span> <span class='ocrx_word' id='word_1_694' title='bbox 1634 4398 1924 4467; x_wconf 90' lang='lat' dir='ltr'><strong>procellam</strong></span> <span class='ocrx_word' id='word_1_695' title='bbox 1977 4398 2223 4469; x_wconf 90' lang='lat' dir='ltr'><strong>iramque</strong></span> 
     </span>
    </p>
   </div>
   <div class='ocr_carea' id='block_1_86' title="bbox 2319 4399 3880 4476">
    <p class='ocr_par' dir='ltr' id='par_1_86' title="bbox 2319 4399 3880 4476">
     <span class='ocr_line' id='line_1_86' title="bbox 2319 4399 3880 4476; baseline 0.003 -24"><span class='ocrx_word' id='word_1_696' title='bbox 2319 4401 2349 4453; x_wconf 83' lang='grc' dir='ltr'><strong>ὁ</strong></span> <span class='ocrx_word' id='word_1_697' title='bbox 2376 4399 2551 4468; x_wconf 88' lang='grc' dir='ltr'>λόγος,</span> <span class='ocrx_word' id='word_1_698' title='bbox 2579 4400 2660 4453; x_wconf 86' lang='grc' dir='ltr'>ὅτι</span> <span class='ocrx_word' id='word_1_699' title='bbox 2694 4400 2728 4470; x_wconf 81' lang='grc' dir='ltr'>ὴ</span> <span class='ocrx_word' id='word_1_700' title='bbox 2764 4401 3019 4469; x_wconf 77' lang='grc' dir='ltr'>καταιγὶς</span> <span class='ocrx_word' id='word_1_701' title='bbox 3038 4401 3132 4455; x_wconf 80' lang='grc' dir='ltr'><strong>καὶ</strong></span> <span class='ocrx_word' id='word_1_702' title='bbox 3161 4401 3348 4474; x_wconf 77' lang='grc' dir='ltr'>ήόργὴ</span> <span class='ocrx_word' id='word_1_703' title='bbox 3368 4400 3462 4456; x_wconf 77' lang='grc' dir='ltr'><strong>τοῦ</strong></span> <span class='ocrx_word' id='word_1_704' title='bbox 3491 4401 3622 4455; x_wconf 87' lang='grc' dir='ltr'><strong>Θεοῦ</strong></span> <span class='ocrx_word' id='word_1_705' title='bbox 3654 4403 3714 4456; x_wconf 83' lang='grc' dir='ltr'><strong>ού</strong></span> <span class='ocrx_word' id='word_1_706' title='bbox 3743 4403 3880 4476; x_wconf 79' lang='grc' dir='ltr'>πάθη</span> 
     </span>
    </p>
   </div>
   <div class='ocr_carea' id='block_1_87' title="bbox 646 4482 2223 4577">
    <p class='ocr_par' dir='ltr' id='par_1_87' title="bbox 646 4482 2221 4558">
     <span class='ocr_line' id='line_1_87' title="bbox 646 4482 2221 4558; baseline 0.003 -21"><span class='ocrx_word' id='word_1_707' title='bbox 646 4482 744 4539; x_wconf 86' lang='lat' dir='ltr'><strong>Dei</strong></span> <span class='ocrx_word' id='word_1_708' title='bbox 774 4499 885 4538; x_wconf 91' lang='lat' dir='ltr'><strong>non</strong></span> <span class='ocrx_word' id='word_1_709' title='bbox 917 4483 1086 4538; x_wconf 88' lang='lat' dir='ltr'><strong>animi</strong></span> <span class='ocrx_word' id='word_1_710' title='bbox 1123 4491 1332 4540; x_wconf 88' lang='lat' dir='ltr'><strong>motum</strong></span> <span class='ocrx_word' id='word_1_711' title='bbox 1362 4484 1420 4540; x_wconf 89' lang='lat' dir='ltr'><strong>in</strong></span> <span class='ocrx_word' id='word_1_712' title='bbox 1442 4485 1554 4540; x_wconf 91' lang='lat' dir='ltr'><strong>Deo</strong></span> <span class='ocrx_word' id='word_1_713' title='bbox 1585 4501 1745 4553; x_wconf 88' lang='lat' dir='ltr'><strong>esse;</strong></span> <span class='ocrx_word' id='word_1_714' title='bbox 1775 4487 1868 4542; x_wconf 89' lang='lat' dir='ltr'><strong>sed</strong></span> <span class='ocrx_word' id='word_1_715' title='bbox 1894 4487 2015 4556; x_wconf 89' lang='lat' dir='ltr'><strong>ejus</strong></span> <span class='ocrx_word' id='word_1_716' title='bbox 2038 4490 2221 4558; x_wconf 77' lang='lat' dir='ltr'><strong>provi-</strong></span> 
     </span>
    </p>
   </div>
   <div class='ocr_carea' id='block_1_88' title="bbox 2323 4482 3879 4577">
    <p class='ocr_par' dir='ltr' id='par_1_88' title="bbox 2323 4491 3879 4566">
     <span class='ocr_line' id='line_1_88' title="bbox 2323 4491 3879 4566; baseline 0.003 -21"><span class='ocrx_word' id='word_1_717' title='bbox 2323 4494 2574 4564; x_wconf 81' lang='grc' dir='ltr'>τυγχάνει</span> <span class='ocrx_word' id='word_1_718' title='bbox 2610 4491 2706 4546; x_wconf 78' lang='grc' dir='ltr'>τοῦ</span> <span class='ocrx_word' id='word_1_719' title='bbox 2739 4493 2896 4557; x_wconf 81' lang='grc' dir='ltr'>Θεοῦ,</span> <span class='ocrx_word' id='word_1_720' title='bbox 2938 4494 3054 4548; x_wconf 85' lang='grc' dir='ltr'>ἀλλ’</span> <span class='ocrx_word' id='word_1_721' title='bbox 3086 4495 3120 4565; x_wconf 82' lang='grc' dir='ltr'>ἠ</span> <span class='ocrx_word' id='word_1_722' title='bbox 3150 4494 3327 4549; x_wconf 83' lang='grc' dir='ltr'>τοιάδε</span> <span class='ocrx_word' id='word_1_723' title='bbox 3365 4512 3450 4558; x_wconf 86' lang='grc' dir='ltr'><strong>τις</strong></span> <span class='ocrx_word' id='word_1_724' title='bbox 3482 4493 3785 4566; x_wconf 74' lang='grc' dir='ltr'>ἑπίσκηψις,</span> <span class='ocrx_word' id='word_1_725' title='bbox 3818 4497 3879 4550; x_wconf 80' lang='grc' dir='ltr'><strong>δι’</strong></span> 
     </span>
    </p>
   </div>
   <div class='ocr_carea' id='block_1_89' title="bbox 640 4575 2220 4650">
    <p class='ocr_par' dir='ltr' id='par_1_89' title="bbox 640 4575 2220 4650">
     <span class='ocr_line' id='line_1_89' title="bbox 640 4575 2220 4650; baseline 0.004 -19"><span class='ocrx_word' id='word_1_726' title='bbox 640 4575 910 4639; x_wconf 87' lang='lat' dir='ltr'><strong>dentiam,</strong></span> <span class='ocrx_word' id='word_1_727' title='bbox 936 4589 1044 4646; x_wconf 90' lang='lat' dir='ltr'><strong>qua</strong></span> <span class='ocrx_word' id='word_1_728' title='bbox 1063 4583 1243 4642; x_wconf 89' lang='lat' dir='ltr'><strong>curat,</strong></span> <span class='ocrx_word' id='word_1_729' title='bbox 1269 4591 1366 4632; x_wconf 90' lang='lat' dir='ltr'><strong>eos</strong></span> <span class='ocrx_word' id='word_1_730' title='bbox 1399 4587 1591 4632; x_wconf 87' lang='lat' dir='ltr'><strong>contra</strong></span> <span class='ocrx_word' id='word_1_731' title='bbox 1623 4578 1838 4649; x_wconf 90' lang='lat' dir='ltr'><strong>seipsos</strong></span> <span class='ocrx_word' id='word_1_732' title='bbox 1873 4579 2220 4650; x_wconf 77' lang='lat' dir='ltr'><strong>insurgentes</strong></span> 
     </span>
    </p>
   </div>
   <div class='ocr_carea' id='block_1_90' title="bbox 643 4665 2223 4740">
    <p class='ocr_par' dir='ltr' id='par_1_90' title="bbox 643 4665 2223 4740">
     <span class='ocr_line' id='line_1_90' title="bbox 643 4665 2223 4740; baseline 0.001 -16"><span class='ocrx_word' id='word_1_733' title='bbox 643 4667 754 4724; x_wconf 81' lang='lat' dir='ltr'><strong>sibi</strong></span> <span class='ocrx_word' id='word_1_734' title='bbox 775 4665 1087 4724; x_wconf 72' lang='lat' dir='ltr'><strong>facinorum</strong></span> <span class='ocrx_word' id='word_1_735' title='bbox 1121 4682 1312 4738; x_wconf 63' lang='lat' dir='ltr'><strong>poenas</strong></span> <span class='ocrx_word' id='word_1_736' title='bbox 1340 4667 1608 4740; x_wconf 82' lang='lat' dir='ltr'><strong>inﬂigere.</strong></span> <span class='ocrx_word' id='word_1_737' title='bbox 1644 4668 1770 4724; x_wconf 69' lang='lat' dir='ltr'><strong>Haec</strong></span> <span class='ocrx_word' id='word_1_738' title='bbox 1796 4671 1980 4724; x_wconf 90' lang='lat' dir='ltr'><strong>omnia</strong></span> <span class='ocrx_word' id='word_1_739' title='bbox 2014 4671 2223 4726; x_wconf 85' lang='lat' dir='ltr'><strong>accide-</strong></span> 
     </span>
    </p>
   </div>
   <div class='ocr_carea' id='block_1_91' title="bbox 645 4758 2224 4830">
    <p class='ocr_par' dir='ltr' id='par_1_91' title="bbox 645 4758 2224 4830">
     <span class='ocr_line' id='line_1_91' title="bbox 645 4758 2224 4830; baseline 0.003 -16"><span class='ocrx_word' id='word_1_740' title='bbox 645 4772 707 4814; x_wconf 79' lang='lat' dir='ltr'><strong>re</strong></span> <span class='ocrx_word' id='word_1_741' title='bbox 727 4765 1004 4828; x_wconf 88' lang='lat' dir='ltr'><strong>precatur,</strong></span> <span class='ocrx_word' id='word_1_742' title='bbox 1039 4758 1156 4814; x_wconf 88' lang='lat' dir='ltr'><strong>sive</strong></span> <span class='ocrx_word' id='word_1_743' title='bbox 1184 4758 1370 4829; x_wconf 89' lang='lat' dir='ltr'><strong>potius</strong></span> <span class='ocrx_word' id='word_1_744' title='bbox 1399 4760 1730 4830; x_wconf 67' lang='lat' dir='ltr'><strong>prmnuntiat</strong></span> <span class='ocrx_word' id='word_1_745' title='bbox 1762 4761 2026 4818; x_wconf 89' lang='lat' dir='ltr'><strong>adversus</strong></span> <span class='ocrx_word' id='word_1_746' title='bbox 2045 4762 2224 4818; x_wconf 84' lang='lat' dir='ltr'><strong>inimi-</strong></span> 
     </span>
    </p>
   </div>
   <div class='ocr_carea' id='block_1_92' title="bbox 641 4848 2222 4925">
    <p class='ocr_par' dir='ltr' id='par_1_92' title="bbox 641 4848 2222 4925">
     <span class='ocr_line' id='line_1_92' title="bbox 641 4848 2222 4925; baseline 0.005 -23"><span class='ocrx_word' id='word_1_747' title='bbox 641 4865 744 4905; x_wconf 73' lang='lat' dir='ltr'><strong>eos</strong></span> <span class='ocrx_word' id='word_1_748' title='bbox 768 4848 866 4906; x_wconf 87' lang='lat' dir='ltr'><strong>Dei</strong></span> <span class='ocrx_word' id='word_1_749' title='bbox 906 4859 1208 4919; x_wconf 89' lang='lat' dir='ltr'><strong>eventura;</strong></span> <span class='ocrx_word' id='word_1_750' title='bbox 1253 4859 1314 4906; x_wconf 94' lang='lat' dir='ltr'><strong>ut</strong></span> <span class='ocrx_word' id='word_1_751' title='bbox 1361 4853 1447 4908; x_wconf 87' lang='lat' dir='ltr'><strong>vel</strong></span> <span class='ocrx_word' id='word_1_752' title='bbox 1500 4853 1629 4908; x_wconf 84' lang='lat' dir='ltr'><strong>hinc</strong></span> <span class='ocrx_word' id='word_1_753' title='bbox 1683 4855 1876 4910; x_wconf 88' lang='lat' dir='ltr'><strong>saltem</strong></span> <span class='ocrx_word' id='word_1_754' title='bbox 1926 4853 2222 4925; x_wconf 87' lang='lat' dir='ltr'><strong>aliquando</strong></span> 
     </span>
    </p>
   </div>
   <div class='ocr_carea' id='block_1_93' title="bbox 649 4941 2219 5013">
    <p class='ocr_par' dir='ltr' id='par_1_93' title="bbox 649 4941 2219 5013">
     <span class='ocr_line' id='line_1_93' title="bbox 649 4941 2219 5013; baseline 0.002 -17"><span class='ocrx_word' id='word_1_755' title='bbox 649 4943 922 5012; x_wconf 85' lang='lat' dir='ltr'><strong>iuventur.</strong></span> <span class='ocrx_word' id='word_1_756' title='bbox 955 4941 1236 5013; x_wconf 90' lang='lat' dir='ltr'><strong>Siquidem</strong></span> <span class='ocrx_word' id='word_1_757' title='bbox 1257 4958 1472 4999; x_wconf 87' lang='lat' dir='ltr'><strong>summa</strong></span> <span class='ocrx_word' id='word_1_758' title='bbox 1494 4954 1580 5000; x_wconf 90' lang='lat' dir='ltr'><strong>est</strong></span> <span class='ocrx_word' id='word_1_759' title='bbox 1602 4945 2010 5012; x_wconf 86' lang='lat' dir='ltr'><strong>utilitas,nosse</strong></span> <span class='ocrx_word' id='word_1_760' title='bbox 2026 4943 2219 5010; x_wconf 90' lang='lat' dir='ltr'><strong>Deum,</strong></span> 
     </span>
    </p>
   </div>
   <div class='ocr_carea' id='block_1_94' title="bbox 647 5032 2220 5106">
    <p class='ocr_par' dir='ltr' id='par_1_94' title="bbox 647 5032 2220 5106">
     <span class='ocr_line' id='line_1_94' title="bbox 647 5032 2220 5106; baseline 0.001 -17"><span class='ocrx_word' id='word_1_761' title='bbox 647 5040 703 5089; x_wconf 91' lang='lat' dir='ltr'><strong>et</strong></span> <span class='ocrx_word' id='word_1_762' title='bbox 724 5033 793 5088; x_wconf 88' lang='lat' dir='ltr'><strong>ad</strong></span> <span class='ocrx_word' id='word_1_763' title='bbox 823 5032 1235 5104; x_wconf 89' lang='lat' dir='ltr'><strong>inquisitionem</strong></span> <span class='ocrx_word' id='word_1_764' title='bbox 1257 5034 1499 5092; x_wconf 88' lang='lat' dir='ltr'><strong>nominis</strong></span> <span class='ocrx_word' id='word_1_765' title='bbox 1522 5035 1644 5106; x_wconf 84' lang='lat' dir='ltr'><strong>ejus</strong></span> <span class='ocrx_word' id='word_1_766' title='bbox 1674 5035 1882 5101; x_wconf 88' lang='lat' dir='ltr'><strong>venire,</strong></span> <span class='ocrx_word' id='word_1_767' title='bbox 1908 5035 2052 5106; x_wconf 92' lang='lat' dir='ltr'><strong>quod</strong></span> <span class='ocrx_word' id='word_1_768' title='bbox 2085 5035 2220 5106; x_wconf 85' lang='lat' dir='ltr'><strong>ipsis</strong></span> 
     </span>
    </p>
   </div>
   <div class='ocr_carea' id='block_1_95' title="bbox 648 5126 2217 5198">
    <p class='ocr_par' dir='ltr' id='par_1_95' title="bbox 648 5126 2217 5198">
     <span class='ocr_line' id='line_1_95' title="bbox 648 5126 2217 5198; baseline 0.003 -19"><span class='ocrx_word' id='word_1_769' title='bbox 648 5139 1001 5180; x_wconf 86' lang='lat' dir='ltr'><strong>accessurum</strong></span> <span class='ocrx_word' id='word_1_770' title='bbox 1045 5139 1170 5180; x_wconf 89' lang='lat' dir='ltr'><strong>esse</strong></span> <span class='ocrx_word' id='word_1_771' title='bbox 1215 5134 1343 5196; x_wconf 89' lang='lat' dir='ltr'><strong>post</strong></span> <span class='ocrx_word' id='word_1_772' title='bbox 1369 5126 1630 5198; x_wconf 69' lang='lat' dir='ltr'><strong>praedicta</strong></span> <span class='ocrx_word' id='word_1_773' title='bbox 1659 5126 1821 5183; x_wconf 88' lang='lat' dir='ltr'><strong>docet</strong></span> <span class='ocrx_word' id='word_1_774' title='bbox 1872 5126 1962 5183; x_wconf 89' lang='lat' dir='ltr'><strong>bis</strong></span> <span class='ocrx_word' id='word_1_775' title='bbox 1991 5127 2217 5184; x_wconf 87' lang='lat' dir='ltr'><strong>verbis:</strong></span> 
     </span>
    </p>
   </div>
   <div class='ocr_carea' id='block_1_96' title="bbox 646 5215 2218 5291">
    <p class='ocr_par' dir='ltr' id='par_1_96' title="bbox 646 5215 2218 5291">
     <span class='ocr_line' id='line_1_96' title="bbox 646 5215 2218 5291; baseline 0.004 -22"><span class='ocrx_word' id='word_1_776' title='bbox 646 5215 886 5273; x_wconf 78' lang='lat' dir='ltr'><strong>—-Vsns.</strong></span> <span class='ocrx_word' id='word_1_777' title='bbox 921 5217 1008 5282; x_wconf 80' lang='grc'><strong>18,</strong></span> <span class='ocrx_word' id='word_1_778' title='bbox 1044 5217 1132 5274; x_wconf 73' lang='grc'><strong>19.</strong></span> <span class='ocrx_word' id='word_1_779' title='bbox 1174 5217 1246 5273; x_wconf 85' lang='lat' dir='ltr'><strong>Et</strong></span> <span class='ocrx_word' id='word_1_780' title='bbox 1269 5229 1504 5291; x_wconf 70' lang='lat' dir='ltr'><strong>quierant</strong></span> <span class='ocrx_word' id='word_1_781' title='bbox 1544 5237 1730 5275; x_wconf 82' lang='lat' dir='ltr'><strong>nomen</strong></span> <span class='ocrx_word' id='word_1_782' title='bbox 1763 5228 1946 5284; x_wconf 86' lang='lat' dir='ltr'><strong>tuum,</strong></span> <span class='ocrx_word' id='word_1_783' title='bbox 1975 5219 2218 5276; x_wconf 85' lang='lat' dir='ltr'><strong>Domine.</strong></span> 
     </span>
    </p>
   </div>
   <div class='ocr_carea' id='block_1_97' title="bbox 2319 4580 3875 4654">
    <p class='ocr_par' dir='ltr' id='par_1_97' title="bbox 2319 4580 3875 4654">
     <span class='ocr_line' id='line_1_97' title="bbox 2319 4580 3875 4654; baseline 0.003 -16"><span class='ocrx_word' id='word_1_784' title='bbox 2319 4580 2387 4654; x_wconf 79' lang='grc' dir='ltr'>ἧς</span> <span class='ocrx_word' id='word_1_785' title='bbox 2418 4585 2614 4648; x_wconf 79' lang='grc' dir='ltr'>αὐτοὺς</span> <span class='ocrx_word' id='word_1_786' title='bbox 2651 4583 2773 4638; x_wconf 86' lang='grc' dir='ltr'>καθ’</span> <span class='ocrx_word' id='word_1_787' title='bbox 2816 4585 3027 4638; x_wconf 79' lang='grc' dir='ltr'>ἑαυτῶν</span> <span class='ocrx_word' id='word_1_788' title='bbox 3055 4587 3467 4650; x_wconf 82' lang='grc' dir='ltr'>ἑπαναστάντας</span> <span class='ocrx_word' id='word_1_789' title='bbox 3496 4584 3558 4652; x_wconf 79' lang='grc' dir='ltr'>ἑξ</span> <span class='ocrx_word' id='word_1_790' title='bbox 3578 4587 3769 4640; x_wconf 81' lang='grc' dir='ltr'>ἑαυτῶν</span> <span class='ocrx_word' id='word_1_791' title='bbox 3791 4589 3875 4642; x_wconf 85' lang='grc' dir='ltr'>λα-</span> 
     </span>
    </p>
   </div>
   <div class='ocr_carea' id='block_1_98' title="bbox 2321 4668 3872 4748">
    <p class='ocr_par' dir='ltr' id='par_1_98' title="bbox 2321 4668 3872 4748">
     <span class='ocr_line' id='line_1_98' title="bbox 2321 4668 3872 4748; baseline 0.004 -22"><span class='ocrx_word' id='word_1_792' title='bbox 2321 4674 2436 4727; x_wconf 79' lang='grc' dir='ltr'>ϐεῖν</span> <span class='ocrx_word' id='word_1_793' title='bbox 2463 4668 2539 4729; x_wconf 81' lang='grc' dir='ltr'><strong>ὧν</strong></span> <span class='ocrx_word' id='word_1_794' title='bbox 2564 4675 2795 4747; x_wconf 76' lang='grc' dir='ltr'>ἔδρασαν</span> <span class='ocrx_word' id='word_1_795' title='bbox 2842 4675 2939 4748; x_wconf 78' lang='grc' dir='ltr'>τὴν</span> <span class='ocrx_word' id='word_1_796' title='bbox 2983 4677 3256 4748; x_wconf 83' lang='grc' dir='ltr'>τιμωρίαν</span> <span class='ocrx_word' id='word_1_797' title='bbox 3290 4676 3588 4732; x_wconf 73' lang='grc' dir='ltr'>συνεδαινε.</span> <span class='ocrx_word' id='word_1_798' title='bbox 3625 4678 3794 4732; x_wconf 81' lang='grc' dir='ltr'>Ταῦτα</span> <span class='ocrx_word' id='word_1_799' title='bbox 3821 4678 3872 4732; x_wconf 72' lang='grc' dir='ltr'><strong>δὲ</strong></span> 
     </span>
    </p>
   </div>
   <div class='ocr_carea' id='block_1_99' title="bbox 2322 4763 3870 4837">
    <p class='ocr_par' dir='ltr' id='par_1_99' title="bbox 2322 4763 3870 4837">
     <span class='ocr_line' id='line_1_99' title="bbox 2322 4763 3870 4837; baseline 0.003 -21"><span class='ocrx_word' id='word_1_800' title='bbox 2322 4763 2498 4818; x_wconf 82' lang='grc' dir='ltr'>πάντα</span> <span class='ocrx_word' id='word_1_801' title='bbox 2553 4765 2804 4828; x_wconf 74' lang='grc' dir='ltr'>ἱκετεύει,</span> <span class='ocrx_word' id='word_1_802' title='bbox 2841 4764 2874 4835; x_wconf 80' lang='grc' dir='ltr'>ἢ</span> <span class='ocrx_word' id='word_1_803' title='bbox 2926 4766 3022 4820; x_wconf 79' lang='grc' dir='ltr'>καὶ</span> <span class='ocrx_word' id='word_1_804' title='bbox 3080 4766 3278 4837; x_wconf 80' lang='grc' dir='ltr'>μᾶλλον</span> <span class='ocrx_word' id='word_1_805' title='bbox 3332 4765 3578 4832; x_wconf 78' lang='grc' dir='ltr'>θεσπίζει</span> <span class='ocrx_word' id='word_1_806' title='bbox 3607 4767 3734 4821; x_wconf 75' lang='grc' dir='ltr'>κατὰ</span> <span class='ocrx_word' id='word_1_807' title='bbox 3769 4770 3870 4821; x_wconf 84' lang='grc' dir='ltr'><strong>τῶν</strong></span> 
     </span>
    </p>
   </div>
   <div class='ocr_carea' id='block_1_100' title="bbox 2321 4851 3865 4928">
    <p class='ocr_par' dir='ltr' id='par_1_100' title="bbox 2321 4851 3865 4928">
     <span class='ocr_line' id='line_1_100' title="bbox 2321 4851 3865 4928; baseline 0.005 -23"><span class='ocrx_word' id='word_1_808' title='bbox 2321 4851 2533 4924; x_wconf 84' lang='grc' dir='ltr'>ἑχθρῶν</span> <span class='ocrx_word' id='word_1_809' title='bbox 2564 4853 2658 4907; x_wconf 84' lang='grc' dir='ltr'>τοῦ</span> <span class='ocrx_word' id='word_1_810' title='bbox 2686 4853 2821 4907; x_wconf 87' lang='grc' dir='ltr'>Θεοῦ</span> <span class='ocrx_word' id='word_1_811' title='bbox 2855 4853 3076 4908; x_wconf 74' lang='grc' dir='ltr'>ἔσεσθαι</span> <span class='ocrx_word' id='word_1_812' title='bbox 3099 4872 3114 4887; x_wconf 88' lang='grc'><strong>·</strong></span> <span class='ocrx_word' id='word_1_813' title='bbox 3151 4857 3239 4912; x_wconf 84' lang='grc' dir='ltr'>ἵνα</span> <span class='ocrx_word' id='word_1_814' title='bbox 3271 4856 3377 4910; x_wconf 79' lang='grc' dir='ltr'>κᾶν</span> <span class='ocrx_word' id='word_1_815' title='bbox 3408 4856 3550 4910; x_wconf 78' lang='grc' dir='ltr'>οὕτω</span> <span class='ocrx_word' id='word_1_816' title='bbox 3582 4859 3698 4911; x_wconf 85' lang='grc' dir='ltr'><strong>ποτὲ</strong></span> <span class='ocrx_word' id='word_1_817' title='bbox 3731 4858 3865 4928; x_wconf 79' lang='grc' dir='ltr'>ὡφε-</span> 
     </span>
    </p>
   </div>
   <div class='ocr_carea' id='block_1_101' title="bbox 2320 4944 3864 5022">
    <p class='ocr_par' dir='ltr' id='par_1_101' title="bbox 2320 4944 3864 5022">
     <span class='ocr_line' id='line_1_101' title="bbox 2320 4944 3864 5022; baseline 0.005 -25"><span class='ocrx_word' id='word_1_818' title='bbox 2320 4944 2550 5016; x_wconf 79' lang='grc' dir='ltr'>ληθεῖεν.</span> <span class='ocrx_word' id='word_1_819' title='bbox 2580 4946 2642 4998; x_wconf 83' lang='grc' dir='ltr'><strong>Εἰ</strong></span> <span class='ocrx_word' id='word_1_820' title='bbox 2671 4945 2736 5017; x_wconf 73' lang='grc' dir='ltr'><strong>δὴ</strong></span> <span class='ocrx_word' id='word_1_821' title='bbox 2760 4945 2998 5015; x_wconf 78' lang='grc' dir='ltr'>ὠφέλεια</span> <span class='ocrx_word' id='word_1_822' title='bbox 3041 4947 3270 5021; x_wconf 86' lang='grc' dir='ltr'>μεγίστη</span> <span class='ocrx_word' id='word_1_823' title='bbox 3308 4949 3566 5022; x_wconf 81' lang='grc' dir='ltr'>τυγχάνει</span> <span class='ocrx_word' id='word_1_824' title='bbox 3608 4950 3661 5004; x_wconf 82' lang='grc' dir='ltr'>τὸ</span> <span class='ocrx_word' id='word_1_825' title='bbox 3681 4953 3864 5017; x_wconf 84' lang='grc' dir='ltr'>γνῶναι</span> 
     </span>
    </p>
   </div>
   <div class='ocr_carea' id='block_1_102' title="bbox 2319 5033 3860 5111">
    <p class='ocr_par' dir='ltr' id='par_1_102' title="bbox 2319 5033 3860 5111">
     <span class='ocr_line' id='line_1_102' title="bbox 2319 5033 3860 5111; baseline 0.007 -25"><span class='ocrx_word' id='word_1_826' title='bbox 2319 5033 2410 5086; x_wconf 77' lang='grc' dir='ltr'><strong>τὸν</strong></span> <span class='ocrx_word' id='word_1_827' title='bbox 2443 5034 2594 5100; x_wconf 83' lang='grc' dir='ltr'>Θεὸν,</span> <span class='ocrx_word' id='word_1_828' title='bbox 2620 5036 2714 5088; x_wconf 82' lang='grc' dir='ltr'><strong>καὶ</strong></span> <span class='ocrx_word' id='word_1_829' title='bbox 2740 5037 2833 5088; x_wconf 76' lang='grc' dir='ltr'><strong>ἐπὶ</strong></span> <span class='ocrx_word' id='word_1_830' title='bbox 2853 5037 3080 5107; x_wconf 81' lang='grc' dir='ltr'>ζήτησιν</span> <span class='ocrx_word' id='word_1_831' title='bbox 3100 5038 3194 5091; x_wconf 85' lang='grc' dir='ltr'>τοῦ</span> <span class='ocrx_word' id='word_1_832' title='bbox 3218 5039 3481 5111; x_wconf 84' lang='grc' dir='ltr'>ὀνόματος</span> <span class='ocrx_word' id='word_1_833' title='bbox 3513 5040 3664 5095; x_wconf 84' lang='grc' dir='ltr'>αὑτοῦ</span> <span class='ocrx_word' id='word_1_834' title='bbox 3687 5042 3860 5110; x_wconf 76' lang='grc' dir='ltr'>ἐλθεῖν,</span> 
     </span>
    </p>
   </div>
   <div class='ocr_carea' id='block_1_103' title="bbox 2319 5125 3857 5204">
    <p class='ocr_par' dir='ltr' id='par_1_103' title="bbox 2319 5125 3857 5204">
     <span class='ocr_line' id='line_1_103' title="bbox 2319 5125 3857 5204; baseline 0.007 -26"><span class='ocrx_word' id='word_1_835' title='bbox 2319 5125 2456 5196; x_wconf 83' lang='grc' dir='ltr'>ὅπερ</span> <span class='ocrx_word' id='word_1_836' title='bbox 2484 5125 2702 5180; x_wconf 75' lang='grc' dir='ltr'>ἔσεσθαι</span> <span class='ocrx_word' id='word_1_837' title='bbox 2754 5127 2882 5197; x_wconf 77' lang='grc' dir='ltr'>περὶ</span> <span class='ocrx_word' id='word_1_838' title='bbox 2911 5127 3091 5182; x_wconf 84' lang='grc' dir='ltr'>αὐτῶν</span> <span class='ocrx_word' id='word_1_839' title='bbox 3119 5130 3258 5200; x_wconf 80' lang='grc' dir='ltr'>μετὰ</span> <span class='ocrx_word' id='word_1_840' title='bbox 3303 5131 3374 5186; x_wconf 81' lang='grc' dir='ltr'><strong>τὰ</strong></span> <span class='ocrx_word' id='word_1_841' title='bbox 3419 5133 3758 5204; x_wconf 80' lang='grc' dir='ltr'>προλεχθέντα</span> <span class='ocrx_word' id='word_1_842' title='bbox 3787 5137 3857 5190; x_wconf 80' lang='grc' dir='ltr'>δι-</span> 
     </span>
    </p>
   </div>
   <div class='ocr_carea' id='block_1_104' title="bbox 2319 5216 3855 5296">
    <p class='ocr_par' dir='ltr' id='par_1_104' title="bbox 2319 5216 3855 5296">
     <span class='ocr_line' id='line_1_104' title="bbox 2319 5216 3855 5296; baseline 0.008 -27"><span class='ocrx_word' id='word_1_843' title='bbox 2319 5216 2508 5270; x_wconf 81' lang='grc' dir='ltr'>δάσκει</span> <span class='ocrx_word' id='word_1_844' title='bbox 2527 5218 2732 5286; x_wconf 79' lang='grc' dir='ltr'>λέγων’</span> <span class='ocrx_word' id='word_1_845' title='bbox 2770 5220 2878 5274; x_wconf 84' lang='lat' dir='ltr'><strong>Kal</strong></span> <span class='ocrx_word' id='word_1_846' title='bbox 2924 5219 3251 5288; x_wconf 78' lang='grc' dir='ltr'>ζητήσουσι</span> <span class='ocrx_word' id='word_1_847' title='bbox 3291 5225 3360 5279; x_wconf 81' lang='grc' dir='ltr'>τὸ</span> <span class='ocrx_word' id='word_1_848' title='bbox 3393 5225 3581 5296; x_wconf 78' lang='grc' dir='ltr'><em>ὄνομὰ</em></span> <span class='ocrx_word' id='word_1_849' title='bbox 3619 5243 3736 5292; x_wconf 87' lang='grc' dir='ltr'>σου,</span> <span class='ocrx_word' id='word_1_850' title='bbox 3761 5228 3855 5281; x_wconf 83' lang='grc' dir='ltr'><strong>Κύ·</strong></span> 
     </span>
    </p>
   </div>
   <div class='ocr_carea' id='block_1_105' title="bbox 650 5300 2223 5385">
    <p class='ocr_par' dir='ltr' id='par_1_105' title="bbox 650 5300 2221 5373">
     <span class='ocr_line' id='line_1_105' title="bbox 650 5300 2221 5373; baseline 0.002 -17"><span class='ocrx_word' id='word_1_851' title='bbox 650 5300 976 5358; x_wconf 79' lang='lat' dir='ltr'><strong>Erubescant</strong></span> <span class='ocrx_word' id='word_1_852' title='bbox 1023 5312 1076 5358; x_wconf 87' lang='lat' dir='ltr'><strong>et</strong></span> <span class='ocrx_word' id='word_1_853' title='bbox 1115 5307 1492 5362; x_wconf 76' lang='lat' dir='ltr'><strong>conturbantur</strong></span> <span class='ocrx_word' id='word_1_854' title='bbox 1518 5307 1575 5360; x_wconf 89' lang='lat' dir='ltr'><strong>in</strong></span> <span class='ocrx_word' id='word_1_855' title='bbox 1627 5306 1880 5362; x_wconf 63' lang='lat' dir='ltr'><strong>saeculum</strong></span> <span class='ocrx_word' id='word_1_856' title='bbox 1927 5306 2132 5373; x_wconf 64' lang='lat' dir='ltr'><strong>circuli,</strong></span> <span class='ocrx_word' id='word_1_857' title='bbox 2169 5315 2221 5361; x_wconf 86' lang='lat' dir='ltr'><strong>ct</strong></span> 
     </span>
    </p>
   </div>
   <div class='ocr_carea' id='block_1_106' title="bbox 2323 5300 3850 5385">
    <p class='ocr_par' dir='ltr' id='par_1_106' title="bbox 2323 5309 3850 5385">
     <span class='ocr_line' id='line_1_106' title="bbox 2323 5309 3850 5385; baseline 0.006 -24"><span class='ocrx_word' id='word_1_858' title='bbox 2323 5325 2426 5375; x_wconf 86' lang='grc' dir='ltr'>ριε.</span> <span class='ocrx_word' id='word_1_859' title='bbox 2473 5309 2982 5379; x_wconf 76' lang='grc' dir='ltr'>Αὶσχυνθήτωσαν</span> <span class='ocrx_word' id='word_1_860' title='bbox 3026 5313 3126 5366; x_wconf 79' lang='grc' dir='ltr'>καὶ</span> <span class='ocrx_word' id='word_1_861' title='bbox 3161 5315 3629 5385; x_wconf 80' lang='grc' dir='ltr'>ταραχθήτωσαν</span> <span class='ocrx_word' id='word_1_862' title='bbox 3661 5319 3734 5382; x_wconf 73' lang='grc' dir='ltr'>εις</span> <span class='ocrx_word' id='word_1_863' title='bbox 3761 5316 3850 5370; x_wconf 73' lang='grc' dir='ltr'>τὸν</span> 
     </span>
    </p>
   </div>
   <div class='ocr_carea' id='block_1_107' title="bbox 649 5393 2218 5470">
    <p class='ocr_par' dir='ltr' id='par_1_107' title="bbox 649 5393 2218 5470">
     <span class='ocr_line' id='line_1_107' title="bbox 649 5393 2218 5470; baseline 0.004 -22"><span class='ocrx_word' id='word_1_864' title='bbox 649 5393 1042 5462; x_wconf 76' lang='lat' dir='ltr'><strong>confundantur</strong></span> <span class='ocrx_word' id='word_1_865' title='bbox 1069 5404 1121 5452; x_wconf 85' lang='lat' dir='ltr'><strong>et</strong></span> <span class='ocrx_word' id='word_1_866' title='bbox 1159 5408 1395 5466; x_wconf 70' lang='lat' dir='ltr'><strong>parcant.</strong></span> <span class='ocrx_word' id='word_1_867' title='bbox 1431 5397 1501 5452; x_wconf 85' lang='lat' dir='ltr'><strong>Et</strong></span> <span class='ocrx_word' id='word_1_868' title='bbox 1529 5410 1847 5469; x_wconf 81' lang='lat' dir='ltr'><strong>cognoscant</strong></span> <span class='ocrx_word' id='word_1_869' title='bbox 1878 5400 2003 5470; x_wconf 88' lang='lat' dir='ltr'><strong>quia</strong></span> <span class='ocrx_word' id='word_1_870' title='bbox 2031 5415 2218 5454; x_wconf 85' lang='lat' dir='ltr'><strong>nomen</strong></span> 
     </span>
    </p>
   </div>
   <div class='ocr_carea' id='block_1_108' title="bbox 649 5482 2213 5544">
    <p class='ocr_par' dir='ltr' id='par_1_108' title="bbox 649 5482 2213 5544">
     <span class='ocr_line' id='line_1_108' title="bbox 649 5482 2213 5544; baseline 0.006 -9"><span class='ocrx_word' id='word_1_871' title='bbox 649 5482 744 5536; x_wconf 83' lang='lat' dir='ltr'><strong>tibi</strong></span> <span class='ocrx_word' id='word_1_872' title='bbox 773 5483 1028 5539; x_wconf 88' lang='lat' dir='ltr'><strong>Dominus</strong></span> <span class='ocrx_word' id='word_1_873' title='bbox 1058 5502 1077 5540; x_wconf 91' lang='lat'><strong><em>:</em></strong></span> <span class='ocrx_word' id='word_1_874' title='bbox 1114 5495 1170 5540; x_wconf 88' lang='lat' dir='ltr'><strong>tu</strong></span> <span class='ocrx_word' id='word_1_875' title='bbox 1212 5487 1359 5542; x_wconf 87' lang='lat' dir='ltr'><strong>solus</strong></span> <span class='ocrx_word' id='word_1_876' title='bbox 1411 5487 1722 5542; x_wconf 84' lang='lat' dir='ltr'><strong>Altissimus</strong></span> <span class='ocrx_word' id='word_1_877' title='bbox 1771 5489 1828 5543; x_wconf 86' lang='lat' dir='ltr'><strong>in</strong></span> <span class='ocrx_word' id='word_1_878' title='bbox 1858 5489 2002 5544; x_wconf 86' lang='lat' dir='ltr'><strong>omni</strong></span> <span class='ocrx_word' id='word_1_879' title='bbox 2051 5497 2213 5544; x_wconf 86' lang='lat' dir='ltr'><strong>terra.</strong></span> 
     </span>
    </p>
   </div>
   <div class='ocr_carea' id='block_1_109' title="bbox 649 5570 2214 5636">
    <p class='ocr_par' dir='ltr' id='par_1_109' title="bbox 649 5570 2214 5636">
     <span class='ocr_line' id='line_1_109' title="bbox 649 5570 2214 5636; baseline 0.005 -10"><span class='ocrx_word' id='word_1_880' title='bbox 649 5570 995 5632; x_wconf 90' lang='lat' dir='ltr'><strong>lnimicorum</strong></span> <span class='ocrx_word' id='word_1_881' title='bbox 1022 5575 1116 5630; x_wconf 90' lang='lat' dir='ltr'><strong>Dei</strong></span> <span class='ocrx_word' id='word_1_882' title='bbox 1150 5585 1380 5633; x_wconf 86' lang='lat' dir='ltr'><strong>mortem</strong></span> <span class='ocrx_word' id='word_1_883' title='bbox 1403 5577 1614 5634; x_wconf 82' lang='lat' dir='ltr'><strong>duobus</strong></span> <span class='ocrx_word' id='word_1_884' title='bbox 1642 5578 1879 5635; x_wconf 81' lang='lat' dir='ltr'><strong>futuram</strong></span> <span class='ocrx_word' id='word_1_885' title='bbox 1911 5579 2090 5636; x_wconf 90' lang='lat' dir='ltr'><strong>modis</strong></span> <span class='ocrx_word' id='word_1_886' title='bbox 2119 5595 2214 5634; x_wconf 82' lang='lat' dir='ltr'><strong>va-</strong></span> 
     </span>
    </p>
   </div>
   <div class='ocr_carea' id='block_1_110' title="bbox 649 5665 2218 5742">
    <p class='ocr_par' dir='ltr' id='par_1_110' title="bbox 649 5665 2218 5742">
     <span class='ocr_line' id='line_1_110' title="bbox 649 5665 2218 5742; baseline 0.005 -24"><span class='ocrx_word' id='word_1_887' title='bbox 649 5665 938 5721; x_wconf 81' lang='lat' dir='ltr'><strong>ticinatur:</strong></span> <span class='ocrx_word' id='word_1_888' title='bbox 969 5667 1076 5724; x_wconf 89' lang='lat' dir='ltr'><strong>alio</strong></span> <span class='ocrx_word' id='word_1_889' title='bbox 1101 5667 1322 5740; x_wconf 87' lang='lat' dir='ltr'><strong>quidem</strong></span> <span class='ocrx_word' id='word_1_890' title='bbox 1355 5683 1466 5740; x_wconf 91' lang='lat' dir='ltr'><strong>quo</strong></span> <span class='ocrx_word' id='word_1_891' title='bbox 1493 5669 1603 5726; x_wconf 87' lang='lat' dir='ltr'><strong>illis</strong></span> <span class='ocrx_word' id='word_1_892' title='bbox 1641 5685 1791 5742; x_wconf 88' lang='lat' dir='ltr'><strong>spem</strong></span> <span class='ocrx_word' id='word_1_893' title='bbox 1822 5670 2022 5726; x_wconf 89' lang='lat' dir='ltr'><strong>bonam</strong></span> <span class='ocrx_word' id='word_1_894' title='bbox 2047 5672 2218 5728; x_wconf 86' lang='lat' dir='ltr'><strong>ascri-</strong></span> 
     </span>
    </p>
   </div>
   <div class='ocr_carea' id='block_1_111' title="bbox 720 5818 2182 5889">
    <p class='ocr_par' dir='ltr' id='par_1_111' title="bbox 720 5818 2182 5889">
     <span class='ocr_line' id='line_1_111' title="bbox 720 5818 2182 5889; baseline 0.005 -13"><span class='ocrx_word' id='word_1_895' title='bbox 720 5821 768 5855; x_wconf 82' lang='lat'><strong>&quot;</strong></span> <span class='ocrx_word' id='word_1_896' title='bbox 803 5818 952 5880; x_wconf 84' lang='lat' dir='ltr'><strong>Psal.</strong></span> <span class='ocrx_word' id='word_1_897' title='bbox 992 5839 1039 5886; x_wconf 87' lang='grc' dir='ltr'><strong>ι,</strong></span> <span class='ocrx_word' id='word_1_898' title='bbox 1075 5823 1126 5878; x_wconf 74' lang='grc'><strong>4.</strong></span> <span class='ocrx_word' id='word_1_899' title='bbox 1209 5825 1248 5856; x_wconf 75' lang='grc'><strong>⁸⁷</strong></span> <span class='ocrx_word' id='word_1_900' title='bbox 1291 5823 1394 5882; x_wconf 87' lang='lat' dir='ltr'><strong>lsa.</strong></span> <span class='ocrx_word' id='word_1_901' title='bbox 1429 5841 1556 5889; x_wconf 80' lang='lat' dir='ltr'><strong>ut,</strong></span> <span class='ocrx_word' id='word_1_902' title='bbox 1597 5827 1681 5884; x_wconf 81' lang='lat' dir='ltr'><strong>ll.</strong></span> <span class='ocrx_word' id='word_1_903' title='bbox 1762 5827 1804 5860; x_wconf 80' lang='lat'>&quot;</span> <span class='ocrx_word' id='word_1_904' title='bbox 1845 5825 1988 5882; x_wconf 78' lang='lat' dir='ltr'><strong>Psal.</strong></span> <span class='ocrx_word' id='word_1_905' title='bbox 2029 5843 2096 5888; x_wconf 73' lang='grc' dir='ltr'><strong>χ.</strong></span> <span class='ocrx_word' id='word_1_906' title='bbox 2131 5827 2182 5883; x_wconf 93' lang='grc'><strong>7.</strong></span> 
     </span>
    </p>
   </div>
   <div class='ocr_carea' id='block_1_112' title="bbox 2321 5400 3841 5474">
    <p class='ocr_par' dir='ltr' id='par_1_112' title="bbox 2321 5400 3841 5474">
     <span class='ocr_line' id='line_1_112' title="bbox 2321 5400 3841 5474; baseline 0.006 -21"><span class='ocrx_word' id='word_1_907' title='bbox 2321 5400 2507 5455; x_wconf 73' lang='grc' dir='ltr'>αἰῶνα</span> <span class='ocrx_word' id='word_1_908' title='bbox 2559 5400 2668 5456; x_wconf 81' lang='grc' dir='ltr'><strong>τοῦ</strong></span> <span class='ocrx_word' id='word_1_909' title='bbox 2715 5401 2948 5471; x_wconf 73' lang='grc' dir='ltr'>αἰῶνος,</span> <span class='ocrx_word' id='word_1_910' title='bbox 2999 5405 3098 5460; x_wconf 78' lang='grc' dir='ltr'>καὶ</span> <span class='ocrx_word' id='word_1_911' title='bbox 3123 5405 3590 5474; x_wconf 76' lang='grc' dir='ltr'>ὲντραπήτωσαν</span> <span class='ocrx_word' id='word_1_912' title='bbox 3621 5409 3702 5464; x_wconf 73' lang='grc' dir='ltr'><strong>καί</strong></span> <span class='ocrx_word' id='word_1_913' title='bbox 3731 5411 3841 5464; x_wconf 72' lang='grc' dir='ltr'><strong>ἀπο</strong></span> 
     </span>
    </p>
   </div>
   <div class='ocr_carea' id='block_1_113' title="bbox 2321 5493 3842 5570">
    <p class='ocr_par' dir='ltr' id='par_1_113' title="bbox 2321 5493 3842 5570">
     <span class='ocr_line' id='line_1_113' title="bbox 2321 5493 3842 5570; baseline 0.004 -22"><span class='ocrx_word' id='word_1_914' title='bbox 2321 5493 2660 5548; x_wconf 69' lang='grc' dir='ltr'>λέσθωσαν.</span> <span class='ocrx_word' id='word_1_915' title='bbox 2689 5497 2801 5550; x_wconf 76' lang='grc' dir='ltr'><strong>Καὶ</strong></span> <span class='ocrx_word' id='word_1_916' title='bbox 2828 5496 3169 5566; x_wconf 67' lang='grc' dir='ltr'>γνώτωσαν,</span> <span class='ocrx_word' id='word_1_917' title='bbox 3200 5498 3289 5553; x_wconf 84' lang='grc' dir='ltr'>ὅτι</span> <span class='ocrx_word' id='word_1_918' title='bbox 3308 5495 3496 5570; x_wconf 80' lang='grc' dir='ltr'><strong>ὄνομά</strong></span> <span class='ocrx_word' id='word_1_919' title='bbox 3524 5517 3620 5557; x_wconf 89' lang='grc' dir='ltr'><strong>σοι</strong></span> <span class='ocrx_word' id='word_1_920' title='bbox 3643 5503 3842 5570; x_wconf 81' lang='grc' dir='ltr'>Κύριος’</span> 
     </span>
    </p>
   </div>
   <div class='ocr_carea' id='block_1_114' title="bbox 2322 5584 3842 5664">
    <p class='ocr_par' dir='ltr' id='par_1_114' title="bbox 2322 5584 3842 5664">
     <span class='ocr_line' id='line_1_114' title="bbox 2322 5584 3842 5664; baseline 0.006 -27"><span class='ocrx_word' id='word_1_921' title='bbox 2322 5584 2404 5638; x_wconf 88' lang='grc' dir='ltr'>σὺ</span> <span class='ocrx_word' id='word_1_922' title='bbox 2422 5584 2612 5653; x_wconf 84' lang='grc' dir='ltr'>μόνος</span> <span class='ocrx_word' id='word_1_923' title='bbox 2635 5585 2895 5654; x_wconf 70' lang='grc' dir='ltr'>ὕψιστος</span> <span class='ocrx_word' id='word_1_924' title='bbox 2935 5588 3035 5643; x_wconf 76' lang='grc' dir='ltr'><strong>ἐπὶ</strong></span> <span class='ocrx_word' id='word_1_925' title='bbox 3063 5588 3270 5646; x_wconf 82' lang='grc' dir='ltr'>πᾶσαν</span> <span class='ocrx_word' id='word_1_926' title='bbox 3311 5591 3426 5661; x_wconf 78' lang='grc' dir='ltr'><strong>τὴν</strong></span> <span class='ocrx_word' id='word_1_927' title='bbox 3460 5593 3596 5663; x_wconf 75' lang='grc' dir='ltr'><strong>γῆν.</strong></span> <span class='ocrx_word' id='word_1_928' title='bbox 3635 5593 3730 5664; x_wconf 84' lang='grc' dir='ltr'>Τῆς</span> <span class='ocrx_word' id='word_1_929' title='bbox 3752 5593 3842 5646; x_wconf 82' lang='grc' dir='ltr'><strong>τῶν</strong></span> 
     </span>
    </p>
   </div>
   <div class='ocr_carea' id='block_1_115' title="bbox 2325 5672 3837 5752">
    <p class='ocr_par' dir='ltr' id='par_1_115' title="bbox 2325 5672 3837 5752">
     <span class='ocr_line' id='line_1_115' title="bbox 2325 5672 3837 5752; baseline 0.005 -25"><span class='ocrx_word' id='word_1_930' title='bbox 2325 5672 2532 5745; x_wconf 78' lang='grc' dir='ltr'>ἐχθρῶν</span> <span class='ocrx_word' id='word_1_931' title='bbox 2590 5675 2684 5730; x_wconf 78' lang='grc' dir='ltr'>τοῦ</span> <span class='ocrx_word' id='word_1_932' title='bbox 2728 5675 2864 5731; x_wconf 87' lang='grc' dir='ltr'>Θεοῦ</span> <span class='ocrx_word' id='word_1_933' title='bbox 2911 5677 3166 5750; x_wconf 82' lang='grc' dir='ltr'>τελευτῆς</span> <span class='ocrx_word' id='word_1_934' title='bbox 3219 5679 3311 5734; x_wconf 85' lang='grc' dir='ltr'><strong>δύο</strong></span> <span class='ocrx_word' id='word_1_935' title='bbox 3376 5683 3609 5752; x_wconf 80' lang='grc' dir='ltr'>τρόπους</span> <span class='ocrx_word' id='word_1_936' title='bbox 3661 5677 3837 5736; x_wconf 73' lang='grc' dir='ltr'>ἔσεσθαι</span> 
     </span>
    </p>
   </div>
  </div>
