4078 6934
265 332 438 389 1001

1439 316 1942 383 COMMENTARIA
1981 311 2050 375 IN
2089 313 2428 375 PSALMOS.

3411 308 3550 372 I009

271 445 582 511 θεσπίζει·
641 445 737 502 ἕνα
772 441 872 516 μὲν
908 441 1030 497 καθ’
1053 441 1111 495 ὃν
1153 441 1393 514 χρηστὰς
1449 442 1633 503 αὐτοῖς
1664 437 1882 498 ἐλπίδας

1987 431 2102 498 bit;
2133 429 2401 502 siquidem
2452 430 2592 502 bona
2627 445 2714 483 res
2738 434 2820 482 est
2853 442 2974 483 cum
3013 425 3105 480 Dei
3136 424 3396 495 cognitio,
3438 437 3552 476 tum

275 539 628 610 ἐπιγράφει·
665 537 714 590 εί
765 536 827 609 δὴ
874 537 1076 608 ἀγαθὸν
1108 535 1365 608 ἡγνῶσις
1396 533 1490 586 τοῦ
1521 531 1676 594 Θεοῦ,
1724 531 1820 584 καὶ
1848 532 1882 603 ἡ

278 629 396 683 τοῦ
421 629 682 701 ὀνόματος
713 627 880 683 αὑτοῦ
917 627 1237 700 κατάληψις,
1281 628 1374 680 καὶ
1419 625 1481 678 τὸ
1528 623 1881 692 παιδευθῆναι

278 720 430 784 ’τοὺς
465 718 730 792 πρότερον
751 719 827 790 μὴ
851 719 1057 783 εἰδότας
1079 718 1170 772 τὸν
1198 717 1350 780 Θεὸν,
1383 714 1459 779 ὡς
1484 716 1591 786 ἄρα
1617 712 1776 776 αὐτὸς
1795 711 1882 783 εἴη

281 814 468 884 μόνος
510 811 730 882 ὕψιστος
764 812 858 865 ἐπὶ
905 813 1082 866 πᾶσαν
1107 810 1206 885 τὴν
1225 811 1362 881 γῆν·
1406 808 1532 872 τοὺς
1574 807 1684 878 γὰρ
1712 803 1884 860 ταῦτα

280 902 728 975 ὁμολογοῦντας,
764 901 934 974 λήθην
968 901 1064 974 μὲν
1105 900 1435 972 πεποιῆσθαι
1466 899 1565 970 τῆς
1610 896 1883 970 προτέρας

281 997 514 1052 ἑαυτῶν
564 995 825 1051 πολυθέου
874 996 1100 1068 πλάνης,
1152 995 1307 1059 εἰκὸς
1361 991 1660 1048 ἀποθέσθαι
1692 1009 1752 1044 τε
1784 989 1884 1062 τὴν

289 1092 543 1163 ματαίαν
575 1092 670 1146 καὶ
716 1090 1001 1162 ἀπατηλήν
1039 1090 1169 1162 περ)⁵
1219 1087 1357 1142 θεῶν
1387 1085 1764 1157 ψευδολογίανο
1791 1083 1884 1138 τὸν

284 1183 354 1238 δὲ
393 1184 576 1256 ἕτερον
602 1183 822 1254 τρόπον,
852 1177 973 1237 καθ’
1006 1183 1066 1238 ὃν
1107 1181 1366 1252 αἰσχύνην
1400 1181 1493 1234 καὶ
1515 1177 1762 1253 ταραχὴν
1789 1168 1884 1232 καὶ¹

287 1275 592 1346 ἐντροπὴν,
647 1275 740 1329 καὶ
787 1275 881 1329 ὲπὶ
921 1276 1053 1328 πᾶσι
1084 1273 1290 1337 τούτοις
1329 1271 1605 1327 ἀπώλειαν
1648 1287 1886 1344 προαγο-

287 1363 452 1433 ρεύει
485 1365 598 1424 τοῖς
625 1361 826 1416 τούτων
867 1363 1057 1427 ἀξίοις.
1087 1365 1211 1427 Τοῖς
1251 1363 1346 1434 μὲν
1369 1361 1478 1434 γὰρ
1513 1363 1578 1416 ἐκ
1613 1362 1710 1433 τῆς
1736 1349 1886 1424 θείας

285 1455 635 1526 ἐπιστροφῆς
659 1455 1084 1526 μεταϐάλλουσιν
1113 1457 1207 1508 ἐπὶ
1253 1455 1312 1508 τὸ
1342 1459 1585 1525 κρεῖττον
1604 1453 1704 1526 τὴν
1735 1452 1885 1506 θείαν

286 1545 502 1613 γνῶσιν
537 1536 873 1617 παρέσεσθαι
901 1546 1172 1602 διδάσκει·
1208 1549 1320 1611 τοῖς
1350 1547 1408 1600 δὲ
1443 1549 1510 1618 τῇ
1549 1545 1758 1599 ἑαυτῶν
1791 1545 1886 1612 ὲγ-

289 1638 662 1710 καταγηρῶσι
717 1639 884 1711 κακίᾳ
929 1635 1020 1693 τὸν
1077 1639 1294 1710 ὄλεθρον
1338 1639 1431 1694 καὶ
1471 1639 1570 1710 τὴν
1610 1637 1885 1694 ἀπώλειαν

290 1731 540 1786 ἀπειλεῖ.
573 1733 663 1786 Διὸ
690 1734 818 1805 περὶ
863 1732 962 1804 μὲν
1010 1733 1120 1786 τῶν
1167 1732 1424 1804 χειρόνων
1461 1733 1766 1786 λέλεκται”
1793 1731 1887 1786 Λὶ-

1985 524 2220 579 nominis
2249 523 2370 592 ejus
2413 521 2863 593 comprehensio;
2892 518 3190 588 itidemque
3235 517 3439 571 bonum
3473 524 3558 569 est

1984 631 2099 679 eos,
2125 615 2217 686 qui
2244 616 2396 685 prius
2420 612 2589 668 Deum
2621 627 2728 667 non
2754 616 2974 676 norant,
2999 607 3215 663 edoceri
3254 606 3433 676 ipsum
3467 619 3560 658 so-

1983 710 2097 764 lum
2134 723 2256 764 esse
2299 706 2624 763 altissimum
2678 719 2844 774 super
2896 716 3112 757 omnem
3162 709 3400 766 terram;
3462 712 3558 752 eos

1985 799 2205 870 quippe,
2246 796 2341 868 qui
2398 795 2526 850 talia
2585 795 2929 866 profitentur,
2963 789 3261 848 verisimile
3314 796 3400 844 est
3443 788 3557 858 jam
3673 811 3678 816 -

1985 889 2367 959 multiplicium
2402 887 2628 943 deorum
2669 901 2911 943 errorem
2942 884 3201 940 oblivioni
3243 882 3556 946 mandasse,

1985 997 2052 1038 ac
2077 997 2273 1036 vanam
2298 979 2657 1050 fallacemque
2684 977 2952 1034 falsorum
2981 975 3210 1030 deorum
3250 972 3559 1029 doctrinam

1986 1076 2255 1147 abiecisse
2283 1092 2295 1128 :
2328 1074 2437 1128 alio
2476 1072 2603 1128 item
2657 1070 2841 1136 modo,
2877 1069 3304 1140 turpitudinem,
3336 1075 3560 1136 pertur-

1985 1167 2283 1230 bationem,
2319 1173 2375 1222 et
2418 1165 2818 1229 confusionem,
2865 1177 2928 1216 ac
2975 1169 3170 1232 prreter
3205 1161 3322 1216 haec
3376 1157 3562 1212 omnia

1985 1256 2281 1326 perniciem
2304 1254 2550 1326 pmdicit
2572 1254 2641 1309 iis
2660 1252 2754 1324 qui
2776 1267 2965 1308 eorum
2997 1250 3146 1322 digni
3174 1257 3323 1318 sunt.
3345 1246 3558 1303 Etenim

1987 1351 2056 1404 iis
2089 1350 2181 1420 qui
2215 1365 2280 1404 ex
2329 1348 2590 1404 divinitus
2623 1346 2870 1402 immissa
2921 1343 3283 1400 conversione
3329 1356 3450 1396 sese
3491 1337 3560 1394 ad

1988 1443 2270 1498 meliorem
2313 1440 2524 1512 frugem
2567 1439 2908 1509 receperint,
2945 1438 3186 1493 divinam
3242 1434 3430 1490 adfore
3467 1448 3562 1488 co-

1986 1534 2284 1606 gnitionem
2339 1531 2656 1598 denuntiat;
2687 1531 2756 1586 iis
2781 1545 2914 1584 vero
2955 1530 3048 1599 qui
3085 1528 3142 1582 in
3187 1526 3430 1598 nequitia
3460 1540 3561 1580 sua

1987 1625 2397 1690 consenuerint,
2439 1622 2666 1678 exitium
2715 1636 2779 1676 ac
2809 1621 3106 1692 perniciem
3155 1618 3558 1674 interminatur.

1989 1715 2355 1783 Quamobrem
2392 1713 2461 1771 de
2499 1714 2780 1784 peioribus
2827 1712 3046 1784 quidem
3085 1711 3195 1766 illis
3222 1711 3428 1766 dictum
3454 1720 3559 1773 est,

291 1790 881 1894 a’zvrﬁrﬁtwaaraai
921 1790 1392 1896 ταραχθῆτωσαν
1429 1825 1517 1889 εις
1551 1824 1659 1878 τὸν
1699 1821 1882 1878 αἰῶνα

1990 1807 2314 1864 Erubescant
2364 1817 2414 1862 et
2470 1808 2845 1862 conturbentur
2891 1807 2948 1860 in
2975 1804 3226 1860 sarculum
3273 1805 3480 1869 swculi,
3510 1815 3561 1858 et

294 1915 413 1971 τοῦ
447 1916 682 1984 αἰῶνος,
707 1917 806 1972 καὶ
822 1917 1292 1986 ἐντραπήτωσαν
1307 1913 1882 1972 καίάπολέσθωσαν·

297 2009 444 2080 Περὶ
465 2009 524 2063 δὲ
553 2009 662 2062 τῶν
714 2011 808 2065 ἐπὶ
835 1999 898 2062 τὸ
931 2011 1176 2081 κρεῖττον
1214 2005 1775 2080 μεταϐληθησομένων
1802 1997 1881 2086 τὸ,

296 2100 416 2156 Καὶ
438 2099 780 2170 γνώτωσαν,
797 2099 887 2154 ὅτι
906 2100 972 2154 τὸ
994 2098 1184 2168 ὄνομά
1209 2114 1308 2153 σοι
1326 2100 1560 2167 Κύριος,
1588 2096 1670 2152 σὺ
1695 2099 1885 2168 μόνος

295 2193 566 2264 ὕψιστος
600 2193 698 2246 ἐπὶ
746 2190 952 2247 πᾶσαν
977 2194 1091 2260 τὴν
1111 2190 1249 2262 γῆν.
1280 2190 1510 2244 Δύναται
1539 2189 1596 2242 δὲ
1636 2188 1729 2242 καὶ
1757 2187 1886 2258 περὶ

295 2288 414 2342 τῶν
440 2288 619 2343 αὐτῶν
647 2286 715 2342 τὰ
762 2286 940 2341 πάντα
985 2285 1255 2356 λέγεσθαι,
1301 2283 1375 2350 ὡς
1398 2285 1505 2340 τῶν
1551 2283 1760 2356 ἐχθρῶν
1787 2281 1883 2336 τοῦ

294 2381 461 2444 Θεοῦ,
492 2379 615 2436 καθ’
643 2379 702 2434 ὃν
729 2367 1006 2434 πείσονται
1034 2378 1224 2448 καιρὸν
1247 2377 1314 2430 τὰ
1353 2375 1881 2449 προκαταλεχθέντα,

295 2471 796 2544 ἐντραπησομένων
828 2471 923 2526 καὶ
947 2459 1478 2542 αἰσχυνθησομένων,
1513 2470 1606 2522 καὶ
1638 2466 1886 2538 ἀπωλείᾳ

295 2562 856 2635 παραδοθησομένων.
890 2562 983 2616 καὶ
1013 2561 1135 2617 τότε
1163 2561 1298 2632 αὐτῇ
1329 2560 1495 2632 πείρᾳ
1523 2559 1885 2631 γνωσομένων

295 2656 395 2710 καὶ
449 2654 893 2726 ὁμολογησόντων
941 2654 1040 2708 ἕνα
1093 2648 1231 2708 εἶναι
1265 2653 1356 2706 καὶ
1401 2652 1557 2724 μόνον
1615 2653 1748 2706 Θεὸν
1790 2651 1884 2707 τὸν

297 2745 528 2817 ὕψιστον
581 2744 676 2800 καὶ
733 2745 826 2800 ἐπὶ
872 2747 1052 2798 πᾶσαν
1103 2745 1204 2816 τὴν
1251 2741 1377 2815 γῆν,
1425 2741 1516 2798 τὸν
1570 2745 1664 2800 καὶ
1698 2743 1885 2816 δικαίᾳ

298 2838 483 2909 κρίσει
512 2835 841 2909 μετελθόντα
866 2837 1063 2915 αὐτούς
1101 2837 1208 2891 τῶν
1252 2837 1669 2910 τετολμημένων
1701 2837 1886 2901 αὐτοῖς

297 2929 484 3001 χάριν.

299 3107 412 3162 ΕΙΣ
435 3107 522 3162 ΤΟ
563 3103 1045 3200 ΤΕΛρῖεληξΠιξῐξι
1070 3103 1496 3200 ΖΓΕῙΣὯΔΗΠῘἺῼΝ,
1525 3102 1678 3158 ΤΟΙΣ
1704 3101 1884 3158 ΥΙΟΙΣ
1911 3137 1958 3200 Β

719 3176 924 3242 KOPE,
957 3175 1264 3230 ΨΑΛΜΟΣ.
1311 3174 1432 3229 III".

383 3311 480 3378 Ὠς
499 3309 774 3380 ἀγαπητὰ
791 3308 865 3364 τὰ
890 3306 1250 3378 σκηνώματὰ
1271 3323 1410 3371 σου,
1433 3307 1610 3376 Κύριε
1642 3306 1760 3360 τῶν
1782 3306 1878 3362 δυο

299 3400 554 3473 νάμεων.
569 3397 990 3456 Διαλελοιπότων
1011 3399 1117 3452 τῶν
1142 3394 1878 3469 ὲπιγεγραμμένων¹ψαλμῶν

300 3495 398 3551 τοῦ
437 3494 632 3566 Ἀσάφ,
659 3489 734 3550 ὧν
757 3494 974 3568 πρῶτος
1005 3489 1102 3566 μὲν
1127 3495 1156 3547 ὁ
1189 3491 1288 3559 οϐ’,
1317 3491 1624 3556 τελευταῖος
1644 3494 1672 3544 ὁ
1705 3490 1752 3561 β’
1785 3491 1879 3544 καὶ

303 3592 380 3650 π’,
411 3586 603 3640 ἕπεται
621 3587 651 3639 ό
679 3584 869 3658 παρὼν
903 3585 1016 3654 πγ⁹,
1047 3585 1168 3650 τοῖς
1196 3583 1348 3651 υἱοῖς
1365 3581 1518 3651 Κορὲ
1534 3585 1880 3654 ἐπιγεγραμ-

306 3678 483 3748 μένος,
543 3677 671 3750 περὶ
725 3671 800 3732 ὧν
849 3678 909 3732 ὲν
971 3680 1082 3741 τοῖς
1145 3674 1758 3746 προτεχνολογουμένοις
1809 3674 1879 3728 τὰ

301 3768 525 3836 δόξαντα
575 3768 949 3841 διειλήφαμεν.
1012 3768 1376 3841 Ἐπιτηρῆσαι
1438 3767 1496 3820 δὲ
1547 3767 1842 3836 ἀναγκαῖον
1861 3805 1875 3831 ,

303 3861 378 3925 ὡς
394 3864 442 3916 οί
473 3862 671 3927 πάντες
693 3863 788 3918 τοῦ
819 3863 990 3932 ’Δσὰφ
1013 3861 1220 3916 δώδεκα
1240 3862 1566 3934 τυγχάνουσι
1597 3861 1688 3914 τὸν
1720 3860 1847 3932 ἁριθ
1861 3887 1881 3902 ο

307 3952 404 4024 μὸν
434 3949 635 4026 ψαλμοί
665 3971 679 3985 ·
717 3953 992 4026 ίσάριθμοι
1037 3954 1094 4008 δὲ
1135 3953 1348 4017 τούτοις
1380 3954 1488 4007 eici.
1527 3954 1622 4008 καὶ
1669 3955 1718 4007 oi
1756 3955 1880 4007 ἑπι-

305 4047 676 4117 γεγραμμένοι
702 4045 820 4100 τῶν
861 4045 1007 4100 υἱῶν
1047 4044 1216 4114 Κορέ.
1256 4044 1414 4098 Ἀλλά
1438 4045 1546 4099 τῶν
1575 4045 1706 4100 υἱῶν
1732 4046 1878 4118 Κορὲ

305 4137 447 4191 ὀκτὼ
471 4139 566 4208 μὲν
593 4133 732 4210 ἦσαν
766 4137 892 4208 ἑξῆς
921 4137 1254 4209 συνημμένοι
1285 4139 1334 4191 οἱ
1371 4137 1479 4192 ἀπὸ
1502 4136 1596 4191 τοῦ
1631 4145 1718 4208 μα’
1741 4137 1877 4207 ψαλ-

311 4229 410 4301 μοῦ
433 4247 446 4259 ·
474 4231 524 4283 οἱ
547 4229 603 4282 δὲ
641 4229 918 4292 λείποντες
957 4228 1219 4300 τέσσαρες
1262 4227 1495 4282 ἐνταῦθα
1539 4229 1875 4301 πρόκεινται,

308 4321 595 4393 ἀρχόμενοι
639 4318 737 4392 μὲν
759 4321 867 4375 ἀπὸ
903 4320 998 4374 τοῦ
1024 4327 1135 4389 πγ’,
1175 4320 1373 4392 ἐφεξῆς
1413 4320 1470 4374 δὲ
1496 4321 1740 4394 κείμενοι
1771 4321 1878 4378 τῶν

309 4413 801 4486 ἐπιγεγραμμένων
833 4412 927 4466 τοῦ
979 4412 1166 4482 Ἀσάφ.
1209 4412 1480 4478 Ὡσαύτως
1501 4413 1559 4467 δὲ
1588 4415 1682 4467 καὶ
1701 4415 1751 4467 ot
1783 4412 1877 4466 τοῦ

1987 1899 2384 1970 confundantur
2416 1907 2464 1954 et
2500 1906 2753 1968 pereant;
2792 1899 2860 1954 de
2906 1899 2975 1953 iis
3008 1913 3139 1952 vero
3191 1898 3283 1970 qui
3332 1895 3400 1952 ad
3447 1912 3561 1952 me-

1989 1992 2181 2048 liorem
2212 2006 2272 2048 se
2296 1991 2462 2050 vitam
2497 1991 2768 2060 recepturi
2803 1998 2953 2054 sunt,
2981 1989 3114 2044 illud
3150 1988 3448 2060 profertur,
3493 1986 3560 2041 Et

1988 2093 2307 2155 cognoscant
2335 2083 2459 2154 quia
2489 2095 2676 2138 nomen
2708 2081 2802 2135 tibi
2828 2081 3103 2145 Dominus,
3135 2091 3192 2133 tu
3231 2081 3375 2134 solus
3407 2079 3561 2133 altis-

1987 2175 2152 2229 simus
2200 2175 2255 2228 in
2289 2175 2432 2228 omni
2459 2181 2623 2228 terra.
2657 2171 2895 2227 Possunt
2921 2170 3082 2226 etiam
3122 2170 3190 2226 de
3220 2169 3410 2226 iisdem
3448 2171 3562 2224 haec

1987 2266 2173 2320 omnia
2195 2263 2336 2331 dici;
2372 2263 2532 2335 quasi
2563 2263 2824 2318 videlicet
2870 2260 3079 2316 inimici
3130 2257 3246 2326 Dei,
3280 2276 3390 2331 quo
3423 2268 3562 2315 tem-

1988 2373 2120 2428 pore
2151 2357 2242 2411 illa
2272 2355 2528 2427 superius
2564 2363 2864 2412 memorata
2905 2352 3202 2424 perferent,
3237 2352 3561 2408 confusione

1987 2460 2153 2522 atque
2184 2451 2384 2508 rubore
2436 2449 2704 2522 replendi,
2740 2464 2805 2504 ac
2848 2448 3108 2518 perniciei
3139 2447 3388 2504 tradendi
3427 2448 3559 2512 sint.

1988 2544 2106 2615 ipsa
2133 2540 2473 2614 experientia
2518 2540 2790 2612 cognituri
2833 2555 2897 2595 ac
2926 2537 3236 2596 confessuri
3269 2553 3438 2593 unum
3467 2553 3563 2594 so—

1988 2633 2211 2706 lumque
2253 2632 2422 2688 Deum
2475 2647 2599 2688 esse
2635 2632 2964 2686 altissimum
2995 2631 3052 2684 in
3089 2628 3236 2685 omni
3272 2637 3437 2698 terra,
3467 2629 3562 2699 qui

1987 2726 2138 2796 ipsos
2165 2725 2314 2796 justo
2343 2725 2553 2796 judicio
2583 2738 2646 2779 ac
2684 2723 2985 2778 facinorum
3025 2736 3252 2777 suorum
3277 2736 3442 2776 causa
3475 2721 3561 2774 iu-

1989 2818 2158 2874 vadit.

1991 3105 2042 3161 i.
2097 3103 2164 3158 IN
2225 3099 2469 3165 FINEM,
2512 3057 3267 3166 rao’roncuramsus,
3336 3093 3562 3157 FILIUS

2323 3171 2506 3229 υοιιε
2541 3171 2888 3228 PSALMUS.
2911 3169 3193 3226 LXXXIII.

2058 3309 2224 3364 Vens.
2239 3307 2296 3361 ‘2.
2319 3305 2492 3373 Quam
2506 3305 2699 3360 dilecta
2729 3305 3074 3361 tabemacula
3091 3314 3206 3368 tua,
3229 3303 3447 3359 Domine
3461 3306 3562 3359 viro

1988 3400 2195 3454 tutum!
2227 3398 2518 3469 Postquam
2553 3397 2801 3454 defecere
2839 3398 3034 3468 psalmi
3077 3400 3261 3472 Asapb
3289 3399 3560 3470 inscripti,

1985 3507 2216 3564 quorum
2236 3493 2627 3564 primus;r.xxu,
2639 3500 2946 3561 postremus
2958 3505 3088 3548 vero
3100 3508 3236 3550 Lxxx
3249 3509 3280 3549 ιι
3297 3501 3436 3558 erat,
3449 3493 3562 3563 jam

1986 3587 2235 3657 sequitur
2271 3595 2505 3648 Lxxxm,
2539 3583 2668 3653 ﬁliis
2690 3581 2826 3638 Core
2853 3582 3175 3654 inscriptus,
3199 3585 3480 3656 dequibus
3504 3585 3562 3641 iu

1985 3678 2278 3750 disputatis
2295 3677 2547 3748 superius
2563 3677 2889 3732 sententiam
2904 3675 3219 3748 aperuimus
3237 3687 3495 3734 nostram.
3521 3676 3564 3732 Ε

1985 3785 2046 3826 re
2055 3779 2234 3825 autem
2253 3769 2721 3840 fueritobservare
2735 3783 2926 3825 omnes
2941 3769 3142 3840 Asapbi
3163 3771 3404 3840 psalmos
3418 3769 3563 3824 duo~

1984 3866 2161 3922 decim
2190 3881 2418 3921 numero
2454 3879 2612 3931 esse;
2663 3861 3000 3933 totidemque
3038 3863 3132 3933 qui
3163 3856 3398 3932 ﬁliorum
3431 3861 3563 3918 Cors

1987 3958 2236 4028 inscripti
2275 3965 2424 4013 sunt.
2453 3955 2657 4012 Verum
2712 3955 2947 4010 ﬁliorum
2989 3953 3131 4010 Core
3181 3961 3310 4010 octo
3331 3953 3561 4026 “psalmi

1986 4050 2324 4120 coniunctim
2359 4048 2524 4120 positi
2552 4057 2702 4111 sunt,
2728 4062 2758 4102 a
2791 4061 2881 4102 xu
2902 4045 3154 4102 videlicet
3171 4047 3282 4102 orsi
3312 4064 3325 4101 :
3363 4045 3559 4117 reliqui

1987 4155 2117 4196 vero
2164 4147 2401 4210 quatuor
2454 4139 2544 4193 hic
2585 4144 2716 4194 sunt
2761 4138 3065 4201 constituti,
3120 4137 3448 4208 incipientes
3486 4138 3558 4193 ab

1987 4243 2193 4287 Luxm
2225 4246 2292 4286 ac
2324 4237 2450 4302 post
2479 4245 2596 4294 eos,
2626 4230 2719 4300 qui
2737 4228 2941 4300 Asaphi
2971 4229 3223 4300 inscripti
3249 4237 3402 4295 sunt,
3425 4245 3560 4288 con-

1988 4330 2280 4395 sequenter
2327 4322 2512 4394 positi.
2567 4321 2887 4391 Pariterque
2937 4335 3003 4376 ex
3042 4321 3247 4394 Δειρὴὶ
3306 4322 3579 4392 psalmis.

1987 4415 2240 4472 mdecim
2285 4423 2686 4486 consequenter
2729 4415 2893 4487 positi
2934 4422 3086 4479 sunt,
3114 4430 3143 4469 a
3189 4429 3336 4470 usu
3363 4430 3560 4486 nempe

321 4505 490 4576 Ἀσὰφ
543 4511 608 4558 ια’
645 4504 746 4575 μέν
780 4506 884 4556 εἰσι
933 4502 1284 4573 συνημμένοι.
1327 4503 1376 4555 oi
1413 4502 1520 4555 ἀπὸ
1559 4501 1637 4556 οϐ’
1666 4504 1760 4557 καὶ
1786 4503 1881 4558 ἐπὶ

1984 4507 2051 4562 ad
2087 4522 2296 4562 Lxmr.
2351 4506 2642 4563 Duodecim
2687 4521 2820 4562 vero
2875 4513 3001 4560 octo
3052 4506 3264 4576 priores
3320 4505 3558 4562 filiorum

310 4596 394 4650 τδν
434 4595 541 4651 πϐ’.
598 4597 655 4650 '0
679 4595 735 4649 δὲ
767 4594 833 4647 ιϐ’
875 4594 1002 4665 ἑξῆς
1048 4593 1448 4648 κατατέτακται
1490 4596 1604 4658 τοῖς
1645 4593 1881 4665 πρώτοις

313 4681 448 4737 ὀκτὼ
469 4683 576 4737 τῶν
607 4681 738 4736 υἱῶν
779 4683 945 4755 Κορὲ,
987 4681 1174 4755 ὥσπερ
1216 4683 1534 4746 ἀντιδόσεως
1583 4684 1879 4756 γενομένης

313 4775 394 4830 διὰ
421 4775 519 4839 τὰς
555 4776 613 4830 ὲν
652 4779 774 4839 ταῖς
819 4779 947 4848 παρ’
978 4769 1261 4846 ἑκατέροις
1299 4775 1634 4846 προφητείας
1675 4777 1882 4830 ἐπικοι-

315 4867 578 4931 νωνούσας
601 4867 854 4939 ἀλλήλαις
891 4867 1163 4940 θεωρίαις.
1195 4863 1376 4921 Ἦσαν
1413 4869 1508 4938 μὲν
1533 4865 1626 4922 οὖν
1655 4869 1705 4922 οἱ
1731 4867 1881 4941 πρῶ-

314 4978 388 5014 τοι
423 4960 528 5015 τῶν
554 4960 685 5014 υἱῶν
721 4960 862 5032 Κορὲ
891 4961 1032 5013 ὀκτὼ
1062 4959 1154 5013 τὸν
1176 4959 1430 5032 ἀριθμὸν,
1465 4962 1512 5014 οἱ
1541 4960 1743 5025 πάντες
1769 4961 1879 5016 ἀπὸ

314 5051 398 5106 τοῦ
431 5059 520 5123 μα’
548 5051 860 5123 ἀρχόμενοι,
891 5052 982 5105 καὶ
1012 5051 1267 5123 λήγοντες
1291 5053 1371 5117 είς
1395 5044 1487 5106 τὸν
1513 5060 1624 5126 μη⁹.
1661 5055 1876 5128 Περιεῖ-

315 5157 396 5217 χον
429 5145 507 5212 δὲ,
550 5143 740 5217 ὥσπερ
783 5146 840 5197 ὲν
865 5144 1143 5216 κεφαλαίῳ
1175 5146 1370 5209 εἰπεῖν,
1404 5145 1496 5198 ἐπὶ
1525 5145 1602 5217 τῷ
1636 5147 1701 5200 ὲκ
1723 5165 1878 5220 περι-

313 5238 473 5309 τομῆς
500 5237 614 5308 λαῷ
663 5236 940 5308 κλαυθμὸν
975 5238 1070 5290 καὶ
1094 5237 1290 5308 θρῆνον
1332 5241 1424 5292 καὶ
1462 5240 1716 5312 ὀδυρμδν,
1747 5243 1882 5314 Χρι-

317 5328 430 5382 στοῦ
458 5345 518 5382 τε
569 5327 868 5402 παρουσίαν
922 5330 1016 5383 καὶ
1083 5330 1272 5399 κλῆσιν
1331 5331 1516 5384 ἐθνῶν.
1568 5333 1726 5388 Ἀλλά
1772 5336 1880 5388 τῶν

320 5421 405 5490 μὲν
437 5422 738 5493 εἰρημένων
768 5421 912 5475 ὀκτὼ
948 5422 1167 5494 τοιαύτη
1199 5439 1281 5485 τις
1305 5418 1372 5493 ἦν
1395 5425 1428 5496 ή
1450 5425 1734 5491 ὑπόθεσις·
1770 5427 1880 5480 τῶν

315 5511 365 5566 δὲ
404 5515 496 5568 ἐπὶ
525 5514 618 5568 τοῦ
675 5515 938 5587 παρόντος
996 5517 1488 5588 ἐπιγεγραμμένων
1552 5521 1645 5574 καὶ
1700 5521 1880 5574 αὐτῶν

319 5603 437 5656 υἱῶν
451 5605 594 5676 Κορὲ
613 5608 894 5680 τεσσάρων
914 5607 1103 5671 ὄντων,
1125 5609 1173 5660 oi
1200 5609 1297 5680 μὲν
1314 5608 1531 5664 ὕστατοι
1555 5611 1648 5664 δύο
1669 5613 1880 5681 γένεσιν

320 5693 401 5746 καὶ
433 5693 658 5748 θάνατον
700 5697 866 5751 αὑτοῦ
910 5699 1348 5770 περιειλήφασιν,
1404 5699 1592 5771 ὥσπερ
1632 5703 1880 5774 ἐπίτηδες

319 5786 739 5857 ταμιευσαμένου
763 5787 855 5841 τοῦ
882 5788 1055 5856 Λόγου
1080 5790 1173 5842 ἐπὶ
1197 5789 1340 5843 τέλει
1367 5790 1582 5845 πάντων
1612 5793 1708 5856 τὰς
1751 5812 1816 5848 πε
1825 5794 1878 5863 pi.

629 5881 899 5944 Ριτιιοι..
943 5883 1060 5945 Gn.
1111 5885 1346 5947 XXIII.

1981 4599 2120 4655 Core
2147 4599 2388 4670 psalmos
2421 4598 2805 4669 subsequitur;
2839 4598 2913 4652 ita
2955 4607 3014 4652 ut
3051 4612 3151 4652 ceu
3193 4604 3378 4652 mutua
3410 4613 3562 4669 quae-

1982 4690 2107 4746 dam
2145 4690 2392 4764 pensatio
2427 4689 2520 4745 fiat
2548 4691 2619 4746 ob
2676 4691 2993 4762 prophetias
3053 4704 3174 4762 quae
3219 4691 3274 4745 in
3307 4691 3558 4763 utrisque

1981 4797 2328 4838 communem
2385 4782 2704 4851 speculandi
2742 4797 2951 4838 morem
2984 4790 3230 4838 servant.
3265 4781 3432 4838 Erant
3463 4783 3562 4836 ita-

1981 4893 2087 4945 que
2122 4877 2332 4947 priores
2363 4877 2439 4931 illi
2474 4876 2710 4931 filiorum
2737 4876 2879 4932 Core
2924 4876 3119 4946 psalmi
3149 4884 3274 4931 octo
3305 4891 3553 4939 numero,

1981 4969 2072 5039 qui
2113 4984 2307 5025 omnes
2336 4985 2366 5023 a
2406 4984 2494 5024 xu
2534 4969 2749 5023 initium
2781 4967 3010 5032 ducunt,
3033 4976 3086 5023 et
3115 4971 3171 5023 in
3207 4983 3374 5023 sum
3409 4967 3558 5023 desi-

1979 5068 2140 5117 nunt.
2179 5059 2219 5114 Ii
2266 5076 2415 5125 vero,
2447 5069 2506 5115 ut
2535 5060 2858 5130 compendio
2901 5059 3101 5126 dicam,
3147 5060 3214 5114 de
3245 5059 3445 5130 populo
3492 5074 3558 5113 ex

1980 5155 2401 5210 circumcisione
2433 5153 2618 5208 fletum
2675 5167 2740 5206 ac
2797 5153 3097 5222 planctum,
3129 5152 3332 5207 Christi
3364 5152 3558 5206 adven-

1981 5259 2118 5312 tum,
2152 5257 2319 5318 atque
2375 5247 2718 5302 vocationem
2776 5245 3044 5316 gentium,
3102 5239 3562 5300 commemorant;

1981 5340 2095 5395 Hoc
2123 5355 2256 5394 sane
2286 5347 2372 5394 est
2396 5339 2612 5394 illorum
2637 5344 2764 5392 octo
2795 5337 3126 5406 psalmorum
3150 5343 3554 5404 argumentum.

1982 5429 2057 5484 Ex
2093 5429 2243 5484 hisce
2266 5443 2418 5492 vero.
2444 5429 2510 5506 de
2535 5427 2738 5498 quibus
2755 5443 2900 5482 nunc
2929 5427 3133 5497 agitur,
3163 5425 3398 5480 filiorum
3418 5423 3562 5502 Core.

1980 5521 2205 5592 psalmis
2237 5528 2473 5590 quatuor
2520 5535 2772 5586 numero,
2803 5519 2912 5574 duo
2963 5517 3227 5588 postremi
3282 5527 3461 5571 ortum
3503 5507 3561 5573 et

1981 5620 2209 5665 mortem
2256 5609 2567 5666 Servatoris
2596 5611 3039 5680 complectuntur
3068 5625 3082 5662 :
3109 5622 3174 5660 ac
3224 5606 3270 5662 si
3301 5607 3558 5664 videlicet

1981 5700 2264 5774 Scriptura
2294 5702 2539 5757 omnium
2563 5701 2821 5756 vaticinia
2851 5701 2904 5754 in
2926 5699 3032 5754 fine
3059 5714 3332 5770 exponere
3362 5716 3557 5772 oppor-

1979 5805 2108 5851 tune
2147 5795 2248 5852 sibi
2303 5793 2620 5850 reservarit.
2653 5791 2819 5846 Multa
2855 5799 3036 5847 autem
3071 5791 3138 5846 de
3177 5792 3296 5859 eius
3324 5801 3452 5852 ortu
3496 5796 3554 5852 in

3198 5885 3276 5948 32
