4078 6934
285 324 330 384 .2
343 325 484 382 005

1479 324 1980 385 COMMENTARIA
2025 326 2092 382 lN
2131 325 2474 385 PSALMOS.

3473 334 3617 390 1006

291 441 389 499 τὰ
447 440 583 497 καθ’
621 441 750 515 ὅλης
787 441 889 512 τῆς
927 439 1229 515 ἀνθρώπων
1273 443 1597 517 οἰκουμένης
1641 445 1934 519 θυσιαστή-

2039 445 2204 511 mine,
2235 446 2588 502 tabernacula
2629 452 2746 509 tua,
2774 445 2971 501 dilecta
2995 459 3051 501 et
3077 446 3332 503 amabilia
3366 458 3517 518 sunt,
3557 453 3618 507 in

300 552 424 607 ρια
491 533 591 589 καὶ
635 534 705 588 τὰ
753 534 1086 607 σκηνώματα
1135 535 1228 592 καὶ
1270 537 1370 600 τὰς
1415 537 1584 602 αὐλὰς
1626 539 1931 611 δηλοῦντος.

305 625 534 678 Ἀλλοι
568 625 667 695 μὲν
697 619 790 678 οὖν
814 625 968 688 ἄλλα,
1003 625 1186 696 φησιν,
1218 626 1495 694 ἀγαπῶσι,
1526 628 1618 682 καὶ
1645 630 1775 701 περὶ
1804 630 1934 683 πολ-

301 717 425 771 λοῦ
463 717 778 771 ποιοῦνταιο
811 717 933 789 ἐμοὶ
963 717 1041 782 δὲ,
1075 711 1120 770 ὧ
1157 717 1352 790 Κύριε,
1390 718 1460 772 τά
1500 720 1568 773 σὰ
1603 719 1934 792 σκηνώματα

308 809 622 881 προσφιλῆ
655 811 748 864 καὶ
788 801 1045 880 ἀγαπητά
1077 811 1353 881 τυγχάνει,
1387 813 1444 864 ἐν
1475 805 1558 876 οἷς
1591 813 1934 885 κατηξίωσας

307 899 511 964 αὐτὸς
557 900 672 970 ἅμα
723 899 1029 972 ἀνθρώποις
1088 899 1187 958 τὰς
1239 900 1518 972 διατριϐὰς
1568 903 1933 974 ποιησάμενος

310 991 763 1062 κατασκηνῶσαι
785 1032 800 1057 ,
851 993 1056 1062 φήσας·
1115 992 1295 1046 Ὅπου
1337 993 1446 1047 δύο
1492 993 1530 1062 ἢ
1579 992 1732 1061 τρεῖς
1779 1009 1929 1047 συν-

309 1082 590 1154 ηγμένοι
603 1084 766 1137 εἰσὶν
789 1085 873 1149 εὶς
899 1081 966 1136 τὸ
987 1083 1134 1152 ἐμὸν
1157 1083 1362 1153 ὄνομα,
1383 1084 1514 1138 ἐκεῖ
1535 1087 1651 1155 ειμι
1677 1086 1747 1139 ἐν
1765 1085 1933 1155 μέσῳ

315 1173 563 1230 αὐτῶν.
608 1175 764 1230 Οῦτω
797 1175 853 1228 δέ
883 1192 971 1246 μοι
1007 1176 1279 1247 προσφιλῆ
1321 1179 1414 1231 καὶ
1452 1177 1712 1249 ἀγαπητά
1734 1179 1933 1250 τυγχά-

317 1285 414 1322 νει
457 1267 532 1322 τὰ
565 1268 846 1339 εἰρημένα,
890 1268 1033 1322 ὥστε
1073 1269 1140 1322 δι’
1179 1269 1480 1341 ὑπερϐολὴν
1507 1271 1800 1340 ἐπιθυμίας
1837 1273 1934 1325 αὐ-

316 1358 446 1412 τῶν
501 1358 783 1428 ὁμολογεῖν
834 1357 1108 1412 ἐκλείπειν
1148 1359 1248 1429 τὴν
1307 1359 1487 1431 ψυχήν
1556 1377 1657 1430 μου
1698 1360 1776 1430 τῷ
1803 1361 1931 1432 περὶ

319 1447 516 1511 αὑτὰς
565 1446 718 1518 πόοῳ
770 1448 1100 1519 νικωμένην,
1147 1449 1242 1501 καὶ
1279 1447 1379 1518 τῆς
1411 1448 1555 1520 ζωῆς
1592 1449 1762 1522 αὐτῆς
1801 1468 1933 1523 προ-

318 1541 509 1611 τιμᾷν
544 1541 644 1603 τὰς
699 1540 756 1592 ἐν
826 1542 946 1603 ταῖς
987 1539 1177 1602 αὐλαῖς
1213 1557 1307 1594 σου
1367 1541 1670 1614 διατριϐάς.
1719 1544 1832 1597 Καὶ
1869 1543 1929 1596 οὑ

327 1632 484 1704 μόνη
509 1649 575 1701 γε
605 1634 640 1704 ἡ
681 1632 827 1704 ψυχή
887 1649 989 1703 μου
1030 1632 1294 1699 ἐκλείπει,
1347 1633 1480 1688 ἀλλὰ
1519 1636 1613 1688 καὶ
1667 1636 1700 1706 ή
1737 1635 1932 1708 καρδία

325 1741 448 1796 μου
505 1725 604 1779 καὶ
656 1724 792 1796 πρὸς
842 1727 911 1796 τῇ
965 1725 1162 1798 καρδίᾳ
1225 1743 1326 1797 μου
1380 1727 1474 1780 καὶ
1530 1727 1661 1780 αὑτό
1722 1745 1824 1798 μου
1869 1727 1930 1782 τὸ

2039 538 2240 608 quibus
2281 537 2399 609 ipse
2432 553 2540 592 una
2570 554 2695 594 cum
2731 537 3050 595 hominibus
3099 540 3304 594 morari
3351 542 3620 613 sedesque

2038 643 2242 698 ponere
2291 629 2550 699 dignatus
2590 645 2688 696 es;
2719 644 2846 684 nam
2889 629 3030 684 dicis
3070 648 3083 684 :
3126 629 3226 685 Ubi
3259 630 3362 686 duo
3402 632 3480 687 cel
3511 644 3616 690 tres

2038 721 2337 790 congregati
2373 721 2570 790 fuerint
2593 724 2648 775 in
2677 723 2886 776 nomine
2909 739 3044 786 meo,
3073 722 3184 777 illic
3209 740 3326 778 sum
3363 726 3420 779 in
3446 726 3615 782 medio

2035 827 2218 864 eorum
2257 813 2324 866 ²¹.
2361 811 2438 865 lta
2479 828 2645 882 porro
2693 813 2826 867 mihi
2876 814 2993 869 hac
3021 814 3136 884 jam
3184 825 3484 872 memorata
3531 817 3617 874 di-

2038 905 2176 960 lecta
2203 912 2258 958 et
2293 905 2548 960 amabilia
2579 913 2730 969 sunt,
2770 913 2830 960 ut
2876 905 3050 962 fatear
3091 923 3158 964 ex
3191 923 3382 965 eorum
3414 925 3618 967 concu-

2036 993 2304 1063 piscentia
2329 995 2568 1049 animam
2594 1010 2795 1060 meam,
2819 1010 3010 1052 eorum
3038 1013 3225 1054 amore
3251 999 3618 1068 victam,deli-

2036 1099 2162 1139 cere
2215 1092 2378 1154 atque
2431 1085 2578 1139 illam
2635 1085 2692 1140 in
2754 1087 2913 1143 atriis
2953 1089 3064 1144 tuis
3123 1091 3614 1147 commorationem

2034 1175 2159 1230 vitm
2179 1192 2396 1247 quoque
2441 1184 2788 1248 anteponere.
2854 1178 3043 1250 Neque
3066 1182 3250 1236 solum
3280 1183 3486 1249 anima,
3519 1185 3616 1240 sed

2035 1278 2090 1323 ct
2125 1284 2222 1322 cor
2266 1285 2446 1324 meum
2510 1268 2736 1336 deﬁcit;
2770 1270 2880 1325 imo
2931 1287 3063 1326 vero
3100 1273 3282 1342 ipsum
3327 1288 3528 1346 corpus
3563 1287 3617 1331 et

2035 1375 2166 1414 caro
2194 1376 2300 1430 qua
2323 1361 2761 1416 circumvestior.
2790 1361 2916 1417 Haec
2965 1365 3170 1418 etenim
3213 1361 3279 1421 ex
3317 1367 3440 1422 vitae
3467 1368 3617 1425 illius

2035 1468 2156 1523 quae
2207 1468 2374 1523 penes
2412 1461 2464 1507 te
2509 1461 2595 1508 est
2649 1456 2938 1518 memoria,
2963 1456 3166 1526 gaudio
3202 1467 3257 1514 et
3305 1459 3494 1514 laetitia
3530 1477 3618 1517 re-
3721 1503 3730 1517 .

2035 1544 2289 1614 plentur;
2323 1544 2397 1596 ita
2423 1551 2483 1596 ut
2511 1559 2634 1599 vere
2666 1543 2846 1599 dicam
2879 1563 2892 1599 :
2921 1544 3027 1600 Cor
3074 1563 3248 1601 meum
3273 1559 3322 1604 et
3351 1567 3477 1605 caro
3499 1568 3618 1606 mea

2034 1637 2430 1691 exsultaverunt
2477 1637 2533 1688 in
2563 1634 2736 1689 Deum
2785 1638 2980 1693 vivum.
3017 1637 3162 1694 Deus
3192 1641 3398 1711 quippe
3429 1653 3618 1699 noster

2033 1728 2246 1791 vivens,
2267 1730 2359 1798 qui
2395 1728 2546 1784 solus
2565 1728 2840 1798 propriam
2861 1739 2916 1784 et
2941 1733 3248 1788 naturalem
3283 1734 3338 1788 in
3366 1750 3427 1791 se
3449 1737 3615 1792 vitam

331 1813 508 1885 σῶμα
583 1814 676 1868 καὶ
726 1813 946 1887 ή·σὰρξ
995 1813 1062 1886 ἦν
1113 1813 1533 1886 περιϐέϐλημαι.
1593 1815 1703 1869 Καὶ
1753 1815 1925 1870 ταῦτα

2039 1821 2289 1892 possidet,
2322 1823 2430 1876 imo
2491 1822 2672 1892 potius
2697 1821 2879 1878 omnis
2914 1824 3039 1879 vita;
3080 1823 3201 1882 l‘ons
3223 1837 3326 1892 est,
3355 1843 3475 1884 eam
3493 1845 3618 1885 om-

329 1907 452 1978 γάρ
489 1909 556 1962 ἐκ
603 1908 702 1980 τῆς
769 1909 988 1980 μνήμης
1041 1907 1143 1978 τῆς
1197 1909 1350 1980 παρὰ
1414 1909 1496 1962 σοὶ
1560 1909 1704 1980 ζωῆς
1760 1910 1934 1981 χαρᾶς

334 1997 650 2070 πληροῦται
691 1999 786 2051 καὶ¹
824 1997 1190 2070 εὐφροσύνης·
1221 1997 1348 2052 ὥστ’
1380 1997 1710 2071 ἀληθεύοντά
1744 2016 1814 2071 με
1848 1999 1934 2053 λέ-

336 2103 484 2156 γειν’
517 2085 578 2140 Ἠ
602 2086 814 2155 καρδία
825 2104 944 2156 μου
970 2086 1069 2141 καὶ
1099 2088 1137 2156 ἠ
1163 2086 1322 2156 σάρξ
1346 2105 1464 2157 μου
1485 2089 1936 2158 ἠγαλλιάσαντο

333 2179 442 2232 ἐπὶ
482 2178 632 2232 Θεὸν
662 2177 864 2239 ζῶντα.
899 2177 1018 2233 Ζῶν
1044 2178 1153 2251 γὰρ
1182 2181 1211 2233 ὁ
1243 2179 1509 2251 ἡμέτερος
1530 2180 1682 2246 Θεὸς,
1710 2183 1802 2236 καὶ
1832 2183 1928 2254 μό-

337 2287 434 2334 νος
481 2270 778 2341 ίδιόκτητον
844 2271 940 2324 καὶ
993 2271 1226 2344 φυσικὴν
1279 2272 1338 2324 ἐν
1390 2271 1538 2343 αὐτῷ
1589 2273 1924 2344 κεκτημένος

340 2359 513 2433 ζωὴν,
543 2361 739 2432 μᾶλλον
767 2362 824 2415 δὲ
852 2363 1013 2427 αὐτὸς
1033 2362 1108 2417 ῶν
1143 2365 1176 2436 ή
1205 2363 1352 2435 πηγὴ
1384 2365 1564 2435 πάσης
1590 2363 1754 2435 ζωῆς,
1787 2365 1919 2417 πᾶσι

2036 1915 2206 1971 nibus
2249 1915 2316 1970 ad
2377 1930 2437 1970 se
2479 1915 2867 1972 accedentibus
2914 1916 3177 1988 impertit.
3249 1919 3615 1986 Quamobrem

2039 2009 2160 2080 ipsa
2209 2023 2340 2064 caro
2387 2023 2528 2071 mea,
2557 2023 2678 2078 qua:
2724 2016 2922 2064 natura
2983 2025 3084 2066 sua
3135 2013 3384 2068 mortalis
3412 2023 3619 2070 eteor-

2035 2102 2278 2171 ruptioni
2307 2101 2542 2155 obnoxia
2565 2107 2670 2165 est,
2692 2101 2894 2172 gaudet
2922 2109 2978 2157 et
3003 2104 3306 2173 gratulatur
3327 2122 3341 2171 ;
3364 2107 3494 2176 quia
3522 2122 3620 2177 per

2032 2208 2154 2250 eam
2185 2192 2511 2247 immortalis
2531 2191 2656 2247 vitae
2685 2206 2919 2249 consors
2969 2198 3024 2248 et
3051 2191 3251 2248 divinae
3273 2194 3464 2265 gratia:
3490 2211 3618 2266 par-

2031 2285 2205 2353 ticeps
2249 2281 2438 2338 futura
2470 2291 2576 2338 est.

338 2457 456 2518 τοῖς
510 2453 865 2525 πλησιάζουσι
920 2454 1121 2526 ταύτης
1184 2455 1522 2526 μεταδίδωσι.
1583 2455 1781 2527 Διόπερ
1828 2455 1923 2509 καὶ
1959 2454 2098 2527 αὐτὴ
2144 2457 2179 2527 ή
2229 2456 2388 2526 φύσει
2427 2456 2595 2530 θνητὴ
2653 2460 2747 2513 καὶ
2785 2458 3000 2533 φθαρτή
3049 2479 3150 2532 μου
3219 2462 3356 2536 σὰρξ
3435 2466 3618 2538 χαίρει

342 2547 439 2600 καὶ
479 2546 780 2618 συγχαίρει,
816 2546 911 2600 ἅτε
959 2547 1025 2600 δι’
1058 2547 1228 2618 αὐτῆς
1273 2549 1676 2619 κοινωνήσουσα
1710 2547 1928 2601 αίωνίου
1970 2544 2138 2618 ζωῆς,
2158 2548 2378 2620 καὶτῆς
2400 2549 2493 2604 τοῦ
2515 2550 2650 2604 Θεοῦ
2678 2553 2900 2625 χάριτος
2928 2553 3371 2627 μεταληψομὲνη.

417 2662 605 2717 Ταῦτα
629 2663 686 2717 δέ
715 2681 877 2735 φησιν
913 2665 942 2717 ό
968 2665 1259 2736 Προφήτης
1287 2665 1572 2728 διδάσκων,
1607 2666 1790 2719 ὁποῖον
1817 2661 1932 2736 εἶχε

343 2753 528 2826 ερωτα
557 2756 651 2808 καὶ
677 2755 840 2808 πόθον
877 2757 1006 2827 περ)⁵
1033 2757 1104 2810 τὰ
1140 2757 1230 2809 ὑπ’
1268 2757 1434 2810 αὑτοῦ
1459 2758 1930 2830 προφητευόμενα.

349 2847 547 2918 Διόπερ
576 2849 604 2900 ό
637 2847 826 2919 Σωτὴρ
846 2850 878 2919 ή
889 2847 1005 2918 μῶν
1038 2848 1191 2916 ἔλεγε
1213 2865 1227 2879 ·
1254 2850 1478 2904 Πολλοί
1513 2849 1810 2919 προφῆται
1833 2849 1935 2904 καὶ

347 2936 566 2990 δίκαιοι
617 2938 1006 3007 ἐπεθύμησαν
1049 2937 1197 2992 ἰδεῖν
1230 2937 1270 2992 ἂ
1309 2939 1477 3008 ὑμεῖς
1513 2938 1796 3004 βλέπετε,
1837 2937 1936 2992 καὶ

349 3031 462 3083 οὐκ
503 3025 685 3083 εἶδον.
731 3029 841 3100 Τὴν
903 3029 1083 3101 σάρκα
1127 3030 1184 3083 δέ
1243 3047 1406 3102 φησιν
1456 3029 1572 3100 ἅμα
1616 3032 1682 3100 τῇ
1738 3029 1938 3101 καρδία

350 3122 707 3190 ἀγαλλιᾶσθαι
737 3123 831 3175 ἐπὶ
861 3123 992 3176 Θεὸν
1017 3121 1216 3187 ζῶντα.
1243 3123 1628 3194 αἰνιττόμενος,
1657 3122 1731 3186 ὡς
1757 3119 1933 3193 οἶμαι,

356 3215 448 3268 καὶ
478 3214 570 3268 τοῦ
605 3215 855 3290 Σωτῆρος
881 3214 979 3287 τὴν
1011 3217 1076 3268 ἐκ
1107 3216 1314 3288 νεκρῶν
1355 3217 1671 3271 ἀνάστασιν.
1717 3213 1934 3286 Ἐπειδὴ
1961 3197 2004 3258 C

355 3306 460 3378 γὰρ
509 3308 558 3359 οἱ
601 3305 709 3358 τῶν
759 3307 928 3361 ἐθνῶν
971 3308 1313 3379 νομιζόμενοι
1359 3307 1472 3361 θεοὶ
1514 3308 1698 3378 νεκροὶ
1741 3307 1937 3378 άψυχοι

355 3400 695 3470 τυγχάνουσι·
727 3402 804 3454 Τὰ
825 3399 932 3472 γὰρ
948 3400 1165 3456 εῑδωλα
1186 3399 1302 3454 τῶν
1321 3400 1510 3455 ἐθνῶν
1529 3402 1813 3470 ἀργύριον
1836 3401 1938 3455 καὶ

358 3493 629 3562 χρυσίον,
657 3492 800 3561 ἔργα
827 3492 1038 3562 χειρῶν
1068 3492 1394 3562 ἀνθρώπων
1413 3511 1428 3524 ·
1459 3493 1631 3548 ταῦτα
1662 3494 1718 3546 δὲ
1753 3493 1938 3546 ἔσεϐον

357 3586 405 3638 oi
440 3585 556 3638 τότε
581 3584 854 3656 ἄνθρωποι
875 3601 888 3614 ·
920 3583 1052 3652 ἐγὼ,
1083 3586 1269 3656 φησὶν,
1293 3585 1353 3639 οὐ
1380 3585 1616 3640 τοιοῦτόν
1638 3603 1760 3639 τινα
1782 3585 1936 3649 Θεὸν,

358 3676 487 3730 ἀλλὰ
521 3676 696 3741 ζῶντα
741 3677 872 3730 Θεὸν
912 3677 1258 3748 προθεωρῶν,
1289 3680 1354 3748 τῇ
1410 3677 1604 3750 καρδίᾳ
1650 3677 1936 3749 εὐφραίνο-

363 3785 486 3838 μαιο
523 3769 614 3821 καὶ
651 3767 789 3838 αῦτη
829 3767 884 3821 δέ
931 3787 1032 3840 μου
1087 3771 1115 3840 ή
1163 3767 1302 3840 σὰρξ
1346 3770 1439 3821 ἐπὶ
1477 3769 1650 3840 τούτῳ
1697 3769 1774 3839 τῷ
1820 3768 1940 3839 Θεῷ

359 3859 744 3929 ἠγαλλιάσατο,
791 3859 867 3924 ὡς
913 3861 1006 3914 ἐπὶ
1048 3859 1166 3930 Θεῴ
1203 3859 1420 3931 άληθῶς
1468 3858 1630 3922 ζῶντι
1673 3861 1766 3912 καὶ
1804 3860 1939 3924 ζωο-

363 3951 592 4005 ποιοῦντι
615 3952 742 4016 τοὺς
775 3954 1020 4022 νεκροὺς,
1055 3953 1112 4016 ὃς
1147 3954 1240 4006 καὶ
1271 3953 1440 4024 αὐτήν
1476 3970 1576 4024 μου
1614 3953 1937 4025 ζωοποιήσει

363 4044 456 4115 τὴν
485 4046 658 4116 σάρκα
686 4044 775 4098 διὰ
814 4044 914 4114 τῆς
962 4044 1154 4098 ἐαυτοῦ
1189 4045 1557 4107 ἀναστάσεως.
1588 4043 1678 4096 Διὸ
1707 4045 1841 4115 πρὸς
1871 4046 1936 4115 τῇ
1968 4065 1974 4073 ·

365 4137 501 4208 ψυχῇ
535 4137 628 4190 καὶ
657 4139 690 4207 ἡ
717 4137 852 4206 σάρξ
892 4153 990 4206 μου
1014 4135 1397 4206 ἠγαλλιάσατο.
1429 4135 1539 4198 Καὶ
1578 4135 1688 4204 γὰρ
1719 4151 1938 4204 στρου-

368 4231 492 4284 θίον
527 4225 704 4298 εὗρεν
746 4228 936 4294 ἑαυτῴ
985 4230 1201 4292 οὶκίαν,
1245 4228 1341 4281 καί
1397 4225 1627 4297 τρυγὼν
1680 4224 1940 4278 νοσσιὰν

367 4320 541 4388 ἑαυτῇ
564 4360 580 4384 ,
632 4316 703 4377 οὗ
751 4318 922 4386 θήσει
965 4321 1038 4374 τὰ
1090 4320 1314 4373 νοσσία
1356 4318 1565 4387 αὐτῆς,
1613 4322 1686 4372 τὰ
1735 4319 1942 4372 θυσια-

367 4407 570 4476 στήριά
586 4423 722 4472 σου,
749 4408 926 4476 Κύριε
951 4405 1068 4460 τῶν
1101 4406 1431 4476 δυνάμεων.
1471 4408 1581 4462 Καὶ
1610 4407 1726 4470 πῶς
1739 4405 1848 4478 γὰρ
1877 4405 1938 4460 οὐ

2110 2664 2237 2721 Hac
2271 2675 2452 2720 autem
2497 2668 2571 2722 ait
2599 2667 2892 2738 Propheta,
2927 2683 3087 2724 suum
3130 2670 3396 2726 exhibens
3426 2671 3619 2727 adver-

2040 2770 2139 2810 sus
2168 2771 2232 2811 ea
2260 2757 2464 2826 quaain
2518 2757 2803 2828 prophetia
2855 2757 3215 2814 enuntiautur
3267 2760 3508 2816 studium
3563 2774 3621 2818 et

2041 2860 2306 2903 amorem.
2333 2848 2459 2904 ideo
2485 2849 2749 2904 Servator
2777 2857 2966 2904 noster
2991 2849 3208 2906 dicebat
3242 2869 3255 2906 :
3299 2849 3464 2906 Multi
3495 2869 3620 2922 pro-

2041 2939 2208 3011 pheta:
2233 2950 2282 2996 et
2321 2941 2461 3011 justi
2490 2942 2767 2998 voluerunt
2807 2943 2982 2999 videre
3023 2959 3141 3014 aute
3191 2961 3279 2999 vos
3313 2943 3521 3010 uidetis,
3567 2954 3621 3000 ct

2043 3049 2148 3087 non
2181 3032 2418 3088 uiderunt
2449 3036 2516 3088 υ.
2553 3033 2642 3087 Ait
2675 3049 2840 3105 porro
2866 3051 2975 3091 una
3009 3051 3132 3092 cum
3181 3036 3348 3091 corde
3392 3050 3616 3092 carnem

2042 3129 2218 3200 ipsam
2244 3131 2522 3186 exsultare
2552 3131 2606 3185 in
2643 3130 2806 3186 Deum
2837 3132 3054 3199 vivum;
3085 3133 3264 3202 queis,
3293 3139 3354 3187 ut
3382 3135 3616 3197 aestimo,

2038 3221 2213 3293 ipsam
2253 3222 2558 3279 Servatoris
2584 3223 2759 3278 nostri
2785 3238 2852 3279 ex
2889 3223 3125 3278 mortuis
3154 3227 3618 3280 resurrectionem

2039 3314 2347 3369 adumbrat.
2375 3313 2516 3380 Quia
2543 3314 2687 3368 enim
2719 3313 2756 3367 ii
2788 3314 2880 3384 qui
2916 3315 3059 3370 inter
3093 3324 3284 3386 gentes
3313 3314 3391 3369 dii
3424 3315 3618 3371 existi-

2039 3415 2280 3470 mantur,
2309 3407 2512 3461 mortui
2544 3414 2600 3462 et
2637 3407 2922 3462 iuanimati
2955 3414 3084 3462 sunt
3115 3425 3130 3462 :
3163 3422 3290 3460 nam
3320 3407 3617 3462 simulacra

2038 3496 2270 3566 gentium
2299 3505 2573 3566 argentum
2605 3503 2656 3549 et
2692 3511 2904 3558 aurum,
2937 3507 3096 3565 opera
3141 3511 3398 3550 manuum
3443 3497 3616 3550 [tanti-

2041 3603 2165 3640 num
2191 3587 2236 3618 ”
2265 3606 2278 3641 :
2313 3587 2425 3642 haec
2453 3594 2632 3643 tamen
2657 3587 2732 3641 illi
2757 3587 2884 3641 olim
2915 3587 3165 3643 homines
3193 3588 3615 3644 venerabantur.

2038 3677 2153 3750 Ego
2190 3694 2340 3745 vero,
2364 3681 2559 3750 inquit,
2595 3696 2702 3734 non
2753 3680 2914 3736 deum
2949 3680 3290 3752 huiusmodi,
3321 3683 3414 3736 sed
3448 3681 3616 3738 Deum

2039 3774 2221 3825 vivum
2252 3773 2654 3842 contemplans,
2683 3773 2884 3843 gaudio
2915 3773 2970 3828 in
2999 3773 3168 3828 corde
3192 3775 3405 3842 repleor
3442 3792 3455 3827 :
3480 3774 3623 3845 ipsa-

2041 3875 2149 3929 que
2177 3875 2310 3915 caro
2340 3877 2460 3916 mea
2494 3861 2552 3916 in
2591 3862 2739 3918 hunc
2770 3862 2940 3917 Deum
2992 3861 3308 3924 exsultavit,
3347 3870 3536 3932 utpote
3563 3863 3617 3916 iu

2042 3949 2212 4008 Deum
2248 3968 2374 4007 vere
2402 3953 2670 4008 viventem
2700 3961 2755 4007 et
2798 3960 3048 4008 mortuos
3101 3952 3484 4016 viviﬁcantem,
3526 3954 3620 4023 qui

2042 4044 2182 4098 hanc
2205 4045 2382 4114 ipsam
2401 4059 2622 4100 carnem
2647 4059 2821 4100 meam
2844 4060 2942 4116 per
2968 4045 3428 4100 resurrectionem
3462 4060 3620 4101 suam

2042 4137 2366 4193 reviviscere
2420 4137 2596 4192 faciet.
2661 4136 2844 4205 Quare
2891 4153 3018 4193 cum
3074 4137 3259 4192 anima
3313 4152 3446 4192 caro
3502 4137 3622 4208 ipsa

2041 4230 2358 4286 exsultavit.
2387 4259 2458 4271 -—
2488 4229 2656 4286 Vens.
2691 4231 2747 4285 4.
2783 4229 2993 4285 Etenim
3041 4246 3230 4301 passer
3286 4231 3480 4285 invenit
3519 4229 3621 4284 sibi

2040 4319 2277 4383 domum,
2321 4327 2371 4374 et
2421 4329 2602 4373 turtur
2672 4319 2856 4373 nia'um
2908 4318 3033 4384 sibi,
3093 4318 3184 4372 ubi
3243 4327 3405 4388 ponat
3449 4319 3622 4387 pullos

2041 4425 2188 4474 suos,
2225 4407 2426 4462 altaria
2450 4417 2562 4474 tua,
2595 4407 2819 4464 Domine
2847 4408 3125 4464 uirtutum.
3151 4408 3214 4462 Et
3245 4409 3359 4480 qui,
3391 4409 3490 4474 ait,
3512 4424 3620 4462 non

369 4500 580 4564 δίκαιον,
596 4499 749 4572 φησὶ,
781 4499 1052 4571 προσφιλῆ
1084 4499 1177 4552 καὶ
1213 4499 1471 4570 ἀγαπητὰ
1485 4500 1763 4570 ὁμολογεῖν
1795 4495 1934 4553 εἶναι

2044 4518 2261 4573 acquum
2301 4500 2488 4566 fuerit,
2547 4516 2579 4555 ο
2625 4501 2876 4568 Domine,
2924 4501 3120 4558 altaria
3178 4509 3272 4555 tua
3325 4501 3525 4556 dilecta
3569 4512 3625 4554 et

370 4589 432 4642 τὰ
455 4588 781 4661 σκηνώματά
814 4606 928 4653 σου,
959 4583 1005 4642 ὧ
1033 4589 1225 4660 Κύριε,
1253 4589 1412 4643 ὁπότε
1443 4591 1725 4661 καταφυγὴ
1751 4588 1936 4659 γέγονε

2043 4595 2298 4650 amabilia
2343 4611 2466 4650 esse
2523 4593 2680 4649 lateri
2704 4637 2722 4660 ,
2754 4593 2975 4664 quando
3016 4607 3081 4650 ea
3113 4591 3384 4664 refugium
3422 4590 3623 4662 cuique

374 4681 520 4734 παντὶ
549 4680 626 4753 τῷ
651 4681 747 4751 οἴῳ
773 4697 832 4734 τε
870 4679 1049 4749 λέγειν
1067 4698 1079 4709 ·
1124 4681 1194 4736 Ἦ
1221 4680 1391 4750 ψυχὴ
1420 4679 1588 4750 ἡμῶν
1614 4682 1693 4748 ὡς
1717 4699 1936 4749 στρευ-

373 4772 490 4828 θίον
505 4771 764 4841 ἐῤῥύσθη
805 4773 874 4826 ἐκ
920 4771 1030 4841 τῆς
1076 4773 1326 4844 παγίδος
1370 4772 1490 4827 τῶν
1532 4775 1932 4842 θηρευόντων·

376 4863 458 4916 καὶ
487 4863 643 4916 πάλιν
683 4863 761 4934 τῷ
803 4864 1094 4932 φάσκοντιο
1134 4865 1256 4918 Ἐπὶ
1303 4864 1382 4930 τῷ
1425 4866 1620 4933 Κυρίῳ
1661 4864 1932 4928 πέποιθα,

374 4953 486 5021 πῶς
506 4953 692 5022 ἐρεῖτε,
710 4953 782 5022 τῇ
802 4954 970 5024 ψυχῇ
981 4973 1120 5025 porr
1138 4958 1597 5011 Μετανίιστεύου
1617 4957 1715 5009 ἐπὶ
1735 4959 1807 5008 τὰ
1827 4955 1932 5024 ὅρη

376 5049 444 5114 ὡς
465 5049 810 5116 στρουθίον;
843 5048 967 5101 Ὅτι
998 5048 1128 5102 ίδοὺ
1169 5051 1223 5102 οἱ
1253 5048 1587 5118 ἁμαρτωλοὶ
1626 5046 1937 5124 ἐνέτειναν

375 5139 554 5205 τόξον,
581 5141 914 5209 ἡτοίμασαν
935 5137 1094 5206 βέλη
1129 5142 1216 5206 εις
1238 5139 1554 5209 φαρέτραν.
1588 5137 1803 5193 Πολλῶν
1827 5136 1936 5209 γάρ

374 5231 459 5302 τὴν
484 5231 574 5286 τοῦ
599 5229 876 5301 θεοφιλοῦς
907 5230 1082 5302 ψυχὴν
1105 5231 1294 5300 παγίσι
1330 5232 1686 5303 μεταϐάλλειν
1725 5230 1818 5282 καὶ
1855 5229 1934 5281 δι-

376 5326 540 5388 κτύοις
571 5324 758 5394 ῶσπερ
803 5323 1055 5396 θηρεύειν
1099 5322 1266 5394 αὐτὴν
1311 5325 1690 5396 πειρωμένων,
1725 5323 1940 5376 διιπταο

377 5411 527 5482 μένην
555 5405 654 5464 ὧδε
677 5414 920 5477 κάκεῖσε,
955 5413 1048 5466 καὶ
1073 5413 1249 5482 πάντη
1280 5413 1723 5485 περινοστοῦσαν,
1754 5411 1830 5482 τῷ
1862 5411 1937 5482 μὴ

375 5504 500 5576 ἔχειν
523 5505 826 5559 ἀνάπαυσιν
862 5508 921 5560 ἐν
957 5506 1036 5576 τῷ
1068 5505 1246 5577 θνητῷ
1270 5507 1387 5578 βίῳ,
1419 5508 1557 5579 μόνα
1589 5506 1656 5560 τὰ
1680 5505 1772 5558 τοῦ
1802 5501 1938 5557 Θεοῦ

379 5597 691 5668 σκηνώματα
730 5599 1018 5670 καταφυγὴ
1044 5602 1110 5669 τῇ
1147 5599 1365 5669 τοιαύτη
1397 5600 1606 5668 γέγονε.
1660 5597 1752 5651 Διὸ
1790 5597 1940 5666 εἴρη-

377 5705 482 5741 ται·
508 5690 616 5744 Καὶ
649 5693 757 5760 γὰρ
785 5693 1104 5759 στρουθίον
1131 5687 1306 5762 εῇρεν
1336 5691 1524 5758 ἐαυτῷ
1556 5692 1770 5756 οὶκίαν,
1810 5685 1945 5742 ἀλλὰ

2046 4688 2198 4745 luere
2219 4692 2312 4760 qui
2339 4688 2523 4744 dicere
2544 4687 2772 4750 valeret,
2804 4687 3002 4740 Anima
3035 4693 3220 4740 nostra
3257 4684 3394 4739 sicut
3438 4697 3624 4751 passer

2043 4791 2220 4850 erepta
2248 4788 2324 4834 est
2347 4779 2410 4834 de
2434 4778 2620 4848 laqueo
2648 4777 2950 4831 natantium
2976 4776 3060 4841 ²⁸;
3094 4789 3158 4829 ac
3187 4789 3408 4830 rursum
3441 4773 3491 4828 ci
3529 4772 3622 4842 qui

2042 4870 2206 4933 dicat,
2237 4868 2303 4922 In
2336 4865 2564 4923 Domino
2601 4864 2810 4937 conﬁdo
2835 4906 2852 4931 ,
2911 4863 3170 4937 quomodo
3219 4864 3403 4919 dicetis
3433 4864 3624 4930 auium:

2043 4977 2209 5016 meae:
2239 4960 2583 5030 Transmigra
2608 4959 2664 5012 in
2694 4967 2921 5012 montem
2941 4957 3078 5011 sicut
3105 4958 3331 5024 passer?
3358 4955 3623 5022 Quoniam

2041 5069 2157 5108 ecce
2193 5060 2490 5120 peccatores
2520 5049 2856 5110 intenderunt
2914 5063 3122 5110 arcum,
3151 5054 3476 5115 rararerunt
3533 5062 3625 5099 sa-

2043 5144 2203 5213 gittas
2233 5159 2360 5197 mas
2394 5143 2448 5195 in
2480 5141 2730 5211 pharetra
2753 5141 2820 5193 ’⁸.
2853 5136 2990 5192 Nam
3023 5153 3153 5194 cum
3193 5136 3348 5192 multi
3381 5136 3494 5192 sint
3529 5136 3623 5207 qui

2045 5233 2286 5303 religiosi
2322 5233 2423 5288 viri
2443 5233 2680 5287 animam
2706 5247 2808 5287 ceu
2831 5230 3042 5302 laqueis
3071 5229 3423 5299 intercipere,
3456 5235 3512 5284 et
3538 5241 3625 5282 re-

2047 5325 2195 5380 tibus
2223 5339 2324 5378 ceu
2368 5321 2554 5377 venari
2585 5331 2882 5385 conantur,
2915 5336 3040 5376 cum
3091 5335 3154 5376 ea
3186 5320 3330 5373 ultro
3375 5317 3626 5390 citroque

2044 5415 2221 5469 evolet
2244 5429 2308 5468 ac
2337 5413 2766 5483 circumquaque
2795 5428 2855 5469 se
2874 5421 3068 5476 vertat,
3092 5410 3236 5482 quod
3267 5409 3320 5465 in
3343 5408 3447 5464 hac
3476 5425 3624 5465 inor-

2047 5507 2142 5560 tali
2174 5506 2309 5573 vita,
2337 5505 2523 5578 requie
2555 5505 2704 5560 nulla
2755 5503 3000 5570 fruatur,
3031 5503 3086 5558 in
3132 5502 3267 5558 solis
3301 5501 3391 5558 Dei
3439 5501 3622 5558 taber-

2047 5597 2258 5651 naculis
2319 5605 2596 5665 receptum
2649 5593 2854 5650 habere
2910 5595 3104 5664 potuit.
3148 5590 3487 5662 Quapropter
3539 5589 3623 5644 di-

2051 5699 2198 5744 ctum
2255 5697 2378 5748 cst-
2454 5687 2660 5742 Etenim
2726 5703 2908 5756 passer
2959 5686 3157 5750 intuit
3205 5685 3304 5744 sibi
3367 5684 3624 5750 domum,

442 5844 474 5874 ³³
517 5840 705 5898 Matth.
745 5859 914 5908 xvm,
944 5843 1033 5902 εο.
1112 5848 1156 5879 ¹¹
1199 5832 1387 5902 Matth.
1429 5863 1548 5916 xm,
1587 5849 1671 5904 i7.
1749 5847 1931 5926 ’ξιτεδ

2039 5861 2183 5915 stu,
2219 5846 2270 5903 4.
2352 5847 2394 5880 ²³
2436 5845 2585 5904 Psal.
2619 5860 2831 5914 cum,
2869 5844 2917 5896 7.
2996 5843 3040 5878 "
3079 5841 3225 5901 Psal.
3266 5858 3334 5907 ιε,
3367 5839 3506 5910 ἆῤ.

53 6420 4022 6934 _
