3972 6812
511 401 650 464 ιωτ
1222 404 1492 461 BUSEBII
1521 403 2005 461 CESARIENSIS
2042 404 2194 462 OPP.
2229 405 2410 463 PARS
2449 407 3054 481 [IL—EXEGETICA.
3685 415 3840 469 £008

511 517 824 588 pariterque
877 525 1054 569 turtur
1107 515 1199 570 uid
1228 533 1352 582 um;
1422 517 1676 574 videlicet
1729 521 1916 574 anima
1977 537 2099 591 qua:

2207 523 2302 576 καί
2335 523 2568 594 τρυγὼν
2596 525 2883 580 νοσσιάνο
2933 528 2967 594 ἡ
2999 529 3142 579 κατά
3175 528 3274 599 τὴν
3296 523 3628 583 ἐνεστῶσαν
3689 533 3836 602 ζωὴ.

511 611 571 664 in
638 609 894 680 pra-senti
969 609 1258 664 honestam
1317 618 1373 666 et
1445 612 1822 668 continentem
1882 621 2102 670 exercet

2207 617 2509 688 σεμνότητα
2543 619 2639 670 καὶ
2669 619 3025 690 σωφροσύνην
3051 620 3295 674 ἀσκοῦσα
3319 622 3471 693 ψυχὴ
3533 624 3836 690 (casa-'me

515 704 683 756 vitam
736 701 1097 771 (huiusmodi
1157 716 1396 770 namque
1451 718 1580 759 esse
1642 703 1736 758 illa
1795 705 1911 760 avis
1963 705 2103 760 dici-

2207 706 2312 777 γὰρ
2336 704 2475 760 εἶναι
2507 707 2719 776 λέγεται
2749 708 2810 762 τὸ
2844 709 3074 778 ὄρνεον),
3105 710 3496 782 ἀποκλαομένη
3539 713 3652 764 καὶ
3693 712 3838 782 θρη-

511 792 662 864 tur),
688 808 754 847 ac
783 807 904 862 qua:
943 792 1225 846 hominum
1253 794 1518 849 malitiam
1552 796 1700 866 luget
1727 804 1782 851 et
1810 796 2098 868 deplorat,

2207 797 2372 852 νοῦσα
2405 801 2500 871 τὴν
2533 801 2590 852 ἐν
2617 799 2924 872 ἀνθρώποις
2949 801 3168 866 κακίαν,
3198 798 3324 873 εὗρε
3348 804 3714 873 καταφυγὴν
3745 807 3840 856 καί

511 883 638 956 ipsa
683 882 991 954 perfugium
1043 884 1266 954 reperit,
1315 886 1574 940 nimirum
1628 889 1825 942 altaria
1879 889 1934 943 in
1977 897 2100 945 toto

2207 889 2341 960 αὐτὴ
2370 889 2438 942 τά
2476 890 2597 942 καθ’
2626 890 2753 962 ὅλης
2785 894 2885 962 τῆς
2913 893 3239 963 οἰκουμένης
3269 891 3562 965 ἱδρυθέντα
3589 895 3708 947 διὰ
3737 895 3840 963 si;

515 976 651 1031 orbe
693 991 792 1045 per
821 975 1028 1031 Christi
1070 975 1378 1031 doctrinam
1431 978 1718 1033 excitata:
1753 980 1845 1035 ubi
1896 996 1996 1035 ceu
2045 983 2103 1036 in

2207 979 2296 1032 τοῦ
2322 980 2558 1051 Χριστοῦ
2593 997 2684 1032 σου
2711 980 3055 1045 διδασκαλίας
3095 982 3484 1054 θυσιαστήρια·
3531 982 3689 1036 Ενθα
3729 985 3838 1036 Eu:-

518 1068 649 1122 nido
677 1082 744 1122 ac
781 1068 1133 1138 receptaculo
1159 1083 1360 1125 recens
1399 1077 1583 1124 natam
1613 1085 1679 1125 ac
1709 1078 1953 1127 teneram
1985 1089 2103 1144 pro-

2207 1085 2310 1140 περ
2343 1074 2401 1125 ἐν
2450 1073 2665 1135 καλιαῖς
2708 1074 2802 1125 καὶ
2838 1075 3103 1137 νεοττίαις
3136 1074 3204 1127 τὰ
3245 1074 3507 1146 ἀρτιγενῆ
3560 1075 3678 1128 καὶ
3727 1093 3838 1128 νεο-

519 1161 624 1216 lem
659 1161 920 1231 deponet,
955 1169 1133 1215 tutum
1163 1161 1497 1232 insidiisque
1523 1177 1758 1217 vacuum
1795 1170 1955 1219 nacta
1976 1166 2101 1235 pul-

2207 1162 2307 1232 γνά
2329 1163 2436 1216 τῶν
2461 1165 2633 1235 αὐτῆς
2671 1165 2874 1219 τέκνων
2908 1166 3260 1236 ἀποϐήσεται,
3293 1167 3520 1236 ἀσφαλῆ
3565 1169 3680 1219 καὶ
3719 1169 3836 1221 hs-

518 1253 588 1309 lis
621 1254 740 1309 suis
774 1253 1158 1309 domicilium:
1194 1255 1269 1309 ita
1303 1262 1362 1309 ut
1401 1255 1596 1310 altaria
1633 1263 1728 1309 tua
1760 1256 1972 1326 passeri
1999 1240 2100 1327 pro

2207 1255 2553 1309 πιϐούλευτον
2597 1257 2836 1328 εὑροῦσα
2879 1260 2992 1321 τοῖς
3043 1258 3241 1329 ἑαυτῆς
3295 1262 3538 1320 νεοττοῖς
3605 1261 3834 1329 μονήν·

517 1344 702 1410 domo,
731 1346 933 1400 turturi
969 1362 1067 1416 pro
1091 1346 1221 1401 nido
1250 1346 1578 1401 habeantur.
1607 1345 1702 1401 Hae
1726 1348 1929 1418 quippe
1950 1364 2100 1414 aves,

2207 1346 2340 1399 ὥστε
2370 1343 2596 1401 εἶναιτὰ
2641 1349 2997 1420 Θυσιαστήριά
3039 1366 3132 1402 σου
3167 1350 3430 1421 στρουθίῳ
3466 1350 3580 1420 μὲν
3609 1352 3834 1412 οὶκίαν,

2205 1439 2397 1491 καλιὰν
2428 1439 2484 1492 δὲ
2506 1441 2747 1511 τρυγόνι.
2779 1439 2964 1494 Ταῦτα
2991 1440 3097 1512 γὰρ
3124 1441 3193 1493 τὰ
3217 1442 3398 1514 δρνεα,
3427 1437 3487 1496 τὸ
3519 1443 3834 1512 στρουθίον

2205 1529 2346 1598 λέγω
2386 1531 2479 1584 καὶ
2518 1533 2552 1601 ἡ
2583 1531 2819 1603 τρυγὼν,
2870 1531 3036 1585 πάλαι
3085 1532 3212 1602 μὲν,
3241 1532 3345 1603 πρὸ
3385 1532 3481 1586 τοῦ
3533 1533 3832 1601 συστῆναι

2201 1624 2272 1676 τὰ
2295 1624 2568 1696 πανταχοῦ
2596 1625 2701 1696 γῆς
2739 1625 3117 1698 Θυσιαστήρια,
3157 1626 3260 1678 οὐκ
3290 1621 3401 1696 εἶχε
3437 1630 3830 1696 καταφυγήν·

521 1723 612 1770 tur
639 1725 692 1770 et
724 1717 1090 1786 captabantur
1117 1734 1148 1772 a
1177 1719 1550 1775 venatoribus.
1582 1718 1708 1776 Ideo
1726 1719 1820 1790 qui
1853 1735 1952 1776 ceu
1977 1734 2103 1790 pas-

2207 1717 2475 1771 ἐπλανᾶτο
2517 1718 2574 1770 δὲ
2621 1721 2851 1789 μακροῖς
2899 1717 3130 1791 χρόνοις,
3184 1719 3241 1770 ἐν
3278 1712 3360 1781 οἷς
3403 1718 3696 1788 ἠλαύνετο
3737 1723 3832 1772 καὶ

522 1823 615 1864 ser
657 1810 980 1880 pellebatur,
1036 1811 1151 1866 haec
1197 1811 1415 1866 dicebat
1445 1831 1458 1866 :
1491 1810 1557 1865 In
1599 1810 1826 1866 Domino
1871 1811 2100 1880 conﬁdo,

2207 1809 2458 1863 ἐδιώκετο
2489 1810 2624 1881 πρὸς
2651 1810 2757 1864 τῶν
2787 1810 3082 1882 θηρευτῶν.
3120 1810 3210 1864 Διὸ
3249 1810 3312 1879 δὴ
3353 1810 3545 1880 ελεγον
3583 1814 3620 1864 ὁ
3661 1812 3832 1880 δίκην

521 1901 782 1972 quomodo
831 1903 1018 1957 dicetis
1053 1904 1247 1959 anime
1292 1921 1443 1969 mete,
1490 1904 1839 1975 Trammigra
1873 1905 1930 1958 in
1957 1920 2103 1958 mon-

2211 1902 2492 1972 στρουθίου
2545 1902 2928 1973 ἐλαυνόμενος·
2973 1903 3099 1956 Ἐπὶ
3151 1901 3232 1967 τῷ
3268 1904 3466 1970 Κιιρίῳ
3516 1901 3830 1960 πέποιθα.

523 2003 625 2048 tem
656 1995 794 2048 sicut
831 1997 1052 2062 passer?
1119 1995 1288 2052 Iidem
1320 2010 1449 2050 vero
1502 1995 1606 2066 ipsi
1647 2011 1715 2051 ex
1751 1995 2103 2049 inimicorum

2207 1993 2336 2061 πῶς
2370 1994 2554 2062 ἐρεῖτε
2595 1994 2669 2062 τῇ
2706 1993 2880 2064 ψυχῇ
2917 2013 3058 2064 μου,
3093 1996 3550 2063 μεταναστεύου
3595 1997 3706 2049 ἐπὶ
3759 1999 3831 2050 τὰ

519 1451 711 1508 passer
745 1439 960 1494 scilicet
991 1447 1046 1493 et
1075 1447 1277 1505 turtur,
1311 1440 1441 1493 olim
1473 1448 1767 1509 antequam
1804 1455 1900 1510 per
1929 1449 2103 1494 totum

518 1531 707 1586 orbem
741 1532 936 1586 altaria
977 1542 1417 1601 exstruerentur,
1449 1535 1660 1589 nullum
1697 1535 1938 1590 habuere
1981 1549 2104 1606 per-

521 1621 753 1694 fugium,
785 1633 841 1678 at
877 1624 1142 1680 diuturno
1185 1633 1432 1698 tempore
1473 1627 1797 1682 errabunda
1829 1627 2106 1697 pelleban-

521 2084 780 2139 manibus
818 2085 1013 2154 erepti,
1047 2083 1164 2140 haec
1209 2084 1614 2141 confitebantur
1643 2102 1657 2138 :
1687 2084 1884 2138 Anima
1922 2094 2106 2138 nostra

521 2176 657 2230 sicut
695 2192 879 2244 passer
939 2186 1118 2245 erepta
1163 2187 1241 2232 est
1281 2177 1347 2233 de
1396 2179 1578 2247 laqueo
1622 2182 1943 2234 venantium.
1989 2177 2105 2234 Ὀο-

522 2271 658 2324 culti
699 2285 833 2341 ergo
863 2277 916 2325 et
947 2269 1251 2326 invisibiles
1276 2278 1564 2327 venatores
1627 2273 1916 2328 animabus
1940 2271 2107 2326 caele-

524 2363 594 2418 sti
634 2378 699 2419 ac
746 2364 966 2418 sublimi
1009 2364 1132 2418 vitae
1170 2379 1394 2433 operam
1442 2363 1704 2421 dantibus
1752 2364 2101 2428 insidiantes,

524 2455 661 2510 retia
710 2463 766 2511 et
810 2456 1038 2525 laqueos
1076 2454 1398 2519 tendebant,
1432 2470 1497 2511 ac
1549 2457 1814 2511 venabula
1859 2457 2105 2526 cujusvis

479 2617 486 2624 ο
523 2547 742 2619 generis
775 2547 1121 2602 adornabant
1173 2547 1242 2602 ad
1271 2547 1503 2604 insidias
1550 2550 1842 2619 parandas.
1875 2547 2010 2614 Quae
2049 2549 2104 2603 in

525 2640 854 2710 praecedenti
903 2641 992 2695 his
1058 2639 1241 2694 verbis
1292 2639 1576 2694 enuntiata
1631 2649 1760 2694 sunt
1793 2659 1807 2695 :
1843 2638 2106 2704 Quoniam

2208 2084 2314 2152 ὄρη
2351 2085 2433 2151 ὡς
2463 2087 2818 2152 στρουθίον-ς
2852 2087 2961 2139 Καὶ
2988 2087 3274 2158 ρυσθέντες
3303 2104 3366 2155 γε
3399 2088 3463 2140 ἐκ
3497 2089 3700 2160 χειρὸς
3737 2091 3830 2157 ἐχ-

2207 2172 2389 2245 θρῶν,
2447 2173 2760 2245 ὡμολόγουν
2812 2174 3062 2244 λέγοντες
3117 2176 3210 2230 καὶ
3261 2176 3446 2230 αὐτοί·
3495 2178 3573 2232 '11
3639 2179 3827 2246 ιί-ιοχὶι

2206 2265 2376 2336 ἡμῶν
2425 2267 2507 2334 ὡς
2565 2268 2891 2335 στρουθίον
2941 2267 3203 2335 ἐρῤύσθη
3260 2268 3327 2320 ἐκ
3383 2266 3495 2335 τῆς
3545 2268 3828 2336 παγίδος

2205 2358 2324 2414 τῶν
2350 2360 2739 2428 θηρευόντων.
2790 2361 3038 2430 ’Λερανείς
3079 2356 3172 2414 οὖν
3217 2361 3312 2414 καὶ
3353 2360 3585 2432 ἀόρατοι
3621 2363 3675 2414 oi
3723 2361 3826 2430 01;-

2210 2454 2395 2525 ρευταὶ
2421 2455 2540 2516 ταῖς
2564 2453 2658 2507 τὸν
2699 2453 2947 2525 οὐράνιον
2992 2453 3086 2505 καὶ
3135 2454 3426 2524 μετάρσιον
3475 2452 3598 2522 βίον
3647 2471 3826 2524 μετα-

2204 2544 2528 2609 διωκούσαις
2554 2545 2752 2616 ψυχαῖς
2783 2544 3243 2609 ἐπιϐουλεύοντες,
3276 2545 3466 2598 δίκτυα
3496 2545 3600 2599 καὶ
3652 2547 3822 2613 παγέ-

2203 2637 2297 2700 δας
2326 2638 2600 2702 ἱστῶντες,
2635 2637 2882 2709 Θήρατρά
2916 2654 2977 2690 τε
3019 2637 3247 2690 παντοῖα
3287 2638 3710 2702 κατεσκεύαζον
3737 2640 3822 2700 εἰς

523 2747 640 2787 ecce
669 2731 874 2784 inimici
905 2731 982 2784 tui
999 2738 1309 2796 sonuerunt,
1339 2738 1388 2784 et
1416 2730 1506 2800 qui
1536 2728 1758 2784 oderunt
1805 2740 1855 2784 te
1899 2730 2104 2785 extule-

525 2834 650 2879 runt
675 2832 851 2891 caput.
886 2821 1057 2890 Super
1076 2822 1326 2891 populum
1356 2831 1505 2875 tuum
1538 2821 1958 2892 malignaueruut
1987 2839 2108 2877 cox-

525 2917 728 2979 sitium,
776 2915 1400 2986 cogitaveruntaduersus
1413 2924 1629 2969 sanctos
1666 2925 1782 2969 tuos
1806 2914 1948 2969 “"7.
1973 2913 2106 2969 Per-

525 3008 875 3065 secutionum
895 3016 1162 3079 tempore,
1185 3024 1298 3078 quo
1330 3008 1538 3063 inimici
1577 3009 1669 3063 Del
1702 3007 2105 3079 populumZejus

525 3101 923 3173 impugnabant
955 3100 1353 3170 vexabautque,
1380 3099 1473 3157 Dei
1504 3100 1754 3156 homines
1787 3100 1964 3155 instar
1987 3115 2107 3171 pas-

525 3208 712 3250 serum
739 3193 846 3248 huc
875 3193 1005 3248 illuc
1038 3190 1330 3263 fugientes,
1363 3192 1583 3248 demum
1609 3191 1795 3248 oblata
1828 3207 1982 3262 pace,
2021 3199 2104 3246 ta-

2205 2729 2492 2801 ἐπιϐουλὴν
2533 2729 2729 2785 αὐτῶν.
2773 2731 2884 2784 Kal.
2926 2731 3100 2786 ταῦτά
3137 2747 3201 2800 γε
3241 2732 3542 2800 παρίστατο
3574 2731 3679 2785 διὰ
3717 2730 3818 2786 τοῦ

2204 2820 2618 2892 προηγουμένου
2663 2819 2902 2892 ψαλμοῦ,
2955 2823 3012 2874 ὲν
3050 2813 3095 2890 ᾧ
3146 2821 3353 2892 εἴρητο·
3393 2821 3514 2874 Ὅτι
3566 2821 3714 2874 ὶδού
3763 2827 3818 2876 οι

2202 2911 2405 2980 ἐχθροί
2455 2926 2572 2966 σου
2617 2909 2882 2980 ἤχησαν,
2922 2912 3016 2966 καί
3055 2915 3109 2968 οἱ
3152 2911 3487 2983 μισοῦντές
3524 2930 3605 2967 σε
3641 2906 3817 2984 ἦραν

2203 3003 2493 3073 κεφαλήν.
2556 3004 2681 3058 Ἐπί
2745 3005 2851 3058 τὸν
2899 3006 3053 3060 λαόν
3106 3020 3224 3060 σου
3283 3009 3818 3076 κατεπανουρτεύο

2202 3109 2393 3151 carro
2437 3095 2702 3167 γνώμην,
2752 3097 3195 3154 ἐϐουλεύσαντο
3232 3099 3383 3154 κατὰ
3437 3097 3557 3152 τῶν
3613 3100 3816 3152 ὁσίων

2205 3206 2341 3244 σου.
2381 3187 2541 3243 Κατά
2575 3189 2798 3255 τούτους
2841 3190 2950 3244 τῶν
2988 3190 3245 3262 διωγμῶν
3278 3190 3526 3261 καιροὺς,
3555 3189 3689 3242 καθ’
3714 3190 3812 3254 οὓς

523 3285 846 3351 bernacula,
876 3284 1017 3340 atria
1043 3291 1098 3339 et
1132 3284 1328 3339 altaria
1358 3282 1452 3338 Dei
1491 3283 1546 3338 in
1580 3282 1888 3354 perfugium
1925 3297 1990 3338 ac
2013 3297 2103 3338 re-

2207 3283 2251 3334 οἱ
2302 3279 2488 3352 ἐχθροὶ
2540 3280 2634 3336 τοῦ
2692 3281 2828 3335 Θεοῦ
2873 3283 2964 3335 τὸν
3014 3281 3142 3338 λαὸν
3203 3281 3370 3337 αὐτοῦ
3429 3280 3812 3351 πολεμοῦντες

523 3374 706 3444 quiem
755 3375 1107 3430 invenerunt.
1141 3373 1184 3426 E
1223 3389 1281 3430 re
1315 3380 1498 3430 autem
1539 3374 1766 3440 dixeris,
1815 3376 2100 3445 expeditos

524 3466 650 3520 illos
689 3465 914 3529 milites,
949 3464 1042 3534 qui
1080 3465 1440 3520 monasticam
1471 3464 1638 3519 vitam
1685 3466 1918 3536 amplexi
1951 3475 2100 3534 sunt,

525 3569 626 3626 pro
670 3554 993 3623 passeribus
1031 3554 1316 3611 habendos
1359 3571 1519 3623 esse;
1563 3571 1660 3612 eos
1698 3565 1878 3612 autem
1910 3558 2002 3628 qui
2038 3558 2104 3613 li-

526 3645 674 3701 heris
704 3645 836 3700 dant
864 3659 1110 3716 operam,
1147 3655 1202 3701 et
1249 3647 1477 3718 reliquis
1504 3648 1630 3702 vitae
1662 3649 1896 3718 negotiis
1925 3658 1978 3704 et
2014 3665 2103 3703 cu-

525 3738 602 3794 ris
645 3753 706 3794 se
740 3737 966 3802 dedunt,
1023 3739 1258 3796 turturis
1293 3740 1468 3795 vicem
1505 3754 1670 3811 agere
1700 3758 1716 3797 :
1747 3757 1910 3810 quam
1948 3741 2106 3810 jubet

523 3828 717 3886 ofl'erre
745 3829 856 3885 Deo
887 3830 1067 3901 pullos
1098 3845 1253 3896 suos,
1288 3846 1494 3902 eosque
1526 3832 1580 3887 in
1610 3833 1880 3889 altaribus
1909 3849 2010 3890 ceu
2046 3835 2104 3890 in

523 3922 655 3977 nido
685 3924 959 3994 deponere
985 3931 1040 3979 et
1071 3938 1423 3980 consecrare.

2203 3373 2452 3443 ῆλαυνον,
2481 3374 2530 3426 oi
2563 3373 2658 3426 τοῦ
2693 3373 2828 3428 Θεοῦ
2867 3373 3143 3446 ἄνθρωποι
3181 3375 3336 3446 δίκην
3365 3373 3674 3446 στρουθίων
3706 3369 3810 3430 ὦδε

2202 3466 2427 3519 κάκεῖσε
2461 3465 2903 3536 περιφεύγοντες,
2936 3465 3159 3537 ὕστερόν
3202 3484 3332 3520 ποτε
3376 3468 3600 3539 εἰρήνης
3633 3485 3810 3522 κατα-

2205 3557 2506 3623 ξιωθέντες,
2538 3551 2697 3630 εὖρον
2738 3559 2807 3612 τά
2843 3557 3176 3631 σκηνώματα
3207 3560 3298 3614 τοῦ
3345 3561 3502 3625 Θεοῦ,
3553 3562 3656 3615 καὶ
3705 3563 3807 3623 τὰς

2206 3650 2374 3715 αὐλὰς
2407 3649 2592 3715 αὑτοῦ,
2627 3652 2721 3705 καὶ
2749 3651 2820 3705 τά
2843 3651 3203 3725 Θυσιαστήρια
3232 3654 3554 3724 καταφυγὴν
3583 3655 3805 3716 ἑαυτοῖς

2210 3745 2303 3798 καί¹
2328 3744 2650 3799 ἀνάπαυσιν.
2688 3745 2875 3808 Είποις
2915 3747 2961 3798 δ’
2993 3745 3058 3799 ἂν
3084 3745 3212 3809 τοὺς
3248 3747 3345 3816 μὲν
3393 3744 3667 3809 εὐζώνους
3710 3746 3802 3800 καὶ

2209 3835 2302 3888 τὸν
2333 3836 2539 3906 μονήρη
2566 3836 2674 3907 βίον
2706 3836 3155 3910 ἐπανῃρημένους
3179 3832 3316 3890 εἶναι
3343 3837 3642 3908 στρουθίον,
3673 3839 3800 3899 τοὺς

2210 3926 2266 3981 δὲ
2313 3930 2650 3993 παιδοποιίας
2682 3932 2776 3984 καὶ
2823 3929 2922 4002 τῆς
2969 3929 3136 4001 ἄλλης
3177 3931 3486 4001 οἰκονομίας
3537 3931 3797 4002 πρόνοιαν

523 4019 946 4091 πεποιημένους,
980 4020 1080 4092 τὴν
1105 4020 1362 4092 τρυγόνα,
1404 4021 1472 4092 ἥν
1522 4021 1601 4093 τῷ
1630 4021 1751 4093 Θεῷ
1799 4039 1932 4095 φησι
1965 4024 2295 4099 προσφέρειν
2323 4024 2432 4079 δεῖν
2456 4026 2581 4090 τοὺς
2640 4025 2864 4090 ἑαυτοὺς
2919 4026 3164 4090 νεοττοὺς
3200 4025 3296 4078 καὶ
3357 4023 3666 4078 ἀνατιθέναι
3699 4023 3792 4077 αῦ-

521 4113 668 4176 τοὺς,
695 4114 773 4178 ὼς
799 4116 858 4168 ὲν
890 4114 1050 4185 καλιᾷ
1082 4116 1140 4166 ἐν
1164 4118 1276 4178 tot;
1301 4114 1706 4189 θυσιαστηρίοις
1731 4115 1920 4172 αὑτοῦ.

595 4226 758 4284 Vsus.
813 4229 864 4283 5.
908 4227 1016 4284 Rea:
1070 4246 1214 4283 meus
1247 4237 1297 4284 et
1347 4228 1486 4285 Deus
1534 4245 1702 4296 meus,
1747 4229 1886 4286 beati
1924 4249 2102 4288 omnes

523 4322 611 4393 qui
641 4322 884 4376 habitant
916 4323 970 4376 in
1004 4321 1162 4375 domo
1193 4332 1308 4386 tua,
1339 4323 1392 4375 in
1420 4323 1618 4377 uacula
1647 4323 1962 4378 saeculorum
1988 4325 2105 4378 lau-

522 4414 724 4469 dabunt
749 4429 817 4471 te.
840 4413 1175 4484 Diapsulmu.
1203 4418 1384 4481 Quare
1404 4414 1600 4470 dilecta
1622 4423 1675 4470 et
1697 4416 1952 4470 amabilia
1973 4418 2084 4470 mili

524 4513 653 4561 sunt
681 4505 1031 4560 tabernacula
1069 4514 1183 4569 tua,
1213 4512 1268 4560 et
1296 4519 1397 4559 cur
1440 4505 1716 4560 desiderio
1753 4520 1943 4561 eorum
1975 4485 2107 4561 deli;

2288 4233 2343 4286 Ὀ
2391 4234 2689 4299 ,βασιλεύς
2742 4251 2863 4303 μου
2916 4233 3016 4286 καὶ
3061 4234 3095 4285 ό
3143 4233 3288 4298 Θεός
3325 4249 3464 4300 μου,
3511 4229 3789 4300 μακάριοι

2207 4321 2430 4392 πάντες
2461 4328 2516 4378 οὶ
2556 4325 2972 4391 κατοικοῦντες
3009 4324 3079 4378 ἐν
3109 4323 3188 4390 τῷ
3213 4324 3355 4390 οἴκῳ
3375 4340 3512 4386 σου,
3542 4326 3628 4388 εἰς
3649 4325 3789 4390 τοὺς

2207 4417 2426 4485 αἰῶνας
2455 4417 2573 4472 τῶν
2600 4417 2822 4472 αἰώνων
2851 4414 3166 4469 αίνέσουσί
3195 4431 3287 4468 σε.
3319 4413 3654 4484 Δράψαλμξι.
3693 4417 3786 4468 Διὰ

2208 4511 2260 4563 τί
2280 4511 2548 4584 προσφιλῆ
2578 4528 2665 4581 μοι
2690 4509 2943 4579 τυγχάνει
2969 4508 3060 4561 καί⁵
3082 4508 3337 4576 ἀγαπητὰ
3366 4507 3432 4559 τὰ
3461 4505 3786 4577 σκηνώματά

524 4596 599 4649 cit
627 4594 808 4648 anima
834 4608 975 4659 mea,
1021 4593 1089 4646 ad
1131 4593 1246 4647 hmo
1275 4593 1443 4648 etiam
1478 4593 1532 4647 in
1562 4609 1673 4665 quo
1693 4594 1988 4649 exsultavit
2009 4569 2103 4647 co'i

2211 4619 2327 4666 σου,
2354 4602 2446 4655 καὶ
2474 4602 2616 4664 τίνος
2637 4600 2798 4652 ἓνεκα
2831 4598 3069 4652 ἐκλείπει
3101 4599 3134 4670 ἡ
3161 4597 3302 4670 ψυχή
3335 4615 3434 4669 μου
3468 4598 3594 4668 περὶ
3629 4599 3780 4660 αὐτὶ,

524 4702 704 4742 meum
734 4694 787 4741 et
814 4701 943 4740 caro
965 4686 1124 4739 mea?
1147 4684 1284 4751 Quia
1310 4701 1495 4755 passer
1517 4686 1712 4740 invenit
1736 4685 1837 4740 sibi
1863 4685 2100 4750 domum,

2209 4659 2342 4740 ἀλλά
2388 4689 2479 4742 καὶ
2537 4691 2572 4759 ἠ
2598 4659 2810 4758 ⁷καρδία
2862 4704 2961 4758 μου
2999 4687 3093 4740 καὶ
3399 4703 3498 4756 μου
3541 4659 3632 4738 επὶ
3677 4659 3782 4738 τίνι

521 4788 573 4834 et
603 4788 779 4831 turtur
824 4777 1028 4841 nidum,
1077 4777 1280 4832 altaria
1330 4789 1443 4840 tua,
1483 4777 1706 4832 Domine
1738 4779 2009 4832 virtutum.
2044 4778 2104 4831 In

522 4870 725 4940 quibus
773 4869 1041 4924 altaribus
1089 4870 1184 4940 qui
1237 4886 1342 4924 non
1397 4870 1464 4922 ad
1513 4869 1676 4924 breve
1721 4878 1956 4939 tempus,
2009 4869 2105 4925 sed

524 4961 743 5016 assidue
770 4971 825 5016 et
865 4971 1280 5031 perseveranter
1305 4969 1719 5018 commorantur
1747 4969 1801 5016 et
1829 4961 2102 5027 habitant,

521 5060 606 5108 ter
646 5053 793 5109 beati
845 5063 993 5110 sunt.
1044 5053 1140 5110 llis
1191 5070 1356 5126 porro
1399 5054 1562 5111 dictis
1614 5056 1808 5122 legalia
1856 5058 2038 5110 omnia
2073 5070 2104 5110 a

523 5145 707 5219 Moyse
749 5147 950 5200 tradita
984 5147 1392 5202 'ireumscrihit
1432 5158 1487 5202 et
1522 5148 1757 5217 ablegat.
1795 5145 1911 5201 Non
1955 5148 2102 5202 enim

525 5240 715 5294 beatos
744 5238 882 5294 dixit
915 5240 1300 5303 circumcisus,
1337 5255 1447 5295 non
1474 5255 1570 5295 cos
1599 5240 1693 5311 qui
1732 5239 1968 5294 Sabbata
2002 5239 2102 5294 oh-

521 5338 774 5397 servant,
827 5345 940 5386 non
1005 5330 1370 5387 Mosaicorum
1429 5332 1827 5387 sacrificiorum
1891 5339 2106 5386 caetero-

521 5437 754 5492 rumque
810 5422 1114 5493 corporalis
1183 5422 1319 5494 legis
1373 5432 1771 5494 praeceptorum
1825 5423 2102 5485 cultores,

520 5530 698 5585 neque
728 5514 896 5570 etiam
924 5531 1020 5572 eos
1051 5514 1144 5586 qui
1181 5529 1249 5568 ex
1279 5513 1574 5570 Abrahami
1603 5517 1775 5586 stirpe
1807 5522 1956 5576 sunt,
1991 5529 2100 5568 non

518 5605 799 5673 lsraelem,
830 5623 1008 5679 neque
1035 5605 1321 5661 Judaicam
1355 5616 1567 5679 gentem
1593 5626 1606 5671 ;
1656 5607 1750 5660 sed
1781 5606 2102 5675 simpliciter

517 5715 710 5755 omnes
767 5701 859 5770 qui
907 5701 1153 5756 habitant
1205 5701 1257 5755 in
1318 5700 1482 5755 domo
1529 5699 1643 5755 Dei.
1689 5699 1830 5765 Quid
1887 5699 2100 5753 beatius

590 5857 703 5890 ιωτ
744 5853 888 5913 psal.
923 5871 1131 5918 uult.
1175 5856 1230 5924 5:
1269 5856 1323 5910 ‘-

2208 4779 2604 4850 ὴγαλλιάσατος
2653 4778 2978 4851 Ἐπειδήπερ
3018 4775 3196 4846 εὗρεν
3243 4777 3433 4842 ἐαυτῷ
3475 4779 3782 4845 στρουθίον

2207 4873 2405 4925 οὶκίαν
2437 4873 2532 4926 καὶ
2563 4870 2794 4941 τρυγὼν
2822 4867 3101 4931 νοσσιὰν,
3131 4869 3203 4921 τὰ
3230 4867 3621 4934 θυσιαστήριὰ
3644 4884 3775 4930 σου,

2208 4965 2385 5033 Κύριε
2415 4964 2534 5018 τῶν
2558 4964 2896 5033 δυνάμεων⁸
2930 4962 3060 5029 παρ’
3087 4954 3170 5023 οἷς
3195 4958 3596 5028 Θυσιαστηρίοις
3627 4959 3672 5009 oi
3705 4959 3774 5027 μὴ

2209 5059 2345 5132 πρὸς
2381 5059 2552 5131 βραχὺ
2586 5057 2966 5127 διατρίϐοντες,
3004 5053 3117 5107 ἀλλ’
3168 5054 3247 5115 εἰς
3293 5052 3354 5105 τὸ
3401 5049 3641 5122 διηνεκὲς
3681 5066 3774 5101 κα-

2202 5150 2528 5210 τοικοῦντες,
2579 5149 2670 5200 καί
2712 5145 3041 5215 παραμόνως
3094 5143 3444 5214 ἐμμένοντες,
3489 5140 3774 5212 τρισμακά-

2206 5258 2310 5313 ριοι
2353 5242 2695 5309 τυγχάνουσι.
2737 5237 2908 5290 Τοῦτο
2952 5236 2995 5289 δ’
3048 5235 3237 5298 εἰπὼν,
3289 5234 3464 5288 πάντα
3515 5234 3580 5286 τὰ
3632 5233 3770 5304 παρὰ

2206 5333 2434 5385 Μωῦσεῖ
2451 5330 2654 5400 νόμιμα
2681 5327 3067 5399 περιέγραψεν.
3097 5327 3171 5380 Οὐ
3205 5325 3313 5397 γὰρ
3341 5325 3632 5395 μακαρίους
3659 5319 3767 5376 εἷπε

2204 5426 2333 5488 τοὺς
2392 5423 2816 5495 ὲμπεριτόμους,
2857 5421 2978 5474 οὐδὲ
3020 5420 3145 5483 τοὺς
3180 5419 3248 5472 τὰ
3290 5418 3542 5472 Σάϐϐατα
3581 5417 3765 5485 φυλάτ-

2207 5533 2418 5580 τοντας,
2453 5515 2571 5568 οὐδὲ
2617 5515 2740 5577 τοὺς
2777 5513 2874 5576 τάς
2905 5512 3052 5584 παρὰ
3086 5512 3307 5564 Μωῦσεί
3337 5508 3526 5571 θυσίας
3557 5509 3646 5560 καὶ
3679 5506 3766 5568 τὰς

2206 5606 2400 5670 λοιπὰς
2434 5605 2526 5659 τοῦ
2572 5602 2879 5677 σωματικοῦ
2907 5603 3069 5673 νόμου
3121 5599 3338 5662 ἐντολὰς
3376 5597 3764 5670 ἐπιτηροῦντας,

2207 5697 2320 5750 ἀλλ’
2347 5697 2466 5750 οὐδὲ
2494 5697 2619 5762 τοὺς
2653 5696 2952 5764 ἀπογόνους
2987 5692 3256 5764 Ἀϐραὰμ,
3277 5691 3397 5744 οὐδὲ
3422 5691 3515 5745 τὸν
3550 5688 3761 5758 Ἰσραὴλ,
