3972 6812
533 428 669 485 ΙθΗ

606 547 714 602 Pro
751 547 842 603 illo
888 557 1066 603 autem
1089 591 1102 609 ,
1144 547 1410 614 Disposuit
1467 550 1519 603 in
1545 550 1680 604 calle
1712 551 2108 622 lacrymarum,
2142 559 2186 615 Α

534 637 898 709 Symmachus
928 645 1008 694 sic
1029 639 1210 697 habet.
1238 639 1599 710 Pra‘grediens
1631 643 1818 697 vallem
1842 644 2110 711 plorabat.

534 728 634 784 llic
670 746 834 800 porro
868 747 964 800 per
986 731 1176 785 vallem
1205 733 1591 803 lacrymarum,
1619 735 1912 789 humanam
1944 736 2111 789 vitam

533 828 764 883 indicari
803 828 1062 892 diximus,
1121 843 1281 898 quam
1321 830 1365 884 is
1394 831 1487 900 qui
1540 830 1735 886 beatus
1786 832 2114 902 praedicatur

533 919 908 987 perlransiens
927 926 982 974 et
1017 926 1406 976 transcurrens
1431 922 1588 991 quasi
1611 923 1817 976 advena
1837 924 2110 994 quispiam

529 1016 584 1062 et
615 1009 958 1078 peregrinus,
991 1009 1238 1064 caelestis
1269 1011 1461 1080 patriae
1502 1027 1690 1067 amore
1718 1012 1977 1084 ﬂagrans,
2019 1014 2114 1069 lle-

528 1099 678 1152 tibus
735 1099 1104 1170 lacrymisque
1143 1101 1538 1156 beatitudinem
1588 1105 1935 1173 parientibus
1989 1121 2112 1162 sese

529 1198 790 1254 macerat,
828 1190 1129 1244 secundum
1169 1191 1334 1255 illud,
1374 1192 1530 1246 Beati
1553 1195 1645 1264 qui
1669 1194 1844 1265 lugent
1868 1196 1934 1252 ³⁸.
1965 1197 2114 1264 Qua-

527 1279 596 1332 lis
627 1287 746 1331 erat
775 1277 976 1334 Paulus
1021 1282 1112 1351 qui
1145 1281 1274 1335 talia
1309 1283 1457 1336 fatur
1488 1303 1501 1339 :
1538 1283 1652 1339 Nos
1702 1287 1792 1356 qui
1835 1304 2016 1342 sumus
2057 1289 2113 1344 in

529 1373 895 1437 tabernaculo,
947 1377 1340 1446 ingemiscimus
1369 1379 1581 1448 gravati
1613 1378 1678 1432 “.
1711 1378 1818 1434 Pro
1870 1381 1964 1434 illo
2009 1397 2110 1436 au-

526 1464 748 1530 tem,ln
781 1467 894 1520 loco
937 1484 1088 1538 quem
1134 1470 1332 1537 posuit,
1381 1469 1598 1540 Aquila,
1650 1469 1873 1526 Fontem
1919 1483 2112 1542 ponent

525 1574 678 1622 eam;
713 1557 1078 1630 Symmachus
1110 1576 1260 1627 vero,
1321 1559 1466 1616 Fons
1514 1563 1867 1620 ordinabitur.
1913 1563 2107 1632 Quem,

523 1648 724 1719 inquit,
761 1651 964 1705 fontem
1017 1657 1242 1721 ponent,
1289 1651 1399 1706 nisi
1455 1653 1649 1708 vallem
1709 1655 2111 1727 lacrymarum?

526 1739 726 1796 Totum
758 1753 938 1796 autem
981 1742 1160 1796 locum
1184 1743 1264 1797 sic
1292 1741 1486 1812 Aquila
1510 1743 1901 1814 interpretatur
1935 1763 1948 1800 :
1977 1746 2110 1801 Per—

527 1843 859 1888 transeuntes
887 1837 941 1888 in
968 1834 1105 1888 valle
1128 1835 1302 1894 ﬂetus.
1335 1836 1528 1894 fontem
1560 1847 1752 1908 ponent
1803 1856 1942 1895 eam.
2010 1839 2107 1897 His

1279 430 1548 486 EUSEBII
1581 432 2062 490 CIESARIENSIS
2101 433 2251 490 OPP.
2296 432 2476 489 PARS
2501 433 3083 492 HL—EXEGETICA.

3725 434 3874 488 ιῡιι

2298 551 2440 604 Ἀντὶ
2459 551 2514 604 δὲ
2536 549 2628 604 τοῦ
2645 592 2658 615 ,
2682 550 2907 605 meam
2933 553 3018 616 είς
3039 548 3153 615 τὴν
3177 546 3427 601 κοιλάδα
3451 546 3572 600 τοῦ
3609 551 3866 600 κλαισᾷ

2209 645 2427 714 μῶνος,
2443 644 2776 716 ὁΣύμμαχός
2792 661 2945 715 φησι,
2967 642 3309 712 Προοδεύων
3326 641 3602 696 κοιλάδα
3604 643 3862 750 ἔχῖίαι-
3945 645 3947 750 ἱ

2214 755 2302 791 εν.
2343 737 2576 790 Κοιλάδα
2601 737 2656 789 δὲ
2693 734 3040 806 κλαυθμῶνος
3071 737 3127 787 ὲν
3154 733 3361 796 τούτοις
3390 733 3490 786 τὸν
3527 731 3862 800 baphia:-

2214 847 2301 882 vov
2325 829 2532 898 Ξφαμεν
2553 826 2842 898 δηλοῦσθαι
2867 827 2998 896 βίον,
3025 827 3083 878 ὃν
3103 826 3130 878 6
3160 826 3622 897 μακαριζόμενος
3659 841 3858 893 παρο-

2211 918 2380 972 δεύων
2411 918 2503 971 καὶ
2535 918 2890 989 παρατρέχων
2912 957 2926 980 ,
2961 915 3147 987 ὥσπερ
3166 933 3248 979 τις
3271 917 3546 987 πάροικος
3575 916 3706 968 καὶ
3753 931 3858 967 :71-

2215 1011 2544 1084 ρεπίδημος,
2584 1010 2680 1079 τὴν
2721 1009 3042 1080 ὲπουράνιον
3086 1006 3280 1062 ἑαυτοῦ
3313 1007 3564 1080 πατρίδα

2210 1103 2543 1174 omnem:
2593 1101 2868 1172 κλαυθμὸν
2914 1099 3006 1154 τὸν
3063 1100 3450 1171 μακαριοποιὸν
3505 1099 3688 1153 κατὰ
3749 1102 3810 1154 τό
3835 1121 3846 1131 ·

2210 1195 2499 1264 Μακάριοι
2531 1199 2583 1250 οἰ
2628 1195 2964 1262 κλαίοντες.
3023 1187 3148 1257 υἷος
3191 1189 3257 1265 ἦν
3284 1196 3312 1246 6
3341 1193 3572 1257 Παῦλος
3596 1193 3814 1262 λέγων
3833 1213 3848 1224 ο

2221 1286 2412 1357 Ἡμεῖς
2434 1289 2487 1340 οἰ
2508 1286 2677 1352 ὄντες
2693 1286 2762 1338 ἐν
2785 1285 2863 1352 τῷ
2892 1284 3101 1350 σκήνει
3123 1283 3486 1353 στενάζομεν
3497 1285 3848 1352 βαρούμε-

2209 1398 2322 1434 νοι.
2366 1380 2508 1431 Ἀντ“ι
2531 1378 2588 1432 δὲ
2610 1377 2703 1430 τοῦ
2723 1418 2738 1440 ,
2767 1379 2870 1442 Εἰς
2899 1376 3084 1430 τόπον
3110 1375 3182 1428 ὃν
3205 1374 3366 1428 ἔθετο
3385 1415 3400 1438 ,
3435 1377 3462 1428 6
3495 1375 3614 1444 μὲν
3669 1377 3848 1427 Ἀκύ-

2209 1471 2308 1536 λας
2337 1471 2490 1541 φησι,
2523 1469 2730 1539 Πηγὶιν
2763 1468 3050 1534 θήσονται
3076 1467 3295 1533 αὐτήν-ο
3331 1469 3359 1520 6
3386 1467 3445 1520 δὲ
3468 1468 3840 1538 Σύμμαχος,

2211 1564 2378 1634 Πηγὴ
2404 1562 2662 1628 τάξεται.
2686 1562 2816 1614 Τίνα
2837 1561 2892 1614 δὲ
2915 1559 3102 1632 αὐτὴν,
3126 1561 3280 1632 φησὶ,
3303 1561 3483 1631 πηγὴν
3514 1559 3595 1630 Θή
3607 1578 3838 1616 σονται,
3935 1589 3946 1638 ί.

2209 1657 2241 1728 ἢ
2277 1654 2514 1727 δηλονότι
2543 1653 2640 1726 τὴν
2674 1653 2891 1707 κοιλάδα
2916 1651 3010 1706 τοῦ
3034 1653 3424 1724 κλαυθμῶνοςς
3459 1653 3648 1706 Ὀλον
3697 1656 3838 1723 γοίυ
3937 1641 3946 1700 ’.

2209 1748 2379 1798 οὕτως
2411 1746 2752 1798 ἠοιιήνευσεν
2784 1745 2812 1796 6
2846 1742 3076 1798 Ἀκύλας
3109 1743 3309 1798 εἰπών’
3351 1747 3836 1798 Παοεογόκεγοενι
3937 1679 3946 1798 l

2207 1839 2278 1893 ἐν
2297 1837 2530 1893 κοιλάδι
2553 1837 2662 1891 τοῦ
2683 1835 3011 1906 κλαυθμοῦ,
3038 1834 3242 1905 πηγὴν
3259 1835 3557 1902 θήσονται
3588 1839 3832 1902 αὐτὴν.

526 1941 691 1995 porro
723 1925 1017 1995 signiﬁcat,
1065 1926 1306 1982 advenas
1334 1936 1388 1984 et
1422 1930 1743 2000 peregrinos
1780 1932 1836 1986 in
1890 1933 1990 1986 hac
2024 1934 2103 1987 vi-

2207 1931 2368 2003 Δηλοῖ
2407 1930 2463 1984 δὲ
2496 1929 2583 1983 διὰ
2612 1927 2849 1992 τούτων,
2881 1929 2957 1992 ὡς
2984 1930 3090 2002 ἄρα
3125 1931 3174 1983 οί
3203 1931 3456 2002 πάροικοι
3488 1930 3602 1983 καὶ
3637 1946 3832 1998 παρε-

525 2028 600 2083 ta,
635 2019 916 2073 hominum
949 2020 1146 2074 vallem
1173 2021 1226 2074 in
1259 2021 1462 2076 fontem
1493 2025 1791 2090 posituros,
1817 2026 1934 2080 sive
1987 2026 2107 2082 fon-

525 2120 634 2166 tem
665 2112 1023 2168 ordinaturos
1053 2128 1178 2168 esse
1207 2129 1272 2168 ex
1330 2114 1680 2186 Symmacho,
1711 2117 1925 2189 hacque
1972 2137 2108 2178 voce

522 2203 765 2258 divinam
793 2204 1099 2258 doctrinam
1133 2205 1430 2275 appellant.
1465 2204 1612 2262 Fons
1637 2208 1840 2280 quippe
1854 2211 1980 2264 vitae
2008 2226 2108 2282 po-

524 2302 616 2350 tus
652 2295 1083 2353 immortalitatis
1114 2299 1168 2352 in
1210 2300 1352 2356 valle
1386 2299 1546 2357 ﬂetus
1579 2317 1610 2357 a
1645 2301 1740 2359 Dei
1768 2313 1824 2358 et
1869 2303 2108 2361 homini-

523 2387 630 2442 bus
665 2387 807 2456 apud
839 2388 1122 2442 hominum
1155 2405 1329 2460 genus
1369 2393 1746 2461 constituitur,
1795 2410 1894 2468 per
1925 2395 2105 2450 viviﬁ-

522 2493 645 2534 cam
688 2480 901 2536 scilicet
931 2490 985 2536 et
1030 2481 1175 2551 piam
1217 2482 1554 2548 doctrinam,
1607 2501 1772 2557 quam
1829 2503 1953 2542 cum
1998 2487 2104 2559 ipsi

524 2569 796 2634 adierunt,
827 2579 944 2624 tum
980 2571 1104 2628 aliis
1137 2587 1235 2643 per
1262 2573 1467 2639 scripta
1495 2590 1594 2629 sua
1648 2576 2010 2646 reliquerunt.
2034 2605 2104 2619 —-

523 2658 694 2717 Vens.
725 2661 778 2716 8.
809 2659 878 2717 lis
909 2678 1039 2718 vero
1085 2663 1220 2734 ipsis
1271 2663 1327 2718 in
1375 2665 1743 2738 lacrymarum
1791 2667 2101 2724 mercedem

523 2751 970 2824 condignumque
1023 2753 1284 2821 fructum,
1347 2756 1783 2815 benedictionem
1837 2761 2102 2831 rependet

524 2845 769 2916 ipsorum
798 2845 1100 2916 legislator.
1142 2845 1484 2912 Quibusnam
1509 2848 1944 2907 benedictionem
1998 2854 2103 2907 im—

521 2937 746 3009 pertiet,
773 2938 880 2993 nisi
911 2937 980 2994 iis
1007 2938 1099 3008 qui
1155 2938 1208 2992 in
1248 2938 1352 2993 hac
1415 2940 1552 2996 valle
1605 2941 1863 3016 lacrymis
1906 2943 2100 3015 dediti,

523 3029 729 3084 fontem
761 3030 816 3084 in
849 3030 941 3084 illa
973 3031 1297 3100 posuerint?
1349 3029 1455 3087 Pro
1486 3033 1581 3087 illo
1613 3042 1817 3099 autem,
1870 3036 2099 3108 legisla-

523 3130 639 3185 tor;
675 3121 896 3191 Aquila,
950 3121 1282 3184 matutinus;
1339 3119 1703 3194 Symmachus
1743 3141 1894 3188 vero.
1953 3145 2101 3182 com-

520 3223 874 3278 monstrator,
903 3213 1074 3280 dixit;
1114 3214 1302 3284 quinta
1331 3223 1511 3270 autem
1536 3217 1727 3284 editio,
1764 3221 1869 3284 Qui
1896 3221 2099 3275 illumi-

521 3315 650 3372 nat,
681 3305 788 3378 alia
813 3305 941 3360 item
973 3304 1224 3375 quaedam
1260 3312 1415 3360 sexta
1463 3304 1654 3372 editio,
1682 3307 1788 3374 Qui
1814 3308 1984 3366 docet.
2019 3312 2101 3366 Ita

522 3403 583 3450 ιιι
611 3412 676 3452 ex
709 3395 967 3451 omnibus
995 3396 1237 3451 salutare
1262 3393 1501 3452 Verbum
1553 3397 1809 3464 indicari,
1837 3401 2100 3457 subintel-

521 3489 691 3558 ligere
713 3489 896 3544 liceat.
931 3487 1049 3560 Ipse
1076 3501 1315 3560 namque
1358 3494 1444 3544 est
1471 3489 1772 3562 legislator,
1822 3493 2101 3549 illumina-

519 3587 630 3645 ιον,
667 3580 882 3643 doctor,
938 3581 1189 3652 idemque
1235 3582 1538 3639 matutinus
1587 3593 1641 3638 et
1690 3594 2098 3642 commonstra-

519 3683 647 3742 tor;
680 3675 982 3731 secundum
1009 3677 1253 3747 singulas
1287 3676 1549 3730 virtutum
1598 3692 1821 3733 suarum
1856 3680 2098 3737 rationes

521 3765 609 3821 bis
637 3781 774 3822 usus
800 3766 1104 3823 vocabulis.
1137 3766 1182 3820 A
1215 3782 1324 3838 quo
1357 3766 1794 3824 benedictionem
1827 3771 1972 3824 nacti
2001 3771 2095 3842 qui

520 3855 578 3911 in
615 3857 757 3912 valle
787 3857 1183 3928 lacrymantur,
1213 3858 1392 3922 ibunt,
1425 3858 1529 3914 iter
1560 3875 1721 3915 suum
1746 3860 2094 3930 perﬁcientes

518 3961 584 4002 ac
615 3947 668 4001 in
701 3947 820 4003 dies
849 3948 1089 4003 roborali
1114 3967 1128 4014 ;
1158 3949 1231 4002 ita
1263 3958 1322 4004 ut
1350 3965 1566 4020 semper
1596 3950 1910 4022 proﬁciant,
1944 3963 1998 4008 et
2025 3969 2094 4010 ex

516 4038 716 4093 minori
749 4039 803 4094 in
831 4040 1094 4110 majorem
1122 4042 1379 4098 virtutem
1412 4043 1701 4110 accedant,
1729 4052 1785 4101 et
1843 4060 1874 4100 a
1921 4047 2094 4118 gloria

517 4129 574 4185 in
597 4131 848 4201 gloriam,
881 4139 944 4188 ut
993 4136 1070 4188 ait
1114 4134 1336 4190 divinus
1386 4136 1683 4207 Apostolus
1714 4153 1728 4190 :
1765 4136 1830 4192 In
1859 4141 2095 4195 eamdem

515 4225 800 4294 imaginem
825 4225 1201 4295 transformati
1223 4245 1256 4280 a
1282 4228 1455 4298 gloria
1485 4230 1538 4282 in
1568 4230 1791 4300 gloriam
1823 4232 1886 4284 ³².
1914 4230 2095 4298 Quare

517 4314 884 4386 Symmachus
906 4317 988 4372 sic
1036 4319 1428 4391 interpretatus
1457 4330 1584 4378 est:
1623 4322 1733 4377 Iter
1788 4324 1982 4393 facient
2029 4342 2093 4379 ea:

515 4405 706 4459 uirtute
730 4405 788 4459 in
809 4407 1076 4463 virtutem.

2207 1748 2379 1811 οὕτως
2411 1746 2752 1818 ἠρμήνευσεν
2784 1745 2812 1796 6
2846 1742 3076 1808 Ἀκύλας
3109 1743 3309 1799 εἰπών’
3351 1747 3836 1814 Παρερχόμεγοενι
3937 1742 3946 1798 Ι

2207 1839 2278 1893 ἐν
2297 1837 2530 1893 κοιλάδι
2553 1837 2662 1891 τοῦ
2683 1835 3011 1906 κλαυθμοῦ,
3038 1834 3242 1905 πηγὴν
3259 1835 3557 1902 θήσονται
3588 1839 3832 1902 αὐτὴν.

2207 1931 2368 2003 Δηλοῖ
2407 1930 2463 1984 δὲ
2496 1929 2583 1983 διὰ
2612 1927 2849 1992 τούτων,
2881 1929 2957 1992 ὡς
2984 1930 3090 2002 ἄρα
3125 1931 3174 1983 οί
3203 1931 3456 2002 πάροικοι
3488 1930 3602 1983 καὶ
3637 1946 3832 1998 παρε-
3933 1780 3949 2168 1

2207 2025 2434 2095 πίδημοι
2459 2024 2516 2078 tv
2536 2023 2616 2095 τῷ
2647 2024 2748 2095 βίῳ
2775 2023 2948 2092 τούτῳ
2975 2022 3073 2093 τὴν
3103 2020 3211 2074 τῶν
3239 2020 3550 2092 ἀνθρώπων
3576 2020 3834 2074 κοιλάδα

2207 2116 2388 2168 πηγὴν
2410 2116 2634 2168 θήσουσι
2662 2157 2676 2168 .
2699 2115 2731 2168 ἦ
2753 2115 2974 2168 τάΕουσι
2991 2113 3175 2168 πηγὴν
3204 2113 3344 2166 κατά
3358 2112 3449 2165 τὸν
3466 2113 3542 2164 Σύ
3555 2129 3829 2168 utar/0v.
3935 2111 3944 2164 .’

2205 2025 2434 2095 πίδημοι
2459 2024 2516 2078 tv
2536 2023 2616 2095 τῷ
2647 2024 2748 2095 βίῳ
2775 2023 2948 2092 τούτῳ
2975 2022 3073 2093 τὴν
3103 2020 3211 2074 τῶν
3239 2020 3550 2092 ἀνθρώπων
3576 2020 3834 2074 κοιλάδα

2204 2116 2388 2188 πηγὴν
2410 2116 2634 2187 θήσουσι
2662 2157 2676 2180 ,
2699 2115 2732 2186 ἢ
2753 2115 2974 2182 τάξουσι
2991 2113 3175 2185 πηγὴν
3204 2113 3344 2166 κατά
3358 2112 3449 2165 τὸν
3466 2113 3542 2164 Σύ
3553 2129 3829 2182 μμαχοοοσ,
3935 2111 3949 2176 fl

2203 2209 2301 2280 τὴν
2316 2208 2496 2263 ἔνθεον
2513 2207 2856 2263 διδασκαλίαν
2875 2206 3062 2260 τοῦτον
3080 2207 3436 2276 ὀνομάσαντες
3453 2205 3549 2258 τὸν
3573 2205 3686 2275 196-
3697 2223 3826 2256 των.

2173 2367 2180 2376 ’
2204 2300 2362 2372 Πηγὴ
2386 2299 2495 2372 γὰρ
2519 2300 2663 2371 ζωῆς
2687 2300 2780 2353 καὶ
2805 2300 2968 2354 ποτὸν
2983 2298 3282 2362 ἀθανασίας
3301 2300 3358 2352 ὲν
3373 2301 3439 2370 τῇ
3465 2298 3698 2351 κοιλάδι
3727 2298 3826 2349 τοῦ

2203 2393 2557 2465 κλαυθμῶνος
2576 2392 2655 2464 τῷ
2674 2392 2784 2446 τῶν
2805 2391 2902 2446 ἀνθ
2908 2391 3106 2465 ρώπων
3132 2391 3232 2463 βίῳ
3251 2391 3678 2460 καταϐέϐληται
3707 2392 3826 2442 ὑπὸ
3933 2439 3936 2465 ι

2201 2483 2308 2537 τῶν
2335 2483 2430 2536 τοῦ
2461 2482 2594 2536 Θεοῦ
2625 2480 2927 2555 ἀνθρώπων
2952 2481 3038 2536 διὰ
3065 2483 3163 2553 τῆς
3188 2480 3449 2547 ζωοποιοῦ
3481 2481 3583 2535 καὶ
3621 2481 3825 2534 θεοσε-

2202 2574 2330 2638 ϐοῦς
2373 2575 2752 2639 διδασκαλίας,
2805 2576 2873 2646 ἢν
2908 2574 3063 2628 αὐτοὶ
3099 2573 3397 2645 μετῆλθον,
3441 2575 3538 2627 καὶ
3576 2573 3820 2644 ἑτέροις

2205 2667 2660 2722 καταλελοίπασιν
2690 2669 2748 2720 tv
2775 2669 2892 2730 ταῖς
2927 2665 3137 2720 ἑαυτῶν
3161 2668 3421 2738 γραφαῖς.
3470 2663 3720 2728 Τούτοις
3756 2664 3819 2717 δὲ

2200 2759 2405 2821 αὐτοῖς,
2431 2759 2614 2828 φησὶν,
2642 2756 2892 2826 εὐλογίας
2914 2757 3102 2828 μισθὸν
3124 2757 3218 2811 τοῦ
3242 2756 3516 2828 κλαυθμοῦ
3541 2758 3650 2809 καὶ
3678 2774 3816 2827 καρ-

2199 2851 2300 2905 πὸν
2323 2851 2544 2916 ἐπάξιον
2561 2850 2721 2904 δώσει
2745 2852 2774 2904 6
2792 2850 3090 2922 νομοθέτης
3115 2849 3316 2905 αὐτῶν.
3343 2850 3463 2903 Τίσι
3488 2849 3548 2902 δὲ
3573 2849 3812 2910 τούτοις

2199 2940 2358 2994 δώσει
2385 2941 2483 3006 τὰς
2504 2939 2772 3010 εὐλογίας,
2800 2941 2833 3011 ἢ
2859 2940 3098 3008 δηλονότι
3123 2943 3238 3004 τοῖς
3256 2941 3315 2994 ἐν
3336 2943 3402 3011 τῇ
3434 2939 3656 2994 κοιλάδι
3676 2939 3813 2993 ταύ-

2199 3050 2268 3105 τῃ
2289 3032 2718 3106 ἀποκλᾳομὲνοις
2747 3033 2840 3085 καὶ
2866 3033 3048 3104 πηγὴν
3074 3034 3131 3086 ὲν
3161 3033 3295 3104 αὐτῇ
3321 3033 3604 3104 θεμένοις;
3647 3032 3806 3085 Ἀντὶ

2199 3126 2256 3180 δὲ
2281 3125 2396 3190 τοῦ,
2430 3130 2462 3181 ό
2494 3127 2848 3198 νομοθετῶν,
2873 3130 2901 3181 6
2932 3128 3028 3198 μὲν
3057 3126 3305 3191 Ἀκύλας,
3335 3126 3616 3196 πρὼΐμος,
3659 3127 3806 3180 ὠνό-

2205 3229 2398 3284 μασεν,
2431 3213 2460 3266 6
2487 3213 2543 3267 δὲ
2573 3214 2886 3287 Σύμμαχος,
2923 3215 2956 3269 ὁ
2987 3214 3374 3284 ὐποδείκτης·
3402 3217 3434 3287 ή
3463 3215 3519 3268 δὲ
3557 3215 3798 3287 πέμπτη

2205 3304 2432 3371 ἔκδοσις,
2465 3308 2499 3360 ὀ
2515 3305 2804 3374 φωτίζωνο
2832 3305 2966 3378 άλλη
2995 3306 3053 3360 δέ
3082 3324 3163 3371 τις
3190 3307 3338 3378 παρὰ
3369 3306 3541 3360 ταῦτα
3573 3306 3798 3371 ἑκδοσις

2205 3396 2337 3469 ἕκτη
2357 3437 2372 3462 ,
2417 3401 2450 3452 ὁ
2480 3397 2810 3453 διδάσκων·
2842 3397 2982 3452 ὥστε
3010 3397 3070 3463 ὲξ
3103 3398 3357 3453 ἁπάντων
3391 3398 3482 3452 τὸν
3511 3400 3793 3470 σωτήριον

2204 3488 2360 3558 λόγον
2389 3490 2655 3544 ὑπονοεῖν.
2705 3489 2876 3554 Αὐτὸς
2897 3491 3006 3562 γάρ
3035 3492 3181 3545 ἐστιν
3204 3493 3233 3546 6
3253 3490 3587 3562 νομοθετῶνο
3613 3491 3788 3554 αὐτὸς

2203 3583 2296 3636 καὶ
2316 3584 2345 3636 6
2373 3582 2621 3651 φωτίζων
2648 3582 2743 3636 καὶ
2761 3584 2791 3636 6
2813 3581 3077 3637 διδάσκων
3095 3600 3110 3614 ο
3140 3581 3301 3646 αὐτὸς
3331 3583 3424 3636 καὶ
3449 3582 3477 3635 6
3503 3581 3781 3655 πρὼῑμος,

2202 3673 2364 3738 αὐτὸς
2397 3673 2490 3727 καὶ
2517 3675 2546 3726 6
2575 3673 2897 3746 ύποδείκτης
2918 3713 2933 3739 ,
2976 3673 3098 3728 καθ’
3128 3675 3362 3743 ἑκάστην
3398 3673 3640 3726 ἐπίνοιαν
3672 3673 3782 3726 τῶν

2203 3763 2261 3816 tv
2280 3762 2428 3834 αὐτῷ
2440 3763 2719 3834 δυνάμεων
2737 3762 2959 3827 ταύταις
2981 3761 3257 3834 χρώμενος
3275 3766 3395 3826 ταῖς
3416 3763 3775 3833 ἐπωνυμίαις.

2202 3855 2332 3926 παρ’
2373 3850 2435 3909 οὐ
2471 3856 2521 3908 0t
2556 3856 2614 3909 tv
2660 3858 2726 3928 τῇ
2769 3854 2974 3910 κοιλάδι
3021 3855 3330 3920 κλαίοντες,
3384 3855 3776 3926 μεταλαϐόντες

2201 3947 2469 4017 εὐλογίας,
2492 3947 2848 4021 πορεύσονται
2865 3947 2963 4021 τὴν
2981 3947 3188 4002 ἑαυτῶν
3207 3947 3430 4019 πορείαν
3448 3947 3770 4012 διανύοντες,

2198 4038 2294 4092 καὶ
2319 4039 2710 4112 δυναμούμενοι
2737 4040 3035 4112 ὁσημέραι·
3065 4040 3139 4104 ὡς
3180 4041 3268 4094 ἀεὶ
3304 4041 3627 4113 προκόπτειν
3648 4043 3771 4094 tm-

2199 4131 2396 4186 διδόναι
2417 4133 2480 4185 ὲκ
2501 4133 2783 4204 δυνάμεως
2809 4132 3145 4204 βραχυτέρας
3167 4135 3258 4187 ἐπὶ
3281 4133 3506 4205 δύναμιν
3529 4132 3766 4205 μείζονα,

2199 4223 2292 4274 καὶ
2317 4221 2424 4274 ἀπὸ
2451 4222 2610 4294 δόξης
2636 4225 2716 4287 εἰς
2743 4221 2917 4288 δόξαν,
2946 4222 3021 4286 ῶς
3051 4241 3212 4294 φησιν
3244 4226 3272 4277 6
3299 4225 3441 4290 θεῖος
3455 4225 3768 4289 Ἀπόστολος

2198 4311 2370 4380 λέγων
2393 4351 2410 4377 ,
2444 4312 2559 4380 τὴν
2595 4313 2788 4382 αὐτὴν
2828 4316 3032 4368 εἰκόνα
3073 4317 3618 4385 μεταμορφούμενω
3644 4316 3764 4370 ἀπὸ

2196 4403 2380 4473 δόξης
2406 4408 2492 4472 εἰς
2516 4404 2726 4471 δόξαν.
2764 4405 2924 4460 Ὅθεν
2953 4407 3047 4463 καὶ
3068 4409 3096 4460 6
3122 4407 3410 4478 Σύμμαχος
3432 4408 3762 4479 ἡρμήνευσεν

2195 4497 2364 4552 εἰπών
2383 4515 2396 4528 ·
2439 4498 2825 4554 Ὀδεύσουσιν
2849 4499 2918 4554 ἑκ
2945 4500 3250 4570 δυνάμεως
3277 4504 3365 4567 εἰς
3391 4501 3653 4569 δύναμιν.

588 4564 754 4658 Vens.
784 4603 837 4657 9.
887 4602 1161 4659 Videbitur
1190 4604 1330 4660 Deus
1383 4605 1601 4661 deorum
1636 4606 1689 4660 in
1722 4604 1869 4660 Sion.
1904 4607 2092 4662 Domi-

2275 4609 2622 4681 Ὀφθιὶσεται
2657 4615 2689 4665 ό
2723 4612 2866 4679 Θεὸς
2896 4611 3014 4666 τῶν
3059 4612 3210 4668 θεῶν
3237 4613 3306 4666 ἐν
3342 4610 3513 4666 Σιών.
3569 4611 3754 4680 Κύριε,

514 4711 578 4750 ne
601 4695 743 4750 Deus
767 4696 1044 4761 virtutum,
1076 4697 1274 4752 exaudi
1305 4700 1598 4753 orationem
1633 4715 1838 4762 meam;
1871 4701 2092 4755 auribus

519 4785 747 4854 percipe,
770 4783 912 4839 Deus
936 4785 1123 4842 Iacob.
1154 4785 1450 4858 Postquam
1494 4787 1727 4854 dixerat,
1764 4789 2094 4844 Benedictio-

511 4893 632 4932 nem
678 4875 829 4932 dabit
885 4879 1179 4950 legislator,
1237 4881 1485 4952 apposite
1531 4881 1690 4938 docet
1738 4897 1846 4952 qua
1881 4884 2094 4939 ratione

510 4967 862 5023 versantibus
894 4967 948 5023 in
973 4969 1112 5026 valle
1158 4969 1474 5027 hominibus
1502 4971 1938 5027 benedictionem
1994 4973 2087 5028 da-

510 5066 672 5114 turus
703 5059 795 5114 sit.
839 5058 960 5126 Quo
993 5069 1154 5131 parto
1189 5063 1362 5129 dabit,
1396 5064 1503 5120 nisi
1551 5063 1808 5136 dignatus
1838 5066 1892 5120 in
1941 5075 2088 5122 terra

510 5152 804 5223 conspici?
832 5151 1140 5209 Admodum
1165 5166 1586 5228 consequenter,
1620 5161 1952 5216 vaticinatus
1981 5170 2092 5216 tor-

510 5243 720 5298 cularia
752 5242 844 5300 Dei
878 5260 974 5314 per
1003 5252 1177 5300 totum
1201 5248 1390 5302 orbem
1424 5250 1593 5304 multa
1627 5250 1808 5306 futura
1833 5268 1976 5317 esse,
2001 5261 2088 5306 ta-

511 5337 808 5392 bernacula
839 5338 965 5392 item
997 5339 1174 5407 plura,
1201 5339 1338 5393 atria
1365 5357 1587 5413 quoque
1613 5352 1669 5398 et
1697 5344 1891 5398 altaria
1923 5359 2088 5415 quam

508 5428 766 5500 plurima,
791 5445 1014 5486 causam
1047 5432 1204 5485 allert
1227 5447 1328 5486 cur
1350 5433 1466 5487 haec
1487 5436 1670 5489 omnia
1705 5436 1760 5491 in
1789 5444 1935 5492 terra
1957 5453 2089 5491 con-

509 5523 786 5579 stituenda
822 5524 953 5578 sint.
1014 5524 1274 5592 Quaenam
1305 5543 1470 5598 porro
1521 5531 1594 5585 sit
1644 5531 1759 5597 illa,
1794 5532 1955 5587 docet
2002 5531 2089 5587 his

507 5616 692 5672 verbis
722 5634 735 5670 :
768 5615 1041 5671 Videbitur
1073 5617 1216 5674 Deus
1250 5619 1470 5676 deorum
1501 5623 1557 5677 in
1589 5622 1754 5688 Sion;
1793 5625 2085 5680 adventum

508 5704 604 5761 Dei
632 5707 701 5762 ad
727 5707 978 5764 homines
1024 5718 1079 5764 et
1110 5724 1467 5786 conspectum
1503 5716 1624 5786 ejus
1670 5724 1857 5794 aperte
1903 5717 2089 5772 decla-

2203 4705 2235 4757 ό
2263 4703 2406 4770 Θεὸς
2432 4702 2550 4756 τῶν
2570 4703 2898 4774 δυνάμεων,
2921 4706 3283 4759 εἰσάκουσον
3301 4704 3410 4774 τῆς
3427 4707 3758 4777 προσευχῆς

2194 4811 2344 4863 μου,
2377 4795 2650 4849 ἐνώτισαι
2673 4838 2686 4861 ,
2720 4800 2752 4850 ὀ
2782 4796 2926 4863 Θεὸς
2965 4796 3174 4851 Ἰακώϐ.
3223 4795 3438 4862 Εἰπὼν,
3473 4799 3754 4866 Εὐλογιάς

2197 4883 2374 4938 δώσει
2405 4888 2437 4939 ὀ
2464 4886 2818 4956 νομοθετῶν,
2849 4888 3155 4953 ἀκολούθως
3177 4888 3415 4942 διδάσκει
3437 4890 3578 4953 ὅπως
3603 4888 3751 4942 δώσει

2195 4982 2307 5041 τοῖς
2341 4980 2398 5031 tv
2427 4982 2491 5050 τῇ
2527 4979 2730 5033 κοιλάδι
2759 4980 2856 5044 τὰς
2881 4980 3150 5050 εὐλογίας.
3177 4982 3302 5046 Πῶς
3332 4979 3445 5047 οὖν,
3477 4983 3620 5054 φησι,
3650 4981 3748 5036 δώ·-

2198 5088 2300 5134 σει,
2329 5071 2442 5124 ἀλλ’
2472 5071 2504 5141 ἢ
2535 5070 2874 5136 καταξιώσας
2897 5072 3126 5144 ὀφθῆναι
3156 5075 3248 5127 ἐπὶ
3274 5075 3372 5145 τῆς
3403 5076 3504 5146 γῆς
3524 5092 3537 5140 ;
3559 5075 3746 5146 Σφόδρα

2196 5160 2252 5214 δὲ
2286 5161 2591 5224 ἀκολούθως
2619 5162 2879 5226 θεσπίσας
2905 5165 2934 5216 6
2953 5163 3109 5233 λόγος
3135 5162 3328 5236 ληνοὺς
3349 5165 3486 5219 Θεοῦ
3515 5164 3742 5228 πλείστας

2198 5254 2412 5324 μέλλειν
2440 5255 2654 5310 ἔσεσθαι
2678 5256 2797 5311 καθ’
2817 5256 2945 5328 ὅλης
2976 5256 3297 5328 οἰκουμένης
3317 5259 3409 5311 καὶ
3438 5257 3738 5328 σκηνώματα

2196 5345 2422 5399 πλεῖστα
2450 5346 2542 5399 καὶ
2565 5347 2733 5411 αὐλὰς
2755 5347 2990 5413 πλείους,
3019 5349 3113 5402 καί
3141 5340 3498 5420 θυσιαστήρια
3520 5349 3732 5410 πλεῖστα,

2195 5441 2388 5508 ὲπάγει
2417 5439 2514 5511 τὴν
2537 5440 2736 5504 αἰτίαν,
2758 5441 2826 5494 δι’
2847 5441 2914 5513 ἥν
2939 5442 3136 5513 ἤμελλε
3159 5443 3327 5497 ταῦτα
3353 5443 3528 5496 πάντα
3553 5442 3629 5510 ἐπὶ
3648 5441 3733 5510 γῆς

2193 5529 2562 5584 συνίστασθαι.
2598 5530 2693 5596 Τίς
2721 5531 2777 5585 δὲ
2809 5528 2875 5604 ἦν
2905 5535 2937 5606 ὴ
2967 5533 3116 5588 αίτία
3140 5533 3379 5588 διδάσκει
3400 5533 3599 5602 λέγων’
3634 5534 3730 5600 ‘05;-

2191 5623 2434 5688 θήσεται
2464 5627 2497 5677 ὀ
2523 5625 2668 5690 Θεὸς
2694 5626 2812 5680 τῶν
2857 5625 3009 5681 θεῶν
3038 5628 3109 5682 ἐν
3135 5629 3311 5683 Σιών·
3348 5628 3533 5698 σαφῶς
3560 5644 3705 5696 πειρον

2191 5720 2312 5771 σίαν
2342 5720 2420 5782 εἰς
2458 5718 2772 5792 ἀνθρώπους
2801 5722 2938 5775 Θεοῦ
2971 5722 3064 5775 καὶ
3094 5722 3399 5798 φανέρωσιν
3427 5722 3592 5776 αὐτοῦ
3609 5721 3728 5774 ὀιδά‹

583 5865 630 5897 ³³
669 5865 859 5920 Matth.
895 5883 949 5928 ν,
984 5869 1036 5923 5.
1114 5869 1155 5901 ³¹
1200 5868 1242 5924 ΙΙ
1269 5870 1399 5929 Cor.
1434 5888 1488 5936 v,
1527 5872 1580 5928 ι.
1658 5873 1701 5904 ³⁹
1742 5867 1936 5927 llllor.
1963 5888 2022 5926 ιιι
2049 5913 2062 5937 ,
2100 5871 2187 5929 l8.
