1986 3406
88 160 200 189 1015
729 153 937 183 COMMENTAD

998 153 1032 181 IN
1047 152 1215 182 PSALMOS.
1698 145 1773 173 10M.

91 228 216 251 σκων.
223 218 293 251 Θεὸς
303 218 332 245 δὲ
344 218 411 245 θεῶν
423 218 438 244 6
449 215 495 245 τοῦ
505 215 573 243 Θεοῦ
584 215 671 250 Λόγος
681 215 848 250 ὠνόμασται,
861 222 932 240 νοου-

988 223 1058 244 rans.
1077 215 1149 242 Deus
1162 217 1252 241 autem
1269 211 1383 240 deorum
1393 208 1441 237 Dei
1459 207 1579 236 Verbum
1590 206 1769 239 vocatur;ita.

101 266 225 302 μένων
238 266 305 300 ἡμῖν
314 264 383 291 θεῶν
394 263 447 290 τῶν
460 262 601 298 μακαρίων
613 261 659 289 καὶ
670 260 801 295 θεοφιλῶν
812 259 928 296 ἀνδρῶν,

988 266 1011 288 ιι
1027 260 1194 296 intelligatur
1210 259 1278 287 deos
1291 265 1364 290 esse,
1377 258 1472 285 beatos
1486 261 1512 283 et
1523 253 1668 289 religiosos
1680 252 1767 283 viras.

100 297 199 348 :npbc
285 310 299 336 6
316 310 393 344 λόγος
405 297 672 341 τοῦΘεοῦέγένετο·
690 304 730 338 οἷς
744 307 789 333 καὶ
800 305 906 341 εἴρηται
921 313 928 321 ·

988 307 1015 334 ιι]
1031 314 1100 342 quos
1116 307 1217 334 factum
1232 310 1276 333 est
1291 304 1411 332 Verbum
1431 302 1477 330 Dei
1494 311 1500 329 :
1518 300 1619 336 quibus
1633 298 1715 327 etiam
1726 297 1769 324 di-

114 343 215 391 ’ὲγὼ
233 353 339 383 εἷπον·
355 354 422 381 Θεοί
431 353 516 380 ἑστει
532 352 593 384 καὶ,
616 351 647 378 '0
656 350 727 383 Θεὸς
741 350 815 383 ἔστη
827 349 862 375 ἐν
875 356 931 376 συ-

988 357 1055 380 :tum
1066 357 1119 384 est,
1138 351 1192 387 Ego
1207 351 1277 385 dixi,
1292 350 1336 377 Dii
1350 350 1414 377 estis
1432 348 1472 381 ³⁸;
1499 350 1537 380 et,
1553 346 1624 373 Deus
1643 344 1716 372 stetit
1740 343 1769 369 in

104 388 258 437 ενααξηωγῆ
268 399 352 427 θεῶν’
365 399 423 431 καὶ,
436 397 508 431 Θεὸς
523 397 599 425 θεῶν
609 397 716 430 Κύριος
726 395 869 428 ὲλάλησε,
881 393 930 421 καὶ

988 407 1118 435 synagoga
1132 398 1241 425 deorum
1257 397 1295 430 a‘;
1307 402 1344 428 et,
1362 395 1430 422 Deus
1456 393 1565 422 deorum
1581 391 1710 418 Dominus
1729 388 1769 416 lo-

107 447 268 475 ὲκὰλεσε
278 445 336 480 τὴν
345 444 413 480 γῆν.
428 444 483 471 Καὶ
493 443 546 479 γὰρ
557 443 586 469 ἐν
597 442 702 474 τούτοις
713 441 778 473 Θεὸς
793 439 861 466 θεῶν
871 439 932 466 οὐδέ

988 449 1058 472 :ntus
1072 449 1122 476 est,
1140 448 1165 471 et
1191 443 1291 470 vocavit
1308 447 1407 469 terram
1423 440 1458 468 ".
1470 438 1500 466 in
1524 437 1568 465 his
1581 443 1700 471 namque
1714 441 1771 461 non

112 494 214 526 ἄλλος
234 494 254 529 ἢ
270 492 348 528 μόνος
363 492 377 518 6
387 492 416 518 ἐν
431 491 502 526 ἀρχῇ
518 489 587 525 πρὸς
601 489 646 517 τὸν
658 488 724 515 Θεὸν
738 487 824 521 Λόγος
835 485 932 521 ἀνηγό-

988 491 1053 519 ilius
1065 490 1136 518 Deus
1155 489 1269 517 deorum
1283 493 1400 516 vocatus
1417 490 1470 518 est,
1484 492 1567 522 quam
1589 483 1613 512 is
1631 482 1707 510 solus
1722 480 1771 516 qui

116 549 236 578 ρευται
246 547 254 555 ⁹
278 540 292 566 6
308 539 339 574 δὴ
355 538 403 565 καὶ
424 537 501 568 θεοὺς
515 536 613 568 αὐτοὺς
630 535 675 562 διὰ
688 535 738 571 τῆς
751 533 833 561 αὑτοῦ
849 541 931 568 χορη-

114 588 196 622 γίας
221 586 273 613 καὶ
296 584 411 620 μετοχῆς
434 582 482 610 τοῦ
501 582 584 610 αὑτοῦ
598 580 756 617 Πνεύματος
771 578 931 615 ἀπεργασά-

118 641 231 669 μενος.
264 630 348 661 Θεοὺς
366 628 420 665 γὰρ
435 626 506 656 εῖναι
521 636 603 664 φησιν
617 627 737 658 ἐκείνους
747 646 754 658 ,
777 625 845 662 πρὸς
859 624 905 656 οὓς
918 625 933 651 6

117 679 225 713 Λόγος
258 675 305 704 τοῦ
320 674 387 701 Θεοῦ
401 675 519 710 ἐγένετο.
543 674 627 709 Ἐξῆς-
640 673 662 700 δ’
676 669 723 700 οὖν
744 672 792 699 καὶ
804 669 934 707 ὀνομαστὶ

117 724 179 751 τοῦ
199 722 324 759 Χριστοῦ
342 720 523 758 μνημονεύει,
539 719 626 754 λέγων
642 718 672 745 ἐν
687 717 752 753 εὐχῇ
763 725 770 733 ’
799 716 855 744 Καὶ
868 716 933 746 ἐπι-

120 772 259 805 ϐλεψον
273 768 324 797 ἐπὶ
335 769 370 796 τὸ
383 767 545 803 πρόσωπον
558 766 612 794 τοῦ
624 764 754 800 Χριστοῦ
770 771 838 791 σου.
860 764 935 790 Ἀντὶ

120 817 159 843 δὲ
180 815 235 843 τοῦ
246 836 254 847 ,
275 814 454 850 ὀφθήσεται
470 814 486 840 ό
506 811 579 845 Θεὸς
599 811 660 839 τῶν
673 809 749 838 θεῶν
762 809 797 836 ὲν
810 808 902 842 Σιὼν,
919 808 934 838 6

131 862 264 893 ’Δκύλυς
274 860 366 896 φησὶν,
391 858 566 894 Ὀφθήσεται
582 856 705 892 ἰσχυρὸς
717 855 789 888 Θεὸς
798 854 833 881 ἐν
846 853 932 882 Σιών.

126 909 186 941 Τίς
205 909 231 936 δ’
248 908 282 936 ἃν
300 907 343 943 εῐη
356 902 433 938 οὗτος
449 905 464 932 6
489 903 592 940 μέλλων
611 901 707 939 ὁρατὸς
724 901 771 928 καὶ
785 900 934 936 ὀφθαλμοῖς

130 955 239 987 οεατὸς
253 954 361 986 ἐσεοθαι
370 972 378 985 ,
389 952 509 980 διδάσκει
523 949 625 986 προῖὼν
637 949 684 976 καὶ
694 948 782 983 λέγων
791 956 797 962 ·
820 946 935 974 Ἐνώτι-

132 1010 192 1029 σαι
204 1021 214 1034 ,
231 1002 248 1028 ό
265 1000 338 1033 Θεὸς
358 997 471 1027 Ἰακώϐ.
490 993 575 1028 Οἶιτος
591 995 646 1031 γὰρ
659 992 693 1030 ἢν
706 994 787 1025 αὐτὸς
805 994 907 1024 ἐκεῖνος
920 993 935 1019 6

133 1046 187 1072 τοῦ
202 1045 273 1073 Θεοῦ
287 1045 383 1079 Λόγος,
396 1044 410 1070 ὁ
425 1042 508 1070 πάλαι
520 1042 568 1069 καὶ
578 1040 617 1076 τῷ
638 1039 735 1066 Ἰακὼὸ
747 1040 776 1066 ἐν
789 1038 934 1075 ἀνθρώπου

137 1092 266 1128 σχήματι
277 1090 379 1126 ὀφθεὶς,
391 1089 478 1125 φήσας
491 1097 520 1114 τε
536 1087 604 1123 πρὸς
616 1086 696 1113 αὐτόν
706 1093 712 1099 '
731 1086 792 1112 Οὐκ
806 1086 850 1112 ἐτι
863 1086 937 1118 κλη-

136 1137 269 1172 θήσεται
282 1135 315 1163 τὸ
327 1133 420 1170 ὄνομὰ
428 1142 485 1161 σου
505 1132 616 1164 Ἰακὼϐ,
629 1130 698 1158 ἀλλ’
715 1129 838 1164 Ἰσραὴλ
850 1128 937 1156 ἔσται

137 1183 175 1210 τὸ
186 1181 282 1217 ὄνομά
293 1188 352 1209 σου
362 1188 368 1195 ·
380 1180 424 1207 ὅτι
435 1179 604 1213 ἐνίσχυσας
613 1177 688 1212 μετὰ
700 1175 784 1208 Θεοῦ,
798 1175 848 1202 καὶ
860 1174 936 1209 μετὰ

138 1228 308 1263 ἀνθρώπων
316 1227 456 1260 δυνατός.
473 1221 559 1260 Ἐφ’ᾧ
570 1225 616 1251 καὶ
625 1224 639 1250 6
651 1222 785 1259 θεοφιλὴς,
796 1221 936 1249 συναισθό-

142 1284 226 1312 μενος
238 1275 284 1302 τοῦ
296 1273 511 1311 χρηματίζοντος
532 1270 615 1298 αὑτοῦ
638 1268 708 1301 Θεοῦ,
729 1277 795 1304 φησι
814 1276 820 1283 ·
846 1265 937 1296 Εἶδον

143 1321 222 1349 θεὸν
237 1322 398 1356 πρόσωπον
412 1319 488 1353 πρὸς
506 1318 685 1352 πρόσωπον,
699 1315 746 1342 καὶ
762 1313 861 1347 ἐσώθη
877 1321 936 1348 μου

146 1367 165 1401 ἠ
177 1366 274 1404 ψυχή.
287 1366 372 1398 Αὐτὸς
383 1363 429 1393 οὖν
439 1365 542 1395 ἐκεῖνος
552 1364 566 1390 ό
578 1362 643 1394 Θεὸς
653 1363 667 1389 6
679 1361 719 1397 τῷ
736 1360 833 1387 Ἰακὼό
844 1359 937 1394 ὀφθεὶς

145 1412 226 1446 αὖθις
245 1413 403 1449 ὀφθήσεται,
416 1411 509 1448 φησιν,
526 1411 554 1436 ἐν
571 1408 650 1442 Σιὼν,
664 1407 813 1443 διαρρήδην
827 1406 876 1442 τῆς
890 1404 944 1432 τοῦ.

147 1460 216 1487 Θεοῦ
229 1459 317 1494 Λόγου
333 1460 372 1490 εἰς
383 1456 541 1493 ἀνθρώπους
555 1454 714 1490 ἐπιφανείας
730 1452 823 1484 τοῦτωι
839 1460 939 1487 σημαι-

148 1506 266 1541 νομένης
278 1505 324 1532 τὸν
339 1504 450 1540 τρόπον.
475 1502 561 1534 Αὑτὸν
578 1501 610 1537 δὴ
630 1498 677 1528 οὗν
699 1499 792 1527 τοῦτον
811 1498 857 1526 τὸν
871 1497 938 1524 Θεὸν

155 1552 254 1580 Ἰακὼὸ
277 1550 509 1586 ἐπικαλούμενος,
532 1547 697 1579 ἐπισπεῦσαι
714 1546 764 1582 τὴν
787 1543 943 1581 παρακτίαν

149 1598 232 1627 αὑτοῦ
249 1597 375 1625 ἱκετεύει.
398 1594 623 1630 ’Υπερασπιστὰ
638 1592 733 1628 ἡμῶν,
750 1591 804 1624 ἰδὲ,
820 1592 837 1618 ό
853 1590 935 1623 Θεός.

150 1645 231 1678 Τίνας
250 1644 279 1671 δέ
302 1652 383 1680 φησιν
404 1643 458 1675 ἰδὲ,
474 1642 531 1672 ἀλλ’
550 1641 567 1677 ἢ
590 1641 657 1673 τοὺς,
674 1640 704 1666 ἐν
725 1640 758 1674 τῇ
772 1637 875 1665 κοιλάδι
890 1635 938 1663 τοῦ

151 1690 326 1726 κλαυθμῶνος
347 1688 618 1724 καταπονουμένους;
648 1685 783 1719 Ἐπιλέγει
805 1684 834 1711 δὲ
857 1684 944 1719 ἑξῆς-τ

151 1737 204 1767 Καὶ
215 1737 379 1771 anfled-or
389 1735 438 1762 ἐπὶ
449 1734 481 1762 τὸ
493 1735 655 1769 πρόσωπον
664 1732 718 1760 τοῦ
729 1731 857 1766 Χριστοῦ
869 1739 937 1763 σου,

153 1783 294 1819 εὐχόμενος
305 1782 463 1818 ἐπιταχῆναι
476 1781 525 1817 τὴν
536 1780 582 1807 τοῦ
592 1779 659 1806 Θεοῦ
671 1778 812 1813 Λόγου-εἱς
820 1776 864 1804 τὸν
876 1777 940 1812 Χρι-

154 1828 214 1856 στὸν
225 1828 318 1861 αὐτοῦ,
330 1828 360 1855 ὃν
370 1828 403 1854 ἐκ
414 1827 569 1864 σπέρματος
581 1825 662 1856 Δαυτδ
673 1824 940 1860 ἐνεδύσατοιπαρου-

154 1875 221 1902 σιαν.
236 1875 281 1901 Διὸ
290 1874 360 1902 καὶὸ
375 1874 490 1906 Ἀκύλας
501 1873 577 1909 φησὶ,
589 1872 681 1907 Θυρεὲ
694 1871 787 1906 ἡμῶν,
804 1870 859 1903 ἴδε,
874 1870 938 1902 Θεὲ,

155 1920 200 1947 καὶ
217 1921 400 1955 ἐπίστρεψον
413 1921 576 1955 πρόσωπον
590 1918 772 1953 ὴλειμμένου
786 1924 845 1947 σου
854 1925 861 1932 ·
879 1917 893 1944 6
909 1917 939 1946 δὲ

156 1966 306 2002 Σύμμαχος,
321 1966 546 2002 ’Υπερασπιατὰ
558 1965 657 2000 ἡμῶν,
674 1964 718 1992 we
729 1984 736 1997 ,
753 1965 769 1991 ὁ
783 1963 855 1997 Θεὸς
865 1984 873 1996 ,
887 1964 939 1991 καὶ

157 2014 345 2047 «poemati-or
355 2013 389 2041 τὸ
403 2013 566 2047 πρόσωπον
575 2011 629 2039 τοῦ
641 2010 770 2045 Χριστοῦ
782 2018 851 2038 σου.
866 2008 939 2036 Ταῦ-

157 2068 189 2090 τα
204 2059 229 2086 δέ
250 2058 373 2095 εὔχονται
392 2060 416 2086 οἱ
429 2059 475 2086 τὸν
489 2059 578 2085 πάντα
592 2057 698 2093 ψαλμὸν
710 2056 835 2090 λέγοντες
845 2064 851 2071 ·
866 2050 938 2083 οὗτοι

158 2105 184 2132 δὲ
200 2103 267 2140 ἦσαν
285 2106 311 2132 oi
330 2105 377 2132 τοῦ
392 2105 459 2132 Θεοῦ
480 2105 634 2141 προφῆται,
654 2104 679 2130 οἱ
694 2102 872 2133 διασωθέντες
884 2102 939 2131 ἀπὸ

158 2150 207 2177 τῶν
220 2151 322 2186 νοητῶν
337 2150 473 2186 πολεμίων
484 2172 492 2183 ,
510 2151 558 2177 καὶ
578 2149 773 2186 μεταϐαλόντες
787 2149 841 2175 ἀπὸ
859 2148 938 2174 πολέ-

161 2205 206 2232 μου
221 2197 261 2229 εἰς
279 2197 404 2233 εἰρήνην,
419 2196 454 2224 τά
467 2205 496 2223 τε
515 2195 682 2232 σκηνώματα
696 2195 744 2222 τοῦ
763 2195 832 2222 Θεοῦ
845 2195 938 2221 λοιπὸν

984 537 1012 565 in
1029 536 1164 572 principio
1183 534 1300 563 Verbum
1313 537 1371 562 erat
1383 532 1455 568 apud
1472 531 1556 558 Deum
1573 537 1581 555 :
1606 527 1654 564 qui
1666 526 1772 555 scilicet

983 590 1097 610 munere
1108 589 1158 609 suo
1177 585 1205 609 et
1214 580 1338 615 ejusdem
1354 578 1474 614 Spiritus
1487 574 1696 612 participatione
1705 572 1772 600 deos

984 629 1048 657 illos
1074 627 1174 656 en‘ecit.
1186 626 1257 655 Deos
1272 632 1392 660 namque
1404 624 1467 651 illos
1483 629 1545 650 esse
1558 620 1637 652 dicit,
1651 618 1686 647 ad
1702 625 1772 653 quos

984 682 1077 704 sermo
1088 674 1136 703 Dei
1152 673 1242 701 iactus
1256 676 1311 701 est.
1331 671 1435 699 Deinde
1449 677 1514 696 vero
1526 666 1667 695 Christum
1682 663 1773 692 nomi-

984 721 1072 749 natim
1097 723 1233 748 memorat
1245 719 1274 747 in
1288 717 1414 747 oratione
1438 716 1545 746 dicens,
1568 712 1601 740 Et
1619 712 1718 747 respice
1745 710 1773 736 in

985 768 1082 803 faciem
1096 767 1198 796 Christi
1212 767 1261 794 tui.
1281 764 1334 792 Pro
1350 764 1396 792 illo
1410 767 1513 794 autem,
1539 759 1676 788 Videbitur
1701 757 1773 785 Deus

985 815 1095 843 deorum
1117 814 1145 841 in
1158 813 1234 844 Sion,
1250 811 1351 847 Aquila
1363 810 1404 838 sic
1423 808 1517 839 habet,
1538 805 1676 834 Videbitur
1694 803 1773 839 fortis

986 861 1057 889 Deus
1072 861 1099 887 in
1115 859 1190 888 Sion.
1217 857 1350 891 Quisnam
1366 863 1430 884 vero
1459 855 1499 882 sit
1513 854 1569 886 ille,
1586 852 1634 888 qui
1654 850 1774 879 visibilis

985 906 1128 940 oculisque
1154 902 1314 939 spectabilis
1330 901 1440 929 futurus
1457 904 1510 932 est,
1527 898 1626 926 deinde
1652 896 1775 924 declarat

985 952 1038 980 hoc
1060 950 1162 979 modo:
1178 949 1294 977 Auribus
1313 948 1426 983 percipe,
1446 946 1517 974 Deus
1532 944 1626 972 Jacob.
1644 943 1712 971 Nam
1730 942 1776 970 hic

986 998 1045 1033 ipse
1060 1001 1119 1026 erat
1132 996 1180 1024 Dei
1189 995 1321 1028 Verbum,
1333 994 1379 1030 qui
1390 993 1456 1021 olim
1469 989 1699 1021 lacobohominis
1712 996 1774 1023 spc-

985 1045 1028 1072 cie
1042 1043 1130 1076 visus,
1146 1043 1187 1071 sic
1208 1050 1271 1070 eum
1286 1041 1384 1069 aii‘atus
1399 1044 1463 1069 est:
1477 1038 1539 1066 Non
1551 1038 1625 1066 ultra
1639 1035 1775 1064 vocabitur

986 1098 1080 1117 nomen
1095 1094 1171 1116 tuum
1193 1087 1298 1120 Iacob;
1321 1086 1366 1115 sed
1383 1086 1471 1116 Israel
1480 1086 1531 1113 erit
1559 1091 1652 1112 nomen
1678 1088 1752 1110 tuum
1765 1090 1774 1108 :

986 1137 1048 1174 quia
1064 1136 1142 1172 fortis
1154 1135 1230 1171 fuisti
1245 1143 1305 1162 mm
1317 1133 1383 1166 Deo,
1403 1137 1429 1161 et
1448 1140 1508 1162 cum
1522 1129 1673 1158 hominibus
1684 1134 1775 1163 potens

986 1185 1038 1212 eris
1055 1184 1088 1211 ".
1104 1182 1194 1216 Quare
1208 1181 1250 1209 vir
1268 1181 1314 1209 ille
1337 1180 1495 1216 religiosus,
1509 1185 1573 1207 cum
1591 1175 1776 1217 persentisce-

987 1235 1030 1258 ret
1041 1238 1105 1258 eum
1120 1229 1167 1264 qui
1183 1228 1270 1264 ipsius
1287 1227 1360 1255 Deus
1379 1231 1503 1258 vocatur,
1532 1224 1570 1251 ait
1586 1231 1593 1249 :
1613 1222 1673 1250 Vidi
1692 1221 1776 1249 Deum

988 1278 1056 1313 facie
1067 1275 1101 1303 ad
1113 1275 1220 1311 faciem,
1232 1279 1257 1302 et
1273 1273 1349 1301 salsa
1363 1273 1441 1308 facta.
1452 1275 1492 1299 est
1513 1270 1604 1297 anima
1618 1277 1677 1296 mea
1700 1267 1733 1294 ".
1750 1266 1777 1295 Is

988 1324 1048 1359 ipse
1061 1322 1143 1354 Deus,
1160 1320 1261 1357 inquit.
1278 1320 1327 1355 qui
1340 1318 1444 1346 Jacoho
1461 1317 1538 1345 visus
1550 1319 1602 1348 est,
1620 1321 1719 1355 rursus
1733 1313 1776 1340 vi-

988 1369 1097 1398 debitur
1111 1368 1139 1396 in
1160 1367 1238 1399 Sion,
1254 1366 1302 1394 Dei
1315 1364 1397 1393 Verbi
1420 1364 1567 1393 adventum
1595 1361 1623 1389 in
1650 1359 1778 1388 homines

988 1414 1065 1442 hisce
1080 1413 1224 1440 manifeste
1233 1411 1389 1439 declarans.
1404 1408 1483 1436 llunc
1496 1407 1581 1436 Deum
1596 1405 1683 1433 Jacob
1699 1405 1778 1432 invo-

988 1468 1066 1492 cans,
1082 1459 1230 1487 adventum
1242 1461 1381 1485 maturare
1393 1463 1473 1484 suum
1485 1457 1574 1490 rogat.
1590 1451 1717 1483 —Vtttts.
1730 1451 1775 1479 to.

988 1505 1234 1538 Protectornoster,
1257 1503 1357 1538 aspice,
1372 1501 1455 1529 Deus.
1484 1500 1623 1533 Quosnam
1653 1496 1778 1532 aspicere

952 1562 974 1591 ο
990 1556 1079 1587 rogat,
1094 1551 1147 1579 nisi
1159 1558 1207 1578 eos
1221 1549 1269 1585 qui
1285 1549 1314 1578 in
1337 1548 1407 1576 valle
1422 1548 1606 1582 lacrymarum
1629 1543 1779 1572 amictione

989 1596 1171 1632 premuntur?
1189 1595 1294 1623 Deinde
1307 1601 1373 1622 vero
1399 1592 1557 1627 subjungit,
1573 1595 1599 1621 et
1625 1590 1724 1624 respice
1750 1588 1778 1615 in

989 1642 1085 1678 faciem
1099 1640 1201 1669 Christi
1218 1640 1267 1672 tui,
1281 1646 1383 1674 rogans
1398 1637 1444 1666 Dei
1463 1636 1542 1666 Verbi
1569 1636 1717 1663 adventum
1744 1635 1779 1662 ad

989 1688 1129 1717 Christum
1142 1694 1234 1719 suum,
1249 1693 1330 1721 quem
1347 1692 1380 1712 ex
1398 1683 1504 1712 semine
1518 1682 1604 1710 David
1618 1681 1717 1714 induit,
1733 1687 1780 1707 ac-

989 1732 1113 1761 celerari.
1126 1729 1417 1765 QuamobremAquila
1427 1729 1468 1757 sic
1478 1727 1668 1763 habet,C_lype,e
1679 1731 1778 1760 noster.

989 1778 1057 1810 vide,
1074 1778 1155 1811 Deus,
1170 1782 1193 1805 et
1219 1782 1337 1804 converte
1353 1776 1454 1803 vultum
1477 1775 1550 1802 aucti
1574 1773 1623 1802 tui.
1652 1773 1779 1810 Symma-

989 1826 1061 1854 chus
1074 1833 1148 1857 vero,
1164 1824 1304 1852 Prolector
1324 1828 1414 1851 noster
1434 1822 1502 1855 vide,
1528 1821 1610 1853 Deus,
1640 1826 1665 1848 et
1693 1820 1781 1854 aspice

989 1872 1091 1900 vultum
1105 1871 1206 1899 Christi
1220 1871 1267 1898 tui.
1283 1870 1346 1898 Haec
1359 1877 1441 1905 porro
1457 1871 1603 1904 precantur
1627 1867 1658 1899 ii,
1673 1866 1720 1901 qui
1738 1869 1781 1893 to-

989 1923 1047 1945 tum
1071 1918 1205 1953 psalmum
1231 1916 1412 1952 pronuntiant
1438 1914 1489 1942 :hi
1512 1916 1603 1943 autem
1625 1915 1704 1939 erant
1732 1910 1782 1938 Dei

989 1964 1138 2000 prophetae,
1155 1963 1231 1998 quia
1247 1962 1440 1998 spiritualibus
1457 1959 1579 1991 inimicis
1603 1957 1706 1987 servati
1722 1957 1781 1985 fue-

989 2013 1063 2042 rant,
1079 2013 1107 2036 et
1121 2017 1136 2036 a
1151 2008 1222 2036 bello
1234 2008 1267 2037 ad
1282 2016 1377 2043 pacein
1399 2006 1536 2040 translati,
1551 2005 1647 2033 divino
1672 2003 1783 2032 aﬂlante

990 2055 1088 2090 spiritu
1102 2053 1278 2083 tabernaCula
1290 2053 1337 2082 Dei
1364 2053 1576 2089 prospiciebant,
1600 2050 1734 2080 atriorum
1753 2053 1783 2078 et

990 2101 1116 2129 altarium
1129 2100 1189 2135 ejus
1206 2099 1360 2134 percupidi.
1388 2099 1440 2133 Qui
1469 2099 1552 2127 etiam
1578 2098 1627 2126 Dei
1648 2096 1781 2131 Verbum,

990 2155 1070 2176 suum
1082 2147 1110 2174 in
1122 2151 1246 2181 tempore
1257 2145 1321 2174 belli
1347 2148 1530 2180 proteclorem
1558 2143 1675 2177 factum,
1701 2143 1783 2171 obse-

990 2198 1073 2223 crant
1085 2198 1115 2221 ut
1130 2193 1165 2221 ad
1176 2193 1274 2221 faciem
1288 2192 1390 2222 Christi
1422 2191 1466 2220 sui
1495 2190 1638 2226 respiciat,
1667 2194 1697 2218 ut
1723 2191 1784 2226 ipso

159 2244 194 2279 τῷ
207 2243 268 2279 θείῳ
280 2243 419 2279 Πνεύματι
434 2243 614 2279 προορῶντες,
631 2242 679 2270 καὶ
695 2241 744 2273 τὰς
757 2241 841 2273 αὐλὰς
856 2241 937 2268 αὐτοῦ

992 2245 1140 2277 apparente
1162 2247 1195 2267 ac
1206 2238 1358 2270 Christum.
1371 2246 1409 2268 es,
1415 2237 1521 2266 semine
1533 2236 1618 2264 David
1631 2236 1783 2265 secundum

161 2291 202 2317 καὶ
212 2290 243 2317 τὰ
259 2290 437 2326 θυσιαστήρια
453 2288 609 2320 ποθοῦντες.
640 2288 672 2315 Οἶ
690 2287 736 2314 καὶ
751 2286 939 2322 παρακαλοῦσι

162 2336 201 2363 τὸν
221 2337 264 2364 τοῦ
279 2337 346 2364 Θεοῦ
357 2337 442 2371 Λόγον
452 2356 459 2368 ,
478 2336 522 2363 τὸν
544 2336 573 2362 ἐν
585 2334 623 2370 τῷ
641 2334 728 2370 καιρῷ
743 2333 796 2359 τῶν
813 2333 942 2368 πολέμων

163 2382 358 2418 ὑπερασπιστὴν
377 2382 467 2410 αὐτῶν
488 2381 649 2418 γενόμενον,
679 2379 822 2414 ἐπιϐλέψαι
838 2380 884 2406 ἐπὶ
905 2379 936 2405 τὸ

993 2294 1104 2314 carnem
1127 2289 1224 2313 ortum
1239 2288 1409 2316 assumente,
1436 2282 1519 2310 malis
1532 2281 1659 2317 pristinis
1686 2288 1784 2309 omnes

993 2334 1159 2365 eximantur,
1176 2332 1380 2367 hominumque.
1397 2338 1483 2367 genus
1494 2331 1566 2359 bona
1580 2336 1628 2365 per
1641 2327 1795 2357 Christum,

993 2380 1181 2408 nanciscatur.

163 2428 296 2463 πρόσωπον
309 2428 356 2455 τοῦ
369 2427 486 2465 Χριστοῦ
497 2427 589 2457 αὑτοῦ.
608 2427 652 2459 ἶν’,
665 2426 842 2461 ἐπιφανέντος
855 2425 938 2452 αὑτοῦ
957 2426 1061 2453 καὶτὸν
1076 2426 1109 2453 ἐκ
1118 2425 1276 2462 σπέρματος
1287 2424 1369 2452 Δαυῒδ
1377 2423 1447 2450 κατὰ
1476 2423 1565 2458 σάρκα
1576 2421 1693 2459 Χριστὸν
1720 2420 1785 2448 ἀνα-

163 2474 294 2507 λαϐόντος,
315 2475 391 2507 λύσις
414 2476 462 2511 μὲν
479 2476 591 2512 γένηται
629 2474 770 2511 προτέρων
802 2473 895 2500 κακῶν
916 2475 973 2507 τοῖς
991 2475 1088 2507 πᾶσιν,
1105 2473 1195 2509 ἀγαθὰ
1208 2473 1237 2501 δὲ
1253 2473 1297 2500 διὰ
1313 2472 1360 2500 τοῦ
1376 2471 1494 2508 Χριστοῦ
1511 2471 1542 2498 τὸ
1562 2471 1616 2498 τῶν
1632 2469 1785 2507 ἀνθρώπων

163 2521 304 2557 διαδέξηται
320 2521 406 2556 γένος.

188 2580 244 2606 Ὀτι
251 2579 401 2621 χρεία-σοιν
408 2580 503 2614 ἡμέρα
507 2579 561 2614 μία
568 2579 602 2606 ἐν
608 2579 673 2612 ταῖς
683 2578 791 2611 αὐλαῖς
797 2585 855 2605 σου
863 2578 939 2613 ὑπὲρ

165 2625 298 2660 χιλιάδας.
314 2625 370 2661 Τῆς
383 2625 431 2652 τοῦ
444 2625 512 2652 Θεοῦ
527 2625 678 2662 παρουσίας
690 2625 740 2661 τὴν
753 2624 827 2661 μίαν,
842 2624 892 2659 τῆς
905 2626 937 2652 ἐκ

165 2672 254 2707 νεκρῶν
270 2672 445 2705 ἀναστάσεως
460 2673 578 2708 ἡμέραν,
596 2672 663 2699 πολὺ
680 2672 798 2707 κρείττω
811 2672 939 2707 χιλιάδων

165 2719 205 2746 καὶ
217 2719 413 2756 προτιμοτέραν
424 2720 439 2746 6
453 2720 499 2746 τὸν
514 2720 637 2755 παρόντα
648 2719 755 2754 ψαλμὸν
766 2719 853 2753 λέγων
865 2719 939 2754 ἠγεῖ-

165 2773 210 2791 ται.
221 2765 386 2792 Αἱνίττεσθαι
396 2766 424 2793 δὲ
436 2765 555 2801 ἡγοῦμαι
566 2765 609 2793 διὰ
618 2765 672 2792 τῶν
682 2765 808 2801 χιλιάδων
818 2765 863 2792 τὸν
875 2764 938 2801 χρό-

166 2820 203 2840 νον
213 2812 258 2847 τῆς
274 2813 427 2845 συστάσεως
441 2813 490 2848 τῆς
509 2812 694 2848 Ἰερουσαλήμ.
731 2813 775 2839 Ἐν
795 2812 866 2843 ὅλοις
883 2811 937 2846 γὰρ

1028 2577 1111 2606 Vens.
1120 2577 1163 2604 11.
1174 2577 1244 2610 Quia
1258 2576 1350 2603 melior
1362 2581 1399 2602 est
1413 2575 1469 2602 dies
1481 2575 1568 2601 unain
1582 2573 1660 2600 atriis
1670 2573 1723 2600 tuis
1738 2581 1785 2600 stt-

990 2633 1037 2660 per
1047 2625 1144 2651 millia.
1167 2623 1254 2651 Unam
1270 2622 1318 2650 Dei
1333 2621 1502 2658 praesentiae.
1530 2621 1556 2648 id
1573 2624 1633 2653 est,
1657 2627 1784 2647 resurre-

991 2670 1091 2698 ctionis
1106 2677 1139 2697 ex
1153 2668 1270 2696 mortuis
1284 2668 1356 2696 diem
1368 2687 1375 2701 ,
1388 2667 1430 2695 vel
1446 2667 1567 2695 millibus
1584 2666 1681 2693 diebus
1695 2664 1782 2693 multo

992 2718 1132 2745 meliorem
1149 2721 1176 2744 et
1190 2715 1415 2752 praestabiliorem
1435 2722 1497 2743 esse
1517 2713 1668 2741 arbitratur
1696 2712 1720 2740 is
1735 2713 1781 2748 qui

992 2764 1127 2799 psalmum
1143 2762 1216 2790 hunc
1230 2762 1345 2798 profert.
1363 2761 1413 2789 Illo
1436 2764 1527 2788 autem
1543 2759 1697 2787 millcnario
1714 2764 1789 2795 puto.

992 2810 1161 2838 subiudicari
1173 2814 1291 2845 tempus,
1304 2815 1359 2844 quo
1379 2807 1549 2842 Jerosolyma
1564 2805 1705 2834 substitit:
1718 2812 1784 2839 nun

198 2889 214 2905 ³³
231 2889 299 2918 Psal.
321 2898 417 2925 tum,
435 2892 450 2918 6
500 2891 521 2907 ³⁵
542 2891 626 2924 ibid.,
649 2891 672 2918 i.
712 2892 733 2908 ³⁵
751 2890 824 2919 Psal.
844 2897 924 2925 ιιι»,

1008 2890 1029 2905 ³⁵
1047 2888 1115 2918 Gen.
1134 2895 1225 2922 xuii,
1242 2887 1287 2916 28.
1328 2887 1350 2904 ⁸⁷
1371 2886 1436 2915 ibid.
1456 2886 1500 2913 50.
