3972 6812
499 396 638 456 1015

1244 395 1510 452 EUSEBII
1549 392 2030 454 CAESARIENSIS
2060 391 2212 450 OPP.
2252 390 2434 455 PARS
2469 390 3044 452 Ill.—EXEGETICA.

494 517 628 574 totis
670 515 816 570 mille
864 518 1024 569 annis
1071 515 1330 586 templum
1381 515 1502 584 ejus
1553 514 1802 582 duravit;
1851 484 2072 570 totidem

2179 511 2369 584 χιλίοις
2400 512 2544 566 ἔτεσι
2575 509 2866 584 συνέστηὸ
2902 516 2960 568 ἐν
2987 513 3124 586 αὐτῇ
3167 514 3329 580 νεὼςο
3362 515 3654 570 τοσαῦτα
3709 520 3826 590 73:;

495 609 699 680 quippe
728 613 1090 662 numerantur
1120 621 1152 660 a
1197 606 1382 676 templi
1417 604 1728 677 Salomonis
1757 604 2076 662 fundatione

494 715 671 771 usque
713 699 780 754 ad
831 698 1132 754 Salvatoris
1168 700 1343 753 nosu'i
1382 698 1698 760 adventum.
1748 702 1896 766 Quos
1945 698 2075 755 item

493 790 729 846 indicari
769 799 904 861 puto
947 790 1003 844 in
1042 805 1243 844 Luxu:
1272 791 1484 859 psalmo
1508 829 1523 854 ,
1579 791 1673 860 qui
1715 790 2074 855 inscribitur,

498 881 688 936 Oratio
721 880 963 952 Moysis;
996 881 1050 935 in
1084 881 1444 952 sequentibus
1472 881 1681 952 quippe
1708 882 1837 939 haec
1865 882 2028 937 habet
2057 901 2070 945 ;

499 966 762 1040 Quoniam
795 973 938 1028 mille
966 976 1094 1028 anni
1119 985 1240 1032 ante
1270 975 1450 1030 oculos
1481 985 1598 1031 tuos
1619 1015 1634 1039 ,
1684 986 1936 1046 tanquam
1963 974 2075 1036 dies

493 1063 740 1120 hesterna
766 1078 882 1135 quw
907 1066 1194 1134 prwteriit,
1233 1073 1282 1120 et
1313 1066 1556 1122 custodia
1585 1067 1639 1120 in
1667 1075 1835 1121 nacta.
1869 1063 2076 1134 Hujus-

493 1156 642 1211 modi
677 1159 860 1228 itaque
889 1156 1197 1213 millenario
1227 1157 1310 1212 vel
1344 1173 1453 1213 una
1490 1158 1610 1214 dies
1651 1156 2076 1214 resurrectionis

497 1246 799 1304 Salvator‘is
830 1250 1004 1306 nostri
1040 1265 1107 1305 ex
1145 1251 1380 1308 mortuis
1411 1249 1776 1323 praeponenda
1797 1291 1812 1316 ,
1851 1257 1906 1304 et
1939 1263 2077 1319 pre—

495 1341 694 1395 tiosior
725 1341 914 1397 haberi
941 1341 1104 1400 debet
1167 1343 1231 1400 ei”
1276 1344 1369 1414 qui
1403 1330 1648 1414 ejusdem
1691 1357 1880 1397 amore
1921 1341 2077 1396 duci-

495 1439 608 1488 tur.
641 1431 823 1498 Quare
853 1434 1146 1490 adventum
1169 1442 1445 1490 maturare
1471 1449 1631 1490 suum
1660 1441 1818 1505 rogat
1845 1431 2072 1488 dicens:

494 1522 706 1592 Aspice,
745 1525 916 1590 Deus,
951 1535 1001 1580 et
1033 1527 1231 1596 respice
1261 1528 1316 1580 in
1348 1526 1541 1596 faciem
1569 1525 1770 1582 Christi
1803 1527 1913 1591 tui,
1945 1541 2077 1596 quo-

494 1615 858 1693 niammelior
883 1626 961 1672 est
995 1617 1106 1672 dies
1131 1635 1238 1686 una
1264 1620 1318 1674 in
1357 1619 1510 1675 atriis
1543 1619 1647 1678 tuis
1677 1633 1836 1688 super
1878 1617 2072 1673 millia.

492 1703 683 1776 Neque
712 1724 844 1762 vero
867 1709 1038 1764 millia
1094 1710 1183 1765 hic
1237 1710 1523 1781 pluraliter
1555 1709 1876 1784 accipienda
1923 1718 2074 1764 sunt.

2173 601 2242 677 ἦν
2259 606 2328 660 τὰ
2353 605 2460 658 ἀπὸ
2477 607 2577 677 τῆς
2595 605 2936 677 Σολομῶντος
2963 607 3309 678 κατασκευῆς
3320 608 3415 661 τοῦ
3447 608 3612 664 ναοῦ
3633 611 3828 682 μέχρι

2173 697 2273 768 τῆς
2294 694 2390 749 τοῦ
2413 696 2663 768 Σωτῆρος
2683 699 2716 770 ἡ
2725 697 2840 768 μῶν
2862 700 3185 770 παρουσίας,
3212 699 3248 755 ἃ
3270 702 3363 755 καὶ
3383 697 3556 766 αὖθις
3583 701 3828 773 δηλοῖ)-

2178 787 2302 840 σθαι
2329 786 2567 858 ἠγοῦμαι
2599 786 2683 841 διὰ
2709 787 2804 841 τοῦ
2838 788 2936 844 πθ¹
2961 787 3178 862 ψαλμοῦ
3198 830 3212 856 ,
3255 790 3314 855 ὃς
3345 792 3826 862 ἐπιγέγραπται

2179 877 2299 955 μὲν,
2318 877 2634 947 Προσευχὴ
2650 877 2964 945 Μωῦσέως,
2993 880 3128 951 φησὶ
3155 881 3248 934 καὶ
3263 881 3494 953 προῖὼν,
3524 882 3694 935 Ὁτι
3725 887 3824 951 κί’-ι

2173 973 2278 1024 λια
2311 969 2416 1038 ἐτη
2456 970 2526 1023 ἐν
2566 970 2893 1040 ὀφθαλμοῖς
2920 987 3038 1026 σου
3064 971 3209 1026 ὡσεί
3243 972 3436 1043 ἡμέρα
3471 975 3518 1042 ἡ
3565 973 3820 1044 ἐχθὲς,

3669 401 3830 456 101$

2175 1061 2310 1130 ἣτις
2339 1061 2566 1132 διῆλθε,
2601 1063 2700 1117 καὶ
2727 1063 2971 1133 φυλακὴ
2991 1065 3061 1118 ἐν
3083 1067 3281 1120 νυκτί.
3315 1066 3424 1140 Τῆς
3451 1063 3558 1121 οὖν
3603 1066 3822 1138 χιλεὰ-
3936 1119 3937 1122 η

2175 1156 2265 1220 δος
2293 1157 2508 1229 ἐκείνης
2537 1159 2569 1230 ἠ
2604 1157 2702 1228 μία
2727 1157 2912 1232 ἡμέρα
2939 1158 3039 1231 τῆς
3070 1160 3134 1212 ἐκ
3169 1159 3375 1232 νεκρῶν
3400 1160 3820 1224 ἀναστάσεως

2174 1247 2269 1302 τοῦ
2287 1249 2537 1321 Σωτῆρος
2553 1249 2708 1320 ἡμῶν
2730 1251 3028 1323 προκριτέα
3046 1253 3138 1305 καὶ
3158 1253 3548 1326 προτιμοτέρα
3566 1257 3818 1324 τυγχά-

2176 1357 2256 1396 νει
2280 1341 2357 1412 τῷ
2385 1340 2590 1414 ταύτης
2620 1341 2932 1416 ὲπιθυμητῇ
2966 1344 3262 1416 γενομένῳ.
3293 1345 3385 1398 Διὸ
3409 1345 3678 1417 εὗχεται
3709 1364 3814 1400 τα-

2175 1432 2335 1504 χῦναι
2356 1433 2457 1505 τὴν
2477 1434 2780 1506 παρουσίαν
2803 1435 2968 1490 αὐτοῦ
2995 1436 3197 1505 λέγων·
3241 1437 3374 1502 Ἰδὲ,
3404 1441 3437 1493 ὁ
3461 1439 3665 1504 Θεὸς,
3701 1440 3810 1490 καὶ

2175 1525 2510 1594 ὲπίόλεψον
2537 1528 2625 1594 είς
2650 1525 2714 1580 τὸ
2737 1530 3064 1596 πρόσωπον
3083 1528 3190 1583 τοῦ
3213 1528 3477 1598 Χριστοῦ
3501 1547 3674 1594 σου,
3714 1530 3808 1584 ἔτι

2176 1615 2479 1686 κρείσσων
2503 1618 2697 1689 ἡμέρα
2725 1621 2835 1690 μία
2853 1621 2925 1674 ἐν
2945 1620 3074 1688 ταῖς
3100 1621 3314 1688 αὐλαῖς
3335 1635 3454 1681 σου
3481 1622 3670 1691 ὑπὲρ
3711 1641 3808 1690 χι-

2175 1708 2409 1778 λιάδας.
2469 1710 2544 1765 Οὐ
2588 1711 2804 1776 πάντως
2830 1711 2886 1766 δὲ
2918 1711 3294 1783 πληθυντικῶς
3321 1714 3646 1768 ἀκουστέον
3681 1714 3808 1766 τῶν

493 1799 632 1852 Nam
671 1799 815 1871 apud
844 1800 1102 1859 Hebraeos
1134 1802 1247 1859 haec
1270 1818 1376 1859 vox
1401 1803 1690 1858 millenare
1708 1817 1882 1858 unum
1909 1802 2078 1874 signi-

2180 1799 2466 1872 χιλιάδωνο
2499 1801 2649 1874 παρὰ
2674 1802 2784 1876 γὰρ
2822 1802 3090 1874 Ἑϐραίοις
3111 1801 3250 1876 αὕτη
3283 1806 3316 1875 ἡ
3349 1803 3494 1871 λέξις
3521 1804 3680 1875 μίαν
3715 1823 3806 1875 χι»

493 1888 622 1944 licat
647 1930 671 1955 ,.
706 1861 772 1946 ut
801 1894 1000 1964 cuique
1050 1881 1425 1966 consideranti
1458 1894 1637 1964 palam
1669 1893 1796 1949 erit.
1831 1892 1900 1952 Et
1945 1861 2076 1964 quia

2357 1861 2632 1966 σημαίνει,
2651 1861 2728 1959 ῶς
2748 1861 3008 1967 navabat};
3026 1861 3378 1968 interﬁcitur:
3600 1861 3802 1952 Ecl-3r.

493 1988 613 2045 dies
647 2002 754 2042 una
786 1987 840 2040 in
871 1987 1026 2042 atriis
1055 2002 1152 2057 per
1179 1993 1356 2044 totum
1383 1986 1570 2042 orbem
1601 1987 1656 2041 in
1687 1985 1926 2046 adventu
1957 1985 2076 2054 Dei,

493 2080 1038 2160 qui'pramuntiatur,
1079 2078 1322 2135 fundatis
1347 2119 1362 2142 ,
1383 2076 1753 2148 praestantior
1782 2084 1868 2132 est
1913 2077 2080 2131 milli-

493 2174 629 2241 bus;
661 2168 1085 2244 Video-superius
1121 2188 1341 2243 quoque
1364 2171 1619 2230 dicebat:
1663 2170 1997 2241 Concupiscit
2026 2179 2077 2228 et

496 2265 676 2335 deﬁcit
702 2267 882 2318 anima
909 2282 1025 2320 mea
1056 2265 1108 2318 in
1149 2265 1294 2318 atria
1343 2262 1578 2323 Domini.
1614 2262 1682 2318 Et
1722 2278 1920 2320 rursus
1947 2263 2077 2335 quia

478 2357 606 2428 ‘jam
631 2371 794 2428 supra
822 2358 1054 2421 dixerat,
1077 2357 1228 2414 Beati
1248 2357 1338 2424 qui
1359 2356 1601 2411 habitant
1625 2357 1682 2410 in
1710 2355 1866 2416 domo
1883 2365 1996 2422 tua,
2020 2357 2078 2412 in

493 2450 693 2504 sarcula
717 2451 1031 2504 satculorum
1067 2430 1361 2504 laudabunt
1409 2459 1496 2506 te:
1547 2449 1634 2504 his
1664 2449 1823 2504 [idem
1870 2448 2078 2504 habens

494 2555 558 2594 ac
582 2556 772 2595 verum
796 2556 920 2596 esse
951 2541 1160 2596 dictum
1196 2537 1510 2610 hujusmodi
1544 2554 1838 2610 persuasus
1857 2578 1874 2603 ,
1912 2554 1978 2595 ea
2009 2540 2077 2595 de

493 2647 662 2688 causa
693 2633 816 2688 dico
844 2654 858 2688 :
895 2633 1044 2704 Elegi
1066 2633 1302 2703 abjeotus
1329 2650 1441 2688 esse
1460 2634 1515 2690 in
1536 2633 1692 2688 domo
1715 2632 1814 2689 Dei
1839 2634 1942 2687 mei
1963 2649 2079 2687 ma-

492 2725 611 2794 gis;
645 2732 713 2792 ut
740 2725 796 2780 in
820 2726 984 2780 domo
1014 2725 1106 2782 Dei
1141 2722 1455 2782 censistens
1508 2725 1565 2779 in
1615 2724 1818 2780 saecula
1850 2724 2078 2780 saeculo-

411 2839 413 2843 ί
492 2832 618 2874 rum
653 2817 822 2874 Deum
866 2819 1092 2890 laudare
1129 2820 1361 2875 valeam.
1401 2816 1506 2874 Sed
1535 2819 1700 2874 etiam
1737 2818 1881 2875 sicut
1928 2819 2076 2874 diem

492 2924 659 2963 unam
683 2910 924 2966 millibus
951 2900 1218 2989 antetuli‘,
1251 2911 1325 2970 ita
1353 2919 1407 2966 et
1435 2911 1656 2966 domum
1683 2909 1800 2978 Dei,
1826 2925 1946 2981 quae
1993 2918 2078 2966 est

494 3001 742 3086 Ecclesia
777 2999 873 3058 Dei
935 3003 1170 3064 viventis
1196 3043 1211 3068 ,
1265 3004 1522 3058 Columna
1573 3010 1629 3058 et
1662 3001 2075 3058 fundamentum

488 3093 760 3156 veritatis,
784 3095 969 3165 potius
999 3094 1160 3165 elegi,
1190 3108 1354 3166 quam
1394 3093 1644 3149 habitare
1671 3094 1729 3150 in
1759 3095 1947 3150 multis
1993 3103 2079 3149 ta-

489 3185 808 3242 bernaculis
830 3196 1205 3258 peccatorum.
1257 3184 1392 3244 Nam
1439 3185 1543 3257 ipsi
1577 3201 1794 3256 quoque
1822 3193 2078 3256 peccato-

403 3299 405 3301 ί
493 3292 584 3332 res
616 3278 670 3332 in
701 3279 938 3349 speciem
964 3279 1448 3336 tabernaculorum
1476 3276 1572 3332 Dei
1602 3293 1724 3334 sese
1751 3292 2078 3350 composue-

491 3379 623 3424 runt
651 3389 664 3426 :
717 3353 1195 3426 sed‘tabernacula
1227 3369 1344 3434 Dei,
1369 3370 1656 3438 amabilia;
1704 3376 2074 3441 peccatorum,

489 3462 619 3524 odio
649 3461 814 3532 digna
845 3471 994 3518 sunt.
1029 3492 1100 3504 —
1131 3461 1316 3519 Vens.
1353 3462 1442 3522 12.
1485 3462 1624 3529 Quia
1655 3461 2077 3516 misericordiam

489 3565 540 3608 et
573 3546 842 3614 veritatem
887 3553 1062 3624 diligit
1098 3553 1352 3610 Dominus
1395 3554 1533 3612 Deus
1555 3596 1570 3622 ,
1601 3556 1838 3633 gratiam
1877 3565 1928 3609 et
1963 3554 2083 3625 glo-

491 3645 632 3698 riam
667 3642 816 3697 dabit
853 3642 1132 3702 Dominus.
1184 3643 1288 3698 Pro
1337 3645 1452 3709 illo,
1480 3645 1620 3712 Quia
1656 3645 2077 3700 misericordiam

490 3745 542 3790 et
567 3736 1043 3808 veritatemdiligit
1073 3736 1358 3802 Dominus,
1375 3736 1753 3808 Aquila,rQuia
1773 3737 2077 3794 misericor-

491 3829 584 3883 dia
605 3838 654 3883 et
677 3829 890 3900 clypeus
923 3817 1182 3886 Dominus
1223 3829 1364 3886 Deus
1380 3845 1400 3894 ;
1451 3830 1646 3901 quinta
1696 3845 1828 3884 vero
1872 3832 2075 3896 editio,

494 3921 635 3988 Quia
662 3921 746 3976 sol
781 3930 833 3976 et
867 3930 1135 3991 protector
1178 3920 1439 3975 Dominus
1488 3920 1664 3986 Deus;
1705 3919 2077 3992 Symmachus

492 4015 770 4080 similiter,
797 4005 940 4081 Quia
969 4014 1072 4078 sol,
1099 4013 1258 4070 dixit.
1282 4012 1411 4070 Ideo
1434 4029 1691 4085 namque,
1729 4013 1824 4080 ait,
1851 4030 1959 4070 una
1986 4015 2078 4072 illa

491 4107 609 4162 dies
641 4108 883 4163 millibus
913 4107 1106 4164 melior
1129 4115 1234 4170 est,
1266 4107 1394 4178 quia
1419 4105 1686 4164 Dominus
1706 4105 1804 4164 Dei
1840 4107 2078 4163 Verbum

493 4201 602 4257 diei
635 4201 783 4256 illius
831 4200 914 4256 sol
955 4207 1059 4255 est.
1110 4195 1268 4254 Hunc
1313 4188 1446 4253 vero
1480 4199 1650 4254 solem
1681 4201 1945 4270 propheta
1993 4200 2079 4256 his

493 4295 676 4350 verbis
709 4291 1116 4349 subindicavit:
1173 4290 1500 4347 Timentibus
1549 4302 1726 4347 autem
1761 4309 1838 4346 me
1880 4294 2081 4351 orietur

492 4387 588 4441 Sol
622 4385 890 4455 justitice,
927 4394 976 4438 et
1011 4383 1214 4438 medela
1247 4386 1301 4437 in
1330 4384 1430 4438 alis
1469 4385 1584 4454 ejus
1618 4383 1683 4438 ³⁸.
1727 4383 1864 4438 Eum
1902 4387 2079 4456 ipsum

489 4477 830 4548 signiﬁcabat
849 4475 942 4546 qui
974 4475 1150 4530 dixit:
1186 4475 1255 4530 Et
1287 4474 1588 4534 occidetsol
1612 4491 1770 4546 super
1797 4477 2077 4546 prophetas

2176 1987 2288 2048 Καὶ
2331 1986 2698 2060 ὲπειδήπερή
2747 1988 2844 2059 μία
2881 1987 3064 2061 ἡμέρα
3099 1991 3468 2062 προτιμοτέρα
3513 1992 3650 2044 ἐπὶ
3693 1992 3806 2062 τῆς

2175 2077 2410 2150 χιλιάδος
2429 2079 2488 2131 ἐν
2505 2079 2628 2143 ταῖς
2647 2077 2837 2142 αὐλαῖς
2858 2082 2978 2143 ταῖς
3000 2078 3121 2134 καθ’
3139 2079 3268 2152 ὅλης
3289 2080 3387 2152 τῆς
3405 2081 3570 2137 οίκου
3579 2080 3800 2152 μένης,

2174 2169 2263 2224 διὰ
2295 2169 2396 2245 τῆς
2433 2168 2751 2240 θεοφανείας
2778 2169 2872 2225 τοῦ
2904 2173 3384 2244 προφητεύομένου
3414 2171 3585 2236 Θεοῦ,
3635 2173 3804 2243 ἱδρυ-

2175 2262 2416 2328 θείσαις·
2474 2262 2562 2318 διὰ
2601 2268 2759 2322 τοῦτο
2791 2265 2885 2318 καὶ
2914 2265 3172 2338 ἀνωτέρω
3198 2265 3408 2336 ἐλεγενο
3459 2268 3810 2322 Batarnas?

2174 2357 2274 2415 καί
2290 2357 2554 2414 ἐκλείπει
2571 2357 2610 2424 ἠ
2626 2355 2795 2427 ψυχή
2809 2375 2930 2434 μου
2945 2358 3034 2424 είς
3051 2356 3160 2424 τὰς
3177 2357 3370 2425 αὐλὰς
3386 2358 3498 2420 τοῦ
3509 2360 3794 2427 Κυρίου.

2175 2449 2287 2503 Καὶ
2314 2448 2478 2503 πάλιν
2509 2448 2814 2521 ἐπειδήπερ
2856 2449 3112 2521 ἀνωτέρω
3143 2448 3295 2519 ελεγε
3321 2451 3382 2504 τὸ
3400 2489 3414 2514 ,
3467 2449 3798 2519 Μακάριοι

2175 2543 2230 2596 oi
2259 2541 2679 2608 κατοικοῦντες
2702 2542 2774 2596 ἐν
2799 2539 2880 2608 τῷ
2899 2541 3046 2609 οίκφ
3073 2556 3191 2596 σου
3211 2581 3227 2607 ,
3252 2543 3340 2608 είς
3364 2541 3509 2610 τοὺς
3536 2541 3796 2608 αἰῶνας

2175 2631 2295 2690 τῶν
2311 2633 2539 2689 alti)er
2553 2633 2870 2688 αὶνέσουσί
2889 2649 2964 2688 σε
2981 2650 2995 2666 ·
3015 2633 3187 2704 τούτῳ
3205 2633 3478 2689 πιστεύων
3498 2635 3604 2687 καὶ
3620 2635 3792 2703 ἀκρι-

2176 2725 2287 2788 6ὦς
2333 2726 2696 2797 πεπεισμένος
2727 2725 2898 2796 ἀληθῆ
2933 2721 3072 2780 εἶναι
3108 2725 3200 2779 τὸν
3237 2724 3393 2794 λόγον
3412 2765 3426 2790 ,
3470 2725 3562 2778 διὰ
3609 2725 3789 2779 τοῦτο

2177 2835 2353 2890 φημι·
2402 2816 2810 2888 Ἐξελεξάμην
2834 2816 3362 2886 παραρῤιπτεῖσθαι
3387 2818 3458 2871 ἐν
3500 2815 3588 2884 τῷ
3627 2818 3788 2882 οἴκῳ

2176 2909 2283 2964 τοῦ
2312 2908 2459 2964 Θεοῦ
2475 2927 2595 2979 μου
2626 2909 2869 2979 μᾶλλον
2887 2926 2904 2942 ο
2941 2909 3006 2964 ἵν’
3029 2912 3087 2966 ὲν
3117 2908 3196 2981 τῷ
3219 2910 3354 2982 οίκῳ
3378 2908 3472 2962 τοῦ
3496 2908 3648 2962 Θεοῦ
3672 2909 3781 2974 ὢν,

2176 2999 2418 3070 δύνωμαι
2451 3001 2531 3063 είς
2557 3002 2682 3064 τοὺς
2700 2999 2902 3064 αἰῶνας
2927 2999 3037 3054 τῶν
3061 2998 3271 3056 αίὼνων
3293 3001 3462 3054 αἰνεῖν
3489 2999 3582 3053 τὸν
3607 2999 3774 3053 Θεόν,

2177 3092 2394 3146 Μᾶλλον
2424 3093 2480 3146 δὲ
2507 3091 2835 3163 ἐξελεξάμην
2867 3091 3054 3164 ὥσπερ
3086 3091 3187 3166 τὴν
3219 3091 3350 3163 μίαν
3375 3091 3595 3166 ἡμέραν
3623 3091 3780 3163 ὑπὲρ

2102 3225 2146 3284 C
2179 3185 2280 3252 τὴν
2331 3183 2546 3255 χιλιάδα
2567 3223 2584 3247 ,
2615 3183 2758 3238 οὕτω
2809 3183 2900 3237 τὸν
2941 3179 3088 3238 οἷκον
3119 3181 3216 3237 τοῦ
3245 3183 3379 3238 Θεοῦ
3401 3223 3415 3250 ,
3453 3185 3577 3256 ἥτις
3613 3185 3776 3236 ἐστὶν

2191 3275 2486 3348 Ἐκκλησία
2505 3276 2636 3330 Θεοῦ
2655 3276 2876 3342 ζῶντος,
2901 3275 3090 3340 στῦλος
3104 3278 3200 3332 καὶ¹
3215 3275 3498 3352 ἑδραίωμα
3512 3275 3618 3348 τῆς
3633 3276 3777 3348 alr,-

2181 3368 2332 3432 Θείας
2355 3410 2370 3434 ,
2417 3369 2626 3440 μᾶλλον
2669 3369 2700 3440 ἦ
2745 3371 2912 3424 οἰκεῖν
2949 3371 3008 3431 ὲν
3048 3368 3263 3433 πολλοῖς
3298 3371 3626 3440 σκηνώμασι
3657 3369 3774 3422 τῶν

2178 3462 2537 3533 ἁμαρτωλῶν.
2598 3463 2906 3532 Μιμήματα
2940 3461 3048 3532 γὰρ
3098 3460 3209 3514 τῶν
3254 3462 3628 3533 σκηνωμάτων
3671 3461 3768 3515 τοῦ

2179 3538 2314 3607 Θεοῦ
2342 3570 2435 3607 και
2460 3555 2508 3607 οἱ
2541 3553 2850 3624 ἁμαρτωλοὶ
2877 3554 3104 3620 ἑαυτοὺς
3131 3553 3542 3608 κατεσκεύασαν
3561 3571 3576 3584 ·
3623 3554 3768 3608 ἀλλὰ

2179 3644 2247 3698 τὰ
2281 3643 2380 3715 μὲν
2417 3644 2509 3698 τοῦ
2538 3643 2674 3698 Θεοῦ
2701 3645 2962 3718 ἀγαπητά
2987 3647 3242 3718 τυγχάνει
3267 3686 3282 3710 ,
3319 3647 3509 3717 μίσους
3540 3646 3598 3700 δὲ
3631 3647 3764 3713 ἄξια

2177 3735 2248 3789 τὰ
2265 3735 2375 3790 τῶν
2400 3735 2756 3807 ἁμαρτωλῶν.
2789 3737 2911 3792 ’Ότι
2927 3738 3100 3804 ἕλεος
3121 3737 3220 3795 καί
3243 3737 3533 3806 ἀλήθειαν
3556 3737 3761 3808 ἀγαπᾷ

2179 3828 2394 3896 Κύριος
2435 3830 2468 3881 ὁ
2507 3827 2683 3900 Θεὸς,
2720 3827 2898 3897 χάριν
2925 3829 3024 3884 καί
3069 3829 3256 3894 δόξαν
3298 3827 3476 3884 δώσει
3515 3830 3755 3898 Κύριος.

2192 3920 2337 3980 Ἀντὶ
2359 3919 2475 3986 τοῦ,
2507 3920 2636 3974 Ὅτι
2660 3921 2838 3976 ἔλεον
2865 3923 2962 3976 καί
2984 3922 3272 3989 ἀλήθειαν
3291 3920 3491 3991 ἀγαπᾷ
3516 3921 3755 3992 Κύριος,

2179 4013 2208 4064 6
2249 4013 2476 4076 Ἀκύλας
2509 4015 2704 4085 φησὶν,
2736 4015 2856 4067 Ὅτι
2892 4013 3065 4082 ἕλεος
3103 4015 3203 4071 καί
3235 4015 3444 4083 θυρεὸς
3475 4017 3692 4084 Κύριος
3723 4021 3758 4071 d

2183 4105 2324 4170 Θεός
2343 4122 2355 4134 ’
2394 4106 2488 4159 καὶ
2519 4108 2550 4176 ἠ
2582 4105 2806 4179 πέμπτη
2836 4106 3080 4172 ἐκδοσις,
3117 4109 3247 4164 Ὀτι
3291 4107 3462 4175 ἣλιος
3491 4108 3588 4162 καὶ
3614 4125 3755 4163 σκε-

2181 4195 2421 4266 παστὴς
2445 4198 2660 4266 Κύριος
2689 4201 2722 4253 ὁ
2751 4199 2895 4264 Θεός
2913 4215 2926 4228 ο
2958 4197 3053 4252 καὶ
3083 4201 3112 4252 6
3137 4197 3432 4270 Σύμμαχος
3461 4199 3518 4252 δὲ
3548 4197 3754 4264 τούτοις

2182 4289 2523 4360 συμφώνως,
2558 4291 2686 4344 Ὅτι
2705 4290 2883 4357 ἥλιον
2918 4291 3015 4362 (l),
3050 4289 3442 4362 ὠνόμασε.Διὰ
3456 4289 3747 4362 τοῦτογὰρ,

2183 4379 2349 4450 φησὶν
2367 4421 2382 4445 ,
2411 4380 2594 4452 ἐκείνη
2629 4382 2663 4452 ἡ
2701 4381 2800 4452 μία
2830 4381 3014 4453 ἡμέρα
3041 4381 3310 4454 κρείσσων
3337 4382 3454 4434 ἐστὶ
3483 4381 3747 4452 χιλιάδων,

2183 4473 2480 4546 ἐπειδήπερ
2526 4473 2687 4538 αὐτὸς
2724 4476 2752 4527 6
2790 4473 2992 4544 Κύριος
3032 4475 3061 4526 6
3099 4473 3192 4526 τοῦ
3228 4473 3362 4526 Θεοῦ
3395 4474 3564 4542 Λόγος
3605 4475 3745 4544 ἥλιος

488 4570 579 4639 qui
609 4583 792 4623 errare
843 4568 1049 4638 faciunt
1075 4567 1330 4638 populum
1373 4583 1546 4624 meum
1573 4567 1652 4634 '9;
1684 4569 1948 4640 [apertius
1978 4585 2079 4623 au-

2184 4567 2440 4638 τυγχάνει
2473 4567 2574 4640 τῆς
2606 4567 2819 4639 ἡμέρας
2844 4567 3076 4640 ἐκείνης.
3131 4567 3332 4626 Τοῦτον
3356 4566 3414 4620 δὲ
3447 4569 3540 4622 καὶ
3567 4569 3594 4621 6
3616 4585 3746 4639 προ-

487 4671 598 4714 tem
627 4661 833 4724 Isaias,
854 4658 977 4714 Non
1007 4661 1111 4715 erit
1145 4659 1241 4713 tibi
1295 4659 1376 4714 sol
1404 4660 1459 4712 in
1487 4650 1653 4714 lucem
1687 4659 1824 4723 diei,
1868 4660 2078 4729 inquit,

487 4752 578 4817 sed
607 4753 710 4807 erit
742 4754 838 4808 tibi
870 4753 1126 4814 Dominus
1154 4754 1249 4808 lita:
1284 4754 1626 4822 sempiterna,
1657 4762 1708 4808 et
1744 4752 1884 4808 Deus
1909 4754 2083 4824 gloria

490 4855 582 4900 tua
603 4846 670 4902 ’°.
707 4844 844 4901 Cum
871 4847 994 4903 talis
1029 4847 1112 4902 sol
1139 4845 1405 4902 Dominus
1435 4846 1550 4914 sit,
1591 4845 1828 4916 gratiam
1872 4852 1927 4899 et
1961 4845 2079 4916 glo-

487 4940 626 4994 riam
677 4954 742 4992 ac
783 4939 948 4995 etiam
983 4938 1115 5012 quid
1157 4939 1513 5010 praestantius
1541 4945 1596 4994 et
1629 4937 1856 5002 melius,
1911 4944 2078 5008 atque

489 5031 762 5086 ineliabile
815 5039 872 5086 et
908 5031 1270 5087 reconditum
1307 5031 1511 5086 bonum
1543 5030 1698 5084 dabit
1744 5029 1812 5084 iis
1844 5030 1937 5100 qui
1967 5044 2085 5084 am~

486 5123 678 5178 bulant
707 5125 761 5177 in
797 5123 1150 5191 innocentia;
1181 5123 1311 5179 sive
1354 5121 1655 5178 secundum
1698 5119 2084 5192 Symmachum

487 5215 678 5286 (Vens.
705 5216 812 5286 15),
838 5217 905 5270 iis
936 5217 1026 5286 qui
1059 5201 1336 5272 ambulant
1373 5215 1428 5270 in
1452 5214 1790 5284 perfectione.
1837 5212 1966 5272 Ideo
1995 5211 2081 5268 di-

486 5305 592 5360 ctis
637 5305 796 5361 ﬁdem
833 5305 1072 5370 habens,
1129 5319 1197 5360 ac
1236 5305 1408 5374 probe
1453 5319 1752 5376 persuasus
1809 5317 1934 5359 vera
1992 5302 2084 5356 illa

485 5413 631 5462 esse,
651 5399 733 5452 sic
755 5413 1066 5453 sermonem
1081 5398 1280 5453 claudo
1303 5417 1316 5452 :
1355 5397 1582 5452 Domine
1597 5397 1874 5462 virtutum,
1898 5395 2079 5450 beatus

486 5490 638 5545 homo
664 5490 758 5560 qui
783 5500 960 5560 sperat
991 5490 1048 5544 in
1085 5500 1152 5544 te.
1187 5488 1324 5545 Nam
1373 5490 1422 5545 si
1465 5489 1590 5562 quis
1623 5489 1784 5545 aliter
1821 5503 1853 5544 a
1896 5489 2081 5544 multis

485 5582 682 5644 beatus
714 5579 940 5652 dicitur;
983 5582 1088 5654 ipsi
1111 5597 1243 5638 sane
1281 5580 1418 5637 falsa
1448 5581 1730 5640 beatitudo
1763 5581 2078 5638 ascribitur.

2189 4659 2364 4728 φήτης
2396 4658 2485 4720 τὸν
2514 4658 2664 4727 ἥλιον
2689 4659 2934 4738 ᾐνίττετο
2959 4659 3166 4729 φήσας·
3225 4657 3354 4734 Τοῖς
3375 4657 3442 4712 δὲ
3469 4661 3742 4729 φοϐουμέ-

2189 4763 2318 4813 νοις
2327 4765 2404 4817 με
2420 4749 2602 4801 ἀνατε
2611 4748 2912 4816 Ἴιλεῖλιος
2935 4747 3324 4818 δικαιοσύνης
3339 4789 3354 4813 ,
3379 4749 3479 4805 καί
3510 4749 3656 4815 ἴασις
3673 4751 3744 4802 ἐν

2186 4840 2315 4905 ταῖς
2343 4839 2630 4912 πτέρυξιν
2661 4840 2868 4895 αὐτοῦ.
2897 4841 3000 4894 Τὸν
3024 4840 3186 4894 αὑτὸν
3205 4840 3262 4904 δὲ
3294 4840 3480 4913 ἐδήλου
3510 4840 3596 4895 καὶ
3621 4843 3647 4894 6
3674 4843 3743 4893 εί-

2187 4930 2324 4986 πών·
2348 4933 2458 4986 Καὶ
2483 4933 2729 4988 δνύσεται
2749 4934 2994 5005 δ’Ήλιος
3012 4933 3108 4986 ἐπὶ
3129 4933 3271 5000 τοὺς
3290 4933 3591 5004 προφήτας
3608 4933 3741 5000 τοὺς

2187 5025 2544 5092 πνίανὼντας
2564 5027 2669 5086 τὸν
2681 5028 2834 5080 λαόν
2849 5043 2996 5096 μου’
3022 5027 3351 5098 γυμνότερον
3369 5027 3427 5082 δὲ
3458 5029 3486 5081 6
3513 5027 3733 5090 Ἡσαΐας,

2181 5121 2304 5172 Οὐκ
2335 5119 2504 5173 ἔσται
2525 5135 2624 5173 σοι
2654 5122 2686 5172 ὀ
2716 5118 2889 5186 ἣλιος
2913 5122 2998 5185 είς
3022 5119 3148 5189 φῶς
3175 5119 3283 5188 τῆς
3310 5121 3551 5190 ἡμέρας,
3572 5122 3730 5191 φησὶν,

2186 5212 2324 5266 ἀλλ’
2359 5211 2531 5266 ἔσται
2569 5226 2669 5265 σοι
2711 5211 2928 5280 Κύριος
2957 5210 3084 5281 φῶς
3116 5212 3387 5280 αίὼνιον,
3422 5213 3520 5268 καὶ
3553 5217 3582 5267 ό
3607 5213 3732 5279 Θεὸς

2185 5303 2335 5368 δόξα
2361 5319 2500 5360 σου.
2530 5303 2778 5367 Τοιοῦτος
2801 5303 2858 5358 δὲ
2881 5303 3030 5375 ἥλιος
3061 5304 3135 5359 ὢν
3163 5307 3192 5358 ὁ
3222 5305 3443 5378 Κύριος,
3479 5307 3622 5378 χάριν
3649 5306 3730 5359 καὶ

2186 5395 2342 5462 δόξαν
2377 5396 2472 5448 καὶ
2500 5396 2582 5448 ἐτι
2623 5396 2810 5467 μεῖζον
2845 5398 2939 5450 καὶ
2971 5400 3218 5466 κρεῖττον
3240 5399 3527 5470 ,ἄρρητον
3560 5415 3610 5452 τε
3648 5398 3728 5452 καὶ

2187 5489 2498 5560 ἀπόρρητον
2537 5489 2741 5558 ἀγαθὸν
2783 5488 2942 5550 δώσει
2976 5494 3086 5556 τοῖς
3121 5491 3506 5564 πορευομένοις
3532 5494 3584 5547 ὲν
3610 5492 3721 5545 ἀκα-

2189 5582 2310 5654 κίᾳκ
2347 5583 2379 5654 ἢ
2416 5582 2556 5638 κατὰ
2587 5583 2678 5636 τὸν
2710 5581 3024 5662 Σύμμαχον,
3066 5585 3194 5653 Τοῖς
3217 5584 3537 5644 ὁδεύουσιν
3568 5585 3626 5648 ἐγ
3652 5599 3722 5644 τετυ

565 5741 610 5771 ³⁸
653 5739 884 5795 Mulach.
921 5755 998 5804 Iv,
1028 5739 1082 5792 2.
1163 5739 1208 5771 ³⁸
1248 5737 1417 5794 Mich.
1451 5749 1550 5802 Ill,
1589 5738 1642 5794 6.
1721 5740 1763 5772 ⁸ο
1808 5739 1909 5792 lsa.
1953 5754 2016 5791 ωε
2044 5779 2055 5800 ,
2097 5737 2180 5791 19.

573 5857 646 5932 (l)
690 5855 830 5914 Vera
862 5857 1025 5923 lectio
1055 5865 1137 5912 est
1170 5856 1378 5922 Ἥλιος,
1411 5861 1584 5922 ε’τεω.
