3972 6812
101 431 146 495 1
159 433 308 489 017
1305 432 1788 491 COMMENTARIA

1892 436 1912 491 ἰ
1951 437 2288 498 PSALMOS.
3355 450 3478 508 1018

0 609 8 640 ἶ
107 557 494 624 λειότητι.
547 552 646 607 Διά
686 553 842 608 τοῦτο
875 554 1142 611 πιστεύων
1173 557 1286 619 τοῖς
1313 557 1624 628 εἰρημένοις
1646 599 1660 624 ,
1703 558 1788 612 καί

1903 558 2032 625 Sed,
2059 571 2118 616 ut
2139 576 2268 617 vere
2301 559 2538 627 dicatur,
2572 564 2724 621 solus
2756 563 2848 620 ille
2873 565 3066 622 beatus
3091 567 3179 622 cui
3204 583 3371 639 supra
3395 571 3480 624 di-

0 729 6 734 δ
118 646 450 720 ἀκριϐῶς
480 647 718 717 ἐμαυτὸν
743 647 937 712 πείσας
961 647 1181 719 ἀληθεῖς
1208 643 1346 701 εἷναι
1374 649 1501 712 τοὺς
1528 649 1656 718 περὶ
1681 651 1788 704 τού-

1897 665 1984 709 cta
2025 661 2378 726 competunt,
2430 656 2700 728 siquidem
2756 658 2874 728 ipse
2909 661 3180 718 Omnibus
3237 662 3481 732 repletur

0 795 10 822 τ
122 757 274 792 των
337 739 592 809 λόγους,
628 738 782 804 τέλος
815 739 908 793 τοῦ
961 739 1162 803 παντὸς
1192 739 1352 810 λόγου
1387 741 1554 812 φημί·
1616 743 1788 811 Κύριε

1895 742 2078 807 bonis,
2098 745 2192 815 qui
2225 760 2346 801 sese
2377 745 2471 800 tibi
2497 746 2600 802 soli
2622 749 2984 814 concredidit,
3021 758 3301 822 totamque
3324 768 3477 823 spem

130 829 295 884 τῶν
336 830 676 900 δυνάμεων
699 871 714 896 ,
749 830 1042 901 μακάριος
1082 834 1116 884 ό
1152 829 1461 900 ἄνθρωπος
1487 835 1519 886 ό
1543 832 1788 893 ἐλπίζων

1895 834 1953 889 in
1983 835 2268 904 promissis
2309 837 2418 894 tuis
2447 838 2722 909 deposuit.
2753 841 2891 896 Cum
2944 858 3108 912 porro
3139 844 3194 898 in
3223 845 3478 914 praesenti

133 924 266 978 ἐπὶ
300 924 419 980 σέ.
477 926 593 989 Πᾶς
622 924 732 996 γὰρ
759 926 787 977 ὁ
809 923 984 987 ἄλλως
1009 923 1159 996 παρά
1190 927 1302 989 τοῖς
1327 925 1539 989 πολλοῖς
1568 919 1788 998 μακαρι-

1895 925 2108 994 psalmo
2136 925 2248 996 jam
2288 929 2450 984 tertio
2482 930 2626 986 beati
2657 933 2938 1002 praedicati
2964 933 3166 989 fuerint
3196 935 3231 988 ii
3265 936 3333 991 de
3354 937 3480 1006 qui-

139 1016 430 1089 ξάμενος
464 1017 898 1090 πεπλανημένως
921 1017 987 1073 ἂν
1019 1018 1393 1090 μακαρίζοιτο.
1431 1020 1607 1083 Μόνος
1637 1017 1715 1085 δὲ,
1744 1019 1788 1072 εἰ

1895 1017 1998 1073 lius
2027 1033 2229 1084 sermo,
2259 1022 2410 1076 nulla
2445 1021 2687 1080 Iudaica:
2726 1027 2905 1097 gentis
2939 1029 3022 1082 vel
3066 1025 3283 1083 lsraelis
3333 1028 3476 1083 facta

142 1109 280 1184 χρὴ
323 1109 556 1183 τάληθῆ
600 1110 798 1181 φάναι,
837 1110 1104 1182 μακάριος
1136 1109 1225 1164 διά
1268 1110 1336 1166 τὰ
1366 1111 1788 1184 προλελεγμένα,

1895 1109 2102 1165 mentio
2133 1119 2250 1178 est;
2292 1125 2474 1184 neque
2501 1115 2667 1170 etiam
2702 1131 2798 1172 eos
2827 1119 2922 1188 qui
2971 1128 3244 1190 praecepta
3275 1118 3480 1192 Moysis

141 1201 243 1264 ὡς
283 1200 368 1255 ἂν
403 1201 632 1254 πάντων
664 1200 770 1254 τῶν
802 1199 1021 1269 ἀγαθῶν
1048 1199 1300 1273 ἐμπλεος,
1335 1201 1363 1255 ὃ
1391 1217 1472 1255 σοι
1503 1201 1648 1277 μόνῳ
1676 1203 1788 1254 ἐαυ‹

1893 1204 2138 1258 exsecuti
2176 1211 2304 1261 sunt
2327 1205 2516 1262 beatos
2547 1209 2902 1278 praedicavit:
2947 1210 3042 1266 sed
3077 1211 3258 1281 primo
3309 1227 3476 1283 gene-

146 1291 263 1354 τδν
301 1292 670 1363 ἀναρτήσας,
705 1291 801 1344 καὶ
841 1291 1022 1356 πάσας
1063 1291 1256 1346 ἐαυτοῦ
1290 1290 1391 1356 τὰς
1423 1291 1644 1355 ἐλπίδας
1673 1293 1788 1362 ταῖς

1896 1293 2054 1348 ratim
2082 1309 2178 1351 eos
2207 1297 2301 1366 qui
2331 1297 2584 1354 habitant
2628 1300 2686 1354 in
2720 1299 2883 1357 domo
2912 1299 3006 1358 Dei
3033 1319 3048 1370 ;
3084 1303 3330 1358 secundo
3359 1319 3479 1358 om-

153 1383 341 1456 ποιρά
371 1385 467 1439 σοὶ
491 1383 846 1452 ἐπαγγελίαις
873 1383 1110 1450 ἀναθείς.
1164 1384 1304 1456 Ἤδη
1335 1383 1391 1437 δὲ
1421 1382 1601 1456 τρίτον
1629 1384 1686 1437 ἐν
1716 1383 1788 1454 τῷ

1895 1399 2018 1440 nem
2050 1386 2328 1445 hominem
2357 1390 2446 1446 cui
2480 1398 2566 1447 est
2595 1391 2864 1448 auxilium
2903 1409 2935 1449 a
2965 1393 3231 1464 Domino;
3283 1410 3348 1450 ac
3380 1395 3478 1452 de-

151 1476 430 1548 παρόντι
456 1474 657 1546 ψαλμῷ
685 1475 994 1548 μακαρίσας
1011 1478 1040 1530 ό
1061 1476 1219 1546 λόγος
1238 1477 1364 1541 τοὺς
1385 1475 1788 1549 ἐμφερομένους

1895 1491 2044 1532 mum
2074 1479 2132 1535 in
2160 1480 2267 1537 ﬁne
2306 1485 2601 1551 sermonis,
2630 1485 2917 1550 indeﬁnite
2955 1496 3008 1543 et
3033 1489 3334 1559 generatim
3362 1505 3480 1545 om-

153 1566 230 1618 tv
268 1562 465 1636 αὐτῷ,
493 1564 746 1635 οὐδαμῶς
773 1565 869 1618 τοῦ
898 1566 1166 1620 Ἰουδαίων
1179 1565 1525 1635 ἔθνους,ζούδέ
1556 1565 1648 1620 τοῦ
1693 1566 1788 1619 Ἰσ-

1895 1585 2018 1626 nem
2054 1573 2331 1631 hominem
2373 1576 2429 1631 in
2465 1577 2754 1635 Dominum
2799 1590 3136 1652 sperantem.
3168 1579 3302 1638 Nam
3349 1599 3476 1638 cum

165 1659 329 1731 ραὴλ
365 1658 804 1730 ἐμνημόνευσεν,
837 1659 958 1714 οὐδὲ
981 1659 1108 1724 τούς
1140 1658 1211 1713 τά
1227 1659 1507 1724 Μωῦσέως
1525 1659 1593 1713 δι’
1615 1659 1788 1732 ἔργων

1895 1662 2080 1720 futura
2124 1665 2220 1723 Dei
2265 1671 2557 1739 praesentia
2622 1679 2677 1729 et
2731 1672 2938 1730 Christi
2971 1673 3042 1728 ad
3095 1675 3346 1732 homines
3375 1677 3474 1730 ad-

163 1748 657 1822 ἁποπληροῦντας
683 1750 1020 1823 ἐμακάρισεν
1039 1769 1054 1782 ·
1091 1750 1230 1805 ἀλλὰ
1256 1751 1473 1822 πρῶτον
1497 1752 1596 1824 μὲν
1629 1752 1788 1807 καθό-

1893 1766 2092 1814 ventus
2121 1763 2548 1819 annuntiaretur
2571 1805 2585 1830 ,
2620 1781 2731 1820 non
2757 1763 2961 1825 Iudaeis
2984 1775 3220 1836 tantum,
3249 1770 3344 1826 sed
3365 1785 3478 1826 orn-

165 1843 277 1898 λου
301 1844 444 1909 τοὺς
471 1843 860 1911 κατοικοῦντας
883 1848 942 1900 ἐν
966 1844 1044 1917 τῷ
1069 1844 1204 1918 οῐκῳ
1225 1843 1316 1899 τοῦ
1337 1843 1472 1898 Θεοῦ
1488 1861 1502 1875 ⁶
1540 1845 1788 1918 δεύτερον

1895 1849 2056 1905 nibus
2084 1851 2250 1908 etiam
2285 1853 2605 1913 hominibus
2638 1857 3008 1917 beatitudines
3040 1862 3186 1930 illas,
3211 1878 3332 1934 quae
3381 1877 3478 1933 pe-

173 1939 376 1993 πάντα
413 1937 587 2011 ἄνδρα
612 1931 675 1992 οὗ
706 1940 853 1998 ἐστιν
879 1937 1164 2010 ἀντίληψις
1188 1935 1336 2008 αὐτῷ
1368 1936 1522 2010 παρά
1548 1939 1754 2008 Κυρίου
1774 1954 1788 1970 °

1893 1957 1993 1999 nes
2022 1941 2194 2001 Deum
2223 1955 2375 2014 sunt,
2405 1951 2721 2007 annuntiari
2752 1957 3016 2024 Oportuit.

177 2033 286 2100 καὶ
323 2034 424 2088 ἐπὶ
457 2033 602 2089 τέλει
637 2033 731 2088 τοῦ
800 2034 1001 2098 παντὸς
1053 2033 1213 2103 λόγου
1279 2034 1548 2108 ἀορίστως
1610 2035 1704 2088 καὶ
1740 2036 2046 2105 καθολικῶς
2090 2043 2267 2098 πάντα
2317 2045 2604 2118 ἄνθρωπον
2650 2047 2742 2102 τὸν
2783 2049 3075 2115 ἐλπίζοντα
3116 2051 3210 2104 ἐπὶ
3247 2050 3471 2122 Κύριον.

181 2127 350 2199 Χρῆν
395 2127 508 2200 γὰρ
549 2129 870 2199 ἐπιφανείας
907 2127 1042 2183 Θεοῦ
1079 2130 1175 2184 καὶ
1210 2128 1448 2203 Χριστοῦ
1489 2130 1789 2201 παρουσίας
1827 2135 1906 2198 εἰς
1937 2135 2258 2209 ἀνθρώπους
2317 2142 2828 2217 καταγγελλομένης
2865 2145 2941 2218 μὴ
2981 2146 3250 2211 Ἰουδαίοις
3293 2148 3452 2219 μόνον

184 2219 332 2278 ἀλλὰ
364 2223 466 2276 καὶ
493 2225 628 2276 πᾶσι
651 2225 763 2288 τοῖς
788 2221 1096 2296 ἀνθρώποις
1123 2224 1249 2289 τοὺς
1275 2223 1426 2297 παρά
1442 2224 1521 2298 τῷ
1542 2224 1661 2298 Θεῷ
1686 2231 2072 2302 μακαρισμούς
2100 2233 2574 2305 ἁναγγελίζεσθαι.

228 2381 342 2434 ΕΙΣ
379 2381 626 2453 ΤΕΔΟΣ,
659 2380 812 2440 ΤΟΙΣ
844 2382 1026 2440 ΥΙΟΙΣ
1059 2382 1244 2440 ΚΟΡΕ
1276 2386 1592 2442 ΨΑΔΜΟΣ.
1631 2387 1754 2446 ΠΔ’.

1899 2395 1953 2452 1.
1989 2394 2061 2453 IN
2095 2396 2326 2466 FINEM,
2368 2398 2572 2458 FILIIS
2599 2401 2785 2459 CORE
2823 2397 3472 2461 PSALMUS.LXXXIV.

1966 2530 2137 2591 Vens.
2167 2534 2224 2592 2.
2257 2535 2608 2602 Benedixisti,
2635 2537 2882 2603 Domine,
2905 2549 3102 2593 terram
3125 2547 3294 2602 tuam,
3327 2552 3477 2590 aver-

1897 2626 2012 2680 ticti
2043 2629 2400 2697 captivitatem
2453 2627 2644 2686 Iacob.
2708 2629 3002 2701 Postquam
3042 2630 3098 2685 in
3148 2627 3475 2701 praecedenti

265 2541 664 2611 Εὐδόκησας,
689 2543 895 2612 Κύριε,
931 2539 1046 2611 τὴν
1077 2540 1196 2613 γῆν
1223 2555 1340 2596 σου
1359 2581 1376 2606 ,
1404 2539 1792 2611 ἀπέστρεψας

189 2635 311 2703 τὴν
343 2635 771 2706 αἰχμαλωσίαν
809 2632 1023 2689 Ἰακώϐ.
1080 2631 1412 2697 Ἀκολούθως
1434 2632 1512 2705 τῷ
1538 2633 1646 2703 πρὸ
1676 2632 1794 2687 τού-

191 2745 290 2781 του
323 2727 528 2800 ψαλμῷ
563 2728 702 2800 μετά
741 2727 840 2800 τὴν
868 2729 926 2781 ἐν
953 2726 1148 2798 ἐκείνῳ
1181 2725 1567 2781 θεσπισθεῖσαν
1599 2727 1796 2797 θεσφά-

195 2838 348 2875 νειαν
376 2821 434 2873 ἐν
456 2818 534 2890 τῷ
558 2819 694 2890 μετὰ
719 2822 908 2892 χεῖρας
929 2819 1117 2874 κακῶν
1141 2819 1434 2890 ἀπαλλαγὴ
1461 2817 1795 2890 προφητεύε-

198 2931 316 2978 ται,
352 2913 448 2967 καί⁸
478 2911 747 2984 λύτρωσις
778 2911 877 2985 μὲν
910 2911 1286 2985 αἰχμαλωσίας
1310 2951 1327 2976 ,
1359 2910 1708 2984 συγχώρησις
1734 2909 1792 2964 δέ

202 3007 303 3061 καὶ
325 3005 520 3074 ἄφεσις
544 3005 980 3075 ἁμαρτημάτων.
1033 3004 1235 3058 Εἵπετο
1263 3003 1372 3075 γάρ
1401 3002 1574 3057 ταῦτα
1596 3005 1662 3074 τῇ
1695 2999 1790 3057 τοῦ

204 3096 340 3152 Θεοῦ
367 3099 448 3162 εἰς
475 3095 798 3168 ἀνθρώπους
830 3096 1103 3170 παρουσίᾳ
1129 3137 1145 3162 ,
1177 3097 1272 3152 καὶ
1301 3099 1413 3160 τοῖς
1440 3095 1647 3160 λοιποῖς
1677 3098 1792 3162 τοῖς

204 3189 299 3242 ἐπὶ
323 3187 402 3260 τῷ
433 3188 538 3260 πρὸ
559 3187 748 3242 τούτου
775 3187 974 3260 ψαλμῷ
999 3187 1408 3259 δεδηλωμένοις.
1443 3186 1656 3258 Ἐπειδὴ
1681 3185 1790 3258 γὰρ

209 3282 267 3334 ἐν
316 3281 508 3352 ἐκείνῳ
561 3279 896 3352 σκηνώματα
935 3278 1072 3334 Θεοῦ
1117 3280 1342 3334 πλεῖστα
1372 3280 1466 3342 καὶ
1503 3279 1664 3334 αὐλαὶ
1694 3281 1790 3334 καὶ

212 3372 562 3443 θυσιαστήρια
587 3371 680 3424 ἐπὶ
704 3370 803 3441 τῆς
823 3369 928 3441 γῆς
948 3369 1263 3434 ἐθεσπίζετο
1287 3369 1670 3443 συστήσεσθαι,
1694 3369 1790 3431 καὶ

211 3461 272 3526 τὸ
297 3461 500 3516 τούτων
530 3459 702 3515 αἴτιον
731 3459 862 3525 Θεὸς
892 3456 960 3538 ἦν
987 3460 1197 3532 μέλλων
1231 3464 1325 3517 ἐπὶ
1353 3463 1455 3536 γῆς
1480 3463 1786 3533 φαίνεσθαι,

213 3553 304 3612 καὶ
319 3553 572 3624 ὀνομαστὶ
587 3552 822 3624 Χριστὸς
840 3547 908 3624 ἦν
925 3552 1369 3626 ἐπιϐλεπόμενοςε
1392 3555 1608 3626 ἐλέγετο
1624 3556 1755 3624 γοῦν
1769 3573 1784 3597 ε

228 3643 575 3714 Ὀφθήσεται
602 3647 636 3700 ὁ
659 3645 802 3712 Θεὸς
823 3644 942 3700 τῶν
978 3642 1132 3700 θεῶν
1157 3646 1228 3700 ἐν
1257 3646 1409 3701 Σιών
1425 3663 1439 3678 ο
1467 3649 1561 3701 καὶ
1588 3648 1747 3703 πάλιν
1768 3665 1782 3679 ’

229 3737 547 3806 Ἑπίφανον
583 3738 683 3792 ἐπὶ
727 3737 795 3791 τὸ
836 3738 1162 3806 πρόσωπον
1191 3739 1298 3795 τοῦ
1338 3739 1596 3810 Χριστοῦ
1633 3757 1781 3796 σουο
1812 3709 1858 3771 c

219 3829 428 3894 εἰκότως
459 3831 517 3883 ἐν
549 3829 627 3900 τῷ
667 3830 1014 3902 προκειμένῳ
1039 3830 1241 3903 ψαλμῷ
1269 3832 1340 3885 τά
1376 3832 1638 3904 μέλλοντα
1666 3832 1784 3886 ἐσε-

221 3921 337 3975 σθαι
362 3921 476 3976 καθ’
505 3922 632 3992 ὅλης
660 3922 761 3994 τῆς
795 3923 905 3976 τῶν
935 3921 1238 3996 ἀνθρώπων
1259 3925 1585 3997 οἰκουμένης
1616 3941 1785 3996 προα-

219 4017 546 4083 ναφωνεῖται.
584 4015 652 4067 Ἃ
679 4013 741 4088 δὴ
778 4015 874 4069 καὶ
903 4016 1260 4088 πεπλήρωται
1290 4017 1383 4074 ἐπὶ
1419 4018 1518 4089 τῆς
1543 4017 1638 4071 τοῦ
1664 4019 1783 4071 Σω-

220 4104 376 4174 τῆρος
400 4107 432 4175 ὴ
441 4105 557 4175 μῶν
583 4107 908 4178 παρουσίας,
931 4108 1052 4162 καθ’
1071 4107 1138 4182 ἢν
1164 4108 1454 4180 εὐδόκησεν
1478 4111 1508 4163 ὁ
1526 4108 1660 4174 Θεὸς
1685 4125 1785 4164 κα-

221 4193 476 4260 ταξιώσας
512 4197 682 4267 αὐτὴν
723 4199 820 4270 τῆς
858 4200 1163 4264 ἐπιϐάσεως
1201 4199 1296 4254 τοῦ
1323 4201 1560 4274 Χριστοῦ
1594 4201 1782 4261 αὐτοῦ.

224 4286 387 4340 Πάλαι
415 4286 507 4356 μὲν
533 4286 641 4357 γὰρ
667 4285 852 4358 εἴρητο
877 4285 955 4357 τῷ
989 4287 1424 4359 πρωτοπλάστῳ⁸
1461 4287 1552 4354 Γῆ
1578 4288 1654 4353 εἴ,
1684 4287 1784 4341 καὶ

225 4380 303 4444 εἰς
322 4376 426 4448 γῆν
443 4378 772 4448 ἀπελεύσῃ,
795 4378 909 4444 καὶ,
939 4378 1403 4446 Ἐπικατάρατος
1417 4379 1454 4446 ἡ
1479 4378 1556 4450 γῆ
1571 4379 1641 4434 ἐν
1662 4377 1787 4445 τοῖς

227 4469 401 4538 ἔργοις
425 4483 538 4523 σου
559 4484 572 4499 °
632 4469 726 4522 καὶ
751 4467 908 4531 ἄλλος
941 4466 1235 4538 προφητῶν
1268 4466 1452 4536 ἔλεγεν
1474 4484 1487 4496 ·
1529 4467 1659 4536 Ἀρά
1687 4465 1787 4520 καὶ

226 4561 394 4628 φόνος
431 4558 524 4612 καὶ
554 4555 816 4626 ψεῦδος,
846 4555 944 4610 καὶ
977 4554 1177 4624 κλοπὴ
1205 4555 1302 4610 καὶ
1334 4557 1576 4624 μοιχεία
1604 4555 1784 4626 κέχυ-

230 4667 312 4703 ται
335 4648 425 4702 ἐπί
453 4648 563 4716 τῆς
594 4647 708 4718 γῆς
727 4665 741 4678 ο
794 4646 895 4700 καὶ
930 4648 1147 4717 αἵματα
1171 4646 1264 4717 ἐφ’
1295 4647 1506 4716 αἵμασι
1529 4648 1786 4717 μίσγου-

231 4756 350 4793 σιν·
393 4741 470 4804 Ὡς
495 4739 551 4806 δὲ
579 4739 840 4811 ἐπεδήμει
871 4741 938 4811 τῇ
964 4742 1034 4812 γῇ
1069 4739 1098 4792 ὁ
1124 4739 1251 4802 Υἰὸς
1273 4739 1366 4792 τοῦ
1396 4739 1561 4804 Θεοῦ,
1599 4739 1694 4793 καὶ
1723 4741 1787 4794 τὸ

231 4831 327 4886 ἀπὸ
353 4830 445 4900 γῆς
470 4831 629 4902 σῶμα
652 4830 992 4902 ἀνελάμόανε
1014 4849 1027 4862 ·
1067 4831 1340 4906 μεταϐολὴ
1370 4831 1536 4904 προτέ
1547 4849 1653 4903 ρων
1681 4832 1790 4901 ἐγίο

234 4942 372 4996 γνετο
389 4924 566 4978 κακῶν
584 4965 599 4989 ,
624 4925 718 4978 καὶ
745 4925 806 4978 τὸ
835 4926 944 4980 πᾶν
975 4925 1076 4997 τῆς
1101 4927 1204 4997 γῆς
1227 4911 1489 4996 στοιχεῖον
1529 4925 1651 4978 ἀντὶ
1689 4925 1787 4995 τῆς

235 5018 470 5092 προτέρας
499 5017 638 5090 ἀρᾶς
665 5015 916 5086 εὐλογίας
947 5017 1083 5070 Θεοῦ
1105 5016 1552 5088 μετελάμϐανεν,
1590 5014 1788 5086 ἐκκλη-

237 5109 335 5164 σίαι
369 5125 422 5161 τε
456 5109 552 5162 καὶ
591 5104 727 5162 οἴκοι
773 5107 852 5178 τῷ
885 5106 1004 5178 Θεῷ
1036 5109 1456 5180 προσευκτήριοι
1503 5105 1624 5164 καθ’
1656 5105 1784 5177 ὅλης

235 5199 322 5269 τῆς
343 5200 646 5271 οἰκουμένης
685 5200 1018 5256 συνίσταντο.
1087 5201 1178 5255 Διὸ
1215 5201 1310 5255 νῦν
1361 5200 1459 5272 μὲν
1499 5199 1779 5254 λέλεκται*

239 5292 556 5361 Εὐδόκησας
575 5335 591 5359 ,
616 5294 795 5362 Κύριε
818 5333 833 5359 ,
879 5293 993 5362 τὴν
1025 5293 1145 5362 γῆν
1171 5310 1288 5349 σου
1313 5312 1325 5326 ο
1367 5297 1425 5348 ἐν
1458 5293 1672 5365 ἑτέροις
1702 5292 1780 5358 δὲ,

239 5385 421 5453 Κύριος
440 5385 866 5448 ἐϐασίλευσεν,
899 5384 1332 5454 armaverat
1356 5387 1396 5455 ἡ
1421 5384 1497 5455 γῆ
1512 5426 1531 5450 ,.
1561 5387 1656 5440 καὶ
1681 5386 1784 5440 πά-

238 5478 336 5532 λιν’
361 5479 565 5549 ’ᾼσατε
587 5477 668 5544 τῷ
693 5477 890 5546 Κυρίῳ
916 5474 1083 5531 πᾶσα
1105 5479 1146 5545 ἠ
1170 5477 1262 5548 γῆ.
1301 5479 1538 5542 Εἰκότως
1562 5474 1656 5533 οὖν
1688 5478 1782 5532 καὶ

242 5570 380 5625 αὑτοῦ
407 5571 645 5650 λέλεκται
677 5569 771 5626 τοῦ
800 5569 1005 5640 Κυρίου
1032 5571 1066 5640 ή
1096 5571 1168 5640 γῆ
1191 5613 1199 5631 ,
1225 5569 1369 5624 κατά
1393 5571 1452 5624 τὸ
1473 5611 1487 5634 ,
1513 5569 1784 5638 E13662":—

243 5679 358 5729 σας,
373 5655 551 5731 Κύριε,
570 5663 684 5732 τὴν
701 5661 820 5733 γῆν
834 5676 970 5716 σου.
992 5663 1067 5716 Οὐ
1092 5661 1250 5732 μόνον
1270 5661 1377 5730 γὰρ
1393 5662 1597 5731 κτίσμα
1615 5660 1780 5714 αὐτοῦ

247 5755 325 5808 καὶ
342 5755 548 5826 ποίημα,
575 5756 710 5810 ἀλλὰ
731 5754 825 5809 καὶ
850 5754 1035 5825 κτῆμα
1059 5752 1249 5823 γέγονε
1268 5753 1355 5808 διὰ
1371 5754 1437 5807 τὰ
1460 5754 1777 5825 λελεγμένα.

1897 2716 2111 2786 psalmo
2143 2717 2241 2774 Dei
2274 2718 2544 2776 adventus
2573 2720 2976 2790 praenuntiatus
3021 2718 3234 2783 fuerat,
3277 2733 3475 2774 conse-

1895 2819 2131 2880 quenter
2153 2810 2212 2865 in
2253 2810 2359 2868 hoc
2385 2812 2596 2883 ereptio
2631 2827 2662 2866 a
2693 2811 2870 2876 malis,
2900 2826 3114 2868 necnon
3138 2810 3476 2882 captivitatis

1894 2901 2278 2968 solutio,venia
2293 2919 2510 2975 quoque
2526 2913 2580 2960 et
2601 2905 2852 2962 remissio
2869 2913 3217 2976 peccatorum
3235 2903 3482 2974 praedicia

1893 2999 2002 3048 tur.
2033 2991 2160 3049 Haec
2182 2995 2588 3066 quippeomnia
2614 2995 2706 3052 Dei
2722 2997 2789 3051 ad
2811 2996 3059 3052 homines
3090 2995 3384 3050 adventum
3419 3001 3474 3050 et

1893 3083 2172 3154 reliquain
2190 3085 2458 3154 superiori
2486 3087 2698 3157 psalmo
2727 3088 3009 3143 enuntiata
3061 3085 3474 3157 subsequeban-

1893 3181 2003 3227 tur.
2029 3173 2165 3242 Quia
2189 3175 2335 3230 enim
2359 3175 2415 3230 in
2437 3174 2530 3230 illo
2551 3176 2724 3231 multa
2749 3175 2845 3232 Dei
2868 3176 3387 3242 tabernacula,atria
3417 3185 3474 3232 et

1892 3263 2084 3320 altaria
2101 3264 2158 3320 in
2188 3274 2337 3321 terra
2363 3267 2746 3322 constituenda
2768 3282 2892 3324 esse
2912 3266 3230 3338 praedictum
3257 3265 3470 3335 fuerat;

1891 3353 2198 3427 horumque
2227 3365 2424 3412 auctor
2459 3355 2602 3414 Deus
2629 3357 2839 3414 eratad
2887 3357 3136 3415 homines
3163 3366 3428 3415 venturus
3454 3399 3469 3422 .

1891 3463 1958 3502 ac
1985 3449 2592 3518 nominatimChristus
2613 3450 2706 3506 hic
2737 3451 3187 3522 conspiciendus,
3219 3450 3364 3506 unde
3387 3451 3472 3506 die

1891 3541 2143 3608 cebatur,
2167 3541 2440 3606 Videbitur
2459 3543 2600 3598 Deus
2621 3545 2841 3599 deorum
2868 3547 2922 3599 in
2953 3543 3122 3611 Sion;
3158 3560 3224 3599 ac
3249 3560 3467 3610 rursus,

1890 3635 2102 3708 Appare
2161 3633 2230 3690 ad
2274 3636 2464 3706 [aciem
2515 3635 2720 3692 Christi
2773 3636 2898 3692 tui:
2925 3636 3051 3707 jure
3097 3635 3154 3690 in
3217 3635 3472 3706 pmsenti

1887 3726 2100 3795 psalmo
2129 3741 2250 3798 quae
2271 3742 2369 3798 per
2400 3735 2572 3782 totum
2617 3727 2805 3783 orbem
2843 3726 3024 3781 futura
3059 3735 3190 3782 sunt
3216 3741 3474 3796 praenun-

1887 3820 2115 3878 tiantur.
2174 3817 2305 3885 Qum
2357 3834 2492 3876 sane
2544 3819 2602 3874 in
2659 3819 2894 3874 adventu
2935 3818 3244 3874 Servatoris
3293 3818 3468 3873 nostri

1886 3910 2154 3980 completa
2182 3918 2312 3966 sunt
2345 3929 2358 3964 :
2397 3927 2510 3980 quo
2537 3910 2798 3980 placitum
2819 3908 2927 3966 Deo
2960 3911 3062 3964 fuit
3089 3922 3289 3965 terram
3307 3908 3470 3962 Chri—

1885 4003 1956 4057 sti
1987 4002 2071 4057 sni
2111 4001 2262 4056 aditu
2291 4001 2528 4074 dignari.
2575 3999 2857 4072 Siquidem
2892 4001 3021 4056 olim
3050 4001 3228 4071 primo
3258 3997 3472 4070 parenti

1885 4097 2094 4152 dictum
2126 4094 2342 4150 fuerat:
2377 4093 2545 4150 Terra
2571 4111 2650 4161 es,
2682 4102 2730 4148 et
2766 4095 2824 4147 in
2863 4105 3059 4148 terram
3091 4093 3364 4146 reverteris
3392 4093 3467 4161 “;

1885 4197 1958 4251 et,
1991 4183 2284 4239 Maledicta
2335 4193 2478 4238 terra
2527 4186 2584 4238 in
2635 4183 2878 4254 operibus
2928 4184 3032 4237 tuis
3080 4184 3157 4250 “;
3219 4183 3470 4256 aliusque

1889 4278 2152 4350 propheta
2178 4275 2314 4331 dicit
2346 4296 2358 4331 :
2394 4275 2744 4330 Maledictum
2771 4283 2822 4330 et
2850 4275 3017 4329 cwdes
3055 4284 3105 4329 et
3133 4274 3466 4330 mendacium

1885 4382 1933 4426 et
1961 4371 2163 4441 furtum
2198 4379 2247 4424 et
2271 4368 2594 4424 adulterium
2615 4369 2785 4438 e/fusa
2810 4377 2932 4422 sunt
2962 4383 3120 4437 super
3145 4377 3343 4423 terram
3364 4385 3384 4423 :
3414 4381 3466 4424 at

1887 4464 2196 4534 sanguinem
2251 4463 2507 4534 sanguine
2559 4460 2888 4515 miscent”:
2927 4460 3020 4515 ubi
3064 4469 3247 4517 autem
3291 4459 3466 4517 Filius

1887 4552 1982 4608 Dei
2016 4554 2398 4625 peregrinatus
2431 4560 2517 4609 est
2565 4552 2620 4605 in
2647 4559 2827 4615 terra,
2852 4559 3241 4622 terrenumque
3266 4563 3469 4623 corpus

1889 4648 2207 4718 assumpsit,
2239 4649 2484 4718 priorum
2519 4645 2788 4700 malorum
2829 4644 3140 4700 immutatio
3170 4643 3313 4700 facta
3343 4653 3428 4702 est
3447 4685 3465 4711 ,

1889 4747 2174 4810 totumque
2201 4749 2360 4795 terra;
2393 4738 2724 4797 elementum
2747 4775 2762 4800 ,
2811 4737 2932 4790 loco
2960 4736 3208 4807 pristinae
3238 4737 3468 4792 maledi-

1887 4833 2110 4898 ctionis,
2139 4832 2578 4889 benedictionem
2613 4829 2868 4884 sortitum
2891 4839 2997 4896 est,
3029 4844 3096 4885 ac
3133 4830 3384 4886 ecclesite
3414 4839 3471 4886 et

1889 4927 2128 4984 oratoria
2154 4927 2263 4981 Deo
2292 4941 2388 4995 per
2403 4931 2578 4978 totum
2601 4925 2788 4980 orbem
2805 4923 3103 4978 constituta
3121 4931 3269 4978 sunt.
3289 4922 3472 4990 Quare

1883 5019 1998 5092 jam
2033 5020 2254 5084 dicitur,
2275 5017 2605 5074 Benedixisti
2627 5059 2643 5084 ,
2689 5017 2933 5084 Domine,
2966 5025 3162 5071 terram
3191 5025 3338 5069 tuam
3383 5014 3470 5080 “;

1891 5115 1948 5170 in
1977 5113 2100 5168 aliis
2129 5126 2282 5177 vero,
2311 5112 2590 5180 Dominus,
2614 5111 2870 5182 regnavit,
2896 5107 3185 5164 exsul-(abit
3217 5117 3360 5162 terra
3388 5106 3468 5172 ";

1892 5219 1958 5260 ac
1985 5218 2228 5268 rursum,
2257 5202 2483 5258 Cantate
2506 5201 2761 5270 Domino,
2787 5203 2958 5255 omnis
2989 5209 3138 5254 terra
3152 5199 3219 5252 “.
3279 5195 3472 5251 Merito

1891 5296 2077 5366 itaque
2105 5294 2277 5365 ipsius
2300 5292 2518 5348 Domini
2546 5309 2670 5350 esse
2714 5303 2862 5349 terra
2895 5292 3098 5348 dicitur
3125 5291 3231 5344 hoc
3262 5286 3428 5343 modo
3454 5305 3468 5350 ;

1891 5389 2243 5455 Benedixisti,
2273 5389 2519 5455 Domine,
2554 5396 2751 5442 terram
2778 5396 2947 5442 tuam.
2975 5386 3094 5442 Non
3129 5383 3277 5440 enim
3313 5382 3471 5453 opili-

1891 5484 2035 5537 cium
2058 5483 2345 5549 duntaxat,
2363 5482 2460 5539 sed
2481 5482 2648 5538 etiam
2675 5481 2956 5553 possessio
2977 5479 3100 5551 ejus
3121 5479 3266 5533 facta
3291 5486 3378 5532 est
3399 5475 3470 5538 ob

1889 5577 2085 5630 allatas
2115 5577 2367 5646 superius
2389 5589 2608 5632 causas.

337 5909 370 5940 “
405 5907 524 5966 Gen.
561 5925 654 5978 ιιι,
689 5910 774 5967 19.
853 5911 896 5943 ⁸³
937 5909 1070 5966 ibid.
1113 5909 1193 5965 17.
1273 5911 1317 5943 ⁸³
1355 5909 1483 5966 Ose.
1521 5927 1593 5986 tv,
1625 5911 1679 5968 ‘2.
1756 5910 1788 5944 ⁵⁵

1892 5909 1984 5967 sal.
2017 5925 2248 5981 Lnnv,
2284 5907 2341 5968 '2.
2416 5911 2462 5946 ⁸⁸
2509 5907 2894 5978 Ρδειιοιονι,;1.
2972 5905 3017 5940 ⁸⁸
3057 5903 3204 5968 Psal.
3243 5920 3366 5977 xcv,
3407 5903 3461 5983 1,
