3972 6812
535 391 674 448 1019

1253 390 1522 449 susse"
1562 391 2046 450 casuscasus
2080 393 2232 450 ore.
2277 391 2457 448 usus
2495 361 3076 447 lll.-~EXEGETICA.

601 508 718 575 Qua
747 509 958 564 ratione
987 516 1165 564 autem
1193 507 1439 574 dicatur,
1473 510 1722 564 Avertisti
1751 511 2108 580 captivitatem

2280 507 2405 571 Πῶς
2442 507 2504 559 δὲ
2527 507 2738 577 εἴρηται
2765 501 2847 567 τὸ,
2892 500 3292 566 Ἀπέστρεψας
3327 494 3454 562 τὴν
3491 493 3872 580 αἰχ-μελαμ

529 600 719 668 Iacob,
747 600 1013 672 intelliges
1037 616 1102 655 ex
1133 600 1224 654 illa
1268 597 1578 657 Scrvatoris
1603 615 1737 655 voce
1757 643 1772 667 ,
1816 616 1924 672 qua
1962 601 2105 655 hanc

541 693 697 750 Isaia:
730 693 1069 764 prophetiam
1093 731 1109 756 ,
1167 690 1398 761 Spiritus
1436 690 1651 745 Domini
1681 709 1837 761 super
1882 709 1996 754 me,
2046 709 2106 746 eo

530 784 670 856 quod
703 785 912 838 unxerit
943 800 1045 847 me,
1084 783 1445 853 evangelizare
1477 782 1791 851 pauperibus
1811 782 1957 836 misit
1986 798 2066 835 me
2091 822 2106 846 ,

529 877 822 946 prmdicare
856 875 1076 944 captivis
1103 874 1486 936 dimissionem,
1521 884 1571 929 et
1603 875 1754 930 circis
1788 875 1928 928 visus
1957 874 2111 929 resti-

534 968 786 1021 tutionem
816 966 881 1029 ",
904 981 1028 1021 cum
1059 965 1305 1034 legisset,
1335 965 1565 1029 addidit,
1604 963 1778 1018 Hodie
1801 965 2012 1032 impleta
2033 971 2112 1016 est

531 1057 642 1111 lucc
673 1055 944 1128 prophetia
969 1055 1024 1108 in
1045 1053 1263 1107 auribus
1282 1055 1468 1108 vestris
1493 1054 1559 1122 ⁸⁸,
1589 1054 1645 1108 in
1687 1069 1748 1111 se
1781 1053 2110 1122 completum

530 1146 816 1200 oraculum
847 1144 1184 1218 signiﬁcans.
1217 1143 1356 1212 Quia
1389 1145 1602 1200 scilicet
1629 1145 1746 1215 ipse
1777 1143 2036 1200 Servator
2057 1149 2113 1199 et

531 1237 844 1308 redemptor
865 1237 1172 1294 animarum
1203 1237 1487 1292 hominum
1536 1245 1718 1302 esset,
1748 1252 1888 1307 quas
1914 1253 1944 1290 a
1975 1237 2113 1292 dura

532 1329 914 1404 multiplicium
959 1329 1247 1388 numinum
1277 1329 1484 1384 erroris
1526 1337 1582 1384 et
1611 1330 1918 1390 daemonum
1950 1343 2114 1384 vexa-

533 1422 599 1479 tic
614 1421 701 1476 nis
723 1421 1005 1487 servitute,
1028 1421 1224 1478 solutis
1245 1429 1592 1493 peccatorum
1627 1420 1884 1483 vinculis,
1917 1420 2114 1475 libera-

534 1513 648 1570 but.
678 1513 836 1580 Quod
861 1515 1025 1570 etiam
1065 1515 1119 1569 in
1161 1514 1414 1586 praesenti
1443 1514 1654 1584 psalmo
1696 1511 1987 1567 denotatur
2027 1511 2114 1567 his

532 1605 719 1660 verbis
744 1624 757 1636 ·
794 1636 865 1645 -
889 1603 1056 1662 Vens.
1085 1605 1139 1660 5.
1178 1603 1452 1661 Remisisti
1478 1603 1783 1674 iniquitates
1804 1601 1941 1670 plebi
1973 1611 2077 1655 tuo:
2096 1640 2112 1666 ,

535 1697 787 1764 aperuisti
835 1698 1016 1751 omnia
1057 1705 1270 1765 peccata
1318 1711 1519 1750 eorum.
1574 1691 1896 1763 lniquitatés
1931 1700 2114 1748 autem

533 1788 798 1842 remissas
849 1793 906 1841 et
955 1794 1176 1863 opertas
1220 1784 1362 1839 alius
1409 1785 1536 1839 item
1595 1798 1776 1840 sermo
1819 1781 2109 1838 meminit:

2210 600 2354 654 σίαν
2394 598 2609 661 Ἰακὼϐ,
2632 597 2845 666 νοήσεις
2877 595 2940 646 ὲκ
2972 592 3069 662 τῆς
3095 589 3360 659 σωτηρίου
3400 583 3686 654 φωνῆς,
3721 584 3798 633 ξε·

2208 689 2306 760 τὴν
2338 689 2585 758 φήσασαν
2616 685 2709 738 τοῦ
2751 683 2971 738 Ἡσαΐου
3001 677 3374 752 προφητείαν,
3401 672 3740 738 Πνεῦμα
3777 675 3872 722 Κο-

2202 780 2340 847 ρίου
2363 778 2455 830 ἐπ’
2473 774 2599 845 ἐμὲ,
2613 771 2682 830 οὗ
2705 774 2913 828 ἕνεκεν
2931 770 3136 840 ἑχρισέ
3162 786 3259 838 με.
3280 763 3870 834 είάῖγεσιίσσετῆε

2211 868 2469 939 πτωχοῖς
2524 863 2874 921 ἀπέσταλκέ
2913 880 2989 932 με
3013 902 3029 926 ,
3080 859 3330 930 κηρῦξαι
3389 855 3872 924 all-prmissus;

2211 961 2433 1030 ἄφεσιν
2458 959 2554 1014 καὶ
2577 957 2828 1027 τυφλοῖς
2845 954 3199 1021 ἀνάϐλεψιν,
3219 951 3500 1018 ἀναγνῶδς
3527 949 3868 1016 ἐπήτπτε,

2213 1052 2486 1120 Σήμερον
2513 1049 2894 1117 πεπλήρωται
2932 1048 2969 1114 ἠ
3006 1042 3337 1114 προφητεία
3370 1040 3552 1105 αῦτη
3633 1038 3734 1089 ἐν
3761 1039 3866 1100 τςῖς

2210 1143 2362 1197 ὠσὶν
2388 1141 2574 1212 ὑμῶν,
2608 1140 2875 1194 διδάσκων
2907 1139 2986 1198 εἰς
3013 1134 3204 1189 ἑαυτὸν
3234 1130 3634 1204 πληροῦσθαι
3675 1129 3752 1181 τὸ
3797 1131 3868 1180 1ιά-

2211 1251 2350 1304 γιον.
2379 1233 2499 1286 Ὀτι
2543 1233 2608 1304 δὴ
2647 1231 2808 1294 αύτὸς
2838 1225 2905 1301 ἦν
2947 1229 2975 1280 ό
3014 1226 3202 1296 Σωτὴρ
3240 1225 3332 1278 καὶ
3365 1221 3724 1292 λυτρωτὴς
3775 1220 3862 1271 :3.

2215 1315 2570 1396 ἀνθρωπίνων
2602 1320 2812 1394 ψυχῶν,
2841 1318 2905 1383 ἃς
2936 1317 3043 1374 ἀπὸ
3067 1315 3164 1387 τῆς
3201 1317 3398 1387 πικρᾶς
3428 1312 3752 1372 δουλείας
3771 1311 3860 1376 ti;

2214 1415 2474 1471 πολυθέΟυ
2502 1413 2709 1484 πλάνης
2737 1412 2830 1470 καὶ
2861 1411 2959 1482 τῆς
2989 1407 3304 1478 δαιμονικῇς
3332 1403 3678 1477 ἐνεργείας
3705 1400 3860 1469 ἠλειρ

2216 1505 2399 1582 θέρου,
2430 1505 2597 1570 λύσας
2620 1503 2798 1558 αύτῶν
2830 1503 2928 1566 τὰς
2960 1500 3145 1573 σειρὰς
3167 1500 3274 1553 τῶν
3305 1496 3676 1571 ἁμαρτιῶν-
3705 1497 3780 1546 Ὀ
3803 1495 3854 1558 Ξῖ

2215 1599 2310 1654 καὶ
2349 1597 2480 1652 αὐτὸ
2531 1596 2862 1667 παρίσταται,
2893 1594 2980 1648 διὰ
3025 1591 3130 1646 τοῦ
3163 1591 3550 1664 προκειμένου
3613 1586 3852 1656 Ws:

2217 1691 2514 1762 φάσκοντος
2535 1705 2549 1719 ο
2594 1686 2852 1757 Ἀφῆκας
2906 1684 3012 1751 τὰς
3059 1683 3310 1753 ἀνομίας
3361 1679 3441 1746 τῷ
3473 1677 3640 1744 λαῷ
3700 1695 3850 1730 σξιο.

2221 1779 2538 1848 ἐκάλυψας
2566 1778 2768 1844 πάσας
2811 1776 2918 1843 τὰς
2949 1776 3239 1846 ἁμαρτίας
3279 1771 3515 1828 αὐτῶν.
3563 1771 3850 1838 Ἀνομὲες

535 1872 691 1926 Beati
711 1890 934 1944 quorum
974 1861 1209 1929 remissa:
1239 1882 1362 1928 sunt
1414 1874 1718 1944 iniquitates
1742 1912 1757 1938 ,
1805 1882 1854 1926 et
1890 1889 2113 1943 quorum

2220 1872 2270 1926 δὲ
2303 1871 2604 1942 ἀφιεμένας
2625 1870 2718 1930 καὶ
2761 1867 3175 1938 καλυπτομένας
3210 1861 3317 1920 οἶδε
3351 1866 3446 1918 καὶ
3487 1859 3780 1930 W5
3827 1864 3846 1910 ἐ
3915 1933 3922 1940 Ἰ

539 1970 675 2015 tecta
711 1975 833 2016 sunt
862 1973 1077 2032 peccata
1122 1963 1185 2016 δ’.
1218 1961 1314 2018 llis
1345 1978 1506 2033 porro
1540 1960 1778 2034 Spiritus
1819 1961 2113 2033 signiﬁcat,

535 2053 894 2123 pristinorum
949 2067 1300 2126 peccatorum
1347 2053 1727 2110 remissionem
1773 2053 1871 2118 iis‘,
1912 2054 2006 2124 qui
2049 2070 2117 2108 ex

535 2146 808 2211 Spirituali
851 2148 1156 2202 animarum
1188 2147 1502 2218 captivitate
1556 2147 1825 2217 redempti
1876 2157 2046 2214 sunt,
2085 2161 2116 2200 a

537 2237 828 2293 Servatore
848 2253 1202 2295 concessam:
1237 2238 1438 2309 quibus
1458 2281 1472 2306 ,
1507 2238 1552 2292 si
1583 2247 1707 2309 post
1737 2239 2116 2295 remissionem

536 2329 732 2382 iterum
757 2331 1125 2400 peccaverint,
1170 2346 1279 2386 non
1311 2331 1554 2386 secundo
1595 2338 1820 2401 peccata
1859 2331 2114 2396 remittit,

537 2423 631 2477 sed
661 2423 856 2492 operit.
901 2420 1035 2476 Nam
1086 2422 1155 2477 ab
1195 2422 1290 2477 illo
1333 2437 1656 2478 concessum
1701 2430 1822 2488 est,
1864 2433 1926 2478 ut
1959 2423 2116 2480 bonis

535 2511 794 2580 operibus
833 2511 1074 2568 secundo
1112 2511 1281 2582 gestis
1323 2512 1554 2582 pristina
1582 2511 1782 2568 delicta
1821 2524 2116 2585 contegan-

537 2609 647 2657 tur.
667 2601 792 2657 Haec
816 2618 943 2659 vero
963 2604 1145 2660 omnia
1167 2604 1285 2659 orbi
1310 2613 1492 2671 terrai,
1510 2605 1766 2660 videlicet
1788 2606 1935 2660 illam
1964 2609 2118 2662 inco-

536 2695 878 2759 colcntibus,
912 2711 1009 2766 per
1051 2694 1350 2752 Salvatoris
1399 2696 1692 2754 adventum
1734 2698 2117 2754 universorum

537 2785 682 2841 Deus
709 2787 968 2860 elargitus
990 2797 1094 2852 est,
1113 2788 1299 2844 sedata
1330 2789 1410 2843 ira
1429 2805 1493 2845 ac
1511 2790 1755 2860 mitigato
1786 2789 1990 2855 furore,
2010 2806 2118 2861 quo

536 2877 756 2948 quidem
789 2886 948 2933 antea
975 2881 1262 2951 terrigenae
1300 2881 1376 2935 illi
1408 2881 1556 2951 digni
1599 2890 1776 2944 erant,
1809 2883 1880 2937 ob
1919 2883 2116 2954 impie-

537 2969 670 3026 tatis
705 2973 1144 3040 exsuperantiam
1191 2973 1398 3028 inimici
1444 2973 1564 3043 ejus
1597 2973 1813 3041 effecti;
1867 2985 1924 3030 at
1973 2974 2118 3030 Deus

538 3061 658 3133 ipse
685 3073 822 3126 erat,
845 3065 936 3134 qui
975 3065 1028 3119 in
1052 3065 1274 3122 Christo
1322 3065 1428 3123 sibi
1476 3067 1742 3121 mundum
1794 3068 2119 3123 reconcilia-

537 3154 652 3218 hat,
677 3171 855 3226 neque
883 3157 1017 3227 ipsis
1048 3158 1280 3228 pristina
1312 3167 1534 3229 peccata
1566 3159 1890 3228 imputabat.
1914 3158 2118 3225 Quam-

2218 1963 2442 2033 φάσκων
2473 1962 2630 2030 λόγος
2649 1977 2661 1990 ·
2695 1958 2982 2029 Μακάριοι
3004 1953 3090 2014 ὧν
3114 1957 3426 2028 ἀφέθησαν
3450 1957 3528 2008 a1
3553 1955 3844 2020 ἀνομία,

2217 2057 2318 2110 καὶ
2334 2050 2421 2110 ὧν
2445 2054 2876 2123 ἐκαλύφθησαν
2905 2055 2962 2106 αἱ
2987 2052 3260 2121 ἁμαρτίαι
3280 2067 3293 2080 ·
3324 2048 3620 2120 Σημαίνει
3661 2047 3734 2098 δὲ
3767 2046 3846 2097 r22:

2215 2147 2421 2201 τούτων
2463 2146 2527 2204 τὸ
2571 2144 2794 2216 Πνεῦμα
2837 2145 2936 2218 τὴν
2978 2143 3083 2202 ὑπὸ
3114 2141 3208 2196 τοῦ
3259 2141 3528 2212 Σωτῆρος
3582 2139 3844 2206 δεδωρη-

2219 2240 2388 2311 μένην
2420 2239 2610 2307 ἄφεσιν
2642 2237 2749 2290 τῶν
2774 2236 3054 2308 προτέρων
3094 2234 3514 2306 ἁμαρτημάτων
3566 2235 3704 2294 τοῖς

2215 2331 2316 2402 τῆς
2348 2331 2545 2400 νοητῆς
2565 2331 2686 2383 τῶνε
2703 2329 2900 2400 ψυχῶν⁴
2925 2327 3300 2400 αἰχμαλωσίας
3326 2324 3837 2396 λελυτρωμένοις’

2217 2420 2319 2489 οἷς,
2348 2427 2396 2478 εἰ
2429 2424 2566 2496 μετὰ
2587 2425 2686 2494 τὴν
2712 2423 2907 2492 ἄφεσιν
2931 2423 3090 2477 πάλιν
3121 2423 3438 2493 ἁμάρτοιεν,
3463 2419 3684 2472 οὐκέτι
3719 2418 3838 2470 δεν-

2217 2517 2277 2572 τέ
2285 2535 2383 2588 ραν
2404 2517 2614 2585 ἄφεσιν,
2640 2514 3098 2584 ἀλλ’-ἐπικάλυψιν
3126 2513 3406 2586 ἁμαρτιῶν
3431 2512 3722 2583 παρέχει.
3911 2519 3922 2586 ᾗ

2218 2608 2329 2681 γὰρ
2374 2609 2642 2680 δευτέρων
2700 2607 3140 2679 κατορθωμάτων
3205 2606 3501 2660 καλύπτειν
3556 2603 3642 2657 τὰ
3695 2620 3836 2674 προ-
3913 2597 3916 2600 ’

2216 2701 2584 2774 ημαρτημένα
2631 2698 3000 2771 συνεχώρησε.
3047 2697 3233 2752 Ταῦτα
3270 2697 3328 2750 δὲ
3374 2697 3568 2751 πάντα
3609 2699 3682 2766 τῇ
3723 2695 3828 2746 tria

2217 2793 2522 2866 ἀνθρώπων
2552 2796 2646 2865 γῇ,
2689 2793 2782 2848 καὶ
2813 2792 3012 2864 δηλαδὴ
3051 2793 3166 2854 τοῖς
3203 2788 3560 2844 κατοικοῦσιν
3617 2786 3824 2853 αὐτὴν,

2216 2885 2304 2940 διὰ
2337 2886 2436 2956 τῆς
2478 2884 2572 2938 τοῦ
2620 2883 2872 2956 Σωτῆρος
2916 2881 3210 2954 ἐπιδημίας
3253 2881 3283 2934 ό
3323 2878 3433 2933 τῶν
3478 2877 3636 2930 ὅλων
3687 2875 3824 2937 Θεὸς

2219 2976 2555 3048 ἐδωρήσατο,
2601 2973 2963 3038 καταπαύσας
2995 2973 3095 3044 τὴν
3131 2970 3299 3043 ὀργὴν
3341 2971 3436 3024 καὶ
3478 2968 3578 3021 τὸν
3615 2968 3818 3036 θυμὸν,

2215 3063 2291 3123 ὦν
2315 3069 2455 3133 ἄξιοι
2479 3068 2540 3122 τὸ
2575 3068 2703 3141 πρὶν
2734 3066 3032 3136 ἐτύγχανον
3049 3066 3100 3118 οἱ
3121 3064 3218 3136 τὴν
3239 3063 3346 3134 γῆν
3369 3061 3686 3124 οἰκοῦντες,
3721 3060 3818 3112 ita

2217 3161 2281 3234 δὴ
2315 3161 2501 3234 ἐχθροὶ
2541 3161 2694 3224 ὄντες
2737 3159 2902 3213 αὐτοῦ
2932 3159 3020 3213 διὰ
3047 3157 3146 3221 τὰς
3180 3156 3294 3210 τῶν
3321 3154 3594 3210 ἀσεϐειῶν
3630 3152 3817 3207 αὐτῶν

3913 2727 3922 2812 μ

3913 2825 3922 2940 i

3909 2927 3922 3192 ἰ

539 3247 728 3302 obrem
759 3247 968 3303 dictum
995 3257 1080 3304 est
1109 3267 1122 3306 :
1157 3279 1229 3290 ——
1257 3247 1424 3306 Vens.
1463 3249 1582 3305 4-7.
1619 3248 1674 3302 Μ
1682 3251 1884 3320 itigasti
1912 3266 2114 3304 omnem

2221 3251 2557 3326 ὑπερϐολάς·
2591 3251 2730 3304 ἀλλὰ
2755 3251 2887 3314 Θεὸς
2917 3245 2988 3320 ἦν
3022 3249 3080 3302 ἐν
3109 3247 3332 3321 Χριστῷ
3361 3247 3566 3316 κόσμον
3598 3245 3812 3298 κατα).-

538 3339 679 3392 iram
709 3349 876 3402 tuam,
919 3342 1153 3395 avertisti
1192 3341 1258 3395 ab
1286 3342 1371 3396 ira
1406 3341 1784 3412 indignationis
1814 3352 1938 3398 tuae.
1976 3342 2117 3398 Con-

539 3439 676 3484 verte
697 3449 812 3496 nos,
836 3432 978 3486 Deus
1001 3433 1324 3487 salutarium
1354 3441 1675 3499 nostrorum,
1699 3443 1748 3487 et
1778 3443 1951 3488 averte
1976 3435 2116 3488 iram

541 3532 690 3577 tuam
715 3541 749 3578 α
777 3523 947 3579 nobis.
979 3521 1236 3596 Nunquid
1281 3525 1336 3578 in
1368 3533 1620 3579 aeternum
1649 3524 1896 3580 irasceris
1926 3525 2118 3582 nobis?

543 3625 636 3668 aut
673 3614 918 3670 extendes
948 3615 1086 3668 iram
1117 3625 1263 3669 tuam
1300 3633 1333 3670 a
1368 3617 1704 3686 generatione
1727 3617 1780 3670 in
1821 3619 2117 3688 generatio-

541 3710 696 3763 nam?
739 3707 898 3769 Deus,
919 3716 975 3760 tu
995 3716 1295 3762 conuertens
1318 3709 1605 3777 viaiﬁcabis
1627 3726 1744 3774 nos,
1775 3720 1826 3764 et
1857 3709 1999 3779 plebs
2025 3721 2116 3766 tua

543 3798 813 3853 iwtabitur
859 3799 911 3853 in
969 3807 1038 3856 te.
1073 3798 1263 3855 Priora
1297 3800 1516 3870 quidem
1551 3800 1619 3854 de
1663 3799 1866 3858 futuris
1913 3804 1968 3856 in
2004 3810 2119 3857 toto

542 3890 676 3946 orbe
703 3891 1232 3961 pramuntiabantur,
1253 3909 1376 3962 quae
1405 3893 1706 3949 secundum
1725 3895 1978 3964 superius
2003 3903 2117 3950 tra-

541 3982 712 4038 ditam
731 3984 1234 4053 interpretationem
1265 3983 1320 4038 in
1350 3983 1586 4040 adventu
1609 3983 1912 4040 Salvatoris
1941 3985 2118 4042 nostri

543 4074 612 4129 ad
648 4073 806 4130 ﬁnem
837 4074 1073 4130 deducta
1103 4083 1251 4131 sunt.
1289 4074 1416 4132 Haec
1445 4091 1575 4133 vero
1618 4092 1740 4148 quas
1791 4083 2114 4143 tractamus,

541 4166 840 4221 orationem
873 4167 1155 4224 continent
1194 4183 1293 4238 pro
1329 4168 1528 4239 populo
1559 4184 1627 4224 ex
1675 4169 2114 4225 circumcisione.

542 4256 680 4324 Quia
713 4256 858 4311 enim
890 4256 1152 4326 propheta
1183 4257 1369 4312 divino
1397 4258 1610 4315 aﬂlatus
1639 4256 1846 4329 Spiritu
1875 4257 2118 4316 Iudaica:

539 4347 717 4416 gentis
743 4361 872 4416 erga
911 4346 1192 4403 Christum
1241 4334 1678 4404 incredulitatem
1706 4349 2115 4421 prospiciebat,

539 4451 754 4494 necnon
779 4435 1075 4491 vindictam
1091 4437 1393 4493 facinorum
1410 4453 1577 4495 causa
1591 4439 1722 4508 ipsis
1739 4438 2112 4510 inﬂigendam;

539 4525 683 4579 hanc
738 4540 838 4595 pro
883 4526 1021 4597 ipsis
1073 4529 1380 4584 orationem
1435 4529 1638 4584 emittit
1675 4537 2116 4600 peropportune;

2223 3437 2512 3510 πτώματα.
2547 3437 2638 3491 Διὸ
2674 3437 2951 3490 λέλεκται·
2985 3437 3384 3499 Κατέπαυσας
3425 3428 3641 3487 πᾶσαν
3693 3430 3809 3495 τὴν

2223 3529 2409 3601 ὀργήν
2441 3544 2588 3595 σου,
2620 3529 3010 3598 ἀπέστρεψας
3044 3527 3162 3582 ἀπὸ
3209 3524 3393 3595 ὀργῆς
3436 3521 3630 3592 θυμοῦ
3662 3538 3801 3575 σου.

2237 3624 2634 3691 Ἐπίστρεψον
2661 3620 2840 3691 ἡμᾶς,
2865 3623 2898 3675 d
2929 3620 3075 3686 Θεὸς
3111 3617 3230 3672 τῶν
3263 3615 3567 3684 σωτηρίων
3602 3613 3800 3684 ἡμῶν,

2223 3714 2322 3766 καὶ
2343 3713 2730 3782 duoetpr
2754 3711 2861 3767 τὸν
2883 3712 3075 3780 θυμόν
3099 3725 3215 3764 σου
3235 3708 3335 3777 ἀφ’
3355 3703 3542 3776 ἡμῶν.
3580 3707 3685 3773 Μή
3715 3708 3800 3768 εἰς

2223 3803 2331 3855 τὸν
2392 3801 2580 3857 αἰῶνα
2631 3801 2965 3874 ὀρτισθήσῃ
3006 3801 3194 3871 nptiae;
3231 3800 3270 3869 ἢ
3330 3797 3614 3863 διατενεῖς
3683 3797 3797 3864 tira-

2224 3893 2413 3965 ὀργήν
2445 3909 2564 3948 σου
2599 3893 2719 3950 ἀπὸ
2765 3892 2977 3965 γενεᾶς
3005 3896 3093 3961 εἷς
3133 3891 3381 3964 γενεάν;
3416 3890 3469 3943 '0
3515 3888 3679 3955 Θεὸς,
3715 3891 3810 3942 σὺν

2224 3986 2596 4056 ἐπιστρέψας
2642 3986 2892 4055 ζὶοώσεις
2923 3986 3114 4057 ήιῶς,
3161 3987 3258 4040 καὶ
3299 3988 3334 4041 ό
3361 3985 3509 4050 λαός
3530 3997 3648 4036 σου
3695 3983 3791 4036 εὑο

2225 4078 2629 4150 φραγ-θήσεται
2649 4081 2748 4135 ἐπὶ
2772 4082 2893 4135 σοι.
2911 4080 2992 4134 Τὰ
3019 4081 3119 4151 μὲν
3137 4080 3376 4153 πρότερα
3398 4077 3792 4151 προεφητεύετο

2225 4171 2354 4242 περὶ
2393 4170 2502 4225 τῶν
2534 4170 2913 4242 γενησομένων
2947 4171 3065 4224 καθ’
3093 4171 3222 4243 ὅλης
3255 4170 3353 4241 τῆς
3383 4168 3504 4239 γῆς,
3528 4167 3563 4222 ἃ
3592 4166 3656 4238 δὴ
3694 4167 3785 4220 καὶ

2223 4262 2411 4326 τέλους
2438 4262 2593 4334 ἔτυχε
2622 4263 2709 4316 διὰ
2741 4263 2839 4334 τῆς
2872 4262 3174 4334 παρουσίας
3210 4261 3304 4322 τοῦ
3350 4261 3592 4332 Σωτῆρος
3627 4259 3796 4330 ἡμῶν.

2227 4353 2367 4407 κατὰ
2395 4355 2496 4426 τὴν
2529 4354 2885 4409 ἀποδοθεῖσαν
2913 4355 3208 4426 ἑρμηνείαν
3226 4370 3240 4385 ’
3270 4353 3340 4406 τὰ
3368 4353 3426 4405 δὲ
3461 4351 3774 4422 προκείμενα

2225 4446 2390 4518 εὐχὴν
2418 4447 2661 4518 περιέχει
2695 4447 2832 4517 ὑπὲρ
2854 4445 2948 4498 τοῦ
2983 4449 3046 4501 ἐκ
3075 4445 3374 4519 περιτομῆς
3406 4443 3549 4496 λαοῦ.
3575 4443 3772 4514 Ἐπειδὴ

2224 4536 2335 4608 γὰρ
2361 4539 2390 4591 ό
2425 4539 2707 4610 προφήτης
2737 4538 2992 4610 προεώρα
3020 4537 3097 4608 τῷ
3123 4536 3251 4608 θείῳ
3291 4535 3556 4606 Πνεύμτι
3586 4534 3673 4605 τὴν
3701 4538 3772 4596 εἰς

2222 3215 2557 3326 ὑπεξὸόλάς·
2591 3251 2730 3304 ἀλλὰ
2755 3251 2887 3314 Θεὸς
2917 3245 2988 3320 ἦν
3022 3249 3080 3302 ἐν
3109 3247 3332 3321 Χριστῷ
3361 3247 3566 3316 κόσμον
3598 3245 3812 3298 mra}:
3923 3303 3928 3310 ο

2222 3346 2436 3401 λάσσων
2463 3344 2672 3416 ἑαυτῷ,
2704 3344 2778 3417 μὴ
2807 3341 3153 3414 λογιζόμενος
3184 3341 3241 3394 δὲ
3281 3340 3464 3402 αὐτοῖς
3506 3338 3577 3392 τὰ
3621 3354 3810 3408 παρα-

2223 3437 2512 3510 πτώματα.
2547 3437 2638 3491 Διὸ
2674 3437 2951 3490 λέλεκται·
2985 3437 3384 3499 Κατέπαυσας
3425 3428 3641 3487 πᾶσαν
3693 3430 3809 3495 τὴν
3923 3429 3926 3432 ’

2223 3529 2409 3584 ὀργήν
2441 3544 2588 3584 σου.
2620 3529 3010 3584 directaesz
3044 3527 3162 3582 ἀπὸ
3209 3524 3393 3584 ὀργῆς
3436 3521 3630 3584 θυμσῦ
3662 3538 3801 3575 σου.

539 4617 618 4671 ita
653 4623 712 4669 ut
749 4616 900 4671 nulla
929 4617 982 4671 in
1013 4618 1228 4688 psalmo
1257 4620 1621 4675 contradictio
1649 4619 2114 4691 deprehendatur,

2220 4629 2313 4684 τὸν
2347 4629 2580 4702 Χριστὸν
2599 4630 2880 4685 ἀπείθειαν
2909 4629 3002 4684 τοῦ
3037 4630 3306 4684 Ἰουδαίων
3335 4629 3533 4692 ἔθνους,
3559 4629 3641 4681 καὶ
3676 4627 3769 4698 τὴν

537 4708 685 4779 quod
715 4724 839 4764 cum
889 4709 1048 4765 initio
1101 4711 1326 4767 meliora
1386 4713 1507 4768 orbi
1549 4713 1880 4769 vaticinatus
1927 4722 2116 4779 esset,

509 4804 648 4873 :jam
675 4803 833 4874 quasi
863 4804 1000 4858 nihil
1030 4804 1159 4860 boni
1186 4805 1442 4859 collatum
1497 4805 1569 4861 sit
1605 4821 1794 4876 preces
1844 4806 2116 4862 instituat.

536 4897 722 4952 Prima
749 4899 933 4967 itaque
963 4897 1030 4951 de
1054 4897 1337 4953 beneﬁciis
1393 4911 1422 4950 a
1457 4896 1743 4953 Salvatore
1775 4906 1967 4952 nostro
2016 4898 2120 4954 hu-

538 5000 702 5040 mano
721 4987 903 5057 generi
919 4986 1290 5043 concedendis
1314 4988 1572 5058 praedicta
1596 4989 1843 5056 fuerant;
1876 4989 2119 5044 secundo

537 5083 719 5130 autem
769 5076 891 5131 loco
934 5091 1036 5147 pro
1083 5077 1490 5137 contribulihus
1547 5093 1577 5132 a
1633 5077 1895 5148 propheta
1927 5092 2118 5148 preces

535 5169 900 5237 emittuntur,
943 5180 1004 5226 ut
1041 5173 1122 5226 ira
1172 5171 1323 5244 ipsos
1355 5171 1613 5226 iuvasura
1643 5171 1895 5239 sedetur;
1953 5180 2117 5244 atque

537 5260 641 5332 ipsi
673 5260 892 5318 demum
927 5261 1022 5317 Dei
1061 5261 1130 5317 ad
1167 5277 1228 5318 se
1263 5262 1658 5328 conversione,
1713 5270 1876 5333 atque
1923 5261 2011 5316 illa
2064 5267 2119 5321 in

535 5353 758 5410 Christo
786 5353 880 5408 Dei
907 5353 1095 5409 laetitia
1125 5353 1274 5425 digni
1306 5355 1631 5410 habeantur.

2223 4721 2680 4795 καταληψομὲνην
2719 4725 2914 4789 αὐτοὺς
2960 4722 3129 4798 ὀργὴν
3161 4723 3270 4776 τῶν
3307 4719 3766 4794 τολμηοησομένων

2221 4813 2406 4877 αὐτοῖς
2461 4815 2645 4870 ἕνεκεν
2669 4857 2684 4881 ,
2747 4817 2972 4881 εἰκότως
3042 4818 3139 4889 τὴν
3198 4814 3555 4888 προκειμένην
3613 4812 3762 4882 εὐχὴν

2223 4905 2366 4976 ὑπὲρ
2390 4907 2570 4962 αὐτῶν
2602 4909 2917 4980 ἀναπέμπει
2939 4927 2953 4940 ·
2994 4909 3070 4973 ὡς
3115 4909 3310 4981 μηκέτι
3351 4907 3524 4962 δοκεῖν
3551 4908 3758 4959 ἐναντιο-

2222 4997 2410 5068 λογίαν
2437 5001 2714 5074 περιέχειν
2740 5002 2833 5055 τὸν
2866 5002 3102 5074 ψαλμὸν,
3129 5002 3384 5073 ἀνωτέρω
3413 5000 3508 5072 μὲν
3541 4999 3599 5053 τὰ
3633 5015 3756 5069 χρη-

2221 5091 2451 5165 στότερα
2471 5094 2802 5148 θεσπίσαντα
2839 5095 2985 5167 πάσῃ
3017 5097 3084 5166 τῇ
3109 5097 3203 5166 γῇ,
3253 5096 3311 5146 ἐν
3335 5094 3394 5147 δὲ
3432 5095 3535 5155 τοῖς
3558 5106 3746 5162 προκει-

2224 5181 2426 5252 μένοις,
2459 5176 2535 5248 ὡς
2569 5185 2794 5255 μηδενὸς
2831 5185 3037 5256 ἀγαθοῦ
3075 5186 3464 5258 πεπραγμένου
3493 5183 3576 5254 τὴν
3609 5181 3750 5250 εὐχὴν

2219 5272 2502 5337 διεξιόντα.
2545 5277 2627 5330 Τὰ
2653 5279 2832 5331 τοίνυν
2869 5279 3065 5352 πρῶτα
3100 5279 3230 5350 περὶ
3275 5278 3385 5331 τῶν
3428 5275 3510 5330 διὰ
3537 5273 3613 5328 τοῦ
3652 5272 3747 5324 Σω·

2219 5364 2384 5436 τῆρος
2415 5367 2572 5438 ήμῶν
2611 5371 3055 5444 παρασχεθεισῶν
3085 5371 3164 5443 τῷ
3207 5369 3316 5424 τῶν
3359 5367 3630 5440 ἀνθρώπων
3660 5362 3744 5432 βίῳ

537 5448 866 5521 εὐεργεσιῶν
885 5447 1411 5521 προεφητεύετοοτὰ
1436 5448 1493 5502 δὲ
1524 5448 1750 5522 δεύτερα
1803 5450 1833 5504 ό
1864 5453 2146 5526 προφήτης
2184 5455 2324 5529 ὑπὲρ
2373 5460 2482 5514 τῶν
2531 5463 2806 5535 ὁμοεθνῶν
2871 5464 3088 5536 εὔχεται
3116 5504 3128 5528 ,
3178 5463 3438 5519 ἱκετεύων
3488 5455 3742 5514 παύσασθαι

541 5542 641 5613 μὲν
710 5541 812 5614 τὴν
850 5542 973 5596 κατ’
1049 5539 1230 5594 αὐτῶν
1283 5539 1453 5612 ὀργὴν
1477 5582 1492 5609 ,
1524 5540 1923 5614 καταξιωθῆναι
1975 5544 2033 5598 δὲ
2095 5546 2189 5602 καὶ
2224 5551 2423 5617 αὐτοὺς
2459 5554 2559 5626 τῆς
2602 5555 2694 5611 τοῦ
2748 5557 2884 5614 Θεοῦ
2916 5559 3251 5632 ἐπιστροφῆς
3290 5557 3382 5613 καὶ
3427 5556 3520 5628 τῆς
3561 5550 3634 5606 ἐπὶ
3670 5545 3738 5619 τῷ

537 5637 762 5712 Χριστῷ
784 5638 878 5693 τοῦ
911 5637 1046 5692 Θεοῦ
1080 5636 1436 5709 εὐφροσύνης.

608 5840 654 5876 ’⁷
693 5836 796 5896 lsa.
831 5851 954 5905 ut,
989 5838 1041 5896 1.
1117 5838 1162 5872 ⁵⁸
1196 5838 1334 5897 Luc.
1369 5854 1440 5910 iv,
1643 5839 1684 5872 δ’
1719 5837 1863 5896 Psal-
1887 5853 2038 5908 XXXI.
2063 5838 2112 5894 1·
