3972 6812
49 313 270 371 ιοξι

1329 288 1837 366 mansuram
1876 305 1943 361 ιιι
1982 304 2320 362 PSALMOS.

3323 309 3469 366 102%

182 430 474 493 Δεῖξον
520 428 690 500 ἡμῖν,
718 428 919 498 Κύριε,
953 427 1022 482 τὸ
1054 415 1240 494 ἔλεός⁴
1262 443 1380 482 σου
1413 427 1512 483 καί
1551 430 1618 482 τὸ
1658 443 1775 482 σω-

1947 426 2116 484 νιειιε.
2151 428 2208 483 8.
2251 425 2480 484 Ostende
2520 425 2706 494 nobis,
2754 427 3009 494 Domine,
3041 428 3464 486 misericordiam

81 527 376 595 τιξριόν
419 539 552 578 σου
573 521 728 591 δῴης
761 521 925 592 ἡμῖν.
951 522 1071 575 Ἔτι
1105 521 1199 576 καὶ
1232 521 1407 576 ταῦτα
1428 524 1456 576 6
1483 522 1778 594 Προφήτης

89 617 424 688 εὔχεται,
464 614 726 670 ἱκετεύων
758 612 1158 684 καταξιωθῆναι
1184 613 1277 668 καὶ
1299 613 1463 677 αὐτὸς
1483 613 1779 684 ὀφθαλμοῖς

103 709 541 781 παραλαϐεῖν
573 707 642 762 τά
669 707 928 779 μέλλοντα
961 705 1180 760 ἔσεσθαι
1219 706 1308 760 διά
1339 705 1434 759 τοῦ
1471 706 1654 770 ἐλέους
1684 704 1775 760 τοῦ

103 797 321 863 Θεοῦ,
353 798 402 853 ἃ.
429 798 503 869 δὴ
523 799 582 851 ὲν
607 800 720 862 τοῖς
744 797 1001 868 ἀνωτέρω
1020 795 1444 868 προεφητεύετο.
1467 795 1782 868 Παρακαλεί

0 907 4 914 '
112 891 192 946 δὲ
235 891 360 945 καὶ
405 889 520 961 τῆς
544 887 640 942 τοῦ
685 886 924 960 Χριστοῦ
957 890 1038 952 είς
1074 888 1394 961 ἀνθρώπους
1428 889 1778 960 ὲπιλάμψεως

0 977 8 986 ’
113 985 354 1055 τυχεῖν
386 1022 406 1046 ,
463 981 554 1036 διά
607 980 704 1036 τοῦ
745 981 1008 1051 φάσκειν·
1051 982 1162 1036 Καὶ
1197 983 1263 1037 τὸ
1317 983 1616 1052 σωτήριόν
1660 998 1778 1038 σου

119 1074 328 1144 (Squ
360 1074 549 1146 ἡμῖν.
578 1075 775 1144 Σαφῶς
805 1074 861 1128 δὲ
900 1073 964 1128 τὸ
1003 1077 1273 1148 σωτήριον
1319 1076 1481 1130 αὐτὸν
1521 1071 1660 1130 εἶναι
1687 1076 1779 1129 τὸν

0 1165 10 1194 ί
126 1168 423 1241 Χριστὸν
492 1165 729 1232 ἐδίδαξεν
761 1168 790 1220 6
844 1165 1071 1238 Συμεὼν
1120 1169 1178 1220 ἐν
1229 1171 1340 1232 τοῖς
1393 1168 1774 1237 Εὐαγγελίοις·

126 1259 353 1320 λαϐὼν
387 1259 536 1329 γοῦν
573 1258 712 1331 μετά
738 1261 927 1331 χεῖρας
959 1257 1039 1312 ἔτι
1068 1260 1261 1330 νήπιον
1289 1259 1417 1314 ὅντα
1435 1260 1525 1314 τὸν
1548 1260 1774 1330 Ἰησοῦν,

0 1349 10 1381 '-
127 1347 286 1405 εἷπε
309 1369 328 1382 ο
377 1352 525 1408 Νῦν
545 1352 838 1418 ἀπολύεις
865 1351 974 1406 τὸν
1022 1350 1250 1407 δοῦλόν
1289 1369 1406 1406 σου
1427 1392 1442 1415 ,
1477 1351 1775 1416 δέσποτα,

127 1441 322 1497 κατὰ
376 1442 500 1496 τὸν
540 1443 730 1514 λόγον
775 1459 893 1498 σου
949 1443 1020 1497 ἐν
1058 1442 1287 1512 εἰρήνῃ.
1339 1445 1459 1497 Ὅτι
1517 1441 1683 1498 εἶδον
1724 1447 1778 1498 οἱ

136 1535 491 1606 ὀφθαλμοί
538 1553 660 1605 μου
687 1534 756 1590 τὸ
789 1533 1094 1604 Σωτήριόν
1135 1551 1274 1591 σου.
1323 1535 1494 1591 Τοῦτο
1523 1533 1616 1590 οὖν
1647 1538 1780 1592 αὐτὸ

147 1630 265 1688 καὶ
303 1629 338 1682 ὁ
375 1629 687 1702 Προφήτης
712 1628 841 1684 ἰδεῖν
880 1627 1132 1699 εὖχεται”
1164 1629 1247 1683 διό
1285 1647 1449 1702 φησιν
1491 1634 1520 1684 6
1548 1631 1773 1702 Σωτήρο

1884 530 2051 586 ιιιαιη,
2072 529 2123 576 et
2143 521 2383 576 salutare
2403 530 2552 575 tuum
2573 522 2646 575 da
2675 521 2848 578 nobis.
2883 521 2983 580 Hic
3003 523 3166 579 etiam
3184 522 3462 594 Propheta

1883 615 2158 684 precando
2193 613 2424 680 insistit,
2456 621 2518 668 ut
2553 614 2670 686 ipse
2696 630 2915 686 quoque
2940 615 3139 687 dignus
3170 615 3459 681 habeatur,

1879 707 1972 777 qui
1997 722 2059 762 ea
2106 723 2227 777 quae
2251 723 2350 779 per
2376 707 2813 764 misericordiam
2844 707 2937 765 Dei
2965 718 3260 772 eventura,
3312 723 3462 780 qua:-

1879 814 1986 867 que
2011 805 2170 854 antea
2198 801 2560 869 prmnuntiata
2586 810 2736 864 sunt,
2765 800 2940 856 oculis
2968 800 3253 872 percipiat.
3285 797 3463 872 Rogat

1880 891 2007 945 item
2038 897 2097 944 ut
2128 890 2447 960 splendendi
2499 891 2646 946 illius
2697 890 2900 946 Christi
2942 891 3009 944 ad
3053 890 3308 945 homines
3358 888 3460 944 ad-

1879 991 2076 1038 ventus
2107 983 2223 1054 ipse
2254 998 2484 1039 consors
2504 982 2789 1048 eﬂiciatur,
2817 997 2942 1038 cum
2971 982 3081 1046 ait,
3113 980 3184 1036 Et
3222 982 3462 1036 salutare

1881 1085 2028 1130 tuum
2057 1075 2324 1132 domabis.
2360 1075 2611 1132 Salutare
2641 1084 2822 1131 autem
2857 1075 2989 1131 illud
3022 1075 3313 1131 Christum.
3335 1089 3462 1131 esse

1864 1172 2027 1227 clare
2056 1171 2216 1228 docet
2247 1173 2300 1226 in
2331 1171 2640 1242 Evangeliis
2666 1169 2888 1225 Simeon
2917 1189 2929 1224 :
2963 1169 3079 1240 qui,
3111 1168 3244 1225 Jesu
3279 1169 3462 1225 adhuc

1881 1265 2090 1322 infante
2118 1267 2174 1320 in
2209 1266 2354 1322 ulnis
2389 1271 2638 1336 accepto,
2669 1263 2806 1318 dixit
2836 1283 2848 1318 :
2891 1261 3048 1316 Nunc
3079 1261 3305 1317 dimittis
3347 1277 3461 1317 ser-

1879 1375 1998 1412 vum
2061 1369 2250 1422 tuum,
2305 1358 2564 1420 Domine,
2613 1356 2900 1412 secundum
2949 1355 3162 1411 verbum
3193 1365 3342 1410 tuum
3404 1355 3461 1409 in

1877 1468 2023 1520 pace.
2057 1451 2197 1518 Quia
2234 1451 2473 1505 viderunt
2517 1449 2659 1504 oculi
2717 1449 2815 1502 mei
2873 1448 3110 1502 salutare
3169 1457 3322 1502 tuum
3386 1447 3456 1503 ⁵⁸.

1880 1543 2116 1613 Idipsum
2167 1541 2354 1596 videre
2394 1548 2646 1611 peroptat
2677 1538 2952 1609 Propheta
2984 1558 2998 1593 :
3052 1538 3175 1594 ideo
3206 1535 3460 1594 Salvator

1877 1636 1975 1699 ait,
2005 1634 2166 1688 Multi
2195 1633 2460 1704 propheta:
2485 1643 2535 1687 et
2553 1632 2693 1702 justi
2721 1632 2994 1686 voluerunt
3024 1631 3195 1685 videre
3223 1647 3339 1701 qua:
3368 1647 3458 1684 vos

149 1721 413 1780 Πολλοί
451 1720 752 1790 προφῆται
787 1721 886 1775 καί
908 1721 1124 1777 δίκαιοι
1152 1723 1539 1793 ἐπεθύμησαν
1558 1723 1709 1778 ἰδεῖν
1737 1723 1776 1777 ἂ

1883 1724 2086 1790 videtis,
2117 1734 2166 1779 et
2197 1741 2299 1778 non
2324 1723 2562 1793 viderunt
2592 1723 2660 1777 “.
2684 1751 2753 1761 —
2776 1720 2942 1776 Vens.
2977 1721 3032 1775 9.
3069 1719 3300 1774 Audiam
3329 1720 3458 1790 quid

157 1813 357 1887 ὑμεῖς
387 1783 686 1880 βλὶπὲ-τὲ,
719 1813 816 1869 καί
843 1815 956 1868 οὐκ
991 1809 1174 1869 εἶδον.
1210 1783 1562 1886 Ἀκονύσομαι
1590 1816 1649 1869 τί
1667 1819 1776 1870 ,ια-

1883 1819 2122 1889 lcquetur
2161 1819 2219 1871 in
2251 1832 2333 1870 me
2387 1815 2644 1869 Dominus
2690 1814 2870 1878 Deus,
2914 1814 3163 1885 quoniam
3217 1815 3458 1885 loquetur

155 1905 366 1975 λήσει
385 1907 463 1961 ἐν
483 1906 614 1977 ἐμοὶ
642 1907 858 1978 Κύριος
876 1909 910 1961 ὁ
941 1905 1106 1973 Θεὸς,
1130 1907 1219 1961 ὅτι
1239 1907 1497 1978 λαλήσει
1525 1906 1776 1977 εἰρήνην

161 1973 277 2052 ἐπὶ
316 1997 438 2053 τόν
458 1973 614 2054 λαὸν
638 1973 845 2063 αὑτοῦ,
886 1999 987 2054 καί
1013 1999 1110 2052 ἐπὶ
1147 2000 1290 2068 τοὺς
1333 1973 1544 2068 ὁσίους
1564 1973 1772 2065 αὐτοῦ,

169 2093 279 2148 καὶ
323 2093 433 2148 ἐπὶ
469 2093 613 2160 τοὺς
643 2093 1117 2162 ἐπιστρέφοντας
1158 2094 1435 2165 καρδίαν.
1464 2095 1776 2168 Εὐξάμενος

167 2187 202 2239 ὁ
225 2181 556 2258 Προφήτης,
585 2187 650 2255 τῇ
677 2186 854 2255 σιωπῇ
881 2183 1074 2238 ἑαυτὸν
1096 2185 1452 2257 παραδίδωσι,
1477 2187 1776 2251 πιστεύσας

174 2273 878 2349 έπακουσθήσεσθαι.Εἷτα
909 2277 1285 2349 προσδοκήσας
1316 2279 1662 2350 ἀποκρίσεως
1683 2297 1776 2333 τυ-

175 2372 302 2442 χεῖν
351 2387 523 2441 φησιν
569 2369 730 2433 αὐτὸς
772 2369 909 2441 πρὸς
954 2370 1146 2424 αὐτόν’
1183 2369 1266 2424 Τά
1324 2370 1421 2442 μὲν
1463 2371 1564 2443 τῆς
1609 2371 1776 2443 εὐχῆς

179 2479 278 2536 μοι
305 2461 538 2518 τοιαῦτα
576 2461 765 2530 γέγονε
783 2479 796 2492 ·
826 2461 1016 2533 καιρὸς
1041 2461 1098 2515 δὲ
1131 2461 1316 2516 λοιπὸν
1345 2463 1648 2520 ἐπακοῦσαι
1678 2462 1774 2517 τοῦ

179 2551 348 2620 ἁγίου
374 2551 725 2623 Πνεύματος,
765 2553 858 2606 καὶ
913 2552 1104 2624 μαθεῖν
1142 2554 1272 2626 παρ’
1300 2554 1466 2609 αὑτοῦ
1497 2555 1548 2608 τί
1589 2555 1776 2626 μέλλοι

184 2641 473 2706 θεσπίζειν
507 2644 755 2715 περὶτῆς
782 2644 1007 2716 είρήνης
1030 2644 1124 2698 τοῦ
1143 2645 1273 2700 λαοῦ
1301 2646 1487 2713 αὑτοῦ,
1526 2649 1620 2702 καὶ
1650 2649 1776 2720 περὶ

185 2735 300 2788 τῶν
344 2735 650 2808 μελλόντων
681 2735 770 2792 διά
796 2737 890 2791 τοῦ
932 2737 1168 2810 Χριστοῦ
1204 2738 1368 2793 αὐτοῦ
1406 2739 1773 2814 ἐπιστρέφειν.

191 2825 331 2882 Εἶτα
361 2827 536 2900 βραχύ
561 2845 613 2882 τι
629 2829 998 2902 ὲφησυχάσας,
1025 2829 1328 2902 πληροῦται
1347 2830 1441 2884 τοῦ
1462 2831 1778 2903 Πνεύματος

193 2921 290 2974 τοῦ
325 2920 494 2985 θείου,
549 2919 646 2976 καῖ
693 2921 1025 2994 προφητεύει
1071 2922 1200 2993 ἑξῆς
1251 2916 1353 2977 ὧδέ
1400 2941 1518 2988 πως
1573 2907 1775 2993 λέγων·

197 3010 372 3080 Πλὴν
393 3010 575 3082 ἐγγὺς
594 3010 713 3065 τῶν
731 3009 1118 3082 φοϐουμένων
1151 3011 1339 3066 αὐτὸν
1381 3013 1448 3067 τὸ
1480 3012 1780 3082 σωτήριον

1875 1928 2055 1982 pacem
2086 1912 2140 1964 in
2166 1910 2364 1980 plebem
2384 1926 2560 1976 suam,
2583 1917 2632 1963 et
2674 1909 2730 1962 in
2779 1918 2991 1963 sanctos
3022 1924 3145 1962 suos
3177 1915 3227 1962 et
3280 1909 3334 1961 in
3367 1923 3455 1961 eos

1875 2006 1966 2076 qui
1992 2013 2365 2060 convertuntur
2390 2002 2564 2058 corde.
2595 2000 2890 2072 Postquam
2918 2009 3174 2074 precatus
3211 2008 3296 2056 est
3324 2001 3459 2053 Pro-

1877 2099 2074 2170 pheta,
2129 2107 2315 2152 certus
2363 2112 2422 2152 se
2476 2095 2876 2151 exaudiendum
2925 2110 3082 2159 esse,
3138 2095 3357 2150 silentio
3397 2108 3457 2149 se

1877 2190 2067 2246 tradit.
2104 2188 2247 2244 Hinc
2275 2189 2406 2244 dum
2436 2187 2852 2258 responsionem
2881 2193 3186 2258 exspectat,
3225 2202 3347 2242 sese
3372 2186 3455 2241 sic

1877 2281 2176 2354 alloquitur
2208 2299 2222 2336 :
2257 2279 2406 2335 Talis
2461 2277 2562 2333 fuit
2619 2280 2861 2350 precatio
2910 2293 3063 2345 mea;
3096 2278 3206 2348 jam
3242 2287 3456 2347 tempus

1877 2379 1962 2429 est
1991 2383 2054 2428 ut
2085 2371 2352 2444 Spiritum
2405 2379 2659 2428 sanctum
2692 2370 2946 2435 audiam,
2995 2378 3050 2426 et
3091 2370 3162 2425 ab
3212 2369 3306 2424 illo
3342 2369 3457 2424 edi-

1877 2480 2052 2533 scam,
2085 2463 2218 2536 quid
2251 2464 2318 2520 de
2345 2479 2480 2536 pace
2527 2463 2710 2534 populi
2759 2463 2845 2518 sui
2906 2470 2960 2518 et
3015 2461 3082 2517 de
3113 2461 3182 2517 iis
3209 2461 3302 2532 qui
3361 2477 3458 2531 per

1877 2559 2159 2616 Christum
2218 2574 2379 2614 suum
2436 2555 2787 2614 convertendi
2840 2561 3002 2620 sunt,
3060 2555 3456 2610 vaticinaturus

1879 2649 1973 2708 sit.
2012 2649 2219 2707 Deinde
2269 2665 2398 2706 vero
2449 2657 2738 2720 postquam
2803 2646 3024 2716 paulum
3093 2644 3342 2703 substitit
3401 2651 3456 2700 et

1879 2741 2106 2814 quievit,
2172 2740 2381 2814 Spiritu
2437 2739 2622 2796 divino
2696 2737 2968 2809 repletur;
3049 2747 3104 2791 et
3177 2736 3283 2792 sub
3341 2733 3458 2790 haec

1881 2836 2221 2908 prophetiam
2265 2835 2378 2891 edit
2419 2833 2504 2890 his
2536 2831 2756 2890 verbis:
2794 2861 2860 2872 —-
2895 2829 3059 2885 Vsus.
3111 2828 3198 2884 10.
3236 2827 3457 2882 Verum-

1884 2939 2058 2984 tamen
2089 2943 2248 2999 prope
2278 2927 2516 2981 timentes
2547 2941 2667 2980 eum
2700 2923 2937 2979 salutare
2955 2923 3145 2992 ipsius,
3170 2929 3228 2975 ut
3247 2919 3460 2975 inhabi-

1885 3031 1955 3078 tet
1979 3021 2153 3094 gloria
2197 3021 2252 3075 in
2285 3029 2426 3075 terra
2477 3026 2680 3074 nostra.
2713 3015 2812 3073 His
2839 3023 3020 3074 autem
3047 3015 3289 3072 declarat
3315 3013 3461 3083 jam-

197 3103 408 3168 αὑτοῦ,
444 3092 551 3159 τοῦ
581 3102 1050 3172 κατασκηνῶσαι
1079 3102 1267 3167 δόξαν
1287 3103 1356 3157 ἐν
1386 3103 1462 3173 τῇ
1481 3102 1560 3174 τῇ
1588 3104 1776 3175 ήμῶν-ο

1883 3092 1996 3185 iam
2022 3112 2382 3169 adventuram
2420 3109 2738 3178 hominibus
2785 3124 2909 3166 esse
2956 3105 3200 3164 salutare
3243 3103 3362 3169 Dei,
3389 3104 3460 3160 de

204 3194 511 3270 ιέαρίστησι
541 3195 600 3250 δὲ
625 3195 714 3251 διά
738 3195 967 3260 τούτων,
997 3196 1122 3248 ὅσον
1153 3195 1366 3249 οὐδέπω
1402 3196 1615 3268 μέλλειν
1661 3198 1779 3250 ἐπι-

207 3287 497 3359 στήσεσθαι
522 3285 831 3360 ἀνθρώποις
859 3285 920 3340 τδ
951 3288 1218 3358 σωτήριον
1240 3285 1333 3345 τοῦ
1373 3285 1528 3350 Θεοῦ,
1552 3288 1682 3360 περὶ
1717 3280 1778 3340 οὗ

209 3381 462 3454 ἀνωτέρω
511 3378 714 3454 ηὔξατο
746 3377 943 3433 εἰπών’
991 3377 1200 3444 Δεῖξον
1246 3375 1424 3447 ἡμῖν,
1459 3377 1662 3446 Κύριε,
1710 3377 1780 3432 τὸ

211 3473 377 3539 ἔλεός
405 3488 539 3538 σου,
561 3470 662 3526 καί
687 3470 753 3526 τὸ
782 3467 1079 3538 σωτήριόν
1107 3483 1224 3524 σου
1248 3465 1408 3538 δῴης
1443 3468 1606 3539 ἡμῖν.
1640 3468 1782 3522 Αὐτὸ

213 3563 276 3638 δή
308 3560 398 3618 οὖν
430 3564 587 3618 τοῦτό
621 3581 754 3637 φησι
789 3563 852 3618 τὸ
889 3564 1165 3637 Σωτήριον
1192 3561 1429 3631 ξγγιστα
1473 3561 1778 3634 τυγχάνειν,

215 3657 306 3710 καὶ
351 3655 571 3728 πλησίον
607 3655 709 3726 ήδη
735 3654 830 3709 καὶ⁹
866 3655 1034 3724 ἐγγὺς
1075 3652 1186 3707 τῶν
1225 3651 1576 3724 φοϐουμένων
1621 3652 1783 3712 αὑτὸν

218 3745 372 3818 εἶναι,
394 3748 562 3806 αἴτιον
603 3747 846 3822 ὑπάρχον
881 3745 978 3802 τοῦ
1027 3745 1452 3818 κατασκηνῶσαι
1488 3743 1645 3809 δόξαν
1688 3745 1784 3798 καὶ

222 3841 538 3914 σκηνώματα
594 3842 858 3915 συστῆσαι
887 3842 946 3895 ὲν
974 3842 1041 3912 τῇ
1075 3842 1148 3912 γῇ
1189 3839 1366 3912 ἡμῶν.
1404 3836 1567 3903 Ἔθος
1611 3837 1670 3891 δὲ
1713 3840 1782 3912 τῇ

224 3933 339 4009 θεία
371 3935 555 4007 Γραφῇ
586 3935 679 3990 τὸν
723 3934 958 4007 Χριστὸν
987 3933 1083 3986 τοῦ
1116 3931 1251 3986 Θεοῦ
1288 3933 1558 4004 σωτήριον
1583 3930 1783 4002 ὀνομά-

228 4026 352 4101 ζειν,
383 4026 633 4091 πολλάκις
681 4027 770 4083 διά
800 4027 1011 4082 πολλῶν
1057 4025 1443 4097 ἀπεδείξαμεν.
1475 4026 1542 4079 '0
1585 4023 1650 4095 δὴ
1692 4023 1787 4076 καὶ

229 4117 317 4172 νῦν
351 4116 610 4183 θεσπίζων
651 4119 680 4172 6
729 4117 908 4187 λόγος,
947 4118 1185 4193 παρίστη
1218 4117 1486 4172 διδάσκων
1524 4115 1646 4170 ἀντὶ
1685 4113 1787 4185 τῆς

232 4209 477 4284 προτέρας
505 4209 730 4280 ἀτιμίας
752 4213 848 4279 τῆς
878 4210 1019 4266 κατὰ
1043 4210 1140 4288 τήν
1169 4207 1614 4280 εἰδωλολατρείαν
1652 4207 1787 4259 ὐπο-

235 4303 420 4373 στάσης
461 4302 519 4356 ὲν
550 4304 615 4374 τῇ
644 4304 714 4373 γῇ
750 4301 907 4368 δόξαν
931 4305 988 4356 ὲν
1027 4303 1164 4372 αὐτῇ
1197 4298 1661 4372 κατασκηνώσειν,
1690 4297 1786 4351 καὶ

237 4394 544 4469 σκηνώματα
582 4394 858 4466 πανταχοῦ
917 4394 1019 4466 γῆς
1067 4392 1450 4466 ἱδρυθήσεσθαι
1495 4391 1654 4463 δόξης
1685 4390 1785 4461 τῆς

1882 3221 1992 3281 quo
2033 3204 2287 3277 superius
2310 3201 2427 3259 baac
2455 3203 2783 3274 precabatur
2813 3218 2828 3255 :
2864 3198 3093 3258 Ostende
3132 3197 3303 3265 nobis,
3341 3195 3456 3250 Do-

1881 3298 2041 3362 mine,
2079 3293 2497 3352 misericordiam
2526 3303 2695 3359 tuam,
2723 3303 2775 3350 et
2807 3292 3044 3348 salutare
3075 3300 3224 3345 tuum
3253 3287 3327 3342 da
3365 3303 3461 3342 no-

1883 3390 1983 3446 bis.
2001 3389 2116 3445 iloc
2133 3390 2310 3460 ipsum
2334 3383 2701 3458 salutare'jam
2720 3385 3029 3457 proximum
3075 3397 3199 3440 esse
3220 3381 3463 3437 declarat

1882 3497 1947 3538 ac
1977 3483 2216 3538 vicinum
2242 3481 2560 3538 timentibus
2593 3494 2753 3544 eum,
2795 3478 3086 3551 ipsumque
3119 3490 3304 3533 veram
3337 3490 3461 3530 esse

1881 3588 2106 3630 causam
2139 3587 2240 3629 cur
2289 3571 2462 3645 gloria
2506 3569 2774 3628 inhabitet
2818 3576 2874 3624 et
2911 3567 3264 3624 tabernacula
3290 3570 3462 3636 ponat

1885 3667 1942 3726 in
1981 3673 2128 3722 terra
2149 3673 2360 3722 nostra.
2395 3664 2453 3721 ld
2480 3671 2662 3720 autem
2688 3661 2861 3718 moris
2885 3675 3010 3716 esse
3055 3658 3352 3729 Scriptum
3383 3655 3464 3712 di-

1885 3759 2043 3827 vina,
2074 3766 2136 3814 ut
2162 3759 2439 3814 Christum
2467 3756 2563 3813 Dei
2607 3756 2852 3812 salutare
2888 3762 3190 3822 nuncupet,
3217 3765 3363 3820 saepe
3406 3756 3463 3804 et

1886 3853 2135 3925 pluribus
2160 3850 2660 3923 comprobavimus.
2693 3845 2852 3914 Quod
2892 3860 3024 3902 sane
3075 3844 3179 3898 hoc
3225 3843 3280 3897 in
3320 3842 3461 3897 vati-

1885 3942 2032 3998 cinio
2075 3941 2407 4002 declaratur,
2439 3937 2650 3993 scilicet
2670 3935 2792 3990 loco
2822 3931 3024 4003 prioris
3055 3929 3311 3992 infamiae,
3340 3940 3464 3998 quae

1885 4033 2209 4090 idololatriae
2252 4043 2500 4101 tempore
2544 4028 2600 4084 in
2645 4034 2793 4080 terra
2839 4021 3182 4085 versabatur,
3233 4017 3462 4089 gloriam

1885 4124 2087 4180 ibidem
2120 4108 2513 4182 habitaturam,
2537 4124 2592 4173 et
2619 4114 2972 4172 tabernacula
2999 4112 3187 4184 gloriae
3227 4109 3340 4165 Dco
3365 4122 3465 4179 per

1887 4213 2256 4287 evangelicum
2283 4211 2590 4268 doctrinam
2621 4209 2944 4271 referendae,
2968 4205 3171 4276 ubique
3192 4211 3464 4257 terrarum

1891 4281 2102 4381 ﬁgenda
2147 4323 2292 4364 esse.
2349 4303 2663 4360 Secundum
2711 4301 2829 4357 haec
2875 4298 3100 4356 modum
3145 4296 3320 4366 aperit
3355 4308 3465 4364 quo
3549 4281 3558 4344 ἓ

1892 4400 2160 4472 promissa
2181 4396 2504 4470 complenda
2541 4400 2692 4460 sunt,
2717 4392 2803 4449 his
2830 4389 3013 4447 verbis
3039 4407 3053 4443 :
3078 4417 3151 4430 —
3172 4385 3342 4441 Vsus.
3373 4383 3463 4438 il.

235 4489 306 4560 τῷ
338 4488 444 4562 Θεῷ
471 4487 560 4542 διὰ
595 4489 696 4560 τῆς
735 4487 1092 4558 εὐαηελικῆς
1129 4485 1474 4548 διδασκαλίας
1519 4481 1782 4554 ἀνατεθη-

1889 4492 2261 4550 Misericordia
2295 4502 2344 4546 et
2387 4489 2580 4545 veritas
2615 4487 2950 4542 obviaverunt
2998 4480 3122 4548 sibi,
3173 4475 3389 4550 iustitia
3415 4485 3466 4530 et

241 4581 468 4653 σομένης.
525 4575 659 4635 Εἶτα
708 4579 920 4644 τούτοις
977 4578 1105 4649 ἑξῆς
1152 4578 1244 4632 τὸν
1291 4578 1518 4650 τρόπον,
1559 4574 1682 4630 καθ’
1727 4573 1787 4628 ὃν

243 4672 436 4744 ἔμελλεν
477 4670 1043 4745 ἀποπληρωθήσεσθαι
1093 4669 1162 4723 τὰ
1203 4669 1622 4744 ἐπηγγελμένα,
1669 4669 1787 4723 δια-

246 4768 386 4835 σαφεῖ
423 4765 624 4835 λέγων⁹
662 4767 872 4835 Ἔλεος
916 4763 1014 4818 καί
1071 4761 1324 4829 ἀλήθεια
1364 4759 1787 4830 συνήντησαν,

247 4857 566 4926 δικαιοσύνη
614 4857 712 4912 καί
738 4857 948 4927 είρήνη
991 4855 1428 4926 κατεφίλησαν.
1462 4853 1568 4908 Δύο
1597 4852 1662 4925 δὴ
1700 4851 1789 4908 διὰ

247 4949 422 5006 τούτων
446 4949 698 5018 συζυγίας
729 4950 893 5021 φησιν
920 4949 1176 5022 ἀλλήλαις
1203 4946 1624 5020 συνηντηκέναι,
1655 4939 1730 5000 ὧν
1755 4947 1789 5018 ή

249 5040 415 5116 πρώτη
438 5042 615 5108 ἐλέους
644 5038 712 5114 ἦν
743 5041 838 5098 καὶ
867 5041 1146 5114 ἀληθείας,
1176 5043 1211 5115 ή
1238 5041 1295 5095 δὲ
1327 5039 1558 5113 δευτέρα
1587 5039 1792 5093 δικαιο-

250 5133 392 5206 σύνης
427 5135 514 5189 καὶ
556 5134 798 5207 εἰρήνης.
834 5135 1179 5205 Συνήντησαν
1211 5133 1487 5206 ἀλλήλαις,
1512 5132 1666 5205 φησὶ,
1697 5131 1790 5186 καὶ

255 5227 464 5300 φιλικοὺς
511 5227 836 5298 ἀσπασμοὺς
863 5227 1269 5282 ἀποδεδώκασι·
1319 5225 1689 5298 κατεφίλησάν
1729 5239 1790 5276 τε

255 5319 368 5391 ὁμοῦ
386 5319 472 5392 τὴν
501 5319 849 5392 δικαιοσύνην
870 5319 965 5374 καὶ
995 5319 1094 5392 τὴν
1129 5321 1353 5394 εἰρήνην
1379 5322 1414 5389 ή
1442 5319 1670 5391 ἀλήθεια
1697 5317 1794 5372 καὶ

257 5409 310 5464 τί,
330 5409 470 5473 ἔλεος.
507 5402 676 5464 Πόθεν
705 5410 763 5464 δὲ
785 5409 1120 5482 ἀφικόμεναι
1145 5409 1401 5482 ἀλλήλαις
1431 5410 1791 5482 συνήντησαν,

263 5503 396 5558 πάλιν
417 5503 613 5568 ὑποϐὰς
641 5503 883 5558 διδάσκει
902 5503 1105 5572 λέγων·
1149 5501 1417 5573 Ἀλήθεια
1449 5503 1520 5557 ἐκ
1545 5502 1658 5572 τῆς
1683 5501 1796 5575 γῆς

263 5597 502 5662 ἀνέτειλε,
531 5597 628 5651 καί
667 5597 1020 5667 δικαιοσύνη
1062 5597 1130 5651 ἐκ
1165 5595 1271 5650 τοῦ
1312 5597 1572 5665 οὐρανοῦ
1598 5596 1795 5653 διέκυ-

323 5779 360 5808 ⁶⁰
392 5777 502 5834 Luc.
541 5795 617 5845 ιι,
654 5779 856 5847 29,50.
932 5779 972 5812 δ’
1019 5777 1212 5836 Matth.
1248 5793 1380 5844 xm,
1418 5777 1504 5834 Π.

1887 4603 1994 4658 pax
2027 4585 2280 4642 osculata:
2322 4593 2466 4638 sunt.
2516 4579 2614 4636 liis
2661 4594 2828 4652 porro
2861 4576 3018 4633 binas
3049 4571 3469 4643 coniugationes

1888 4677 2163 4733 coaluisse
2192 4675 2374 4742 docet,
2403 4687 2636 4744 quarum
2671 4670 2846 4741 prima
2879 4673 2966 4724 est
2998 4660 3390 4720 misericordiae
3413 4667 3470 4715 et

1889 4769 2170 4836 veritatis;
2203 4767 2446 4825 secunda
2471 4781 2620 4830 vero,
2648 4761 2877 4835 iustitia:
2904 4769 2960 4817 et
3000 4756 3177 4831 pacis.
3200 4755 3471 4812 Occurre-

1890 4869 2042 4930 runt,
2079 4861 2279 4932 inquit,
2322 4867 2536 4924 mutuo,
2571 4856 2891 4926 amicasque
2933 4850 3296 4910 salutationes
3335 4862 3470 4904 con—

1891 4955 2137 5011 tulerunt
2183 4971 2197 5010 :
2238 4953 2428 5010 oscula
2465 4950 2736 5008 dederunt
2772 4947 2938 5007 simul
2984 4945 3214 5018 iustitiae
3251 4949 3308 4998 et
3348 4938 3470 5013 paci

1891 5043 2097 5101 veritas
2123 5051 2177 5099 et
2206 5041 2604 5099 misericordia.
2633 5039 2795 5097 Unde
2831 5054 2960 5096 vero
2993 5036 3251 5109 profecta:
3277 5039 3471 5086 mutuo

1893 5136 2262 5202 occurrerint,
2313 5135 2616 5193 secundum
2665 5137 2782 5189 lucc
2823 5131 3066 5188 declarat
3112 5127 3199 5183 bis
3237 5123 3468 5182 verbis:

1893 5263 1964 5273 —
1984 5229 2152 5286 Vens.
2187 5231 2276 5284 12.
2322 5228 2528 5284 Veritas
2557 5227 2622 5282 de
2649 5236 2790 5282 terra
2813 5234 2932 5280 orta
2959 5231 3057 5288 est,
3089 5229 3139 5276 et
3159 5218 3380 5289 justitia
3408 5215 3474 5272 de

1895 5323 2022 5382 calo
2043 5323 2334 5394 prospexit.
2355 5320 2554 5392 Utpote
2575 5319 2739 5392 igitur
2760 5335 2827 5375 ex
2847 5329 3044 5388 magna
3064 5308 3476 5380 intercapedine

1895 5424 2089 5474 mutuo
2119 5425 2534 5478 concurrentes,
2573 5428 2694 5469 sese
2732 5411 2966 5467 invicem
3004 5404 3268 5476 amplexae
3297 5410 3353 5459 et
3383 5418 3476 5459 os-

1897 5509 2094 5565 culata:
2123 5515 2273 5573 sunt,
2309 5506 2439 5562 hinc
2477 5505 2698 5576 justitia
2725 5519 2849 5576 quae
2889 5501 2958 5556 de
3000 5497 3142 5554 coelo
3180 5497 3235 5552 in
3269 5497 3476 5552 terram

1898 5601 2202 5676 prospexit,
2244 5599 2371 5657 inde
2407 5600 2613 5679 veritas
2659 5612 2782 5670 qua:
2826 5593 2894 5650 de
2941 5593 3051 5649 imo
3079 5589 3198 5652 sive
3231 5589 3300 5648 de
3332 5596 3471 5645 terra

0 6401 3174 6518 -ΗΞ-
