3972 6812
0 393 204 449 025

1333 376 1834 447 εοιιιιεινῖιιιιιι
1877 379 1947 477 1N
1984 378 2325 450 PsaLu‘OS.

3286 397 3425 459 1026

0 513 187 588 ἑρᾳ
226 516 367 585 γῇ,
423 512 598 581 λέγω
623 511 679 565 δὲ
707 513 773 582 τῇ
820 508 928 564 τῶν
959 508 1272 582 ἀνθρώπων
1301 511 1618 582 οἰκουμένῃ,
1657 511 1732 565 διδ

1851 513 1919 567 de
1947 513 2088 570 coelo
2121 512 2337 583 justitia
2367 511 2437 572 ad
2463 525 2585 568 eam
2611 513 2871 570 accedere
2892 504 3113 585 dignata
3133 517 3266 572 est?
3283 517 3430 575 Cum

0 607 134 678 ἦς
202 606 361 660 τῶν
427 605 946 676 προφητευομένων
1003 601 1282 666 ἐκϐάσεως
1323 603 1577 674 συνέστη.
1631 605 1742 656 Καὶ

0 699 177 764 τεὸς
233 697 396 770 γὰρ
449 699 568 751 οὐκ
619 697 820 768 ἤμελλε
866 694 1238 766 κατασκηνοῦν
1285 694 1414 762 δόξα
1453 696 1512 748 ἐν
1556 697 1621 766 τῇ
1666 697 1740 768 γῇ

0 793 267 863 λιμῶν,
306 793 434 845 ὅτε
473 789 578 844 καὶ
599 789 660 842 τδ
698 791 963 861 σωτήριον
987 786 1083 841 τοῦ
1127 785 1318 853 αὐτοῦ,
1345 787 1508 850 αὐτὸς
1543 789 1572 844 ὁ
1603 788 1742 858 Χρι-

0 885 194 948 reb:
225 882 484 947 αὐτοῦ,
511 883 611 935 καὶ
634 881 668 952 ἠ
693 880 753 946 ἐξ
771 877 1004 952 οὐρανοῦ
1028 877 1365 949 δικαιοσύνη,
1393 877 1596 948 ταύτης
1621 879 1743 936 ἐπι-ί

0 974 248 1045 ϐῆναι
294 971 693 1045 κατηξίωσε;
734 971 918 1026 Ταῦτα
956 971 1014 1025 δὲ
1061 969 1238 1024 πάντα
1283 971 1596 1035 ἐπακούσας
1643 970 1740 1028 τοῦ

0 1065 214 1119 Θεοῦ
255 1065 712 1138 προορίσαντος
737 1065 830 1118 καὶ
871 1061 1308 1135 προλαλήσιντος
1337 1062 1434 1117 ἐπὶ
1485 1062 1577 1119 τὸν
1609 1059 1740 1122 λαὸν

9 1156 300 1224 αὐτοῦ,
334 1157 623 1221 θεσπίζει
649 1156 787 1227 μετά
812 1155 910 1227 τὴν
936 1155 1122 1227 εὐχὴν,
1145 1155 1349 1210 εἰπών’
1390 1157 1740 1226 Ἆκούσομαι

9 1248 110 1300 τί
159 1249 502 1318 λαλήσει
527 1249 746 1317 Κύριος
765 1251 798 1302 ὀ
823 1249 968 1313 Θεός
985 1263 999 1278 ο
1027 1248 1106 1301 διὸ
1126 1248 1408 1320 ἐπήγαγεν
1435 1247 1590 1319 ἑξῆς·
1617 1248 1741 1304 Ὅτι

17 1339 391 1407 ,λαλήσει
429 1340 696 1408 εἰρήνην
714 1339 814 1393 ἐπὶ
835 1340 948 1394 τὸν
978 1339 1134 1394 λαὸν
1167 1340 1372 1395 αὑτοῦ.
1415 1338 1564 1410 Αὕτη
1615 1340 1672 1399 δὲ
1703 1341 1738 1412 ἠ

21 1431 306 1502 εἰρήνη
337 1431 566 1501 γέγονε
588 1430 666 1502 τῷ
686 1431 823 1502 λαῷ,
845 1432 934 1485 ὅτε
953 1431 1014 1485 τὸ
1029 1431 1176 1495 ἕλεος
1196 1432 1338 1503 καὶὴ
1365 1431 1590 1504 ἀλήθεια
1613 1449 1737 1486 συν-

29 1523 396 1595 ἡντησαν,
438 1525 478 1595 ἦ
521 1541 584 1577 τε
609 1523 924 1596 δικαιοσύνη
949 1525 1045 1578 καὶ
1069 1523 1104 1596 η
1126 1525 1316 1598 εἰρήνη
1346 1525 1733 1597 κατεφίλησαν.

32 1609 192 1670 ’⁷ον
213 1617 428 1682 οὕτως
461 1611 723 1688 ἐχόντων,
756 1617 852 1670 καὶ
871 1617 942 1670 τά
977 1615 1076 1688 τῆς
1104 1617 1272 1688 εὐχῆς
1297 1618 1615 1673 ἀποδέδοται
1640 1616 1735 1670 τοῦ

37 1710 478 1782 Προφήτου,-
499 1712 600 1764 καὶ
622 1709 690 1766 τά
725 1707 832 1783 πρὸ
859 1711 959 1781 τῆς
986 1711 1152 1781 εὐχῆς
1174 1709 1457 1783 εἰρημένα.
1495 1711 1604 1765 Καὶ
1626 1711 1736 1782 γὰρ

1843 602 1958 659 inec
1978 611 2160 660 autem
2189 603 2375 662 omnia
2397 618 2430 658 a
2457 602 2569 660 Deo
2591 603 2817 660 delinita
2850 615 2905 661 et
2933 609 3298 677 praenuntiata
3323 626 3428 666 au-

1841 692 2036 761 disset,
2097 699 2221 764 post
2261 692 2465 752 editam
2512 695 2818 750 orationem
2860 699 2972 752 hac
3021 697 3360 758 vaticinatur
3413 719 3429 755 :

1840 783 2074 844 Audiam
2098 785 2224 858 quid
2249 785 2492 856 loquetur
2511 787 2566 840 in
2590 803 2670 844 me
2696 786 2956 842 Dominus
2980 787 3125 844 Deus
3149 807 3168 855 ;
3195 791 3435 862 ideoque

1840 878 2040 949 pergit,
2063 880 2310 949 quoniam
2331 879 2572 950 loquetur
2591 896 2774 948 pacem
2795 881 2848 936 in
2877 881 3076 951 plebem
3098 899 3282 940 suam.
3303 884 3434 940 Haec

1840 985 1971 1027 vero
2001 985 2106 1041 pax
2135 978 2252 1030 tum
2291 971 2493 1041 populo
2531 987 2795 1028 concessa
2825 982 2931 1038 est,
2968 989 3091 1030 cum
3124 978 3434 1034 misericor-

1840 1061 1933 1116 dia
1963 1070 2012 1117 et
2041 1064 2232 1118 ueritas
2262 1062 2598 1122 obviaverunt
2629 1064 2752 1130 sibi,
2781 1065 3000 1135 justitia
3041 1076 3091 1122 et
3135 1083 3247 1136 pax
3280 1087 3437 1125 oscu-

1842 1153 1966 1210 lata:
1993 1165 2136 1213 sunt.
2182 1154 2315 1221 Quae
2365 1170 2491 1210 cum
2535 1157 2610 1210 ita
2649 1172 2710 1212 se
2743 1157 3002 1223 habeant,
3051 1175 3174 1214 cum
3212 1175 3282 1219 ua
3313 1179 3436 1234 quae

1842 1243 2120 1316 Propheta
2151 1253 2409 1317 precatus
2437 1245 2637 1314 fuerat,
2673 1256 2789 1304 tum
2811 1264 2874 1305 ea
2908 1265 3028 1320 quae
3060 1261 3186 1306 ante
3223 1256 3435 1308 oratio-

1839 1350 1966 1396 nem
1996 1336 2230 1404 dixerat,
2258 1353 2523 1398 concessa
2557 1336 2732 1395 fuere.
2766 1337 2903 1396 Nam
2923 1341 3202 1397 benedixit
3231 1342 3421 1398 Domi-
3490 1393 3497 1399 .

1839 1442 1944 1484 nus
1987 1435 2190 1484 terram
2231 1444 2414 1496 suam,
2447 1429 2826 1488 misericordia
2856 1439 2910 1486 et
2947 1432 3172 1488 veritate
3207 1447 3274 1487 ac
3304 1434 3434 1489 reli-

1838 1520 1963 1591 quis
1989 1520 2249 1592 dignatus
2283 1536 2426 1590 eam;
2448 1522 2584 1593 quin
2619 1523 2782 1578 etiam
2816 1524 3122 1578 animarum
3157 1523 3430 1579 humana-

1839 1627 1959 1666 rum
1994 1613 2366 1680 captivitatem
2399 1614 2618 1680 avertit,
2656 1615 2836 1668 soluto
2881 1613 3022 1668 bello
3053 1615 3322 1684 quolibet,
3363 1630 3431 1671 ac

1839 1705 2193 1764 reconciliata
2236 1720 2387 1775 pace,
2423 1705 2719 1778 fractisque
2754 1707 2992 1764 vinculis
3038 1721 3101 1763 ac
3142 1709 3427 1779 compedi-

48 1801 393 1874 εὐδόκησεν,
441 1801 662 1874 Κύριος
684 1801 780 1873 τὴν
813 1801 918 1872 γῆν
953 1801 1142 1866 αὐτοῦ,
1191 1802 1536 1868 καταξιώσας
1563 1804 1732 1874 αὐτὴν

1844 1797 1948 1853 bus
1973 1812 2068 1868 per
2093 1806 2379 1868 peccatum
2406 1798 2667 1854 inductis.
2692 1798 3057 1877 Quamobrem
3083 1799 3213 1854 huic
3235 1799 3382 1855 dicto
3407 1819 3422 1856 :

54 1893 307 1958 ἐλέους
337 1894 452 1948 καὶ
487 1889 750 1966 ἀληθείας
785 1895 880 1950 καὶ
899 1894 1006 1948 τῶν
1030 1893 1234 1950 λοιπῶν
1253 1911 1268 1926 °
1302 1894 1440 1950 ἀλλά
1462 1894 1558 1951 καὶ
1596 1896 1732 1950 ἀπέ-

1839 1890 2094 1946 Avertisti
2121 1891 2477 1958 captivitatem
2500 1889 2689 1954 Iacob,
2719 1875 2865 1946 istud
2890 1891 3246 1962 subjungitur
3277 1909 3290 1945 :
3324 1889 3428 1945 Re-

69 2002 165 2040 στ
176 1987 328 2059 ρεψε
381 1987 494 2059 τὴν
550 1987 926 2058 αἰχμαλωσίαν
955 1987 1066 2042 τῶν
1117 1987 1474 2060 ἀνθρωπίνων
1525 1988 1734 2060 ψυχῶν,

71 2078 293 2143 λύσας
335 2079 450 2150 μὲν
484 2080 666 2135 πάντα
705 2079 960 2151 πόλεμον,
989 2080 1355 2154 χαρισάμενος
1388 2079 1445 2136 δὲ
1469 2079 1567 2153 τὴν
1586 2082 1739 2153 εἰρήο

79 2188 241 2244 νην,
280 2173 389 2227 καὶ
421 2173 730 2246 διαρρήξας
765 2173 892 2238 τοὺς
925 2173 1180 2245 δεσμοὺς,
1210 2174 1306 2228 καὶ
1352 2174 1480 2238 τοὺς
1521 2172 1738 2237 κλοιοὺς

86 2265 250 2330 τοὺς
292 2265 414 2320 ἀπὸ
443 2266 549 2337 τῆς
585 2265 860 2338 ἁμαρτίας
898 2265 1308 2337 ἐγγενομένους.
1335 2264 1428 2318 Διὸ
1472 2263 1568 2319 καὶ
1612 2281 1738 2319 συν-

94 2358 303 2428 ῆπται
329 2355 439 2428 τῷ,
481 2355 888 2425 Ἀπέστρεψας
916 2355 1032 2424 τὴν
1062 2354 1483 2425 αἰχμαλωσίαν
1515 2353 1732 2420 Ἰακὼϐ,

0 2493 3 2522 γ
97 2450 203 2514 τὸ,
266 2447 543 2518 Ἀςρῆκας
610 2447 716 2514 τὰς
750 2447 1001 2518 ἀνομίας
1042 2447 1123 2513 τῷ
1154 2445 1282 2512 λαῷ
1327 2463 1482 2511 σου,
1527 2447 1622 2500 καὶ
1651 2445 1732 2511 τὸ,

115 2537 505 2608 Ἑκάλυψας
537 2537 742 2605 πάσας
783 2541 892 2605 τὰς
927 2537 1218 2608 ἁμαρτίας
1273 2537 1490 2592 αὐτῶν.
1534 2538 1598 2590 Ἠ
1625 2539 1734 2611 γὰρ

103 2630 449 2702 ἐπιστροφὴ
493 2629 594 2700 τῆς
627 2629 1005 2700 αἰχμαλωσίας
1046 2629 1146 2683 οὐκ
1175 2629 1350 2694 ἄλλως
1392 2623 1732 2702 ἀπετελέσθη

0 2775 6 2784 _
106 2721 155 2793 ἢ
188 2722 260 2776 δι’
294 2721 554 2792 ἀφέσεως
583 2721 693 2775 τῶν
713 2721 1019 2794 ἁμαρτιῶν.
1051 2721 1174 2776 Ὀτι
1201 2721 1260 2774 δὲ
1304 2721 1398 2776 καὶ
1434 2721 1608 2778 ταῦτα
1645 2723 1735 2777 διὰ

0 2801 8 2878 ξ
116 2819 234 2888 τῆς
279 2813 378 2868 τοῦ
427 2814 680 2885 Σωτῆρος
725 2814 884 2884 ἡμῶν
931 2813 1256 2883 ἐπιφανείας
1297 2812 1486 2876 τέλους
1519 2813 1730 2888 ἔτυχεν,

0 2893 10 2974 ξ
121 2905 303 2969 αὐτὸς
332 2903 578 2971 ἐδίδαξεν
615 2908 673 2958 ἐν
703 2907 816 2968 τοῖς
847 2904 1222 2972 Εὑαγγελίοις,
1255 2903 1366 2969 ὅτε,
1413 2903 1592 2957 λαϐὼν
1633 2905 1734 2974 τὴν

131 2995 331 3066 βίϐλον
359 2994 458 3048 τοῦ
491 2995 736 3059 Ἡσαΐου,
771 2995 867 3048 καὶ
916 2994 1184 3063 ἀναγνοὺς
1213 2993 1296 3060 τὸ,
1335 2992 1577 3064 Πνεῦμα
1611 2998 1730 3048 Κυ-

128 3094 275 3161 ρίου
311 3091 404 3145 ἐπ’
434 3089 560 3161 ἐμὲ,
594 3079 667 3146 οὗ
708 3090 941 3144 εἵνεκεν
977 3085 1185 3156 ἕχρισέ
1215 3101 1312 3156 με,
1341 3084 1733 3154 εὐαγγελίσα-

137 3187 288 3240 σθαι
309 3183 567 3254 πτωχοῖς
587 3181 938 3237 ἁπέσταλκέ
948 3196 1044 3249 με,
1061 3176 1313 3272 κηρῦξαι
1334 3174 1730 3272 αἰχμαλώτοις
1757 3209 1802 3272 c

142 3274 392 3344 ἄφεσιν,
425 3276 518 3328 καὶ
551 3275 620 3326 τὰ
677 3273 837 3344 ἐξῆς,
889 3272 1189 3342 ἐπήνεγκεν
1221 3261 1390 3322 εἰπών
1414 3283 1429 3298 ο
1462 3266 1731 3336 Σήμερον

147 3365 526 3434 πεπλήρωται
554 3364 592 3431 ἠ
625 3362 835 3434 Γραφὴ
877 3362 1030 3430 αὕτη
1065 3361 1136 3415 ὲν
1179 3359 1306 3429 τοῖς
1343 3357 1494 3414 ὠσὶν
1534 3358 1722 3428 ὑμῶν.

151 3457 222 3509 Εἰ
247 3456 290 3509 δ’
319 3452 409 3510 οῦν
439 3454 706 3527 ἐννοήσειέ
731 3471 835 3521 τις,
857 3453 1000 3507 εἴποι
1029 3452 1096 3507 ἀν
1116 3453 1178 3506 τὸ
1207 3452 1363 3522 γένος
1381 3450 1490 3504 τῶν
1519 3448 1728 3522 ἀνθρώ-

157 3561 276 3601 πων
304 3547 467 3601 πάλαι
496 3547 758 3618 πρότερον
779 3544 1155 3616 αἰχμαλωσίαν
1195 3542 1299 3596 ὑπὸ
1329 3539 1438 3595 τῶν
1475 3540 1726 3612 ἀοράτων

157 3638 448 3710 πολεμίων,
471 3638 580 3692 τῶν
603 3637 820 3710 ἀληθῶς
840 3635 1048 3710 ἐχθρῶν
1072 3633 1165 3689 τοῦ
1183 3632 1339 3699 Θεοῦ,
1361 3630 1727 3688 ηθελκυσθέν

161 3733 241 3796 εἰς
270 3728 721 3801 εἰδωλολατρείας,
756 3729 852 3783 καὶ
893 3727 1072 3790 πάσας
1115 3724 1342 3796 πράξεις
1373 3722 1603 3795 αἰσχρὰς
1632 3722 1726 3776 καὶ

166 3823 466 3895 ἀθεμίτους,
495 3824 595 3876 οὐκ
625 3822 691 3876 ἂν
716 3821 936 3892 ὀκνήσει
972 3817 1153 3890 δεινὴν
1181 3813 1387 3888 ταύτην
1425 3816 1588 3885 φάναι
1623 3813 1725 3885 ψυ-

167 3916 274 3988 χῶν
325 3913 688 3986 αἰχμαλωσίαν
715 3952 730 3977 ,
779 3908 850 3984 ἧς
907 3907 1223 3974 ἀπαλλάξας
1273 3907 1367 3960 καὶ
1413 3904 1730 3978 ἐλευθέρους

169 4008 629 4080 καταστησάμενος
673 4006 821 4077 ἡμᾶς
858 4005 887 4058 ὁ
929 4002 1122 4074 Σωτὴρ
1153 4000 1247 4058 καὶ
1289 3993 1495 4071 Κύριος
1530 3998 1685 4070 ἡμῶν
1707 4037 1724 4065 ,

0 4111 8 4194 ᾖ
174 4100 354 4168 ἄφεσίν
386 4115 441 4153 τε
461 4098 546 4152 διά
563 4095 790 4170 λουτροῦ
818 4095 1237 4165 παλιγγενεσίας
1269 4092 1514 4148 παλαιῶν
1543 4093 1726 4165 πλημ-

1837 1982 2038 2036 misisti
2092 1983 2399 2052 iniquitates
2431 1981 2568 2051 plebi
2625 1991 2763 2048 ture;
2806 1993 2859 2037 et
2907 1983 3040 2042 illud
3088 1998 3101 2032 :
3155 1981 3426 2051 Operuisti

1838 2075 2015 2130 omnia
2045 2083 2261 2143 peccata
2287 2090 2491 2131 eorum.
2531 2073 2666 2130 Nam
2725 2075 2936 2130 reditus
2965 2090 3034 2132 ex
3079 2075 3424 2144 captivitate,

1836 2181 1948 2221 non
1978 2167 2087 2222 alio
2111 2182 2277 2238 quam
2297 2181 2396 2238 per
2447 2167 2834 2228 remissionem
2881 2175 3230 2238 peccatorum
3260 2167 3426 2222 modo

1837 2265 2028 2328 partus
2052 2266 2158 2318 est.
2185 2257 2346 2328 Quod
2385 2265 2568 2316 autem
2616 2258 2732 2314 haec
2765 2272 2863 2330 per
2893 2257 3194 2314 adventum
3227 2257 3425 2316 Serva-

1837 2351 1974 2407 toris
2003 2352 2178 2406 nostri
2208 2351 2277 2407 ad
2297 2350 2548 2408 effectum
2569 2350 2804 2407 deducta
2838 2350 2969 2417 sint,
2998 2352 3120 2422 ipse
3154 2351 3211 2406 in
3243 2352 3425 2407 Evan-

1835 2443 1992 2513 geliis
2024 2442 2231 2509 docuit,
2295 2457 2418 2497 cum
2470 2451 2697 2513 accepto
2734 2442 2887 2498 Isaiae
2931 2442 3093 2506 libro,
3132 2450 3422 2514 postquam

1837 2535 2057 2605 legisset
2092 2535 2226 2590 illud
2260 2553 2273 2589 :
2307 2533 2537 2604 Spiritus
2590 2534 2799 2590 Domini
2841 2551 2999 2604 super
3051 2551 3154 2599 me,
3184 2551 3243 2590 eo
3283 2535 3423 2604 quod

1834 2628 2047 2680 uuxerit
2079 2644 2178 2692 me,
2213 2627 2574 2697 euangelizare
2601 2626 2923 2696 pauperibus
2962 2627 3114 2682 misit
3153 2643 3254 2692 me,
3284 2641 3424 2695 prta-ﬁ

1834 2719 2015 2774 dicare
2043 2722 2264 2790 captivis
2287 2721 2648 2775 dimissionem
2679 2721 2747 2786 ⁸⁷,
2772 2728 2826 2776 et
2853 2728 3088 2788 caetera;
3125 2720 3310 2774 intulit
3335 2721 3422 2776 his

1832 2812 2057 2867 verbis‘.
2098 2812 2268 2867 Hodie
2293 2813 2506 2883 impleta
2535 2821 2612 2867 est
2646 2813 2756 2866 haec
2800 2811 3081 2881 Scriptura
3111 2813 3169 2865 in
3199 2811 3419 2866 auribus

1835 2903 2018 2956 vestris
2049 2902 2116 2958 ".
2153 2901 2250 2958 His
2281 2905 2327 2958 si
2365 2904 2489 2972 quis
2523 2903 2767 2957 animum
2795 2901 3075 2969 adhibeat,
3109 2902 3261 2958 dicat
3286 2917 3421 2958 sane

1833 3011 2006 3068 genus
2034 2995 2316 3050 hominum
2351 2997 2482 3052 olim
2517 2995 2887 3065 captivitatem
2923 3009 3144 3065 passum
3195 3010 3319 3051 esse
3349 2996 3420 3050 ab

1832 3087 2199 3143 invisibilibus
2220 3087 2479 3152 inimicis,
2515 3103 2642 3143 vere
2675 3087 2770 3142 Dei
2817 3086 3090 3151 hostibus,
3138 3087 3196 3141 in
3240 3085 3421 3140 idolo-

1831 3176 2049 3232 latriam
2109 3186 2164 3233 et
2193 3179 2250 3232 in
2278 3179 2456 3247 turpia
2481 3179 2666 3232 omnia
2703 3175 3020 3246 nel‘ariaque
3051 3191 3221 3247 opera
3251 3177 3422 3247 pelle~

1831 3275 2016 3335 ctum;
2052 3283 2227 3338 neque
2260 3276 2549 3323 cunctetur
2585 3284 2706 3325 eam
2731 3284 2950 3340 gravem
2975 3269 3288 3324 animarum
3316 3283 3414 3323 ca-

1835 3363 2138 3434 ptivitatem
2173 3363 2552 3434 pronuntiare,
2596 3378 2704 3436 qua
2740 3377 2865 3417 cum
2897 3376 2998 3416 nos
3027 3360 3326 3432 eripuisset
3362 3359 3421 3414 li-

1834 3452 2105 3524 berosque
2138 3455 2518 3510 constituisset
2553 3454 2808 3509 Salvator
2834 3462 2888 3508 et
2911 3451 3179 3510 Dominus
3203 3461 3418 3520 noster,

1832 3556 2096 3604 concessa
2127 3558 2224 3615 per
2263 3543 2543 3598 lavacrum
2587 3544 3018 3614 regenerationis
3053 3543 3418 3614 pristinorum

1832 3631 2100 3690 scelerum
2126 3640 2180 3688 et
2203 3633 2543 3703 impietatum
2569 3633 2727 3688 venia
2753 3649 2818 3688 ac
2845 3633 3195 3700 remissione,
3227 3645 3421 3692 auctor

1831 3723 1992 3780 nobis
2025 3723 2128 3779 fuit
2185 3726 2486 3796 gratiarum
2530 3725 2765 3781 actionis
2817 3726 2874 3780 in
2939 3727 3154 3796 psalmo
3201 3727 3418 3798 positas,

1830 3819 1906 3874 ita
1939 3828 1999 3874 ut
2035 3836 2138 3877 nos
2187 3836 2404 3892 quoque
2461 3821 2646 3876 dicere
2687 3821 2968 3875 valeamus
3007 3839 3020 3876 :
3066 3820 3416 3888 Benedixisti,

1841 3911 2089 3980 Domine,
2127 3923 2322 3969 terram
2366 3925 2510 3968 tuam
2535 3954 2548 3978 ,
2582 3914 2820 3968 avertisti
2846 3913 3203 3982 captivitatem
3226 3911 3414 3970 Iacob.

1832 4005 2114 4063 Remisisti
2174 4007 2482 4078 iniquitates
2531 4005 2697 4076 plebis
2742 4013 2867 4072 tute,
2930 4004 3186 4074 aperuisti
3237 4006 3417 4058 omnia

1830 4105 2045 4164 peccata
2083 4111 2286 4153 eorum.

181 4189 480 4263 μελημάτων
510 4189 604 4244 καὶ
637 4189 790 4242 λύσιν
859 4189 1140 4261 προτέρων
1175 4186 1538 4258 ἀσεϐημάτων
1575 4186 1893 4259 παρασχὼν,
1965 4189 2138 4254 αἴτιος
2180 4191 2313 4262 ἡμῖν
2350 4189 2586 4262 κατέστη
2630 4190 2728 4260 τῆς
2790 4191 2850 4244 ἐν
2884 4190 2962 4262 τῷ
3028 4189 3228 4261 ψαλμῷ
3260 4189 3420 4260 εὐχα-

183 4282 394 4353 ριστίας,
418 4283 488 4346 ὡς
521 4280 778 4335 δύνασθαι
822 4281 922 4334 καὶ
968 4282 1121 4351 ἡμᾶς
1150 4281 1364 4348 λέγειν·
1404 4279 1782 4349 Εὐδόκησας,
1832 4285 2032 4356 Κύριε,
2067 4283 2185 4354 τὴν
2232 4283 2350 4356 γῆν
2401 4296 2540 4350 σου,
2595 4284 2982 4354 ἀπέστρεψας
3039 4280 3155 4352 τὴν
3207 4285 3419 4352 αἰχμα-

184 4375 396 4432 λωσίαν
430 4372 634 4431 Ἰακώϐ.
675 4373 928 4444 Ἁφῆκας
972 4373 1079 4440 τὰς
1107 4373 1358 4443 ἀνομίας
1404 4373 1512 4430 τοῦ
1559 4376 1714 4431 λαοῦ
1750 4389 1890 4446 σου,
1912 4378 2232 4448 ἐκάλυψας
2252 4378 2456 4446 πάσας
2482 4380 2589 4445 τὰς
2623 4379 2914 4449 ἁμαρτίας
2942 4377 3161 4433 αὐτῶν.

251 4487 348 4543 Kal
381 4488 480 4557 γὰρ
513 4490 545 4542 ὀ
571 4487 786 4556 Κύριος
812 4485 992 4541 δώσει
1023 4487 1424 4556 χρηστότητα,
1455 4489 1554 4547 καὶ
1578 4488 1617 4557 ἡ
1647 4487 1724 4560 τῆ

189 4579 338 4651 ἡμῶν
363 4579 521 4634 δώσει
551 4577 661 4633 τὸν
699 4577 934 4648 καρπὸν
977 4581 1188 4649 αὐτ-ης.
1262 4580 1437 4636 Πάλαι
1473 4582 1591 4654 μὲν,
1636 4583 1728 4637 ore

1904 4494 2068 4551 Vens.
2105 4497 2192 4554 15.
2225 4495 2438 4552 Etenim
2477 4495 2733 4551 Dominus
2764 4496 2911 4550 dabit
2953 4494 3344 4568 benignitatem,
3368 4504 3419 4549 et

1832 4600 1980 4645 terra
2011 4600 2195 4646 nostra
2219 4591 2368 4647 dabit
2397 4593 2633 4663 fructum
2663 4610 2837 4648 suum.
2861 4587 3002 4650 Olim
3035 4592 3256 4664 quidem
3287 4609 3412 4648 cum

195 4672 287 4725 ὑπὸ
310 4671 526 4745 κατάραν
561 4667 630 4743 ἧν
659 4672 693 4742 ἡ
720 4670 816 4741 γῆ,
859 4671 1100 4737 ἀκάνθας
1133 4671 1229 4726 καὶ
1257 4673 1534 4744 τριϐόλους
1570 4675 1726 4746 ἐφυε,

1836 4681 1938 4734 sub
1960 4681 2251 4738 maledicto
2274 4691 2615 4749 terra'esset,
2649 4683 2838 4752 spinas
2867 4698 2930 4738 ac
2954 4684 3190 4740 tribulos
3216 4683 3417 4754 germi-

199 4762 322 4816 κατὰ
355 4761 409 4816 τὸ
457 4764 756 4834 εἰρημένονο
819 4761 1279 4834 Ἐπικατάρατος
1314 4767 1356 4834 ’ἠ
1393 4766 1471 4838 γῆ
1509 4769 1580 4822 ὲν
1607 4768 1732 4837 τοῖς

201 4855 368 4924 ἔργοις
393 4865 510 4917 σου,
534 4855 802 4922 ἀκάνθας
832 4857 929 4911 καὶ
953 4859 1268 4927 τριϐόλους
1298 4861 1588 4918 ἁνατελεῖ
1608 4877 1729 4916 σοι’

1832 4771 2024 4835 nabat,
2057 4775 2358 4829 secundum
2395 4775 2526 4828 illttd
2565 4773 2889 4830 :Huledicta
2919 4786 3057 4830 terra
3091 4778 3147 4829 in
3176 4775 3415 4845 operibus

1833 4865 1958 4928 tuis,
1989 4865 2170 4933 spinas
2205 4873 2257 4918 et
2301 4865 2523 4920 tribulos
2556 4867 2872 4936 germinabit
2900 4867 2996 4921 tibi
3024 4867 3070 4899 ⁵³
3100 4885 3113 4922 :
3142 4881 3288 4922 nunc
3318 4882 3415 4920 au-

201 4950 282 5004 νῦν
309 4949 346 5003 δ’
371 4950 446 5002 ὅτε
477 4949 694 5004 τοιαῦτα
735 4951 916 5019 ἀγαθά
957 4954 1038 5014 εἰς
1076 4951 1247 5023 αὐτὴν
1292 4953 1570 5024 ἐλήλυθεν,
1602 4955 1732 5009 ἀκο-

1836 4962 1962 5023 tem,
1990 4972 2116 5014 cum
2150 4959 2206 5012 in
2227 4973 2291 5016 ea
2321 4957 2514 5013 talium
2545 4959 2814 5014 bonorum
2845 4960 3092 5016 accessio
3124 4959 3267 5015 facta
3307 4966 3411 5021 est,

203 5042 377 5108 λούθως
401 5043 481 5096 καὶ
502 5041 636 5115 αὑτὴ
664 5043 756 5098 τὸν
788 5045 1133 5116 προσήκοντα
1172 5046 1385 5118 καρπὸν
1421 5047 1731 5101 ἀποδιδόναι

204 5137 410 5206 λέγεται,
435 5136 517 5191 ἆτε
545 5136 608 5208 δὴ
650 5136 890 5209 τυχοῦσα
919 5138 1018 5210 τῆς
1046 5138 1197 5210 παρὰ
1224 5137 1319 5191 τοῦ
1354 5139 1560 5209 Κυρίου
1594 5155 1729 5210 χρη-

209 5232 439 5302 στότητος.
468 5230 686 5304 Καρπός
715 5231 773 5285 δὲ
811 5231 1033 5296 ἐπάξιος
1065 5231 1205 5287 Θεοῦ
1235 5232 1337 5286 οὐκ
1365 5231 1596 5286 ἄκανθαι
1631 5232 1726 5286 καὶ

209 5323 424 5398 τρίϐολοι,
452 5323 576 5378 ἀλλά
610 5324 828 5387 πάντως
851 5334 954 5378 που
977 5323 1148 5378 ταῦτα
1179 5325 1246 5378 δι’
1275 5317 1350 5380 ὧν
1377 5325 1726 5392 καταξιοῦται

212 5417 417 5486 εὐλογίας
439 5417 524 5487 τῆς
551 5416 701 5488 παρὰ
726 5415 820 5470 τοῦ
848 5415 1004 5470 Θεοῦ.
1035 5417 1112 5488 Γῆ
1144 5416 1201 5470 δὲ
1231 5419 1265 5489 η
1299 5416 1498 5470 πιοῦσα
1525 5417 1615 5470 τὸν
1638 5419 1726 5470 ἐπ’

215 5508 354 5579 αὐτῆς
378 5509 639 5580 ἐρχόμενον
676 5508 935 5572 πολλάκις
981 5507 1154 5574 ὑετὸν,
1189 5508 1432 5581 φέρουσά
1469 5527 1528 5562 τε
1567 5509 1728 5580 βοτά-

217 5617 297 5672 νην
311 5599 489 5653 είιθετον
519 5601 765 5664 ἐκείνοις,
807 5601 874 5654 δι’
900 5599 995 5664 οὓς
1033 5601 1130 5657 καὶ
1158 5605 1507 5673 γεωργεῖται,
1555 5620 1725 5673 μεταο

222 5693 436 5764 λαμϐάνει
453 5692 687 5763 εὐλογίας
721 5693 819 5764 τῆς
854 5693 1004 5765 παρά
1039 5694 1135 5748 τοῦ
1176 5693 1332 5751 Θεοῦ.
1368 5695 1605 5759 Εἰκότως
1631 5691 1725 5752 οῦν

1 5383 8 5414 Ι

1833 5065 1865 5106 e
1892 5065 1952 5105 re
1983 5061 2377 5123 congruentem
2411 5055 2611 5109 dicitur
2647 5052 2891 5124 proferre
2921 5052 3158 5107 fructum
3187 5068 3201 5117 ;
3230 5059 3415 5120 utpote

1831 5161 1956 5216 quae
2007 5145 2220 5204 Domini
2263 5147 2652 5218 benignitatem
2706 5153 3003 5201 consecuta
3037 5145 3127 5200 sit.
3177 5141 3412 5196 Fructus

1835 5247 2028 5298 autem.
2053 5237 2166 5294 Deo
2195 5237 2393 5310 dignus
2423 5256 2530 5294 non
2576 5240 2747 5310 spinae
2780 5247 2834 5294 et
2867 5237 3052 5293 tribuli
3087 5242 3215 5292 sunt
3243 5251 3258 5300 ;
3317 5231 3412 5288 sed

1833 5345 1898 5386 ea
1945 5331 2107 5400 plane
2147 5332 2347 5402 quibus
2403 5327 2499 5387 Dei
2552 5333 2989 5388 benedictionem
3043 5328 3238 5384 sortita
3303 5333 3411 5380 est.

1835 5421 2004 5477 Terra
2041 5439 2168 5480 vero
2209 5440 2330 5496 quae
2367 5424 2708 5482 decidentem
2760 5426 2996 5496 pluviam
3032 5421 3232 5491 saepius
3260 5419 3412 5474 exci-

1834 5513 1914 5584 pit
1936 5524 1989 5569 et
2021 5515 2178 5580 bibit,
2205 5531 2270 5571 ac
2296 5517 2602 5574 cultoribus
2627 5518 2746 5573 suis
2764 5523 3155 5586 congruentem
3187 5511 3412 5565 herbam

1832 5605 2062 5676 profert,
2092 5623 2156 5664 ea
2186 5609 2582 5668 benedictionis
2611 5627 2643 5665 a
2674 5609 2785 5664 Deo
2811 5609 2952 5662 data:
2994 5606 3268 5675 particeps
3305 5610 3411 5657 est.

1831 5697 1963 5756 iure
1995 5714 2126 5772 ergo
2159 5717 2298 5758 nova
2327 5705 2542 5764 cantica
2569 5704 2732 5760 edere
2768 5708 2916 5755 terra
2953 5699 3195 5769 iubetur.
3228 5702 3415 5765 υῐροιθ

283 5850 318 5882 ⁸⁷
349 5852 432 5904 lsa.
461 5861 570 5916 tu,
606 5849 656 5905 l.
732 5851 777 5883 ⁸⁸
816 5848 951 5916 Luc,
985 5865 1056 5916 tv,
1099 5849 1186 5906 l8.
1262 5848 1308 5886 "
1346 5849 1482 5908 Gen.
1524 5865 1606 5919 ut,
1641 5851 1836 5918 l7,18.

1103 5958 1124 6000 1
1161 5951 1171 6000 l
