3972 6812
12 395 251 460 1029

1285 393 1798 452 ὈΟΜΜΕΝΤΑΜΛ
1840 392 1904 448 IN
1945 371 2296 451 Pssmtosl

3291 395 3428 453 1050

11 516 438 588 λεχθεῖσαν
470 512 732 586 πρότασιν
758 509 1013 583 εἰρήσθω.
1044 508 1163 582 Χρὴ
1193 509 1249 563 δὲ
1286 510 1360 581 μὴ
1390 511 1623 578 ἀγνοεῖν,
1656 510 1716 562 ὅτ

1843 509 1982 565 alios
2005 509 2295 579 plerosque
2320 507 2561 580 psalmos
2590 523 2716 566 esse
2734 507 2848 580 qui,
2875 507 3085 575 Oratio,
3113 507 3427 566 inscribun-

15 611 182 663 καὶ
237 608 431 664 ἄλλοι
480 605 697 667 πλείους
738 603 844 656 εἰσὶ
875 601 1229 670 Πωσευχῆς
1277 602 1743 674 ἐπιγεγραμμένοι

13 697 368 769 ψαλμόί·
397 696 520 750 ἀλλ’
548 688 701 758 οὗτος
730 695 866 764 μετὰ
900 691 1233 763 προσθήκης,
1277 693 1386 746 τοῦ
1420 693 1621 758 Δαυῒδ,
1659 693 1741 747 εί-

34 804 316 856 ρηται·
345 787 550 859 ἕτερος
573 784 630 837 δὲ
657 783 1082 853 ἐπιγέγραπται,
1109 782 1426 853 Προσευχὴ
1449 783 1554 837 τοῦ
1574 787 1743 839 Mati)—

31 876 170 946 σῆ
219 878 581 947 ἀνθρώπου
610 875 715 929 τοῦ
753 875 919 928 Θεοῦ·
955 875 1046 927 καὶ
1073 873 1248 938 ἄλλος,
1286 875 1604 945 Προσευχὴ
1632 877 1740 931 τοῦ

42 971 413 1041 πτωχοῦ,
445 970 594 1024 ὅταν
615 966 916 1036 ἀκηδιάσῃ
948 966 1043 1020 καὶ
1081 967 1359 1021 ἐναντίον
1385 969 1490 1023 τοῦ
1517 970 1740 1038 Κυρίου

40 1063 317 1132 ἐκχέῃ
355 1062 486 1129 τὴν
511 1060 728 1128 δέησιν
750 1059 955 1114 αὐτοῦ.
1003 1059 1141 1112 Ἀλλ’
1162 1059 1237 1124 ὡς
1269 1061 1740 1132 ὲπαναὸεϐηκότες

39 1154 202 1220 ’τὰς
245 1156 320 1208 ὲν
353 1157 432 1225 τῇ
467 1153 678 1222 Παλαιᾷ
703 1152 890 1222 Γραφῇ
927 1152 1252 1222 προσευχὰς,
1284 1153 1334 1205 οἱ
1366 1151 1458 1205 τοῦ
1490 1153 1740 1225 Σωτῆρος

47 1244 283 1315 ἡμῶν
344 1244 664 1299 ἀπόστολοι·
693 1241 1080 1314 προσελθόντες
1111 1243 1296 1312 ἠξίουν
1333 1244 1495 1298 αὑτὸν
1532 1245 1738 1313 διδάξαι

47 1336 329 1400 αὐτοὺς
381 1334 824 1407 προσεύχεσθαι·
870 1335 899 1386 ὁ
931 1335 988 1389 δὲ
1019 1335 1281 1402 διδάσκει,
1333 1337 1515 1408 μόνοις
1552 1340 1737 1406 αὐτοῖς

55 1429 201 1482 καὶ
238 1431 376 1491 τοῖς
412 1427 624 1498 ὁμοίοις
669 1426 1002 1498 κατάλληλον
1033 1428 1361 1500 παραδιδοὺς
1405 1433 1733 1505 προσευχήν.

54 1520 196 1575 Διό
253 1537 414 1592 φησι
464 1519 601 1592 πρὸς
650 1519 869 1582 αὐτούς·
922 1519 1118 1586 Οὕτως
1165 1519 1279 1574 οὖν
1325 1523 1738 1592 προσεύχεσθε

61 1613 319 1682 ὑμεῖς·
360 1611 563 1680 Πάτερ
593 1611 762 1682 ἡμῶν·
788 1614 821 1665 d
841 1611 911 1666 ἐν
931 1611 1054 1677 τοῖς
1073 1611 1368 1679 οὐρανοῖς,
1397 1613 1737 1685 ἁγιασθήτω

65 1705 164 1758 τὸ
221 1704 444 1774 ὄνομά
475 1720 614 1769 σου,
655 1704 747 1758 καὶ
789 1703 859 1757 τὰ
905 1704 1052 1774 ἑξῆς.
1102 1706 1373 1770 ’Ἕκαστος
1408 1701 1502 1760 οὖν
1547 1708 1736 1762 ἑαυτὸν

69 1797 510 1870 δοκιμαζέτω,
551 1798 662 1850 εἴτε
691 1796 840 1862 ἄξιός
876 1798 1043 1862 ἐστιν,
1077 1798 1154 1863 ὼς
1189 1799 1290 1871 ἤδη
1334 1799 1448 1864 υἱὸς
1472 1799 1605 1854 Θεοῦ
1643 1819 1736 1871 γε-

1846 609 1972 667 ῑυι·;
2005 602 2099 656 sed
2131 601 2220 655 hic
2249 615 2378 656 cum
2421 601 2527 657 hoc
2577 603 2974 668 additamento,
3007 603 3249 669 Davidis,
3298 622 3428 677 pro-

1843 691 2057 758 fertur;
2091 692 2231 748 alius
2282 693 2328 726 “
2381 708 2511 748 vero
2544 695 2865 751 inscribitur
2909 715 2923 752 ε
2974 696 3162 752 Oratio
3219 696 3423 768 Παμείς

1842 783 2067 838 hominis
2100 783 2231 849 Dei;
2255 783 2396 841 alius
2425 786 2493 851 ",
2531 785 2721 840 Oratio
2756 789 3026 857 pauperis,
3064 805 3184 842 cum
3227 791 3422 845 anxius

1841 877 2036 946 fuerit,
2083 884 2133 931 et
2186 877 2238 930 in
2289 887 2566 947 conspectu
2623 879 2834 934 Domini
2923 879 3167 951 effuderit
3217 897 3422 951 precem

1841 985 2014 1026 suam.
2041 968 2147 1024 Sed
2203 971 2664 1040 quemadmodum
2721 975 2955 1044 apostoli
2992 973 3293 1032 Salvatoris
3327 992 3425 1031 no-

1841 1062 1982 1125 stri,
2029 1059 2247 1117 Veteris
2327 1061 2627 1132 Scriptura:
2695 1065 3043 1122 orationibus
3108 1067 3422 1138 superiores

1839 1149 2052 1215 effecti,
2111 1153 2435 1209 accedentes
2483 1155 2753 1226 rogabant
2808 1171 2972 1219 eum,
3016 1167 3075 1213 ut
3120 1173 3179 1214 se
3227 1159 3420 1213 orandi

1839 1241 2060 1296 modum
2094 1243 2378 1310 edoceret;
2425 1243 2518 1299 ille
2559 1260 2692 1300 vero
2740 1245 2876 1317 ipsis
2920 1247 3053 1303 solis
3112 1257 3166 1302 et
3222 1249 3424 1304 simili-

1838 1334 1942 1391 bus
2023 1335 2266 1404 ipsorum
2336 1345 2732 1406 congruentem
2797 1339 3020 1395 tradidit
3074 1341 3418 1404 orationem,
3477 1400 3481 1406 _

1839 1441 1964 1482 cum
1997 1425 2137 1480 dixit
2165 1426 2294 1490 illis,
2339 1425 2428 1480 Sic
2479 1444 2568 1482 vos
2628 1438 2777 1484 orate
2819 1447 2839 1484 :
2873 1430 3038 1486 Pater
3101 1442 3296 1501 noster,
3329 1435 3420 1504 qui

1837 1534 1891 1572 es
1953 1518 2006 1570 in
2041 1517 2206 1580 cretis,
2271 1518 2636 1587 sanctiﬁcetur
2703 1536 2891 1575 nomen
2950 1531 3100 1575 tuum
3128 1524 3194 1588 “,
3230 1532 3284 1578 et
3314 1539 3419 1579 crc-

1837 1617 1984 1676 tera;
2025 1609 2209 1678 itaque
2253 1610 2496 1681 seipsum
2533 1611 2769 1682 quisque
2799 1614 3013 1682 probet,
3051 1631 3183 1669 num
3215 1615 3416 1686 dignus

1837 1702 1930 1769 sit,
1967 1710 2152 1772 utpote
2186 1702 2302 1772 jam
2337 1703 2482 1759 ﬁlius
2523 1703 2615 1760 Dei
2653 1703 2903 1768 effectus,
2937 1706 3158 1764 Patrem
3206 1709 3302 1780 qui
3356 1711 3414 1765 in

1835 1794 1990 1848 caalis
2017 1801 2099 1846 est
2135 1793 2412 1860 invocare,
2446 1809 2510 1850 ac
2539 1795 2674 1850 illud
2702 1796 2968 1866 proferre,
3014 1797 3179 1855 Pater
3203 1809 3403 1869 noster,

75 1891 332 1960 γονὼς,
380 1889 478 1944 τὸν
515 1893 575 1944 ὲν
620 1892 734 1954 τοῖς
774 1890 1022 1962 οὐρανοῖς
1064 1891 1440 1947 ἐπικαλεῖσθαι
1487 1895 1717 1966 Πατέρα.

1835 1887 1924 1956 qui
1953 1903 2006 1941 es
2048 1888 2102 1941 in
2131 1887 2308 1953 caelis,-
2346 1893 2454 1943 etc.
2496 1887 2654 1954 Quod
2707 1891 2752 1945 si
2795 1890 2920 1945 talis
2969 1907 3078 1946 non
3111 1893 3207 1959 sit,
3257 1901 3413 1951 curet

83 1984 216 2038 καὶ
251 1983 456 2053 λέγειν
479 1983 562 2045 τὸ,
590 1983 780 2051 Πάτερ
809 1983 978 2052 ἡμῶν
1008 1985 1042 2037 ὀ
1067 1983 1139 2037 ἐν
1163 1984 1290 2052 τοῖς
1311 1985 1610 2055 οὐρανοῖς,
1637 1989 1732 2043 καὶ

85 2075 184 2128 τὰ
227 2075 398 2146 ἑξῆς.
454 2077 520 2129 Εἰ
567 2076 640 2148 μὴ
688 2075 940 2140 τοσοῦτος
986 2077 1093 2148 εἴη,
1141 2077 1499 2148 ἀναλέγεσθαι
1553 2082 1732 2155 έαυτῷ

97 2170 500 2235 σπουδαζέτω
545 2169 642 2242 τὴν
691 2170 1036 2242 ἁρμόζουσαν
1089 2173 1154 2243 τῇ
1197 2171 1362 2226 αὑτοῦ
1401 2174 1731 2228 καταστάσει

98 2261 459 2334 προσευχὴν
487 2262 594 2316 ἀπό
622 2280 681 2316 τε
708 2263 808 2334 τῆς
837 2261 1020 2334 βίϐλου
1052 2263 1161 2318 τῶν
1185 2264 1432 2338 Ψαλμῶν
1483 2268 1578 2322 καὶ
1622 2268 1732 2322 ἀπὸ

99 2355 238 2407 ’τῶν
277 2354 646 2427 προφητικῶν
683 2356 894 2426 φωνῶν.
951 2357 1016 2410 'n
1050 2356 1233 2429 μέντοι
1266 2359 1516 2431 παροῦσα
1561 2378 1730 2434 προσ-

105 2449 266 2520 ευχὴ
291 2448 393 2502 τοῦ
415 2448 578 2504 Δαυῒδ
600 2444 734 2503 οὖσα
753 2448 1032 2520 τυγχάνει·
1058 2448 1233 2514 οὕτως
1258 2449 1366 2523 γὰρ
1385 2452 1729 2524 ἡρμήνευσεν

103 2538 144 2591 ὃ
170 2556 241 2592 τε
287 2539 526 2605 Ἀκύλας
563 2540 657 2594 καὶ
687 2542 716 2593 ό
747 2539 1060 2612 Σύμμαχος,
1092 2542 1214 2595 ἀντὶ¹
1244 2542 1360 2607 τοῦ,
1406 2543 1486 2610 τῷ
1526 2545 1726 2610 Δαυῖδ,

107 2631 238 2686 τοῦ
290 2631 500 2700 Δαυῒδ,
535 2633 836 2705 εἰρηκότες.
885 2636 1043 2688 Δοκεῖ
1087 2634 1143 2688 δὲ
1193 2636 1223 2689 ό
1273 2634 1436 2690 Δαυῒδ
1476 2636 1556 2708 τῷ
1598 2637 1728 2710 θείῳ

112 2724 423 2796 Πνεύματι
463 2726 537 2798 μὴ
570 2726 901 2798 ἠγνοηκέναι
931 2725 1022 2780 τὸν
1059 2729 1189 2799 περὶ
1221 2727 1331 2782 τῶν
1362 2729 1592 2801 πτωχῶν
1622 2731 1729 2785 ύπὸ

115 2816 228 2871 τοῦ
257 2819 516 2891 Σωτῆρος
555 2819 712 2891 ἡμῶν
741 2819 1035 2891 εἰρημένον
1065 2821 1435 2892 μακαρισμόν·
1469 2821 1550 2875 διὸ
1578 2840 1726 2876 πτω-

119 2910 230 2981 χὸν
255 2911 451 2965 ἑαυτὸν
475 2912 566 2964 καὶ
598 2911 803 2983 πένητα
835 2912 1102 2982 ὑπάρχειν
1126 2913 1398 2983 ὁμολογεῖ,
1433 2914 1528 2967 καὶ
1553 2915 1727 2969 ταῦτα

128 3002 396 3072 βασιλεὺς
430 3003 506 3056 ῶν
536 3005 628 3058 καὶ
660 3002 870 3075 πλούτῳ
898 3003 1076 3076 πολλῷ
1105 3005 1547 3078 περιρῤεόμενος.
1586 3007 1726 3061 Ἀλλ’

129 3095 327 3168 ἐπειδὴ
357 3097 436 3168 τῷ
470 3095 741 3168 πνεύματι
767 3095 1003 3160 τοιοῦτος
1022 3093 1112 3167 ἦν,
1150 3096 1289 3151 κατὰ
1320 3097 1403 3164 τὸ,
1434 3096 1724 3166 Μακάριοι

129 3193 193 3244 οὶ
225 3191 448 3259 πτωχοὶ
485 3189 564 3256 τῷ
606 3191 918 3260 πνεύματι,
949 3189 1174 3253 εἰκότως
1213 3189 1271 3243 ἐν
1312 3191 1380 3260 τῇ
1423 3193 1721 3263 προσευχῇ,

133 3282 216 3346 ὡς
265 3283 468 3354 ἀρετὰς
516 3282 712 3337 ἑαυτοῦ
780 3283 875 3337 καὶ
918 3282 986 3336 τὰ
1030 3281 1429 3354 κατορθώματα
1485 3283 1722 3355 προϐάλ-

136 3375 290 3428 λεται
340 3375 438 3447 τὴν
497 3375 768 3446 πτωχείαν
837 3375 933 3428 καὶ
997 3375 1205 3429 πενίαν.
1268 3375 1377 3429 Καὶ
1435 3375 1609 3440 ἄλλως
1662 3377 1720 3431 δὲ

138 3468 308 3538 ἐρεῖς,
354 3468 454 3531 ὅτι,
500 3467 688 3538 ῶσπερ
731 3467 990 3538 Μωῦσῆς,
1047 3468 1230 3538 φωνῆς
1276 3467 1515 3533 ἀκούσας
1560 3469 1718 3536 Θεοῦ,

144 3557 469 3629 ἰσχνόφωνον
501 3559 693 3622 ἑαυτὸν
719 3554 860 3613 εἶναι
891 3558 1180 3630 ὡμολόγει,
1230 3560 1372 3614 κατὰ
1417 3562 1718 3634 παράθεσιν

138 3653 241 3725 τῆς
273 3652 420 3718 θείας
453 3655 636 3725 φωνῆς
677 3653 834 3708 τοῦτο
875 3655 1070 3727 φήσας·
1109 3655 1250 3710 οὕτω
1283 3656 1374 3710 καὶ
1399 3658 1426 3711 ὁ
1454 3657 1636 3722 Δαυῒδ,
1670 3661 1720 3713 εἰ

141 3745 238 3798 καὶ
283 3743 450 3816 μέγας
493 3740 560 3817 ἦν
614 3746 707 3799 καὶ
753 3745 1007 3811 πλούσιος
1059 3748 1174 3818 καὶ,
1205 3748 1366 3819 σοφὸς
1413 3749 1718 3821 ἀνθρώποις

146 3839 582 3910 συγκρινόμενος,
620 3840 736 3894 ἀλλ’
767 3841 1053 3904 ἀνατείνας
1102 3841 1240 3913 πρὸς
1285 3841 1377 3895 τὸν
1423 3841 1555 3896 Θεὸν
1590 3844 1718 3908 τοὺς

143 3931 463 4004 ὀφθαλμοὺς,
493 3935 594 4004 ὁρᾷ
623 3933 810 3988 ἑαυτὸν
834 3933 895 3987 τὸ
918 3934 1082 4004 μηδὲν
1105 3934 1252 3988 ὄντα·
1283 3935 1375 3988 καὶ
1403 3935 1523 3988 ἐπεὶ
1548 3935 1620 4006 μή
1632 3954 1715 3989 πω

145 4019 214 4094 ῆν
232 4024 443 4088 δυνατὸς
472 4026 687 4097 πατέρα
708 4025 799 4079 τὸν
826 4026 956 4079 Θεὸν
977 4026 1285 4098 ὀνομάζειν,
1320 4026 1524 4100 Κύριον
1552 4028 1712 4082 αὑτὸν

149 4113 318 4180 καλεῖ,
344 4115 524 4169 δούλου
561 4115 744 4188 χώραν
781 4119 971 4173 ἑαυτὸν
1013 4119 1230 4192 ἐπέχειν
1273 4120 1571 4192 σημαίνων.
1598 4117 1712 4198 Εἶθ’

150 4208 226 4272 ὡς
250 4208 401 4272 αὐτὸς
434 4208 606 4280 μένων
635 4210 786 4264 κάτω
819 4229 920 4264 που
953 4212 1048 4266 καὶ
1071 4213 1129 4265 έν
1171 4211 1337 4282 βυθῷ,
1373 4211 1466 4266 τοῦ
1495 4212 1551 4265 δὲ
1576 4211 1712 4265 Θεοῦ

153 4299 293 4364 ὄντος
314 4303 368 4354 ἐν
388 4300 528 4370 ὕψει,
562 4301 737 4356 κλῖναι
765 4303 854 4356 τὸν
883 4304 1014 4356 Θεὸν
1041 4303 1269 4356 ἱκετεύει
1295 4304 1354 4356 τὸ
1378 4299 1470 4367 οὖς
1492 4301 1707 4357 ἑαυτοῦ·

155 4389 242 4444 ἅτε
287 4393 355 4464 μὴ
400 4392 656 4448 τοσοῦτον
711 4393 838 4466 βοᾷν
885 4395 1181 4466 δυνάμενος
1227 4396 1312 4450 διὰ
1366 4397 1463 4468 τὴν
1505 4396 1711 4451 οἰκείαν

1833 1979 1999 2034 statui
2023 1995 2124 2036 suo
2146 1987 2534 2051 congruentem
2559 1983 2861 2040 orationem
2889 1984 3148 2054 deligere,
3174 2001 3239 2041 ex
3269 1985 3414 2042 libro

1833 2071 2176 2128 Psalmorum
2209 2080 2265 2129 et
2293 2089 2360 2129 ex
2393 2075 2732 2146 propheticis
2777 2077 3006 2132 vocibus
3040 2077 3411 2150 desumptam.

1832 2163 1959 2219 Haec
1986 2165 2154 2236 igitur
2178 2164 2358 2220 oratio
2389 2164 2610 2222 Davidis
2643 2174 2728 2223 est
2755 2189 2770 2223 :
2793 2183 2921 2222 nam
2948 2170 3030 2225 sic
3061 2171 3410 2242 explicarunt

1830 2257 2029 2328 Aquila
2057 2263 2112 2311 et
2147 2253 2531 2328 Symmachus,
2559 2257 2656 2328 qui
2689 2273 2789 2328 pro
2819 2259 2934 2319 illo.
2969 2259 3186 2326 Doridi,
3229 2262 3409 2319 inter-

1830 2350 2028 2421 pretati
2059 2359 2208 2412 sunt,
2248 2347 2484 2407 Davidis.
2539 2350 2769 2408 Videtur
2795 2367 2963 2423 porro
2993 2351 3189 2420 David,
3218 2354 3411 2412 divino

1831 2441 2043 2498 aﬂlatus
2075 2440 2304 2513 Spiritu,
2339 2444 2740 2502 beatitudinem
2787 2447 2936 2500 illam
2967 2446 3036 2502 de
3067 2449 3406 2518 pauperibus

1830 2547 1862 2585 a
1897 2530 2178 2589 Salvatore
2205 2544 2396 2591 nostro
2430 2537 2696 2607 prolatam
2729 2553 2839 2593 non
2882 2538 3170 2609 ignorasse
3196 2562 3208 2595 :
3237 2556 3408 2612 quare

1831 2639 1891 2680 se
1912 2639 2212 2695 pauperem
2239 2635 2294 2680 et
2323 2626 2542 2697 inopem
2571 2643 2694 2684 esse
2725 2626 2947 2694 fatetur,
2972 2629 3188 2686 etiamsi
3219 2646 3314 2686 rex
3341 2647 3408 2688 ac

1829 2713 2034 2770 divitiis
2082 2715 2385 2772 instructus
2438 2717 2627 2774 multis
2659 2726 2826 2774 esset.
2881 2718 2988 2774 Sed
3028 2721 3157 2790 quia
3205 2721 3406 2792 spiritu

1829 2805 1952 2862 talis
1979 2813 2098 2862 erat
2123 2806 2427 2863 secundum
2464 2807 2622 2875 illud,
2652 2809 2808 2863 Beati
2833 2825 3088 2880 pauperes
3115 2811 3307 2880 spiritu
3323 2814 3401 2880 ‘7;

1827 2901 2026 2954 merito
2065 2908 2444 2971 paupertatem
2485 2908 2540 2955 et
2593 2902 2834 2972 inopiam
2883 2901 3027 2957 inter
3075 2903 3310 2960 virtutes
3347 2915 3404 2960 et

1827 3000 1977 3050 recte
2030 2992 2174 3048 facta
2219 3008 2320 3050 sua
2365 2995 2420 3048 in
2470 2995 2720 3051 oratione
2771 3003 3044 3052 recenset.
3103 2996 3226 3052 Alio
3272 2997 3402 3053 item

1827 3086 1990 3142 modo
2026 3087 2266 3154 dixeris;
2311 3087 2450 3143 sicut
2499 3087 2734 3160 Moyses,
2769 3088 2954 3143 audita
3001 3087 3096 3144 Dei
3145 3106 3298 3154 voce,
3343 3107 3406 3147 se

1823 3202 2215 3258 balbutientem
2246 3215 2371 3258 esse
2418 3200 2712 3267 fatebatur,
2750 3203 2914 3272 idque
2956 3202 3174 3260 dicebat
3210 3220 3400 3261 vocem

1829 3311 1982 3352 suam
2044 3311 2168 3350 cum
2231 3295 2416 3350 divina
2479 3296 2881 3366 comparando;
2941 3295 3016 3349 ita
3080 3304 3136 3352 et
3199 3295 3402 3365 David,

1828 3389 2043 3443 etiamsi
2083 3403 2334 3460 magnus,
2367 3388 2522 3444 dives
2564 3399 2618 3444 et
2655 3390 2897 3458 sapiens,
2930 3404 3054 3444 cum
3088 3390 3403 3445 hominibus

1825 3487 2178 3550 comparatus
2235 3488 2407 3546 esset;
2443 3487 2498 3533 at
2527 3480 2756 3535 elevatis
2794 3480 2861 3534 ad
2906 3479 3074 3537 Deum
3105 3483 3302 3546 oculis,
3340 3499 3400 3538 se

1825 3572 1963 3628 nihil
1996 3588 2120 3629 esse
2151 3573 2284 3628 vidit
2311 3594 2323 3628 :
2356 3581 2409 3628 et
2433 3573 2560 3642 quia
2602 3571 2844 3628 nondum
2875 3581 3059 3643 posset
3089 3572 3258 3628 Deum
3303 3590 3399 3645 pa-

1825 3674 1963 3720 trem
2004 3680 2222 3730 vocare,
2254 3665 2546 3720 Dominum
2577 3681 2702 3721 eum
2749 3666 3058 3736 appellavit,
3111 3682 3170 3722 se
3209 3665 3398 3723 famuli

1823 3759 2003 3814 locum
2037 3765 2225 3816 tenere
2263 3758 2601 3828 signiﬁcans.
2637 3757 2862 3823 Deinde,
2897 3767 3084 3830 utpote
3107 3759 3199 3830 qui
3231 3760 3284 3814 in
3317 3761 3398 3814 iu-

1823 3849 1967 3904 ﬁmis
1997 3858 2052 3905 et
2108 3850 2163 3903 in
2206 3847 2478 3919 profundo
2526 3856 2763 3912 maneat,
2814 3862 2940 3902 cum
2992 3845 3135 3902 Deus
3185 3847 3240 3901 in
3285 3849 3396 3901 alto

1822 3942 2090 4004 exsistat,’
2122 3950 2280 4010 rogat
2320 3947 2379 3994 ut
2418 3939 2643 3995 inclinet
2661 3954 2849 3994 aurem
2881 3953 3061 4002 suam,
3096 3938 3244 4008 quod
3279 3939 3395 4008 ipse

1819 4047 1932 4102 prae
1971 4031 2286 4085 infirmitate
2333 4038 2544 4084 tantum
2579 4028 2742 4084 edere
2788 4028 3084 4082 clamorem
3122 4042 3231 4081 non
3271 4043 3398 4098 pos-

1818 4122 1912 4187 sit,
1953 4121 2046 4192 qui
2081 4121 2134 4175 in
2164 4122 2334 4174 altum
2364 4120 2669 4190 perveniat,
2701 4125 2757 4174 et
2789 4116 2858 4172 ad
2893 4117 3062 4172 Deum
3097 4118 3390 4188 pertingat.

1817 4211 2180 4279 Quamobrem
2251 4209 2522 4282 supplicat
2580 4218 2640 4263 ut
2705 4207 2849 4264 Deus
2907 4207 3132 4262 inclinet
3204 4223 3390 4265 aurem

1815 4321 1991 4367 suam,
2025 4310 2078 4359 et
2108 4310 2169 4357 ut
2193 4301 2414 4358 divinus
2453 4301 2676 4357 auditus
2707 4301 3009 4356 humilitati
3046 4317 3160 4357 suae
3196 4308 3393 4356 altern-

1813 4407 2052 4465 peretur.

155 4483 432 4547 ἀσθένειαν,
457 4485 534 4548 ὡς
558 4485 902 4557 ἀναπέμπειν
934 4488 1012 4551 εἰς
1037 4486 1168 4557 ὕψος
1197 4490 1290 4542 καὶ
1328 4488 1522 4542 τείνειν
1558 4489 1694 4560 πρὸς
1720 4487 1812 4541 τὸν
1835 4487 1966 4541 Θεὸν
1992 4486 2089 4558 τὴν
2116 4484 2310 4540 ἑαυτοῦ
2347 4487 2550 4558 φωνήν.
2585 4485 2675 4540 Διὸ
2701 4485 2868 4540 δεῖται
2901 4485 3077 4540 κλῖναι
3108 4485 3302 4539 ἑαυτοῦ
3329 4484 3390 4540 τὸ

158 4571 242 4638 οὖς
267 4576 348 4629 τὸν
370 4577 518 4641 Θεὸν,
540 4579 633 4631 καὶ
651 4581 715 4650 τῇ
751 4578 943 4631 ἑαυτοῦ
1011 4580 1356 4651 ταπεινότητι
1425 4581 1833 4652 συγκαταϐῆναι
1863 4580 1960 4650 τὴν
1989 4578 2140 4632 θείαν
2163 4579 2353 4649 ἀκοήν.

228 4695 484 4760 Φύλαξω
505 4696 620 4764 τὴν
642 4697 855 4766 ψυχήν
880 4714 1022 4766 μου,
1047 4697 1134 4751 ὄτι
1156 4697 1325 4764 ὅσιός
1345 4701 1480 4769 ειμι·
1509 4699 1717 4754 σῶσον

1885 4697 2054 4754 Vens.
2095 4699 2149 4753 2.
2193 4695 2420 4752 Custodi
2455 4695 2689 4749 animam
2732 4710 2922 4758 meam,
2967 4693 3218 4765 quoniam
3263 4709 3391 4747 san-

164 4789 260 4841 τὸν
284 4789 492 4844 δοῦλόν
529 4808 666 4855 σου,
708 4794 742 4845 ὁ
787 4791 952 4858 Θεὸς,
991 4791 1099 4845 τὸν
1128 4790 1444 4853 ἐλπίζοντα
1482 4794 1577 4847 ἐπὶ
1611 4793 1703 4848 σέ.

178 4882 256 4934 Ἐν
273 4877 342 4946 οἷς
362 4879 441 4953 ἦν,
470 4885 526 4936 ἐν
555 4884 763 4949 τούτοις
789 4885 1124 4957 φυλαχθῆναι
1149 4884 1292 4950 ἀξιοί
1311 4886 1416 4939 ὑπὸ
1433 4887 1527 4941 τοῦ
1549 4886 1706 4955 Θεοῦ,

166 4974 233 5038 ὼς
259 4974 316 5028 ἂν
353 4975 430 5048 μὴ,
448 4976 703 5050 συληθείη
737 4977 902 5034 αὐτοῦ
935 4979 968 5050 ὴ
996 4978 1141 5050 ψυχὴ
1182 4972 1258 5032 ὧν
1286 4980 1548 5051 ἐκέκτητο
1581 4980 1708 5052 ἀρε-

167 5067 281 5122 τῶν·
319 5070 376 5133 ἃς
413 5068 647 5141 ἐδήλωσε
696 5070 910 5142 πρῶτον
956 5070 1148 5134 εἰπὼν,
1189 5072 1310 5125 Ὅτι
1347 5070 1579 5141 πτωχός
1607 5071 1706 5125 καὶ

170 5157 335 5228 πένης
357 5159 461 5230 sitsi
493 5159 626 5231 ἐγώ·
654 5160 927 5232 δεύτερον,
969 5161 1087 5215 Ὅτι
1126 5161 1297 5228 ὅσιός
1335 5163 1472 5231 ειμι·
1502 5161 1583 5215 διὸ
1609 5161 1705 5215 καὶ

173 5250 376 5323 ἀλλαχοῦ
393 5252 604 5322 φάσκει·
633 5252 728 5322 Μὴ
746 5253 965 5308 ἐλθέτω
980 5272 1082 5324 μοι
1103 5254 1257 5321 ποῦς
1274 5255 1706 5323 ὑπερηφανίας.

184 5345 313 5398 Ἐπεί⁸
334 5345 381 5398 δὲ
408 5346 614 5418 συνῄδει
632 5346 808 5418 ἑαυτῷ
832 5347 1058 5418 μηδέπω
1072 5346 1185 5401 ὄντι
1201 5347 1321 5419 υἱῷ,
1343 5347 1562 5410 εἰκότως
1582 5345 1705 5400 δοῦ·-

175 5439 251 5492 λον
287 5438 450 5492 ἑαυτὸν
489 5438 740 5510 ὁμολογεῖ
782 5438 874 5492 καί
921 5455 1074 5511 φησι·
1107 5437 1318 5494 Σῶσον
1353 5439 1459 5494 τὸν
1483 5437 1707 5492 δοῦλόν

177 5547 293 5594 σου,
329 5534 356 5585 ὁ
395 5531 557 5598 Θεὸς,
607 5531 716 5585 τὸν
766 5529 1083 5592 ἐλπίζοντα
1126 5530 1224 5584 ἐπὶ
1268 5529 1363 5587 σέ.
1411 5529 1607 5594 Δοῦλος
1649 5529 1705 5583 δὲ

179 5622 292 5676 Θεοῦ
317 5625 441 5679 ἐστιν
464 5627 492 5678 ὁ
525 5625 598 5696 μὴ
637 5623 903 5678 δουλεύων
944 5623 1207 5697 ἁμαρτίᾳ,
1246 5623 1379 5694 μηδέ
1412 5641 1516 5677 τινι
1546 5621 1706 5676 πάθει

183 5716 676 5789 ὐποκείμενος,]μόνῳ
701 5717 756 5770 δὲ
785 5715 920 5771 Θεοῦ
943 5716 1101 5788 Λόγῳ
1120 5715 1576 5786 ύποτεταγμένος,
1612 5716 1708 5768 καὶ

1811 4800 1926 4844 ctus
1955 4808 2070 4844 sum
2096 4806 2114 4844 :
2139 4790 2344 4844 salvum
2388 4789 2474 4859 fac
2508 4804 2712 4842 servum
2759 4797 2927 4852 tuum,
2967 4785 3130 4846 Deus,
3177 4800 3390 4854 speran-

1813 4890 1915 4936 tem
1950 4882 2000 4935 in
2048 4889 2113 4934 te.
2151 4878 2208 4933 in
2243 4893 2353 4948 quo
2391 4885 2537 4932 statu
2579 4884 2698 4931 erat
2735 4891 2796 4932 se
2854 4875 3172 4930 conservari
3203 4890 3232 4927 a
3275 4873 3387 4930 Deo

1810 4974 2070 5045 postulat,
2110 4979 2172 5027 ut
2198 4987 2266 5028 ne
2311 4971 2492 5026 anima
2541 4983 2643 5025 sua
2674 4967 2970 5024 virtutibus
3002 4983 3140 5038 quas
3169 4967 3384 5023 obtine-
3454 5044 3460 5052 .

1810 5068 1903 5122 bat
1952 5066 2326 5136 spoliaretur:
2374 5077 2514 5134 quas
2565 5061 2821 5126 virtutes,
2886 5060 2972 5115 his
3033 5059 3382 5123 declarabat,

1807 5159 1986 5229 primo
2018 5173 2140 5213 eum
2172 5157 2398 5220 diceret,
2453 5153 2716 5221 Quoniam
2759 5153 2905 5221 inops
2940 5159 2989 5206 et
3031 5166 3229 5221 pauper
3267 5167 3383 5204 sum
3491 5157 3498 5162 '

1806 5268 1930 5322 ego;
1983 5249 2223 5304 secundo
2254 5287 2270 5314 ,
2321 5247 2586 5314 Quoniam
2633 5255 2848 5300 sanctus
2882 5260 3032 5309 sum;
3058 5257 3226 5313 quare
3252 5241 3380 5296 alibi

1807 5345 1958 5407 dicit,
1987 5342 2110 5397 Non
2141 5343 2313 5397 ueniat
2355 5340 2483 5394 mihi
2513 5356 2600 5409 pes
2641 5338 2900 5408 superbire
2921 5338 2986 5392 ⁸⁸.
3031 5336 3168 5391 Cum
3202 5341 3380 5389 autem

1807 5454 1866 5494 se
1896 5437 2136 5492 nondum
2178 5435 2346 5491 filium
2380 5449 2505 5490 esse
2539 5441 2714 5504 putet,
2747 5447 2807 5488 se
2834 5432 2958 5502 jure
2999 5443 3216 5487 servum
3249 5442 3382 5483 con-

1807 5529 1990 5584 ﬁtetur
2029 5536 2080 5582 et
2108 5527 2205 5590 ait,
2242 5527 2461 5582 Salvum
2490 5525 2576 5594 fac
2606 5539 2812 5579 servum
2847 5533 3016 5582 tuum.
3074 5519 3233 5587 Deus,
3266 5533 3382 5588 δραι

1804 5629 2008 5676 rantem
2056 5620 2112 5673 in
2151 5628 2217 5672 te.
2271 5616 2475 5673 Servus
2514 5631 2680 5685 porro
2735 5613 2827 5668 Dei
2873 5621 2979 5676 est,
3015 5613 3108 5682 qui
3156 5620 3381 5682 peccato

1806 5726 1917 5768 non
1951 5711 2144 5778 servit,
2195 5711 2438 5782 nullique
2468 5708 2682 5765 atl‘ectui
2727 5706 2980 5763 subditus
3025 5715 3128 5771 est,
3163 5703 3258 5762 sed
3288 5704 3379 5760 uni

246 5872 282 5904 “
309 5871 428 5930 Psal.
460 5889 696 5944 unus,
731 5875 783 5931 1.
829 5876 903 5953 ’-⁸⁸
944 5874 1088 5932 Psal.
1123 5890 1171 5929 Cl
1195 5913 1210 5940 ,
1248 5873 1297 5927 Ι.
1375 5873 1418 5904 ⁶⁶
1459 5869 1646 5930 Matth.
1684 5885 1735 5928 γι
1759 5910 1774 5938 ,
1811 5867 1864 5925 9.
1943 5869 1986 5901 ⁸⁷
2029 5865 2220 5925 Matth.
2263 5883 2314 5934 v,
2339 5865 2400 5940 5.
2447 5865 2527 5944 ,⁸³
2565 5862 2710 5919 Psal.
2749 5875 2915 5926 xxxv,
2953 5857 3039 5914 12.
