3972 6812
600 399 731 455 1051

1304 387 1575 455 EUSEBll
1613 382 2094 454 cmss'niensxs’
2125 389 2278 452 OPP.
2307 395 2485 453 PARS
2514 394 2603 452 Ill.
2647 426 2718 438 —
2755 393 3162 453 EXEGETICA.
3781 401 3878 456 πε

596 511 691 567 Dei
733 507 913 566 Verbo
938 511 1256 582 subjectus;
1289 521 1344 567 et
1367 513 1463 582 qui
1494 511 1550 566 in
1574 507 1726 568 nullo
1755 511 1862 567 alio
1891 526 2044 583 spem
2073 512 2173 566 ha-

2276 514 2301 566 6
2328 511 2422 564 ὲπὶ
2453 512 2657 584 μηδένα
2685 511 2873 583 ἕτερον
2913 510 3150 576 ἐλπίζων
3177 512 3212 583 ἢ
3243 512 3338 566 ἐπὶ
3373 512 3566 583 μόνον
3613 515 3734 566 τὸν
3771 517 3858 569 ὲ.

595 605 704 668 bet,
741 605 847 661 nisi
876 608 929 660 in
966 622 1074 660 uno
1104 605 1234 662 Deo.
1263 634 1334 646 —
1362 603 1532 660 Vens.
1573 606 1631 675 5,
1669 605 1726 662 4.
1765 604 2017 660 Miserere
2051 607 2174 670 mei,

595 698 838 762 Domine,
889 699 1138 768 quoniam
1187 697 1256 751 ad
1287 707 1335 752 te
1375 697 1620 752 clamabo
1652 705 1764 753 tota
1796 697 1882 753 die
1903 713 1922 752 :
1956 699 2176 768 laetiﬁca

595 792 829 845 animam
869 793 1004 846 servi
1051 791 1150 856 tui,
1183 791 1431 862 quoniam
1457 791 1620 857 ad‘le,
1644 790 1889 855 Domine,
1941 791 2177 845 animam

596 897 766 936 meam
807 882 992 937 levavi.
1028 880 1180 936 Licet
1214 889 1443 936 sanctus
1473 883 1602 945 sim,
1643 881 1741 946 ait,
1777 880 1905 936 licet
1936 881 2094 951 inaps
2122 888 2177 934 et

593 988 802 1043 pauper
833 974 1067 1044 spiritu;
1101 972 1197 1029 sed
1226 971 1472 1027 nondum
1507 971 1642 1026 mihi
1674 971 1850 1026 ﬁdens
1873 973 2176 1026 orationem

597 1064 808 1120 emitto.
851 1063 1054 1118 Precor
1076 1071 1256 1118 autem
1287 1069 1341 1118 et
1368 1078 1500 1134 rogo
1528 1071 1677 1117 tuam
1712 1063 1975 1135 consequi
2017 1064 2177 1119 mise-

594 1157 891 1211 ricordiam
927 1174 939 1210 :
971 1164 1027 1210 et
1073 1156 1190 1210 haec
1233 1162 1499 1226 perpetua
1538 1153 1719 1210 oratio
1767 1169 1888 1210 mea
1928 1161 2032 1211 est.
2067 1153 2175 1210 Pro

594 1249 687 1305 illo
718 1256 924 1313 autem,
957 1248 1094 1302 Tota
1139 1246 1247 1314 die,
1285 1245 1652 1318 Symmachus
1694 1247 1774 1303 sic
1805 1246 1999 1314 edidit,
2034 1246 2174 1312 Quia

594 1342 663 1396 ad
693 1352 740 1395 te
769 1340 1004 1396 clamans
1043 1333 1267 1411 singulis
1303 1338 1508 1393 diebus.
1543 1338 1665 1394 Non
1709 1340 1855 1394 enim
1902 1354 2013 1394 una
2050 1347 2175 1393 tan-

593 1442 710 1488 tum
754 1433 844 1488 die
873 1433 1110 1489 orationi
1136 1431 1466 1490 vacandum.
1515 1430 1611 1487 sed
1653 1446 1750 1501 per
1775 1437 1948 1486 totam
1981 1431 2171 1487 vitam.

596 1525 664 1580 Et
693 1527 821 1597 quia
854 1525 922 1581 de
955 1525 1105 1579 nulla
1148 1524 1384 1578 humana
1439 1537 1500 1577 re
1537 1522 1830 1578 admodum
1863 1523 2171 1594 gaudebat;

594 1619 729 1676 illud
757 1620 920 1674 etiam
966 1633 995 1671 a
1039 1616 1150 1673 Deo
1182 1615 1412 1687 praeberi
1449 1615 1556 1671 sibi
1590 1615 1837 1687 rogabat,
1879 1615 1936 1670 id
1981 1623 2086 1680 est,
2115 1624 2175 1670 ut

593 1713 781 1768 laetitia
815 1711 906 1766 illa
938 1725 1059 1781 quae
1094 1701 1239 1780 apud
1281 1709 1461 1779 ipsum
1494 1707 1667 1764 Deum
1701 1707 1956 1776 habetur,
1991 1707 2174 1762 anima

593 1821 690 1862 sua
717 1806 879 1876 digna
915 1804 1242 1858 haberetur:
1271 1817 1476 1872 gnarus
1508 1803 1698 1872 utique
1723 1813 1928 1871 corpus
1962 1808 2018 1856 et
2045 1815 2172 1855 car-

2293 600 2578 670 Ὲλέησόν
2601 620 2697 671 με,
2716 603 2912 672 Κύριε,
2929 603 3020 657 ὅτι
3047 603 3199 672 πρὸς
3218 603 3293 658 σὲ
3317 604 3752 674 κεκράξομ
3777 609 3880 662 (τὸ.

2276 693 2392 763 τὴν
2435 693 2683 762 ἡμέραν·
2739 695 3040 766 εὔφρανωο
3090 696 3204 765 τὴν
3239 697 3457 766 ψυχὴν
3499 697 3658 750 τοῦ
3693 701 3876 756 ὄεὲὲ,

2276 803 2414 850 σου,
2447 786 2535 841 ὅτι
2558 786 2708 856 πρὸς
2736 789 2830 854 σὲ,
2871 789 3066 858 Κύριε,
3104 789 3218 858 τὴν
3243 791 3462 860 ψυχήν
3485 808 3652 860 μου
3691 788 3832 860 ἦρα.
3853 797 3884 848 ξι

2277 879 2372 934 καὶ
2393 879 2541 943 ὅσιός
2574 882 2711 950 εἰμι,
2748 881 2931 952 φησὶν,
2966 882 3015 934 εἰ
3055 883 3150 936 καὶ
3189 883 3414 953 πτωχὸς
3448 885 3556 938 καὶ
3615 885 3818 954 πένης
3841 895 3880 939 τί

2277 971 2566 1043 πνεύματν
2597 964 2711 1026 ἀλλ⁴
2744 973 2897 1028 οὔπω
2923 974 3140 1047 θαρσῶν
3169 977 3388 1047 ἐμαυτῷ
3413 979 3522 1049 τὴν
3553 979 3774 1049 εὐχὴν
3797 983 3884 1033 ἐπι
3918 1023 3919 1026 η

2276 1065 2501 1136 πέμπω.
2540 1065 2741 1138 Δέομαι
2784 1066 2842 1120 δὲ
2880 1067 2974 1120 καὶ
3013 1067 3241 1122 ἱκετεύω
3277 1069 3429 1123 ἐλέου
3461 1070 3574 1123 τοῦ
3619 1077 3804 1140 παρὰ
3827 1076 3886 1123 7.2
3918 1091 3919 1096 η

2273 1161 2479 1230 τυχεῖν,
2523 1160 2617 1212 καὶ
2665 1147 2804 1231 αὕτη
2853 1160 2954 1231 μού
3001 1163 3148 1214 ἐστιν
3189 1163 3222 1232 ἡ
3259 1161 3522 1234 διηνεκὴς
3571 1171 3882 1233 προσείθτά

2287 1254 2433 1307 Ἀντὶ
2459 1253 2589 1322 γοῦν
2619 1254 2734 1318 τοῦ,
2764 1254 2917 1322 ὅλην
2943 1254 3058 1323 τὴν
3087 1253 3336 1324 ἡμέραν,
3359 1257 3388 1308 6
3415 1256 3782 1327 Σύμμαχος

2273 1346 2465 1412 δωκεν,
2501 1348 2622 1401 Ὅτι
2647 1347 2798 1416 πρὸς
2837 1347 2913 1400 σὲ
2941 1347 3110 1412 ,βοῶν
3138 1351 3264 1402 καθ’
3301 1348 3598 1417 ἑκάστην
3641 1351 3872 1418 me

2275 1440 2350 1494 Οὐ
2379 1439 2488 1510 γὰρ
2532 1441 2666 1512 πρὸς
2714 1441 2844 1511 μίαν
2885 1441 3098 1514 ἡμέραν
3130 1442 3212 1495 δεῖ
3249 1445 3315 1514 τῇ
3349 1446 3677 1513 προσευχῇ
3723 1444 3884 1511 οῖεὲιά

2276 1531 2410 1598 ζειν,
2450 1533 2583 1588 ἀλλὰ
2615 1533 2702 1588 διὰ
2735 1533 2916 1606 πάσης
2940 1536 3038 1606 τῆς
3066 1535 3274 1590 ἑαυτῶν
3309 1534 3484 1606 ζωῆς.
3515 1537 3654 1590 Καὶ

2276 1643 2380 1699 περ
2408 1628 2496 1680 ἐπ’
2532 1627 2708 1681 οὐδενὶ
2749 1629 2859 1682 τῶν
2893 1628 3250 1700 ἀνθρωπίνων
3289 1628 3677 1699 πραγμάτων
3725 1631 3882 1698 Elaea

2278 1721 2443 1790 μέγα,
2474 1721 2629 1791 ἠξίου
2656 1721 2744 1774 διὰ
2773 1721 2874 1791 τῆς
2912 1721 3218 1792 προσευχῆς
3257 1720 3724 1792 παραηεθῆναε
3771 1725 3884 1774 ,ξτες

2275 1812 2381 1866 ὑπὸ
2413 1813 2503 1866 τοῦ
2533 1813 2688 1868 Θεοῦο
2717 1812 2876 1868 τοῦτο
2912 1813 2969 1867 δὲ
2989 1809 3056 1884 ἦν
3098 1813 3159 1866 τὸ
3195 1812 3552 1885 εὐφροσύνης
3607 1813 3742 1883 τῆς
3789 1823 3886 1882 ::;.‘

593 1913 718 1954 nem
768 1913 924 1953 suam
972 1895 1252 1966 corporeis
1298 1894 1464 1949 rebus
1527 1893 1786 1964 gaudere.
1832 1892 2013 1960 Quare
2055 1893 2170 1948 haec

2276 1905 2423 1977 αὐτῷ
2461 1907 2540 1978 τῷ
2584 1906 2704 1978 Θεῷ
2749 1880 3148 1978 καταξιωθῆναι
3187 1880 3533 1976 τὴννέαυτοξῖ
3585 1880 3886 1976 ψυχήν-τ.

593 1989 811 2060 quidem
846 1987 1077 2058 respuit,
1118 1985 1291 2042 solam
1343 1998 1496 2050 vero,
1528 1999 1653 2054 qua:
1685 1984 1829 2054 apud
1863 1982 2031 2038 Deum
2060 1989 2166 2047 est,

595 2081 834 2137 laetitiam
879 2078 1141 2149 postulat,
1194 2076 1389 2131 animae
1435 2090 1548 2130 suae
1594 2076 1930 2144 voluptatem
1972 2088 2172 2144 procu-

592 2191 743 2231 rans.
778 2172 998 2228 Sciebat
1021 2170 1246 2241 quippe,
1283 2181 1393 2226 non
1437 2183 1602 2239 posse
1625 2183 1818 2223 omnes
1859 2167 2007 2222 illam
2037 2181 2172 2222 con-

593 2266 786 2337 sequi;
811 2263 908 2320 sed
935 2277 1032 2318 eos
1066 2271 1278 2316 tantum
1311 2262 1408 2332 qui
1445 2275 1478 2314 a
1507 2259 1726 2314 mortali
1757 2258 1871 2313 vita
1898 2265 1952 2314 et
1989 2273 2020 2314 a
2051 2274 2173 2314 cor-

593 2359 775 2430 porcis
805 2355 1156 2427 cupidinibus
1189 2369 1314 2410 sese
1359 2360 1637 2416 amovent,
1681 2358 1738 2407 et
1779 2351 1848 2406 ad
1881 2349 2050 2406 Deum
2085 2366 2174 2407 so-

594 2452 708 2504 lum
755 2457 938 2505 mente
981 2453 1036 2502 et
1081 2445 1509 2518 cogitationibus
1556 2441 1853 2511 accedunt;
1903 2443 2026 2500 ideo
2050 2442 2175 2513 jure

595 2543 805 2613 adjicit,
851 2541 1114 2609 Quoniam
1155 2539 1223 2593 ad
1266 2547 1336 2606 te,
1360 2537 1611 2603 Domine,
1646 2537 1883 2591 animum
1905 2553 2074 2591 meam
2098 2536 2174 2592 le-

596 2635 728 2689 vavi.
760 2632 1018 2688 —Vens.
1055 2633 1108 2688 5.
1163 2632 1430 2698 Quoniam
1486 2640 1565 2694 tu,
1612 2628 1856 2696 Domine,
1905 2629 2082 2684 suavis
2123 2638 2173 2684 et

597 2728 763 2788 milis,
804 2736 855 2780 et
893 2725 1073 2779 multa:
1110 2723 1488 2779 misericordia:
1531 2722 1772 2777 omnibus
1813 2720 2174 2777 invocantibus

599 2831 668 2876 te.
712 2819 819 2874 Pro
848 2819 962 2880 illo,
997 2826 1048 2872 et
1087 2817 1251 2881 mitis,
1287 2815 1482 2887 Aquila
1523 2823 1577 2870 et
1619 2813 1942 2878 Theodotio,
1973 2823 2022 2870 et
2053 2831 2174 2885 pro-

596 2911 781 2980 pitius,
828 2909 1152 2973 ediderunt;
1193 2905 1557 2978 Symmachus
1593 2921 1746 2970 vero,
1789 2916 1840 2960 et
1879 2905 2171 2962 dimittens.

599 2998 726 3058 Haec
766 3017 932 3073 porro
975 2999 1326 3056 commodum
1385 3013 1418 3056 a
1479 2996 1685 3056 Davide
1721 2997 1870 3055 dicta
1915 3009 2064 3065 sunt,
2113 3007 2175 3055 ut

595 3096 822 3154 Verbum
869 3093 1086 3160 leniret,
1134 3091 1282 3164 quod
1331 3106 1464 3148 sane
1511 3091 1711 3148 durum
1759 3091 1931 3148 videri
1960 3092 2171 3163 possit;

2279 2000 2375 2071 μὲν
2403 1998 2512 2071 γὰρ
2543 1999 2699 2070 σῶμα
2735 1997 2930 2054 ἑαυτοῦ
2962 1997 3058 2051 καὶ
3098 1997 3197 2068 τὴν
3252 1998 3432 2069 σάρκα
3463 1999 3601 2060 τοῖς

2274 2093 2389 2155 κοῖς
2415 2092 2625 2164 χαίρειν
2655 2091 2947 2162 ἠπίστατο.
2993 2090 3092 2143 Διδ
3133 2089 3306 2144 ταῦτα
3346 2091 3445 2160 μὲν
3484 2093 3884 2161 napus-cgita:

2278 2183 2445 2255 μόνην
2465 2185 2524 2238 δὲ
2554 2184 2652 2256 τὴν
2685 2183 2843 2257 παρὰ
2884 2181 2980 2236 τοῦ
3023 2181 3158 2235 Θεοῦ
3202 2181 3558 2254 εὐφροσύνην
3609 2183 3782 2236 αἰτεῖ
3811 2183 3886 2246 ti;

2274 2276 2417 2331 κατὰ
2447 2277 2623 2349 ψυχὴν
2663 2277 2874 2350 τρυφῆς
2921 2271 3401 2348 μεταποιούμενος.
3457 2273 3658 2338 Εἰδὼς
3701 2274 3796 2333 δὲ,
3825 2276 3882 2326 Et:

2275 2371 2338 2422 οὐ
2378 2369 2596 2424 πάντων
2643 2370 2763 2423 ἐστὶ
2798 2358 3061 2422 δύνασθαι
3104 2366 3309 2437 ταύτης
3339 2369 3526 2437 τυχεῖν
3565 2367 3706 2420 ἀλλ’
3733 2368 3768 2437 ἦ
3799 2367 3883 2418 alr.

2279 2461 2663 2532 μακρυνόντων
2709 2462 2806 2532 μὲν
2847 2459 3070 2524 ἑαυτοὺς
3122 2458 3216 2513 τοῦ
3255 2458 3450 2530 θνητοῦ
3481 2459 3620 2530 βίου
3653 2460 3764 2512 καὶ
3793 2461 3880 2512 2&-

2277 2553 2608 2625 σωματικῶν
2652 2553 2979 2625 ἐπιθυμιῶν,
3033 2551 3178 2623 μόνῳ
3226 2549 3454 2621 δὲαὺτῷ
3498 2551 3593 2622 τῷ
3650 2551 3788 2620 Θεῷ
3831 2557 3876 2620 τῆ

2273 2646 2485 2718 διανοίᾳ
2528 2647 2622 2700 καὶ
2665 2649 2779 2711 τοῖς
2818 2646 3100 2716 λογισμοῖς
3150 2643 3592 2715 πλησιαζόντων,
3659 2645 3876 2704 εἰκάσεις

2275 2740 2538 2809 ἐπιλέγει,
2589 2740 2710 2793 Ὅτι
2756 2739 2906 2808 πρὸς
2946 2737 3041 2804 σὲ,
3093 2739 3298 2806 Κύριε,
3341 2736 3457 2804 τὴν
3499 2736 3746 2805 ψυχήν
3773 2754 3870 2805 μετ

2273 2829 2408 2903 ἦρα.
2457 2832 2579 2886 Ὅτι
2625 2831 2728 2898 σὺ,
2775 2833 2970 2901 Κύριε,
3019 2832 3284 2901 χρηστὸς
3328 2830 3424 2884 καί
3459 2829 3762 2896 ἐπιεικὴς
3791 2828 3868 2881 ne}

2276 2924 2610 2992 πολυέλεος
2659 2925 2810 2981 πᾶσι
2859 2924 2982 2992 τοῖς
3027 2923 3529 2992 ἐπικαλουμένοις
3571 2938 3684 2976 σε.
3742 2923 3869 2975 ’Διιτξ

2275 3017 2393 3084 τοῦ,
2440 3019 2540 3073 καί
2585 3017 2874 3088 ἐπιεικὴς,
2909 3020 2938 3073 6
2977 3017 3077 3090 μὲν
3127 3016 3356 3080 ’Δκύλας
3406 3017 3501 3070 καὶ
3543 3015 3866 3069 Θεοδοτίωτ..

2276 3111 2377 3165 καὶ
2411 3111 2686 3181 ὶλαστὴς,
2714 3113 3018 3185 είρήκασιψ
3045 3113 3075 3165 6
3097 3111 3153 3164 δὲ
3174 3111 3492 3184 Σύμμαχος,
3520 3111 3629 3163 καὶ
3656 3111 3863 3180 ἀρέων.

599 3189 761 3261 quale
793 3186 928 3242 illud
967 3191 1106 3250 erat,
1158 3183 1240 3238 Ad
1298 3191 1346 3238 te
1377 3184 1611 3238 animam
1657 3198 1825 3236 meam
1873 3183 2066 3246 levavi;
2109 3197 2173 3239 ac

2276 3205 2388 3260 Καὶ
2410 3205 2582 3259 ταῦτα
2601 3206 2658 3259 δὲ
2676 3183 2962 3277 χρησίμως
2986 3204 3181 3277 ἐλέχθη
3194 3183 3274 3276 τῷ
3296 3202 3477 3266 Δαυτδ,
3501 3201 3865 3274 θεραπεύοντι

601 3295 824 3337 rursum
875 3277 1150 3349 superius,
1207 3275 1474 3343 Quoniam
1522 3285 1737 3330 sanctus
1791 3291 1928 3330 sum.
1961 3273 2028 3328 Et
2058 3275 2174 3331 haec

599 3371 821 3442 quidem
851 3367 1008 3434 mihi,
1049 3367 1147 3432 ait,
1178 3380 1290 3421 non
1327 3379 1447 3420 mea
1475 3365 1679 3421 virtute
1707 3371 1864 3436 parta
1893 3372 2047 3432 sunt,
2078 3364 2175 3422 sed

599 3462 775 3536 gratia
810 3470 929 3516 tua.
957 3455 1038 3515 'l‘u
1067 3460 1214 3516 enim
1248 3473 1336 3514 me
1364 3457 1432 3513 ad
1462 3455 1579 3513 haec
1601 3455 1830 3523 duxisti,
1865 3456 1958 3527 qui
1987 3457 2175 3513 suavis

597 3572 657 3612 es
693 3565 747 3611 et
775 3561 998 3626 peccata
1027 3551 1276 3616 dimittis,
1309 3565 1420 3606 non
1447 3550 1583 3606 mihi
1615 3557 1850 3618 tantum,
1882 3551 1978 3606 sed
2009 3550 2175 3606 etiam

598 3647 852 3703 omnibus
880 3645 1262 3701 invocantibus
1295 3651 1348 3699 te
1375 3661 1389 3696 :
1416 3657 1544 3701 nam
1567 3642 1754 3697 multae
1781 3641 2176 3700 misericordia

597 3755 677 3796 es.
707 3739 844 3794 Cum
877 3746 1058 3794 autem
1098 3737 1215 3796 haec
1246 3737 1304 3792 in
1336 3737 1614 3792 communi
1644 3735 1868 3801 dixerit,
1917 3734 2174 3792 Omnibus

597 3830 958 3884 invocantibus
997 3836 1067 3896 te,
1100 3843 1202 3885 nos
1228 3841 1420 3883 omnes
1451 3825 1519 3882 ad
1547 3841 1734 3898 parem
1777 3827 2080 3882 orationem
2121 3834 2175 3883 et

598 3937 749 3994 spem
777 3921 1050 3978 hortatur.
1080 3950 1150 3962 —
1177 3918 1346 3977 Vsus.
1379 3919 1434 3986 6,
1467 3920 1520 3974 7.
1543 3919 1781 3975 Auribus
1806 3920 2031 3988 percipe,
2063 3918 2176 3974 Do-

597 4016 758 4079 mine,
804 4015 1097 4069 orationem
1133 4029 1327 4080 meam,
1357 4020 1406 4068 et
1439 4012 1650 4068 intende
1699 4011 1811 4066 voci
1847 4009 2176 4082 deprecatio-

597 4108 678 4162 nis
722 4121 870 4160 mea.
919 4103 989 4158 In
1038 4104 1124 4159 die
1169 4102 1528 4158 tribulationis
1575 4118 1704 4158 mete
1733 4102 1962 4157 clamavi
2003 4101 2072 4156 ad
2103 4111 2173 4170 le,

595 4198 721 4268 quia
747 4194 1016 4250 exaudiin
1046 4209 1146 4248 me.
1178 4191 1318 4248 Hinc
1349 4193 1478 4249 item
1514 4192 1827 4249 declaratur
1852 4192 2000 4250 hunc
2029 4194 2177 4264 psal-

597 4303 746 4342 mum
775 4302 898 4343 esse
928 4287 1256 4350 orationem,
1294 4293 1354 4340 ut
1397 4286 1516 4356 ipse
1549 4285 1742 4340 titulus
1771 4284 1991 4342 indicat.
2033 4285 2173 4352 Quia

596 4393 729 4438 vero
761 4383 828 4437 de
860 4381 1136 4452 praeterito
1163 4387 1406 4451 tempore
1449 4379 1584 4445 haec,
1617 4378 1865 4448 clamavi,
1903 4389 1978 4445 et,
2005 4396 2175 4435 exuit-

596 4473 744 4538 diui,
777 4472 1072 4538 dicuntur;
1113 4471 1520 4527 animadvertas
1558 4470 1812 4542 Aquilam
1843 4470 2049 4537 dicere,
2078 4463 2174 4526 In-

2275 3288 2337 3350 τὺ
2363 3297 2616 3368 νομισθὲν
2660 3298 2918 3370 φορτικὸν
2956 3297 3128 3370 ῥῆμα·
3175 3297 3416 3351 τοιοῦτον
3447 3296 3505 3350 δὲ
3531 3291 3602 3366 ἦν
3634 3295 3702 3352 τὸ
3725 3296 3862 3363 ,τρες

2275 3389 2352 3443 σὲ
2395 3390 2514 3460 τὴν
2536 3389 2750 3461 ψυχήν
2793 3408 2913 3460 μου
2959 3385 3093 3460 ἦρα·
3146 3390 3241 3444 καὶ
3283 3389 3446 3442 πάλιν
3490 3388 3764 3459 ἀνωτέρω
3791 3386 3860 3440 τὸ.

2276 3481 2400 3536 Ὅτι
2431 3480 2602 3550 ὅσιός
2627 3485 2764 3553 ειμι.
2801 3477 2912 3536 Καὶ
2942 3483 3116 3538 ταῦτα
3147 3483 3254 3554 γάρ
3297 3499 3406 3554 μοι,
3443 3475 3635 3552 φησιν,
3680 3481 3786 3533 οὐκ

2274 3574 2419 3646 ὲμῆς
2457 3574 2741 3646 δυνάμεως
2779 3574 3067 3647 ἐπορίσθη,
3105 3573 3220 3628 ἀλλ’
3249 3575 3315 3627 ὲκ
3350 3572 3453 3643 τῆς
3484 3572 3586 3642 σῆς
3614 3570 3855 3641 χάριτος.

2275 3667 2348 3721 Σὺ
2373 3668 2481 3739 γάρ
2519 3685 2586 3739 με
2609 3667 2704 3722 ἐπὶ
2731 3666 2906 3722 ταῦτα
2935 3669 3162 3740 ἧγαγες,
3192 3665 3428 3740 χρηστὸς
3457 3663 3534 3717 ὢν
3559 3665 3659 3718 καὶ
3691 3664 3858 3734 ἀερίων

2277 3758 2572 3830 ἁμαρτίας,
2610 3760 2671 3813 οὐ
2714 3760 2872 3831 μόνον
2899 3761 3042 3832 ἐμοὶ,
3071 3760 3208 3814 ἀλλὰ
3234 3760 3328 3814 καὶ
3359 3760 3492 3814 πᾶσι
3524 3760 3638 3822 τοῖς
3659 3760 3853 3810 ὲπικαο

2273 3845 2556 3921 λουμένοις
2581 3867 2659 3904 σε·
2687 3851 2976 3916 πολυέλεος
3003 3852 3111 3925 γὰρ
3132 3852 3438 3924 τυγχάνεις.
3461 3853 3854 3924 Κοινοποιήςας

2273 3941 2330 3995 δὲ
2359 3943 2450 3996 τὸν
2479 3943 2635 4012 λόγον
2663 3943 2750 3998 διὰ
2777 3944 2894 4009 τοῦ,
2938 3945 3036 3998 καί
3081 3943 3271 4000 πᾶσιν
3311 3943 3434 4011 τοῖς
3463 3945 3853 4014 cammare—

2274 4047 2404 4098 νοις
2433 4049 2526 4097 σε,
2561 4033 2862 4106 προτρέπει
2889 4035 3055 4088 πᾶσιν
3081 4037 3215 4106 ἡμῖν
3249 4036 3344 4088 ἐπὶ
3369 4034 3446 4106 τῷ
3473 4035 3543 4087 τὰ
3580 4034 3672 4089 ἶσα
3712 4035 3850 4104 αὐτῷ

2276 4121 2675 4196 προσεύχεσθαί
2718 4143 2778 4179 τε
2826 4128 2920 4181 καὶ
2967 4127 3227 4192 ἐλπίζειν.
3288 4127 3610 4191 Ὲνώτισαι,
3653 4131 3847 4196 Κύριε.

2274 4214 2388 4283 τὴν
2413 4217 2764 4288 προσευχήν
2785 4237 2927 4288 μου,
2975 4218 3076 4275 καί
3113 4223 3381 4289 πρόσχες
3429 4220 3504 4289 τῇ
3546 4220 3722 4290 φωνῇ
3753 4220 3848 4286 τῆς

2273 4305 2538 4375 δεήσεώς
2581 4327 2721 4379 μου.
2783 4312 2879 4364 Ἐν
2909 4311 3102 4382 ἡμέρᾳ
3131 4311 3394 4382 θλίψεώς
3427 4331 3544 4382 μου
3587 4314 3742 4382 πρὸς
3779 4314 3846 4367 σὲ

2273 4399 2584 4470 ἐκέκραξα,
2615 4402 2704 4457 ὅτι
2731 4403 3080 4472 ἐπήκουσάς
3103 4423 3243 4476 μου.
3289 4407 3401 4461 Καὶ
3443 4405 3685 4460 ἐντεῦθεν
3713 4424 3840 4478 περι

2277 4491 2509 4556 θσταται,
2532 4495 2615 4547 ὅτι
2646 4496 2921 4567 προσευχὴ
2943 4497 3201 4567 τυγχάνει
3231 4497 3260 4550 6
3288 4495 3518 4568 ψαλμὸς,
3547 4495 3622 4560 ὡς
3645 4498 3739 4549 καὶ
3759 4497 3837 4550 διὰ

596 4565 788 4622 vocabo
820 4574 886 4629 te,
920 4565 1045 4635 quia
1085 4564 1334 4618 exaudies
1369 4579 1481 4627 me;
1513 4563 1589 4618 ita
1619 4572 1680 4618 ut
1712 4562 1980 4620 orationis
2003 4564 2168 4620 verba

2276 4580 2372 4650 τῆς
2401 4562 2745 4657 προγραφῆς.
2799 4562 2951 4639 Ἐπεὶ
2977 4562 3217 4641 δέ’κατὰ
3262 4562 3622 4658 παρῴχηκὸτα
3653 4588 3833 4658 χρόνον

595 4672 696 4728 pro
731 4655 917 4711 futuro
963 4662 1208 4725 tempore
1250 4654 1513 4709 auxilium
1553 4668 1584 4708 a
1615 4652 1728 4709 Deo
1760 4653 2074 4724 postulent;
2111 4661 2169 4708 ut

597 4751 643 4806 si
673 4749 893 4821 quando
933 4747 1316 4804 calamitosum
1349 4755 1565 4818 tempus
1607 4747 1854 4815 accedat,
1894 4747 2168 4818 instetqne

595 4839 837 4904 alnictio,
867 4837 1157 4896 Dominum
1182 4839 1235 4894 in
1262 4838 1706 4894 tribulationibus
1733 4839 2018 4901 invocans,
2045 4853 2170 4908 pro-

595 4934 790 5006 pitium
824 4932 977 4988 illum
1011 4932 1386 4988 nanciscatur.
1432 4923 1641 4990 Bonum
1695 4936 1878 4986 autem
1920 4941 2003 4987 est
2043 4938 2170 4988 ante

596 5026 914 5081 aﬂictiones
941 5034 995 5080 et
1025 5025 1207 5084 tristia
1238 5033 1482 5095 tempora
1513 5039 1622 5079 non
1653 5023 1849 5094 supine
1878 5022 1932 5077 in
1967 5037 2170 5078 concu-

596 5117 902 5189 piscentiis,
943 5132 1121 5189 neque
1150 5117 1391 5188 segniter
1428 5129 1590 5188 agere
1617 5116 1675 5170 in
1718 5115 2070 5172 orationibus
2101 5114 2170 5170 ad

597 5205 886 5264 Dominum
929 5207 1277 5276 emittendis;
1327 5206 1423 5262 sed
1461 5206 1528 5261 ad
1568 5204 1813 5262 futurum
1855 5213 2070 5278 tempus
2111 5222 2171 5263 se

597 5314 920 5371 praeparare.

2273 4670 2485 4744 εἴρηται
2506 4674 2587 4739 τὸ,
2609 4675 2922 4746 ἐκέκραξα,
2945 4679 3039 4732 καὶ
3054 4679 3135 4743 τὸ,
3157 4678 3524 4745 ἐπήκουσας,
3545 4678 3826 4752 σημειώση,

2272 4763 2353 4816 ὅτι
2390 4767 2419 4818 6
2465 4763 2693 4832 Ἀκύλας
2733 4771 2928 4842 φησιν,
2982 4769 3436 4840 Ἐπικαλέσομαί
3467 4784 3556 4833 σε,
3589 4769 3671 4824 ὅτι
3709 4773 3824 4824 εισ⁸

2272 4857 2554 4925 ακούσεις
2579 4876 2718 4928 μου·
2746 4855 2886 4914 ὥστε
2907 4856 3129 4915 εῖναιτὰ
3148 4861 3245 4934 τῆς
3273 4863 3570 4934 προσευχῆς
3590 4863 3750 4916 ἁναπε
3757 4882 3818 4932 μ-

2276 4943 2485 5014 πόμενα
2520 4949 2600 5012 είς
2622 4947 2882 5019 μέλλοντα
2906 4950 3093 5022 χρόνον
3125 4949 3378 5004 αἰτοῦντα
3409 4951 3556 5023 παρὰ
3579 4950 3662 5003 τοῦ
3691 4950 3816 5004 Θεοῦ

2278 5033 2544 5106 βοήθειαν·
2601 5039 2690 5105 ἵν’,
2745 5042 2926 5095 εἴποτε
2973 5042 3163 5116 καιρὸς
3197 5044 3409 5112 γένοιτο
3447 5047 3813 5117 περιστατικὸς,

2278 5129 2370 5180 καὶ
2395 5129 2575 5184 εἴποτε
2608 5130 2786 5201 θλίψις
2812 5132 3046 5199 ἐπέλθοι,
3082 5135 3506 5207 ἐπικαλούμενος
3534 5137 3610 5191 τὸν
3629 5135 3811 5207 Κύριον

2279 5220 2337 5272 ὲν
2355 5223 2476 5286 ταῖς
2494 5219 2755 5294 θλίψεσιν,
2791 5223 3028 5297 ἐπήκοον
3055 5226 3215 5281 αὐτὸν
3247 5223 3420 5300 σχοίη.
3456 5228 3618 5281 Καλὸν
3640 5227 3688 5280 δὲ
3711 5227 3808 5298 πρὸ

2280 5311 2510 5384 θλίψεως
2537 5316 2627 5368 καὶ
2660 5317 2766 5390 πρὸ
2793 5317 2902 5371 τῶν
2937 5317 3274 5390 σκυθρωπῶν
3304 5319 3509 5393 καιρῶν
3535 5320 3600 5392 μὴ
3623 5317 3804 5372 ὑπτιοῦ-

598 5393 722 5447 σθαι
761 5395 817 5446 ἐν
863 5396 984 5459 ταῖς
1026 5392 1362 5488 ἐπιθυμίαις,
1426 5393 1560 5464 μηδὲ
1601 5393 2012 5467 ἀπορῥᾳθυμεῖν
2061 5398 2170 5453 τῶν
2208 5405 2342 5478 πρὸς
2408 5410 2498 5464 τὸν
2537 5409 2740 5482 Κύριον
2793 5413 3006 5486 εὐχῶν,
3051 5414 3187 5471 ἀλλὰ
3238 5413 3803 5488 προπαρασκευάζεσθαι

597 5491 678 5556 εἰς
713 5491 805 5545 τὸν
833 5491 1095 5561 μέλλοντα
1130 5486 1339 5560 χρόνον.

669 5601 839 5661 \‘sns.
871 5604 1029 5658 8-10.
1055 5603 1180 5658 Non
1202 5614 1277 5659 est
1300 5604 1492 5660 similis
1523 5606 1602 5660 lui
1623 5606 1680 5661 in
1701 5607 1828 5672 diis,
1855 5607 2097 5674 Domine,
2119 5619 2169 5664 et

598 5713 700 5750 non
728 5705 806 5750 est
838 5697 1124 5752 secundum
1151 5714 1309 5766 opera
1335 5707 1447 5753 tua.
1489 5696 1680 5753 Omnes
1715 5709 1889 5770 gentes
1907 5717 2172 5772 quascun-

597 5803 691 5856 que
721 5787 890 5842 fecisti
939 5790 1138 5844 venient
1180 5799 1228 5844 et
1267 5788 1565 5844 adorabunt
1607 5806 1784 5844 coram
1815 5801 1884 5859 te,
1926 5791 2167 5857 Domine,

599 5888 644 5931 el
674 5877 1045 5948 gloriﬁcabunt
1075 5897 1259 5936 nomen
1293 5891 1459 5936 tuum.
1484 5880 1746 5948 Quoniam
1771 5898 1992 5954 magnus
2021 5899 2075 5939 es
2114 5893 2169 5938 tu

2349 5614 2471 5667 Οὐκ
2497 5612 2671 5670 ἐστιν
2697 5615 2900 5685 ὅμοιός
2933 5632 3032 5674 σοι
3062 5619 3132 5673 ἐν
3160 5620 3336 5687 θεοῖς,
3371 5622 3572 5689 Κύριε,
3600 5621 3680 5676 καὶ
3700 5625 3796 5677 οὐκ

2276 5701 2409 5758 ἐστι
2439 5704 2591 5760 κατὰ
2617 5706 2690 5761 τὰ
2712 5707 2855 5776 ἔργα
2887 5723 3024 5765 σου.
3053 5710 3257 5766 Πάντα
3285 5711 3356 5766 τὰ
3377 5712 3522 5780 eam
3547 5713 3644 5768 ὅσα
3659 5714 3795 5767 ἑποί-

2276 5811 2454 5863 ησας,
2485 5796 2705 5865 ἥξουσι
2738 5799 2838 5854 καὶ
2865 5803 3406 5872 προσκυνήσουσιν
3431 5804 3656 5861 ἐνώπιόν
3673 5821 3789 5874 σου,

2277 5889 2472 5956 Κύριε,
2512 5890 2610 5945 καὶ
2649 5891 2982 5957 δοξάσουσι
3021 5895 3087 5949 τὸ
3121 5895 3308 5965 ὄνομά
3331 5911 3467 5952 σου.
3512 5899 3612 5953 ’Ὁτι
3633 5899 3787 5968 μέγας
