3972 6812
505 361 652 432 rosa

505 575 628 644 ipse
650 575 807 642 quasi
837 575 891 628 in
927 574 1033 628 diis
1067 574 1205 629 Deus
1229 574 1419 640 fuerit;
1471 591 1595 630 cum
1626 577 1808 631 nttllus
1841 593 1904 631 ex
1943 577 2076 629 mul-

508 667 582 721 tis
616 666 746 729 illis,
777 669 868 736 qui
905 667 978 720 dii
1014 677 1310 730 vocantur,
1357 670 1764 737 comparatione
1797 669 1904 724 illis
1945 668 2086 723 Deus

509 759 614 816 dici
639 760 830 829 possit.
853 759 1007 814 Alius
1025 774 1171 822 vero,
1193 759 1316 829 quia
1333 759 1633 814 secundum
1660 760 1773 814 haec
1791 763 1974 815 omnia
1999 761 2088 815 ad-

508 851 678 917 ditur,
707 851 784 905 Tu
809 867 861 906 es
887 851 1022 906 Deus
1045 852 1210 913 solus,
1249 852 1447 906 dixerit
1489 852 1553 906 ad
1585 854 1802 907 Patrem
1832 863 1885 908 et
1919 851 2084 907 Deum

510 943 886 1005 universorum
905 941 1018 996 haec
1039 944 1219 996 omnia
1235 943 1288 996 in
1302 943 1550 998 oratione
1567 946 1850 999 enuntiata
1871 943 2081 999 referri:

509 1048 634 1086 nam
661 1049 754 1103 per
782 1033 902 1102 ejus
921 1033 1123 1088 donum
1150 1040 1203 1089 et
1234 1035 1462 1104 gratiam
1485 1036 1699 1090 vocatio
1725 1038 1966 1109 gentium
1989 1051 2084 1105 per

505 1123 704 1179 Filium
727 1125 848 1195 ejus
866 1125 1008 1180 facta
1036 1133 1152 1180 est:
1187 1135 1241 1180 et
1271 1127 1387 1195 ipse
1438 1125 1541 1180 fuit
1573 1128 1814 1181 omnimn
1846 1134 2080 1190 creator,

505 1218 758 1273 conditor
782 1226 834 1272 et
853 1217 1055 1288 opifex,
1081 1218 1172 1288 qui
1201 1234 1294 1287 per
1313 1216 1510 1272 Filium
1526 1218 1791 1281 condidit,
1817 1227 1929 1272 tum
1962 1235 2083 1290 qua:

507 1311 560 1364 in
605 1309 768 1373 cmlo,
805 1317 917 1363 tum
949 1325 1071 1379 qua:
1093 1311 1147 1363 in
1179 1321 1324 1364 terra
1377 1322 1544 1365 sunt:
1579 1311 1694 1380 ipse
1735 1326 1952 1381 quoque
1987 1328 2084 1382 per

508 1402 703 1456 Filium
737 1401 1006 1455 mirabilia
1055 1401 1238 1455 omnia
1290 1400 1455 1463 fecit.
1499 1411 1610 1456 tum
1655 1419 1776 1472 ιιιιίιε
1815 1404 1868 1458 in
1906 1402 2080 1459 Veteri

502 1493 858 1548 Testamento
892 1502 1252 1557 enarrantur,
1298 1502 1411 1547 tum
1442 1510 1562 1565 qua:
1607 1495 1659 1550 in
1692 1495 1840 1551 Novo
1868 1496 2080 1552 descri-

503 1585 742 1649 buntur;
773 1583 1005 1654 ideoque
1026 1584 1159 1649 dici,
1190 1615 1258 1625 —
1292 1583 1457 1642 Vens.
1510 1587 1596 1641 10.
1638 1586 1762 1642 Νοη
1787 1599 1864 1642 est
1901 1605 2080 1643 secun-

501 1678 628 1730 dum
664 1692 862 1743 opera;
893 1689 968 1739 et,
1012 1675 1240 1748 Magnus
1270 1694 1324 1732 es
1366 1688 1442 1743 tu,
1469 1689 1518 1732 et
1540 1679 1739 1748 faciens
1777 1681 2076 1743 mirabilia,

502 1780 561 1823 tu
592 1787 645 1824 es
680 1770 818 1824 Deus
849 1770 1016 1826 solus.
1044 1769 1179 1823 lllud
1211 1777 1390 1825 autem
1416 1810 1431 1834 ,
1478 1787 1621 1825 satus
1647 1811 1662 1834 ,
1713 1787 1741 1825 a
1794 1771 2078 1829 Salvatore

1201 363 1469 420 EUSEBII
1508 362 1986 418 CA'ZSARIENSIS
2026 363 2068 419 0

2173 404 2175 415 .
2219 327 2399 418 rans
2435 361 2520 422 ιιι.
2567 393 2634 401 μ-
2669 362 3090 418 exessum.

504 479 861 552 quamobrem
895 495 1001 536 non
1052 490 1137 538 est
1186 483 1382 537 similis
1415 483 1515 553 ipsi
1568 484 1623 537 in
1656 483 1783 546 diis,
1818 500 1880 538 ac
1933 485 2068 540 solus

2191 485 2368 554 μόνος.
2423 485 2749 555 Ἐπειδήπερ
2784 484 2940 554 μόνος
2970 486 2998 538 ὁ
3021 485 3209 555 Σωτὴρ
3245 485 3338 536 καὶ
3386 483 3600 554 Κύρικ
3628 485 3822 554 ᾗ

2150 1613 2162 1812 l

3641 363 3804 417 1ιῖάῖ

2190 575 2246 627 ἐν
2271 576 2408 646 ἀρχῇ
2439 571 2526 645 ἦν,
2555 575 2647 626 καὶ
2668 573 2802 626 Θεοῦ
2832 574 3000 643 Λόγος
3021 571 3108 646 ἦν,
3129 575 3386 647 καὶπρὸς
3413 575 3517 627 τὸν
3538 574 3668 626 Θεὸν
3687 572 3806 646 ἦτ-

2189 666 2283 718 καὶ
2313 665 2442 728 Θεδς
2471 661 2539 736 ἦν
2558 683 2571 696 ·
2605 665 2794 736 διόπερ
2817 667 2915 718 ούκ
2947 666 3092 719 ἐστιν
3119 667 3300 737 ὅμοιος
3327 665 3490 736 αύτῷ
3527 666 3591 718 ἐν
3623 666 3772 730 θεοῖς
3793 709 3810 716 -

2189 758 2282 811 καὶ
2315 758 2472 828 μόνος
2500 758 2662 822 αὐτὸς
2689 759 2765 822 ὡς
2784 760 2840 810 ἐν
2869 759 3010 824 Θεοῖς
3040 761 3123 830 εἴη
3148 760 3210 813 ἂν
3240 759 3398 826 Θεὸς,
3426 759 3652 823 οῦδενὲις
3675 762 3814 814 τες-ο

2187 845 2492 918 λεγομένων
2515 847 2723 901 πολλῶν
2751 847 2886 903 θεῶν
2912 852 2968 904 ἐν
2996 853 3064 921 τῇ
3101 849 3262 902 αὐτοῦ
3288 849 3612 922 παραθέσει
3633 851 3814 902 διανι-

2190 940 2354 1007 μὲνου
2394 938 2750 1010 χρηματίζειν
2780 939 2937 993 Θεοῦ.
2973 939 3164 1003 ’Ἄλλος
3187 939 3242 993 δὲ
3279 939 3368 993 διὰ
3406 940 3470 993 τὸ
3525 941 3806 1010 ἐπιφέρε-

2188 1032 2310 1086 σθαι
2341 1035 2474 1087 πᾶσι
2514 1033 2723 1098 τούτοις
2753 1034 2835 1096 τὸ,
2867 1036 2947 1088 ὅτι
2984 1033 3066 1088 Σὺ
3098 1035 3155 1088 εἷ
3186 1033 3330 1102 Θεὸς
3361 1036 3598 1103 μόνος,
3645 1034 3806 1086 εἴτε.

2188 1125 2252 1178 ἂν
2282 1126 2415 1197 πρὸς
2437 1126 2525 1180 τὸν
2551 1126 2766 1197 Πατέρα
2788 1128 2880 1179 καὶ
2895 1127 3024 1178 Θεὸν
3052 1126 3157 1179 τῶν
3182 1125 3316 1179 ὅλων
3340 1125 3415 1178 τὰ
3440 1125 3798 1196 πᾳκείμεγε

2187 1217 2362 1270 πάντα
2395 1217 2483 1270 διὰ
2527 1217 2627 1288 τῆς
2658 1218 2820 1288 εὐχῆς
2867 1217 3314 1288 ἀναπέμπεσθαι·
3347 1220 3420 1288 τῇ
3465 1216 3594 1286 γὰρ
3627 1217 3794 1269 αύτιῖι

2184 1309 2360 1382 δωρεᾷ
2375 1309 2467 1362 καὶ
2484 1309 2665 1382 χάριτι
2693 1311 2726 1380 ὴ
2757 1309 2946 1379 κλῆσις
2965 1310 3071 1362 τῶν
3097 1309 3264 1362 ἐθνῶν
3291 1309 3380 1363 διὰ
3401 1308 3508 1362 τοῦ
3541 1309 3676 1361 Υἱοῦ
3699 1309 3798 1360 ιιτί-

2149 1401 2156 1470 i
2182 1399 2276 1453 τοῦ
2303 1400 2490 1470 γέγονε
2514 1417 2526 1430 ·
2558 1401 2651 1454 καὶ
2673 1400 2832 1463 αὐτὸς
2861 1395 2926 1470 ἦν
2954 1400 2982 1451 ὁ
3006 1399 3114 1452 τῶν
3138 1399 3271 1452 ὅλων
3304 1397 3550 1467 κτίστης
3587 1400 3681 1451 καὶ
3696 1398 3792 1468 ξη-

2185 1493 2444 1564 μιουργὸς
2473 1494 2565 1546 καὶ
2589 1493 2817 1564 ποιητὴς
2847 1492 2933 1545 διὰ
2966 1494 3059 1545 τοῦ
3094 1491 3218 1545 Υἱοῦ
3249 1493 3319 1546 τὰ
3351 1491 3550 1545 πάντα
3589 1509 3786 1561 συστη-

2184 1586 2434 1656 σάμενος,
2470 1586 2538 1639 τά
2561 1602 2622 1638 τε
2667 1586 2724 1637 ὲν
2753 1585 2965 1657 οὐρανῷ
3002 1585 3094 1639 καὶ
3127 1585 3196 1637 τὰ
3235 1586 3328 1638 ἐπὶ
3358 1585 3469 1656 τῆς
3502 1586 3626 1655 γῆς
3648 1602 3665 1614 °

2182 1680 2342 1742 αὐτὸς
2373 1675 2439 1750 ἦν
2467 1681 2495 1732 ὁ
2529 1679 2705 1732 πάντα
2739 1677 3231 1749 θαυματουργὴσας
3270 1676 3359 1730 διὰ
3391 1676 3496 1730 τοῦ
3529 1677 3696 1738 risi,
3719 1681 3780 1730 ti

2179 1788 2238 1824 τε
2269 1772 2410 1826 κατὰ
2437 1771 2534 1841 τὴν
2567 1769 2810 1823 Παλαιὰν
2844 1769 3117 1841 Διαθήκην
3169 1769 3569 1842 ἱστορούμενα,
3603 1771 3700 1824 καὶ
3715 1775 3772 1821 τὰ

502 1876 720 1930 quoque
749 1871 938 1915 nostro
963 1860 1028 1913 ad
1055 1859 1270 1916 Patrem
1301 1861 1506 1915 dictum
1561 1863 1661 1916 fuit
1707 1863 1759 1917 in
1811 1865 1903 1918 illo
1923 1905 1938 1928 ,
2009 1846 2068 1918 ίίι

2181 1866 2238 1918 ὲν
2263 1866 2328 1934 τῇ
2348 1833 2520 1934 Καινῇ
2546 1833 3008 1934 ἀναγεγραμμένα
3022 1880 3033 1890 ·
3059 1833 3138 1916 διὸ
3167 1833 3449 1930 λέγεσθαι,
3485 1833 3628 1916 οὒκ
3663 1863 3776 1915 ἔστι

503 1963 817 2025 cognoscant
847 1963 894 2008 te
926 1954 1097 2007 solum
1132 1969 1307 2008 rerum
1332 1953 1499 2007 Deum
1526 1945 1591 2007 ⁸η.
1643 1953 1909 2021 Quoniam
1949 1973 2079 2012 vero

499 2059 742 2120 paterna:
775 2049 993 2105 deitatis
1028 2049 1303 2119 particeps
1325 2054 1409 2103 cst
1439 2046 1635 2109 Filius,
1671 2064 1794 2102 cum
1826 2049 1895 2104 sit
1927 2049 2075 2118 ejus-

495 2143 624 2197 dem
656 2143 808 2214 regni
838 2157 1092 2207 consors,
1127 2149 1314 2212 utpote
1371 2141 1688 2211 unigenitus
1717 2139 1889 2196 Filius
1913 2181 1928 2205 ,
1981 2141 2074 2198 Dei

500 2232 772 2296 Verbum,
815 2242 869 2289 et
911 2233 1001 2290 Dei
1034 2234 1338 2304 sapientia;
1403 2233 1526 2303 jure
1568 2241 1620 2287 et
1677 2234 1793 2303 ipse
1825 2235 2076 2303 praesenti

499 2327 783 2397 theologize
813 2334 1170 2381 accenseatur
1187 2341 1294 2397 qua
1319 2326 1432 2382 haec
1462 2327 1742 2390 docemur,
1769 2326 1912 2380 inter
1939 2327 2076 2380 mul-

501 2423 588 2470 tos
619 2416 745 2470 illos
770 2415 863 2486 qui
901 2415 974 2469 dii
1011 2424 1277 2470 vocantur
1321 2430 1430 2470 non
1487 2431 1610 2472 esse
1649 2417 1957 2486 quempiam
2000 2416 2076 2472 si-

495 2505 686 2560 milem
729 2503 840 2561 Deo
870 2506 1289 2562 universorum:
1327 2521 1453 2560 nam
1498 2505 1552 2560 in
1583 2521 1692 2560 uno
1733 2506 1851 2560 solo
1882 2507 2072 2575 unige-

497 2597 619 2651 nito
647 2596 767 2666 ejus
797 2596 976 2653 Verbo
999 2636 1014 2661 ,
1043 2595 1221 2652 Patris
1249 2595 1550 2652 similitudo
1591 2605 1863 2652 servatur.
1890 2597 2072 2664 Quare

499 2685 680 2758 imago
702 2687 794 2744 Dei
818 2699 1064 2752 vocatur,
1088 2695 1161 2751 et,
1186 2687 1328 2742 Deus
1357 2698 1473 2742 erat
1510 2686 1732 2742 Verbum
1759 2689 1838 2753 ";
1892 2689 1962 2744 ita
2010 2696 2070 2743 ut

497 2778 555 2833 in
603 2781 723 2850 ipso
775 2781 893 2836 solo
945 2781 1121 2837 Patris
1172 2781 1472 2836 similitudo
1520 2791 1913 2846 conservetur,
1973 2782 2069 2836 sed

497 2884 606 2922 non
634 2869 687 2923 in
723 2870 832 2925 illis
863 2871 1048 2926 multis
1071 2871 1197 2926 diis.

2182 1955 2332 2008 κατὰ
2377 1955 2446 2008 τὰ
2481 1955 2626 2023 ἔργα
2653 1970 2800 2008 σου·
2830 1955 2945 2018 καὶ,
2989 1953 3189 2023 Μέγας
3221 1954 3278 2006 εἴ
3300 1953 3402 2019 σὺ,
3439 1953 3550 2007 καὶ
3601 1952 3780 2006 ποιῶν

2182 2045 2499 2116 θαυμάσια,
2530 2046 2612 2100 σὺ
2633 2042 2690 2100 εἷ
2709 2049 2742 2100 ὀ
2775 2047 2918 2112 Θεὸς
2934 2047 3136 2115 μόνος.
3170 2045 3244 2098 Τὸ
3270 2045 3346 2110 δὲ,
3378 2047 3618 2113 μόνος,
3646 2046 3784 2116 εἶρε.

2179 2154 2268 2190 ται
2303 2138 2394 2190 καὶ
2427 2137 2530 2190 ὑπὸ
2562 2137 2654 2191 τοῦ
2683 2138 2936 2210 Σωτῆρος
2965 2138 3120 2210 ἡμῶν
3151 2137 3286 2209 πρὸς
3335 2137 3426 2190 τὸν
3464 2137 3717 2209 Πατέρα

2179 2226 2278 2297 τῷ,
2314 2228 2445 2282 Ἵνα
2470 2227 2810 2298 γινώσκωσί
2833 2244 2905 2282 σε
2938 2230 3042 2282 τὸν
3058 2230 3249 2297 μόνον
3273 2228 3592 2295 (mnatre-1'
3617 2230 3787 2281 Θεὸιο.

2193 2320 2343 2372 Ἐπεὶ
2374 2320 2432 2374 δὲ
2464 2319 2561 2390 τῆς
2593 2320 2686 2373 τοῦ
2709 2321 2921 2391 Πατρδς
2954 2319 3204 2390 θεότητος
3236 2319 3504 2381 κοινωνὸς
3539 2320 3788 2389 ύπάρχ·;

2179 2413 2208 2464 ὁ
2235 2411 2381 2475 Υἱὸς,
2414 2414 2514 2483 τῆς
2543 2412 2711 2483 αὐτῆς
2765 2411 2990 2483 μέτοχος
3033 2411 3109 2464 ῶν
3141 2410 3433 2481 βασιλείας,
3475 2409 3584 2464 ἅτε
3626 2428 3786 2480 μονε-

2177 2505 2340 2576 γενὴς
2369 2504 2492 2568 Υἱὸς
2522 2503 2594 2557 ὢν
2626 2505 2717 2558 καὶ
2742 2503 2877 2558 Θεοῦ
2911 2503 3105 2573 Λόγος.
3132 2504 3226 2558 καὶ
3246 2503 3380 2556 Θεοῦ
3409 2504 3618 2571 σοφία,
3649 2504 3790 2555 εἰκο-

2176 2613 2284 2660 τως
2307 2596 2369 2649 Ξιν
2403 2596 2752 2664 καταλέγοιτο
2789 2598 2881 2650 καὶ
2909 2596 3068 2660 αύτδς
3107 2598 3172 2668 τῇ
3213 2595 3467 2667 παρούσῃ
3517 2595 3786 2664 θεολοτίι

2175 2687 2518 2762 διδασκούσῃ.
2554 2689 2631 2744 ὅτι
2663 2689 2761 2743 οὐκ
2783 2688 2925 2745 ἔστιν
2957 2690 3138 2760 ὅμοιος
3170 2689 3246 2758 τῷ
3270 2687 3362 2741 ἐπὶ
3389 2687 3634 2742 πάντων
3669 2686 3788 2756 Θεῷ

2177 2780 2234 2831 ἐν
2263 2783 2373 2842 τοῖς
2395 2781 2604 2844 πολλοῖς
2631 2780 3048 2852 ὀνομαζομένοις
3074 2781 3213 2845 Θεοῖς
3231 2797 3244 2809 ·
3270 2783 3329 2836 ὲν
3356 2781 3440 2836 ἑνὶ
3472 2782 3598 2854 γὰρ
3637 2784 3787 2854 μόλεν

2175 2868 2253 2941 τῷ
2274 2874 2547 2940 μονογενεῖ
2564 2870 2727 2925 αὐτοῦ
2755 2872 2912 2943 Λόγῳ
2946 2873 2979 2943 ἡ
3011 2871 3102 2925 τοῦ
3129 2873 3338 2945 [ἰατρὸς
3365 2873 3652 2945 ὁμοιότης
3687 2874 3786 2926 σὼ-

497 2961 670 3026 ζεται.
706 2966 797 3018 Διὸ
843 2965 938 3019 καὶ
982 2965 1144 3019 εἰκὼν
1196 2964 1522 3037 χρηματίζει
1570 2965 1727 3028 Θεοῦ,
1772 2967 1886 3030 καὶ,
1935 2965 2078 3030 Θεὸς
2113 2961 2192 3035 ἦν
2224 2967 2434 3036 Λόγος,
2500 2967 2576 3030 ὼς
2613 2967 2672 3020 ἐν
2703 2966 2850 3038 αὐτῷ
2882 2967 2979 3038 μὲν
3026 2967 3290 3032 σώζεσθαι
3342 2968 3494 3040 μόνῳ
3519 2970 3630 3042 τὴν
3692 2970 3784 3022 τοῦ

496 3054 710 3126 Πατρὸς
757 3054 1036 3121 ὁμοίωσιν,
1093 3055 1276 3108 οὐκέτι
1328 3055 1386 3108 δὲ
1447 3057 1540 3109 καὶ
1583 3057 1640 3108 ὲν
1695 3058 1807 3120 τοῖς
1850 3055 2066 3120 πολλοῖς
2101 3055 2261 3118 θεοῖς.

565 3167 730 3224 Vens.
757 3168 840 3222 ll.
862 3167 1038 3222 Deduc
1065 3185 1164 3231 me.
1201 3169 1443 3231 Domine.
1479 3173 1532 3225 in
1562 3173 1644 3226 via
1665 3184 1778 3240 tua,
1819 3184 1867 3229 et
1901 3175 2068 3244 ingre-
2094 3188 2136 3243 ο

2251 3173 2589 3244 Ὀδήγνησόν
2608 3193 2704 3245 με,
2738 3178 2933 3246 Κύριε,
2964 3181 3034 3231 ἐν
3087 3177 3163 3246 τῇ
3201 3175 3318 3243 ὀδῷ
3347 3193 3487 3245 σου,
3522 3180 3638 3234 καὶ
3674 3197 3786 3235 που

493 3254 616 3310 dt'ar
656 3257 709 3310 in
752 3260 971 3311 veritate
1015 3269 1141 3323 tua,
1190 3267 1397 3316 ιαίτιιιι*
1446 3278 1538 3318 car
1587 3279 1756 3319 meum
1793 3275 1848 3320 ιιι
1888 3267 2066 3321 timeat

2173 3263 2452 3332 ρεύσομαι
2489 3263 2561 3333 τῇ
2603 3265 2855 3333 ἀληθείᾳ
2887 3266 3432 3335 σου.εὑφρανθήτω
3469 3267 3513 3335 ἡ
3551 3269 3786 3338 καρδιά

493 3363 681 3401 nomen
702 3358 869 3402 tuum.
918 3347 996 3403 Ne
1021 3351 1338 3407 aberremus
1378 3369 1408 3407 a
1438 3356 1665 3412 veritate
1694 3357 1808 3425 Dei,
1842 3358 2068 3416 ductore

2173 3373 2281 3426 μου
2309 3355 2415 3409 τοῦ
2451 3355 2755 3425 φοϐεῖσθαι
2787 3357 2854 3410 τὸ
2897 3357 3082 3427 ὄνομα
3120 3374 3256 3412 σου.
3287 3359 3380 3418 Είς
3409 3358 3469 3412 τὸ
3505 3361 3594 3432 μὴ
3630 3364 3782 3416 ἁπο-

493 3451 758 3506 egcmus:
796 3451 966 3506 quare
997 3438 1190 3507 Aquila
1211 3479 1226 3504 ,
1260 3437 1539 3503 litamina.
1569 3442 1768 3514 inquit,
1803 3462 1884 3500 me
1905 3448 1958 3500 in
1983 3449 2068 3501 via

494 3535 607 3591 tua,
633 3526 876 3586 Domine.
911 3527 1194 3582 ambulabo
1228 3532 1280 3584 in
1301 3533 1520 3587 veritate
1542 3544 1672 3599 tua;
1705 3535 2066 3608 Symmachus

491 3632 644 3680 vero,
674 3617 902 3672 Ostende
943 3619 1104 3682 milii,
1152 3619 1411 3686 Domine,
1451 3622 1588 3676 viam
1622 3633 1800 3686 tuam.
1861 3636 1919 3679 ιιι
1965 3629 2066 3682 iter

490 3707 690 3778 faciam
718 3708 770 3761 in
801 3709 1016 3763 veritate
1048 3718 1161 3765 tua.
1195 3709 1435 3767 Rursum
1467 3714 1593 3768 item
1619 3729 1719 3784 pro
1749 3717 1862 3781 illo,
1900 3717 2066 3772 La'te-

491 3809 582 3853 tur
613 3814 696 3854 cor
739 3817 932 3864 meum,
967 3811 1023 3854 ut
1051 3803 1233 3857 timeat
1261 3821 1448 3859 nomen
1476 3814 1625 3860 tuum
1648 3846 1663 3872 ,
1686 3807 1882 3878 Aquila
1909 3811 2060 3874 dicit,

489 3891 806 3947 Solitariam
832 3894 915 3962 [αι
941 3911 1032 3948 cor
1077 3912 1270 3961 meum,
1301 3907 1361 3950 ut
1408 3899 1591 3954 timeat
1642 3919 1832 3956 nomen
1877 3913 2062 3969 tuum;

489 3981 851 4054 Symmachus
883 3999 1012 4038 vero
1032 4023 1048 4047 ,
1086 3982 1245 4038 Unito
1277 4002 1368 4039 cor
1401 4003 1572 4041 meum
1608 3989 1662 4042 in
1694 3990 1936 4045 timorem
1968 4008 2064 4045 no-

2169 3448 2435 3519 σφαλῆναι
2459 3448 2557 3520 τῆς
2584 3447 2842 3522 ἀληθείας
2882 3448 3039 3511 Θεοῦ,
3080 3449 3318 3521 ποδηγοῦ
3343 3451 3590 3522 δεόμεθα
3613 3472 3626 3484 ·
3665 3455 3782 3507 διό-

2167 3558 2272 3612 περ
2319 3541 2348 3594 ὁ
2382 3543 2480 3612 μὲν
2525 3543 2774 3607 Ἀκύλας,
2818 3542 3086 3597 Φώτισόν
3107 3559 3204 3612 με,
3239 3546 3394 3614 φησι,
3427 3547 3646 3613 Κύριε.
3697 3547 3778 3617 τῇ

2166 3631 2283 3698 ὁδῷ
2315 3650 2453 3699 σου,
2489 3635 2873 3705 περιπατήσει)
2909 3637 2980 3689 ἐν
3005 3637 3254 3705 ἀληθείᾳ
3278 3654 3426 3692 σουο
3462 3639 3492 3692 ὁ
3524 3638 3591 3692 δὲ
3623 3640 3778 3712 Σύμ-

2169 3741 2359 3795 μαχος,
2406 3726 2755 3790 ’Υπόδειεόν
2787 3746 2908 3797 μοι,
2942 3729 3138 3795 Κύριε,
3167 3727 3282 3797 τὴν
3315 3729 3460 3784 ὀδόν
3483 3745 3638 3797 σου,
3664 3733 3774 3786 Ira

2164 3814 2395 3870 όδεύσω
2426 3816 2502 3887 τῇ
2531 3819 2782 3888 ἀληθείᾳ
2821 3837 2958 3874 σου.
2990 3820 3093 3875 Καὶ
3124 3821 3285 3875 πάλιν
3325 3820 3448 3874 ἀντὶ
3481 3821 3608 3886 τοῦ,
3645 3827 3771 3878 Ε’ὐς

2162 3907 2477 3978 φρανθήτω
2521 3909 2560 3977 ἡ
2591 3911 2804 3979 καρδία
2829 3929 2946 3981 μου
2977 3911 3080 3966 τοῦ
3107 3911 3414 3981 φοϐεῖσθαι
3450 3914 3518 3968 τὸ
3564 3915 3770 3985 ὄνομὰ

2162 4021 2299 4068 σου,
2321 4006 2351 4058 ὁ
2381 4007 2481 4078 μὲν
2513 4006 2742 4072 Ἀκύλας
2763 4008 2928 4080 φησί’
2959 4007 3334 4078 Μονάχωσον
3352 4009 3470 4078 τὴν
3493 4010 3768 4076 καρδίαν

484 4067 644 4119 minis
674 4068 768 4122 tui.
798 4097 869 4106 —
897 4065 1063 4124 Vens.
1125 4068 1212 4125 η.
1276 4069 1578 4140 Conﬁtebor
1625 4073 1762 4140 tibi,
1811 4075 2057 4142 Domine,

2173 4065 2411 4159 nov-toi)
2441 4065 2748 4167 φοϐεῖσθαι
2881 4099 3066 4171 ὄνομά
3097 4065 3212 4155 οἴου
3231 4119 3242 4131 ·
3279 4102 3308 4154 ὁ
3338 4065 3760 4176 δὲ1Σύμρίαχος,

485 4155 626 4210 Deus
655 4174 820 4222 meus,
850 4158 906 4212 in
933 4167 1040 4213 toto
1073 4160 1228 4216 corde
1263 4179 1400 4228 meo,
1428 4173 1479 4218 et
1521 4166 1832 4236 gloriﬁcabo
1873 4185 2060 4224 nomen

2163 4187 2438 4241 Ἕνωσον
2456 4187 2570 4258 τὴν
2591 4190 2842 4258 καρδίαν
2860 4209 2978 4260 μου
3001 4193 3088 4257 εἰς
3113 4192 3300 4260 φόϐον
3323 4192 3427 4247 τοῦ
3448 4194 3762 4262 ὀνόματός

3911 3467 3918 3494 ί

484 4258 632 4302 tuum
684 4251 739 4303 in
795 4259 1071 4304 internum.
1111 4251 1248 4307 Cum
1299 4256 1468 4310 multa
1519 4257 1572 4312 in
1626 4261 2059 4329 prtecedentibns

2173 4294 2295 4335 70v.
2326 4251 2876 4353 ’Elfoyo.loriia'01tai
2904 4300 3023 4346 σοι,
3046 4251 3239 4353 ιῖύριε,
3268 4288 3301 4339 ό
3330 4286 3475 4352 Θεός
3501 4251 3656 4356 μου,

481 4340 624 4394 bona
655 4341 904 4405 dixisset,
953 4344 1356 4400 confessionem
1388 4351 1597 4417 peccati
1629 4353 1715 4406 sui
1743 4355 2059 4409 necessario

2173 4371 2272 4442 ὅλῃ
2305 4373 2380 4442 τῇ
2406 4340 2635 4444 aee-mala.
2647 4340 2786 4445 μου,
2818 4377 2913 4430 καὶ
2937 4340 3177 4441 δοξάσει)
3208 4340 3272 4431 τὸ
3299 4340 3485 4448 ὄνομᾶ
3501 4340 3757 4446 ’σοοέῖς

481 4437 704 4484 revocat
759 4430 816 4484 in
878 4432 1233 4499 memoriam,
1281 4443 1342 4488 ut
1393 4450 1462 4490 ne
1509 4452 1576 4491 ex
1633 4452 1896 4496 concessa
1951 4441 2055 4496 sibi

2173 4461 2265 4514 τὸν
2295 4462 2499 4518 αἰῶνα.
2542 4465 2718 4518 Πολλὰ
2758 4467 2969 4536 χρηστὰ
3004 4469 3061 4519 ὲν
3090 4470 3201 4530 τοῖς
3238 4467 3547 4540 ἔμπροσθεν
3588 4473 3752 4541 sip-q-

478 4521 672 4584 venia,
725 4529 780 4576 et
810 4537 877 4577 ex
907 4524 1120 4579 collatis
1149 4525 1253 4579 sibi
1307 4535 1428 4596 post
1479 4529 1860 4586 remissionem
1928 4549 2054 4587 mu-

478 4614 700 4635 ___,.____
1289 4634 1294 4635 ,
1670 4624 1682 4635 .
1786 4625 1836 4635 .-

2760 4521 2808 4536 ,..
2854 4521 2865 4535 .
3181 4521 3197 4530 -
3270 4521 3282 4539 .
3357 4521 3369 4540 .
3497 4521 3536 4523 η
3594 4521 3719 4541 ~~r-.

2173 4551 2291 4616 ιιὼς,
2326 4555 2638 4623 ἀναγκαίως
2685 4557 2946 4630 ἀναφέρει
2980 4563 3045 4631 τῇ
3097 4563 3284 4632 μνήμῃ
3323 4562 3421 4632 τὴν
3463 4565 3597 4635 περὶ
3645 4567 3750 4634 τῆς

478 4614 703 4669 aeribus
725 4654 740 4678 ,
805 4616 1024 4673 mollius
1082 4619 1413 4689 segniusque
1476 4624 1684 4678 versari
1751 4625 2051 4682 videretur.

478 4702 607 4726 ﬁ---
663 4706 831 4726 :A,2.___
862 4709 936 4726 es;
961 4724 969 4726 c
1107 4711 1165 4726 -o.
1238 4720 1250 4726 -
1599 4725 1603 4726 ,
2036 4720 2048 4726 -

2173 4613 2526 4719 ineptiae-ﬁ;
2557 4613 3231 4722 ﬂammavééopolgyigatv‘,
3259 4613 3420 4716 ῶςείν

2125 4777 2132 4784 .
2158 4729 2246 4783 διὰ
2278 4733 2377 4802 τῆς
2410 4736 2848 4808 παρασχεθείσης
2884 4740 3033 4814 αὐτῷ
3065 4744 3464 4814 συγχωρήσεως
3503 4746 3599 4799 καὶ
3629 4749 3743 4800 τῶν

2161 4819 2298 4889 μετὰ
2325 4821 2496 4877 ταῦτα
2520 4824 2903 4896 ὑπαρχθέντων
2933 4828 3079 4900 αὺτῷ
3096 4868 3110 4892 ,
3142 4830 3486 4900 χαυνοῦσθαι,
3512 4833 3608 4886 καὶ
3651 4839 3744 4907 ρᾳ-

477 4702 613 4761 Sese
663 4706 832 4778 igitur
862 4709 979 4778 ipse
1009 4711 1171 4765 vertit
1199 4720 1257 4766 et
1304 4725 1647 4779 commovet,
1707 4732 1771 4771 ac
1840 4720 2050 4790 peccati

457 4794 563 4849 'sui
623 4796 945 4850 memoriam
1009 4801 1260 4869 repetit;
1333 4812 1391 4857 ut
1453 4804 1581 4859 hinc
1649 4807 1857 4875 majore
1919 4825 2048 4880 erga

402 4887 451 4904 θ’
478 4883 644 4939 Deum
677 4887 975 4955 gratiarum
1026 4891 1242 4946 actione
1290 4903 1490 4948 utatur.
1539 4895 1910 4962 Quamobrem
1946 4902 2043 4965 ait,

471 4973 778 5046 Conﬁtebor
805 4977 940 5044 tibi;
970 4995 1036 5035 ac
1083 4984 1327 5053 subjicit,
1359 4985 1565 5042 Eruisti
1595 4991 1832 5044 animam
1877 5009 2047 5047 meam

467 5082 539 5121 ea:
575 5069 781 5138 inferno
825 5071 1087 5140 inferiori.
1141 5074 1276 5130 Nam
1330 5088 1616 5149 peccatum
1668 5084 1899 5139 mortale
1940 5084 2049 5139 hu-

465 5156 710 5226 iusmodi
761 5169 846 5217 est
870 5201 886 5227 ,
919 5171 979 5218 ut
1012 5165 1064 5219 in
1098 5166 1587 5236 profundissimam
1632 5172 1832 5230 inferni
1865 5175 2048 5231 detra-

464 5253 588 5310 hat.
621 5254 758 5310 Cum
819 5259 964 5312 enim
1023 5263 1192 5315 multa
1247 5264 1359 5319 sint
1408 5274 1758 5336 peccaturum
1814 5284 2037 5340 genera,

459 5344 725 5402 videntur
748 5349 852 5403 alia
877 5350 946 5404 ad
974 5355 1319 5422 superﬁciem
1352 5357 1549 5414 inferni
1580 5359 1818 5426 deferre,
1841 5363 1946 5416 alia
1974 5365 2043 5419 ad

467 5436 737 5504 infimum,
774 5442 911 5506 sive,
952 5452 1012 5497 ut
1045 5447 1169 5516 quis
1198 5448 1417 5514 dixerit,
1468 5452 1534 5507 ad
1584 5453 1762 5524 ipsum
1812 5456 2043 5524 profun-

467 5528 620 5593 dum,
653 5531 724 5588 de
771 5548 882 5603 quo
937 5534 1145 5592 fertur:
1209 5539 1318 5594 Via:
1347 5543 1447 5596 viri
1489 5559 1608 5614 qua:
1656 5544 1898 5601 videntur
1929 5563 2042 5603 esse

467 5631 644 5687 rectm,
672 5632 938 5692 postrema
966 5638 1140 5683 autem
1174 5647 1358 5686 earum
1395 5636 1683 5705 respiciunt
1729 5638 1785 5692 in
1814 5640 2036 5710 profun-

2157 4909 2453 4985 θυμότερον
2500 4917 2878 4989 ἀναστρέφειν.
2942 4921 3285 4994 Ἐπιστρέφει
3338 4925 3516 4978 τοίνυν
3567 4929 3738 4994 «ore;

2157 5003 2368 5072 ἑαυτὸν,
2394 5008 2487 5060 καὶ
2518 5011 2734 5081 μνήμην
2757 5015 2988 5066 ποιεῖται
3016 5014 3114 5085 τῆς
3134 5015 3298 5069 αὑτοῦ
3325 5018 3618 5090 ἁμαρτίας,
3649 5023 3734 5078 ἵνα

2158 5096 2360 5163 μείζων
2393 5100 2612 5172 γένηται
2638 5104 2670 5173 ἡ
2698 5103 2830 5174 πρὸς
2858 5105 2948 5158 τὸν
2982 5106 3112 5160 Θεὸν
3141 5113 3458 5180 εοχαριστία
3476 5130 3490 5143 υ
3517 5112 3596 5165 διό
3627 5132 3733 5185 φη-

2156 5203 2272 5240 σιν·
2317 5188 2864 5260 Ἐξομολογήσομαί
2907 5210 3037 5247 σοι·
3073 5198 3164 5250 καὶ
3195 5198 3421 5266 ἐπάγει·
3467 5201 3731 5268 Ἐρῤὐσω

2153 5278 2268 5346 τὴν
2293 5282 2504 5351 ψυχήν
2525 5301 2644 5352 μου
2689 5284 2758 5348 ἐξ
2793 5285 2940 5351 ᾅδου
2969 5290 3325 5343 κατωτάτου.
3364 5291 3426 5344 Ἠ
3455 5279 3562 5362 γὰρ
3591 5294 3728 5364 πρὸς

2155 5369 2384 5426 θάνατον
2416 5373 2658 5446 ἁμαρτία
2686 5376 2906 5448 τοιαύτη
2947 5382 3224 5450 τυγχάνει,
3253 5384 3334 5444 είς
3362 5384 3452 5438 τὸν
3481 5383 3729 5437 κατώταο

2152 5479 2242 5516 τον
2268 5463 2400 5536 ᾅδην
2426 5466 2784 5522 κατασπῶσα.
2817 5470 3032 5524 Πολλῶν
3061 5473 3168 5544 γὰρ
3196 5474 3372 5528 ούσῶν
3417 5476 3720 5546 ἁμαρτιῶν,

2149 5553 2387 5608 ἐοίκασιν
2417 5559 2474 5610 αἱ
2503 5558 2600 5628 μὲν
2631 5559 2726 5613 τοῦ
2756 5561 2881 5632 ᾅδου
2909 5565 2989 5627 είς
3014 5565 3082 5618 τὰ
3110 5566 3399 5620 ὲπιπόλαια
3417 5569 3628 5639 ,φέρε-ιν,
3665 5569 3720 5622 αἱ

2145 5644 2200 5703 δὲ
2231 5647 2310 5709 εἰς
2341 5646 2407 5705 τὰ
2438 5649 2746 5716 κατώτατα,
2778 5655 2892 5719 καὶ,
2933 5655 3008 5721 ὡς
3045 5657 3110 5710 ἂν
3140 5659 3281 5712 εἴποι
3311 5677 3417 5724 τις,
3448 5663 3526 5723 εἰς
3558 5659 3722 5714 αὑτὸν

537 5780 579 5813 ’⁸
617 5777 775 5838 Joan.
816 5799 959 5854 xvn,
1000 5784 1054 5841 3.
1136 5789 1178 5822 "
1215 5787 1370 5847 Joan.
1411 5807 1455 5858 ι,
1497 5793 1540 5849 ~l.
