3972 6812
195 457 344 516 τοι
359 457 386 512 l
1435 449 1823 507 ΕΟΜΜΕΝΤΑῚ

1925 479 1936 506 ι
1975 452 2038 508 l-N
2079 451 2420 508 PSAIMOS.
3379 442 3532 500 1012‘

187 573 378 628 υἱῶν
407 567 574 640 Κορὲ,
617 565 709 630 οὓς
739 565 834 619 καὶ
863 564 1170 628 ἀκολούθως
1211 564 1446 634 συνάψας
1475 563 1534 618 ὲν
1569 563 1648 634 τῷ
1675 565 1823 636 τρίτη

1947 565 2136 620 Oratio
2161 565 2382 622 Davidis
2407 573 2620 636 reperta
2647 563 2859 630 fuisset,
2893 577 3012 618 eam
3039 569 3162 634 post
3185 577 3386 616 Lsxstv
3425 579 3516 618 re-

193 663 330 716 καὶ
375 667 436 712 π’
467 659 562 713 καὶ
583 657 659 728 τῷ
681 655 762 710 τπδ’
795 653 1106 720 κατέταξεν.
1135 651 1266 710 Εἶτα
1293 655 1494 726 μεταξὺ
1521 653 1616 708 τοῦ
1645 656 1823 726 χρόνοι

1943 661 2144 730 posuit.
2183 661 2262 714 Ac
2311 675 2530 714 rursum
2591 665 2714 728 post
2763 655 3076 711 Orationem
3127 655 3518 726 Davidis,quze

195 755 332 824 τῆς
377 751 476 805 τοῦ
507 748 670 802 Δαυῖὸ
715 745 1032 820 Πφσευχῆς
1083 745 1422 818 εὑρεθείσης,
1477 745 1708 798 ἐνθεῖναι
1743 745 1823 800 καῖ

1943 769 2122 808 Lxxxv
2159 769 2387 808 numero
2443 754 2620 824 posita
2658 751 2856 816 fuerat,
2879 753 3132 806 inventos
3171 749 3342 805 fuisse
3373 750 3520 807 dicet

203 845 458 916 ταύτην
499 843 638 914 μετὰ
663 841 754 894 τὸν
779 841 886 896 πδ’.
909 840 1018 894 Καὶ
1049 839 1210 894 πάλιν
1242 838 1382 912 μετὰ
1402 841 1502 911 τὴν
1523 837 1823 912 Προσευχὴι

1942 843 2082 898 duos
2111 843 2250 898 alios
2277 843 2542 898 Filiorum
2559 845 2723 910 Core,
2759 844 2903 898 hunc
2931 859 3091 912 quem
3119 849 3440 906 tractamus,
3461 847 3520 896 et

203 938 328 994 τοῦ
361 935 554 998 Δαυῒδ,
579 937 638 988 ὲν
661 941 744 988 πε⁹
773 933 922 1004 τόπῳ
943 931 1391 1003 καταλεχθείσαν,
1417 931 1704 1004 εὑρεθῆναι
1729 931 1823 984 ἐτέ-

1945 947 2260 1006 sequentem
2319 955 2330 990 :
2381 951 2446 990 ac
2495 937 2576 992 sic
2631 936 2948 992 necessario
2991 935 3240 990 Orationi
3295 933 3518 992 Davidis

209 1047 376 1104 ρους
431 1027 524 1082 δύο
553 1027 676 1080 Τῶν
707 1027 840 1080 υἰῶν
867 1026 1034 1098 Κορὲ,
1077 1025 1170 1080 τὸν
1203 1023 1344 1096 μετὰ
1381 1027 1572 1096 χεῖρας
1611 1025 1704 1078 καὶ
1747 1023 1823 1078 tbi

1943 1027 2270 1096 coniunctos
2311 1027 2504 1083 fuisse.
2557 1025 2796 1096 ldipsum
2846 1039 3012 1096 porro
3041 1023 3239 1078 dixerit
3285 1023 3427 1078 idem
3459 1021 3518 1078 in

207 1123 452 1194 ἐφεξῆς
485 1119 632 1192 αὐτῷ
651 1137 664 1150 ’
693 1121 752 1187 ἐξ
795 1119 1040 1190 ἀνάγκης
1067 1135 1126 1174 τε
1153 1119 1248 1172 καὶ
1273 1119 1470 1182 αὐτοὺς
1515 1117 1823 1188 συναχθῆναι

1945 1117 2284 1188 reliquorum
2315 1117 2650 1187 psalmorum
2685 1117 3027 1174 ordinatione
3053 1115 3372 1186 contigisse.

205 1221 294 1288 τῇ
337 1217 632 1289 Προσευχῇ
657 1213 751 1268 τοῦ
773 1213 956 1270 Δαυῖδ.
979 1213 1082 1268 Τὸν
1103 1213 1262 1268 αὐτὸν
1295 1213 1350 1268 δὲ
1373 1211 1531 1282 λόγον
1555 1213 1822 1285 ὑπάρχειν
1859 1215 1888 1266 ὁ
1911 1212 2074 1278 αύτὺς
2100 1213 2244 1266 εἴποι
2265 1211 2332 1270 ἂν
2360 1212 2454 1266 καὶ
2475 1213 2566 1266 ἐπὶ
2593 1215 2692 1284 τῆς
2715 1213 2822 1268 τῶν
2849 1213 3050 1268 λοιπῶν
3109 1211 3340 1284 ψαλμῶν
3393 1229 3516 1264 συν-

209 1309 476 1375 θέσεως.

301 1427 662 1486 Πιστὼσεται
689 1429 746 1484 δὲ
770 1428 831 1484 τὸ
856 1429 1182 1502 λελεγμένον
1203 1429 1312 1484 ἀπὸ
1331 1429 1682 1502 προφητικῶν
1703 1430 1823 1486 ἁπο-

2011 1427 2136 1482 Ηαιο
2174 1439 2300 1480 vero
2331 1423 2598 1480 sententia
2643 1421 2976 1494 propheticis
3023 1424 3286 1496 exemplis
3310 1425 3516 1482 conﬁr-

209 1521 498 1587 δείξεων·
535 1523 658 1576 ἐπεὶ
681 1521 791 1594 γὰρ
830 1522 888 1576 ὲν
917 1523 1038 1586 ταῖς
1075 1523 1440 1592 προφητικαῖς
1471 1520 1670 1592 βίϐλοις
1703 1521 1823 1574 πολ-

1939 1529 2120 1574 matur
2151 1535 2164 1572 :
2203 1529 2328 1570 nam
2361 1515 2416 1570 in
2447 1513 2785 1584 propheticis
2821 1513 2974 1570 libris
3015 1515 3330 1586 frequenter
3361 1527 3516 1588 repe-

213 1613 406 1678 λάκις
433 1615 584 1668 ἐστὶν
607 1615 798 1686 -εύρεῖν
825 1613 895 1668 τὰ
917 1613 996 1686 τῷ
1017 1615 1192 1686 χρόνῳ
1219 1613 1582 1686 προλεχθέντα
1607 1613 1823 1686 δεύτερα

1936 1609 2048 1664 rire
2077 1615 2162 1663 est
2190 1623 2274 1670 ea,
2303 1621 2423 1678 quae
2449 1605 2602 1676 prius
2633 1605 2778 1660 dicta
2811 1614 2958 1668 sunt,
2991 1607 3233 1662 secundo
3261 1609 3382 1664 loco
3417 1625 3514 1680 po-

217 1708 480 1780 κείμενα
500 1709 568 1780 τῇ
597 1707 768 1774 τάξει,
797 1708 892 1762 καὶ
917 1705 987 1760 τὰ
1013 1705 1456 1778 προφητευθέντα
1477 1705 1680 1780 ὕστερα
1699 1723 1823 1778 προ-

1939 1701 2064 1764 sita,
2116 1705 2172 1754 et.
2221 1713 2342 1770 qum
2391 1705 2666 1770 postremo
2714 1699 3072 1768 praenuntiata
3119 1709 3266 1766 sunt,
3295 1701 3363 1758 iis
3391 1718 3536 1772 quae-

215 1798 560 1870 τεταγμένα
579 1797 692 1852 τῶν
725 1797 1073 1870 προαγόντων
1099 1799 1210 1860 τοῖς
1241 1795 1472 1868 χρόνοις.
1489 1797 1548 1850 ὐ
1579 1795 1710 1864 γοῦν
1743 1795 1823 1850 Ἰε·

1939 1799 2333 1865 pratcesserant
2357 1791 2662 1862 praemissa.
2691 1790 2824 1852 Nam
2855 1790 3120 1848 Jeremias
3145 1793 3356 1848 initium
3385 1809 3524 1868 pro--

223 1891 452 1964 ρεμίας
485 1887 849 1964 προφητεύειν
882 1889 980 1960 μὲν
1003 1887 1234 1960 ἄρχεται
1280 1889 1372 1940 ἐπὶ
1403 1887 1630 1952 Ἰωσίου,
1657 1903 1823 1960 παρα-

1943 1883 2200 1956 phetaudi
2227 1883 2380 1938 ducit
2407 1897 2440 1938 a
2469 1893 2712 1954 tempore
2737 1881 2934 1948 Josiae;
2963 1889 3018 1938 et
3047 1898 3220 1954 usque
3246 1883 3316 1938 ad
3345 1881 3512 1940 Sede--

221 1981 410 2036 τείνει
437 1981 496 2036 δὲ
531 1979 690 2052 μέχρι
719 1979 965 2034 Σεδεκίαν
995 1979 1088 2034 καί¹
1115 1979 1214 2050 τῆς
1241 1977 1616 2048 αἰχμαλωσίας
1634 1995 1648 2008 ·
1674 1977 1823 2030 Σεδε-

1933 1979 2074 2032 ciam
2098 1985 2152 2030 et
2181 1975 2550 2048 captivitatem
2575 1974 2834 2046 pertingit
2867 1995 2881 2029 :
2913 1973 3172 2032 Sedeeias
3197 1989 3326 2030 vero
3347 1991 3516 2048 quar-

227 2075 374 2140 κίας
407 2075 456 2128 δ’
481 2069 546 2146 ἦν
579 2073 834 2144 τέταρτος
864 2071 974 2127 ἀπὸ
1007 2071 1210 2126 Ἰωσίου
1247 2069 1517 2142 βασιλεύς.
1543 2071 1698 2125 Μετὰ
1723 2073 1823 2144 γὰρ

1931 2077 2020 2126 tus
2051 2076 2170 2124 erat.
2207 2085 2240 2124 a
2283 2065 2434 2124 Josia
2469 2083 2586 2124 rex.
2619 2067 2750 2124 Post
2790 2067 2996 2124 Josiam
3039 2069 3188 2124 enim
3237 2069 3514 2130 secundus

241 2167 476 2222 Ἰωσίαν
502 2165 750 2236 δεύτερος
779 2165 1036 2236 Ἰωακεὶμ
1067 2163 1180 2228 υἱὸς
1211 2163 1376 2218 αὐτοῦ
1405 2163 1699 2234 διαδέχεται
1731 2163 1830 2236 τὴν

229 2259 426 2332 ἀρχὴν
447 2275 462 2290 ο
501 2257 624 2330 μεθ’
649 2257 708 2312 ὃν
733 2255 912 2330 τρίτος
946 2257 1218 2326 Ἰεχωνίας
1249 2257 1364 2320 υἱὸς
1393 2255 1678 2328 Ἰωακείμ·
1711 2255 1828 2328 μεθ’

227 2353 298 2408 ὃν
349 2353 614 2424 τέταρτος
663 2351 918 2416 Σεδεκίας
969 2351 1196 2422 ἀδελφὸς
1241 2349 1528 2422 Ἰωακείμ·
1573 2350 1694 2404 καθ’
1735 2349 1830 2414 οὓς

231 2441 494 2504 ἅπαντας
525 2439 620 2495 τοῦ
653 2439 918 2512 Ἱερεμίου
945 2440 1442 2512 προφητεύσαντος,
1471 2441 1504 2512 ἠ
1543 2439 1830 2510 ἐπώνυμος

231 2532 414 2586 αὐτοῦ
445 2533 633 2606 γραφῂ
653 2531 878 2606 ἄρχεται
905 2535 1002 2604 μὲν
1025 2533 1130 2586 ἀπὸ
1161 2533 1364 2586 Ἰωσίου
1380 2550 1392 2562 ·
1425 2529 1544 2586 εἶτα
1565 2533 1830 2604 προϊοῦσα

233 2623 526 2696 μέμνηται
553 2601 814 2694 Ἰεχωνίου
837 2624 931 2676 τοῦ
947 2623 1130 2694 τρίτου
1156 2623 1264 2678 ἀπὸ
1295 2623 1500 2676 Ἰωσίου
1515 2639 1528 2653 ·
1552 2617 1671 2676 εἶτα
1692 2639 1830 2694 προ-

233 2713 472 2785 φητεύει
497 2715 568 2768 τὰ
594 2715 688 2768 ἐπὶ
713 2715 982 2780 Σεδεκίου,
1013 2715 1072 2780 ὃς
1101 2711 1166 2788 ἦν
1185 2715 1442 2788 τέταρτος
1461 2713 1568 2768 ἀπὸ
1601 2713 1826 2768 Ἰωσίου·

231 2803 324 2870 οἷς
357 2805 490 2876 ὲξῆς
519 2807 700 2878 τίθησι
729 2807 798 2862 τὰ
831 2811 888 2862 ὲν
912 2807 988 2878 τῷ
1017 2807 1264 2878 τετάρτῳ
1291 2809 1383 2860 ἐπὶ
1415 2807 1671 2878 Ἱωακεὶμ
1696 2823 1830 2878 προ·

235 2897 608 2970 φητευθέντα,
641 2899 702 2962 ὃς
731 2895 800 2970 ἦν
828 2897 1076 2971 δεύτερος
1123 2899 1259 2970 μετὰ
1291 2899 1518 2952 Ἰωσίαν.
1553 2895 1664 2952 Εἶθ’
1703 2897 1830 2968 ἑξῆς

243 2985 446 3054 ἐπάγει
472 2987 540 3040 τὰ
563 2989 622 3040 ἐν
652 2989 794 3058 ἀρχῇ
821 2989 916 3042 τοῦ
949 2989 1114 3042 αὐτοῦ
1151 2989 1434 3060 Ἰωακείμ·
1465 2983 1584 3042 εἶτα
1623 2987 1694 3042 τὰ
1737 2989 1830 3042 ἐπὶ

239 3079 520 3148 Σεδεκίου,
553 3083 648 3136 καὶ
673 3083 836 3136 πάλιν
859 3083 930 3136 τὰ
959 3084 1052 3136 ἐπὶ
1083 3083 1355 3154 Ἰωακείμ.
1388 3077 1520 3136 Εἶτα
1556 3083 1828 3155 μέμνηται

241 3171 348 3240 τῆς
379 3171 756 3242 αἰχμαλωσίας
787 3173 886 3242 τῆς
913 3173 993 3236 εἰς
1017 3171 1330 3234 Βαϐυλῶνα,
1353 3173 1447 3224 καὶ
1467 3171 1543 3236 ὡς
1573 3173 1710 3244 μετὰ
1733 3173 1828 3224 Σε-

1931 2177 2160 2232 regnum
2189 2161 2390 2231 exeipit
2415 2157 2663 2214 Joachim
2696 2159 2838 2216 [ilius
2863 2161 3006 2228 ejus,
3037 2161 3141 2216 sub
3173 2161 3290 2216 lucc
3319 2163 3532 2220 tertius-

1929 2253 2222 2312 Jeehonias
2247 2253 2390 2308 ﬁlius
2415 2249 2686 2316 Joarhim,
2717 2261 2772 2306 et
2801 2260 2922 2322 post
2946 2268 3068 2306 eum
3093 2261 3324 2324 quartus
3345 2253 3513 2308 Sede-

1931 2347 2044 2402 cias
2077 2345 2244 2400 frater
2270 2343 2518 2398 Joachim
2549 2363 2564 2399 :
2599 2359 2664 2398 ac
2694 2359 2818 2398 cum
2845 2341 3110 2398 Jeremias
3141 2345 3226 2399 his
3253 2345 3514 2400 omnibus

1929 2437 2286 2508 regnantibus
2323 2438 2754 2508 prophetavcrit,
2799 2437 2919 2508 ejus
2963 2435 3250 2508 Scriptura
3280 2453 3310 2492 a
3357 2435 3512 2494 Josia

1931 2531 2064 2595 init;
2097 2529 2202 2584 sub
2241 2529 2357 2586 haec
2405 2529 2700 2592 Jechonize,
2731 2529 2824 2598 qui
2869 2529 3068 2584 tertius
3114 2543 3142 2582 a
3185 2525 3336 2584 Josia
3369 2535 3508 2592 erat,

1930 2623 2178 2678 meminit
2203 2641 2218 2689 ;
2246 2635 2358 2678 tum
2387 2639 2450 2678 ea
2481 2637 2604 2694 qua:
2639 2621 2747 2676 sub
2781 2619 3008 2676 Sedeeia
3035 2621 3390 2684 vaticinatur,
3413 2621 3510 2692 qui

1929 2723 2160 2786 quartus
2185 2721 2302 2770 erat
2329 2729 2360 2768 a
2389 2715 2540 2790 Josia
2577 2734 2594 2770 :
2631 2715 2716 2770 his
2745 2723 2942 2788 quarto
2971 2715 3096 2770 loco
3135 2715 3418 2786 subiungit
3439 2731 3508 2772 ea

1929 2823 2050 2876 qua:
2077 2807 2441 2876 pramuutiata
2493 2815 2620 2862 sunt
2657 2807 2762 2862 sub
2789 2805 3060 2870 Joachim,
3091 2807 3184 2878 qui
3229 2807 3514 2863 secundus

1929 2905 2054 2968 post
2085 2895 2290 2952 Josiam
2321 2905 2458 2952 erat.
2493 2897 2696 2967 Adjicit
2747 2905 2933 2968 postea
2987 2914 3110 2968 qua:
3143 2897 3196 2952 in
3237 2897 3508 2968 print-.ipio

1931 2987 2106 3058 ipsius
2139 2985 2386 3042 Joachim
2414 2988 2560 3042 dicta
2587 2995 2716 3042 sunt
2742 3007 2758 3055 ;
2799 2989 2926 3043 hinc
2953 3005 3074 3060 quze
3105 2989 3210 3044 sub
3242 2987 3505 3056 Sedeeia;

1931 3095 2148 3134 rursum
2179 3095 2242 3134 ea
2267 3095 2388 3150 qua:
2416 3079 2520 3136 sub
2557 3079 2826 3136 Joachim.
2875 3079 3080 3136 Deinde
3128 3079 3506 3150 captivitatem

1929 3171 1984 3228 in
2017 3171 2346 3244 Babylonem
2381 3173 2650 3236 meminit,
2677 3181 2730 3228 et
2757 3173 3032 3244 quomodo
3063 3183 3186 3244 post
3219 3173 3502 3228 Sedcciam

241 3259 430 3316 δεκίαν
459 3261 696 3333 κατέστη
727 3263 1028 3334 ἡγούμενος
1059 3262 1168 3316 τῶν
1199 3261 1636 3331 ἀπολειφθέντων
1675 3263 1823 3318 Γοδο-

1933 3263 2136 3320 residui
2169 3263 2356 3334 populi
2393 3263 2505 3318 dux
2537 3263 2796 3322 Godolias
2829 3267 3161 3322 constitutus
3193 3267 3284 3330 sit,
3313 3273 3368 3322 et
3393 3281 3510 3338 quo

243 3351 387 3418 λίας,
419 3354 514 3406 καὶ
557 3353 632 3420 ὡς
665 3355 886 3426 Ἰσμαὴλ
929 3355 1142 3428 ἀναιρεῖ
1183 3355 1276 3408 τὸν
1321 3355 1590 3419 Γοδολίαν,
1625 3355 1742 3426 μεθ’
1769 3355 1828 3410 ὃν

257 3443 482 3498 Ἰωανάν
513 3443 626 3508 υἱὸς
655 3445 828 3516 Καριὲ
851 3447 1086 3514 ἡγεῖται.
1117 3445 1226 3499 Καὶ
1257 3445 1396 3516 μετὰ
1415 3445 1636 3510 τούτους
1655 3445 1829 3502 ἃπαν-

245 3555 344 3601 τας
377 3537 502 3610 ἐξῆς
527 3537 722 3606 ἐπάγει
747 3539 844 3602 τὰς
877 3539 936 3592 ἐν
957 3537 1036 3605 τῷ
1057 3535 1100 3594 δ’
1123 3537 1232 3592 ἔτει
1261 3539 1516 3610 Ἰωακεὶμ
1545 3537 1828 3612 λεχθείσας

249 3630 602 3702 προφητείας,
643 3629 738 3684 καὶ
771 3629 931 3684 πάλιν
961 3629 1060 3694 τὰς
1095 3632 1152 3684 ὲν
1185 3631 1324 3703 ἀρχῇ
1367 3631 1644 3702 βασιλείας
1667 3632 1826 3690 Σεδε-

247 3723 378 3800 κίου¹
404 3721 716 3794 εἰρημένας.
749 3723 942 3794 Εὖροις
973 3724 1017 3778 δ’
1051 3723 1118 3778 ἂν
1149 3725 1242 3778 καὶ
1275 3725 1430 3796 παρα
1471 3725 1546 3796 τῷ
1577 3723 1828 3798 Ἑζεκιὴλ

243 3815 314 3870 τὰ
357 3815 728 3888 παραπλήσια.
757 3817 908 3870 Ἐπεὶ
941 3817 1034 3870 καὶ
1065 3817 1124 3870 ὲν
1160 3821 1226 3888 τῇ
1269 3817 1456 3872 τούτου
1500 3822 1686 3890 γραφῇ
1727 3819 1828 3890 οὐχ

248 3907 370 3978 ἑξῆς
393 3910 506 3972 τοῖς
541 3909 750 3978 χρόνοις
786 3908 1096 3978 σύγκεινται
1125 3911 1182 3964 αί
1209 3913 1564 3982 προφητεῖαι·
1595 3911 1710 3964 ἀλλ’
1745 3913 1824 3964 εἰ·

249 3997 333 4048 σίν
363 3997 418 4050 αἱ
455 3995 554 4066 μὲν
587 3995 726 4051 κατὰ
751 3997 810 4050 τὸ
839 3997 920 4062 κζ’
949 3998 1068 4064 ἔτος
1103 4000 1204 4070 τῆς
1230 4001 1602 4072 αἰχμαλωσίας
1631 4017 1827 4074 προτε-

250 4085 514 4154 ταγμέναι
553 4085 632 4156 τῷ
675 4093 742 4140 ια’
775 4087 874 4158 τῆς
917 4087 1292 4158 αἰχμαλωσίας
1332 4091 1640 4162 εἰρημένῳ·
1683 4091 1824 4162 μετὰ

253 4173 356 4246 γὰρ
389 4175 486 4238 τὰς
515 4177 574 4230 ἐν
613 4173 690 4246 τῷ
729 4175 810 4240 κζ’
839 4175 950 4230 ἔτει
983 4177 1238 4248 φέρονται
1269 4181 1322 4232 αἰ
1349 4179 1620 4250 λεχθεῖσαι
1661 4183 1718 4236 ἐν
1745 4181 1824 4252 τῷ

257 4273 321 4320 ια’
351 4265 450 4336 τῆς
473 4269 847 4340 αἰχμαλωσίας
883 4269 992 4324 ἔτει
1011 4287 1024 4300 ·
1061 4273 1156 4324 καὶ
1185 4271 1344 4326 πάλιν
1375 4273 1512 4344 μετὰ
1531 4273 1630 4338 τὰς
1655 4277 1712 4328 ὲν
1743 4274 1822 4346 τῷ

257 4367 322 4412 ια’
349 4359 497 4414 ἄλλαι
531 4361 786 4434 φέρονται
827 4365 886 4416 ὲν
921 4363 998 4435 τῷ
1035 4371 1062 4416 ι’
1097 4363 1206 4418 ἔτει
1239 4367 1544 4438 εἰρημέναι,
1573 4367 1666 4420 καὶ
1697 4367 1822 4438 ἑξῆς

255 4453 308 4506 αἱ
333 4455 386 4506 ἐν
414 4451 492 4523 τῷ
523 4461 600 4506 κε’
625 4453 754 4508 ἔτει.
791 4457 902 4510 Καὶ
941 4457 1143 4512 τούτων
1175 4459 1430 4513 ἁπάντων
1473 4459 1618 4514 εἴποι
1649 4461 1714 4516 ἄν
1739 4480 1824 4526 τις

257 4541 346 4614 τὴν
382 4541 556 4596 αἰτίαν
603 4545 702 4598 οὐκ
742 4543 908 4618 ἄλλην
935 4541 1075 4602 εἶναι
1101 4549 1198 4619 τῆς
1231 4549 1646 4622 ἀποδεδομένης.
1683 4553 1820 4606 Σπο-

1931 3363 2093 3428 pacto
2123 3355 2316 3410 lsmael
2347 3351 2630 3410 Godoliam
2651 3355 2938 3420 occiderit,
2965 3365 3086 3428 post
3106 3371 3268 3428 quem
3291 3355 3504 3412 Joauan

1931 3450 2074 3504 titius
2103 3447 2262 3504 Carie
2306 3449 2418 3504 dux
2453 3447 2573 3502 fuit.
2601 3445 2734 3504 Post
2774 3449 2876 3504 hos
2916 3459 3094 3504 autem
3125 3463 3316 3504 omnes
3347 3447 3514 3504 aﬂ‘ert.

1929 3541 2126 3598 deinde
2155 3539 2472 3612 pr0pbetias
2501 3555 2646 3594 anno
2675 3549 2874 3610 quarto
2901 3537 3150 3596 Joacltim
3183 3540 3504 3612 pronuntia-

1928 3640 2048 3699 tas;
2087 3631 2192 3688 sub
2229 3631 2344 3686 hazc
2381 3631 2502 3686 illas
2537 3647 2660 3702 qua:
2687 3631 2846 3686 initio
2877 3632 3026 3702 regni
3057 3629 3300 3688 Sedeeia:
3341 3631 3505 3687 dictat

1929 3733 2076 3780 sunt.
2113 3723 2326 3778 Similia
2367 3739 2584 3796 quoque
2623 3725 2680 3780 in
2733 3721 3016 3780 Ezechiele
3061 3738 3324 3794 repertas.
3363 3721 3504 3778 Nam

1928 3816 1980 3870 in
2017 3815 2179 3886 hujus
2223 3833 2440 3888 quoque
2485 3817 2758 3888 scriptura
2807 3817 3104 3888 prophetia:
3148 3831 3258 3872 non
3309 3815 3506 3872 ordine

1927 3910 2190 3980 temporis
2213 3910 2432 3984 jacent;
2465 3909 2560 3966 sed
2585 3925 2706 3980 quae
2731 3909 3052 3966 vicesimum
3085 3910 3376 3980 septimum
3407 3923 3502 3962 ea-

1927 4001 2197 4074 ptivitatis
2224 4017 2426 4056 annum
2457 4011 2727 4072 spectant,
2753 4001 3161 4074 praemittuntur
3189 4001 3256 4058 iis
3282 4013 3402 4070 quae
3427 3999 3496 4054 de

1925 4093 2216 4148 undecimo
2255 4091 2588 4164 captivitatis
2635 4103 2782 4146 anno
2809 4093 2954 4148 dicta
2989 4099 3120 4148 sunt
3150 4111 3162 4146 :
3198 4099 3322 4162 post
3363 4091 3487 4146 illas

1925 4185 2070 4240 enim
2101 4183 2346 4240 vicesimi
2377 4181 2594 4252 septimi
2635 4183 2766 4236 anni
2795 4182 3132 4254 pr0pbetias,
3160 4195 3282 4252 qua:
3323 4179 3497 4236 unde-

1923 4277 2068 4332 cimo
2101 4291 2244 4330 anno
2277 4273 2438 4330 dictae
2475 4285 2625 4338 sunt,
2661 4273 2910 4330 feruntur
2941 4293 2954 4330 :
2991 4273 3190 4330 deinde
3216 4289 3348 4330 vero
3375 4283 3499 4346 post

1926 4367 2046 4422 illas
2067 4365 2340 4421 undecimi
2370 4365 2522 4428 anni,
2547 4365 2794 4436 quasdam
2824 4365 3092 4420 habentur
3113 4364 3328 4420 decimo
3353 4381 3500 4422 anno

1923 4453 2104 4516 dictae,
2127 4453 2252 4508 hinc
2273 4469 2394 4526 quae
2419 4455 2550 4508 anni
2575 4455 2824 4510 vicesimi
2850 4455 3028 4526 quinti
3061 4463 3210 4512 sunt.
3249 4455 3498 4524 Quorum

1925 4544 2172 4600 omnium
2201 4561 2310 4600 non
2347 4545 2508 4600 aliam
2539 4561 2762 4601 causam
2795 4547 2918 4616 quis
2945 4547 3134 4602 atIerat
3165 4557 3366 4618 praeter
3381 4549 3502 4622 jam.

261 4633 414 4708 ράδην
443 4633 574 4707 γὰρ,
594 4635 670 4700 ὡς
695 4639 862 4704 εἰκὸς,
883 4639 994 4692 τῶν
1017 4639 1162 4694 κατὰ
1182 4641 1404 4710 χρόνους
1431 4643 1522 4696 καὶ
1551 4643 1672 4696 καθ’
1693 4643 1823 4696 ἔκα-

1925 4637 2202 4692 traditam.
2248 4637 2381 4692 Nam
2415 4653 2539 4692 cum
2569 4639 2826 4708 sparsim,
2868 4647 2928 4693 ut
2952 4639 3250 4696 verisimile
3267 4649 3374 4702 est,
3403 4655 3498 4694 va-

263 4739 373 4776 στον
405 4725 624 4795 βασιλέα
656 4725 896 4800 μερικῶς
929 4731 1480 4802 προπεφητευμὲνων,
1501 4733 1560 4786 τὸ
1594 4733 1820 4787 παλαιὸν

265 4811 398 4884 παρὰ
423 4817 534 4879 τοῖς
563 4817 874 4880 σπουδαίοις
913 4815 1258 4890 σωζομένων,
1289 4821 1405 4892 ἦτοι
1447 4821 1540 4874 τδν
1563 4823 1818 4895 Ἔσδραν,

265 4903 296 4976 ἢ
325 4905 410 4959 καί
437 4923 592 4970 τινας
623 4909 864 4980 ἑτέρους,
893 4911 998 4964 ὑπὸ
1026 4911 1154 4982 μίαν
1185 4913 1530 4985 περιγραφὴν
1563 4915 1822 4984 συνάγον-

265 5013 352 5060 τας
379 4995 442 5050 τι
475 4997 688 5070 ἑκάστῳ
721 4999 829 5056 τῶν
867 5003 1162 5076 προφητῶν
1203 5005 1346 5058 κατὰ
1375 5005 1600 5076 χρόνους
1633 5007 1819 5076 διαφό-

267 5105 378 5166 ρους
408 5089 684 5162 λεχθέντα,
713 5095 838 5160 τοὺς
877 5093 1126 5168 πρώτους
1167 5097 1587 5168 εὑρισκομένους
1631 5097 1820 5168 λόγους

267 5179 604 5234 κατατάσσειν
629 5181 876 5254 πρώτους
897 5203 910 5216 ⁸
937 5181 1036 5240 εἷθ’
1061 5187 1188 5257 ἑξῆς
1215 5187 1506 5242 συνάπτειν
1529 5189 1652 5254 τοὺς
1681 5189 1818 5260 μετὰ

267 5269 416 5326 ταῦτα
447 5271 888 5346 εὑρισκομένους,
915 5279 962 5332 εἰ
993 5277 1085 5334 καὶ
1113 5281 1352 5354 προῆγον
1383 5279 1462 5352 τῷ
1487 5283 1682 5354 χρόνῳ.
1715 5283 1818 5336 Τὸν

265 5359 304 5413 δ’
321 5359 470 5414 αὐτὸν
496 5357 632 5416 εἶναι
651 5363 809 5432 λόγον
833 5365 928 5420 καὶ
952 5365 1044 5418 ἐπὶ
1071 5365 1170 5436 τῆς
1195 5365 1402 5432 τάξεως
1423 5367 1529 5422 τῶν
1550 5367 1814 5440 Ψαλμῶν,

268 5453 468 5506 καθόλου
505 5455 604 5526 μὲν
633 5455 908 5520 ἁπάντων,
945 5455 1088 5520 ἰδίως
1119 5457 1176 5510 δὲ
1211 5461 1304 5513 καλ⁵
1329 5459 1438 5513 τῶν
1467 5459 1606 5532 μετὰ
1630 5463 1817 5532 χεῖρας

269 5549 380 5620 ἡμῖν
417 5546 854 5618 ἐξεταζομένων·
901 5549 950 5602 εἰ
1001 5547 1074 5620 μὴ
1107 5549 1216 5620 ἄρα
1257 5569 1344 5616 τις
1377 5551 1670 5624 βαθύτερος
1694 5553 1818 5618 νοῦς

269 5637 516 5692 λανθάνων
553 5641 700 5710 ἡμᾶς
739 5637 958 5710 ἐτέρους
985 5640 1136 5704 τινας
1163 5639 1454 5714 λογισμοὺς
1477 5647 1816 5716 παραστήσει

269 5729 352 5794 τῆς
371 5729 468 5782 τῶν
501 5731 854 5802 ὲζητημένων
885 5731 1066 5796 αἰτίας
1123 5733 1206 5786 Τά
1245 5751 1306 5802 γε
1368 5735 1476 5806 μὴν
1507 5739 1638 5806 ἡμῖν
1683 5737 1816 5788 ὑπο-

274 5821 474 5876 πεσόντα
517 5821 598 5885 εἷς
645 5839 706 5876 τε
751 5841 852 5894 την
882 5821 1034 5888 τάξιν
1061 5825 1182 5878 Τῶν
1217 5827 1350 5881 υἱῶν
1383 5829 1550 5900 Κορὲ,
1573 5830 1668 5882 καὶ
1693 5831 1816 5902 περὶ

275 5911 354 5984 τῆς
389 5915 696 5986 Προσευχῆς
747 5915 838 5970 τοῦ
884 5917 1046 5974 Δαυῒδ
1075 5919 1172 5990 τῆς
1203 5919 1304 5992 πρὸ
1336 5919 1428 5976 τοῦ
1461 5921 1600 5994 μετὰ
1631 5925 1816 5998 χεῖρας

3 6491 836 6812 r

1921 4729 2019 4784 riis
2045 4729 2402 4800 temporibus,
2433 4737 2487 4786 et
2533 4731 2637 4786 sub
2675 4731 2906 4796 singulis
2953 4731 3174 4802 regibus
3201 4733 3496 4802 separatim

1920 4819 2079 4874 edita:
2099 4821 2414 4889 prophetize,
2439 4837 2468 4874 a
2501 4821 2764 4876 studiosis
2781 4823 3086 4892 antiquitus
3109 4831 3337 4878 servatae
3361 4823 3498 4878 fuis-

1922 4915 2078 4972 sent,
2133 4909 2248 4964 sive
2295 4909 2518 4974 Esdras,
2565 4911 2680 4964 sive
2737 4911 2957 4980 quidam
2988 4913 3102 4975 alii,
3151 4913 3494 4984 singulorum

1923 4999 2308 5068 prophetarum
2337 4999 2504 5065 dicta,
2537 5001 2706 5055 variis
2735 5001 3075 5070 temporibus
3123 5005 3353 5072 prolata,
3385 5020 3496 5058 uno

1922 5091 2198 5146 volumine
2237 5093 2778 5152 circumscribentes,
2810 5109 2873 5146 ea
2909 5109 3030 5164 qua:
3059 5095 3235 5164 primo
3285 5103 3496 5166 repertu

1923 5183 2158 5246 fuerant,
2192 5185 2366 5256 primo
2403 5185 2523 5240 loco
2553 5193 2875 5256 posuerunt.
2907 5187 3104 5242 deinde
3141 5203 3204 5242 ca
3241 5203 3362 5258 quae
3393 5205 3496 5260 po-

1921 5283 2034 5330 stea
2095 5275 2162 5330 ad
2231 5289 2452 5330 manum
2511 5287 2812 5338 venerunt.
2867 5277 3220 5348 subjunxere,
3275 5278 3496 5336 etiamsi

1917 5375 2164 5436 tempore
2189 5369 2464 5440 primit-ent.
2493 5367 2694 5426 Eadem
2727 5387 2858 5426 vero
2885 5367 3096 5426 ratione
3119 5369 3318 5426 Psalmi
3350 5365 3494 5442 dige-

1919 5461 1988 5516 sti
2023 5467 2170 5526 sunt,
2202 5461 2318 5518 sive
2353 5477 2544 5519 omnes
2573 5479 2682 5518 una
2711 5473 3054 5536 spectentur,
3095 5463 3210 5520 sive
3259 5463 3294 5518 ii
3341 5479 3492 5520 seor—

1919 5551 2020 5608 sim
2046 5569 2183 5626 quos
2211 5554 2324 5624 jam
2365 5563 2688 5614 tractamus.
2729 5555 2846 5612 Nisi
2893 5555 3126 5612 fortasse
3167 5555 3494 5628 profundior

1919 5645 2098 5716 aliqua
2131 5645 2462 5717 intelligendi
2507 5649 2665 5714 ratio,
2701 5649 2863 5704 nobis
2893 5649 3132 5707 occulta.
3167 5649 3330 5702 aliam
3359 5663 3493 5702 cau-

1919 5755 2034 5794 sam
2065 5739 2132 5794 ad
2157 5741 2488 5810 quaestiones
2509 5743 2834 5798 solutionem
2867 5741 3076 5796 aﬂ'erat.
3107 5739 3182 5794 Ea
3213 5755 3344 5796 vero
3369 5755 3498 5810 qua

1917 5829 1984 5886 de
2015 5831 2206 5888 ordine
2229 5833 2560 5902 psalmorum
2585 5831 2846 5888 Filiorum
2869 5833 3028 5898 Core,
3059 5841 3114 5887 et
3145 5831 3210 5888 de
3231 5831 3494 5888 Oratione

1919 5923 2136 5984 Davidis
2165 5943 2284 5998 quae
2319 5933 2446 5984 ante
2467 5927 2610 5984 hunc
2639 5929 2910 6000 psalmum
2949 5927 3126 5998 posita
3183 5933 3238 5982 et
3283 5925 3340 5980 in
3373 5937 3490 5980 me-
