3972 6812
168 377 408 444 103.5

1467 377 1971 444 COMMENTARIA
2011 386 2078 443 IN
2119 377 2458 444 PSALMOS’.

3343 377 3350 383 ’
3389 371 3529 429 lim}

295 506 454 579 Τῆς
475 503 570 560 οὖν
597 505 858 578 μεγίστης
885 504 1086 576 ταύτης
1112 505 1204 559 καί
1239 504 1574 577 θεοπρεποῦς
1615 506 1836 570 πόλεως,

2016 505 2190 577 Hujus
2219 507 2402 576 itaque
2436 499 2685 556 maxima:
2707 505 2760 553 et
2787 497 2894 552 Deo
2922 495 3098 566 dignm
3130 490 3392 555 civitatis,
3414 491 3526 545 sci-

183 594 404 668 λέγω
435 599 492 653 δὲ
515 601 613 670 τῆς
639 599 732 652 τοῦ
758 598 895 652 Θεοῦ
935 596 1278 669 Ἐκκλησίας,
1298 597 1392 651 καὶ
1418 597 1510 650 τοῦ
1537 599 1656 650 κατ’
1677 597 1846 668 αὐτὴν

189 691 664 762 ἑμφαινομένου
715 691 999 757 θεοσεϐοῦς
1049 691 1462 764 πολιτεύματος,
1509 694 1558 745 οἱ
1607 691 1846 762 Θεμέλιοι

196 785 628 855 τυγχάνουσιν
655 787 714 838 ἐν
747 787 860 848 τοῖς
899 785 1052 856 ὄρεσι
1077 789 1189 849 τοῖς
1213 785 1408 855 ἁγίοις.
1427 786 1760 858 Ἐρμηνεύει
1788 787 1845 839 δέ

195 873 338 928 τὸν
407 873 566 942 λόγον
610 877 640 928 ὁ
675 875 992 938 ’Λπόστολος
1027 876 1283 945 φάσκων·
1329 876 1848 946 Ἐποικοδομηθέν-

203 983 352 1033 τες
395 967 496 1020 ἐπί
526 966 605 1032 τῷ
634 968 883 1036 θεμελίῳ
923 967 1040 1020 τῶν
1085 968 1447 1022 ἀποστόλων
1475 968 1573 1022 καί
1618 985 1846 1038 προφη-

202 1057 400 1124 τῶν,
446 1060 618 1127 ὄντος
650 1061 1079 1134 ἀκρογωνιαίου
1109 1061 1300 1116 αὐτοῦ
1331 1062 1530 1130 Ἰησοῦ
1564 1063 1842 1131 Χριστοῦ.

205 1151 364 1206 Καὶ
426 1153 600 1218 ἄλλως
645 1155 703 1208 δὲ
746 1155 796 1210 σί
841 1154 1077 1225 Θεμέλιοι
1116 1155 1280 1208 αὐτοῦ
1307 1157 1405 1210 οὐκ
1433 1156 1668 1211 ἐνταῦθα
1696 1157 1845 1211 κάτω

207 1245 342 1296 καὶ
379 1246 516 1316 παρ’
541 1247 688 1316 ἡμᾶς
717 1247 1093 1316 τυγχάνουσιν,
1118 1247 1231 1301 ἀλλ’
1259 1247 1372 1302 ἂνω
1394 1265 1500 1302 που
1531 1250 1622 1302 καὶ
1653 1250 1709 1302 ἐν
1734 1253 1846 1315 τοῖς

208 1331 620 1404 καλουμένοις
656 1335 834 1403 ἁγίοις
861 1335 1033 1407 ὄρεσι.
1067 1336 1158 1389 Διὸ
1183 1334 1430 1390 λέλεκται
1449 1352 1464 1368 ο
1496 1339 1559 1390 οι
1587 1336 1842 1407 θεμέλιοι

199 1423 447 1478 αὐτοῦ
489 1424 558 1477 ἐν
600 1425 724 1490 τοῖς
751 1425 916 1494 ὄρεσι
941 1426 1066 1492 τοῖς
1096 1427 1304 1496 ἁγίοις.
1341 1423 1466 1480 Εἶεν
1502 1431 1532 1480 δ
1578 1427 1644 1482 ἆν
1671 1428 1845 1483 ταῦτα

199 1512 308 1565 τὰ.
342 1515 456 1586 ὅρη
485 1515 532 1568 οί
561 1516 782 1588 οὐρανοὶ
813 1516 921 1571 τῶν
951 1517 1215 1589 οὐρανῶν,
1250 1517 1378 1572 ἔνθα
1414 1517 1472 1570 τὸ
1514 1518 1656 1589 μέγα
1689 1519 1843 1574 πολί-

197 1621 284 1658 τε
297 1623 341 1657 υ
351 1623 436 1676 μα
460 1604 560 1675 τῆς
589 1607 912 1677 ἐπουρανίου
938 1606 1098 1671 Σιὼν,
1126 1609 1220 1663 καὶ
1242 1609 1343 1680 τῆς
1363 1609 1579 1682 άληθῶς
1605 1610 1844 1682 μεγάλης

201 1697 344 1752 τοῦ
375 1698 517 1752 Θεοῦ
549 1699 757 1762 πόλεως
789 1698 1138 1772 συνέστηκεν.
1167 1703 1281 1755 Οὐκ
1302 1701 1432 1773 ἐμός
1459 1702 1516 1756 δὲ
1543 1697 1694 1766 οὗτος
1712 1703 1741 1756 ὁ
1759 1703 1844 1757 λό-

210 1805 370 1858 γος,
405 1787 545 1843 ἀλλὰ
578 1789 669 1842 καὶ
701 1785 862 1852 cum;
898 1789 991 1843 τοῦ
1026 1793 1293 1862 φήσαντος
1309 1791 1754 1848 ’Δποστόλουηᾞ
1777 1793 1846 1848 δὲ

215 1879 380 1934 ἄνω
421 1880 809 1948 Ἰερουσαλὴμ
839 1882 1122 1952 ἐλευθέρα
1161 1883 1352 1947 ἐστίν,
1391 1885 1523 1952 ἣτις
1553 1885 1684 1940 ἐστὶ
1727 1886 1844 1956 μή·

224 1988 366 2039 τηρ
429 1970 618 2040 ἡμῶν,
664 1973 790 2025 καίσ
829 1977 1327 2042 Προσεληλύθατε
1379 1979 1533 2030 Σιὼν
1579 1975 1699 2044 ὄρει
1744 1977 1842 2032 καί

231 2063 434 2117 πόλει
480 2063 627 2117 Θεοῦ
666 2062 900 2131 ζῶντος,
919 2064 1303 2135 Ἰερουσαλὴμ
1343 2066 1696 2135 ἐπουρανίῳ,
1742 2069 1842 2122 καί

228 2154 546 2224 μυριάσιν
560 2154 834 2225 ἀγγέλων
847 2159 1200 2232 πανηγύρει,
1219 2158 1317 2212 καί
1352 2158 1676 2226 Ἑκκλησίᾳ
1698 2177 1844 2227 πρω-

236 2247 524 2300 τοτόκων
575 2247 1116 2318 ἀπογεῃφαμμένων
1166 2248 1236 2303 ἐν
1286 2249 1582 2317 οὐρανοῖς.
1615 2238 1842 2321 ’Ταύτης

235 2333 348 2392 οὖν
383 2340 487 2408 τῆς
521 2338 762 2409 μεγάλης
791 2340 995 2404 πόλεως
1025 2339 1120 2394 τοῦ
1154 2339 1289 2394 Θεοῦ
1331 2340 1495 2395 εἰκὼν
1531 2343 1628 2412 μὲν
1657 2359 1742 2414 ειη
1775 2341 1840 2396 ἂν

240 2431 284 2502 ὴ
333 2431 432 2484 ἐπὶ
480 2431 583 2501 γῆς
621 2430 914 2505 Ἐκκλησία
945 2433 1040 2487 τοῦ
1074 2433 1242 2488 Θεοῦ·
1287 2433 1357 2487 τὰ
1395 2435 1450 2489 δὲ
1494 2435 1840 2506 στηρίγματα

239 2523 430 2595 αὐτῆς
480 2525 573 2578 καὶ
623 2523 879 2595 Θεμέλιοι,
910 2527 959 2580 οἱ
1009 2527 1068 2580 ἐν
1114 2529 1222 2590 τοῖς
1266 2526 1676 2598 ἀποδεδομένας
1706 2529 1842 2600 ἡμῖν

240 2615 437 2684 ἁγίοις
465 2617 646 2690 ὄρεσιν
669 2618 1055 2690 ὐφεστήκασιψ
1085 2622 1141 2673 αἱ
1170 2621 1226 2675 δέ
1252 2621 1448 2676 εἴσοδοι
1481 2621 1577 2676 καὶ
1603 2623 1660 2676 αἱ
1687 2620 1839 2692 πρῶ-

245 2725 345 2760 ται
396 2707 764 2779 στοιχειώσεις
820 2711 991 2783 αὐτῆς
1039 2711 1253 2784 ἐκείνης
1295 2714 1395 2784 τῆς
1435 2713 1841 2786 οὐρανοπόλεως

249 2796 497 2852 ἐνταῦθα
529 2799 852 2870 τυγχάνουσι
905 2802 1032 2875 παρ’
1059 2803 1432 2876 ἡμῖν.”Ασπερ
1479 2805 1716 2868 εἰσόδους
1747 2804 1842 2858 καὶ

250 2890 571 2959 εἰσαγωγὰς
599 2891 694 2944 τοῦ
726 2891 1012 2958 θεοσεϐοῦς
1043 2895 1435 2966 πολιτεύματος
1488 2896 1662 2960 πύλας
1709 2896 1841 2950 ὠνό-

258 2996 407 3049 μασε
430 2981 568 3034 Σιὼν
591 2981 785 3051 ὁλόγος
825 2983 1050 3054 φάσκων
1067 3001 1080 3017 ο
1129 2985 1344 3053 Ἄγαπᾷ
1367 2988 1582 3054 Κύριος
1611 2987 1716 3053 τὰς
1734 2987 1842 3041 πύ-

252 3075 377 3138 λας
437 3072 592 3127 Σιὼν
659 3075 811 3142 ὑπὲρ
866 3075 1062 3130 πάντα
1113 3077 1184 3131 τὰ
1231 3075 1588 3147 σκηνώματα
1622 3079 1835 3134 Ἰακώϐ.

260 3161 608 3234 Σκηνώματα
632 3164 689 3219 δὲ
728 3164 919 3218 Ἰακὼϐ
947 3168 1003 3219 αί
1039 3167 1324 3222 Ἰουδαικαὶ
1367 3170 1711 3240 παραδόσεις,
1743 3173 1834 3225 καὶ

1949 601 2074 654 licet
2123 597 2381 652 Ecclesiae
2441 593 2560 658 Dei,
2586 601 2637 648 et
2671 591 2745 662 pii
2801 587 3036 644 instituti
3063 586 3119 639 in
3173 600 3237 638 ea
3298 580 3525 644 servati,

1949 690 2299 745 fundamenta
2321 696 2448 742 sunt
2472 687 2531 741 in
2557 683 2833 738 montibus
2862 679 3088 736 sanctis.
3113 675 3315 731 Locum
3343 679 3525 727 autem

1947 781 2182 850 explicat
2215 777 2508 848 Apostolus
2537 775 2623 829 his
2664 771 2848 827 verbis
2875 788 2888 824 :
2916 763 3337 838 Supera-diﬁcati
3365 776 3524 830 super

1947 872 2348 942 fundamentum
2374 868 2735 938 apostolorum
2763 875 2810 920 et
2828 861 3220 931 prophetarum,
3240 857 3352 926 ipso
3373 868 3526 908 sum-

1949 962 2316 1032 mo.angulari
2362 959 2534 1027 lapide
2577 955 2708 1011 Jesu
2739 955 2953 1010 Christo
2973 954 3042 1004 "’.
3074 949 3140 1003 Et
3175 963 3303 1004 vero
3326 945 3525 1002 funda-

1948 1069 2128 1110 menta
2163 1055 2284 1123 ejus
2320 1068 2430 1108 non
2465 1051 2695 1105 interius
2731 1049 2909 1118 posita
2938 1057 2990 1098 et
3024 1058 3191 1114 penes
3221 1055 3326 1096 nos
3363 1045 3520 1106 sunt;

1948 1145 2042 1201 sed
2086 1159 2330 1209 sursum,
2355 1152 2410 1198 et
2437 1143 2490 1196 in
2527 1141 2596 1194 iis
2627 1140 2720 1210 qui
2757 1146 2972 1192 montes
3014 1133 3190 1188 sancti
3231 1140 3519 1185 vocantur.

1945 1238 2127 1304 Quare
2174 1235 2400 1298 dicitur,
2440 1232 2816 1287 Fundamenta
2859 1229 2974 1298 ejus
3009 1228 3064 1280 in
3098 1222 3366 1279 montibus
3393 1237 3524 1276 san-

1945 1330 2066 1383 ctis.
2113 1326 2196 1381 llli
2245 1340 2408 1397 porro
2439 1332 2656 1378 montes
2690 1321 2888 1384 sancti,
2919 1324 3050 1374 sunt
3080 1315 3204 1371 coeli
3229 1313 3518 1372 cmlorum,

1946 1421 2038 1475 ubi
2089 1434 2343 1490 magnum
2393 1415 2525 1472 illud
2564 1415 2876 1470 institutum
2927 1409 3168 1465 caelestis
3229 1403 3415 1460 Sionis
3466 1410 3522 1457 et

1916 1530 1920 1534 '
1944 1528 2075 1567 vere
2103 1525 2312 1581 magna:
2339 1508 2436 1564 Dei
2458 1505 2699 1563 civitatis
2736 1503 3009 1559 consistit.
3033 1500 3220 1570 Neque
3244 1511 3399 1552 mens
3430 1495 3522 1550 hic

1946 1620 2129 1661 sermo
2158 1609 2264 1667 est,
2281 1601 2376 1658 sed
2407 1600 2654 1672 ejusdem
2681 1595 2928 1668 Apostoli
2960 1593 3194 1648 dicentis
3222 1610 3235 1646 :
3266 1589 3376 1644 Illa
3401 1603 3520 1644 vero

1945 1713 2062 1769 qua:
2108 1711 2321 1750 sursum
2377 1703 2457 1750 est
2509 1689 2830 1752 Jerusalem,
2887 1687 3052 1741 libera
3109 1693 3224 1747 est,
3272 1697 3390 1758 quae
3439 1684 3520 1734 est

1948 1799 2118 1843 mater
2146 1797 2330 1842 nostra
2357 1787 2433 1852 ⁸⁰;
2459 1794 2536 1851 et,
2561 1783 2874 1838 Accessistis
2926 1780 2994 1833 ad
3027 1777 3156 1834 Sion
3192 1782 3441 1839 montem,
3467 1777 3522 1826 et

1878 1910 1918 1966 Β
1948 1880 2211 1933 civitatem
2254 1876 2352 1931 Dei
2394 1875 2635 1938 viventis,
2671 1871 2972 1928 Jerusalem
2998 1867 3276 1932 crelestem,
3305 1872 3357 1918 et.
3383 1861 3519 1916 mul-

1946 1983 2121 2037 torum
2149 1967 2379 2021 millium
2411 1963 2717 2036 angelorum
2746 1960 3118 2032 frequentiam,
3143 1966 3192 2010 et
3226 1953 3518 2009 Ecclesium

1939 2061 2330 2130 primitivorum
2379 2058 2470 2128 qui
2520 2055 2773 2124 descripti
2819 2062 2943 2106 sunt
2982 2053 3036 2106 in
3077 2048 3218 2104 cwlis
3241 2047 3309 2103 ⁸⁸.
3341 2043 3518 2114 Hujus

1941 2163 2126 2224 itaque
2175 2165 2384 2222 magna:
2432 2149 2526 2204 Dei
2581 2146 2821 2204 civitatis
2850 2144 3030 2214 imago
3075 2139 3238 2196 fuerit
3273 2135 3519 2192 Ecclesia

1945 2245 2060 2312 Dei,
2095 2259 2218 2315 quae
2244 2250 2330 2300 est
2356 2243 2410 2296 in
2443 2249 2621 2308 terra;
2665 2238 2836 2293 fulcra
2864 2245 3044 2291 autem
3066 2240 3123 2289 et
3160 2231 3516 2286 fundamenta

1939 2339 2061 2407 ejus
2090 2353 2153 2392 ea
2201 2341 2352 2399 sunt,
2379 2349 2502 2405 quae
2541 2336 2796 2405 superius
2827 2347 2922 2405 per
2953 2337 3166 2386 montes
3198 2331 3420 2383 sanctos
3447 2324 3520 2378 si-

1919 2427 2185 2499 gniﬁcari
2223 2425 2587 2491 tradidimus;
2621 2426 2903 2496 ingressus
2927 2431 3108 2478 autem
3129 2428 3184 2476 et
3208 2417 3365 2490 primi
3399 2409 3525 2471 adi?

1941 2530 2032 2576 tus
2060 2519 2304 2576 caelestis
2336 2517 2486 2572 illius
2516 2517 2754 2572 civitatis
2803 2516 2947 2587 apud
2977 2530 3080 2570 nos
3113 2519 3262 2569 sunt.
3297 2509 3401 2578 Qui
3431 2508 3516 2563 in-

1939 2626 2162 2684 gressus
2188 2620 2243 2667 et
2270 2611 2454 2666 aditus
2475 2609 2542 2665 ad
2569 2610 2885 2680 religiosum
2918 2607 3048 2662 illud
3073 2605 3405 2667 institutum,
3425 2603 3516 2659 hic

1940 2713 2112 2777 porta
2143 2703 2277 2759 Sion
2300 2713 2588 2768 vocantur,
2620 2717 2745 2757 cum
2764 2701 3007 2756 dicitur:
3039 2699 3227 2770 Diligit
3253 2697 3514 2751 Dominus

1939 2806 2122 2866 portas
2171 2797 2303 2852 Sion
2353 2813 2512 2866 super
2561 2795 2742 2849 omnia
2798 2791 3140 2847 tabernacula
3191 2789 3381 2844 Iacob.
3410 2787 3513 2842 Hic

1940 2900 2122 2946 autem
2147 2889 2279 2944 mihi
2313 2904 2408 2960 per
2439 2889 2530 2943 illa
2554 2885 2905 2942 tabernacula
2935 2881 3380 2947 JacobJudaicze
3400 2889 3513 2935 tra-

1939 2981 2178 3037 ditiones
2205 2989 2257 3036 et
2287 2979 2514 3036 Mosaici
2545 2978 2858 3049 corporales
2895 2977 3078 3032 cultus
3105 2973 3401 3046 signiﬁcari
3428 2973 3513 3029 vi-

1940 3076 2139 3132 dentur
2183 3093 2198 3130 :
2244 3075 2447 3146 quibus
2504 3074 2914 3146 praastantiorcs
2963 3071 3107 3143 apud
3160 3071 3329 3127 Deum
3385 3078 3523 3127 sunt.

1941 3178 2111 3238 porta:
2145 3165 2298 3231 Sion,
2347 3165 2398 3220 id
2434 3173 2539 3232 est,
2571 3165 2852 3235 ingressus
2891 3170 2945 3218 ct
2973 3162 3154 3218 aditus
3184 3161 3248 3215 ad
3284 3175 3510 3231 regnum

254 3252 316 3306 αι
347 3253 491 3307 κατὰ
521 3252 798 3318 Μωῦσέως
831 3257 1140 3325 σωματικαὶ
1171 3257 1453 3328 θρησκεῖαι
1486 3261 1720 3315 ἐνταῦθα
1751 3279 1836 3332 μοι

1942 3259 2187 3323 cmleste,
2231 3259 2285 3313 in
2342 3257 2584 3313 Ecclesia
2627 3254 2877 3311 stabiliti.
2912 3253 2970 3310 ιιι
3003 3269 3066 3310 ea
3108 3268 3344 3324 namque
3395 3252 3512 3308 sola

254 3344 476 3399 δοκοῦσι
503 3345 780 3415 λέγεσθαι·
808 3341 884 3400 ὦν
913 3349 1300 3420 προτιμότεραι
1327 3352 1652 3423 τυγχάνουσι
1683 3353 1834 3426 παρὰ

256 3433 340 3505 τῷ
368 3433 488 3506 Θεῷ
529 3436 586 3489 αί
619 3436 783 3489 πύλαι
811 3438 909 3508 τῆς
935 3436 1094 3501 Σιὼν,
1125 3439 1400 3494 τουτέστιν
1427 3443 1482 3495 al
1511 3443 1704 3496 εἴσοδοι
1741 3445 1836 3498 καὶ

259 3529 563 3598 είσαγωγαὶ
589 3528 688 3599 τῆς
709 3529 1032 3600 ἐπουρανίου
1067 3531 1338 3602 βασιλείας
1369 3535 1462 3587 ἐπὶ
1486 3535 1583 3604 τῆς
1615 3535 1835 3602 Ἐκκλη-

264 3604 398 3681 diu?
409 3617 709 3689 ἱδρυμέναι.
729 3619 814 3671 Ἐν
838 3619 974 3693 μόνῃ
991 3619 1100 3692 γὰρ
1121 3621 1290 3694 ταύτῃ
1316 3623 1645 3694 κηρύσσεται
1665 3628 1698 3696 ὴ
1727 3626 1835 3679 τῶν

260 3707 503 3780 οὐρανῶν
533 3708 808 3779 βασιλεία,
840 3711 935 3763 καὶ
982 3711 1075 3764 τοῦ
1123 3714 1388 3784 σωτηρίου
1417 3730 1476 3782 γε
1506 3715 1834 3784 Εὐαγγελίου

262 3798 292 3850 ὁ
335 3800 441 3862 πᾶς
483 3801 680 3864 σκοπὸς
708 3802 883 3853 ἐκεῖσε
920 3800 1296 3870 βλέπει.⁹Επεὶ
1331 3806 1425 3858 καὶ
1471 3807 1525 3860 αί
1579 3810 1835 3878 σωτήριοι

265 3891 604 3960 ἐπαγγελίαι,
644 3895 739 3947 καὶ
767 3894 825 3947 τὸ
848 3894 1198 3963 εὐαγγελικδν
1224 3897 1504 3968 κήρυγμα,
1540 3899 1634 3952 καὶ
1663 3900 1694 3970 ὴ
1728 3902 1833 3954 πᾶ-

269 3999 335 4034 σα
365 3982 516 4046 ἐλπὶς
542 3983 637 4038 τοῦ
672 3984 812 4038 κατά
838 3987 1068 4058 Χριστὸν
1103 3987 1513 4060 πολιτεύματος,
1537 3992 1636 4062 τὴν
1683 3991 1834 4062 βασι-

267 4069 410 4124 λείαν
431 4071 536 4134 τῶν
555 4074 798 4145 οὐρανῶν
823 4078 942 4147 ὁρᾷ.
964 4077 1276 4149 Γέγραπται
1300 4079 1450 4147 γοῦν,
1469 4082 1550 4134 ὅτι
1575 4083 1834 4154 ἐκήρυξεν

268 4162 298 4215 ὁ
336 4162 520 4236 Σωτὴρ
549 4163 722 4232 λέγων
742 4179 758 4196 ⁶
793 4167 1065 4236 Ἤγγικεν
1095 4170 1133 4236 ἡ
1167 4170 1457 4234 ,ϐασιλεία
1495 4172 1614 4226 τῶν
1659 4177 1833 4243 οὐρα-

269 4251 404 4308 νῶν.
421 4254 752 4327 Ἐμακάριζέ
792 4274 852 4310 τε
897 4260 1021 4322 τοὺς
1055 4259 1235 4326 ἀξίους
1260 4261 1368 4314 τῶν
1411 4265 1627 4319 οίκείων
1655 4284 1833 4337 μακα-

273 4343 495 4415 ρισμῶν,
535 4347 1000 4418 ἐπαγγελλόμενος
1045 4351 1225 4416 αὐτοῖς
1253 4353 1526 4423 βασιλείαν
1551 4357 1829 4428 οὐρανῶν·

273 4433 397 4512 αλλὰ
425 4436 516 4488 καὶ
542 4435 819 4491 ἐδίδασκεν
847 4437 1100 4509 εὔχεσθαι
1126 4443 1252 4506 τοὺς
1278 4444 1442 4498 αὐτοῦ
1469 4447 1713 4519 μαθητὰς
1741 4451 1834 4502 καὶ

1937 3349 2266 3421 praedicatur
2319 3365 2546 3422 regnum
2605 3349 2869 3403 cmlorum
2910 3367 2922 3401 :
2955 3355 3212 3417 totusque
3253 3345 3523 3401 salutaris

1937 3442 2214 3512 Evangelii
2273 3437 2473 3512 scopus
2518 3456 2584 3495 eo
2629 3440 2870 3510 respicit.
2925 3437 3204 3509 Siquidem
3248 3437 3512 3492 salutaria

1937 3531 2230 3601 promissa,
2267 3531 2578 3601 evangelica
2607 3530 2946 3602 praedicatio,
2966 3538 3189 3601 totaque
3212 3528 3516 3584 Christiani

1938 3624 2174 3679 instituti
2199 3640 2346 3695 spes,
2377 3639 2603 3693 regnum
2633 3623 2895 3678 coriorum
2931 3631 3200 3704 spectant.
3235 3621 3510 3692 Scriptum

1935 3732 2019 3772 est
2069 3717 2215 3772 enim
2267 3717 2381 3770 [nec
2429 3717 2757 3786 praedicasse
2797 3715 3133 3770 Salvatorem
3165 3731 3179 3766 :
3211 3714 3515 3785 Appropin-

1933 3809 2111 3879 quavit
2128 3824 2341 3878 regnum
2364 3808 2611 3862 caelorum
2628 3810 2708 3875 ⁸²;
2739 3809 2963 3878 ipseque
2991 3807 3180 3862 beatos
3201 3807 3514 3877 praedicavit

1933 3917 2031 3957 eos
2069 3901 2162 3972 qui
2210 3901 2429 3972 propria
2470 3902 2573 3956 sibi
2610 3901 2951 3957 beatitudine
2984 3900 3133 3971 digni
3169 3907 3320 3966 sunt,
3346 3899 3512 3970 ipsis-

1933 4008 2041 4062 que
2077 4008 2304 4063 regnum
2339 3994 2603 4046 caelornm
2635 3993 2912 4063 pollicitus
2948 4001 3030 4048 est
3053 4009 3068 4058 ;
3092 3992 3204 4046 imo
3232 3990 3396 4046 etiam
3427 3989 3513 4045 di-

1936 4086 2179 4154 scipulos
2211 4100 2342 4139 suos
2367 4084 2624 4154 precandi
2658 4092 2712 4139 et
2742 4099 2969 4154 regnum
2999 4084 3262 4138 cmlornm
3291 4081 3512 4152 petendi

1936 4175 2157 4229 modum
2198 4174 2440 4240 edocuit,
2472 4176 2614 4229 hanc
2653 4175 2922 4230 orationis
2969 4175 3198 4230 formam
3243 4173 3507 4228 tradens:

1937 4263 2065 4319 Fiat
2108 4265 2350 4319 uoluntas
2405 4274 2514 4328 tua,
2567 4263 2810 4319 adveniat
2855 4281 3073 4335 regnum
3115 4264 3346 4318 tuum“.
3379 4261 3513 4319 lure

1934 4372 2064 4427 ergo
2099 4359 2211 4412 haec
2246 4357 2426 4412 omnia
2458 4366 2627 4427 porta:
2656 4357 2805 4428 regni
2847 4357 3112 4412 caelorum
3137 4363 3326 4410 vocata
3360 4367 3509 4419 sunt,

1937 4457 2120 4517 utpote
2154 4449 2436 4519 ingressus
2461 4448 2753 4518 aditusque
2787 4447 3004 4503 itineris
3038 4447 3132 4503 illo
3163 4446 3508 4514 instituendi.

273 4527 364 4596 τὴν
391 4527 493 4580 τῶν
523 4529 769 4594 οὐρανῶν
799 4529 1072 4601 βασιλείαν
1097 4532 1421 4597 ἐξαιτεῖσθαι
1451 4538 1753 4605 φάσκοντας
1775 4541 1832 4593 ἐν

1937 4539 2122 4610 Diligit
2172 4557 2302 4612 ergo
2345 4541 2608 4596 Dominus
2671 4542 2774 4595 has
2823 4539 3068 4597 cmlestis
3097 4537 3280 4594 Sionis
3323 4547 3513 4609 portas

274 4618 334 4688 τῇ
359 4621 628 4690 προσευχῇ
645 4635 658 4649 ο
687 4619 1002 4687 Γενηθήτω
1027 4621 1094 4675 τὸ
1127 4623 1354 4693 θέλημά
1379 4641 1516 4690 σου,
1547 4627 1764 4682 ἐλθέτω
1793 4630 1832 4697 ἡ

1937 4605 2071 4702 plus
2116 4605 2280 4702 quam
2341 4645 2532 4686 omnes
2573 4629 2774 4697 legales
2806 4637 2862 4684 et
2895 4627 3154 4684 Judaicas
3183 4605 3508 4701 synagogas,

271 4710 540 4771 ,ϐασιλεία
567 4728 704 4766 σου.
731 4711 967 4777 Εἰκότως
991 4714 1168 4767 τοίνυν
1190 4716 1365 4770 πάντα
1388 4718 1457 4771 τὰ
1486 4718 1710 4774 τοιαῦτα
1731 4721 1832 4774 πύ-

278 4800 356 4856 λαι
379 4802 474 4872 τῆς
496 4801 605 4856 τῶν
629 4803 872 4875 οὐρανῶν
905 4805 1178 4876 βασιλείας
1197 4807 1611 4882 ὠνομάσθησαν.
1639 4813 1832 4867 εἴσοδοί

279 4909 406 4957 τινες
437 4894 530 4948 καὶ
546 4897 846 4966 είσαγωγαὶ
869 4899 1234 4969 τυγχάνουσαι
1253 4901 1352 4972 τῆς
1377 4903 1555 4955 ἐκεῖσε
1585 4906 1826 4975 πορείας.

291 4984 485 5058 ’ᾼγαπᾷ
531 4987 708 5041 τοίνυν
758 4990 961 5055 ταύτας
1011 4991 1110 5056 τὰς
1161 4993 1334 5056 πύλας
1375 4994 1473 5064 τῆς
1505 4995 1826 5067 ἐπουρανίου

281 5077 400 5131 Σιων
431 5078 571 5150 ὑπὲρ
617 5079 715 5144 τὰς
758 5081 988 5152 νομικὰς
1021 5084 1112 5136 καὶ
1147 5084 1443 5149 Ἰουδαῑκὰς
1483 5086 1824 5155 συναγωγὰς,

283 5169 440 5242 ἇσπερ
465 5170 713 5241 ὠνόμασε
739 5173 1068 5244 σκηνώματα
1103 5174 1317 5230 Ἰακώϐ.
1347 5177 1514 5231 Οὐδὲν
1541 5177 1670 5246 γοῦν
1697 5180 1826 5250 παρ’

283 5263 488 5325 ἐκείνοις
515 5263 642 5333 περὶ
677 5263 774 5334 τῆς
813 5265 1138 5336 ἐπουρανίου
1171 5267 1376 5330 πόλεως
1415 5267 1508 5322 τοῦ
1533 5269 1666 5322 Θεοῦ
1697 5287 1829 5341 μνη-

285 5353 562 5424 μονεύεται,
589 5355 817 5419 οὐδέξτις
844 5357 1024 5420 αὐτοῖς
1055 5359 1254 5424 σκοπὸς
1290 5361 1416 5432 περὶ
1443 5359 1720 5431 βασιλείας
1748 5362 1830 5414 οὐ·

287 5448 436 5519 ρανῶν
478 5447 841 5513 ἔνεστι,κάτω
871 5449 926 5502 δὲ
964 5450 1032 5502 δι’
1061 5450 1186 5504 ὅλου
1215 5453 1522 5516 νενευκότες
1551 5453 1649 5515 τὰς
1677 5451 1828 5505 ἐλπί-

282 5540 360 5603 δας
383 5541 468 5593 ἐπὶ
488 5541 592 5610 γῆς
615 5541 795 5612 ἔχουσι
817 5583 832 5606 ,
866 5543 957 5596 καὶ
995 5543 1092 5608 τὰς
1117 5544 1447 5612 ἐπαγγελίας
1466 5545 1702 5598 ἐνταῦθά
1723 5563 1825 5598 που

1936 4737 2073 4793 quas
2124 4722 2481 4778 tabernacula
2528 4720 2700 4776 Iacob
2742 4721 3055 4792 appellavit.
3093 4719 3248 4791 Apud
3290 4718 3511 4775 Iudaeos

1933 4817 2080 4868 enim
2122 4813 2363 4868 C(elestis
2402 4812 2492 4866 illa
2530 4811 2624 4867 Dei
2655 4812 2848 4867 civitas
2881 4812 3198 4868 nullatenus
3235 4824 3508 4868 memorat-

1935 4913 2044 4966 tur,
2070 4919 2247 4974 neque
2268 4919 2368 4974 pro
2393 4917 2564 4973 scopo
2589 4903 2792 4959 habent
2816 4903 2920 4972 ipsi
2951 4918 3176 4974 regnmn
3205 4903 3507 4968 caelorum,-

1933 4997 2029 5054 sed
2057 4997 2314 5053 deorsum
2359 4998 2540 5068 proni,
2569 4998 2624 5051 in
2659 5003 2805 5052 terra
2852 5012 3002 5066 spem
3038 4995 3260 5060 habent,
3293 5005 3348 5050 et
3377 5011 3508 5066 pro»

1935 5092 2102 5146 missa
2159 5091 2266 5148 sibi
2315 5089 2442 5145 data
2487 5090 2580 5145 hic
2609 5097 2934 5160 exspectant
2961 5109 2975 5144 :
3007 5104 3178 5160 quare
3203 5095 3372 5159 porta:
3405 5087 3512 5141 illa:

1934 5182 2176 5236 cmlestis
2215 5179 2368 5242 Sion.
2400 5195 2536 5251 quas
2567 5196 2730 5249 supra
2764 5178 3187 5240 declaravimus,
3215 5176 3422 5246 majore
3451 5177 3522 5246 in

1936 5273 2110 5344 pretio
2159 5271 2303 5343 apud
2357 5271 2526 5328 Deum
2605 5272 2896 5336 habentur,
2935 5287 3096 5342 quam
3157 5269 3510 5324 tabernacula

1931 5361 2120 5416 Jacob.
2143 5361 2312 5432 Cujus
2335 5362 2520 5419 Sionis
2543 5362 2901 5418 fundamenta
2932 5377 3039 5418 non
3069 5361 3158 5416 hic
3179 5367 3232 5415 et
3259 5361 3509 5424 interra,-

1935 5452 2124 5506 qunili
2173 5452 2294 5507 loco
2330 5453 2508 5522 posita
2535 5460 2697 5520 sunt,
2731 5453 2825 5510 sed
2858 5454 2912 5508 in
2947 5453 3227 5511 montibus
3270 5449 3510 5516 sanctis,

1932 5545 2008 5598 uti
2037 5560 2202 5607 supra
2240 5545 2656 5616 explicavimus.

285 5633 604 5701 προσδωκῶσι
625 5650 638 5663 ο
676 5633 754 5688 διὸ
784 5635 1167 5706 προτιμότεραι
1202 5636 1350 5708 παρὰ
1376 5635 1451 5707 τῷ
1481 5637 1599 5708 Θεῷ
1628 5637 1954 5707 τυγχάνουσι
1977 5637 2084 5691 τῶν
2135 5638 2506 5710 σκηνωμάτων
2537 5637 2728 5693 Ἰακὼὸ
2777 5639 2832 5690 al.
2891 5632 3314 5706 προδηλωοείσαι
3371 5633 3512 5704 ἡμῖν

341 5785 377 5816 "
412 5784 610 5856 Ephcs.
645 5804 718 5852 ιι,
751 5788 838 5842 20.
917 5787 961 5821 ⁸⁸³
1002 5789 1120 5845 Gal.
1162 5805 1235 5856 tv,
1269 5789 1359 5845 26.
1439 5791 1478 5823 ⁸¹
1523 5790 1685 5849 llcbr.
1723 5807 1829 5857 xu,

1937 5796 1972 5860 ‘,
2001 5791 2093 5849 ‘25.
2169 5796 2212 5826 "
2258 5791 2444 5849 Matth.
2484 5811 2514 5848 ι
2543 5835 2556 5859 ,
2598 5794 2645 5848 7.
2725 5793 2768 5824 "
2806 5789 2996 5845 Matth.
3033 5806 3118 5857 vn,
3160 5789 3246 5845 l0.
