3972 6812
33 387 70 443 Ι
89 391 154 447 0
177 393 272 451 ιθ
1352 395 1737 453 COMMENTA

1840 397 1865 452 ι
1905 395 1972 453 ΙΝ
2001 396 2322 454 PSALMOS
3301 400 3440 458 1050

33 507 332 600 εέχεξαι
380 507 514 562 ἐκεῖ
546 506 803 578 φάσκων,
839 505 1133 578 παρίστησι
1164 506 1263 579 τὴν
1293 509 1350 562 ὲν
1378 508 1456 580 τῷ
1487 509 1737 582 ἀνθρώπη

1865 510 1973 564 illic
2007 519 2189 563 uatum
2217 511 2370 572 dicit.
2401 509 2495 565 Dei
2530 510 2688 566 Verii
2716 511 2768 565 in
2795 511 3015 566 homine
3047 511 3438 568 habitationem

33 599 196 652 τοῦ
234 597 438 672 ’Θεοξ
466 599 644 668 Λόγου
676 597 1012 669 κατοίκησιν.
1052 599 1262 671 Ὥσπερ
1282 599 1442 672 γὰρὴ
1475 601 1634 662 Σιὼν,
1664 603 1737 656 πό

1858 601 2116 654 declarat.
2151 600 2622 667 Quemadmodum
2671 603 2813 656 enim
2868 602 2998 655 Sion
3025 643 3039 666 ,
3072 619 3193 672 qua:
3243 603 3439 658 civitas

32 686 188 753 λις
241 659 438 744 οὖα-ατ
450 659 568 744 τοῦ.
583 689 717 744 Θεοῦ
738 730 752 754 ,
792 659 943 761 χώρα
969 659 1663 763 τυγχάνειποῦπεχθέντος
1699 695 1737 746 ὲκ

1859 687 1953 743 Dei
1993 699 2096 753 est,
2131 692 2282 746 locns
2304 700 2388 746 est
2416 694 2514 747 viri
2546 694 2598 747 in
2629 708 2692 747 ea
2719 693 2861 756 nati;
2920 695 2992 746 ita
3025 693 3140 762 ipse
3170 695 3253 747 vir
3285 695 3438 750 locns

1855 779 2088 832 ellicitur
2116 790 2170 835 et
2205 783 2610 851 receptaculum
2641 782 2730 837 llei
2763 781 2924 837 Verbi
2963 781 3017 836 in
3045 799 3104 838 se
3139 785 3248 838 nati
3273 825 3286 850 ,
3341 787 3437 856 qui

44 784 268 855 αὐτῇ
314 782 571 855 ἀνδρὸς,
605 783 746 838 οὕτω
796 784 892 847 καὶ
934 782 1096 848 αὐτὸς
1128 785 1157 836 6
1194 784 1333 857 ἀνὴρ
1364 783 1516 856 χώρα
1549 785 1756 854 γίνεται

51 879 217 931 καὶ
260 878 506 948 δοχεῖον
536 877 632 931 τοῦ
657 879 715 932 ὲν
742 875 890 948 αὐτῷ
913 877 1262 950 γεννηθέντος
1286 877 1421 932 Θεοῦ
1454 877 1652 948 Λόγου,
1681 877 1737 938 ὡς

1855 874 2013 942 quasi
2046 874 2101 928 in
2130 875 2249 929 loco
2274 891 2434 932 sacro
2473 883 2529 931 et
2564 877 2616 930 in
2659 875 2886 946 templo,
2924 875 3032 931 imo
3067 878 3249 947 potius
3279 880 3440 950 quasi

63 968 160 1021 ὲν
202 968 376 1041 ἱερῷ
415 967 562 1039 ἁγίῳ
584 969 678 1022 καὶ
702 967 834 1039 ναῷ,
865 966 1064 1039 μᾶλλον
1093 968 1150 1024 δὲ
1173 966 1248 1034 ὡς
1282 971 1339 1023 ὲν
1361 969 1634 1041 ἀγάλματι
1662 968 1737 1022 κα⁴

1856 967 1909 1020 in
1945 972 2124 1021 statua
2153 974 2210 1021 et
2246 967 2595 1037 receptaculo
2633 966 2854 1023 deitatis
2881 983 3015 1033 suat,
3047 968 3101 1024 in
3128 971 3248 1040 ipso
3279 971 3438 1025 babi-

63 1061 255 1132 δοχε
265 1062 346 1134 ίῳ
373 1061 486 1134 τῆς
505 1059 668 1116 αὐτοῦ
689 1059 939 1130 θεότητος
955 1061 1015 1114 ἐν
1038 1061 1187 1132 αὐτῷ
1212 1059 1616 1133 κατῳκηκότος.
1645 1060 1737 1116 Ka'

1856 1067 1953 1114 tat.
1986 1059 2051 1114 Et
2089 1061 2205 1116 hzec
2249 1063 2562 1117 necessario
2621 1060 2780 1118 docet
2841 1062 2957 1117 haec
2997 1060 3283 1135 Scriptura
3307 1103 3324 1128 ,
3377 1071 3441 1119 ut

71 1152 326 1224 ταῦτα.
365 1154 433 1208 δὲ
460 1153 773 1222 ἀναγκαίως
799 1153 827 1205 6
845 1152 1015 1220 Λόγος
1046 1150 1283 1220 ἐδίδαξεν
1308 1154 1386 1216 εἰς
1417 1153 1478 1206 τὸ
1509 1151 1737 1223 γνωσθῆ-

1855 1163 2043 1207 notum
2089 1154 2160 1207 sit
2207 1170 2311 1224 qua
2348 1155 2562 1209 ratione
2603 1154 2922 1225 alienigena:
2955 1163 3010 1210 et
3043 1155 3222 1228 Tyrus
3249 1169 3304 1213 et
3331 1173 3436 1229 po-

79 1261 222 1298 ναι
266 1246 413 1308 πῶς
443 1243 730 1314 ἀλλόφυλοι
757 1243 852 1298 καὶ
879 1242 1054 1317 Τύρος
1082 1246 1174 1299 καὶ
1193 1245 1320 1309 λαδς
1347 1244 1620 1298 Αἰθιόπων
1642 1245 1737 1313 ὲγε

1855 1246 2018 1314 pulus
2050 1243 2365 1316 IEtbiopum
2402 1245 2456 1300 in
2492 1246 2713 1301 civitate
2768 1245 2863 1302 Dei
2915 1247 3042 1303 facti
3096 1248 3320 1313 fuerint.
3383 1257 3440 1304 et

79 1339 408 1410 νήοησαν
429 1341 492 1392 ὲν
513 1341 578 1409 τῇ
599 1336 693 1392 τοῦ
713 1337 848 1399 Θεοῦ
873 1338 1047 1402 πόλει,
1070 1335 1164 1392 καὶ
1183 1337 1470 1409 γεγόνασιν
1491 1339 1598 1392 υἱοὶ
1617 1336 1752 1391 Θεοῦ

79 1431 216 1487 διὰ
245 1433 370 1504 τῆς
398 1436 536 1505 παρ’
560 1429 708 1503 αὐτῷ
729 1431 1351 1503 άναγεννήσεως.”οπως
1369 1431 1478 1503 γάρ
1498 1431 1591 1485 καὶ
1614 1430 1755 1484 κατὰ

77 1527 262 1583 τίνα
313 1527 536 1601 τρόπον
573 1527 609 1598 ἡ
637 1525 871 1598 τοσαύτη
903 1527 984 1590 είς
1022 1523 1282 1598 οὐρανοὺς
1311 1526 1536 1599 ἐξεχύθη
1570 1528 1750 1598 χάρις,

88 1619 517 1693 παρέστησεν
549 1618 720 1674 εἰπὼν
744 1618 814 1672 τά
846 1618 987 1673 κατὰ
1012 1618 1102 1672 τὸν
1131 1619 1300 1691 ἄνδρα
1315 1619 1405 1673 τὸν
1420 1619 1753 1692 γεννηθέντα

87 1709 256 1762 ἐκεῖ
275 1748 293 1773 ,
339 1709 443 1764 καὶ
475 1708 566 1762 τὸν
601 1709 660 1760 ὲν
683 1707 761 1780 τῷ
791 1706 947 1780 ἀνδρὶ
977 1706 1139 1762 πάλιν
1164 1707 1494 1780 γεννηθέντα
1526 1708 1746 1780 Κύριον.

90 1799 229 1866 Οἷς
256 1803 486 1858 ἅπασιν
509 1800 749 1871 ἐπιλέγει
776 1800 860 1868 τὸ,
893 1801 986 1867 Ὠς
1010 1799 1490 1872 εὐφραινομένων
1508 1800 1737 1854 πάντων

1855 1797 1966 1853 lud.
2000 1829 2068 1838 —
2099 1797 2264 1854 Vens.
2294 1799 2346 1855 7.
2385 1795 2536 1853 Sicut
2577 1801 2873 1855 laetantium
2903 1803 3138 1856 omnium
3177 1802 3438 1858 habitatio

91 1891 150 1958 ἢ
216 1892 520 1974 κατοιειια
554 1892 626 1947 ἐν
659 1891 792 1946 οόί⁸
848 1889 964 1944 ἀνθ’
999 1884 1059 1944 οὗ
1094 1892 1123 1944 6
1167 1890 1264 1961 μὲν
1311 1890 1542 1954 Ἀκύλας
1591 1888 1737 1960 φησὶ,

1850 1898 1928 1943 est
1951 1887 2006 1941 in
2038 1896 2121 1953 te;
2159 1904 2258 1958 pro
2291 1905 2400 1959 quo
2427 1890 2624 1960 Aquila
2659 1891 2826 1957 dicit,
2879 1891 2948 1946 Et
2987 1902 3232 1947 canentes
3281 1893 3441 1964 quasi

101 1983 250 2038 Καὶ
299 1983 566 2052 ᾅδοντες
609 1983 692 2050 ὡς
729 1980 892 2053 χοροὶ
934 1981 1124 2037 πᾶσαι
1148 1981 1330 2050 πηγαὶ
1362 1981 1434 2036 ἐν
1465 1982 1565 2036 σοι
1585 1997 1602 2015 ο
1629 1981 1658 2034 ὁ
1689 1981 1737 2035 δὲ

1852 1982 1999 2037 chori
2047 1999 2225 2036 omnes
2277 1982 2445 2052 {antes
2483 1986 2534 2038 in
2585 1995 2668 2046 te;
2727 1982 3094 2054 Symmachus
3144 2001 3310 2050 vero,
3367 1983 3436 2039 Et

102 2075 496 2148 Σύμμαχος,
545 2074 652 2131 Καὶ
689 2073 1046 2129 αινέσουσιν
1089 2073 1169 2142 ὡς
1199 2075 1270 2127 ἐν
1305 2075 1516 2141 αὐλοῖς
1559 2072 1737 2129 πᾶσαι

1851 2073 2146 2129 laudabunt
2188 2076 2345 2145 quasi
2392 2077 2445 2129 in
2499 2076 2642 2130 tibiis
2674 2092 2852 2129 omnes
2899 2074 3071 2144 fontes
3112 2077 3164 2130 in
3212 2089 3280 2131 te.
3335 2075 3435 2132 llis

107 2170 192 2220 al.
239 2167 442 2238 πηγαὶ
465 2168 534 2221 ὲν
561 2169 680 2221 σοί.
711 2163 876 2236 Οἶμαι
905 2165 963 2220 δὲ
996 2166 1357 2237 σημαίνεσθαι
1391 2167 1486 2220 καὶ
1511 2165 1601 2220 διὰ
1628 2165 1737 2220 τού-

1849 2185 2013 2241 porro
2067 2169 2362 2240 signiﬁcari
2416 2169 2656 2223 arbitror
2707 2168 2947 2223 ﬁdelium
2987 2168 3276 2230 omnium,
3339 2169 3435 2239 qui

109 2279 255 2317 ⁹των
281 2263 392 2335 τὴν
426 2262 536 2316 τῶν
569 2260 774 2314 πιστῶν
795 2259 1071 2322 ἁπάντων,
1099 2257 1208 2312 τῶν
1233 2258 1298 2330 δὴ
1329 2257 1430 2330 τῆς
1460 2258 1624 2327 ἁγίας
1650 2257 1746 2312 τοῦ

115 2355 288 2409 Θεοῦ
322 2355 542 2418 πόλεως
557 2349 1136 2422 καταξιωθησομένων,
1170 2349 1590 2422 ὲπισυναγωγὴν
1611 2391 1626 2415 ,
1649 2350 1745 2404 καὶ

118 2448 244 2519 τὴν
281 2449 368 2514 είς
400 2447 498 2502 ἕνα
529 2443 688 2518 χορδν
709 2441 1170 2500 ἀποκατάστασιν.
1219 2441 1310 2516 Τῷ
1335 2443 1443 2516 γάρ
1467 2441 1744 2512 λέγεσθαι,

125 2540 217 2592 ἐν
245 2539 358 2593 σοι
375 2580 392 2605 ,
429 2538 521 2592 τὸν
547 2536 713 2592 τόπον
743 2535 905 2590 πάλιν
938 2533 1224 2606 σημαίνειν
1257 2532 1624 2605 ύπολαμσάνω
1649 2533 1748 2605 τῆς

127 2628 243 2682 τοῦ
277 2629 422 2684 Θεοῦ
448 2629 654 2692 πόλεως
669 2644 683 2659 ·
705 2621 774 2699 ἦς
798 2627 846 2682 oi
875 2625 975 2696 μὲν
1001 2623 1238 2696 θεμέλιοι
1263 2619 1404 2697 ἦσαν
1425 2628 1485 2681 ὲν
1502 2624 1614 2688 τοῖς
1633 2620 1748 2695 όρεο

137 2740 207 2776 σι
235 2724 356 2786 τοῖς
386 2721 598 2790 ἁγίοις,
634 2722 691 2776 ai
722 2720 780 2774 δὲ
824 2719 989 2774 πύλαι
1022 2719 1117 2773 καὶ
1147 2722 1202 2773 αἱ
1240 2720 1432 2774 εἴσοδοι
1461 2719 1615 2774 κάτω
1641 2735 1745 2773 που

140 2812 253 2868 καὶ
288 2817 425 2885 παρ’
454 2817 586 2886 ημῖν
604 2833 618 2846 ο
645 2815 704 2869 ὲν
730 2816 870 2890 μέσῃ
901 2817 958 2870 δὲ
981 2815 1116 2886 αὐτῇ
1149 2812 1350 2877 πάντες
1374 2812 1451 2876 ὡς
1479 2813 1537 2867 ὲν
1558 2812 1748 2885 χορείᾳ

141 2906 249 2960 καὶ
274 2906 514 2977 ἁρμονίᾳ
542 2904 662 2978 θείᾳ
687 2907 802 2978 μετ’
831 2905 1168 2978 εὐφροσύνης
1192 2901 1546 2978 συναγόμενοι
1571 2919 1747 2956 κατοι-

147 2999 351 3069 κήσειν
381 2997 831 3069 προφητεύονται.
871 2995 1012 3070 Ὅρα
1043 2997 1102 3050 δὲ
1131 2995 1251 3050 τίνα
1270 2995 1470 3068 τρόπον
1496 2995 1526 3048 6
1557 2992 1744 3065 παρὼν

145 3087 398 3162 ψαλμδς,
427 3089 560 3144 Θεοῦ
591 3089 804 3160 γένεσιν
836 3085 1110 3155 θεσπίζων
1144 3083 1284 3144 κατά
1307 3087 1407 3160 τὴν
1438 3083 1745 3156 ἀνάγνωσιν

151 3180 261 3251 τῆς
274 3180 384 3235 τῶν
401 3179 800 3254 Ἐσδομήκοντα
821 3177 1138 3256 ἑρμηνείας,
1155 3177 1433 3253 ὲπέκρυψε
1456 3178 1518 3233 τὸ
1535 3179 1742 3252 μυστή-

157 3288 297 3346 ριον.
363 3273 435 3328 T6
465 3274 611 3346 γὰρ,
657 3273 878 3343 Κύριος
907 3272 1220 3344 ἀριθμήσει
1253 3271 1494 3344 γράφων
1513 3272 1734 3338 λαούς·

161 3361 354 3434 Οὗτος
383 3366 594 3437 ἐτέχθη
619 3366 778 3434 ἐκεῖ,
807 3366 946 3422 κατὰ
975 3366 1303 3439 Σύμμαχονο
1334 3366 1367 3439 ἢ
1401 3367 1544 3422 κατὰ
1585 3365 1742 3420 ’Δκύ-

157 3457 298 3523 λαν,
348 3459 558 3527 Κύριος
595 3457 946 3530 διηγήσεται
994 3460 1066 3515 ἐν
1108 3457 1189 3525 τῷ
1222 3457 1469 3530 τράφειν
1512 3458 1737 3525 λαούςο

1857 1332 1951 1386 lilii
1987 1330 2080 1387 Dei
2139 1348 2236 1402 per
2276 1333 2742 1399 regenerationem
2780 1333 2857 1388 ibi
2902 1342 3179 1405 acceptam
3215 1337 3326 1392 sint
3364 1336 3444 1392 ei-

1855 1423 2001 1480 fecti.
2031 1423 2164 1482 Nam
2195 1442 2301 1496 qua
2335 1426 2545 1481 ratione
2574 1433 2726 1480 tanta
2770 1427 2824 1481 in
2858 1427 3016 1482 cmlis
3053 1429 3228 1499 gratia
3263 1430 3436 1484 ell'nsa

1854 1519 1943 1583 sit,
1981 1519 2162 1575 allatis
2195 1520 2261 1576 iis
2295 1536 2414 1590 quae
2444 1518 2511 1573 ad
2546 1520 2722 1574 virum
2767 1536 2832 1576 eo
2860 1521 2916 1576 in
2950 1521 3070 1575 loco
3101 1521 3340 1585 editum,
3384 1531 3442 1576 et

1853 1609 1918 1666 ad
1954 1610 2240 1667 Dominum
2275 1613 2400 1668 item
2451 1613 2506 1667 in
2555 1609 2871 1683 lmjnsmodi
2901 1615 3018 1669 viro
3048 1625 3235 1669 natum
3270 1613 3440 1684 perti-

1854 1713 2004 1767 nent,
2037 1713 2224 1775 aperte
2251 1704 2518 1760 declarat.
2579 1703 2795 1772 Quibus
2831 1707 3090 1762 omnibus
3140 1707 3328 1762 subdit
3381 1707 3441 1760 il-

1847 2271 2038 2319 sancta
2064 2261 2159 2317 Dei
2183 2261 2402 2316 civitate
2429 2259 2668 2316 donandi
2719 2268 2870 2324 sunt,
2901 2270 3386 2330 congregationem
3413 2299 3436 2325 ,

1845 2364 2010 2426 atque
2033 2355 2089 2409 in
2121 2354 2351 2410 chorum
2384 2366 2553 2407 unum
2585 2351 2984 2407 reductionein.
3019 2349 3156 2416 Nam
3187 2365 3312 2406 cum
3347 2351 3436 2406 di—

1845 2447 2010 2513 citur,
2033 2444 2091 2500 in
2127 2455 2195 2511 te,
2233 2444 2467 2500 indicari
2515 2445 2768 2515 suspicor
2799 2443 3044 2498 civitatis
3078 2441 3172 2498 Dei
3207 2443 3386 2498 locum
3414 2481 3432 2508 ,

1845 2540 2006 2610 cujus
2064 2539 2414 2594 fundamenta
2471 2537 2691 2608 quidem
2747 2537 2809 2590 in
2878 2536 3160 2592 montibus
3225 2537 3436 2593 sanctis

1844 2639 2027 2695 erant,
2055 2642 2227 2702 porta:
2252 2645 2382 2685 vero
2420 2640 2474 2684 ct
2502 2629 2687 2683 aditus
2717 2627 2904 2682 intimo
2956 2627 3011 2681 in
3047 2628 3170 2682 loco
3198 2635 3252 2683 et
3284 2627 3432 2698 apud

1844 2739 1946 2778 nos
1967 2723 2059 2778 siti
2087 2730 2208 2779 sunt
2245 2741 2260 2778 :
2292 2722 2348 2777 in
2379 2719 2558 2776 medio
2585 2727 2768 2774 autem
2801 2719 2972 2784 illius,
3009 2719 3169 2790 quasi
3209 2719 3263 2774 in
3297 2720 3432 2774 cho-

1843 2830 1935 2870 rea
1974 2825 2031 2870 et
2069 2822 2342 2869 concentu
2375 2813 2582 2874 divino,
2619 2811 2933 2883 congregati
2992 2810 3072 2865 illi
3129 2810 3428 2866 habitaturi

1833 2921 1965 2963 esse
1991 2907 2448 2978 pmnuntiantur.
2480 2904 2867 2958 Animadverte
2898 2918 3064 2973 porro
3081 2918 3187 2974 qua
3211 2903 3428 2959 ratione

1846 2998 1934 3054 hic
1965 2995 2234 3068 psalmus,
2265 2996 2358 3052 Dei
2385 2996 2794 3067 generationem
2847 2993 3157 3050 secundum
3191 2990 3425 3063 Septua-

1842 3091 1994 3163 gnta
2032 3089 2396 3161 lnterpretum
2429 3089 2718 3145 lectionem
2742 3087 3072 3153 vaticinans,
3102 3087 3425 3160 mysterium

1842 3182 2154 3240 occultarit.
2181 3179 2277 3236 illa
2303 3180 2448 3235 enim
2491 3177 2793 3236 secundum
2825 3176 3216 3251 Symmachum
3250 3177 3428 3249 expli-

1765 3253 1811 3316 C
1840 3275 2007 3342 catio,
2032 3274 2290 3329 Dominus
2322 3271 2621 3328 numerabit
2656 3269 2890 3326 scribens
2928 3270 3180 3342 populos,
3208 3268 3309 3324 Hic
3328 3286 3429 3326 na-

1842 3377 1928 3422 tus
1953 3375 2032 3421 est
2065 3366 2175 3431 ibi;
2207 3366 2288 3421 vel
2314 3363 2614 3421 secundum
2642 3361 2919 3435 Aquilam,
2941 3359 3202 3419 Dominus
3231 3379 3428 3420 narra-

1842 3457 1915 3513 bit
1951 3459 2006 3514 in
2033 3457 2308 3514 scribendo
2331 3458 2574 3528 populos,
2610 3455 2714 3510 Hic
2745 3466 2901 3511 natus
2953 3465 3033 3512 est
3081 3455 3187 3521 ibi;
3227 3456 3311 3511 vel
3339 3470 3426 3512 se.

165 3545 355 3617 οὗτος
375 3547 588 3620 ἐτέχθη
615 3551 745 3606 ἐκεῖ
755 3568 769 3582 ο
797 3551 831 3624 ἢ
865 3551 1007 3606 κατὰ
1025 3550 1116 3606 τὸν
1144 3551 1494 3616 Θεοδοτίωνα,
1525 3551 1742 3620 Κύριος

160 3643 506 3714 διηγήσεται
526 3645 597 3698 ἐν
625 3641 824 3715 γραρῇ
851 3643 1045 3699 λαῶν’
1068 3639 1259 3711 Οὗτος
1277 3642 1568 3715 ἐγεννήθη
1591 3643 1738 3708 ἐκεῖ,

160 3733 225 3787 οὑ
263 3733 448 3789 τοῦτον
484 3736 826 3808 ἡρμήνευται
864 3736 1018 3808 παρὰ
1053 3737 1166 3799 τοῖς
1207 3734 1606 3807 Ἑϐδομήκοντα
1645 3731 1739 3788 τὸν

161 3827 391 3900 τρόπον·
422 3826 539 3882 ἀλλ’
569 3829 804 3901 εἴρηται,
839 3829 1058 3898 Κύριος
1075 3825 1424 3898 διηγήσεται
1453 3825 1740 3896 ἐντραφῇ

163 3917 325 3974 λαῶν
357 3917 453 3973 καὶ
486 3920 797 3990 ἀρχόντων
826 3922 1053 3975 τούτων
1085 3919 1208 3974 τῶν
1239 3917 1650 3990 γεγενημένων
1668 3918 1740 3972 ἐν

167 4009 314 4080 αὐτῇ
333 4028 346 4042 ο
371 4011 790 4084 ἐπικρυψάντων
812 4052 829 4076 ,
869 4012 946 4076 ὡς
992 4007 1149 4084 οἶμαι
1171 4051 1187 4076 ,
1220 4012 1320 4083 τὴν
1355 4011 1591 4066 διάνοιαν
1629 4009 1738 4064 τῶν

168 4101 265 4174 τὴν
291 4103 576 4174 ἑρμηνείαν
611 4104 992 4176 πεποιημένων
1009 4144 1024 4168 ,
1051 4103 1140 4159 διά
1173 4103 1235 4158 τὸ
1262 4103 1470 4157 ἔθνεσιν
1501 4101 1736 4172 ἀλλοφύ-

172 4191 279 4257 λοις
299 4192 510 4264 μέλλειν
532 4195 830 4250 ἐκδίδοσθαι
856 4196 956 4266 τὴν
982 4195 1205 4268 Γραφὴν
1227 4195 1369 4250 κατὰ
1391 4195 1518 4260 τοὺς
1541 4194 1739 4248 Πτολε-

178 4286 330 4357 μαίου
361 4286 602 4358 χρόνους,
629 4286 780 4340 ούπω
805 4287 900 4340 τοῦ
931 4288 1182 4360 Σωτῆρος
1207 4288 1366 4360 ήμῶν
1390 4287 1736 4358 ἐπιλάμψαν-

174 4395 259 4442 τος
295 4378 367 4449 τῷ
408 4377 524 4450 βίῳ.
569 4379 679 4432 Καὶ
712 4381 740 4433 6
774 4381 880 4443 πᾶς
909 4378 969 4432 δὲ
999 4377 1210 4450 ψαλμὸς
1245 4380 1449 4452 σφόδρα
1480 4382 1734 4450 αἰνιγμα-

175 4469 336 4542 τώδης
357 4472 449 4525 καὶ
475 4469 766 4533 σκοτεινῶς
790 4470 1079 4542 εἰρημένος
1099 4472 1355 4541 τυγχάνει
1375 4509 1390 4535 ,
1420 4472 1734 4541 θεμελίους

1839 3547 2081 3604 cundum
2112 3547 2539 3604 Theodotionem
2567 3587 2581 3612 ,
2612 3546 2871 3601 Dominus
2917 3545 3160 3601 narrabit
3196 3547 3250 3601 in
3289 3549 3425 3602 seri--

1838 3652 1997 3709 ptum
2023 3639 2358 3709 populorum,
2382 3638 2428 3692 11
2437 3641 2482 3693 ic
2497 3650 2654 3692 natus
2677 3647 2754 3693 est
2778 3639 2892 3704 tibi,
2922 3654 3031 3693 non
3061 3638 3249 3694 eadem
3278 3639 3424 3710 apud

1841 3734 1983 3792 LXX
2005 3735 2309 3806 reperitur;
2363 3734 2458 3789 sed
2509 3733 2745 3796 dicitur,
2795 3732 3025 3788 Domino
3083 3731 3326 3785 narrabit
3368 3732 3423 3787 in

1837 3830 2104 3898 scriptura
2152 3830 2469 3897 populorum
2509 3836 2559 3882 et
2613 3827 2907 3897 principum
2961 3825 3145 3879 horum
3167 3824 3259 3894 qui
3309 3823 3426 3892 fue-

1841 3932 1964 3981 runt
1999 3923 2054 3976 in
2093 3937 2189 3986 ea;
2232 3923 2358 3992 quia
2384 3961 2399 3985 ,
2453 3928 2514 3975 ut
2561 3920 2820 3982 arbitror,
2871 3919 3201 3988 interpretes
3235 3932 3420 3970 veram

1839 4015 2167 4071 sententiam
2198 4014 2569 4075 occultarum,
2601 4011 2748 4084 quod
2773 4010 2966 4066 alienis
2988 4008 3262 4081 gentibus,
3284 4017 3422 4064 tem-

1839 4122 1970 4179 pore
1992 4105 2302 4166 Ptolemazi.
2355 4102 2697 4175 Scripturam
2755 4101 3166 4172 interpretaturi
3190 4107 3422 4178 essent,

1837 4216 1962 4257 cum
2001 4200 2244 4254 nondum
2281 4199 2539 4254 Servator
2568 4206 2756 4253 noster
2794 4198 2848 4251 in
2894 4195 3099 4250 mundo
3135 4197 3428 4268 apparuit-

1838 4300 1941 4348 set.
1997 4289 2277 4361 Totusque
2309 4291 2554 4359 psalmus
2602 4288 2898 4343 admodum
2938 4284 3320 4360 atﬁgmaticus
3367 4294 3426 4344 ei

1835 4383 2108 4438 obscurus
2135 4394 2219 4437 est
2248 4400 2261 4435 :
2295 4382 2494 4451 quippe
2525 4381 2618 4452 qui
2663 4380 3014 4450 fundamenta
3041 4381 3155 4450 ejus
3177 4381 3346 4446 dicat,
3369 4398 3424 4436 et

1834 4477 1960 4548 quis
1981 4475 2053 4530 sit
2084 4475 2130 4530 is
2155 4473 2223 4529 de
2252 4489 2361 4544 quo
2385 4473 2628 4544 loquitur
2658 4480 2863 4539 taceat,
2881 4490 2983 4530 nec
3013 4474 3217 4528 indicet
3244 4474 3418 4536 illum;

177 4557 346 4611 αὐτοῦ
369 4553 539 4628 λέγων
571 4559 1024 4630 σεσιωπημένως,
1052 4561 1195 4624 τίνος
1217 4560 1263 4615 δ’
1309 4559 1475 4615 αὑτοῦ
1509 4561 1584 4632 μὴ
1612 4560 1733 4614 δια-

1840 4585 1902 4624 ac
1927 4583 2144 4624 rursum
2180 4577 2394 4622 montes
2430 4576 2654 4621 sanctos
2695 4574 2978 4633 memoret,
3003 4576 3297 4638 portasque
3331 4575 3418 4620 ta-

181 4648 375 4718 σαφῶν⁹
425 4650 520 4704 καὶ
565 4649 726 4704 πάλιν
768 4649 869 4722 ὅρη
913 4651 1044 4720 ἅγια
1074 4651 1385 4722 ὀνομάζων,
1434 4651 1527 4706 καὶ
1560 4651 1734 4716 πύλας

1840 4660 2146 4717 bernaculis
2189 4659 2362 4714 Jacob
2394 4675 2425 4714 a
2461 4658 2690 4715 Domino
2717 4661 3020 4726 antelatas;
3070 4661 3310 4731 itemque
3337 4661 3419 4715 ci-

183 4735 307 4791 Σιὼν
345 4741 759 4812 προτιμωμένας
797 4741 901 4795 ὑπὸ
924 4742 1018 4795 τοῦ
1059 4745 1264 4814 Κυρίου
1295 4742 1407 4796 τῶν
1444 4743 1734 4815 σκηνωμά-

184 4847 279 4884 των
317 4832 528 4895 Ἱακὼὸ,
562 4833 656 4887 καὶ
686 4833 841 4888 πόλιν
872 4835 1007 4888 Θεοῦ
1041 4834 1442 4907 δεδοξασμένως
1470 4834 1734 4906 λαλουμέ-

185 4939 296 4994 νηνο
328 4924 412 4977 καὶ
435 4924 531 4977 ἐπὶ
562 4927 694 4988 πᾶν,
730 4927 788 4980 ὲν
811 4931 878 4999 τῇ
911 4926 1101 4991 πόλει,
1134 4929 1195 4981 ού
1229 4928 1320 4982 τὸν
1362 4927 1608 5000 Ἰσραὴλ,
1637 4926 1732 4979 οὐ·

184 5014 236 5068 δὲ
267 5013 320 5068 τὸ
357 5015 615 5071 Ἰουδαίων
649 5018 834 5084 ἔθνος,
861 5019 1000 5074 ἀλλὰ
1038 5019 1208 5074 Ῥαὰό
1237 5021 1337 5093 τήν
1368 5038 1498 5074 ποτε
1527 5018 1734 5090 πόρνην

188 5110 270 5164 καὶ
294 5111 570 5165 Βαϐυλῶνα
589 5151 604 5175 ,
634 5113 866 5185 Τυρίους
915 5131 975 5166 τε
1018 5114 1114 5167 καὶ
1153 5112 1416 5177 Αἰθίοπας
1449 5111 1546 5168 καὶ
1571 5111 1727 5166 ἀλλο-

187 5199 377 5264 φύλους.
408 5201 639 5264 Τούτους
664 5201 772 5272 γὰρ
811 5203 1018 5268 πάντας
1049 5199 1408 5275 τεχθήσεσθαι
1439 5204 1498 5256 ὲν
1528 5204 1596 5273 τῇ
1630 5201 1728 5254 πό-

189 5307 259 5346 Λει
293 5291 374 5345 τοῦ
407 5291 542 5346 Θεοῦ
571 5293 661 5348 διὰ
691 5294 852 5347 ποίαν
882 5293 1060 5348 αἰτίαν
1087 5295 1188 5347 οὐκ
1215 5294 1282 5349 ἂν
1318 5293 1431 5366 ἔχοι
1453 5311 1538 5357 τις
1561 5291 1727 5364 ἀλλην

188 5383 380 5456 είπεϊνῆ
399 5383 486 5439 διὰ
504 5385 602 5457 τὴν
623 5386 836 5456 γένεσιν
857 5385 950 5439 τοῦ
972 5387 1029 5440 ὲν
1050 5387 1186 5458 αὐτῇ
1209 5385 1492 5457 τεχθέντος
1511 5386 1724 5458 ἀνδρὸς,

191 5475 272 5530 καὶ
299 5477 376 5530 τοῦ
405 5477 608 5550 Κυρίου
656 5477 939 5548 τεχθέντος
975 5479 1123 5542 ἐκεῖ,
1154 5477 1352 5551 δηλαδὴ
1383 5481 1442 5533 ὲν
1471 5479 1621 5552 αύτῷ
1647 5479 1729 5550 τῷ

195 5569 500 5641 πφλεχθέντι
534 5569 685 5643 ἀνδρί
705 5587 719 5601 ο
752 5566 838 5640 ἐφ’
861 5563 943 5634 οἷς
976 5572 1154 5624 πᾶσαν
1183 5571 1521 5644 εὐφροσύνην
1544 5573 1728 5644 κοινὴν

196 5664 274 5716 καὶ
295 5661 508 5732 χορείας,
540 5662 682 5734 ᾠδάς
714 5679 774 5716 τε
803 5661 898 5716 καὶ
929 5660 1111 5726 αίνους
1132 5663 1225 5718 καὶ
1249 5665 1432 5736 πηγὰς
1453 5664 1611 5718 θείων
1633 5664 1728 5718 καὶ

199 5753 330 5823 ιερῶν
347 5753 506 5820 λόγων
539 5753 630 5808 ἰπὶ
661 5754 800 5808 τέλει
821 5754 914 5809 τοῦ
934 5755 1150 5828 ψαλμοῦ
1175 5755 1434 5818 θεσπίζει.
1478 5755 1647 5810 Ἐπὰν
1671 5757 1727 5808 δὲ

199 5845 310 5917 λέγῃ
399 5848 578 5918 γραφῇ
607 5845 748 5904 λαῶν
775 5848 943 5903 ταῦτα
973 5867 1146 5908 πάντα
1174 5848 1418 5916 ἔσεσθαι,
1448 5850 1726 5921 σημαίνειν

1836 4757 2058 4811 vitatem
2115 4753 2210 4810 Dei
2269 4753 2508 4824 gloriose
2564 4753 2897 4808 celebratam
2937 4772 2949 4808 :
2989 4754 3056 4806 ad
3118 4753 3234 4808 haec
3283 4768 3416 4808 vero

1836 4845 2040 4912 omnia,
2072 4844 2128 4900 in
2157 4844 2401 4906 civitate,
2433 4860 2544 4899 non
2576 4843 2854 4910 lsraelem,
2888 4861 3066 4915 neque
3125 4843 3412 4901 Iudaicam

1833 4940 2048 5004 gentem
2073 4950 2092 5000 ;
2121 4933 2220 4989 sed
2271 4932 2462 4987 Rabab
2489 4932 2619 4988 olim
2650 4933 3012 4996 meretricem,
3043 4931 3372 5006 Babylonem
3393 4971 3412 4996 ,

1834 5022 1866 5080 'l
1883 5025 2030 5097 yrias
2065 5063 2082 5090 ,
2137 5023 2469 5095 A‘Ithiopas,
2531 5023 2975 5094 alienigenasque
3041 5025 3303 5080 nominet.
3345 5023 3410 5078 lli

1833 5117 2035 5189 quippe
2067 5131 2258 5172 omnes
2288 5131 2389 5172 cur
2419 5117 2475 5170 in
2508 5115 2730 5172 civitate
2755 5114 2849 5171 Dei
2879 5115 3143 5172 nascitnri
3171 5129 3293 5170 esse
3326 5115 3412 5170 di-

1835 5221 2054 5275 cantur,
2075 5225 2187 5265 non
2222 5210 2384 5263 aliam
2419 5223 2641 5265 causam
2674 5209 2800 5280 quis
2821 5209 3088 5279 proferat,
3111 5209 3218 5263 nisi
3242 5223 3410 5276 gene-

1837 5304 2102 5358 rationem
2125 5300 2226 5354 viri
2250 5300 2343 5370 qui
2379 5301 2431 5354 in
2478 5300 2568 5353 illa
2601 5310 2764 5356 natus
2795 5308 2901 5365 est,
2928 5309 2982 5354 et
3014 5299 3227 5352 Domini
3274 5297 3405 5351 item

1833 5395 1890 5449 in
1918 5394 2009 5448 illa
2042 5391 2178 5455 nati,
2211 5391 2461 5446 videlicet
2497 5391 2552 5445 in
2598 5390 2716 5445 viro
2754 5405 2914 5461 quem
2973 5389 3083 5460 jam
3139 5388 3402 5445 diximus.

1833 5485 2172 5556 Quapropter
2228 5483 2596 5537 omnimodam
2649 5497 3102 5552 communemque
3139 5480 3401 5547 lmtitiam,

1832 5576 2086 5637 choreas,
2118 5574 2360 5637 cantica,
2392 5573 2580 5628 laudes
2601 5612 2616 5637 ,
2673 5572 2980 5626 divinorum
3015 5586 3404 5640 sacrorumque

1831 5667 2172 5736 eloquiorum
2220 5665 2396 5721 fontes
2426 5666 2482 5720 in
2515 5667 2619 5721 line
2655 5664 2849 5735 psalmi
2882 5663 3228 5720 vaticinatur.
3261 5663 3399 5717 Cum

1834 5770 2018 5813 autem
2046 5757 2200 5820 dicit,
2233 5758 2286 5812 in
2318 5758 2593 5828 scriptura
2639 5758 2961 5828 populorum
3007 5757 3192 5811 omnia
3245 5772 3403 5827 repo-

1831 5849 2008 5908 nenda
2029 5867 2169 5919 csse,
2197 5852 2430 5910 arbitror
2455 5865 2576 5911 eum
2604 5858 2818 5923 tempus
2839 5851 3226 5924 descriptionis
3258 5867 3400 5925 gcnv
