3972 6812
0 467 294 528 [0‘33

1333 447 1838 526 οοιιιιΕΝιῗιιιιΑ
1881 471 1946 526 lN
1977 469 2314 528 PSALMOS.

3293 467 3452 522 1051

0 599 242 640 νων
269 627 288 650 ,
333 587 556 642 τοῦτον
597 591 956 662 περιέχουσαν
987 593 1078 646 τὸν
1120 593 1320 664 τρόπον
1345 611 1358 624 ·
1427 595 1547 648 Υἱοὶ
1589 595 1757 648 Ἰούδι

1879 593 2137 650 Hebraeus
2165 595 2240 650 ait
2267 595 2321 648 in
2351 591 2588 665 Aigypto
2621 599 2748 649 ante
2785 591 2988 666 Moysis
3015 599 3227 647 aetatem
3255 591 3452 644 vatici-

7 679 360 748 Φαρὲς
397 681 510 736 καὶ
541 683 736 751 Ζαρὰ·
767 685 864 738 καὶ
907 685 1024 738 υἱοὶ
1051 687 1208 754 Ζαρὰ
1228 726 1242 746 ,
1273 685 1522 754 Ζαμόρὶ,
1555 687 1652 740 καὶ
1681 689 1778 741 Al-

17 769 260 840 Θὰιλ
305 773 442 826 καὶ
483 773 674 842 Αιμὰν
711 775 808 828 καί
843 775 1090 844 Χαλχὰλ
1137 775 1236 830 καὶ
1281 775 1506 846 Δαρδά·
1555 777 1778 844 πάντες

29 861 372 918 πέντε.
431 865 670 930 Τούτους
707 867 889 936 ἔλεγεν
921 871 949 922 ὁ
989 869 1236 940 Ἐὕραίος
1267 869 1324 922 ὲν
1351 867 1612 940 Αἰγύπτῳ
1641 887 1772 942 προ-

0 1021 6 1026 _
33 957 461 1028 φητεῧσαι
482 997 498 1022 ,
527 959 632 1030 πρὸ
659 959 936 1024 Μωΰσέως
959 961 1304 1030 γενομένους,
1333 959 1514 1014 αὐτῶν
1545 977 1609 1014 τε
1637 957 1776 1016 εἶναι

0 1095 2 1122 ς
45 1047 278 1110 τοὺς
299 1047 586 1118 ψαλμοὺς
599 1049 722 1112 τοὺς
741 1051 820 1112 είς
833 1049 1004 1121 ὄνομα
1025 1051 1202 1104 αὐτῶν
1221 1051 1744 1124 προγεγραμμένους
1759 1067 1772 1082 ·

0 1209 4 1214 _
47 1129 260 1192 οἷον
309 1139 426 1194 τὸν
467 1139 606 1212 μετά
639 1143 858 1212 χεῖρας,
893 1143 988 1196 καὶ
1013 1143 1104 1198 τὸν
1129 1143 1258 1215 ἑξῆς
1283 1143 1462 1216 αὐτῷ,
1487 1145 1580 1198 καὶ
1615 1143 1774 1198 αὑτὸν

61 1227 690 1302 ἐπιγεγραμμένον,
711 1231 894 1302 Αὶθὰμ
917 1233 996 1302 τῷ
1026 1235 1340 1306 Ἔσδραΐτῃ
1359 1253 1372 1266 ·
1397 1235 1534 1290 ἀλλὰ
1559 1237 1651 1290 καὶ
1679 1255 1776 1290 πε-

71 1317 178 1386 ρὶ
227 1319 454 1376 αὐτῶν
477 1321 726 1394 λελέχθαι
754 1323 812 1376 ὲν
853 1325 922 1394 τῇ
949 1323 1110 1398 τρίτῃ
1139 1327 1248 1380 τῶν
1279 1327 1606 1382 Βασιλειῶν·
1663 1319 1774 1384 Καὶ

65 1409 520 1482 ἐσοφίσατο
549 1413 836 1484 Σολομὼν
861 1415 1016 1486 ὑπὲρ
1051 1419 1236 1474 Αἱθὰιν
1255 1419 1362 1474 τὸν
1397 1420 1770 1490 Ἐσδραττην,

63 1507 248 1560 καὶ,
279 1507 526 1578 Αἱμὰν,
555 1509 652 1562 καὶ
675 1509 784 1562 τὸν
805 1509 1056 1578 Χαλχὰλ
1080 1509 1176 1564 καὶ
1209 1511 1316 1565 τὸν
1341 1509 1594 1580 Δαρδὰν.
1625 1511 1771 1566 Ταύ-

67 1609 192 1649 τα.
247 1596 370 1668 μὲν
405 1593 508 1651 οὖν
531 1599 612 1662 εἰς
641 1598 740 1670 τὴν
773 1597 1020 1672 ἱστορίαν
1047 1599 1308 1672 εἰρήσθω.
1368 1601 1430 1654 Εἰ
1459 1601 1517 1655 δέ
1549 1619 1598 1654 τι
1631 1619 1770 1673 συμ-

69 1685 470 1743 ϐάλλονται
500 1693 566 1762 τῇ
600 1689 694 1744 τοῦ
725 1689 944 1761 ψαλμοῦ
977 1691 1180 1764 θεωρίᾳ
1207 1693 1264 1745 ai
1297 1691 1502 1746 τούτων
1529 1693 1636 1747 τῶν
1659 1695 1773 1747 ὀνο-

87 1775 361 1846 μάτων
401 1781 716 1852 ἑρμηνεῖαι,
751 1781 842 1834 καὶ
875 1779 1036 1844 αὐτὸς
1061 1783 1396 1854 ἐπιστήσεις.
1417 1783 1684 1848 ’Ύστατος
1714 1783 1772 1838 δὲ

89 1866 226 1922 ὢν
271 1871 306 1924 ὁ
357 1869 562 1944 παρὼν
591 1871 700 1926 τῶν
746 1873 1242 1946 ἐπιγεγραμμένων
1285 1875 1430 1928 Υἱῶν
1463 1875 1638 1948 Κορὲ,
1673 1875 1772 1946 τὴν

1885 695 2042 742 natos
2084 703 2227 750 esse,
2281 693 2642 756 auctoresque
2673 703 2797 742 esse
2835 687 3168 758 psalmorum
3217 689 3310 760 qui
3359 703 3458 744 lio-

1885 779 2030 832 mine
2073 791 2174 832 suo
2213 777 2462 848 inscripti
2501 785 2628 832 sunt
2655 795 2672 832 τ
2703 779 2881 848 qualis
2913 787 2996 832 est
3041 777 3128 832 hic
3157 795 3316 848 quem
3341 787 3456 834 tra-

1883 875 2094 922 ctamus
2149 875 2202 922 et
2229 869 2589 936 subsequens,
2627 867 2718 937 qui
2757 867 3056 938 inscriptus
3087 877 3191 932 est,
3227 868 3452 924 Αἶιιιαηι

1885 959 2158 1015 Ezdraitu:
2185 978 2202 1016 :
2225 961 2294 1016 de
2341 961 2450 1016 illis
2491 975 2708 1030 quoque
2743 961 2858 1015 haec
2889 960 2940 1014 in
2973 962 3132 1016 tertio
3173 963 3310 1016 libro
3353 961 3458 1018 Re-

1881 1069 2006 1124 gum
2037 1053 2182 1107 dicta
2229 1067 2350 1108 esse
2381 1061 2536 1124 putat
2567 1071 2580 1108 :
2615 1051 2682 1106 Et
2715 1053 3010 1120 sapientior
3041 1065 3154 1108 erat
3198 1053 3454 1110 Salomon

1883 1143 2086 1198 ,Ειίιαη
2133 1141 2414 1208 Eadroita,
2443 1141 2648 1198 jEntan
2675 1153 2724 1199 et
2757 1143 3016 1200 Chalclml
3057 1153 3108 1200 et
3147 1145 3362 1200 Dardan
3381 1147 3454 1200 ⁸³.

1883 1236 2006 1292 Haec
2045 1235 2112 1290 de
2137 1235 2364 1290 historia
2401 1235 2544 1290 dicta
2575 1243 2756 1291 sunto.
2789 1237 3014 1290 Art-vero
3048 1237 3240 1290 horum
3273 1235 3454 1290 nomi-

1881 1343 2010 1380 num
2045 1325 2480 1396 significationes
2510 1326 2576 1380 ad
2613 1327 2808 1396 psalmi
2849 1327 3277 1396 speculationem
3315 1342 3454 1382 con-

1881 1417 2080 1482 ferant,
2119 1427 2172 1472 tu
2216 1417 2334 1488 ipse
2376 1417 2692 1474 consideres
2745 1418 2930 1472 velim.
2961 1417 3096 1472 Cum
3141 1426 3320 1474 autem
3361 1417 3452 1473 hic

1883 1509 2128 1580 psalmus
2167 1517 2477 1578 postremus
2519 1509 2590 1564 sit
2621 1525 2836 1570 eorum,
2869 1509 2960 1579 qui
2999 1507 3262 1563 Filiorum
3313 1509 3456 1566 Core

1881 1601 2128 1671 inscripti
2169 1609 2319 1664 sunt,
2345 1601 2652 1658 Salvatoris
2685 1599 2858 1656 nostri
2887 1601 2958 1656 ad
2993 1601 3196 1656 inferos
3227 1601 3454 1658 descen-

1881 1709 2000 1748 sum
2033 1695 2446 1764 complectitur;
2481 1695 2554 1748 ita
2601 1701 2659 1748 ut
2689 1693 2846 1764 quasi
2873 1691 2940 1748 de
2971 1691 3240 1748 industria
3277 1693 3454 1762 provi-

1881 1801 2000 1840 sum
2021 1785 2113 1848 sit,
2153 1793 2210 1838 ut
2243 1786 2434 1841 mortis
2473 1785 2596 1854 ejus
2635 1785 2956 1856 mysterimn
2993 1784 3046 1838 in
3073 1783 3176 1837 fine
3205 1783 3450 1836 omnium

1879 1875 2204 1930 traderetur.
2237 1873 2614 1946 Videnturque
2660 1874 2796 1928 mihi
2825 1875 2880 1928 hi
2927 1879 3162 1944 quatuor
3189 1871 3452 1926 Filiorum

97 1959 404 2016 κάθοδον
433 1962 538 2034 τὴν
563 1965 646 2028 είς
675 1963 766 2016 τδν
797 1964 928 2034 ᾅδην
957 1963 1052 2018 τοῦ
1079 1965 1331 2038 Σωτῆρος
1367 1965 1524 2038 ἡμῶν
1554 1947 1757 2038 περιεί-

1869 1965 2010 2022 Core
2063 1967 2280 2038 psalmi,
2327 1983 2524 2038 nempe
2573 1981 2806 2032 Lxxxm,
2861 1979 3082 2028 ωιιιιιιιτ,
3142 1979 3340 2018 ωιτη
3397 1969 3454 2018 et

105 2049 340 2124 ληφεν
367 2093 386 2117 ,
423 2053 618 2128 ῶσπερ
647 2055 962 2127 ἐξεπίτηδες
991 2057 1430 2128 ταμιευσαμένου
1472 2057 1568 2111 τοῦ
1609 2057 1768 2126 λόγου

109 2143 214 2200 τὸ
249 2147 572 2218 μυστήριον
591 2147 684 2202 τοῦ
709 2149 938 2204 θανάτου
963 2149 1056 2204 ἐπὶ
1077 2149 1224 2202 τέλει
1243 2149 1340 2202 τοῦ
1367 2151 1570 2214 παντὸς
1591 2169 1772 2220 παρα-

117 2235 376 2292 δοῦναι.
411 2239 526 2293 Καί
557 2257 648 2310 μοι
671 2239 924 2296 δοκοῦσιν
949 2243 996 2296 οἱ
1020 2243 1070 2295 δ’
1103 2235 1250 2296 οὗτοι
1283 2242 1404 2296 Τῶν
1439 2241 1574 2296 υἱῶν
1603 2243 1768 2314 Κορὲ,

121 2327 310 2398 λέγω
333 2329 394 2382 δὲ
413 2333 444 2384 ὁ
473 2331 654 2402 τρίτος
674 2333 767 2386 καὶ
795 2339 878 2398 π’,
906 2333 1000 2386 καὶ
1023 2335 1051 2388 ὁ
1075 2333 1128 2386 δ’
1155 2335 1252 2388 καὶ
1283 2351 1324 2388 π
1341 2339 1376 2402 ⁷,
1407 2335 1436 2388 ὃ
1459 2351 1520 2388 τε
1547 2341 1656 2400 πς¹
1681 2335 1776 2388 καὶ

125 2421 170 2474 ὁ
205 2419 288 2484 πζ
301 2421 316 2438 ⁹
339 2421 494 2492 ἔχειν
520 2421 642 2476 τινὰ
655 2423 792 2496 πρὸς
805 2423 1067 2496 ἀλλήλους
1087 2425 1428 2480 ἀκολουθίαν.
1459 2425 1518 2479 ⁸0
1539 2426 1638 2498 μὲν
1657 2425 1766 2496 γὰρ

129 2509 268 2580 σῖγ’
303 2511 504 2582 σαφῶς
535 2512 670 2566 Θεοῦ
703 2515 1002 2588 παρουσίαν
1035 2517 1113 2581 εἰς
1143 2513 1466 2590 ἀνθρώπους
1497 2517 1592 2570 καὶ
1629 2517 1766 2588 Χρι-

137 2601 294 2658 στοῦ
329 2605 676 2678 προφητείαν
701 2607 957 2680 ὀνομαστὶ
987 2611 1290 2682 περιεῖχεν·
1325 2609 1353 2664 ὁ
1383 2607 1442 2663 δὲ
1465 2607 1596 2680 ἑξῆς
1619 2607 1770 2680 αὐτῷ

135 2689 190 2772 ᾖ
241 2697 415 2769 τάχος
449 2701 734 2772 ἐπιστῆναι
789 2701 860 2756 τὰ
887 2701 1292 2774 τεθεσπισμένα
1341 2701 1574 2776 ηὔχετο·
1629 2701 1658 2754 ὁ
1707 2701 1766 2754 δὲ

1867 2069 2088 2110 Lxxxvu
2121 2055 2328 2126 aliquid
2373 2055 2734 2112 eonnexionis
2767 2055 2914 2110 inter
2957 2069 3018 2110 se
3057 2055 3281 2110 habere.
3315 2053 3450 2108 Nam

1869 2161 2076 2202 unum
2121 2145 2216 2202 Dei
2253 2147 2546 2204 adventum
2593 2148 2658 2202 ad
2701 2147 2958 2204 homines
2995 2155 3052 2203 et
3081 2147 3286 2204 Christi
3321 2161 3454 2217 pro-

1871 2239 2108 2310 phetiam
2147 2236 2434 2294 manifeste
2485 2239 2902 2310 complectitur;
2935 2237 3178 2310 sequens
3223 2253 3354 2294 vero
3387 2253 3454 2294 ea

1874 2345 1994 2401 quae
2025 2329 2080 2384 in
2115 2328 2372 2384 vaticinia
2399 2327 2718 2384 ferebantur
2749 2331 3152 2398 quamprimum
3191 2330 3456 2386 accedere

1873 2421 2202 2492 precabatur
2245 2419 2608 2490 :prarcedens
2669 2427 2851 2476 autem
2911 2421 3158 2490 psalmus
3211 2421 3334 2492 ejus
3393 2421 3458 2476 in

1873 2527 2042 2570 carne
2083 2519 2262 2566 ortum
2313 2512 2426 2582 jam
2473 2511 2892 2580 subindicabat;
2949 2513 3036 2568 hic
3075 2527 3204 2568 vero
3252 2527 3454 2568 conse-

1875 2613 2110 2676 quenter
2137 2603 2204 2658 ad
2231 2617 2326 2660 eos
2355 2619 2546 2660 omnes
2587 2611 2818 2659 mortem
2841 2603 2984 2674 ejus,
3023 2617 3186 2675 quam
3215 2619 3316 2676 pro
3345 2603 3446 2658 ho-

1877 2698 2118 2754 minibus
2145 2697 2412 2768 suscepit,
2447 2697 2804 2768 prtenuntiat.

143 2789 276 2861 πρὸ
299 2789 398 2844 τοῦ
434 2791 570 2862 μετὰ
593 2794 780 2864 χεῖρας
809 2793 910 2864 ἢδη
935 2793 1034 2866 τὴν
1061 2793 1318 2866 ένσαρκον
1347 2791 1512 2848 αὐτοῦ
1541 2793 1757 2862 γένεσιν
1789 2791 2038 2862 ᾐνίττετο
2056 2807 2070 2820 ·
2101 2785 2310 2853 τούτοις
2331 2787 2388 2842 δὲ
2425 2789 2592 2842 πᾶσιν
2655 2787 2970 2853 ἀκολούθως
3002 2789 3032 2842 δ
3093 2787 3453 2861 προκείμενος

145 2881 256 2936 τὸν
285 2883 518 2940 θάνατον
537 2927 551 2952 ,
581 2885 642 2940 ὃν
675 2887 812 2960 ὑπὲρ
839 2887 1144 2962 ἀνθρώπων
1167 2887 1454 2956 ἀνεδέξατο
1473 2930 1488 2954 ,
1514 2889 1914 2960 προαναφωνεὶ

239 3001 424 3068 Κύριε
442 3003 476 3054 ὁ
501 3001 646 3068 Θεὸς
666 3001 774 3070 τῆς
801 3005 1100 3072 σωτηρίας
1113 3023 1254 3074 μου,
1277 3005 1502 3074 ’ἡμέρας
1517 3004 1761 3074 ἐκέκρα-

159 3089 282 3158 ξα,
311 3091 410 3146 καὶ
446 3093 518 3146 ἐν
541 3093 714 3148 νυκτὶ
744 3095 1026 3150 ἐναντίον
1053 3111 1190 3150 σου.
1227 3095 1562 3152 Εἱσελθέτω
1593 3097 1760 3152 ἐναν-

1861 2993 1864 2998 ’
1943 3001 2159 3056 Domine
2189 2999 2332 3056 Deus
2358 3001 2550 3056 salutis
2585 3015 2734 3062 metu,
2767 2999 2819 3052 iu
2849 2997 2936 3052 die
2965 2995 3194 3050 clamavi
3219 3007 3268 3050 et
3303 3003 3452 3049 nocte

1863 3111 2044 3148 coram
2087 3103 2154 3149 te.
2191 3123 2262 3132 —
2289 3091 2456 3148 Vens.
2490 3093 2544 3148 ὓ.
2591 3091 2760 3146 Intret
2795 3091 2855 3144 in
2879 3097 3154 3158 conspectu
3205 3099 3294 3142 tuo
3325 3103 3450 3142 ora-

161 3183 306 3238 τίον
331 3199 450 3239 σου
481 3187 518 3254 ἡ
555 3187 866 3259 προσευχὴ
891 3207 1030 3258 μου,
1061 3189 1274 3244 κλῖνον
1299 3191 1364 3244 τὸ
1391 3185 1502 3258 οὖς
1529 3203 1646 3244 σου
1671 3191 1757 3256 είς

1868 3187 1941 3238 tio
1973 3203 2126 3240 utea:
2155 3185 2354 3240 inclina
2387 3201 2568 3240 aurem
2617 3195 2763 3240 tuam
2808 3183 2878 3236 ad
2907 3197 3108 3250 precem
3161 3197 3352 3236 meam.
3389 3179 3450 3234 in

0 3265 16 3314 ῗέ
95 3297 112 3308 ι
165 3273 288 3344 τὴν
307 3273 523 3344 δέησίν
541 3294 684 3346 μου.
717 3277 806 3330 Ἐν
831 3277 908 3348 τῷ
931 3285 1030 3332 xa'
1053 3277 1252 3350 ψαλμῷ
1274 3279 1366 3336 καὶ
1388 3277 1538 3350 αὐτῷ
1565 3279 1646 3344 είς
1673 3277 1762 3332 τὸν

167 3363 412 3440 Χριστὸν
433 3369 842 3442 ἀναφερομένῳ,
861 3369 956 3424 καὶ
975 3370 1034 3424 τὸ
1056 3371 1224 3436 πάθος
1244 3370 1406 3424 αὐτοῦ
1430 3369 1618 3440 σαφῶς
1639 3387 1764 3442 προ-

173 3455 496 3528 φητεύοντι,
527 3457 664 3530 ὅπερ
704 3457 794 3512 διὰ
835 3457 934 3530 τῆς
961 3461 1134 3532 ἀρχῆς
1173 3461 1502 3532 παρίστησιν
1533 3461 1562 3514 ὁ
1607 3459 1764 3530 λόγος

175 3547 432 3619 φάσκων·
459 3551 526 3602 '0
551 3551 714 3618 Θεὸς,
743 3553 776 3604 ὁ
813 3553 956 3618 Θεός
982 3569 1124 3621 μου,
1147 3554 1414 3624 πρόσχες
1437 3570 1560 3624 μοι,
1582 3553 1684 3608 ἵνα
1707 3553 1764 3607 τί

175 3639 559 3709 ἐγκατέλιπές
601 3659 715 3712 με;
759 3643 788 3698 ὃ
837 3643 932 3698 καὶ
965 3641 1392 3716 μεμαρτύρηται
1441 3643 1586 3698 κατὰ
1617 3643 1762 3710 λέξιν

179 3733 274 3786 ἐπὶ
299 3733 388 3786 τοῦ
417 3733 622 3798 πάθους
643 3735 672 3788 ὁ
695 3735 886 3807 Σωτὴρ
905 3735 1062 3806 ἡμῶν
1085 3735 1342 3810 εἰρηκὼς.
1375 3735 1514 3808 μετὰ
1539 3735 1636 3808 τὴν
1663 3737 1762 3810 ἁρ-

183 3823 284 3895 χὴν
309 3821 432 3892 ἑξῆς
459 3823 766 3894 ἑπιλὲγεται
787 3843 800 3856 ·
818 3827 872 3878 Ὀ
899 3829 1044 3893 Θεός
1063 3845 1206 3896 μου,
1233 3827 1594 3896 κεκράξομαι
1615 3809 1758 3896 ὴμέ-

0 3919 14 3964 F
177 3929 308 3978 ρας,
329 3913 422 3968 καὶ
454 3915 564 3967 οὐκ
589 3915 954 3984 είσακούσῃ,
989 3917 1088 3970 καὶ
1121 3917 1342 3984 νυκτὸς
1361 3957 1376 3982 ,
1407 3917 1506 3972 καὶ
1537 3919 1648 3972 οὐκ
1671 3919 1760 3984 εἰς

0 4007 18 4044 π
187 4003 392 4058 ἄνοιαν
417 4006 566 4076 ἐμοι.
617 4009 728 4062 Καὶ
755 4011 784 4062 ὁ
807 4009 996 4082 παρὼν
1025 4009 1084 4064 δὲ
1115 4009 1330 4082 ψαλμός
1359 4027 1520 4082 φησιν
1539 4027 1554 4040 ⁸
1599 4009 1758 4080 Ἠμέ··

0 4101 18 4136 ε
186 4111 292 4162 ρας
311 4095 617 4164 ἐκέκραξα,
649 4099 744 4154 καὶ
763 4101 834 4154 ἐν·
857 4101 1028 4156 νυκτὶ
1053 4103 1332 4156 ἐναντίον
1349 4115 1490 4156 σου.
1525 4101 1636 4156 Καί
1667 4117 1756 4172 μοι

191 4181 400 4236 δοκεῖτὸ
423 4185 598 4254 λόγιον
623 4187 714 4240 τὸν
744 4187 858 4258 βίον
901 4189 1002 4260 τῆς
1027 4189 1492 4262 ὲνανθρωπήσεως
1519 4189 1614 4244 τοῦ
1645 4189 1758 4242 Σω-

193 4275 344 4347 τῆρος
377 4276 530 4347 ἡμῶν
569 4277 906 4352 ὑπογράτρειν
927 4281 1016 4336 διὰ
1049 4283 1230 4356 πάσης
1259 4283 1320 4336 οὐ
1355 4283 1516 4354 μόνον
1541 4283 1756 4356 ἡμέρας

195 4365 322 4418 ἀλλὰ
363 4365 448 4420 καὶ
473 4367 664 4430 νυκτὸς
696 4367 1054 4440 ἀνακειμένου
1084 4371 1162 4442 τῷ
1195 4371 1342 4442 Θεῷ.
1395 4371 1548 4442 Ἔχει
1571 4371 1630 4426 δὲ
1663 4373 1756 4426 καὶ

0 4473 12 4508 f
197 4455 251 4512 ἑν
293 4461 394 4522 τοῖς
438 4459 786 4528 Εὑαγγελίοις
835 4461 982 4526 ὅπως
1033 4467 1152 4526 ταῖς
1201 4464 1388 4536 εὐχαῖς
1430 4463 1518 4518 διὰ
1555 4465 1758 4529 παντὸς

1867 3279 2132 3334 vicesimo
2177 3277 2354 3350 primo
2404 3280 2633 3348 psalmo,
2679 3277 2774 3348 qui
2823 3275 3010 3332 itidem
3060 3275 3126 3328 ad
3171 3273 3452 3329 Christum

1867 3369 2126 3436 refertur,
2163 3371 2394 3440 ejusque
2431 3371 2741 3440 passionem
2785 3377 2969 3438 aperte
2993 3366 3346 3431 vaticinatur,
3387 3373 3450 3421 ut

1865 3461 1934 3516 ab
1969 3461 2122 3516 initio
2152 3459 2464 3516 declaratur
2491 3461 2577 3517 his
2597 3461 2798 3525 verbis,
2831 3459 2968 3514 Deus
3003 3457 3142 3514 Deus
3172 3475 3336 3522 meus,
3367 3475 3449 3514 re-

1865 3553 2002 3622 spice
2026 3553 2080 3606 in
2111 3569 2212 3616 me,
2245 3569 2406 3622 (piare
2449 3569 2527 3606 me
2562 3551 2890 3623 dereliquisti
2913 3549 3040 3604 "'1’
3069 3549 3214 3622 quod
3255 3547 3450 3604 Salva-

1863 3651 2038 3698 torem
2063 3645 2131 3700 ad
2165 3645 2388 3700 verbum
2413 3645 2466 3699 in
2500 3644 2756 3714 passione
2787 3643 2995 3698 dixisse
3029 3649 3316 3708 narratur;
3341 3647 3448 3694 sta-

1865 3735 1958 3788 tim
2003 3745 2124 3806 post
2149 3735 2368 3790 initium
2415 3733 2658 3800 additur,
2709 3733 2848 3788 Deus
2885 3749 3029 3787 meus
3071 3730 3316 3786 clamabo
3357 3745 3450 3798 per

1861 3825 1996 3880 diem
2025 3833 2074 3880 et
2099 3842 2202 3880 non
2229 3823 2504 3890 exaudies,
2533 3833 2582 3880 et
2613 3834 2762 3878 nocte
2781 3835 2830 3878 et
2859 3840 2966 3878 non
2988 3819 3058 3876 ad
3085 3819 3448 3888 insipientiam

1865 3917 2012 3972 mihi.
2055 3917 2304 3974 Praesens
2333 3917 2461 3972 item
2491 3915 2736 3987 psalmus
2779 3915 2874 3978 ait,
2907 3913 2974 3968 In
3007 3911 3092 3966 die
3127 3911 3357 3966 clamaui
3391 3919 3446 3966 σε

1863 4019 2012 4064 nocte
2037 4027 2218 4066 coram
2245 4021 2312 4070 te.
2339 4009 2674 4080 Videturque
2704 4007 2835 4062 mihi
2856 4009 2940 4064 his
2967 4007 3322 4062 subindicare
3359 4014 3444 4060 to-

1863 4107 1974 4156 tam
2003 4101 2270 4156 incarnati
2309 4101 2612 4158 Salvatoris
2645 4100 2818 4156 nostri
2851 4101 3039 4159 vitam,
3071 4113 3192 4168 quae
3221 4111 3332 4152 non
3363 4111 3452 4152 so-

1861 4195 1972 4250 lum
2011 4194 2098 4250 die
2147 4195 2240 4250 sed
2275 4196 2442 4250 etiam
2497 4202 2658 4248 nocte
2703 4191 2814 4248 Deo
2859 4197 3182 4246 consecrata
3229 4187 3354 4244 fuit.
3389 4189 3446 4242 In

1858 4283 2168 4354 Evangeliis
2221 4300 2386 4355 porro
2431 4283 2636 4338 dicitur
2667 4297 2794 4338 eum
2845 4275 3448 4350 sempcr'orationibus

1859 4391 2105 4432 vacasse.
2141 4375 2200 4430 in
2231 4375 2486 4448 praesenti
2511 4391 2642 4432 vero
2665 4373 2880 4430 Patrem
2913 4371 3172 4428 obsecrat
3200 4379 3257 4428 et
3287 4377 3448 4442 rogat

1857 4477 1920 4524 ut
1953 4469 2180 4524 inclinet
2215 4485 2404 4524 aurem
2433 4469 2498 4524 ad
2527 4483 2744 4540 precem
2787 4481 2980 4532 suam;
3019 4463 3072 4520 id
3105 4471 3212 4527 est,
3241 4469 3304 4518 ut
3345 4479 3448 4518 an-

200 4551 480 4622 ἐσχόλαζεν.
533 4553 658 4606 Ἐπὶ
703 4553 759 4606 δὲ
779 4553 874 4606 τοῦ
913 4555 1178 4626 παρόντος
1202 4557 1380 4610 δέεται
1419 4557 1516 4612 τοῦ
1537 4558 1752 4630 Πατρὸς

1868 4573 2000 4618 nuat
2039 4567 2396 4636 petitionibus
2439 4565 2580 4620 suis.
2620 4563 2788 4636 quue
2825 4571 3082 4634 precatur
3117 4569 3306 4632 utpote
3347 4563 3444 4632 qui

201 4641 288 4696 καὶ
325 4643 454 4710 ἁξιοῖ
501 4643 678 4700 κλῖναι
711 4645 772 4700 τὸ
825 4641 922 4710 οὖς
978 4647 1112 4720 πρὸς
1161 4647 1261 4718 τὴν
1311 4648 1494 4719 δέησιν
1547 4649 1712 4704 αὑτοῦ
1733 4665 1746 4680 ·

204 4735 444 4790 τουτέστιν
473 4735 756 4791 ἐπινεῦσαι
797 4741 910 4802 τοῖς
945 4739 1238 4810 αἰτήμασιν
1269 4741 1454 4794 αὐτοῦ.
1481 4742 1588 4794 Καὶ
1609 4741 1750 4794 τοῦτ’

0 4847 8 4880 ι
205 4827 414 4898 εὔχεται,
435 4828 508 4892 ὡς
535 4827 604 4882 ἂν
626 4829 834 4900 μέλλων
863 4829 1004 4902 ὑπὲρ
1025 4831 1280 4886 ἁπάντων
1307 4831 1416 4886 τῶν
1437 4833 1626 4896 ἐθνῶν,
1655 4835 1754 4887 αὐ-

206 4919 286 4984 τὸς
305 4921 478 4974 ἑαυτὸν
493 4921 568 4992 τῷ
589 4923 762 4993 “arpi.
785 4927 1122 4996 προσφέρειν
1141 4925 1350 4980 θυσίαν.
1375 4927 1552 4981 Πολλὰ
1573 4928 1628 4980 δὲ
1653 4945 1754 4980 πε-

211 5013 258 5084 ρὶ
281 5011 362 5065 τοῦ
395 5011 516 5066 ἰδίου
545 5011 776 5068 θανάτου
809 5015 1017 5086 μέλλων
1049 5017 1178 5088 ἑξῆς
1207 5017 1494 5084 διεξιέναι,
1525 5021 1668 5092 ὀρῶν
1689 5039 1750 5074 τε

0 5125 14 5162 ι
207 5101 294 5174 τὴν
315 5105 434 5174 μετὰ
455 5101 678 5160 θάνατον
701 5103 1080 5180 διαδεξομένην
1101 5109 1266 5162 αὑτὸν
1293 5111 1588 5182 σωτηρίαν,
1609 5113 1752 5166 εικό-

0 5211 12 5252 L
211 5211 304 5259 τως
321 5193 406 5268 τὴν
433 5195 684 5270 ἀπαρχὴν
711 5199 806 5252 τοῦ
827 5201 1042 5271 ψαλμοῦ
1062 5203 1130 5274 τῇ
1159 5201 1324 5256 αὐτοῦ
1355 5204 1599 5276 σωτηρίᾳ
1618 5221 1752 5276 προ-

211 5283 366 5340 λαϐὼν
390 5287 662 5360 ἀνατίθησι
677 5305 692 5320 ο
724 5289 802 5343 διό
837 5309 992 5362 φησι,
1015 5293 1191 5360 Κύριε
1213 5295 1246 5348 ό
1269 5293 1414 5360 Θεὸς
1435 5295 1546 5362 τῆς
1567 5311 1752 5362 σωτηα-

207 5377 324 5444 ρίας
341 5395 463 5446 μου.
495 5381 622 5434 Ὅτι
649 5381 928 5450 ἐπλήσθη
957 5383 1160 5436 κακῶν
1189 5385 1228 5452 ἡ
1267 5387 1440 5457 ψυχή
1461 5405 1610 5456 μου,
1653 5387 1752 5442 καὶ

215 5465 246 5534 ἠ
272 5465 364 5536 ζωή
385 5487 492 5540 μου
529 5471 610 5536 τῷ
641 5473 756 5542 ᾄδῃ
791 5473 1002 5542 ἥγνισε
1021 5513 1036 5538 ,
1071 5481 1560 5548 προσελογίσθην
1595 5483 1746 5550 μετὰ

216 5559 314 5614 τῶν
337 5561 790 5616 καταϐαινόντων
819 5565 906 5628 εἰς
929 5563 1184 5618 λάκκον.
1213 5567 1406 5636 Σαφῶς
1427 5569 1516 5624 διὰ
1545 5571 1748 5626 τούτων

215 5651 298 5724 τὴν
333 5653 400 5717 εἰς
425 5653 508 5708 τὸν
551 5653 686 5726 ᾅδην
719 5655 942 5710 κάθοδον
975 5657 1140 5710 αὑτοῦ
1183 5659 1516 5732 παρίστησι,
1555 5663 1650 5717 καὶ
1681 5665 1750 5718 τὰ

219 5743 342 5798 κακᾶ
373 5737 436 5798 ὧν
477 5745 868 5820 πεπληρῶσθαι
915 5749 1110 5802 ἑαυτοῦ
1157 5749 1362 5819 ἔφασκε
1409 5753 1504 5824 τὴν
1549 5755 1748 5830 ψυχήν.

285 5893 320 5926 ’³⁸
353 5893 402 5949 111
435 5897 554 5968 Ιῖρε.
597 5917 666 5960 tr,
705 5901 790 5954 3|.
871 5899 934 5932 κδ’
977 5899 1106 5956 Ρ5;ι[
1159 5917 1248 5956 XX'
1319 5901 1374 5958 2.

1863 4670 1964 4724 pro
1993 4657 2254 4712 omnibus
2281 4657 2538 4728 gentibus
2567 4657 2687 4728 ipse
2728 4671 2788 4712 se
2817 4653 2966 4708 Patri
3003 4653 3058 4708 in
3107 4651 3442 4732 sacriﬁcium

1857 4747 2152 4804 oblaturus
2177 4759 2344 4805 esset.
2385 4747 2522 4804 Cum
2559 4757 2740 4802 autem
2795 4745 2965 4800 multa
3005 4745 3074 4800 de
3121 4751 3296 4798 morte
3343 4755 3444 4798 sua
3535 4815 3538 4818 _

1859 4837 2118 4912 deinceps
2149 4851 2496 4906 narraturus,
2541 4839 2884 4912 prospiceret
2917 4852 3036 4892 eam
3069 4851 3192 4908 qua:
3231 4851 3291 4892 se
3317 4841 3442 4906 post

1859 4943 2089 4988 mortem
2119 4943 2414 5004 exceptura
2441 4939 2560 4988 erat
2593 4931 2852 4990 salutem,
2884 4927 3100 4982 initium
3129 4925 3320 4998 psalmi
3349 4939 3440 4980 sa-

1859 5029 1960 5084 luti
2007 5041 2120 5083 suze
2183 5032 2548 5094 congruenter
2599 5021 2838 5092 applicat
2891 5035 3016 5074 cum
3071 5017 3190 5072 ait:
3223 5015 3442 5070 Domine

1857 5123 1998 5178 Deus
2051 5119 2242 5176 salutis
2287 5135 2436 5172 more.
2469 5115 2728 5170 —-Vens.
2759 5113 2814 5178 4,
2851 5113 2904 5168 5.
2943 5112 3082 5178 Quia
3127 5109 3328 5180 repleta
3363 5115 3438 5160 est

1859 5216 2016 5270 malis
2043 5213 2226 5268 anima
2263 5227 2398 5274 mea,
2437 5221 2486 5264 et
2519 5211 2626 5266 vita
2665 5226 2782 5264 mea
2811 5207 3016 5278 inferno
3045 5202 3438 5272 appropinqua-

1857 5307 1964 5370 vit,
2009 5305 2304 5360 wstimotus
2363 5319 2481 5358 sum
2527 5317 2646 5354 cum
2693 5295 3124 5354 descendentibus
3153 5293 3206 5346 in
3239 5291 3434 5344 locum.

1859 5397 1954 5452 llis
1977 5395 2306 5452 descensum
2327 5395 2394 5450 ad
2425 5393 2632 5450 inferos
2658 5407 2820 5446 suum
2845 5387 3136 5442 manifeste
3167 5381 3436 5452 declarat,

1853 5505 2071 5546 necnon
2095 5489 2235 5544 mala
2267 5489 2354 5544 illa
2375 5487 2530 5558 queis
2549 5487 2802 5542 afﬂictam
2829 5481 3066 5536 animam
3091 5491 3244 5532 suam
3267 5472 3438 5526 fuisse

1857 5581 2200 5634 testificatur.
2281 5579 2418 5633 Mala
2473 5591 2644 5640 vero,
2725 5571 3070 5630 calamitates
3132 5563 3366 5634 appellat
3415 5579 3428 5616 :

1859 5685 1984 5724 nam
2039 5669 2166 5724 mali
2217 5685 2416 5726 nomen
2461 5669 2626 5724 latius
2687 5661 3052 5732 intelligitur;
3103 5655 3220 5710 sive
3265 5653 3432 5708 etiam

1862 5759 1946 5816 his
1979 5761 2176 5818 indicat
2209 5762 2486 5817 hominum
2525 5759 2808 5818 malitiam,
2847 5767 2954 5824 qua
2989 5747 3248 5818 repletam
3295 5741 3440 5804 dixit
