3972 6812
37 277 196 335 15Ἱ

1259 275 1777 354 COMMENTARIA
1817 282 1883 338 IN
1920 283 2262 342 PSALMOS.

3262 292 3406 352 £058

37 400 220 474 ὶτῷ
254 440 281 470 ,
350 401 542 456 παντὶ
573 419 652 474 τῳ
699 393 853 474 οἶμαι
897 401 1129 474 φανερὸν
1170 403 1478 474 τυγχάνειν·
1525 401 1603 467 ὡς
1650 421 1697 473 με

1828 405 1922 474 qui
1954 412 2184 459 mortem
2209 402 2425 473 quidem
2459 403 2661 475 attigit,
2693 412 2746 459 et
2772 401 2839 459 ad
2865 401 3072 461 inferos
3095 404 3398 471 descendit,

35 492 382 550 ὄνασθαι
440 497 532 566 ἐφ’
570 497 757 568 ἕτερον
791 495 1075 568 ἄνθρωπον
1099 495 1427 567 ἐφαρμόζειν
1457 495 1525 550 τὰ
1561 499 1620 550 ὲν
1645 496 1724 567 τῷ

36 587 298 662 α).μῷ
337 590 636 661 λεγόμενα
666 572 823 660 ﬁcari.
855 589 1018 659 μόνον
1058 589 1152 642 τὸν
1175 588 1442 660 ἡμέτερον
1471 589 1719 662 Σωτῆρα.

35 678 316 754 ilo-nep
345 683 424 737 δὲ
467 684 693 752 γέγονεν
721 682 852 735 ὡσεὶ
882 681 1169 752 ἄνθρωπος
1202 681 1537 754 ἀϐοήθητος,
1582 681 1724 735 οὕτω

43 771 140 823 αἱ
217 773 414 827 ὡσεὶ
465 774 815 843 τραυματίαι
865 771 1258 839 καθεύδοντες
1301 773 1372 827 ἐν
1411 771 1596 843 τάφῳ,
1635 769 1724 827 ὧν

45 866 170 918 clue
221 863 586 935 ἐμνήσθης
620 867 728 920 ἔτι.
754 863 853 918 Διὰ
877 864 935 917 δὲ
964 863 1168 918 τούτων
1197 865 1293 918 καὶ
1321 866 1355 936 η
1382 865 1526 936 ταφὴ
1555 863 1722 918 αὑτοῦ

33 971 101 1025 Ὺ]
119 957 479 1024 μαίνεται,
531 953 600 1029 ἧς
643 957 738 1010 καὶ
785 958 816 1010 6
858 955 1002 1019 θεῖος
1022 955 1338 1020 Ἀπόστολος
1395 956 1722 1028 μνημονεύει

33 1050 342 1120 ’ράφων
387 1049 730 1122 Κορινθίοις,
761 1049 952 1118 λέγων·
995 1049 1312 1118 Παρέδωκα
1344 1051 1454 1120 γὰρ
1487 1050 1628 1119 ὑμῖν
1651 1051 1722 1104 ἐν

33 1141 394 1209 τράιτοις,
427 1142 462 1196 ὃ
495 1142 591 1196 καὶ
620 1141 980 1210 παρέλαϐον·
1010 1141 1100 1196 ὅτι
1141 1142 1393 1211 Χριστὸς
1421 1143 1722 1197 ἀπέθανεν

31 1233 245 1303 ἰοειὲρ
285 1233 432 1289 τῶν
475 1234 775 1305 ἁμαρτιῶν
806 1233 976 1303 ἡμῶν
1007 1234 1155 1289 κατὰ
1181 1235 1286 1302 τὰς
1316 1235 1583 1304 Γραφὰς,
1618 1234 1716 1288 καὶ

32 1324 144 1378 Str.
181 1323 448 1396 ἐτάφη.
488 1327 598 1380 Καὶ
638 1327 862 1390 Ἡσαΐας
889 1326 946 1380 δὲ
976 1326 1077 1396 τῆς
1104 1327 1280 1398 ταφῆς
1304 1326 1470 1382 αὐτοῦ
1509 1326 1719 1398 μέμνη-

31 1429 144 1466 ται.
227 1415 464 1484 λέγων·
519 1417 616 1469 Ἐν
655 1416 868 1486 εἰρήνῃ
927 1418 966 1486 ἡ
1001 1417 1159 1486 ταφὴ
1213 1419 1398 1473 αὐτοῦ
1435 1413 1716 1490 ἦρταιὲκ

30 1502 316 1559 ιιέοοου.
371 1505 527 1559 ’Δντὶ
559 1505 616 1559 δὲ
643 1505 760 1570 τοῦ,
779 1506 930 1560 Ὠσεὶ
965 1507 1333 1578 τραυματίαι,
1369 1510 1398 1564 6
1429 1511 1526 1579 μὲν
1554 1507 1716 1564 Ἀκύ-

29 1593 160 1657 λας
233 1596 456 1666 φησίν,
480 1596 719 1665 Ὄμοιος
768 1595 1182 1665 ἀνῃρημένοις·
1226 1598 1254 1649 6
1301 1597 1358 1650 δὲ
1400 1599 1713 1670 Σύμμαχος,

35 1686 266 1741 Ὠσει
300 1689 692 1757 τετρωμένοι·
725 1689 819 1743 καὶ
847 1689 1016 1759 σαφές
1037 1707 1161 1744 τινα
1196 1691 1396 1762 τρόπον
1435 1693 1529 1746 καὶ
1551 1693 1712 1748 τοῦτο

29 1776 450 1856 ἐπληροῦτο,
483 1779 720 1850 ὁπηνίκα
745 1781 774 1833 6
802 1781 1136 1852 στρατιώτης
1165 1782 1330 1854 λόγχῃ
1359 1783 1594 1856 ἔτρωσεν
1623 1786 1716 1838 αύ-

28 1855 166 1924 τόῦ
201 1870 328 1941 τὴν
365 1870 635 1942 πλευράν.
686 1871 824 1924 Ἀλλ’
875 1873 956 1926 ὅτι
997 1873 1097 1944 μὲν
1135 1876 1475 1946 τραυματίας
1522 1877 1715 1946 γέγονε

39 1961 174 2012 καὶ
221 1963 294 2015 ὲν
327 1961 519 2032 τάφῳ,
549 1961 735 2031 σαφῶς
761 1963 1110 2034 παρίσταται·
1145 1965 1285 2037 πλὴν
1312 1969 1360 2020 εἰ
1386 1967 1530 2036 λέγοι
1554 1984 1716 2037 γεγο-

43 2053 253 2106 νέναι
289 2053 437 2106 ὡσεὶ
464 2054 824 2126 τραυματίας,
849 2055 942 2108 καὶ
981 2056 1167 2128 ὅμοιος
1206 2061 1317 2122 τοῖς
1363 2058 1713 2114 καθεύδουσιν

37 2144 133 2196 -ὲν
165 2146 376 2217 τάφῳ,
413 2145 532 2199 ἀλλ’
565 2146 625 2200 ού
660 2146 823 2219 μέχρι
863 2147 1053 2201 τούτου
1081 2149 1317 2204 ἵσταται·
1352 2151 1470 2206 ὅλον
1495 2153 1552 2206 δὲ
1593 2170 1713 2206 συν·

39 2234 272 2304 -άψας,
305 2235 436 2306 ὄψει
469 2237 568 2309 τὴν
607 2237 847 2292 διάνοιαν
876 2240 972 2293 τοῦ
996 2241 1174 2310 λόγου.
1209 2242 1440 2312 Γέγονα
1468 2244 1576 2315 γάρ
1606 2261 1710 2317 φη-

45 2343 207 2390 τσιν,
265 2329 423 2382 ὡσεὶ
472 2332 845 2400 τραυματίαι,
889 2325 979 2384 ὧν
1014 2335 1126 2386 οὐκ
1154 2331 1462 2402 ἐμνήσθης
1488 2335 1596 2388 ἔτι.
1644 2336 1709 2389 οι

65 2420 196 2490 μὲν
243 2420 364 2493 γὰρ
403 2421 603 2486 λοιποὶ,
650 2422 787 2494 μετὰ
824 2424 918 2477 τὸν
968 2423 1200 2478 θάνατον
1248 2427 1309 2479 ἐν
1359 2428 1473 2489 τοῖς
1514 2425 1708 2495 τάφοις

64 2511 396 2582 γενόμενοι
417 2551 434 2577 ,
490 2513 917 2586 ἀπελείφθησαν,
976 2517 1071 2570 καὶ
1126 2517 1427 2588 ἀπέμειναν
1485 2518 1557 2589 γῆ
1613 2517 1707 2572 καὶ

61 2605 279 2670 κόνις,
319 2607 522 2678 μηκέτι
554 2607 692 2678 μετὰ
728 2608 821 2662 τὸν
858 2607 1088 2663 θάνατον
1116 2608 1585 2680 μνημονεύσαντος
1610 2611 1709 2665 αὐ·-

59 2697 218 2750 "CC-3v
244 2697 344 2752 τοῦ
375 2698 534 2752 Θεοῦ·
565 2699 676 2768 ἐγὼ
701 2700 759 2752 δὲ
784 2699 1050 2771 ὶγενήθην
1075 2699 1152 2765 ὼς
1188 2696 1269 2765 εἷς
1293 2701 1399 2756 τῶν
1425 2701 1704 2768 τοιούτων,

83 2791 178 2862 μὴ
207 2790 291 2844 ὢν
315 2792 505 2862 ὅμοιος
534 2793 738 2856 αὐτοῖς·
769 2791 906 2863 ἐμοῦ
933 2793 1042 2865 γὰρ
1075 2793 1213 2864 μετὰ
1252 2795 1356 2866 τὴν
1383 2794 1583 2866 τρῶσιν
1612 2797 1706 2850 καὶ

90 2885 258 2952 μετὰ
281 2883 378 2936 τὸν
402 2882 631 2938 θάνατον
655 2883 748 2937 καὶ
773 2883 910 2955 μετὰ
935 2885 1034 2956 τὴν
1058 2886 1118 2938 ὲν
1139 2885 1216 2956 τῷ
1239 2887 1395 2956 τάφῳ
1415 2887 1705 2940 κατάθεσιν

89 2974 416 3048 ἐμνήσθης,
452 2976 598 3047 ζωῆς
631 2978 769 3047 μετὰ
814 2976 992 3031 ταῦτά
1039 2993 1106 3048 με
1149 2979 1244 3030 καὶ
1288 2978 1562 3050 σωτηρίας
1603 2981 1704 3051 τῆς

1829 512 2004 566 neque
2045 504 2228 551 tatneu
2263 498 2316 549 iu
2359 497 2675 551 servitutem
2701 495 2822 564 ejus
2857 497 3112 554 redactus
3139 507 3246 562 est,
3283 500 3403 552 cui.

1828 589 1910 644 vis
1954 596 2086 660 puto
2117 588 2464 644 manifestum
2497 604 2652 655 esse;
2697 588 2772 642 ita
2819 597 2878 643 ut
2911 589 3042 643 uulli
3083 590 3174 644 alii
3223 589 3402 644 homi-

1824 696 1958 735 num
1985 681 2180 751 psalmi
2212 679 2374 734 verba
2403 680 2615 749 possint
2645 679 2844 749 aptari,
2888 687 3243 749 praeterquam
3281 677 3399 732 Sal-

1824 771 1998 826 vatori
2019 781 2229 828 nostro.
2261 769 2730 838 Quemadmodum
2763 780 2943 826 autem
2964 770 3140 826 lactus
3167 781 3251 826 est
3279 773 3399 826 sic--

1825 875 1884 920 ut
1926 865 2090 919 homo
2124 864 2243 920 sine
2286 864 2590 933 adjutorio;
2641 867 2713 920 ita
2761 867 2925 922 etiam
2957 867 3093 920 sicut
3134 866 3398 920 vulnerati

1823 959 2144 1013 dormientes
2180 957 2236 1010 in
2264 958 2522 1027 sepulcra,
2553 975 2773 1028 quorum
2807 975 2906 1012 non
2940 975 2995 1014 es
3045 974 3243 1013 memor
3279 975 3398 1012 am-

1820 1049 1981 1119 plius.
2011 1047 2106 1104 His
2134 1048 2298 1102 etiam
2331 1049 2608 1118 sepultura
2635 1048 2754 1118 ejus
2787 1049 3076 1110 indicatur,
3118 1064 3282 1119 quam
3307 1049 3394 1106 di-

1821 1141 1982 1197 vinus
2014 1140 2311 1210 Apostolus
2335 1140 2400 1194 ad
2430 1139 2744 1196 Corinthios
2774 1141 3022 1196 scribens
3052 1141 3136 1196 his
3161 1157 3396 1197 comme-

1821 1242 1998 1290 morat
2021 1253 2037 1290 :
2060 1232 2284 1288 Tradidi
2307 1233 2444 1286 enim
2468 1233 2610 1286 vobis
2639 1233 2692 1286 in
2722 1233 2908 1301 primis
2929 1234 3067 1304 quod
3093 1243 3144 1288 et
3175 1236 3351 1304 accepi
3373 1251 3392 1288 :

1818 1325 2066 1394 quoniam
2102 1321 2344 1377 Christus
2383 1331 2642 1376 mortuus.
2667 1331 2746 1376 est
2779 1339 2874 1391 pro
2918 1325 3146 1391 peccatis
3194 1327 3394 1380 nostris

1819 1421 2107 1471 secundum
2141 1415 2470 1483 Scripturas,
2505 1424 2554 1470 et
2590 1415 2716 1484 quia
2739 1417 2978 1483 sepultus
3009 1426 3086 1470 est
3118 1419 3184 1469 ".
3221 1418 3392 1474 Isaias

1817 1521 2037 1578 quoque
2097 1506 2431 1576 sepulturam
2481 1506 2600 1572 ejus
2655 1517 2920 1560 memorat
2957 1506 3040 1561 his
3073 1508 3294 1564 verbis:
3323 1508 3392 1566 In

1815 1613 1945 1667 pace
1969 1596 2239 1666 sepultura
2265 1597 2378 1666 ejus
2415 1594 2628 1649 sublata
2657 1604 2734 1649 est
2761 1611 2827 1650 ex
2861 1596 3030 1649 medio
3060 1597 3126 1651 9‘.
3161 1601 3266 1654 Pro
3296 1599 3392 1656 illo

1815 1697 2022 1748 autem.
2053 1687 2201 1743 Sicut
2226 1688 2510 1752 vulnerati,
2554 1687 2748 1758 Aquila
2793 1687 3061 1742 :Perindc
3101 1698 3257 1759 atque
3295 1705 3392 1748 ae-

1745 1767 1786 1822 Β
1817 1783 1945 1847 eisi;
1989 1781 2352 1852 Symmachus
2406 1794 2536 1835 vero
2591 1797 2606 1835 :
2656 1779 2828 1846 Quasi
2877 1783 3138 1838 vuluerati
3170 1801 3189 1840 :
3225 1783 3391 1856 idque

1815 1875 1960 1930 clare
2015 1873 2420 1944 quodammodo
2473 1873 2751 1945 impletum
2789 1883 2892 1940 est,
2953 1876 3172 1945 quando
3229 1879 3396 1934 miles

1815 1967 2002 2044 lancea
2042 1966 2184 2020 latus
2216 1965 2338 2035 ejus
2364 1964 2706 2020 vulneravit:
2731 1965 2878 2036 quod
2904 1980 3084 2022 autem
3115 1967 3170 2022 in
3204 1971 3389 2038 sepul-

1811 2073 1907 2112 ero
1937 2057 2102 2112 etiam
2133 2056 2451 2111 vulneratus
2489 2056 2748 2125 jacuerit,
2797 2057 3076 2128 propalam
3124 2068 3226 2116 est.
3268 2060 3387 2116 C2-

1813 2157 1990 2204 terum
2020 2164 2146 2204 cum
2171 2149 2308 2204 dicit
2348 2163 2409 2204 se
2442 2148 2645 2204 factum
2687 2164 2809 2206 esse
2839 2149 2985 2206 sicut
3014 2151 3386 2217 vulneratum,

1808 2254 1863 2300 et
1889 2243 2120 2298 similem
2147 2241 2541 2298 dormientibus
2579 2243 2632 2297 in
2659 2243 2932 2313 sepulcro,
2965 2243 3053 2300 hic
3080 2246 3252 2302 series
3273 2263 3386 2304 non

1808 2331 2174 2398 terminatur;
2201 2331 2297 2386 sed
2325 2331 2370 2385 si
2397 2337 2568 2384 totum
2589 2340 2882 2388 connectas
2901 2333 3028 2390 dicti
3054 2337 3382 2392 sententiam

1759 2423 1764 2436 '
1807 2421 2184 2492 deprehendes
2217 2440 2230 2477 :
2263 2421 2465 2477 Factus
2497 2439 2638 2486 sum,
2671 2424 2867 2494 inquit,
2912 2426 3050 2479 sicut
3095 2427 3382 2491 vulnerati.

1805 2529 2030 2584 quorum
2049 2529 2152 2568 non
2183 2530 2238 2568 es
2269 2529 2467 2569 memor
2488 2515 2735 2584 amplius.
2765 2516 2957 2571 (lateri
2989 2533 3225 2590 namque
3258 2529 3384 2590 post

1806 2615 2040 2662 mortem
2085 2607 2142 2662 in
2177 2607 2446 2677 sepulcris
2473 2608 2728 2678 depositi,
2758 2609 2929 2665 relicti
2952 2618 3103 2676 sunt,
3145 2626 3210 2667 ac
3231 2622 3382 2668 terra

1804 2707 1860 2756 et
1895 2699 2078 2770 pulvis
2117 2710 2524 2765 remanserunt,
2576 2699 2688 2757 Deo
2721 2710 2850 2773 post
2897 2713 3128 2758 monem
3171 2705 3381 2760 nullam

1803 2806 1994 2846 eorum
2043 2793 2359 2847 memoriam
2391 2793 2697 2848 retinente:
2729 2807 2832 2864 ego
2871 2809 3002 2848 vero
3033 2792 3214 2850 lac-tus
3251 2809 3381 2851 sum

1803 2883 1949 2940 sicut
1979 2899 2120 2939 unus
2145 2896 2357 2949 eorum,
2393 2885 2520 2939 licet
2569 2899 2680 2939 non
2701 2885 2810 2940 illis
2857 2885 3050 2942 similis
3090 2886 3224 2954 sim;
3252 2902 3379 2942 nam

1802 2977 1910 3032 mei
1941 2985 2066 3047 post
2101 2975 2363 3031 inﬂictum
2385 2977 2607 3043 vulnus,
2640 2984 2765 3048 post
2798 2985 3029 3031 mortem
3053 2986 3106 3032 et
3134 2989 3258 3049 post
3281 2981 3378 3036 dc-

87 3065 268 3137 παρὰ
299 3067 383 3120 σοὶ
411 3067 759 3133 καταξιώσας
829 3069 916 3124 Διδ
959 3071 1052 3122 καὶ
1080 3069 1379 3141 ἀρχόμενος
1426 3071 1519 3124 καὶ
1545 3071 1697 3142 εὐχαι

1806 3069 2125 3138 positionem
2172 3069 2225 3123 in
2267 3068 2544 3139 sepulcro,
2592 3082 2803 3123 memor
2841 3067 3015 3132 fuisti,
3053 3085 3118 3124 ac
3165 3070 3274 3125 vita
3321 3082 3376 3126 ct

97 3161 396 3231 ριστήριον
423 3159 738 3232 ἀνέπεμπεν
757 3161 942 3233 ὕμνον.
957 3161 1154 3231 λέγων·
1177 3163 1356 3230 Κύριε
1375 3165 1409 3217 ό
1425 3165 1569 3231 Θεὸς
1589 3163 1699 3233 τῆς

93 3253 412 3319 σωτηρίας
434 3270 570 3322 μου,
598 3253 822 3322 ἡμέρας
844 3254 1137 3323 ἐκέκραξα
1171 3257 1268 3310 καὶ
1303 3255 1372 3309 ἐν
1400 3256 1573 3311 νυκτὶ
1604 3257 1700 3311 ὲν-

97 3343 328 3396 αντίον
346 3360 480 3397 σου.
505 3346 614 3398 Καὶ
643 3345 711 3398 τὰ
741 3347 838 3417 μὲν
865 3349 984 3400 κατ’
1013 3347 1114 3418 ἐμὲ
1136 3347 1358 3402 τοιαῦτα
1385 3344 1471 3420 ἦν.
1509 3350 1700 3420 Ὅμως

101 3434 154 3487 δ’
188 3429 285 3488 οὖν
307 3433 505 3504 γέγονα
532 3438 717 3511 ὅμοιος
743 3441 858 3503 τοῖς
883 3439 1096 3504 πολλοῖς
1121 3442 1233 3505 τοῖς
1265 3443 1323 3494 ἐν
1355 3442 1513 3512 τάφῳ
1541 3457 1698 3510 γενο-

111 3522 320 3593 μένοις,
355 3523 446 3576 καὶ
479 3525 674 3596 μηκέτι
707 3525 807 3596 τῆς
859 3529 956 3598 σῆς
991 3528 1416 3599 κατηξιωμένοις
1459 3531 1696 3602 μνήμης,

95 3613 207 3667 -διὰ
235 3614 294 3667 τὸ
323 3615 429 3670 ἀπὸ
459 3617 557 3686 τῆς
583 3617 682 3687 σῆς
709 3619 890 3691 χειρδς
918 3620 1216 3674 ἀπεῶσθαι.
1261 3619 1406 3675 ’Δντὶ
1438 3623 1546 3693 γὰρ
1579 3621 1694 3685 τοῦ,

103 3699 234 3756 ’Ὧν
269 3705 376 3759 οὐκ
417 3705 725 3775 ἐμνήσθης
754 3707 862 3770 ἔτι,
903 3708 1000 3760 καὶ
1035 3708 1208 3762 αὐτοὶ
1256 3709 1325 3762 ἐκ
1356 3707 1464 3777 τῆς
1499 3709 1699 3778 χειρός

109 3812 237 3850 σου
279 3793 694 3865 ἆπεώσθησαν,
749 3800 778 3852 6
823 3800 921 3870 μὲν
982 3799 1212 3863 Ἀκύλας
1254 3799 1534 3865 ἐξέδωκεν,
1587 3793 1700 3851 Ὧν

113 3889 232 3941 οὐκ
250 3887 549 3956 ἐμνήσθης
573 3888 772 3943 αὐτῶν
794 3890 903 3951 ἐτι,
930 3888 1029 3942 καὶ
1061 3889 1230 3943 αὐτοὶ
1264 3890 1331 3943 ἐκ
1365 3887 1474 3957 τῆς
1501 3889 1697 3958 χειρός

115 3994 239 4031 σου
283 3979 728 4049 ἀπετμήθησαν·
765 3983 794 4034 6
832 3981 888 4034 δὲ
921 3980 1217 4051 Σύμμαχός
1262 3998 1447 4052 φησιν,
1478 3975 1588 4034 Ὠν
1621 3982 1695 4036 οὐ

119 4074 538 4140 μνημονεύσεις
594 4073 704 4138 ἔτι,
759 4074 978 4140 οἵτινες
1018 4075 1138 4128 ὑπὸ
1181 4073 1292 4144 τῆς
1328 4074 1528 4143 χειρός
1577 4088 1695 4128 σου

123 4163 514 4230 gemmam».

202 4257 430 4311 Ἕθεντό
459 4275 535 4327 με
560 4258 631 4311 ἐν
652 4257 856 4324 λάκκῳ
879 4257 1210 4320 κατωτάτῳ,
1236 4258 1308 4310 ἐν
1337 4256 1692 4323 σκοτεινοῖς,

127 4349 227 4402 καὶ
267 4333 334 4402 ἐν
366 4347 504 4415 σκιᾷ
529 4349 806 4404 θανάτου.
853 4351 997 4404 Ἀντὶ
1029 4349 1401 4410 τοῦ,¹Έθεντό
1418 4365 1514 4417 με,
1539 4350 1568 4402 6
1595 4349 1693 4418 μὲν

1805 3161 2001 3225 salute,
2032 3175 2153 3230 quae
2183 3176 2348 3231 penes
2377 3168 2428 3214 te
2459 3168 2565 3224 est,
2595 3161 2850 3232 dignatus
2875 3175 2962 3214 me
2996 3176 3076 3216 es.
3095 3159 3278 3227 Quare
3307 3162 3381 3217 ab

1802 3254 1959 3309 initio
1977 3253 2273 3321 gratiarum
2297 3251 2528 3308 actionis
2551 3251 2810 3323 hymnum
2831 3251 3010 3307 emisit
3040 3252 3126 3308 his
3151 3253 3331 3308 verbis
3358 3274 3373 3309 :

1801 3345 2026 3400 Domine
2069 3344 2210 3399 Deus
2240 3345 2429 3399 salutis
2469 3361 2618 3407 mete,
2658 3344 2715 3398 ia
2747 3345 2832 3397 die
2879 3344 3106 3398 clamavi
3133 3354 3183 3398 et
3225 3357 3380 3401 nocte

1800 3455 1982 3493 coram
2011 3446 2079 3493 te.
2107 3437 2238 3505 Quae
2265 3452 2354 3492 me
2377 3437 2696 3506 spectabant
2740 3435 2868 3491 talia
2907 3443 3084 3491 erant.
3117 3438 3373 3494 Attamen

1802 3529 1980 3584 factus
2009 3543 2130 3583 sum
2185 3527 2374 3582 multis
2403 3528 2457 3582 in
2507 3525 2760 3596 sepulcro
2793 3525 3103 3595 iacentibus
3147 3525 3374 3592 similia,

1799 3619 1892 3691 qui
1918 3634 2024 3674 non
2055 3618 2290 3688 amplius
2327 3617 2591 3673 memoria
2619 3625 2710 3671 tua
2733 3615 2883 3688 digni
2915 3617 3206 3682 habentur,
3239 3618 3376 3687 quia

1799 3710 1867 3766 de
1897 3727 2058 3766 manu
2095 3719 2188 3765 tua
2236 3709 2440 3780 repulsi
2484 3716 2634 3765 sunt.
2666 3708 2802 3764 Nam
2835 3709 2982 3765 illius
3025 3710 3148 3766 loco
3180 3728 3196 3766 :
3227 3711 3375 3776 Qua-

1799 3820 1915 3858 rum
1939 3820 2042 3858 non
2061 3819 2115 3857 es
2141 3817 2340 3856 tuemur
2365 3801 2613 3870 amplius,
2637 3810 2686 3856 et
2724 3801 2826 3870 ipsi
2853 3803 2918 3856 de
2954 3816 3116 3854 manu
3152 3811 3246 3856 tua
3293 3819 3375 3856 re-

1796 3895 1936 3966 pulsi
1959 3905 2102 3957 sunt,
2129 3894 2324 3965 Aquila
2345 3892 2512 3948 edidit
2541 3911 2556 3947 :
2585 3893 2823 3959 Quorum
2851 3908 2956 3946 non
2985 3892 3296 3948 recordatus
3319 3907 3376 3947 es

1796 3987 1964 4049 ultra,
1987 3994 2034 4039 el
2054 3983 2156 4053 ipsi
2178 3999 2246 4038 ex
2275 3998 2436 4036 manu
2465 3989 2554 4035 tua
2573 3980 2798 4035 abscissi
2817 3993 2940 4036 sunt
2966 3996 2984 4044 ;
3009 3978 3375 4053 Symmachus

1797 4085 1977 4132 autem
2012 4095 2026 4130 :
2064 4074 2301 4141 Quorum
2331 4089 2434 4128 non
2462 4071 2824 4128 recordaberis
2848 4072 3015 4138 ultra,
3037 4071 3180 4142 quia
3210 4085 3375 4126 manu

1797 4177 1888 4220 tua
1919 4166 2085 4220 excisi
2118 4174 2258 4219 sunt.

1866 4251 2034 4308 Vsus.
2077 4251 2126 4304 7.
2168 4249 2467 4305 Posuerunt
2501 4265 2580 4304 me
2606 4250 2662 4303 in
2694 4233 2814 4302 lacu
2859 4247 3121 4317 infcriori,
3150 4248 3205 4303 in
3231 4257 3374 4304 teac-

1796 4343 1966 4416 brosis
1991 4343 2128 4396 etin
2171 4341 2360 4394 umbra
2410 4340 2616 4394 mortis.
2660 4337 2806 4394 Loco
2855 4333 3050 4402 illius,‘
3073 4337 3374 4394 Posuerunl‘

136 4439 560 4505 Ἀκύλας,Ἕοου
587 4459 684 4512 με,
714 4443 742 4495 6
775 4442 831 4496 δὲ
853 4441 923 4495 Σύ
933 4439 1436 4513 μμαχος,⁹1ἰταξὰς
1461 4457 1558 4508 με,
1601 4440 1692 4493 ὲκ-

1806 4451 1898 4498 me,
1942 4434 2156 4505 Aquila,
2195 4431 2435 4487 Posuisti
2471 4446 2586 4495 me;
2643 4429 3005 4501 Symmachus
3044 4445 3197 4498 vero,
3249 4430 3378 4484 Sta-

130 4532 393 4588 εεδώκασι.
425 4535 502 4587 Δι’
525 4527 600 4587 ὧν
627 4533 972 4605 παρίστησιν,
996 4535 1080 4586 ὅτι
1105 4531 1332 4602 νεύματι
1361 4530 1455 4584 τοῦ
1483 4531 1696 4602 Πατρὸς

135 4630 227 4682 καὶ
254 4629 420 4700 βουλῇ,
453 4627 551 4699 οὐχ
593 4627 781 4690 ἁπλῶς
809 4627 890 4689 εἰς
929 4623 1020 4678 τὸν
1051 4624 1301 4687 θάνατον,
1345 4622 1464 4676 οὐδὲ
1497 4624 1578 4686 εἰς
1605 4622 1698 4675 τὸν

139 4719 262 4794 ᾅδην
301 4722 385 4776 καὶ
423 4721 512 4775 τὸν
546 4719 877 4791 καλούμενον
902 4718 1105 4772 λάκκον
1134 4713 1517 4798 κατελήλυοεν,
1559 4711 1696 4767 ἀλλὰ

137 4815 228 4868 καὶ
255 4815 324 4877 εἰς
345 4812 406 4866 τὰ
424 4813 701 4884 βαθύτατα
724 4811 818 4864 καὶ
843 4811 913 4864 τὰ
938 4807 1228 4863 κατώτατα
1255 4807 1350 4860 καὶ
1373 4804 1443 4858 τὰ
1471 4805 1692 4876 ἔσχατα,

135 4904 208 4965 ὡς
231 4901 288 4956 ἂν
315 4902 443 4955 εἴποι
471 4919 573 4965 τις,
597 4901 704 4954 τῶν
735 4901 851 4954 ἐκεῖ
879 4899 1112 4970 χωρίων.
1148 4896 1453 4968 Παρίστησι
1479 4895 1534 4948 δὲ
1563 4893 1687 4948 τοῦ·

135 5012 195 5049 το
223 4995 306 5048 καὶ
334 4993 481 5057 αὐτὸς
525 4995 583 5046 ὲν
632 4995 742 5056 τοῖς
776 4991 1127 5061 Εύαγγελξοις
1164 4990 1407 5058 φάσκων·
1454 4987 1552 5040 Δεῖ
1577 4987 1688 5040 τὸν

1795 4528 1945 4582 tuisti
1975 4543 2078 4588 me,
2107 4525 2414 4580 ediderunt.
2455 4522 2622 4589 Queis
2654 4521 2898 4577 declarat
2947 4537 3006 4577 se
3038 4537 3105 4577 ex
3147 4529 3282 4576 nutu
3316 4531 3375 4576 et

1792 4619 2072 4672 voluntate
2114 4615 2317 4680 Patris,
2366 4630 2475 4670 non
2525 4614 2687 4669 modo
2736 4613 2793 4667 in
2843 4623 3108 4675 mortem,
3169 4613 3223 4667 iu
3287 4613 3376 4666 in-

1792 4713 2006 4766 fernum
2067 4718 2122 4765 et
2183 4709 2242 4764 in
2315 4714 2674 4764 memoratum
2727 4707 2903 4760 lacum
2974 4705 3369 4770 descendisse;

1791 4802 1884 4856 sed
1929 4803 2094 4856 etiam
2126 4800 2180 4854 in
2220 4797 2676 4870 proluudissima,
2712 4794 2900 4848 intima
2926 4802 2980 4848 et
3008 4802 3279 4855 extrema.
3308 4802 3369 4847 ut

1791 4893 1866 4947 ita
1897 4892 2185 4955 dieam,ibi
2213 4891 2388 4962 posita
2422 4891 2565 4944 loca.
2593 4886 2944 4958 ldipsumque
2975 4887 3028 4942 in
3056 4885 3369 4959 Evangeliis

1792 4990 1979 5037 narrat
2013 4981 2101 5037 his
2127 4981 2348 5036 verbis:
2384 4979 2598 5049 Oportet
2633 4977 2682 5031 F
2683 4979 2837 5033 ilium
2885 4978 3110 5032 hominis
3157 4993 3372 5032 manere

147 5089 272 5142 Υιόν
296 5089 386 5143 τοῦ
409 5085 720 5156 ἀνθρώπου
739 5083 987 5155 ποιῆσαι
1013 5085 1082 5138 ἐν
1106 5082 1181 5152 τῇ
1196 5081 1407 5150 καρδίᾳ
1434 5080 1544 5148 τῆς
1569 5077 1683 5150 γῆς

1806 5077 1845 5129 ⁵η
1877 5072 2036 5129 corde
2079 5081 2232 5127 terra:
2277 5071 2448 5126 tribus
2481 5071 2662 5130 diebus
2708 5079 2760 5126 et
2814 5069 2981 5123 tribus
3026 5068 3264 5123 noctibus
3294 5069 3365 5126 “.

139 5179 282 5247 τρεῖς
311 5179 517 5249 ἡμέρας
561 5179 658 5232 καὶ
695 5177 854 5246 τρεῖς
893 5177 1140 5242 νύκτας.
1188 5175 1334 5228 Ἀντὶ
1365 5173 1421 5227 δὲ
1460 5171 1578 5237 τοῦ,
1609 5173 1680 5226 ἐν

1806 5167 1895 5222 Pro
1933 5167 2027 5222 illo
2056 5175 2263 5231 autem,
2293 5166 2348 5219 in
2398 5164 2680 5220 tenebrosis
2714 5171 2763 5218 et
2812 5163 2866 5216 in
2913 5161 3103 5215 umbra
3153 5160 3365 5222 mortis,

139 5270 455 5338 σκοτεινοῖς,
491 5271 590 5325 καὶ
623 5271 693 5324 ἐν
721 5269 864 5336 σκιᾷ
901 5267 1180 5330 θανάτου,
1228 5267 1258 5319 6
1322 5265 1572 5329 ’Δκύλας,
1613 5265 1685 5318 ὲν

1806 5259 1980 5330 ιιιιιίια
2009 5258 2088 5313 sic
2114 5258 2297 5322 habet,
2323 5257 2380 5311 in
2403 5256 2688 5311 tenebrosis
2709 5267 2760 5311 et
2790 5257 2844 5309 in
2873 5252 3150 5325 profundis
3173 5267 3192 5314 ;
3212 5249 3368 5322 Sym-

141 5364 451 5431 σκοτεινοῖς,
510 5363 662 5433 φησι,
720 5361 818 5416 καὶ
861 5361 930 5414 ἑν
955 5358 1188 5424 ,ϐυθοῖςο
1219 5361 1248 5412 6
1279 5358 1335 5410 δὲ
1365 5356 1682 5429 Σύμμαχος,

1806 5350 2013 5404 nachus
2042 5361 2192 5410 vero,
2219 5348 2273 5401 in
2309 5347 2592 5401 tenebrosis
2625 5345 2922 5408 obtectum;
2953 5342 3141 5414 quinta
3169 5341 3362 5402 editio,

143 5457 516 5523 ὲνσκοτεινοῖς
544 5452 1020 5522 ἐσκεπασμένον·
1115 5450 1171 5504 δὲ
1199 5450 1421 5520 πέμπτη
1451 5449 1680 5512 ἔκδυσις,

1807 5459 1838 5496 n
1866 5441 2174 5504 tenebrosis,
2216 5441 2271 5494 in
2315 5438 2576 5494 latibulis.
2609 5437 2724 5494 lloc
2755 5445 2936 5492 autem
2977 5431 3292 5489 necessario
3328 5446 3360 5488 α

145 5546 208 5600 ἐν
229 5546 546 5614 σκοτεινοῖς,
586 5549 656 5600 ἐν
687 5541 1059 5607 καταδύτοις.
1107 5539 1276 5593 Τοῦτο
1299 5539 1354 5593 δέ
1388 5557 1476 5610 μοι
1506 5556 1682 5610 παρα-

1806 5551 1872 5590 ne
1900 5533 2250 5590 observatum
2293 5539 2399 5600 est,
2449 5547 2516 5589 uc
2547 5531 2670 5602 quis
2721 5529 3033 5601 suspicetur
3080 5525 3258 5596 ipsum
3298 5525 3356 5583 in

211 5701 253 5734 "
284 5697 300 5756 I
326 5699 434 5760 Cor.
468 5715 557 5764 xv,
591 5701 661 5764 3,
698 5700 752 5755 4.
829 5699 875 5731 ⁹³
915 5696 1016 5755 lsa.
1056 5712 1186 5763 Llll,
1218 5697 1270 5752 8.
1349 5697 1393 5729 "
1438 5693 1624 5750 Matth.
1667 5709 1775 5754 xu.
1813 5690 1901 5745 40.
