3972 6812
554 273 694 330 ίθϐἸ

552 506 677 546 cum
710 506 778 546 eo
815 493 1004 547 relicto
1034 491 1266 561 apostoli
1319 492 1734 555 abscesserunt.
1764 493 1959 550 Petrus
2015 509 2147 550 vero

551 588 639 637 ter
663 585 880 650 negavit
909 597 1056 637 eum.
1091 581 1157 635 Et
1185 583 1291 636 alia
1319 597 1538 653 quoque
1565 585 1779 640 ratione
1801 585 2145 654 haemomnia

551 673 790 735 dicebat,
839 673 1070 727 aliorum
1122 673 1264 726 mala
1321 673 1426 728 sibi
1459 683 1518 728 ut
1551 678 1776 748 propria
1835 679 2144 748 ascribens,

551 763 802 818 videlicet
853 763 1149 834 proditoris
1179 762 1335 819 Iuda:
1367 768 1693 836 perniciem,
1728 769 2011 840 totiusque
2032 770 2146 826 Ju-

551 857 724 912 daica:
749 857 928 928 gentis
961 857 1178 912 ruinam
1205 877 1218 912 :
1241 859 1310 915 de
1345 861 1566 930 quibus,
1601 865 1762 932 quasi
1785 864 1856 920 de
1885 865 2012 922 ﬁliis
2043 866 2145 921 im-

548 949 757 1020 probis,
789 949 1095 1020 iniquitatis
1147 966 1262 1006 suaa
1313 968 1482 1008 causa
1546 957 1928 1025 pereuntibus,
1973 958 2143 1014 vehe-

549 1042 718 1096 menti
778 1040 1150 1099 miserationis
1179 1052 1235 1099 et
1279 1044 1639 1103 humanitatis
1699 1048 1898 1105 aﬂ'ectu
1951 1066 2140 1106 eorum

551 1134 691 1188 mala
732 1134 798 1188 ad
841 1150 1132 1205 personam
1179 1136 1460 1207 propriam
1495 1136 1766 1205 referens,
1810 1140 2142 1212 ingemisce-

547 1228 659 1283 bat.
716 1225 774 1281 Id
821 1243 988 1297 porro
1020 1228 1293 1300 intelligas
1331 1229 1378 1286 si
1410 1231 1498 1286 his
1526 1231 1807 1302 propheta:
1834 1234 2016 1289 verbis
2056 1241 2138 1287 at-

545 1319 738 1374 tendas
767 1337 781 1374 :
805 1318 908 1373 llic
936 1329 1153 1389 peccata
1179 1331 1364 1376 nostra
1405 1332 1606 1390 portat,
1638 1333 1688 1378 et
1713 1339 1808 1394 pro
1826 1325 1991 1390 nobis
2011 1342 2141 1379 cru-

543 1413 722 1465 ciatur
741 1414 805 1465 ὀ.
826 1411 1008 1480 Quare
1022 1427 1212 1468 eorum
1227 1415 1400 1484 gratia
1413 1413 1602 1470 dolore
1613 1415 1842 1472 aﬁ'ectus
1863 1418 2138 1472 exclama-

543 1505 637 1558 bat
663 1504 854 1560 dicens
889 1524 901 1558 ε
939 1502 1004 1557 1η
1042 1520 1122 1558 me
1167 1507 1495 1559 transierunt
1524 1508 1618 1561 ira:
1644 1516 1770 1567 tute.
1803 1517 2032 1563 terrores
2059 1511 2136 1564 tui

542 1595 985 1651 conturbauerunt
1015 1612 1117 1650 me.
1143 1594 1376 1650 Videbat
1406 1597 1551 1652 enim
1579 1613 1689 1652 non
1717 1598 1792 1652 ita
1818 1600 2138 1672 multo'post

543 1693 829 1742 venturam
881 1687 1041 1753 iram,
1081 1691 1204 1756 qua:
1253 1685 1439 1740 omnia
1475 1686 1586 1742 illis
1617 1695 1853 1758 augusta
1887 1697 1942 1743 et
1973 1705 2136 1746 vene-

1265 277 1534 334 EUSEBII
1564 278 2051 337 CIESARIENSIS
2089 278 2243 337 OPP.
2271 279 2460 337 PARS
2501 282 2590 339 Ill.
2634 317 2701 326 —
2733 285 3159 344 EXEGETICA.

552 403 749 451 cetera
798 411 1036 474 quoque
1067 395 1368 451 secundum
1405 397 1691 454 historiam
1746 401 2129 470 implebantur

2252 402 2606 472 Εὐαγγελίοις
2638 421 2651 434 ·
2692 405 2824 459 Νῦν
2849 406 2889 473 ἡ
2928 408 3102 475 ψυχή
3144 426 3265 477 μου
3303 411 3741 480 τετάρακται,
3787 421 3848 464 n‘

3769 297 3899 366 tib}?

2256 496 2596 566 Περίλυπός
2633 497 2809 551 ἐστιν
2830 497 2868 562 ἡ
2908 498 3076 566 ψυχή
3103 516 3226 568 μου
3259 500 3376 567 ἕως
3411 477 3734 557 θειοτάτου
3757 519 3775 530 ’
3809 525 3858 556 x:
3897 477 3899 520 Ὗ

2253 585 2335 638 τὰ.
2354 585 2526 639 λοιπὰΔ
2540 585 2598 639 δὲ
2625 587 2774 640 κατὰ
2804 587 2904 659 τὴν
2933 587 3176 659 ἱστορίαν
3205 589 3562 662 ἐπληροῦτο.
3591 591 3700 643 ὅτε
3735 611 3860 645 καε-

2253 677 2504 740 λιπόντες
2526 677 2687 731 αὐτὸν
2704 679 2760 730 οἱ
2801 677 3092 732 ἀπόστολοι
3121 679 3328 750 ᾤχοντο
3347 699 3362 712 ·
3387 683 3418 735 ὁ
3441 682 3508 736 δὲ
3553 681 3858 753 Πέτροςιε

2251 767 2432 838 τρίτον
2467 767 2634 821 αὐτὸν
2679 769 2978 839 ἠρνήσατο.
3025 771 3133 823 Καὶ
3183 771 3359 836 ἄλλως
3403 773 3463 826 δὲ
3518 772 3622 825 τὰ
3673 791 3862 844 πραε-

2255 859 2654 931 μενα’“ἆπαντα
2707 861 2948 930 ἔφασκεν
2969 902 2983 925 ,
3049 862 3483 936 ίδιοποιούμενος
3537 865 3634 919 τὰ
3693 867 3856 936 ἑτέραν

2252 952 2452 1006 κακᾶιν
2470 951 2614 1021 λέγω
2650 952 2707 1006 δὲ
2747 952 2844 1006 τοῦ
2876 955 3140 1025 προδότου
3184 955 3356 1010 Ἰούδα
3401 957 3512 1029 τὴν
3567 957 3850 1012 ἀπὼὶεετ

2250 1041 2459 1096 καὶτοῦ
2483 1043 2684 1106 παντὸς
2721 1043 2990 1098 Ἰουδαίων
3016 1044 3205 1111 ἔθνους
3236 1047 3336 1118 τὴν
3361 1049 3742 1102 ἀπόπτωσιν
3761 1068 3778 1078 ν
3809 1054 3860 1119 ες
3898 1089 3899 1104 ς

2248 1126 2330 1196 οἷς
2361 1131 2428 1184 δι’
2460 1133 2768 1203 ὑπερϐολὴν
2803 1134 3210 1207 εὐσπλαγχνίας
3262 1140 3358 1192 καὶ
3407 1139 3864 1212 φιλανθρωτέει
3898 1135 3899 1198 Ῐ

2247 1223 2322 1286 ὡς
2344 1225 2429 1293 ἐφ’
2443 1225 2575 1288 υἱοῖς
2593 1228 2870 1296 πονηροῖς,
2887 1226 2978 1280 διὰ
2989 1229 3089 1292 τὰς
3100 1229 3281 1284 αὐτῶν
3303 1232 3516 1295 κακίας
3545 1232 3868 1302 duclla-(xi.
3897 1233 3899 1320 ξ

2248 1329 2379 1378 νοις,
2397 1311 2568 1366 ταῦτα
2580 1317 2661 1378 είς
2669 1314 2866 1387 ἑαυτοῦ
2883 1318 3173 1388 πρόσωπον
3184 1318 3656 1390 ἀναλαμϐάνω-δ,
3898 1311 3899 1368 ἶ

2249 1423 2392 1476 ρετο.
2413 1407 2648 1479 Νοήσεις
2661 1408 2718 1462 δὲ
2729 1407 2888 1462 τοῦτο
2915 1411 3216 1482 ἐπιστήσας
3229 1411 3306 1465 τῶ
3321 1411 3554 1482 λέγοντι

2255 1494 2452 1566 οὗτος·
2491 1497 2600 1565 τὰς
2628 1498 2921 1568 ἁμαρτίας
2949 1498 3120 1568 ἡμῶν
3145 1501 3328 1570 φέρει,
3380 1503 3491 1556 καὶ
3521 1505 3702 1571 περὶ

2245 1588 2551 1644 ὀδυνᾶται.
2593 1590 2686 1644 Διὸ
2718 1590 2858 1661 ὑπὲρ
2898 1592 3080 1646 αὐτῶν
3116 1592 3459 1665 ὀδυνώμενος
3483 1595 3648 1648 ἐϐόα
3674 1598 3866 1665 λέγει·

2257 1683 2374 1735 Ἐπ’
2402 1681 2508 1752 ἐμὲ
2549 1681 2800 1750 διῆλθον
2852 1686 2912 1738 αἱ
2955 1685 3125 1754 ὀργαί
3161 1700 3278 1740 σου
3310 1728 3325 1751 ,
3381 1687 3440 1740 οἱ
3492 1689 3866 1756 φοόερισβέ

542 1779 715 1834 randa
754 1779 822 1834 de
854 1779 1036 1832 medio
1085 1778 1344 1844 sustulit;
1379 1777 1452 1830 ita
1484 1786 1546 1833 ut
1591 1778 1795 1834 Sancta
1823 1787 2129 1836 sanctoruir

2239 1794 2363 1832 σου
2418 1775 2788 1846 ἐξετάραξάν
2820 1797 2917 1848 με.
2979 1780 3158 1853 Ἑὼρα
3199 1780 3308 1852 γὰρ
3345 1780 3447 1853 τὴν
3492 1782 3616 1836 οὐκ
3653 1785 3752 1847 εἰς

539 1879 594 1926 ct
633 1873 805 1926 altare
847 1883 879 1923 a
925 1867 1299 1924 fundamentis
1331 1868 1706 1934 diruercnfur,
1741 1885 2009 1943 regesque
2041 1887 2137 1928 eo-

541 1977 660 2016 rum
714 1960 808 2032 qui
861 1958 1122 2014 diulurna
1170 1967 1456 2013 atavorum
1506 1961 1862 2017 successione
1903 1961 1973 2016 ad
2003 1961 2138 2018 illud

540 2068 716 2123 usque
777 2061 994 2122 tempus
1047 2051 1405 2117 devenerant,
1451 2050 1614 2106 ﬁnem
1647 2051 1957 2122 imperandi
1988 2051 2138 2109 face-

539 2153 694 2211 rent;
720 2144 814 2213 jus
842 2151 896 2198 et
926 2141 1159 2198 facultas
1185 2144 1276 2198 illa
1307 2144 1424 2200 suis
1453 2128 1675 2198 vivendi
1701 2143 1939 2215 legibus,
1969 2159 2078 2216 qua
2105 2159 2137 2199 a

539 2238 863 2308 longissimo
897 2253 1012 2292 aevo
1045 2236 1125 2290 usi
1153 2235 1392 2301 fuerant,
1413 2236 1606 2307 legalis
1644 2236 1830 2292 cultus
1859 2252 1984 2292 cum
2017 2237 2139 2308 ipso

539 2331 874 2394 sacerdotio,
903 2346 969 2386 ac
999 2330 1228 2400 reliquis
1260 2329 1498 2386 ducibus
1532 2330 1991 2400 principibusque
2018 2331 2137 2387 suis

537 2431 1056 2501 exstinguerentur;
1090 2429 1164 2481 ita
1195 2436 1255 2481 ut
1287 2442 1355 2482 ne
1379 2427 1672 2499 vestigium
1695 2427 1916 2499 quidem
1943 2443 2134 2483 eorum

540 2519 608 2576 ad
662 2521 764 2575 hoc
813 2535 990 2590 usque
1049 2528 1267 2589 tempus
1323 2519 1608 2574 residuum
1661 2520 1949 2576 manserit.
2004 2518 2137 2586 Quae

538 2611 723 2665 omnia
769 2610 1014 2681 perpessi
1063 2619 1216 2674 sunt,
1238 2610 1320 2664 ira
1352 2608 1450 2665 Dei
1482 2626 1596 2665 non
1628 2611 1726 2666 diu
1762 2620 1888 2682 post
1922 2615 2137 2682 passio-

539 2717 662 2757 nem
691 2702 834 2772 ejus,
865 2704 934 2757 ob
965 2703 1204 2758 admissa
1239 2710 1433 2757 contra
1467 2703 1644 2774 ipsum
1673 2702 1941 2767 facinora,
1965 2711 2133 2759 totam

537 2807 729 2846 eorum
765 2799 983 2862 gentem
1009 2791 1325 2847 invadente.
1351 2791 1492 2858 Quae
1530 2793 1648 2864 ipse
1680 2793 2026 2866 significabat
2048 2795 2134 2852 his

536 2881 739 2947 verbis,
774 2880 835 2936 In
883 2897 964 2936 me
1015 2881 1343 2936 transierunt
1383 2883 1484 2937 ira:
1537 2892 1664 2948 tuae,
1699 2898 1764 2938 ac
1805 2884 1852 2939 si
1901 2883 2131 2951 diceret,

542 2971 767 3042 Propter
803 2990 883 3028 me
894 2990 914 3037 ;
955 2974 1070 3030 sive
1091 2975 1393 3030 secundum
1424 2973 1838 3048 Symmachum,
1875 2975 1982 3031 Per
2013 2993 2129 3038 me;

535 3067 665 3136 quia
725 3067 1032 3124 secundum
1091 3068 1170 3122 rei
1215 3069 1500 3124 veritatem
1530 3067 1660 3122 talia
1693 3076 1916 3138 pr0pter
1949 3069 2128 3138 ipsum

534 3161 684 3231 passi
726 3168 876 3216 sunt.
913 3159 1028 3216 lmo
1070 3161 1236 3217 etiam
1282 3161 1501 3215 illorum
1535 3161 1747 3216 cladem
1786 3161 2129 3232 prospiciens

533 3253 770 3314 dicebat,
831 3253 1081 3308 Terrores
1129 3256 1204 3307 tui
1253 3254 1698 3308 conturbauerunt
1747 3267 1848 3308 me.
1900 3252 2130 3309 Etiamsi

533 3349 680 3403 enim
718 3355 965 3403 terrores
998 3347 1114 3412 Dei,
1141 3362 1283 3418 quos
1309 3347 1444 3418 ipsis
1477 3347 1758 3417 propheta:
1806 3347 2122 3402 intermina-

533 3439 755 3505 bantur,
773 3456 869 3495 eos
887 3441 956 3495 ob
973 3440 1229 3496 duritiem
1249 3439 1432 3496 cordis
1469 3455 1578 3494 non
1595 3439 1984 3498 conturbarent
2007 3457 2021 3507 ;
2043 3454 2131 3494 me

533 3542 738 3594 tamen,
759 3532 960 3603 inquit,
980 3533 1072 3602 qui
1093 3533 1422 3588 terribilium
1445 3545 1764 3587 sermonum
1780 3539 2000 3586 tuorum
2015 3530 2130 3586 exi-

533 3633 648 3678 tqu
695 3624 1094 3694 prospicerem,
1131 3634 1370 3679 terrores
1401 3623 1479 3676 tui
1512 3622 2003 3678 conturbaverunt.
2037 3618 2129 3674 Sic

532 3716 718 3785 itaque
752 3715 822 3770 ob
855 3731 1045 3771 eorum
1088 3715 1400 3786 impietates
1423 3714 1642 3770 Patrem
1677 3728 1776 3784 pro
1799 3713 1912 3769 illis
1934 3711 2129 3782 depre-

529 3822 688 3871 cans,
725 3808 911 3862 animo
942 3808 1099 3864 valde
1123 3816 1378 3872 mmstus,
1412 3808 1774 3878 ipsorumque
1817 3819 1984 3861 causa
2010 3812 2128 3858 tur-

529 3903 711 3966 batus,
739 3903 918 3964 tristis
948 3909 1065 3957 erat
1091 3917 1266 3969 usque
1294 3899 1361 3955 ad
1398 3908 1628 3956 mortem
1665 3919 1677 3954 :
1711 3899 1841 3970 quia
1873 3898 2122 3953 immine-

529 3997 664 4051 bant
714 3997 822 4052 illis
871 3997 967 4051 ira:
1014 3995 1105 4050 Dei
1139 3997 1278 4062 tela;
1316 3996 1390 4050 ita
1423 4003 1482 4049 nt
1515 3995 1819 4058 orationes,
1853 4008 1992 4063 quas
2025 4008 2128 4063 pro

530 4089 638 4144 illis
690 4089 1000 4147 emittebat.
1030 4088 1171 4142 nihil
1223 4087 1326 4141 loci
1376 4087 1678 4142 baberent:
1711 4099 1885 4154 quare
1913 4099 2038 4140 cum
2069 4084 2125 4138 in

529 4181 840 4252 Evangeliis
875 4196 1082 4252 pronus
1111 4188 1164 4234 ct
1194 4180 1564 4250 procumbens
1597 4180 1650 4232 in
1685 4178 1879 4232 faciem
1906 4165 2126 4246 iacens-

525 4289 632 4343 que
662 4289 852 4343 preces
896 4274 1192 4339 emitteret,
1234 4273 1460 4342 Iunoque
1500 4272 1767 4325 clamaret
1796 4287 1812 4324 :
1846 4267 2036 4334 Pater,
2073 4269 2124 4322 si

524 4366 776 4436 possibile
803 4375 901 4429 est,
929 4372 1166 4419 transeat
1193 4381 1223 4419 a
1265 4380 1346 4418 me
1376 4364 1520 4418 calix
1544 4363 1643 4417 iste
1669 4363 1751 4428 τίς
1782 4361 2000 4425 deinde,
2031 4360 2124 4415 ubi

2219 1869 2377 1940 ...κρὸν
2417 1871 2876 1943 ,ἐπελευσομένην
2947 1873 3132 1936 αὐτοῖς
3174 1873 3346 1945 ὀργὴν
3373 1914 3388 1937 ,
3457 1875 3610 1944 ἣτις
3709 1879 3866 1930 a515-

2242 1959 2452 2031 ἀθρόως
2493 1961 2562 2015 τὰ
2617 1962 2792 2032 σεμνὰ
2839 1963 3017 2018 πάντα
3069 1963 3397 2036 ὲξηφάνισεν
3434 1981 3451 1996 ο
3511 1966 3604 2029 ὡς
3649 1968 3738 2020 τὰ
3787 1973 3863 2037 δέ.

2245 2055 2411 2122 ’Ἅγια
2448 2053 2802 2123 τῶνὰγίων,
2849 2055 2944 2108 καὶ
2981 2052 3044 2110 τὸ
3077 2054 3465 2128 θυσιαστήριον
3515 2059 3592 2112 ὲκ
3653 2059 3864 2131 ﬁéﬁpm

2239 2144 2579 2210 ἀπολέσθαι,
2621 2144 2876 2217 βασιλέας
2915 2147 2979 2200 δὲ
3017 2147 3223 2211 αὐτῶν,
3270 2150 3400 2215 τοὺς
3437 2151 3516 2203 ὲκ
3569 2153 3860 2220 aspersus

2238 2237 2492 2308 διαδοχῆς
2524 2239 2605 2301 είς
2625 2237 2804 2290 ἐκεῖνο
2834 2237 3032 2309 καιροῦ
3063 2237 3492 2310 διὰρκέσαντας,
3535 2241 3862 2312 καταλυθῆ-

2238 2349 2348 2396 ναι,
2393 2333 2496 2402 τήν
2535 2348 2596 2385 τε
2629 2331 2964 2402 αὐτονομίαν
3001 2331 3126 2387 καθ’
3158 2333 3227 2404 ῆν
3261 2332 3320 2400 ἐξ
3367 2334 3586 2398 αἰῶνος
3645 2336 3858 2407 panem;

2239 2425 2650 2489 ἐπολιτεύοντο,
2685 2425 2784 2480 καὶ
2813 2425 2913 2494 τὴν
2940 2427 3103 2480 κατὰ
3149 2427 3347 2499 νόμους
3388 2426 3692 2498 λατρείαν
3736 2430 3852 2498 αὖή

2239 2517 2506 2591 ἱερωσύνῃ
2538 2517 2652 2576 ,καὶ
2705 2520 2820 2581 τοῖς
2859 2519 3071 2582 λοιποῖς
3097 2519 3351 2590 ἡγεμόσι
3399 2536 3458 2574 τε
3509 2520 3736 2574 αὐτῶν
3782 2523 3852 2573 :22

2237 2609 2494 2682 ἄρχουσιν
2522 2607 2931 2681 ἀποσϐεσθῆναι
2951 2625 2979 2648 ἰ
2998 2609 3076 2672 ὡς
3107 2610 3243 2682 μηδὲ
3277 2611 3422 2682 ἴχνος
3444 2611 3653 2664 αὐτῶν
3695 2613 3848 2665 sisi:

2237 2701 2332 2754 νῦν
2371 2699 2806 2784 περιλείπεσθαι.
2841 2702 2908 2754 "A
2931 2700 2996 2772 δὴ
3030 2703 3208 2757 πάντα
3239 2703 3587 2757 πεπόνθασιν
3621 2705 3848 2773 ﬁxisti;

2237 2795 2405 2866 ὀργῆς
2431 2792 2530 2847 τοῦ
2562 2791 2722 2857 Θεοῦ,
2755 2794 2855 2864 τῆς
2892 2796 2993 2848 οὐκ
3019 2796 3102 2859 είς
3142 2795 3354 2868 μακρὸν
3383 2795 3530 2867 μετὰ
3571 2798 3645 2851 τὸ
3685 2799 3846 2860 πάθες

2237 2887 2403 2942 αὑτοῦ
2435 2886 2512 2940 -τὺ
2559 2887 2668 2940 πᾶν
2721 2886 2905 2940 αὐτῶν
2955 2887 3106 2952 ἔθνος
3160 2887 3592 2960 καταλαϐούσης
3637 2890 3743 2944 διὰ
3791 2893 3842 2943 τὰ

2235 2979 2615 3050 τετολμημένα
2646 2980 2831 3043 αὐτοῖς
2852 2981 2974 3033 κατ’
3005 2979 3173 3034 αὐτοῦ
3195 2997 3209 3010 ·
3243 2980 3364 3051 ἃδὴ
3395 2981 3597 3052 ἐδήλου
3630 2981 3840 3051 λέγων·

2248 3071 2374 3125 Ἐπ’
2405 3071 2511 3140 ἐμὲ
2549 3070 2806 3140 διῆλθον
2839 3077 2897 3128 αἱ
2947 3073 3118 3142 ὀργαί
3155 3089 3274 3127 σου
3307 3089 3322 3104 ο
3359 3073 3493 3126 ὡσεὶ
3516 3073 3698 3143 ἔλεγε
3723 3115 3742 3139 ,
3769 3076 3840 3128 Δι’

2229 3161 2335 3231 ἐμέ
2357 3178 2370 3192 ⁸
2406 3161 2439 3232 ἢ
2473 3162 2616 3217 κατὰ
2637 3163 2728 3216 τὸν
2756 3161 3074 3234 Σύμμαχον,
3102 3163 3184 3216 Δι’
3204 3163 3352 3233 ἐμοῦ
3371 3179 3386 3194 ο
3416 3161 3544 3216 ἐπεὶ
3576 3163 3683 3219 utsi.
3707 3169 3838 3218 seats

2225 3254 2321 3307 τὸν
2347 3253 2519 3326 ἀληθῆ
2568 3255 2726 3323 λόγον
2757 3255 3017 3308 διἀὑτὸν
3051 3253 3224 3309 ταῦτα
3257 3255 3434 3310 πάντα
3465 3255 3834 3310 πεπόνθασιν.

2245 3347 2404 3400 Ἀλλὰ
2453 3348 2548 3402 καὶ
2593 3347 2844 3422 προορῶν
2877 3347 3062 3401 αὐτῶν
3107 3348 3199 3402 τὸν
3241 3347 3462 3420 ὄλεθρον
3501 3349 3708 3418 ἔλεγεν
3731 3369 3746 3380 ·
3781 3354 3836 3404 Oi

2230 3437 2585 3507 φοϐερισμοί
2629 3452 2748 3492 σου
2787 3435 3165 3505 ἐξετάραξὰν
3205 3453 3302 3507 με.
3355 3439 3418 3491 Εἰ
3453 3439 3568 3509 γὰρ
3625 3441 3730 3494 καὶ
3775 3443 3836 3493 τὰ

2235 3528 2472 3600 μάλιστα
2519 3529 2606 3583 διὰ
2645 3530 2745 3602 τὴν
2781 3531 3140 3600 ἀναισθησίαν
3177 3531 3285 3583 οὐκ
3320 3531 3644 3604 νὲτάραττον
3690 3535 3833 3587 £sz-

2231 3638 2356 3685 νους
2391 3623 2441 3674 oi
2472 3620 2562 3675 διὰ
2600 3622 2710 3675 τῶν
2743 3622 3040 3695 προφητῶν
3083 3622 3468 3694 ἁπειλούμενοι
3493 3625 3624 3676 κατ’
3648 3626 3829 3679 αὐτῶν

2232 3712 2558 3784 φοϐερισμοὶ
2591 3712 2685 3766 τοῦ
2715 3712 2874 3777 Θεοῦ,
2922 3712 3039 3766 ἀλλ’
3068 3713 3190 3784 ἐμὲ,
3229 3713 3414 3784 φησὶν,
3453 3712 3681 3785 ὁρῶντα
3717 3717 3826 3769 τῶν

2231 3804 2481 3876 φοῦερῶν
2533 3822 2630 3859 σου
2676 3806 2852 3875 λόγων
2899 3808 3000 3870 τὰς
3042 3807 3328 3872 ὲκὸάσεις,
3366 3808 3740 3880 ὲξετὰρασσον
3779 3814 3824 3862 οἱ

2230 3891 2554 3964 φοϐερισμοί
2586 3910 2702 3947 σου.
2737 3892 2930 3959 Οὕτως
2963 3891 3056 3950 οὖν
3095 3896 3183 3950 διὰ
3221 3897 3320 3961 τὰς
3361 3898 3586 3952 ἐκείνων
3621 3900 3820 3956 δυσσε-

2229 3982 2385 4047 ϐείας
2415 3985 2757 4057 παρακαλῶν
2789 3987 2882 4040 τὸν
2923 3988 3146 4058 Πατέρα
3177 3989 3319 4060 ὑπὲρ
3341 3989 3547 4054 αὐτῶν,
3584 3993 3686 4046 καὶ
3719 3995 3822 4063 τὴν

2227 4072 2404 4144 ψυχὴν
2427 4075 2754 4146 ὑπεραλγῶν
2779 4077 2873 4130 καὶ
2903 4077 2972 4130 δι’
3000 4078 3199 4142 αὐτοὺς
3221 4080 3644 4151 ταραττόμενος,
3667 4084 3819 4152 περί-

2227 4164 2397 4228 λυπος
2434 4160 2502 4236 ἦν
2548 4165 2710 4239 μέχρι
2749 4167 2981 4223 θανάτου
3003 4185 3015 4198 ο
3049 4169 3238 4241 ἐπειδὴ
3275 4170 3347 4224 τὰ
3381 4172 3480 4242 τῆς
3512 4171 3691 4242 ὀργῆς
3722 4173 3816 4226 τοῦ

2227 4257 2362 4311 Θεοῦ
2395 4258 2644 4331 σφοδρῶς
2676 4262 2930 4315 ἐπέκειτο
2961 4264 3084 4316 κατ’
3113 4264 3314 4328 αὐτῶν,
3350 4264 3426 4326 ὡς
3449 4245 3580 4335 μηδὲ
3606 4268 3814 4336 τυγχά-

2226 4368 2338 4404 νειν
2371 4350 2481 4404 τῶν
2513 4351 2709 4422 εὐχῶν,
2758 4347 2833 4408 ὧν
2861 4355 3178 4427 ἀνέπεμπεν
3214 4355 3357 4428 ὑπὲρ
3384 4355 3562 4410 αὐτῶν
3584 4373 3596 4386 ·
3637 4356 3710 4411 δι’
3730 4353 3806 4411 ’ὧν

527 4457 661 4512 vidit
689 4456 867 4512 Patris
891 4457 1225 4512 voluntatem
1255 4455 1521 4518 abnuere,
1545 4453 1855 4524 subiunxit,
1898 4451 2123 4506 Verum-

2234 4443 2563 4516 παρακαλῶν
2602 4446 2695 4499 καὶ
2711 4445 2976 4516 δεόμενος
3005 4449 3062 4500 ἐν
3091 4450 3203 4511 τοῖς
3241 4447 3592 4516 Εὑαγγελίοις
3647 4466 3808 4521 προσ-

525 4557 700 4600 tnmen
730 4563 834 4600 non
878 4547 1015 4601 sicut
1035 4563 1128 4615 ego
1155 4544 1295 4610 volo,
1325 4544 1416 4598 sed
1446 4545 1584 4599 sicut
1617 4552 1672 4596 tu
1688 4543 1753 4598 “.
1783 4540 1850 4594 Et
1873 4539 2120 4596 secundo

524 4637 716 4692 abiens
743 4635 1058 4706 procumbit
1084 4637 1139 4689 in
1175 4635 1391 4698 faciem,
1409 4642 1464 4690 et
1495 4635 1584 4689 his
1610 4632 1792 4689 verbis
1819 4640 1977 4685 orat:
2007 4629 2118 4684 Pa-

524 4737 622 4791 ter,
655 4728 704 4780 si
754 4726 1006 4796 possibile
1059 4743 1163 4781 non
1201 4738 1277 4782 est
1310 4736 1370 4780 ut
1397 4726 1480 4780 hic
1511 4733 1774 4787 transeat,
1808 4723 1911 4777 nisi
1943 4721 2118 4776 bibam

521 4821 700 4883 illum,
737 4820 835 4889 ﬁat
867 4822 1110 4873 voluntas
1145 4818 1338 4883 tua";
1373 4831 1438 4870 ac
1458 4817 1619 4872 tertio
1652 4814 1934 4887 profectus
1963 4828 2122 4868 eum-

521 4912 644 4966 dem
704 4926 1012 4966 sermonem
1047 4911 1295 4981 protulit.
1323 4909 1505 4976 Quare
1535 4909 1774 4978 idipsum
1807 4907 1894 4962 bis
1932 4905 2117 4961 verbis

521 5000 866 5071 signiﬁcabat
894 5017 911 5055 :
944 4999 1164 5071 thuid,
1185 5000 1429 5065 Domine,
1450 5000 1658 5070 repellis
1677 4999 1912 5052 animum
1926 5013 2120 5055 meam.

519 5094 714 5148 avertis
771 5094 962 5162 faciem
1000 5102 1147 5147 tuam
1195 5111 1227 5147 a
1277 5095 1400 5150 me?
1423 5102 1478 5148 et
1511 5090 1756 5157 illud,ln
1779 5107 1862 5145 me
1884 5091 2114 5144 transie-

519 5196 645 5238 runt
693 5189 788 5240 irat
857 5196 1003 5250 tute,
1077 5196 1302 5240 terrores
1360 5186 1437 5240 tui
1484 5183 1931 5239 conturbauerunt
1993 5199 2097 5238 me.

519 5277 724 5332 Videtis
761 5287 941 5334 autem
971 5279 1128 5350 longe
1157 5292 1189 5332 a
1217 5277 1396 5333 salute
1441 5275 1536 5332 Dei
1569 5277 1846 5332 excidisse
1875 5291 1972 5331 eos
2003 5290 2103 5346 pro

518 5371 719 5441 quibus
767 5373 1043 5428 orationes
1097 5369 1430 5434 effundebat,
1465 5385 1566 5442 pro
1615 5370 1809 5426 iisdem
1853 5368 1955 5423 sibi
2002 5383 2100 5438 pa-

519 5475 660 5518 trum
700 5481 927 5519 suorum
957 5479 1120 5521 causa
1149 5462 1975 5523 cbarissimisetdilectissimis,
2002 5461 2123 5552 di-.

518 5558 676 5611 rebat
707 5577 720 5612 :
756 5556 1034 5627 Elongasti
1064 5575 1094 5610 α
1125 5574 1205 5613 me
1233 5558 1461 5612 amicum
1489 5567 1537 5612 et
1559 5559 1882 5627 proximum,
1910 5565 1959 5610 et
2005 5573 2098 5608 no-

591 5737 632 5764 ¹⁰
676 5734 778 5789 lsa.
815 5749 938 5796 Lm,

2229 4535 2461 4588 ἐπιπτεν
2503 4537 2719 4608 πρηνής
2755 4555 2815 4590 τε
2857 4539 2998 4593 κατὰ
3046 4538 3341 4612 προσώπου
3375 4539 3619 4610 κείμενος
3640 4541 3767 4595 ἐϐόα
3787 4581 3802 4604 ,

2232 4625 2450 4696 Πάτερ,
2484 4627 2678 4697 λέγων,
2720 4631 2775 4683 εὶ
2806 4629 3092 4694 δυνατὸν,
3122 4631 3470 4699 παρελθέτω
3511 4631 3575 4685 τὸ
3621 4633 3802 4696 ποτή-

2220 4735 2360 4786 ριον
2403 4718 2581 4774 τοῦτο
2623 4721 2726 4775 ἀπ’
2757 4720 2904 4790 ἐμοῦ
2927 4737 2940 4750 ·
2975 4716 3074 4774 εἷθ’
3112 4722 3256 4794 ὁρῶν
3301 4722 3655 4776 ἀνανεύουσαν
3703 4723 3796 4794 τὴν

2229 4810 2424 4884 βουλὴν
2465 4812 2560 4866 τοῦ
2613 4813 2862 4886 Πατρδς,
2910 4815 3145 4884 ἐπέφερε
3168 4832 3180 4845 ·
3215 4814 3390 4881 Πλὴν
3417 4814 3551 4868 ἀλλ’
3576 4816 3682 4882 οὐχ
3715 4816 3794 4881 ὡς

2225 4903 2340 4973 ἐγὼ
2367 4904 2542 4970 θέλω,
2568 4907 2713 4961 ἀλλ’
2748 4907 2828 4972 ὡς
2849 4907 2954 4960 σύ.
2992 4907 3103 4960 Kal
3129 4907 3384 4980 δεύτερον
3417 4907 3672 4970 ἀπελθὼν,
3701 4909 3788 4960 ἐπὶ

2230 4999 2524 5070 πρόσωπον
2561 4999 2771 5064 πίπτει,
2818 4999 2912 5054 καὶ
2951 4999 3314 5070 προσεύχεται
3345 5001 3548 5069 λέγων·
3585 4998 3780 5068 Πάτερ,

2221 5094 2274 5146 εί
2303 5093 2374 5146 οὐ
2405 5091 2655 5146 δύναται
2683 5091 2859 5146 τοῦτο
2885 5092 3224 5160 παρελθεῖν,
3254 5093 3363 5146 ἐὰν
3379 5091 3466 5162 μὴ
3496 5091 3629 5146 αὐτὸ
3651 5093 3776 5154 πίω,

2216 5185 2522 5257 γενηθήτω
2537 5187 2602 5241 τὸ
2624 5183 2856 5256 θέλημά
2868 5204 2984 5241 σου
3005 5201 3017 5214 ⁸
3041 5187 3135 5240 καὶ
3146 5187 3329 5259 τρίτον
3343 5187 3401 5239 δὲ
3415 5185 3684 5259 πορευθεὶς
3693 5186 3776 5240 τὸν

2223 5279 2384 5332 αὑτὸν
2399 5277 2555 5347 λόγον
2572 5277 2863 5350 προῦφερε.
2890 5278 2982 5331 Διὸ
3003 5277 3066 5349 δὴ
3080 5278 3252 5331 ταῦτα
3289 5277 3562 5349 σημαίνων
3583 5269 3672 5330 ’καὶ
3691 5275 3774 5331 διὰ

2209 5370 2320 5425 τῶν
2341 5371 2714 5442 προκειμένων
2725 5370 2910 5440 ἔλεγεν
2925 5387 2938 5400 ·
2959 5371 3092 5424 Ἵνα
3107 5371 3165 5424 τί
3183 5410 3198 5435 ,
3220 5368 3655 5438 Κύριε,ἁπωθεῖς
3667 5365 3773 5437 τὴν

2208 5461 2422 5532 ψυχήν
2442 5480 2582 5532 μου,
2621 5463 3022 5532 ἀποστρέφεις
3064 5462 3130 5516 τὸ
3181 5462 3507 5530 πρόσωπόν
3537 5476 3639 5516 σου
3673 5459 3769 5516 ἀπ’

2207 5555 2390 5626 ἐμοῦ;
2427 5556 2520 5609 καὶ⁸
2548 5555 2638 5620 τὸ,
2681 5556 2809 5610 Ἐπ’
2848 5556 2954 5626 ἐμὲ
2993 5553 3242 5624 διῆλθον
3283 5559 3341 5609 αὶ
3380 5557 3546 5625 ὀργαί
3572 5569 3686 5620 σου,
3712 5556 3766 5610 οι

1112 5737 1142 5766 ι·
1196 5733 1381 5789 Matth.
1426 5750 1593 5802 sxw,
1633 5735 1720 5790 τι).
1802 5734 1844 5766 ιι
1889 5732 2024 5789 ibid.
2108 5731 2151 5765 η
2194 5731 2326 5788 ibid.
2367 5730 2456 5785 ιε.
