3972 6812
15 318 196 376 oss
1309 303 1816 380 consummata
1859 325 1926 381 IN
1964 324 2306 382 PSALMOS.
3275 329 3412 384 1070

24 434 482 503 οϐερισμοί
516 449 633 490 σου
661 434 1035 504 ἐξετιίραξάν
1057 453 1154 506 με.
1202 437 1375 510 Ὁρῶν
1407 440 1464 493 δὲ
1499 443 1708 515 μακραί

1822 455 1903 500 tos
1961 464 2104 501 meos
2159 464 2192 500 a
2249 427 2485 500 miseria.
2519 445 2728 500 Iudicat
2758 453 2938 500 autem
2971 461 3067 501 eos
3099 445 3153 500 iu
3182 443 3411 502 Judaica

16 523 502 588 κπίπτοντας
533 526 632 596 τῆς
683 524 776 579 τοῦ
821 525 959 580 Θεοῦ
1006 528 1279 600 σωτηρίας
1318 531 1446 594 τοὺς
1474 531 1614 603 ὑπὲρ
1643 525 1708 586 ὧπ.

1829 547 1990 608 gente
2010 540 2106 610 qui
2135 538 2346 610 pridem
2370 537 2492 592 noti
2527 538 2630 592 sibi
2653 547 2706 593 et
2725 539 2886 593 amici
2908 538 3116 604 essent,
3149 538 3412 607 quoniam

21 613 138 678 Ξις
197 615 427 687 εὐχὰς
461 617 701 672 ἐποιεῖτο
733 619 1021 690 φιλτάτους
1060 619 1220 685 ὄντας
1253 609 1418 675 αὖτοῦ
1463 623 1559 676 καὶ
1589 624 1708 692 ἀγα-

1829 628 2013 697 portio
2030 609 2095 683 iet
2125 609 2418 684 Ιιωτειιὶιοε
2466 627 2642 698 ipsius
2675 635 2855 691 erant,
2893 628 2988 682 sed
3019 631 3089 682 ob
3121 642 3278 682 suam
3317 627 3412 682 in-

15 709 304 777 εητοὺς
342 707 455 762 διὰ
483 710 611 774 τοὺς
636 711 901 784 πατέρας,
947 712 1159 782 ἔλεγεν·
1206 712 1581 784 Ἐμάκρυνας
1615 716 1708 770 ὰπ⁴

1827 718 2208 776 credulitatem
2240 736 2370 776 vere
2393 721 2584 790 procul
2619 719 2688 774 ab
2713 734 2779 774 co
2811 719 3006 785 remoti
3039 726 3203 786 sunt;
3237 719 3291 774 et
3315 718 3412 790 qui

16 799 223 866 ·μοῦ
263 800 492 870 φίλον
519 803 616 856 καὶ
653 805 939 871 πλησίον,
967 805 1064 859 καί
1095 806 1238 873 τοὺς
1268 811 1578 877 γνωτούς
1596 829 1708 881 μου

1826 812 1957 866 olim
1980 813 2142 867 amici
2179 811 2418 878 fuerant,
2447 827 2569 868 sese
2593 812 2851 866 inimicos
2887 811 3328 878 constituerunt;
3358 819 3415 866 et

15 889 187 943 ὶπὸ
234 895 708 962 ταλαιπωρίας.
753 896 915 966 Δηλοῖ
951 896 1008 950 δὲ
1047 897 1171 963 τοὺς
1193 901 1250 953 έν
1278 900 1358 972 τῷ
1395 901 1538 956 ἔθνει
1577 920 1708 973 γνω-

1827 919 1952 958 cum
1992 903 2109 958 noti
2137 903 2258 973 ejus
2297 911 2514 967 essent,
2553 902 2862 958 venientem
2895 895 3074 970 ipsum
3101 915 3210 955 non
3242 915 3413 955 nove-

15 985 248 1048 ποὺς
275 984 471 1050 ὄντας
499 983 664 1041 αὑτοῦ
694 989 956 1062 πρότερον
981 992 1075 1045 καὶ
1095 991 1309 1062 φίλους⁸
1345 994 1466 1048 ἐπεὶ
1495 997 1589 1050 καὶ
1621 997 1708 1068 μέ-

1825 1002 1974 1062 runt,
2001 1010 2178 1064 neque
2207 1001 2594 1063 susceperunt.
2629 989 2874 1058 Quorum
2902 991 3146 1046 omnium
3179 1006 3349 1047 causa
3381 1006 3414 1045 a

15 1092 154 1144 po;
192 1073 377 1150 ἦσαν
410 1079 584 1134 αὑτοῦ
620 1083 716 1135 καὶ
747 1081 1081 1157 κληρονομία
1101 1103 1115 1116 ο
1149 1085 1265 1140 ἀλλ’
1292 1087 1708 1160 ἐμακρύνθησαν

1826 1078 1935 1141 Deo
1982 1085 2144 1156 longe
2186 1085 2316 1140 facti
2349 1091 2500 1150 sunt,
2535 1083 2608 1138 ob
2633 1082 2910 1155 miseriam
2941 1083 3198 1139 videlicet
3231 1091 3410 1138 suam.

15 1166 326 1239 ἀληθῶς
381 1171 489 1225 ἀπ’
534 1173 699 1227 αὑτοῦ
748 1173 838 1228 διά
891 1175 990 1248 τῆς
1031 1178 1240 1232 ἑαυτῶν
1275 1180 1571 1244 ἀπιστίας·
1621 1182 1708 1234 καὶ

1825 1177 1918 1250 Sic
1951 1180 2119 1251 igitur
2137 1194 2167 1232 a
2191 1178 2300 1232 Deo
2323 1164 2647 1233 exciderunt
2678 1176 2979 1233 secundmn
3004 1176 3136 1231 illud
3159 1176 3408 1232 dictum:

15 1260 262 1315 πάλαι
326 1263 501 1328 ὄντες
549 1264 719 1334 φίλοι,
772 1267 1002 1341 ἐχθροὺς
1048 1271 1276 1336 ἑαυτοὺς
1329 1273 1708 1346 κατέστησαν·

1823 1270 2090 1338 Quoniam
2111 1272 2202 1343 qui
2230 1271 2478 1342 elongant
2510 1289 2565 1327 se
2605 1289 2637 1325 a
2667 1281 2715 1326 te
2741 1273 2981 1342 peribunt
3003 1271 3067 1326 ιδ.
3100 1270 3278 1342 Atque
3304 1269 3412 1325 huc

15 1349 159 1401 καὶ
201 1353 484 1420 γνωστοὶ
520 1356 883 1427 τυγχάνοντες
921 1359 1107 1426 αὑτοῦ,
1156 1362 1382 1418 ὲλθόντα
1421 1365 1584 1419 αὑτὸν
1611 1367 1708 1420 οὐκ

1819 1367 2082 1422 desinunt
2106 1366 2302 1437 psalmi
2321 1364 2588 1420 Filiorum
2617 1365 2752 1420 Core
2782 1363 3054 1434 inscripti.

15 1441 442 1514 ἐπέγνωσαν
464 1489 480 1513 ,
535 1450 658 1504 οὐδὲ
707 1453 1091 1525 παρεδέξαντο.
1141 1450 1241 1510 Ὧν
1290 1459 1454 1512 ’ἑνεκα
1497 1461 1714 1515 πάντων
1753 1463 1850 1516 καὶ
1878 1461 1987 1516 άπὸ
2015 1460 2109 1514 τοῦ
2155 1459 2292 1516 Θεοῦ
2323 1458 2746 1532 ὲμακρύνθησαν
2773 1458 2839 1511 δι’
2865 1459 3042 1512 αἰτίαν
3073 1457 3174 1528 τῆς
3205 1456 3412 1511 ἑαυτῶν

16 1534 522 1610 ταλαιπωρίας.
589 1541 747 1597 Οὕτω
807 1543 853 1597 δ’
927 1543 1021 1600 οὖν
1075 1549 1168 1602 καὶ
1226 1552 1617 1605 ὲκπεπτώκασι
1672 1552 1766 1607 τοῦ
1807 1551 1941 1606 Θεοῦ
1975 1551 2118 1608 κατὰ
2141 1553 2204 1606 τὺ
2260 1552 2469 1622 φάσκον
2503 1551 2705 1620 λόγιον,
2745 1552 2863 1603 Ὅτι
2907 1552 2960 1603 οι
2997 1550 3412 1619 μακρύνοντες

18 1629 370 1701 ἑαυτοὺς
435 1637 559 1692 ἀπὸ
608 1639 1149 1698 σοῦ’ἀπολοῦνται.
1186 1646 1295 1700 Καὶ
1335 1649 1415 1712 εἰς
1451 1647 1611 1702 τοῦτο
1653 1649 2051 1722 καταλήγουσιν
2089 1652 2137 1703 οξ
2175 1649 2646 1721 ἐπιγεγραμμένοι
2688 1647 2796 1702 τῶν
2835 1646 2982 1701 υἱῶν
3000 1647 3151 1715 Κορὲ
3182 1645 3407 1717 ψαλμοί.

238 1775 626 1832 armum:
661 1781 871 1834 AIGAN
909 1782 998 1855 To
1036 1785 1389 1860 ΕΣΔΡΑΙΤῌ.
1439 1788 1571 1844 mr.

1823 1788 1873 1842 i.
1900 1785 2378 1843 lNTELLECTUS
2401 1783 2661 1856 ᾸΕΪΙῚΙΑΝ
2689 1783 3082 1840 ΕΖΒΑΙΤᾸίᾸι
3119 1782 3407 1841 XXX-VIII.

1892 1921 2060 1978 Vens.
2103 1921 2158 1975 2.
2204 1919 2606 1975 Misericordias
2637 1919 2852 1974 Domini
2891 1920 2946 1973 in
2979 1915 3234 1991 (eternum
3281 1937 3409 1975 can-

1819 2016 1964 2071 tabo.
2006 2014 2073 2069 In
2112 2015 2506 2087 generationem
2547 2023 2609 2068 et-
2643 2012 3032 2084 generationem
3080 1997 3408 2066 annuntiabo

1817 2111 2090 2166 veritatem
2121 2119 2266 2162 tuam
2296 2094 2350 2162 in
2375 2123 2464 2162 ore
2494 2123 2626 2162 meo.
2660 2106 2930 2172 Quoniam
2962 2106 3016 2160 in
3049 2105 3408 2176 sequentibus

1817 2203 2066 2256 dicturus
2114 2207 2222 2263 est,
2268 2196 2371 2252 Ubi
2401 2205 2525 2252 sunt
2575 2194 2958 2250 misericordia:
3000 2202 3106 2248 tua:
3149 2193 3402 2262 antiquet,

1817 2295 2063 2358 Domine,
2097 2309 2230 2363 quas
2247 2290 2454 2361 jurasti
2483 2288 2658 2343 David
2687 2288 2742 2342 in
2771 2287 2988 2341 veritate
3011 2287 3144 2341 tua?
3179 2285 3247 2340 iis
3283 2299 3406 2354 quae

1819 2393 2008 2458 postea
2059 2383 2302 2456 proferet
2351 2382 2465 2453 jam
2515 2380 2851 2452 respondere
2892 2378 3204 2441 antevertit,
3254 2392 3320 2433 ac
3356 2376 3404 2432 si

1816 2479 2028 2534 diceret
2056 2496 2070 2533 :
2105 2475 2334 2546 Etiamsi
2359 2475 2611 2544 humanae
2638 2488 2729 2529 res
2749 2472 2986 2526 animam
3012 2487 3188 2527 meam
3223 2470 3276 2524 in
3305 2486 3406 2540 an-

1816 2571 2055 2642 gustiam
2094 2577 2150 2624 ct
2179 2567 2578 2623 dubitationem
2627 2563 2930 2635 conjiciant
2961 2577 3026 2617 ac
3057 2563 3402 2633 perturbent,

1816 2662 2160 2734 caligineque
2209 2675 2297 2716 me
2349 2667 2404 2715 et
2459 2656 2807 2712 lnesitatione
2861 2652 3098 2708 alliciant
3148 2653 3222 2709 ob
3267 2660 3401 2717 tua,

1817 2753 2122 2816 oDominc,
2161 2750 2406 2821 judicia;
2443 2749 2518 2804 ita
2549 2757 2608 2803 ut
2637 2734 3152 2818 mox'quaestionem
3184 2759 3404 2801 movere

1815 2847 1994 2902 ausim
2020 2846 2088 2901 de
2125 2843 2437 2915 promissis,
2467 2857 2590 2914 qua:
2620 2849 2678 2896 tu
2718 2836 2863 2896 Deus
2905 2837 3174 2894 mendacii
3204 2851 3404 2908 expers

1816 2922 2008 2994 Davidi
2044 2936 2280 3002 dedisti;
2314 2943 2369 2990 et
2401 2943 2584 2988 tamen
2615 2931 3109 3003 pollicitationibus
3133 2929 3245 2984 tuis
3270 2946 3405 2985 eon-

152 1913 253 1968 Τὰ
294 1915 455 1985 ἐλέη
487 1917 594 1971 τοῦ
621 1921 844 1989 Κυρίου
876 1926 963 1990 είς
999 1925 1106 1980 τὸν
1127 1925 1311 1982 αἰῶνα
1336 1927 1574 2000 ᾄσομαι.
1613 1932 1716 1999 εις

49 2011 328 2077 γενεὰν
379 2011 486 2065 καὶ
526 2013 744 2083 γενεὰν
782 2016 1102 2088 ἀπαγγελῶ
1127 2020 1246 2088 τὴν
1283 2023 1576 2091 ἀλήθειάν
1596 2040 1714 2080 σου

56 2101 151 2151 ἐν
185 2101 282 2167 τῷ
328 2104 594 2174 στόματί
626 2124 766 2175 μου.
785 2108 1002 2181 Ἐπειδὴ
1032 2109 1236 2181 προῖὼν
1258 2111 1386 2185 ἑξῆς
1416 2113 1597 2185 μέλλει
1624 2115 1714 2169 λέ·-

59 2211 221 2262 γειν
243 2211 258 2225 ⁸
301 2197 442 2252 Ποῦ
479 2201 598 2253 εισι
635 2199 708 2254 τὰ
746 2201 885 2270 ἐλέη
927 2219 1044 2257 σου
1082 2204 1154 2258 τὰ
1186 2205 1422 2276 ἀρχαῖα,
1456 2209 1652 2277 Κύριε,
1675 2207 1716 2262 ἁ

62 2285 360 2355 ὤμοσας
381 2285 466 2353 τῷ
485 2289 667 2343 Δαυῒδ
686 2291 756 2344 ἐν
775 2291 848 2361 τῇ
870 2294 1120 2362 ἀληθείᾳ
1141 2311 1292 2360 σου;
1311 2297 1714 2371 προθεραπεύει

64 2376 150 2430 ’τὸ
190 2377 404 2448 μέλλον
437 2382 774 2454 ῥηθήσεσθαι
800 2385 888 2440 διά
912 2387 1021 2441 τῶν
1055 2390 1456 2460 προκειμένων,
1485 2391 1712 2463 δυνάμει
1781 2445 1783 2448 τ

65 2467 266 2522 τοῦτο
311 2469 531 2540 λέγων*
576 2474 639 2527 El
677 2476 772 2530 καὶ
813 2477 882 2531 τά
925 2477 1241 2550 ἀνθρώπινα
1289 2482 1590 2555 πράγματα
1613 2484 1714 2556 τὴν

74 2560 248 2631 ἐμὴν
277 2561 467 2634 ψυχὴν
495 2563 576 2627 είς
600 2565 908 2637 ἀμηχανίαν
930 2569 1238 2640 ἐμϐαλόντα
1270 2572 1547 2644 ταράττει,
1569 2572 1713 2643 ἴλιγ-

77 2653 201 2721 γόν
235 2655 298 2708 τέ
331 2673 429 2727 μοι
465 2658 560 2710 καὶ
585 2659 821 2731 ἀπορίαν
849 2662 1086 2732 ἐμποιεῖ,
1117 2663 1225 2717 τῶν
1259 2665 1387 2727 σῶν,
1429 2659 1475 2719 ὧ
1517 2666 1710 2739 Κύριε,

85 2747 428 2817 χριμάτων,
461 2748 538 2812 ὼς
564 2749 776 2820 μέλλειν
813 2754 1008 2824 μικρὸν
1033 2754 1258 2828 ὕστερον
1284 2758 1598 2830 ἀποτολμᾷν
1619 2762 1714 2814 καὶ

89 2840 366 2909 ἀπορεῖν,
397 2840 540 2913 ὑπὲρ
584 2835 659 2896 ὧν
709 2844 773 2896 σὺ
817 2845 917 2915 μὲν
959 2847 988 2898 ὁ
1029 2847 1267 2922 ἀψευδὴς
1285 2849 1418 2915 Θεὸς
1455 2852 1592 2924 πρὸς
1621 2853 1712 2907 τὸν

96 2929 286 2983 Δαυῖδ
313 2932 660 3001 ἐπαγγελιῶν
679 2936 976 3008 πεποίησαι
997 2953 1009 2965 ⁸
1034 2939 1290 2994 τάναντία
1314 2941 1372 2996 δὲ
1395 2943 1710 3016 συμϐέϐηκε

27 3053 36 3060 -
96 3024 243 3086 ταῖς
277 3027 400 3088 σαῖς
436 3025 797 3096 ὑποσχέσεσιο
830 3027 911 3082 διὸ
959 3030 1054 3084 καὶ
1099 3031 1278 3101 μέλλω
1324 3034 1504 3105 λέγειν
1528 3053 1543 3068 ⁸
1583 3037 1711 3092 Ποῦ

101 3118 240 3169 εισι
264 3117 337 3171 τὰ
373 3117 514 3186 enen
536 3133 655 3172 σου
679 3120 750 3174 τὰ
783 3121 1020 3191 ἀρχαῖα,
1051 3124 1264 3192 Κύριε;
1289 3126 1402 3179 ἀλλ’
1435 3129 1584 3198 ὅμως
1616 3148 1712 3184 πε-

105 3208 437 3278 ⁸ιτεισμένος,
464 3209 544 3262 ὅτι
579 3210 652 3281 μὴ
677 3211 1027 3282 διαψεύσεταί
1061 3231 1153 3268 σου
1181 3219 1214 3288 ή
1246 3219 1568 3288 ἐπαγγελία,
1592 3223 1712 3277 οὐδὲ

109 3300 459 3354 διαπεσεῖται
491 3303 524 3372 ἡ
555 3301 650 3355 τοῦ
682 3303 778 3357 σοῦ
811 3304 970 3374 λόγου
991 3307 1238 3380 ἀλήθεια,
1274 3312 1562 3382 προλαϐὼν
1587 3316 1713 3379 τοὺς

119 3393 423 3465 μέλλοντας
463 3395 522 3460 ἐξ
561 3395 910 3470 ἀνθρωπίνης
938 3400 1225 3467 ἀσθενείας
1251 3404 1584 3476 ῥηθήσεσθαι
1621 3426 1712 3478 μοι

114 3486 339 3555 λόγους,
366 3488 462 3560 τὴν
489 3490 732 3560 ὲμαυτοῦ
754 3491 936 3547 πίστιν
955 3495 1050 3548 καὶ
1071 3499 1132 3548 τὸ
1157 3497 1379 3562 εὐσεϐὲς
1415 3501 1516 3570 τῆς
1539 3501 1710 3572 ἐμαυ·

115 3577 224 3632 τοῦ
273 3579 494 3652 γνώμης
535 3585 1042 3656 προασφαλίςομαι·
1094 3587 1175 3640 διό
1225 3605 1398 3660 φημι⁸
1454 3591 1531 3646 Τὰ
1568 3592 1711 3662 έλέη

117 3685 266 3735 σου,
288 3672 478 3740 Κύριε,
509 3676 599 3740 εἰς
623 3675 731 3728 τὸν
749 3674 936 3729 αὶὼνα
957 3675 1199 3747 ᾄσομαι.
1234 3681 1308 3733 Οὐ
1352 3681 1460 3756 γὰρ
1494 3682 1590 3737 νῦν
1615 3684 1713 3755 μό-

123 3778 240 3827 νον,
270 3763 356 3830 ὃτε
373 3765 546 3819 ταῦτα
576 3765 724 3820 λαλῶ
755 3769 847 3822 καὶ
879 3769 1207 3843 φθέγγομαι,
1231 3772 1301 3827 τὰ
1328 3774 1452 3846 ὲλέη
1477 3775 1572 3829 τοῦ
1599 3778 1710 3830 Κυ-

127 3856 251 3927 ρίου
273 3857 487 3930 ᾅσομαι,
521 3859 656 3914 ἀλλὰ
685 3863 780 3917 καὶ¹
823 3865 882 3918 ὲν
913 3869 1028 3931 τοῖς
1077 3866 1553 3940 σκυθρωποτέροις
1584 3887 1708 3924 και-

134 3951 270 4021 ροῖς,
290 3951 379 4004 καὶ
405 3953 459 4005 ὲν
479 3953 660 4019 αὐτοῖς
688 3956 916 4022 ἐκείνοις
943 3959 1010 4012 δι’
1028 3958 1123 4025 οὓς
1148 3961 1325 4032 μέλλω
1351 3961 1530 4031 λέγειν
1550 3977 1564 3990 ·
1583 3962 1710 4016 Ποῦ

132 4042 255 4094 εισι
292 4042 358 4095 τὰ
395 4043 532 4111 ἐλέη
565 4060 684 4099 σου
704 4047 777 4101 τὰ
801 4048 1040 4117 ἀρχαῖα,
1067 4053 1275 4120 Κύριε;
1305 4053 1413 4106 Καὶ
1447 4053 1569 4106 τότε
1601 4055 1710 4126 γάρ

137 4131 234 4184 καὶ
275 4133 348 4195 εἰς
389 4133 474 4186 τὸν
516 4135 655 4212 μετὰ
691 4137 862 4192 ταῦτα
894 4143 1107 4212 χρόνον,
1140 4143 1234 4196 καὶ
1269 4143 1357 4198 διά
1385 4145 1588 4210 παντὸς
1612 4145 1708 4200 τοῦ

137 4219 329 4285 αἰῶνος
361 4222 416 4275 οὐ
456 4225 736 4296 παύσομαι
786 4229 1039 4300 άνυμνῶν
1079 4231 1147 4287 τά
1180 4233 1306 4304 ὲλέη
1350 4252 1466 4300 σου,
1513 4236 1706 4309 Κύριε,

141 4311 374 4383 ἀκριϐῶς
403 4313 572 4379 εἰδὼς,
612 4316 695 4370 ὅτι
718 4357 733 4381 ,
763 4318 909 4386 ἅπαξ
931 4322 1394 4394 ἐπαγγειλάμενος
1421 4326 1516 4390 τὰς
1547 4329 1606 4382 ὲν
1632 4328 1708 4399 τῷ

140 4402 331 4473 ψαλμῷ
359 4406 706 4478 προφητείας,
743 4409 803 4462 οὐ
827 4409 1159 4481 διαψεύσεις,
1190 4414 1284 4468 an
1308 4415 1442 4480 Θεὸς
1475 4416 1551 4472 ὢν
1583 4418 1706 4491 άλη-

150 4493 266 4566 θής.
283 4495 468 4569 Διόπερ
483 4498 544 4551 οὺ
566 4498 725 4569 μόνον
746 4501 814 4554 τὰ
825 4501 951 4574 ὲλέη
977 4521 1092 4569 σου,
1113 4504 1303 4576 Κύριε,
1329 4510 1409 4572 είς
1428 4511 1520 4564 τὸν
1532 4511 1704 4565 αίῶνα

148 4587 356 4658 ᾄσομαι,
385 4589 514 4644 ἀλλὰ
538 4593 630 4645 καὶ
655 4592 754 4664 τὴν
779 4593 1038 4665 ἀλήθειάν
1070 4613 1162 4650 σου
1195 4597 1317 4652 καθ’
1349 4599 1586 4672 ἑκάστην
1610 4619 1705 4670 γε·

153 4678 272 4733 νεὰν
295 4679 591 4749 ἀπαγγελῶ.
617 4683 681 4736 Ei
703 4684 812 4757 γὰρ
839 4687 933 4740 καί⁵
957 4687 1026 4741 τὰ
1057 4687 1296 4758 μάλιστα
1328 4691 1549 4746 τοιαῦτά
1583 4711 1708 4749 τινα

158 4769 343 4838 μεταξὺ
366 4774 662 4844 γενήσεται,
693 4775 770 4840 ὡς
804 4777 971 4843 δοκεῖ,
1009 4780 1227 4834 ἐναντία
1255 4785 1377 4846 ταῖς
1409 4787 1529 4848 σαῖς
1569 4784 1706 4856 πρὸς

156 4861 242 4914 τὸν
278 4861 418 4915 Δαυῖδ
457 4866 807 4936 ἐπαγγελίαις
837 4872 1177 4942 συμϐαίνειν,
1215 4874 1354 4928 ἀλλὰ
1395 4877 1490 4930 καὶ
1532 4876 1706 4941 οὕτως

158 4951 262 5021 ὲγὼ
293 4953 629 5021 πεπίστευκα,
663 4961 756 5014 καὶ
782 4961 999 5032 ἀληθῶς
1049 4966 1290 5036 ἐμαυτὸν
1334 4967 1590 5033 πέπεικα,
1625 4971 1707 5025 ὅτι

157 5043 258 5096 τῶν
282 5044 431 5114 λόγων
460 5063 572 5113 σου,
601 5042 647 5101 ὦ
676 5050 871 5123 Κύριε,
906 5056 939 5125 ἡ
971 5055 1200 5129 ἀλήθεια
1231 5059 1485 5114 οὐδέποτε
1516 5061 1702 5116 διαπε-

162 5137 333 5190 σεῑται.
379 5137 565 5210 Διόπερ
612 5141 702 5194 τὸν
748 5145 926 5200 πάντα
964 5165 1064 5218 μου
1097 5149 1288 5220 χρόνον
1318 5151 1418 5220 τῆς
1450 5151 1596 5223 ζωῆς
1637 5153 1698 5206 οὐ

161 5226 407 5296 παύσομαι
434 5231 486 5282 έν
515 5230 593 5301 τῷ
620 5233 848 5304 στόματί
877 5254 978 5307 μου
999 5239 1098 5311 τὴν
1123 5239 1383 5312 ἀλήθειάν
1403 5258 1496 5294 σου
1521 5244 1700 5312 άπαγ-
1725 5280 1736 5296 .

164 5319 361 5386 γέλλων.
377 5321 520 5376 Ἀλλά
541 5325 633 5378 καὶ
655 5328 986 5398 παραδιδοὺς
1006 5335 1072 5403 τῇ
1103 5334 1343 5405 ἐμαυτοῦ
1364 5340 1550 5409 γραφῇ
1569 5337 1700 5391 ταύ-

165 5430 254 5484 την
281 5415 558 5484 καταλείψω
593 5423 706 5482 τοῖς
745 5425 1247 5496 μεταγενεστέροις,
1276 5429 1357 5492 είς
1386 5429 1450 5483 τὸ
1477 5430 1571 5484 καὶ
1604 5431 1702 5483 αὑ-

168 5507 277 5570 τοὺς
302 5507 614 5564 διδάσκεσθαι
651 5529 711 5565 τε
741 5515 833 5566 καὶ
875 5513 1165 5583 μανθάνειν
1186 5518 1389 5589 ὁμοίως
1421 5521 1544 5592 ἐμοὶ
1577 5521 1700 5575 καθ’

175 5599 372 5670 ἑκάστην
396 5603 576 5670 γενεὰν
601 5604 700 5677 τὴν
730 5606 988 5679 ἀλήθειάν
1019 5626 1112 5664 σου
1155 5609 1244 5668 διὰ
1289 5612 1552 5684 στόματος
1603 5614 1700 5684 φέ-

243 5754 282 5787 ¹⁸
307 5755 421 5813 Psal.
451 5766 632 5828 Lxxu',
667 5760 756 5817 27.

1816 3031 1985 3087 traria
2033 3029 2370 3092 acciderunt,
2415 3013 2774 3097 quamobrem
2825 3023 3076 3078 dicturus
3119 3037 3264 3087 sum,
3303 3020 3405 3075 Ubi

1815 3134 1941 3178 sunt
1985 3120 2368 3177 misericordia:
2401 3130 2506 3180 tute
2539 3113 2795 3188 antique,
2818 3115 3094 3171 Domine?
3124 3123 3406 3170 verumta-

1818 3234 1943 3274 men
1982 3226 2171 3272 certus
2200 3213 2624 3286 promissionem
2671 3221 2819 3266 tuam
2847 3223 2958 3264 non
3007 3209 3217 3263 irritam
3261 3207 3400 3272 fore,

1816 3325 1996 3382 neque
2036 3308 2306 3365 sermonis
2353 3305 2432 3360 tui
2475 3305 2760 3360 veritatem
2797 3303 3073 3380 lapsuram
3106 3316 3252 3366 esse,
3282 3317 3403 3358 ser-

1817 3417 2011 3459 mones
2041 3416 2182 3472 quos
2211 3417 2276 3457 ex
2311 3401 2550 3454 humana
2584 3397 2899 3452 inﬁrmitate
2927 3395 3244 3468 prolaturus
3281 3411 3402 3450 sum

1814 3503 2184 3569 praeverteris,
2239 3493 2402 3548 ﬁdem
2457 3505 2635 3547 meam
2693 3490 3056 3560 et'pietatern
3118 3487 3405 3544 sententia

1814 3605 1950 3646 mea:
1989 3589 2148 3662 prius
2189 3584 2475 3658 proﬁteor,
2518 3599 2584 3639 ac
2619 3583 2766 3650 dico,
2806 3581 3205 3636 Misericordias
3256 3589 3400 3645 tuas,

1813 3681 2060 3746 Domine,
2091 3681 2144 3734 in
2175 3689 2431 3734 a'ternum
2461 3675 2710 3731 cantabo.
2743 3673 2861 3729 Non
2889 3678 3036 3730 enim
3083 3689 3230 3729 nunc
3258 3675 3405 3742 dun-

1813 3782 1988 3838 taxat,
2031 3789 2156 3829 cum
2206 3772 2321 3827 haec
2367 3772 2563 3842 loquor
2612 3777 2669 3825 et
2707 3767 2952 3840 profero,
2989 3766 3402 3822 misericordias

1814 3865 2032 3922 Domini
2058 3867 2317 3929 cantabo,
2348 3878 2539 3920 verum
2569 3864 2733 3918 etiam
2781 3863 2837 3917 in
2875 3861 3222 3917 tristioribus
3256 3869 3398 3922 tem-

1812 3960 2061 4032 poribus,
2093 3959 2148 4012 in
2185 3959 2323 4028 ipsis
2348 3957 2606 4012 videlicet
2634 3955 2796 4026 queis
2825 3955 3079 4010 dicturus
3109 3969 3255 4018 sum,
3299 3951 3401 4008 Ubi

1810 4062 1936 4108 sunt
1965 4050 2343 4106 misericordia:
2366 4059 2471 4104 tua:
2502 4049 2755 4120 antiqua,
2786 4047 3048 4102 Domine?
3075 4047 3232 4102 Tunc
3251 4046 3396 4101 enim

1809 4151 1865 4199 et
1896 4143 2045 4198 omni
2069 4141 2320 4212 sequenti
2355 4149 2622 4210 tempore,
2653 4139 2764 4194 imo
2793 4155 2892 4210 per
2913 4153 3078 4194 omne
3111 4139 3396 4203 saeculum,

1810 4249 1918 4290 non
1946 4233 2107 4289 linem
2131 4233 2326 4288 faciam
2356 4230 2668 4287 celebrandi
2699 4230 3111 4288 misericordias
3126 4238 3270 4295 tuas,
3291 4229 3398 4287 Do-

1810 4326 1994 4381 mine:
2021 4324 2194 4395 probe
2220 4325 2402 4380 scieus
2428 4332 2503 4390 te,
2538 4322 2760 4395 quando
2789 4323 2958 4378 semel
2986 4315 3052 4377 ea
3079 4323 3136 4378 in
3160 4313 3396 4395 prophe-

1807 4418 1886 4472 tia
1933 4417 2127 4488 psalmi
2169 4411 2448 4487 pollicitus
2488 4431 2570 4480 es,
2618 4431 2729 4470 non
2774 4414 2928 4469 irrita
2983 4415 3073 4469 illa
3121 4414 3393 4480 facturum

1806 4526 1951 4577 esse,
1979 4518 2166 4581 utpote
2197 4508 2366 4564 Deum
2397 4522 2669 4563 veracem.
2698 4505 3066 4572 Quamobrem
3099 4522 3207 4561 non
3231 4508 3395 4564 modo

1809 4601 2222 4657 misericordias
2255 4611 2400 4664 tuas,
2437 4599 2688 4663 Domine,
2725 4600 2780 4653 in
2827 4606 3093 4654 aeternum
3134 4601 3395 4669 cantabo,

1809 4695 1905 4750 sed
1947 4697 2114 4751 etiam
2145 4695 2429 4749 veritatem
2477 4701 2629 4748 tuam
2676 4707 2774 4763 per
2809 4692 3058 4763 singulas
3089 4695 3402 4764 generatio-

1808 4801 1908 4842 nes
1931 4785 2294 4841 annuntiabo.
2330 4783 2450 4839 Etsi
2484 4783 2630 4839 enim
2669 4782 2851 4854 aliqua
2883 4782 3104 4837 interim
3133 4791 3398 4850 eventura

1809 4881 1942 4944 sint,
1975 4895 2097 4949 qua:
2123 4879 2234 4932 tuis
2266 4876 2454 4932 Davidi
2478 4877 2622 4932 datis
2655 4875 3148 4948 pollicitationibus
3175 4884 3400 4932 contra-

1809 4971 1894 5026 ria
1926 4972 2248 5038 videantur;
2300 4970 2662 5026 nihilominus
2705 4980 2889 5024 tamen
2923 4970 3091 5025 credo
3133 4984 3199 5024 ac
3237 4971 3400 5040 plane

1809 5080 2135 5135 persuasum
2171 5065 2303 5118 milii
2350 5072 2456 5128 est,
2490 5077 2806 5118 sermonum
2851 5073 3094 5128 tuorum,
3142 5061 3394 5129 Domine,

1810 5153 2093 5208 veritatem
2128 5167 2411 5222 nunquam
2443 5167 2567 5207 esse
2606 5153 2906 5222 lapsuram.
2937 5151 3064 5208 [dco
3095 5168 3191 5224 per
3220 5161 3396 5208 totum

1807 5246 1934 5301 vitae
1983 5260 2117 5301 meae
2162 5253 2377 5315 tempus
2427 5261 2538 5300 non
2587 5246 2748 5300 tinem
2799 5243 2996 5301 faciam
3030 5246 3396 5301 annuutiandi

1811 5337 2099 5391 veritatem
2129 5345 2276 5390 tuam
2327 5337 2382 5390 in
2433 5352 2526 5391 ore
2571 5352 2712 5392 meo.
2748 5335 2948 5411 Verum
2984 5339 3148 5392 etiam
3187 5338 3396 5408 scripto

1811 5427 2192 5498 consignatam
2246 5429 2393 5482 illam
2432 5430 2667 5498 posteris
2713 5429 2924 5484 tradam
2956 5447 2970 5485 :
2998 5437 3060 5484 ut
3102 5429 3207 5500 ipsi
3254 5446 3395 5502 quo-

1809 5536 1938 5592 que,
1971 5519 2198 5592 perinde
2228 5528 2392 5590 atque
2417 5536 2540 5591 ego,
2593 5523 2928 5576 edoceantur
2961 5529 3017 5577 et
3043 5521 3263 5578 discant
3295 5539 3394 5596 per

1811 5613 2057 5686 singulas
2078 5613 2464 5684 generationes
2496 5614 2779 5670 veritatem
2812 5621 2966 5670 tuam
2993 5614 3051 5670 in
3079 5629 3177 5673 ore
3206 5615 3348 5674 ferre
3373 5655 3392 5686 ,
