3972 6812
39 435 242 492 073

1403 429 1912 488 COMMENTARIA
1953 395 2020 486 in
2061 431 2402 488 PSALMOS.

3325 435 3462 480 10ίᾶ

31 551 194 618 -ὰρ
233 551 336 620 τὴ
347 569 398 604 ν
443 551 754 620 ἀλήθειάν
778 567 896 606 σου
919 551 976 604 ἐν
1021 549 1342 616 Ἐκκλησία
1365 550 1568 620 ἁγίων.
1591 549 1759 620 Σαφῶ.

1891 549 2132 604 Ecclesia
2159 557 2488 604 sanctorum.
2525 543 2652 598 Ilaec
2683 559 2746 600 es
2781 555 3010 614 persona
3037 539 3134 596 Dei
3177 537 3464 594 manifeste

28 639 294 694 ταῦτα
353 641 442 694 ἐκ
491 639 798 712 προσώπου
835 639 930 692 τοῦ
965 637 1100 691 0εοῦ
1131 637 1376 712 εἴρηται·
1417 639 1610 710 διόπερ
1633 639 1782 692 δοκεῖ

28 747 174 796 α.οι
255 731 464 802 ’παρὰ
517 733 636 794 τοῖς
675 729 1080 800 Ἑϐδομήκοντα
1121 727 1378 800 ἀνωτέρω
1405 727 1656 800 εἰρῆσθαι
1683 727 1776 782 τό’

29 822 244 874 Ὀτι
283 817 552 888 εἴπως’
589 823 692 887 Εἰς
741 819 848 874 τὸν
885 818 1070 874 αἰῶνα
1099 819 1271 886 ἕλεος
1315 819 1780 890 οἰκοδομηθήσε-

28 929 224 976 ται,
271 915 366 966 ἐν
415 913 570 980 τοῖς
601 911 882 982 οὐρανοῖς
919 911 1418 980 ἐτοιμασθήσεται
1453 913 1492 980 ἡ
1527 909 1780 981 ἀλήθειά

27 1021 228 1060 σου
255 1023 274 1036 ο
325 1001 434 1070 οἷς
479 1005 822 1076 ἐπισυνῆπτε
869 1001 960 1056 τό·
1013 1001 1300 1071 Διεθέμην
1333 999 1625 1070 διαθήκην
1655 999 1780 1066 τοῖς

31 1095 482 1162 ἐκλεκτοῖς
521 1113 676 1166 μου⁸
713 1095 800 1148 ἵνα
841 1093 964 1148 καθ’
997 1093 1308 1166 ὑπερϐατὸν
1329 1093 1414 1164 εἴη
1447 1093 1620 1157 οὕτως
1641 1093 1778 1166 ἔχων

35 1187 82 1236 ὁ
131 1186 320 1250 νοῦς
359 1185 494 1240 τῶν
539 1185 950 1258 προκειμένων
993 1181 1214 1254 Ἐπειδὴ
1261 1183 1326 1236 σὺ
1367 1183 1552 1248 αὐτὸς,
1587 1177 1632 1236 ὧ
1661 1181 1778 1236 Κύ-

47 1293 224 1346 ριε,
263 1281 340 1330 ἐν
385 1279 531 1342 ταῖς
577 1279 706 1348 περὶ
747 1277 842 1330 τοῦ
877 1275 1040 1330 Δαυῖδ
1069 1277 1430 1345 ἐπαγγελίαις
1455 1273 1646 1340 εἶπας
1685 1277 1778 1340 Εἰς

45 1369 198 1423 τὸν
245 1371 466 1424 αἰῶνα
505 1369 570 1424 τὸ
597 1369 744 1434 ἔλεός
773 1387 876 1442 μου
905 1369 966 1422 τδ
993 1369 1132 1440 πρὸς
1171 1369 1264 1422 τὸν
1295 1369 1478 1434 Δαυῖδ,
1505 1369 1538 1442 ἢ
1581 1369 1676 1423 καὶ
1717 1369 1796 1422 τι

51 1463 184 1526 εἰς
241 1465 506 1526 πάντας
541 1461 864 1533 ἀνθρώπους
897 1459 1432 1532 οἰκοδομηθήσεταιι·
1467 1463 1562 1516 καὶ
1605 1479 1776 1536 προσε-

63 1553 358 1626 ἑοηκας
413 1555 638 1622 λέγων·
669 1553 954 1622 Διεθέμηί⁴
979 1551 1274 1620 διαθήκην
1315 1551 1442 1619 τοῖς
1472 1553 1778 1620 ἐκλεκτοῖς

61 1661 276 1712 μου,
333 1645 480 1716 ἦτοι
531 1643 806 1714 ἑπιλέκτῳ
851 1659 976 1714 μου,
1021 1643 1146 1698 καί·
1199 1646 1430 1714 ᾯμοσα
1471 1643 1652 1698 Δαυῒδ
1695 1643 1776 1710 τῷ

77 1735 356 1800 δούλῳ
404 1753 566 1806 μου,
615 1737 706 1788 καὶ
753 1735 822 1790 τά
873 1733 1080 1800 τούτοις
1111 1733 1410 1788 ἀκόλουθα·
1449 1733 1772 1805 πέπεισμαι,

83 1829 214 1882 ὃτι
255 1825 494 1882 οὔποτε
527 1827 1014 1900 διαψευσθήσονταί
1042 1843 1136 1880 σου
1179 1829 1236 1880 αί
1272 1825 1618 1896 ἐπαγγελίαι,
1681 1827 1776 1898 μέ-

1887 641 2034 696 dicta
2089 653 2266 696 sunt:
2305 655 2368 694 ac
2399 637 2620 693 videtur
2667 635 2800 690 mihi
2855 635 2976 690 ideo
3010 633 3152 704 apud
3187 631 3328 686 LXX
3373 647 3462 686 su-

1887 733 2072 802 perius
2121 733 2328 788 dictum
2383 729 2556 786 fuisse
2581 771 2595 796 ,
2637 729 2903 796 Quoniam
2935 727 3120 780 dixisti
3151 741 3168 778 :
3199 723 3266 778 In
3313 733 3466 780 wtero

1887 841 2012 879 num
2043 823 2408 878 misericordia
2435 819 2810 890 mdiﬁcabitur,
2829 821 2883 872 in
2909 819 3052 872 caelis
3077 815 3468 888 pra’parabitur

1883 917 2078 970 veritas
2105 915 2444 986 tua;quibus
2475 913 2590 967 haec
2611 911 2996 974 subdiderunt,
3019 907 3266 978 Disposui
3301 917 3464 962 testa-

1887 1017 2120 1062 mentum
2154 1007 2332 1062 electis
2375 1007 2540 1068 meis;
2577 1012 2636 1058 ut
2669 1017 2765 1073 per
2797 1003 3135 1074 hyperbaton
3168 999 3297 1054 dicti
3344 1013 3470 1054 sen-

1883 1099 2054 1154 tentia
2109 1102 2192 1156 sic
2237 1097 2616 1170 exprimatur:
2647 1081 2915 1162 Quoniam
2947 1101 3004 1146 tu
3051 1093 3188 1162 ipse,
3219 1089 3468 1156 Domine,

1883 1191 1940 1245 in
1969 1189 2434 1260 promissionibus
2460 1187 2680 1242 Davidis
2706 1185 2894 1240 dixisti
2931 1203 2942 1239 :
2979 1186 3036 1238 In
3069 1195 3334 1238 aeternum
3369 1183 3469 1236 mi-

1885 1281 2186 1340 sericordia
2219 1297 2338 1336 mea
2371 1295 2502 1352 erga
2539 1279 2818 1342 Daridem,
2849 1277 2964 1332 sive
2994 1291 3122 1346 erga
3149 1289 3340 1330 onmes
3371 1277 3468 1328 ho-

1885 1375 2072 1430 mines
2129 1373 2528 1438 :edilicabitur;
2589 1379 2642 1426 et
2693 1371 2810 1424 ha-c
2865 1369 3150 1438 adiecisti,
3217 1365 3470 1436 Disposui

1885 1476 2256 1522 testamentum
2301 1466 2480 1520 electis
2525 1465 2678 1526 meis,
2711 1463 2942 1529 scilicet,
2975 1461 3152 1516 electo
3195 1475 3338 1522 meo,
3391 1467 3464 1524 et,

1881 1559 2074 1614 Juravi
2109 1557 2276 1613 David
2307 1575 2452 1612 serra
2481 1573 2612 1622 meo,
2645 1565 2702 1610 et
2733 1567 2928 1610 caetera
2951 1575 2962 1610 :
2989 1569 3312 1624 persuasum
3337 1551 3466 1606 mihi

1881 1660 1968 1708 est
2005 1651 2278 1722 prrmissa
2339 1657 2432 1702 tua
2477 1663 2758 1718 nunquam
2821 1647 2981 1700 irrita
3015 1645 3154 1708 fore,
3187 1643 3282 1698 sed
3339 1659 3465 1698 vera

1884 1743 2151 1814 ﬁrmaque
2185 1757 2446 1796 mansura
2481 1755 2650 1804 esse;
2683 1737 2778 1794 sed
2833 1753 2944 1792 non
2993 1737 3092 1800 ita,
3131 1745 3188 1790 ut
3219 1737 3272 1790 in
3321 1747 3464 1790 terra

1883 1833 2188 1888 consistant
2223 1853 2234 1886 :
2267 1847 2445 1902 neque
2490 1831 2636 1886 enim
2669 1837 2888 1884 terrena
2935 1837 2990 1880 et
3045 1829 3270 1884 sensilia
3315 1837 3464 1896 sunt,

97 1935 230 1971 νου
243 1935 310 1971 σι
333 1918 398 1972 δὲ
451 1917 680 1990 ἀληθεῖς
711 1917 806 1972 καὶ
837 1918 1198 1972 ἀδιάπτωτον
1229 1917 1346 1972 ἀλλ’
1379 1919 1478 1988 οὐχ
1511 1917 1652 1972 ὥστε
1685 1919 1759 1972 ἐπ

1881 1937 2060 1994 neque
2087 1923 2302 1978 venalia
2357 1931 2413 1976 et
2461 1921 2612 1976 brevi
2671 1928 2918 1990 tempore
2963 1919 3252 1982 duratura,
3285 1919 3464 1990 qualis

101 2009 242 2082 τῆς
293 2011 414 2080 γῆς
463 2009 818 2064 συνίστασθαι
857 2011 1059 2074 αύτάςο
1109 2011 1229 2064 οὐδὲ
1259 2009 1370 2084 γάρ
1411 2011 1646 2078 ἐπίγειοι
1685 2013 1782 2066 καί⁵

109 2101 458 2172 αἰσθηταὶ,
495 2101 618 2155 οὐδὲ
659 2101 864 2174 ὠνηταὶ
899 2101 992 2156 καὶ
1017 2101 1368 2174 ὀλιγοχρόνιοι
1399 2103 1776 2174 τυγχάνουσιν,

113 2189 268 2258 οἷός
311 2197 477 2248 ἐστιν
513 2197 542 2248 ὁ
575 2193 684 2248 τῶν
715 2193 1018 2266 ἀνθρώπων
1053 2195 1186 2266 βίος,
1233 2193 1348 2250 ἀλλ’
1381 2197 1640 2250 ἀθάνατοι
1685 2197 1780 2250 καὶ

119 2285 378 2338 aid;th
407 2287 510 2340 καὶ
543 2289 608 2358 τῇ
639 2289 704 2358 σῇ
735 2285 949 2358 θεότητι
986 2289 1531 2362 πρέπουσαι.Διόπερ
1557 2289 1656 2342 οὐκ
1685 2289 1778 2342 ἐπὶ

119 2379 256 2448 τῆς
287 2379 424 2450 γῆς,
459 2379 580 2432 ἀλλ’
607 2381 666 2432 ὲν
697 2381 808 2442 τοῖς
837 2381 1088 2452 οὐρανοῖς
1113 2383 1570 2454 ὲτοιμασθήσεται
1591 2383 1624 2453 ἡ
1647 2381 1780 2450 ἀλή-

125 2469 284 2522 θεια,
343 2467 458 2522 τῶν
515 2469 624 2523 σῶν
673 2471 810 2542 πρὸς
841 2471 935 2525 τὸν
963 2471 1126 2526 Δαυῒδ
1159 2473 1520 2542 ἐπαγγελιῶν.
1539 2473 1686 2527 ’Λντὶ
1717 2471 1776 2526 δὲ

127 2557 252 2610 τοῦ
279 2575 293 2588 ⁸
339 2557 638 2628 Διεθέμην
681 2557 974 2628 διαθήκην
1015 2561 1142 2626 τοῖς
1190 2561 1496 2630 ἐκλεκτοῖς
1533 2581 1676 2632 μου,
1725 2565 1774 2616 οἱ

28 2705 32 2708 _
131 2649 348 2704 λοιποὶ
389 2651 596 2714 πάντες
633 2651 994 2722 ἐρμηνευταίο
1029 2651 1114 2718 Τῷ
1143 2653 1437 2722 ἐπιλέκτῳ
1453 2671 1595 2722 μου,
1623 2655 1774 2726 εἰρή-

28 2727 32 2732 ’
141 2759 324 2796 κασι.
355 2743 468 2796 Καὶ
517 2741 719 2812 μᾶλλον
754 2743 983 2814 ἁρμόζει
1017 2747 1084 2814 τῇ
1115 2743 1324 2824 διανοίᾳ
1356 2747 1388 2818 ἡ
1416 2745 1642 2816 τοιαύτη
1685 2745 1776 2799 ἕκ-

147 2829 322 2896 δοσις
343 2847 356 2862 ·
389 2831 514 2884 οὐδὲ
535 2831 644 2904 γὰρ
665 2833 794 2903 περὶ
825 2832 1032 2886 πολλῶν
1059 2835 1208 2892 ἐστιν
1235 2837 1263 2888 ό
1287 2834 1462 2904 λόγος,
1485 2835 1620 2890 ἀλλά
1645 2853 1712 2890 πε
1721 2835 1774 2907 pi

159 2923 344 2994 μόνου
389 2925 484 2978 τοῦ
525 2923 720 2979 Δαυῖδ·
765 2925 914 2996 αὐτῷ
953 2925 1082 2999 γὰρ,
1116 2927 1270 2998 φησι,
1303 2929 1396 2982 καὶ
1429 2927 1639 3000 ὤμοσα,
1675 2929 1772 2982 ἆτε

155 3013 350 3086 δούλῳ
373 3031 476 3086 μου
499 3015 614 3070 ὄντι
633 3017 728 3070 καὶ
747 3017 1018 3088 ἐπιλέκτῳ
1039 3036 1160 3090 μου.
1181 3021 1256 3074 Οὐ
1277 3021 1384 3092 γὰρ
1403 3021 1562 3094 ἢρκει
1585 3021 1773 3092 ἁπλῶς

161 3111 460 3168 διαθέσθαι
489 3113 638 3184 αύτῷ
661 3113 948 3186 διαθήκην,
984 3115 1174 3188 ὥσπερ
1211 3117 1466 3189 διεθέμην
1503 3117 1580 3190 τῷ
1623 3117 1768 3184 Νῶε,

1882 2013 2164 2070 hominum
2197 2013 2308 2068 vita
2342 2021 2466 2078 est;
2511 2011 2610 2068 sed
2644 2011 2995 2076 immortalia,
3031 2019 3234 2066 acterna
3263 2017 3318 2066 et
3351 2009 3448 2064 dei-

1881 2105 1978 2160 tati
2007 2113 2112 2160 tum
2137 2105 2518 2176 congruentia.
2554 2101 2902 2174 Quapropter
2935 2117 3043 2156 non
3080 2103 3133 2156 in
3158 2111 3327 2168 terra,
3367 2101 3460 2158 sed

1879 2199 1936 2252 in
1987 2198 2146 2254 ccelis
2187 2195 2824 2268 prazparabiturveritas
2875 2211 3066 2250 eorum
3118 2193 3458 2266 qua'Davidi

1877 2271 2158 2360 pollicitus
2191 2304 2272 2346 cs.
2305 2287 2414 2344 Pro
2443 2289 2538 2342 illo
2567 2295 2772 2354 autem,
2809 2287 3060 2356 Disposui
3091 2293 3460 2342 testamentum

1875 2382 2052 2435 electis
2087 2381 2238 2446 uicis,
2273 2381 2472 2452 reliqui
2505 2395 2700 2436 omnes
2741 2379 3094 2450 interpretes,
3119 2377 3300 2432 Electa
3325 2393 3458 2442 meo,

1877 2469 2154 2526 dixerunt.
2193 2469 2326 2538 Quae
2378 2487 2510 2528 sane
2573 2471 2950 2546 interpretatio
2981 2485 3122 2525 verre
3173 2469 3458 2526 sententia'

1877 2563 2054 2633 magis
2077 2563 2368 2634 congruit:
2399 2579 2508 2617 non
2541 2563 2688 2618 enim
2721 2562 2788 2618 de
2813 2561 2999 2617 multis
3032 2575 3214 2616 sermo
3243 2561 3456 2624 est,sed

1875 2651 1944 2706 de
1971 2667 2080 2706 uno
2121 2649 2358 2718 Davide;
2393 2652 2496 2722 ipsi
2547 2653 2750 2723 quippe
2799 2652 3000 2722 juravi,
3035 2651 3234 2724 inquit,
3275 2661 3457 2722 utpote

1877 2761 2038 2800 servo
2079 2760 2202 2800 meo
2251 2755 2306 2798 et
2335 2744 2510 2800 electo
2561 2759 2712 2800 meo.
2753 2743 2942 2814 Neque
2985 2743 3130 2800 enim
3173 2745 3310 2800 satis
3340 2753 3450 2800 erat

1875 2835 1976 2905 ipsi
2013 2843 2400 2892 testamentum
2429 2837 2744 2906 disponere,
2771 2837 2912 2892 sicut
2939 2835 3074 2900 Noe,
3109 2845 3300 2906 postea
3327 2853 3456 2892 vero

1873 2925 2210 2992 Abrahamo,
2241 2929 2546 2998 deindeque
2595 2929 2722 2984 liliis
2777 2927 2942 2984 Israel
2995 2929 3052 2982 in
3097 2927 3318 2984 deserto
3362 2943 3454 2998 per

1873 3017 2112 3090 Moyscm
2145 3019 2392 3090 disposui
2421 3039 2434 3074 :
2463 3035 2590 3074 nam
2625 3035 2750 3074 eum
2779 3021 2846 3076 iis
2876 3021 3366 3090 sinejuramento;
3402 3027 3458 3074 at

1873 3127 2000 3167 cum
2046 3111 2242 3174 electo.
2281 3127 2440 3168 servo
2471 3121 2524 3168 et
2559 3111 2760 3168 famulo
2797 3127 2919 3169 meo
2957 3111 3181 3176 Davide,
3209 3112 3456 3168 adhibito

167 3205 278 3260 καὶ
309 3207 446 3276 μετά
475 3205 648 3260 ταῦτα
679 3207 756 3279 τῷ
791 3207 1062 3280 Ἀϐραάμ,
1093 3209 1188 3264 καὶ
1231 3209 1390 3264 πάλιν
1419 3212 1536 3282 μετ’
1563 3213 1759 3266 ἐκεῖνοι

1870 3203 2250 3274 jurejurando,
2275 3201 2452 3258 ltedus
2475 3213 2528 3258 et
2553 3201 2938 3259 testamentum
2973 3201 3288 3258 iniiJuravi
3307 3203 3454 3260 enim

169 3299 294 3360 τοῖς
309 3270 452 3360 ⁷υἱοῖς
489 3299 705 3371 Ἰσραὴλ
727 3270 829 3354 ’ἐπὶ
859 3270 960 3370 si};
985 3270 1194 3372 μου
1215 3301 1302 3355 διὰ
1327 3270 1591 3366 Μιοσέως·
1625 3301 1759 3356 ὲκεί-

1870 3270 2006 3364 ipsi'
2035 3293 2276 3349 futurum
2309 3311 2434 3350 esse
2471 3305 2532 3350 ut
2559 3311 2742 3350 semen
2783 3296 2904 3366 ejus
2929 3295 2983 3350 in
3005 3305 3270 3352 aeternum
3311 3311 3454 3368 prte-

173 3405 296 3450 νοις
341 3387 450 3460 γὰρ
489 3389 610 3460 δίχα
641 3391 1016 3462 ὁρκωμοσίας·
1045 3391 1124 3464 τῷ
1153 3393 1198 3446 δ’
1231 3393 1502 3466 ὲπιλέκτῳ
1539 3411 1638 3466 μου
1673 3395 1768 3448 καὶ

175 3479 266 3550 τῷ
313 3479 430 3552 ἐμῷ
473 3481 764 3556 θεράποντι
811 3485 906 3540 καὶ
957 3483 1128 3556 δούλῳ
1153 3485 1318 3538 Δαυῒδ
1343 3485 1598 3559 διεθέμην
1629 3487 1768 3558 μετὰ

175 3575 348 3646 ὅρκου
381 3573 742 3647 παραλήψεως
761 3594 774 3608 ·
813 3577 1002 3649 ὤμοσα
1045 3579 1156 3650 γὰρ
1197 3577 1346 3650 αὐτῷ
1373 3581 1502 3654 περὶ
1531 3579 1626 3634 τοῦ
1657 3579 1766 3634 δεῖν

175 3663 246 3718 τὸ
299 3665 508 3736 σπέρμα
553 3667 718 3720 αὑτοῦ
769 3671 850 3732 είς
875 3669 972 3722 τὸν
1009 3670 1184 3724 αἰῶνα
1215 3671 1526 3742 ἑτοιμάσειν
1555 3671 1764 3727 καὶτὸν

179 3755 370 3828 θρόνον
397 3759 560 3812 αὐτοῦ
585 3759 982 3832 οἰκοδομήσειν,
1019 3765 1116 3818 καὶ
1143 3765 1246 3820 οὐκ
1281 3767 1362 3830 εἰς
1390 3765 1518 3836 μίαν
1549 3767 1762 3834 γενεάν,

181 3845 300 3898 ἀλλ’
329 3849 406 3910 είς
447 3847 640 3916 γενεὰν
685 3851 776 3902 καὶ
801 3853 1012 3920 γενεάν.
1043 3853 1178 3926 Περὶ
1203 3853 1260 3906 δὲ
1285 3853 1380 3908 τοῦ
1413 3855 1642 3926 ὀμνύναι
1669 3857 1762 3910 τὸν

183 3937 338 4002 Θεὸν,
363 3941 390 3992 ό
415 3939 892 4010 ίερὸςἈπόστολος
919 3945 976 3996 ἐν
1005 3947 1068 4015 τῇ
1087 3945 1228 4016 πρὸς
1261 3947 1542 4018 Ἐϐραίους
1565 3949 1758 4020 φησίνο

190 4027 316 4082 Ἵνα
337 4029 428 4084 διὰ
455 4029 558 4084 δύο
597 4033 954 4102 πραγμάτων
981 4037 1372 4104 ἀμεταθέτων,
1411 4040 1482 4092 ἐν
1513 4035 1604 4104 οἷς
1625 4039 1762 4094 ἁδύ·

191 4135 372 4174 γατον
391 4123 726 4190 ψεύσασθαι
755 4125 862 4178 τὸν
897 4127 1066 4192 Θεὸν,
1093 4131 1350 4198 ἰσχυρὰν
1375 4131 1764 4200 παράκλησιν

195 4211 432 4282 ἔχωμεν.
459 4217 594 4268 Κατ’
627 4217 878 4270 ἐπίτασιν
911 4219 1024 4290 γὰρ
1055 4221 1302 4290 μείζονος
1325 4221 1762 4288 διαδεδαιώσεως

197 4303 292 4358 καὶ
319 4305 464 4376 ὅρκος
495 4306 864 4378 παρείληπται
896 4309 976 4378 τῷ
1005 4309 1144 4380 Θεῷ.
1183 4311 1342 4366 Κατά
1367 4315 1514 4378 τίνος
1544 4315 1600 4368 δὲ
1619 4316 1648 4368 ό
1669 4317 1762 4388 ὅρ-

197 4411 292 4460 κος
321 4396 436 4466 ἑξῆς
473 4398 672 4472 προῖὼν
701 4399 946 4454 διδάσκει
975 4399 1148 4478 λέγωγ
1167 4418 1179 4431 ·
1225 4403 1411 4468 ’Ἀπαξ
1446 4403 1654 4476 ὤμοσα
1689 4407 1762 4460 ἐν

199 4487 278 4556 τῷ
293 4487 424 4558 ἁγίῳ
439 4489 752 4556 μου.Ἕνθα
781 4493 876 4546 καὶ
903 4493 1242 4564 ἐπιστήσεις,
1271 4496 1356 4559 τίς
1379 4513 1508 4550 ποτε
1531 4499 1638 4568 ἄρα
1665 4492 1758 4552 οὗ·

1871 3391 2120 3454 paretur,
2145 3391 2200 3440 et
2217 3385 2448 3440 thronus
2479 3385 2602 3454 ejus
2617 3385 2938 3452 aedificetur,
2959 3403 3068 3442 non
3091 3387 3146 3442 in
3165 3401 3330 3442 unam
3363 3401 3456 3458 ge-

1871 3473 2236 3540 nerationem,
2279 3473 2376 3530 sed
2399 3475 2452 3528 in
2487 3476 2896 3546 generationem
2929 3485 2982 3532 et
3015 3477 3448 3546 generationem.

1867 3563 1980 3620 Cur
2013 3573 2195 3620 autem
2233 3565 2376 3622 Deus
2399 3565 2690 3636 juraverit,
2723 3566 2780 3622 S.
2805 3567 3102 3638 Apostolus
3125 3569 3180 3624 in
3209 3567 3454 3638 Epistola

1869 3657 1938 3714 ad
1971 3655 2230 3713 Hebraeos
2253 3659 2580 3714 testiﬁcatur
2607 3679 2622 3715 :
2651 3659 2718 3714 Ut
2747 3677 2838 3730 per
2857 3659 2996 3716 duas
3029 3677 3112 3716 res
3135 3661 3450 3726 immobiles,

1865 3751 2054 3824 quibus
2093 3751 2418 3822 impossibile
2471 3763 2548 3808 est
2593 3753 2810 3808 mentiri
2847 3753 3050 3818 Deum,
3097 3753 3452 3823 fortissimum

1866 3845 2120 3900 solatium
2159 3845 2448 3900 habeamus
2473 3845 2536 3900 “.
2563 3845 2700 3900 Nam
2730 3847 2798 3901 ad
2829 3847 3204 3904 accessionem
3227 3847 3452 3916 majoris

1865 3936 2210 3992 eertitudinis
2227 3933 2754 4004 Deusjnramentum
2769 3937 3036 3994 adhibuit.
3057 3937 3158 3994 Per
3175 3953 3334 4008 quem
3353 3951 3422 3992 au

1865 4035 1972 4082 tem
1991 4029 2347 4100 juraverit,in
2367 4031 2726 4100 sequentibus
2743 4031 2906 4086 docet
2925 4031 3012 4086 his
3031 4031 3216 4088 verbis
3233 4051 3254 4086 :.
3275 4031 3450 4086 Semel

1855 4121 2041 4192 ,ἱκναυὶ
2091 4125 2146 4176 in
2199 4134 2384 4178 sancto
2443 4141 2576 4180 meo.
2626 4123 2728 4180 Ubi
2785 4125 3092 4196 perpendes
3125 4125 3216 4196 qui
3259 4127 3332 4180 sit
3361 4127 3448 4182 ille

1863 4227 2092 4272 sanctus
2123 4215 2242 4281 Dei,
2269 4233 2366 4286 per
2397 4233 2558 4287 quem
2581 4219 2740 4289 quasi
2763 4235 2858 4288 per
2877 4217 3076 4280 Filium
3103 4219 3446 4290 unigenitum

1859 4305 2046 4374 jurat,
2089 4307 2158 4360 ad
2215 4307 2642 4376 promissionem
2705 4309 2932 4362 omnino
2987 4293 3444 4364 conﬁrmandam.

1866 4399 2012 4456 Sane
2043 4417 2173 4456 vero
2217 4409 2470 4456 sanctum
2507 4403 2660 4456 illum
2689 4403 2772 4456 vel
2803 4401 3080 4458 daemones
3109 4403 3162 4456 in
3199 4401 3444 4472 Evange-

1863 4493 1952 4548 liis
1969 4493 2208 4548 confessi
2235 4501 2386 4552 sunt.
2413 4509 2538 4548 cum
2567 4495 2952 4564 divinam'ejus
2979 4503 3322 4564 potestatem,
3339 4509 3442 4564 qna

201 4593 290 4642 τος
321 4575 380 4652 ἦν
409 4581 434 4634 ὁ
471 4579 620 4648 ἅγιος
665 4581 758 4636 τοῦ
805 4583 962 4649 Θεοῦ,
999 4585 1120 4638 καθ’
1145 4580 1206 4640 οὗ
1241 4587 1470 4658 ὄμνυσιν
1509 4590 1586 4654 ὡς
1615 4593 1756 4646 κατὰ

1870 4601 1922 4640 se
1967 4587 2232 4656 puniebat
2277 4593 2332 4640 et
2371 4586 2626 4655 cjiciebat
2655 4603 2764 4642 non
2795 4587 3054 4650 ferentes,
3093 4589 3208 4642 haec
3239 4587 3446 4640 clama-

207 4669 326 4722 Υίοῦ
345 4671 660 4742 μονογενοῦς,
685 4675 766 4736 εἰς
791 4675 854 4728 τὸ
877 4676 936 4742 ἐξ
955 4677 1194 4742 ἅπαντος
1211 4679 1280 4732 τὰ
1303 4679 1400 4750 τῆς
1419 4681 1752 4750 ἐπαγγελίας

207 4761 552 4834 κῳτυνθῆναι.
587 4763 692 4817 Τὸν
743 4765 844 4836 μὲν
891 4763 985 4820 οὖν
1033 4767 1186 4836 ἅγιον
1223 4769 1534 4842 ὡμολόγουν
1579 4773 1674 4826 καὶ
1701 4775 1752 4826 oi

211 4853 430 4926 δαίμονες
451 4857 500 4908 ἐν
529 4858 642 4921 τοῖς
671 4857 1046 4928 Εὑαγγελξοις,
1067 4859 1156 4912 ὅτε
1189 4861 1264 4931 μὴ
1295 4861 1551 4932 φέροντες
1583 4863 1750 4918 αὑτοῦ

211 4947 302 5019 τὴν
327 4947 480 5002 ἔνθεον
503 4947 730 5022 δύναμιν
753 4951 1080 5022 κολαστικὴν
1101 4949 1162 5006 οὗ
1171 4971 1266 5008 σαν
1287 4955 1468 5008 αὐτῶν
1515 4957 1608 5010 καὶ
1647 4957 1750 5010 ἀπ-

213 5039 480 5110 ελαστικὴν,
509 5037 676 5094 ἐϐόων
721 5041 968 5110 λέγοντες
987 5061 1002 5076 ο
1059 5045 1166 5098 Ἔα
1185 5085 1200 5106 ,
1241 5045 1298 5098 τί
1323 5043 1466 5114 ἡμῖν
1487 5047 1586 5100 καί
1625 5047 1746 5110 σοὶ,

224 5131 392 5198 Ἰησοῦ
429 5131 750 5202 Ναζαρῆνες
781 5134 1042 5204 Οιδαμέν
1067 5153 1140 5190 σε
1161 5139 1254 5202 τίς
1285 5135 1358 5200 εἷ,
1385 5141 1420 5192 ὁ
1445 5137 1612 5208 ἅγιος
1643 5140 1750 5194 τοῦ

217 5223 364 5282 θεοῦ.
389 5225 522 5280 Κατὰ
557 5226 748 5280 τούτου
785 5229 968 5280 τοίνυν
999 5231 1168 5300 όμνὺς
1197 5233 1226 5284 ὁ
1257 5231 1410 5296 θεὸς,
1445 5229 1534 5286 οἷα
1565 5233 1772 5304 πατὴρ·

215 5313 340 5366 κατὰ
369 5315 658 5382 μονογενοῦς
699 5317 792 5370 καὶ
833 5318 1118 5386 ἀγαπητοῦ
1167 5319 1306 5382 υἱοῦ,
1343 5319 1422 5390 τῷ
1447 5321 1610 5376 Δαυῒδ
1649 5321 1750 5394 τὴν

215 5407 494 5474 ἐπαγγελίαν
547 5409 806 5462 ἐποιεῖτοο
835 5413 902 5464 Ὃ
965 5409 1028 5480 δὴ
1089 5413 1182 5464 καὶ
1233 5413 1472 5468 διδάσκει
1533 5415 1706 5482 λέγων
1731 5433 1744 5446 ’

221 5497 380 5562 "Anuli
401 5497 580 5570 ὡμοσα
603 5501 668 5554 ἐν
703 5499 784 5566 τῷ
811 5501 960 5571 ἁγίῳ
987 5521 1128 5570 μου,
1159 5507 1210 5558 εί
1257 5504 1338 5572 τῷ
1381 5505 1566 5562 Δαυῒδ
1595 5507 1744 5574 ψεύ-

223 5603 391 5657 σομαι.
413 5591 574 5658 Ζητῶν
609 5591 668 5644 δὲ
711 5592 838 5663 παρ’
863 5593 1086 5663 ἐμαυτῷ
1111 5595 1210 5664 τὴν
1241 5597 1438 5662 αἰτίαν,
1467 5599 1536 5652 δι’
1559 5601 1626 5670 ἦν
1657 5601 1746 5654 οὐ-

225 5679 318 5732 δενὶ
338 5679 416 5748 μὲν
435 5679 558 5750 ἄλλῳ
587 5681 694 5734 τῶν
727 5683 922 5750 ἁγίων,
951 5685 1098 5754 μόνῳ
1125 5685 1180 5737 δὲ
1209 5685 1288 5760 τῷ
1307 5687 1468 5742 Δαυῖδ
1489 5689 1558 5742 δι’
1577 5693 1742 5762 ὅρκου

293 5835 472 5892 ¹⁸11ο1ξτ
517 5855 586 5902 rt,
631 5839 712 5892 18.
791 5843 832 5872 ’⁵
871 5839 1004 5896 Luc.
1043 5855 1116 5904 Iv,
1151 5841 1238 5896 ει.

867 6435 880 6441 ι-
905 6433 1384 6446 *θην-*ψ

1861 4677 1996 4732 bant
2027 4697 2038 4730 :
2077 4675 2226 4740 Sine,
2246 4679 2372 4748 quid
2399 4677 2548 4734 nobis
2581 4689 2630 4734 et
2655 4679 2778 4740 tibi,
2805 4677 2936 4732 Jesu
2977 4677 3298 4736 Nazarene?
3329 4676 3446 4733 No-

1857 4773 2024 4826 uimus
2059 4781 2108 4826 te
2131 4775 2372 4843 quissis,
2393 4783 2610 4828 sanctus
2633 4773 2730 4828 Dei
2753 4774 2816 4826 ¹⁶.
2837 4773 2942 4828 Per
2971 4773 3116 4828 hunc
3149 4773 3332 4842 itaque
3350 4773 3442 4842 ju-

1858 4879 1994 4922 rans
2023 4863 2188 4928 Deus,
2223 4873 2284 4920 ut
2317 4877 2472 4937 pater
2493 4883 2590 4938 per
2611 4867 2956 4938 unigenitum
2985 4873 3040 4918 et
3077 4867 3336 4922 dilectum
3381 4863 3442 4917 ti-

1858 4957 2014 5016 lium,
2061 4955 2250 5010 Davidi
2309 4957 2732 5027 promissionem
2769 4957 2956 5012 dabat.
3009 4953 3164 5022 Quod
3215 4955 3331 5024 ipse
3367 4953 3440 5008 ita

1857 5047 2016 5104 docet
2041 5069 2054 5102 :
2085 5047 2258 5104 Semel
2271 5049 2454 5118 juraei
2479 5051 2532 5103 in
2551 5059 2736 5104 sancto
2759 5067 2894 5114 meo,
2921 5051 2968 5104 si
2995 5047 3166 5104 David
3181 5046 3434 5100 mentiar.

1849 5141 1988 5196 Cum
2035 5151 2220 5196 autem
2253 5157 2464 5198 mecum
2505 5157 2826 5212 quaererem,
2849 5159 2950 5196 cur
2981 5141 3186 5197 nernini
3221 5147 3438 5194 sancto-

1851 5251 1996 5300 rum,
2025 5235 2134 5290 nisi
2169 5235 2384 5300 Davidi,
2419 5237 2840 5306 promissionem
2873 5237 2942 5291 de
3001 5235 3210 5290 semine
3261 5231 3438 5302 ipsius

1851 5341 1976 5380 cum
2009 5327 2328 5396 jnramento
2367 5325 2514 5380 Deus
2551 5327 2818 5394 ediderit;
2855 5327 2996 5380 hanc
3023 5341 3108 5378 Ine
3131 5321 3436 5392 deprehen-

1853 5417 2000 5472 disse
2043 5433 2268 5472 causam
2309 5421 2520 5474 azstimo
2559 5441 2570 5475 :
2605 5421 2848 5491 comperi
2907 5431 3144 5486 namque
3173 5415 3432 5470 Davidem

1853 5515 1980 5564 ante
2009 5509 2156 5562 illam
2197 5525 2228 5564 a
2263 5509 2374 5564 Deo
2421 5511 2522 5566 sibi
2575 5512 2758 5566 datam
2815 5507 3238 5580 promissionem
3279 5505 3434 5578 jura.

1853 5611 2042 5656 mento
2093 5619 2256 5658 usum
2307 5603 2500 5658 fuisse.
2549 5603 2776 5658 iurasse
2829 5611 3010 5654 autem
3049 5601 3228 5672 ipsum
3270 5599 3430 5656 docet

1855 5689 2096 5762 Spiritus
2143 5693 2364 5750 divinus
2399 5695 2454 5750 in
2497 5711 2680 5762 cum,
2717 5693 2956 5748 dicens:
3001 5689 3284 5760 Memento,
3327 5691 3434 5746 Do-
