3972 6812
477 500 482 505 -
523 473 661 530 1075

1167 472 1440 531 EUSEBII
1487 471 1974 530 CASSARIENSIS
2008 471 2160 527 OPP.
2207 470 2389 527 PARS
2423 471 2510 527 Ill.
2553 501 2621 512 —
2662 469 3068 532 EXEGETICA.
3657 477 3720 528 ις.

520 593 680 654 mine,
715 590 908 656 David,
964 601 1014 646 et
1063 593 1234 646 omnis
1290 592 1714 648 mansuetudinis
1769 593 1883 663 ejus
1921 609 1939 646 :
1968 593 2104 647 sicut

2216 591 2502 663 πεποίηται
2528 591 2627 665 τὴν
2657 591 2784 663 περὶ
2809 589 2904 644 τοῦ
2933 589 3245 662 σπέρματος
3274 588 3456 643 αὑτοῦ
3485 591 3730 658 ἐπειπῴ

520 682 720 752 iuravit
771 681 1019 744 Domino,
1058 685 1191 738 vovit
1250 682 1360 739 Deo
1397 683 1565 738 Jacob
1594 700 1612 738 :
1645 683 1706 740 Si
1741 684 2000 738 introiere
2052 684 2104 736 in

521 777 924 832 tabernaculum
972 778 1161 832 domus
1217 794 1366 842 mete,
1398 779 1446 833 si
1489 777 1774 833 ascendero
1826 777 1880 832 in
1914 777 2105 831 lectum

522 872 682 925 strati
727 873 829 925 mei
854 886 873 923 :
900 873 946 926 si
979 870 1172 926 dedero
1205 888 1449 927 somnum
1476 872 1645 927 oculis
1679 874 1829 936 meis,
1859 882 1909 927 et
1929 873 2108 942 palpe-

523 963 631 1018 bris
688 965 815 1019 meis
869 963 1338 1027 dormitationem,
1387 963 1553 1018 donec
1609 965 1871 1020 inveniam
1935 965 2106 1019 locum

523 1055 772 1122 Domino,
809 1057 1209 1112 tabernaculum
1259 1056 1367 1112 Deo
1409 1055 1600 1113 Iacob.
1633 1057 1820 1112 Davidi
1859 1058 1973 1113 [nec
2009 1075 2107 1112 vo-

522 1143 668 1196 venti
698 1151 753 1198 et
778 1145 1080 1214 pollicenti,
1107 1161 1171 1200 ac
1224 1145 1310 1200 bis
1359 1145 1426 1200 de
1459 1147 1626 1203 rebus
1661 1147 1890 1218 juranti,
1921 1163 2106 1218 parem

521 1231 665 1288 Deus
691 1234 865 1290 vicem
898 1236 1385 1307 reddens,juravit
1418 1245 1473 1292 et
1511 1238 1651 1308 ipse,
1684 1248 1739 1293 et
1786 1254 1884 1308 pro
1916 1239 2106 1310 singu-

521 1324 589 1379 lis
637 1327 1131 1396 pollicitationibus
1174 1329 1424 1398 singulas
1483 1331 1691 1394 retulit,
1729 1330 2105 1400 jurament’unt

515 1413 831 1484 jurantento
880 1419 1153 1488 pensavit.
1191 1419 1539 1490 Quapropter
1588 1419 1643 1474 in
1695 1421 1886 1477 eodem
1920 1436 2106 1488 cxxxt,

519 1508 576 1564 in
626 1526 736 1580 quo
778 1511 983 1567 dicitur
1016 1513 1234 1583 jurasse
1283 1513 1566 1577 Davidem,
1605 1513 1804 1570 deinde
1853 1513 2110 1585 adjicitur

520 1596 762 1670 Spiritus
781 1603 956 1657 sancti
987 1604 1388 1667 testimonium,
1420 1603 1564 1674 quod
1590 1603 1671 1659 sic
1705 1603 1905 1658 habet:
1943 1602 2110 1657 Iura-

519 1691 592 1745 vit
635 1691 898 1748 Dominus
946 1694 1122 1750 Dauid
1160 1697 1454 1760 veritatem,
1499 1705 1549 1750 et
1601 1713 1705 1750 non
1757 1695 2110 1766 [rustrabitur

519 1799 638 1838 eum
675 1801 693 1837 :
723 1783 802 1839 De
840 1785 1018 1856 fructu
1072 1790 1268 1844 ventris
1305 1790 1385 1843 tui
1431 1805 1626 1858 ponam
1675 1805 1832 1858 super
1863 1789 2106 1843 thronum

521 1884 688 1928 tuum.
723 1873 881 1930 Prior
908 1875 1092 1946 itaque
1125 1875 1293 1934 David
1319 1879 1568 1948 juravit;
1588 1878 1787 1936 deinde
1817 1880 1988 1935 vicem
2017 1895 2107 1934 τες

2207 685 2235 736 6
2266 682 2417 746 θεὸς,
2453 681 2595 735 δοκῶ
2643 697 2732 752 μοι
2764 677 2968 751 ταύτην
3006 676 3325 748 εὑρηκέναι,
3355 676 3736 732 καταλαῶίτε

2207 775 2369 828 αὑτὸν
2407 774 2496 828 τὸν
2533 771 2697 828 Δαυῒδ
2727 773 2876 844 ὅρκῳ
2901 773 3239 844 κεχρημένον
3266 770 3376 842 πρὸ
3413 768 3523 839 τῆς
3557 770 3686 840 πρὸς
3705 791 3744 824 ι-

2207 867 2298 920 τὺν
2321 865 2654 934 ἐπαγγελίας
2681 863 2775 918 τοῦ
2807 860 2940 916 Θεοῦ
2949 904 2961 917 .
2981 862 3364 933 Ὀμωμοκέναι
3388 859 3454 913 δὲ
3486 859 3656 912 sint:
3679 863 3752 915 5:;-

2211 977 2330 1014 σκει
2356 959 2416 1012 τὸ
2449 958 2590 1012 θεῖον
2617 957 2848 1028 Πνεῦμα
2881 957 2940 1009 ὲν
2964 954 3078 1027 ρλα⁰
3102 953 3256 1024 λέγον
3277 969 3290 982 ⁸
3319 953 3686 1019 Μνήσθητί,
3707 960 3750 1008 ι

2199 1070 2322 1120 ριε,
2343 1052 2451 1106 τοῦ
2485 1051 2685 1117 Δαυῒδ,
2714 1049 2815 1104 καὶ
2837 1049 3040 1116 πάσης
3064 1047 3176 1116 τῆς
3199 1047 3560 1115 πραΰτητος
3595 1049 3754 1098 caci

2208 1145 2289 1211 ὠς
2327 1143 2525 1215 ὤμοσε
2567 1141 2648 1210 τῷ
2686 1143 2903 1210 Κυρίῳ,
2927 1139 3154 1207 ηὔξατο
3180 1136 3262 1203 τῷ
3295 1137 3427 1203 Θεῷ
3471 1138 3688 1192 ἰακὼξ
3705 1156 3718 1166 ο
3751 1143 3778 1193 ξ

2207 1236 2631 1305 εἰσελεύσομαι
2660 1236 2746 1301 εὶς
2773 1231 3070 1302 σκήνωμα
3098 1230 3270 1285 οίκου
3308 1248 3466 1300 μου,
3501 1232 3558 1283 εὶ
3605 1230 3792 1284 circis.-

2209 1345 2390 1399 σομαι
2416 1327 2516 1380 ἐπὶ
2547 1327 2766 1393 κλίνης
2794 1322 3115 1394 στρωμνῆς
3141 1341 3261 1394 μου
3283 1337 3299 1353 ⁸
3327 1325 3383 1377 εί
3409 1321 3602 1376 δώσω
3639 1323 3800 1374 ὖπνττ

2209 1421 2332 1488 τοῖς
2373 1417 2702 1491 ὀφθαλμοῖς
2727 1434 2867 1488 μου,
2897 1417 2997 1471 καὶ
3024 1416 3149 1484 τοῖς
3185 1413 3548 1486 ,ϐλεφάροις
3569 1433 3704 1483 μου

2208 1513 2499 1585 σταγμὸν,
2526 1512 2639 1579 ἕως
2670 1506 2742 1566 οὗ
2769 1509 2922 1579 εὕρω
2949 1510 3138 1563 τόπον
3162 1509 3242 1576 τῷ
3266 1509 3508 1578 Κυρίῳ,
3539 1509 3812 1576 canis-th

2208 1605 2290 1672 τῷ
2331 1601 2455 1670 Θεῷ
2495 1601 2713 1659 Ἰακώϐ.
2748 1599 3302 1672 Τοιαῦταεὺξαμένῳ
3335 1601 3438 1655 καὶ
3489 1601 3814 1667 6:177:52:-

2213 1697 2358 1769 μένῳ
2401 1696 2479 1769 τῷ
2522 1694 2706 1760 Δαυῒδ,
2747 1693 2842 1747 καὶ
2889 1695 2983 1747 ἐπὶ
3022 1692 3287 1758 τοιούτοις
3339 1693 3724 1764 ὁμωμοκότι,
3747 1710 3808 1743 -:r

2212 1789 2334 1861 ῐσην
2360 1787 2594 1860 ἀμοιϐὴν
2625 1785 2925 1849 ἀντιδιδοὺς
2957 1787 2986 1840 6
3020 1785 3154 1850 Θεὸς
3185 1785 3357 1856 αὐτῷ,
3402 1785 3730 1854 ἀντομνὺει
3754 1804 3816 1836 z:

2208 1883 2390 1948 αὐτὸς,
2415 1883 2509 1935 καὶ
2551 1877 3052 1947 ἀντεπαγγὲλλεται
3091 1878 3150 1931 ἓν
3189 1877 3305 1931 ἀνθ’
3333 1878 3464 1941 ἐνὸς
3499 1876 3728 1939 διδοὺς,
3757 1895 3824 1928 zz:

519 1966 766 2037 pendens
799 1966 963 2034 Deus,
1000 1979 1195 2025 mutuo
1244 1981 1298 2027 et
1321 1946 1451 2042 ipse
1480 1946 1688 2041 juravit
1726 1989 1740 2027 :
1780 1971 1929 2041 prior
1979 1971 2105 2025 item

2216 1976 2358 2046 ὅρκῳ
2377 1946 2468 2024 τὸν
2489 1971 2650 2041 ὅρκον
2675 1946 3060 2040 ἀμειϐόμενος.
3080 1969 3282 2040 Διόπερ
3310 1967 3372 2020 ὲν
3396 1967 3574 2038 αὐτῷ
3597 1967 3682 2036 τῷ

523 2061 714 2126 David,
751 2063 839 2133 pia
878 2069 1061 2118 motus
1097 2064 1449 2134 cogitatione,
1482 2063 1765 2134 quidpiam
1810 2063 1920 2120 Deo
1950 2063 2110 2134 polli-

517 2153 664 2208 citus
695 2162 809 2221 est;
845 2154 974 2209 hinc
1009 2153 1154 2211 Deus
1193 2173 1292 2211 ceu
1337 2157 1566 2228 gratiam
1623 2158 1799 2230 gratia
1843 2173 2112 2228 pensans.

516 2244 622 2314 ipsi
669 2247 788 2301 vice
821 2262 980 2302 versa
1012 2248 1288 2317 promisit,
1333 2249 1638 2305 secundum
1685 2249 1986 2305 Salvatoris
2009 2265 2107 2304 no-

518 2337 621 2395 stri
677 2353 842 2395 voces
894 2355 1017 2410 qua:
1053 2340 1134 2396 sic
1160 2339 1386 2400 habent.
1428 2339 1493 2394 In
1523 2358 1630 2412 qua
1665 2358 1911 2395 mensura
1941 2343 2107 2395 mensi

521 2428 753 2496 fueritis,
787 2430 1087 2485 remetietur
1123 2431 1284 2487 vobis.
1341 2431 1652 2488 Mensuram
1692 2433 1904 2499 bonam,
1929 2434 2104 2504 agita-

519 2528 652 2584 tam,
685 2536 1062 2589 compressam,
1097 2525 1564 2595 supereﬂluentent,
1596 2525 1798 2579 dabunt
1839 2526 1894 2579 in
1927 2527 2101 2580 sinum

519 2621 750 2666 uestrum
777 2615 841 2669 ”.
877 2612 994 2680 Qua
1027 2631 1283 2670 mensura
1318 2617 1487 2688 igitur
1525 2617 1697 2673 David
1740 2633 1964 2674 mensus
1997 2628 2114 2682 est,

520 2717 644 2756 eum
677 2719 746 2758 ex
776 2704 920 2760 bona
951 2714 1005 2761 et
1037 2707 1293 2778 religiosa
1337 2709 1672 2779 cogitatione
1713 2720 2106 2781 congruentem

522 2797 940 2864 promissionem
983 2797 1212 2868 iuratus
1247 2800 1418 2862 dedit,
1454 2800 1644 2857 eadem
1704 2818 1961 2858 mensura
2022 2819 2108 2858 re-

521 2903 750 2957 pensum
783 2891 860 2944 illi
890 2899 998 2954 est,
1027 2907 1092 2946 ac
1129 2893 1269 2947 data:
1289 2902 1420 2948 sunt
1451 2894 1528 2948 illi
1563 2895 1954 2952 retributiones
1982 2913 2107 2967 pro-

523 2980 924 3054 missionesque
945 2998 1072 3037 cum
1107 2983 1425 3053 juramento
1459 2983 1574 3039 Dei.

2208 2067 2268 2119 ὲν
2365 2063 2584 2132 λέγεται
2629 2061 2983 2132 ὀμωμοκέναι
3011 2061 3040 2115 ό
3077 2059 3262 2123 Δαυῖδ,
3309 2060 3620 2130 συνῆπται
3663 2060 3829 2130 ἑξξςι

2207 2157 2302 2212 τοῦ
2355 2156 2510 2226 ἁγίου
2554 2155 2875 2227 Πνεύματος
2916 2153 3212 2227 μαρτυρία,
3257 2148 3361 2206 ὧδέ
3411 2169 3498 2223 πη
3555 2153 3808 2222 λέγουσα

2213 2253 2431 2321 Ὠμοσε
2462 2251 2676 2317 Κύριος
2699 2247 2779 2315 τῷ
2805 2246 2989 2302 Δαυΐό
3008 2244 3318 2312 ἀλήθειαν,
3347 2245 3454 2299 καὶ
3484 2247 3578 2299 οὐ
3599 2246 3702 2312 pi;
3732 2247 3832 2298 ἁὲε

2210 2343 2384 2410 τὴσει
2408 2341 2614 2396 αὐτόν.
2635 2341 2729 2394 Ἐκ
2751 2337 2982 2408 καρποῦ
3010 2335 3124 2406 τῆς,
3151 2337 3388 2404 κοιλίας
3409 2353 3548 2392 σου
3578 2338 3830 2407 θήσοβ

2209 2435 2308 2488 ἐπὶ
2331 2433 2439 2488 τοῦ
2457 2435 2672 2501 θρόνου
2694 2447 2830 2486 σου.
2857 2427 3068 2484 Οὐκοῦν
3094 2427 3309 2500 πρῶτος
3332 2427 3576 2500 ὤμοσεν
3609 2432 3648 2482 ὁ
3671 2431 3826 2482 Δειῶεί

2212 2524 2334 2581 εἶτα
2361 2524 2724 2597 ἀμειϐόμενος
2756 2523 2916 2578 αὐτὸν
2939 2523 2966 2574 ό
2990 2521 3145 2585 Θεὸς,
3173 2521 3533 2592 ἀντωμοσίαν
3569 2522 3734 2592 πρὸς
3765 2523 3832 2574 2’,

2211 2618 2304 2673 τὸν
2329 2618 2652 2689 ἐποιήσατο·
2680 2616 2775 2670 καὶ
2811 2613 3024 2686 πρῶτος
3053 2615 3082 2666 6
3105 2611 3294 2674 Δαυῒδ,
3326 2613 3566 2666 εὐσεϐεῖ
3593 2615 3826 2684 longe

2216 2711 2480 2784 κινηθεὶς,
2509 2707 2875 2780 ἐπηγγείλατό
2901 2725 2955 2760 τι
2982 2705 3062 2777 τῷ
3085 2704 3204 2776 Θεῷ
3221 2721 3236 2736 ⁶
3264 2699 3384 2758 εἶτα
3411 2705 3606 2759 πάλιν
3639 2709 3674 2759 ὁ
3701 2706 3828 2769 Θεὸς

2217 2803 2406 2875 ὥσπερ
2440 2801 2736 2865 ἀντιδιδοὺς
2769 2797 2916 2870 αὐτῷ
2942 2798 3100 2870 χάριν
3141 2797 3260 2851 ἀντὶ
3303 2797 3567 2869 χάριτος,
3619 2799 3732 2851 καὶ
3767 2799 3830 2849 αὖ»

2212 2898 2304 2960 τὸς
2338 2892 2802 2966 ἀντεπηγγείλατο
2831 2893 2951 2955 ταῖς
2978 2889 3072 2942 τοῦ
3102 2889 3357 2960 Σωτῆρος
3388 2889 3564 2960 ἡμῶν
3607 2891 3829 2944 ἀχώ.εᾲ-

2217 2988 2324 3052 θως
2353 2990 2578 3056 φωναῖς,
2605 2985 2672 3040 δι’
2699 2977 2774 3038 ὧν
2801 2999 2964 3054 φησιν
2983 2999 2998 3012 ο
3035 2976 3124 3051 ⁷ῼ,
3141 2981 3338 3052 μέτρῳ
3385 2983 3723 3050 μετρεῖτε,
3747 2985 3829 3035 di.

517 3075 1007 3146 τιμετρηθήσεται
1037 3076 1200 3146 ὑμῖν.
1236 3075 1470 3145 Μέτρον
1500 3077 1711 3138 καλὸν,
1741 3079 2218 3144 σεσαλευμένον,
2269 3077 2696 3147 πεπιεσμένον,
2738 3073 3320 3144 ὑπερεκχυνόμενον,
3368 3071 3721 3128 δώσουσιν
3763 3081 3826 3140 εἰ(

516 3169 626 3223 τὸν
651 3170 882 3224 κόλπον
906 3167 1091 3240 ὑμῶν.
1125 3163 1196 3222 '0
1225 3171 1412 3242 μέτρῳ
1455 3169 1634 3224 τοίνυν
1681 3170 1776 3224 καὶ
1805 3171 1834 3222 6
1865 3169 2032 3225 Δαυῒδ
2085 3172 2420 3245 ἐμέτρησεν,
2451 3173 2537 3225 ἐπ’
2584 3168 2782 3240 ἀγαθῷ.
2827 3168 2921 3224 καὶ
2950 3167 3192 3221 θεοσεϐεῖ
3218 3166 3465 3239 λογισμῷ
3500 3169 3826 3240 πρέπουσαι

519 3265 855 3334 ἐπαγγελίαν
891 3263 1008 3336 μεθ’
1065 3264 1231 3336 ὅρκου
1264 3263 1654 3335 ποιησάμενος,
1681 3264 2060 3337 ἀντεμετρήθη
2125 3266 2294 3339 αὐτῷ,
2364 3267 2460 3322 καλ⁵
2490 3267 2721 3323 δίδονται
2755 3265 2904 3338 αὑτῷ
2936 3263 3184 3337 ἀμοιϐαὶ,
3219 3265 3276 3318 αἱ
3321 3264 3684 3334 ἐπαγγελίαι
3723 3266 3822 3336 μεῦ’

519 3358 868 3432 ὁρκωμοσίας
899 3357 1056 3413 Θεοῦ.

592 3479 733 3547 Quid
763 3480 873 3536 sibi
898 3479 1034 3534 velit
1058 3487 1239 3535 autem
1265 3480 1368 3534 illa
1395 3479 1612 3534 Davidis
1642 3496 1768 3536 cum
1794 3481 2112 3552 juramento

2291 3481 2356 3534 Ti
2385 3481 2442 3534 δὲ
2472 3478 2720 3550 βούλεται
2747 3479 2780 3548 ἡ
2813 3474 2908 3528 τοῦ
2939 3472 3120 3527 Δαυῒδ.
3137 3471 3257 3543 μεθ’
3288 3473 3454 3544 ὅρκου
3483 3473 3821 3542 ἐπαγγελία,

523 3570 870 3642 pollicitatio,
897 3570 1014 3639 jam
1052 3570 1391 3642 perpendere
1425 3579 1797 3642 opportunum
1821 3573 1946 3628 erit.
1976 3571 2114 3627 Cum

521 3662 736 3719 videret
766 3668 959 3734 gentes
1014 3677 1110 3732 per
1145 3669 1322 3716 totum
1378 3663 1566 3718 orbem
1603 3662 1879 3718 diabolico
1917 3665 2118 3718 multo-

524 3771 648 3810 rum
682 3754 972 3809 numinum
1009 3755 1185 3808 errori
1230 3753 1532 3824 subjectas,
1565 3769 1631 3810 ac
1683 3756 1887 3826 ubique
1941 3762 2118 3810 terra-

526 3861 647 3902 rum
704 3845 928 3916 tetnpla,
960 3845 1216 3911 delubra,
1251 3862 1412 3902 sacra
1469 3847 1727 3919 malignis
1774 3847 2119 3904 daemonibus

525 3954 623 4012 per
664 3938 854 4001 urbes,
885 3938 1142 4009 regiones
1183 3947 1239 3993 et
1261 3938 1414 3995 vicos
1440 3940 1703 4005 excitata,
1745 3955 1810 3996 ac
1835 3940 1892 3996 in
1917 3940 2129 3996 monti-

524 4030 628 4086 bus
686 4037 743 4085 et
797 4029 1042 4086 collibus
1090 4029 1396 4101 improbam
1454 4031 1602 4085 illam
1649 4038 1704 4086 et
1747 4031 2118 4088 adversariam

525 4129 848 4193 potestatem
905 4120 1050 4192 apud
1114 4136 1308 4178 omnes
1363 4122 1617 4178 homines
1686 4123 1967 4186 honorari.
2023 4121 2118 4178 Dei

526 4222 710 4270 autent
742 4213 988 4269 omnium
1025 4213 1240 4284 opitleis
1271 4221 1331 4269 et
1357 4215 1667 4270 conditoris
1713 4231 1783 4270 ne
1833 4215 2117 4270 minimam

526 4323 758 4378 usquam
804 4307 1126 4362 memoriam
1167 4306 1416 4375 servari;
1442 4307 1510 4363 de
1559 4325 1619 4364 re
1661 4309 1759 4363 tali
1798 4309 2134 4364 vulneratus.

527 4400 734 4460 animo.
753 4400 1010 4470 bonoque
1029 4398 1214 4455 studio
1236 4399 1517 4465 incensus,
1543 4401 1846 4458 secundum
1882 4417 2006 4457 eum
2025 4400 2117 4471 qui

527 4485 828 4553 dixit,Zelo
845 4490 1049 4544 zelatus
1077 4506 1197 4543 sunt
1219 4489 1445 4546 Domino
1459 4493 1524 4555 η,
1545 4501 1731 4546 votum
1757 4493 1903 4547 vovit
1927 4500 1982 4548 et
2002 4507 2124 4563 pro-

529 4579 847 4634 missionem
865 4578 1059 4647 edidit,
1079 4595 1244 4650 quam
1261 4579 1625 4651 jurejurando
1649 4582 1941 4649 astrinxit;
1977 4583 2122 4638 vide-

531 4669 656 4726 licet
679 4685 739 4725 se
751 4669 1272 4740 primum,omnium
1291 4673 1404 4742 regi
1425 4671 1536 4728 Deo
1556 4675 1820 4743 templum
1833 4682 2118 4730 etsacrum

527 4764 583 4818 in
596 4770 743 4819 terra
759 4763 1211 4829 excitaturum,in
1233 4779 1344 4834 quo
1363 4765 1777 4820 tabernaculum
1794 4767 2116 4832 testimonii,

525 4862 583 4910 et
629 4870 816 4911 arcam
858 4854 1197 4912 Testamenli
1249 4872 1282 4911 α
1339 4856 1528 4930 Moyse
1579 4859 1646 4914 in.
1694 4860 1918 4915 deserto
1952 4861 2113 4932 jussu
2149 4851 2193 4907 Β

526 4947 624 5004 Dei
663 4956 1068 5013 constructam,
1102 4948 1424 5021 deponeret.
1471 4949 1608 5005 Nam
1657 4951 1752 5005 illa
1783 4953 1850 5006 ad
1901 4964 2115 5025 tempus

524 5055 703 5112 usque
745 5039 976 5097 Davidis-
1011 5041 1446 5114 circumquaque
1491 5041 1792 5108 ferebatur,
1841 5052 1902 5098 et
1936 5059 1967 5097 a
1997 5045 2118 5100 loco

526 5135 582 5188 in
621 5134 826 5196 locum,
875 5148 941 5188 ac
983 5134 1148 5190 modo
1189 5137 1244 5190 in
1287 5134 1533 5207 Galgala,
1569 5137 1732 5191 modo
1763 5137 1818 5190 in
1868 5135 2118 5194 Manase—

525 5227 658 5296 pha,
689 5240 814 5280 mox
843 5225 902 5280 in
931 5223 1070 5288 Silo,
1122 5227 1420 5298 aliquando
1450 5227 1594 5298 apud
1630 5229 1959 5300 allophylos,
1991 5229 2117 5286 inde

526 5319 583 5373 in
636 5316 917 5389 Besamys,
952 5319 1081 5374 hine
1121 5321 1177 5374 in
1218 5318 1603 5386 Cariatbirim,
1653 5330 1843 5391 postea
1893 5322 1948 5375 in
2009 5322 2112 5377 do-

525 5426 676 5466 mum
701 5411 1032 5478 Aminadab,
1055 5411 1182 5468 inde
1215 5413 1269 5467 in
1297 5413 1520 5468 domum
1554 5414 1868 5479 Abeddara,
1886 5415 2112 5471 advecta

525 5501 666 5567 fuit,
701 5502 846 5559 unde
885 5518 1006 5558 eam
1059 5503 1115 5557 in
1157 5505 1348 5558 urbem
1400 5503 1533 5560 Sion
1589 5504 1761 5561 David
1807 5507 2110 5561 transtulit.

526 5595 684 5664 Quod
713 5597 805 5653 ille
834 5597 1208 5668 conspicatus,
1247 5597 1470 5652 domum
1513 5614 1728 5654 sacram
1759 5609 1814 5656 et
1849 5600 2112 5670 templum

525 5690 771 5746 excitare
802 5689 1083 5761 cogitavit,
1121 5689 1212 5746 ubi
1235 5706 1419 5746 aream
1445 5689 1539 5747 Dei
1585 5691 1884 5762 deponeret
1917 5701 1979 5748 et
2000 5702 2115 5748 sta—

2219 3573 2496 3644 Θεωρῆσαι
2526 3569 2735 3641 καιρός.
2754 3566 2926 3639 Ὁρῶν
2957 3565 3027 3619 τὰ
3060 3563 3182 3618 καθ’
3205 3563 3332 3644 ὅλης
3358 3564 3458 3636 τῆς
3485 3565 3823 3636 οἰκουμένης

2219 3665 2344 3736 ἔθνη
2375 3667 2441 3736 τῇ
2475 3664 2764 3735 δαιμονικῇ
2805 3661 2901 3714 καὶ
2929 3657 3178 3730 πολυθέῳ
3206 3657 3382 3728 πλάνη
3409 3655 3819 3728 δεδουλωμένα,

2219 3756 2314 3810 καὶ
2360 3754 2635 3825 πανταχοῦ
2678 3753 2784 3824 γῆς
2835 3752 2997 3815 ναοὺς
3037 3750 3132 3805 καὶ
3174 3748 3376 3820 τεμένη
3421 3749 3516 3801 καὶ
3551 3749 3690 3829 ῖερὲ

2219 3851 2478 3919 πονηροῖς
2517 3845 2767 3915 δαίμοσιν
2801 3843 3236 3916 ἀνεγηγερμὲνα,
3279 3841 3336 3894 ἒν
3376 3858 3437 3894 τε
3481 3842 3694 3894 πόλεσι
3741 3844 3822 3894 καὶ

2219 3937 2424 4009 χώραις
2449 3937 2542 3990 καὶ
2567 3935 2802 4006 κώμαις,
2835 3936 2895 3988 ὲν
2924 3934 3076 4006 δρεσί
3122 3951 3180 3987 τε
3228 3933 3319 3986 καὶ
3350 3931 3566 4002 βουνοῖς
3603 3933 3714 4002 τὴν
3745 3951 3824 3985 πθ)

2220 4030 2393 4101 νηράν
2420 4028 2516 4082 καὶ
2547 4027 2932 4098 ἀντικειμένην
2964 4025 3192 4096 δύναμιν
3228 4023 3380 4096 παρά
3409 4025 3582 4077 πᾶσιν
3612 4024 3822 4094 ἀνθρὼ-

2223 4139 2346 4186 ποις
2369 4122 2686 4192 τιμωμένην
2705 4137 2718 4150 ·
2756 4118 2892 4172 Θεοῦ
2916 4118 2974 4172 δὲ
2999 4117 3092 4172 τοῦ
3123 4117 3340 4172 πάντων
3376 4115 3612 4186 ποιητοῦ
3645 4135 3709 4170 τε
3735 4120 3822 4171 καὶ

2220 4211 2554 4284 δημιουργοῦ
2591 4210 2842 4283 μηδαμοῦ
2875 4211 3096 4282 μνήμην
3123 4209 3276 4280 παρὰ
3300 4226 3411 4262 τισι
3439 4210 3785 4282 γιγνομένην
3805 4228 3820 4240 ·

2221 4306 2440 4378 δηχθεὶς
2469 4305 2569 4376 τὴν
2601 4303 2788 4376 ψυχὴν
2811 4305 2903 4357 ἐπὶ
2935 4303 3016 4375 τῷ
3037 4304 3344 4376 πράγματι,
3371 4305 3466 4357 καὶ
3494 4301 3668 4373 ζῆλον
3687 4307 3822 4374 ἀγα-

2223 4398 2313 4452 οὸν
2347 4397 2618 4469 ζηλώσας,
2658 4397 2801 4450 κατὰ
2844 4396 2950 4449 τὸν-
2983 4396 3238 4449 εἰπόντα*
3294 4394 3496 4465 Ζῆλον
3539 4396 3820 4464 ἐζήλωσα

2222 4491 2303 4558 τῷ
2342 4491 2556 4560 Κυρίῳ,
2590 4488 2754 4561 εὐχὴν
2791 4487 3014 4559 ηὔξατο,
3043 4491 3139 4542 καὶ
3168 4488 3503 4558 ἐπαγγελίαν
3546 4489 3818 4558 ἐπηγγεί-

2221 4587 2370 4649 λατο,
2398 4585 2494 4639 καὶ¹
2521 4583 2726 4654 ταύτην
2753 4583 2901 4655 ὅρκῳ
2927 4582 3266 4654 κατεδήσατο
3290 4577 3326 4653 ἦ
3357 4582 3462 4653 μὴν
3481 4581 3562 4652 τῷ
3587 4583 3818 4652 παμεαέ

2225 4678 2376 4732 σιλεῖ-
2395 4677 2514 4748 Θεῷ
2549 4675 2780 4760 πρῶτος
2791 4673 2925 4728 νεὼν
2950 4674 3175 4745 ἐπὶγῆς
3199 4674 3291 4727 καὶ
3320 4674 3462 4745 ἱερὸν
3485 4674 3646 4741 ἅγιον
3671 4677 3818 4727 olm-

2222 4771 2500 4843 δομήσειν,
2537 4769 2665 4823 ἔνθα
2704 4768 2801 4839 τὴν
2841 4766 3047 4838 σκηνὴν
3099 4767 3192 4820 τοῦ
3248 4767 3546 4839 μαρτυρίου
3588 4767 3689 4820 καὶ
3717 4765 3818 4837 τὴν

2223 4863 2454 4918 κιὸωτὸν
2507 4862 2604 4932 τῆς
2652 4860 2932 4932 Διαθήκης
2972 4860 3072 4930 τὴν
3105 4859 3211 4912 ὑπὺ
3241 4859 3514 4923 Μωῦσέως
3549 4861 3696 4912 κατά
3717 4861 3814 4932 τὴν

2225 4957 2430 5030 ἔρημον
2490 4955 2557 5007 ἐκ
2611 4951 3032 5026 προστάγματος
3093 4950 3229 5003 Θεοῦ
3276 4950 3813 5004 κατασκευασθεῖσαν

2225 5048 2560 5119 ἀποθέμενος
2586 5043 2941 5100 ὰναπαύσεινδ
2976 5043 3277 5115 Περιήγετο
3303 5042 3434 5111 γοῦν
3461 5035 3560 5094 ὧδε
3589 5042 3812 5094 κάκεῖσε

2229 5142 2390 5213 μέχρι
2423 5138 2532 5193 τῶν
2563 5139 2658 5193 τοῦ
2685 5137 2856 5191 Δαυῒδ
2874 5136 3084 5206 χρόνων
3110 5135 3279 5188 τόπου
3307 5135 3807 5206 μετακομιζομένη,

2227 5231 2358 5284 ποτὲ
2393 5231 2490 5300 μὲν
2523 5232 2580 5282 ἐν
2612 5227 2928 5295 Γαλγάλοις,
2965 5225 3096 5279 ποτὲ
3126 5226 3184 5279 δὲ
3219 5228 3276 5279 ὲν
3310 5226 3641 5296 Μανασῆφα,
3683 5228 3806 5278 ποτὲ

2223 5323 2280 5376 δὲ
2305 5325 2363 5376 ὲν
2388 5320 2565 5394 Σηλὼ,
2593 5321 2688 5374 καὶ
2713 5319 2900 5374 ἄλλοτε
2936 5319 3063 5390 παρ’
3087 5317 3425 5388 ἀλλοφύλοις,
3451 5317 3704 5372 κάκεῖθεν
3733 5319 3806 5380 εἰς

2226 5416 2496 5485 Βεσαμὺς,
2528 5413 2680 5468 ἔνθεν
2737 5415 2816 5477 εἰς
2869 5410 3298 5484 Καρειαθιρείμ·
3350 5407 3470 5464 εἶτα
3527 5411 3606 5472 εἰς
3663 5405 3804 5463 οἶκον

2238 5507 2532 5580 Ἀμιναδάϐ
2552 5524 2566 5538 ο
2593 5506 2849 5560 κάκεῖθεν
2879 5507 2959 5570 εἰς
2995 5500 3142 5559 οἷκον
3187 5502 3514 5574 Ἀϐεδδαράο
3545 5501 3698 5556 ἔνθεν
3731 5505 3800 5565 εἰς

2225 5599 2363 5653 Σιὼν
2394 5600 2494 5671 τὴν
2542 5599 2696 5652 πόλιν
2721 5599 2750 5651 6
2783 5596 2944 5653 Δαυῖδ
2981 5597 3370 5668 μετεστήσατο.
3383 5596 3449 5647 Ὃ
3480 5594 3544 5666 δὴ
3582 5592 3802 5647 συνιδὼν

2224 5691 2526 5762 γινόμενον,
2557 5690 2805 5762 διενοήθη
2834 5685 2986 5744 οἷκον
3023 5687 3167 5759 ἱερὸν
3217 5689 3446 5756 ἐγεῖραι
3465 5687 3558 5744 καὶ
3576 5686 3701 5741 ναὸν
3726 5685 3796 5742 elo

605 5936 645 5967 "
689 5934 876 5990 Matth.
914 5951 1023 5992 vn.
1059 5936 1136 5994 ‘3:
1183 5935 1314 5992 Luc.
1355 5953 1440 5998 vx.
1476 5937 1564 5993 38.
1648 5937 1687 5970 ¹⁶
1727 5935 1788 5990 Ill
1824 5934 1953 5999 Rex.
1995 5951 2116 5999 χιχ,
2171 5933 2254 5998 IO,
2298 5934 2377 5988 ιι.
