3972 6812
77 457 318 516 1081

1345 463 1848 522 COMMENTARIA
1883 463 1950 520 IN
2003 463 2344 522 PSALMUS.

3373 465 3526 522 {08‘}:

18 583 30 590 '
75 575 288 631 ἀλλ’
321 575 372 646 ἦ
415 575 498 630 ’τὸ
529 575 792 632 ἐκλεκτὸν
819 577 916 632 τοῦ
957 579 1093 632 Θεοῦ
1123 581 1458 654 χρηματίσαι
1507 583 1600 638 τὸν
1649 583 1821 648 Δαυῒδ1

1937 599 2068 638 num
2116 591 2382 640 aeternum
2427 591 2720 638 nacturum
2760 583 2871 652 sit;
2917 591 3098 654 atque
3125 589 3524 640 testamentum-

77 669 266 722 καὶ
295 667 384 722 τὸ
429 667 506 734 ἐξ
539 667 708 722 αὑτοῦ
737 669 990 738 γενέσθαι
1027 671 1248 743 σπέρμα
1271 673 1458 745 θρόνον
1487 675 1704 730 αἰώνιον
1733 695 1832 731 κα-

18 775 20 778 ·
97 755 382 826 Θέξον,
425 759 546 812 καὶ
575 759 648 812 τὸ·
665 759 932 834 διαθήκην
961 759 1178 816 αίὼνιον
1199 763 1530 820 διατίθεσθαι
1565 767 1700 839 πρὸς
1731 769 1832 822 αὐ-

103 849 266 904 τὸν
305 849 432 904 τὸν
461 849 631 914 Θεὸν,
659 851 692 922 ἢ
725 851 998 922 συνθήκην
1019 852 1156 924 πρὸς
1177 853 1340 908 αὐτὸν
1367 855 1656 924 γενέσθαι;
1690 857 1832 912 οὕτω

18 957 32 988 ’.
109 941 298 1016 γὰρ
345 945 390 996 ὁ*
433 943 688 1008 Ἀκύλας
727 945 822 998 κα).
863 945 1158 1016 Σύμμαχος
1195 949 1569 1020 ἡρμήνευσαν,
1612 951 1834 1020 συνθή-

18 1055 36 1086 έε
121 1051 318 1106 aenae
367 1037 528 1092 ἀντὶ
569 1035 830 1108 διαθήκης
857 1039 1162 1108 εἰρηκότες.
1190 1041 1502 1112 Θαυμάσιον
1543 1039 1610 1114 ἦν
1651 1045 1742 1098 καὶ
1773 1045 1834 1100 τὺ

18 1155 32 1178 ι
125 1123 464 1196 ὀμνύναι
511 1127 606 1180 τὸν
635 1125 768 1180 Θεὸν
807 1127 1080 1200 ἀνθρώπῳ
1113 1133 1208 1186 καὶ
1239 1133 1298 1186 τὸ
1325 1133 1554 1202 φάσκειν
1579 1137 1718 1208 πρὸς
1741 1136 1832 1190 τὸν

135 1217 376 1270 αὐτόν
399 1235 420 1250 ο
455 1219 620 1284 “Ean;
651 1219 756 1274 τοῦ
783 1217 998 1286 αἰῶνος
1021 1221 1314 1293 ἑτοιμάσω
1345 1227 1410 1280 τὸ
1433 1225 1671 1298 σπέρμα
1689 1243 1828 1292 σου,

137 1309 354 1364 κατὰ
383 1309 502 1363 τὸν
535 1310 864 1382 Σύμμαχονο
888 1313 997 1368 Καὶ
1041 1315 1414 1386 οίκοδομήσω
1446 1321 1534 1386 είς
1565 1318 1832 1388 ἑκάστην

139 1399 444 1466 γενεὰν
471 1399 590 1454 τὸν
615 1401 834 1470 θρόνον
863 1418 1002 1468 σου,
1041 1405 1180 1458 κατὰ
1205 1405 1296 1460 τὸν
1329 1409 1512 1462 αὐτόν.
1537 1409 1610 1462 Τὸ
1634 1409 1690 1462 δὲ
1714 1413 1830 1482 μεῖ-

143 1489 286 1554 ζον
333 1493 624 1548 ἁπάντων
657 1493 842 1564 θαῦμα
863 1493 1022 1550 τοῦτο
1053 1493 1142 1569 ἦν,
1168 1498 1230 1552 τὸ
1255 1499 1832 1570 τοιαῦτα-ἐπαγγελλό-

153 1575 382 1655 μενον
419 1585 530 1638 τὸν
553 1585 686 1640 Θεὸν
709 1585 858 1658 ὅρκῳ
887 1587 1058 1642 ταῦτα
1079 1590 1578 1662 ἐπισφραγίσασθαι
1603 1610 1618 1624 ·
1651 1593 1745 1646 καὶ
1771 1593 1830 1646 τὸ

157 1673 458 1730 πάντων
511 1675 956 1750 θαυμασιώτερον
983 1679 1044 1732 τὸ
1083 1681 1222 1750 μετὰ
1259 1681 1350 1734 τὸν
1377 1681 1518 1736 θεῖον
1553 1683 1714 1756 ὅρκον
1744 1684 1834 1738 δο-

161 1771 330 1822 κεῖν
365 1771 454 1840 μὴ
481 1771 639 1834 τέλος
661 1771 938 1844 εἰληφέναι
957 1773 1084 1836 τοὺς
1107 1773 1202 1826 τοῦ
1223 1773 1356 1828 Θεοῦ
1389 1775 1602 1844 λόγους,
1630 1777 1828 1830 τάναν-

167 1860 300 1914 τία
339 1861 406 1914 δὲ
445 1865 520 1934 τῇ
551 1864 868 1936 ὁρκωμοσίᾳ
905 1863 1494 1938 συμϐῆναι.Ἑπιιρέρει
1519 1867 1648 1936 γοῦν
1677 1867 1824 1938 ἑξῆς,

177 1953 455 2008 ὲναντία
484 1957 610 2018 ταῖς
633 1954 728 2008 τοῦ
753 1935 888 2010 Θεοῦ
917 1935 1271 2027 ἐπαγγελίαις
1293 1935 1470 2030 δηλῶν
1493 1935 1828 2030 συμϐεϐηκέο
1861 1935 1904 1989 Β

181 2063 306 2100 ναι
327 2063 342 2076 ·
377 2045 454 2099 δι’
491 2045 530 2100 ἃ.
559 2047 654 2100 καλ⁵
685 2047 918 2118 μάλιστα
951 2049 1314 2121 ἐκπλήττεται
1351 2053 1446 2104 καὶ
1491 2049 1760 2122 θαυμάζει
1799 2055 1826 2106 ὁ

187 2139 540 2212 Προφήτης
559 2155 574 2172 ·
605 2141 968 2194 ἁποδυσπετεί
998 2141 1128 2212 γοῦν
1159 2142 1284 2214 ἑξῆς
1313 2143 1486 2212 λέγων
1505 2161 1518 2174 ·
1543 2144 1670 2198 Ποῦ
1695 2144 1828 2197 ἐστι

195 2235 294 2286 τὰ
323 2233 482 2302 ἐλέη
511 2247 628 2288 σου
655 2233 728 2288 τὰ
751 2233 986 2302 ἀρχαῖα,
1009 2234 1204 2302 Κύριε,
1227 2233 1264 2288 ἃ
1287 2233 1528 2304 ὤμοσας
1551 2233 1632 2300 τῷ
1647 2235 1828 2288 Δαυῒδ

199 2323 296 2378 ὲν
323 2323 407 2394 τῇ
435 2325 694 2392 ἀληθείῃ
725 2341 876 2390 σου;
915 2325 1052 2378 Ἀλλ’
1071 2325 1474 2394 ἁποθεραπεύει
1503 2325 1600 2396 τὴν
1629 2323 1826 2378 ἑαυτοῦ

205 2417 580 2488 ἀμηχανίαν,
613 2417 872 2488 ἀνωτέρω
905 2417 1002 2488 μὲν
1035 2415 1305 2488 είρηκώς-
1354 2417 1458 2470 Ἐν
1493 2415 1616 2482 τοῖς
1657 2417 1828 2484 cupa-

207 2507 358 2574 νοῖς
385 2505 892 2578 ἑτοιμασθήσεται
915 2510 954 2578 ἡ
980 2507 1232 2575 ἀλήθειὰ
1255 2525 1392 2572 σου,
1425 2511 1482 2561 ἐν
1509 2507 1565 2560 δὲ
1591 2509 1702 2571 τοῖς
1733 2525 1828 2578 με-

225 2597 296 2652 τὰ
329 2601 564 2670 χεῖραςο
613 2599 1190 2671 Ἐξομολογήσονται
1229 2605 1282 2656 oi
1313 2601 1556 2670 οὐρανοὶ
1583 2601 1658 2654 τὰ
1691 2603 1828 2655 θαυ-

271 2689 426 2743 ἀσιά
461 2705 604 2756 σου,
633 2691 730 2744 καί
755 2689 868 2760 γὰρ
893 2691 1009 2760 τὴν
1027 2691 1322 2760 ἀλήθειάν
1343 2709 1460 2747 σου
1495 2693 1566 2747 ὲν
1589 2693 1830 2766 Ἐκκλη-

255 2785 346 2850 νίᾳ.
379 2783 590 2852 ἁγίων.
605 2783 726 2836 Ὅτι
767 2785 858 2850 τίς
897 2785 968 2838 ἐν
1011 2784 1296 2854 νεφέλαις
1343 2783 1700 2854 lineo-licetat
1745 2783 1826 2850 τῷ

253 2875 460 2942 'ivphp,
483 2875 913 2944 ὁμοιωθήσεται
959 2873 1038 2940 τῷ
1085 2877 1282 2944 Κιιιρίῳ
1323 2877 1394 2930 ἐν
1441 2875 1594 2944 υἱοῖς
1643 2877 1790 2930 Θεοῦ
1807 2893 1826 2938 ;

249 2965 402 3018 ’Λντὶ
443 2963 572 3020 τοῦ·
619 2967 690 3020 ἐν
727 2969 1028 3036 νεφέλαις,
1089 2971 1118 3022 ὁ
1170 2969 1466 3040 Σύμμαχός
1515 2985 1670 3039 φησι⁹
1729 2969 1828 3034 Τίς

273 3055 352 3124 dp
401 3057 474 3110 ἐν
523 3057 744 3126 αὶθέρι;
773 3057 986 3128 Σφόδρα
1037 3057 1094 3112 δὲ
1139 3057 1446 3121 ἀκολούθως
1484 3061 1730 3130 ἐπήγαγε
1757 3059 1828 3112 τὰ

269 3153 584 3224 προκείμενα
609 3157 722 3218 τοῖς
741 3153 1086 3224 προλεχθεῖσι
1111 3170 1126 3184 ·
1165 3152 1261 3224 τὴν
1289 3153 1400 3224 γὰρ
1425 3151 1682 3224 ἀλήθειάν
1709 3169 1830 3216 σου,

1933 683 2199 730 aeternum
2221 715 2236 740 ,
2272 675 2390 732 sive
2419 683 2639 746 pactum
2672 676 2739 730 ab
2769 677 2862 730 illo
2893 691 3016 730 cum
3051 675 3164 730 Deo
3191 691 3526 746 percussum

1933 767 2146 822 fuisse?
2173 767 2254 822 sic
2277 767 2423 822 enim
2455 767 2650 838 Aquila
2679 781 2732 822 et
2765 765 3126 838 Symmachus
3171 767 3526 838 interpretati,

1933 867 2100 922 sunt,
2131 859 2224 929 qui
2257 871 2470 928 pectunt
2511 875 2610 928 pro
2639 865 2973 914 testamento
3019 857 3296 912 dixerunt:
3345 857 3522 912 Mira-4

1933 953 2042 1008 bile
2069 965 2290 1022 quoque
2315 955 2642 1022 eratiurare
2675 949 2842 1004 Deum
2890 949 3136 1012 homini,
3173 951 3384 1020 ipsique
3421 949 3510 1004 di-

1931 1057 2056 1100 cere
2075 1085 2088 1108 ,
2119 1043 2292 1114 Usque
2315 1045 2370 1098 in
2392 1055 2647 1100 teter-num
2669 1043 2986 1114 pru'parabo
3011 1059 3182 1096 semen
3211 1053 3358 1096 tuum
3377 1083 3392 1106 ,
3421 1059 3510 1098 se-

1932 1137 2170 1192 cundum
2203 1135 2588 1208 Symmachum
2615 1155 2628 1190 :
2665 1135 2732 1188 Et
2766 1137 3040 1204 wdiﬁcabo
3081 1137 3134 1189 in
3163 1151 3512 1206 unamquam-

1931 1243 2028 1299 que
2045 1229 2432 1300 generationem
2451 1227 2696 1282 thronum
2719 1237 2862 1280 tuum
2881 1270 2894 1294 ,
2917 1231 3216 1282 secundum
3233 1225 3506 1282 eumdem.

1931 1319 1998 1374 At
2017 1320 2312 1374 maximum
2333 1319 2578 1374 omnium
2603 1319 2922 1374 miraculum
2943 1319 3074 1372 illud
3093 1327 3232 1382 erat,
3257 1319 3510 1374 videlicet

1931 1413 2047 1468 haec
2064 1413 2362 1483 pollicitum
2387 1411 2556 1467 Deum
2576 1453 2590 1476 ,
2605 1411 2920 1482 iuramento
2933 1409 3124 1466 eadem
3143 1411 3465 1482 obsignasse
3489 1431 3504 1466 ι

1931 1521 2120 1560 verum
2163 1505 2310 1576 quod
2341 1505 2588 1560 omnium
2619 1503 2846 1558 omnino
2881 1503 3354 1558 mirabilissimum
3387 1511 3506 1570 est,

1931 1595 2028 1652 Dei
2055 1613 2370 1660 sermones,
2402 1613 2542 1668 quos
2569 1595 2790 1666 iuratus
2823 1594 3158 1666 protulerat,
3193 1609 3302 1648 non
3333 1593 3400 1648 ad
3429 1595 3508 1648 ef-

1929 1689 2132 1744 fectum
2179 1691 2448 1746 deductos
2495 1705 2662 1754 esse;
2713 1689 2808 1744 sed
2857 1687 3189 1756 iuramentis
3231 1687 3506 1742 contraria

1929 1783 2177 1838 evenisse
2221 1783 2414 1838 videri.
2461 1781 2596 1835 Nam
2643 1779 2838 1836 deinde
2881 1781 3088 1850 pergit,
3137 1780 3338 1836 divinis
3381 1797 3508 1850 pro-

1931 1873 2120 1930 missis
2153 1877 2402 1944 Opposita
2427 1873 2726 1943 contigisse
2755 1887 2990 1927 narrans
3017 1891 3029 1926 :
3063 1887 3295 1942 quorum
3329 1873 3504 1926 maxi-

1929 1981 2014 2022 me
2037 1981 2202 2020 causa
2227 1965 2563 2032 obstupescit
2587 1965 2922 2032 miraturque
2945 1961 3215 2034 Propheta
3232 2003 3246 2026 ,
3271 1969 3322 2016 et
3348 1963 3506 2032 quasi

1928 2073 2042 2112 rem
2071 2073 2214 2129 aegre
2245 2057 2425 2114 ferens
2453 2059 2528 2110 ait
2557 2077 2568 2110 :
2601 2055 2700 2110 Ubi
2732 2065 2854 2110 sunt
2883 2057 3260 2110 misericordia:
3289 2064 3394 2110 tua:
3420 2071 3508 2108 an-

1928 2147 2120 2217 tique,
2155 2147 2408 2214 Domine,
2439 2163 2574 2218 quas
2595 2145 2800 2216 jurasti
2827 2145 3000 2200 David
3047 2147 3098 2200 in
3129 2146 3346 2200 veritate
3374 2147 3506 2200 tua?

1928 2237 1997 2292 At
2025 2239 2292 2310 angustia:
2321 2253 2434 2294 sum
2461 2238 2726 2294 medelam
2763 2237 3040 2303 adhibuit,
3087 2247 3200 2292 tum
3248 2239 3506 2308 superius

1928 2347 2052 2385 cum
2095 2331 2337 2396 diceret,
2395 2329 2460 2386 In
2513 2331 2656 2386 cwtis
2697 2331 3090 2402 prwparabitur
3131 2331 3324 2386 veritas
3369 2339 3506 2392 tua;

1929 2429 2044 2474 tum
2091 2421 2144 2474 in
2185 2420 2272 2475 his
2315 2437 2437 2490 qua:
2483 2429 2788 2478 tractamus
2827 2421 3052 2486 dicens,
3103 2421 3508 2490 Conﬁtebuntur

1928 2509 2044 2564 caeli
2075 2509 2344 2564 mirabilia
2377 2519 2468 2564 tua
2489 2551 2502 2573 ,
2531 2513 2724 2566 etenim
2753 2513 3028 2566 veritatem
3061 2519 3206 2564 tuam
3233 2513 3286 2566 in
3317 2511 3504 2566 Eccle-

1927 2603 2010 2656 sia
2063 2613 2391 2656 sanctorum.
2414 2631 2486 2642 —
2509 2601 2672 2658 Vens.
2729 2603 2780 2658 7.
2831 2603 3095 2670 Quoniam
3127 2605 3244 2674 quis
3275 2605 3332 2656 in
3353 2603 3506 2656 nubi-

1929 2691 2032 2746 bus.
2055 2692 2352 2756 conabitur
2381 2691 2604 2748 Domino
2631 2735 2646 2758 ,
2679 2695 2870 2750 similis
2897 2697 3000 2750 erit
3031 2695 3256 2748 Domino
3289 2695 3342 2748 in
3375 2693 3504 2766 ﬁliis

1933 2783 2026 2838 Dei
2055 2787 2080 2840 ?
2106 2783 2212 2838 Pro
2243 2785 2368 2850 illo,
2399 2785 2454 2838 in
2503 2785 2728 2840 nubibus
2748 2827 2762 2850 ,
2809 2787 3172 2858 Symmachus
3219 2787 3330 2850 ait,
3371 2787 3504 2852 Quis

1925 2879 2066 2932 enim
2107 2877 2164 2930 in
2211 2877 2450 2934 arthere?
2494 2877 2800 2932 Admodum
2843 2891 3212 2950 congruenter
3243 2879 3358 2932 haec
3387 2877 3504 2950 iam

1927 2967 2228 3040 praemissis
2261 2967 2502 3036 adiecit:
2539 2971 2824 3024 verita-tem
2863 2971 3008 3024 enim
3053 2979 3238 3034 tuam,
3283 2969 3500 3039 inquit,

1927 3069 1984 3116 et
2025 3061 2299 3116 mirabilia
2347 3069 2442 3114 tua
2489 3061 2702 3116 etiamsi
2748 3061 2998 3116 homines
3045 3061 3348 3134 intelligere
3391 3077 3501 3116 non

1927 3153 2184 3219 valeant;
2218 3167 2324 3224 qua
2373 3153 2442 3208 de
2469 3167 2638 3207 causa
2665 3151 2892 3222 iamiam
2927 3153 3180 3208 dicturus
3206 3169 3328 3208 sum
3351 3195 3364 3219 ,
3403 3151 3504 3206 Ubi

263 3245 402 3314 mai",
425 3243 522 3298 καὶ
547 3245 616 3298 τὰ
639 3243 920 3314 θαυμάσιά
949 3259 1066 3306 σου,
1093 3243 1142 3296 εἰ
1171 3243 1264 3296 καὶ
1295 3241 1368 3313 μὴ
1397 3242 1672 3314 ἄνθρωποι
1703 3259 1821 3297 συν-

1927 3255 2050 3302 sunt
2089 3245 2470 3300 misericordiae
2511 3253 2618 3299 tuas
2657 3247 2892 3314 antiqua!
2913 3288 2928 3312 ,
2961 3243 3222 3307 Domine,
3253 3261 3385 3314 quas
3409 3245 3506 3316 ju-

279 3339 386 3390 ἶναι
413 3336 700 3390 δύνανται·
731 3335 798 3390 δι’
831 3335 859 3389 ὃ
905 3335 1082 3406 μέλλω
1121 3333 1300 3404 λέγειν
1333 3335 1530 3406 μικρδν
1559 3333 1784 3406 ὕστερον
1807 3351 1822 3366 ⁸

259 3427 372 3481 Ποῦ
395 3425 524 3480 ἐστι
549 3425 622 3480 τὰ
641 3423 782 3494 ἐλέη
813 3439 930 3478 σου
957 3427 1028 3478 τὰ
1049 3423 1288 3494 ἀρχαῖα,
1309 3424 1506 3492 Κύριε,
1525 3421 1565 3476 ἃ
1583 3423 1826 3492 ὤμοσας

257 3519 330 3584 τῷ
353 3518 560 3580 Δαυΐδ;
601 3517 738 3572 Ἀλλ’
763 3519 982 3592 οὐρανοὶ
1011 3517 1360 3588 διηγήσονται
1402 3517 1498 3572 καὶ
1529 3517 1826 3588 Ἐκκλησία

256 3611 422 3680 ἁγίων
465 3611 824 3682 μαρτυρήσει,
855 3611 936 3664 ὅτι
988 3609 1154 3681 μηδὲν
1183 3601 1260 3662 ὧν
1285 3607 1512 3678 ὤμοσας
1537 3607 1613 3678 τῷ
1639 3605 1820 3670 Δαυῒδ,

253 3703 600 3764 διαπεσεῖται,
631 3703 754 3756 οὐδὲ
781 3701 1086 3772 ψεύσονταίῑ
1105 3717 1198 3754 σου
1231 3701 1287 3754 αἱ
1319 3701 1676 3768 ἐπαγγελίαν
1705 3700 1826 3754 ἀδύ-

257 3813 408 3848 νατον
433 3795 538 3866 γάρ
573 3797 686 3848 ἐστι
719 3795 782 3848 τὸ
809 3795 870 3848 σε
899 3795 1236 3866 ψεύσασθαι.
1261 3795 1356 3858 Τίς
1385 3795 1494 3864 γάρ
1519 3811 1600 3846 σοι
1629 3793 1820 3860 ἐξισω-

259 3887 470 3960 θήσεται
501 3891 556 3942 ὲν
581 3887 824 3960 ἀληθείᾳ,
855 3887 888 3960 ἢ
915 3888 1000 3952 τίς
1027 3887 1424 3958 ὁμοιωθήσεται
1457 3887 1514 3941 ἐν
1535 3883 1614 3958 τῷ
1643 3885 1822 3952 λέγειν

261 3981 350 4032 καὶ
371 3979 682 4032 πιστοῦσθαί
717 3995 808 4031 σου
842 3979 942 4042 τὰς
973 3977 1336 4046 έπαγγελίαςς
1375 3975 1510 4028 Οὐδὲ
1541 3975 1652 4046 γὰρ
1673 3975 1822 4028 ἀντι-

267 4071 440 4140 στῆναί
473 4087 562 4122 σου
589 4073 656 4142 τῇ
689 4069 849 4140 βουλῇ
887 4067 1108 4122 δύναταί
1153 4085 1258 4132 τις,
1293 4067 1366 4130 ὡς
1397 4065 1724 4138 ἀνατρέπειν
1751 4063 1822 4118 τὰ

269 4159 402 4224 ἅπαξ
427 4159 522 4212 ὑπὸ
553 4159 646 4212 σοῦ
673 4159 970 4230 ὡρισμένα,
995 4161 1188 4230 μήτιγε
1209 4157 1280 4212 τὰ
1313 4155 1432 4229 μεθ’
1457 4157 1622 4229 ὅρκου
1647 4159 1822 4228 gmw.

274 4251 510 4322 γελμένα·
555 4249 694 4302 ὥστε
737 4253 786 4302 εί
825 4249 898 4320 μὴ
929 4251 1023 4303 καὶ
1067 4251 1200 4320 ἡμῖν
1237 4249 1500 4318 ἔγνωσταί
1533 4267 1622 4302 πω
1653 4249 1820 4321 ἡτῶν

273 4341 584 4412 ἐπαγγελιῶν
611 4357 704 4394 σου
727 4339 972 4410 ἀλήθεια,
1005 4339 1120 4392 ἀλλ’
1147 4341 1322 4392 ἐκεῖνο
1347 4337 1590 4412 ἀκριϐῶς
1625 4339 1784 4410 ἴσμεν
1801 4377 1816 4402 ,

273 4433 352 4488 ὅτι
385 4433 627 4498 δυνατὸς
656 4428 728 4494 εἴ,
755 4433 948 4500 Κύριε,
978 4431 1076 4484 καὶ
1111 4431 1150 4498 ἡ
1187 4431 1438 4500 ἀλήθειά
1467 4447 1584 4485 σου
1615 4431 1820 4494 κύκλῳ

275 4539 394 4580 σου.
423 4523 574 4578 Πάντ’
601 4519 692 4576 οὖν
723 4523 822 4576 ὅσα
853 4521 948 4576 καὶ
970 4521 1294 4592 βεϐούλησαι
1321 4521 1566 4588 δύνασαι,
1591 4523 1686 4576 καὶ
1709 4521 1818 4575 τῶν

1927 3339 2062 3390 rasti
2097 3335 2270 3390 David
2295 3339 2320 3391 ?
2347 3343 2402 3388 at
2431 3335 2556 3389 caeli
2583 3335 2952 3399 enarrabunt,
2984 3343 3040 3388 et
3085 3333 3330 3390 Ecclesia
3374 3351 3502 3392 san-

1925 3437 2136 3484 ctorum
2159 3427 2563 3490 testiﬁcabitur,
2585 3427 2720 3482 nihil
2743 3443 2932 3482 eorum
2955 3443 3074 3496 qua:
3094 3425 3282 3482 Davidi
3305 3427 3503 3497 iurasti

1925 3521 2206 3591 lapsurqu
2251 3535 2414 3586 esse,
2469 3535 2648 3590 neque
2697 3519 2884 3573 irritas
2935 3517 3055 3574 fore
3105 3520 3502 3590 promissiones

1923 3623 2049 3670 tuas
2079 3631 2092 3667 :
2123 3611 2240 3668 ﬁeri
2265 3613 2413 3667 enim
2437 3613 2626 3682 nequit
2649 3619 2702 3666 te
2729 3611 2970 3664 mentiri.
3001 3611 3134 3678 Quis
3155 3611 3299 3666 enim
3327 3625 3504 3682 arqua-

1925 3705 1994 3762 lis
2027 3705 2126 3760 tibi
2151 3705 2260 3760 erit
2291 3703 2346 3758 in
2377 3705 2640 3766 veritate,
2673 3709 2768 3756 aut
2797 3701 2922 3772 quis
2953 3701 3152 3758 similis
3181 3701 3286 3758 erit
3315 3703 3412 3756 tibi
3447 3701 3500 3756 in

1923 3811 2018 3862 eo,
2043 3795 2188 3866 quod
2217 3795 2460 3866 loquaris
2481 3801 2538 3849 et
2561 3791 2954 3864 promissiones
2981 3801 3087 3846 tute
3111 3789 3280 3848 ﬁrme
3307 3799 3361 3846 et
3389 3793 3502 3862 ple-

1923 3903 2006 3943 na:
2039 3887 2164 3942 ﬁdei
2209 3885 2492 3942 evadant?
2517 3883 2650 3939 Tua:
2679 3883 2880 3954 quippe
2909 3883 3178 3938 voluntati
3209 3897 3372 3938 nemo
3399 3899 3498 3952 po-

1921 3987 2030 4036 test
2059 3977 2366 4044 ohsistere,
2415 3977 2492 4032 ita
2529 3983 2594 4030 ut
2637 3990 2734 4040 ea,
2781 3989 2901 4044 quae
2931 3989 2960 4027 a
2991 3983 3044 4030 te
3073 3975 3242 4030 semel
3274 3973 3498 4030 deﬁnita

1923 4081 2082 4138 sunt,
2113 4077 2357 4134 evertat,
2393 4067 2595 4126 nedum
2627 4083 2690 4124 ea
2721 4083 2842 4140 quae
2873 4082 2996 4122 cum
3025 4065 3342 4136 iuramento
3369 4081 3497 4136 pro-

1921 4161 2098 4218 missa
2136 4167 2306 4227 sunt;
2355 4159 2430 4214 ita
2473 4143 2534 4212 ut
2573 4157 2792 4212 etiamsi
2835 4157 2998 4212 nobis
3040 4163 3166 4210 nota
3205 4171 3316 4209 non
3353 4163 3500 4210 esset

1921 4253 2324 4326 promissorum
2353 4259 2574 4306 tuorum
2605 4251 2808 4306 veritas
2829 4291 2844 4316 ,
2877 4257 2934 4302 at
2969 4247 3102 4302 illud
3145 4247 3314 4316 probe
3355 4247 3498 4301 scia-

1921 4359 2044 4400 mus
2063 4385 2078 4408 ,
2108 4343 2358 4414 quoniam
2387 4351 2570 4410 potens
2597 4357 2686 4404 es,
2721 4339 2944 4394 Domine
2963 4379 2976 4400 ,
3009 4347 3058 4392 et
3089 4339 3284 4392 veritas
3319 4347 3408 4390 tua
3443 4339 3498 4391 in

1919 4437 2146 4491 circuitu
2179 4443 2288 4490 tuo.
2329 4433 2524 4490 Omnia
2569 4433 2736 4504 igitur
2762 4447 3102 4502 quaecunque
3133 4429 3372 4486 volueris
3401 4445 3498 4500 po—

1921 4541 2041 4594 tes,
2083 4535 2140 4584 et
2165 4523 2555 4598 praedictorum
2595 4523 2662 4581 de
2709 4523 2914 4578 Davide
2961 4525 3254 4578 verborum
3295 4531 3498 4578 veritas

277 4617 426 4686 λόγων
454 4633 540 4670 σου
569 4615 682 4670 τῶν.
701 4616 832 4686 περὶ
857 4613 952 4666 τοῦ
973 4611 1134 4666 Δαυῖδ
1159 4613 1578 4686 προρρηθέντων
1619 4615 1654 4682 ἡ
1681 4613 1816 4685 ἀλή-

1926 4623 2067 4677 circa
2098 4629 2150 4676 te
2177 4619 2460 4686 volvitur;
2491 4617 2566 4670 ita
2599 4627 2659 4671 ut
2687 4617 2943 4672 omnibus
2965 4655 2979 4680 ,
3017 4615 3108 4686 qui
3139 4616 3284 4669 circa
3316 4625 3368 4670 te
3401 4629 3498 4684 po-

281 4709 384 4763 θεια
407 4709 534 4780 ἀμφὶ
567 4713 628 4762 σὲ
647 4707 900 4762 εἱλεῖται·
936 4705 1012 4768 ὡς
1035 4707 1172 4758 πᾶσι
1201 4705 1300 4776 μὲν
1319 4709 1432 4770 τοῖς
1457 4707 1582 4778 περὶ
1613 4707 1672 4759 σὲ
1699 4701 1822 4760 οὖσι

287 4801 360 4852 καὶ
387 4801 472 4870 τὴν
493 4797 584 4870 σὴν
615 4797 844 4868 θεότητα
865 4793 1228 4867 δορυφυροῦσι
1261 4793 1644 4864 γινώσκεσθαι,
1659 4797 1820 4865 ἀγνο-

285 4891 432 4946 εἰσθαι
451 4889 500 4944 δὲ
519 4893 628 4952 τοῖς
663 4887 888 4961 μακρὰν
909 4887 1274 4956 ἀφεστηκόσιν
1299 4887 1408 4941 ἀπὸ
1437 4885 1552 4940 σοῦ.

341 4985 474 5036 Δοκεῖ
511 4981 564 5035 δέ
617 4997 708 5052 μοι
753 4979 840 5034 διὰ
869 4981 1072 5032 τούτων
1093 4979 1122 5032 ὁ
1155 4979 1466 5050 Προφήτης,
1493 4979 1632 5048 ἁγίῳ
1659 4977 1824 5032 Ilvati-

290 5093 398 5147 ματι
425 5073 778 5146 θεοφορηθεὶς,
805 5071 1044 5136 καὶτοὺς
1063 5071 1162 5142 τῆς
1179 5069 1358 5141 ψυχῆς
1381 5069 1694 5142 ὀφθαλμοὺς
1715 5087 1820 5140 φω-

287 5171 330 5222 τὶ
349 5167 492 5240 νοερῷ
513 5163 928 5234 καταυγασθεὶς,
951 5163 1053 5234 τὴν
1081 5161 1238 5228 δόξαν
1270 5163 1574 5234 ἑωρακέναι
1595 5161 1688 5215 τοῦ
1713 5163 1820 5216 Μο-

289 5257 496 5328 νογενοῦς
535 5257 628 5310 τοῦ
673 5255 810 5308 Θεοῦ
885 5255 942 5308 ἐν
991 5253 1144 5324 μέσῳ
1192 5253 1292 5324 τῆς
1337 5251 1660 5324 Ἐκκλησίας
1705 5251 1816 5306 τῶν

289 5353 426 5422 ἁγίων
451 5351 692 5414 ἑστῶτος,
717 5349 812 5402 καὶ
841 5345 1308 5418 δορυφορουμένου
1351 5343 1456 5398 ὑπὸ
1495 5343 1604 5397 τῶν
1645 5343 1820 5412 ἁγίων

289 5445 376 5500 τῶν
403 5447 448 5498 ἐν
482 5443 722 5514 βασιλείᾳ
759 5437 944 5494 αὒτοῦ.
981 5437 1378 5508 Μνημονεύσας
1407 5437 1540 5506 γοῦν
1579 5437 1690 5490 τῶν
1719 5437 1814 5490 οὐ·

293 5535 452 5608 ρανῶν,
477 5533 560 5588 καὶ
607 5531 686 5604 τῷ
737 5529 868 5596 θείῳ
917 5527 1204 5598 Πνεῦματι.
1231 5527 1544 5590 ὲνατενίσας
1589 5530 1656 5599 τῇ
1705 5525 1814 5580 τῶν

293 5627 430 5696 ἁγίων
467 5623 772 5694 Ἐκκλησία,
803 5621 976 5674 ἔοικεν
1023 5619 1326 5690 ἑωρακέναι
1366 5621 1534 5689 μέσον
1567 5617 1658 5672 τὸν
1683 5617 1810 5671 Υἱδν

292 5717 368 5772 τοῦ
393 5715 530 5770 Θεοῦ·
553 5712 670 5768 εἶτα
695 5711 834 5784 μετὰ
861 5711 958 5782 τὴν
980 5711 1188 5764 ἐκείνου
1214 5711 1540 5782 κατανόησιν
1567 5709 1812 5782 ἐπιστρέ-

296 5827 392 5881 φειν
419 5809 520 5872 τοὺς
559 5805 868 5876 ὀφθαλμοὺς
903 5803 994 5856 ἐπὶ
1035 5803 1146 5857 τῶν
1175 5803 1334 5872 πέριξ
1359 5803 1530 5872 ἁγίων
1561 5801 1808 5870 ἀγγέλων

300 5901 372 5958 καὶ
394 5897 734 5972 ἀρχαγγέλων,
783 5895 1106 5966 πνευμάτων
1125 5911 1182 5948 τε
1209 5893 1366 5948 θείων
1403 5895 1496 5948 καὶ
1527 5893 1806 5964 δυνάμεων

1921 4713 2014 4770 siti
2043 4721 2172 4768 sunt
2199 4719 2254 4766 et
2281 4709 2542 4766 deitatem
2571 4709 2776 4778 stipant
2807 4713 2994 4773 tuam,
3027 4717 3158 4762 nota
3187 4707 3290 4774 sit,
3325 4705 3394 4760 ab
3427 4707 3494 4762 iis

1921 4821 2054 4860 vero
2083 4805 2174 4874 qui
2207 4803 2400 4874 procul
2431 4811 2482 4857 te
2509 4809 2640 4857 sunt
2659 4841 2674 4867 ,
2703 4799 3002 4870 ignoretur.

1991 4977 2070 5032 Ex
2099 4977 2188 5032 his
2219 4991 2386 5048 porro
2413 4973 2632 5032 videtur
2659 4973 2794 5028 mihi
2817 4971 3096 5044 Propheta
3129 4973 3338 5044 Spiritu
3367 4989 3496 5030 san-

1919 5081 2008 5128 cto
2035 5071 2222 5126 divine
2251 5071 2496 5140 repletus
2517 5111 2532 5136 ,
2573 5083 2638 5123 ac
2669 5067 2867 5122 mentis
2895 5067 3076 5123 oculis
3107 5067 3378 5136 spirituali
3411 5067 3498 5120 lu-

1921 5165 2070 5220 mine
2095 5163 2406 5219 illustratus
2426 5201 2440 5226 ,
2471 5160 2704 5232 gloriam
2733 5159 2940 5216 vidisse
2971 5157 3244 5230 Unigeniti
3275 5157 3402 5225 Dei,
3439 5159 3494 5214 in

1917 5255 2098 5311 medio
2117 5253 2376 5310 Ecclesia:
2399 5261 2718 5308 sanctorum
2741 5253 2962 5316 stantis,
2985 5259 3042 5308 et
3063 5259 3378 5307 sanctorum
3399 5253 3494 5322 qui

1917 5347 1976 5402 in
2015 5361 2186 5416 regno
2207 5345 2330 5416 eius
2357 5353 2488 5400 sunt
2513 5343 2864 5398 multitudine
2891 5343 3100 5414 stipati.
3143 5341 3280 5398 Cum
3323 5344 3496 5400 caelos

1915 5449 2152 5504 namque
2183 5443 2580 5498 memorasset,
2613 5441 2666 5487 et
2701 5431 2908 5502 Spiritu
2937 5433 3126 5488 divino
3175 5443 3492 5490 sanctorum
3547 5445 3550 5452 '

1915 5523 2216 5580 Ecclesiam
2251 5525 2580 5592 intueretur,
2611 5523 2830 5580 videtur
2861 5525 2918 5580 in
2951 5527 3132 5582 medio
3173 5543 3362 5584 eorum
3401 5527 3494 5584 Fi-

1912 5615 2044 5668 lium
2059 5613 2152 5670 Dei
2177 5617 2554 5686 conspexisse,
2567 5615 2764 5672 deinde
2781 5625 2960 5674 autem
2979 5619 3100 5690 ipso
3119 5621 3489 5688 considerato,

1911 5707 2104 5764 oculos
2133 5716 2348 5765 vertere
2389 5709 2458 5765 ad
2497 5719 2816 5767 sanctorum
2861 5713 3178 5784 angelorum
3198 5753 3214 5778 ,
3259 5715 3492 5772 archan-

1911 5799 2156 5870 gelorum
2175 5841 2192 5866 ,
2219 5800 2512 5872 spirituum
2535 5801 2848 5858 divinorum
2879 5813 2934 5860 et
2961 5808 3222 5862 virtutum
3257 5809 3490 5868 circum-

1911 5891 2146 5962 positum
2173 5893 2440 5948 ehorum:
2485 5895 2680 5952 horum
2722 5895 3064 5955 divinitatem
3095 5899 3322 5969 mirari;
3356 5917 3481 5958 cum
