3972 6812
121 412 170 464 1
195 415 382 473 085

1345 413 1862 468 COMMENTABIA
1903 413 1968 468 lN
2009 412 2346 471 PSALMOS.

3415 421 3437 476 l
3448 419 3553 478 086

10 496 30 600 Γ
111 528 300 586 τοῦ
363 528 587 595 Θεοῦ,
637 527 733 582 καί
773 526 932 582 αὐτοὶ
977 527 1089 581 θεοὶ
1132 525 1605 600 χρηματίζοντες,
1652 527 1718 580 δι’
1771 527 1866 592 οὒς

1970 530 2204 584 circuitu
2233 530 2354 600 ejus
2384 528 2618 594 fuerint,
2662 531 2767 586 nisi
2801 531 2892 585 ﬂlii
2925 529 3020 586 Dei
3040 571 3056 595 ,
3085 531 3176 602 qui
3201 539 3256 588 et
3283 532 3385 603 ipsi
3412 551 3552 604 quo-~
3599 583 3606 589 .

10 615 14 620 ’
120 623 504 695 εἴρηται,
537 621 596 674 ὀ
628 620 772 686 Θεὸς
794 619 944 686 ἔστη
969 619 1040 672 ἐν
1063 617 1386 688 συναγωγῇ
1407 618 1592 684 θεῶν;
1615 621 1726 674 Καὶ
1753 621 1864 693 γάρ

15 717 22 722 ’
124 713 284 778 σεδ,
338 715 488 768 Ἐν
511 711 727 781 ,βουλῇ
750 711 952 780 άγίων,
983 711 1180 774 καὶτὸ,
1220 711 1323 764 Ἐν
1357 711 1658 780 ἐκκλησίᾳ
1709 727 1854 782 πρω-

131 807 554 865 τοτόκων,
584 804 680 858 καὶ
707 803 789 864 τὸ,
829 802 924 855 Ἑν
952 799 1277 869 συναγωγῇ
1308 800 1482 867 θεῶν,
1522 800 1580 854 ἒν
1608 802 1703 856 καὶ
1737 820 1864 856 ταυ-

135 897 300 950 τὸν
347 891 530 948 εἶναί
569 912 657 965 μοι
679 894 842 947 δοκεῖ.
862 891 1078 946 Τούτων
1103 891 1392 964 τοιγαροῦν
1417 893 1476 946 ἐν
1511 893 1662 965 μέσῳ
1690 893 1864 960 ἑστὼς

159 987 306 1042 καὶ
373 987 510 1040 ὑπὸ
563 985 770 1038 τούτων
810 983 1279 1056 δορυφορούμενος
1333 986 1363 1037 ὁ
1396 984 1524 1049 Υἱὸς
1561 985 1659 1038 τοῦ
1702 985 1860 1054 Θεοῦ,

155 1077 688 1150 ινὼξαζὸμενος
717 1077 932 1149 εἴρηται
967 1077 1063 1130 καὶ
1094 1076 1267 1148 μέγας
1302 1077 1396 1131 καὶ
1422 1077 1673 1150 φοϐερός.
1700 1079 1769 1133 '0
1797 1096 1861 1148 γε

175 1171 340 1244 μὴν
393 1170 720 1242 Σύμμαχος
769 1169 852 1222 τά.
890 1169 1229 1240 προκείμενα
1269 1168 1459 1222 τοῦτον
1509 1169 1739 1236 ἐξέδωκε
1770 1171 1864 1225 τὸν

167 1265 462 1337 τρόπον
484 1283 500 1297 ·
550 1263 658 1318 est
685 1262 942 1330 άιξττητε
972 1263 1044 1316 ἐν
1071 1262 1276 1332 ὁμιλίᾳ
1306 1261 1491 1332 ἁγίων
1509 1262 1736 1332 πολλῇ,
1762 1265 1861 1318 καὶ

179 1357 556 1428 ἐπίφοϐος
579 1356 650 1410 ἐν
677 1353 828 1410 πᾶσι
853 1354 976 1420 τοῖς
1005 1354 1138 1423 περὶ
1172 1355 1462 1408 σεαυτόν·
1491 1355 1520 1408 ὁ
1546 1354 1605 1407 δὲ
1633 1353 1862 1419 Ἀκύλας

184 1451 416 1525 φησί’
498 1448 774 1517 Ἰσχυρὸς
825 1447 1410 1516 κατισχυρευόμενος
1444 1447 1514 1500 ἐν
1547 1445 1864 1515 ἀπορρήτῳ

189 1541 466 1611 ἁγίων,
501 1537 756 1608 πλῆθος,
785 1537 1041 1606 πλῆθος,
1074 1537 1174 1592 καί
1203 1538 1491 1608 ἐπίφοϐος
1509 1537 1608 1591 ἐπὶ
1629 1537 1863 1607 πάντας

194 1633 466 1701 κύκλῳ
507 1631 720 1686 αὑτοῦ.
771 1632 835 1685 Ἦ
864 1631 920 1684 δὲ
956 1630 1051 1684 τοῦ
1079 1630 1240 1701 λόγου
1269 1631 1476 1686 διάνοια
1507 1629 1606 1702 τὴν
1635 1631 1862 1696 ἀκολου,-

204 1727 368 1782 θίαν
425 1726 792 1798 παρίστησιν.
845 1724 1064 1796 Ἐπειδὴ
1121 1724 1230 1796 γὰρ
1258 1724 1485 1788 δυνατὸς
1529 1719 1612 1791 εἷ,
1649 1723 1860 1796 Κύριε,

211 1822 450 1894 φησὶν,
487 1820 586 1874 καὶ
620 1821 653 1891 ἡ
692 1817 922 1889 ἀλήθειά
955 1835 1048 1871 σου
1073 1817 1258 1890 κύκλῳ
1292 1835 1410 1881 σου,
1435 1817 1663 1881 εἰκότως
1688 1817 1862 1889 μέγας

1970 635 2079 689 que
2123 619 2197 674 dii
2237 629 2628 690 nuncupantur
2659 639 2671 675 :
2708 636 2942 691 quorum
2988 637 3155 677 causa
3188 622 3395 678 dictum
3427 634 3551 689 est-,

1969 710 2114 765 Deus
2140 713 2283 766 stetit
2316 714 2371 766 in
2399 730 2668 784 synagoga
2695 711 2916 767 deorum
2942 714 3028 768 “‘l
3059 713 3266 770 Etenim
3291 716 3423 771 illud
3443 757 3459 783 ,
3489 716 3553 771 In

1969 803 2190 857 consilio
2223 811 2528 858 sanctorum
2556 821 2576 867 ,'
2607 812 2660 859 et
2695 804 2828 859 illud
2857 844 2872 865 ,
2931 803 2992 858 In
3040 806 3263 860 ecclesia
3294 809 3537 877 primoge-

1970 895 2242 960 nitorum;
2290 906 2377 960 et,
2415 895 2481 950 In
2527 913 2796 968 synagoga
2828 897 3089 962 deorum;
3123 915 3288 953 unum
3323 908 3379 955 et
3412 900 3554 955 idem

1968 1002 2091 1043 esse
2120 987 2338 1043 videtur
2381 989 2537 1044 mihi.
2586 988 2791 1044 Horum
2833 991 3018 1060 itaque
3065 991 3120 1045 in
3153 991 3338 1046 medio
3363 1002 3554 1058 stans,

1969 1079 2056 1134 his
2086 1079 2322 1150 stipatus
2339 1078 2512 1134 Filius
2537 1079 2631 1135 Dei
2656 1120 2672 1144 ,
2702 1080 3041 1152 gloriﬁcatus
3061 1122 3086 1146 ,-
3110 1097 3341 1152 magnus
3370 1092 3423 1137 et
3443 1089 3532 1137 ter

1969 1171 2152 1252 ribilis
2185 1171 2411 1226 dicitur.
2460 1170 2589 1226 Haec
2631 1188 2766 1227 vero
2799 1172 3166 1244 Symmachus
3216 1177 3298 1230 sic
3343 1175 3552 1230 edidit:

1968 1265 2109 1320 Deus
2157 1266 2346 1319 invicte
2389 1265 2445 1318 in
2489 1267 2887 1321 conversatione
2931 1276 3238 1323 sanctorum
3269 1269 3470 1327 multa.
3506 1276 3553 1322 et

1971 1355 2233 1411 tremende
2257 1357 2310 1410 in
2341 1355 2583 1411 omnibus
2614 1357 2706 1426 qui
2734 1357 2934 1411 circum
2966 1366 3013 1412 te
3036 1369 3202 1421 sunt;
3228 1358 3424 1430 Aquila
3453 1375 3552 1413 au-

1968 1458 2076 1506 tem
2101 1451 2178 1504 ait
2202 1469 2214 1504 :
2242 1447 2422 1503 Fortis
2449 1449 2733 1504 roboratus
2756 1453 2810 1503 in
2833 1461 3030 1504 secreto
3049 1459 3354 1506 sanctorum
3374 1490 3394 1517 ,
3419 1452 3528 1505 mul

1970 1542 2141 1598 titudo
2161 1582 2176 1606 ,
2215 1541 2500 1596 multitudo
2522 1582 2536 1602 .
2567 1550 2616 1596 et
2653 1541 2955 1597 tremendus
2984 1559 3144 1612 super
3172 1559 3351 1598 omnes
3381 1543 3470 1613 qui
3500 1545 3552 1597 in

1969 1633 2199 1688 circuitu
2244 1632 2358 1702 ejus
2405 1641 2553 1688 sunt.
2605 1631 2726 1704 Ipsa
2761 1647 2930 1703 porro
2961 1632 3095 1688 dicti
3143 1635 3414 1688 sententia
3461 1649 3552 1689 se-

1971 1727 2108 1780 riem
2141 1725 2339 1794 aperit.
2371 1723 2507 1778 Nam
2535 1725 2667 1795 quia
2699 1735 2894 1795 potens
2919 1739 3015 1790 es,
3051 1726 3277 1781 Domine
3297 1767 3312 1791 ,
3340 1726 3550 1797 inquit,

1967 1822 2024 1870 et
2055 1815 2260 1869 veritas
2289 1821 2384 1868 tua
2419 1814 2475 1868 in
2506 1815 2742 1869 circuitu
2779 1825 2906 1879 tuo,
2949 1815 3076 1882 jure
3121 1830 3352 1883 magnus
3397 1831 3458 1872 es
3498 1823 3552 1870 et

220 1909 312 1977 εἳ,
351 1912 464 1966 καὶ
508 1910 740 1982 φοϐερὸς
787 1905 878 1974 εἴ,
915 1909 1009 1963 καὶ
1054 1908 1471 1980 ὲνδοξαζόμενος
1511 1909 1563 1963 εἶ
1605 1911 1663 1963 ὲν
1699 1909 1862 1984 βουλῇ

1970 1904 2235 1960 terribilis
2278 1911 2332 1958 et
2371 1904 2715 1975 glorihcatus
2747 1905 2802 1960 in
2837 1905 3074 1960 consilio
3119 1914 3468 1968 sanctorum,
3500 1914 3548 1960 et

227 2005 460 2076 ἁγίων,
499 2005 596 2058 καὶ
621 2005 679 2056 ὲν
699 2006 811 2068 τοῖς
839 2001 938 2074 τὴν
965 2002 1064 2074 σὴν
1099 2003 1332 2074 θεότητα
1359 2002 1769 2075 περιπολοῦσιν,
1787 2005 1866 2068 οἳ,

237 2099 361 2153 τῶν
409 2097 534 2152 σῶν
551 2096 896 2165 ἐπαγγελιῶν
927 2098 1026 2167 τὴν
1075 2096 1337 2168 ἀλήθειαν
1363 2095 1724 2168 συνορῶντες,
1762 2097 1864 2162 τὰς

240 2193 593 2264 πρεπούσας
651 2189 1002 2261 εὐχαριστίας
1054 2187 1207 2260 μετὰ·
1245 2187 1576 2260 θαυμασμωῗι
1617 2188 1718 2258 τῆς
1764 2189 1864 2260 σῆς

243 2285 530 2356 θεότητος
562 2283 966 2354 ἁναπέμπουσι.
1015 2281 1108 2336 Διὸ
1150 2279 1332 2352 μικρῷ
1367 2279 1602 2352 πρόσθεν
1640 2279 1860 2347 ελεγονο

258 2375 861 2446 Ἑξομοάογήσονται
886 2377 942 2428 οί
987 2373 1230 2443 οὐρανοὶ
1279 2372 1350 2427 τὰ
1383 2371 1692 2442 θαυμάσιά
1720 2389 1867 2437 σου,

246 2471 357 2524 καὶ
395 2471 521 2538 τὴν
553 2468 844 2538 ἀλήθειάν
872 2483 990 2522 σου
1023 2467 1093 2521 ἐν
1126 2465 1453 2534 Ἐκκλησία
1476 2460 1680 2535 άγίῶν.

328 2562 524 2630 Κύριε
552 2563 585 2615 ό
623 2561 769 2627 Θεὸς
798 2559 919 2614 τῶν
948 2557 1296 2629 δυνάμεων,
1341 2558 1435 2624 τίς
1470 2557 1673 2626 ὅμοιός
1716 2573 1854 2620 σοις

253 2656 538 2721 Δυνατὸς
564 2651 638 2718 εἷ,
667 2655 866 2723 Κύριε,
889 2653 987 2706 καὶ
1007 2654 1046 2721 ἡ
1076 2650 1331 2720 ἀλήθειά
1354 2664 1470 2705 σου
1491 2650 1696 2716 κύκλῳ
1721 2666 1857 2704 σου.

259 2748 350 2800 Σὺ
381 2744 699 2812 δεσπόζεις
727 2745 833 2799 τοῦ
869 2744 1127 2813 κράτους
1151 2741 1263 2810 τῆς
1286 2741 1626 2809 θαλάσσης,
1655 2741 1764 2795 τὸν
1794 2740 1872 2794 δὲ,

265 2837 474 2892 σάλον
494 2837 616 2892 τῶν
650 2836 932 2906 κυμάτων
957 2833 1150 2902 αὐτῆς
1174 2833 1256 2888 σὺ
1289 2833 1747 2902 καταπραΰνεις.
1777 2832 1864 2887 Σὺ

265 2928 686 2993 ἐταπείνωσας
717 2929 798 2993 ὡς
837 2926 1204 2997 τραυματίαν
1230 2923 1625 2994 ὑπερήφανον
1663 2925 1736 2979 ἐν
1782 2925 1864 2991 τῷ

276 3020 557 3089 ϐραχίονι
600 3017 712 3087 τῆς
743 3017 1051 3088 δυνάμεώς
1089 3033 1206 3072 σου
1244 3016 1676 3086 διεσκόρπισας
1721 3017 1864 3084 τοὺς

269 3111 530 3180 ἐχθρούς
565 3126 706 3165 σου.
739 3110 846 3164 Καὶ
882 3111 940 3163 ἐν
977 3109 1188 3173 τούτοις
1215 3109 1369 3164 οὐδὲν
1403 3109 1594 3182 ἀφίησι
1632 3109 1740 3164 τῶν
1766 3127 1874 3179 γεη.

275 3204 455 3274 V113th
487 3199 628 3257 εἶναι
655 3204 840 3273 ὅμοιον
866 3201 947 3273 τῷ
977 3201 1382 3274 θεολογουμένῳ
1420 3200 1536 3272 Υίῷ
1559 3200 1653 3255 τοῦ
1693 3200 1857 3256 Θεοῦ·

276 3298 440 3352 αὐτὸν
469 3298 580 3370 γάρ
628 3293 768 3351 εἶναι
801 3297 892 3350 τὸν
919 3296 1146 3350 δυνατὸν
1165 3335 1181 3362 ,
1224 3297 1318 3350 καὶ
1341 3296 1433 3350 τὸν
1464 3295 1575 3349 τῶν
1620 3293 1874 3349 δυνατῶντ

280 3391 434 3457 Θεδυ,
490 3393 585 3446 καὶ
613 3391 793 3445 αὐτῶν
816 3391 926 3444 τῶν
963 3391 1247 3463 δυνάμεων
1291 3391 1516 3463 Κύριον,
1547 3390 1624 3454 ὡς
1659 3389 1865 3461 μηδένα

284 3483 430 3556 αύτῷ
453 3483 752 3552 ἀντιλέγειν
777 3482 1056 3546 δύνασθαι,
1091 3483 1225 3555 μηδὲ
1261 3485 1330 3554 τῇ
1370 3482 1535 3537 αὑτοῦ
1577 3482 1740 3554 βουλῇ
1773 3483 1870 3536 ἀν-

287 3576 596 3630 θίστασθαγ
636 3575 703 3630 δι’
738 3575 768 3628 δ
810 3575 990 3645 λέγειν
1019 3576 1183 3629 αὑτὸν
1217 3577 1310 3630 καὶ
1352 3579 1545 3642 ποιεῖν,
1569 3576 1663 3630 ἀτε
1706 3575 1865 3648 μόνον

285 3668 534 3733 δυνατὸν,
583 3669 652 3722 τά
695 3667 901 3722 πάντα·
937 3667 1000 3720 τὸ
1027 3667 1168 3740 γὰρ,
1227 3668 1322 3734 Τίς
1353 3667 1555 3738 ὅμοιός
1601 3684 1738 3733 σοι;
1772 3669 1870 3724 καὶ

287 3758 512 3812 ἐνταῦθα
541 3759 644 3814 ούκ
681 3760 772 3814 ἐπὶ
806 3757 902 3813 τοῦ
934 3761 1184 3825 σπανίου,
1227 3759 1340 3814 ἀλλ’
1383 3761 1478 3814 ἐπὶ
1514 3761 1607 3815 τοῦ
1640 3761 1866 3833 μηδενὸς

289 3851 664 3922 παρείληπται.
700 3851 905 3906 Οὐδένα
929 3850 1062 3922 γοῦν
1090 3853 1275 3924 ὅμοιον
1310 3849 1450 3908 εἶναι
1486 3869 1619 3924 φησι
1650 3853 1729 3925 τῷ
1767 3871 1866 3907 κυ-

296 3941 705 4014 ριολογουμένῳ,
729 3945 1220 4017 ἀντιπαραϐάλλων
1250 3946 1400 4018 αύτῷ
1444 3946 1574 4010 τοὺς
1608 3947 1868 4018 ἀνωτέρω

296 4033 600 4105 εἰρημένους
637 4036 787 4100 υἱοὺς
828 4035 987 4090 Θεοῦ.
1018 4037 1131 4108 Τῆς
1168 4037 1281 4109 γὰρ
1319 4037 1492 4108 αὐτῆς
1530 4038 1716 4109 ἔχεται
1753 4039 1870 4092 δια-

301 4125 433 4188 νοίας
459 4125 522 4180 τὰ
551 4126 796 4198 παρόντα
823 4128 918 4181 καὶ
937 4127 1007 4181 τὰ
1032 4129 1298 4202 πρότερα,
1321 4129 1380 4183 ὲν
1401 4123 1482 4193 οἷς
1513 4130 1722 4202 εἴρητο·
1747 4131 1869 4184 Ὅτι

302 4215 454 4282 τίςὲν
465 4215 743 4284 νεφέλαις
756 4217 1112 4284 ίσωθήσεται
1125 4218 1204 4285 τῷ
1215 4220 1411 4288 Κυρίῳ
1417 4219 1870 4288 ,ὁμοιωθήσεται

304 4306 376 4372 τῷ
400 4309 583 4376 Κυρίῳ
607 4308 678 4360 ἐν
700 4307 853 4375 υίοῖς
881 4308 1063 4374 Θεοῦ;
1095 4311 1191 4364 καὶ
1214 4311 1310 4364 νῦν
1341 4311 1387 4365 δ’
1417 4307 1531 4375 οὖν,
1562 4315 1653 4378 Τις
1670 4311 1871 4379 ὅμοιός

303 4412 390 4453 σοι
401 4416 418 4463 ;
432 4399 704 4471 φησ”ιν,ὄτι
718 4398 940 4464 δυνατὸς
957 4397 1026 4464 εί,
1045 4402 1138 4456 καί
1152 4404 1185 4462 ή
1203 4402 1546 4474 ἀλήθειατῶν
1559 4404 1730 4474 λόγων
1752 4422 1868 4469 σου,

304 4492 357 4545 αἴ
377 4508 431 4544 τε
447 4491 762 4563 ἐπαγγελίαι
787 4493 1033 4564 σουπερὶ
1050 4493 1110 4546 σὲ
1133 4495 1229 4548 καὶ
1247 4496 1400 4566 παρά
1420 4497 1503 4550 σοὶ
1521 4497 1868 4568 τυγχάνουσι.

1966 1999 2022 2054 in
2053 1997 2120 2052 iis
2149 1997 2242 2068 qui
2283 1997 2548 2052 deitatem
2599 1997 2807 2068 stipant
2853 2005 3040 2060 tuam,
3094 1997 3227 2068 qui,
3255 2007 3550 2068 conspecta

1965 2091 2361 2162 promissorum
2382 2098 2601 2143 tuorum
2632 2088 2887 2150 veritate,
2912 2086 3126 2143 debitas
3155 2103 3278 2143 cum
3311 2089 3536 2144 admira-

1965 2183 2116 2238 tione
2169 2180 2394 2237 deitatis
2454 2190 2563 2236 tua:
2614 2180 2916 2251 gratiarum
2969 2179 3218 2236 actiones
3273 2181 3532 2235 emittunt

1965 2274 2147 2342 Quare
2174 2274 2339 2344 paulo
2366 2281 2526 2328 antea
2555 2273 2805 2328 dicebam
2833 2290 2848 2326 :
2880 2270 3285 2341 Conﬁtebuntur
3311 2271 3426 2325 caeli
3457 2273 3527 2325 mi

1964 2365 2162 2420 nabilia
2189 2375 2280 2419 tua
2297 2405 2311 2430 ,
2334 2374 2383 2420 et
2412 2366 2680 2420 veritatem
2708 2375 2853 2418 tuam
2879 2365 2934 2418 in
2960 2363 3198 2419 Ecclesia
3225 2375 3549 2420 sanctorum.

2036 2571 2204 2628 Vens.
2245 2569 2410 2626 9—1].
2451 2568 2676 2624 Domine
2706 2567 2847 2622 Deus
2877 2568 3152 2632 virtutum,
3199 2567 3318 2637 quis
3359 2566 3552 2622 similis

1965 2661 2059 2717 tibi
2085 2664 2111 2716 ?
2140 2661 2335 2718 Potens
2372 2678 2449 2724 es,
2483 2659 2738 2723 Domine,
2770 2667 2820 2713 et
2864 2659 3056 2713 veritas
3103 2667 3193 2711 tua
3229 2658 3285 2711 in
3329 2657 3551 2711 circuitu

1968 2763 2078 2810 tuo.
2137 2754 2217 2809 Tu
2265 2753 2563 2808 dominaris
2593 2752 2846 2821 potestati
2879 2751 3080 2815 maris,
3125 2757 3327 2804 motum
3375 2758 3550 2804 autem

1963 2847 2221 2915 ﬂuctuum
2247 2845 2362 2915 ejus
2381 2854 2437 2898 tu
2460 2845 2694 2915 mitigas.
2721 2842 2800 2896 Tu
2831 2843 3126 2896 humiliasti
3152 2842 3286 2895 sicut
3307 2841 3542 2894 vulnera-

1966 2948 2078 2992 tum
2115 2937 2434 3006 superbum,
2481 2936 2536 2989 in
2579 2933 2796 2988 brachio
2845 2935 3056 2988 virtutis
3104 2943 3208 2987 tute
3249 2930 3548 2999 dispersisti

1966 3029 2209 3084 inimicos
2242 3037 2383 3083 tuos.
2435 3026 2492 3080 In
2538 3027 2625 3081 bis
2665 3040 2885 3097 quoque
2916 3024 3121 3079 nullam
3156 3022 3422 3078 factarum
3459 3037 3552 3077 re-

1965 3138 2087 3178 rum
2119 3121 2353 3177 similem
2400 3117 2544 3174 Filio
2581 3118 2712 3182 Dei,
2743 3119 2838 3188 qui
2882 3116 3026 3172 Deus
3071 3117 3421 3188 pradicatur.
3455 3116 3552 3169 ads

1968 3213 2180 3280 mittit;
2216 3212 2396 3282 ipsum
2447 3227 2683 3282 namque
2728 3220 2783 3266 et
2829 3217 3102 3282 potentem
3150 3217 3204 3264 et
3249 3207 3548 3279 potentium

1967 3303 2135 3358 Deum
2165 3318 2230 3359 ac
2254 3303 2514 3358 virtutum
2548 3303 2831 3357 dominum
2865 3301 3033 3367 dicit,
3062 3301 3135 3356 ita
3172 3309 3230 3354 ut
3260 3314 3420 3354 nemo
3447 3298 3550 3370 ipsi

1966 3409 2274 3467 repugnare
2294 3434 2310 3459 ,
2345 3411 2524 3465 neque
2553 3394 2674 3464 ejus
2706 3394 2978 3449 voluntati
3012 3391 3390 3448 contradicere
3419 3406 3550 3460 pos-

1966 3487 2078 3544 sit:
2113 3502 2316 3558 quare,
2348 3495 2537 3558 utpote
2563 3487 2718 3542 solus
2744 3493 2972 3556 potens,
3003 3483 3186 3539 omnia
3220 3482 3356 3538 dicit
3386 3489 3441 3536 et
3472 3480 3552 3534 la-

1966 3580 2042 3635 cit
2072 3598 2086 3647 ;
2122 3579 2257 3634 illud
2291 3579 2438 3634 enim
2461 3619 2476 3644 ,
2512 3577 2646 3645 Quis
2675 3577 2870 3632 similis
2900 3577 2996 3630 tibi
3019 3579 3044 3632 .9
3073 3589 3181 3630 non
3213 3589 3368 3629 raros
3396 3588 3548 3635 esse,

1967 3671 2062 3728 sed
2092 3671 2306 3726 nullum
2331 3685 2455 3727 esse
2483 3670 2749 3725 declarat.
2783 3668 3066 3724 Neminem
3099 3668 3285 3738 itaque
3313 3665 3548 3720 similem

1967 3780 2093 3820 esse
2123 3766 2200 3818 ait
2231 3764 2347 3832 illi,
2379 3764 2473 3834 qui
2499 3761 2770 3816 Dominus
2814 3761 3166 3832 praedicatur,
3211 3775 3335 3814 cum
3373 3757 3550 3813 eidem

1969 3855 2098 3910 illos
2139 3860 2456 3924 comparat,
2498 3851 2592 3924 qui
2637 3853 2892 3920 superius
2936 3849 3032 3903 lilii
3079 3848 3176 3903 Dei
3223 3847 3354 3902 dicti
3397 3851 3546 3902 sunt.

1969 3946 2093 4004 Haec
2123 3947 2268 4004 enim
2301 3946 2478 4002 eidem
2509 3945 2721 4000 haerent
2749 3942 3071 4004 sententiae,
3105 3941 3193 3995 cui
3228 3941 3417 3996 istlnec
3451 3955 3550 3994 su-

1970 4040 2158 4112 perius
2185 4039 2374 4094 dicta:
2424 4036 2691 4103 Quoniam
2730 4034 2847 4105 quis
2895 4035 2948 4086 in
2991 4029 3217 4085 nubibus
3255 4027 3552 4100 mquabitur

1970 4131 2200 4186 Domino
2225 4132 2262 4187 ?~
2297 4128 2491 4184 similis
2540 4127 2640 4181 erit
2687 4124 2914 4179 Domino
2961 4123 3015 4176 in
3063 4122 3193 4192 ﬁliis
3221 4120 3365 4175 Dei?
3393 4117 3548 4174 Nunc

1971 4224 2134 4286 item,
2169 4223 2301 4289 Quis
2335 4219 2526 4275 similis
2553 4217 2689 4274 tibi?
2717 4217 2816 4281 ait,
2857 4215 2985 4285 quia
3029 4224 3222 4283 potens
3244 4227 3341 4275 es,
3375 4219 3428 4266 et
3455 4225 3551 4266 ve-

1978 4318 2116 4372 ritas
2176 4328 2491 4370 sermonum
2543 4319 2804 4374 tuorum,
2867 4306 3136 4378 promissa
3184 4319 3403 4376 quoque
3455 4313 3549 4358 tua

1972 4411 2121 4466 circa
2171 4417 2225 4464 te
2271 4416 2328 4463 et
2372 4420 2543 4478 penes
2572 4411 2626 4459 te
2650 4414 2800 4460 sunt.
2833 4401 3010 4457 Penes
3043 4410 3093 4455 te
3119 4399 3320 4469 quippe
3347 4405 3464 4462 est,
3495 4405 3552 4452 et

1973 4519 2141 4575 penes
2165 4517 2260 4558 eos
2290 4501 2383 4571 qui
2427 4510 2482 4556 te
2521 4498 2885 4562 circumdant,
2927 4495 3128 4552 veritas
3178 4504 3308 4550 tua:
3343 4507 3467 4547 nam
3501 4491 3548 4546 si

309 4584 445 4654 [Ιαρά
458 4585 536 4638 σοὶ
559 4584 669 4655 γάρ
693 4585 830 4651 ἐστι,
857 4585 1118 4658 καὶπαρά
1145 4588 1257 4651 τοῖς
1275 4587 1531 4642 κυκλοῦσί
1557 4606 1637 4654 σε,
1672 4591 1704 4660 ή
1737 4589 1867 4660 ἁλή-

1976 4596 2070 4666 qui
2115 4595 2366 4666 proxime
2401 4603 2456 4648 te
2515 4601 2572 4647 et
2618 4594 2672 4646 in
2717 4589 2949 4645 circuitu
2988 4597 3080 4641 tuo
3114 4592 3277 4648 sunt,
3309 4583 3388 4638 illi
3419 4597 3552 4638 sane

309 4674 415 4728 Θειά
432 4691 518 4729 σου
537 4693 553 4708 ο
578 4677 628 4729 εί
673 4675 782 4746 γάρ
813 4677 958 4741 τινές
993 4695 1088 4731 σου
1117 4679 1346 4750 πλησίον
1368 4682 1463 4735 καὶ
1480 4681 1664 4752 κύκλῳ
1689 4699 1871 4754 περιε-

313 4765 484 4831 στῶτες
515 4763 645 4832 εἷεν,
666 4764 813 4823 οὗτοι
846 4769 1000 4823 αὐτοὶ
1023 4770 1122 4843 τὴν
1143 4771 1402 4844 ἀλήθειάν
1424 4790 1517 4827 σου
1565 4773 1834 4843 γινώσκου
1850 4806 1868 4816 ο

314 4873 401 4910 σιν.
414 4858 590 4930 Ἡμεῖς
607 4860 665 4914 δὲ
681 4861 732 4913 οἱ
763 4860 856 4914 ἐπὶ
876 4862 1001 4933 γῆς,
1019 4863 1100 4918 ἐτι
1128 4865 1346 4937 μακράν
1369 4883 1462 4920 σου
1489 4869 1872 4938 τυγχάνοντες,

321 4949 396 5016 ιάς
445 4952 834 5024 μεγαλουργίας
895 4972 988 5009 σου
1050 4958 1160 5013 ἀπὸ
1221 4957 1337 5012 τῶν
1384 4960 1526 5014 κατά
1591 4959 1867 5016 θάλασσαν

316 5044 690 5117 ἐνεργουμένων
741 5045 846 5100 ὑπὸ
889 5048 990 5120 τῆς
1038 5051 1139 5122 σῆς
1200 5051 1459 5123 προνοίας
1514 5051 1874 5124 Θεωροῦντες,

318 5139 670 5212 ὁμολογοῦμεν,
700 5141 782 5196 ὃτι
829 5142 1053 5208 δυνατὸς
1071 5140 1148 5210 εἴ,
1178 5145 1275 5200 καὶ
1309 5147 1343 5218 ἠ
1373 5145 1603 5217 ἀλήθειά
1635 5164 1727 5200 σου
1768 5148 1869 5201 κύη

320 5233 412 5305 κλῳ
434 5251 535 5288 σου.
559 5235 670 5306 Τῆς
688 5252 748 5288 τε
780 5235 888 5307 γάρ
919 5234 1198 5309 θαλάσσης
1227 5238 1332 5292 καὶ
1353 5238 1447 5291 τοῦ
1474 5237 1730 5292 τοσούτου
1757 5240 1870 5292 τῶν.

322 5326 493 5381 ὑδάτων
522 5327 718 5392 κύτους
752 5328 818 5380 σὺ
873 5327 1034 5398 μόνος
1066 5329 1368 5396 δεσπόζεις,
1413 5329 1510 5384 καὶ
1564 5331 1659 5384 τὸν
1705 5331 1866 5386 σάλον

329 5418 410 5473 τῶν
433 5419 681 5491 κυμάτων
707 5418 877 5490 αὐτῆς
919 5421 984 5474 σὺ
1027 5421 1188 5492 μόνος
1233 5424 1670 5496 καταπραΰνεις,
1706 5441 1865 5495 περιο

325 5511 416 5577 Θεὶς
436 5513 558 5586 αὐτῇ
592 5511 818 5582 κλεῖθρα
856 5513 951 5566 καὶ¹
981 5513 1174 5578 πύλας,
1217 5516 1312 5569 καὶ
1353 5517 1476 5588 ὅρια
1525 5517 1662 5588 αὐτῇ
1695 5516 1868 5588 πηξά-

329 5622 471 5676 μενος,
503 5600 579 5670 ὼς
623 5605 690 5660 ἀν
739 5606 814 5675 μὴ
861 5606 1162 5678 ύπερϐἄσα.
1204 5609 1562 5666 κατακλύσειε
1613 5609 1713 5680 τὴν
1761 5609 1870 5664 τῶν

331 5698 582 5770 ἀνθρώπων
609 5697 952 5768 οἰκουμένην.
990 5699 1054 5752 '0
1069 5697 1133 5768 δὴ
1166 5699 1257 5753 καὶ
1298 5701 1430 5755 αὐτὸ
1451 5701 1511 5755 ἓν
1535 5718 1588 5755 τι
1611 5700 1871 5772 τυγχάνει

401 5855 418 5878 ’
454 5851 584 5912 Psal.
622 5869 818 5918 Lxxxt.
855 5854 902 5910 Ι..

1973 4687 2263 4742 veritatem
2313 4692 2520 4740 norunt
2562 4691 2734 4737 tuam.
2769 4680 2878 4735 Nos
2908 4687 3085 4734 autem
3116 4677 3208 4748 qui
3237 4677 3291 4730 in
3319 4683 3467 4728 terra
3497 4681 3552 4727 et

1975 4778 2156 4834 adhuc
2188 4777 2376 4849 procul
2409 4784 2462 4830 te
2494 4787 2799 4834 versamur,
2831 4786 2898 4826 ex
2929 4770 2997 4824 iis
3029 4783 3151 4838 quae
3181 4766 3297 4822 sive
3324 4765 3380 4820 in
3405 4771 3550 4819 terra

1976 4872 2091 4927 sive
2118 4871 2172 4924 in
2204 4868 2340 4923 mari
2369 4883 2398 4922 a
2427 4865 2773 4938 providentia
2800 4870 2892 4917 tua
2918 4869 3206 4934 geruntur,
3236 4873 3428 4929 magna
3459 4865 3550 4910 tua

1973 4962 2189 5034 opiﬁcis
2221 4960 2684 5030 contemplantes,
2728 4957 3052 5010 conﬁtemur
3079 4963 3130 5007 te
3160 4960 3463 5022 potentem,
3498 4958 3553 5003 et

1967 5055 2252 5110 veritatem
2286 5060 2436 5106 tuam
2469 5067 2525 5104 ιιι
2557 5048 2796 5103 circuitu
2821 5058 2915 5102 tuo
2943 5061 3087 5102 esse.
3118 5043 3254 5098 Nam
3304 5053 3362 5096 tu
3403 5041 3554 5095 solus

1971 5146 2109 5200 mari
2140 5152 2196 5200 et
2223 5150 2390 5197 tanta:
2420 5155 2687 5211 aquarum
2715 5136 3040 5210 plenitudini
3066 5132 3368 5190 dominaris
3393 5172 3407 5196 ,
3432 5148 3553 5186 mo-

1969 5246 2084 5292 tum
2115 5237 2380 5291 ﬂuctuum
2410 5234 2531 5304 ejus
2553 5246 2697 5286 unus
2728 5231 2947 5300 mitigas
2970 5269 2985 5292 ,
3025 5226 3240 5298 ipsique
3270 5225 3510 5279 claustra
3537 5261 3552 5286 ,

1973 5335 2163 5400 portas
2190 5336 2246 5382 et
2271 5325 2540 5382 terminos
2574 5322 2743 5377 titisti
2768 5363 2782 5385 ,
2819 5338 2888 5376 ne
2921 5328 3372 5390 praetergressum
3407 5314 3535 5382 pela.

1967 5437 2070 5493 gus
2099 5418 2330 5475 inundet
2354 5417 2565 5472 orbem.
2590 5414 2749 5482 Quod
2777 5429 2912 5468 sane
2944 5412 3028 5466 vel
3053 5424 3222 5463 unum
3253 5407 3552 5461 maximum

1973 5516 2136 5571 fuerit
2180 5512 2466 5584 potestatis
2514 5519 2620 5564 tua:
2671 5514 3072 5578 argumentum.
3108 5502 3176 5554 At
3205 5500 3350 5554 enim
3401 5506 3552 5550 tanta

1972 5622 2243 5679 aquarum
2297 5604 2623 5667 commotio,
2677 5601 2776 5655 tibi
2838 5607 2899 5652 u—t
2943 5595 3166 5651 domino
3208 5593 3550 5663 obsequens.

1973 5698 2104 5758 dum
2138 5708 2356 5757 tumens
2391 5698 2446 5756 in
2475 5697 2644 5752 altum
2677 5690 2946 5760 evehitur,
2976 5685 3300 5743 reformidat
3333 5693 3548 5750 tamen,
