  <div class='ocr_page' id='page_1' title='image "/cluster/home/n/w/nwhite01/storage/ocr_20150623/23/hvd.32044073501124/551.png"; bbox 0 0 3972 6812; ppageno 0'>
   <div class='ocr_carea' id='block_1_1' title="bbox 386 389 524 444">
    <p class='ocr_par' dir='ltr' id='par_1_1' title="bbox 386 389 524 444">
     <span class='ocr_line' id='line_1_1' title="bbox 386 389 524 444; baseline 0 -3"><span class='ocrx_word' id='word_1_1' title='bbox 386 389 524 444; x_wconf 71' lang='grc'><strong>108⁷7</strong></span> 
     </span>
    </p>
   </div>
   <div class='ocr_carea' id='block_1_2' title="bbox 1062 373 1973 444">
    <p class='ocr_par' dir='ltr' id='par_1_2' title="bbox 1062 381 1973 444">
     <span class='ocr_line' id='line_1_2' title="bbox 1062 381 1973 444; baseline -0.003 -3"><span class='ocrx_word' id='word_1_2' title='bbox 1062 385 1153 444; x_wconf 83' lang='lat' dir='ltr'><strong>EU</strong></span> <span class='ocrx_word' id='word_1_3' title='bbox 1163 384 1341 442; x_wconf 71' lang='lat' dir='ltr'><strong>SER“.</strong></span> <span class='ocrx_word' id='word_1_4' title='bbox 1371 383 1854 444; x_wconf 63' lang='lat' dir='ltr'><strong>SESARIENSlS</strong></span> <span class='ocrx_word' id='word_1_5' title='bbox 1893 381 1973 439; x_wconf 75' lang='lat' dir='ltr'><strong>OF</strong></span> 
     </span>
    </p>
   </div>
   <div class='ocr_carea' id='block_1_3' title="bbox 2075 373 2967 444">
    <p class='ocr_par' dir='ltr' id='par_1_3' title="bbox 2087 373 2967 438">
     <span class='ocr_line' id='line_1_3' title="bbox 2087 373 2967 438; baseline -0.007 0"><span class='ocrx_word' id='word_1_6' title='bbox 2087 379 2273 438; x_wconf 76' lang='lat' dir='ltr'><strong>PARS</strong></span> <span class='ocrx_word' id='word_1_7' title='bbox 2312 378 2404 438; x_wconf 84' lang='grc' dir='ltr'><strong>ιη.</strong></span> <span class='ocrx_word' id='word_1_8' title='bbox 2443 407 2517 421; x_wconf 93' lang='grc'><strong><em>-</em></strong></span> <span class='ocrx_word' id='word_1_9' title='bbox 2554 373 2967 435; x_wconf 77' lang='lat' dir='ltr'><strong>EXEGETICA.</strong></span> 
     </span>
    </p>
   </div>
   <div class='ocr_carea' id='block_1_4' title="bbox 3560 366 3707 427">
    <p class='ocr_par' dir='ltr' id='par_1_4' title="bbox 3560 366 3707 427">
     <span class='ocr_line' id='line_1_4' title="bbox 3560 366 3707 427; baseline 0.014 -2"><span class='ocrx_word' id='word_1_10' title='bbox 3560 366 3707 427; x_wconf 72' lang='grc'><strong>1088</strong></span> 
     </span>
    </p>
   </div>
   <div class='ocr_carea' id='block_1_5' title="bbox 382 484 1973 575">
    <p class='ocr_par' dir='ltr' id='par_1_5' title="bbox 382 500 1973 575">
     <span class='ocr_line' id='line_1_5' title="bbox 382 500 1973 575; baseline -0.005 -13"><span class='ocrx_word' id='word_1_11' title='bbox 382 515 439 562; x_wconf 88' lang='lat' dir='ltr'><strong>et</strong></span> <span class='ocrx_word' id='word_1_12' title='bbox 460 504 516 560; x_wconf 91' lang='lat' dir='ltr'><strong>in</strong></span> <span class='ocrx_word' id='word_1_13' title='bbox 542 503 722 575; x_wconf 72' lang='lat' dir='ltr'><strong>seipse</strong></span> <span class='ocrx_word' id='word_1_14' title='bbox 738 501 990 559; x_wconf 88' lang='lat' dir='ltr'><strong>terminis</strong></span> <span class='ocrx_word' id='word_1_15' title='bbox 1020 500 1438 566; x_wconf 33' lang='lat' dir='ltr'><strong>concluss&#39;suis,</strong></span> <span class='ocrx_word' id='word_1_16' title='bbox 1456 501 1756 559; x_wconf 74' lang='lat' dir='ltr'><strong>colliditur.</strong></span> <span class='ocrx_word' id='word_1_17' title='bbox 1773 500 1973 570; x_wconf 82' lang='lat' dir='ltr'><strong>Qut-rn-</strong></span> 
     </span>
    </p>
   </div>
   <div class='ocr_carea' id='block_1_6' title="bbox 2075 484 3716 575">
    <p class='ocr_par' dir='ltr' id='par_1_6' title="bbox 2083 484 3716 569">
     <span class='ocr_line' id='line_1_6' title="bbox 2083 484 3716 569; baseline -0.007 -18"><span class='ocrx_word' id='word_1_18' title='bbox 2083 497 2340 569; x_wconf 78' lang='grc' dir='ltr'><strong>μέγιστον</strong></span> <span class='ocrx_word' id='word_1_19' title='bbox 2364 496 2464 569; x_wconf 87' lang='grc' dir='ltr'>τῆς</span> <span class='ocrx_word' id='word_1_20' title='bbox 2494 496 2597 568; x_wconf 82' lang='grc' dir='ltr'><strong>σῆς</strong></span> <span class='ocrx_word' id='word_1_21' title='bbox 2621 494 2909 567; x_wconf 87' lang='grc' dir='ltr'>δυνάμεως</span> <span class='ocrx_word' id='word_1_22' title='bbox 2934 492 3152 563; x_wconf 85' lang='grc' dir='ltr'>δεῖγμα.</span> <span class='ocrx_word' id='word_1_23' title='bbox 3188 490 3278 555; x_wconf 80' lang='grc' dir='ltr'><strong>Ὧς</strong></span> <span class='ocrx_word' id='word_1_24' title='bbox 3297 488 3443 560; x_wconf 71' lang='grc' dir='ltr'><strong>γὰρ</strong></span> <span class='ocrx_word' id='word_1_25' title='bbox 3462 484 3716 563; x_wconf 62' lang='grc' dir='ltr'>διστώτῃ</span> 
     </span>
    </p>
   </div>
   <div class='ocr_carea' id='block_1_7' title="bbox 385 591 1973 663">
    <p class='ocr_par' dir='ltr' id='par_1_7' title="bbox 385 591 1973 663">
     <span class='ocr_line' id='line_1_7' title="bbox 385 591 1973 663; baseline -0.001 -11"><span class='ocrx_word' id='word_1_26' title='bbox 385 594 680 653; x_wconf 76' lang='lat' dir='ltr'><strong>admodum</strong></span> <span class='ocrx_word' id='word_1_27' title='bbox 713 602 895 649; x_wconf 88' lang='lat' dir='ltr'><strong>autem</strong></span> <span class='ocrx_word' id='word_1_28' title='bbox 949 591 1155 649; x_wconf 87' lang='lat' dir='ltr'><strong>ﬂuctus</strong></span> <span class='ocrx_word' id='word_1_29' title='bbox 1201 592 1483 663; x_wconf 82' lang='lat' dir='ltr'><strong>marisque</strong></span> <span class='ocrx_word' id='word_1_30' title='bbox 1515 594 1973 650; x_wconf 86' lang='lat' dir='ltr'><strong>comminationes</strong></span> 
     </span>
    </p>
   </div>
   <div class='ocr_carea' id='block_1_8' title="bbox 378 685 1974 760">
    <p class='ocr_par' dir='ltr' id='par_1_8' title="bbox 378 685 1974 760">
     <span class='ocr_line' id='line_1_8' title="bbox 378 685 1974 760; baseline -0.001 -17"><span class='ocrx_word' id='word_1_31' title='bbox 378 690 541 760; x_wconf 84' lang='lat' dir='ltr'><strong>jussu</strong></span> <span class='ocrx_word' id='word_1_32' title='bbox 554 695 651 742; x_wconf 87' lang='lat' dir='ltr'><strong>tuo</strong></span> <span class='ocrx_word' id='word_1_33' title='bbox 678 685 995 749; x_wconf 78' lang='lat' dir='ltr'><strong>refrenasti,</strong></span> <span class='ocrx_word' id='word_1_34' title='bbox 1013 693 1069 742; x_wconf 89' lang='lat' dir='ltr'><strong>et</strong></span> <span class='ocrx_word' id='word_1_35' title='bbox 1097 685 1390 751; x_wconf 86' lang='lat' dir='ltr'><strong>elationes,</strong></span> <span class='ocrx_word' id='word_1_36' title='bbox 1426 685 1671 756; x_wconf 90' lang='lat' dir='ltr'><strong>impetus</strong></span> <span class='ocrx_word' id='word_1_37' title='bbox 1688 725 1703 749; x_wconf 88' lang='lat'><strong>,</strong></span> <span class='ocrx_word' id='word_1_38' title='bbox 1725 685 1974 757; x_wconf 84' lang='lat' dir='ltr'><strong>iramque</strong></span> 
     </span>
    </p>
   </div>
   <div class='ocr_carea' id='block_1_9' title="bbox 380 774 1972 849">
    <p class='ocr_par' dir='ltr' id='par_1_9' title="bbox 380 774 1972 849">
     <span class='ocr_line' id='line_1_9' title="bbox 380 774 1972 849; baseline -0.003 -14"><span class='ocrx_word' id='word_1_39' title='bbox 380 780 506 849; x_wconf 82' lang='lat' dir='ltr'><strong>ejus</strong></span> <span class='ocrx_word' id='word_1_40' title='bbox 536 777 745 835; x_wconf 83' lang='lat' dir='ltr'><strong>sedasti</strong></span> <span class='ocrx_word' id='word_1_41' title='bbox 773 795 790 846; x_wconf 91' lang='lat'><strong>;</strong></span> <span class='ocrx_word' id='word_1_42' title='bbox 827 778 902 831; x_wconf 88' lang='lat' dir='ltr'><strong>ita</strong></span> <span class='ocrx_word' id='word_1_43' title='bbox 931 791 1153 847; x_wconf 91' lang='lat' dir='ltr'><strong>quoque</strong></span> <span class='ocrx_word' id='word_1_44' title='bbox 1180 775 1230 833; x_wconf 89' lang='lat' dir='ltr'><strong>si</strong></span> <span class='ocrx_word' id='word_1_45' title='bbox 1259 791 1329 832; x_wconf 77' lang='lat' dir='ltr'><strong>ex</strong></span> <span class='ocrx_word' id='word_1_46' title='bbox 1374 776 1752 833; x_wconf 78' lang='lat' dir='ltr'><strong>invisibilibus</strong></span> <span class='ocrx_word' id='word_1_47' title='bbox 1795 774 1972 832; x_wconf 79' lang='lat' dir='ltr'><strong>virtu-</strong></span> 
     </span>
    </p>
   </div>
   <div class='ocr_carea' id='block_1_10' title="bbox 385 868 1974 942">
    <p class='ocr_par' dir='ltr' id='par_1_10' title="bbox 385 868 1974 942">
     <span class='ocr_line' id='line_1_10' title="bbox 385 868 1974 942; baseline -0.001 -15"><span class='ocrx_word' id='word_1_48' title='bbox 385 873 536 929; x_wconf 90' lang='lat' dir='ltr'><strong>tibus</strong></span> <span class='ocrx_word' id='word_1_49' title='bbox 565 870 815 942; x_wconf 65' lang='lat' dir='ltr'><strong>quaedam</strong></span> <span class='ocrx_word' id='word_1_50' title='bbox 849 868 1211 940; x_wconf 68' lang='lat' dir='ltr'><strong>providentiae</strong></span> <span class='ocrx_word' id='word_1_51' title='bbox 1242 876 1352 925; x_wconf 75' lang='lat' dir='ltr'><strong>tua:</strong></span> <span class='ocrx_word' id='word_1_52' title='bbox 1379 870 1621 926; x_wconf 88' lang='lat' dir='ltr'><strong>consilio</strong></span> <span class='ocrx_word' id='word_1_53' title='bbox 1654 869 1892 926; x_wconf 72' lang='lat' dir='ltr'><strong>inimicae</strong></span> <span class='ocrx_word' id='word_1_54' title='bbox 1917 877 1974 926; x_wconf 89' lang='lat' dir='ltr'><strong>et</strong></span> 
     </span>
    </p>
   </div>
   <div class='ocr_carea' id='block_1_11' title="bbox 386 962 1974 1035">
    <p class='ocr_par' dir='ltr' id='par_1_11' title="bbox 386 962 1974 1035">
     <span class='ocr_line' id='line_1_11' title="bbox 386 962 1974 1035; baseline 0.001 -15"><span class='ocrx_word' id='word_1_55' title='bbox 386 963 716 1021; x_wconf 71' lang='lat' dir='ltr'><strong>adversaria:</strong></span> <span class='ocrx_word' id='word_1_56' title='bbox 759 962 999 1027; x_wconf 72' lang='lat' dir='ltr'><strong>iuerint,</strong></span> <span class='ocrx_word' id='word_1_57' title='bbox 1026 976 1123 1018; x_wconf 87' lang='lat' dir='ltr'><strong>eas</strong></span> <span class='ocrx_word' id='word_1_58' title='bbox 1171 977 1416 1033; x_wconf 82' lang='lat' dir='ltr'><strong>quoque,</strong></span> <span class='ocrx_word' id='word_1_59' title='bbox 1447 970 1637 1035; x_wconf 78' lang='lat' dir='ltr'><strong>utpote</strong></span> <span class='ocrx_word' id='word_1_60' title='bbox 1677 963 1773 1035; x_wconf 91' lang='lat' dir='ltr'><strong>qui</strong></span> <span class='ocrx_word' id='word_1_61' title='bbox 1819 964 1974 1021; x_wconf 86' lang='lat' dir='ltr'><strong>solus</strong></span> 
     </span>
    </p>
   </div>
   <div class='ocr_carea' id='block_1_12' title="bbox 385 1054 1975 1128">
    <p class='ocr_par' dir='ltr' id='par_1_12' title="bbox 385 1054 1975 1128">
     <span class='ocr_line' id='line_1_12' title="bbox 385 1054 1975 1128; baseline 0.001 -18"><span class='ocrx_word' id='word_1_62' title='bbox 385 1055 806 1128; x_wconf 86' lang='lat' dir='ltr'><strong>potentissimus</strong></span> <span class='ocrx_word' id='word_1_63' title='bbox 852 1054 1098 1110; x_wconf 89' lang='lat' dir='ltr'><strong>omnium</strong></span> <span class='ocrx_word' id='word_1_64' title='bbox 1145 1056 1261 1119; x_wconf 88' lang='lat' dir='ltr'><strong>sis,</strong></span> <span class='ocrx_word' id='word_1_65' title='bbox 1311 1054 1632 1126; x_wconf 81' lang='lat' dir='ltr'><strong>dissipasti,</strong></span> <span class='ocrx_word' id='word_1_66' title='bbox 1671 1071 1975 1128; x_wconf 88' lang='lat' dir='ltr'><strong>earumque</strong></span> 
     </span>
    </p>
   </div>
   <div class='ocr_carea' id='block_1_13' title="bbox 383 1150 1967 1221">
    <p class='ocr_par' dir='ltr' id='par_1_13' title="bbox 383 1150 1967 1221">
     <span class='ocr_line' id='line_1_13' title="bbox 383 1150 1967 1221; baseline 0.002 -18"><span class='ocrx_word' id='word_1_67' title='bbox 383 1150 687 1221; x_wconf 87' lang='lat' dir='ltr'><strong>principem</strong></span> <span class='ocrx_word' id='word_1_68' title='bbox 720 1158 774 1204; x_wconf 90' lang='lat' dir='ltr'><strong>et</strong></span> <span class='ocrx_word' id='word_1_69' title='bbox 804 1156 1141 1221; x_wconf 78' lang='lat' dir='ltr'><strong>tyrannum,</strong></span> <span class='ocrx_word' id='word_1_70' title='bbox 1184 1158 1536 1221; x_wconf 77' lang='lat' dir='ltr'><strong>arrogantem</strong></span> <span class='ocrx_word' id='word_1_71' title='bbox 1580 1150 1735 1205; x_wconf 88' lang='lat' dir='ltr'><strong>illum</strong></span> <span class='ocrx_word' id='word_1_72' title='bbox 1782 1157 1838 1206; x_wconf 90' lang='lat' dir='ltr'><strong>et</strong></span> <span class='ocrx_word' id='word_1_73' title='bbox 1876 1166 1967 1206; x_wconf 83' lang='lat' dir='ltr'><strong>su-</strong></span> 
     </span>
    </p>
   </div>
   <div class='ocr_carea' id='block_1_14' title="bbox 383 1240 1974 1314">
    <p class='ocr_par' dir='ltr' id='par_1_14' title="bbox 383 1240 1974 1314">
     <span class='ocr_line' id='line_1_14' title="bbox 383 1240 1974 1314; baseline 0 -18"><span class='ocrx_word' id='word_1_74' title='bbox 383 1242 611 1314; x_wconf 85' lang='lat' dir='ltr'><strong>perbum</strong></span> <span class='ocrx_word' id='word_1_75' title='bbox 644 1240 947 1312; x_wconf 70' lang='lat' dir='ltr'><strong>principem</strong></span> <span class='ocrx_word' id='word_1_76' title='bbox 980 1240 1146 1311; x_wconf 83' lang='lat' dir='ltr'><strong>hujus</strong></span> <span class='ocrx_word' id='word_1_77' title='bbox 1186 1242 1373 1297; x_wconf 64' lang='lat' dir='ltr'><strong>saeculi</strong></span> <span class='ocrx_word' id='word_1_78' title='bbox 1419 1241 1623 1299; x_wconf 81' lang='lat' dir='ltr'><strong>virtute</strong></span> <span class='ocrx_word' id='word_1_79' title='bbox 1659 1252 1752 1298; x_wconf 88' lang='lat' dir='ltr'><strong>tua</strong></span> <span class='ocrx_word' id='word_1_80' title='bbox 1791 1243 1974 1298; x_wconf 81' lang='lat' dir='ltr'><strong>humi-</strong></span> 
     </span>
    </p>
   </div>
   <div class='ocr_carea' id='block_1_15' title="bbox 380 1332 1973 1406">
    <p class='ocr_par' dir='ltr' id='par_1_15' title="bbox 380 1332 1973 1406">
     <span class='ocr_line' id='line_1_15' title="bbox 380 1332 1973 1406; baseline 0.001 -17"><span class='ocrx_word' id='word_1_81' title='bbox 380 1335 533 1391; x_wconf 88' lang='lat' dir='ltr'><strong>liastl</strong></span> <span class='ocrx_word' id='word_1_82' title='bbox 584 1341 641 1390; x_wconf 92' lang='lat' dir='ltr'><strong>et</strong></span> <span class='ocrx_word' id='word_1_83' title='bbox 692 1332 998 1389; x_wconf 78' lang='lat' dir='ltr'><strong>vulnerasti</strong></span> <span class='ocrx_word' id='word_1_84' title='bbox 1026 1350 1042 1400; x_wconf 88' lang='lat'><strong>;</strong></span> <span class='ocrx_word' id='word_1_85' title='bbox 1076 1348 1404 1403; x_wconf 87' lang='lat' dir='ltr'><strong>percussum</strong></span> <span class='ocrx_word' id='word_1_86' title='bbox 1437 1350 1635 1406; x_wconf 86' lang='lat' dir='ltr'><strong>nempe</strong></span> <span class='ocrx_word' id='word_1_87' title='bbox 1664 1334 1848 1405; x_wconf 76' lang='lat' dir='ltr'><strong>gladio</strong></span> <span class='ocrx_word' id='word_1_88' title='bbox 1879 1335 1973 1390; x_wconf 84' lang='lat' dir='ltr'><strong>illo</strong></span> 
     </span>
    </p>
   </div>
   <div class='ocr_carea' id='block_1_16' title="bbox 381 1426 1972 1499">
    <p class='ocr_par' dir='ltr' id='par_1_16' title="bbox 381 1426 1972 1499">
     <span class='ocr_line' id='line_1_16' title="bbox 381 1426 1972 1499; baseline 0.001 -19"><span class='ocrx_word' id='word_1_89' title='bbox 381 1435 482 1483; x_wconf 86' lang='lat' dir='ltr'><strong>tuo</strong></span> <span class='ocrx_word' id='word_1_90' title='bbox 509 1442 711 1498; x_wconf 79' lang='lat' dir='ltr'><strong>magno</strong></span> <span class='ocrx_word' id='word_1_91' title='bbox 737 1435 794 1483; x_wconf 92' lang='lat' dir='ltr'><strong>et</strong></span> <span class='ocrx_word' id='word_1_92' title='bbox 820 1428 1083 1492; x_wconf 88' lang='lat' dir='ltr'><strong>terribili,</strong></span> <span class='ocrx_word' id='word_1_93' title='bbox 1113 1436 1174 1482; x_wconf 89' lang='lat' dir='ltr'><strong>ut</strong></span> <span class='ocrx_word' id='word_1_94' title='bbox 1204 1427 1259 1482; x_wconf 90' lang='lat' dir='ltr'><strong>in</strong></span> <span class='ocrx_word' id='word_1_95' title='bbox 1294 1427 1584 1499; x_wconf 79' lang='lat' dir='ltr'><strong>prophetia</strong></span> <span class='ocrx_word' id='word_1_96' title='bbox 1615 1426 1793 1483; x_wconf 80' lang='lat' dir='ltr'><strong>fertur</strong></span> <span class='ocrx_word' id='word_1_97' title='bbox 1822 1447 1837 1483; x_wconf 89' lang='lat'><strong>:</strong></span> <span class='ocrx_word' id='word_1_98' title='bbox 1871 1426 1972 1482; x_wconf 72' lang='lat' dir='ltr'><strong>ln-</strong></span> 
     </span>
    </p>
   </div>
   <div class='ocr_carea' id='block_1_17' title="bbox 382 1515 1975 1588">
    <p class='ocr_par' dir='ltr' id='par_1_17' title="bbox 382 1515 1975 1588">
     <span class='ocr_line' id='line_1_17' title="bbox 382 1515 1975 1588; baseline -0.002 -16"><span class='ocrx_word' id='word_1_99' title='bbox 382 1517 536 1572; x_wconf 83' lang='lat' dir='ltr'><strong>ducet</strong></span> <span class='ocrx_word' id='word_1_100' title='bbox 557 1516 815 1573; x_wconf 83' lang='lat' dir='ltr'><strong>Dominus</strong></span> <span class='ocrx_word' id='word_1_101' title='bbox 832 1517 1073 1588; x_wconf 75' lang='lat' dir='ltr'><strong>gladium</strong></span> <span class='ocrx_word' id='word_1_102' title='bbox 1096 1515 1354 1588; x_wconf 85' lang='lat' dir='ltr'><strong>grandem</strong></span> <span class='ocrx_word' id='word_1_103' title='bbox 1376 1525 1427 1572; x_wconf 88' lang='lat' dir='ltr'><strong>et</strong></span> <span class='ocrx_word' id='word_1_104' title='bbox 1449 1515 1641 1586; x_wconf 79' lang='lat' dir='ltr'><strong>fortem</strong></span> <span class='ocrx_word' id='word_1_105' title='bbox 1663 1530 1821 1584; x_wconf 90' lang='lat' dir='ltr'><strong>super</strong></span> <span class='ocrx_word' id='word_1_106' title='bbox 1842 1515 1975 1569; x_wconf 88' lang='lat' dir='ltr'><strong>dra-</strong></span> 
     </span>
    </p>
   </div>
   <div class='ocr_carea' id='block_1_18' title="bbox 383 1605 1972 1679">
    <p class='ocr_par' dir='ltr' id='par_1_18' title="bbox 383 1605 1972 1679">
     <span class='ocr_line' id='line_1_18' title="bbox 383 1605 1972 1679; baseline -0.003 -14"><span class='ocrx_word' id='word_1_107' title='bbox 383 1626 591 1674; x_wconf 85' lang='lat' dir='ltr'><strong>conem,</strong></span> <span class='ocrx_word' id='word_1_108' title='bbox 622 1619 917 1679; x_wconf 78' lang='lat' dir='ltr'><strong>serpentem</strong></span> <span class='ocrx_word' id='word_1_109' title='bbox 946 1618 1245 1664; x_wconf 75' lang='lat' dir='ltr'><strong>tortuosum</strong></span> <span class='ocrx_word' id='word_1_110' title='bbox 1266 1647 1281 1667; x_wconf 92' lang='lat'><strong>.</strong></span> <span class='ocrx_word' id='word_1_111' title='bbox 1315 1607 1605 1678; x_wconf 75' lang='lat' dir='ltr'><strong>fugientem</strong></span> <span class='ocrx_word' id='word_1_112' title='bbox 1630 1622 1653 1670; x_wconf 86' lang='lat'><strong><em>;</em></strong></span> <span class='ocrx_word' id='word_1_113' title='bbox 1689 1617 1739 1661; x_wconf 88' lang='lat' dir='ltr'><strong>et</strong></span> <span class='ocrx_word' id='word_1_114' title='bbox 1768 1605 1972 1662; x_wconf 82' lang='lat' dir='ltr'><strong>occidet</strong></span> 
     </span>
    </p>
   </div>
   <div class='ocr_carea' id='block_1_19' title="bbox 382 1696 1971 1769">
    <p class='ocr_par' dir='ltr' id='par_1_19' title="bbox 382 1696 1971 1769">
     <span class='ocr_line' id='line_1_19' title="bbox 382 1696 1971 1769; baseline -0.003 -14"><span class='ocrx_word' id='word_1_115' title='bbox 382 1701 665 1755; x_wconf 81' lang='lat' dir='ltr'><strong>draconem</strong></span> <span class='ocrx_word' id='word_1_116' title='bbox 694 1701 784 1768; x_wconf 87' lang='lat' dir='ltr'><strong>qui</strong></span> <span class='ocrx_word' id='word_1_117' title='bbox 813 1709 892 1755; x_wconf 87' lang='lat' dir='ltr'><strong>est</strong></span> <span class='ocrx_word' id='word_1_118' title='bbox 921 1700 974 1755; x_wconf 87' lang='lat' dir='ltr'><strong>in</strong></span> <span class='ocrx_word' id='word_1_119' title='bbox 1004 1701 1144 1754; x_wconf 88' lang='lat' dir='ltr'><strong>mari</strong></span> <span class='ocrx_word' id='word_1_120' title='bbox 1170 1701 1238 1753; x_wconf 78' lang='grc'><strong>⁸⁸.</strong></span> <span class='ocrx_word' id='word_1_121' title='bbox 1273 1698 1338 1752; x_wconf 79' lang='lat' dir='ltr'><strong>Et</strong></span> <span class='ocrx_word' id='word_1_122' title='bbox 1367 1698 1498 1769; x_wconf 87' lang='lat' dir='ltr'><strong>quia</strong></span> <span class='ocrx_word' id='word_1_123' title='bbox 1530 1697 1673 1754; x_wconf 85' lang='lat' dir='ltr'><strong>alius</strong></span> <span class='ocrx_word' id='word_1_124' title='bbox 1703 1696 1971 1768; x_wconf 73' lang='lat' dir='ltr'><strong>propheta</strong></span> 
     </span>
    </p>
   </div>
   <div class='ocr_carea' id='block_1_20' title="bbox 381 1790 1973 1861">
    <p class='ocr_par' dir='ltr' id='par_1_20' title="bbox 381 1790 1973 1861">
     <span class='ocr_line' id='line_1_20' title="bbox 381 1790 1973 1861; baseline -0.001 -14"><span class='ocrx_word' id='word_1_125' title='bbox 381 1793 678 1848; x_wconf 86' lang='lat' dir='ltr'><strong>draconem</strong></span> <span class='ocrx_word' id='word_1_126' title='bbox 715 1792 863 1846; x_wconf 85' lang='lat' dir='ltr'><strong>hunc</strong></span> <span class='ocrx_word' id='word_1_127' title='bbox 892 1792 1241 1848; x_wconf 75' lang='lat' dir='ltr'><strong>vulneratum</strong></span> <span class='ocrx_word' id='word_1_128' title='bbox 1269 1791 1325 1845; x_wconf 92' lang='lat' dir='ltr'><strong>in</strong></span> <span class='ocrx_word' id='word_1_129' title='bbox 1365 1790 1507 1845; x_wconf 86' lang='lat' dir='ltr'><strong>mari</strong></span> <span class='ocrx_word' id='word_1_130' title='bbox 1548 1791 1747 1861; x_wconf 77' lang='lat' dir='ltr'><strong>degere</strong></span> <span class='ocrx_word' id='word_1_131' title='bbox 1784 1790 1973 1846; x_wconf 90' lang='lat' dir='ltr'><strong>docuit</strong></span> 
     </span>
    </p>
   </div>
   <div class='ocr_carea' id='block_1_21' title="bbox 2072 583 3717 662">
    <p class='ocr_par' dir='ltr' id='par_1_21' title="bbox 2072 583 3717 662">
     <span class='ocr_line' id='line_1_21' title="bbox 2072 583 3717 662; baseline -0.007 -18"><span class='ocrx_word' id='word_1_132' title='bbox 2072 588 2400 646; x_wconf 82' lang='grc' dir='ltr'><strong>δουλεύουσα</strong></span> <span class='ocrx_word' id='word_1_133' title='bbox 2432 590 2469 662; x_wconf 81' lang='grc' dir='ltr'><strong>ἡ</strong></span> <span class='ocrx_word' id='word_1_134' title='bbox 2500 588 2739 660; x_wconf 80' lang='grc' dir='ltr'><strong>τοσαύτη</strong></span> <span class='ocrx_word' id='word_1_135' title='bbox 2775 588 2885 642; x_wconf 88' lang='grc' dir='ltr'>τῶν</span> <span class='ocrx_word' id='word_1_136' title='bbox 2922 585 3134 641; x_wconf 77' lang='grc' dir='ltr'><strong>ὑδάτων</strong></span> <span class='ocrx_word' id='word_1_137' title='bbox 3165 583 3424 655; x_wconf 83' lang='grc' dir='ltr'>κίνησις,</span> <span class='ocrx_word' id='word_1_138' title='bbox 3467 597 3717 654; x_wconf 56' lang='grc' dir='ltr'>κυρτουμ-</span> 
     </span>
    </p>
   </div>
   <div class='ocr_carea' id='block_1_22' title="bbox 2078 675 3719 756">
    <p class='ocr_par' dir='ltr' id='par_1_22' title="bbox 2078 675 3719 756">
     <span class='ocr_line' id='line_1_22' title="bbox 2078 675 3719 756; baseline -0.007 -16"><span class='ocrx_word' id='word_1_139' title='bbox 2078 683 2218 756; x_wconf 75' lang='grc' dir='ltr'>μένη</span> <span class='ocrx_word' id='word_1_140' title='bbox 2257 686 2339 750; x_wconf 84' lang='grc' dir='ltr'><strong>είς</strong></span> <span class='ocrx_word' id='word_1_141' title='bbox 2393 683 2529 755; x_wconf 72' lang='grc' dir='ltr'>ὕψος</span> <span class='ocrx_word' id='word_1_142' title='bbox 2586 684 2683 738; x_wconf 78' lang='grc' dir='ltr'><strong>καὶ</strong></span> <span class='ocrx_word' id='word_1_143' title='bbox 2733 679 3078 754; x_wconf 78' lang='grc' dir='ltr'>ὲπαιρομένη</span> <span class='ocrx_word' id='word_1_144' title='bbox 3125 680 3397 750; x_wconf 78' lang='grc' dir='ltr'><strong>πτήσσει,</strong></span> <span class='ocrx_word' id='word_1_145' title='bbox 3475 675 3587 730; x_wconf 71' lang='grc' dir='ltr'><strong>καὶ</strong></span> <span class='ocrx_word' id='word_1_146' title='bbox 3642 677 3719 741; x_wconf 79' lang='grc' dir='ltr'><strong>εις</strong></span> 
     </span>
    </p>
   </div>
   <div class='ocr_carea' id='block_1_23' title="bbox 2074 768 3715 850">
    <p class='ocr_par' dir='ltr' id='par_1_23' title="bbox 2074 768 3715 850">
     <span class='ocr_line' id='line_1_23' title="bbox 2074 768 3715 850; baseline -0.005 -20"><span class='ocrx_word' id='word_1_147' title='bbox 2074 776 2278 850; x_wconf 76' lang='grc' dir='ltr'>ἑαυτὴν</span> <span class='ocrx_word' id='word_1_148' title='bbox 2302 777 2740 850; x_wconf 88' lang='grc' dir='ltr'>καταράσσεται,</span> <span class='ocrx_word' id='word_1_149' title='bbox 2769 774 2906 829; x_wconf 74' lang='lat' dir='ltr'><strong>elate</strong></span> <span class='ocrx_word' id='word_1_150' title='bbox 2942 774 3052 828; x_wconf 85' lang='grc' dir='ltr'>τῶν</span> <span class='ocrx_word' id='word_1_151' title='bbox 3098 770 3315 825; x_wconf 77' lang='grc' dir='ltr'>οἰκείων</span> <span class='ocrx_word' id='word_1_152' title='bbox 3346 771 3532 842; x_wconf 78' lang='grc' dir='ltr'>ὅρων</span> <span class='ocrx_word' id='word_1_153' title='bbox 3582 768 3715 822; x_wconf 73' lang='grc' dir='ltr'><strong>ἁπο-</strong></span> 
     </span>
    </p>
   </div>
   <div class='ocr_carea' id='block_1_24' title="bbox 2075 859 3716 942">
    <p class='ocr_par' dir='ltr' id='par_1_24' title="bbox 2075 859 3716 942">
     <span class='ocr_line' id='line_1_24' title="bbox 2075 859 3716 942; baseline -0.006 -18"><span class='ocrx_word' id='word_1_154' title='bbox 2075 869 2459 942; x_wconf 79' lang='grc' dir='ltr'>κεκλεισμένη.</span> <span class='ocrx_word' id='word_1_155' title='bbox 2494 868 2784 942; x_wconf 77' lang='grc' dir='ltr'>Ὦσπερδὲ</span> <span class='ocrx_word' id='word_1_156' title='bbox 2809 866 2882 922; x_wconf 81' lang='grc' dir='ltr'><strong>τά</strong></span> <span class='ocrx_word' id='word_1_157' title='bbox 2910 865 3138 939; x_wconf 80' lang='grc' dir='ltr'>κύματα</span> <span class='ocrx_word' id='word_1_158' title='bbox 3167 864 3263 918; x_wconf 66' lang='grc' dir='ltr'>καὶ</span> <span class='ocrx_word' id='word_1_159' title='bbox 3304 863 3430 927; x_wconf 82' lang='grc' dir='ltr'>τὰς</span> <span class='ocrx_word' id='word_1_160' title='bbox 3464 859 3716 923; x_wconf 73' lang='grc' dir='ltr'>ἀπειλὰς</span> 
     </span>
    </p>
   </div>
   <div class='ocr_carea' id='block_1_25' title="bbox 2073 952 3716 1035">
    <p class='ocr_par' dir='ltr' id='par_1_25' title="bbox 2073 952 3716 1035">
     <span class='ocr_line' id='line_1_25' title="bbox 2073 952 3716 1035; baseline -0.013 -8"><span class='ocrx_word' id='word_1_161' title='bbox 2073 962 2175 1034; x_wconf 79' lang='grc' dir='ltr'><strong>τῆς</strong></span> <span class='ocrx_word' id='word_1_162' title='bbox 2206 962 2484 1035; x_wconf 77' lang='grc' dir='ltr'><strong>θαλάσσης</strong></span> <span class='ocrx_word' id='word_1_163' title='bbox 2527 962 2866 1033; x_wconf 73' lang='grc' dir='ltr'><strong>ἐχαλίνωσας</strong></span> <span class='ocrx_word' id='word_1_164' title='bbox 2903 958 2983 1031; x_wconf 81' lang='grc' dir='ltr'>τῷ</span> <span class='ocrx_word' id='word_1_165' title='bbox 3028 956 3109 1030; x_wconf 83' lang='grc' dir='ltr'>σῷ</span> <span class='ocrx_word' id='word_1_166' title='bbox 3138 955 3594 1030; x_wconf 76' lang='grc' dir='ltr'>προστάγματι,</span> <span class='ocrx_word' id='word_1_167' title='bbox 3624 952 3716 1006; x_wconf 77' lang='grc' dir='ltr'><strong>καὶ</strong></span> 
     </span>
    </p>
   </div>
   <div class='ocr_carea' id='block_1_26' title="bbox 2074 1042 3716 1129">
    <p class='ocr_par' dir='ltr' id='par_1_26' title="bbox 2074 1042 3716 1129">
     <span class='ocr_line' id='line_1_26' title="bbox 2074 1042 3716 1129; baseline -0.01 -16"><span class='ocrx_word' id='word_1_168' title='bbox 2074 1055 2144 1111; x_wconf 78' lang='grc' dir='ltr'><strong>τά</strong></span> <span class='ocrx_word' id='word_1_169' title='bbox 2175 1056 2448 1129; x_wconf 78' lang='grc' dir='ltr'><strong>ὑψώματα</strong></span> <span class='ocrx_word' id='word_1_170' title='bbox 2480 1056 2678 1127; x_wconf 72' lang='grc' dir='ltr'>αὐτῆς,</span> <span class='ocrx_word' id='word_1_171' title='bbox 2714 1055 2814 1118; x_wconf 89' lang='grc' dir='ltr'><strong>τάς</strong></span> <span class='ocrx_word' id='word_1_172' title='bbox 2842 1070 2903 1107; x_wconf 86' lang='grc' dir='ltr'><strong>τε</strong></span> <span class='ocrx_word' id='word_1_173' title='bbox 2947 1049 3127 1124; x_wconf 81' lang='grc' dir='ltr'>ὁρμὰς</span> <span class='ocrx_word' id='word_1_174' title='bbox 3166 1047 3262 1103; x_wconf 77' lang='grc' dir='ltr'><strong>καὶ</strong></span> <span class='ocrx_word' id='word_1_175' title='bbox 3293 1047 3445 1110; x_wconf 79' lang='grc' dir='ltr'><strong>τοὺς</strong></span> <span class='ocrx_word' id='word_1_176' title='bbox 3494 1042 3716 1113; x_wconf 78' lang='grc' dir='ltr'><strong>θυμοὺς</strong></span> 
     </span>
    </p>
   </div>
   <div class='ocr_carea' id='block_1_27' title="bbox 2075 1133 3715 1221">
    <p class='ocr_par' dir='ltr' id='par_1_27' title="bbox 2075 1133 3715 1221">
     <span class='ocr_line' id='line_1_27' title="bbox 2075 1133 3715 1221; baseline -0.009 -17"><span class='ocrx_word' id='word_1_177' title='bbox 2075 1149 2460 1221; x_wconf 84' lang='grc' dir='ltr'>κατεπράῦνας</span> <span class='ocrx_word' id='word_1_178' title='bbox 2479 1163 2496 1180; x_wconf 77' lang='grc'><em>’</em></span> <span class='ocrx_word' id='word_1_179' title='bbox 2536 1146 2682 1201; x_wconf 74' lang='grc' dir='ltr'>οὕτω</span> <span class='ocrx_word' id='word_1_180' title='bbox 2720 1146 2779 1201; x_wconf 84' lang='grc' dir='ltr'>δὲ</span> <span class='ocrx_word' id='word_1_181' title='bbox 2809 1145 2905 1200; x_wconf 74' lang='grc' dir='ltr'><strong>καὶ</strong></span> <span class='ocrx_word' id='word_1_182' title='bbox 2944 1144 3040 1198; x_wconf 71' lang='grc' dir='ltr'><strong>ἐπὶ</strong></span> <span class='ocrx_word' id='word_1_183' title='bbox 3076 1141 3187 1196; x_wconf 86' lang='grc' dir='ltr'>τῶν</span> <span class='ocrx_word' id='word_1_184' title='bbox 3224 1139 3507 1215; x_wconf 77' lang='grc' dir='ltr'><strong>ἀοράτων</strong></span> <span class='ocrx_word' id='word_1_185' title='bbox 3549 1133 3715 1191; x_wconf 80' lang='grc' dir='ltr'>δυνά-</span> 
     </span>
    </p>
   </div>
   <div class='ocr_carea' id='block_1_28' title="bbox 2079 1226 3714 1314">
    <p class='ocr_par' dir='ltr' id='par_1_28' title="bbox 2079 1226 3714 1314">
     <span class='ocr_line' id='line_1_28' title="bbox 2079 1226 3714 1314; baseline -0.01 -17"><span class='ocrx_word' id='word_1_186' title='bbox 2079 1258 2247 1314; x_wconf 74' lang='grc' dir='ltr'>μεων,</span> <span class='ocrx_word' id='word_1_187' title='bbox 2269 1242 2323 1296; x_wconf 79' lang='lat' dir='ltr'><strong>cl’</strong></span> <span class='ocrx_word' id='word_1_188' title='bbox 2341 1240 2489 1305; x_wconf 80' lang='grc' dir='ltr'>τινές</span> <span class='ocrx_word' id='word_1_189' title='bbox 2515 1254 2647 1295; x_wconf 80' lang='grc' dir='ltr'>ποτε</span> <span class='ocrx_word' id='word_1_190' title='bbox 2674 1233 2785 1295; x_wconf 78' lang='grc' dir='ltr'>εἷεν</span> <span class='ocrx_word' id='word_1_191' title='bbox 2801 1237 2994 1310; x_wconf 72' lang='grc' dir='ltr'><strong>ἐχθραὶ</strong></span> <span class='ocrx_word' id='word_1_192' title='bbox 3016 1235 3112 1290; x_wconf 80' lang='grc' dir='ltr'>καὶ</span> <span class='ocrx_word' id='word_1_193' title='bbox 3137 1233 3394 1289; x_wconf 80' lang='grc' dir='ltr'>ὲναντίαι</span> <span class='ocrx_word' id='word_1_194' title='bbox 3422 1232 3508 1303; x_wconf 70' lang='grc' dir='ltr'>τῇ</span> <span class='ocrx_word' id='word_1_195' title='bbox 3545 1226 3714 1300; x_wconf 76' lang='grc' dir='ltr'>βουλῇ</span> 
     </span>
    </p>
   </div>
   <div class='ocr_carea' id='block_1_29' title="bbox 2072 1321 3713 1405">
    <p class='ocr_par' dir='ltr' id='par_1_29' title="bbox 2072 1321 3713 1405">
     <span class='ocr_line' id='line_1_29' title="bbox 2072 1321 3713 1405; baseline -0.009 -17"><span class='ocrx_word' id='word_1_196' title='bbox 2072 1333 2175 1404; x_wconf 82' lang='grc' dir='ltr'><strong>τῆς</strong></span> <span class='ocrx_word' id='word_1_197' title='bbox 2204 1334 2307 1405; x_wconf 78' lang='grc' dir='ltr'><strong>σῆς</strong></span> <span class='ocrx_word' id='word_1_198' title='bbox 2333 1331 2592 1404; x_wconf 80' lang='grc' dir='ltr'><strong>προνοίας</strong></span> <span class='ocrx_word' id='word_1_199' title='bbox 2614 1372 2628 1397; x_wconf 88' lang='grc'><strong>,</strong></span> <span class='ocrx_word' id='word_1_200' title='bbox 2664 1331 2759 1387; x_wconf 68' lang='grc' dir='ltr'><strong>καὶ</strong></span> <span class='ocrx_word' id='word_1_201' title='bbox 2783 1330 3010 1394; x_wconf 86' lang='grc' dir='ltr'>ταύτας,</span> <span class='ocrx_word' id='word_1_202' title='bbox 3041 1328 3138 1383; x_wconf 74' lang='grc' dir='ltr'>ἅτε</span> <span class='ocrx_word' id='word_1_203' title='bbox 3172 1326 3335 1400; x_wconf 84' lang='grc' dir='ltr'><strong>μόνος</strong></span> <span class='ocrx_word' id='word_1_204' title='bbox 3391 1323 3513 1381; x_wconf 77' lang='grc' dir='ltr'>καὶ</span> <span class='ocrx_word' id='word_1_205' title='bbox 3569 1321 3713 1393; x_wconf 67' lang='grc' dir='ltr'><strong>ὑπὲρ</strong></span> 
     </span>
    </p>
   </div>
   <div class='ocr_carea' id='block_1_30' title="bbox 2074 1413 3715 1494">
    <p class='ocr_par' dir='ltr' id='par_1_30' title="bbox 2074 1413 3715 1494">
     <span class='ocr_line' id='line_1_30' title="bbox 2074 1413 3715 1494; baseline -0.01 -12"><span class='ocrx_word' id='word_1_206' title='bbox 2074 1427 2286 1491; x_wconf 79' lang='grc' dir='ltr'>πάντας</span> <span class='ocrx_word' id='word_1_207' title='bbox 2311 1424 2388 1480; x_wconf 83' lang='grc' dir='ltr'><strong>ὣν</strong></span> <span class='ocrx_word' id='word_1_208' title='bbox 2414 1423 2812 1488; x_wconf 84' lang='grc' dir='ltr'>δυνατώτατος,</span> <span class='ocrx_word' id='word_1_209' title='bbox 2828 1417 3350 1494; x_wconf 83' lang='grc' dir='ltr'>διεσκόρπισας.τόν</span> <span class='ocrx_word' id='word_1_210' title='bbox 3381 1432 3459 1470; x_wconf 85' lang='grc' dir='ltr'><strong>τε</strong></span> <span class='ocrx_word' id='word_1_211' title='bbox 3492 1413 3715 1469; x_wconf 81' lang='grc' dir='ltr'>τούτων</span> 
     </span>
    </p>
   </div>
   <div class='ocr_carea' id='block_1_31' title="bbox 2073 1505 3713 1590">
    <p class='ocr_par' dir='ltr' id='par_1_31' title="bbox 2073 1505 3713 1590">
     <span class='ocr_line' id='line_1_31' title="bbox 2073 1505 3713 1590; baseline -0.009 -18"><span class='ocrx_word' id='word_1_212' title='bbox 2073 1516 2319 1590; x_wconf 77' lang='grc' dir='ltr'>ἄρχοντα</span> <span class='ocrx_word' id='word_1_213' title='bbox 2370 1516 2465 1572; x_wconf 75' lang='grc' dir='ltr'>καὶ</span> <span class='ocrx_word' id='word_1_214' title='bbox 2496 1515 2761 1588; x_wconf 85' lang='grc' dir='ltr'>τύραννον</span> <span class='ocrx_word' id='word_1_215' title='bbox 2795 1514 2893 1569; x_wconf 82' lang='grc' dir='ltr'><strong>καὶ</strong></span> <span class='ocrx_word' id='word_1_216' title='bbox 2944 1511 3183 1576; x_wconf 77' lang='grc' dir='ltr'><strong>ἀλαζόνα</strong></span> <span class='ocrx_word' id='word_1_217' title='bbox 3229 1508 3356 1565; x_wconf 80' lang='grc' dir='ltr'>τινὰ</span> <span class='ocrx_word' id='word_1_218' title='bbox 3411 1507 3569 1562; x_wconf 72' lang='grc' dir='ltr'>ὅντα</span> <span class='ocrx_word' id='word_1_219' title='bbox 3618 1505 3713 1560; x_wconf 73' lang='grc' dir='ltr'><strong>καὶ</strong></span> 
     </span>
    </p>
   </div>
   <div class='ocr_carea' id='block_1_32' title="bbox 2074 1600 3709 1684">
    <p class='ocr_par' dir='ltr' id='par_1_32' title="bbox 2074 1600 3709 1684">
     <span class='ocr_line' id='line_1_32' title="bbox 2074 1600 3709 1684; baseline -0.005 -19"><span class='ocrx_word' id='word_1_220' title='bbox 2074 1612 2423 1684; x_wconf 81' lang='grc' dir='ltr'>ὑπερήφανον</span> <span class='ocrx_word' id='word_1_221' title='bbox 2451 1650 2467 1674; x_wconf 90' lang='grc'><strong>,</strong></span> <span class='ocrx_word' id='word_1_222' title='bbox 2518 1611 2759 1684; x_wconf 79' lang='grc' dir='ltr'>ἄρχοντα</span> <span class='ocrx_word' id='word_1_223' title='bbox 2812 1606 2907 1663; x_wconf 78' lang='grc' dir='ltr'><strong>τοῦ</strong></span> <span class='ocrx_word' id='word_1_224' title='bbox 2954 1605 3153 1670; x_wconf 78' lang='grc' dir='ltr'><strong>αἰῶνος</strong></span> <span class='ocrx_word' id='word_1_225' title='bbox 3202 1601 3408 1658; x_wconf 79' lang='grc' dir='ltr'><strong>τούτου</strong></span> <span class='ocrx_word' id='word_1_226' title='bbox 3438 1641 3457 1666; x_wconf 94' lang='grc'><strong>,</strong></span> <span class='ocrx_word' id='word_1_227' title='bbox 3510 1600 3588 1652; x_wconf 78' lang='grc' dir='ltr'><strong>σὺ</strong></span> <span class='ocrx_word' id='word_1_228' title='bbox 3644 1601 3709 1670; x_wconf 78' lang='grc' dir='ltr'>τῇ</span> 
     </span>
    </p>
   </div>
   <div class='ocr_carea' id='block_1_33' title="bbox 2074 1691 3711 1775">
    <p class='ocr_par' dir='ltr' id='par_1_33' title="bbox 2074 1691 3711 1775">
     <span class='ocr_line' id='line_1_33' title="bbox 2074 1691 3711 1775; baseline -0.009 -16"><span class='ocrx_word' id='word_1_229' title='bbox 2074 1703 2272 1759; x_wconf 82' lang='grc' dir='ltr'><strong>σαυτοῦ</strong></span> <span class='ocrx_word' id='word_1_230' title='bbox 2302 1703 2532 1775; x_wconf 80' lang='grc' dir='ltr'><strong>δυνάμει</strong></span> <span class='ocrx_word' id='word_1_231' title='bbox 2563 1702 2960 1765; x_wconf 76' lang='grc' dir='ltr'>ὲταπείνωσας,</span> <span class='ocrx_word' id='word_1_232' title='bbox 2984 1699 3082 1753; x_wconf 75' lang='grc' dir='ltr'>καὶ</span> <span class='ocrx_word' id='word_1_233' title='bbox 3112 1695 3488 1768; x_wconf 75' lang='grc' dir='ltr'><strong>τραυματίαν</strong></span> <span class='ocrx_word' id='word_1_234' title='bbox 3510 1691 3711 1764; x_wconf 76' lang='grc' dir='ltr'>εἰργά-</span> 
     </span>
    </p>
   </div>
   <div class='ocr_carea' id='block_1_34' title="bbox 2073 1786 3712 1867">
    <p class='ocr_par' dir='ltr' id='par_1_34' title="bbox 2073 1786 3712 1867">
     <span class='ocr_line' id='line_1_34' title="bbox 2073 1786 3712 1867; baseline -0.009 -16"><span class='ocrx_word' id='word_1_235' title='bbox 2073 1814 2171 1861; x_wconf 93' lang='grc' dir='ltr'><strong>σω,</strong></span> <span class='ocrx_word' id='word_1_236' title='bbox 2201 1796 2450 1861; x_wconf 79' lang='grc' dir='ltr'>πατάξας</span> <span class='ocrx_word' id='word_1_237' title='bbox 2481 1796 2643 1851; x_wconf 76' lang='grc' dir='ltr'>αὐτὸν</span> <span class='ocrx_word' id='word_1_238' title='bbox 2669 1797 2736 1867; x_wconf 77' lang='grc' dir='ltr'>τῇ</span> <span class='ocrx_word' id='word_1_239' title='bbox 2756 1791 3002 1866; x_wconf 76' lang='grc' dir='ltr'><strong>ῥομφαίᾳ</strong></span> <span class='ocrx_word' id='word_1_240' title='bbox 3025 1793 3092 1864; x_wconf 76' lang='grc' dir='ltr'><strong>τῇ</strong></span> <span class='ocrx_word' id='word_1_241' title='bbox 3117 1789 3329 1862; x_wconf 75' lang='grc' dir='ltr'>μεγάλῃ</span> <span class='ocrx_word' id='word_1_242' title='bbox 3353 1786 3471 1842; x_wconf 80' lang='grc' dir='ltr'><strong>καὶ</strong></span> <span class='ocrx_word' id='word_1_243' title='bbox 3502 1786 3582 1855; x_wconf 72' lang='grc' dir='ltr'>τῇ</span> <span class='ocrx_word' id='word_1_244' title='bbox 3616 1799 3712 1853; x_wconf 61' lang='lat' dir='ltr'><strong>tgo-</strong></span> 
     </span>
    </p>
   </div>
   <div class='ocr_carea' id='block_1_35' title="bbox 380 1874 1973 1962">
    <p class='ocr_par' dir='ltr' id='par_1_35' title="bbox 380 1882 1972 1954">
     <span class='ocr_line' id='line_1_35' title="bbox 380 1882 1972 1954; baseline -0.001 -15"><span class='ocrx_word' id='word_1_245' title='bbox 380 1885 470 1941; x_wconf 85' lang='lat' dir='ltr'><strong>his</strong></span> <span class='ocrx_word' id='word_1_246' title='bbox 498 1886 681 1942; x_wconf 77' lang='lat' dir='ltr'><strong>verbis</strong></span> <span class='ocrx_word' id='word_1_247' title='bbox 704 1925 721 1950; x_wconf 87' lang='lat'><strong>,</strong></span> <span class='ocrx_word' id='word_1_248' title='bbox 758 1884 875 1939; x_wconf 83' lang='lat' dir='ltr'><strong>Hoc</strong></span> <span class='ocrx_word' id='word_1_249' title='bbox 903 1900 1051 1939; x_wconf 89' lang='lat' dir='ltr'><strong>mare</strong></span> <span class='ocrx_word' id='word_1_250' title='bbox 1086 1899 1335 1954; x_wconf 86' lang='lat' dir='ltr'><strong>magnum</strong></span> <span class='ocrx_word' id='word_1_251' title='bbox 1375 1892 1427 1938; x_wconf 87' lang='lat' dir='ltr'><strong>et</strong></span> <span class='ocrx_word' id='word_1_252' title='bbox 1473 1883 1772 1952; x_wconf 75' lang='lat' dir='ltr'><strong>spatiosum</strong></span> <span class='ocrx_word' id='word_1_253' title='bbox 1796 1923 1812 1946; x_wconf 88' lang='lat'><strong>,</strong></span> <span class='ocrx_word' id='word_1_254' title='bbox 1856 1882 1972 1938; x_wconf 72' lang='lat' dir='ltr'><strong>illis</strong></span> 
     </span>
    </p>
   </div>
   <div class='ocr_carea' id='block_1_36' title="bbox 2075 1874 3707 1962">
    <p class='ocr_par' dir='ltr' id='par_1_36' title="bbox 2075 1874 3707 1962">
     <span class='ocr_line' id='line_1_36' title="bbox 2075 1874 3707 1962; baseline -0.008 -19"><span class='ocrx_word' id='word_1_255' title='bbox 2075 1889 2235 1962; x_wconf 76' lang='grc' dir='ltr'>Βερᾷ,</span> <span class='ocrx_word' id='word_1_256' title='bbox 2268 1887 2583 1952; x_wconf 79' lang='grc' dir='ltr'><strong>ἀκολούθως</strong></span> <span class='ocrx_word' id='word_1_257' title='bbox 2612 1890 2679 1959; x_wconf 79' lang='grc' dir='ltr'>τῇ</span> <span class='ocrx_word' id='word_1_258' title='bbox 2715 1884 3003 1957; x_wconf 77' lang='grc' dir='ltr'><strong>φασκούσῃ</strong></span> <span class='ocrx_word' id='word_1_259' title='bbox 3029 1881 3342 1956; x_wconf 69' lang='grc' dir='ltr'>προφητείᾳ</span> <span class='ocrx_word' id='word_1_260' title='bbox 3365 1897 3381 1911; x_wconf 75' lang='grc' dir='ltr'><strong>ο</strong></span> <span class='ocrx_word' id='word_1_261' title='bbox 3441 1874 3707 1941; x_wconf 71' lang='grc' dir='ltr'>Ἐπάξει</span> 
     </span>
    </p>
   </div>
   <div class='ocr_carea' id='block_1_37' title="bbox 381 1969 1973 2050">
    <p class='ocr_par' dir='ltr' id='par_1_37' title="bbox 381 1973 1973 2048">
     <span class='ocr_line' id='line_1_37' title="bbox 381 1973 1973 2048; baseline -0.001 -17"><span class='ocrx_word' id='word_1_262' title='bbox 381 1977 595 2047; x_wconf 76' lang='lat' dir='ltr'><strong>reptilia</strong></span> <span class='ocrx_word' id='word_1_263' title='bbox 623 1993 848 2048; x_wconf 81' lang='lat' dir='ltr'><strong>quorum</strong></span> <span class='ocrx_word' id='word_1_264' title='bbox 881 1993 987 2031; x_wconf 89' lang='lat' dir='ltr'><strong>non</strong></span> <span class='ocrx_word' id='word_1_265' title='bbox 1014 1984 1094 2031; x_wconf 87' lang='lat' dir='ltr'><strong>est</strong></span> <span class='ocrx_word' id='word_1_266' title='bbox 1121 1991 1394 2030; x_wconf 81' lang='lat' dir='ltr'><strong>numerus.</strong></span> <span class='ocrx_word' id='word_1_267' title='bbox 1448 1973 1627 2029; x_wconf 81' lang='lat' dir='ltr'><strong>Draco</strong></span> <span class='ocrx_word' id='word_1_268' title='bbox 1675 1975 1776 2030; x_wconf 82' lang='lat' dir='ltr'><strong>iste</strong></span> <span class='ocrx_word' id='word_1_269' title='bbox 1820 1990 1973 2045; x_wconf 81' lang='lat' dir='ltr'><strong>quem</strong></span> 
     </span>
    </p>
   </div>
   <div class='ocr_carea' id='block_1_38' title="bbox 2075 1969 3707 2050">
    <p class='ocr_par' dir='ltr' id='par_1_38' title="bbox 2075 1969 3707 2050">
     <span class='ocr_line' id='line_1_38' title="bbox 2075 1969 3707 2050; baseline -0.007 -14"><span class='ocrx_word' id='word_1_270' title='bbox 2075 1983 2292 2050; x_wconf 82' lang='grc' dir='ltr'>Κύριος</span> <span class='ocrx_word' id='word_1_271' title='bbox 2314 1980 2430 2049; x_wconf 82' lang='grc' dir='ltr'><strong>τὴν</strong></span> <span class='ocrx_word' id='word_1_272' title='bbox 2443 1980 2755 2050; x_wconf 68' lang='grc' dir='ltr'>ῥομφαίαν</span> <span class='ocrx_word' id='word_1_273' title='bbox 2780 1976 2896 2046; x_wconf 81' lang='grc' dir='ltr'><strong>τὴν</strong></span> <span class='ocrx_word' id='word_1_274' title='bbox 2921 1974 3198 2048; x_wconf 78' lang='grc' dir='ltr'><em>μεγάλην</em></span> <span class='ocrx_word' id='word_1_275' title='bbox 3223 1973 3325 2028; x_wconf 79' lang='grc' dir='ltr'><strong>καὶ</strong></span> <span class='ocrx_word' id='word_1_276' title='bbox 3352 1969 3491 2041; x_wconf 71' lang='grc' dir='ltr'><strong>τὴν</strong></span> <span class='ocrx_word' id='word_1_277' title='bbox 3522 1973 3707 2040; x_wconf 63' lang='grc' dir='ltr'><strong>ἰσχυ-</strong></span> 
     </span>
    </p>
   </div>
   <div class='ocr_carea' id='block_1_39' title="bbox 382 2061 1973 2145">
    <p class='ocr_par' dir='ltr' id='par_1_39' title="bbox 382 2065 1971 2141">
     <span class='ocr_line' id='line_1_39' title="bbox 382 2065 1971 2141; baseline -0.003 -16"><span class='ocrx_word' id='word_1_278' title='bbox 382 2070 633 2141; x_wconf 79' lang='lat' dir='ltr'><strong>formasti</strong></span> <span class='ocrx_word' id='word_1_279' title='bbox 675 2069 745 2124; x_wconf 89' lang='lat' dir='ltr'><strong>ad</strong></span> <span class='ocrx_word' id='word_1_280' title='bbox 778 2068 1110 2124; x_wconf 84' lang='lat' dir='ltr'><strong>illudendum</strong></span> <span class='ocrx_word' id='word_1_281' title='bbox 1148 2068 1201 2122; x_wconf 86' lang='lat' dir='ltr'><strong>ei</strong></span> <span class='ocrx_word' id='word_1_282' title='bbox 1237 2068 1350 2130; x_wconf 81' lang='lat'><strong>&quot;&#39;;</strong></span> <span class='ocrx_word' id='word_1_283' title='bbox 1400 2065 1722 2123; x_wconf 85' lang='lat' dir='ltr'><strong>consideres</strong></span> <span class='ocrx_word' id='word_1_284' title='bbox 1767 2065 1928 2122; x_wconf 81' lang='lat' dir='ltr'><strong>velim</strong></span> <span class='ocrx_word' id='word_1_285' title='bbox 1954 2105 1971 2131; x_wconf 93' lang='lat'><strong>,</strong></span> 
     </span>
    </p>
   </div>
   <div class='ocr_carea' id='block_1_40' title="bbox 2075 2061 3704 2145">
    <p class='ocr_par' dir='ltr' id='par_1_40' title="bbox 2075 2061 3704 2144">
     <span class='ocr_line' id='line_1_40' title="bbox 2075 2061 3704 2144; baseline -0.007 -14"><span class='ocrx_word' id='word_1_286' title='bbox 2075 2075 2190 2144; x_wconf 79' lang='grc' dir='ltr'><strong>ρὰν</strong></span> <span class='ocrx_word' id='word_1_287' title='bbox 2212 2074 2312 2129; x_wconf 70' lang='grc' dir='ltr'><strong>ἐπὶ</strong></span> <span class='ocrx_word' id='word_1_288' title='bbox 2344 2072 2455 2129; x_wconf 85' lang='grc' dir='ltr'><strong>τὸν</strong></span> <span class='ocrx_word' id='word_1_289' title='bbox 2484 2071 2804 2143; x_wconf 72' lang='grc' dir='ltr'>δράκοντα,</span> <span class='ocrx_word' id='word_1_290' title='bbox 2849 2070 2992 2140; x_wconf 71' lang='grc' dir='ltr'><strong>ὅφιν</strong></span> <span class='ocrx_word' id='word_1_291' title='bbox 3039 2067 3148 2124; x_wconf 81' lang='grc' dir='ltr'><strong>τὸν</strong></span> <span class='ocrx_word' id='word_1_292' title='bbox 3187 2066 3462 2123; x_wconf 76' lang='grc' dir='ltr'>σκολιὸν</span> <span class='ocrx_word' id='word_1_293' title='bbox 3492 2103 3512 2128; x_wconf 83' lang='grc'><strong>,</strong></span> <span class='ocrx_word' id='word_1_294' title='bbox 3550 2061 3704 2134; x_wconf 64' lang='grc' dir='ltr'><strong>φεύ-</strong></span> 
     </span>
    </p>
   </div>
   <div class='ocr_carea' id='block_1_41' title="bbox 382 2153 1973 2237">
    <p class='ocr_par' dir='ltr' id='par_1_41' title="bbox 382 2158 1973 2232">
     <span class='ocr_line' id='line_1_41' title="bbox 382 2158 1973 2232; baseline -0.004 -13"><span class='ocrx_word' id='word_1_295' title='bbox 382 2178 521 2219; x_wconf 90' lang='lat' dir='ltr'><strong>num</strong></span> <span class='ocrx_word' id='word_1_296' title='bbox 589 2162 723 2218; x_wconf 84' lang='lat' dir='ltr'><strong>illud</strong></span> <span class='ocrx_word' id='word_1_297' title='bbox 765 2163 969 2232; x_wconf 88' lang='lat' dir='ltr'><strong>.ipsnm</strong></span> <span class='ocrx_word' id='word_1_298' title='bbox 1032 2173 1184 2215; x_wconf 88' lang='lat' dir='ltr'><strong>mare</strong></span> <span class='ocrx_word' id='word_1_299' title='bbox 1242 2174 1486 2230; x_wconf 64' lang='lat' dir='ltr'><strong>praesens</strong></span> <span class='ocrx_word' id='word_1_300' title='bbox 1539 2173 1725 2215; x_wconf 85' lang='lat' dir='ltr'><strong>sermo</strong></span> <span class='ocrx_word' id='word_1_301' title='bbox 1782 2158 1973 2215; x_wconf 87' lang='lat' dir='ltr'><strong>subin-</strong></span> 
     </span>
    </p>
   </div>
   <div class='ocr_carea' id='block_1_42' title="bbox 2075 2153 3703 2237">
    <p class='ocr_par' dir='ltr' id='par_1_42' title="bbox 2075 2153 3703 2237">
     <span class='ocr_line' id='line_1_42' title="bbox 2075 2153 3703 2237; baseline -0.008 -16"><span class='ocrx_word' id='word_1_302' title='bbox 2075 2182 2292 2237; x_wconf 74' lang='grc' dir='ltr'>γονταο</span> <span class='ocrx_word' id='word_1_303' title='bbox 2333 2164 2435 2220; x_wconf 76' lang='grc' dir='ltr'><strong>καί</strong></span> <span class='ocrx_word' id='word_1_304' title='bbox 2482 2162 2697 2220; x_wconf 81' lang='grc' dir='ltr'><em>ἀνελεῖ</em></span> <span class='ocrx_word' id='word_1_305' title='bbox 2726 2161 2835 2219; x_wconf 82' lang='grc' dir='ltr'><strong>τὸν</strong></span> <span class='ocrx_word' id='word_1_306' title='bbox 2867 2160 3174 2231; x_wconf 81' lang='grc' dir='ltr'>δράκοντα</span> <span class='ocrx_word' id='word_1_307' title='bbox 3207 2158 3316 2214; x_wconf 81' lang='grc' dir='ltr'><strong>τὸν</strong></span> <span class='ocrx_word' id='word_1_308' title='bbox 3353 2157 3435 2211; x_wconf 74' lang='grc' dir='ltr'><strong>ἐν</strong></span> <span class='ocrx_word' id='word_1_309' title='bbox 3470 2153 3557 2224; x_wconf 79' lang='grc' dir='ltr'>τῇ</span> <span class='ocrx_word' id='word_1_310' title='bbox 3594 2157 3703 2210; x_wconf 65' lang='grc' dir='ltr'><strong>θαι</strong></span> 
     </span>
    </p>
   </div>
   <div class='ocr_carea' id='block_1_43' title="bbox 381 2250 1973 2329">
    <p class='ocr_par' dir='ltr' id='par_1_43' title="bbox 381 2250 1972 2320">
     <span class='ocr_line' id='line_1_43' title="bbox 381 2250 1972 2320; baseline -0.004 -10"><span class='ocrx_word' id='word_1_311' title='bbox 381 2255 531 2310; x_wconf 83' lang='lat' dir='ltr'><strong>dicet</strong></span> <span class='ocrx_word' id='word_1_312' title='bbox 589 2252 721 2308; x_wconf 86' lang='lat' dir='ltr'><strong>dum</strong></span> <span class='ocrx_word' id='word_1_313' title='bbox 784 2253 908 2307; x_wconf 85' lang='lat' dir='ltr'><strong>ait:</strong></span> <span class='ocrx_word' id='word_1_314' title='bbox 965 2252 1045 2306; x_wconf 87' lang='lat' dir='ltr'><strong>Tu</strong></span> <span class='ocrx_word' id='word_1_315' title='bbox 1106 2251 1404 2305; x_wconf 85' lang='lat' dir='ltr'><strong>dominaris</strong></span> <span class='ocrx_word' id='word_1_316' title='bbox 1456 2250 1711 2320; x_wconf 83' lang='lat' dir='ltr'><strong>potestati</strong></span> <span class='ocrx_word' id='word_1_317' title='bbox 1762 2250 1972 2317; x_wconf 78' lang='lat' dir='ltr'><strong>maris,</strong></span> 
     </span>
    </p>
   </div>
   <div class='ocr_carea' id='block_1_44' title="bbox 2075 2250 3703 2329">
    <p class='ocr_par' dir='ltr' id='par_1_44' title="bbox 2075 2250 3703 2329">
     <span class='ocr_line' id='line_1_44' title="bbox 2075 2250 3703 2329; baseline -0.008 -16"><span class='ocrx_word' id='word_1_318' title='bbox 2075 2258 2305 2326; x_wconf 81' lang='grc' dir='ltr'><strong>λάσσῃ.</strong></span> <span class='ocrx_word' id='word_1_319' title='bbox 2355 2256 2466 2312; x_wconf 72' lang='grc' dir='ltr'><strong>Καὶ</strong></span> <span class='ocrx_word' id='word_1_320' title='bbox 2515 2255 2815 2329; x_wconf 72' lang='grc' dir='ltr'><strong>ἐπειδήπερ</strong></span> <span class='ocrx_word' id='word_1_321' title='bbox 2846 2253 3008 2318; x_wconf 83' lang='grc' dir='ltr'><strong>ἀλλος</strong></span> <span class='ocrx_word' id='word_1_322' title='bbox 3049 2253 3337 2324; x_wconf 78' lang='grc' dir='ltr'><strong>προφήτης</strong></span> <span class='ocrx_word' id='word_1_323' title='bbox 3380 2250 3492 2304; x_wconf 84' lang='grc' dir='ltr'>τὸν</span> <span class='ocrx_word' id='word_1_324' title='bbox 3524 2262 3703 2320; x_wconf 81' lang='grc' dir='ltr'>τραυ-</span> 
     </span>
    </p>
   </div>
   <div class='ocr_carea' id='block_1_45' title="bbox 384 2338 1973 2422">
    <p class='ocr_par' dir='ltr' id='par_1_45' title="bbox 384 2343 1973 2415">
     <span class='ocr_line' id='line_1_45' title="bbox 384 2343 1973 2415; baseline -0.003 -14"><span class='ocrx_word' id='word_1_325' title='bbox 384 2356 587 2401; x_wconf 86' lang='lat' dir='ltr'><strong>motum</strong></span> <span class='ocrx_word' id='word_1_326' title='bbox 638 2355 816 2400; x_wconf 87' lang='lat' dir='ltr'><strong>autem</strong></span> <span class='ocrx_word' id='word_1_327' title='bbox 859 2345 1119 2415; x_wconf 78' lang='lat' dir='ltr'><strong>ﬂuctuum</strong></span> <span class='ocrx_word' id='word_1_328' title='bbox 1175 2343 1290 2413; x_wconf 73' lang='lat' dir='ltr'><strong>ejus</strong></span> <span class='ocrx_word' id='word_1_329' title='bbox 1319 2354 1375 2397; x_wconf 91' lang='lat' dir='ltr'><strong>tu</strong></span> <span class='ocrx_word' id='word_1_330' title='bbox 1412 2345 1628 2415; x_wconf 77' lang='lat' dir='ltr'><strong>mitigas</strong></span> <span class='ocrx_word' id='word_1_331' title='bbox 1652 2359 1671 2397; x_wconf 90' lang='lat'><strong><em>:</em></strong></span> <span class='ocrx_word' id='word_1_332' title='bbox 1702 2343 1795 2401; x_wconf 80' lang='lat' dir='ltr'><strong>his</strong></span> <span class='ocrx_word' id='word_1_333' title='bbox 1825 2343 1973 2398; x_wconf 86' lang='lat' dir='ltr'><strong>enim</strong></span> 
     </span>
    </p>
   </div>
   <div class='ocr_carea' id='block_1_46' title="bbox 2075 2338 3697 2422">
    <p class='ocr_par' dir='ltr' id='par_1_46' title="bbox 2078 2338 3697 2422">
     <span class='ocr_line' id='line_1_46' title="bbox 2078 2338 3697 2422; baseline -0.009 -16"><span class='ocrx_word' id='word_1_334' title='bbox 2078 2351 2279 2422; x_wconf 88' lang='grc' dir='ltr'>ματίαν</span> <span class='ocrx_word' id='word_1_335' title='bbox 2305 2349 2495 2404; x_wconf 73' lang='grc' dir='ltr'>τοῦτον</span> <span class='ocrx_word' id='word_1_336' title='bbox 2525 2348 2797 2421; x_wconf 77' lang='grc' dir='ltr'>δράκοντα</span> <span class='ocrx_word' id='word_1_337' title='bbox 2835 2347 2929 2400; x_wconf 77' lang='grc' dir='ltr'><strong>ἐπὶ</strong></span> <span class='ocrx_word' id='word_1_338' title='bbox 2958 2346 3060 2417; x_wconf 78' lang='grc' dir='ltr'>τῆς</span> <span class='ocrx_word' id='word_1_339' title='bbox 3085 2343 3365 2415; x_wconf 80' lang='grc' dir='ltr'><strong>θαλάσσης</strong></span> <span class='ocrx_word' id='word_1_340' title='bbox 3398 2338 3697 2396; x_wconf 78' lang='grc' dir='ltr'>ποιεῖσθαι</span> 
     </span>
    </p>
   </div>
   <div class='ocr_carea' id='block_1_47' title="bbox 384 2430 1973 2494">
    <p class='ocr_par' dir='ltr' id='par_1_47' title="bbox 384 2430 1973 2494">
     <span class='ocr_line' id='line_1_47' title="bbox 384 2430 1973 2494; baseline 0 -7"><span class='ocrx_word' id='word_1_341' title='bbox 384 2431 663 2487; x_wconf 76' lang='lat' dir='ltr'><strong>subnectit</strong></span> <span class='ocrx_word' id='word_1_342' title='bbox 697 2430 854 2494; x_wconf 89' lang='lat' dir='ltr'><strong>illud,</strong></span> <span class='ocrx_word' id='word_1_343' title='bbox 897 2431 976 2485; x_wconf 87' lang='lat' dir='ltr'><strong>Tu</strong></span> <span class='ocrx_word' id='word_1_344' title='bbox 1006 2431 1309 2486; x_wconf 86' lang='lat' dir='ltr'><strong>Itumiliasti</strong></span> <span class='ocrx_word' id='word_1_345' title='bbox 1342 2432 1480 2486; x_wconf 81' lang='lat' dir='ltr'><strong>sicut</strong></span> <span class='ocrx_word' id='word_1_346' title='bbox 1509 2432 1845 2488; x_wconf 84' lang='lat' dir='ltr'><strong>vulneratum</strong></span> <span class='ocrx_word' id='word_1_347' title='bbox 1878 2448 1973 2487; x_wconf 80' lang='lat' dir='ltr'><strong>stt-</strong></span> 
     </span>
    </p>
   </div>
   <div class='ocr_carea' id='block_1_48' title="bbox 379 2523 1973 2596">
    <p class='ocr_par' dir='ltr' id='par_1_48' title="bbox 379 2523 1973 2596">
     <span class='ocr_line' id='line_1_48' title="bbox 379 2523 1973 2596; baseline 0.003 -18"><span class='ocrx_word' id='word_1_348' title='bbox 379 2523 596 2593; x_wconf 85' lang='lat' dir='ltr'><strong>perbum</strong></span> <span class='ocrx_word' id='word_1_349' title='bbox 620 2539 639 2578; x_wconf 90' lang='lat'><strong><em>:</em></strong></span> <span class='ocrx_word' id='word_1_350' title='bbox 671 2525 729 2580; x_wconf 86' lang='lat' dir='ltr'><strong>in</strong></span> <span class='ocrx_word' id='word_1_351' title='bbox 754 2524 969 2579; x_wconf 84' lang='lat' dir='ltr'><strong>brachio</strong></span> <span class='ocrx_word' id='word_1_352' title='bbox 1012 2525 1223 2580; x_wconf 80' lang='lat' dir='ltr'><strong>virtutis</strong></span> <span class='ocrx_word' id='word_1_353' title='bbox 1272 2533 1379 2580; x_wconf 75' lang='lat' dir='ltr'><strong>tua:</strong></span> <span class='ocrx_word' id='word_1_354' title='bbox 1405 2525 1707 2596; x_wconf 86' lang='lat' dir='ltr'><strong>dispersisti</strong></span> <span class='ocrx_word' id='word_1_355' title='bbox 1730 2527 1973 2583; x_wconf 75' lang='lat' dir='ltr'><strong>inimicos</strong></span> 
     </span>
    </p>
   </div>
   <div class='ocr_carea' id='block_1_49' title="bbox 386 2615 1976 2689">
    <p class='ocr_par' dir='ltr' id='par_1_49' title="bbox 386 2615 1976 2689">
     <span class='ocr_line' id='line_1_49' title="bbox 386 2615 1976 2689; baseline 0.004 -19"><span class='ocrx_word' id='word_1_356' title='bbox 386 2629 526 2674; x_wconf 83' lang='lat' dir='ltr'><strong>tuos.</strong></span> <span class='ocrx_word' id='word_1_357' title='bbox 555 2615 693 2672; x_wconf 83' lang='lat' dir='ltr'><strong>Nam</strong></span> <span class='ocrx_word' id='word_1_358' title='bbox 716 2616 1164 2674; x_wconf 81' lang='lat' dir='ltr'><strong>adversariarum</strong></span> <span class='ocrx_word' id='word_1_359' title='bbox 1198 2625 1554 2689; x_wconf 73' lang='lat' dir='ltr'><strong>potestatum,</strong></span> <span class='ocrx_word' id='word_1_360' title='bbox 1575 2619 1885 2676; x_wconf 73' lang='lat' dir='ltr'><strong>daemonum</strong></span> <span class='ocrx_word' id='word_1_361' title='bbox 1918 2629 1976 2677; x_wconf 90' lang='lat' dir='ltr'><strong>et</strong></span> 
     </span>
    </p>
   </div>
   <div class='ocr_carea' id='block_1_50' title="bbox 385 2705 1977 2779">
    <p class='ocr_par' dir='ltr' id='par_1_50' title="bbox 385 2705 1977 2779">
     <span class='ocr_line' id='line_1_50' title="bbox 385 2705 1977 2779; baseline 0.002 -17"><span class='ocrx_word' id='word_1_362' title='bbox 385 2705 681 2778; x_wconf 87' lang='lat' dir='ltr'><strong>spirituum</strong></span> <span class='ocrx_word' id='word_1_363' title='bbox 711 2706 1079 2779; x_wconf 75' lang='lat' dir='ltr'><strong>malignorum</strong></span> <span class='ocrx_word' id='word_1_364' title='bbox 1103 2707 1311 2771; x_wconf 88' lang='lat' dir='ltr'><strong>locum,</strong></span> <span class='ocrx_word' id='word_1_365' title='bbox 1339 2723 1491 2765; x_wconf 88' lang='lat' dir='ltr'><strong>mare</strong></span> <span class='ocrx_word' id='word_1_366' title='bbox 1523 2708 1741 2765; x_wconf 80' lang='lat' dir='ltr'><strong>videtur</strong></span> <span class='ocrx_word' id='word_1_367' title='bbox 1762 2724 1977 2765; x_wconf 89' lang='lat' dir='ltr'><strong>nuncu-</strong></span> 
     </span>
    </p>
   </div>
   <div class='ocr_carea' id='block_1_51' title="bbox 385 2801 1975 2877">
    <p class='ocr_par' dir='ltr' id='par_1_51' title="bbox 385 2801 1975 2877">
     <span class='ocr_line' id='line_1_51' title="bbox 385 2801 1975 2877; baseline 0.004 -22"><span class='ocrx_word' id='word_1_368' title='bbox 385 2817 538 2874; x_wconf 79' lang='lat' dir='ltr'><strong>pare.</strong></span> <span class='ocrx_word' id='word_1_369' title='bbox 572 2801 756 2873; x_wconf 85' lang='lat' dir='ltr'><strong>Quare</strong></span> <span class='ocrx_word' id='word_1_370' title='bbox 783 2803 854 2860; x_wconf 90' lang='lat' dir='ltr'><strong>iis</strong></span> <span class='ocrx_word' id='word_1_371' title='bbox 904 2820 1030 2877; x_wconf 69' lang='lat' dir='ltr'><strong>quae</strong></span> <span class='ocrx_word' id='word_1_372' title='bbox 1077 2804 1147 2861; x_wconf 92' lang='lat' dir='ltr'><strong>de</strong></span> <span class='ocrx_word' id='word_1_373' title='bbox 1179 2806 1319 2860; x_wconf 89' lang='lat' dir='ltr'><strong>mari</strong></span> <span class='ocrx_word' id='word_1_374' title='bbox 1353 2806 1601 2870; x_wconf 75' lang='lat' dir='ltr'><strong>dixerat,</strong></span> <span class='ocrx_word' id='word_1_375' title='bbox 1632 2806 1877 2862; x_wconf 73' lang='lat' dir='ltr'><strong>subdidit</strong></span> <span class='ocrx_word' id='word_1_376' title='bbox 1908 2822 1975 2862; x_wconf 89' lang='lat' dir='ltr'><strong>ea</strong></span> 
     </span>
    </p>
   </div>
   <div class='ocr_carea' id='block_1_52' title="bbox 384 2895 1981 2976">
    <p class='ocr_par' dir='ltr' id='par_1_52' title="bbox 384 2895 1981 2976">
     <span class='ocr_line' id='line_1_52' title="bbox 384 2895 1981 2976; baseline 0.004 -31"><span class='ocrx_word' id='word_1_377' title='bbox 384 2910 508 2966; x_wconf 60' lang='lat' dir='ltr'><strong>qua»</strong></span> <span class='ocrx_word' id='word_1_378' title='bbox 538 2895 607 2951; x_wconf 87' lang='lat' dir='ltr'><strong>ad</strong></span> <span class='ocrx_word' id='word_1_379' title='bbox 635 2896 982 2952; x_wconf 82' lang='lat' dir='ltr'><strong>vulneratum</strong></span> <span class='ocrx_word' id='word_1_380' title='bbox 1029 2904 1303 2976; x_wconf 83' lang='lat' dir='ltr'><strong>spectant,</strong></span> <span class='ocrx_word' id='word_1_381' title='bbox 1332 2906 1389 2954; x_wconf 87' lang='lat' dir='ltr'><strong>et</strong></span> <span class='ocrx_word' id='word_1_382' title='bbox 1442 2898 1509 2954; x_wconf 84' lang='lat' dir='ltr'><strong>ad</strong></span> <span class='ocrx_word' id='word_1_383' title='bbox 1573 2898 1829 2955; x_wconf 85' lang='lat' dir='ltr'><strong>inimicos</strong></span> <span class='ocrx_word' id='word_1_384' title='bbox 1860 2897 1981 2961; x_wconf 69' lang='lat' dir='ltr'><strong>Dei,</strong></span> 
     </span>
    </p>
   </div>
   <div class='ocr_carea' id='block_1_53' title="bbox 386 2988 1973 3062">
    <p class='ocr_par' dir='ltr' id='par_1_53' title="bbox 386 2988 1973 3062">
     <span class='ocr_line' id='line_1_53' title="bbox 386 2988 1973 3062; baseline 0.001 -20"><span class='ocrx_word' id='word_1_385' title='bbox 386 2988 550 3058; x_wconf 78' lang='lat' dir='ltr'><strong>queis</strong></span> <span class='ocrx_word' id='word_1_386' title='bbox 578 2988 932 3046; x_wconf 75' lang='lat' dir='ltr'><strong>adversarius</strong></span> <span class='ocrx_word' id='word_1_387' title='bbox 983 2997 1290 3061; x_wconf 82' lang='lat' dir='ltr'><strong>potestates</strong></span> <span class='ocrx_word' id='word_1_388' title='bbox 1345 2997 1401 3046; x_wconf 93' lang='lat' dir='ltr'><strong>et</strong></span> <span class='ocrx_word' id='word_1_389' title='bbox 1448 3007 1639 3047; x_wconf 85' lang='lat' dir='ltr'><strong>earum</strong></span> <span class='ocrx_word' id='word_1_390' title='bbox 1672 2991 1973 3062; x_wconf 69' lang='lat' dir='ltr'><strong>principem</strong></span> 
     </span>
    </p>
   </div>
   <div class='ocr_carea' id='block_1_54' title="bbox 385 3079 1970 3152">
    <p class='ocr_par' dir='ltr' id='par_1_54' title="bbox 385 3079 1970 3152">
     <span class='ocr_line' id='line_1_54' title="bbox 385 3079 1970 3152; baseline 0.001 -19"><span class='ocrx_word' id='word_1_391' title='bbox 385 3081 533 3135; x_wconf 84' lang='lat' dir='ltr'><strong>clare</strong></span> <span class='ocrx_word' id='word_1_392' title='bbox 568 3079 798 3135; x_wconf 89' lang='lat' dir='ltr'><strong>iudicat.</strong></span> <span class='ocrx_word' id='word_1_393' title='bbox 838 3080 894 3135; x_wconf 93' lang='lat' dir='ltr'><strong>lu</strong></span> <span class='ocrx_word' id='word_1_394' title='bbox 928 3081 1038 3134; x_wconf 86' lang='lat' dir='ltr'><strong>alio</strong></span> <span class='ocrx_word' id='word_1_395' title='bbox 1067 3095 1290 3151; x_wconf 86' lang='lat' dir='ltr'><strong>quoque</strong></span> <span class='ocrx_word' id='word_1_396' title='bbox 1340 3081 1553 3152; x_wconf 84' lang='lat' dir='ltr'><strong>psalmo</strong></span> <span class='ocrx_word' id='word_1_397' title='bbox 1595 3081 1803 3137; x_wconf 87' lang='lat' dir='ltr'><strong>dictum</strong></span> <span class='ocrx_word' id='word_1_398' title='bbox 1838 3087 1927 3135; x_wconf 88' lang='lat' dir='ltr'><strong>est</strong></span> <span class='ocrx_word' id='word_1_399' title='bbox 1956 3099 1970 3134; x_wconf 91' lang='lat'>:</span> 
     </span>
    </p>
   </div>
   <div class='ocr_carea' id='block_1_55' title="bbox 387 3169 1976 3243">
    <p class='ocr_par' dir='ltr' id='par_1_55' title="bbox 387 3169 1976 3243">
     <span class='ocr_line' id='line_1_55' title="bbox 387 3169 1976 3243; baseline 0.002 -18"><span class='ocrx_word' id='word_1_400' title='bbox 387 3169 433 3225; x_wconf 86' lang='grc' dir='ltr'><strong><em>Τ</em></strong></span> <span class='ocrx_word' id='word_1_401' title='bbox 436 3188 469 3227; x_wconf 84' lang='grc' dir='ltr'><strong>ιι</strong></span> <span class='ocrx_word' id='word_1_402' title='bbox 506 3172 814 3243; x_wconf 79' lang='lat' dir='ltr'><strong>confregisti</strong></span> <span class='ocrx_word' id='word_1_403' title='bbox 838 3174 1021 3243; x_wconf 84' lang='lat' dir='ltr'><strong>capita</strong></span> <span class='ocrx_word' id='word_1_404' title='bbox 1049 3172 1342 3228; x_wconf 85' lang='lat' dir='ltr'><strong>draconum</strong></span> <span class='ocrx_word' id='word_1_405' title='bbox 1372 3172 1427 3227; x_wconf 84' lang='lat' dir='ltr'><strong>in</strong></span> <span class='ocrx_word' id='word_1_406' title='bbox 1448 3173 1623 3243; x_wconf 86' lang='lat' dir='ltr'><strong>aquis.</strong></span> <span class='ocrx_word' id='word_1_407' title='bbox 1658 3173 1739 3228; x_wconf 83' lang='lat' dir='ltr'><strong>Tu</strong></span> <span class='ocrx_word' id='word_1_408' title='bbox 1768 3172 1976 3243; x_wconf 65' lang='lat' dir='ltr'><strong>confre-</strong></span> 
     </span>
    </p>
   </div>
   <div class='ocr_carea' id='block_1_56' title="bbox 2072 2434 3697 2516">
    <p class='ocr_par' dir='ltr' id='par_1_56' title="bbox 2072 2434 3697 2516">
     <span class='ocr_line' id='line_1_56' title="bbox 2072 2434 3697 2516; baseline -0.006 -19"><span class='ocrx_word' id='word_1_409' title='bbox 2072 2443 2178 2508; x_wconf 84' lang='grc' dir='ltr'>τὰς</span> <span class='ocrx_word' id='word_1_410' title='bbox 2221 2440 2505 2516; x_wconf 76' lang='grc' dir='ltr'>διατριϐάς</span> <span class='ocrx_word' id='word_1_411' title='bbox 2536 2440 2764 2509; x_wconf 74' lang='grc' dir='ltr'>ἐδίδαξε,</span> <span class='ocrx_word' id='word_1_412' title='bbox 2799 2441 3010 2513; x_wconf 81' lang='grc' dir='ltr'>φήσας·</span> <span class='ocrx_word' id='word_1_413' title='bbox 3045 2437 3207 2506; x_wconf 79' lang='grc' dir='ltr'>Αὕτη</span> <span class='ocrx_word' id='word_1_414' title='bbox 3235 2437 3274 2503; x_wconf 75' lang='grc' dir='ltr'><em>ὴ</em></span> <span class='ocrx_word' id='word_1_415' title='bbox 3305 2434 3627 2493; x_wconf 81' lang='grc' dir='ltr'>θάλασσα</span> <span class='ocrx_word' id='word_1_416' title='bbox 3658 2436 3697 2503; x_wconf 80' lang='grc' dir='ltr'><strong><em>ἠ</em></strong></span> 
     </span>
    </p>
   </div>
   <div class='ocr_carea' id='block_1_57' title="bbox 2067 2523 3697 2606">
    <p class='ocr_par' dir='ltr' id='par_1_57' title="bbox 2067 2523 3697 2606">
     <span class='ocr_line' id='line_1_57' title="bbox 2067 2523 3697 2606; baseline -0.006 -16"><span class='ocrx_word' id='word_1_417' title='bbox 2067 2533 2306 2606; x_wconf 74' lang='grc' dir='ltr'>μεγάλη</span> <span class='ocrx_word' id='word_1_418' title='bbox 2329 2533 2428 2589; x_wconf 74' lang='grc' dir='ltr'>καὶ</span> <span class='ocrx_word' id='word_1_419' title='bbox 2452 2533 2812 2604; x_wconf 81' lang='grc' dir='ltr'><strong>εὐρύχωρος.</strong></span> <span class='ocrx_word' id='word_1_420' title='bbox 2842 2530 2996 2587; x_wconf 78' lang='grc' dir='ltr'>Ἐκεῖ</span> <span class='ocrx_word' id='word_1_421' title='bbox 3009 2532 3232 2601; x_wconf 74' lang='grc' dir='ltr'>ἑρπετὰ</span> <span class='ocrx_word' id='word_1_422' title='bbox 3251 2523 3341 2584; x_wconf 81' lang='grc' dir='ltr'><strong>ὧν</strong></span> <span class='ocrx_word' id='word_1_423' title='bbox 3360 2531 3489 2584; x_wconf 77' lang='grc' dir='ltr'><strong>οὐκ</strong></span> <span class='ocrx_word' id='word_1_424' title='bbox 3515 2529 3697 2583; x_wconf 73' lang='grc' dir='ltr'>ἐστιν</span> 
     </span>
    </p>
   </div>
   <div class='ocr_carea' id='block_1_58' title="bbox 2074 2618 3697 2698">
    <p class='ocr_par' dir='ltr' id='par_1_58' title="bbox 2074 2618 3697 2698">
     <span class='ocr_line' id='line_1_58' title="bbox 2074 2618 3697 2698; baseline -0.006 -15"><span class='ocrx_word' id='word_1_425' title='bbox 2074 2627 2339 2698; x_wconf 79' lang='grc' dir='ltr'>ἀριθμός.</span> <span class='ocrx_word' id='word_1_426' title='bbox 2382 2624 2626 2696; x_wconf 74' lang='grc' dir='ltr'>Δράκων</span> <span class='ocrx_word' id='word_1_427' title='bbox 2675 2621 2855 2691; x_wconf 83' lang='grc' dir='ltr'>οὗτος</span> <span class='ocrx_word' id='word_1_428' title='bbox 2894 2624 2968 2679; x_wconf 83' lang='grc' dir='ltr'><strong>ὃν</strong></span> <span class='ocrx_word' id='word_1_429' title='bbox 3017 2623 3300 2690; x_wconf 74' lang='grc' dir='ltr'>ἔπλασας</span> <span class='ocrx_word' id='word_1_430' title='bbox 3365 2618 3697 2692; x_wconf 63' lang='grc' dir='ltr'>ἐμπαίᾰιν</span> 
     </span>
    </p>
   </div>
   <div class='ocr_carea' id='block_1_59' title="bbox 2073 2713 3691 2790">
    <p class='ocr_par' dir='ltr' id='par_1_59' title="bbox 2073 2713 3691 2790">
     <span class='ocr_line' id='line_1_59' title="bbox 2073 2713 3691 2790; baseline -0.004 -17"><span class='ocrx_word' id='word_1_431' title='bbox 2073 2717 2267 2785; x_wconf 76' lang='grc' dir='ltr'>αὐτῷ’</span> <span class='ocrx_word' id='word_1_432' title='bbox 2288 2718 2588 2790; x_wconf 74' lang='grc' dir='ltr'>ἐπίστησον</span> <span class='ocrx_word' id='word_1_433' title='bbox 2618 2719 2832 2790; x_wconf 89' lang='grc' dir='ltr'>μήποτε</span> <span class='ocrx_word' id='word_1_434' title='bbox 2857 2716 3066 2789; x_wconf 81' lang='grc' dir='ltr'>ταύτην</span> <span class='ocrx_word' id='word_1_435' title='bbox 3103 2715 3275 2788; x_wconf 78' lang='grc' dir='ltr'>αὐτὴν</span> <span class='ocrx_word' id='word_1_436' title='bbox 3304 2715 3547 2788; x_wconf 64' lang='grc' dir='ltr'>ᾐνίξατο</span> <span class='ocrx_word' id='word_1_437' title='bbox 3590 2713 3691 2783; x_wconf 77' lang='grc' dir='ltr'>τὴν</span> 
     </span>
    </p>
   </div>
   <div class='ocr_carea' id='block_1_60' title="bbox 2075 2803 3691 2883">
    <p class='ocr_par' dir='ltr' id='par_1_60' title="bbox 2075 2803 3691 2883">
     <span class='ocr_line' id='line_1_60' title="bbox 2075 2803 3691 2883; baseline -0.004 -19"><span class='ocrx_word' id='word_1_438' title='bbox 2075 2809 2354 2864; x_wconf 86' lang='grc' dir='ltr'><strong>θάλασσαν</strong></span> <span class='ocrx_word' id='word_1_439' title='bbox 2383 2809 2480 2864; x_wconf 76' lang='grc' dir='ltr'>καὶ</span> <span class='ocrx_word' id='word_1_440' title='bbox 2500 2813 2531 2865; x_wconf 83' lang='grc' dir='ltr'>ὁ</span> <span class='ocrx_word' id='word_1_441' title='bbox 2562 2808 2755 2883; x_wconf 85' lang='grc' dir='ltr'>παρὼν</span> <span class='ocrx_word' id='word_1_442' title='bbox 2785 2808 2945 2879; x_wconf 81' lang='grc' dir='ltr'><strong>λόγος</strong></span> <span class='ocrx_word' id='word_1_443' title='bbox 2979 2811 3191 2882; x_wconf 84' lang='grc' dir='ltr'>φήσας·</span> <span class='ocrx_word' id='word_1_444' title='bbox 3223 2808 3310 2863; x_wconf 87' lang='grc' dir='ltr'><strong>Σὺ</strong></span> <span class='ocrx_word' id='word_1_445' title='bbox 3354 2803 3691 2871; x_wconf 76' lang='grc' dir='ltr'>δεσπόζεις</span> 
     </span>
    </p>
   </div>
   <div class='ocr_carea' id='block_1_61' title="bbox 2073 2898 3688 2972">
    <p class='ocr_par' dir='ltr' id='par_1_61' title="bbox 2073 2898 3688 2972">
     <span class='ocr_line' id='line_1_61' title="bbox 2073 2898 3688 2972; baseline -0.003 -16"><span class='ocrx_word' id='word_1_446' title='bbox 2073 2903 2183 2957; x_wconf 85' lang='grc' dir='ltr'>τοῦ</span> <span class='ocrx_word' id='word_1_447' title='bbox 2212 2901 2474 2972; x_wconf 76' lang='grc' dir='ltr'><strong>κράτους</strong></span> <span class='ocrx_word' id='word_1_448' title='bbox 2514 2899 2625 2970; x_wconf 80' lang='grc' dir='ltr'>τῆς</span> <span class='ocrx_word' id='word_1_449' title='bbox 2656 2899 3002 2971; x_wconf 83' lang='grc' dir='ltr'>θαλάσσης,</span> <span class='ocrx_word' id='word_1_450' title='bbox 3054 2900 3165 2955; x_wconf 78' lang='grc' dir='ltr'><strong>τὸν</strong></span> <span class='ocrx_word' id='word_1_451' title='bbox 3203 2898 3274 2954; x_wconf 80' lang='grc' dir='ltr'>δὲ</span> <span class='ocrx_word' id='word_1_452' title='bbox 3318 2899 3538 2956; x_wconf 89' lang='grc' dir='ltr'><em>σάλον</em></span> <span class='ocrx_word' id='word_1_453' title='bbox 3566 2898 3688 2953; x_wconf 85' lang='grc' dir='ltr'><strong>τῶν</strong></span> 
     </span>
    </p>
   </div>
   <div class='ocr_carea' id='block_1_62' title="bbox 2074 2988 3686 3065">
    <p class='ocr_par' dir='ltr' id='par_1_62' title="bbox 2074 2988 3686 3065">
     <span class='ocr_line' id='line_1_62' title="bbox 2074 2988 3686 3065; baseline -0.005 -16"><span class='ocrx_word' id='word_1_454' title='bbox 2074 2992 2357 3065; x_wconf 79' lang='grc' dir='ltr'><strong>κυμάτων</strong></span> <span class='ocrx_word' id='word_1_455' title='bbox 2401 2991 2595 3063; x_wconf 82' lang='grc' dir='ltr'>αὐτῆς</span> <span class='ocrx_word' id='word_1_456' title='bbox 2630 2992 2712 3048; x_wconf 81' lang='grc' dir='ltr'><strong>σὺ</strong></span> <span class='ocrx_word' id='word_1_457' title='bbox 2763 2994 3232 3063; x_wconf 73' lang='grc' dir='ltr'>καταπραΰνειςν</span> <span class='ocrx_word' id='word_1_458' title='bbox 3282 2989 3519 3054; x_wconf 84' lang='grc' dir='ltr'>τούτοις</span> <span class='ocrx_word' id='word_1_459' title='bbox 3550 2988 3686 3058; x_wconf 76' lang='grc' dir='ltr'>γοῦν</span> 
     </span>
    </p>
   </div>
   <div class='ocr_carea' id='block_1_63' title="bbox 2077 3086 3681 3162">
    <p class='ocr_par' dir='ltr' id='par_1_63' title="bbox 2077 3086 3681 3162">
     <span class='ocr_line' id='line_1_63' title="bbox 2077 3086 3681 3162; baseline -0.002 -19"><span class='ocrx_word' id='word_1_460' title='bbox 2077 3088 2280 3162; x_wconf 76' lang='grc' dir='ltr'>συνῆψε</span> <span class='ocrx_word' id='word_1_461' title='bbox 2307 3089 2393 3154; x_wconf 79' lang='grc' dir='ltr'><strong>τδ,</strong></span> <span class='ocrx_word' id='word_1_462' title='bbox 2426 3089 2511 3145; x_wconf 84' lang='grc' dir='ltr'><strong><em>Σὺ</em></strong></span> <span class='ocrx_word' id='word_1_463' title='bbox 2529 3088 2941 3156; x_wconf 74' lang='grc' dir='ltr'>ἐταπείνωσας</span> <span class='ocrx_word' id='word_1_464' title='bbox 2972 3089 3055 3155; x_wconf 85' lang='grc' dir='ltr'><strong>ὡς</strong></span> <span class='ocrx_word' id='word_1_465' title='bbox 3082 3086 3462 3157; x_wconf 80' lang='grc' dir='ltr'>τραυματίαν</span> <span class='ocrx_word' id='word_1_466' title='bbox 3493 3088 3681 3153; x_wconf 71' lang='grc' dir='ltr'>ὑπερ-</span> 
     </span>
    </p>
   </div>
   <div class='ocr_carea' id='block_1_64' title="bbox 2074 3174 3683 3252">
    <p class='ocr_par' dir='ltr' id='par_1_64' title="bbox 2074 3174 3683 3252">
     <span class='ocr_line' id='line_1_64' title="bbox 2074 3174 3683 3252; baseline -0.007 -13"><span class='ocrx_word' id='word_1_467' title='bbox 2074 3180 2346 3252; x_wconf 70' lang='grc' dir='ltr'><strong>ήφανον*</strong></span> <span class='ocrx_word' id='word_1_468' title='bbox 2371 3182 2444 3237; x_wconf 82' lang='grc' dir='ltr'><strong>ἐν</strong></span> <span class='ocrx_word' id='word_1_469' title='bbox 2472 3181 2555 3249; x_wconf 84' lang='grc' dir='ltr'>τῷ</span> <span class='ocrx_word' id='word_1_470' title='bbox 2581 3181 2865 3252; x_wconf 83' lang='grc' dir='ltr'>,βραχίονι</span> <span class='ocrx_word' id='word_1_471' title='bbox 2915 3179 3025 3248; x_wconf 82' lang='grc' dir='ltr'>τῆς</span> <span class='ocrx_word' id='word_1_472' title='bbox 3066 3176 3382 3250; x_wconf 79' lang='grc' dir='ltr'>δυνάμεώς</span> <span class='ocrx_word' id='word_1_473' title='bbox 3428 3192 3559 3232; x_wconf 86' lang='grc' dir='ltr'>σου</span> <span class='ocrx_word' id='word_1_474' title='bbox 3597 3174 3683 3228; x_wconf 74' lang='grc' dir='ltr'>διο</span> 
     </span>
    </p>
   </div>
   <div class='ocr_carea' id='block_1_65' title="bbox 382 3264 1973 3346">
    <p class='ocr_par' dir='ltr' id='par_1_65' title="bbox 382 3264 1972 3336">
     <span class='ocr_line' id='line_1_65' title="bbox 382 3264 1972 3336; baseline 0.003 -18"><span class='ocrx_word' id='word_1_475' title='bbox 382 3265 510 3333; x_wconf 82' lang='lat' dir='ltr'><strong>gisti</strong></span> <span class='ocrx_word' id='word_1_476' title='bbox 567 3265 744 3334; x_wconf 83' lang='lat' dir='ltr'><strong>capita</strong></span> <span class='ocrx_word' id='word_1_477' title='bbox 792 3264 1071 3333; x_wconf 83' lang='lat' dir='ltr'><strong>draconis,</strong></span> <span class='ocrx_word' id='word_1_478' title='bbox 1114 3266 1311 3321; x_wconf 86' lang='lat' dir='ltr'><strong>dedisti</strong></span> <span class='ocrx_word' id='word_1_479' title='bbox 1358 3281 1477 3320; x_wconf 88' lang='lat' dir='ltr'><strong>eum</strong></span> <span class='ocrx_word' id='word_1_480' title='bbox 1533 3281 1709 3320; x_wconf 86' lang='lat' dir='ltr'><strong>escam</strong></span> <span class='ocrx_word' id='word_1_481' title='bbox 1763 3267 1972 3336; x_wconf 75' lang='lat' dir='ltr'><strong>populis</strong></span> 
     </span>
    </p>
   </div>
   <div class='ocr_carea' id='block_1_66' title="bbox 2075 3264 3677 3346">
    <p class='ocr_par' dir='ltr' id='par_1_66' title="bbox 2075 3266 3677 3345">
     <span class='ocr_line' id='line_1_66' title="bbox 2075 3266 3677 3345; baseline -0.005 -16"><span class='ocrx_word' id='word_1_482' title='bbox 2075 3277 2453 3345; x_wconf 80' lang='grc' dir='ltr'>εσκόρπισας</span> <span class='ocrx_word' id='word_1_483' title='bbox 2485 3274 2630 3342; x_wconf 80' lang='grc' dir='ltr'>τοὺς</span> <span class='ocrx_word' id='word_1_484' title='bbox 2649 3274 2904 3345; x_wconf 77' lang='grc' dir='ltr'><strong>ἐχθρούς</strong></span> <span class='ocrx_word' id='word_1_485' title='bbox 2929 3289 3067 3328; x_wconf 86' lang='grc' dir='ltr'>σου.</span> <span class='ocrx_word' id='word_1_486' title='bbox 3092 3271 3167 3325; x_wconf 71' lang='grc' dir='ltr'><strong>Τὸ</strong></span> <span class='ocrx_word' id='word_1_487' title='bbox 3193 3271 3303 3343; x_wconf 78' lang='grc' dir='ltr'><strong>γὰρ</strong></span> <span class='ocrx_word' id='word_1_488' title='bbox 3331 3273 3544 3342; x_wconf 81' lang='grc' dir='ltr'>χωρίον</span> <span class='ocrx_word' id='word_1_489' title='bbox 3568 3266 3677 3321; x_wconf 77' lang='grc' dir='ltr'><strong>τῶν</strong></span> 
     </span>
    </p>
   </div>
   <div class='ocr_carea' id='block_1_67' title="bbox 386 3352 1973 3422">
    <p class='ocr_par' dir='ltr' id='par_1_67' title="bbox 386 3352 1973 3422">
     <span class='ocr_line' id='line_1_67' title="bbox 386 3352 1973 3422; baseline 0.003 -15"><span class='ocrx_word' id='word_1_490' title='bbox 386 3352 815 3422; x_wconf 60' lang='lat' dir='ltr'><strong>Ethiopians&quot;.</strong></span> <span class='ocrx_word' id='word_1_491' title='bbox 846 3353 904 3408; x_wconf 89' lang='lat' dir='ltr'><strong>lu</strong></span> <span class='ocrx_word' id='word_1_492' title='bbox 932 3353 1038 3409; x_wconf 78' lang='lat' dir='ltr'><strong>Job</strong></span> <span class='ocrx_word' id='word_1_493' title='bbox 1074 3354 1207 3410; x_wconf 88' lang='lat' dir='ltr'><strong>item</strong></span> <span class='ocrx_word' id='word_1_494' title='bbox 1243 3374 1256 3409; x_wconf 88' lang='lat'><strong>:</strong></span> <span class='ocrx_word' id='word_1_495' title='bbox 1295 3354 1463 3409; x_wconf 83' lang='lat' dir='ltr'><strong>Duces</strong></span> <span class='ocrx_word' id='word_1_496' title='bbox 1492 3363 1671 3410; x_wconf 84' lang='lat' dir='ltr'><strong>autem</strong></span> <span class='ocrx_word' id='word_1_497' title='bbox 1687 3353 1973 3417; x_wconf 83' lang='lat' dir='ltr'><strong>draconem</strong></span> 
     </span>
    </p>
   </div>
   <div class='ocr_carea' id='block_1_68' title="bbox 385 3445 1973 3518">
    <p class='ocr_par' dir='ltr' id='par_1_68' title="bbox 385 3445 1973 3518">
     <span class='ocr_line' id='line_1_68' title="bbox 385 3445 1973 3518; baseline 0.003 -20"><span class='ocrx_word' id='word_1_498' title='bbox 385 3445 565 3513; x_wconf 83' lang='lat' dir='ltr'><strong>hamo,</strong></span> <span class='ocrx_word' id='word_1_499' title='bbox 593 3463 755 3516; x_wconf 77' lang='lat' dir='ltr'><strong>pones</strong></span> <span class='ocrx_word' id='word_1_500' title='bbox 798 3446 1058 3500; x_wconf 84' lang='lat' dir='ltr'><strong>circulum</strong></span> <span class='ocrx_word' id='word_1_501' title='bbox 1100 3448 1247 3501; x_wconf 84' lang='lat' dir='ltr'><strong>circa</strong></span> <span class='ocrx_word' id='word_1_502' title='bbox 1300 3463 1456 3501; x_wconf 84' lang='lat' dir='ltr'><strong>nares</strong></span> <span class='ocrx_word' id='word_1_503' title='bbox 1509 3447 1650 3518; x_wconf 84' lang='lat' dir='ltr'><strong>ejus,</strong></span> <span class='ocrx_word' id='word_1_504' title='bbox 1673 3456 1723 3501; x_wconf 83' lang='lat' dir='ltr'><strong>et</strong></span> <span class='ocrx_word' id='word_1_505' title='bbox 1753 3448 1973 3502; x_wconf 82' lang='lat' dir='ltr'><strong>armilla</strong></span> 
     </span>
    </p>
   </div>
   <div class='ocr_carea' id='block_1_69' title="bbox 383 3535 1971 3607">
    <p class='ocr_par' dir='ltr' id='par_1_69' title="bbox 383 3535 1971 3607">
     <span class='ocr_line' id='line_1_69' title="bbox 383 3535 1971 3607; baseline 0.002 -17"><span class='ocrx_word' id='word_1_506' title='bbox 383 3536 680 3606; x_wconf 75' lang='lat' dir='ltr'><strong>perforabis</strong></span> <span class='ocrx_word' id='word_1_507' title='bbox 730 3536 930 3591; x_wconf 84' lang='lat' dir='ltr'><strong>labium</strong></span> <span class='ocrx_word' id='word_1_508' title='bbox 984 3536 1119 3606; x_wconf 82' lang='lat' dir='ltr'><strong>ejus.</strong></span> <span class='ocrx_word' id='word_1_509' title='bbox 1183 3535 1448 3607; x_wconf 78' lang='lat' dir='ltr'><strong>Loquetur</strong></span> <span class='ocrx_word' id='word_1_510' title='bbox 1505 3548 1681 3592; x_wconf 87' lang='lat' dir='ltr'><strong>autem</strong></span> <span class='ocrx_word' id='word_1_511' title='bbox 1718 3538 1817 3592; x_wconf 81' lang='lat' dir='ltr'><strong>tibi</strong></span> <span class='ocrx_word' id='word_1_512' title='bbox 1852 3555 1971 3593; x_wconf 86' lang='lat' dir='ltr'><strong>cum</strong></span> 
     </span>
    </p>
   </div>
   <div class='ocr_carea' id='block_1_70' title="bbox 385 3626 1972 3702">
    <p class='ocr_par' dir='ltr' id='par_1_70' title="bbox 385 3626 1972 3702">
     <span class='ocr_line' id='line_1_70' title="bbox 385 3626 1972 3702; baseline 0.004 -21"><span class='ocrx_word' id='word_1_513' title='bbox 385 3626 772 3697; x_wconf 68' lang='lat' dir='ltr'><strong>supplicatione</strong></span> <span class='ocrx_word' id='word_1_514' title='bbox 827 3643 891 3683; x_wconf 90' lang='lat' dir='ltr'><strong>ac</strong></span> <span class='ocrx_word' id='word_1_515' title='bbox 950 3627 1315 3696; x_wconf 82' lang='lat' dir='ltr'><strong>deprecatione</strong></span> <span class='ocrx_word' id='word_1_516' title='bbox 1365 3629 1619 3694; x_wconf 84' lang='lat' dir='ltr'><strong>molliter,</strong></span> <span class='ocrx_word' id='word_1_517' title='bbox 1648 3631 1972 3702; x_wconf 83' lang='lat' dir='ltr'><strong>accipiesque</strong></span> 
     </span>
    </p>
   </div>
   <div class='ocr_carea' id='block_1_71' title="bbox 387 3719 1970 3791">
    <p class='ocr_par' dir='ltr' id='par_1_71' title="bbox 387 3719 1970 3791">
     <span class='ocr_line' id='line_1_71' title="bbox 387 3719 1970 3791; baseline 0.004 -19"><span class='ocrx_word' id='word_1_518' title='bbox 387 3719 562 3788; x_wconf 83' lang='lat' dir='ltr'><strong>ipsum</strong></span> <span class='ocrx_word' id='word_1_519' title='bbox 621 3719 675 3772; x_wconf 85' lang='lat' dir='ltr'><strong>in</strong></span> <span class='ocrx_word' id='word_1_520' title='bbox 727 3736 935 3774; x_wconf 84' lang='lat' dir='ltr'><strong>servum</strong></span> <span class='ocrx_word' id='word_1_521' title='bbox 982 3721 1430 3790; x_wconf 81' lang='lat' dir='ltr'><strong>sempiternum&quot;.</strong></span> <span class='ocrx_word' id='word_1_522' title='bbox 1460 3719 1601 3778; x_wconf 82' lang='lat' dir='ltr'><strong>Hinc</strong></span> <span class='ocrx_word' id='word_1_523' title='bbox 1634 3739 1765 3779; x_wconf 80' lang='lat' dir='ltr'><strong>vero</strong></span> <span class='ocrx_word' id='word_1_524' title='bbox 1784 3723 1970 3791; x_wconf 82' lang='lat' dir='ltr'><strong>infert,</strong></span> 
     </span>
    </p>
   </div>
   <div class='ocr_carea' id='block_1_72' title="bbox 389 3810 1967 3886">
    <p class='ocr_par' dir='ltr' id='par_1_72' title="bbox 389 3810 1967 3886">
     <span class='ocr_line' id='line_1_72' title="bbox 389 3810 1967 3886; baseline 0.004 -20"><span class='ocrx_word' id='word_1_525' title='bbox 389 3810 509 3880; x_wconf 82' lang='lat' dir='ltr'><strong>Ipse</strong></span> <span class='ocrx_word' id='word_1_526' title='bbox 542 3821 719 3867; x_wconf 81' lang='lat' dir='ltr'><strong>autem</strong></span> <span class='ocrx_word' id='word_1_527' title='bbox 761 3823 841 3869; x_wconf 90' lang='lat' dir='ltr'><strong>est</strong></span> <span class='ocrx_word' id='word_1_528' title='bbox 900 3829 993 3868; x_wconf 74' lang='lat' dir='ltr'><strong>rex</strong></span> <span class='ocrx_word' id='word_1_529' title='bbox 1023 3816 1259 3868; x_wconf 85' lang='lat' dir='ltr'><strong>omnium</strong></span> <span class='ocrx_word' id='word_1_530' title='bbox 1301 3831 1420 3885; x_wconf 78' lang='lat' dir='ltr'><strong>qua:</strong></span> <span class='ocrx_word' id='word_1_531' title='bbox 1462 3815 1517 3869; x_wconf 91' lang='lat' dir='ltr'><strong>in</strong></span> <span class='ocrx_word' id='word_1_532' title='bbox 1548 3817 1702 3886; x_wconf 84' lang='lat' dir='ltr'><strong>aquis</strong></span> <span class='ocrx_word' id='word_1_533' title='bbox 1750 3827 1871 3871; x_wconf 88' lang='lat' dir='ltr'><strong>sunt</strong></span> <span class='ocrx_word' id='word_1_534' title='bbox 1900 3819 1967 3873; x_wconf 80' lang='lat'><strong>“.</strong></span> 
     </span>
    </p>
   </div>
   <div class='ocr_carea' id='block_1_73' title="bbox 387 3895 1971 3972">
    <p class='ocr_par' dir='ltr' id='par_1_73' title="bbox 387 3895 1971 3972">
     <span class='ocr_line' id='line_1_73' title="bbox 387 3895 1971 3972; baseline 0.008 -22"><span class='ocrx_word' id='word_1_535' title='bbox 387 3895 593 3953; x_wconf 78' lang='lat' dir='ltr'><strong>ibidem</strong></span> <span class='ocrx_word' id='word_1_536' title='bbox 643 3908 826 3955; x_wconf 82' lang='lat' dir='ltr'><strong>autem</strong></span> <span class='ocrx_word' id='word_1_537' title='bbox 875 3901 944 3956; x_wconf 90' lang='lat' dir='ltr'><strong>de</strong></span> <span class='ocrx_word' id='word_1_538' title='bbox 996 3902 1118 3972; x_wconf 85' lang='lat' dir='ltr'><strong>ipso</strong></span> <span class='ocrx_word' id='word_1_539' title='bbox 1161 3902 1405 3958; x_wconf 87' lang='lat' dir='ltr'><strong>dracone</strong></span> <span class='ocrx_word' id='word_1_540' title='bbox 1435 3904 1639 3960; x_wconf 85' lang='lat' dir='ltr'><strong>dicitur</strong></span> <span class='ocrx_word' id='word_1_541' title='bbox 1666 3906 1733 3961; x_wconf 85' lang='lat' dir='ltr'><strong>ad</strong></span> <span class='ocrx_word' id='word_1_542' title='bbox 1771 3905 1876 3963; x_wconf 80' lang='lat' dir='ltr'><strong>Job</strong></span> <span class='ocrx_word' id='word_1_543' title='bbox 1903 3924 1971 3963; x_wconf 72' lang='lat' dir='ltr'><strong>ex</strong></span> 
     </span>
    </p>
   </div>
   <div class='ocr_carea' id='block_1_74' title="bbox 385 3991 1972 4067">
    <p class='ocr_par' dir='ltr' id='par_1_74' title="bbox 385 3991 1972 4067">
     <span class='ocr_line' id='line_1_74' title="bbox 385 3991 1972 4067; baseline 0.007 -23"><span class='ocrx_word' id='word_1_544' title='bbox 385 4005 624 4062; x_wconf 73' lang='lat' dir='ltr'><strong>persona</strong></span> <span class='ocrx_word' id='word_1_545' title='bbox 669 3991 881 4047; x_wconf 87' lang='lat' dir='ltr'><strong>Domini</strong></span> <span class='ocrx_word' id='word_1_546' title='bbox 918 4011 933 4049; x_wconf 87' lang='lat'><strong>:</strong></span> <span class='ocrx_word' id='word_1_547' title='bbox 968 3991 1094 4048; x_wconf 84' lang='lat' dir='ltr'><strong>Non</strong></span> <span class='ocrx_word' id='word_1_548' title='bbox 1138 3997 1293 4051; x_wconf 87' lang='lat' dir='ltr'><strong>times</strong></span> <span class='ocrx_word' id='word_1_549' title='bbox 1323 3997 1451 4067; x_wconf 89' lang='lat' dir='ltr'><strong>quia</strong></span> <span class='ocrx_word' id='word_1_550' title='bbox 1478 4008 1815 4067; x_wconf 77' lang='lat' dir='ltr'><strong>pra’paralus</strong></span> <span class='ocrx_word' id='word_1_551' title='bbox 1841 3999 1972 4055; x_wconf 82' lang='lat' dir='ltr'><strong>mihi</strong></span> 
     </span>
    </p>
   </div>
   <div class='ocr_carea' id='block_1_75' title="bbox 389 4081 1974 4160">
    <p class='ocr_par' dir='ltr' id='par_1_75' title="bbox 389 4081 1974 4160">
     <span class='ocr_line' id='line_1_75' title="bbox 389 4081 1974 4160; baseline 0.005 -22"><span class='ocrx_word' id='word_1_552' title='bbox 389 4081 569 4138; x_wconf 78' lang='lat' dir='ltr'><strong>est”?</strong></span> <span class='ocrx_word' id='word_1_553' title='bbox 612 4084 669 4138; x_wconf 87' lang='lat' dir='ltr'><strong>In</strong></span> <span class='ocrx_word' id='word_1_554' title='bbox 721 4086 981 4155; x_wconf 67' lang='lat' dir='ltr'><strong>praesenti</strong></span> <span class='ocrx_word' id='word_1_555' title='bbox 1029 4088 1197 4141; x_wconf 86' lang='lat' dir='ltr'><strong>etiam</strong></span> <span class='ocrx_word' id='word_1_556' title='bbox 1257 4087 1447 4144; x_wconf 86' lang='lat' dir='ltr'><strong>eadem</strong></span> <span class='ocrx_word' id='word_1_557' title='bbox 1484 4090 1734 4160; x_wconf 85' lang='lat' dir='ltr'><strong>apposite</strong></span> <span class='ocrx_word' id='word_1_558' title='bbox 1787 4092 1974 4147; x_wconf 77' lang='lat' dir='ltr'><strong>memi-</strong></span> 
     </span>
    </p>
   </div>
   <div class='ocr_carea' id='block_1_76' title="bbox 388 4173 1968 4253">
    <p class='ocr_par' dir='ltr' id='par_1_76' title="bbox 388 4173 1968 4253">
     <span class='ocr_line' id='line_1_76' title="bbox 388 4173 1968 4253; baseline 0.006 -25"><span class='ocrx_word' id='word_1_559' title='bbox 388 4174 469 4229; x_wconf 92' lang='lat' dir='ltr'><strong>nit</strong></span> <span class='ocrx_word' id='word_1_560' title='bbox 501 4173 739 4244; x_wconf 86' lang='lat' dir='ltr'><strong>Spiritus</strong></span> <span class='ocrx_word' id='word_1_561' title='bbox 758 4175 998 4244; x_wconf 84' lang='lat' dir='ltr'><strong>divinus,</strong></span> <span class='ocrx_word' id='word_1_562' title='bbox 1032 4176 1303 4250; x_wconf 77' lang='lat' dir='ltr'><strong>Unigeniti</strong></span> <span class='ocrx_word' id='word_1_563' title='bbox 1341 4178 1435 4236; x_wconf 88' lang='lat' dir='ltr'><strong>Dei</strong></span> <span class='ocrx_word' id='word_1_564' title='bbox 1470 4196 1644 4253; x_wconf 86' lang='lat' dir='ltr'><strong>usque</strong></span> <span class='ocrx_word' id='word_1_565' title='bbox 1670 4182 1737 4237; x_wconf 90' lang='lat' dir='ltr'><strong>ad</strong></span> <span class='ocrx_word' id='word_1_566' title='bbox 1762 4182 1968 4237; x_wconf 85' lang='lat' dir='ltr'><strong>dictum</strong></span> 
     </span>
    </p>
   </div>
   <div class='ocr_carea' id='block_1_77' title="bbox 390 4267 1970 4345">
    <p class='ocr_par' dir='ltr' id='par_1_77' title="bbox 390 4267 1970 4345">
     <span class='ocr_line' id='line_1_77' title="bbox 390 4267 1970 4345; baseline 0.011 -28"><span class='ocrx_word' id='word_1_567' title='bbox 390 4281 540 4321; x_wconf 83' lang='lat' dir='ltr'><strong>mare</strong></span> <span class='ocrx_word' id='word_1_568' title='bbox 568 4267 897 4323; x_wconf 89' lang='lat' dir='ltr'><strong>descensum</strong></span> <span class='ocrx_word' id='word_1_569' title='bbox 932 4268 1241 4326; x_wconf 86' lang='lat' dir='ltr'><strong>declarans.</strong></span> <span class='ocrx_word' id='word_1_570' title='bbox 1279 4270 1578 4344; x_wconf 86' lang='lat' dir='ltr'><strong>Postquam</strong></span> <span class='ocrx_word' id='word_1_571' title='bbox 1608 4274 1775 4345; x_wconf 77' lang='lat' dir='ltr'><strong>igitur</strong></span> <span class='ocrx_word' id='word_1_572' title='bbox 1799 4274 1970 4333; x_wconf 84' lang='lat' dir='ltr'><strong>Deum</strong></span> 
     </span>
    </p>
   </div>
   <div class='ocr_carea' id='block_1_78' title="bbox 390 4355 1971 4432">
    <p class='ocr_par' dir='ltr' id='par_1_78' title="bbox 390 4355 1971 4432">
     <span class='ocr_line' id='line_1_78' title="bbox 390 4355 1971 4432; baseline 0.009 -23"><span class='ocrx_word' id='word_1_573' title='bbox 390 4355 543 4409; x_wconf 85' lang='lat' dir='ltr'><strong>illum</strong></span> <span class='ocrx_word' id='word_1_574' title='bbox 571 4372 696 4412; x_wconf 91' lang='lat' dir='ltr'><strong>esse</strong></span> <span class='ocrx_word' id='word_1_575' title='bbox 719 4358 1095 4428; x_wconf 68' lang='lat' dir='ltr'><strong>praedicasset,</strong></span> <span class='ocrx_word' id='word_1_576' title='bbox 1124 4375 1189 4416; x_wconf 90' lang='lat' dir='ltr'><strong>ac</strong></span> <span class='ocrx_word' id='word_1_577' title='bbox 1218 4364 1458 4432; x_wconf 88' lang='lat' dir='ltr'><strong>priorem</strong></span> <span class='ocrx_word' id='word_1_578' title='bbox 1498 4363 1648 4419; x_wconf 87' lang='lat' dir='ltr'><strong>illius</strong></span> <span class='ocrx_word' id='word_1_579' title='bbox 1670 4366 1724 4419; x_wconf 91' lang='lat' dir='ltr'><strong>in</strong></span> <span class='ocrx_word' id='word_1_580' title='bbox 1760 4368 1971 4424; x_wconf 86' lang='lat' dir='ltr'><strong>sanctis</strong></span> 
     </span>
    </p>
   </div>
   <div class='ocr_carea' id='block_1_79' title="bbox 394 4451 1973 4529">
    <p class='ocr_par' dir='ltr' id='par_1_79' title="bbox 394 4451 1973 4529">
     <span class='ocr_line' id='line_1_79' title="bbox 394 4451 1973 4529; baseline 0.009 -25"><span class='ocrx_word' id='word_1_581' title='bbox 394 4451 864 4507; x_wconf 74' lang='lat' dir='ltr'><strong>conversationem</strong></span> <span class='ocrx_word' id='word_1_582' title='bbox 910 4453 1231 4517; x_wconf 85' lang='lat' dir='ltr'><strong>indicasset.</strong></span> <span class='ocrx_word' id='word_1_583' title='bbox 1264 4470 1329 4510; x_wconf 88' lang='lat' dir='ltr'><strong>ac</strong></span> <span class='ocrx_word' id='word_1_584' title='bbox 1351 4456 1586 4514; x_wconf 78' lang='lat' dir='ltr'><strong>dixisset</strong></span> <span class='ocrx_word' id='word_1_585' title='bbox 1626 4460 1846 4529; x_wconf 86' lang='lat' dir='ltr'><strong>quinam</strong></span> <span class='ocrx_word' id='word_1_586' title='bbox 1880 4462 1973 4520; x_wconf 90' lang='lat' dir='ltr'><strong>ille</strong></span> 
     </span>
    </p>
   </div>
   <div class='ocr_carea' id='block_1_80' title="bbox 397 4543 1971 4622">
    <p class='ocr_par' dir='ltr' id='par_1_80' title="bbox 397 4543 1971 4622">
     <span class='ocr_line' id='line_1_80' title="bbox 397 4543 1971 4622; baseline 0.01 -25"><span class='ocrx_word' id='word_1_587' title='bbox 397 4543 485 4605; x_wconf 66' lang='lat' dir='ltr'><strong>sit.</strong></span> <span class='ocrx_word' id='word_1_588' title='bbox 518 4558 583 4598; x_wconf 88' lang='lat' dir='ltr'><strong>ac</strong></span> <span class='ocrx_word' id='word_1_589' title='bbox 610 4559 735 4599; x_wconf 89' lang='lat' dir='ltr'><strong>cum</strong></span> <span class='ocrx_word' id='word_1_590' title='bbox 764 4546 1021 4616; x_wconf 85' lang='lat' dir='ltr'><strong>qualibus</strong></span> <span class='ocrx_word' id='word_1_591' title='bbox 1048 4556 1103 4601; x_wconf 91' lang='lat' dir='ltr'><strong>et</strong></span> <span class='ocrx_word' id='word_1_592' title='bbox 1128 4548 1273 4605; x_wconf 89' lang='lat' dir='ltr'><strong>inter</strong></span> <span class='ocrx_word' id='word_1_593' title='bbox 1305 4550 1498 4620; x_wconf 86' lang='lat' dir='ltr'><strong>quales</strong></span> <span class='ocrx_word' id='word_1_594' title='bbox 1515 4552 1766 4622; x_wconf 82' lang='lat' dir='ltr'><strong>prodeat,</strong></span> <span class='ocrx_word' id='word_1_595' title='bbox 1786 4553 1971 4611; x_wconf 82' lang='lat' dir='ltr'><strong>decla-</strong></span> 
     </span>
    </p>
   </div>
   <div class='ocr_carea' id='block_1_81' title="bbox 2078 3359 3678 3440">
    <p class='ocr_par' dir='ltr' id='par_1_81' title="bbox 2078 3359 3678 3440">
     <span class='ocr_line' id='line_1_81' title="bbox 2078 3359 3678 3440; baseline -0.004 -20"><span class='ocrx_word' id='word_1_596' title='bbox 2078 3367 2476 3440; x_wconf 74' lang='grc' dir='ltr'><strong>ἀντικειμένων</strong></span> <span class='ocrx_word' id='word_1_597' title='bbox 2514 3367 2820 3439; x_wconf 85' lang='grc' dir='ltr'>δυνάμεων,</span> <span class='ocrx_word' id='word_1_598' title='bbox 2849 3365 2962 3420; x_wconf 85' lang='grc' dir='ltr'><strong>τῶν</strong></span> <span class='ocrx_word' id='word_1_599' title='bbox 2981 3382 3044 3419; x_wconf 91' lang='grc' dir='ltr'><strong>τε</strong></span> <span class='ocrx_word' id='word_1_600' title='bbox 3089 3363 3360 3436; x_wconf 81' lang='grc' dir='ltr'>δαιμόνων</span> <span class='ocrx_word' id='word_1_601' title='bbox 3406 3362 3510 3416; x_wconf 74' lang='grc' dir='ltr'>καὶ</span> <span class='ocrx_word' id='word_1_602' title='bbox 3568 3359 3678 3413; x_wconf 80' lang='grc' dir='ltr'><strong>τῶν</strong></span> 
     </span>
    </p>
   </div>
   <div class='ocr_carea' id='block_1_82' title="bbox 2079 3451 3674 3535">
    <p class='ocr_par' dir='ltr' id='par_1_82' title="bbox 2079 3451 3674 3535">
     <span class='ocr_line' id='line_1_82' title="bbox 2079 3451 3674 3535; baseline -0.008 -18"><span class='ocrx_word' id='word_1_603' title='bbox 2079 3462 2410 3535; x_wconf 82' lang='grc' dir='ltr'>πνευμάτων</span> <span class='ocrx_word' id='word_1_604' title='bbox 2438 3461 2713 3534; x_wconf 75' lang='grc' dir='ltr'>πονηρῶν,</span> <span class='ocrx_word' id='word_1_605' title='bbox 2741 3459 3019 3516; x_wconf 84' lang='grc' dir='ltr'><strong>θάλασσαν</strong></span> <span class='ocrx_word' id='word_1_606' title='bbox 3041 3458 3217 3513; x_wconf 74' lang='grc' dir='ltr'>ἔοικεν</span> <span class='ocrx_word' id='word_1_607' title='bbox 3236 3456 3567 3512; x_wconf 82' lang='grc' dir='ltr'>ἀποκαλεῖν.</span> <span class='ocrx_word' id='word_1_608' title='bbox 3584 3451 3674 3506; x_wconf 78' lang='grc' dir='ltr'><strong>Διὸ</strong></span> 
     </span>
    </p>
   </div>
   <div class='ocr_carea' id='block_1_83' title="bbox 2078 3543 3674 3628">
    <p class='ocr_par' dir='ltr' id='par_1_83' title="bbox 2078 3543 3674 3628">
     <span class='ocr_line' id='line_1_83' title="bbox 2078 3543 3674 3628; baseline -0.009 -18"><span class='ocrx_word' id='word_1_609' title='bbox 2078 3557 2177 3610; x_wconf 74' lang='grc' dir='ltr'>καὶ</span> <span class='ocrx_word' id='word_1_610' title='bbox 2214 3557 2464 3628; x_wconf 75' lang='grc' dir='ltr'>ἐπήγαγε</span> <span class='ocrx_word' id='word_1_611' title='bbox 2496 3554 2575 3627; x_wconf 81' lang='grc' dir='ltr'><strong>τῷ</strong></span> <span class='ocrx_word' id='word_1_612' title='bbox 2607 3554 2738 3626; x_wconf 75' lang='grc' dir='ltr'>περὶ</span> <span class='ocrx_word' id='word_1_613' title='bbox 2777 3553 2878 3624; x_wconf 82' lang='grc' dir='ltr'>τῆς</span> <span class='ocrx_word' id='word_1_614' title='bbox 2913 3552 3192 3623; x_wconf 83' lang='grc' dir='ltr'><strong>θαλάσσης</strong></span> <span class='ocrx_word' id='word_1_615' title='bbox 3230 3549 3376 3621; x_wconf 82' lang='grc' dir='ltr'><strong>λόγῳ</strong></span> <span class='ocrx_word' id='word_1_616' title='bbox 3420 3547 3496 3602; x_wconf 56' lang='lat' dir='ltr'><strong>ea:</strong></span> <span class='ocrx_word' id='word_1_617' title='bbox 3546 3543 3674 3619; x_wconf 79' lang='grc' dir='ltr'>περὶ</span> 
     </span>
    </p>
   </div>
   <div class='ocr_carea' id='block_1_84' title="bbox 2078 3636 3666 3723">
    <p class='ocr_par' dir='ltr' id='par_1_84' title="bbox 2078 3636 3666 3723">
     <span class='ocr_line' id='line_1_84' title="bbox 2078 3636 3666 3723; baseline -0.009 -19"><span class='ocrx_word' id='word_1_618' title='bbox 2078 3649 2174 3704; x_wconf 81' lang='grc' dir='ltr'>τοῦ</span> <span class='ocrx_word' id='word_1_619' title='bbox 2202 3649 2542 3723; x_wconf 84' lang='grc' dir='ltr'>τραυματίου</span> <span class='ocrx_word' id='word_1_620' title='bbox 2576 3648 2671 3703; x_wconf 82' lang='grc' dir='ltr'>καὶ</span> <span class='ocrx_word' id='word_1_621' title='bbox 2697 3648 2768 3703; x_wconf 85' lang='grc' dir='ltr'><strong>τά</strong></span> <span class='ocrx_word' id='word_1_622' title='bbox 2809 3646 2938 3719; x_wconf 70' lang='grc' dir='ltr'>περὶ</span> <span class='ocrx_word' id='word_1_623' title='bbox 2964 3645 3072 3699; x_wconf 81' lang='grc' dir='ltr'><strong>τῶν</strong></span> <span class='ocrx_word' id='word_1_624' title='bbox 3121 3642 3334 3716; x_wconf 71' lang='grc' dir='ltr'><strong>ἐχθρῶν</strong></span> <span class='ocrx_word' id='word_1_625' title='bbox 3378 3640 3481 3696; x_wconf 76' lang='grc' dir='ltr'>τοῦ</span> <span class='ocrx_word' id='word_1_626' title='bbox 3510 3636 3666 3699; x_wconf 79' lang='grc' dir='ltr'>Θεοῦ,</span> 
     </span>
    </p>
   </div>
   <div class='ocr_carea' id='block_1_85' title="bbox 2078 3730 3670 3816">
    <p class='ocr_par' dir='ltr' id='par_1_85' title="bbox 2078 3730 3670 3816">
     <span class='ocr_line' id='line_1_85' title="bbox 2078 3730 3670 3816; baseline -0.01 -19"><span class='ocrx_word' id='word_1_627' title='bbox 2078 3742 2338 3816; x_wconf 79' lang='grc' dir='ltr'>ἄντικρυς</span> <span class='ocrx_word' id='word_1_628' title='bbox 2361 3741 2463 3806; x_wconf 87' lang='grc' dir='ltr'>τάς</span> <span class='ocrx_word' id='word_1_629' title='bbox 2486 3740 2874 3811; x_wconf 80' lang='grc' dir='ltr'>ἀντικειμένας</span> <span class='ocrx_word' id='word_1_630' title='bbox 2903 3736 3165 3809; x_wconf 88' lang='grc' dir='ltr'>δυνάμεις</span> <span class='ocrx_word' id='word_1_631' title='bbox 3198 3735 3295 3789; x_wconf 73' lang='grc' dir='ltr'>καὶ</span> <span class='ocrx_word' id='word_1_632' title='bbox 3332 3734 3428 3788; x_wconf 76' lang='grc' dir='ltr'>τὸν</span> <span class='ocrx_word' id='word_1_633' title='bbox 3460 3730 3670 3787; x_wconf 87' lang='grc' dir='ltr'>τούτων</span> 
     </span>
    </p>
   </div>
   <div class='ocr_carea' id='block_1_86' title="bbox 2077 3822 3666 3908">
    <p class='ocr_par' dir='ltr' id='par_1_86' title="bbox 2077 3822 3666 3908">
     <span class='ocr_line' id='line_1_86' title="bbox 2077 3822 3666 3908; baseline -0.031 11"><span class='ocrx_word' id='word_1_634' title='bbox 2077 3835 2314 3908; x_wconf 62' lang='grc' dir='ltr'><strong>ἄρχοντα</strong></span> <span class='ocrx_word' id='word_1_635' title='bbox 2351 3835 2621 3906; x_wconf 73' lang='grc' dir='ltr'><strong>σημήνας.</strong></span> <span class='ocrx_word' id='word_1_636' title='bbox 2654 3833 2764 3888; x_wconf 72' lang='grc' dir='ltr'><strong>Καὶ</strong></span> <span class='ocrx_word' id='word_1_637' title='bbox 2806 3834 2865 3886; x_wconf 80' lang='grc' dir='ltr'><strong>ὲν</strong></span> <span class='ocrx_word' id='word_1_638' title='bbox 2889 3831 3061 3903; x_wconf 72' lang='grc' dir='ltr'>ἑτέρῳ</span> <span class='ocrx_word' id='word_1_639' title='bbox 3092 3830 3151 3884; x_wconf 83' lang='grc' dir='ltr'>δὲ</span> <span class='ocrx_word' id='word_1_640' title='bbox 3178 3827 3395 3901; x_wconf 74' lang='grc' dir='ltr'>εἴρηται</span> <span class='ocrx_word' id='word_1_641' title='bbox 3428 3822 3666 3896; x_wconf 80' lang='grc' dir='ltr'><strong>ψαλμῷ·</strong></span> 
     </span>
    </p>
   </div>
   <div class='ocr_carea' id='block_1_87' title="bbox 2077 3913 3666 3995">
    <p class='ocr_par' dir='ltr' id='par_1_87' title="bbox 2077 3913 3666 3995">
     <span class='ocr_line' id='line_1_87' title="bbox 2077 3913 3666 3995; baseline -0.009 -12"><span class='ocrx_word' id='word_1_642' title='bbox 2077 3927 2164 3983; x_wconf 81' lang='grc' dir='ltr'><strong>Σὺ</strong></span> <span class='ocrx_word' id='word_1_643' title='bbox 2186 3925 2577 3993; x_wconf 81' lang='grc' dir='ltr'>συνέθλασας</span> <span class='ocrx_word' id='word_1_644' title='bbox 2608 3925 2718 3992; x_wconf 78' lang='grc' dir='ltr'>τὰς</span> <span class='ocrx_word' id='word_1_645' title='bbox 2744 3925 3014 3995; x_wconf 61' lang='grc' dir='ltr'>κεφαλὰς</span> <span class='ocrx_word' id='word_1_646' title='bbox 3036 3920 3158 3977; x_wconf 82' lang='grc' dir='ltr'><strong>τῶν</strong></span> <span class='ocrx_word' id='word_1_647' title='bbox 3180 3919 3535 3989; x_wconf 76' lang='grc' dir='ltr'>δρακόντων</span> <span class='ocrx_word' id='word_1_648' title='bbox 3569 3913 3666 3969; x_wconf 74' lang='grc' dir='ltr'><strong>ἐπὶ</strong></span> 
     </span>
    </p>
   </div>
   <div class='ocr_carea' id='block_1_88' title="bbox 2077 4003 3668 4084">
    <p class='ocr_par' dir='ltr' id='par_1_88' title="bbox 2077 4003 3668 4084">
     <span class='ocr_line' id='line_1_88' title="bbox 2077 4003 3668 4084; baseline -0.009 -12"><span class='ocrx_word' id='word_1_649' title='bbox 2077 4018 2184 4073; x_wconf 80' lang='grc' dir='ltr'>τοῦ</span> <span class='ocrx_word' id='word_1_650' title='bbox 2214 4017 2453 4084; x_wconf 73' lang='grc' dir='ltr'>ὕδατος.</span> <span class='ocrx_word' id='word_1_651' title='bbox 2499 4016 2584 4072; x_wconf 87' lang='grc' dir='ltr'><strong>Σὺ</strong></span> <span class='ocrx_word' id='word_1_652' title='bbox 2624 4015 3015 4080; x_wconf 81' lang='grc' dir='ltr'>συνέθλασας</span> <span class='ocrx_word' id='word_1_653' title='bbox 3061 4011 3179 4082; x_wconf 82' lang='grc' dir='ltr'><strong>τὴν</strong></span> <span class='ocrx_word' id='word_1_654' title='bbox 3226 4008 3511 4080; x_wconf 73' lang='grc' dir='ltr'>κεφαλὴν</span> <span class='ocrx_word' id='word_1_655' title='bbox 3561 4003 3668 4060; x_wconf 81' lang='grc' dir='ltr'>τοῦ</span> 
     </span>
    </p>
   </div>
   <div class='ocr_carea' id='block_1_89' title="bbox 2076 4096 3665 4180">
    <p class='ocr_par' dir='ltr' id='par_1_89' title="bbox 2076 4096 3665 4180">
     <span class='ocr_line' id='line_1_89' title="bbox 2076 4096 3665 4180; baseline -0.009 -16"><span class='ocrx_word' id='word_1_656' title='bbox 2076 4109 2426 4180; x_wconf 77' lang='grc' dir='ltr'>δράκοντος,</span> <span class='ocrx_word' id='word_1_657' title='bbox 2455 4108 2684 4175; x_wconf 75' lang='grc' dir='ltr'>ἔδωκας</span> <span class='ocrx_word' id='word_1_658' title='bbox 2707 4106 2896 4162; x_wconf 81' lang='grc' dir='ltr'>αὐτὸν</span> <span class='ocrx_word' id='word_1_659' title='bbox 2931 4103 3147 4174; x_wconf 77' lang='grc' dir='ltr'>,βρῶμα</span> <span class='ocrx_word' id='word_1_660' title='bbox 3179 4101 3354 4168; x_wconf 86' lang='grc' dir='ltr'>λαοῖς</span> <span class='ocrx_word' id='word_1_661' title='bbox 3395 4099 3527 4166; x_wconf 80' lang='grc' dir='ltr'>τοῖς</span> <span class='ocrx_word' id='word_1_662' title='bbox 3568 4096 3665 4152; x_wconf 78' lang='grc' dir='ltr'><strong>Αί-</strong></span> 
     </span>
    </p>
   </div>
   <div class='ocr_carea' id='block_1_90' title="bbox 2077 4188 3666 4272">
    <p class='ocr_par' dir='ltr' id='par_1_90' title="bbox 2077 4188 3666 4272">
     <span class='ocr_line' id='line_1_90' title="bbox 2077 4188 3666 4272; baseline -0.009 -14"><span class='ocrx_word' id='word_1_663' title='bbox 2077 4202 2278 4272; x_wconf 70' lang='grc' dir='ltr'>θίοψιο</span> <span class='ocrx_word' id='word_1_664' title='bbox 2330 4202 2425 4256; x_wconf 74' lang='grc' dir='ltr'><strong>καὶ</strong></span> <span class='ocrx_word' id='word_1_665' title='bbox 2471 4203 2530 4255; x_wconf 73' lang='grc' dir='ltr'><strong>ἐν</strong></span> <span class='ocrx_word' id='word_1_666' title='bbox 2582 4200 2661 4272; x_wconf 83' lang='grc' dir='ltr'>τῷ</span> <span class='ocrx_word' id='word_1_667' title='bbox 2699 4197 2849 4253; x_wconf 77' lang='grc' dir='ltr'>Ἰώδο</span> <span class='ocrx_word' id='word_1_668' title='bbox 2900 4197 3092 4264; x_wconf 59' lang='lat' dir='ltr'><strong>&quot;Asan;</strong></span> <span class='ocrx_word' id='word_1_669' title='bbox 3130 4194 3201 4249; x_wconf 77' lang='grc' dir='ltr'>δὲ</span> <span class='ocrx_word' id='word_1_670' title='bbox 3247 4192 3555 4263; x_wconf 79' lang='grc' dir='ltr'>δράκοντα</span> <span class='ocrx_word' id='word_1_671' title='bbox 3598 4188 3666 4242; x_wconf 72' lang='grc' dir='ltr'><strong>ἑν</strong></span> 
     </span>
    </p>
   </div>
   <div class='ocr_carea' id='block_1_91' title="bbox 2076 4281 3663 4363">
    <p class='ocr_par' dir='ltr' id='par_1_91' title="bbox 2076 4281 3663 4363">
     <span class='ocr_line' id='line_1_91' title="bbox 2076 4281 3663 4363; baseline -0.008 -16"><span class='ocrx_word' id='word_1_672' title='bbox 2076 4293 2397 4363; x_wconf 75' lang='grc' dir='ltr'><strong>ἀγκίστρῳ,</strong></span> <span class='ocrx_word' id='word_1_673' title='bbox 2426 4291 2774 4362; x_wconf 80' lang='grc' dir='ltr'>περιθήσεις</span> <span class='ocrx_word' id='word_1_674' title='bbox 2810 4288 2880 4343; x_wconf 79' lang='grc' dir='ltr'>δὲ</span> <span class='ocrx_word' id='word_1_675' title='bbox 2905 4289 3199 4360; x_wconf 66' lang='grc' dir='ltr'><strong>φορόαἰαν</strong></span> <span class='ocrx_word' id='word_1_676' title='bbox 3226 4285 3363 4355; x_wconf 71' lang='grc' dir='ltr'>περὶ</span> <span class='ocrx_word' id='word_1_677' title='bbox 3390 4285 3513 4355; x_wconf 80' lang='grc' dir='ltr'><strong>τὴν</strong></span> <span class='ocrx_word' id='word_1_678' title='bbox 3524 4281 3663 4352; x_wconf 70' lang='grc' dir='ltr'><strong>ῥῖνα</strong></span> 
     </span>
    </p>
   </div>
   <div class='ocr_carea' id='block_1_92' title="bbox 2076 4373 3660 4454">
    <p class='ocr_par' dir='ltr' id='par_1_92' title="bbox 2076 4373 3660 4454">
     <span class='ocr_line' id='line_1_92' title="bbox 2076 4373 3660 4454; baseline -0.009 -14"><span class='ocrx_word' id='word_1_679' title='bbox 2076 4384 2295 4450; x_wconf 83' lang='grc' dir='ltr'>αὐτοῦ,</span> <span class='ocrx_word' id='word_1_680' title='bbox 2322 4386 2560 4454; x_wconf 67' lang='grc' dir='ltr'><strong>ψελλίῳ</strong></span> <span class='ocrx_word' id='word_1_681' title='bbox 2610 4382 2680 4437; x_wconf 83' lang='grc' dir='ltr'>δὲ</span> <span class='ocrx_word' id='word_1_682' title='bbox 2720 4381 3049 4452; x_wconf 76' lang='grc' dir='ltr'>τρυπήσεις</span> <span class='ocrx_word' id='word_1_683' title='bbox 3086 4379 3155 4434; x_wconf 85' lang='grc' dir='ltr'>τὸ</span> <span class='ocrx_word' id='word_1_684' title='bbox 3195 4378 3400 4448; x_wconf 81' lang='grc' dir='ltr'><strong>χεῖλος</strong></span> <span class='ocrx_word' id='word_1_685' title='bbox 3449 4373 3660 4432; x_wconf 82' lang='grc' dir='ltr'><strong>αὐτοῦ.</strong></span> 
     </span>
    </p>
   </div>
   <div class='ocr_carea' id='block_1_93' title="bbox 2077 4465 3656 4546">
    <p class='ocr_par' dir='ltr' id='par_1_93' title="bbox 2077 4465 3656 4546">
     <span class='ocr_line' id='line_1_93' title="bbox 2077 4465 3656 4546; baseline -0.004 -14"><span class='ocrx_word' id='word_1_686' title='bbox 2077 4476 2347 4546; x_wconf 86' lang='grc' dir='ltr'>Λαλήσει</span> <span class='ocrx_word' id='word_1_687' title='bbox 2399 4474 2468 4530; x_wconf 83' lang='grc' dir='ltr'>δέ</span> <span class='ocrx_word' id='word_1_688' title='bbox 2503 4493 2603 4531; x_wconf 86' lang='grc' dir='ltr'><strong>σοι</strong></span> <span class='ocrx_word' id='word_1_689' title='bbox 2641 4473 2847 4542; x_wconf 82' lang='grc' dir='ltr'>δεήσει</span> <span class='ocrx_word' id='word_1_690' title='bbox 2896 4473 2998 4528; x_wconf 78' lang='grc' dir='ltr'><strong>καί</strong></span> <span class='ocrx_word' id='word_1_691' title='bbox 3045 4471 3309 4540; x_wconf 72' lang='grc' dir='ltr'>ἱκετηρία</span> <span class='ocrx_word' id='word_1_692' title='bbox 3350 4465 3656 4540; x_wconf 76' lang='grc' dir='ltr'><strong>μαλακῶς.</strong></span> 
     </span>
    </p>
   </div>
   <div class='ocr_carea' id='block_1_94' title="bbox 2075 4560 3661 4640">
    <p class='ocr_par' dir='ltr' id='par_1_94' title="bbox 2075 4560 3661 4640">
     <span class='ocr_line' id='line_1_94' title="bbox 2075 4560 3661 4640; baseline -0.008 -17"><span class='ocrx_word' id='word_1_693' title='bbox 2075 4568 2250 4640; x_wconf 69' lang='grc' dir='ltr'><strong>λήψῃ</strong></span> <span class='ocrx_word' id='word_1_694' title='bbox 2293 4568 2364 4623; x_wconf 75' lang='grc' dir='ltr'>δὲ</span> <span class='ocrx_word' id='word_1_695' title='bbox 2411 4567 2603 4624; x_wconf 80' lang='grc' dir='ltr'>αὑτὸν</span> <span class='ocrx_word' id='word_1_696' title='bbox 2650 4567 2880 4624; x_wconf 83' lang='grc' dir='ltr'><em>δοῦλον</em></span> <span class='ocrx_word' id='word_1_697' title='bbox 2922 4565 3185 4620; x_wconf 74' lang='grc' dir='ltr'>αἰώνιον.</span> <span class='ocrx_word' id='word_1_698' title='bbox 3242 4563 3355 4619; x_wconf 77' lang='grc' dir='ltr'><strong>Καὶ</strong></span> <span class='ocrx_word' id='word_1_699' title='bbox 3396 4560 3531 4633; x_wconf 75' lang='grc' dir='ltr'><strong>ἑξῆς</strong></span> <span class='ocrx_word' id='word_1_700' title='bbox 3566 4562 3661 4614; x_wconf 67' lang='lat' dir='ltr'><strong>en-</strong></span> 
     </span>
    </p>
   </div>
   <div class='ocr_carea' id='block_1_95' title="bbox 409 4637 1973 4729">
    <p class='ocr_par' dir='ltr' id='par_1_95' title="bbox 409 4637 1971 4718">
     <span class='ocr_line' id='line_1_95' title="bbox 409 4637 1971 4718; baseline 0.009 -29"><span class='ocrx_word' id='word_1_701' title='bbox 409 4643 475 4690; x_wconf 67' lang='lat' dir='ltr'><strong>&#39;at</strong></span> <span class='ocrx_word' id='word_1_702' title='bbox 506 4645 692 4706; x_wconf 70' lang='lat' dir='ltr'><strong>postea</strong></span> <span class='ocrx_word' id='word_1_703' title='bbox 725 4637 979 4694; x_wconf 90' lang='lat' dir='ltr'><strong>eumdem</strong></span> <span class='ocrx_word' id='word_1_704' title='bbox 1021 4641 1200 4710; x_wconf 89' lang='lat' dir='ltr'><strong>ipsum</strong></span> <span class='ocrx_word' id='word_1_705' title='bbox 1241 4651 1543 4699; x_wconf 87' lang='lat' dir='ltr'><strong>memorato</strong></span> <span class='ocrx_word' id='word_1_706' title='bbox 1574 4645 1711 4700; x_wconf 88' lang='lat' dir='ltr'><strong>mari</strong></span> <span class='ocrx_word' id='word_1_707' title='bbox 1738 4647 1971 4718; x_wconf 75' lang='lat' dir='ltr'><strong>impera—-</strong></span> 
     </span>
    </p>
   </div>
   <div class='ocr_carea' id='block_1_96' title="bbox 2075 4637 3657 4729">
    <p class='ocr_par' dir='ltr' id='par_1_96' title="bbox 2075 4637 3657 4729">
     <span class='ocr_line' id='line_1_96' title="bbox 2075 4637 3657 4729; baseline -0.006 -16"><span class='ocrx_word' id='word_1_708' title='bbox 2075 4637 2244 4729; x_wconf 49' lang='grc' dir='ltr'>άγειί</span> <span class='ocrx_word' id='word_1_709' title='bbox 2281 4659 2469 4727; x_wconf 80' lang='grc' dir='ltr'>Αὐτὸς</span> <span class='ocrx_word' id='word_1_710' title='bbox 2521 4657 2591 4714; x_wconf 78' lang='grc' dir='ltr'>δέ</span> <span class='ocrx_word' id='word_1_711' title='bbox 2621 4659 2754 4713; x_wconf 86' lang='grc' dir='ltr'>ἐστι</span> <span class='ocrx_word' id='word_1_712' title='bbox 2790 4656 3093 4723; x_wconf 59' lang='grc' dir='ltr'>,βασιλεὺς</span> <span class='ocrx_word' id='word_1_713' title='bbox 3124 4655 3369 4710; x_wconf 78' lang='grc' dir='ltr'>πάντων</span> <span class='ocrx_word' id='word_1_714' title='bbox 3427 4653 3552 4707; x_wconf 63' lang='grc' dir='ltr'><strong>⁴τῶν</strong></span> <span class='ocrx_word' id='word_1_715' title='bbox 3588 4649 3657 4702; x_wconf 72' lang='grc' dir='ltr'><strong>ἐν</strong></span> 
     </span>
    </p>
   </div>
   <div class='ocr_carea' id='block_1_97' title="bbox 397 4730 1973 4808">
    <p class='ocr_par' dir='ltr' id='par_1_97' title="bbox 397 4730 1973 4808">
     <span class='ocr_line' id='line_1_97' title="bbox 397 4730 1973 4808; baseline 0.01 -28"><span class='ocrx_word' id='word_1_716' title='bbox 397 4743 598 4794; x_wconf 88' lang='lat' dir='ltr'><strong>.urum,</strong></span> <span class='ocrx_word' id='word_1_717' title='bbox 636 4730 984 4785; x_wconf 80' lang='lat' dir='ltr'><strong>vulneratum</strong></span> <span class='ocrx_word' id='word_1_718' title='bbox 1009 4732 1161 4787; x_wconf 89' lang='lat' dir='ltr'><strong>illum</strong></span> <span class='ocrx_word' id='word_1_719' title='bbox 1203 4734 1259 4788; x_wconf 91' lang='lat' dir='ltr'><strong>in</strong></span> <span class='ocrx_word' id='word_1_720' title='bbox 1300 4735 1441 4789; x_wconf 88' lang='lat' dir='ltr'><strong>mari</strong></span> <span class='ocrx_word' id='word_1_721' title='bbox 1467 4734 1757 4808; x_wconf 77' lang='lat' dir='ltr'><strong>degentem</strong></span> <span class='ocrx_word' id='word_1_722' title='bbox 1791 4739 1973 4796; x_wconf 85' lang='lat' dir='ltr'><strong>humi-</strong></span> 
     </span>
    </p>
   </div>
   <div class='ocr_carea' id='block_1_98' title="bbox 393 4818 1974 4892">
    <p class='ocr_par' dir='ltr' id='par_1_98' title="bbox 393 4818 1974 4892">
     <span class='ocr_line' id='line_1_98' title="bbox 393 4818 1974 4892; baseline 0.012 -21"><span class='ocrx_word' id='word_1_723' title='bbox 393 4818 670 4883; x_wconf 86' lang='lat' dir='ltr'><strong>tiaturum,</strong></span> <span class='ocrx_word' id='word_1_724' title='bbox 701 4837 1003 4892; x_wconf 84' lang='lat' dir='ltr'><strong>omnesque</strong></span> <span class='ocrx_word' id='word_1_725' title='bbox 1038 4823 1294 4880; x_wconf 88' lang='lat' dir='ltr'><strong>inimicos</strong></span> <span class='ocrx_word' id='word_1_726' title='bbox 1322 4841 1455 4884; x_wconf 89' lang='lat' dir='ltr'><strong>suos</strong></span> <span class='ocrx_word' id='word_1_727' title='bbox 1504 4827 1560 4883; x_wconf 89' lang='lat' dir='ltr'><strong>in</strong></span> <span class='ocrx_word' id='word_1_728' title='bbox 1608 4828 1835 4887; x_wconf 84' lang='lat' dir='ltr'><strong>brachio</strong></span> <span class='ocrx_word' id='word_1_729' title='bbox 1859 4835 1974 4889; x_wconf 53' lang='lat' dir='ltr'><strong>vir.</strong></span> 
     </span>
    </p>
   </div>
   <div class='ocr_carea' id='block_1_99' title="bbox 391 4911 1973 4990">
    <p class='ocr_par' dir='ltr' id='par_1_99' title="bbox 391 4911 1973 4990">
     <span class='ocr_line' id='line_1_99' title="bbox 391 4911 1973 4990; baseline 0.01 -23"><span class='ocrx_word' id='word_1_730' title='bbox 391 4911 524 4967; x_wconf 90' lang='lat' dir='ltr'><strong>tutis</strong></span> <span class='ocrx_word' id='word_1_731' title='bbox 553 4928 667 4969; x_wconf 66' lang='lat' dir='ltr'><strong>sua:</strong></span> <span class='ocrx_word' id='word_1_732' title='bbox 689 4912 1085 4987; x_wconf 88' lang='lat' dir='ltr'><strong>dissipaturum</strong></span> <span class='ocrx_word' id='word_1_733' title='bbox 1115 4931 1262 4973; x_wconf 85' lang='lat' dir='ltr'><strong>esse.</strong></span> <span class='ocrx_word' id='word_1_734' title='bbox 1299 4916 1425 4974; x_wconf 76' lang='lat' dir='ltr'><strong>Haec</strong></span> <span class='ocrx_word' id='word_1_735' title='bbox 1459 4935 1626 4990; x_wconf 82' lang='lat' dir='ltr'><strong>porto</strong></span> <span class='ocrx_word' id='word_1_736' title='bbox 1655 4927 1973 4983; x_wconf 87' lang='lat' dir='ltr'><strong>necessario</strong></span> 
     </span>
    </p>
   </div>
   <div class='ocr_carea' id='block_1_100' title="bbox 389 5003 1975 5085">
    <p class='ocr_par' dir='ltr' id='par_1_100' title="bbox 389 5003 1975 5085">
     <span class='ocr_line' id='line_1_100' title="bbox 389 5003 1975 5085; baseline 0.009 -25"><span class='ocrx_word' id='word_1_737' title='bbox 389 5003 526 5060; x_wconf 85' lang='lat' dir='ltr'><strong>dicit</strong></span> <span class='ocrx_word' id='word_1_738' title='bbox 559 5023 572 5060; x_wconf 93' lang='lat'><strong>:</strong></span> <span class='ocrx_word' id='word_1_739' title='bbox 610 5020 736 5063; x_wconf 83' lang='lat' dir='ltr'><strong>nam</strong></span> <span class='ocrx_word' id='word_1_740' title='bbox 786 5007 868 5062; x_wconf 88' lang='lat' dir='ltr'><strong>sic</strong></span> <span class='ocrx_word' id='word_1_741' title='bbox 914 5015 1074 5062; x_wconf 86' lang='lat' dir='ltr'><strong>antea</strong></span> <span class='ocrx_word' id='word_1_742' title='bbox 1103 5007 1342 5077; x_wconf 87' lang='lat' dir='ltr'><strong>locutus,</strong></span> <span class='ocrx_word' id='word_1_743' title='bbox 1377 5009 1574 5068; x_wconf 86' lang='lat' dir='ltr'><strong>Potens</strong></span> <span class='ocrx_word' id='word_1_744' title='bbox 1619 5031 1697 5077; x_wconf 87' lang='lat' dir='ltr'><strong>es,</strong></span> <span class='ocrx_word' id='word_1_745' title='bbox 1728 5015 1975 5085; x_wconf 87' lang='lat' dir='ltr'><strong>Domine,</strong></span> 
     </span>
    </p>
   </div>
   <div class='ocr_carea' id='block_1_101' title="bbox 390 5097 1979 5171">
    <p class='ocr_par' dir='ltr' id='par_1_101' title="bbox 390 5097 1979 5171">
     <span class='ocr_line' id='line_1_101' title="bbox 390 5097 1979 5171; baseline 0.008 -20"><span class='ocrx_word' id='word_1_746' title='bbox 390 5105 441 5151; x_wconf 89' lang='lat' dir='ltr'><strong>et</strong></span> <span class='ocrx_word' id='word_1_747' title='bbox 475 5097 670 5153; x_wconf 79' lang='lat' dir='ltr'><strong>veritas</strong></span> <span class='ocrx_word' id='word_1_748' title='bbox 701 5106 794 5151; x_wconf 89' lang='lat' dir='ltr'><strong>tua</strong></span> <span class='ocrx_word' id='word_1_749' title='bbox 825 5097 881 5152; x_wconf 87' lang='lat' dir='ltr'><strong>in</strong></span> <span class='ocrx_word' id='word_1_750' title='bbox 922 5097 1149 5152; x_wconf 80' lang='lat' dir='ltr'><strong>circuitu</strong></span> <span class='ocrx_word' id='word_1_751' title='bbox 1189 5109 1281 5153; x_wconf 85' lang='lat' dir='ltr'><strong>tuo</strong></span> <span class='ocrx_word' id='word_1_752' title='bbox 1301 5142 1318 5167; x_wconf 95' lang='lat'><strong>,</strong></span> <span class='ocrx_word' id='word_1_753' title='bbox 1343 5101 1456 5171; x_wconf 84' lang='lat' dir='ltr'><strong>jam</strong></span> <span class='ocrx_word' id='word_1_754' title='bbox 1493 5102 1560 5157; x_wconf 89' lang='lat' dir='ltr'><strong>ad</strong></span> <span class='ocrx_word' id='word_1_755' title='bbox 1593 5104 1728 5160; x_wconf 89' lang='lat' dir='ltr'><strong>dicti</strong></span> <span class='ocrx_word' id='word_1_756' title='bbox 1772 5110 1979 5164; x_wconf 84' lang='lat' dir='ltr'><strong>verita-</strong></span> 
     </span>
    </p>
   </div>
   <div class='ocr_carea' id='block_1_102' title="bbox 395 5188 1976 5268">
    <p class='ocr_par' dir='ltr' id='par_1_102' title="bbox 395 5188 1976 5268">
     <span class='ocr_line' id='line_1_102' title="bbox 395 5188 1976 5268; baseline 0.01 -25"><span class='ocrx_word' id='word_1_757' title='bbox 395 5197 502 5244; x_wconf 91' lang='lat' dir='ltr'><strong>tem</strong></span> <span class='ocrx_word' id='word_1_758' title='bbox 556 5188 1045 5261; x_wconf 84' lang='lat' dir='ltr'><strong>comprobandam,</strong></span> <span class='ocrx_word' id='word_1_759' title='bbox 1083 5190 1203 5261; x_wconf 89' lang='lat' dir='ltr'><strong>ipsa</strong></span> <span class='ocrx_word' id='word_1_760' title='bbox 1257 5207 1316 5248; x_wconf 89' lang='lat' dir='ltr'><strong>re</strong></span> <span class='ocrx_word' id='word_1_761' title='bbox 1362 5192 1590 5251; x_wconf 84' lang='lat' dir='ltr'><strong>denotat</strong></span> <span class='ocrx_word' id='word_1_762' title='bbox 1621 5213 1729 5268; x_wconf 89' lang='lat' dir='ltr'><strong>qua</strong></span> <span class='ocrx_word' id='word_1_763' title='bbox 1760 5203 1976 5260; x_wconf 71' lang='lat' dir='ltr'><strong>ratione</strong></span> 
     </span>
    </p>
   </div>
   <div class='ocr_carea' id='block_1_103' title="bbox 397 5279 1974 5356">
    <p class='ocr_par' dir='ltr' id='par_1_103' title="bbox 397 5279 1974 5356">
     <span class='ocr_line' id='line_1_103' title="bbox 397 5279 1974 5356; baseline 0.01 -20"><span class='ocrx_word' id='word_1_764' title='bbox 397 5279 660 5339; x_wconf 84' lang='lat' dir='ltr'><strong>Dominus</strong></span> <span class='ocrx_word' id='word_1_765' title='bbox 693 5290 890 5354; x_wconf 86' lang='lat' dir='ltr'><strong>potens</strong></span> <span class='ocrx_word' id='word_1_766' title='bbox 916 5284 1023 5350; x_wconf 89' lang='lat' dir='ltr'><strong>sit,</strong></span> <span class='ocrx_word' id='word_1_767' title='bbox 1055 5292 1115 5339; x_wconf 89' lang='lat' dir='ltr'><strong>ut</strong></span> <span class='ocrx_word' id='word_1_768' title='bbox 1141 5283 1271 5339; x_wconf 80' lang='lat' dir='ltr'><strong>hinc</strong></span> <span class='ocrx_word' id='word_1_769' title='bbox 1306 5288 1577 5356; x_wconf 88' lang='lat' dir='ltr'><strong>promissa</strong></span> <span class='ocrx_word' id='word_1_770' title='bbox 1609 5289 1799 5349; x_wconf 76' lang='lat' dir='ltr'><strong>Davidi</strong></span> <span class='ocrx_word' id='word_1_771' title='bbox 1831 5295 1974 5352; x_wconf 82' lang='lat' dir='ltr'><strong>facta</strong></span> 
     </span>
    </p>
   </div>
   <div class='ocr_carea' id='block_1_104' title="bbox 391 5375 975 5437">
    <p class='ocr_par' dir='ltr' id='par_1_104' title="bbox 391 5375 975 5437">
     <span class='ocr_line' id='line_1_104' title="bbox 391 5375 975 5437; baseline 0 -7"><span class='ocrx_word' id='word_1_772' title='bbox 391 5390 520 5437; x_wconf 60' lang='lat' dir='ltr'><strong>vera</strong></span> <span class='ocrx_word' id='word_1_773' title='bbox 557 5390 683 5432; x_wconf 88' lang='lat' dir='ltr'><strong>esse</strong></span> <span class='ocrx_word' id='word_1_774' title='bbox 710 5375 975 5432; x_wconf 84' lang='lat' dir='ltr'><strong>declaret.</strong></span> 
     </span>
    </p>
   </div>
   <div class='ocr_carea' id='block_1_105' title="bbox 2079 4737 3655 4823">
    <p class='ocr_par' dir='ltr' id='par_1_105' title="bbox 2079 4737 3655 4823">
     <span class='ocr_line' id='line_1_105' title="bbox 2079 4737 3655 4823; baseline -0.004 -20"><span class='ocrx_word' id='word_1_775' title='bbox 2079 4748 2205 4817; x_wconf 76' lang='grc' dir='ltr'>τοῖς</span> <span class='ocrx_word' id='word_1_776' title='bbox 2244 4748 2448 4805; x_wconf 81' lang='grc' dir='ltr'>ὕδασι.</span> <span class='ocrx_word' id='word_1_777' title='bbox 2474 4748 2634 4804; x_wconf 75' lang='grc' dir='ltr'><strong>Κατά</strong></span> <span class='ocrx_word' id='word_1_778' title='bbox 2654 4749 2716 4803; x_wconf 78' lang='grc' dir='ltr'>τὸ</span> <span class='ocrx_word' id='word_1_779' title='bbox 2741 4749 2874 4803; x_wconf 79' lang='grc' dir='ltr'><strong>αὐτὸ</strong></span> <span class='ocrx_word' id='word_1_780' title='bbox 2906 4747 3121 4823; x_wconf 78' lang='grc' dir='ltr'>εἴρηται</span> <span class='ocrx_word' id='word_1_781' title='bbox 3170 4746 3301 4819; x_wconf 76' lang='grc' dir='ltr'>περὶ</span> <span class='ocrx_word' id='word_1_782' title='bbox 3348 4745 3445 4801; x_wconf 79' lang='grc' dir='ltr'>τοῦ</span> <span class='ocrx_word' id='word_1_783' title='bbox 3492 4737 3655 4799; x_wconf 71' lang='grc' dir='ltr'><strong>αὒωῦ</strong></span> 
     </span>
    </p>
   </div>
   <div class='ocr_carea' id='block_1_106' title="bbox 2075 4833 3649 4914">
    <p class='ocr_par' dir='ltr' id='par_1_106' title="bbox 2075 4833 3649 4914">
     <span class='ocr_line' id='line_1_106' title="bbox 2075 4833 3649 4914; baseline -0.003 -20"><span class='ocrx_word' id='word_1_784' title='bbox 2075 4838 2369 4912; x_wconf 87' lang='grc' dir='ltr'>δράκοντος</span> <span class='ocrx_word' id='word_1_785' title='bbox 2398 4843 2464 4896; x_wconf 82' lang='grc' dir='ltr'>ὲκ</span> <span class='ocrx_word' id='word_1_786' title='bbox 2490 4840 2785 4914; x_wconf 81' lang='grc' dir='ltr'>προσώπου</span> <span class='ocrx_word' id='word_1_787' title='bbox 2828 4839 2925 4895; x_wconf 80' lang='grc' dir='ltr'>τοῦ</span> <span class='ocrx_word' id='word_1_788' title='bbox 2958 4840 3161 4913; x_wconf 81' lang='grc' dir='ltr'>Κυρίου</span> <span class='ocrx_word' id='word_1_789' title='bbox 3188 4840 3330 4913; x_wconf 81' lang='grc' dir='ltr'>πρὸς</span> <span class='ocrx_word' id='word_1_790' title='bbox 3368 4838 3461 4894; x_wconf 76' lang='grc' dir='ltr'>τὸν</span> <span class='ocrx_word' id='word_1_791' title='bbox 3504 4833 3649 4892; x_wconf 70' lang='grc' dir='ltr'><strong>Ἰὼϐ*</strong></span> 
     </span>
    </p>
   </div>
   <div class='ocr_carea' id='block_1_107' title="bbox 2080 4923 3667 5004">
    <p class='ocr_par' dir='ltr' id='par_1_107' title="bbox 2080 4923 3667 5004">
     <span class='ocr_line' id='line_1_107' title="bbox 2080 4923 3667 5004; baseline -0.004 -15"><span class='ocrx_word' id='word_1_792' title='bbox 2080 4935 2163 4989; x_wconf 86' lang='grc' dir='ltr'><strong>οὐ</strong></span> <span class='ocrx_word' id='word_1_793' title='bbox 2192 4933 2501 5002; x_wconf 76' lang='grc' dir='ltr'>δέδοικας.</span> <span class='ocrx_word' id='word_1_794' title='bbox 2549 4934 2639 4989; x_wconf 85' lang='grc' dir='ltr'>ὅτι</span> <span class='ocrx_word' id='word_1_795' title='bbox 2677 4934 3036 5004; x_wconf 73' lang='grc' dir='ltr'>ἡτοίμασται</span> <span class='ocrx_word' id='word_1_796' title='bbox 3072 4948 3174 5004; x_wconf 86' lang='grc' dir='ltr'>μοι</span> <span class='ocrx_word' id='word_1_797' title='bbox 3215 4933 3288 4988; x_wconf 81' lang='grc' dir='ltr'>τὰ</span> <span class='ocrx_word' id='word_1_798' title='bbox 3332 4930 3522 5003; x_wconf 77' lang='grc' dir='ltr'><strong>χοῦν;</strong></span> <span class='ocrx_word' id='word_1_799' title='bbox 3564 4923 3667 4982; x_wconf 78' lang='grc' dir='ltr'><strong>καὶ.</strong></span> 
     </span>
    </p>
   </div>
   <div class='ocr_carea' id='block_1_108' title="bbox 2073 5025 3647 5100">
    <p class='ocr_par' dir='ltr' id='par_1_108' title="bbox 2073 5025 3647 5100">
     <span class='ocr_line' id='line_1_108' title="bbox 2073 5025 3647 5100; baseline -0.004 -20"><span class='ocrx_word' id='word_1_800' title='bbox 2073 5025 2163 5080; x_wconf 88' lang='grc' dir='ltr'><strong>διά</strong></span> <span class='ocrx_word' id='word_1_801' title='bbox 2181 5026 2293 5081; x_wconf 85' lang='grc' dir='ltr'><strong>τῶν</strong></span> <span class='ocrx_word' id='word_1_802' title='bbox 2317 5026 2695 5100; x_wconf 83' lang='grc' dir='ltr'>προκειμένων</span> <span class='ocrx_word' id='word_1_803' title='bbox 2717 5027 3031 5096; x_wconf 82' lang='grc' dir='ltr'>ἀναγκαίως</span> <span class='ocrx_word' id='word_1_804' title='bbox 3056 5025 3261 5079; x_wconf 81' lang='grc' dir='ltr'>τούτων</span> <span class='ocrx_word' id='word_1_805' title='bbox 3284 5025 3647 5097; x_wconf 72' lang='grc' dir='ltr'>ἐμνημόνευσε</span> 
     </span>
    </p>
   </div>
   <div class='ocr_carea' id='block_1_109' title="bbox 2074 5109 3645 5191">
    <p class='ocr_par' dir='ltr' id='par_1_109' title="bbox 2074 5109 3645 5191">
     <span class='ocr_line' id='line_1_109' title="bbox 2074 5109 3645 5191; baseline -0.003 -18"><span class='ocrx_word' id='word_1_806' title='bbox 2074 5118 2136 5173; x_wconf 78' lang='grc' dir='ltr'>τὸ</span> <span class='ocrx_word' id='word_1_807' title='bbox 2160 5117 2307 5173; x_wconf 84' lang='grc' dir='ltr'><strong>θεῖον</strong></span> <span class='ocrx_word' id='word_1_808' title='bbox 2338 5118 2589 5191; x_wconf 76' lang='grc' dir='ltr'>Πνεῦμα,</span> <span class='ocrx_word' id='word_1_809' title='bbox 2618 5118 2869 5172; x_wconf 81' lang='grc' dir='ltr'>διδάσκον</span> <span class='ocrx_word' id='word_1_810' title='bbox 2907 5116 3002 5170; x_wconf 83' lang='grc' dir='ltr'>τοῦ</span> <span class='ocrx_word' id='word_1_811' title='bbox 3036 5117 3373 5185; x_wconf 76' lang='grc' dir='ltr'><strong>Μονογενοῦς</strong></span> <span class='ocrx_word' id='word_1_812' title='bbox 3397 5114 3493 5170; x_wconf 80' lang='grc' dir='ltr'>τοῦ</span> <span class='ocrx_word' id='word_1_813' title='bbox 3518 5109 3645 5169; x_wconf 75' lang='grc' dir='ltr'>0εοῦ</span> 
     </span>
    </p>
   </div>
   <div class='ocr_carea' id='block_1_110' title="bbox 2074 5205 3648 5283">
    <p class='ocr_par' dir='ltr' id='par_1_110' title="bbox 2074 5205 3648 5283">
     <span class='ocr_line' id='line_1_110' title="bbox 2074 5205 3648 5283; baseline -0.004 -19"><span class='ocrx_word' id='word_1_814' title='bbox 2074 5209 2173 5282; x_wconf 79' lang='grc' dir='ltr'><strong>τήν</strong></span> <span class='ocrx_word' id='word_1_815' title='bbox 2198 5210 2360 5283; x_wconf 79' lang='grc' dir='ltr'>μέχρι</span> <span class='ocrx_word' id='word_1_816' title='bbox 2388 5212 2488 5283; x_wconf 85' lang='grc' dir='ltr'>τῆς</span> <span class='ocrx_word' id='word_1_817' title='bbox 2508 5210 2844 5281; x_wconf 86' lang='grc' dir='ltr'>δηλωθείσης</span> <span class='ocrx_word' id='word_1_818' title='bbox 2868 5210 3146 5278; x_wconf 77' lang='grc' dir='ltr'><strong>θαλάσσης</strong></span> <span class='ocrx_word' id='word_1_819' title='bbox 3161 5208 3406 5263; x_wconf 85' lang='grc' dir='ltr'>κάθοδον.</span> <span class='ocrx_word' id='word_1_820' title='bbox 3421 5205 3648 5277; x_wconf 82' lang='grc' dir='ltr'>Προθεο-</span> 
     </span>
    </p>
   </div>
   <div class='ocr_carea' id='block_1_111' title="bbox 2072 5292 3646 5372">
    <p class='ocr_par' dir='ltr' id='par_1_111' title="bbox 2072 5292 3646 5372">
     <span class='ocr_line' id='line_1_111' title="bbox 2072 5292 3646 5372; baseline -0.002 -20"><span class='ocrx_word' id='word_1_821' title='bbox 2072 5298 2309 5372; x_wconf 83' lang='grc' dir='ltr'>λογήσας</span> <span class='ocrx_word' id='word_1_822' title='bbox 2324 5298 2456 5370; x_wconf 79' lang='grc' dir='ltr'>γοῦν</span> <span class='ocrx_word' id='word_1_823' title='bbox 2487 5300 2782 5362; x_wconf 80' lang='grc' dir='ltr'>αὐτὸν,καὶ</span> <span class='ocrx_word' id='word_1_824' title='bbox 2809 5300 2908 5371; x_wconf 83' lang='grc' dir='ltr'>τὴν</span> <span class='ocrx_word' id='word_1_825' title='bbox 2934 5299 3157 5371; x_wconf 83' lang='grc' dir='ltr'>πρώτην</span> <span class='ocrx_word' id='word_1_826' title='bbox 3190 5296 3358 5352; x_wconf 75' lang='grc' dir='ltr'>αὐτοῦ</span> <span class='ocrx_word' id='word_1_827' title='bbox 3374 5292 3646 5369; x_wconf 76' lang='grc' dir='ltr'>διατρισὴν</span> 
     </span>
    </p>
   </div>
   <div class='ocr_carea' id='block_1_112' title="bbox 2071 5386 3644 5462">
    <p class='ocr_par' dir='ltr' id='par_1_112' title="bbox 2071 5386 3644 5462">
     <span class='ocr_line' id='line_1_112' title="bbox 2071 5386 3644 5462; baseline -0.004 -17"><span class='ocrx_word' id='word_1_828' title='bbox 2071 5390 2172 5462; x_wconf 78' lang='grc' dir='ltr'><strong>τὴν</strong></span> <span class='ocrx_word' id='word_1_829' title='bbox 2193 5391 2253 5444; x_wconf 80' lang='grc' dir='ltr'>ὲν</span> <span class='ocrx_word' id='word_1_830' title='bbox 2274 5394 2388 5455; x_wconf 87' lang='grc' dir='ltr'>τοῖς</span> <span class='ocrx_word' id='word_1_831' title='bbox 2412 5391 2589 5461; x_wconf 75' lang='grc' dir='ltr'>ἁγίοις</span> <span class='ocrx_word' id='word_1_832' title='bbox 2616 5390 2808 5456; x_wconf 76' lang='grc' dir='ltr'>εἰπὼν,</span> <span class='ocrx_word' id='word_1_833' title='bbox 2826 5391 2912 5456; x_wconf 87' lang='grc' dir='ltr'><strong>τίς</strong></span> <span class='ocrx_word' id='word_1_834' title='bbox 2937 5391 2999 5444; x_wconf 81' lang='grc' dir='ltr'><strong>τέ</strong></span> <span class='ocrx_word' id='word_1_835' title='bbox 3035 5394 3175 5452; x_wconf 72' lang='grc' dir='ltr'>ἐστι,</span> <span class='ocrx_word' id='word_1_836' title='bbox 3199 5392 3296 5444; x_wconf 77' lang='grc' dir='ltr'><strong>καὶ</strong></span> <span class='ocrx_word' id='word_1_837' title='bbox 3324 5386 3644 5462; x_wconf 73' lang='grc' dir='ltr'>μεθ’ὁποίων</span> 
     </span>
    </p>
   </div>
   <div class='ocr_carea' id='block_1_113' title="bbox 390 5464 3643 5556">
    <p class='ocr_par' dir='ltr' id='par_1_113' title="bbox 390 5464 3643 5556">
     <span class='ocr_line' id='line_1_113' title="bbox 390 5464 3643 5556; baseline 0.009 -35"><span class='ocrx_word' id='word_1_838' title='bbox 390 5467 485 5522; x_wconf 80' lang='grc' dir='ltr'><strong>καί</strong></span> <span class='ocrx_word' id='word_1_839' title='bbox 501 5469 561 5524; x_wconf 76' lang='grc' dir='ltr'><strong>ὲν</strong></span> <span class='ocrx_word' id='word_1_840' title='bbox 579 5468 755 5533; x_wconf 81' lang='grc' dir='ltr'>ποίοις</span> <span class='ocrx_word' id='word_1_841' title='bbox 776 5470 1022 5541; x_wconf 75' lang='grc' dir='ltr'>πρόεισιν</span> <span class='ocrx_word' id='word_1_842' title='bbox 1039 5473 1081 5536; x_wconf 74' lang='grc'>⁸,</span> <span class='ocrx_word' id='word_1_843' title='bbox 1104 5468 1230 5542; x_wconf 78' lang='grc' dir='ltr'><strong>ἑξῆς</strong></span> <span class='ocrx_word' id='word_1_844' title='bbox 1250 5472 1345 5526; x_wconf 78' lang='grc' dir='ltr'>καὶ</span> <span class='ocrx_word' id='word_1_845' title='bbox 1367 5473 1720 5547; x_wconf 82' lang='grc' dir='ltr'>παρίστησιν,</span> <span class='ocrx_word' id='word_1_846' title='bbox 1737 5478 1819 5534; x_wconf 78' lang='grc' dir='ltr'>ὅτι</span> <span class='ocrx_word' id='word_1_847' title='bbox 1839 5480 1905 5552; x_wconf 75' lang='grc' dir='ltr'>δὴ</span> <span class='ocrx_word' id='word_1_848' title='bbox 1922 5483 2085 5547; x_wconf 78' lang='grc' dir='ltr'>αὐτὸς</span> <span class='ocrx_word' id='word_1_849' title='bbox 2105 5484 2313 5549; x_wconf 71' lang='grc' dir='ltr'>ἐκεῖνος</span> <span class='ocrx_word' id='word_1_850' title='bbox 2334 5484 2540 5556; x_wconf 75' lang='grc' dir='ltr'>καὶτῆς</span> <span class='ocrx_word' id='word_1_851' title='bbox 2560 5483 2895 5556; x_wconf 76' lang='grc' dir='ltr'>δηλωθείσης</span> <span class='ocrx_word' id='word_1_852' title='bbox 2921 5485 3053 5553; x_wconf 72' lang='grc' dir='ltr'><strong>ἡμῖν</strong></span> <span class='ocrx_word' id='word_1_853' title='bbox 3078 5481 3355 5553; x_wconf 73' lang='grc' dir='ltr'><strong>θαλάσσης</strong></span> <span class='ocrx_word' id='word_1_854' title='bbox 3376 5464 3643 5554; x_wconf 62' lang='grc' dir='ltr'>κρατήσειν</span> 
     </span>
    </p>
   </div>
   <div class='ocr_carea' id='block_1_114' title="bbox 389 5562 3639 5649">
    <p class='ocr_par' dir='ltr' id='par_1_114' title="bbox 389 5562 3639 5649">
     <span class='ocr_line' id='line_1_114' title="bbox 389 5562 3639 5649; baseline 0.009 -38"><span class='ocrx_word' id='word_1_855' title='bbox 389 5573 485 5613; x_wconf 81' lang='grc' dir='ltr'>και</span> <span class='ocrx_word' id='word_1_856' title='bbox 514 5564 606 5616; x_wconf 78' lang='grc' dir='ltr'>τὸν</span> <span class='ocrx_word' id='word_1_857' title='bbox 647 5562 707 5616; x_wconf 75' lang='grc' dir='ltr'>ὲν</span> <span class='ocrx_word' id='word_1_858' title='bbox 737 5562 873 5635; x_wconf 75' lang='grc' dir='ltr'>αὐτῇ</span> <span class='ocrx_word' id='word_1_859' title='bbox 898 5562 1242 5635; x_wconf 89' lang='grc' dir='ltr'>τραυματίαν</span> <span class='ocrx_word' id='word_1_860' title='bbox 1273 5565 1636 5635; x_wconf 77' lang='grc' dir='ltr'>ταπεινώσει,</span> <span class='ocrx_word' id='word_1_861' title='bbox 1666 5571 1763 5626; x_wconf 74' lang='grc' dir='ltr'>καὶ</span> <span class='ocrx_word' id='word_1_862' title='bbox 1802 5575 1864 5627; x_wconf 80' lang='grc' dir='ltr'><strong>ὲν</strong></span> <span class='ocrx_word' id='word_1_863' title='bbox 1929 5574 2008 5647; x_wconf 77' lang='grc' dir='ltr'>τῷ</span> <span class='ocrx_word' id='word_1_864' title='bbox 2048 5575 2294 5649; x_wconf 80' lang='grc' dir='ltr'>βραχίονι</span> <span class='ocrx_word' id='word_1_865' title='bbox 2355 5575 2452 5631; x_wconf 81' lang='grc' dir='ltr'><strong>τοῦ</strong></span> <span class='ocrx_word' id='word_1_866' title='bbox 2501 5578 2736 5649; x_wconf 79' lang='grc' dir='ltr'>κράτους</span> <span class='ocrx_word' id='word_1_867' title='bbox 2790 5574 2958 5631; x_wconf 81' lang='grc' dir='ltr'>αὑτοῦ</span> <span class='ocrx_word' id='word_1_868' title='bbox 3006 5573 3215 5639; x_wconf 77' lang='grc' dir='ltr'>πάντας</span> <span class='ocrx_word' id='word_1_869' title='bbox 3251 5574 3381 5638; x_wconf 67' lang='grc' dir='ltr'>τοὺς</span> <span class='ocrx_word' id='word_1_870' title='bbox 3430 5568 3639 5643; x_wconf 56' lang='grc' dir='ltr'><strong>ἐχθροὺς</strong></span> 
     </span>
    </p>
   </div>
   <div class='ocr_carea' id='block_1_115' title="bbox 498 5654 810 5724">
    <p class='ocr_par' dir='ltr' id='par_1_115' title="bbox 498 5654 810 5724">
     <span class='ocr_line' id='line_1_115' title="bbox 498 5654 810 5724; baseline 0.016 -19"><span class='ocrx_word' id='word_1_871' title='bbox 498 5654 810 5724; x_wconf 82' lang='grc' dir='ltr'>πρόσεστιν.</span> 
     </span>
    </p>
   </div>
   <div class='ocr_carea' id='block_1_116' title="bbox 454 5745 1721 5823">
    <p class='ocr_par' dir='ltr' id='par_1_116' title="bbox 454 5745 1721 5823">
     <span class='ocr_line' id='line_1_116' title="bbox 454 5745 1721 5823; baseline 0.031 -46"><span class='ocrx_word' id='word_1_872' title='bbox 454 5746 501 5777; x_wconf 81' lang='lat' dir='ltr'><strong>u</strong></span> <span class='ocrx_word' id='word_1_873' title='bbox 526 5745 655 5823; x_wconf 33' lang='lat'><strong>133,-</strong></span> <span class='ocrx_word' id='word_1_874' title='bbox 683 5763 867 5823; x_wconf 33' lang='grc' dir='ltr'><strong>χχχιι..</strong></span> <span class='ocrx_word' id='word_1_875' title='bbox 908 5749 956 5803; x_wconf 87' lang='lat' dir='ltr'><strong>l.</strong></span> <span class='ocrx_word' id='word_1_876' title='bbox 1030 5751 1098 5784; x_wconf 77' lang='lat'><strong>&quot;‘</strong></span> <span class='ocrx_word' id='word_1_877' title='bbox 1139 5749 1284 5823; x_wconf 76' lang='lat' dir='ltr'><strong>Psal.</strong></span> <span class='ocrx_word' id='word_1_878' title='bbox 1319 5768 1416 5810; x_wconf 85' lang='lat' dir='ltr'><strong>cm</strong></span> <span class='ocrx_word' id='word_1_879' title='bbox 1440 5794 1454 5823; x_wconf 86' lang='lat'><strong>,</strong></span> <span class='ocrx_word' id='word_1_880' title='bbox 1490 5756 1596 5823; x_wconf 80' lang='lat'><strong>25,</strong></span> <span class='ocrx_word' id='word_1_881' title='bbox 1628 5758 1721 5820; x_wconf 73' lang='lat'><strong>26.</strong></span> 
     </span>
    </p>
   </div>
   <div class='ocr_carea' id='block_1_117' title="bbox 526 5813 1346 5890">
    <p class='ocr_par' dir='ltr' id='par_1_117' title="bbox 526 5813 1346 5890">
     <span class='ocr_line' id='line_1_117' title="bbox 526 5813 1346 5890; baseline 0.006 -19"><span class='ocrx_word' id='word_1_882' title='bbox 526 5813 600 5871; x_wconf 67' lang='grc' dir='ltr'><strong>Ἴ.</strong></span> <span class='ocrx_word' id='word_1_883' title='bbox 636 5818 656 5873; x_wconf 75' lang='grc' dir='ltr'><strong>ί</strong></span> <span class='ocrx_word' id='word_1_884' title='bbox 685 5859 700 5886; x_wconf 87' lang='grc'><strong>,</strong></span> <span class='ocrx_word' id='word_1_885' title='bbox 744 5816 968 5890; x_wconf 83' lang='lat' dir='ltr'><strong>Vulgata</strong></span> <span class='ocrx_word' id='word_1_886' title='bbox 999 5838 1145 5877; x_wconf 70' lang='lat' dir='ltr'><strong>secus</strong></span> <span class='ocrx_word' id='word_1_887' title='bbox 1172 5820 1346 5878; x_wconf 78' lang='lat' dir='ltr'><strong>habet.</strong></span> 
     </span>
    </p>
   </div>
   <div class='ocr_carea' id='block_1_118' title="bbox 1831 5762 2416 5833">
    <p class='ocr_par' dir='ltr' id='par_1_118' title="bbox 1831 5762 2416 5833">
     <span class='ocr_line' id='line_1_118' title="bbox 1831 5762 2416 5833; baseline 0.009 -17"><span class='ocrx_word' id='word_1_888' title='bbox 1831 5764 1877 5796; x_wconf 79' lang='grc'><strong>’⁸</strong></span> <span class='ocrx_word' id='word_1_889' title='bbox 1914 5762 2060 5820; x_wconf 83' lang='lat' dir='ltr'><strong>Psal.</strong></span> <span class='ocrx_word' id='word_1_890' title='bbox 2098 5780 2307 5833; x_wconf 67' lang='lat' dir='ltr'><strong>1.3mmr</strong></span> <span class='ocrx_word' id='word_1_891' title='bbox 2336 5766 2416 5821; x_wconf 65' lang='lat' dir='ltr'><strong>ll.</strong></span> 
     </span>
    </p>
   </div>
   <div class='ocr_carea' id='block_1_119' title="bbox 2545 5752 3635 5828">
    <p class='ocr_par' dir='ltr' id='par_1_119' title="bbox 2545 5752 3635 5828">
     <span class='ocr_line' id='line_1_119' title="bbox 2545 5752 3635 5828; baseline -0.015 -4"><span class='ocrx_word' id='word_1_892' title='bbox 2545 5768 2585 5799; x_wconf 69' lang='grc' dir='ltr'><strong><em>ν</em></strong></span> <span class='ocrx_word' id='word_1_893' title='bbox 2632 5764 2727 5822; x_wconf 76' lang='lat' dir='ltr'><strong>iob</strong></span> <span class='ocrx_word' id='word_1_894' title='bbox 2764 5779 2864 5828; x_wconf 74' lang='grc' dir='ltr'>ιι,</span> <span class='ocrx_word' id='word_1_895' title='bbox 2900 5756 3089 5816; x_wconf 67' lang='lat'><strong>20-23.</strong></span> <span class='ocrx_word' id='word_1_896' title='bbox 3193 5756 3241 5789; x_wconf 78' lang='lat'><strong>”</strong></span> <span class='ocrx_word' id='word_1_897' title='bbox 3274 5753 3377 5813; x_wconf 73' lang='lat' dir='ltr'><strong>Job</strong></span> <span class='ocrx_word' id='word_1_898' title='bbox 3410 5772 3492 5811; x_wconf 75' lang='lat' dir='ltr'><strong>xu</strong></span> <span class='ocrx_word' id='word_1_899' title='bbox 3515 5797 3528 5821; x_wconf 90' lang='lat'><strong>,</strong></span> <span class='ocrx_word' id='word_1_900' title='bbox 3557 5752 3635 5809; x_wconf 76' lang='lat'><strong>25.</strong></span> 
     </span>
    </p>
   </div>
  </div>
