3972 6812
153 257 184 316 1
201 261 348 318 089

1409 257 1918 314 COMMENTARIA
1957 257 2024 314 IN
2065 257 2406 318 PSALMOS.

3377 263 3400 318 1
3411 263 3518 318 090

153 379 382 434 αὐτοῦ
437 377 840 450 διασκορπίσει.
893 377 1056 446 Λέγει
1115 377 1174 430 δὲ
1237 375 1410 430 ταῦτα
1467 375 1814 444 ἀναγκαίωςο
1855 377 2134 450 προειπὼν
2165 379 2294 450 γάρ,
2341 377 2606 446 Δυνατύς
2653 379 2728 444 εἴ,
2761 379 2960 448 Κύριε,
3031 379 3132 436 καί
3173 381 3212 449 ἡ
3265 379 3518 446 ἀλήθειά

155 485 316 526 σου
377 471 594 538 κύκλῳ
651 485 802 534 σου,
849 467 1178 540 παρίστησιν
1227 469 1412 532 αὐτοῖς
1465 467 1648 540 ἔργοις
1699 467 1818 532 πῶς
1857 467 2094 540 ὑπάρχει
2121 469 2402 532 δυνατὸςὸ
2435 467 2640 542 Κύριος
2663 469 2744 532 είς
2771 468 3038 524 πίστωσιν
3107 469 3206 540 τῆς
3261 469 3518 540 ἀληθείας

161 564 382 622 αὐτοῦ
417 605 432 628 ,
481 563 622 634 ὑπὲρ
669 561 766 616 τοῦ
807 561 906 626 τὰς
953 561 1288 630 ἐπαγγελίας
1333 559 1472 632 πρὸς
1519 561 1610 614 τὸν
1655 559 1820 614 Δαυῒδ
1855 562 2232 634 γεγενημένας
2255 561 2480 634 ἀληθεῖς
2505 561 2802 628 ἀποδεῖξαι.

261 659 398 716 Σοί
449 661 611 714 εἰσιν
637 655 916 724 οὐρανοὶ,
967 657 1064 710 καὶ
1097 655 1182 722 σή
1233 657 1408 710 ἐστιν
1459 657 1500 726 ἢ
1553 656 1656 728 τῆ.
1703 657 1820 726 τὴν
1847 669 1896 726 Α

167 751 592 822 οὶκουμένην
631 749 730 802 καὶ
779 747 842 802 τὸ
901 745 1194 816 πλήρωμα
1239 745 1432 816 αὐτῆς
1477 747 1560 802 σὺ
1615 747 1818 820 ἐθεμε-

169 845 498 910 λίωσας,
559 843 664 898 τὸν
725 839 960 910 ,βορῤᾶν
1031 841 1128 894 καὶ
1189 840 1304 908 τὴν
1353 841 1682 898 θάλασσαν
1735 843 1818 898 σὺ

179 937 504 1002 ἔκτισας.
535 935 736 1004 Θασὼρ
773 935 872 988 καί
915 933 1136 1004 Ἑρμῶν
1181 935 1254 988 ἐν
1281 933 1360 1000 τῷ
1407 935 1654 1004 ὀνόματι
1703 953 1820 992 σου

183 1029 728 1100 ἀγωιιιάσονται.
757 1027 818 1080 Ἦ
839 1027 1044 1080 διάνοια
1063 1027 1174 1080 τῶν
1197 1027 1572 1098 προκειμένων
1593 1030 1818 1102 τοιαύτη

181 1125 288 1188 τίς
331 1125 486 1178 ἐστι’
525 1121 828 1190 Πεποίησαι
865 1119 984 1190 μὲν,
1021 1113 1066 1174 ὦ
1105 1119 1278 1190 Κύριε
1301 1159 1318 1182 ,
1351 1117 1488 1190 πρὸς
1523 1121 1612 1174 τὸν
1659 1121 1822 1176 Δαυῒδ

187 1215 569 1286 ἐπαγγελίας
595 1215 722 1286 περὶ
763 1213 858 1268 τοῦ
895 1213 1210 1286 σπέρματος
1251 1213 1418 1268 αὐτοῦ
1471 1207 1566 1266 κάι
1609 1213 1706 1268 τοῦ
1739 1215 1820 1278 είς

189 1307 402 1360 αίῶνα.
429 1305 810 1377 διαρκέσοντος
845 1305 1038 1376 θρόνου
1083 1304 1279 1358 αὐτοῦ*
1313 1307 1408 1360 καὶ
1447 1305 1650 1370 ταύτας
1673 1305 1822 1378 ὦμο-

195 1415 316 1462 σας
353 1397 438 1468 τῷ
467 1395 632 1452 Δαυῖδ
651 1395 1010 1450 ἐπιτελέσειν.
1052 1395 1300 1468 Ὁρῶμεν
1333 1397 1392 1450 δὲ
1425 1399 1588 1468 ἡμεῖς
1621 1399 1670 1450 oi
1723 1399 1818 1452 ἆν-

193 1489 440 1562 θρωποι
473 1489 546 1560 μὴ
583 1487 970 1560 πληρουμένας
993 1487 1184 1552 αὐτάς,
1217 1489 1342 1542 ὅσον
1363 1489 1458 1542 ἐπὶ
1483 1491 1596 1553 τοῖς
1629 1487 1824 1560 αἰσθη-

195 1583 330 1646 τοῖς
359 1581 464 1636 καὶ
509 1579 840 1652 ὁρωμένοις·
875 1579 956 1632 διὸ
1003 1595 1206 1650 φαμεν,
1237 1579 1362 1634 Ποῦ
1397 1583 1517 1634 εἰσι
1559 1581 1636 1634 τὰ
1675 1579 1818 1650 ἐλέη

197 1691 338 1728 σου
371 1673 448 1728 τὰ
491 1671 732 1742 ἀρχαῖα,
767 1673 974 1740 Κύριε;
1025 1671 1164 1743 πλὴν
1197 1671 1334 1726 ἀλλὰ
1365 1673 1710 1746 πεπείσμεθά
1761 1689 1822 1728 σε

201 1767 272 1834 ἐξ
309 1767 564 1830 ἅπαντος
605 1765 924 1836 ἀληθεύειν,
952 1767 1034 1820 ὅτι
1073 1765 1332 1834 δυνατὸς
1357 1763 1432 1830 εἷ,
1473 1767 1570 1822 καί
1601 1767 1640 1834 ὴ
1673 1767 1822 1834 ἀλή-

205 1861 354 1916 θειά
383 1875 506 1916 σου
529 1861 730 1925 κύκλῳ
751 1875 888 1914 σου.
913 1857 1022 1912 Καὶ
1051 1859 1332 1932 μάρτυρές
1351 1877 1414 1928 γε
1439 1859 1540 1932 τῆς
1561 1859 1822 1934 ἀληθείας

2001 657 2166 716 Vens.
2201 658 2290 724 12,
2317 659 2402 714 15.
2427 659 2528 714 Tui
2551 667 2676 714 sunt
2705 657 2824 712 caeli
2843 667 2898 712 et
2917 669 3010 712 tua
3037 667 3118 713 est
3151 669 3316 720 terra,
3337 659 3516 718 orbem

1923 749 2082 834 terra!
2109 763 2160 808 et
2192 753 2574 822 plenitudinem
2602 753 2718 822 ejus
2753 763 2810 808 tu
2841 754 3106 823 fundasti,
3139 755 3438 826 aquilonem
3465 767 3516 810 et

1921 863 2068 902 mare
2081 855 2138 900 tu
2153 848 2364 902 creasti.
2375 845 2586 902 Thabor
2599 855 2648 900 et
2667 845 2902 900 Hermon
2921 847 2974 900 in
2991 847 3200 902 nomine
3231 857 3320 900 tuo
3335 849 3518 902 exsul-

1923 939 2130 994 tabunt.
2153 937 2359 994 Horum
2389 941 2516 994 talis
2549 939 2820 994 sententia
2865 947 2948 994 est
2973 959 2988 994 :
3021 937 3238 1004 Davidi,
3261 939 3514 1004 Domine,

1921 1031 2196 1104 promissa
2225 1031 2428 1088 dedisti
2451 1031 2520 1086 de
2549 1031 2760 1086 semine
2795 1031 2940 1100 ejus.
2963 1043 3028 1084 ac
3057 1031 3126 1086 de
3165 1031 3366 1086 throno
3395 1031 3516 1100 ejus

1921 1141 2098 1196 usque
2139 1125 2194 1178 in
2225 1131 2494 1178 aeternum
2521 1123 2792 1178 duratura
2825 1140 2838 1176 :
2869 1129 3034 1192 atque
3069 1121 3172 1192 ipsi
3203 1119 3392 1174 Davidi
3422 1121 3516 1190 ju-

1923 1217 2062 1272 rasti
2093 1223 2146 1272 te
2173 1231 2236 1272 ea
2279 1215 2652 1286 perfecturum
2695 1229 2838 1270 esse.
2887 1213 3002 1270 Nos
3043 1221 3226 1268 autem
3259 1213 3514 1268 homines

1921 1309 2172 1366 videmus
2201 1309 2316 1364 haec
2357 1321 2466 1362 non
2499 1313 2768 1380 quantum
2815 1305 2882 1382 ad
2905 1321 2970 1360 ea
3001 1319 3124 1376 quae
3155 1305 3262 1360 sub
3289 1319 3512 1360 sensum

1921 1411 1976 1458 et
2025 1411 2308 1472 aspectum
2341 1399 2552 1454 cadunt
2611 1397 2826 1468 impleri
2861 1411 3072 1468 :quare
3119 1395 3376 1460 dicimus,
3413 1393 3514 1450 Ubi

1923 1503 2048 1548 sunt
2071 1493 2456 1550 misericordiae
2485 1503 2588 1546 tua:
2621 1491 2878 1556 antiqua,
2899 1491 3158 1544 Domine?
3189 1503 3514 1560 persuasum

1927 1595 2108 1642 tamen
2165 1585 2434 1642 habemus
2489 1593 2544 1640 te
2601 1599 2830 1656 prorsus
2887 1599 3136 1640 veracem
3195 1599 3340 1650 esse,
3385 1583 3514 1652 quia

1921 1689 2188 1750 potentes
2223 1687 2274 1734 et
2299 1679 2494 1732 ueritas
2519 1685 2612 1730 tua
2631 1677 2696 1738 ,ενι
2721 1677 2950 1730 circuitu
2979 1687 3090 1730 tuo.
3125 1675 3318 1732 Testes
3349 1689 3518 1748 porro

1923 1769 2176 1824 veritatis
2217 1775 2492 1824 tuaesunt
2539 1775 2812 1838 quotquot
2859 1769 3008 1821 circa
3045 1773 3102 1822 te
3149 1765 3514 1820 consistunt:

1923 1879 2052 1918 nam
2107 1861 2364 1918 caelestes
2413 1862 2648 1916 virtutes
2679 1859 3070 1930 conﬁtebuntur
3097 1857 3368 1912 mirabilia
3399 1867 3516 1924 tua,

209 1971 320 2008 σου
361 1954 568 2018 πάντες
597 1953 646 2006 οἱ
683 1953 810 2024 περὶ
851 1951 940 2004 σέ·
985 1953 1040 2006 αἱ
1089 1953 1220 2022 γοῦν
1267 1953 1508 2024 οὐράνιοι
1561 1954 1822 2026 δυνάμεις

1930 1967 1974 2012 et
2003 1955 2278 2011 ueritatem
2329 1965 2476 2008 tuam
2513 1955 2572 2008 in
2623 1951 2866 2010 Ecclesia
2911 1961 3240 2006 sanctorum.
3273 1949 3340 2006 Et
3385 1965 3520 2006 sane

203 2043 788 2114 ἐξομολογήσονται
809 2045 880 2098 τὰ
905 2043 1208 2114 θαυμάσιὰ
1229 2059 1368 2110 σου,
1397 2047 1496 2100 καὶ
1531 2045 1646 2116 τὴν
1675 2047 1824 2116 ἀλή-

1930 2051 2048 2120 inre
2081 2049 2338 2106 ccelestcs
2378 2049 2484 2102 illae
2511 2047 2742 2102 virtutes
2781 2047 3065 2102 veritatem
3098 2053 3248 2100 tuam
3286 2043 3518 2100 conﬁte-

215 2137 402 2192 θειάν
449 2153 566 2190 σου
612 2137 682 2190 ἐν
733 2137 1058 2204 Ἐκκλησίῃ
1107 2139 1310 2192 ὁσίων.
1349 2139 1460 2192 Καὶ
1489 2139 1714 2202 εἰκότως
1765 2139 1822 2192 αξ

213 2229 478 2302 οὐράνιοι
499 2229 760 2300 δυνάμεις
781 2227 880 2300 τὴν
907 2229 1160 2300 ἀλήθειάν
1183 2245 1276 2282 σου
1315 2229 1822 2302 ἐξομολογὴσονται,

217 2321 424 2394 ἐπειδὴ
451 2323 508 2376 ὲν
535 2321 612 2392 τῷ
646 2319 862 2392 οὐρανῷ
891 2319 1344 2394 έτοιμασθήσεται
1367 2325 1400 2394 ἡ
1439 2323 1668 2394 ἀλήθειά
1693 2341 1786 2378 σου
1805 2341 1820 2354 ·

209 2417 300 2480 -ὼς
341 2417 544 2490 μηκέτι
595 2415 704 2470 δεῖν
736 2417 836 2480 τὰς
879 2413 1214 2482 ἐπαγγελίας
1248 2431 1362 2478 σου,
1397 2411 1496 2478 τὰς
1541 2415 1676 2486 πρὸς
1731 2415 1824 2468 τὸν

219 2509 418 2572 Δαυῖδ,
451 2507 726 2578 ἐπιγείους
757 2503 898 2562 εἶναι
941 2507 1036 2560 καὶ
1079 2505 1396 2576 σωματικάς
1445 2507 1712 2578 νομίζειν·
1765 2509 1826 2562 ὲν

219 2603 338 2676 γάρ
367 2601 450 2674 τῷ
481 2601 696 2674 οὖρανῷ
725 2599 1228 2672 έτοιμασθήσεταιή
1255 2599 1486 2672 ἀλήθειά
1507 2619 1620 2656 σου.
1639 2599 1828 2656 Ταῦτα

219 2695 282 2748 δὲ
311 2697 410 2750 καὶ
453 2695 616 2758 αὐτὸς
677 2695 742 2746 ἐκ
785 2691 880 2746 τοῦ
923 2693 1082 2760 ἁγίου
1131 2693 1448 2762 Πνεὺματος
1487 2693 1826 2764 μεμαθηκώς

227 2805 408 2860 φημι-
453 2787 530 2840 Τὰ
583 2785 724 2852 men
775 2801 892 2838 σου
939 2787 1026 2850 είς
1073 2783 1180 2838 τὸν
1209 2783 1396 2838 αἰῶνα
1443 2783 1682 2854 ᾄσομαι.
1721 2789 1828 2852 Eli;

231 2877 452 2950 γενεὰν
499 2877 598 2932 καὶ
629 2877 843 2948 γενεάν
891 2873 1212 2946 ἀπαγγελῶ
1237 2875 1352 2944 τὴν
1389 2875 1680 2944 ἀλήθειάν
1709 2891 1826 2932 σου

231 2973 304 3026 ἐν
333 2971 416 3038 τῷ
445 2969 698 3042 στόματί
713 2987 854 3038 μου.
897 2967 1206 3038 Ἀληθεύειν
1234 2965 1292 3020 δέ
1327 2985 1385 3020 σε
1411 2967 1544 3020 Θεὸν
1581 2967 1708 3022 ὄντα
1731 2969 1828 3022 καὶ

233 3067 442 3140 Κύριον
471 3063 580 3118 τῶν
615 3063 754 3118 ὅλων
787 3061 1080 3114 πεπεῖσθαι
1105 3061 1234 3130 χρὴ,
1253 3059 1342 3112 διὰ
1369 3057 1430 3112 τὸ
1457 3059 1660 3130 μηδένα
1689 3055 1826 3114 εἶναι

235 3163 422 3234 ὅμοιον
463 3163 530 3232 τῇ
563 3161 630 3230 σῇ
665 3155 928 3226 δυνάμεν
965 3157 1060 3210 καὶ
1090 3155 1198 3228 γὰρ
1237 3155 1330 3208 καὶ
1369 3151 1480 3208 τῶν
1519 3153 1827 3224 ἀσωμάτων

238 3255 334 3310 καὶ
363 3251 524 3308 θείων
552 3249 836 3320 δυνάμεων
869 3249 1072 3322 Κύριος
1111 3243 1182 3312 εἷ,
1211 3247 1304 3302 καὶ
1335 3245 1559 3310 δυνατὸς
1587 3243 1640 3300 εἷ
1667 3247 1826 3318 μόνος

241 3345 500 3416 italu-1:39
530 3343 760 3406 πάντας,
795 3341 870 3406 ὡς
904 3341 1004 3412 τὴν
1051 3341 1310 3414 ἀλήθειάν
1343 3357 1438 3394 σου
1481 3341 1822 3398 πιστοῦσθαι.

243 3439 306 3492 El
329 3437 386 3491 δὲ
415 3435 512 3490 καὶ
543 3433 658 3488 ἐστι
683 3451 768 3498 τις
783 3435 846 3512 έν
871 3437 986 3498 τοῖς
1007 3429 1160 3488 οὖσιν
1187 3435 1554 3506 ὑπερήφανος,
1579 3437 1608 3488 ὁ
1631 3433 1826 3490 καλού-

249 3547 404 3602 μενος
429 3527 674 3592 διάϐολος
711 3527 1090 3600 ἀντικείμενος
1111 3529 1220 3590 ἀεὶ,
1253 3529 1346 3582 καὶ
1379 3527 1632 3600 πολεμῶν
1659 3531 1726 3600 τῇ
1761 3533 1826 3602 σῇ

245 3623 491 3696 ἀληθείᾳ,
545 3621 682 3676 ἀλλὰ
729 3622 794 3676 σὺ
841 3621 1028 3676 τοῦτον
1085 3621 1486 3686 ἐταπείνωσας·
1529 3621 1640 3674 εἴτε
1685 3623 1830 3688 τινές

245 3717 378 3770 εἰσιν
407 3713 768 3788 ὑπὲρ,τοῦτον
803 3713 996 3786 ἐχθραὶ
1029 3715 1124 3768 καὶ
1149 3713 1526 3784 άντικείμεναι
1549 3711 1828 3784 δυνάμεις,

245 3809 378 3864 ἀλλὰ
411 3809 506 3862 καὶ
533 3807 738 3872 ταύτας
765 3807 1176 3880 διεσκόρπισας.
1213 3806 1452 3860 Πάντοτε
1495 3806 1560 3860 σὺ
1587 3807 1828 3876 κρατεῖς,

247 3905 462 3976 καὶτῆς
515 3903 624 3958 τῶν
650 3903 788 3958 ὅλων
837 3903 1026 3968 οὐσίας
1073 3905 1138 3958 σὺ
1193 3903 1516 3968 δεσπόζεις,
1569 3903 1692 3954 ἐπεὶ
1733 3901 1830 3956 καὶ

249 3995 470 4068 ποιητὴς
510 3995 619 4050 τῶν
657 3995 796 4050 ὅλων
829 3997 1140 4068 τυγχάνεις.
1179 3995 1326 4068 Αὕτη
1373 3995 1484 4068 γὰρ
1519 3995 1554 4066 ἠ
1584 3993 1830 4048 θάλασσα

251 4089 342 4142 καὶ
367 4089 428 4142 τὸ
467 4089 720 4142 τοσοῦτον
750 4089 850 4158 τῆς
901 4089 1078 4160 ὑγρᾶς
1121 4089 1310 4154 οὐσίας
1359 4091 1620 4158 στοιχεῖον
1669 4087 1830 4158 ἔργον

255 4181 481 4252 ὑπάρχει
513 4181 622 4244 σὺν,
657 4181 750 4234 καὶ
783 4179 844 4232 σε
885 4179 1072 4252 κύριον
1115 4180 1502 4252 ἐπιγράφεται.
1551 4179 1614 4232 Ei
1641 4179 1700 4232 δὲ
1737 4177 1830 4232 καὶ

253 4271 462 4346 οὐρανοί
511 4291 656 4336 τινες
687 4271 948 4344 ἀνώτεροι
987 4273 1084 4326 τοῦ
1131 4273 1512 4346 στερεώματος
1561 4269 1826 4332 νοοῦνται,

257 4367 404 4422 θείων
431 4365 758 4438 πνευμάτων
793 4365 888 4420 καὶ
927 4363 1212 4436 δυνάμεων
1255 4363 1455 4434 ἁγίων,
1497 4361 1604 4416 τῶν
1637 4379 1694 4414 τε
1729 4363 1830 4432 τὴν

259 4459 348 4534 σὴν
379 4459 608 4531 θεότητα
655 4457 1096 4531 περιπολούντων
1131 4455 1376 4526 ἀγγέλων
1411 4455 1506 4510 καὶ
1549 4453 1828 4526 ἀρχαγγέ-

257 4553 353 4606 λων
381 4553 700 4624 οἰκητήρια,
749 4551 842 4604 καὶ
885 4543 1034 4604 οὗτοι
1069 4549 1150 4602 σοί
1189 4551 1328 4602 εἰσιν
1379 4547 1498 4618 ἅμα
1539 4549 1674 4600 πᾶσι
1717 4549 1832 4612 τοῖς

257 4645 482 4698 οἰκοῦσιν
513 4645 716 4708 αὐτοῖς.
755 4643 864 4696 Καὶ
905 4641 1034 4698 ἄλλο
1077 4643 1134 4696 δὲ
1167 4645 1426 4713 στοιχεῖον
1471 4645 1530 4694 οὐ
1571 4639 1764 4712 μικρὸν
1795 4641 1828 4712 ὴ

1927 2143 2152 2206 buntur,
2189 2139 2318 2212 quia
2349 2141 2406 2194 in
2441 2139 2584 2194 ctelo
2617 2139 3019 2210 praeparabitur
3041 2137 3248 2192 veritas
3279 2145 3406 2200 tua;
3441 2135 3518 2190 ita

1925 2243 1988 2289 ut
2025 2235 2298 2306 promissa
2331 2241 2426 2288 tua
2451 2231 2518 2286 ad
2551 2231 2814 2286 Davidcm
2845 2227 3012 2294 facta,
3045 2243 3154 2284 non
3193 2227 3380 2298 utique
3403 2237 3518 2281 ter-

1929 2339 2058 2382 rena
2087 2333 2140 2380 et
2173 2337 2440 2394 corporea
2473 2321 2726 2378 habenda
2765 2321 2876 2377 sint
2902 2338 2916 2375 :
2945 2335 3074 2375 nam
3119 2319 3174 2373 in
3209 2319 3354 2372 cmlo
3375 2331 3518 2388 prte-

1927 2417 2214 2490 parabitur
2249 2417 2456 2472 veritas
2485 2423 2602 2470 tua.
2637 2413 2764 2470 Haec
2801 2429 2932 2470 vero
2971 2429 3000 2466 a
3049 2409 3262 2483 Spiritu
3323 2417 3518 2466 sancto

1927 2513 2158 2566 edoctus
2187 2509 2316 2564 dico
2345 2529 2358 2564 :
2387 2507 2788 2562 Misericordias
2815 2515 2936 2560 tuas
2965 2505 3020 2558 in
3045 2513 3300 2560 aeternum
3329 2509 3518 2556 canta-

1929 2601 2014 2656 bo.
2047 2599 2112 2654 In
2143 2599 2536 2672 generationem
2563 2607 2612 2652 et
2645 2595 3038 2668 generationem
3071 2590 3398 2646 annuntiabo
3429 2607 3516 2644 ue-

1929 2693 2144 2746 ritatem
2183 2701 2330 2744 tuam
2365 2691 2418 2744 in
2451 2707 2542 2744 ore
2571 2705 2708 2745 meo.
2739 2687 2818 2744 Te
2849 2701 3036 2759 porro,
3061 2693 3250 2756 utpote
3269 2683 3438 2740 Deum
3463 2691 3520 2740 et

1929 2783 2224 2840 Dominum
2263 2785 2676 2846 universorum,
2699 2795 2952 2836 veracem
2973 2779 3200 2834 credere
3235 2779 3514 2842 convenit,

1930 2877 2060 2948 quia
2097 2875 2284 2932 nullus
2313 2885 2400 2931 est
2445 2875 2544 2930 tibi
2579 2873 2786 2928 virtute
2835 2871 3076 2928 similis:
3111 2871 3382 2942 siquidem
3433 2869 3520 2924 in-

1930 2985 2324 3042 corporearum
2369 2979 2424 3026 et
2463 2969 2772 3024 divinarum
2825 2967 3090 3022 virtutum
3135 2965 3402 3022 Dominus
3431 2981 3516 3030 es,

1931 3061 2196 3132 solusque
2221 3075 2286 3114 ac
2331 3075 2500 3130 super
2539 3073 2732 3114 omnes
2765 3067 2962 3130 potens
2997 3071 3082 3122 es,
3107 3057 3183 3112 ita
3219 3067 3278 3112 ut
3311 3059 3516 3112 verita-

1931 3165 2038 3208 tem
2069 3161 2220 3208 tuam
2255 3153 2576 3208 credibilem
2633 3151 2816 3208 facere
2865 3153 3066 3222 possis.
3103 3149 3258 3216 Quod
3299 3151 3344 3206 si
3393 3151 3520 3222 quis

1931 3245 1984 3300 in
2017 3261 2200 3302 rerum
2235 3253 2434 3302 natura
2471 3245 2744 3316 superbus
2765 3245 3018 3310 exsistat,
3043 3257 3238 3314 nempe
3264 3243 3520 3298 diabolus

1929 3337 2028 3392 tibi
2075 3349 2292 3406 semper
2343 3333 2716 3398 adversarius,
2749 3351 2814 3390 ac
2859 3335 3146 3390 veritatem
3197 3347 3523 3402 oppugnatas

1869 3411 1896 3434 ³⁸
1931 3439 2118 3484 tuam:
2151 3435 2212 3482 tu
2253 3443 2388 3484 sane
2433 3427 2580 3482 hunc
2617 3427 2918 3482 humiliasti
2953 3445 2968 3482 :
2999 3427 3046 3482 si
3081 3439 3212 3480 vero
3257 3424 3382 3478 huic
3421 3439 3512 3478 su-

1933 3521 2176 3592 periores
2212 3521 2462 3592 quaedam
2507 3523 2746 3576 inimicm
2787 3529 2842 3576 et
2879 3519 3126 3574 adversa:
3161 3517 3260 3574 tibi
3285 3519 3522 3572 virtutes

1931 3615 2062 3676 sint,
2097 3629 2192 3670 cas
2233 3627 2454 3684 quoque
2485 3611 2790 3684 dissipasti.
2823 3611 2906 3666 Tu
2939 3611 3142 3682 ubique
3165 3611 3424 3682 imperas,
3467 3615 3522 3662 et

1933 3707 2318 3762 universorum
2357 3705 2684 3761 substantia:
2711 3703 3037 3766 dominaris,
3075 3701 3204 3772 quia
3239 3701 3522 3754 universo-

1931 3813 2052 3852 rum
2087 3795 2268 3868 cpite:
2299 3813 2380 3852 es.
2423 3795 2605 3868 Ipsum
2635 3795 2840 3867 quippe
2863 3809 3034 3856 mare,
3061 3801 3384 3862 tantumque
3413 3791 3520 3844 hu-

1931 3891 2092 3946 mida:
2131 3889 2456 3946 substantia:
2509 3889 2863 3951 elementum,
2903 3895 3058 3942 tuum
3089 3893 3174 3942 est
3211 3883 3516 3954 opiﬁcium.

1931 3991 2094 4054 teque
2125 3983 2408 4040 dominum
2437 3981 2662 4038 ascribit
2685 3997 2868 4037 suum.
2891 3979 3032 4048 Quid
3055 3979 3102 4036 si
3135 3979 3261 4034 caeli
3291 3975 3518 4048 quidam

1933 4077 2054 4146 ipso
2085 4075 2432 4130 ﬁrmamento
2453 4075 2768 4144 superiores
2811 4074 3146 4142 cogitentur,
3185 4071 3278 4140 qui
3309 4067 3520 4124 scilicet

1929 4169 2244 4224 divinorum
2275 4167 2592 4238 spirituum,
2619 4175 2936 4222 sanctarum
2973 4165 3260 4226 virtutum,
3295 4161 3519 4232 angelo-

1929 4277 2054 4318 rum
2085 4267 2140 4316 et
2159 4259 2614 4330 archangelorum
2653 4257 2914 4314 deitatem
2965 4263 3116 4310 tuam
3171 4253 3518 4324 stipantium,

1931 4351 2206 4406 domicilia
2225 4351 2370 4417 sint;
2403 4349 2458 4404 hi
2485 4365 2706 4422 quoque
2731 4363 2856 4402 cum
2887 4345 3146 4402 omnibus
3177 4345 3374 4400 incolis
3401 4343 3522 4398 suis

1931 4445 2014 4500 tui
2072 4453 2222 4502 sunt.
2275 4443 2438 4498 Aliud
2469 4441 2636 4499 etiam
2701 4443 3032 4498 elementum
3085 4455 3196 4494 non
3235 4437 3518 4509 exiguum,

1933 4537 2086 4594 arida
2125 4553 2322 4608 nempe
2353 4537 2664 4594 substantia
2687 4541 2742 4590 et
2763 4543 2908 4590 terra
2943 4531 3098 4587 caelis
3133 4529 3400 4600 subjecta,
3427 4535 3522 4582 tua

1933 4633 2062 4690 item
2095 4639 2202 4690 est.
2227 4631 2366 4688 Cum
2397 4633 2580 4702 itaque
2619 4629 2804 4684 omnia
2845 4635 2938 4681 tuo
2975 4625 3136 4680 nutui
3177 4627 3440 4688 serviant,
3469 4631 3524 4678 ct

263 4737 388 4806 ξηρὰ
409 4737 584 4800 οὐσία,
617 4737 770 4808 καὶὴ
813 4739 926 4802 τοῖς
969 4737 1222 4808 οὐρανοῖς
1255 4733 1594 4804 ὑποκειμένη
1633 4733 1726 4804 γῆ,
1763 4733 1827 4804 σή

1939 4737 1996 4784 tu
2017 4727 2278 4784 omnibus
2301 4725 2558 4798 imperes,
2601 4729 2794 4793 utpote
2821 4719 3070 4776 omnium
3109 4717 3388 4782 dominus,
3425 4731 3522 4772 rex

265 4829 364 4883 ἐστι
396 4831 486 4884 καὶ
523 4831 686 4904 αὓτη.
709 4831 834 4884 Ὅτε
867 4829 1048 4884 τοίνυν
1093 4829 1162 4884 τά
1207 4827 1498 4900 σύμπαντα
1547 4829 1660 4890 τοῖς
1713 4827 1828 4890 σοῖς

265 4921 474 4992 νεύμασι
499 4923 760 4988 δουλεύει,
793 4925 886 4978 καὶ
921 4925 986 4978 σὺ
1015 4923 1236 4978 πάντων
1271 4923 1512 4994 κρατεῖς,
1535 4919 1722 4990 κύριος
1751 4917 1828 4972 ὢν

267 5013 496 5070 ἁπάντων
533 5017 628 5070 καὶ
673 5017 928 5088 βασιλεὺς
971 5017 1068 5072 καὶ
1101 5016 1264 5080 Θεὸς,
1313 5015 1398 5078 τίς
1445 5009 1828 5082 ἀντιστήσεταί

1935 4829 1988 4878 et
2019 4819 2186 4886 Deus,
2215 4819 2344 4892 quis
2381 4817 2606 4874 resistet
2641 4815 2778 4870 tibi?
2831 4813 2898 4867 Et
2944 4811 3076 4884 quid
3131 4811 3526 4882 impedimento

1937 4915 2121 4978 fuerit,
2145 4913 2442 4984 quominus
2479 4919 2572 4964 tua
2599 4911 2776 4965 electo
2797 4915 2894 4962 tuo
2919 4903 3114 4960 Davidi
3141 4903 3268 4960 data
3289 4901 3525 4974 promis-

1937 5023 2022 5072 sa,
2055 5021 2177 5078 qua:
2204 5007 2424 5076 iuratus
2453 5003 2692 5066 edidisti,
2725 4999 3010 5057 credibilia
3045 4995 3386 5054 reddantur?

267 5125 364 5172 om;
395 5109 460 5162 Ἦ
487 5111 538 5162 τί
559 5111 620 5164 τὸ
645 5083 896 5182 ἐμποδὼν
921 5109 1188 5166 ἔσταιτοῦ
1223 5111 1298 5182 μὴ
1357 5104 1738 5162 πιστώσασθαι
1799 5101 1897 5168 τάς
1939 5101 2040 5166 σάς
2089 5101 2226 5174 πρὸς
2255 5099 2348 5154 τὸν
2395 5097 2652 5152 ἐκλεκτόν
2704 5111 2798 5149 σου
2842 5091 3006 5148 Δαυτδ
3049 5087 3382 5160 ἐπαγγελίας
3405 5125 3420 5150 ,
3459 5083 3526 5148 ἃς

270 5203 370 5276 μεθ’
399 5205 560 5276 ὅρκου
594 5203 730 5276 πρὸς
751 5205 914 5260 αὐτὸν
953 5207 1228 5278 ὲποιήσως

327 5297 528 5370 Σφόδρα
550 5299 729 5352 τοίνυν
751 5301 846 5354 καὶ
875 5299 1186 5364 ἀκολούθως
1207 5303 1320 5364 τοῖς
1343 5299 1658 5374 ἔμπροσθεν
1683 5299 1836 5370 εἰρη-

271 5391 428 5462 μένοις
459 5391 546 5446 διά
573 5393 682 5446 τῶν
713 5393 1092 5464 προκειμένων
1139 5395 1388 5466 ἐπήγαγε
1429 5395 1512 5462 τὸ,
1543 5394 1648 5448 Σοί
1677 5394 1836 5448 εἰσιν

2005 5289 2314 5346 Admodum
2347 5293 2720 5360 congruenter
2745 5297 2910 5356 supra
2945 5281 3108 5338 dictis
3135 5281 3248 5350 jam
3297 5275 3524 5346 subiicit

1935 5383 2068 5438 illud
2097 5401 2110 5436 :
2143 5379 2246 5434 Tui
2279 5387 2402 5436 sunt
2457 5377 2576 5432 cazli
2617 5385 2668 5432 ct
2699 5385 2794 5430 tua
2835 5383 2910 5428 est
2944 5381 3086 5426 terra
3111 5385 3130 5423 :
3161 5367 3339 5424 orbem
3369 5375 3524 5422 terra:

269 5461 314 5540 ci
341 5485 596 5554 οὐρανοί,
631 5487 730 5540 καὶ
763 5461 850 5554 in}
885 5461 1060 5540 tam
1085 5487 1124 5554 ή
1155 5461 1273 5558 γῆῖ
1317 5461 1432 5554 τὴν
1473 5483 1827 5556 οικουμένην

1933 5489 1980 5532 et
2009 5473 2392 5544 plenitudinem
2437 5473 2552 5542 ejus
2587 5479 2642 5524 tu
2695 5469 2958 5540 fundasti.
3007 5463 3130 5518 Non
3175 5461 3338 5516 modo
3377 5461 3522 5516 enim

273 5579 352 5632 nul
381 5553 670 5648 ,πλήρωμα
705 5553 896 5646 αὐτῆς
927 5577 1010 5632 σὺ
1034 5553 1458 5647 ἐθεμελίωσας.
1487 5577 1564 5632 Οὐ
1591 5553 1704 5648 γάρ
1740 5575 1827 5646 μό-

1933 5571 2158 5632 crnlum,
2209 5569 2306 5630 ait,
2339 5575 2394 5622 ct
2451 5567 2686 5620 virtutes
2731 5563 2804 5616 ibi
2841 5565 3168 5622 versantes,
3209 5555 3304 5612 sed
3357 5553 3524 5609 etiam

273 5688 348 5724 νον
371 5671 454 5726 τὸν
503 5671 752 5744 οὐρανὸν,
779 5673 934 5742 φησι,
991 5671 1088 5724 καὶ
1117 5669 1214 5732 τὰς
1269 5671 1328 5722 ὲν
1369 5669 1518 5740 αὐτῷ
1547 5669 1826 5740 δυνάμεις,

273 5759 384 5814 ἀλλὰ
407 5763 501 5816 καὶ
521 5761 618 5830 τὴν
653 5761 758 5832 γῆν
791 5763 856 5816 σὺ
899 5759 1296 5830 ὲθεμελίωσας’
1331 5759 1636 5830 συμφώνως
1673 5761 1740 5830 τῇ
1773 5759 1832 5814 ὲν

1937 5671 2140 5720 terram
2169 5659 2411 5716 fundasti
2437 5677 2450 5714 :
2473 5659 2560 5712 cui
2587 5655 2792 5710 accinit
2821 5653 2910 5706 illa
2943 5649 3367 5706 Proverbiorum
3399 5663 3522 5704 scn-

1939 5753 2158 5812 tentia:
2193 5751 2336 5808 Deus
2371 5751 2636 5822 sapientia
2685 5745 2928 5818 fundarit
2965 5753 3162 5800 terram
3193 5757 3210 5798 :
3249 5757 3522 5814 prwpara-
