3972 6812
405 291 534 349 Ιῦ91
1083 285 1355 344 EUSEBH
1393 280 1876 343 CESARIENSIS
1903 279 2052 336 OPP.
2093 279 2276 334 PARS
2309 279 2396 334 lll.
2437 311 2508 322 —
2547 275 2959 335 EXEGETICA.
3647 278 3820 334 1092

403 413 476 466 nit
505 419 682 465 autem
707 409 864 464 caelos
894 409 951 464 in
978 407 1266 479 prudentia
1295 407 1366 463 ³ο.
1400 405 1500 462 Hic
1531 422 1664 462 vero
1687 406 1990 462 habitatum

2129 405 2215 466 αῖς
2253 399 2591 474 Παροιμίαις
2629 399 2865 472 λεγούσῃ
2907 402 3082 471 φωνῇ.
3136 399 3194 453 '0
3225 399 3373 466 Θεὸς
3403 399 3532 468 τῇ
3577 402 3822 468 σοφίᾳ

407 519 568 560 .errae
608 511 864 574 partem,
925 500 1086 573 quasi
1153 499 1592 573 praestantiorem
1622 538 1639 563 ,
1667 497 1992 569 οἰκουμένην

2129 493 2450 562 Θεμελίωσε
2492 490 2609 560 τὴν
2649 490 2771 561 γῆν
2793 509 2807 521 ·
2848 493 3143 562 ἡτοίμασε
3176 491 3246 545 δὲ
3282 491 3701 561 οὐρανοὺς
3747 492 3826 544 ἐγ

405 597 732 661 nominavit,
768 596 835 651 ad
865 595 1166 650 discrimen
1197 593 1342 648 inter
1367 591 1641 648 desertam
1671 601 1726 646 et
1763 591 1990 646 cultam.

2129 582 2406 652 ιρονήσει.
2441 583 2581 637 Κατ’
2608 581 2886 654 ἐξαίρετον
2915 579 2973 637 δὲ
3004 582 3248 638 ἐνταῦθα
3283 586 3344 638 τὸ
3369 583 3834 654 οἰκούμενον

409 690 526 743 [mo
553 689 716 743 etiam
747 685 1143 758 plenitudinem
1169 685 1320 739 orbis
1345 691 1508 739 terrae
1544 681 1768 752 adiecit,
1804 681 1890 736 his
1919 681 1996 736 si-

2129 675 2263 748 Lépo;
2289 676 2391 747 τῆς
2423 677 2528 749 γῆς
2573 677 2898 749 οἰκουμένην
2939 678 3246 749 ὠνόμασεν,
3271 678 3838 742 ἀποδιαστεὶλεις
3947 675 3949 704 λ

408 780 676 852 gniﬁcans
725 779 1025 833 humanum
1058 792 1254 848 genus,
1288 775 1436 846 quod
1475 774 1668 830 orbem
1697 765 1860 829 terrae
1887 773 1994 826 im-

2129 768 2195 839 ῆς
2256 769 2464 840 ἐρήμου
2523 767 2750 840 καὶτῆς
2803 768 3047 840 οἰκητοῦ.
3117 769 3278 823 ’Δλλα
3322 770 3434 823 καὶ
3485 769 3593 822 τὸ
3659 771 3842 838 ﬁt-

412 874 542 944 plet.
571 870 758 941 Neque
781 879 963 926 tamen
989 870 1236 936 aberres,
1267 869 1315 923 si
1343 868 1452 923 alio
1480 865 1794 938 explicandi
1845 879 1998 920 more

2129 877 2258 932 ωμα
2318 861 2418 930 τῆς
2457 859 2782 932 οἰκουμένης
2827 861 3171 932 προσέθηκεν
3198 902 3214 927 ,
3260 862 3406 916 οὕτω
3465 863 3842 933 σημήνας

411 964 605 1029 dicas,
674 963 1071 1034 plenitudinem
1122 977 1248 1018 esse
1308 959 1614 1015 Salvatoris
1668 958 1994 1020 Ecclesiam,

2129 953 2160 1006 ὸ
2196 951 2304 1005 τῶν
2345 951 2650 1024 ἀνθρώπων
2680 952 2856 1021 γένος,
2889 952 2997 1006 τῶν
3041 954 3142 1026 τὴν
3186 955 3596 1026 οἰκουμένην
3659 954 3842 1023 1:11;-

413 1073 577 1128 quam
624 1057 804 1126 ipsum
858 1055 956 1110 Dei
999 1053 1239 1111 Verbum
1281 1053 1534 1110 funda-vit
1566 1067 1733 1125 supra
1761 1059 1993 1124 petram.

2129 1043 2356 1099 ούντων.
2410 1044 2693 1117 Πλήρωμα
2741 1045 2796 1099 δὲ
2847 1045 2942 1100 καὶ
2996 1046 3174 1111 ἄλλως
3219 1048 3318 1118 τῆς
3369 1046 3846 1117 οἰκουμένης

412 1147 758 1218 Quapropter
807 1147 954 1203 alibi
1023 1147 1232 1202 dictum
1283 1155 1369 1202 est
1421 1165 1434 1202 :
1497 1146 1756 1201 Dominus
1811 1161 2000 1215 regna-

2129 1136 2198 1188 ύκ
2242 1135 2310 1189 ἂν
2353 1135 2622 1208 ἁμάρτοις
2655 1137 2828 1206 λέγων
2871 1137 2969 1209 τὴν
3019 1138 3115 1192 τοῦ
3149 1140 3417 1212 Σωτῆρος
3499 1139 3836 1209 Ἐκκλη-

414 1243 483 1296 vit
506 1281 520 1305 ,
550 1240 788 1295 decorem
821 1241 1038 1295 indutus
1067 1249 1166 1296 est.
1193 1239 1404 1295 Etenim
1427 1241 1659 1295 correxit
1695 1240 1869 1294 orbem
1893 1249 1998 1293 ter-

2129 1229 2256 1294 τίαν,
2313 1229 2380 1300 ἣν
2413 1229 2574 1293 αὐτὸς
2616 1231 2645 1283 ὁ
2680 1230 2776 1284 τοῦ
2820 1230 2956 1284 Θεοῦ
3002 1232 3174 1300 Λόγος
3206 1232 3662 1304 ἐθεμελίωσεν
3709 1233 3836 1283 ἐπὶ

414 1349 510 1402 τω,
527 1335 616 1404 qui
645 1351 748 1388 non
774 1334 1184 1388 commovebitur
1202 1333 1266 1382 ³⁸.
1289 1332 1575 1399 Quomodo
1596 1343 1777 1387 autem
1801 1331 2000 1386 funda-

2129 1319 2198 1391 ὴν
2235 1321 2463 1392 πέτραν.
2520 1321 2614 1374 Διὸ
2661 1321 2759 1376 καὶ
2797 1323 2859 1374 ἐν
2908 1322 3120 1394 ἑτέροις
3162 1323 3424 1396 εἴρηται·
3503 1322 3826 1392 Κύριος

415 1428 554 1482 verit
572 1428 764 1482 orbem
799 1435 960 1482 terra:
987 1426 1182 1481 deinde
1213 1426 1424 1496 adjicit,
1447 1425 1759 1495 Aquilonem
1782 1434 1831 1479 et
1853 1442 2000 1480 mare

2129 1409 2500 1466 ϐασίλευσεν
2517 1449 2533 1476 ,
2587 1410 2950 1480 εὐπρέπειαν
3016 1413 3367 1468 ἐνεδύσατο.
3431 1415 3600 1468 Kal
3679 1417 3828 1483 τὰρ

416 1529 472 1573 tu
489 1520 724 1573 creasti:
747 1519 939 1590 quinta
967 1535 1099 1574 vero
1127 1518 1318 1582 editio,
1344 1517 1656 1590 Aquilonem
1671 1527 1722 1572 et
1742 1529 1924 1572 notum
1942 1529 1998 1572 tu

2129 1500 2458 1570 ιατώρθωσε
2503 1500 2619 1570 τὴν
2659 1504 3024 1572 οἰκουμένην
3041 1543 3055 1568 ,
3101 1503 3232 1572 ἥτις
3273 1507 3346 1558 οὐ
3404 1503 3814 1572 σαλευθή-

415 1610 629 1664 creasti.
662 1607 1000 1679 Videturque
1035 1609 1164 1663 mihi
1197 1624 1294 1679 per
1325 1608 1436 1663 duo
1473 1609 1643 1664 latera
1673 1617 1727 1664 et
1754 1619 1999 1664 extrema

416 1701 596 1766 orbis,
648 1707 822 1754 totum
882 1699 1150 1754 mundum
1217 1700 1554 1772 signiﬁcare,
1611 1715 1773 1772 quem
1821 1702 2000 1772 reple-

2103 1607 2300 1647 σεται.
2329 1592 2454 1658 Πῶς
2479 1593 2538 1646 δὲ
2581 1592 2912 1664 ἐθεμελίωσε
2942 1595 3041 1666 τὴν
3083 1596 3443 1666 οἰκουμένην,
3469 1596 3812 1664 ἐπιλέγει

2101 1682 2250 1754 ἑξῆς,
2275 1683 2630 1753 Τύνβορῤᾶν
2640 1685 2736 1739 καί
2774 1684 2888 1754 τὴν
2902 1684 3226 1741 θάλασσαν
3237 1687 3319 1741 σὺ
3329 1688 3650 1754 ἔκτισας
3677 1691 3786 1744 αὑ

417 1793 493 1846 vit
542 1791 843 1847 Salvatoris
895 1792 1072 1848 nostri
1119 1793 1323 1848 virtus.
1364 1791 1790 1847 Animadvertas
1836 1805 2003 1862 porro

2129 1773 2196 1829 'd'
2217 1775 2324 1847 ἡδὲ
2351 1775 2580 1848 πέμπτη
2599 1775 2827 1842 ἑκδοσις,
2850 1776 3084 1846 Βορῤᾶν
3104 1779 3204 1836 καί
3227 1783 3414 1834 νότον
3445 1781 3554 1834 σὺ
3601 1780 3804 1836 ἐκτι-

417 1884 601 1949 velim,
628 1898 735 1954 quo
759 1893 920 1955 pacto
946 1884 1036 1937 hic
1062 1899 1162 1954 pro
1187 1882 1327 1938 facie
1359 1883 1530 1939 totius
1577 1882 1791 1947 mundi,
1817 1883 2008 1938 orien-

416 1981 525 2029 tem
556 1980 760 2044 ponat;
803 1989 902 2042 pro
945 1971 1171 2027 sinistra
1199 2010 1216 2038 ,
1279 1971 1554 2027 borealem
1611 1971 1863 2042 plagam;
1908 1985 2009 2041 pro

417 2064 641 2120 dextera
668 2063 1080 2120 meridionalem
1123 2071 1178 2118 et
1208 2062 1529 2118 australem.
1567 2060 1703 2116 Nam
1741 2077 1864 2117 cum
1899 2062 2006 2128 ait,

418 2157 733 2229 Aquilonem
772 2166 821 2210 et
867 2155 1057 2210 dextra
1104 2164 1161 2208 tu
1211 2155 1441 2218 creasti,
1487 2154 1759 2211 borealem
1792 2155 2008 2226 plagam

419 2249 703 2304 sinistrum
725 2263 848 2304 esse
871 2247 1019 2302 latus
1042 2247 1316 2313 declarat;
1347 2247 1618 2317 siquidem
1643 2247 1896 2301 dextrum
1923 2252 2010 2300 est

419 2343 678 2398 australe.
712 2339 776 2396 Si
818 2341 1004 2412 itaque
1054 2349 1264 2395 stantes
1298 2346 1489 2394 notum
1519 2343 1573 2394 in
1597 2337 2012 2408 dextera,aqui-

422 2437 600 2492 Ionem
635 2435 688 2489 in
719 2435 945 2490 sinistra
998 2432 1322 2498 habeamus,
1361 2432 1650 2488 adversum
1685 2432 2011 2488 habebimus

421 2526 710 2588 orientem.
753 2540 784 2578 a
815 2533 970 2596 tergo
997 2532 1180 2580 autem
1207 2525 1550 2580 occidentem
1580 2544 1594 2580 :
1623 2525 1697 2580 ita
1726 2532 1786 2578 ut
1816 2539 2014 2580 secun-

421 2617 552 2672 dum
581 2617 863 2689 physicam
890 2616 1390 2673 considerationem
1425 2617 1540 2672 haec
1579 2617 1725 2673 dicta
1756 2619 1866 2672 sint
1887 2657 1902 2679 ,
1943 2617 2013 2671 ad

423 2710 593 2765 totius
623 2710 813 2764 mundi
850 2711 1181 2779 positionem
1226 2708 1638 2764 declarandam.
1696 2708 1829 2776 Quae
1880 2708 2016 2763 indi-

423 2815 550 2857 care
581 2801 951 2857 necessarium
986 2799 1086 2855 fuit
1126 2802 1191 2855 ad
1221 2799 1669 2873 signiﬁcandum,
1699 2801 2014 2856 divinarum

427 2891 836 2963 Scripturarum
871 2893 1183 2948 doctrinam
1215 2909 1395 2965 neque
1426 2894 1626 2951 horum
1659 2893 1878 2964 quidem
1916 2909 2017 2949 no-

425 2987 600 3042 titiam
633 2985 1070 3057 praetermisisse.
1090 2984 1225 3040 Nam
1250 2985 1458 3050 omnia,
1487 2987 1681 3056 inquit,
1707 2994 1765 3040 tn
1789 2987 2013 3052 creasti,

425 3079 542 3134 sive
589 3079 814 3134 dextras
860 3078 1051 3133 mundi
1097 3086 1302 3148 partes,
1335 3080 1451 3134 sive
1505 3079 1780 3135 sinistras.
1814 3075 2015 3134 Verum

2106 1883 2244 1935 σας.
2278 1870 2436 1922 Δοκεῖ
2467 1867 2524 1922 δέ
2555 1885 2646 1940 μοι
2667 1867 2756 1922 διὰ
2780 1868 2887 1922 τῶν
2912 1868 3006 1922 δύο
3029 1869 3278 1942 πλευρῶν
3302 1889 3362 1925 τε
3390 1875 3501 1926 καὶ
3543 1874 3802 1946 ἄκρων

2104 1960 2208 2032 τῆς
2245 1961 2572 2034 οἰκουμένης
2621 1963 2716 2017 τδν
2767 1963 3059 2036 σύμπαντα
3103 1964 3309 2036 κόσμον
3363 1965 3652 2037 δηλοῦν,
3721 1965 3794 2019 ὃν

2108 2051 2424 2124 ἐπλήρωσεν
2453 2055 2486 2126 ἡ
2514 2055 2607 2106 τοῦ
2630 2055 2882 2126 Σωτῆρος
2908 2056 3066 2127 ἡμῶν
3093 2055 3341 2127 δύναμις.
3361 2056 3485 2111 Θέα
3516 2058 3598 2112 δὲ
3639 2058 3792 2114 τίνα

2107 2145 2309 2216 τρόπον
2351 2145 2439 2200 διὰ
2471 2145 2676 2200 τούτων
2715 2148 3051 2218 παρίσταται
3096 2149 3385 2219 πρόσωπον
3430 2149 3544 2203 τοῦ
3605 2150 3782 2222 σύμ-

2111 2253 2315 2302 παντος
2343 2238 2552 2311 κόσμου
2591 2239 2654 2293 τὸ
2677 2240 2994 2295 ἀνατολικὸν
3033 2241 3218 2313 μέρος·
3247 2243 3562 2316 ἀριστερὸν
3596 2243 3672 2297 δὲ
3703 2245 3780 2297 τὸ

2112 2327 2344 2400 βόρειον,
2377 2330 2550 2399 δεξιὸν
2573 2333 2630 2386 δέ
2660 2334 2720 2387 τὸ
2756 2333 3130 2405 μεσημϐρινὸν
3153 2335 3249 2388 καὶ
3277 2336 3482 2392 νότιον.
3523 2337 3640 2390 Ἑν
3679 2337 3774 2407 τῷ

2109 2427 2218 2500 γὰρ
2252 2429 2440 2498 φάναι,
2474 2428 2585 2484 Τὸν
2607 2428 2844 2498 βορῤᾶν
2871 2427 2971 2481 καὶ
3008 2429 3079 2482 τὰ
3111 2427 3281 2492 δεξιὰ
3315 2428 3398 2482 σὺ
3443 2429 3768 2495 ἔκτισας,

2110 2519 2173 2574 τὸ
2196 2521 2406 2594 βόρειον
2429 2522 2663 2594 πλευρὸν
2687 2520 2974 2594 ἀριστερὸν
3001 2517 3142 2575 εἶναι
3166 2521 3422 2588 ἐδίδαξεν·
3465 2522 3526 2574 εἰ
3549 2538 3632 2590 γε
3659 2521 3762 2574 δε·-

2115 2611 2224 2678 ξιδν
2253 2614 2314 2667 τὸ
2343 2615 2537 2669 νότιον.
2581 2615 2643 2668 Εἰ
2674 2615 2740 2685 δὴ
2780 2609 2874 2667 οὖν
2918 2614 3152 2678 ἑστῶτες
3199 2614 3420 2686 ἔχοιμεν
3467 2617 3532 2668 ἐν
3580 2614 3758 2686 δεξιᾷ

2117 2705 2217 2779 μὲν
2245 2707 2456 2760 ἑαυτῶν
2491 2707 2582 2762 τὸν
2617 2707 2791 2773 νότον,
2821 2710 2879 2760 ὲν
2909 2706 2966 2760 δὲ
2991 2710 3101 2770 τοῖς
3125 2709 3438 2779 ἀριστεροῖς
3463 2709 3565 2762 τὸν
3606 2708 3751 2781 βορ-

2118 2802 2240 2872 ρἇ,
2281 2799 2701 2870 ἀντιπρόσωπον
2757 2802 3032 2871 σχήσομεν
3082 2799 3181 2871 τὴν
3228 2799 3526 2871 ἀνατολὴν,
3585 2800 3747 2853 κατὰ

2115 2892 2285 2947 νώτου
2313 2893 2370 2946 δέ
2399 2893 2498 2966 τὴν
2523 2893 2696 2957 δύσιν·
2729 2893 2870 2948 ὥστε
2898 2893 3043 2947 κατά
3065 2911 3187 2947 τινα
3217 2893 3455 2964 φυσικὴν
3481 2893 3744 2966 Θεωρίαν

2116 2983 2369 3059 εἰρῆσθαι
2401 2981 2596 3053 ταῦτα,
2633 2986 2733 3058 τὴν
2761 2985 2910 3040 θέσιν
2938 2985 3033 3040 τοῦ
3071 2987 3274 3050 παντὸς
3318 2985 3531 3058 κόσμου
3578 3003 3740 3058 παρ-

2120 3080 2374 3135 ιστῶντα.
2412 3081 2480 3134 Ἃ
2520 3080 2616 3134 καὶ¹
2659 3079 2801 3134 αὐτὰ
2844 3066 3141 3150 ἀναγκάζον
3165 3079 3617 3153 ἐπισημήνασθαι
3653 3085 3736 3145 εἰς

427 3168 653 3226 dextras
686 3169 865 3226 solum
901 3169 1227 3225 nominatim
1255 3171 1600 3234 memoravit,
1635 3177 1799 3241 atque
1823 3185 1852 3224 a
1883 3170 2019 3224 sini-

2129 3174 2466 3247 παράστασιν
2493 3173 2590 3228 τοῦ
2627 3175 2761 3246 μηδὲ
2789 3175 2887 3246 τὴν
2915 3175 3119 3229 τούτων
3159 3175 3360 3244 γνῶσιν
3391 3174 3732 3247 παραλελοί-

428 3263 530 3319 stri
561 3264 783 3320 nomine
821 3263 1077 3318 consulto
1130 3263 1416 3319 abstinuit.
1466 3263 1648 3331 Quare
1713 3263 2016 3319 secundum

431 3353 820 3426 Symmachum
851 3354 1075 3421 dicitur,
1109 3352 1174 3407 In
1205 3355 1520 3425 Aquilonem
1565 3363 1615 3410 et
1655 3354 1929 3410 dexteram
1958 3363 2018 3407 tu

429 3445 664 3507 creasti;
728 3445 1030 3500 secundum
1094 3446 1349 3517 Aquilam
1395 3460 1566 3510 vero,
1610 3444 1921 3513 Aquilonem
1967 3453 2018 3498 et

431 3536 705 3591 dexteram
740 3544 799 3590 tu
821 3538 1036 3594 creasti.
1065 3537 1267 3606 Quinta
1301 3544 1482 3593 autem
1513 3537 1682 3594 editio
1711 3535 2020 3592 accuratius

431 3629 723 3699 explicavit
757 3645 1007 3702 quaenam
1049 3630 1278 3686 dextera
1299 3638 1488 3685 essent
1517 3628 1711 3685 dicens
1731 3669 1747 3690 ,
1797 3627 2022 3697 Aquilo-

433 3737 551 3775 nem
593 3730 643 3776 et
675 3719 858 3776 notum
899 3731 953 3775 tu
984 3722 1201 3776 creasti.
1237 3720 1475 3777 Sinistra
1519 3735 1687 3791 porro
1729 3719 1872 3791 apud
1904 3735 2021 3775 om-

434 3828 534 3870 nes
565 3813 894 3885 interpretes
931 3813 1155 3870 silentio
1179 3814 1438 3878 mittitur,
1466 3813 1596 3884 quia
1640 3820 1866 3883 putatur
1892 3813 2021 3882 quid

437 3905 738 3962 infaustum
767 3921 913 3970 esse,
943 3912 998 3962 et
1028 3906 1224 3962 dextro
1254 3907 1606 3978 oppositum:
1658 3905 1796 3960 nihil
1838 3915 2020 3960 autem

435 3999 492 4053 in
517 3998 774 4054 universo
819 3997 1118 4054 infaustum
1149 4008 1205 4054 et
1245 3998 1391 4054 bono
1426 3999 1738 4069 oppositum
1764 4005 1866 4055 est.
1899 3996 2024 4053 Om-

438 4091 530 4146 nia
559 4092 728 4155 enim,
757 4091 967 4162 inquit,
1023 4101 1080 4145 tu
1117 4092 1340 4147 creasti.
1376 4091 1496 4147 Duo
1543 4101 1722 4148 autem
1769 4099 1983 4147 montes
2005 4136 2020 4159 ,

448 4179 658 4235 l‘habor
685 4191 739 4236 et
761 4179 1022 4244 Harmon,
1061 4196 1158 4250 per
1191 4182 1575 4237 excellentiam
1606 4190 1804 4254 praeter
1830 4198 2024 4240 omnes

441 4270 577 4324 alios
609 4270 897 4325 memorati
932 4277 1097 4326 sunt:
1132 4271 1335 4326 etenim
1368 4271 1423 4326 hi
1471 4271 1526 4326 in
1554 4272 1776 4328 nomine
1805 4281 1898 4328 tuo
1925 4289 2025 4329 ex-

442 4359 745 4415 sultahunt.
811 4358 1125 4416 Secundum
1183 4360 1436 4431 Aquilam
1481 4377 1652 4426 vero,
1716 4363 1927 4418 Thabor
1975 4374 2026 4418 et

445 4450 680 4507 Hermon
714 4453 766 4505 in
794 4453 1004 4507 nomine
1034 4462 1124 4506 tuo
1157 4451 1489 4518 laudabunt;
1535 4455 1836 4510 secundum
1865 4455 2026 4528 Sym-

2123 3266 2282 3320 πέναι
2309 3267 2410 3339 τὴν
2439 3265 2547 3320 τῶν
2570 3267 2732 3320 θείων
2765 3267 2998 3339 Γραφῶν
3035 3267 3404 3322 διδασκαλίαν.
3435 3267 3516 3320 Τὰ
3540 3267 3732 3321 πάντα

2123 3361 2254 3433 γὰρ,
2281 3362 2436 3432 φησὶ,
2470 3362 2534 3415 σὺ
2557 3360 2798 3424 ἔκτισας,
2826 3361 2906 3415 τά.
2925 3377 2983 3414 τε
3015 3360 3165 3428 δεξιὰ
3188 3361 3284 3415 τοῦ
3309 3360 3516 3430 κόσμου
3549 3360 3724 3431 μέρη,

2125 3451 2220 3505 καὶ
2252 3450 2322 3504 τὰ
2349 3452 2634 3523 ἀριστερά.
2681 3451 2843 3506 Ἀλλά
2869 3452 2938 3506 τά
2963 3453 3061 3524 μὲν
3083 3450 3234 3519 δεξιά
3261 3449 3516 3521 ὀνομαστὶ
3542 3465 3717 3520 προσ-

2126 3546 2300 3610 εῖπεν,
2324 3542 2630 3613 ἐφυλάξατο
2647 3543 2704 3596 δὲ
2725 3544 3031 3617 χρήσασθαι
3060 3544 3137 3615 τῷ
3166 3542 3259 3597 τοῦ
3287 3539 3571 3614 ἀριστεροῦ
3595 3540 3715 3592 όνόο

2130 3653 2280 3707 ματι.
2312 3635 2404 3688 Διδ
2435 3636 2685 3691 λέλεκται
2718 3639 2861 3692 κατὰ
2887 3637 2979 3691 τὸν
3008 3636 3326 3708 Σύμμαχον,
3362 3636 3466 3700 Εἰς
3481 3629 3712 3700 βοῤῥᾶν

2127 3729 2226 3783 καὶ
2277 3728 2484 3794 δεξιὰν
2525 3729 2608 3784 σὺ
2654 3729 2934 3798 ἔκτισας·
2986 3731 3080 3783 καὶ
3120 3727 3263 3783 κατὰ
3313 3726 3405 3780 τὸν
3464 3723 3704 3788 Ἀκύλαν,

2128 3819 2364 3890 Βορῤᾶν
2398 3821 2497 3876 καί
2525 3820 2733 3886 δεξιὰν
2759 3821 2842 3876 σὺ
2870 3823 3138 3886 ἔκτισας.
3181 3820 3248 3874 Ἦ
3274 3818 3333 3872 δὲ
3371 3817 3582 3890 πέμπτη
3613 3815 3704 3868 ἐκ·

2127 3915 2274 3979 δοσις
2317 3915 2652 3987 σαφέστερον
2693 3917 3009 3990 ἡρμήνευσε
3039 3915 3162 3970 τινα
3199 3911 3270 3966 τὰ
3301 3911 3446 3976 δεξιά
3474 3912 3699 3981 φήσασα,

2129 4007 2362 4077 Βορῤᾶν
2405 4008 2505 4062 καὶ
2552 4007 2736 4062 νότον
2779 4007 2862 4062 σὺ
2913 4007 3182 4072 ἔκτισας.
3237 4004 3312 4058 Τδ
3352 4003 3395 4058 δ’
3434 4000 3696 4075 ἀριστερὸν

2131 4099 2310 4170 πάντη
2341 4099 2679 4170 σεσιώπηται
2707 4099 2858 4173 παρὰ
2885 4101 3001 4164 τοῖς
3032 4101 3185 4162 πᾶσι,
3211 4097 3299 4152 διὰ
3323 4097 3384 4150 τὸ
3409 4093 3692 4167 νομίζεσθαι

2133 4192 2322 4246 σκαιὸν
2354 4187 2494 4245 εἶναι
2533 4193 2627 4247 καὶ
2661 4192 2904 4246 ἐναντίον
2932 4191 3010 4262 τῷ
3051 4189 3228 4261 δεξιῷ·
3274 4188 3424 4242 οὐδὲν
3451 4187 3501 4240 δὲ
3539 4188 3590 4238 ἐν
3620 4184 3691 4254 τῷ

2133 4283 2296 4336 παντὶ
2329 4284 2538 4346 σκαιὸν,
2589 4284 2712 4337 ούδέ
2757 4283 2836 4356 τῷ
2883 4281 3034 4354 καλῴ
3079 4281 3343 4336 ἐναντίον.
3395 4280 3560 4334 Πάντα
3600 4278 3689 4349 μὲν

2133 4371 2246 4439 οὖν,
2277 4376 2432 4447 φησί,
2461 4378 2525 4430 σὺ
2553 4376 2794 4440 ἔκτισας.
2835 4377 2974 4447 Ὀρη
3005 4375 3061 4428 δὲ
3091 4373 3204 4439 δύο,
3237 4372 3300 4426 τὸ
3324 4371 3508 4443 Θαϐὼρ
3531 4371 3611 4423 καὶ
3633 4370 3688 4423 τὸ

2144 4465 2362 4538 Ἐρμὼν
2393 4467 2672 4539 ἐξαίρετόν
2699 4485 2752 4521 τι
2791 4467 3055 4537 κέκληται
3100 4465 3254 4536 παρὰ
3288 4464 3475 4518 πάντα·
3501 4463 3568 4535 τῷ
3589 4463 3682 4535 γὰρ

444 4544 698 4599 machum
733 4553 946 4610 autem,
999 4545 1212 4600 Tltabor
1261 4555 1310 4600 et
1361 4545 1598 4602 Hermon
1656 4564 1846 4602 nomen
1879 4558 2019 4602 tuum

2133 4558 2357 4630 ὀνόματὶ
2384 4577 2478 4612 σου
2506 4559 2678 4613 ταῦτα
2704 4559 3147 4628 ἁγαλλιάσονται.
3177 4557 3334 4610 Κατά
3359 4557 3414 4610 δέ
3432 4556 3510 4610 τὸν
3544 4554 3680 4610 ’Δκύ-

443 4633 800 4690 celebrabunt.
837 4633 1044 4690 Horum
1093 4651 1257 4706 porro
1292 4635 1558 4691 montium
1605 4637 1773 4692 variis
1804 4639 1858 4693 in
1892 4638 2030 4694 locis

445 4727 695 4783 meminit
724 4726 936 4783 Veteris
984 4726 1319 4784 Testamenti
1367 4729 1601 4784 historia
1628 4769 1644 4794 ,
1681 4730 2032 4802 arbitrorque

446 4821 532 4876 his
567 4821 626 4876 in
674 4821 956 4876 montibus
1003 4822 1286 4877 mirabiles
1337 4821 1460 4877 illas
1510 4819 1812 4878 Salvatoris
1855 4825 2034 4880 nostri

447 4914 982 4986 transﬁgurationes,
1021 4914 1445 4986 frequentesque
1491 4930 1675 4972 moras
1714 4916 2032 4981 exstitisse,

447 5005 664 5076 quando
695 5021 820 5062 cum
870 5006 1191 5062 hominibus
1235 5007 1582 5062 versabatur.
1616 5007 1698 5062 An
1747 5023 1880 5063 vero
1913 5007 2032 5079 ipsa

448 5101 732 5155 nominum
766 5099 1098 5172 signiﬁcatio
1147 5099 1354 5170 aliquid
1389 5101 1549 5156 nobis
1591 5100 1660 5155 ad
1705 5101 1900 5156 horum
1950 5102 2034 5157 in-

448 5195 802 5264 telligentiam
840 5193 1109 5260 conferat,
1148 5205 1206 5249 tu
1241 5195 1357 5263 ipse
1387 5194 1708 5250 consideres
1737 5195 1920 5250 velim.

2133 4648 2253 4716 λαν,
2301 4651 2504 4719 Θαϐὼρ
2546 4650 2645 4704 καί
2690 4651 2912 4721 Ἑρμῶν
2939 4651 3010 4703 ἐν
3037 4649 3119 4715 τῷ
3155 4649 3401 4718 ὀνόματι
3429 4663 3528 4702 σου
3548 4647 3680 4700 αἰνέ-

2133 4757 2346 4796 σουσι·
2380 4743 2522 4796 κατὰ
2556 4743 2613 4798 δὲ
2643 4744 2736 4796 τὸν
2770 4741 3086 4814 Σύμμαχον,
3123 4739 3328 4810 Θαϐὼρ
3361 4739 3450 4793 καί
3480 4739 3536 4793 τὸ
3577 4739 3677 4806 Ἐρ-

2131 4833 2266 4904 μὼν
2292 4834 2360 4888 τὸ
2391 4834 2581 4905 ὄνομά
2617 4849 2736 4889 σου
2781 4832 3230 4904 εὐφημήσουσι.
3278 4830 3481 4884 Τούτων
3511 4829 3558 4882 δὲ
3584 4828 3676 4882 τῶν

2139 4925 2311 4997 ὁρέων
2344 4926 2620 4998 μέμνηται
2649 4927 2925 4998 διαφόρως
2965 4927 2999 4996 ἡ
3039 4925 3142 4994 τῆς
3173 4923 3416 4986 Παλαιᾶς
3449 4920 3674 4991 Διαθήκης

2144 5019 2376 5091 ἱστορία·
2403 5021 2496 5074 καὶ
2527 5015 2682 5090 οἶμαί
2709 5037 2772 5090 γε
2803 5021 2861 5072 ἐν
2890 5017 3100 5081 τούτοις
3129 5021 3243 5081 τοῖς
3268 5016 3414 5088 ὄρεσι
3431 5013 3512 5078 τὰς
3530 5030 3673 5084 παρα-

2143 5109 2329 5175 δόξους
2356 5109 2448 5164 τοῦ
2483 5111 2734 5183 Σωτῆρος
2764 5109 2922 5181 ἡμῶν
2947 5109 3232 5179 γεγονέναι
3259 5097 3669 5179 μεταμορφώσεις,

2145 5203 2241 5256 καὶ
2271 5203 2371 5268 τὰς
2412 5203 2630 5267 πλείους
2668 5202 2969 5276 διατριϐὰς,
3013 5203 3104 5256 ὅτε
3144 5203 3242 5255 σὺν
3273 5199 3546 5273 ἀνθρώποις
3569 5199 3670 5249 ἐπο-

449 5291 709 5345 λιτεύετο.
738 5291 802 5344 Εἰ
839 5290 895 5344 δέ
937 5292 1030 5345 καὶ
1075 5289 1183 5345 τῶν
1229 5290 1509 5361 ὀνομάτων
1555 5291 1590 5362 ἡ
1626 5291 1894 5364 ἑρμηνεία
1931 5293 2300 5366 συμϐάλλεταί
2347 5317 2402 5352 τι
2441 5302 2574 5372 ἡμῖν
2608 5300 2687 5364 εἱς
2721 5299 2820 5370 τὴν
2865 5297 2974 5352 τῶν
3036 5295 3412 5368 προκειμένων
3461 5292 3666 5354 διάνοιαν,

451 5391 545 5446 καὶ
578 5390 742 5453 αὐτὸς
769 5391 1105 5461 ἐπιστήσεις.

522 5482 692 5538 Vens.
727 5482 814 5547 14,
839 5482 929 5536 15.
971 5483 1135 5536 Tuum
1162 5477 1432 5534 brachium
1467 5495 1587 5532 cum
1640 5481 1877 5550 potentia
1903 5497 1921 5534 :
1952 5482 2041 5552 ﬁr-

453 5586 622 5632 metur
648 5591 834 5628 manus
865 5583 977 5639 tua,
1002 5573 1268 5628 exaltetur
1301 5571 1520 5627 dextera
1552 5581 1644 5626 tua
1675 5589 1694 5626 :
1739 5573 1957 5643 justitia
1991 5584 2040 5629 et

433 5831 440 5834 _
525 5757 570 5788 '°
609 5753 771 5811 Prov.
812 5769 906 5816 nt,
948 5753 1033 5810 l9.
1111 5755 1152 5786 ³⁸
1195 5753 1342 5813 Psal,
1381 5767 1490 5808 xc"
1516 5791 1530 5813 ,
1569 5752 1622 5807 ί,

2219 5479 2335 5547 Σὸς
2363 5483 2396 5535 ὁ
2425 5481 2700 5549 ,ϐραχίων
2723 5481 2873 5550 μετὰ
2910 5479 3292 5546 δυναστείας·
3324 5473 3666 5548 κραταιωθήτω

2149 5574 2187 5642 ἠ
2223 5573 2353 5643 χείρ
2385 5587 2525 5639 σου,
2556 5573 2854 5643 ὑψωθήτω
2899 5573 2937 5640 ἡ
2980 5571 3149 5637 δεξιά
3189 5586 3326 5627 σου.
3376 5567 3664 5638 Amatam
