1986 3406
88 129 185 156 1093

683 127 933 156 COMMENTARIA
954 128 989 156 IN
1001 129 1174 163 'PSALMOS.

1661 133 1743 175 _toot

89 186 159 213 καὶ
177 185 266 221 κρῇια
281 186 437 222 ἑτοιμασία
458 187 513 215 τοῦ
527 187 721 222 θρόνουεσου.
743 189 846 221 Ἔλεος
860 190 902 216 καὶ

954 189 1087 225 judicium
1100 190 1262 224 pra-paratio
1276 189 1363 218 throni
1379 191 1427 218 tui.
1444 190 1630 219 Hisericordia
1652 197 1677 219 et
1699 201 1744 220 ve-

88 232 489 267 ἀλήθεια-προπορεύσεται
506 234 563 269 πρὸ
583 234 746 268 προσώπου
767 243 835 262 σου.
850 237 905 263 Καὶ

90 277 200 305 ταῦτα
219 279 259 310 εἰς
279 278 328 314 τὴν
345 278 392 305 τοῦ
416 279 585 314 Μονογενοῦς
605 279 653 306 τοῦ
671 280 739 307 Θεοῦ
753 280 905 315 δοξολογίαν

93 323 308 359 παρείληπται,
322 324 395 360 ἅπερ
407 325 572 361 σαφέστερον
582 326 597 353 ό
613 325 728 359 Ἀκύλας
737 327 904 363 ἡρμήνευσε,

93 371 347 403 τοῦτονμάποδοὺς
369 372 415 399 τδν
435 372 546 408 τρόπον·
564 373 622 406 Σὸς
642 374 659 400 ό
675 373 811 408 ,ϐραχίων
833 374 906 409 μετὰ

95 416 303 450 δυναστείας·
320 417 467 451 ἀήττητος
486 419 506 452 ἠ
523 419 587 452 χείρ
601 426 670 451 σου,
691 418 797 453 ὑψηλὴ
815 420 836 453 ἡ
849 419 906 454 ,δε-

98 461 161 494 ξιά
178 470 248 490 σου⁸
261 463 441 498 δικαιοσύνη
456 464 507 491 καὶ
525 464 614 499 κρῖμα
625 464 720 498 ,βάσις
731 465 785 493 τοῦ
796 466 904 499 θρόνου

97 515 180 534 σου.
203 508 259 535 Καὶ
272 509 373 540 ταύτας
388 508 417 535 δὲ.
429 509 588 542 ἀναγκαίως
602 509 651 541 τὰς
667 509 828 546 θεοπρεπεῖς
842 512 905 545 ἀρε-

98 553 160 584 τὰς
176 555 206 580 ὲν
221 555 258 590 τῇ
273 553 396 591 θεολογίᾳ
410 555 562 591 παρείληφε
577 556 622 583 διὰ
634 556 684 588 τὰς
696 556 743 583 τοῦ
759 556 825 583 Θεοῦ
838 557 906 593 πρὸς

97 598 155 625 τὸν
164 598 247 625 Δαυῖδ
260 599 436 634 ἐπαγγελίας.
448 600 530 627 Οὐδὲν
539 600 603 636 γὰρ.
614 601 706 636 φησὶν.
715 601 904 637 ἀντιστήσεται

100 645 159 672 σοῦ
175 647 209 681 τῇ
226 645 319 681 βουλῇ⁹
344 646 413 681 μετὰ
426 646 482 682 γὰρ
496 646 543 673 τοῦ
564 647 650 674 θέλειν
667 648 714 675 καὶ
731 648 762 674 τὸ
776 647 905 675 δύνασθαί

100 699 151 717 σοι
167 688 214 718 οἷα
227 691 287 726 Θεῷ
302 692 349 718 καὶ
363 692 481 729 δεσπότῃ
494 692 549 719 τῶν
562 693 630 720 ὅλων
641 693 769 730 πάρεστι.
784 694 840 721 Καὶ
850 694 905 730 γὰρ

99 736 232 772 βραχίων
247 738 289 764 σοί
303 738 361 764 ἐστι
380 738 467 773 μέγας
486 739 534 766 καὶ
546 738 691 766 δυναστεία
706 740 753 766 καὶ
763 739 838 776 ἀρχὴ
851 740 905 767 τῶν

101 782 232 814 πάντων,
243 791 419 820 κεκραταιωμ
425 784 471 820 ένη
481 793 511 811 τε
522 785 582 820 χεὶρ
589 785 641 812 ,καὶ
651 785 806 821 ὑψηλοτάτη
817 785 904 819 δεξιὰ,

102 828 120 854 ὃ
129 836 162 855 τε
172 828 277 864 ¹θρόνος
290 829 341 865 τῆς
358 830 408 866 σῆς
423 830 572 865 βασιλείας,
580 830 675 867 ὥσπερ
689 832 713 858 ot
725 831 780 858 τῶν
795 832 841 858 ἐπὶ
853 832 904 868 γῆς

955 236 1023 262 ritas
1033 235 1178 270 precedent
1189 235 1284 270 faciem
1294 240 1379 264 tuam.
1392 235 1454 263 Haec
1469 236 1533 264 item
1552 237 1585 264 ad
1604 236 1741 273 Unigeniti
1790 243 1793 246 ί

956 279 1004 307 Dei
1017 280 1131 315 gloriam
1142 280 1334 308 celebrandam
1358 285 1526 316 usurpantur
1540 291 1547 309 ε
1565 290 1626 317 quae
1643 283 1741 318 Aquila

955 325 1058 353 clarius
1086 325 1280 361 interpretatur
1300 326 1352 354 hoc
1375 331 1455 362 pacto
1474 336 1480 354 :
1496 327 1581 354 Tuum
1605 327 1742 355 brachium

955 378 1014 396 eum
1036 372 1153 404 polentia
1168 379 1178 398 :
1198 371 1294 398 invicta
1315 379 1409 399 manus
1436 377 1493 403 tua,
1509 372 1612 399 excetra
1632 372 1742 401 dextera

957 418 1020 441 tua:
1031 415 1140 449 justitia
1153 420 1179 443 et
1191 415 1323 450 judicium
1335 415 1405 444 basis
1419 417 1506 444 throni
1522 418 1571 444 tui.
1583 416 1742 454 Opportune

956 464 1045 487 autem
1059 459 1167 489 divinas
1181 461 1264 489 hasce
1281 461 1407 494 virtutes,
1421 462 1456 490 de
1472 462 1527 490 Deo
1548 463 1671 498 loquens,
1685 472 1742 492 me-

956 507 1082 540 moravit,
1097 507 1134 535 ob
1147 507 1281 542 promissa
1296 507 1342 535 Dei
1359 507 1454 535 Davidi
1468 508 1549 536 facta.
1565 508 1682 542 Etenim,
1701 510 1742 538 in-

954 552 1024 587 quit,
1040 552 1108 580 nihil
1129 553 1263 580 voluntati
1284 553 1401 582 obsistet
1420 558 1473 581 tuae
1490 563 1496 582 :
1514 558 1585 582 cum”
1603 555 1744 584 voluntate

956 600 1055 635 quippe
1075 599 1136 632 tibi,
1156 604 1248 635 utpote
1265 599 1321 627 Deo
1347 605 1374 627 et
1394 600 1505 628 domino
1533 601 1720 629 universorum
1733 622 1741 634 ,

955 645 1032 674 adest
1049 649 1181 681 potestas.
1198 645 1266 673 Nam
1287 654 1415 682 magnum
1428 646 1476 674 tibi
1490 647 1631 675 brachium
1647 651 1699 681 est,
1715 652 1743 676 et

955 696 1078 727 potestas
1092 696 1119 719 et
1132 692 1277 727 imperium
1290 692 1317 719 in
1332 692 1433 726 omnia,
1452 700 1549 720 manus
1568 693 1685 726 ﬁrmata,
1698 701 1743 722 ex-

955 737 1152 765 cellentissima
1180 737 1311 765 dextera:
1332 738 1502 773 thronusque
1529 739 1604 774 regni
1629 739 1689 772 tui,
1713 744 1743 767 ut

956 782 1046 809 throni
1074 783 1247 817 regnantium
1271 782 1298 809 in
1326 786 1400 810 terra
1426 790 1458 810 ex
1484 783 1602 818 pretiosa
1628 784 1743 811 materia

956 827 1074 856 confecti
1089 832 1165 862 sunt,
1178 829 1215 855 ita
1227 832 1255 856 et
1270 828 1327 864 ipse
1338 837 1370 856 ex
1382 829 1417 857 iis
1428 837 1489 864 qum
1503 833 1529 857 te
1546 829 1632 857 Deum
1645 830 1743 857 decent

108 873 315 908 βασιλευόντων
327 875 416 911 θρόνοι
433 876 463 909 ἐξ
477 875 543 912 ὕλης
559 876 653 912 τιμίας
667 877 840 913 πεποίηνται,
858 879 902 904 καὶ

955 875 1138 901 concinnatus
1152 878 1204 901 est.
1221 873 1325 902 Divina:
1350 875 1441 910 itaque
1459 875 1583 907 virtutes,
1593 874 1699 909 justitia
1715 880 1743 903 et

103 920 193 952 αὐτὸς
202 917 282 952 οὗτος
296 921 328 948 ὲκ
341 921 396 948 τῶν
411 922 570 958 πρεπόντων
585 931 626 949 σοι
637 922 676 958 τῷ
686 922 746 958 Θεῷ
757 924 904 950 κατεσκεύ-

104 973 204 993 ασται.
225 966 333 1001 Ἀρεταὶ
346 966 411 1001 γοίν
424 967 596 1003 θεοπρεπεῖς,
610 968 766 1004 δικαιοσύνη
785 969 832 996 καὶ
843 970 904 1005 κρῖ-

101 1019 161 1046 μα,
183 1011 229 1038 τὸν
249 1012 294 1039 σὺν
313 1012 516 1048 κατακοσμοῦσι
535 1012 637 1049 θρόνον.
656 1013 754 1049 Διόπερ
768 1013 902 1041 τοσούτων

103 1057 200 1083 οὐσῶν
215 1058 291 1093 παρὰ
307 1058 348 1084 σοὶ
360 1059 400 1094 τῷ
415 1058 474 1095 Θεῷ
483 1059 634 1095 δυνάμεων,
645 1059 755 1094 ὁμαλῶς
769 1060 816 1086 καὶ
829 1060 903 1086 ἀκω-

104 1102 199 1135 λύτως
217 1104 234 1139 ἡ
259 1104 373 1139 ἀλήθεια
397 1104 451 1131 τῶν
476 1105 530 1131 σῶν
551 1105 722 1139 ἐπαγγελιῶν
745 1105 901 1141 προτρέχει,

106 1148 227 1184 μηδενὸς
244 1149 438 1185 παραποδίζειν
451 1150 600 1185 δυναμένου
613 1151 661 1183 τὰς
675 1151 724 1183 σὰς
739 1152 901 1186 ἀποφάσεις,

106 1195 144 1227 ἃς
159 1195 271 1231 ὤμοσας
283 1196 322 1231 τῷ
334 1196 415 1222 Δαυῖδ
428 1196 500 1232 ὲλέῳς
512 1197 560 1223 καὶ
575 1197 665 1233 χάριτι
681 1197 731 1229 τὰς
745 1197 902 1230 ὲκτεθείσας

104 1240 276 1275 ἐπαγγελίας
301 1241 370 1276 πρὸς
386 1241 467 1267 αὐτὸν
485 1242 677 1277 πεποιημένος.
704 1242 776 1269 Ἀντὶ
798 1242 826 1268 δὲ
842 1242 901 1274 τοῦ,

105 1286 289 1319 Δικαιοσύνη
303 1286 351 1312 καὶ
369 1285 458 1320 κρῖμα
473 1286 629 1321 ὲτοιμασία
644 1287 696 1314 τοῦ
710 1288 818 1322 θρόνου
831 1296 900 1319 σου,

105 1331 181 1357 κατὰ
198 1330 243 1358 τὸν
266 1331 391 1363 Ἀκύλαν,
405 1333 583 1367 Δικαιοσύνη
596 1332 646 1360 καὶ
663 1333 751 1368 κρῖμα
767 1333 801 1360 τὸ
815 1333 901 1368 ἕδρα-

105 1382 173 1410 σμα
184 1376 236 1403 τοῦ
250 1377 358 1410 θρόνου
369 1377 475 1410 αὐτοῦ,
488 1378 606 1414 είρηταν
620 1380 634 1405 ὁ
646 1379 675 1405 δὲ
686 1379 832 1415 Σύμμαχος
844 1379 902 1413 τὴν

103 1421 204 1453 ,βάσιν
218 1422 302 1458 αὐτὴν
318 1421 388 1450 εἷναί
402 1432 468 1459 φησι
483 1424 533 1460 τὴν
547 1424 720 1461 δικαιοσύνην
737 1426 784 1452 καὶ
796 1426 827 1452 τὸ
843 1426 903 1462 κρί-

109 1475 158 1501 μα.
181 1466 237 1501 Τῆς
248 1476 279 1501 γε
293 1468 351 1503 μὴν
367 1468 538 1505 δικαιοσύνης
554 1470 602 1496 καὶ
619 1469 666 1496 τοῦ
686 1470 819 1506 κρίματος
833 1470 902 1505 μετὰ

107 1511 281 1548 δικαιοσύνης
293 1513 486 1550 ἐκφερομένου,
505 1515 650 1551 προτρέχει
662 1515 736 1547 ἔλεος
748 1515 795 1542 καὶ
806 1516 822 1551 ή
835 1515 902 1550 ἁλή-

951 919 1088 953 judicium
1102 939 1110 952 ,
1125 919 1253 946 thronum
1271 923 1405 947 exornant
1421 924 1508 946 tuum.
1521 918 1692 954 Quapropter
1703 939 1710 950 ,
1725 926 1743 945 ο

954 964 1038 996 Deus,
1056 972 1118 992 cum
1134 968 1174 991 tot
1190 969 1328 1000 tantaeque
1352 971 1436 999 penes
1458 967 1484 991 te
1503 968 1651 998 potestates
1668 964 1741 1002 sint,

952 1010 1054 1037 veritas
1065 1010 1145 1044 plana
1158 1009 1201 1036 via
1224 1014 1251 1036 et
1275 1009 1335 1037 sine
1351 1009 1429 1037 obice
1444 1009 1672 1044 promissionilius
1687 1008 1742 1036 tuis

952 1055 1119 1090 praecurrit:
1146 1062 1208 1082 cum
1239 1061 1319 1081 nemo
1350 1054 1436 1089 possit
1468 1054 1602 1082 obsistere
1624 1054 1742 1082 decretis

953 1100 1018 1132 tuis,
1033 1100 1133 1135 quibus
1148 1099 1247 1134 jurasti
1263 1099 1370 1131 Davidi,
1383 1106 1416 1127 ex
1435 1099 1623 1127 misericordia
1637 1103 1664 1126 et
1675 1107 1738 1134 gra-

953 1146 990 1173 tia
1012 1150 1057 1173 tua
1081 1145 1137 1180 jam
1153 1149 1319 1173 memoratas
1335 1144 1420 1173 edens
1442 1144 1664 1181 pollicitationes.
1688 1143 1742 1172 Pro

953 1193 1000 1220 illo
1014 1197 1117 1224 autem,
1133 1192 1248 1219 Iustitia
1271 1197 1295 1219 et
1307 1191 1442 1226 judicium
1468 1192 1629 1226 prwparatio
1655 1190 1742 1218 throni

953 1239 1007 1271 tui;
1023 1237 1173 1266 secundum
1197 1237 1323 1273 Aquilam
1337 1257 1344 1267 .
1361 1236 1472 1264 Iustitia
1491 1243 1515 1264 et
1529 1237 1663 1272 judicium
1679 1236 1741 1272 fun-

952 1283 1104 1310 damentum
1121 1283 1208 1310 throni
1233 1283 1289 1318 ejus
1302 1303 1310 1315 ,
1334 1282 1452 1318 dicitur;
1481 1283 1660 1320 Symmachus
1675 1290 1740 1311 vero

953 1329 1029 1357 basin
1043 1330 1111 1357 dixit
1123 1329 1327 1364 essejustitiam
1349 1334 1377 1357 et
1397 1329 1543 1364 judicium.
1561 1329 1678 1357 Justitize
1694 1336 1741 1356 au-

952 1380 1007 1404 tem
1023 1380 1049 1404 et
1060 1376 1177 1411 judicio,
1193 1375 1266 1411 quod
1280 1383 1342 1403 cum
1358 1376 1464 1411 justitia
1476 1375 1588 1403 eﬂ‘ertur
1599 1395 1606 1407 .
1624 1382 1741 1410 praecur-

951 1423 988 1449 rit
1011 1422 1200 1450 misericordia
1213 1426 1240 1450 et
1263 1422 1375 1450 veritas.
1390 1421 1528 1449 Justitiam
1543 1421 1615 1449 enim
1633 1420 1742 1448 miseri-

952 1468 1045 1496 cordia
1062 1471 1229 1503 temperans.
1244 1467 1368 1495 mitiores
1381 1470 1478 1495 contra
1488 1474 1536 1495 eos
1547 1466 1593 1501 qui
1612 1473 1741 1501 peccave-

952 1519 1017 1542 runt
1031 1514 1134 1549 profert
1148 1513 1398 1541 comminationes:
1424 1520 1487 1541 nam
1511 1513 1582 1540 alias
1603 1511 1739 1548 justitiam

107 1558 180 1585 οεια.
196 1558 241 1594 Τῷ
256 1559 323 1593 γοῦν
333 1559 401 1595 ἐλέῳ
416 1560 466 1596 τὴν
480 1550 654 1597 δικαιοσύνην
664 1562 824 1597 ἁνακιρνὰς.
835 1570 902 1596 πρα-

953 1561 1014 1596 ejus
1029 1568 1084 1588 non
1097 1564 1275 1594 temperatam
1286 1560 1379 1587 nullus
1390 1559 1531 1587 hominum
1547 1558 1707 1586 sustineret.

107 1606 205 1642 οτέρας
222 1608 336 1634 ποιεῖται
349 1607 398 1639 τὰς
409 1608 482 1635 κατὰ
495 1608 549 1635 τῶν
560 1609 759 1644 ἡμαρτηκότων
772 1609 895 1641 ἀπειλάς·
916 1608 1002 1640 ἄλλως
1013 1608 1068 1644 γὰρ
1079 1608 1196 1643 ἄκρατον
1215 1606 1298 1634 αὐτοῦ
1310 1607 1359 1643 τὴν
1387 1607 1560 1642 δικαιοσύνην
1591 1606 1641 1633 οὐκ
1652 1605 1685 1632 ἄν
1698 1613 1740 1636 τις

108 1653 259 1689 ἀνθρώπων
274 1654 446 1690 ὑπομείνειεν

143 1712 296 1746 Μακάριος
311 1713 328 1739 ὁ
343 1712 418 1746 λαός
433 1714 449 1740 ό
465 1712 621 1748 γινώσκων
638 1713 824 1748 uoluntas.
840 1713 898 1741 Κύ-

106 1766 163 1793 ριε,
180 1758 216 1785 ἐν
227 1757 268 1791 τῷ
283 1758 356 1793 φωτὶ
371 1758 424 1786 τοῦ
437 1758 600 1793 προσώπου
612 1767 671 1786 σου
687 1760 896 1794 πορεύσονται.

109 1803 157 1830 καί
175 1803 211 1830 ἐν
224 1802 266 1836 τῷ
284 1803 406 1838 ὀνόματί
421 1811 480 1832 σου
500 1804 736 1839 ἁγαλλιὰσονται
752 1805 829 1839 ὅλην
842 1805 899 1839 τὴν

107 1848 232 1883 ἡμέραν,
251 1849 300 1875 καὶ
312 1849 348 1875 ἐν
360 1849 398 1884 τῇ
410 1849 588 1885 δικαιοσύνῃ
601 1858 660 1878 σου
672 1850 895 1885 ὑψωθήσονται.

110 1895 168 1922 Ὅτι
179 1895 319 1931 καύχημα
334 1896 389 1931 τῆς
403 1895 557 1932 δυνάμεως
573 1896 673 1924 αὐτῶν
688 1897 729 1924 σὺ
743 1895 780 1929 ei,
799 1897 848 1924 καὶ
860 1898 895 1924 ἐν

109 1940 145 1976 τῇ
156 1941 279 1976 εὐδοκίᾳ
296 1950 355 1969 σου
370 1943 563 1977 ὑψωθήσεται
574 1943 607 1970 τὸ
624 1943 713 1978 κέρας
724 1943 818 1979 ἡμῶν.
834 1945 894 1971 ὀτι

109 1987 160 2014 τοῦ
182 1987 292 2021 Κυρίου
314 1988 334 2021 ὴ
356 1988 518 2023 ἀντίληψις
542 1989 637 2024 ἡμῶν,
661 1989 710 2016 καί
731 1989 784 2016 τοῦ
808 1990 894 2025 ἁγίου

116 2032 233 2066 Ἰσραὴλ
246 2033 399 2066 ,βασιλέως
411 2034 504 2069 ἡμῶν.
520 2035 635 2070 Νοήσεις
645 2043 675 2061 τε
690 2034 737 2061 καὶ
750 2034 838 2066 ἄλλως
848 2035 894 2061 τὸν

112 2078 266 2114 ἀλαλαγμὸν
277 2079 330 2105 ἀπὸ
342 2079 396 2106 τῶν
413 2079 483 2107 κατὰ
498 2081 560 2112 τοὺς
577 2080 690 2116 καιροὺς
704 2080 758 2107 τῶν
774 2079 900 2115 πολέμων

111 2123 293 2156 ἀλαλαζόντων
304 2125 476 2161 στρατιωτῶν
489 2126 537 2153 καὶ
550 2126 631 2160 φόϐον
648 2126 833 2162 ἐμποιούντων
843 2128 900 2158 τοῖς

112 2170 213 2206 ἐχθροῖς
229 2170 273 2198 διὰ
288 2171 339 2206 τῆς
356 2171 477 2206 μείζονος
492 2171 557 2206 βοῆς
574 2173 621 2198 καὶ
640 2172 690 2207 τῆς
711 2172 782 2199 κατὰ
796 2172 899 2206 ταύτην

113 2214 275 2249 συμφωνίας.
286 2215 315 2241 '0
329 2214 357 2241 δὲ
373 2214 614 2248 θεῖοςἊπόστολος
626 2216 674 2248 τὰς
687 2217 715 2243 ὲν
729 2217 800 2252 ἁγίῳ
815 2216 899 2244 Πνεύ-

114 2267 173 2312 ματι
187 2260 280 2312 saxis,
295 2260 351 2292 ,τὰς
429 2260 473 2287 διὰ
491 2261 613 2295 γεγωνοῦ
629 2261 704 2297 βοῆς,
721 2262 835 2312 attat.»
850 2263 896 2290 δυ-
913 2285 935 2312 D

113 2304 186 2339 νάμει
201 2304 358 2340 Πνεύματος
374 2305 616 2341 ἀναπεμπομένας,
636 2306 763 2339 τοιαύτας
780 2305 849 2335 εἶναι
860 2308 898 2335 ὄι-

989 1708 1072 1736 νειιε.
1089 1707 1183 1735 16-19.
1195 1707 1292 1734 Beatus
1306 1706 1418 1742 populus
1428 1707 1472 1742 qui
1480 1707 1531 1734 scit
1540 1707 1736 1742 jubilationom.

952 1755 1064 1782 Domine
1078 1754 1106 1781 in
1119 1753 1217 1780 lumine
1225 1753 1311 1780 vultus
1319 1753 1358 1779 tui
1375 1752 1557 1785 ambulabunt,
1564 1758 1589 1780 et
1597 1754 1624 1781 in
1635 1756 1739 1783 nomine

952 1799 1170 1828 tuomultabunt
1179 1798 1317 1831 totodie,et
1324 1799 1352 1826 in
1358 1798 1466 1833 justitia
1483 1803 1528 1826 tua
1539 1800 1737 1829 exaltabuntur.

952 1847 1085 1881 Quoniam
1098 1845 1185 1881 gloria
1200 1845 1304 1872 uirtutis
1322 1852 1413 1872 eorum
1429 1848 1457 1871 tu
1475 1853 1514 1876 es,
1535 1849 1559 1872 et
1574 1845 1602 1872 in
1617 1845 1738 1880 benepla-

947 1894 1000 1920 cito
1019 1898 1064 1919 tuo
1076 1890 1239 1919 exaltabitur
1251 1898 1332 1917 cornu
1349 1895 1479 1918 nostrum.
1494 1890 1564 1923 Quia
1577 1890 1684 1918 Domini
1698 1896 1739 1920 est

948 1938 1093 1972 assumptio
1109 1941 1211 1968 nostra,
1224 1940 1249 1963 et
1261 1937 1347 1963 sancti
1363 1935 1449 1964 Israel
1468 1936 1536 1971 regis
1552 1937 1645 1964 nostri.
1658 1936 1732 1965 lubi-

947 1984 1055 2012 lationis
1069 1982 1178 2010 modum
1192 1982 1245 2009 alia
1262 1982 1366 2009 ratione
1387 1981 1523 2017 intelligas
1534 2002 1542 2012 .
1557 1989 1589 2010 ex
1613 1981 1730 2010 militum

948 2030 975 2056 in
990 2032 1112 2064 tempore
1125 2028 1187 2056 belli
1197 2028 1369 2063 jubilatione,
1380 2031 1410 2054 ut
1425 2028 1518 2055 hostes
1538 2028 1641 2062 majore
1658 2028 1731 2056 edito

950 2075 1080 2106 clamore,
1092 2074 1239 2109 additaque
1253 2073 1425 2109 symphonia,
1441 2073 1676 2108 perterrefaciant.
1695 2073 1738 2100 Di-

950 2122 1032 2148 vinus
1045 2124 1136 2147 autem
1152 2120 1300 2155 Apostolus
1323 2120 1393 2147 tales
1419 2127 1481 2147 esse
1505 2119 1585 2146 docet
1600 2119 1738 2147 orationes

950 2167 978 2194 in
995 2166 1098 2201 Spiritu
1113 2169 1219 2198 sancto.
1237 2173 1288 2193 nec
1299 2165 1352 2192 alta
1367 2173 1443 2196 voce.
1459 2165 1507 2193 sed
1523 2166 1550 2192 in
1567 2165 1667 2192 virtute
1679 2165 1738 2200 Spi-

948 2214 1019 2241 ritus
1031 2213 1158 2244 emissas,
1175 2219 1236 2239 cum
1251 2211 1310 2239 ait:
1334 2211 1394 2247 Ipse
1419 2211 1534 2243 Spiritus
1551 2211 1670 2246 postulat
1688 2220 1736 2246 pro

950 2259 1035 2290 nobis,
1049 2259 1187 2294 gemitibus
1198 2257 1420 2285 inenarrabilibus
1431 2258 1463 2284 ³¹.
1479 2257 1565 2285 Tanta
1575 2265 1656 2293 porro
1669 2261 1737 2285 tam-

949 2314 1001 2341 que
1013 2314 1074 2333 rara
1087 2312 1129 2333 est
1141 2306 1268 2341 jubilatio
1287 2306 1343 2337 illa.
1354 2305 1455 2340 passim
1467 2312 1482 2331 a
1497 2304 1597 2331 divinis
1611 2302 1737 2339 Scriptu-

114 2349 202 2376 δάσχει
223 2349 320 2384 λέγων·
341 2350 418 2377 Αὐτὸ
441 2350 473 2377 τὸ
496 2350 618 2386 Πνεῦμα
647 2353 896 2388 ὑπερεντυγχάνει

953 2352 984 2379 'is
1008 2356 1176 2383 memorata,
1200 2357 1229 2379 ut
1244 2351 1341 2379 beatus
1370 2350 1533 2386 praedicetur
1557 2349 1604 2385 qui
1633 2356 1735 2384 gnarus

114 2394 182 2428 ὑπὲρ
193 2394 278 2429 ἡμῶν
287 2395 466 2430 στεναγμοῖς
477 2396 652 2430 ἀλαλήτοις.
665 2396 744 2424 οὕτω
763 2398 792 2424 δὲ
809 2398 896 2433 μέγας

956 2398 1018 2426 llius
1033 2402 1086 2430 est,
1101 2397 1215 2433 perinde
1229 2402 1310 2433 atque
1324 2396 1370 2424 alii
1383 2404 1417 2425 ex
1432 2396 1570 2431 praeclaris
1582 2395 1734 2423 secundum

113 2439 149 2471 τίς
163 2440 219 2466 ἐστι
233 2439 280 2466 καὶ
297 2440 409 2472 σπάνιος
424 2441 439 2467 ὀ
450 2441 580 2473 πολλάκις
593 2441 645 2468 ὑπὸ
659 2441 714 2469 τῶν
727 2442 806 2469 θείων
824 2443 895 2478 Γρα-

953 2444 1028 2471 )eum
1042 2445 1126 2479 gestis
1137 2444 1208 2472 beati
1218 2444 1358 2472 dicuntur.
1374 2443 1435 2471 Ideo
1449 2443 1492 2470 hic
1504 2442 1621 2470 dicitur:
1635 2442 1735 2469 Beatus

114 2487 165 2522 φῶν
180 2486 379 2522 ὀνομαζόμενος
395 2488 563 2523 ἀλαλαγμὸς,
584 2488 622 2520 ὡς
635 2489 835 2525 μακαρίζεσθαι
850 2490 893 2516 τὸν

953 2490 1052 2524 νοριιίιιε
1067 2490 1111 2525 qui
1122 2490 1171 2517 scit
1180 2490 1376 2524 jubilationem.
1390 2489 1459 2516 Alibi
1473 2495 1538 2516 vero
1553 2487 1661 2515 divinus
1677 2495 1736 2515 scr-

113 2533 275 2569 ὲπιστήμονα
289 2533 395 2566 τούτου,
412 2534 513 2569 ὁμοίως
528 2535 585 2566 τοῖς
605 2534 834 2571 μακαριζομένοις
846 2535 893 2562 ἐπὶ

953 2543 992 2563 no
1006 2536 1163 2570 lmjusmodi
1178 2536 1369 2570 jubilationem
1385 2534 1502 2562 hostiam
1522 2541 1584 2561 esse
1596 2533 1675 2560 docet
1691 2533 1734 2560 his

113 2581 162 2611 τοῖς
175 2579 265 2612 ἄλλοις
277 2580 348 2607 κατὰ
363 2581 429 2608 Θεὸν
443 2580 647 2617 κατορθώμασι.
665 2581 711 2607 Διὸ
723 2580 840 2607 ἐνταῦθα
851 2580 895 2607 λέ-

953 2581 1056 2609 γει-ωδε
1077 2581 1194 2608 Circuivi
1222 2586 1247 2608 et
1271 2580 1406 2608 immolavi
1433 2581 1459 2607 in
1481 2579 1652 2607 tabernaculo
1675 2579 1733 2612 ejus

113 2625 207 2652 λεχται·
220 2625 371 2660 Μακάριος
386 2628 401 2653 ό
415 2626 491 2659 λαὸς
508 2628 524 2653 ὁ
538 2625 693 2661 γινώσκων
706 2626 892 2660 ἀλαλαγμόν.

953 2626 1060 2654 hostium
1073 2626 1241 2661 jubitationis
1256 2626 1288 2653 ⁸³.
1312 2625 1362 2653 Hic
1376 2632 1457 2661 porro
1469 2624 1577 2652 videtur
1587 2624 1652 2650 mihi
1669 2623 1734 2658 Spim

119 2671 157 2698 Ἐν
171 2671 273 2707 ἑτέροις
286 2671 314 2698 δὲ
332 2673 346 2698 ὁ
367 2671 438 2703 θεῖος
458 2672 536 2706 λόγος
553 2671 648 2699 θυσίαν
663 2671 731 2699 εἶναι
747 2673 792 2699 τὸν
805 2672 894 2699 τοιοῦ-

953 2673 1015 2701 ιίιυε
1029 2678 1142 2701 sanctus
1163 2672 1292 2708 populum
1307 2672 1410 2700 Christi
1431 2674 1525 2707 aperte
1541 2671 1650 2698 beatum
1664 2677 1733 2704 pra:-

115 2725 153 2743 τον
176 2717 332 2753 ἀλαλαγμὸν
356 2717 477 2745 διδάσκει
503 2717 609 2752 λέγων’
641 2718 814 2745 Ἐκύκλωσα
844 2719 893 2746 καί

953 2719 1038 2747 licare
1051 2729 1058 2746 :
1074 2719 1132 2754 ipse
1143 2726 1261 2754 namque
1274 2726 1336 2746 cum
1349 2718 1377 2745 in
1392 2718 1516 2746 notitiam
1530 2715 1635 2744 venerit
1644 2716 1732 2742 victo-

115 2763 198 2790 ἔθυσα
215 2764 251 2790 ἐν
275 2763 312 2798 τῇ
337 2763 438 2798 σκηνῇ
459 2764 553 2791 αὐτοῦ
576 2764 686 2792 θυσίαν
706 2765 894 2801 ἀλαλαγμοῦ.

953 2766 992 2793 'ize
1007 2773 1022 2792 a
1039 2764 1181 2793 Salvatore
1195 2769 1290 2793 nostro
1303 2764 1336 2793 de
1348 2764 1466 2792 inimicis
1477 2766 1578 2799 partzc,
1600 2761 1732 2790 adversus

158 2840 176 2855 ³¹
196 2839 273 2866 Rom.
294 2849 316 2867 \‘I
334 2850 357 2873 ι,
372 2840 418 2868 26.
458 2840 480 2857 ³³
500 2840 572 2870 Psal.
593 2849 673 2873 xx",
692 2841 718 2873 6,
