3972 6812
487 309 633 365 r1095
1240 311 1507 369 EUSEBll
1544 296 2018 376 CESARIENSIS
2055 312 2203 368 ora.
2249 309 2430 366 rans
2461 308 2552 363 Ill.
2594 338 2664 350 —
2701 305 3114 363 EXEGETICA.
3649 308 3768 365 tu;

485 423 678 478 hostes
703 422 900 493 jubilat
931 434 986 479 et
1017 425 1236 492 clamat,
1261 442 1325 482 ac
1355 444 1453 497 pro
1489 445 1616 502 rege
1655 445 1758 486 suo
1797 431 2053 501 jubilatio

2205 432 2335 482 toxsi.‘
2362 429 2427 500 δὴ
2471 421 2562 482 οὖν
2608 444 2698 498 μοι
2735 425 2968 482 ἐνταῦθα
3013 426 3076 479 τὸ
3115 425 3257 480 θεῖον
3303 425 3550 497 Πνεῦμα
3607 429 3773 495 τιςὼς

482 530 614 569 item
649 515 780 570 edit.
812 516 925 570 lino
952 517 1116 571 etiam
1161 535 1302 574 unus
1331 519 1421 575 ille
1451 524 1684 592 populus
1729 523 2050 578 incruentan

2205 517 2504 587 ιακαρίζειν
2550 515 2642 569 τὸν
2688 515 2925 587 Χριστοῦ
2980 515 3130 569 λαόν·
3178 510 3336 580 οὗτος
3386 515 3532 587 γὰρ,
3586 517 3773 583 ruben

487 615 543 660 et
589 609 963 664 rationabilem
1017 611 1251 666 hostiam
1312 629 1410 684 per
1458 615 1840 684 jubilationem
1883 615 2055 671 oﬁ‘errt

2209 608 2482 680 .vatlntptb;
2524 609 2624 678 τῆς
2685 608 2826 662 κατὰ
2873 607 2983 662 τῶν
3031 609 3308 680 πολεμίων
3356 610 3465 664 τοῦ
3525 612 3777 683 Σωτῆρος

492 697 603 753 Deo
657 701 832 754 solet:
867 701 994 772 quia
1025 703 1076 755 in
1105 704 1485 773 spiritualibus
1527 707 1818 763 sacriﬁciis
1843 747 1858 771 ,
1911 715 2060 778 atque

2217 699 2332 770 μῶν
2381 699 2558 768 νίκης,
2603 698 2860 762 ἀλαλάζει
2910 699 3050 753 κατὰ
3079 700 3189 754 τῶν
3233 700 3478 773 ἐχθρῶν,
3516 703 3677 772 ὑπὲρ
3705 705 3779 754 τῶ

490 789 546 843 in
587 790 736 844 cultu
789 808 948 862 quem
999 793 1050 846 in
1083 792 1232 848 Novo
1272 793 1624 853 Testamento
1673 799 2058 868 persolvimus.

2215 791 2378 845 Ξκείου
2421 790 2685 862 βασιλέως
2719 792 2811 846 τὸν
2840 790 3154 863 ἀλαλαγμὸν
3192 795 3558 865 ποιούμενος-

490 895 703 934 necnon
740 881 794 935 in
822 883 1107 939 sacriﬁciis
1141 885 1444 942 incruentis
1474 896 1528 943 et
1561 890 1801 944 materiae
1828 889 2058 958 experti-

2217 883 2270 936 at‘t
2297 885 2398 955 τὴν
2437 883 2628 936 Θυσίαν
2673 883 2772 954 τὴν
2820 884 3049 954 ἄναιμον
3083 885 3303 958 λογικὴν
3352 888 3526 958 μόνος
3575 883 3785 952 οὗτοςέ

490 975 616 1037 bus,
648 989 753 1028 una
791 990 923 1030 voce
973 975 1085 1029 Deo
1109 977 1409 1046 gratiarum
1452 981 2058 1039 actionem.emittimus

2219 975 2302 1040 ιὺς
2346 975 2414 1029 δι’
2455 975 2773 1047 ἀλαλαγμοῦ
2813 975 2972 1029 εἴωθε
3016 978 3346 1048 προσφέρειν
3375 979 3463 1049 τῷ
3503 979 3667 1049 Θεῷ,
3709 981 3787 1032 δὲ

489 1064 598 1120 Pro
633 1065 726 1119 illo
758 1076 964 1131 autem,
1000 1067 1106 1133 Qui
1140 1071 1240 1122 scit
1261 1071 1659 1137 jubilationem,
1689 1071 2057 1145 Symmachus

2219 1066 2268 1120 δῦ
2309 1068 2598 1140 σύμφωνον
2627 1068 2973 1140 ἀναπέμπειν
3019 1068 3098 1139 τῷ
3139 1071 3258 1141 Θεῴ
3301 1073 3694 1144 εὐχαριστίαν
3739 1077 3787 1126 ἐν

493 1159 599 1225 Qui
629 1161 726 1214 scit
757 1161 1219 1230 signiﬁcationem,
1259 1166 1655 1237 interpretatus
1686 1179 1793 1224 est.
1841 1169 1954 1224 Cur
1977 1186 2061 1225 au-

2221 1163 2297 1224 ιιῖς
2342 1163 2741 1231 πνευματικαῖς
2787 1161 3119 1234 ἱερουργίαις
3166 1164 3261 1217 καὶ
3299 1169 3424 1227 ταῖς
3479 1164 3644 1217 κατὰ

488 1257 598 1304 tem
635 1252 828 1307 beatus
864 1261 948 1308 est
985 1256 1222 1325 populus
1257 1241 1349 1328 qui
1397 1271 1752 1315 memoratam
1797 1262 2056 1332 iubilatio.

2230 1250 2384 1322 αινὴν
2403 1251 2677 1323 Διαθήκην
2695 1251 3140 1323 ἐπιτελουμέναις
3163 1257 3296 1325 ἡμῖν
3318 1255 3652 1327 λατρείαις,
3681 1260 3793 1320 ταῖς

490 1355 614 1394 nem
663 1341 836 1403 novit,
891 1343 996 1396 nisi
1047 1345 1176 1413 quia
1236 1346 1543 1404 Salvatoris
1593 1349 1850 1406 deitatem
1906 1368 2058 1422 agno-

2227 1343 2517 1414 ιάναίμοις
2575 1344 2670 1398 καὶ
2718 1344 2903 1408 ἀΰλοις
2941 1347 3032 1398 καὶ
3080 1351 3492 1416 πνευματικαῖς
3537 1349 3795 1409 θυσίαις,

489 1446 674 1495 scens,
727 1449 848 1503 qua:
899 1437 1082 1490 vultus
1124 1439 1245 1507 ejus
1287 1449 1536 1506 vocatur,
1588 1443 1772 1498 vultus
1826 1445 2057 1514 ejusden

2233 1434 2332 1486 ιντὶ
2358 1433 2414 1486 δὲ
2435 1433 2550 1496 τοῦ,
2571 1435 2621 1487 ’0
2644 1435 2952 1504 γινώσκων
2971 1438 3342 1508 ἀλαλαγμὸν,
3372 1441 3425 1492 Ὁ
3455 1440 3801 1510 γινώσκω

483 1525 1006 1593 .lumineperfusus,
1043 1530 1124 1584 sic
1154 1531 1256 1586 iter
1293 1533 1406 1602 agit
1433 1550 1594 1589 suum
1627 1535 1836 1601 dicens,
1869 1536 2051 1608 Signa-

2233 1526 2504 1595 qyao't'ar,
2536 1529 2564 1579 6
2597 1526 2892 1598 Σύμμαχος
2924 1529 3256 1601 ἡρμήνευσε.
3282 1530 3383 1584 Διά
3413 1532 3472 1584 τί
3505 1532 3568 1585 δὲ
3599 1536 3801 1602 μεικό-

481 1626 601 1668 λιιηι
632 1625 711 1669 est
743 1634 899 1686 super
936 1637 1030 1672 nos
1073 1621 1245 1675 lmnen
1290 1624 1463 1677 vultus
1505 1626 1604 1688 tui,
1643 1625 1865 1682 Domine
1887 1628 1961 1692 ³³;
1996 1635 2049 1684 et

2235 1619 2290 1682 ός
2315 1621 2462 1672 ἐστιν
2489 1615 2646 1683 οὗτος
2671 1622 2698 1672 6
2725 1622 2962 1692 Χριστοῦ
2987 1622 3112 1686 λαὸς
3140 1625 3168 1677 ὁ
3196 1623 3286 1677 τὸν
3314 1626 3634 1696 εἰρημένον
3668 1628 3803 1680 ἀλα-

493 1703 559 1759 Ιη
589 1707 786 1760 lumine
817 1718 906 1762 tuo
939 1709 1224 1766 videbimus
1263 1711 1439 1767 lumen
1457 1715 1541 1768 ⁸⁸2
1569 1714 1643 1769 Ea
1679 1717 1746 1772 de
1779 1733 1944 1772 causa
1973 1719 2061 1788 igi-

2233 1711 2382 1781 ιγμὺν
2412 1711 2791 1782 ἐπιστάμενος,
2840 1713 2953 1766 ἀλλ’
2994 1714 3026 1786 ἢ
3057 1715 3355 1787 ἐπειδήπερ
3393 1717 3498 1788 τὴν
3545 1717 3801 1787 θεότητα

490 1807 582 1851 tur
616 1799 812 1854 beatius
853 1809 937 1856 est
982 1801 1068 1855 hic
1102 1804 1355 1872 pepulus.
1406 1803 1612 1870 Tertio,
1643 1809 1770 1878 quia
1805 1824 1930 1864 cum
1963 1825 2058 1864 non

2236 1801 2265 1854 ῦ
2289 1802 2538 1874 Σωτῆρος
2562 1803 2957 1872 ἐπιγινώσκων,
2987 1807 3108 1876 ἥτις
3130 1807 3440 1876 ὠνόμασται
3473 1810 3803 1880 πρόσωπον

494 1892 632 1946 satis
679 1892 874 1946 habeat
924 1894 1068 1962 quod
1123 1896 1435 1965 cognitione
1481 1898 1686 1954 Christi
1733 1901 2062 1967 illustretur;

2233 1893 2366 1956 5105,
2405 1893 2482 1964 τῷ
2517 1895 2658 1964 φωτὶ
2688 1895 2782 1948 τοῦ
2815 1897 3108 1968 προσώπου
3147 1899 3310 1952 αὐτοῦ
3340 1902 3801 1971 καταυγαζόμε-

490 1985 583 2038 scd
619 1985 781 2039 etiam
815 1985 870 2038 in
900 1986 1121 2040 nomine
1150 1987 1271 2056 ejus
1300 1989 1582 2058 glorietur,
1628 1999 1682 2046 et
1722 1993 1790 2046 ab
1819 2009 1886 2048 eo
1919 1993 2058 2048 Chri-

2232 2001 2283 2048 ις,
2309 1984 2406 2056 τὴν
2436 1986 2630 2040 ἐαυτοῦ
2659 1991 2890 2042 ποιεῖται
2918 1989 3144 2061 πορείαν
3169 1991 3362 2059 λέγων,
3403 1992 3800 2062 Ἐσημειώθη

481 2078 702 2132 εῐὶοιιυε
754 2086 1126 2148 nuncupetur,
1187 2082 1401 2135 lzetatnr
1446 2091 1500 2137 et
1541 2085 1777 2138 exsultat
1811 2093 1923 2138 tota
1960 2085 2049 2141 die

2231 2075 2264 2126 π’
2289 2074 2446 2144 ἡμᾶς
2474 2075 2541 2129 τὸ
2568 2076 2692 2145 φῶς
2719 2078 2828 2132 τοῦ
2862 2079 3186 2148 προσώπου
3213 2099 3351 2144 σου,
3393 2084 3584 2150 Κύριε
3605 2099 3622 2113 ο
3669 2085 3799 2146 καὶ,

491 2169 601 2222 imo
633 2169 818 2240 potius
848 2172 1107 2228 omnibus
1136 2173 1365 2240 diebus;
1413 2174 1486 2227 ita
1523 2175 1668 2228 enim
1710 2173 2059 2246 Symmachus

2233 2168 2280 2218 ’ν
2313 2163 2391 2231 τῷ
2417 2168 2566 2236 φωτί
2595 2183 2710 2223 σου
2742 2171 3009 2240 ὀψόμεθα
3049 2171 3117 2224 τὸ
3150 2171 3306 2241 9263c;
3336 2174 3448 2227 Καὶ
3478 2174 3580 2227 διὰ
3617 2175 3801 2228 τοῦτο

487 2258 882 2329 interpretatus
909 2270 1028 2327 est;
1066 2261 1294 2333 ideoque
1319 2264 1514 2319 beatus
1541 2277 1643 2321 cst.
1678 2263 1905 2330 Quarto,
1941 2268 2055 2336 qui:

2231 2260 2302 2313 νῦν
2343 2261 2610 2333 μακάριός
2649 2265 2796 2316 ἐστιν
2825 2256 2986 2327 οὗτος
3025 2266 3053 2316 6
3095 2264 3241 2328 λαός.
3285 2267 3396 2318 Καὶ
3425 2268 3624 2337 τρίτον
3657 2268 3799 2319 ἐπεὶ

489 2351 870 2420 magnitudine
913 2360 966 2406 et
1008 2353 1346 2410 sublimitate
1399 2369 1658 2411 crescens
1703 2356 1917 2425 justitia
1973 2357 2057 2412 Dei

2231 2353 2250 2423 ή
2275 2351 2615 2423 ἀρκούμενος
2639 2353 2720 2424 τῷ
2745 2353 2833 2407 διὰ
2861 2354 2961 2422 τῆς
2985 2355 3238 2423 γνώσεως
3263 2355 3357 2410 τοῦ
3389 2357 3642 2426 Χριστοῦ
3679 2377 3799 2426 ξω-

482 2442 765 2494 exaltatur
795 2460 808 2495 :
846 2440 958 2496 Deo
983 2457 1198 2512 aequum
1236 2458 1358 2499 esse
1397 2455 1675 2510 censente,
1710 2449 1968 2516 populum
2003 2450 2038 2503 il

2227 2445 2435 2511 ζεσθαι,
2471 2446 2550 2499 ἔτι
2591 2448 2687 2499 καὶ
2727 2447 2806 2518 τῷ
2853 2448 3075 2518 ὀνόματι
3121 2449 3287 2503 αὐτοῦ
3337 2451 3790 2522 σεμνυνόμενος,

490 2529 599 2583 lum
643 2530 697 2584 in
746 2532 1139 2587 sublimitatem
1195 2542 1249 2588 et
1296 2550 1352 2589 tn
1397 2535 1585 2606 gloriae
1638 2537 2058 2606 magnitudinem

2229 2538 2265 2590 ιὶ
2285 2539 2611 2609 Χριστιανὸς
2629 2540 2686 2606 ἐξ
2704 2539 2868 2593 αὐτοῦ
2897 2540 3250 2610 καλούμενος,
3284 2543 3376 2611 χαί
3384 2542 3582 2613 ρεικαὶ
3604 2543 3797 2609 ἀγαλ-

475 2636 669 2692 agere,
704 2625 798 2694 qui
838 2634 1192 2680 memoratam
1223 2627 1370 2680 illam
1398 2627 1779 2697 jubilationem
1807 2631 1978 2692 novit,
2004 2647 2043 2684 at

2223 2632 2262 2700 ᾇ
2294 2631 2420 2701 ὃλην
2451 2631 2550 2701 τὴν
2582 2632 2828 2704 ἡμέραν,
2871 2633 3072 2703 μᾶλλον
3099 2633 3156 2686 δὲ
3195 2639 3372 2688 πᾶσαν
3400 2634 3648 2704 ἡμέραν·
3689 2634 3791 2687 οὗ.

487 2713 581 2782 qui
613 2731 641 2766 a
674 2713 810 2770 facie
840 2713 1141 2774 Salvatoris
1176 2719 1506 2783 illustratur,
1538 2728 1593 2776 et
1619 2722 1677 2775 in
1702 2723 1924 2778 nomine
1947 2722 2055 2793 ejus

2223 2740 2250 2774 ι)
2293 2722 2402 2794 γὰρ
2432 2725 2460 2776 6
2508 2723 2801 2796 Σύμμαχος
2830 2726 3161 2796 ἡρμήνευσε·
3197 2727 3291 2780 καὶ
3321 2727 3407 2781 διὰ
3441 2727 3610 2780 τοῦτο
3641 2727 3791 2796 γοῦν

479 2805 746 2871 exsultat,
798 2807 1209 2879 gloriaturquc,
1278 2810 1374 2866 sed
1426 2827 1534 2867 non
1603 2813 1658 2867 in
1708 2822 1856 2868 recte
1909 2814 2047 2870 facti:

2220 2831 2290 2868 ττι
2324 2815 2614 2887 μακάριος.
2646 2817 2757 2870 Καὶ
2781 2817 3039 2887 τέταρτον
3072 2817 3259 2889 ἐπειδὴ
3292 2820 3372 2882 είς
3408 2819 3652 2888 μέγεθος
3683 2821 3788 2871 καὶ

477 2899 625 2954 ’θυῖεο
2175 2907 2306 2978 ὓψος
2328 2909 2546 2974 ἐπιδοὺς
2569 2911 2635 2981 τῇ
2662 2909 2755 2962 τοῦ
2783 2909 2918 2963 Θεοῦ
2943 2910 3256 2982 δικαιοσύνῃ
3279 2911 3528 2980 ὑψοῦται.
3559 2911 3788 2964 δίκαιον

487 2990 626 3049 εἶναι
650 2995 933 3068 κρίναντος
953 2998 1045 3052 τοῦ
1073 2999 1208 3053 Θεοῦ
1231 3002 1311 3066 εἰς
1335 3000 1469 3071 ὕψος
1498 3001 1652 3070 ἄγειν
1686 3003 1780 3056 καὶ
1809 3002 1901 3088 ἐπὶ
1927 3003 2070 3072 μέγα
2105 3002 2265 3074 δόξης
2284 3005 2375 3058 τὸν
2417 3006 2755 3076 ἐπιστήμονα
2779 3005 2871 3058 τοῦ
2929 3007 3218 3077 εἰρημένου
3249 3006 3574 3077 ἀλαλαγμοῦ
3622 3008 3782 3068 λαὸν,

485 3089 582 3142 καὶ
604 3090 695 3142 τὸν
722 3089 826 3142 ὑπὸ
851 3091 944 3145 τοῦ
967 3091 1266 3163 ’προσώπου
1287 3093 1381 3146 τοῦ
1405 3093 1655 3165 θυτῆρος
1680 3093 2067 3166 φωτιζόμενον,
2109 3096 2200 3147 καὶ
2264 3096 2352 3148 τὸν
2421 3098 2479 3150 ἐν
2517 3096 2744 3166 ὀνόματι
2782 3096 2947 3150 αὑτοῦ
2978 3096 3364 3169 ἀγαλλόμενον.
3407 3098 3503 3152 καὶ
3539 3097 3645 3151 τὸν
3676 3100 3782 3165 ἐγ-

483 3181 864 3254 καυχώμενον,
910 3184 1022 3238 ἀλλ’
1051 3186 1150 3238 ούκ
1183 3187 1273 3238 ἐπὶ
1309 3188 1418 3250 τοῖς
1451 3185 1600 3249 ἰδίοις
1634 3185 2071 3258 κατορθώμασιν.

557 3292 884 3349 Necessario
933 3305 1116 3350 autem
1175 3293 1419 3364 praedicti
1468 3295 1682 3350 Domini
1738 3297 2125 3374 mentionem(

2257 3294 2593 3365 ’Δναγκαίως
2617 3294 2674 3348 δὲ
2699 3295 2794 3348 καὶ
2823 3294 2919 3347 τοῦ
2947 3295 3279 3366 δηλωθέντος
3298 3297 3522 3368 μνήμην
3543 3300 3578 3351 ὀ
3615 3299 3776 3368 λόγος

487 3401 671 3441 sermo
705 3385 854 3450 fecit,
890 3385 1094 3441 Christi
1128 3387 1196 3440 ad
1229 3387 1481 3441 homines
1525 3386 1794 3443 adventus
1843 3389 2055 3460 praecla-

2214 3386 2497 3456 ποιήσατο,
2528 3384 2798 3448 θεσπίζων
2824 3385 2886 3437 τὸ
2927 3384 3256 3458 κατόρθωμα
3289 3387 3387 3456 τῆς
3426 3389 3511 3451 είς
3552 3390 3777 3463 ἀνθρὼ-

491 3493 612 3532 tum
639 3477 854 3530 facinus
879 3477 1209 3533 vaticinans.
1243 3478 1546 3547 Antequam
1575 3479 1720 3532 enim
1745 3488 1926 3534 ortum
1951 3480 2059 3549 ejus

2209 3493 2310 3539 τους
2348 3476 2442 3529 τοῦ
2482 3475 2720 3548 Χριστοῦ
2761 3478 3083 3548 παρουσίας.
3124 3478 3350 3532 Μέλλων
3383 3479 3516 3546 γοῦν
3541 3481 3653 3552 τὴν
3682 3484 3777 3552 γέ-

491 3569 732 3632 doceret,
775 3570 864 3640 qui
908 3585 971 3624 ex
1016 3571 1226 3625 semine
1258 3569 1422 3624 David
1463 3571 1781 3639 proditurus
1815 3581 1974 3639 erat;
2010 3587 2059 3627 at

2208 3583 2322 3619 εσιν
2355 3565 2626 3620 διδάσκειν
2663 3566 2757 3620 τοῦ
2792 3569 2856 3620 ἐκ
2891 3567 3205 3639 σπέρματος
3237 3568 3403 3622 Δαυῒδ
3435 3572 3775 3642 προελεύσο-

491 3664 890 3734 ρπεηιιιιιὶοτυι
928 3665 1174 3718 omnium
1229 3664 1373 3734 apud
1417 3663 1635 3720 Iudaeos
1678 3666 2059 3721 venerabiliutr

2208 3659 2362 3723 ιένου,
2413 3659 2505 3712 καὶ
2547 3659 2646 3730 τὴν
2695 3660 3078 3730 καταστροφὴν
3126 3659 3233 3712 τῶν
3282 3661 3433 3729 παρά
3497 3661 3776 3716 Ἰουδαίων

492 3757 860 3820 eversionem,
917 3771 1025 3826 qua
1087 3757 1155 3811 de
1204 3772 1370 3812 causa
1405 3757 1607 3812 dubius
1647 3757 1786 3820 inﬁt,
1823 3755 1923 3810 Ubi
1955 3773 2060 3809 sum

2205 3750 2392 3821 τεμνῶν
2424 3750 2838 3822 προαγορεύειν,
2878 3749 2945 3802 δι’
2993 3752 3058 3820 ἢν
3102 3750 3199 3802 καὶ
3238 3751 3459 3822 ἀπορῶν
3492 3752 3773 3822 ἐπιλέγει,

493 3846 872 3901 misericordia:
899 3856 1004 3900 tua:
1044 3848 1297 3916 antiquat,
1331 3847 1587 3903 Domine?
1615 3857 1920 3916 opportune
1951 3847 2061 3917 qni-

2208 3844 2300 3897 Ιοῦ
2337 3844 2469 3897 ἐστι
2514 3845 2588 3898 τὰ
2625 3842 2767 3910 mea
2801 3860 2918 3897 σου
2952 3841 3024 3895 τὰ
3065 3842 3304 3912 ἀρχαῖα.
3351 3845 3560 3911 Κύριε;
3593 3847 3776 3914 ἀναγο

491 3939 613 3994 dem
644 3938 711 3994 de
737 3940 966 3994 veritate
987 3940 1386 4011 promissorum
1415 3939 1506 3994 Dei
1531 3939 1598 3993 ad
1624 3938 1880 3995 Davidem
1905 3941 2059 3996 facto-

2206 3935 2348 4000 ιαίως
2379 3935 2508 4007 περὶ
2541 3935 2637 4006 μὲν
2683 3935 2778 3988 τοῦ
2833 3934 3226 4006 ἐπαληθεύσειν
3275 3933 3335 3999 ἐξ
3377 3936 3622 4000 ἅπαντος
3670 3938 3774 4001 τὰς

488 4048 612 4086 rum
645 4032 984 4101 praemissam
1033 4031 1344 4086 doctrinam
1388 4031 1579 4087 edidit.
1630 4032 1900 4098 Quoniam
1944 4050 2056 4089 vert

2204 4028 2311 4101 πρὸς
2339 4028 2431 4082 τὸν
2463 4027 2624 4082 Δαυῖδ
2647 4026 2742 4080 τοῦ
2770 4026 2904 4080 Θεοῦ
2939 4026 3272 4095 ἐπαγγελίας
3299 4026 3398 4091 τὰς
3428 4045 3667 4100 προειρη
3679 4031 3772 4090 μέ-

491 4139 593 4177 nos
625 4123 776 4193 prius
818 4121 1111 4176 edidicisse
1156 4137 1296 4191 opus
1338 4130 1474 4184 erat,
1522 4121 1610 4176 cui
1656 4122 1857 4192 populo
1895 4123 2059 4194 grati:

2202 4137 2272 4184 ηας
2295 4121 2590 4190 ἐποιήσατο
2607 4119 2972 4182 διδασκαλίας.
3010 4117 3164 4170 Ἐπεὶ
3184 4118 3238 4170 δὲ
3264 4119 3429 4189 ἐχρῆν
3457 4120 3770 4190 προμαθών

491 4213 740 4267 beneﬁcii
763 4229 793 4266 a
820 4211 1112 4268 Servatore
1133 4213 1317 4268 collati
1345 4220 1742 4278 reservaretur,
1764 4229 2059 4285 congruen-

2205 4215 2322 4284 ξμᾶς
2354 4214 2450 4267 καὶ
2489 4212 2630 4282 ποίῳ
2666 4210 2781 4282 λαῷ
2812 4213 2845 4282 ή
2880 4211 3041 4282 χάρις
3066 4210 3163 4280 τῆς
3189 4209 3285 4262 τοῦ
3321 4211 3577 4282 Σωτῆρος
3608 4215 3773 4284 εὐερ-

491 4313 575 4360 ter
608 4305 948 4368 memoravit,
978 4320 1091 4359 non
1128 4305 1408 4370 lsraelem,
1438 4320 1617 4376 neque
1635 4304 1919 4360 Judaicam
1952 4323 2059 4378 geni

2200 4305 2365 4369 ἐσίας
2397 4303 2735 4376 ἐταμιεύετο,
2770 4303 3078 4366 ἀκολούθως
3125 4303 3531 4373 ἐμνημόνευσεν
3575 4306 3636 4357 οὑ
3671 4306 3768 4358 τοῦ

491 4406 624 4460 tem,
671 4396 766 4451 sed
811 4397 1073 4466 populum
1133 4397 1224 4467 qui
1277 4397 1382 4452 scit
1425 4397 1809 4467 jubilationem
1853 4417 1866 4453 :
1907 4414 2059 4468 quem

2198 4399 2426 4472 Ἰσραὴλ,
2468 4398 2590 4452 οὐδὲ
2629 4397 2727 4452 τοῦ
2775 4397 3043 4451 Ἰουδαίων
3086 4396 3291 4462 ἔθνους,
3331 4397 3469 4450 ἀλλά
3501 4397 3599 4450 τοῦ
3631 4398 3766 4451 λαοῦ

492 4490 754 4559 populum
789 4489 916 4559 jure
948 4489 1166 4544 beatum
1202 4489 1537 4560 praedicavit,
1583 4491 1757 4544 multa
1793 4490 1895 4560 ipsi
1932 4492 2060 4545 bon:

2198 4492 2270 4546 τοῦ
2304 4491 2666 4560 γινώσκοντος
2693 4490 3028 4560 ἀλαλαγμὸν·
3067 4489 3161 4542 καὶ
3190 4488 3381 4542 τοῦτον
3412 4490 3638 4553 εἰκότως
3673 4493 3766 4543 τὸν

494 4580 791 4650 pollicitus.
824 4579 959 4634 Nam
992 4582 1122 4652 quia
1149 4581 1334 4636 sciunt
1364 4581 1442 4636 illi
1472 4582 1873 4652 jubilationem,
1899 4583 2062 4654 primc

2200 4585 2302 4637 .atbv
2335 4584 2663 4656 ἐμακάρισε,
2691 4581 2918 4636 πλεῖστα
2946 4581 3094 4652 αὐτῷ
3136 4580 3318 4650 ἀγαθά
3360 4581 3768 4651 ἐπαγγειλάμε-

491 4674 713 4744 quidem
752 4673 808 4728 in
852 4675 1058 4729 lumine
1092 4674 1276 4728 vultus
1318 4674 1412 4730 Dei
1451 4673 1831 4736 ambulabunt,
1878 4674 2059 4730 deindt

2197 4693 2284 4739 νος.
2313 4675 2412 4729 Διά
2433 4675 2542 4748 γὰρ
2567 4675 2629 4728 τὸ
2657 4674 2857 4728 εἰδέναι
2885 4673 3222 4742 ἀλαλαγμὸν,
3249 4672 3464 4743 πρῶτον
3489 4674 3587 4742 μὲν
3610 4675 3670 4724 ἐν
3687 4671 3765 4742 τῷ

493 4767 548 4820 in
587 4766 809 4821 nomine
852 4766 972 4834 ejus
1019 4767 1376 4821 exsultabunt
1431 4766 1660 4836 singulis
1709 4767 1932 4833 diebus;
1971 4774 2061 4820 ter-

2200 4768 2318 4834 puni.
2348 4767 2443 4820 τοῦ
2469 4767 2760 4839 προσώπου
2789 4764 2883 4818 τοῦ
2919 4764 3054 4817 Θεοῦ
3085 4764 3461 4835 πορεύσονται,
3495 4763 3686 4816 ἔπειτα
3707 4765 3768 4816 ἐν

494 4857 572 4911 ιίο
629 4861 684 4911 in
734 4856 951 4927 justitia
1011 4857 1132 4927 ejus
1192 4857 1616 4921 exaltabuntur;
1679 4864 1878 4926 quarto
1909 4856 2062 4927 glori:

2199 4859 2254 4930 τῷ
2291 4858 2514 4931 ὀνόματι
2556 4859 2721 4912 αὐτοῦ
2763 4857 3180 4926 ἀγαλλιάσονται
3213 4855 3333 4909 καθ’
3363 4855 3602 4927 ἑκάστην
3629 4857 3767 4924 ἠμέ-

492 4949 710 5004 virtutis
755 4964 945 5004 eorttm
997 4949 1101 5004 erit
1150 4950 1268 5019 ipse
1301 4946 1586 5002 Dominus.
1637 4945 1776 5014 Quia
1817 4947 1960 5002 enim
1989 4947 2060 5002 hit

2195 4967 2298 5003 saw
2329 4951 2422 5003 καὶ
2446 4951 2629 5024 τρίτον
2657 4953 2714 5003 ἐν
2742 4953 2807 5021 τῇ
2833 4949 3146 5020 δικαιοσύνῃ
3168 4946 3333 5000 αὐτοῦ
3363 4947 3763 5016 ὑψωθήσονται·

495 5041 728 5112 populus
797 5039 953 5096 fortis
1010 5048 1065 5094 et
1125 5048 1318 5111 potens
1372 5046 1479 5102 est,
1532 5046 1722 5107 utpote
1775 5038 1868 5108 qui
1916 5053 2063 5109 supr:

2199 5043 2274 5095 ιαί
2311 5043 2568 5115 τέταρτον
2618 5043 2881 5114 καύχημα
2925 5041 3026 5112 τῆς
3066 5041 3346 5110 δυνάμεως
3392 5039 3571 5092 αὐτῶν
3613 5038 3767 5095 ἔσται

495 5144 704 5206 petram
729 5135 1034 5190 aediﬁcatus
1059 5140 1153 5199 sit,
1190 5137 1264 5191 ita
1297 5143 1356 5190 ut
1389 5143 1560 5205 portae
1599 5132 1761 5188 inferi
1798 5149 1906 5188 non
1939 5147 2063 5202 prte-

2199 5134 2343 5198 ιύτδς
2370 5137 2398 5188 6
2428 5134 2650 5206 Κύριος.
2710 5133 2926 5204 Ἐπειδὴ
2957 5133 3067 5204 γὰρ
3101 5131 3362 5204 κραταιὸς
3407 5131 3501 5184 καὶ
3543 5131 3767 5194 δυνατὸς

493 5231 713 5283 valeant
761 5226 1026 5283 adversus
1081 5243 1242 5296 cum;
1289 5228 1413 5296 jure
1460 5226 1805 5298 gloriabitur,
1859 5240 1968 5279 non
2019 5225 2061 5279 ir

2201 5229 2442 5300 τυγχάνει
2476 5231 2504 5282 ὀ
2543 5229 2669 5292 λαὸς
2712 5223 2886 5291 οὗτος,
2919 5227 3016 5281 ἅτε
3048 5227 3139 5278 ἐπὶ
3181 5226 3281 5297 τήν
3320 5225 3526 5293 πέτραν
3570 5223 3769 5292 ᾠκοδο-

495 5323 714 5392 propria
759 5323 980 5383 virtute,
1027 5321 1122 5375 sed
1157 5322 1212 5375 in
1244 5320 1476 5374 Domino
1522 5321 1614 5392 qui
1667 5319 1920 5375 fundavit
1951 5302 2063 5374 etim

2197 5306 2450 5391 μημιένος,
2481 5321 2556 5385 ὡς
2585 5321 2720 5392 μήτε
2755 5317 2928 5382 πύλας
2962 5317 3090 5389 ᾅδου
3125 5316 3439 5387 κατισχύειν
3473 5314 3660 5368 αὐτοῦ’
3688 5316 3765 5366 εί-

496 5429 662 5484 supra
710 5423 939 5483 petram.
984 5411 1215 5482 Propter
1254 5413 1368 5467 haec
1406 5413 1591 5468 omnia
1629 5412 1823 5466 Beatus
1855 5411 2064 5480 papula:

2193 5413 2360 5477 κότως
2389 5414 2746 5484 καυχήσεται,
2781 5410 2897 5465 ἀλλ’
2927 5411 3028 5462 οὐκ
3057 5409 3151 5462 ἐπὶ
3180 5409 3247 5478 τῇ
3293 5405 3473 5476 οἰκείᾳ
3517 5404 3761 5474 δυνάμει,

491 5506 583 5574 qui
621 5505 719 5558 scit
759 5503 1151 5572 jubilationem.
1201 5503 1459 5560 Nostrum
1498 5505 1627 5558 item
1677 5505 2059 5576 prophetarun

2193 5503 2298 5556 ἀλλ’
2347 5503 2438 5555 ἐπὶ
2484 5501 2562 5571 τῷ
2604 5499 3018 5572 τεθεμελιωκότι
3064 5498 3228 5552 αὑτὸν
3273 5497 3364 5551 ἐπὶ
3406 5496 3508 5566 τὴν
3561 5496 3761 5565 πέτραν

491 5597 587 5666 qui
624 5597 738 5652 haec
765 5613 861 5666 per
888 5595 1153 5667 Spiritum
1187 5598 1570 5662 vaticinamur,
1613 5611 1786 5652 cornu
1815 5597 2059 5654 cxaltabi

2192 5594 2395 5667 Κυρίῳ.
2428 5595 2526 5648 Διά
2547 5595 2604 5649 δὲ
2627 5593 2799 5648 ταῦτα
2826 5595 3002 5648 πάντα
3029 5593 3319 5664 μακάριος
3351 5592 3382 5645 ό
3418 5589 3572 5654 λαὸς
3606 5590 3643 5642 ό
3675 5600 3760 5654 τε·

570 5808 616 5840 ³⁸
643 5807 787 5864 Psal.
817 5826 888 5874 tv,
915 5809 968 5863 7.
1046 5809 1088 5841 ³³
1130 5806 1276 5864 Psal.
1315 5821 1478 5872 xxxv,
1529 5804 1614 5859 10.
