3972 6812
222 247 401 308 1⁸097
1390 247 1831 304 ΟΟΜΜΕΝΤᾹΒΙ

1935 250 1990 305 ΙΝ
2031 247 2368 305 PSALMOS.
3368 249 3504 302 1093

217 364 514 417 reboare»-
535 361 904 429 ἀνίη-ιιιγμόν.
934 359 1042 412 Καὶ
1064 362 1096 430 ὴ
1105 359 1222 431 μῶν
1246 360 1301 414 δὲ
1329 362 1508 415 αὐτῶν
1535 363 1643 417 τῶν
1663 363 1831 417 ταῦτα

1938 371 2047 418 tur.
2081 365 2236 432 Quod
2277 372 2458 419 autem
2492 377 2684 431 cornu,
2734 365 2839 419 nisi
2891 365 2944 419 id
2990 364 3136 435 quod
3182 379 3247 421 ex
3297 366 3507 422 semine

208 450 628 530 .Osasrtwwmv
655 448 745 501 διὰ
771 447 868 501 τοῦ
909 447 1048 502 Πνεύ
1057 465 1224 519 ματος
1255 450 1546 521 προφητῶν
1574 451 1635 504 τὸ
1667 452 1831 522 κέρας

1941 455 2105 510 David
2157 455 2457 510 secundum
2521 462 2706 522 tuam,
2770 454 3029 520 Domine,
3083 456 3504 526 promissionem

220 541 629 613 ὑψωθήσεται.
664 540 822 593 Ποῖον
846 539 903 593 δὲ
936 540 1098 611 κέρας
1124 541 1158 612 ἦ
1187 540 1248 593 τὸ
1281 541 1472 614 μέλλον
1497 543 1561 595 ὲκ
1588 543 1835 614 σπέρμαο

219 649 342 696 τος
377 631 546 684 Δαυῑδ
574 631 716 685 κατά
744 629 842 702 τὴν
885 631 1004 701 σὴν,
1043 623 1090 683 ὦ
1117 629 1308 701 Κύριε,
1341 631 1672 700 ἐπαγγελίαν
1702 649 1838 702 προ-

223 724 614 788 ελεύσεσοαις
640 723 751 776 Καὶ
771 721 928 775 τοῦτο
953 721 1060 793 γὰρ
1087 722 1148 775 τὸ
1169 721 1334 794 κέρας
1353 723 1386 793 ἡ
1395 722 1530 794 μῶν,
1566 724 1624 777 ὲν
1643 716 1688 791 ᾧ
1709 724 1836 788 τοὺς

227 816 496 887 ἐχθροὺς
535 813 691 886 ἡμῶν
721 813 1102 885 κερατιοῦμεν,
1136 815 1193 867 ὲν
1224 817 1290 885 τῇ
1321 815 1540 887 εύδοκίᾳ
1569 832 1663 869 σου
1692 814 1836 884 ὑψω-

227 909 513 979 Θήσεται,
536 906 629 961 σοῦ
657 904 949 975 τοῦἋγίου
978 905 1212 978 Ἰσραὴλ,
1241 906 1337 960 τοῦ
1368 907 1630 977 βασιλέως
1657 908 1833 979 ἡμῶν,

230 999 795 1070 ἀντιλαμϐανομένου
839 998 939 1069 τῆς
980 997 1170 1051 τούτου
1211 998 1307 1052 τοῦ
1346 999 1524 1070 κέρως
1548 1000 1832 1069 γενέσεως.

235 1090 388 1146 Εἶεν
421 1091 468 1147 δ’
501 1091 568 1146 ἂν
597 1087 757 1145 αὗται
785 1091 958 1161 φωναὶ
989 1090 1325 1162 προφητικαὶ
1357 1093 1416 1158 ἐξ
1441 1092 1639 1146 οίκείου
1669 1109 1837 1164 προσ-

231 1182 414 1236 ὠπου
447 1181 516 1236 τά
545 1181 879 1254 προκείμενα
916 1182 1316 1254 ἀναφωνοῦσαι,
1361 1182 1528 1255 κέρας
1563 1201 1623 1237 τε
1658 1184 1836 1238 αὐτῶν

233 1274 620 1346 ὁμολογοῦσαν.
650 1269 792 1328 εἶναι
819 1273 910 1328 τὸν
936 1273 1079 1328 κατά
1111 1273 1289 1346 σάρκα
1314 1274 1684 1346 φανησόμενον
1702 1277 1836 1348 Χρι-

232 1366 384 1420 στὸν
413 1364 506 1419 τοῦ
529 1364 685 1420 Θεοῦ.

326 1485 475 1539 Τότε
513 1482 823 1552 ὲλὰλησας
853 1482 924 1537 ἑν
954 1483 1157 1552 ὁράσει
1198 1483 1322 1551 τοῖς
1365 1485 1514 1552 υἱοῖς
1553 1503 1688 1552 σου,
1737 1488 1832 1541 καὶ

235 1569 460 1640 εἶπας·
537 1572 781 1644 Ἐθέμην
812 1573 1104 1641 ,ϐοήθειαν
1150 1573 1247 1627 ἐπὶ
1285 1573 1571 1631 δυνατόν·
1618 1577 1836 1646 ὕψωσα

237 1664 555 1719 ἐκλεκτὸν
573 1665 643 1719 ἐκ
673 1665 778 1720 τοῦ
800 1665 952 1720 λαοῦ
972 1683 1110 1734 μου.
1133 1660 1329 1734 Εὗρον
1355 1665 1536 1720 Δαυῒδ
1557 1667 1663 1722 τὸν
1692 1667 1831 1723 δοῦ-

243 1754 373 1807 λόν
390 1771 535 1822 μου,
559 1753 630 1806 ἐν
648 1754 826 1822 ἐλαίῳ
852 1754 998 1822 ἁγίῳ
1017 1771 1136 1824 μου
1161 1754 1377 1824 ἕχρισα
1398 1757 1602 1812 αὐτόν.
1641 1759 1703 1814 'H
1721 1760 1830 1830 γὰρ

243 1846 391 1916 χείρ
431 1863 552 1915 μου
595 1846 1109 1914 συναντιλήψεται
1145 1847 1324 1913 αὐτῷ,
1365 1847 1464 1901 καὶ
1500 1851 1536 1903 ὁ
1558 1850 1832 1920 βραχίων

244 1955 373 2004 μου
409 1937 764 2007 κατισχύσαι
794 1939 998 1992 αὐτόν.
1045 1939 1164 1992 Οὐκ
1198 1938 1494 2008 ὠφελήσει
1522 1940 1732 2010 ἐχθρὸς
1763 1941 1832 1995 ἐν

246 2027 442 2097 αὐτῷ,
466 2029 574 2083 καὶ
620 2029 752 2096 υίὸς
795 2029 1045 2098 ἀνομίας
1075 2031 1147 2084 οὐ
1176 2029 1430 2085 κακώσει
1476 2033 1679 2086 αὐτόν.
1718 2034 1828 2087 Καὶ

249 2121 555 2190 συγκόψω
581 2121 700 2176 ἀπὸ
727 2123 1050 2191 προσώπου
1081 2122 1266 2177 αὐτοῦ
1295 2123 1437 2190 τοὺς
1462 2124 1713 2194 ἐχθροὺς
1735 2127 1832 2179 αὐ-

251 2212 390 2277 τοῦ,
424 2213 523 2266 καὶ
557 2212 700 2278 τοὺς
724 2213 1055 2284 μισοῦντας
1081 2212 1267 2268 αὐτὸν
1297 2197 1689 2285 τροπὼσομαι.
1719 2217 1830 2271 Καὶ

251 2305 292 2374 ἡ
326 2302 584 2370 ἀλήθειά
603 2321 724 2375 μου
754 2305 854 2360 καί
880 2303 946 2359 τὸ
983 2306 1155 2372 ἔλεός
1189 2324 1308 2376 μου
1331 2307 1458 2376 μετ’
1493 2307 1700 2374 αὑτοῦ,
1732 2310 1830 2364 καὶ

253 2395 326 2449 ἓν
354 2395 440 2461 τῷ
479 2397 722 2467 ὀνόματί
757 2415 874 2467 μου
905 2397 1284 2466 ὑψωθήσεται
1313 2399 1382 2454 τὸ
1421 2398 1598 2468 κέρας
1619 2400 1827 2455 αὐτοῦ.

255 2487 447 2556 Ἀπαξ
485 2488 574 2542 διὰ
609 2489 719 2545 τῶν
744 2489 1048 2563 ἔμπροσθεν
1093 2490 1470 2563 μνημονεύσας
1491 2493 1521 2546 6
1551 2489 1706 2561 λόγος
1735 2491 1830 2547 τοῦ

253 2579 319 2633 κέ
330 2597 440 2652 ρως
464 2583 522 2634 ὲν
549 2577 630 2645 οἷς
661 2581 786 2652 ἔφη’
825 2583 921 2636 Ἐν
939 2581 1016 2652 τῇ
1043 2581 1286 2650 εὐδοκία
1307 2597 1426 2637 σου
1449 2583 1832 2652 ὑψωθήσεται

253 2670 326 2724 τὸ
351 2669 532 2737 κέρας
556 2669 744 2740 ήμῶν,
776 2671 1088 2740 ἀναγκαίως
1119 2671 1324 2743 προῖὼν
1347 2670 1588 2725 διδάσκει
1616 2671 1668 2726 τί
1703 2687 1830 2725 ποτε

255 2755 326 2831 ἦν
362 2758 520 2813 τοῦτο
545 2760 606 2814 τὸ
631 2762 819 2834 κέρας,
858 2765 953 2816 zeal.
982 2762 1145 2816 πόθεν
1172 2759 1312 2834 ἡξει,
1343 2763 1438 2817 καὶ
1466 2763 1582 2828 πῶς
1613 2761 1829 2834 ὑψωθή-

261 2869 439 2907 σεται.
469 2855 560 2907 Διό
587 2869 770 2926 φησιν·
805 2855 924 2909 Ὅτι
945 2856 1053 2910 τοῦ
1074 2858 1294 2926 Κυρίου
1321 2855 1496 2911 ἐστίν
1523 2858 1562 2925 ή
1589 2857 1832 2926 ἀντίλη-

261 2945 390 3010 ψις,
427 2944 462 3014 ἡ
495 2914 806 3016 τοῦίἱέρως
835 2944 1092 3017 δηλονότι.
1124 2914 1327 3019 ιξυρίου
1367 2947 1426 3000 δὲ
1461 2914 1634 3015 ποίου,
1669 2947 1702 3020 ἢ
1735 2914 1830 3001 τεὶῡ

1939 545 2280 614 proditurum
2331 543 2455 600 est?
2500 543 2634 598 Nam
2687 545 2820 598 illud
2865 559 3039 600 cornu
3092 553 3362 608 nostrum,
3394 559 3507 616 quo

1938 637 2190 692 inimicos
2235 645 2457 692 nostros
2483 637 2894 704 ventilabimus,
2933 637 2992 690 in
3035 637 3378 708 beneplacito
3409 645 3508 692 tuo

1935 729 2304 783 exaltabitur:
2336 735 2390 784 te
2441 727 2644 783 Sancto
2686 725 2875 792 Israel,
2914 742 3042 799 rege
3087 737 3297 791 nostro,
3339 728 3506 798 hujus

1937 832 2106 872 cornu
2135 827 2318 873 ortum
2372 827 2718 888 procurante.
2763 816 2858 872 [lae
2885 833 3051 889 porro
3077 833 3242 874 voces
3272 819 3502 890 prophe-

1937 917 2118 964 tarum
2167 907 2392 973 fuerint,
2445 925 2512 964 ex
2560 910 2780 980 propria
2825 924 3058 980 persona
3095 910 3211 964 haec
3241 923 3363 982 quae
3389 911 3504 981 jam

1936 1009 2239 1056 tractamus
2295 999 2713 1070 proferentium,
2771 1015 2837 1055 ac
2895 1001 3270 1057 conﬁtentium
3329 1017 3504 1057 cornu

1936 1105 2096 1147 suum
2141 1105 2266 1147 esse
2312 1089 2590 1146 Christum
2629 1089 2744 1160 Dei,
2797 1091 2890 1163 qui
2940 1092 3246 1150 secundum
3283 1105 3506 1151 carnem

1935 1183 2255 1255 proditurus
2279 1184 2334 1239 in
2362 1183 2542 1238 lucem
2565 1189 2670 1240 est.

2005 1468 2170 1525 Vens.
2205 1467 2398 1524 21-25.
2420 1469 2564 1522 Tunc
2591 1469 2793 1524 locutus
2821 1486 2875 1524 es
2905 1470 2959 1524 in
2990 1471 3186 1524 uisione
3217 1471 3346 1540 ﬁliis
3376 1470 3504 1537 tuis,

1933 1571 1982 1618 et
2003 1561 2225 1616 dixisti:
2261 1560 2422 1615 Pasui
2451 1561 2775 1631 adjutorium
2809 1563 2863 1615 in
2890 1571 3130 1630 potente;
3153 1548 3505 1617 cxaltavielc-

1935 1664 2074 1710 ctum
2114 1669 2180 1709 ex
2211 1654 2403 1723 populo
2453 1670 2586 1708 meo.
2641 1653 2824 1708 Inveni
2864 1654 3030 1708 David
3069 1670 3274 1708 servum
3311 1669 3502 1718 meum,

1935 1747 2049 1801 oleo
2078 1756 2263 1801 sancto
2309 1761 2418 1800 meo
2453 1746 2580 1799 anxi
2613 1762 2753 1801 eum.
2801 1745 2996 1801 Manus
3027 1747 3165 1801 enim
3205 1763 3320 1802 mea
3350 1749 3506 1801 auxi-

1933 1839 2153 1894 liabitur
2182 1841 2250 1907 ei,
2280 1849 2330 1894 et
2354 1839 2628 1894 brachium
2658 1857 2831 1895 meum
2860 1841 3182 1912 confortabit
3209 1858 3348 1895 eum.
3381 1839 3504 1894 Non

1930 1931 2172 2000 proﬁciet
2204 1931 2447 1985 inimicus
2489 1930 2543 1985 in
2583 1948 2664 1997 eo,
2699 1947 2751 1986 et
2777 1932 2922 2000 ﬁlius
2954 1933 3248 2003 iniquitatis
3281 1949 3383 1986 non
3410 1949 3506 1987 no-

1932 2023 2065 2078 ccbit
2089 2024 2158 2078 ei.
2190 2023 2258 2078 Et
2288 2025 2564 2080 concidam
2595 2040 2627 2077 a
2655 2023 2792 2093 facie
2820 2024 2986 2093 ipsius
3017 2023 3260 2079 inimicos
3285 2024 3424 2094 ejus,
3453 2035 3502 2078 ct

1932 2113 2164 2170 odientcs
2191 2131 2310 2169 eum
2331 2117 2391 2169 in
2418 2115 2600 2188 fugam
2631 2126 2949 2170 convertam.
2982 2114 3054 2169 Et
3083 2117 3275 2170 veritas
3305 2131 3423 2170 mea
3452 2125 3504 2170 ct

1932 2205 2296 2260 misericordia
2324 2222 2440 2262 mea
2463 2223 2580 2260 cum
2603 2209 2740 2276 ipso,
2769 2217 2818 2260 et
2845 2208 2899 2261 in
2925 2209 3132 2262 nomine
3156 2221 3268 2262 meo
3295 2208 3506 2262 exalta-

1933 2299 2074 2354 bitur
2119 2316 2281 2356 cornu
2327 2299 2462 2369 ejus.
2513 2300 2653 2354 Cum
2699 2297 2865 2354 semel
2909 2306 3070 2353 antea
3115 2311 3300 2354 sermo
3331 2314 3508 2354 cornu

1931 2393 2332 2456 memoraverit,
2361 2407 2484 2448 cum
2515 2391 2722 2446 diceret
2749 2409 2762 2446 :
2797 2389 2863 2445 In
2886 2389 3206 2460 beneplacito
3232 2400 3322 2444 tuo
3351 2391 3504 2445 exal-

1933 2483 2134 2538 tabitur
2171 2499 2336 2537 cornu
2359 2491 2620 2545 nostrum,
2649 2481 2966 2537 necessario
2995 2481 3154 2537 docet
3182 2482 3236 2537 in
3267 2497 3506 2552 sequen-

1933 2573 2080 2629 tibus
2109 2572 2380 2644 quodnam
2414 2571 2545 2626 illud
2573 2586 2768 2636 cornu,
2795 2571 2940 2627 unde
2967 2580 3257 2627 venturum
3281 2581 3338 2628 et
3366 2589 3506 2645 quo-

1933 2665 2096 2720 modo
2123 2661 2476 2720 exaltandum
2507 2664 2600 2720 sit.
2629 2661 2998 2729 Quamobrem
3033 2663 3187 2731 dicit,
3223 2663 3364 2730 Quia
3391 2663 3508 2719 Do-

1932 2759 2064 2814 mini
2098 2766 2180 2814 est
2223 2749 2534 2826 assumptio,
2590 2756 2740 2812 illius
2777 2770 2951 2811 cornu
2985 2755 3255 2812 videlicet.
3289 2755 3502 2812 Domini

1932 2857 2114 2905 autem
2151 2844 2462 2915 cuiusnam,
2506 2844 2610 2900 nisi
2657 2843 2844 2899 Sancti
2867 2842 3058 2908 Israel,
3102 2845 3248 2915 regis
3287 2845 3506 2902 nostri?

1931 2939 2054 3011 Ipse
2085 2955 2321 3010 namque
2355 2937 2620 2994 Dominus
2661 2945 2717 2994 et
2767 2935 3007 2992 Sanctus
3055 2934 3221 2992 Israel
3253 2952 3370 2998 rex,
3407 2936 3504 2993 Dei

273 3034 461 3100 Ἀγίου
477 3023 691 3109 Τσραὴλ
706 3036 800 3090 τοῦ
823 3037 1084 3108 βασιλέως
1105 3039 1290 3111 quibit;
1325 3040 1495 3105 Αὐτὸς
1524 3039 1632 3113 γὰρ
1658 3042 1688 3095 6
1715 3041 1830 3094 Κύ-

1937 3032 2194 3100 Verhum,
2241 3031 2546 3102 assumptio
2595 3030 2701 3086 erit
2735 3043 2912 3085 cornu
2945 3028 3143 3094 nostri,
3178 3029 3260 3084 uti
3295 3029 3508 3098 pollici-

266 3143 380 3198 ριος
406 3127 554 3181 καὶὸ
576 3129 764 3198 Ἄγιος
805 3130 900 3183 τοῦ
951 3131 1168 3203 Ἰσραὴλ
1204 3131 1472 3202 βασιλεὺς,
1505 3135 1534 3186 ὁ
1559 3132 1653 3186 τοῦ
1691 3133 1827 3187 Θεοῦ

263 3218 455 3287 Λόγος,
487 3219 768 3292 ἀντίληψις
799 3221 950 3276 ἔσται
973 3222 1067 3276 τοῦ
1093 3224 1271 3295 κέρως
1305 3225 1462 3296 ἡμῶν
1491 3224 1615 3279 καθ’
1639 3223 1705 3288 ἃς
1733 3242 1832 3278 πε-

265 3311 481 3382 ποίηται
515 3312 864 3381 ἐπαγγελίας,
894 3315 1130 3385 ὁπηνίκα
1169 3314 1320 3369 λαλεῖ
1349 3316 1436 3370 διὰ
1467 3316 1576 3369 τῶν
1614 3333 1831 3388 προφη-

264 3401 371 3457 τῶν
401 3405 528 3476 περὶ
567 3404 661 3458 τοῦ
691 3404 972 3476 μέλλοντος
1019 3407 1083 3460 ἐκ
1131 3407 1443 3479 σπέρματος
1489 3409 1652 3463 Δαυῖδ
1699 3426 1831 3481 προσ

267 3492 602 3550 ελεύσεσθαι.
651 3498 780 3551 Ὅτε
820 3497 950 3571 γάρ,
998 3499 1181 3571 φησιν,
1230 3498 1497 3570 ὲλάλησας
1543 3501 1600 3554 ὲν
1645 3500 1830 3572 ὁράσει

265 3586 377 3648 τοῖς
411 3585 587 3654 ἁγίοις
617 3603 732 3651 σου,
757 3589 826 3643 τά
852 3606 912 3642 τε
952 3589 1283 3660 προκείμενα
1325 3589 1636 3660 ὲπηγγείλω
1662 3591 1748 3655 σὺ,
1785 3584 1830 3643 ὦ

266 3674 414 3737 Θεὸς,
443 3673 532 3728 sta
562 3675 674 3729 τῶν
705 3676 932 3730 σεαυτοῦ
971 3678 1104 3732 υἱῶν
1140 3679 1246 3732 τῶν
1280 3679 1594 3752 προφητῶν,
1622 3673 1702 3744 οἷς
1731 3679 1831 3744 τὰς

265 3765 479 3836 ὁράσεις
502 3767 608 3822 τῶν
648 3767 947 3838 μελλόντων
983 3771 1381 3836 άπεκάλυπτες·
1421 3771 1490 3826 δι’
1519 3769 1698 3824 αὐτῶν
1721 3769 1831 3842 γὰρ

268 3857 358 3910 καὶ
387 3856 704 3927 ποιούμενος
743 3858 840 3922 τὰς
877 3860 1206 3929 ἐπαγγελίας
1245 3861 1344 3925 τὰς
1375 3861 1513 3933 πρὸς
1537 3861 1626 3914 τὸν
1647 3859 1828 3923 Δαυῖδ,

270 3947 471 4012 τούτοις
503 3950 724 4019 ἐχρήσω
753 3953 866 4016 τοῖς
897 3951 1095 4022 λόγοις*
1149 3952 1394 4023 Ἐθέμην
1411 3952 1702 4022 βοήθειαν
1730 3952 1828 4005 ἐπὶ

271 4037 540 4091 δυνατόν·
568 4040 785 4109 ὕψωσα
811 4042 1097 4099 ἐκλεκτὸν
1117 4043 1186 4097 ἐκ
1211 4043 1318 4097 τοῦ
1344 4042 1497 4104 λαοῦ
1515 4059 1652 4112 μου.
1689 4041 1828 4096 ‘Avo’

271 4122 343 4180 ὧν
368 4131 395 4180 6
423 4129 716 4201 Σύμμαχος
739 4131 924 4186 τοῦτον
951 4135 1259 4205 ἡρμήνευσε
1289 4134 1380 4188 τδν
1405 4133 1625 4203 τρόπον’
1664 4134 1830 4188 Ἐπέο

271 4220 415 4286 θηκα
453 4219 780 4289 ἀντίληψιν
809 4221 1064 4290 ἀνδρῶν,
1104 4224 1322 4292 ὖψωσα
1365 4225 1686 4277 ἐκίλεκτον
1711 4222 1830 4278 ἀπὸ

272 4311 372 4366 τοῦ
392 4313 546 4367 λαοῦ
566 4330 707 4382 μου.
741 4309 937 4382 Εὗρον
960 4313 1140 4368 AacM
1165 4314 1272 4368 τὸν
1301 4314 1527 4369 δοῦλόν
1557 4332 1698 4383 μου,
1737 4313 1830 4368 καὶ

271 4403 334 4458 τὰ
362 4403 485 4475 ἑξῆς
508 4407 622 4468 τοῖς
665 4404 1061 4476 Ἐϐδομήκοντα
1097 4405 1508 4478 παραπλησίως’
1543 4399 1618 4459 ὧν
1647 4409 1681 4477 ἠ
1711 4407 1830 4461 διά-

271 4513 380 4550 νοια
407 4495 595 4550 τοῦτον
625 4496 736 4567 ἔχει
763 4497 855 4550 τὸν
880 4497 1098 4568 τρόπον’
1135 4497 1312 4552 [Ιολλά
1361 4498 1601 4569 ζητήσας
1637 4499 1695 4551 ὲν
1733 4499 1830 4552 άν-

275 4587 496 4658 θρώποις
524 4588 674 4653 ἄξιον
705 4591 884 4660 εὑρεῖν
909 4588 1171 4660 ὲμαυτοῦ,
1206 4589 1355 4659 μόλις
1391 4590 1522 4642 ποτὲ
1556 4585 1711 4660 εὖρον
1737 4591 1830 4644 τὸν

275 4679 444 4734 δοῦλόν
475 4697 576 4751 μου
605 4681 789 4743 Δαυῖδ,
829 4681 923 4735 τὸν
955 4681 1020 4734 δι’
1048 4681 1350 4754 ὑπερϐολὴν
1371 4683 1651 4748 εὺσεσείας
1681 4680 1832 4738 οἶκον

275 4769 358 4821 ἐπὶ
381 4769 482 4838 γῆς
509 4771 792 4842 εὐκτήριον
818 4771 943 4840 ὲμοῖ
969 4769 1255 4841 δείμασθαι
1293 4771 1452 4841 μόνον
1475 4771 1583 4824 τῶν
1613 4773 1671 4839 ἐξ
1700 4773 1832 4827 αἰῶ-

274 4877 354 4922 νος
380 4859 806 4931 διανενοημένον.
833 4862 1032 4934 Διόπερ
1060 4863 1292 4934 ἀμοιϐὴν
1320 4863 1469 4934 αὐτῷ
1489 4863 1587 4934 τῆς
1623 4864 1831 4936 ἀγαθῆς

277 4952 360 5004 καὶ
397 4951 650 5015 εὐσεϐοῦς
692 4954 1060 5027 προαιρέσεως
1099 4955 1460 5027 δωρούμενος,
1490 4956 1604 5010 ἀνθ’
1626 4951 1687 5011 οὗ
1718 4955 1832 5010 διαο

276 5043 508 5114 νενόηται
556 5044 727 5111 οἴκου,
783 5045 946 5111 αὐτὸς
991 5045 1215 5119 ἐμαυτῷ
1263 5047 1396 5100 νεὼν
1448 5048 1711 5118 πανάγιον
1767 5051 1831 5102 ἑκ

278 5135 572 5205 σπέρματος
603 5137 770 5190 αὐτοῦ
803 5139 1215 5194 κατασκευάσω.
1255 5138 1413 5201 Νεὼς
1455 5141 1565 5212 γάρ
1609 5136 1679 5212 ἦν
1708 5144 1738 5194 ὁ
1766 5141 1831 5194 ὲκ

278 5227 568 5296 σπέρματος
603 5229 763 5282 Δαυῒδ
782 5230 1021 5297 γεγονὼς
1042 5227 1326 5302 ἄνθρωπος
1353 5231 1445 5286 τοῦ
1473 5231 1831 5303 κατασκηνώ-

278 5336 446 5382 σαντος
472 5321 530 5371 ἐν
545 5322 695 5390 αὐτῷ
717 5322 854 5374 Θεοῦ
877 5323 1070 5390 Λόγου.
1102 5325 1168 5376 '0
1190 5324 1254 5395 δὴ
1284 5326 1379 5378 καὶ
1405 5325 1567 5388 αὐτὸς
1591 5327 1619 5378 6
1641 5324 1831 5396 Σωτὴρ

279 5412 500 5465 ἐδίδασκε
532 5415 660 5484 περὶ
688 5414 780 5468 τοῦ
813 5415 944 5468 ἰδίου
969 5414 1217 5484 σώματος
1236 5416 1431 5486 λέγων·
1459 5421 1695 5472 Λύσατε
1726 5417 1833 5470 τὸν

277 5503 407 5556 ναὸν
430 5503 666 5569 τοῦτον,
702 5507 796 5561 καί
824 5508 894 5560 ἐν
919 5507 1119 5574 τρισὶν
1148 5509 1395 5579 ἡμέραις
1416 5510 1598 5580 ἐγερῶ
1619 5511 1832 5568 αὐτόν.

339 5665 376 5696 ³⁸
411 5663 570 5720 Joan.
609 5682 678 5729 ιι,
719 5667 804 5722 l9.

533 5762 804 5823 Ριιτιωι..
841 5763 957 5822 Gn.
988 5763 1203 5825 XXIII

1933 3132 2025 3181 tus
2056 3132 2160 3190 est,
2205 3138 2330 3178 cum
2379 3138 2478 3194 per
2523 3121 2817 3192 prephetas
2865 3135 3174 3178 sermonem
3208 3121 3412 3177 faceret
3438 3120 3508 3176 de

1935 3217 2029 3272 illo
2045 3216 2140 3287 qui
2162 3232 2230 3270 ex
2251 3215 2462 3271 semine
2479 3213 2648 3269 David
2668 3213 2988 3284 proditurus
3012 3219 3152 3269 erat.
3176 3213 3313 3268 Cum
3335 3213 3508 3280 enim,

1933 3306 2130 3377 inquit,
2161 3306 2376 3363 locutus
2395 3321 2458 3362 es
2485 3306 2542 3361 in
2569 3307 2783 3362 visione
2809 3307 3017 3362 sanctis
3037 3306 3170 3370 tuis,
3199 3315 3253 3363 et
3279 3307 3394 3362 haec
3421 3314 3506 3373 tu,

1933 3397 2098 3465 Deus,
2127 3413 2227 3470 per
2260 3399 2402 3455 [Ilios
2450 3409 2576 3454 tuos
2597 3399 2892 3470 prophetas
2936 3398 3260 3468 promisisti,
3305 3398 3510 3469 quibus

1933 3489 2244 3548 futurorum
2271 3491 2514 3549 visiones
2545 3491 2822 3556 revelasti,
2854 3507 2954 3563 per
2983 3505 3080 3547 eos
3112 3506 3349 3562 namque
3375 3505 3507 3562 pro-

1933 3585 2226 3640 missiones
2255 3583 2446 3638 Davidi
2475 3583 2708 3649 cdebas;
2731 3592 2864 3638 tunc
2899 3583 2989 3638 bis
3019 3597 3156 3638 usus
3185 3583 3368 3639 verbis
3397 3598 3458 3639 cs
3489 3601 3506 3638 :

1935 3678 2103 3734 Posui
2147 3677 2474 3748 adjutorium
2521 3677 2578 3730 in
2619 3684 2826 3743 potente
2854 3692 2874 3730 :
2904 3675 3138 3730 exaltari
3185 3676 3405 3730 electum
3441 3676 3508 3729 de

1930 3773 2076 3842 plebe
2104 3787 2240 3826 mea.
2276 3768 2383 3823 Pro
2431 3783 2540 3838 quo
2589 3766 2956 3839 Symmachus
3001 3765 3108 3821 boe
3141 3772 3302 3836 pacto
3337 3765 3507 3820 inter-

1933 3873 2179 3936 pretatus
2222 3871 2328 3926 est,
2383 3861 2548 3916 Posui
2603 3858 2931 3930 adjutorium
2975 3859 3232 3922 virorum,
3273 3857 3507 3913 excitaui

1932 3959 2153 4014 electum
2193 3975 2226 4010 a
2265 3954 2457 4026 popqu
2490 3970 2625 4008 meo.
2661 3953 2845 4007 Inveni
2873 3951 3042 4006 Dauid
3074 3966 3280 4005 servum
3308 3965 3504 4015 meum,

1933 4062 1988 4109 et
2007 4053 2217 4122 reliqua
2239 4048 2378 4103 LXX
2409 4045 2842 4116 interpretationi
2867 4043 3063 4100 similia
3091 4061 3105 4097 :
3128 4056 3362 4113 quorum
3392 4041 3506 4096 hac

1933 4150 2021 4200 est
2066 4141 2338 4198 sententia
2372 4157 2387 4194 :
2429 4138 2566 4194 Cum
2609 4137 2665 4191 in
2688 4135 3002 4192 hominibus
3042 4132 3136 4188 diu
3165 4132 3507 4202 multumque

1936 4235 2279 4307 quaesiissem
2307 4233 2484 4288 virum
2531 4246 2620 4287 me
2668 4229 2914 4300 dignum,
2952 4227 3038 4282 vix
3069 4225 3288 4281 tandem
3324 4225 3506 4281 inveni

1936 4325 2106 4380 David
2154 4337 2374 4379 servum
2419 4337 2624 4386 meum,
2673 4320 2766 4389 qui
2798 4317 3002 4388 ingenti
3051 4318 3253 4388 pietate
3299 4323 3505 4378 motus,

1936 4419 2088 4476 solus
2115 4432 2181 4473 ex
2211 4416 2281 4472 iis
2309 4415 2402 4486 qui
2431 4429 2462 4468 a
2493 4413 2694 4469 saculo
2724 4411 2947 4466 fuerunt
2976 4409 3199 4465 domum
3222 4408 3354 4462 mihi
3379 4423 3508 4464 ora-

1934 4509 2103 4565 tionis
2133 4515 2418 4564 exstruere
2440 4503 2719 4576 cogitavit.
2749 4503 2934 4570 Quare
2957 4502 3086 4556 boni
3114 4500 3299 4572 piiqne
3323 4501 3508 4556 consi-

1934 4601 1992 4656 lii
2019 4601 2192 4656 vicem
2223 4599 2325 4670 ipsi
2365 4597 2696 4669 rependens,
2738 4610 2836 4665 pro
2873 4595 3040 4649 dumo
3069 4605 3232 4663 quam
3263 4593 3507 4648 excitam

1933 4692 2126 4756 voluit,
2152 4691 2283 4745 mihi
2315 4705 2382 4746 ex
2414 4688 2622 4745 semine
2649 4687 2768 4757 ejus
2798 4685 3059 4754 templum
3092 4681 3505 4740 sanctissimum

1935 4782 2233 4838 adornabo.
2247 4779 2382 4834 Nam
2401 4779 2494 4849 qui
2515 4794 2580 4834 ex
2601 4778 2808 4833 semine
2831 4775 3000 4829 David
3027 4773 3204 4829 factus
3218 4780 3303 4829 est
3320 4773 3504 4834 homo,

1933 4873 2026 4930 Dei
2073 4872 2238 4929 Verbi
2279 4873 2337 4926 in
2375 4872 2493 4942 ipso
2542 4868 2839 4924 habitantis
2869 4866 3128 4937 templum
3171 4872 3309 4921 erat.
3352 4864 3507 4930 Quod

1932 4968 2096 5024 etiam
2127 4964 2379 5020 Saivator
2409 4965 2524 5028 ipse
2546 4961 2778 5016 docebat
2791 4960 2858 5014 de
2893 4973 3122 5028 corpore
3149 4972 3252 5014 suo
3281 4956 3505 5011 dicens:

1933 5055 2130 5111 Solvite
2142 5053 2389 5122 templum
2400 5053 2515 5116 hoc,
2533 5061 2582 5106 et
2599 5052 2651 5106 in
2666 5051 2834 5104 tribus
2847 5047 3278 5104 diebusezcitabo
3294 5047 3428 5101 illud
3440 5047 3506 5100 “.

1936 5147 2114 5218 Atque
2147 5144 2438 5200 admodum
2467 5150 2832 5216 congruenter
2857 5140 3215 5214 promissioni
3247 5138 3316 5193 ad
3350 5138 3511 5193 Davi-

1934 5238 2056 5294 dem
2090 5237 2264 5302 factas,
2295 5235 2443 5291 Deus
2475 5237 2578 5307 ipsi
2606 5236 2784 5291 vicem
2821 5233 3091 5305 rependit.
3136 5230 3277 5298 Quia
3321 5230 3508 5300 igitur,

1933 5330 2131 5400 inquit.
2170 5327 2424 5383 idoneum
2455 5336 2510 5382 et
2539 5327 2764 5399 dignum
2800 5324 3229 5398 promissionum
3263 5335 3508 5375 mearum

1935 5417 2112 5472 virum
2140 5416 2341 5486 reperi,
2377 5414 2634 5472 Davidem
2669 5417 2916 5480 scilicet;
2949 5414 3073 5470 ideo
3096 5413 3274 5484 ipsum
3306 5410 3511 5464 auxilio

1935 5523 2057 5565 meo
2081 5508 2336 5580 dignatus
2381 5523 2526 5575 sum,
2567 5509 2801 5564 electum
2833 5505 3130 5573 declaravi,
3154 5513 3210 5560 et
3237 5517 3403 5574 super
3427 5509 3514 5556 to-

3157 5766 3236 5826 33

0 6399 3408 6460 -υί--ιι-
