3972 6812
517 324 658 384 £099

1207 323 1473 381 EUSEBII
1507 323 1987 384 εΑῑεΑιιιΕΝδιε
2019 323 2170 382 οΡΡ.

2201 322 2382 382 PARS
2417 325 2506 384 Ill.
2536 349 2609 370 -ι
2644 313 3050 382 EXEGETICA.
3665 327 3844 383 ιιι-ο

517 450 630 496 tum
671 439 932 510 populum
967 438 1226 496 exaltavi.
1281 440 1362 496 Ad
1415 440 1530 496 haec
1588 455 1740 506 vero,
1793 441 1920 511 quia
1971 452 2078 513 post

2202 443 2313 497 Kal
2348 443 2549 514 σφόδρα
2586 459 2648 512 γε
2681 441 3030 513 καταλλήλως
3071 443 3136 512 τῇ
3165 439 3260 494 τοῦ
3289 439 3460 496 Δαυτδ
3487 441 3840 510 ἐπαγ-τελέῃ

516 533 743 586 nntltam
779 531 1254 602 perquisitionem,
1305 532 1483 603 ipsum
1529 532 1704 587 solum
1745 533 2097 602 pollicitatio-

516 639 646 678 num
688 638 933 678 mearum
964 623 1188 694 dignum
1221 623 1436 691 inveni;
1485 623 1645 678 talem
1669 624 2092 694 deprehensum,

514 713 738 784 dignum
774 714 902 769 item
935 713 1101 768 habui
1128 715 1220 784 qui
1250 715 1372 768 oleo
1401 723 1596 768 sancto
1630 729 1750 768 meo
1775 723 2090 784 ungeretur,

512 821 626 876 quo
652 805 828 875 ipsum
857 805 1012 859 ell'eci
1037 806 1338 869 Christum,
1373 814 1428 861 et
1453 805 1573 862 hinc
1607 807 1684 861 illi
1717 823 1801 861 me
1831 809 2093 862 beneticia

513 899 843 952 collaturum
867 897 1160 967 polliceor:
1196 897 1424 952 Dextera
1451 914 1565 951 mea
1588 900 1814 966 firmiter
1846 900 1948 968 ipsi
1969 899 2094 952 ade-

515 990 610 1055 rit,
641 999 691 1044 et
732 989 1002 1044 brachium
1053 1006 1224 1044 meum
1279 990 1600 1058 confortabit
1645 1009 1762 1045 eum
1796 1009 1814 1045 :
1846 993 2091 1045 inimicus

511 1097 632 1137 eum
681 1097 786 1135 non
840 1079 1096 1151 decipiet,
1149 1098 1309 1151 neque
1357 1082 1502 1150 ﬁlius
1560 1083 1853 1153 iniquitatis
1901 1085 2090 1154 afﬂiget

509 1189 648 1229 eunt.
679 1172 796 1228 Ima
827 1175 985 1228 etiam
1018 1172 1290 1228 concidam
1323 1174 1377 1226 in
1406 1184 1686 1244 conspectu
1713 1175 1826 1244 ejus
1858 1175 2088 1230 odientes

508 1281 652 1325 eum.
696 1275 747 1319 et
793 1265 1072 1336 aﬂligentes
1116 1280 1236 1317 eum
1278 1265 1571 1331 percutiam
1603 1280 1621 1317 :
1654 1266 1993 1333 conﬁrmatio
2041 1274 2088 1318 et

509 1352 687 1422 gratia
725 1369 841 1407 mea
883 1352 1052 1408 aderit
1086 1353 1206 1422 ipsi.
1264 1352 1326 1406 Et
1369 1354 1485 1408 hzec
1524 1355 1743 1424 quidem
1775 1355 1956 1408 omnia
1988 1355 2087 1425 ipsi

511 1442 766 1508 aderunt,
819 1443 1120 1498 secundum
1186 1440 1499 1512 Symmachi
1558 1445 2085 1514 interpretationem.

511 1531 822 1589 Secundum
852 1533 995 1588 LXX
1022 1550 1170 1598 vero,
1201 1532 1394 1589 Manus
1429 1552 1566 1598 mea,
1609 1537 1806 1606 inquit,
1856 1535 2089 1588 auxilia-

509 1625 650 1678 bitur
693 1626 763 1689 ei,
804 1636 852 1680 et
899 1625 1172 1680 brachium
1222 1643 1391 1680 meum
1436 1626 1756 1696 confortabit
1785 1643 1903 1680 eum
1933 1641 1951 1679 :
1983 1643 2087 1680 non

505 1717 744 1786 proﬁciet
775 1718 1018 1771 inimicus
1052 1719 1105 1771 in
1128 1734 1208 1782 eo,
1237 1727 1287 1772 et
1313 1718 1455 1786 ﬁlius
1487 1719 1783 1789 iniquitatis
1818 1735 1920 1772 non
1954 1719 2085 1788 ami-

2199 533 2291 585 καὶ
2312 533 2341 585 ὁ
2367 533 2497 596 Θεὸς
2522 533 2621 604 τὴν
2647 532 2783 603 πρὸς
2805 530 2968 584 αὐτὸν
2989 530 3229 601 ἀμοιϐὴν
3251 532 3585 604 ἐποιήσατο.
3624 533 3840 585 Ἐπει-

2197 624 2260 694 δὴ
2309 623 2508 688 τοίνυν,
2561 623 2744 694 φησὶν,
2794 621 3096 693 ἐπιτήδειον
3144 617 3301 693 εὗρον
3349 624 3453 677 καὶ
3502 622 3670 687 ἄρειον
3697 624 3836 675 sig:-

2195 713 2345 786 ἐμῶν
2377 713 2720 783 ἐπαγγελιῶν
2767 713 2859 766 τδν
2909 713 3086 778 Δαυῒδ,
3139 713 3228 767 διὰ
3257 715 3419 768 τοῦτο
3467 716 3836 786 κατηξωνει

2195 804 2355 857 αὐτὸν
2388 805 2488 874 τῆς
2515 803 2658 874 ἐμῆς
2688 801 2962 873 βοηθείας,
2999 803 3252 856 ἐκλεκτὸν
3280 804 3448 857 αὑτὸν
3475 806 3836 874 ἀποφήνας..

2155 909 2162 912 ·
2195 897 2288 948 καὶ
2331 895 2471 966 ὑπὲρ
2515 895 2694 949 πάντα
2734 894 2824 946 τὸν
2864 893 2992 947 λαὸν
3019 893 3328 963 ὰνυψώσας.
3373 895 3495 948 Καὶ
3533 894 3631 945 ἔτι
3675 894 3838 963 πρὲς

2193 986 2402 1050 τούτοις
2441 985 2629 1056 ἐπειδὴ
2679 985 2848 1039 πολλὰ
2893 985 3155 1056 ζητήσας,
3205 986 3364 1054 μόνον
3407 985 3592 1038 αὐτὸν
3645 980 3842 1055 εὗραν

2194 1077 2343 1144 ἄξιον
2377 1077 2484 1131 τῶν
2518 1077 2668 1147 ἐμῶν
2701 1075 3063 1144 ἐπαγγελιῶν,
3102 1079 3198 1130 καὶ
3240 1076 3416 1148 εὑρὼν
3465 1077 3838 1146 κατῃξίωεε

2193 1168 2424 1240 κρίσεως
2468 1167 2561 1222 τοῦ
2605 1169 2762 1238 ἁγίου
2800 1186 2900 1239 μου
2940 1169 3144 1230 ἐλαίου,
3183 1169 3250 1222 δι’
3281 1163 3344 1222 οὗ
3397 1170 3503 1224 καὶ
3552 1171 3838 1240 Χριστῇν

2191 1262 2352 1315 αὐτὸν
2395 1262 2840 1333 ἀπειργασάμην,
2895 1262 2988 1314 καὶ
3029 1261 3204 1314 ταῦτα
3241 1260 3390 1331 αὐτῷ
3421 1261 3830 1331 δωρήσασθαι

2191 1353 2612 1424 ἐπαγγέλλομαι·
2657 1353 2716 1407 Ἡ
2734 1351 2901 1417 δεξιά
2919 1369 3039 1421 μου
3062 1353 3320 1419 βεϐαίως
3344 1353 3674 1406 συνέσται
3703 1355 3832 1404 ai:—

2189 1442 2290 1510 τῷ,
2343 1443 2441 1497 καὶ
2473 1447 2506 1498 ὀ
2529 1445 2803 1513 βραχίων
2846 1461 2968 1512 μου
3019 1442 3334 1510 στερεὼσει
3384 1445 3616 1498 αὐτόν.
3681 1447 3826 1496 οὐκ

2187 1535 2553 1602 ἐξαπατήσει
2589 1539 2774 1589 αὐτόν
2804 1533 3040 1604 ἐχθρὸς,
3065 1534 3209 1588 οὐδὲ
3234 1535 3358 1602 υἱὸς
3388 1534 3656 1601 ἀδικίας
3699 1552 3822 1587 κα-

2187 1627 2365 1682 κώσει
2384 1628 2589 1681 αὐτόν.
2625 1627 2800 1681 Ἀλλὰ
2830 1626 2930 1680 καὶ
2960 1629 3248 1695 συγκόψω
3277 1626 3395 1681 ἀπὸ
3428 1627 3824 1696 ἔμπροσθεν

2187 1717 2374 1772 αὑτοῦ
2426 1717 2568 1784 τοὺς
2603 1717 2940 1786 μισοῦντας
2987 1717 3196 1780 αὐτὸν,
3246 1719 3342 1770 καὶ
3396 1719 3550 1785 τοὺς
3601 1737 3816 1772 κακι-

505 1819 586 1880 get
617 1813 809 1879 ipsum.
855 1809 920 1862 Et
948 1808 1224 1864 concidam
1258 1827 1290 1862 a
1317 1809 1454 1879 facie
1478 1810 1642 1878 ipsius
1677 1810 1918 1863 inimicos
1947 1809 2078 1878 ejus,

2190 1809 2510 1874 ποιοῦντας
2536 1808 2724 1863 αὑτὸν
2755 1809 3018 1872 πατάξω·
3053 1810 3090 1876 ἠ
3123 1807 3191 1861 δὲ
3222 1809 3565 1876 βεϐαίωσις
3607 1811 3732 1863 καὶ
3769 1811 3814 1872 ἦ

504 1913 555 1956 et
581 1901 810 1957 odientes
834 1919 951 1955 eum
983 1903 1037 1954 in
1077 1901 1257 1970 fugam
1294 1910 1614 1955 convertam.
1647 1899 1715 1954 Et
1743 1902 1936 1955 ueritas
1968 1916 2084 1953 mea

504 2003 553 2047 et
584 1992 950 2048 misericordia
983 2009 1097 2047 mea
1127 2009 1246 2046 cum
1281 1992 1425 2060 ipso;
1473 2007 1535 2046 ac
1567 1990 1786 2048 domum
1816 2001 1939 2062 post
1966 1991 2081 2046 haec

502 2085 708 2149 omnia,
739 2086 792 2139 in
827 2085 1034 2139 nomine
1063 2101 1175 2139 meo
1205 2082 1530 2139 exaltabttur
1571 2100 1734 2138 cornu
1767 2083 1904 2153 ejus.

2188 1897 2362 1970 χάρις
2400 1898 2519 1966 μοῦ
2564 1897 2858 1951 συνέσται
2897 1895 3073 1963 αὐτῷ.
3117 1898 3228 1952 Καὶ
3260 1897 3435 1952 ταῦτα
3485 1902 3597 1970 μὲν
3637 1901 3814 1972 αὐτῷ

2188 1988 2363 2044 πάντα
2411 1987 2564 2041 ἔσται
2609 1987 2751 2041 κατὰ
2799 1987 2896 2059 τὴν
2939 1987 3032 2042 τοῦ
3085 1989 3382 2060 Συμμάχου
3439 1993 3807 2061 ἑρμηνείαν·

2188 2079 2331 2135 κατὰ
2379 2079 2436 2134 δὲ
2485 2077 2610 2144 τοὺς
2671 2080 3103 2153 Ἐδδομήκοντα·
3150 2083 3210 2137 Ἡ
3252 2083 3380 2152 χείρ
3417 2102 3572 2170 μου,
3623 2087 3806 2153 φησι..

501 2179 1020 2249 συναντιλήψεται
1062 2179 1244 2245 αὐτῷ,
1283 2180 1380 2233 καὶ
1426 2182 1457 2234 d
1484 2180 1756 2248 βραχίων
1781 2197 1902 2248 μου
1930 2178 2286 2248 κατισχύσει
2334 2175 2541 2230 αὐτόν.
2600 2171 2721 2229 Οὐκ
2767 2174 3064 2244 ὠφελήσει
3109 2176 3322 2245 ἐχθρὸς
3357 2176 3428 2230 ἑν
3461 2177 3666 2242 αὐτῷ,
3691 2180 3804 2230 καὶ

502 2273 634 2338 υἱὸς
665 2272 920 2341 ἀνομίας
943 2273 1016 2325 οὐ
1037 2270 1296 2324 κακώσει
1322 2271 1528 2325 αὐτόν.
1555 2270 1665 2324 Καὶ
1693 2271 1982 2340 συγκόψω
2009 2269 2127 2324 ἀπὸ
2153 2267 2476 2340 προσώπου
2508 2261 2694 2320 αὐτοῦ
2735 2264 2874 2331 τοὺς
2912 2260 3166 2335 ἐχθροὺς
3204 2265 3414 2332 αὑτοῦ,
3461 2267 3574 2320 καὶ
3632 2269 3802 2332 τοὺς

497 2362 833 2434 μισοῦντας
865 2362 1053 2416 αὑτὸν
1072 2360 1468 2430 τροπώσομαι.
1493 2362 1602 2417 Kal
1636 2363 1674 2430 ή
1704 2361 1952 2428 ἀλήθειά
1972 2379 2092 2431 μου
2129 2359 2229 2414 καὶ
2257 2357 2321 2412 τὸ
2339 2357 2509 2425 ἔλεός
2527 2375 2647 2427 μου
2669 2357 2796 2427 μετ’
2831 2357 3038 2411 αὑτοῦ·
3074 2356 3170 2412 καὶ
3194 2357 3365 2425 τέλος
3390 2361 3552 2429 μετὰ
3584 2360 3800 2415 ταῦτα

503 2450 720 2516 πάντα,
753 2451 824 2505 ἐν
845 2450 926 2516 τῷ
954 2451 1198 2520 ὀνόματί
1223 2469 1343 2520 μου
1377 2450 1759 2520 ὑψωθήσεται
1789 2451 1852 2504 τὸ
1889 2450 2068 2519 κέρας
2089 2451 2299 2506 αὐτοῦ.

507 2595 514 2606 ο
567 2568 688 2626 Hoc
726 2578 909 2626 autem
945 2585 1122 2625 cornu
1171 2570 1292 2640 ejus
1335 2585 1402 2624 ex
1451 2569 1570 2641 ipso
1607 2571 1974 2640 proditurum,
2023 2576 2078 2624 et

503 2664 770 2734 templum
799 2677 866 2718 ex
916 2663 1129 2718 semine
1153 2663 1330 2733 ipsius
1374 2662 1508 2716 mihi
1547 2663 1896 2718 excitandum
1941 2667 2074 2717 est:

503 2757 792 2826 ipsumque
820 2769 992 2809 cornu
1028 2753 1151 2824 ejus
1197 2755 1254 2809 in
1293 2754 1515 2809 nomine
1559 2770 1682 2810 meo
1709 2754 2074 2822 exaltabitur;

501 2846 727 2902 nomine
778 2846 980 2917 quippe
1034 2854 1090 2900 et
1156 2845 1518 2917 appellatione
1572 2862 1692 2901 mea
1741 2845 2073 2916 dignabitur.

500 2937 1050 2994 Denominationibus
1073 2937 1218 2992 enim
1260 2936 1400 2992 meis
1431 2935 1860 3006 nuncnpabitur,
1895 2943 1949 2991 et
1978 2950 2076 3004 ap-

500 3031 893 3103 pellationibus
941 3044 1160 3100 quoque
1206 3027 1345 3084 meis
1391 3027 1534 3098 apud
1573 3041 1768 3082 omnes
1809 3025 2075 3081 exaltabi-

500 3131 612 3177 tur.
664 3121 1042 3212 Quamobrem,
1079 3119 1332 3189 superius
1371 3117 1676 3183 dicebatur,
1713 3116 1810 3212 ΔΕι⁸
1838 3119 1894 3170 in
1923 3115 2076 3212 bene-
2104 3155 2147 3212 ο

497 3213 696 3282 placito
722 3222 814 3269 tuo
843 3211 1168 3268 exaltabitur
1209 3227 1373 3265 cornu
1404 3223 1664 3264 nostrum.
1708 3207 1814 3264 Sed
1841 3206 2077 3278 prophe-

501 3314 681 3360 tarum
711 3304 933 3374 quidem
975 3304 1179 3359 chorus
1222 3303 1302 3358 sic
1341 3303 1594 3374 superius
1631 3301 1797 3355 Deum
1835 3300 2072 3371 alloque-

500 3395 684 3461 batur,
735 3393 806 3448 Et
836 3395 891 3448 in
941 3394 1264 3465 beneplacito
1299 3404 1389 3448 tuo
1419 3391 1746 3449 exaltabitur
1777 3406 1941 3444 cornu
1980 3406 2076 3444 uo-

500 3498 670 3542 strum
690 3499 711 3551 ;
747 3486 860 3555 jam
905 3502 1038 3541 vero
1077 3487 1194 3557 ipse
1227 3485 1390 3548 Deus,
1414 3484 1685 3556 promissa
1719 3481 1906 3536 Davidi
1949 3481 2074 3536 data

500 3578 750 3644 ell'erens,
770 3589 966 3634 caetera
993 3581 1175 3634 omnia
1211 3579 1296 3634 his
1315 3578 1589 3649 obsignat,
1626 3577 1688 3630 In
1723 3576 1932 3631 nomine
1963 3590 2075 3628 meo

498 3669 826 3726 exaltabitur
854 3687 1017 3726 cornu
1051 3671 1188 3741 ejus,
1225 3671 1503 3726 Christum
1536 3685 1602 3725 ex
1627 3683 1692 3722 eo
1729 3667 2072 3738 proditurum

501 3763 816 3834 signiﬁcans
838 3807 852 3832 ,
883 3765 976 3835 qui
1006 3779 1116 3819 non
1145 3763 1309 3818 modo
1339 3762 1749 3835 prophetarum,
1784 3760 1878 3816 sed
1908 3760 2072 3814 etiam

500 3853 722 3912 Davidis
760 3870 932 3911 cornu
977 3863 1205 3911 vocatur
1229 3875 1242 3910 :
1267 3855 1335 3911 de
1376 3869 1486 3926 quo
1534 3853 1637 3909 sub
1683 3863 1796 3907 uzec
1837 3851 2070 3922 adjicit:

500 3971 572 3988 ι·-
593 3946 760 4002 Vens.
791 3947 983 4003 26-99.
1015 3946 1083 4001 Et
1119 3962 1314 4016 ponam
1359 3947 1413 4001 in
1441 3947 1580 4000 mari
1612 3961 1823 3998 manum
1851 3944 1986 4012 ejus,
2023 3951 2072 3996 et

499 4039 554 4093 in
583 4039 890 4109 ﬂuminibus
919 4038 1189 4094 dexteram
1217 4038 1352 4108 ejus.
1390 4035 1512 4107 Ipse
1539 4035 1798 4091 invocabit
1829 4050 1928 4096 me,
1963 4033 2072 4087 Pa-

504 4139 582 4183 ter
612 4146 756 4184 meus
791 4145 843 4183 es
877 4139 954 4192 tu,
986 4127 1130 4184 Deus
1164 4144 1308 4182 meus
1330 4138 1380 4182 et
1406 4136 1676 4196 susceptor
1702 4124 1892 4180 salutis
1921 4139 2068 4178 mete.

500 4220 570 4274 Et
601 4237 694 4291 ego
723 4221 1124 4291 primogenitum
1145 4235 1334 4288 ponam
1363 4218 1539 4280 illum.
1566 4217 1830 4272 excelsum
1853 4230 1963 4284 prta
1989 4231 2072 4269 re-

497 4309 648 4382 gibus
671 4319 845 4366 ειη-αι.
884 4309 951 4364 In
993 4321 1244 4366 wternum
1285 4309 1500 4364 servabo
1539 4309 1621 4363 illi
1654 4305 2070 4364 misericordiam

497 4415 692 4463 meam,
727 4408 777 4455 et
807 4408 1173 4455 testamentum
1205 4415 1374 4454 meum
1397 4398 1550 4469 fidele
1573 4399 1690 4466 ipsi.
1723 4395 1780 4450 Si
1814 4396 1938 4466 quis
1973 4395 2072 4450 ho-

2256 2565 2427 2620 Τοῦτο
2457 2567 2515 2620 δὲ
2543 2567 2605 2621 τὸ
2632 2567 2800 2638 κέρας
2831 2566 2997 2620 αὑτοῦ
3031 2565 3092 2620 τὸ
3127 2567 3320 2637 μέλλον
3349 2567 3408 2633 ἐξ
3436 2570 3615 2623 αὑτοῦ
3647 2589 3798 2642 προ-

2181 2659 2518 2723 ελεύσεσθαι,
2541 2661 2635 2714 καὶ
2659 2662 2688 2713 ὁ
2713 2659 2850 2724 νεὼς
2878 2663 2907 2714 ό
2934 2662 2998 2714 ἐκ
3022 2659 3336 2732 σπέρματος
3356 2662 3524 2715 αὑτοῦ
3557 2665 3796 2734 μέλλων

2185 2767 2276 2820 μοι
2309 2751 2835 2816 κατασκευάζεσθαι·
2876 2751 3012 2822 ὅπερ
3052 2751 3221 2824 κέρας
3256 2753 3423 2806 αὐτοῦ
3455 2755 3512 2808 ἐν
3543 2754 3628 2824 τῷ
3657 2756 3793 2808 ἀνί·

2185 2843 2314 2914 ματί
2349 2861 2451 2914 μου
2483 2843 2845 2915 ὑψωθήσεται·
2877 2842 3338 2916 καταξιωθήσεται
3371 2844 3481 2917 γὰρ
3503 2846 3608 2900 τοῦ
3636 2847 3790 2918 ἐμοῦ

2180 2933 2443 3004 ὀνόματος
2487 2935 2582 2987 καί¹
2627 2937 2728 3006 τῆς
2777 2938 2916 3008 ἐμῆς
2969 2937 3355 3010 προσηγορίας.
3414 2938 3785 3008 Χρηματίσει

2182 3023 2312 3092 γοῦν
2344 3025 2440 3079 καὶ
2470 3025 2602 3079 αὐτὸ
2626 3029 2738 3091 τοῖς
2768 3030 2920 3098 ἐμοῖς
2953 3034 3382 3100 χρηματισμοῖς,
3421 3031 3516 3083 καὶ
3541 3029 3639 3084 διὰ
3662 3032 3787 3084 τῶν

2181 3115 2330 3186 ἐμῶν
2359 3117 2743 3189 προσηγοριῶν
2768 3119 2918 3191 παρά
2943 3123 3055 3184 τοίς
3082 3122 3246 3175 πᾶσιν
3273 3119 3652 3191 ὑψωθήσεται.
3677 3123 3780 3174 A26

2185 3206 2280 3260 καὶ
2308 3207 2365 3259 ἐν
2393 3209 2508 3271 τοῖς
2543 3207 2850 3279 ἔμπροσθεν
2889 3208 3125 3278 ἐλέγετο,
3154 3211 3264 3265 Kal
3298 3212 3369 3265 ἐν
3406 3210 3490 3279 τῇ
3515 3211 3774 3278 εὐδοκία

2183 3312 2299 3352 σου
2330 3299 2711 3368 ὑψωθήσεται
2742 3301 2808 3355 τὸ
2842 3302 3019 3370 κέρας
3055 3303 3242 3372 ἡμῶν.
3281 3302 3419 3356 Ἀλλ’
3452 3307 3482 3357 ὁ
3520 3305 3627 3374 μὲν
3661 3305 3774 3357 τῶν

2183 3391 2474 3462 προφητῶν
2506 3391 2662 3463 χορὸς
2702 3391 2838 3462 πρὸς
2880 3393 2973 3446 τὸν
3018 3393 3152 3448 Θεὸν
3193 3394 3456 3464 ἀνεφὼνει
3496 3396 3775 3466 πρότερον

2181 3480 2373 3550 λέγων,
2408 3483 2514 3536 Kal
2530 3482 2599 3535 ἐν
2610 3481 2683 3550 τῇ
2702 3482 2946 3552 εὐδοκία
2960 3500 3078 3539 σου
3093 3486 3474 3554 ὑψωθήσεται
3496 3486 3563 3539 τὸ
3582 3486 3776 3554 κέρας

2180 3569 2367 3640 ἡμῶν·
2399 3571 2559 3634 αὐτὸς
2589 3571 2646 3624 δὲ
2672 3571 2767 3625 νῦν
2798 3571 2827 3623 ὁ
2860 3571 2992 3635 Θεὸς
3024 3572 3121 3635 τὰς
3149 3573 3480 3641 ἐπαγγελίας
3511 3573 3651 3642 περὶ
3673 3572 3770 3626 τοῦ

2180 3661 2342 3715 Δαυῖδ
2368 3662 2706 3733 ποιούμενος,
2736 3663 3148 3734 ἐπισφράγισμα
3181 3664 3398 3717 πάντων
3429 3664 3772 3734 προστίθησι

2181 3753 2274 3806 καὶ
2302 3754 2383 3818 τὸ,
2416 3755 2511 3807 Ἐν
2542 3753 2622 3819 τῷ
2651 3755 2894 3820 ὀνόματί
2923 3772 3043 3822 μου
3073 3755 3458 3824 ὑψωθήσεται
3486 3755 3550 3808 τὸ
3578 3756 3773 3825 κέρας

2178 3844 2385 3908 αὑτοῦ,
2412 3846 2502 3898 τὸν
2536 3844 2596 3910 ἐξ
2630 3847 2797 3900 αὐτοῦ
2837 3846 3296 3919 προελευσόμενον
3325 3846 3561 3916 Χριστὸν
3586 3846 3776 3917 δηλώ-

2182 3953 2298 3999 σας,
2333 3937 2500 4008 κέρας
2531 3938 2592 3990 οὐ
2639 3939 2798 4005 μόνον
2840 3939 2934 3992 καὶ
2961 3937 3275 4010 προφητῶν,
3303 3937 3438 3991 ἀλλὰ
3465 3938 3560 3991 καὶ
3589 3939 3798 4012 ι·ιὺτοῦ⁸

2177 4029 2272 4083 τοῦ
2306 4029 2466 4083 Δαυῗδ
2493 4030 2902 4102 ὠνομασμένον·
2931 4031 3060 4101 περὶ
3085 4023 3146 4084 οὗ
3175 4031 3304 4099 ἑξῆς
3337 4031 3602 4098 ἐπιλέγει·
3649 4033 3762 4085 Kal

2178 4120 2438 4190 θήσομαι
2475 4121 2545 4174 ἐν
2584 4121 2865 4192 θαλάσσῃ
2914 4121 3081 4190 χεῖρα
3103 4121 3312 4184 αὑτοῦ,
3338 4122 3434 4176 καὶ
3465 4123 3537 4174 ἐν
3573 4136 3762 4180 ποτα-

2172 4211 2308 4282 μοῖς
2335 4212 2543 4278 δεξιὰν
2573 4214 2780 4270 αὑτοῦ.
2821 4216 3005 4280 Αὐτὸς
3055 4213 3478 4268 ἑπικαλέσεταί
3508 4229 3605 4284 με·
3637 4218 3760 4268 Πα-

2177 4304 2286 4372 τήρ
2318 4321 2436 4373 μου
2477 4300 2538 4358 εἴ
2579 4304 2682 4370 σὺ,
2727 4307 2866 4372 Θεός
2907 4321 3028 4374 μου
3073 4305 3172 4358 καὶ
3219 4304 3598 4373 ἀντιλήπτωρ
3649 4305 3760 4374 τῆς

2175 4395 2471 4462 σωτηρίας
2486 4413 2624 4464 μου·
2659 4397 2821 4467 κάγὼ
2853 4399 3230 4466 πρωτότοκον
3258 4396 3514 4466 θήσομαι
3542 4399 3756 4461 αὑτὸν,

498 4500 621 4545 rutn
646 4493 970 4547 sententiam
997 4492 1309 4546 accuratius
1347 4489 1665 4562 perpendat,
1702 4488 1816 4542 haec
1854 4502 1964 4541 non
2002 4487 2070 4542 de

2183 4487 2421 4556 ὑψηλὸν
2449 4487 2610 4555 παρὰ
2654 4487 2778 4555 τοῖς
2820 4489 3154 4554 ,ϐασιλεῦσι
3192 4489 3302 4558 τῆς
3343 4489 3478 4560 γῆς.
3512 4493 3617 4558 Εις
3648 4492 3758 4545 τὸν

497 4581 728 4646 Davide,
759 4581 854 4638 sed
885 4581 952 4637 de
980 4597 1173 4644 cornu,
1213 4582 1356 4651 quod
1389 4597 1452 4638 ex
1495 4581 1697 4635 Davide
1726 4580 2066 4650 proditurmn

497 4681 638 4737 erat,
659 4675 1024 4742 prarnuntiata
1048 4689 1171 4728 esse
1188 4674 1573 4743 deprehendet.
1600 4671 1734 4725 Nam
1753 4687 1877 4726 cum
1897 4671 2073 4726 dixis-

500 4774 605 4832 set,
647 4765 714 4819 Et
747 4767 800 4836 in
856 4767 1063 4820 nomine
1104 4781 1215 4820 meo
1257 4765 1584 4820 exaltabitur
1626 4780 1789 4818 cornu
1829 4762 1965 4832 ejus,
2003 4761 2070 4818 de

501 4867 673 4907 cornu
705 4853 798 4906 illo
821 4853 1002 4908 statim
1039 4853 1343 4923 subjunxit,
1374 4852 1575 4907 Ponam
1601 4852 1656 4906 in
1688 4854 1827 4906 mari
1854 4868 2068 4906 manum

499 4942 636 5010 ejus,
661 4943 870 4998 scilicet
896 4959 1068 4997 cornu
1101 4944 1268 5005 illius,
1304 4951 1357 4998 et
1380 4951 1573 4997 caetera
1608 4961 1620 4996 :
1645 4957 1765 5012 quae
1789 4940 1971 4997 omnia
1998 4939 2067 4994 ad

499 5032 776 5088 Christum
809 5050 874 5089 ex
908 5036 1115 5090 semine
1146 5033 1315 5088 David
1336 5034 1674 5093 nasciturum
1705 5031 1910 5089 referre
1935 5045 2069 5086 con-

500 5123 668 5178 venit.
711 5121 846 5178 Nam
880 5124 928 5180 si
958 5123 1081 5193 quis
1115 5124 1306 5180 isthtec
1335 5139 1446 5178 non
1490 5137 1555 5177 eo
1589 5121 1751 5177 modo
1782 5121 2066 5192 intelligat,

503 5214 598 5270 sed
633 5215 703 5270 ad
736 5213 991 5273 Dawdem
1029 5215 1250 5278 referat,
1294 5215 1468 5285 ipsius
1495 5230 1628 5269 sane
1658 5215 1930 5270 sententia
1957 5228 2068 5267 non

503 5305 806 5362 consistet:
839 5307 1114 5377 quomodo
1145 5307 1288 5363 enim
1327 5306 1468 5362 Deus
1498 5305 1717 5360 Davidis
1751 5320 1972 5360 manum
2014 5305 2068 5360 in

501 5401 640 5455 mari
671 5401 916 5470 posuerit
945 5411 998 5454 et
1038 5400 1093 5454 in
1139 5399 1456 5456 ﬂuminibus
1484 5399 1761 5454 dexteram
1795 5397 1938 5466 ejus,
1971 5413 2072 5451 ex-

500 5490 667 5560 plicet
694 5489 790 5560 qui
816 5489 1070 5545 voluerit.
1098 5488 1280 5560 Neque
1309 5489 1454 5546 enim
1483 5488 1648 5543 David
1677 5489 1964 5552 maritima:
1994 5502 2074 5542 re-

498 5583 649 5650 gioni
687 5583 994 5652 imperavit.
1031 5583 1154 5645 Aut
1189 5599 1286 5638 cur
1314 5583 1384 5638 de
1429 5581 1631 5635 Davide
1669 5579 1904 5644 dicatur,
1954 5579 2073 5648 Ipse

500 5672 762 5728 invocabit
791 5692 890 5738 me,
942 5675 1104 5730 Pater
1138 5691 1280 5729 meus
1321 5691 1375 5729 es
1416 5683 1470 5726 tu
1494 5690 1511 5728 :
1535 5683 1585 5728 et
1623 5689 1718 5744 ego
1748 5675 2074 5744 primogeni-

505 5774 610 5820 tum
631 5780 823 5836 ponam
856 5769 1052 5825 ilium?
1082 5767 1197 5834 Qua
1222 5766 1286 5821 de
1310 5765 1641 5821 causaenim
1675 5765 1878 5835 potius.
1908 5780 2071 5836 quam

2172 4577 2357 4632 αἰῶνα
2378 4577 2628 4647 φυλάξω
2651 4579 2812 4645 αὐτῷ
2842 4579 2910 4634 τὸ
2932 4580 3106 4647 ἔλεός
3126 4599 3266 4650 μου,
3297 4583 3396 4635 καὶ
3427 4581 3466 4648 ἠ
3492 4583 3755 4652 Διαθήκη

2164 4687 2284 4738 μου
2318 4669 2504 4738 πιστὴ
2543 4669 2723 4736 αὐτῷ.
2754 4670 2824 4724 Εἴ
2845 4688 2928 4735 τις
2957 4671 3200 4744 ἀκριϐῶς
3222 4674 3530 4744 ἐπιστήσειε
3551 4675 3617 4744 τῇ
3635 4674 3754 4726 τῶν

2169 4759 2476 4832 λεγομένων
2519 4762 2748 4833 διανοίᾳ,
2805 4761 2954 4834 εὕροι
3005 4763 3071 4818 ἂν
3125 4763 3300 4818 ταῦτα
3352 4765 3413 4818 οὑ
3472 4766 3599 4837 περὶ
3655 4765 3754 4818 τοῦ

2170 4849 2353 4914 Δαυῖδ,
2379 4851 2515 4905 ἀλλὰ
2540 4854 2668 4922 περὶ
2699 4850 2792 4905 τοῦ
2823 4853 3282 4925 προελευσομένου
3304 4855 3362 4921 ἐξ
3381 4854 3547 4908 αὐτοῦ
3578 4855 3754 4924 κέρως

2176 4943 2642 5013 προφητευόιιενα.
2678 4941 2859 4997 Εἰπὼν
2888 4944 2996 5016 γὰρ
3021 4946 3050 4996 ὁ
3073 4944 3247 5014 λόγος,
3272 4947 3379 4999 Kal
3411 4947 3482 5000 ἐν
3513 4945 3593 5012 τῷ
3619 4947 3753 5000 ὀνόσ-

2170 5033 2314 5101 ματί
2367 5050 2487 5100 μου
2532 5032 2914 5102 ὑψωθήσεται
2957 5032 3024 5087 τὸ
3067 5035 3246 5104 κέρας
3289 5036 3498 5103 αὐτοῦ,
3531 5040 3755 5091 ἐπισυν-

2177 5123 2337 5177 άπτει
2366 5127 2493 5194 περὶ
2540 5123 2634 5179 τοῦ
2675 5124 2872 5196 κέρως,
2908 5126 3002 5179 καὶ
3043 5126 3208 5196 λέγει·
3247 5127 3513 5199 ϐήσομαι
3541 5129 3612 5182 ἐν
3646 5133 3754 5183 6a-

2174 5213 2382 5282 λάσσῃ
2421 5214 2588 5284 χεῷα
2611 5216 2820 5279 αὑτοῦ,
2849 5216 3008 5286 δῆλον
3031 5218 3074 5271 δ’
3107 5220 3190 5272 ὅτι
3217 5217 3312 5271 τοῦ
3335 5219 3534 5291 κέρως.
3571 5221 3663 5272 καὶ
3681 5221 3750 5273 τὰ

2177 5305 2320 5376 ἐξῆς·
2346 5308 2440 5360 καὶ
2461 5306 2686 5378 ἁρμόζει
2712 5322 2774 5375 γε
2797 5306 3046 5360 ἐντεῦθεν
3078 5317 3255 5362 nauta
3281 5309 3373 5362 ἐπὶ
3401 5309 3490 5362 τὸν
3515 5308 3748 5381 Χριστὸν

2176 5397 2267 5452 τὸν
2299 5399 2363 5451 ἐκ
2408 5399 2717 5471 σπέρματος
2759 5398 2924 5453 Δαυῖδ
2963 5401 3327 5472 γενησόμενον
3355 5400 3746 5471 ἀναφέρεσθαι.

2179 5491 2241 5544 Εἰ
2271 5489 2402 5559 γοῦν
2430 5508 2512 5555 τις
2547 5492 2620 5562 μὴ
2645 5490 2834 5546 τοῦτον
2867 5491 3085 5546 ἐκλάὸοι
3115 5492 3206 5547 τὸν
3239 5493 3462 5564 τρόπον.
3508 5492 3624 5546 ἀλλ’
3655 5492 3750 5545 ἐπὶ

2177 5580 2267 5634 τὸν
2299 5581 2462 5636 Δαυῖδ
2495 5583 2682 5650 ἀνάγον.
2719 5581 2790 5638 τὰ
2833 5584 3190 5656 προκείμενα,
3223 5584 3522 5646 ἀσύστατος
3559 5582 3645 5653 εἴη
3681 5581 3750 5636 ὃν

2180 5673 2328 5744 αὐτῷ
2354 5677 2382 5728 ό
2409 5675 2585 5742 λόγος.
2619 5674 2741 5738 Πῶς
2764 5676 2872 5747 γὰρ
2901 5676 2994 5729 τοῦ
3014 5675 3179 5730 έαυῖδ
3202 5677 3261 5730 ἐν
3290 5676 3530 5747 Θαλάσσῃ
3563 5675 3746 5741 ἔταξεν

2181 5768 2207 5820 ὁ
2237 5765 2367 5830 Θεὸς
2393 5765 2488 5840 τὴν
2523 5770 2678 5838 χεῖρα
2708 5769 2799 5823 καὶ
2827 5767 2884 5823 ἐν
2920 5772 3182 5840 ποταμοῖς
3211 5768 3308 5842 τήν
3338 5768 3536 5836 δεξιὰν,
3568 5769 3596 5821 ό
3629 5771 3746 5838 μου·
