3972 6812
281 398 440 467 μοι

1330 395 1821 467 conuersum
1863 403 1928 467 IN
1968 399 2302 491 psaLnos.

3396 416 3531 480 i102

269 519 519 594 λύμενος
563 517 926 593 ἑρμηνενέτω.
973 517 1106 575 Οὐδὲ
1151 521 1258 595 γὰρ
1303 525 1603 595 ἐκράτησεν
1634 529 1662 579 6
1698 527 1833 578 Δαυῖι

1961 528 2255 594 Abraham,
2297 538 2388 584 aut
2425 528 2601 597 isaac,
2636 541 2730 587 aut
2775 528 2961 599 Israel,
2999 535 3092 590 aut
3138 536 3253 607 ipse
3290 538 3529 610 Moyses.

273 611 394 681 τῆς
432 611 674 682 παράλου
707 608 910 681 χώρας.
946 611 1015 663 Ἦ
1049 611 1164 674 πῶς
1189 615 1314 684 περὶ
1345 613 1438 666 τοῦ
1472 613 1634 666 Δαυῒδ
1666 615 1860 682 λέγοιτ’

273 699 354 753 ἂν
391 701 472 764 τὸ,
501 701 693 768 Αὐτὸς
719 701 1142 757 ἐπικαλέσεταὶ
1167 719 1264 772 με·
1298 704 1497 772 Πατήρ
1526 722 1642 773 μου
1673 702 1732 759 εἷ
1759 708 1857 760 σύο

265 793 451 862 κάγὼ
483 796 860 862 πρωτὸτοκον
880 794 1135 864 θήσομαι
1164 796 1372 857 αὺτόν;
1409 796 1550 848 ’Δντὶ
1580 798 1724 860 τίνος
1755 798 1862 866 γὰρ

274 886 491 956 μᾶλλον
523 885 616 938 τοῦ
653 885 917 958 Ἀϐραάμ,
951 888 982 957 ἢ
1015 887 1109 940 τοῦ
1153 887 1364 955 Ἰσαὰκ,
1396 889 1429 960 ἢ
1471 888 1564 941 τοῦ
1625 890 1863 960 Ἰσραὴλς

266 977 307 1048 ἦ
350 977 518 1030 αὑτοῦ
544 977 786 1041 Μωσέως
805 1017 819 1042 ,
849 978 882 1049 ἢ
917 977 1010 1031 τοῦ
1027 979 1200 1044 Ἦλία,
1229 980 1261 1051 ἢ
1293 979 1402 1032 τῶν
1431 979 1605 1034 ἄλλων
1630 980 1854 1034 δικαίων

263 1089 334 1125 ’τε
367 1072 461 1124 καὶ⁹
493 1072 807 1143 προφητῶν,
834 1076 1170 1143 πρωτότοκος
1198 1073 1290 1128 τοῦ
1321 1074 1456 1127 Θεοῦ
1479 1073 1757 1147 νομισθείη
1792 1074 1858 1129 ἂν

261 1165 296 1216 6
332 1161 530 1228 Δαυτδ;
581 1160 704 1226 Πῶς
749 1163 804 1216 δὲ
853 1163 1139 1235 ἀληθεύσει
1184 1167 1313 1236 περὶ
1362 1165 1526 1220 αὑτοῦ
1578 1166 1798 1234 φάσκων
1828 1169 1856 1219 6

261 1253 433 1317 Θεὸς,
479 1252 743 1322 Θιξσομαι
794 1254 982 1308 αὐτὸν
1024 1255 1270 1324 ὑψηλὸν
1323 1256 1484 1325 παρὰ
1523 1257 1647 1322 τοῖς
1677 1259 1856 1322 βασι-

258 1345 454 1399 λεῦσι
503 1345 613 1414 τῆς
647 1344 792 1416 γῆς;
836 1345 960 1398 Πότ’
992 1342 1084 1400 οῦν
1127 1349 1155 1401 6
1199 1335 1362 1402 Δαυῖδ
1419 1349 1569 1421 παρὰ
1617 1350 1852 1420 Πέρσαις

259 1438 428 1509 φέρε,
462 1435 495 1509 ἢ
534 1438 786 1504 Σκύθαις,
817 1440 849 1511 ἢ
895 1440 1095 1506 Ἰνδοῖς,
1130 1442 1162 1512 ἢ
1199 1442 1463 1514 Αἰθίοψιν,
1502 1445 1535 1515 ἢ
1575 1445 1839 1515 Μαύροις,
1895 1448 1925 1515 ἢ

1965 629 2061 675 aut
2107 620 2272 688 Elias,
2303 630 2398 676 aut
2433 624 2524 677 alii
2557 625 2693 694 justi
2739 637 2790 680 et
2819 628 3093 697 pmpheta:
3134 629 3533 700 primogenitus

1965 711 2056 767 Dei
2092 711 2258 768 David
2291 723 2414 770 esse
2447 717 2702 785 putetur?
2723 717 2823 783 Qui
2846 735 2973 773 vere
3004 719 3200 773 dixerit
3235 719 3398 785 Deus,
3425 719 3535 776 Po-

1963 791 2085 858 nam
2110 805 2262 859 illum
2289 808 2550 862 excelsum
2571 821 2681 877 prta
2709 811 2914 881 regibus
2954 816 3147 868 terror?
3175 813 3530 879 Quandonam

1965 894 2130 950 David
2164 913 2273 966 prae
2298 900 2516 968 regibus
2549 915 2599 956 ν.
2635 918 2688 971 g.
2721 900 3033 966 Persarum,
3064 903 3408 974 Scytharum,
3452 899 3533 960 ln-

1963 985 2180 1051 dorum,
2226 986 2565 1059 EthiOpum,
2617 991 2948 1056 Maurorum,
2993 985 3381 1064 Hisp‘anor'um,
3414 994 3530 1049 Bri-

1957 1081 2276 1140 tannorum,
2329 1087 2422 1132 aut
2453 1080 2784 1150 reliquarum
2821 1083 3062 1152 gentium
3087 1086 3367 1142 'exaltatus
3408 1083 3531 1141 est?

1953 1165 2114 1232 Quod
2163 1168 2208 1223 si
2250 1169 2364 1225 haec
2397 1174 2674 1243 acceperis
2716 1173 2783 1229 de
2816 1189 2881 1229 eo
2925 1175 3019 1246 qui
3067 1192 3134 1231 ex
3169 1178 3376 1234 semine
3407 1179 3528 1249 ers

1958 1261 2274 1317 nasciturus
2306 1271 2446 1327 erat,
2483 1264 2800 1322 ﬁrmissime
2832 1273 2886 1322 et
2922 1270 3336 1326 accuratissime
3380 1270 3525 1326 dicta

1956 1365 2258 1424 congruere
2286 1353 2677 1423 deprehendes.

1983 1448 2232 1513 Σπάνοις,
2273 1450 2305 1520 ἢ
2357 1449 2665 1521 Βρετανοῖς,
2716 1453 2748 1523 ἢ
2817 1456 2966 1525 παρὰ
3005 1459 3116 1520 τοῖς
3159 1456 3364 1520 λοιποῖς
3417 1457 3525 1510 τῶν

256 1531 444 1585 ἐθνῶν
479 1532 790 1603 βασιλεῦσιν
821 1535 1041 1607 ὑψώθη;
1076 1535 1138 1590 Ei
1175 1537 1231 1591 δὲ
1291 1538 1542 1603 ἐκλάθοις
1595 1540 1767 1594 ταῦτα
1808 1541 1902 1594 ἐπὶ
1939 1539 2030 1596 τὸν
2069 1545 2132 1597 ἐκ
2178 1543 2492 1616 σπέρματος
2533 1547 2697 1601 αὐτοῦ
2735 1551 3015 1618 γεγονότα,
3065 1551 3385 1620 βεϐαιότατα
3429 1553 3523 1606 καὶ

256 1625 583 1696 κυριώτατα
605 1626 786 1698 εὕροις
808 1629 874 1682 ἂν
895 1630 1273 1700 ἐφαρμόζοντα
1297 1631 1444 1702 αύτῷ
1469 1633 1536 1686 τά
1556 1632 1843 1704 λεγόμενα.

338 1739 629 1812 Μαρτυρεῖ
669 1740 726 1794 δὲ
767 1742 834 1812 τῇ
877 1741 976 1812 τῆς
1022 1744 1354 1815 προσητείας
1399 1745 1621 1799 ὲκὸάσει
1662 1749 1756 1799 καὶ
1789 1748 1848 1800 τὸ

2026 1745 2331 1817 Prophetiae
2352 1755 2532 1804 autem
2555 1749 2759 1822 exitum
2791 1750 3116 1806 testificatur
3130 1751 3482 1825 Evangelium
3502 1790 3520 1823 ,

256 1828 625 1898 Εὐαγγέλιον,
654 1831 713 1884 ὲν
756 1825 801 1900 ᾧ
834 1832 976 1885 κατα
1006 1832 1096 1886 τὸν
1138 1836 1348 1890 Λουκᾶν
1381 1839 1656 1909 Ζαχαρίας
1695 1839 1724 1891 ὁ
1752 1838 1833 1892 τοί

1951 1838 2045 1892 ubi
2071 1838 2626 1904 secundumLucam,
2658 1839 2954 1896 Zacharias
2980 1841 3143 1896 etiam
3175 1841 3402 1901 Joannis
3426 1859 3520 1918 pa-

271 1921 528 1976 Ἰωάννου
556 1922 740 1994 πατὴρ
769 1928 1074 1996 προφητικῇ
1099 1926 1322 1998 δυνάμει
1359 1929 1452 1982 καὶ
1491 1930 1651 1993 αὐτὸς
1677 1930 1845 2002 κέρας

169 2001 180 2006 ’
257 2015 430 2068 αὑτὸν
473 2009 743 2086 ὠνόμασε.
795 2016 958 2085 Λέγει
1003 2016 1048 2070 δ’
1093 2014 1186 2072 οὖν
1216 2021 1244 2072 6
1273 2019 1697 2091 εὐαγγελιστής·
1736 2001 1843 2075 Kal

258 2109 569 2176 Ζαχαρίας
609 2109 888 2178 ἐπλήσθη
938 2114 1284 2183 Πνεύματος
1326 2115 1522 2184 ἁγίου,
1566 2115 1665 2169 καὶ
1704 2130 1845 2182 προ-

255 2199 565 2269 εφήτευσε
591 2201 802 2272 λέγων’
845 2201 1190 2276 Εὐλογητὸς
1215 2209 1247 2260 ό
1280 2207 1424 2273 Θεὸς
1447 2208 1552 2262 τοῦ
1583 2207 1840 2276 Ἰσραὴλ,

257 2292 356 2347 ὅτι
395 2293 773 2363 ἐπεσκέψατο
801 2296 898 2349 καὶ
930 2297 1181 2365 ἐποίησε
1219 2300 1520 2368 λύτρωσιν
1551 2299 1657 2353 τοῦ
1688 2300 1843 2354 λαοῦ

255 2385 471 2440 αὐτοῦ.
506 2386 618 2441 Kal
653 2385 851 2458 ἤγειρε
880 2387 1058 2456 κέρας
1093 2392 1391 2459 σωτηρίας
1433 2390 1576 2461 ἡμῖν
1607 2392 1677 2444 ἐν
1701 2392 1844 2458 οἴκῳ

256 2476 448 2530 Δαυῒδ
497 2477 604 2532 τοῦ
652 2478 866 2545 παιδὸς
907 2480 1116 2535 αὐτοῦ.
1169 2482 1371 2549 Καθὼς
1429 2482 1697 2551 smnus
1744 2483 1842 2538 διὰ

253 2569 561 2638 στόματος
600 2567 719 2624 τῶν
756 2570 944 2642 ἁγίων
983 2572 1085 2627 ἀπ’
1131 2569 1346 2640 αἰῶνος
1383 2572 1702 2642 προφητῶν
1732 2577 1837 2628 αὺ-

253 2660 387 2716 τοῦ.
418 2661 600 2734 Κέρας
623 2662 683 2716 δὲ
713 2664 918 2734 κυρίως
940 2663 1252 2735 ὠνόμασται
1273 2666 1304 2718 ὁ
1325 2661 1554 2738 Χριστὸς
1571 2665 1666 2718 τοῦ
1683 2665 1836 2719 Θεοῦ.

257 2753 354 2806 Διὸ
403 2754 499 2808 καὶ
550 2754 860 2826 μονόκερως
913 2755 1129 2827 εἴρηται
1179 2756 1320 2810 κατά
1371 2758 1469 2829 τὴν
1527 2757 1838 2826 φάσκουσαν

255 2845 506 2918 Γραφήνο
541 2845 653 2900 Καὶ
693 2847 1074 2917 ἠγαπημένος
1117 2849 1198 2914 ὠς
1232 2849 1364 2916 υἱὸς
1394 2848 1833 2919 μονοκερώτωγ·

258 2936 495 3008 ἐπείπερ
520 2935 586 2990 δι’
610 2934 774 2990 αὐτοῦ
805 2937 952 2992 πάσα
979 2941 1012 3012 ἡ
1047 2941 1394 3014 ἀντικειμένη
1429 2943 1524 2996 καὶ
1556 2942 1724 3014 ἐχθρὰ
1745 2942 1836 2995 τοῦ

257 3025 398 3079 θεοῦ
417 3025 644 3098 δύναμις
662 3028 935 3100 ὲνετράπη
955 3047 1015 3083 κε
1023 3031 1335 3103 ρατισθεῖσα
1353 3034 1444 3087 καὶ
1464 3033 1832 3105 κεραῖσθεῐσα.

259 3118 440 3184 Μόνος
483 3121 613 3190 γοῦν
658 3121 735 3186 ὡς
783 3122 996 3193 άληθῶς
1039 3124 1147 3178 τῶν
1194 3127 1500 3198 γενομένων
1540 3126 1634 3180 τοῦ
1673 3127 1836 3180 Δαυῖδ

1947 1939 2034 1982 ter
2061 1930 2379 2000 prophetica
2403 1929 2606 1986 virtute
2638 1931 2818 2002 ipsum
2849 1931 3130 1988 Christum
3161 1949 3332 1990 cornu
3360 1949 3521 1993 voca-

1949 2019 2044 2075 vit.
2083 2020 2172 2075 Ait
2196 2021 2341 2076 enim
2373 2023 2706 2092 evangelista
2736 2041 2750 2078 :
2783 2021 2851 2076 Et
2875 2021 3166 2079 Zacharias
3197 2027 3422 2096 repletus
3441 2039 3518 2084 est

1947 2109 2149 2176 Spiritu
2171 2120 2377 2176 sancto,
2397 2123 2448 2166 et
2469 2113 2792 2181 propltctavit
2819 2113 3016 2178 dicens,
3043 2114 3356 2172 Benedictus
3379 2119 3518 2173 Dem

1947 2201 2140 2267 Israel,
2183 2205 2308 2275 quia
2357 2205 2585 2258 visitavit
2631 2214 2682 2259 et
2733 2205 2856 2274 fecit
2904 2208 3306 2275 redemptionem
3353 2212 3516 2278 p'ebis

1944 2311 2076 2352 sua.
2110 2295 2180 2349 Et
2227 2296 2396 2350 erexit
2436 2307 2600 2350 cornu
2641 2298 2832 2352 salutis
2879 2298 3026 2354 nobis
3063 2300 3118 2353 in
3147 2299 3306 2355 domo
3345 2302 3516 2357 David

1944 2389 2095 2457 pueri
2126 2389 2230 2444 sui.
2274 2387 2426 2443 Sicut
2457 2389 2662 2442 locutus
2697 2399 2776 2443 est
2812 2399 2906 2459 per
2929 2406 2986 2443 os
3025 2399 3329 2446 sanctorum
3364 2395 3456 2465 qui
3483 2411 3516 2448 α

1944 2480 2140 2534 saeculo
2185 2489 2309 2534 sunt
2347 2480 2722 2549 prophetarum
2770 2481 2884 2550 ejus
2905 2481 2969 2534 ³⁷.
3003 2481 3188 2538 Ccrnu
3212 2495 3342 2539 vero
3385 2499 3509 2556 prn-

1907 2585 1910 2588 '
1941 2572 2059 2643 prie
2101 2582 2326 2626 vocatur
2356 2572 2608 2628 Christus
2646 2571 2763 2627 Dei.
2806 2572 2986 2638 Quare
3035 2574 3318 2634 unicornis
3347 2580 3511 2632 etiam

1941 2663 2148 2718 dicitur
2183 2662 2238 2716 in
2286 2661 2594 2733 Scriptura,
2637 2679 2760 2734 qua:
2803 2664 2884 2719 sic
2934 2664 3096 2719 habet
3129 2685 3141 2720 :
3174 2665 3245 2719 Et
3289 2666 3512 2722 dilectus

1939 2753 2376 2823 quemadmodum
2406 2755 2551 2823 ﬁiius
2576 2755 2910 2808 unicomium
2933 2755 2978 2787 ⁸⁸
3007 2771 3025 2809 :
3055 2756 3182 2826 quia
3206 2772 3303 2828 per
3332 2758 3508 2828 ipsum

1941 2846 2117 2901 omnis
2139 2845 2453 2902 adver-saria
2486 2855 2540 2900 et
2574 2845 2797 2900 inimica
2824 2845 2934 2900 Deo
2967 2847 3143 2902 virtus
3173 2863 3366 2904 eversa
3403 2859 3508 2914 est.

1897 2955 1900 2958 ’
1937 2952 2112 2992 cornu
2154 2938 2397 3008 impetita
2430 2947 2483 2993 et
2507 2938 2750 3008 depulsa.
2787 2938 2949 2994 Solus
2974 2939 3156 3009 itaque
3186 2955 3251 2996 ex
3285 2956 3508 2998 succes-

1939 3029 2158 3084 soribus
2197 3027 2437 3090 Davidis,
2478 3028 2638 3086 Jesus
2670 3030 2928 3085 Christus
2958 3029 3210 3086 Salvator
3241 3041 3296 3088 et
3326 3031 3508 3088 Domi-

1940 3135 2044 3176 nus
2079 3130 2284 3184 noster,
2313 3137 2381 3174 ex
2433 3121 2640 3176 semine
2670 3121 2791 3191 ejus
2831 3134 3014 3187 natus,
3044 3122 3262 3178 deitatis
3300 3125 3354 3179 in
3386 3125 3510 3196 ipso

259 3211 518 3284 διαδόχων
553 3213 759 3285 Ἰησοῦς
789 3215 1022 3286 Χριστὸς
1043 3218 1072 3270 6
1093 3217 1280 3289 Σωτὴρ
1307 3219 1402 3272 καί
1423 3219 1626 3291 Κύριος
1652 3220 1830 3291 ἡμῶν,

1938 3209 2232 3266 habitantis
2277 3223 2470 3274 cornu,
2523 3224 2737 3263 omnem
2785 3209 3092 3264 dannonum
3148 3217 3203 3266 et
3237 3209 3506 3265 idolorum

261 3303 328 3356 ὲκ
360 3304 672 3376 σπέρματος
708 3305 870 3360 αὐτοῦ
910 3307 1186 3378 προελθὼν
1209 3309 1288 3380 τῷ
1318 3310 1508 3383 κέρατι
1532 3311 1635 3381 τῆς
1659 3312 1716 3363 ὲν
1741 3312 1833 3364 αὺ-

262 3392 340 3464 τῷ
371 3393 646 3466 θεότητος,
682 3399 860 3451 πᾶσαν
908 3398 1005 3469 τὴν
1048 3399 1367 3473 δαιμονικὴν
1410 3405 1504 3456 καὶ
1553 3403 1831 3474 εἱδωλικὴν

260 3485 566 3557 ἀνατρέψας
599 3488 813 3542 καθεῖλε
857 3489 1082 3563 πλάνην.
1128 3490 1218 3546 Διὸ
1259 3495 1352 3548 καὶ
1394 3495 1560 3566 κέρας
1608 3497 1830 3560 εἰκότως

264 3577 357 3629 καὶ
393 3578 703 3650 μονόκερως
732 3582 790 3635 ἐν
819 3586 930 3649 τοῖς
963 3584 1130 3657 ἱεροῖς
1159 3584 1470 3657 ὠνόμασται
1497 3587 1693 3656 λόγοις.
1723 3579 1831 3641 Λύ-

259 3665 350 3720 τοῦ
365 3666 441 3730 δὲ,
459 3669 692 3736 καὶούδὲ
711 3670 940 3746 άλλου,ή
967 3676 1084 3746 χεὶρ
1107 3675 1248 3746 καὶὴ
1269 3673 1416 3740 δεξιὰ
1439 3677 1827 3748 κατεκυρίευσε

257 3759 356 3830 τῆς
394 3760 722 3834 οἰκουμένης
765 3763 966 3835 πάσης,
1005 3766 1064 3818 ὲν
1093 3769 1354 3838 ποταμοῖς
1388 3769 1478 3820 καὶ
1510 3766 1822 3831 θαλάσσαις·

258 3853 376 3906 ἐπεὶ
408 3854 503 3908 καὶ
547 3854 646 3920 τὰς
683 3858 878 3928 νήσους
919 3858 1028 3912 τῶν
1058 3859 1225 3913 ἐθνῶν
1263 3859 1580 3931 ἐπλήρωσεν
1613 3862 1645 3931 ὴ
1684 3860 1828 3913 διδα-

259 3943 452 3997 σκαλία
489 3946 654 4000 αὑτοῦ
684 3949 778 4000 καὶ
808 3949 1082 4020 πανταχοῦ
1132 3951 1238 4022 γῆς
1279 3951 1481 4023 Κύριον
1525 3952 1690 4007 αὑτὸν
1732 3953 1826 4006 καὶ

258 4033 385 4086 Θεὸν
410 4033 505 4087 καὶ
537 4034 776 4104 βασιλέα,
814 4039 922 4091 πᾶν
949 4039 1104 4107 γένος
1146 4038 1445 4110 ἀνθρώπιον
1480 4038 1820 4111 ἀναγορεύει.

259 4111 477 4194 Ὅμοιον
507 4125 564 4179 δέ
595 4127 712 4180 ἐστι
735 4128 795 4180 τὸ
827 4128 1058 4183 ἐνταῦθα
1085 4129 1314 4198 φάσκον,
1338 4130 1605 4201 Θήσομαι
1633 4131 1702 4185 ἐν
1725 4134 1825 4186 θα-

256 4211 458 4281 λάσση
488 4216 656 4284 χεῷα
699 4218 882 4271 αὐτοῦ
912 4219 1009 4272 καὶ
1045 4220 1114 4273 ὲν
1155 4220 1439 4290 ποταμοῖς
1469 4220 1676 4285 δεξιὰν
1712 4223 1819 4274 αὐ-

1934 3311 2176 3357 errorem
2224 3313 2351 3355 vere
2407 3317 2470 3355 ac
2520 3300 2764 3356 funditus
2799 3301 3093 3358 destruxit.
3140 3301 3506 3368 Quamobrem

1933 3408 2104 3450 cornu
2128 3401 2183 3448 et
2223 3393 2506 3448 unicornis
2538 3394 2591 3448 iu
2642 3395 2816 3449 sacris
2841 3393 3062 3449 Litteris
3110 3394 3305 3449 merito
3340 3409 3504 3448 voca-

1933 3492 2043 3540 tur.
2069 3485 2246 3557 Ipsius
2269 3501 2417 3550 vero,
2441 3494 2495 3540 et
2527 3501 2634 3540 non
2659 3487 2820 3552 alius,
2853 3502 3051 3543 manus
3072 3495 3126 3541 et
3152 3485 3374 3541 dextera
3405 3486 3506 3542 toti

1933 3580 2136 3636 mundo
2173 3581 2452 3636 dominata
2487 3589 2573 3636 est
2598 3583 2653 3635 in
2691 3581 3007 3638 [luminibus
3035 3591 3090 3637 et
3118 3583 3384 3638 maribus.
3418 3581 3503 3636 Si-

1931 3673 2148 3744 quidem
2179 3673 2419 3744 gentium
2463 3674 2669 3729 insulas
2712 3674 2940 3745 replevit
2973 3675 3222 3730 doctrina
3265 3675 3408 3746 ejus,
3448 3684 3502 3731 et

1929 3765 2132 3835 ubique
2161 3773 2430 3819 terrarum
2464 3766 2777 3820 universum
2809 3766 3102 3820 humanum
3124 3777 3296 3836 genus
3317 3765 3500 3820 Domi-

1928 3873 2058 3912 num
2090 3857 2264 3923 illum,
2299 3855 2469 3912 Deum
2499 3865 2556 3911 et
2583 3856 2784 3928 Regem
2823 3858 3083 3928 appellat.
3113 3857 3304 3913 Simile
3333 3873 3500 3928 porro

1927 3957 2014 4004 est
2038 3949 2143 4004 hoc
2173 3949 2403 4011 dictum,
2436 3948 2642 4002 Ponam
2667 3949 2722 4002 in
2767 3950 2904 4002 mari
2932 3965 3146 4001 manum
3183 3948 3318 4017 ejus,
3363 3958 3412 4003 et
3442 3950 3498 4002 in

1930 4037 2237 4108 ﬂuminibus
2271 4038 2544 4093 dexteram
2575 4039 2713 4107 ejus.
2738 4038 2788 4092 ei
2809 4037 2956 4108 quod
2979 4038 3046 4093 de
3075 4038 3268 4094 eodem
3296 4040 3418 4110 ipso
3441 4041 3494 4093 in

1926 4143 2051 4184 uxl
2116 4129 2327 4200 psalmo
2392 4127 2627 4191 dicitur,
2693 4125 2763 4180 Et
2839 4127 3203 4181 dominabitur
3261 4145 3294 4181 a
3358 4129 3496 4182 mari

1923 4238 2089 4294 usque
2147 4221 2216 4274 ad
2261 4235 2436 4285 mare,
2486 4230 2536 4274 et
2594 4237 2626 4274 a
2668 4221 2886 4289 ﬂumine
2927 4236 3089 4291 usque
3143 4221 3212 4274 ad
3246 4223 3494 4276 terminos

259 4305 380 4370 τοῦ,
400 4306 478 4377 τῷ
502 4307 560 4360 ἑν
582 4315 657 4361 οα¹
688 4308 884 4380 ψαλμῷ
915 4307 1068 4373 αὖθις
1095 4310 1226 4383 περὶ⁸
1257 4312 1422 4368 αὐτοῦ
1454 4313 1683 4381 λέγοντιδ
1711 4314 1818 4366 Kal

1938 4313 2065 4367 nbis
2123 4320 2404 4367 terrarum.
2456 4311 2592 4365 Cum
2650 4311 2908 4381 cmpisset
2961 4311 3108 4365 enim
3151 4310 3408 4367 Servatur
3463 4330 3494 4365 a

259 4399 702 4465 κατακυριεύσει
735 4400 854 4455 ἀπὸ
877 4401 1194 4469 θαλάσσης
1222 4404 1331 4469 ἕως
1363 4403 1697 4471 θαλάσσης,
1723 4404 1820 4457 καὶ

1938 4404 2248 4474 Japtismate
2307 4402 2374 4458 ad
2439 4401 2731 4456 Jordanem
2799 4401 3024 4457 ﬂuvium
3087 4412 3346 4473 suscepto
3403 4420 3495 4458 re-

256 4488 365 4542 ἁπὸ
392 4491 660 4561 ποταμοῦ
701 4491 811 4558 ἕως
849 4492 967 4546 τῶν
1009 4494 1276 4562 περάτων
1299 4495 1411 4564 τῆς
1439 4495 1814 4566 οἰκουμένης.

267 4555 586 4652 ’Δρξάμενος
614 4577 708 4636 οῦν
735 4587 764 4637 6
786 4555 988 4657 -Σωτὴρ
1027 4555 1134 4640 άπὸ
1176 4587 1270 4641 τοῦ
1313 4555 1681 4658 βαπτίσματος
1718 4555 1812 4641 τοῦ

1938 4555 2186 4642 bacharia
2246 4555 2378 4640 vero
2427 4555 2690 4656 propheta
2752 4555 3023 4640 dicitur-.

1921 4508 2087 4563 gnum
2149 4493 2241 4548 Dei
2294 4493 2630 4564 praedicare,
2676 4501 2849 4547 totum
2899 4493 3128 4563 replevit
3171 4493 3382 4548 orbem.
3433 4492 3496 4547 In

3077 4583 3259 4638 Gaude
3305 4593 3356 4637 et
3397 4583 3492 4637 ιω-

258 4671 389 4724 κατὰ
415 4672 508 4726 τὸν
552 4673 823 4747 Ἰορδάνην
860 4678 1103 4748 ποταμοῦ
1130 4678 1228 4752 τὴν
1257 4679 1530 4749 βασιλείαν
1551 4679 1643 4734 τοῦ
1677 4679 1810 4732 Θεοῦ

1938 4693 2057 4745 ατε,
2102 4677 2220 4748 ﬁlia
2268 4676 2398 4733 Sion
2421 4693 2440 4730 ε
2465 4693 2581 4731 ecce
2628 4692 2722 4730 rex
2759 4687 2880 4731 tuus
2932 4677 3069 4730 venit
3109 4675 3205 4730 tibi
3239 4691 3483 4729 mansue-

261 4766 559 4836 κηρύττειν,
586 4769 685 4840 τὴν
713 4772 891 4824 πᾶσαν
913 4771 1229 4844 ἐπλήρωσεν
1252 4771 1593 4842 οἰκουμένην.
1623 4771 1732 4825 Καὶ
1755 4772 1811 4822 ἐν

1944 4788 2026 4836 us,
2057 4781 2108 4825 et
2144 4771 2378 4826 insidens
2425 4769 2713 4840 subjugali,
2760 4779 2810 4823 et
2855 4769 3003 4837 pullo
3043 4769 3244 4838 juveni.
3282 4766 3354 4821 Et
3392 4767 3480 4821 do-

259 4858 489 4931 Ζαχαρίᾳ
505 4860 560 4914 δὲ
579 4861 654 4932 τῷ
675 4865 926 4937 προφήτῃ
949 4863 1217 4917 λέλεκται·
1240 4863 1416 4932 Χαῖρε
1445 4865 1542 4917 καὶ
1569 4866 1810 4933 εὐφραί-

1918 4863 2208 4917 minabitur
2247 4879 2280 4916 a
2325 4862 2463 4915 mari
2503 4878 2664 4932 usque
2699 4862 2770 4914 ad
2807 4877 2952 4915 mare
2975 4900 2990 4924 ,
3023 4870 3072 4914 et
3109 4877 3143 4914 a
3177 4860 3489 4929 ﬂuminibus

257 4967 379 5015 νου,
418 4952 664 5022 θύγατερ
698 4954 865 5008 Σιώνο
893 4955 1021 5010 ἰδοὺ
1046 4960 1079 5011 ὀ
1105 4957 1404 5022 ,βασιλεὺς
1429 4973 1544 5009 σου
1577 4957 1812 5026 ἔρχεταί

1938 4971 2078 5026 usque
2119 4956 2186 5010 ad
2221 4956 2395 5009 exitus
2444 4965 2596 5008 teme
2628 4955 2693 5008 ³⁸.
2728 4953 2836 5009 Pro
2877 4969 2986 5025 quo
3030 4952 3352 5008 llebraicum
3388 4953 3486 5006 ha-

258 5056 346 5094 σοι
359 5039 548 5109 πραῢς
565 5042 661 5096 καὶ
677 5043 1034 5112 ἐπιϐεϐηκὼς
1048 5046 1142 5099 ἐπὶ
1160 5043 1479 5116 ὑποζύγιον
1495 5047 1586 5098 καὶ
1607 5044 1813 5098 πῶλοι·

257 5132 401 5187 νέον.
433 5133 541 5187 Kal
569 5133 844 5204 κατάρξει
871 5137 990 5192 ἀπὸ
1014 5138 1331 5206 θαλάσσης
1345 5138 1455 5203 ἕως
1470 5137 1807 5204 θαλάσσης»

257 5225 342 5278 καὶ
355 5225 471 5280 ἀπὸ
488 5227 766 5298 ποταμῶν
775 5229 850 5284 δι’
863 5231 1117 5298 ἐκϐολὰς
1132 5229 1258 5300 γῆς.
1289 5230 1425 5284 Ἀνθ’
1439 5224 1499 5284 οὗ
1513 5229 1574 5284 τὸ
1597 5230 1809 5304 Ἑϐραῖ-

257 5317 340 5371 κὸν
372 5319 633 5391 περιέχει,
664 5323 773 5376 Kal
799 5323 917 5377 ἀπὸ
949 5321 1229 5391 ποταμῶν
1252 5323 1362 5390 ἕως
1393 5321 1509 5376 τῶν
1540 5321 1809 5390 περάτων

1919 5043 2041 5110 bet,
2079 5043 2149 5098 Et
2178 5062 2211 5097 a
2242 5043 2550 5113 ﬂuminibus
2592 5057 2755 5112 usque
2794 5042 2862 5096 ad
2892 5046 3143 5096 terminos
3179 5051 3352 5096 terra.
3389 5039 3484 5094 Di-

1919 5137 2059 5191 xerit
2089 5151 2253 5209 porro
2283 5135 2592 5206 quispiam,
2621 5134 2976 5205 profundiore
3008 5133 3341 5203 intelligendi
3377 5132 3483 5186 ritu

1915 5229 2005 5284 hic
2036 5228 2156 5298 ejus
2184 5229 2462 5283 dexteram
2494 5227 2547 5280 in
2589 5226 2906 5282 ﬂuminibus
2943 5227 3084 5289 dici,
3128 5226 3252 5295 quia
3293 5237 3486 5277 omnes

1914 5320 2007 5390 qui
2034 5335 2065 5373 a
2096 5318 2302 5376 dextris
2332 5318 2454 5388 ejus
2482 5325 2645 5383 sunt,
2684 5334 2778 5389 per
2813 5319 3088 5372 lavacrum
3116 5317 3486 5387 regeneratio~

255 5408 346 5477 τῆς
362 5409 492 5480 τῆς.
511 5412 667 5488 Εἴποι
688 5413 735 5466 δ’
765 5414 828 5466 ἄν
853 5431 936 5478 τις
965 5415 1399 5485 άποῤῥητότερον
1415 5415 1508 5468 καὶ
1526 5413 1699 5477 ἄλλως
1717 5413 1802 5468 διὰ

1938 5412 1996 5466 Iis
2027 5419 2348 5481 purgantur,
2374 5417 2430 5464 et
2451 5408 2636 5463 divina
2666 5410 3074 5480 regeneratione
3097 5423 3194 5478 per
3217 5405 3480 5460 inﬂuxum

255 5500 456 5568 τούτων,
487 5504 588 5576 τὴν
625 5505 728 5574 μὲν
755 5505 932 5571 δεξιάν
957 5505 1120 5559 αὑτοῦ
1152 5506 1208 5557 ὲν
1235 5508 1496 5576 ποταμοῖς
1526 5503 1799 5573 λέγεσθαι.

254 5591 401 5646 διὰτὸ
429 5594 640 5659 πάντας
661 5594 788 5660 τοὺς
814 5598 878 5649 ὲκ
903 5596 1090 5662 δεξιῶν
1132 5596 1296 5649 αὐτοῦ
1327 5597 1412 5649 διὰ
1442 5596 1665 5668 λουτροῦ
1698 5613 1801 5648 πα-

255 5679 571 5750 λιγγενεσίας
616 5684 991 5758 καθαίρεσθαι,
1026 5688 1117 5740 καὶ
1157 5687 1256 5756 τῆς
1287 5686 1468 5739 ἐνθέου
1503 5689 1796 5756 ἀναγεννή-

1912 5501 2151 5572 Spiritus
2175 5503 2349 5558 sancti
2371 5501 2689 5572 dignantur.
2714 5500 2946 5557 Dextros
2969 5516 3101 5556 sane
3131 5500 3256 5554 illos
3282 5498 3332 5554 ei
3359 5513 3484 5553 esse

1908 5594 2234 5658 didicimus,
2271 5593 2471 5664 quibus
2514 5592 2820 5664 pollicendo
2865 5592 3042 5647 dixit:
3079 5590 3299 5656 Venite,
3330 5589 3484 5644 bene-

1907 5684 2035 5740 dicti
2089 5685 2270 5742 Patris
2315 5686 2448 5754 mei,
2497 5686 2757 5756 possidete
2789 5701 3002 5756 regnum
3047 5683 3192 5740 vobis
3232 5695 3479 5738 oaratusn

316 5833 350 5866 "
385 5833 515 5890 Luc.
551 5851 680 5905 vin,
714 5839 783 5894 67
819 5841 904 5896 70.
983 5842 1026 5876 ³·
1062 5838 1206 5896 Psal.
1244 5857 1440 5906 xxvni.
1475 5840 1531 5898 6.
1607 5836 1650 5876 ³⁸
1685 5840 1851 5897 Zach.
1884 5856 1973 5909 ix,
2001 5842 2056 5897 9.
