3972 6812
540 381 602 440 ﬂ
612 381 680 439 03

1249 383 1514 441 nussun
1555 369 2028 444 casinmnsrs
2065 384 2118 441 ο]

2257 337 2556 442 Ριιῑῗξῖιι.
2599 416 2651 425 -
2705 385 3110 443 EXEGETICA.

3663 377 3824 434 ηθι

537 517 576 556 α
598 501 969 555 constitutione
998 501 1196 556 mundi.
1234 501 1447 556 Esurivi
1469 503 1605 557 enim
1626 543 1640 566 ,
1663 512 1712 556 et
1737 505 1954 558 dedistis
1981 505 2109 559 mihi

2223 522 2348 569 τεως
2397 505 2484 560 διὰ
2529 507 2627 577 τῆς
2653 505 2744 560 τοῦ
2789 505 2942 574 άγίου
2971 503 3281 573 Πνεῦματος
3307 497 3588 571 ἐπιρροῆς
3631 513 3820 550 καταο

538 593 862 648 manducare
887 595 956 660 ⁵ο,
978 602 1031 649 ct
1055 605 1270 649 caetera.
1297 594 1424 650 Illos
1450 594 1596 649 enim
1617 635 1632 658 ,
1665 610 1804 665 quos
1831 611 1959 650 oves
1983 611 2114 652 suas

540 683 776 749 vocavit,
794 699 824 738 a
851 683 1059 738 dextris
1084 699 1144 739 se
1172 684 1596 740 coustituturum
1624 687 1867 757 promisit
1887 705 1902 753 ;
1921 701 2114 757 quam-

541 775 729 830 obrem
758 775 1111 844 profundiore
1139 783 1193 832 et
1220 777 1514 832 secretiore
1569 778 1782 833 ratione
1834 778 2110 845 dexteram

542 865 663 946 ejus
705 865 762 921 in
805 866 1122 923 [luminibus
1170 866 1409 932 futuram
1454 884 1580 926 esse
1607 869 1812 926 dictum
1843 880 1947 928 est.
1979 870 2112 926 Flua
2159 907 2168 914 -

543 959 691 1012 mina
731 973 897 1029 porro
932 958 1080 1014 illius
1110 958 1366 1016 dicantur
1397 961 1585 1038 populi
1618 961 1772 1032 ejus,
1803 963 2110 1020 secundum

543 1049 674 1123 illud
698 1090 713 1114 ,
739 1048 990 1105 Flumina
1016 1051 1272 1122 plaudent
1298 1069 1457 1107 manu
1483 1054 1642 1108 simul
1659 1055 1700 1087 “
1719 1071 1823 1124 ;.ac
1853 1071 2068 1112 rursum
2091 1097 2107 1121 ,

545 1141 892 1198 Eletvaveruut
933 1144 1195 1214 ﬂumina,
1257 1143 1512 1210 Domine,
1568 1146 1839 1202 elevabant
1890 1148 2113 1216 ﬂumina

543 1252 716 1306 uocem
759 1251 934 1291 suant.
987 1234 1280 1290 Elevabunt
1319 1237 1545 1308 [lumina
1581 1238 1776 1308 [luctus
1807 1255 1930 1292 suos
1956 1239 2022 1294 ".
2051 1239 2112 1294 In

546 1327 696 1381 hisce
741 1326 1056 1384 ﬂuminibus
1095 1327 1214 1385 suis
1256 1343 1317 1384 se
1351 1343 1572 1382 manum
1608 1343 1764 1384 suam
1804 1329 2112 1399 positurum

541 1432 664 1472 esse
694 1416 958 1472 declarat.

2221 595 2491 661 ξιοῦσθαι·
2540 598 2745 662 δεξιοὺς
2783 595 2946 649 αὑτοῦ
2976 597 3115 648 νοεῖν
3141 593 3506 663 ἐδιδάχθημεν
3531 589 3826 648 ἐκείναις..

2217 685 2299 754 οἷς
2325 690 2683 763 ἐπηγγείλατο
2714 691 2891 759 φήσας
2909 705 2922 718 ·
2961 687 3155 750 Δεῦτε,
3182 689 3235 738 οι
3253 680 3668 753 εὐλογημένοι
3697 680 3826 732 τειεὲ

2217 784 2446 850 Πατρός
2477 799 2621 852 μου,
2671 778 3158 848 κληρονομήσατε
3190 776 3306 844 τὴν
3335 771 3830 843 ἡτοιμασμένην·

2218 874 2361 943 ὑμῖν
2375 872 2698 939 βασιλειαν
2712 871 2831 928 ἀπὸ
2845 868 3180 938 καταϐολῆς
3199 870 3456 937 κόσμου.
3474 865 3830 918 ἐπείνασει

2215 964 2345 1034 γὰρ,
2368 964 2466 1018 καί
2494 964 2748 1018 ἐδώκατέ
2779 979 2880 1034 μοι
2916 962 3145 1032 φαγεῖν,
3166 960 3260 1015 καὶ
3290 959 3359 1012 τά
3385 957 3548 1029 ἑξῆς.
3569 955 3836 1014 Tro-3:05;

2217 1056 2348 1129 γὰρ,
2375 1055 2469 1119 οὓς
2497 1055 2742 1128 πρόϐατα
2776 1053 2971 1108 ἑαυτοῦ
3009 1053 3278 1124 ὠνόμασε,
3304 1053 3419 1114 τοῖς
3451 1048 3664 1113 δεξιοῖς
3686 1051 3832 1114 στή-

2219 1165 2332 1201 σειν
2358 1147 2749 1218 ὲττηγγείλατοο
2783 1146 2970 1216 διόπερ
3001 1143 3142 1198 κατὰ
3181 1142 3482 1214 βαθύτερον
3518 1141 3694 1208 λόγον
3721 1143 3836 1190 καὶ

2219 1241 2679 1312 ἀπορῤητότερον,
2707 1241 2740 1308 ή
2768 1236 2916 1304 δεξιὰ
2943 1233 3106 1289 αὐτοῦ
3139 1234 3385 1287 λέλεκται
3433 1233 3499 1284 ὲν
3531 1232 3826 1297 nataturi;

2217 1331 2458 1385 ἔσεσθαι.
2485 1329 2726 1402 Ποταμοὶ
2747 1329 2802 1383 δὲ
2832 1327 2996 1382 αὑτοῦ
3024 1327 3264 1398 εἴρηνται
3284 1325 3378 1380 καὶ
3395 1325 3454 1378 oi
3483 1323 3620 1376 λαοὶ
3647 1321 3836 1374 αὑτοῦ

2218 1420 2359 1476 κατά
2396 1420 2478 1483 τὸ,
2504 1421 2758 1490 Ποταμοὶ
2789 1417 3157 1487 κροτήσουσι
3203 1415 3354 1488 χειρὶ
3385 1415 3494 1468 ἐπὶ
3521 1414 3599 1467 τὸ
3631 1415 3798 1480 ait;
3817 1427 3832 1436 ·

544 1514 653 1566 Καὶ
675 1513 835 1567 πάλιν
859 1531 872 1542 ·
913 1512 1173 1582 Ἐπῆραν
1199 1517 1254 1568 οι
1289 1514 1558 1586 ποταμοὶ,
1587 1515 1782 1582 Κύριε,
1813 1513 2042 1585 ἐπῆραν
2069 1518 2124 1570 οἱ
2169 1518 2418 1588 ποταμοὶ
2449 1516 2659 1587 φωνὴν
2695 1513 2892 1570 αὐτῶν
2913 1529 2931 1544 ⁸
2982 1512 3237 1583 ἀροῦσιν
3285 1515 3340 1565 οὶ
3376 1507 3656 1579 ποταμοὶ
3691 1507 3838 1559 ἐπι.

543 1611 774 1676 τρίψεις
817 1607 1032 1661 αὐτῶν.
1075 1608 1184 1661 Καὶ
1209 1609 1305 1660 ἐπὶ
1347 1608 1566 1673 τούτους
1606 1609 1715 1680 γὰρ
1754 1611 1879 1675 τοὺς
1919 1609 2113 1664 ἑαυτοῦ
2153 1613 2426 1684 ποταμοὺς
2455 1611 2552 1682 τὴν
2577 1608 2754 1676 δεξιὰν
2782 1607 2945 1662 αὑτοῦ
2974 1607 3158 1679 θήσειν
3196 1601 3637 1672 ἐπαγγέλλεται.

615 1719 798 1774 Altera
827 1735 954 1775 vero
983 1736 1177 1791 manus
1206 1729 1290 1778 est
1311 1761 1325 1783 ,
1355 1737 1517 1792 quam
1547 1737 1671 1790 esse
1699 1723 1980 1780 sinistram
2011 1741 2110 1781 co-

2291 1727 2398 1800 Τὴν
2420 1727 2475 1781 δὲ
2500 1726 2691 1797 ἑτέραν
2719 1722 2884 1778 αὐτοῦ
2931 1724 3110 1794 χεῖρα,
3136 1721 3202 1791 ῆν
3235 1716 3649 1773 καταλέλοιπεν
3685 1715 3838 1783 inii:

544 1811 826 1882 gitantlum
859 1811 1015 1866 nobis
1044 1807 1294 1882 reliquit',
1327 1827 1610 1884 quamque.
1629 1829 1687 1870 se
1711 1814 1769 1869 in
1799 1815 1934 1869 mari
1967 1817 2114 1886 posi-

2223 1823 2357 1875 νοεῖν
2403 1817 2697 1891 ἀριστερὰν
2734 1812 2920 1881 οὖσαν,
2966 1814 3148 1885 θήσειν
3175 1815 3232 1867 ἐν
3273 1811 3526 1883 θαλάσσῃ
3556 1808 3746 1878 φηῇν
3769 1808 3836 1857 ἐν

543 1913 727 1958 turum
749 1917 872 1958 esse
897 1903 1061 1964 dixit,
1086 1904 1138 1956 id
1157 1911 1241 1960 cst
1257 1942 1271 1963 ,
1297 1903 1350 1958 in
1375 1905 1536 1960 salsis
1559 1905 1681 1960 vita:
1701 1905 1958 1962 ﬁuctilius
1978 1947 1993 1972 ,
2022 1907 2112 1962 ubi

547 2004 920 2050 commoratur
948 1996 1038 2050 ille
1068 1993 1265 2060 draco,
1297 1995 1598 2051 secundum
1623 1997 1752 2054 illud
1785 2017 1799 2053 :
1829 1997 1942 2052 [Ioc
1971 2016 2116 2064 mare

548 2104 793 2156 magnum
838 2096 885 2144 et
911 2088 1202 2157 spatiosum
1229 2104 1247 2142 :
1279 2089 1390 2142 illic
1413 2089 1622 2157 reptilia
1651 2107 1874 2160 quorum
1905 2108 2010 2145 non
2037 2099 2116 2146 est

548 2198 795 2235 numerus
819 2196 838 2234 :
867 2179 1030 2234 draco
1064 2181 1164 2235 iste
1195 2198 1345 2250 quem
1387 2182 1634 2251 formasti
1678 2183 1747 2236 ad
1788 2183 2116 2238 illudendum

545 2273 593 2325 ei
641 2272 704 2324 ⁵³.
761 2270 856 2325 llis
898 2286 1026 2325 vero
1066 2270 1431 2337 draconibus,
1477 2282 1531 2327 et
1573 2273 1708 2327 mari
1749 2273 1854 2329 bac
1903 2276 2117 2339 ratione

549 2363 824 2416 intellecto
844 2401 860 2425 ,
889 2376 994 2415 nou
1021 2360 1242 2432 dextera
1264 2402 1279 2424 ,
1305 2361 1401 2417 sed
1422 2363 1528 2417 alia
1555 2379 1718 2434 quam
1747 2365 1969 2422 dextera
2001 2383 2116 2421 ma-

550 2470 654 2512 nus
679 2453 1014 2523 imponetur.
1049 2452 1333 2524 vindicans
1362 2462 1416 2509 et
1449 2455 1719 2512 ulciscens
1753 2457 2004 2514 inimicos
2047 2472 2112 2514 ac

550 2543 862 2614 deprimens
890 2560 1005 2599 eos.
1035 2542 1138 2598 llic
1167 2560 1296 2600 vero
1328 2545 1445 2617 ipse
1469 2545 1584 2616 jam
1618 2559 1951 2605 memoratus
1985 2550 2003 2620 (
2028 2550 2112 2604 vi-

549 2634 748 2700 delicet
793 2649 966 2688 cornu
1015 2635 1148 2689 illud
1190 2635 1444 2710 Davidis)
1489 2637 1582 2708 qui
1629 2655 1696 2694 cx
1743 2640 1952 2697 semine
1998 2642 2118 2712 ejus

551 2725 865 2782 nasciturus
899 2734 1020 2800 est,
1059 2735 1266 2798 patrem
1301 2731 1517 2786 vocabit
1552 2729 1719 2786 Deum
1748 2771 1765 2799 ,
1802 2742 1990 2805 utpote
2022 2737 2116 2806 qui

549 2819 749 2889 dignus
772 2818 990 2874 habitus
1012 2819 1083 2874 sit
1104 2819 1158 2874 in
1180 2836 1290 2892 quo
1313 2821 1583 2878 habitaret
1614 2823 1926 2892 unigenitus
1946 2824 2118 2882 Filius

555 2911 684 2978 Dei,
713 2919 767 2966 et
792 2912 885 2982 qui
916 2911 1018 2981 ipsi
1052 2913 1402 2982 copularetur
1426 2914 1839 2986 etjungeretur.
1873 2915 2121 2988 Quapro-

549 3014 671 3073 pter
699 3003 817 3074 ipse
852 3001 993 3058 Deus
1025 3001 1264 3060 Verbum
1284 3045 1299 3070 ,
1334 3005 1729 3078 primogenitus
1757 3007 1937 3066 omnis
1966 3024 2120 3064 crea-

549 3106 708 3161 turze,
735 3097 826 3166 qui
852 3105 978 3152 ante
996 3098 1323 3168 promiserat
1351 3108 1404 3154 et
1433 3099 1665 3165 dixerat,
1690 3101 1756 3157 In
1780 3104 1989 3159 nomine
2007 3121 2118 3159 meo

2213 1915 2325 1976 τοῖς
2358 1910 2615 1982 ἁλμυροῖς
2633 1909 2725 1964 τοῦ
2757 1909 2870 1981 βίου
2909 1907 3145 1978 κύμασιν
3165 1922 3179 1936 '
3217 1903 3344 1958 ἔνθα
3375 1903 3476 1956 καὶ
3511 1903 3543 1954 6
3589 1900 3834 1971 egw.

2213 2004 2311 2068 τὰς
2345 2003 2534 2076 ἑαυτοῦ
2556 2004 2790 2060 ποιεῖται
2810 1999 3110 2071 διατριϐάς,
3142 1997 3283 2052 κατὰ
3306 1997 3390 2059 τὸ,
3426 1995 3608 2060 Αὕτη
3645 1995 3690 2060 ἡ
3723 1993 3832 2046 de}

2213 2101 2421 2152 λασσα
2451 2095 2490 2163 ἠ
2515 2092 2747 2165 μεγάλη
2783 2093 2879 2146 καὶ
2918 2091 3279 2174 εὐρύχωρος·
3309 2085 3440 2141 ἐκεῖ
3464 2083 3710 2154 ἑρπετὰ
3741 2077 3838 2135 εἰς-

2215 2188 2325 2241 οὐκ
2371 2186 2542 2240 ἐστιν
2583 2185 2862 2256 ἀριθμός·
2901 2181 3138 2252 δράκων
3189 2175 3368 2245 οὗτος
3399 2179 3478 2231 ὃν
3527 2176 3838 2238 ἔπλασας

2214 2277 2512 2348 ἐμπαίζειν
2531 2276 2712 2342 αὐτῷ.
2758 2275 2881 2329 Ἐπὶ
2911 2272 3115 2327 τούτων
3161 2271 3269 2342 γὰρ
3307 2269 3416 2323 τῶν
3464 2267 3836 2339 δρακόντων.

2217 2369 2310 2425 καὶ
2342 2368 2443 2439 τῆς
2472 2367 2616 2420 οὕτω
2648 2365 2932 2438 νοηθείσης
2957 2363 3250 2434 θαλάσσης,
3273 2362 3370 2439 οὐχ
3399 2363 3434 2431 ή
3475 2358 3675 2422 δεξιὰ.

2216 2463 2248 2530 ἡ
2292 2459 2452 2532 ἑτέρα
2507 2458 2658 2530 παρὰ
2686 2456 2783 2528 τὴν
2815 2455 2993 2524 δεξιὰν
3026 2454 3406 2525 ὲπιτεθήσεται
3441 2452 3602 2523 χεὶρ,
3663 2450 3834 2503 καλά.

2217 2551 2384 2616 ζουσα
2408 2551 2501 2605 καὶ
2537 2547 2854 2620 τιμωροῦσα
2879 2548 3004 2611 τοὺς
3044 2546 3290 2618 ἐχθροὺς.
3338 2545 3433 2598 καὶ
3464 2541 3830 2597 ταπεινοῦ-εει

2217 2643 2431 2708 αὐτούς.
2487 2641 2660 2706 Αὐτὸς
2689 2642 2746 2695 δὲ
2791 2635 2947 2705 οὗτος
3003 2641 3032 2694 6
3070 2637 3393 2710 δηλούμενος
3430 2635 3629 2708 (δῆλον
3669 2635 3721 2690 δ’
3745 2637 3826 2688 ὅτι

2219 2735 2386 2808 κέρας
2415 2735 2623 2804 Δαυῖδ),
2647 2734 2675 2786 6
2699 2735 2768 2788 ὲκ
2797 2731 3110 2805 σπέρματος
3140 2729 3302 2786 αὐτοῦ
3339 2728 3827 2800 γενηθησᾴμενος,

2220 2828 2430 2900 πατέρα
2453 2826 2838 2882 ὲπικαλέσεται
2862 2825 2954 2879 τὸν
2979 2823 3132 2894 Θεὸν,
3159 2822 3253 2876 ἆτε
3269 2820 3706 2892 κατηξιωμένος
3727 2820 3822 2889 τῆς

2219 2921 2278 2973 ὲν
2327 2919 2478 2992 αὐτῷ
2528 2918 2620 2973 τοῦ
2658 2917 2978 2990 μονογενοῦς
3024 2914 3155 2969 Υίοῦ
3203 2913 3296 2968 τοῦ
3347 2912 3485 2966 Θεοῦ
3545 2915 3820 2981 κατοική-

2221 3031 2378 3082 σεως,
2429 3013 2717 3082 συναφείας
2757 3029 2818 3066 τε
2874 3011 2970 3066 καὶ
3016 3009 3260 3074 ὲνώσεως
3301 3007 3397 3078 τῆς
3434 3005 3586 3077 πρὸς
3631 3007 3816 3059 αὐτον.

2220 3105 2312 3159 Διὸ
2359 3106 2454 3160 καὶ
2501 3105 2662 3169 αὐτὸς
2703 3106 2734 3158 6
2779 3104 2911 3168 Θεὸς
2938 3102 3128 3172 Λόγος,
3165 3102 3194 3154 6
3235 3099 3604 3173 Πρωτότοκος
3635 3100 3820 3166 πάσης

546 3191 876 3254 cxaltabitttr
901 3209 1066 3246 cornu
1087 3192 1223 3262 ejus,
1248 3193 1526 3266 pr0prium
1551 3211 1746 3252 nomen
1769 3204 1822 3253 et
1846 3195 2118 3266 propriam

2223 3195 2470 3261 κτίσεως,
2493 3194 3062 3269 προεπαγγειλάμενος
3091 3193 3182 3248 καὶ
3216 3190 3404 3255 εἰπὼν,
3440 3190 3545 3242 Ἑν
3579 3189 3666 3255 τῷ
3694 3191 3818 3242 ἐπ’·

546 3285 866 3357 dignitatem
897 3285 1118 3342 tradens
1142 3282 1191 3341 iii
1212 3326 1228 3351 ,
1250 3287 1343 3358 qui
1370 3303 1434 3343 ex
1459 3288 1666 3343 semine
1690 3285 1858 3342 David
1875 3288 2120 3346 nascitu-~

547 3393 644 3434 rus
663 3389 776 3443 est,
803 3379 1220 3450 primogenitum
1246 3387 1407 3450 ponet
1431 3379 1579 3434 illum
1604 3396 1620 3434 :
1649 3390 1706 3434 ut
1729 3379 1893 3434 etiam
1921 3379 2011 3434 ille
2037 3394 2122 3435 se-

547 3468 786 3522 cundum
818 3483 1040 3526 carnem
1073 3485 1139 3526 ex
1171 3469 1378 3526 semine
1414 3467 1581 3524 David
1618 3478 1801 3536 natus,
1833 3468 2003 3525 Filius
2027 3468 2121 3525 Dei

546 3567 791 3622 vocetur,
815 3567 870 3615 et
899 3561 970 3614 ob
999 3576 1153 3615 suam
1178 3575 1302 3616 cum
1332 3558 1623 3630 Unigenito
1651 3557 1745 3615 Dei
1775 3560 2116 3632 conjunctiov

547 3667 707 3714 nem,
731 3649 1129 3722 Primogenitus
1164 3659 1524 3722 nuncupetur.
1557 3651 1678 3707 llaec
1703 3653 1846 3708 enim
1874 3653 1930 3707 in
1957 3667 2123 3710 causa

547 3753 705 3799 (rant
727 3744 872 3813 quod
893 3745 1243 3809 exaltandum
1268 3760 1390 3800 eum
1411 3759 1534 3802 esse
1556 3745 1890 3816 promitteret
1909 3745 2119 3809 dicens,

550 3833 618 3889 In
645 3837 852 3891 nomine
876 3853 988 3891 meo
1009 3837 1334 3892 exaltabitur
1354 3855 1516 3894 cornu
1537 3839 1673 3908 ejus.
1693 3838 1898 3900 Nomen
1923 3840 2122 3910 quippe

548 3944 710 3984 suum
755 3927 930 3984 Filius
971 3927 1068 3984 Dei
1111 3930 1427 4000 unigenitus
1473 3931 1583 3985 ﬁlio
1614 3930 1782 3986 David
1813 3931 2116 3988 secundum

549 4036 771 4077 carnem
825 4021 994 4078 dedit.
1041 4020 1198 4078 Hunc
1246 4022 1374 4078 item
1425 4023 1701 4080 excelsum
1743 4031 1854 4093 prae.
1902 4023 2121 4097 regibus

549 4121 712 4166 terrae
737 4111 1044 4180 positurum
1073 4126 1133 4167 se
1161 4111 1437 4181 pollicitus
1465 4119 1544 4167 est
1575 4132 1588 4167 :
1624 4113 1738 4168 sive
1773 4129 1841 4168 ex
1870 4113 2120 4185 Symma-

549 4202 688 4268 cho,
739 4217 1041 4271 supremum
1087 4220 1268 4276 regum
1332 4212 1510 4258 terrm.
1556 4203 1827 4260 Omnibus
1867 4206 2012 4260 enim
2059 4220 2120 4260 se

548 4293 951 4363 impugnaturis
1002 4294 1254 4362 superior
1300 4304 1352 4350 et
1398 4294 1594 4350 fortior
1657 4309 1922 4350 evasurus
1966 4304 2116 4360 erat,

549 4381 788 4438 insultus
821 4393 876 4438 et
905 4384 1317 4452 persecutiones
1350 4384 1406 4438 in
1438 4383 1734 4440 Ecclesiam
1782 4399 1938 4441 suam
1981 4399 2118 4441 con~

551 4472 747 4529 citatas
775 4481 1020 4530 atterens
1044 4491 1058 4533 ;
1087 4473 1351 4530 doctrinae
1373 4490 1503 4540 vero
1530 4491 1644 4532 suae
1673 4491 1977 4532 sermonem
2001 4479 2120 4550 glo-

551 4565 633 4618 ria
663 4572 722 4624 et
751 4566 799 4620 vi
831 4566 1106 4624 muniens.
1149 4565 1279 4624 Item
1316 4568 1392 4624 ait
1428 4583 1488 4624 se
1521 4568 1576 4623 in
1609 4577 1872 4629 internum
1907 4571 2122 4628 miseri-

552 4658 794 4713 eordiam
842 4674 996 4714 suam
1052 4659 1156 4730 ipsi
1205 4668 1587 4724 servaturum,
1637 4668 1693 4716 et
1739 4668 2121 4737 testamentum

550 4766 710 4806 suum
742 4751 898 4807 lidele
919 4759 974 4806 et
997 4751 1212 4807 ﬁrmum
1242 4750 1562 4807 eﬁ'ecturum
1591 4767 1716 4810 esse
1743 4769 1758 4820 ;
1793 4753 1938 4808 haud
1962 4753 2127 4809 dubie

547 4841 758 4898 Novum
781 4841 1189 4900 Testamentum
1210 4883 1226 4907 ,
1249 4842 1395 4914 quod
1415 4843 1668 4902 omnibus
1690 4860 1786 4916 per
1809 4846 2122 4902 universum

549 4932 737 4988 orbem
761 4933 1010 5004 gentibus
1040 4933 1386 5004 praedicavit,
1416 4933 1638 4990 Mosaici
1667 4936 1976 4991 testamenti
2001 4935 2125 4991 loco

548 5023 901 5096 Evangelium
936 5027 1155 5082 tradens
1177 5066 1193 5090 ,
1228 5026 1377 5097 quod
1411 5042 1471 5082 se
1511 5026 1670 5084 ﬁdele
1699 5025 2022 5083 eﬁ'eeturum
2067 5036 2124 5082 et

549 5117 888 5174 ﬁrmaturum
917 5120 1192 5189 pollicitus
1226 5127 1329 5174 est.

2217 3289 2362 3358 ματί
2382 3307 2500 3358 μου
2529 3286 2908 3358 ὑψωθήσεται
2931 3288 2996 3341 τὸ
3015 3287 3192 3356 κέρας
3218 3281 3426 3346 αὑτοῦ,
3461 3282 3572 3353 τῆς
3605 3281 3815 3344 οἰκείας

2221 3378 2516 3449 ὀνομασίας
2541 3377 2632 3432 καὶ
2657 3377 2752 3431 τοῦ
2783 3377 2983 3431 οἰκείου
3011 3376 3319 3448 ἀξιώματος
3347 3372 3627 3444 μεταδοὺς
3643 3374 3730 3445 τῷ
3755 3376 3812 3426 ἐκ

2224 3470 2534 3540 σπέρματος
2566 3468 2727 3524 Δαυῒδ
2756 3469 3215 3542 προελευσομένῳ,
3249 3463 3612 3539 πρωτότοκον
3649 3467 3814 3519 αὐτὴν

2223 3560 2464 3634 θήσεται,
2491 3562 2638 3624 ὅπως
2670 3563 2762 3616 καὶ
2791 3562 2951 3625 αὐτὸς
2971 3563 2999 3616 6
3028 3560 3169 3616 κατὰ
3196 3559 3371 3631 σάρκα
3392 3563 3459 3614 ὲκ
3483 3560 3812 3632 σπέρματος

2223 3652 2385 3707 Δαυῒδ
2405 3653 2649 3724 γενηθεὶς
2681 3653 2995 3726 χρηματίσῃ
3012 3653 3137 3716 Υἱὸς
3160 3652 3317 3718 Θεοῦ,
3346 3653 3439 3705 καὶ
3467 3649 3814 3722 ὀνομασθείς

2223 3746 2567 3816 Πρωτότοκος
2592 3745 2679 3799 διὰ
2697 3744 2793 3816 τὴν
2811 3744 3102 3814 συνάξρειαν
3125 3743 3220 3814 τὴν
3251 3741 3386 3815 πρὸς
3405 3743 3497 3796 τὸν
3518 3741 3814 3810 Μονογενῆ

2219 3837 2315 3890 τοῦ
2347 3837 2502 3892 Θεοῦ.
2531 3836 2716 3892 Ταῦτα
2747 3836 2855 3908 γὰρ
2884 3831 2972 3907 ἦν,
3010 3836 3076 3890 δι’
3103 3829 3175 3890 ὧν
3205 3832 3592 3905 ὑψωθήσεσθαι
3648 3833 3816 3887 αὑτὸν

2221 3929 2601 4000 ἐπηγγείλατο,
2637 3929 2832 3983 εἰπών·
2876 3930 2970 3980 Ἐν
3008 3925 3088 3993 τῷ
3123 3926 3368 3997 ὀνόματί
3403 3941 3524 3994 μου
3555 3926 3816 3994 Wri-

2220 4036 2388 4074 σεται
2431 4020 2498 4075 τὸ
2546 4020 2724 4090 κέρας
2777 4018 2986 4075 αὑτοῦ.
3027 4019 3102 4072 Τὸ
3131 4017 3238 4090 γάρ
3282 4017 3411 4072 ίδιον
3434 4017 3616 4086 ὄνομα
3649 4018 3681 4068 6
3719 4016 3815 4068 τεῦ

2219 4111 2354 4166 Θεοῦ
2391 4115 2682 4186 μονογενὴς
2705 4115 2830 4178 Υἱὸς
2859 4112 2938 4184 τῷ
2979 4114 3118 4168 κατὰ
3150 4112 3330 4185 σάρκα
3362 4110 3463 4182 υἱῷ
3485 4111 3662 4166 Δαυῒδ
3691 4113 3812 4164 ἐπι-

2220 4207 2448 4274 τέθεικε,
2483 4209 2826 4280 Πρωτότοκον
2844 4208 2936 4266 καὶ
2970 4206 3105 4262 Θεοῦ
3134 4206 3260 4260 Υίδν
3281 4206 3375 4260 καὶ
3407 4206 3570 4260 αὑτὸν
3608 4206 3814 4274 ἀναγο-

2225 4299 2440 4372 ρεύσας.
2505 4300 2704 4354 Τοῦτον
2751 4299 2808 4353 δὲ
2840 4299 2935 4353 καὶ
2967 4297 3168 4369 ὑψηλὸν
3191 4297 3343 4368 παρὰ
3371 4298 3485 4359 τοῖς
3519 4295 3810 4365 βασιλεῦσι

2221 4395 2319 4462 τῆς
2343 4392 2446 4462 γῆς
2478 4391 2732 4464 θήσεσθαι
2773 4391 3166 4463 ἐπηγγείλατο·
3207 4389 3242 4460 ἢ
3281 4388 3424 4442 κατὰ
3449 4385 3541 4441 τὸν
3565 4386 3811 4457 2699.;-

2225 4498 2338 4552 χον,
2383 4480 2702 4536 Ἄνώτατον
2737 4479 2855 4534 τῶν
2895 4477 3206 4545 βασιλέων
3253 4475 3362 4546 τῆς
3393 4476 3529 4546 τῆς.
3569 4475 3812 4529 Πάντων

2225 4572 2334 4645 γὰρ
2357 4573 2463 4626 τῶν
2483 4571 2784 4644 μελλόντων
2809 4570 2970 4626 αὑτὸν
2999 4568 3394 4640 καταπολεμεῑν
3415 4567 3698 4638 άνὼτερος
3714 4568 3810 4620 καὶ

2226 4665 2489 4735 κρείττων
2525 4665 2814 4736 γεγένηται
2838 4681 2852 4694 ·
2885 4663 3097 4735 θραύων
3130 4661 3226 4734 μὲν
3255 4661 3354 4724 τὰς
3369 4659 3510 4718 κατὰ
3540 4659 3646 4730 τῆς
3693 4661 3808 4712 Ἐκο

2226 4757 2453 4828 κλησίας
2480 4757 2643 4813 αὐτοῦ
2684 4757 3076 4819 ἐπαναστάσεις
3107 4755 3349 4817 καὶτοὺς
3380 4751 3685 4822 διωγμοὺς,
3717 4750 3806 4803 δο-

2227 4849 2400 4914 ξάζων
2425 4850 2482 4903 δὲ
2513 4852 2604 4904 καὶ
2631 4849 2986 4920 ίσχυροποιῶν
3019 4848 3110 4900 τὸν
3131 4846 3229 4916 τῆς
3264 4844 3609 4904 διδασκαλίας
3636 4840 3804 4896 αὑτοῦ

2225 4940 2400 5009 λόγον.
2440 4941 2596 4996 Ἀλλὰ
2625 4943 2718 4996 καί
2744 4943 2824 5004 είς
2851 4941 2941 4993 τὸν
2978 4939 3148 4993 αίῶνσ
3193 4936 3446 5006 φυλάξειν
3484 4933 3636 5004 αὐτῷ
3671 4950 3806 5003 φησι

2226 5029 2287 5082 τὸ
2307 5029 2452 5094 ἕλεος
2471 5031 2656 5094 αὑτοῦ,
2684 5031 2778 5085 καὶ
2794 5031 2890 5102 τὴν
2911 5029 3185 5100 Διαθήκην
3203 5025 3369 5081 αὐτοῦ
3391 5026 3802 5093 πιστοποιήσειν

2230 5123 2409 5194 αὐτῷ·
2448 5124 2663 5188 πάντως
2719 5141 2821 5176 που
2848 5122 2946 5194 τὴν
2971 5120 3178 5192 Καινὴν
3210 5119 3505 5190 Διαθήκην,
3553 5116 3619 5187 ἣν
3669 5117 3804 5168 πᾶσι

547 5215 660 5276 τοῖς
682 5213 803 5267 καθ’
824 5213 953 5283 ὅλης
974 5214 1073 5285 τῆς
1096 5213 1418 5284 οἰκουμένης
1450 5212 1656 5268 ἔθνεσιν
1688 5212 1974 5285 ἐκήρυξεν,
2003 5212 2125 5267 ἀντὶ
2163 5215 2264 5285 τῆς
2297 5233 2448 5290 παρα
2477 5220 2666 5273 Musei
2708 5217 2970 5288 διαθήκης
2996 5215 3058 5270 τὸ
3106 5212 3434 5283 Εὑαγγέλιον
3474 5207 3798 5281 παρασχὼν,

548 5307 684 5361 ὅπερ
709 5307 1075 5362 πιστώσεσθαι
1101 5308 1194 5361 καὶ
1219 5306 1536 5377 βεϐαιώσειν
1569 5306 1950 5378 ἐπηγγείλατο.

620 5398 788 5457 Vens.
827 5401 1019 5456 50-35.
1052 5399 1121 5454 Et
1149 5417 1343 5470 ponam
1373 5404 1429 5456 in
1459 5402 1712 5457 sa’culum
1736 5402 1920 5458 swculi
1945 5418 2118 5458 semen

549 5491 700 5562 ejus,
740 5501 788 5547 et
831 5492 1074 5548 thronum
1109 5492 1222 5562 ejus
1254 5495 1390 5547 sicut
1423 5494 1536 5550 dies
1563 5494 1704 5551 caeli.
1738 5494 1800 5552 Si
1831 5495 2122 5564 derelique-

550 5586 656 5639 rint
704 5584 808 5654 ﬁlii
846 5585 962 5654 ejus
994 5585 1155 5655 legem
1189 5602 1391 5652 meam,
1423 5598 1472 5640 et
1505 5589 1558 5641 in
1596 5587 1820 5657 judiciis
1845 5589 1974 5644 meis
2019 5603 2122 5642 non

549 5676 978 5742 ambulaverint;
1023 5679 1069 5732 si
1105 5678 1350 5746 justitias
1403 5696 1545 5734 meas
1592 5679 2028 5749 profanaverint,
2074 5688 2122 5733 et

623 5837 667 5868 ⁸⁸
708 5834 893 5890 Matth.
928 5835 1026 5903 9.57,
1059 5836 1126 5890 54
1155 5852 1269 5904 seq.

2297 5402 2407 5457 Καὶ
2427 5401 2680 5469 θήσομαι
2707 5402 2796 5466 είς
2816 5398 2920 5454 τὸν
2942 5397 3130 5454 αἰῶνα
3152 5396 3258 5451 τοῦ
3284 5393 3502 5461 αἰῶνος
3526 5394 3595 5447 τὸ
3617 5391 3800 5460 σπέρ-

2222 5509 2308 5564 μα
2331 5491 2537 5556 αὑτοῦ,
2589 5491 2688 5546 καὶ
2736 5491 2841 5544 τὸν
2864 5491 3081 5558 θρόνον
3108 5487 3294 5542 αὑτοῦ
3321 5484 3402 5552 ὥς
3435 5485 3542 5549 τὰς
3578 5480 3799 5551 ἡμέρας

2229 5587 2335 5640 τοῦ
2363 5583 2643 5652 οὐρανοῦ.
2689 5584 2823 5637 Ἐὰν
2873 5582 3358 5651 ἐγκαταλίπωσιν
3386 5581 3441 5632 οι
3467 5576 3585 5632 υιοί
3613 5572 3795 5628 αὑτοῦ

2229 5676 2336 5728 τὸν
2358 5677 2546 5745 νόμον·
2591 5692 2730 5744 μου,
2763 5673 2858 5728 καὶ
2904 5671 3028 5740 τοῖς
3059 5672 3306 5742 κρίμασι
3324 5687 3442 5741 μου
3475 5667 3562 5740 μῇ
3588 5681 3765 5734 πορευ
3823 5733 3836 5759 ι

1349 5835 1391 5867 ⁸⁸
1433 5835 1575 5890 Psal.
1618 5849 1780 5903 xcm,
1814 5835 1866 5890 8.
1945 5835 1990 5870 ”
2029 5833 2322 5900 Psalmcu,
2357 5831 2409 5885 3.
2486 5830 2532 5864 "
2571 5829 2714 5886 Psal.
2743 5844 2841 5884 cm
2869 5868 2883 5893 ,
2918 5827 3009 5882 ‘25.
