3972 6812
147 456 346 512 1169
885 441 890 446 ’
1271 441 1769 500 COMMENTARIA
1803 437 1869 495 IN
1900 436 2234 496 PSALMOS.
3316 432 3454 492 mo

147 573 294 641 χήν
319 584 340 602 ·
382 566 528 622 ἀλλά
574 565 670 619 καὶ
717 561 810 616 τοῦ
825 561 1006 630 Ἀγίου
1037 559 1128 614 τοῦ
1159 559 1296 614 Θεοῦ
1342 559 1434 613 τοῦ
1471 555 1779 630 μονογενοῦς

1893 555 2126 618 bilitum,
2157 553 2451 622 orbemque
2481 560 2649 605 totum
2674 549 2984 620 implentem
3014 547 3276 604 videmus.
3304 545 3462 614 Quod

153 639 373 714 αὑτοῦ
399 658 577 725 Λόγου
604 655 666 708 τὸ
691 651 1025 722 καταϐληθὲν
1053 651 1144 704 ἐπὶ
1167 651 1269 720 γῆς
1290 649 1538 721 οὐράνιον
1570 649 1779 718 σπέρμα

1888 648 1934 702 si
1969 647 2092 717 quis
2139 660 2249 700 non
2300 644 2404 700 hac
2453 643 2682 704 ratione.
2714 643 2810 696 sed
2861 640 3089 696 Judaico
3133 655 3281 696 more
3309 639 3462 694 thro-

155 749 289 819 τῆς
327 743 703 814 εὐαγγελικῆς
716 739 1060 802 διδασκαλίας
1078 737 1403 802 διαιωνίζονο
1439 739 1631 808 οὑ’μὴν
1655 736 1779 789 ἀλλὰ

1889 753 2017 790 num
2050 735 2305 806 accipiat,
2341 741 2492 790 ratus
2524 748 2849 804 corporeum
2879 731 3100 786 Davidis
3130 746 3355 801 regnum
3387 730 3460 784 ita

161 837 291 892 καὶ
356 835 490 890 καθ’
535 835 662 904 ὅλης
687 832 788 901 τῆς
823 830 1122 902 ἀνθρώπων
1159 829 1504 900 οἰκουμένης,
1534 831 1592 882 ὲν
1624 829 1779 881 πᾶσιν

1888 828 2094 892 vocari,
2121 827 2270 882 falsa:
2305 824 2779 896 deprehendentur
2819 823 3135 894 prophetiae.
3167 821 3302 876 Nam
3337 831 3462 893 post

166 929 418 992 ἔθνεσι,
455 925 639 981 πόλεσί
663 942 721 977 τε
751 925 843 978 καὶ
881 922 1093 993 κώμαις
1115 922 1210 976 καὶ
1233 920 1435 994 χώραις
1463 921 1679 993 ὁρῶμεν
1699 920 1779 974 τὸν

1886 918 2124 975 Judaicae
2157 920 2338 987 gentis
2377 919 2432 973 in
2470 916 2744 988 Babylone
2785 915 3176 984 captivitatem,
3207 929 3366 969 nemo
3406 914 3461 967 in

169 1022 244 1072 ἐν
279 1021 365 1090 τῇ
433 1016 728 1086 Ἐκκλησία
757 1012 920 1068 αὐτοῦ
949 1011 1229 1082 ἱδρυμένον
1261 1011 1448 1083 θρόνον
1481 1010 1779 1082 πληροῦντα

1890 1011 2086 1066 throno
2129 1007 2348 1063 Davidis
2398 1007 2536 1063 sedit
2587 1025 2600 1061 :
2640 1005 2734 1062 sed
2786 1022 2850 1060 ex
2898 1006 2990 1059 illo
3029 1005 3098 1058 ad
3135 1005 3240 1060 hoc
3288 1019 3463 1075 usque

168 1109 291 1163 τὸν
327 1109 629 1179 σύμπαντα
658 1105 878 1174 κόσμον.
908 1103 970 1156 Εἰ
994 1102 1050 1156 δέ
1072 1119 1154 1164 τις
1186 1102 1260 1173 μὴ
1291 1102 1482 1166 οὕτως,
1503 1101 1637 1155 ἀλλὰ
1663 1101 1779 1153 Ἰου-

1889 1110 2104 1171 tempus
2149 1100 2276 1154 anni
2335 1107 2466 1155 sunt
2525 1099 2745 1154 circiter
2799 1097 2964 1161 mille,
3001 1111 3029 1151 a
3059 1111 3168 1167 quo
3198 1105 3460 1167 tempore,

171 1199 424 1262 6417.26);
453 1196 669 1251 ὲκλάὸοι
705 1194 792 1248 τὸν
817 1193 1024 1263 θρόνον,
1055 1192 1153 1264 τὴν
1181 1191 1494 1263 σωματικὴν
1519 1189 1789 1261 βασιλείαν

175 1289 294 1343 τοῦ
335 1287 510 1342 Δαυτδ
537 1283 790 1354 λέγεσθαι
841 1281 1096 1354 νομίζων,
1125 1281 1336 1352 ψευδεῖς
1376 1279 1789 1352 ἐλεγχθήσονται

177 1380 248 1434 αἰ
288 1379 652 1449 προφητεῖαι.
689 1373 844 1428 Μετὰ
875 1373 983 1444 γὰρ
1030 1373 1128 1444 τὴν
1161 1375 1241 1436 εἰς
1267 1370 1557 1425 Βαϐυλῶνα
1587 1373 1790 1442 αἰχμα-

174 1469 416 1522 λωσίαν
465 1467 558 1521 τοῦ
593 1465 862 1520 Ἰουδαίων
908 1464 1110 1528 ἔθνους,
1147 1464 1319 1528 οὐδεὶς
1352 1464 1432 1528 εἰς
1468 1462 1562 1516 τὸν
1604 1462 1790 1534 θρόνον

175 1559 486 1630 ἑκαθέσθη
539 1557 702 1610 Δαυῖδ
723 1574 738 1588 ο
774 1555 834 1621 ἐξ
876 1555 1082 1609 ἐκείνου
1104 1554 1161 1607 δὲ
1194 1555 1287 1608 καὶ
1315 1555 1394 1618 εἰς
1418 1552 1594 1625 δεῦρο,
1626 1551 1791 1621 ἐγγύς

179 1669 301 1706 που
339 1651 442 1721 ἐτη
469 1649 725 1720 τυγχάνει
757 1649 924 1718 χίλια,
943 1647 1001 1711 ἐξ
1022 1641 1102 1708 o6.
1129 1644 1548 1717 καθαιρεθείσης
1569 1645 1668 1715 τῆς
1698 1645 1791 1716 βαο

179 1744 423 1807 σιλείαζς
463 1740 649 1804 αὑτοῦ,
689 1740 904 1809 καὶτῆς
932 1738 1176 1808 διαδοχῆς
1209 1735 1371 1790 αὑτοῦ
1412 1734 1788 1807 παυσαμένης,

177 1832 404 1890 λέλυτο
429 1831 524 1886 τοῦ
553 1829 716 1884 Δαυτδ
746 1831 776 1882 ό
809 1829 1013 1902 θρόνος.
1045 1827 1136 1882 Διὸ
1165 1827 1228 1898 δὴ
1277 1826 1344 1880 τὰ
1367 1826 1494 1896 ἑξῆς
1531 1824 1624 1878 τοῦ
1657 1824 1790 1894 ψαλ-

1888 1195 2008 1265 ejus
2023 1193 2305 1248 destructo
2327 1207 2515 1264 regno,
2533 1208 2596 1247 ac
2619 1192 2793 1263 ipsius
2815 1191 3168 1247 successione
3189 1198 3460 1252 cessante,

1891 1285 2111 1341 Davidis
2163 1285 2396 1338 thronus
2459 1284 2672 1339 solutus
2727 1291 2831 1340 est.
2865 1283 3228 1350 Quamobrem
3283 1292 3466 1354 poste-

1889 1376 2036 1430 riora
2084 1374 2278 1444 psalmi
2328 1374 2474 1440 dicta
2510 1375 2624 1430 haec
2666 1375 2783 1445 ipsa
2831 1374 3138 1445 deplorant,
3173 1383 3466 1445 aperteque

1889 1467 2133 1537 corporei
2166 1474 2220 1522 et
2246 1468 2544 1522 materialis
2578 1467 2762 1522 throni
2793 1468 3006 1521 ruinam
3041 1466 3367 1537 signiﬁcant,
3399 1481 3466 1519 ac

1889 1556 2168 1612 declarant
2198 1558 2486 1628 promissis
2511 1558 2783 1614 contraria
2805 1558 3092 1622 accidisse,
3115 1565 3377 1629 quantum
3398 1558 3463 1611 ad

1891 1648 2202 1704 sensibilem
2252 1651 2508 1704 thronum
2562 1659 2616 1705 et
2669 1665 2987 1720 corpoream
3041 1649 3192 1719 regni
3245 1647 3465 1703 Davidis

1890 1738 2572 1810 successionempertinet.
2613 1739 2744 1806 Quae
2769 1754 2900 1796 sane
2929 1753 3035 1793 non
3063 1738 3281 1792 silentio
3301 1737 3462 1800 mitti.

1890 1829 1986 1884 sed
2037 1829 2092 1884 iu
2140 1829 2424 1901 prophetia
2482 1831 2549 1886 de
2587 1829 2803 1886 Christo
2851 1830 3142 1884 memorari
3189 1828 3463 1900 oportuit;

189 1924 311 1996 μοῦ
366 1925 507 1978 αὑτά
553 1923 726 1978 ταῦτα
753 1921 1100 1992 ἀποδύρεται,
1150 1919 1334 1988 σαφῶς
1359 1918 1452 1972 τοῦ
1480 1916 1779 1989 σωματικοῦ

1891 1929 1951 1973 ut
1979 1919 2310 1986 ediscamus.
2343 1921 2580 1976 instante
2612 1936 2792 1975 rerum
2827 1920 2879 1973 in
2909 1919 3166 1975 vaticinio
3195 1935 3467 1975 memora-

182 2017 406 2089 θρόνου
449 2016 549 2088 τὴν
591 2013 970 2084 καταστροφὴν
1015 2013 1363 2085 σημαίνοντα,
1393 2012 1488 2066 καὶ
1525 2010 1779 2066 τάναντία

1886 2019 2063 2066 tarum
2108 2020 2372 2082 tempore,
2405 2011 2745 2066 sensibilium
2781 2011 3021 2072 illorum,
3051 2009 3118 2064 de
3146 2008 3345 2079 quibus
3377 2009 3463 2078 agi

189 2109 564 2180 παριστῶντα
606 2105 1006 2178 συμϐεϐηκέναι
1057 2108 1174 2168 ταῖς
1223 2103 1574 2173 ἐπαγγελίαις
1599 2145 1612 2168 ,
1660 2103 1779 2156 ὅσον

1887 2109 2078 2170 putant
2115 2099 2317 2163 Judaei,
2351 2102 2677 2156 solutionem
2723 2099 2966 2156 futuram
2991 2115 3140 2166 esse;
3175 2100 3279 2157 alia
3311 2115 3461 2160 vero.

191 2202 296 2254 ἐπὶ
320 2199 406 2270 τῷ
430 2197 672 2270 αἰσθητῷ
699 2196 872 2268 θρόνῳ
899 2198 992 2250 καὶ
1032 2198 1097 2266 τῇ
1130 2197 1411 2265 σωματικῇ
1445 2193 1657 2264 διαδοχῇ
1683 2194 1779 2263 τῆς

1885 2209 2008 2264 quae
2053 2192 2236 2247 divino
2280 2209 2432 2249 more
2488 2192 2889 2264 intelliguntur,
2931 2191 3026 2248 Dei
3081 2192 3464 2263 promissionis

189 2289 296 2342 τοῦ
314 2288 482 2346 Δαυῖδ
512 2287 804 2359 βασιλείαςο
839 2285 874 2339 ἃ.
902 2286 966 2357 δὴ
992 2287 1086 2340 καὶ
1099 2284 1237 2339 αὐτὰ
1253 2285 1418 2355 ἐχρῆν
1439 2284 1512 2355 μὴ
1544 2284 1779 2337 ἀποσιω-

1885 2284 2278 2354 complementa
2309 2293 2362 2338 ct
2387 2285 2918 2338 consummationem
2950 2283 3085 2338 fore.

191 2382 470 2453 πηθῆναι,
510 2381 817 2451 ἀναγκαίως
841 2380 894 2434 δὲ
924 2381 982 2434 ὲν
1016 2381 1082 2450 τῇ
1109 2379 1236 2450 περί
1267 2377 1361 2432 τοῦ
1392 2375 1626 2448 Χριστοῦ
1655 2374 1954 2447 προφητείᾳ
1985 2375 2408 2450 παραληφθῆναι
2431 2391 2446 2406 ο
2482 2375 2558 2438 ὡς
2607 2375 2674 2429 ἂν
2725 2375 3009 2446 μάθοιμεν,
3053 2374 3156 2438 ὅτι,
3196 2372 3290 2428 τοῦ
3344 2391 3464 2432 καμ-

195 2472 302 2544 ροῦ
331 2473 445 2527 τῶν
501 2473 990 2545 προφητευομένων
1041 2470 1378 2534 ἐπιστάντος,
1421 2467 1528 2523 τῶν
1576 2469 1674 2540 μὲν
1714 2467 1986 2540 αἰσθητῶν
2029 2468 2181 2540 παρά
2241 2468 2510 2522 Ἰουδαίων
2561 2468 2930 2540 νομιζομένων
2987 2465 3262 2530 παντελῶς
3311 2465 3463 2524 ἔσται

190 2565 378 2630 λύσις,
415 2564 616 2634 ἑτέρων
637 2563 692 2616 δὲ
725 2561 1042 2636 θεοπρεπῶς
1077 2560 1382 2632 νοουμένων
1410 2557 1866 2630 ἀποτελεσμάτων
1885 2558 1986 2629 τῆς
2025 2557 2120 2610 τοῦ
2155 2556 2288 2611 Θεοῦ
2316 2557 2648 2626 ἐπαγγελίας
2673 2556 3089 2628 συμπλήρωσις.

271 2677 361 2731 Σὺ
413 2677 484 2731 δὲ
546 2676 765 2732 ἀπώσω
820 2677 916 2730 καὶ
970 2675 1409 2741 ἐξουδένωσας,
1484 2674 1779 2730 ἀνεϐάλου

1961 2673 2124 2731 Vsus.
2151 2673 2338 2728 59-46.
2371 2671 2446 2726 Tu
2479 2689 2596 2726 vero
2624 2672 2868 2742 repulisti
2907 2680 2958 2725 et
2985 2670 3290 2741 despexisti,
3317 2672 3464 2742 abje.

195 2770 310 2824 τὸν
366 2770 628 2836 Χριστόν
677 2784 812 2821 σου.
875 2766 1295 2835 Κατέστρεψας
1344 2765 1458 2834 τὴν
1489 2765 1779 2835 διαθήκην

1886 2766 2007 2820 cisti
2034 2764 2306 2820 Christum
2333 2775 2500 2820 tuum.
2523 2764 2777 2820 Evertisti
2809 2773 3179 2820 testamentum
3201 2769 3336 2820 servi
3361 2768 3459 2834 tui,

197 2856 312 2918 τοῦ
353 2857 579 2914 δούλου
637 2875 774 2922 σου,
831 2856 1210 2924 ἐϐεϐήλωσας
1259 2859 1346 2924 εἰς
1388 2856 1506 2926 τὴν
1549 2855 1668 2928 γῆν
1713 2859 1780 2912 τὸ

197 2951 472 3020 ιὶγίασμα
533 2950 748 3005 αὐτοῦ’
818 2949 1092 3016 καθεῖλες
1158 2948 1388 3016 πάντας
1440 2949 1582 3017 τοὺς
1629 2967 1779 3020 sapa-

203 3041 398 3111 ττμοὺς
447 3041 634 3096 αὐτοῦ
658 3083 673 3106 ,
723 3041 863 3096 ἔθου
922 3042 993 3096 τὰ
1041 3040 1390 3110 όχιφώματα
1432 3041 1616 3096 αὐτοῦ
1657 3041 1776 3096 δει-

201 3135 368 3188 λίαν.
432 3132 760 3202 Διήρπαζον
831 3133 1018 3188 αὐτὸν
1087 3132 1310 3199 πάντες
1378 3135 1432 3186 οἱ
1507 3146 1778 3202 παραπο-

199 3222 512 3292 ρευόμενοι
557 3221 733 3276 ὀδόνο
777 3221 1029 3292 ἐγενήθη
1082 3220 1310 3290 ὄνειδος
1347 3221 1469 3289 τοῖς
1516 3224 1780 3292 γείτοσιν

206 3311 417 3368 αὐτοῦ.
472 3313 752 3380 ’Υψωσας
799 3310 915 3380 τὴν
949 3309 1157 3376 δεξιὰν
1185 3309 1302 3363 τῶν
1327 3311 1648 3366 θλιϐόντων
1676 3313 1781 3365 αὑ-

209 3403 335 3467 τὸν,
363 3403 664 3473 εὔφρανας
693 3403 922 3469 πάντας
943 3402 1082 3472 τοὺς
1117 3402 1368 3471 ἐχθροὺς
1403 3403 1607 3456 αὑτοῦ.
1654 3403 1781 3456 Ἁπ-

209 3496 507 3566 ἐστρεψας
554 3496 670 3565 τὴν
713 3494 1002 3562 βοήθειαν
1061 3493 1171 3561 τῆς
1217 3495 1517 3563 ῥομφαίας
1557 3493 1776 3560 αὑτοῦ,

210 3589 310 3644 καί
339 3590 448 3643 οὐκ
509 3587 840 3643 ἀντελὰϐου
891 3586 1076 3642 αὑτοῦ
1107 3587 1178 3640 ἐν
1220 3585 1299 3652 τῷ
1341 3585 1600 3655 πολέμῳ.
1635 3590 1782 3641 Κατ-

210 3682 434 3748 έλυσας
504 3681 620 3736 ἀπὸ
677 3678 1041 3748 καθαρισμοῦ
1107 3678 1320 3742 αὐτόν,
1384 3677 1492 3732 τὸν
1566 3678 1782 3746 θρόνον

212 3773 392 3829 αὑτοῦ
423 3774 509 3840 είς
535 3771 651 3842 γῆν
673 3769 1068 3839 κατέρραξαςο
1103 3769 1472 3838 ἐσμίκρυνας
1498 3767 1605 3835 τὰς
1643 3768 1782 3838 ἡμέ-

208 3884 320 3936 ρας
347 3865 450 3920 τοῦ
477 3867 696 3936 χρόνου
720 3863 925 3930 αὐτοῦ,
957 3861 1238 3944 κατέχεας
1267 3861 1427 3928 αὐτῷ
1453 3862 1774 3930 αἰσχύνην

217 3959 543 4027 Διάψιαλμα.
633 3955 1023 4010 ’Δποδέδεικται
1046 3953 1217 4011 ταῦτα
1249 3957 1313 4030 τῇ
1357 3951 1781 4024 σωματικωτέρᾳ

218 4049 308 4103 τοῦ
341 4049 500 4102 Δαυῖδ
529 4050 744 4120 διαδοχῇ
774 4048 868 4101 καί
898 4049 962 4119 τῇ
993 4048 1276 4120 σωματικῇ
1306 4044 1468 4098 αὑτοῦ
1509 4043 1776 4115 βασιλείᾳ,

221 4139 336 4207 ἠτις
369 4136 640 4210 καθῃρέθη
681 4135 820 4190 κατά
865 4136 988 4197 τοὺς
1017 4135 1240 4207 χρόνους
1261 4134 1358 4205 τῆς
1380 4135 1459 4196 εἰς
1490 4131 1780 4192 Βαϐυλῶνα

223 4227 582 4298 αἰχμαλωσίας
609 4227 702 4281 τοῦ
734 4227 999 4280 Ἰουδαίων
1023 4226 1170 4282 λαοῦ.
1217 4225 1306 4293 Ἐξ
1331 4225 1536 4279 ἐκείνου
1558 4223 1665 4295 γὰρ
1688 4223 1779 4278 καὶ

223 4320 249 4371 6
281 4315 520 4388 Χριστὸς,
551 4315 824 4369 τουτέστιν
855 4316 882 4366 ὁ
913 4315 1166 4387 αἰσθητὸς
1199 4316 1466 4386 βασιλεὺς,
1494 4317 1522 4368 6
1554 4317 1662 4368 ἀπὸ
1688 4315 1782 4384 γέ-

225 4425 338 4472 νους
361 4406 519 4461 Δαυῖδ
545 4405 865 4471 διαλέλοιπε,
901 4409 994 4464 καὶ
1013 4411 1042 4462 6
1067 4408 1250 4479 θρόνος
1269 4405 1660 4476 τῆςβασιλείας
1683 4407 1780 4465 a6—

1881 2857 2183 2926 profanasti
2207 2857 2261 2910 in
2290 2866 2432 2917 terra
2461 2857 2824 2911 sanctuarium
2842 2857 2955 2926 ejus
2979 2871 2996 2910 :
3017 2855 3328 2911 destruxisti
3349 2875 3461 2912 om-

1883 2965 1972 3004 nes
2006 2965 2148 3019 sepes
2173 2949 2307 3018 ejus,
2333 2949 2558 3018 posuisti
2597 2949 2923 3003 munimenta
2957 2948 3071 3018 ejus
3099 2948 3456 3016 formidinem.

1882 3039 2226 3110 Diripuerunt
2265 3057 2384 3098 eum
2415 3057 2590 3098 omnes
2621 3050 2950 3100 transeuntes
2978 3042 3115 3095 viam
3140 3057 3158 3095 :
3179 3041 3354 3110 factus
3383 3050 3460 3098 est

1884 3131 2214 3200 opprobrium
2263 3132 2447 3186 vicinis
2495 3130 2925 3190 suis.Ea:(tltasti
2962 3131 3234 3186 dexteram
3293 3131 3460 3185 tribu-

1882 3223 2107 3276 lantium
2127 3238 2264 3284 eum,
2290 3223 2574 3293 lcetiﬁcasti
2593 3239 2767 3277 omnes
2793 3224 3032 3277 inimicos
3060 3223 3192 3293 ejus.
3209 3222 3460 3279 Avertisti

1881 3314 2204 3384 adjutorium
2233 3314 2402 3388 gladii
2418 3315 2554 3384 ejus,
2575 3323 2624 3368 et
2645 3332 2747 3376 non
2763 3332 2816 3370 es
2840 3316 3135 3370 auxiliatus
3159 3317 3204 3370 ei
3222 3317 3277 3369 in
3302 3315 3455 3375 bello.

1881 3405 2099 3460 Solvisti
2125 3423 2240 3459 eum
2273 3407 2336 3460 ab
2373 3407 2742 3462 emundatione
2770 3448 2785 3472 ,
2823 3407 3067 3462 thronum
3095 3408 3209 3477 ejus
3253 3409 3308 3462 in
3351 3417 3458 3462 ter-

1881 3513 1998 3550 ram
2049 3497 2382 3572 confregisti.
2423 3497 2704 3554 Minorasti
2733 3500 2844 3554 dies
2890 3501 3139 3568 temporis
3169 3501 3307 3570 ejus,
3337 3518 3458 3572 per-

1880 3587 2069 3658 fudiin
2091 3606 2206 3643 eum
2230 3589 2555 3658 confusione.
2583 3589 2915 3661 Diapsalma.
2943 3590 3067 3647 Haec
3097 3591 3164 3648 de
3190 3607 3456 3663 corporea

1881 3679 2102 3736 Davidis
2137 3683 2526 3744 successione.
2574 3689 2628 3736 et
2679 3681 2745 3737 de
2791 3697 2958 3752 regno
3005 3681 3128 3750 ejus
3183 3683 3454 3748 sensibili,

1879 3771 2022 3843 quod
2070 3779 2313 3844 tempore
2358 3773 2605 3828 abductae
2651 3772 2961 3828 Judaeorum
3023 3774 3077 3828 in
3122 3773 3453 3846 Babylonem

1880 3862 2212 3934 captivitatis
2251 3861 2588 3918 destructum
2633 3864 2733 3917 fuit
2758 3904 2772 3927 ,
2830 3864 3054 3934 intelligi
3087 3863 3455 3933 couipt'obau-

1879 3961 1988 4008 tur.
2028 3952 2104 4010 Ex
2137 3954 2230 4008 illo
2252 3970 2489 4025 namque
2516 3965 2758 4026 tempore
2790 3955 3082 4018 Christus,
3117 3957 3167 4010 id
3208 3963 3322 4019 est,
3359 3972 3454 4016 rex

1881 4046 2156 4100 sensibilis
2191 4061 2222 4101 e
2268 4063 2466 4118 genere
2505 4045 2722 4102 Davitlis
2757 4047 2976 4109 defecit,
3005 4049 3240 4104 thronus
3300 4049 3453 4120 regni

1880 4136 2001 4206 ejus
2031 4136 2346 4192 confractus
2373 4145 2478 4198 est.
2507 4148 2560 4192 et
2595 4139 2801 4208 reliqua
2830 4139 3013 4193 omnia
3036 4155 3158 4210 quae
3183 4140 3234 4193 iu
3263 4140 3454 4194 vatici~

1881 4227 1973 4282 nio
2021 4226 2271 4282 feruntur
2312 4228 2528 4297 impleta
2579 4235 2724 4285 sunt.
2777 4229 2986 4294 Quibus
3041 4231 3108 4285 de
3149 4231 3332 4285 causis
3385 4247 3452 4285 ex

1881 4335 2112 4390 persona
2139 4318 2446 4375 Jutltcorum
2479 4321 2566 4377 hic
2608 4337 2790 4377 sermo
2823 4323 3061 4378 lamenta
3111 4323 3256 4387 edit;
3291 4324 3451 4394 quasi
3480 4383 3486 4396 _

1883 4411 2090 4466 scilicet
2118 4411 2220 4465 alia
2245 4409 2387 4466 Deus
2423 4414 2737 4483 promiserit
2765 4454 2780 4479 ,
2825 4413 2932 4472 alia
2971 4414 3275 4472 evenerint.
3340 4414 3449 4472 Nos

225 4499 310 4555 τοῦ
339 4499 669 4572 κατερράγη,
697 4500 790 4554 καὶ
819 4499 889 4554 τά
917 4501 1078 4556 λοιπά
1108 4501 1285 4556 πάντα
1309 4499 1379 4560 τὰ
1400 4517 1776 4571 προπεφητευ-

1880 4516 2012 4556 vero
2047 4501 2478 4557 animadvertere
2511 4503 2787 4569 convenit,
2813 4501 2939 4558 cum
2987 4503 3130 4560 Deus
3182 4504 3483 4575 mendacii.

231 4592 351 4662 μένα
374 4591 726 4662 πεπλήρωται
745 4607 758 4621 ·
787 4593 868 4661 ἐφ’
889 4587 968 4657 οἷς
995 4595 1057 4649 ὲκ
1079 4591 1367 4664 προσώπου
1383 4591 1477 4646 τοῦ
1510 4593 1777 4652 Ἰουδαίων

229 4676 392 4742 ἔθνους
409 4676 804 4750 ἀπολοφύρεται
831 4681 860 4732 6
891 4679 1046 4749 λόγος
1063 4718 1078 4743 ,
1109 4679 1185 4742 ὡς
1213 4680 1370 4751 ἕτερα
1405 4681 1502 4752 μὲν
1519 4680 1612 4735 τοῦ
1641 4681 1776 4734 Θεοῦ

230 4765 670 4836 ἐπαγγειλαμένου
690 4808 705 4832 ,
731 4766 930 4838 ἐτέρων
963 4766 1020 4820 δὲ
1051 4766 1387 4822 ἀποϐάντων.
1419 4769 1688 4841 Προσήκει
1719 4769 1776 4822 δὲ

233 4856 360 4926 ἡμᾶς
383 4857 667 4928 ἐπιστῆσαι
691 4857 782 4911 τὸν
810 4858 932 4914 νοῦν
949 4899 966 4922 ,
997 4859 1091 4923 ὡς,
1121 4859 1215 4918 τοῦ
1241 4859 1374 4914 Θεοῦ
1400 4861 1659 4934 ἀψευδοῦς
1690 4863 1777 4914 6v—

234 4960 330 5008 τος,
353 4944 554 5017 ἀνάγκη
577 4947 723 4999 πᾶσα
742 4947 1200 5019 ὲπαληθεύσεσθαι
1224 4951 1349 5014 τοὺς
1367 4951 1527 5004 αὐτοῦ
1548 4949 1738 5022 λόγους
1755 4965 1770 4980 ⁸

236 5038 278 5088 εἰ
298 5036 347 5089 δὲ
373 5036 442 5109 μὴ
469 5037 810 5108 ἀληθεύοιντο
839 5042 932 5095 ἐπὶ
961 5041 1058 5112 τῆς
1086 5039 1346 5114 αἰσθητῆς
1370 5041 1462 5094 τοῦ
1489 5041 1648 5096 Δαυίδ
1674 5042 1771 5113 βα-

237 5126 444 5192 σιλείας,
478 5129 597 5202 ὥρα
631 5131 815 5203 ἕτερον
841 5132 1040 5203 τρόπον
1072 5135 1211 5186 νοεῖν
1253 5132 1324 5187 τά
1363 5135 1768 5206 ἐπηγγελμένα.

235 5221 317 5285 Τίς
348 5216 431 5276 οὖν
461 5222 490 5274 6
518 5223 748 5293 τρόπος,
782 5225 912 5278 αὐτὸ
939 5225 998 5278 τὸ
1029 5225 1168 5279 θεῖον
1198 5225 1402 5291 ἐδίδαξε
1434 5227 1655 5299 Πνεῦμα
1682 5227 1770 5282 διὰ

234 5310 326 5366 τῶν
348 5310 663 5384 ἔμπροσθεν.
693 5314 750 5367 έν
777 5309 857 5378 οἷς
891 5315 1100 5386 cipue-0'
1161 5319 1263 5372 Ἑν
1283 5316 1514 5386 οὐρανῷ
1539 5321 1767 5390 ἑτοιμα-

236 5404 496 5473 σθήσεται
531 5407 570 5474 ἡ
603 5405 853 5473 ἀλήθειά
871 5423 986 5462 σου
1006 5425 1019 5438 ·
1045 5409 1138 5462 καὶ
1167 5410 1327 5464 πάλιν
1344 5427 1357 5440 ⁸
1395 5410 1776 5483 Ἐξομολογή-

237 5509 416 5547 vortat
440 5498 493 5548 οὶ
517 5496 759 5564 οἰφανοὶ
790 5495 862 5550 τὰ
895 5497 1195 5567 θαυμαστά
1229 5514 1344 5556 σου
1370 5541 1384 5564 .
1432 5503 1635 5570 Κύριε,
1677 5504 1777 5558 καί

239 5585 327 5654 τὰρ
353 5585 441 5640 καὶ
480 5585 596 5654 τὴν
630 5587 919 5655 ἀλήθειάν
971 5603 1088 5642 σου
1143 5590 1212 5644 ἑν
1235 5592 1531 5662 ἐκκλησίᾳ
1557 5597 1740 5667 ἁγίων
1759 5614 1772 5627 °

1879 4608 2074 4662 expers
2104 4593 2192 4658 sit,
2226 4593 2538 4648 necessario
2583 4610 2742 4651 veros
2781 4609 2903 4650 esse
2944 4609 3226 4650 sermones
3278 4596 3398 4666 ejus
3430 4615 3445 4654 :

1879 4684 1925 4738 si
1959 4691 2138 4738 autem
2169 4699 2295 4755 erga
2349 4685 2606 4740 sensibile
2639 4684 2858 4740 Davidis
2898 4702 3124 4757 regnum
3173 4687 3286 4742 veri
3339 4671 3449 4744 non

1877 4774 2239 4844 reperiantur,
2275 4781 2442 4836 restat
2488 4783 2546 4834 ut
2579 4776 2687 4829 alio
2723 4775 2883 4830 modo
2932 4777 3202 4847 promissa
3249 4778 3451 4832 intelli.

1875 4885 2090 4938 gamus.
2118 4866 2252 4934 Quis
2291 4869 2380 4924 ille
2415 4869 2612 4930 modus
2641 4870 2732 4931 sit,
2757 4869 2913 4924 docet
2945 4870 3197 4938 superius
3228 4869 3448 4928 divinus

1879 4960 2136 5031 Spiritus,
2167 4976 2289 5016 cum
2320 4959 2522 5021 dicitur
2553 4980 2566 5013 :
2603 4960 2668 5015 In
2693 4962 2820 5016 coelo
2839 4962 3226 5032 prwparabitur
3258 4967 3476 5022 veritas.

1878 5039 2007 5114 tua;
2043 5065 2106 5104 ac
2134 5065 2351 5106 rursum
2381 5069 2392 5105 :
2419 5047 2823 5123 Confitebuntur
2867 5054 2982 5106 ειτίὶ
3009 5053 3280 5107 mirabilia
3314 5065 3403 5108 tua
3429 5095 3445 5120 ,

1877 5139 2117 5202 Domine,
2146 5141 2336 5195 etenim
2390 5142 2658 5196 veritatem
2693 5153 2838 5197 tuam
2888 5144 2943 5196 in
2986 5143 3203 5199 ecclesia
3234 5155 3448 5214 sancto-

1875 5249 2025 5296 rum;
2055 5233 2360 5304 iterumque
2393 5252 2407 5288 :
2439 5232 2632 5288 Potens
2653 5253 2728 5296 es,
2764 5235 3002 5300 Domine,
3036 5245 3086 5288 et
3128 5237 3319 5290 veritas
3355 5247 3472 5300 tua,

1875 5315 1932 5378 in
1963 5325 2187 5378 circuitu
2224 5333 2312 5378 tuo
2329 5339 2349 5393 ,'
2379 5333 2432 5379 et
2471 5341 2688 5381 rursum
2712 5367 2725 5390 ,
2765 5326 3140 5382 Misericordia
3168 5335 3219 5382 et
3247 5329 3445 5382 ueritas

1872 5416 2160 5485 prlecedent
2188 5415 2377 5486 faciem
2409 5427 2577 5474 tuam.
2623 5417 2746 5476 llaec
2801 5421 3000 5489 qufppe
3037 5419 3219 5484 omnia
3262 5418 3448 5472 decla-

1874 5516 2015 5569 rant,
2041 5506 2132 5561 Dei
2162 5509 2431 5576 promissa
2476 5525 2752 5580 riunquam
2787 5513 2942 5566 irrita
2969 5527 3095 5566 esse
3119 5552 3133 5576 ,
3187 5514 3284 5575 sed
3336 5529 3444 5582 qua

1871 5601 1988 5669 ipse
2015 5600 2164 5654 novit
2193 5602 2398 5655 ratione
2445 5602 2678 5672 impleri.
2712 5601 2867 5667 Nam,
2904 5603 2971 5662 In
3003 5604 3130 5660 caelo
3155 5645 3184 5676 ,ν
3225 5606 3403 5675 inquit
3427 5645 3443 5670 ,

241 5676 315 5729 καὶ
332 5677 479 5732 πάλιν
498 5695 511 5709 ·
539 5679 800 5746 Δυνατὸς
827 5675 884 5733 εἴ
898 5720 912 5745 ,
943 5680 1119 5748 Κύριε
1137 5723 1152 5747 ,
1188 5684 1284 5736 καὶ
1319 5685 1356 5750 ἡ
1385 5686 1631 5754 ἀλήθειά
1659 5705 1774 5742 σου

1880 5691 2259 5764 pra'parabilur
2306 5696 2494 5750 veritas
2558 5706 2690 5748 tua:
2720 5704 2905 5764 aperte
2961 5695 3272 5774 signiﬁcans
3333 5714 3447 5752 ra:-

244 5767 414 5832 κύκλφ
439 5783 554 5822 σου
579 5787 591 5800 ·
637 5772 728 5825 καὶ
753 5767 906 5835 αὖθις
923 5789 935 5801 ·
987 5773 1198 5840 Ἔλεος
1231 5775 1324 5828 καί
1357 5777 1604 5843 ἀλήθεια
1629 5795 1767 5846 προ-

244 5862 601 5927 πορεύσονται
628 5864 738 5932 πρὸ
772 5863 1094 5932 ,προσώπου
1125 5882 1260 5920 σου.
1303 5867 1480 5923 Ταῦτα
1509 5870 1618 5944 γὰρ
1644 5870 1769 5926 πάνυ

1873 5782 2046 5836 lestes
2077 5797 2141 5836 ac
2172 5783 2384 5839 divinas
2429 5802 2550 5841 esse
2594 5785 2684 5840 Dei
2729 5787 3138 5856 promissiones.
3185 5789 3262 5841 Ac
3323 5803 3445 5841 ver-

1874 5873 2065 5928 borum
2100 5875 2492 5946 complementa
2512 5877 2808 5936 declaravit
2841 5893 2933 5944 per
2965 5878 3304 5936 Salvatorem
3337 5895 3442 5934 no-
