3972 6812
549 445 684 500 ΗΜ
1251 441 1518 500 EUSEBII
1540 441 2017 501 C£S:\RlENSlS
2052 444 2202 504 OPP.
2245 445 2423 504 PARS
2459 446 2545 505 Ill.
2583 477 2657 494 --
2692 447 3096 507 EXEGETICA.
3733 446 3826 502 illi

553 568 727 615 sti-um
760 559 945 614 Jcsum
975 559 1376 627 Christumhex
1424 557 1630 613 semine
1663 557 1882 614 Davidis
1906 567 2086 614 ortum

2227 579 2294 615 τα
2327 564 2708 634 παραστατικά
2737 563 2990 634 τυγχάνει
3018 562 3113 616 τοῦ
3148 562 3235 634 μὴ
3299 558 3733 628 διαψεύσασθαι
3767 565 3826 628 τὴς

552 657 793 725 perfecta
817 670 976 710 esse:
1016 669 1140 708 nam
1179 653 1342 722 hujus
1384 667 1608 722 regnum
1641 662 1693 707 et
1728 652 1978 716 thromts,
2011 667 2107 708 non

2224 655 2318 708 τοῦ
2345 655 2480 709 Θεοῦ
2511 655 2860 724 ἐπαγγελίας,
2887 655 3232 726 πληροῦσθαι
3273 653 3348 708 δὲ
3385 651 3610 716 αὑτὰς,
3645 655 3827 720 καθ’ὠς

552 746 854 812 humanus,
876 761 1054 816 neque
1082 761 1149 799 ex
1184 744 1290 800 hoc
1323 743 1530 798 mundo
1561 752 1698 798 erat.
1737 741 1946 798 Idcirco
1969 742 2107 800 dice-

2222 741 2329 798 οἶδε
2349 745 2558 815 λόγους.
2590 749 2692 800 Ἐν
2713 747 2821 816 γὰρ
2843 746 2923 812 τῷ
2940 746 3173 814 οὐρανῷ
3188 787 3205 812 ,
3243 745 3483 816 φησιν,
3513 744 3827 814 Romam}.

551 838 648 893 bat
680 837 856 892 Pilato
884 856 897 892 :
954 837 1187 908 Regnum
1211 851 1382 890 meum
1413 853 1515 889 non
1533 845 1613 890 est
1639 850 1704 889 ea:
1718 833 1816 889 Itoc
1834 835 2029 890 mundo
2051 835 2107 891 ⁸⁸.

2220 851 2390 891 σεται
2434 837 2472 904 ἡ
2518 838 2766 906 ἀλήθειά
2805 854 2926 892 σου
2943 855 2958 869 ·
2997 838 3180 906 σαφῶς
3229 836 3464 908 δηλῶν
3509 837 3828 906 ἐπουρανίοις

555 929 881 986 Sciscitante
905 940 1084 986 autem
1113 929 1225 993 illo,
1256 943 1388 983 num
1419 943 1510 983 rex
1537 936 1703 992 esset,
1724 928 2024 998 respondit,
2054 926 2107 983 Ir

2222 926 2360 982 εἶναι
2389 929 2482 982 καὶ
2508 928 2652 992 θείας
2675 929 2775 993 τάς
2803 929 2898 982 τοῦ
2932 928 3067 982 Θεοῦ
3099 928 3523 998 ἐπαγγελίας.
3577 927 3691 980 Καὶ
3733 948 3830 1002 παρ»

2222 1018 2418 1090 ἐστηκε
2449 1017 2556 1073 τῶν
2574 1020 2746 1088 λόγων
2777 1019 2848 1073 τά
2879 1019 3321 1092 ἀποτελέσματα
3347 1019 3461 1074 διὰ
3493 1017 3602 1073 τοῦ
3623 1019 3830 1092 huius;

2221 1111 2376 1184 ήμῶν
2415 1112 2587 1184 Ἰησοῦ
2632 1110 2867 1184 Χριστοῦ
2908 1111 3005 1165 τοῦ
3055 1113 3392 1185 γενομένου
3445 1113 3525 1164 ἐκ
3556 1113 3830 1182 σπέρμιτος

2219 1203 2382 1258 Δαυῒδ
2414 1205 2814 1278 πεπληρωμένα
2831 1223 2846 1237 ·
2871 1207 3058 1260 τούτου
3086 1205 3194 1277 γὰρ
3212 1207 3254 1276 ἡ
3301 1202 3603 1274 βασιλεία
3629 1203 3720 1257 καὶ
3739 1205 3826 1274 θρέ-

2219 1312 2308 1360 νος
2334 1296 2436 1350 οὐκ
2472 1296 2808 1370 ἀνθρώπινος
2839 1293 2908 1370 ἦν
2928 1340 2943 1364 ,
2976 1297 3097 1352 οὺδέ
3125 1301 3190 1352 ἐκ
3225 1295 3350 1350 τοῦ
3385 1296 3633 1366 κόσμου
3657 1296 3828 1350 τούτου.

2218 1387 2308 1441 Διὸ
2337 1387 2520 1457 ἔλεγεν
2550 1388 2641 1441 ἐπὶ
2664 1388 2756 1443 τοῦ
2781 1389 3012 1444 Πιλάτου
3029 1409 3043 1421 ·
3071 1391 3142 1445 Ἡ
3157 1389 3514 1455 ,βασιλεία
3543 1388 3591 1456 ἠ
3622 1387 3733 1457 ἐμὴ
3751 1392 3828 1442 cur

2216 1477 2389 1531 ἐστιν
2413 1476 2484 1530 ἐκ
2512 1477 2620 1532 τοῦ
2652 1478 2882 1549 κόσμου
2914 1481 3148 1534 τούτου.
3219 1477 3624 1550 Ἐρωτηθείς
3671 1494 3728 1530 τε
3765 1480 3824 1531 ὑπ’

2218 1565 2380 1620 αὑτοῦ
2411 1569 2460 1620 εἰ
2493 1565 2744 1636 βασιλεὺς
2787 1568 2905 1639 εἰη,
2939 1568 3276 1638 ἀπεκρίνατο
3299 1606 3320 1630 ,
3379 1567 3514 1630 Εἰς
3551 1564 3734 1620 τοῦτο
3757 1571 3822 1619 ml
3881 1637 3883 1646 Ι

2218 1659 2588 1730 γεγέννημαι.
2639 1658 2851 1713 Οὐκοῦν
2876 1660 2926 1712 εἰ
2950 1659 3303 1731 γεγέννηται,
3344 1659 3539 1728 μενεῖ
3572 1659 3660 1720 εἰς
3681 1656 3822 1710 scim

537 1769 704 1826 gnum
741 1754 862 1826 ejus
915 1772 1025 1812 non
1065 1766 1185 1812 erat
1227 1772 1292 1813 ex
1347 1757 1450 1812 hoc
1485 1755 1731 1811 mundo:
1785 1769 1912 1810 nam
1953 1755 2107 1826 hujus

2218 1752 2328 1805 Καὶ
2358 1751 2724 1823 μαρτυρείτῷ
2747 1751 2891 1822 λόγῳ
2919 1753 2948 1804 ὁ
2968 1752 3065 1823 τὴν
3096 1751 3326 1821 γένεσιν
3365 1749 3571 1804 αὑτοῦ
3609 1752 3678 1820 τῇ
3713 1751 3820 1821 Περ
3879 1783 3883 1824 ε

540 1846 729 1901 ιιιιιιιιιί
760 1859 988 1919 regnum
1033 1863 1141 1902 non
1174 1856 1350 1920 potest
1383 1849 1438 1903 in
1471 1857 1736 1904 aeternum
1767 1847 1988 1911 durare,
2024 1863 2107 1903 ne-

2217 1843 2356 1915 θένῳ
2384 1842 2875 1914 εὐαγγελισάμενος
2901 1843 3130 1912 ἄγγελος
3154 1847 3184 1898 ὁ
3204 1843 3496 1916 Γαϐριὴλ
3523 1841 3704 1896 εἱπιῖιν
3722 1843 3818 1912 πρὸς
3879 1829 3883 1880 ἰ

537 1952 646 2008 que
675 1937 778 1995 line
810 1949 981 2005 caret,
1017 1955 1192 2011 neque
1239 1940 1293 1995 in
1329 1939 1601 1996 intlnitum
1654 1937 2000 2006 extenditur;
2035 1953 2107 1994 re-

2214 1936 2411 2006 αὐτήν·
2467 1934 2578 1990 Kal
2613 1934 2744 1989 ἰδοὺ
2775 1934 3071 2005 aeuum
3103 1936 3172 1989 ἐν
3200 1934 3456 2005 γαστρί
3477 1973 3497 1998 ,
3553 1933 3660 1987 καί
3690 1933 3814 1999 τέξῃ,

537 2043 704 2098 gnum
726 2046 856 2087 vero
883 2032 1077 2088 semini
1105 2031 1322 2088 Davidis
1351 2031 1682 2102 promissum
1706 2040 1971 2086 mternum
1991 2039 2107 2087 erat

2216 2027 2310 2081 καί
2331 2025 2609 2092 καλέσεις
2627 2025 2694 2080 τὸ
2717 2027 2903 2096 ὄνομα
2923 2027 3108 2082 αὑτοῦ
3136 2027 3434 2095 Ἰησοῦν.
3459 2021 3670 2092 οὗτος
3683 2025 3813 2078 ἔσται

534 2125 592 2173 et
615 2119 957 2177 immortale:
989 2123 1066 2176 ait
1090 2122 1270 2189 enim,
1311 2122 1380 2176 Et
1433 2123 1652 2177 thronus
1681 2121 1795 2190 ejus
1841 2121 1942 2175 erit
1973 2121 2107 2174 sicut

2210 2119 2416 2190 μέγας,
2449 2119 2547 2173 καί
2579 2117 2707 2186 υίὸς
2735 2119 3030 2188 ’Υψιστου
3059 2121 3497 2190 κληθήσεται.
3535 2119 3656 2172 Kal
3677 2117 3814 2171 δώσει

537 2210 621 2262 sol
653 2210 708 2263 in
737 2223 1013 2281 conspectu
1038 2228 1170 2276 meo,
1193 2221 1243 2266 et
1269 2213 1404 2266 sicut
1450 2213 1580 2266 luna
1609 2211 1844 2284 perfecta
1874 2211 1928 2264 in
1958 2219 2107 2265 teter-

2214 2204 2373 2271 αὐτῷ
2398 2209 2431 2260 ό
2467 2205 2610 2272 Θεὸς
2631 2207 2738 2259 τὸν
2762 2208 2981 2275 θρόνον
2999 2208 3182 2262 Δαυῒδ
3201 2209 3314 2264 τοῦ
3341 2209 3611 2277 πατρὸς
3636 2208 3806 2268 αὑτοῦ,
3873 2213 3882 2280 ᾖ

535 2312 684 2364 num,
714 2309 765 2354 et
795 2302 941 2356 testis
963 2301 1016 2355 in
1045 2302 1174 2355 calo
1203 2301 1398 2371 ﬁdelis.
2101 2357 2107 2368 .

2217 2299 2314 2350 καὶ
2340 2297 2703 2360 ,ϐασιλεύσει
2734 2299 2821 2363 εἰς
2843 2297 2953 2352 τὸν
2977 2297 3183 2364 αἰῶνα,
3218 2299 3324 2354 καὶ
3351 2299 3492 2367 τῆς
3510 2299 3809 2363 ,βασιλείας

535 2391 726 2446 αὐτοῦ
762 2395 873 2446 οὐκ
901 2393 1072 2447 ἔσται
1099 2393 1292 2460 τέλος.
1324 2395 1649 2465 Γεγέννηται
1669 2395 1848 2448 τοίνυν
1869 2396 1948 2460 εἰς
1962 2393 2143 2456 τοῦτο,
2173 2389 2287 2445 ἀλλ’
2310 2390 2409 2442 οὐκ
2440 2383 2508 2459 ἦν
2540 2390 2572 2450 ἡ
2603 2387 2846 2458 βασιλεία
2901 2390 3069 2444 αὐτοῦ
3104 2393 3168 2445 ἐκ
3189 2391 3282 2444 τοῦ
3313 2393 3567 2462 κόσμου
3615 2389 3798 2443 τούτου·

536 2482 571 2553 ἡ
602 2483 702 2552 μὲν
728 2482 838 2554 γὰρ
864 2482 958 2536 τοῦ
978 2484 1180 2554 κόσμου
1200 2486 1388 2539 τούτου
1417 2487 1661 2556 βασιλεία
1683 2488 1782 2559 οὐχ
1804 2488 1890 2542 οἵα
1909 2487 1967 2540 τέ
1989 2487 2104 2540 ἐστι
2132 2485 2374 2557 διαρκεῖν
2407 2482 2487 2545 εἰς
2516 2482 2607 2535 τὸν
2647 2481 2816 2536 αἰῶνα
2840 2521 2855 2546 ,
2901 2483 3010 2536 οὐδ’
3061 2483 3210 2537 ἐστὶν
3252 2482 3658 2552 ἀτελεύτητος
3676 2521 3691 2543 ,
3722 2467 3800 2531 οὐδ’

539 2578 621 2639 εἰς
652 2572 712 2628 τδ
747 2576 970 2646 ἄπειρον
994 2577 1340 2648 ἐκτεινομένη
1361 2597 1372 2610 ·
1403 2579 1436 2649 ὴ
1463 2578 1520 2632 δὲ
1549 2578 1628 2650 τῷ
1656 2582 1934 2654 σπέρματι
1955 2578 2118 2635 Δαυῒδ
2145 2576 2525 2650 ἐπηγγελμένη
2562 2577 2806 2648 βασιλεία
2836 2575 3050 2640 αἰώνιός
3092 2593 3177 2640 τις
3225 2571 3295 2647 ἦν
3351 2575 3467 2631 καὶ
3515 2575 3792 2635 ἀθάνατος’

537 2666 647 2720 Kal
681 2669 714 2720 ό
752 2667 981 2736 θρόνος,
1005 2669 1114 2742 γάρ
1143 2687 1325 2741 φησιν.
1381 2675 1551 2728 ἔσται
1611 2677 1796 2732 αὑτοῦ
1823 2676 1905 2745 ὡς
1941 2676 2115 2745 ἥλιος
2144 2677 2398 2731 ἐνώπιόν
2427 2693 2577 2746 μου,
2604 2673 2702 2728 καὶ
2727 2675 2808 2739 ὡς
2832 2673 2871 2743 ἠ
2929 2671 3163 2741 σελήνη
3211 2670 3694 2742 κατηρτισμέπι
3733 2672 3796 2732 εἰς

537 2756 646 2812 τὸν
669 2757 873 2824 αἰῶνα,
896 2760 996 2814 καί
1017 2763 1054 2816 ὁ
1083 2759 1315 2832 μάρτυς
1337 2765 1408 2819 ἐν
1439 2768 1673 2836 οὐρανῷ
1710 2771 1946 2837 πιστός.

607 2867 761 2927 Talia
799 2887 964 2945 porro
1007 2882 1137 2932 sunt
1163 2893 1284 2948 quae
1333 2878 1540 2951 Virgini
1576 2882 1642 2938 de
1690 2883 1802 2939 lilio
1827 2901 1892 2940 ex
1919 2900 1979 2940 se
2011 2898 2107 2938 na-

2277 2877 2516 2933 Τοιαῦτα
2547 2875 2603 2930 δὲ
2629 2873 2886 2946 τυγχάνει
2911 2873 2980 2927 τά
3017 2875 3111 2928 καὶ
3135 2876 3201 2945 τῇ
3227 2873 3523 2945 Παρθένῳ
3549 2871 3788 2942 ἐπηγγελ-

538 2963 746 3020 scitnro
785 2967 1056 3036 promissa
1095 2978 1241 3024 sunt.
1278 2969 1510 3029 Oracula
1541 2975 1684 3030 enim
1733 2977 1838 3048 ipsi
1875 2977 2107 3034 fundens

2212 2972 2347 3043 μένα
2373 2970 2500 3041 περὶ
2524 2968 2616 3022 τοῦ
2648 2967 2706 3033 ἐξ
2730 2967 2898 3038 αὐτῆς
2918 2965 3414 3038 γεννηθησομένου.
3441 2966 3572 3035 Χρη
3583 2959 3780 3033 ματίζαπ

535 3058 782 3130 angelus,
812 3058 926 3114 hare
956 3061 1229 3130 pollicitus
1255 3072 1340 3120 est
1364 3083 1378 3121 :
1410 3063 1478 3118 Et
1507 3065 1655 3121 dabit
1684 3068 1767 3122 illi
1795 3068 1936 3124 Deus
1961 3069 2107 3123 thro-

2210 3061 2340 3132 γοῦν
2365 3062 2502 3132 αὐτῇ
2534 3061 2563 3113 ὁ
2593 3058 2821 3128 ἄγγελος
2844 3056 3202 3128 ἐπηγγείλατο
3231 3057 3415 3126 λέγων
3439 3075 3456 3088 ·
3489 3055 3611 3110 Kal
3638 3053 3780 3107 δώσει

536 3167 663 3204 num
689 3148 860 3205 David
894 3155 1064 3222 patris
1091 3153 1229 3224 ejus.
1264 3155 1454 3222 Qualis
1480 3158 2107 3230 veroilleetcujusmodi

2210 3151 2368 3218 αὐτῷ
2392 3155 2424 3206 ό
2459 3151 2602 3217 Θεὸς
2628 3150 2734 3204 τὸν
2757 3151 2972 3218 θρόνον
2996 3149 3176 3204 Δαυῒδ
3197 3149 3302 3203 τοῦ
3328 3147 3585 3217 πατρὸς
3605 3142 3772 3201 αὐτοῦ.

532 3256 702 3313 esset,
735 3248 836 3304 sub
858 3248 972 3303 haec
1005 3250 1241 3320 explicat
1262 3249 1474 3322 dicens,
1504 3249 1573 3305 Et
1605 3253 1843 3324 regnabit
1874 3255 1928 3308 in
1954 3265 2107 3309 teter-

2210 3247 2365 3309 Ποῖος
2395 3245 2451 3298 δὲ
2491 3238 2646 3308 οὗτος
2692 3244 2784 3297 καὶ
2817 3243 3058 3306 ποταπὸς
3087 3237 3188 3312 ἦν,
3241 3242 3372 3311 ἑξῆς
3405 3235 3772 3312 διερμηνεὺσει

534 3355 682 3405 num,
705 3349 755 3395 et
789 3341 933 3412 regni
959 3341 1072 3410 ejus
1099 3359 1200 3395 non
1238 3342 1338 3396 erit
1367 3344 1512 3412 linis.
1539 3341 1689 3400 Talis
1729 3345 1819 3399 ille
1875 3345 2105 3401 thronus

2210 3340 2431 3408 φάσκων
2452 3355 2464 3368 ·
2511 3333 2618 3392 Kal
2646 3337 3006 3401 ,βασιλεύσει
3031 3337 3118 3402 εἰς
3137 3335 3244 3388 τὸν
3271 3333 3478 3388 αἰῶνα
3498 3373 3515 3396 ,
3566 3332 3663 3385 καὶ
3691 3346 3770 3394 της

533 3441 680 3498 erat,
710 3448 870 3502 quem
905 3431 1094 3487 Davidi
1128 3432 1270 3489 Deus
1311 3451 1435 3489 cum
1483 3436 1794 3507 juramento
1828 3441 2104 3509 pollicitus

2210 3428 2528 3494 βασιλείας
2570 3425 2756 3480 αὑτοῦ
2785 3428 2898 3480 οὐκ
2928 3425 3098 3480 ἔσται
3129 3426 3322 3490 τέλος.
3361 3422 3637 3484 Τοιοῦτος
3664 3413 3770 3485 δ’ἦν

533 3529 637 3577 est.
666 3521 821 3589 Quod
859 3524 1146 3580 declarans
1183 3526 1438 3596 angelus,
1489 3530 1770 3584 oraculum
1825 3547 1984 3586 suum
2021 3534 2103 3588 in.

2210 3520 2238 3572 ὁ
2257 3517 2334 3589 τῷ
2352 3519 2510 3572 Δαυῖδ
2539 3518 2655 3590 μεθ’
2673 3517 3019 3589 ὁρκωμοσίας
3041 3517 3145 3570 ὑπὸ
3168 3516 3260 3569 τοῦ
3283 3515 3428 3570 Θεοῦ
3459 3509 3768 3608 ἐπηγγελμέ-

534 3620 866 3684 terpretatus
894 3626 1008 3671 est:
1041 3617 1217 3686 primo
1241 3617 1458 3687 quidem
1487 3618 1696 3685 dicens,
1726 3619 1796 3674 Et
1835 3621 1983 3676 dabit
2024 3623 2106 3677 illi

2210 3627 2317 3674 νος.
2355 3612 2418 3664 Ὅ
2443 3609 2507 3681 δὴ
2539 3609 2808 3681 παριστὰς
2834 3609 3082 3678 ἄγγελος,
3105 3609 3443 3680 διηρμήνευε
3479 3609 3577 3662 τὸν
3606 3608 3762 3658 tanta:

537 3702 678 3759 Deus
697 3705 943 3760 thronum
973 3705 1145 3761 David
1171 3709 1341 3776 patris
1382 3709 1533 3778 ejus;
1567 3719 1752 3781 postea
1787 3728 1917 3767 vero
1959 3714 2103 3784 adji,

2210 3701 2486 3776 χρησμόν·
2519 3703 2780 3772 πρότερον
2809 3700 2910 3771 μὲν
2932 3699 3100 3753 εἰπὼν
3120 3740 3134 3764 ,
3167 3701 3277 3755 Kal
3319 3701 3518 3754 δώσει
3561 3690 3713 3758 αὑτῷ
3742 3694 3767 3744 δ

550 1023 648 1079 hoc
675 1036 835 1078 natus
861 1039 998 1078 sunt.
1030 1023 1199 1093 lgitur
1247 1021 1295 1078 si
1343 1021 1398 1075 in
1431 1020 1534 1075 hoc
1565 1028 1730 1075 natus
1761 1029 1878 1085 est,
1921 1020 1975 1075 in
2017 1019 2122 1076 hoc

548 1111 810 1167 manebit.
843 1110 981 1166 Huic
1041 1125 1205 1182 porro
1265 1109 1503 1166 sermoni
1564 1110 1937 1166 testimonium
1967 1110 2122 1166 aﬂ'ert

542 1202 640 1271 qui
683 1210 865 1257 ortum
897 1201 1018 1272 ejus
1045 1199 1254 1274 Virgini
1307 1201 1559 1272 promisit
1601 1202 1826 1272 angelus
1869 1200 2117 1268 Gabriel,

541 1291 637 1363 qui
665 1291 805 1349 dixit
835 1292 886 1348 ei
912 1291 1036 1345 :oEt
1064 1309 1179 1348 ecce
1215 1293 1472 1363 concipies
1495 1292 1550 1346 in
1579 1301 1747 1358 utero,
1769 1301 1819 1348 et
1849 1293 2044 1361 paries,
2069 1303 2120 1348 et

541 1383 752 1439 vocabis
781 1401 968 1440 nomen
989 1385 1101 1454 ejus
1129 1383 1334 1440 Iesum.
1370 1385 1472 1439 llic
1499 1385 1600 1439 erit
1639 1400 1879 1456 magnus,
1902 1391 1953 1439 et
1973 1385 2118 1454 ﬁlius

542 1474 809 1530 Altissimi
839 1477 1128 1532 vocabitur.
1162 1475 1232 1530 Et
1277 1476 1426 1530 dabit
1457 1476 1540 1530 illi
1564 1475 1706 1531 Deus
1732 1475 1974 1530 thronum
2007 1475 2120 1530 Da-

540 1569 627 1623 vid
653 1571 820 1639 patris
847 1572 952 1635 sui,
978 1580 1028 1625 et
1059 1571 1296 1641 regnabit
1337 1572 1391 1624 in
1420 1580 1696 1636 wternum,
1726 1578 1777 1624 et
1809 1569 1956 1641 regni
2003 1570 2116 1640 ejus

539 1679 645 1717 non
673 1664 774 1717 erit
802 1663 928 1733 ﬁnis
952 1665 1018 1719 ".
1052 1662 1110 1718 ln
1155 1663 1259 1719 hoc
1305 1663 1489 1736 itaque
1533 1670 1697 1719 natus
1729 1670 1846 1730 est;
1907 1663 2005 1718 sed
2032 1677 2119 1718 re-

533 3793 710 3859 ciens,
737 3793 807 3850 Et
838 3797 1071 3867 regnabit
1104 3798 1160 3851 in
1190 3807 1462 3864 (uernum,
1486 3809 1537 3854 et
1563 3803 1708 3871 regni
1726 3802 1841 3871 ejus
1871 3819 1974 3857 non
2003 3805 2104 3858 erit

533 3885 677 3953 ﬁnis.
712 3883 837 3942 Haec
870 3902 1032 3958 opere
1055 3889 1322 3959 cmnpleta
1359 3900 1486 3946 sunt
1517 3891 1570 3946 in
1603 3891 1881 3948 Salvatore
1917 3903 2105 3950 nostro

531 3973 685 4041 Jesu,
708 3975 932 4032 Christo
963 3979 1077 4046 Dei,
1105 3982 1199 4050 qui
1229 3997 1296 4037 ex
1341 3983 1552 4038 semine
1595 3983 1760 4038 David
1786 3992 1960 4050 orlus,
1998 3987 2102 4040 im-

535 4072 712 4134 perat,
742 4067 914 4139 legem
949 4069 1059 4136 dal,
1087 4079 1137 4125 et
1169 4081 1358 4143 regnat
1398 4074 1452 4127 in
1481 4073 1740 4130 universo
1786 4077 1961 4144 orbe;
1993 4093 2102 4134 non

533 4158 774 4215 humano
801 4160 1018 4231 quidem
1055 4163 1217 4218 modo
1240 4205 1257 4230 ,
1307 4164 1402 4220 sed
1446 4167 1629 4221 divina
1657 4167 1898 4224 virtute:
1932 4177 1986 4226 et
2017 4186 2103 4225 se-

534 4265 660 4305 men
691 4251 814 4321 ejus
838 4268 963 4308 vere
985 4253 1038 4307 in
1071 4255 1328 4310 saeculum
1362 4264 1582 4324 manet;
1613 4258 1668 4312 id
1696 4268 1800 4323 est,
1824 4260 2104 4315 successio

530 4341 691 4411 ejus,
727 4359 848 4413 quae
878 4359 974 4415 per
1001 4346 1276 4415 apostolos
1310 4354 1364 4403 et
1393 4348 1696 4420 discipulos
1728 4351 1900 4419 ipsius
1927 4360 2101 4407 totum

533 4431 724 4504 implet
749 4435 1041 4504 mundum;
1071 4437 1187 4492 sive
1218 4439 1541 4496 rationabile
1571 4441 1814 4498 cmlestis
1844 4441 2104 4499 doctrinae

529 4525 655 4596 ejus
687 4542 894 4583 semen.
951 4527 1056 4583 Sed
1087 4530 1250 4584 etiam
1300 4532 1530 4590 thronus
1583 4534 1703 4604 ejus
1749 4535 1883 4591 solis
1932 4536 2105 4591 instar

533 4619 865 4690 resplendet,
897 4620 1177 4678 hominum
1217 4625 1428 4682 animas
1479 4627 1794 4684 illuminans
1840 4640 1894 4684 ct
1938 4629 2103 4684 radiis

531 4709 836 4766 illustrans.
867 4709 991 4767 Haec
1021 4729 1184 4782 porro
1203 4717 1385 4770 omnia
1423 4717 1534 4787 jam
1566 4719 1631 4773 ad
1655 4720 1902 4776 effectum
1936 4721 2107 4776 dedu-

529 4809 620 4855 cta
653 4809 800 4864 sunt,
830 4811 884 4856 ct
917 4803 969 4857 in
999 4805 1116 4862 dies
1141 4805 1409 4862 hactenus
1439 4807 1758 4878 implentur,
1797 4814 2101 4868 secundum

528 4907 597 4947 ea
627 4908 749 4963 qua:
779 4891 968 4950 Davidi
997 4896 1202 4966 juravit
1252 4897 1415 4956 Deus.
1456 4897 1659 4956 Verum
1701 4907 1957 4974 quoniam
1992 4922 2103 4962 non

532 4983 772 5038 humano
794 4985 923 5052 ritu,
948 5003 1122 5058 neque
1141 4991 1442 5046 secundum
1492 5009 1696 5050 morem
1734 5011 1919 5068 regum
1945 5014 2103 5054 mun-

529 5073 822 5140 danorum,
854 5075 968 5132 haec
997 5080 1265 5148 promissa
1312 5082 1368 5137 in
1414 5087 1826 5143 successoribus
1880 5087 2102 5148 Davidis

531 5166 755 5237 impleta
788 5176 953 5237 sunt;
991 5186 1168 5242 neque
1195 5173 1248 5228 in
1283 5174 1400 5243 ipso
1434 5175 1716 5234 Salvatore
1737 5188 1945 5246 nostro,
1979 5197 2103 5237 cor-

533 5271 700 5326 poreo
728 5273 878 5314 more
908 5260 1069 5315 linem
1112 5275 1478 5333 acceperunt,
1533 5267 1662 5337 quia
1717 5284 1944 5339 regnum
1981 5272 2103 5341 ejus

533 5361 642 5400 non
677 5346 780 5401 fuit
807 5365 875 5404 ex
903 5348 1007 5405 hoc
1056 5353 1281 5416 mundo,
1313 5370 1488 5425 neque
1521 5357 1611 5412 ille
1641 5357 1694 5412 in
1720 5359 1964 5414 sensibili
1998 5360 2103 5415 Da-

531 5438 677 5494 vidis
708 5439 909 5495 throno
936 5441 1112 5509 sedit;
1148 5443 1258 5497 imo
1307 5461 1435 5501 vero
1486 5448 1820 5503 contrarium
1874 5451 2100 5518 accidit,

531 5531 856 5588 adveniente
886 5533 1141 5603 passione
1170 5535 1290 5605 ejus
1314 5554 1328 5602 ;
1361 5536 1477 5592 haec
1505 5538 1624 5609 ipsa
1657 5539 1875 5598 divinus
1904 5550 1957 5596 et
1976 5558 2104 5612 pro-

532 5626 784 5695 pheticus
827 5624 1066 5696 Spiritus
1108 5627 1233 5696 jure
1285 5644 1347 5684 ac
1405 5631 1601 5685 merito
1652 5631 1981 5702 declaravit,
2031 5636 2100 5691 ad

532 5715 982 5786 porquisitioncm
1037 5719 1528 5776 consummationis
1603 5721 1776 5779 divini
1829 5727 2099 5784 sermonis

605 5872 650 5903 “
687 5869 844 5928 Joan.
883 5889 1046 5941 una,
1081 5874 1170 5931 36.
1249 5876 1293 5911 ⁸⁷
1331 5874 1444 5932 Luc
1477 5875 1750 5945 1,,31-33.

2211 3797 2354 3863 Θεὸς
2381 3797 2488 3850 τὸν
2528 3797 2743 3864 θρόνον
2788 3795 2970 3849 Δαυτδ
3021 3797 3127 3851 τοῦ
3160 3795 3386 3864 πατρὸς
3413 3795 3617 3850 αὑτοῦ
3636 3813 3649 3824 ·
3689 3787 3761 3858 εἷθ’

2209 3889 2336 3959 ἑξῆς
2357 3889 2670 3958 ἐπαγαγὼν,
2693 3889 2800 3944 Kal
2815 3889 3177 3952 ,ϐασιλεύσει
3213 3891 3302 3956 εἰς
3323 3890 3437 3945 τὸν
3459 3887 3667 3950 αἰῶνα,
3691 3881 3762 3936 καὶ

2208 3980 2318 4048 τῆς
2341 3981 2663 4047 βασιλείας
2687 3981 2874 4035 αὑτοῦ
2912 3982 3022 4035 οὐκ
3057 3980 3227 4034 ἔσται
3255 3979 3457 4048 τέλος.
3520 3977 3696 4032 ταῦτα
3717 3971 3757 4024 δὲ

2206 4074 2319 4135 τοῖς
2340 4072 2520 4144 ἔργοις
2547 4072 2870 4143 ἐπληροῦτο,
2899 4073 2978 4136 εἰς
3009 4072 3101 4125 τὸν
3129 4072 3395 4144 ἡμέτερον
3429 4071 3662 4143 Σωτῆρα
3685 4067 3759 4132 ’1η-

2211 4163 2336 4218 σοῦν
2354 4203 2370 4228 ,
2399 4164 2490 4218 τὸν
2515 4165 2746 4236 Χριστὸν
2784 4163 2878 4217 τοῦ
2908 4163 3042 4217 Θεοῦ
3061 4204 3076 4228 ,
3109 4163 3168 4228 ὃς
3197 4167 3260 4218 ἐκ
3284 4167 3607 4238 σπέρματος
3628 4159 3754 4214 Assii

2208 4255 2443 4324 γεγονὼς
2465 4258 2657 4327 κρατεῖ
2683 4257 2777 4310 καὶ
2799 4255 3078 4326 νομοθετεῖ
3093 4257 3187 4309 καὶ
3213 4257 3490 4328 βασιλεύει
3517 4252 3754 4320 καθῖὃλης

2206 4349 2307 4418 τῆς
2337 4346 2638 4420 ἀνθρώπων
2669 4349 2994 4419 οἰκουμένης
3014 4389 3029 4412 ,
3079 4350 3179 4402 οὐκ
3207 4350 3570 4423 ἀνθρωπίνως
3590 4390 3604 4412 ,
3647 4341 3749 4398 ἀλλά

2211 4439 2364 4510 θεῖκῇ
2394 4439 2617 4510 δυνάμει
2640 4457 2654 4470 '
2693 4440 2785 4492 καὶ
2813 4439 2872 4492 τό
2916 4457 2976 4492 τε
3005 4440 3223 4511 σπέρμα
3255 4442 3418 4495 αὐτοῦ
3455 4438 3670 4512 ἀληθῶς
3693 4436 3750 4494 εις

2206 4529 2298 4582 τδν
2333 4531 2500 4584 αἰῶνα
2535 4531 2715 4602 μένειο
2745 4531 2862 4601 ἤτοι
2895 4530 2955 4584 τὸ
2979 4531 3078 4602 τῆς
3105 4531 3350 4603 διαδοχῆς
3381 4532 3554 4586 αὐτοῦ
3577 4531 3666 4598 τῆς
3683 4521 3748 4576 διὰ

2208 4623 2315 4676 τῶν
2361 4624 2671 4679 ἀποστόλων
2715 4622 2879 4677 αὑτοῦ
2924 4624 3018 4676 καὶ
3063 4624 3320 4696 μαθητῶν
3364 4626 3456 4678 τὸν
3493 4623 3746 4694 σύμπαντα

2211 4713 2411 4784 κόσμον
2431 4714 2635 4785 πληρού
2645 4731 2768 4786 σης·
2796 4714 2828 4786 ἦ
2852 4714 2912 4767 τὸ
2933 4715 3146 4783 λογικὸν
3172 4716 3388 4786 σπέρμα
3409 4717 3514 4788 τῆς
3531 4709 3741 4784 οὐρανίου

2207 4804 2555 4868 διδασκαλίας
2575 4805 2758 4858 αὑτοῦ.
2778 4805 2936 4858 Ἀλλά
2955 4805 3048 4858 καὶ
3068 4807 3097 4858 ὁ
3114 4803 3300 4876 θρόνος
3319 4807 3484 4860 αὑτοῦ
3501 4807 3578 4868 ὡς
3591 4807 3615 4857 ὁ
3628 4800 3743 4870 ἥλιος

2209 4895 2480 4967 ἐκλάμπει
2501 4935 2516 4959 ,
2543 4896 2788 4966 φωτίζων
2811 4898 2904 4950 καὶ
2931 4897 3287 4966 καταυγάζων
3314 4897 3412 4963 τὰς
3441 4898 3552 4952 τῶν
3569 4887 3740 4961 ἀνθρώ-

2208 5005 2324 5040 πων
2348 4987 2542 5057 ψυχάς.
2576 4987 2759 5044 Ταῦτα
2783 4989 2839 5042 δὲ
2863 4989 3038 5043 πάντα
3060 4989 3246 5054 τέλους
3286 4990 3523 5060 ἠξιοῦτο,
3545 4987 3630 5042 καὶ
3656 4983 3740 5034 εἰσ-

2207 5081 2288 5134 έτι
2317 5081 2411 5134 νῦν
2448 5080 2745 5153 πληροῦται
2772 5081 3078 5146 ἀκολούθως
3132 5077 3213 5147 οἷς
3239 5083 3450 5155 ὤμοσεν
3479 5086 3507 5136 ὁ
3537 5078 3658 5140 Θεὸς
3681 5067 3738 5139 τῷ

2206 5174 2387 5228 Δαυῖδ.
2464 5173 2597 5228 Ἀλλ’
2633 5174 2817 5246 ἐπειδὴ
2847 5174 2921 5246 μὴ
2947 5175 3330 5246 ἀνθρωπίνως,
3367 5175 3502 5246 μηδὲ
3531 5167 3737 5238 συνήθως

2206 5268 2318 5330 τοῖς
2344 5266 2484 5321 κατά
2500 5268 2784 5339 ἄνθρωπον
2807 5267 3114 5338 βασιλεῦσιν
3134 5269 3213 5331 εἰς
3235 5268 3357 5330 τοὺς
3383 5266 3646 5336 διαδόχους
3665 5250 3736 5308 τοῦ

2205 5359 2367 5413 Δαυῖδ
2395 5358 2696 5430 ἐπληροῦτο
2720 5359 2786 5412 τά
2815 5358 3215 5430 ἐπηγγελμένα,
3240 5357 3352 5412 ἀλλ’
3372 5357 3479 5411 οὐδ’
3501 5355 3582 5411 ἐπ’
3603 5344 3733 5405 aitth

2205 5451 2297 5504 τὸν
2343 5451 2606 5522 ἡμέτερον
2640 5451 2866 5522 ἃυτῆρα
2899 5451 3223 5521 σωματικῶς
3246 5450 3432 5514 τέλους
3459 5447 3732 5515 ἐτύγχανεν,

2205 5543 2328 5596 ἐπεὶ
2355 5542 2430 5614 μὴ
2458 5543 2680 5611 γέγονεν
2709 5543 2872 5597 αὐτοῦ
2896 5546 2930 5614 ἡ
2957 5543 3198 5614 βασιλεία
3224 5547 3288 5598 ἐκ
3318 5543 3410 5597 τοῦ
3435 5544 3625 5612 κόσμου
3645 5527 3732 5585 τοῦ-

2206 5651 2296 5687 του
2317 5673 2331 5698 ,
2367 5633 2488 5704 μηδ’
2509 5635 2614 5687 ’ἐπὶ
2645 5634 2736 5688 τὸν
2768 5635 3021 5706 αἰσθητὸν
3050 5635 3240 5705 θρόνον
3278 5633 3541 5706 ἐκαθέσθη
3573 5621 3728 5684 Δαυῖδ’

2205 5726 2508 5782 τούναντίον
2547 5727 2606 5782 δὲ
2643 5727 2820 5800 ἀπέϐη
2862 5727 2950 5782 διὰ
2983 5727 3042 5782 τὸ
3074 5725 3416 5799 συμϐεϐηκὸς
3456 5724 3576 5797 περὶ
3603 5711 3727 5774 αὑτὸν
