3972 6812
22 749 26 776 τ
133 753 350 806 ,Νυνὶ
401 752 489 806 δὲ
519 753 743 808 ἀπώσω
766 755 865 808 καί
884 755 1315 823 ἐξουδένωσας,
1345 759 1552 827 Κύριε,
1588 759 1807 814 ἀπεϐά-

22 867 24 872 ’
127 847 306 898 ,τιου
333 844 475 899 τὸν
496 847 760 914 Χριστόν
778 861 898 900 σου
913 862 930 878 ο
958 845 1365 917 metiarch
1385 849 1499 918 τὴν
1517 851 1809 920 διαθήκην

22 955 28 966 ’
143 931 297 991 τοῦ
337 935 600 992 δούλου
625 951 773 1002 σου,
800 939 893 991 καὶ
920 937 988 992 τὰ
1008 938 1216 1003 τούτοις
1241 939 1396 1012 ἑξῆς⁹
1425 941 1492 996 δι’
1514 936 1589 996 ὧν
1621 943 1808 1012 σαφῶς

22 1025 31 1060 τ
135 1023 492 1095 ὀνομαστὶ
530 1025 906 1096 μνημονεύσας
927 1027 1018 1082 τὸν
1053 1028 1285 1099 Χριστὸν
1307 1031 1336 1082 ὁ
1363 1029 1536 1099 λόγος,
1566 1032 1803 1104 παρίστη

105 369 160 412 1
181 368 216 412 'I
234 366 264 409 τ
279 360 332 416 5
1355 361 1783 422 COMMENTAB

1899 367 1963 423 IN
2001 367 2339 432 PSALMOS.
3337 382 3393 436 Η
3412 379 3472 438 ιι

109 477 377 542 πάθος
405 494 425 509 ·
469 476 703 542 εἰκότως
731 479 824 532 καὶ
849 478 1020 534 ταῦτα
1045 481 1185 534 αύτὰ
1214 477 1274 535 τὸ
1305 483 1448 536 θετον
1478 485 1572 538 καὶ
1602 501 1783 558 προφη

1914 503 2014 544 nos
2039 490 2318 558 excitans;
2373 506 2541 562 quare
2589 492 2704 548 ait:
2743 492 2898 548 Nunc
2927 503 3100 550 autem
3131 495 3376 568 repulirti
3423 507 3472 550 et

115 571 346 624 τικδν
387 571 644 642 Πνεῦμα
675 572 910 644 παρίστη
931 613 946 637 ,
975 574 1234 646 διεγεῖρον
1277 577 1423 646 ἡμᾶς
1451 576 1546 631 ἐπὶ
1585 576 1783 649 ζήτησι·

1909 581 2210 650 demitti,
2244 583 2462 638 Domine
2487 623 2503 649 ,
2536 585 2774 654 abjecisti
2817 584 3084 640 Christum
3121 595 3308 640 tuum:
3336 603 3475 641 ever-

119 661 291 716 τῶν
329 663 832 734 ἀποτελεσμάτων
855 664 966 717 τῶν
994 664 1090 718 τοῦ
1123 664 1256 719 Θεοῦ
1287 665 1482 736 λογίων
1501 685 1515 698 ο
1535 669 1615 723 διό
1640 686 1773 740 φησι

1909 672 2022 724 tisti
2043 681 2407 726 testamentum
2438 674 2572 727 servi
2597 674 2708 738 tui,
2755 681 2810 729 et
2847 683 3046 730 cmtera
3079 695 3091 729 :
3123 675 3281 744 qucis
3327 677 3472 728 clare

1906 758 2185 816 Christum
2213 777 2544 825 memorans,
2587 762 2811 825 indicat,
2845 762 2979 816 nihil
3012 778 3199 818 eorum
3231 776 3351 832 qua:
3400 761 3468 814 ad

1907 851 2306 907 successionem
2336 851 2577 917 Davidis,
2608 861 2664 909 et
2690 868 3013 923 corporeum
3049 853 3170 924 ejus
3217 868 3466 923 regnum,

1904 953 2116 994 necnon
2141 955 2330 996 eorum
2353 931 2480 1011 qua:
2528 941 2583 996 in
2633 945 2886 1012 passione
2929 942 3151 998 Christo
3180 941 3274 997 Dei
3322 943 3468 997 acci-

1904 1031 2122 1096 derunt,
2148 1032 2315 1088 latere
2332 1033 2460 1088 sibi.
2493 1033 2616 1089 Haec
2637 1033 2802 1104 igitur
2823 1036 3011 1088 docuit
3032 1035 3098 1090 de
3117 1035 3467 1090 successione

21 1121 36 1152 ε’
141 1115 271 1168 ὃτι
312 1115 516 1186 μηδὲν
543 1117 701 1170 αὐτὸν
724 1117 876 1170 ἔλαθε
911 1117 1022 1172 τῶν
1049 1122 1146 1174 καὶ
1171 1121 1299 1192 περὶ
1317 1121 1416 1194 τὴν
1442 1122 1688 1195 διαδοχὴν
1710 1124 1783 1177 τοι

1903 1121 2024 1191 ejus
2052 1131 2106 1178 et
2125 1138 2313 1194 regno,
2343 1137 2406 1177 ac
2428 1124 2495 1178 de
2521 1138 2587 1178 eo
2614 1124 2707 1194 qui
2733 1139 2800 1178 ex
2827 1125 3034 1180 semine
3077 1123 3246 1178 David
3289 1123 3468 1194 prodi-

22 1217 30 1246 ί
153 1208 373 1262 Auum
394 1247 414 1273 ,
480 1210 579 1262 καὶ
607 1210 705 1282 τὴν
735 1210 1047 1283 σωματικὴν
1077 1213 1242 1266 αὐτοῦ
1285 1213 1580 1284 βασιλείαν,
1611 1216 1720 1270 τῶν
1744 1234 1804 1270 τε

161 1299 331 1371 περὶ
371 1301 447 1354 τὸ
497 1299 671 1364 πάθος
708 1301 784 1369 τῷ
812 1301 1030 1373 Χριστῷ
1067 1301 1160 1356 τοῦ
1194 1304 1328 1358 Θεοῦ
1362 1305 1799 1377 συμϐεϐηκότων.

22 1405 30 1432 .-
157 1387 403 1444 Ταῦτα
435 1389 578 1458 γοῦν
599 1390 844 1445 ἐδίδασκε
870 1393 1171 1466 πῳσδοκᾷν
1198 1393 1415 1450 ἔσεσθαι
1442 1398 1534 1450 καὶ
1557 1399 1683 1469 περὶ
1706 1397 1804 1469 τὴν

22 1491 30 1526 :
145 1480 471 1552 διαδοχὴν
505 1481 693 1549 αὐτοῦ,
717 1483 812 1537 καὶ
834 1485 963 1554 περὶ
1000 1485 1098 1557 τὴν
1125 1485 1398 1557 βασιλείαν
1419 1525 1434 1552 ,
1461 1488 1586 1560 περί
1621 1505 1681 1542 τε
1712 1489 1803 1542 τὸν

22 1585 32 1616 ί
155 1575 254 1627 ὲκ
288 1573 636 1645 σπέρματος
661 1574 754 1628 τοῦ
784 1575 946 1630 Δαυῒδ
973 1578 1450 1650 προελευσόμενον.
1482 1581 1546 1633 Εἰ
1573 1580 1682 1652 γὰρ
1708 1583 1804 1636 καὶ

161 1667 263 1721 τὰ
317 1667 580 1739 μάλιστα
632 1668 858 1724 πλεῖστα
901 1669 1003 1725 ὅσα
1042 1671 1130 1725 διὰ
1172 1671 1281 1726 τῶν
1323 1673 1574 1744 ἀνωτέρω
1620 1672 1783 1738 ἐνόσει

1901 1672 2006 1728 dus
2037 1674 2127 1736 sit,
2156 1674 2502 1742 praestantior
2553 1673 2771 1729 futurus
2804 1673 2876 1729 sit
2915 1673 3169 1728 omnibus
3199 1671 3418 1742 regibus
3442 1710 3458 1735 ,

169 1759 337 1830 περὶ
381 1759 560 1813 αὑτοῦ
588 1760 836 1825 λέλεκτο,
887 1763 966 1816 δτι
992 1779 1051 1816 τε
1081 1763 1424 1834 ὑψωθήσεται
1445 1803 1462 1828 ,
1495 1764 1585 1818 καὶ
1611 1765 1670 1818 ἐν
1702 1763 1783 1818 θα-

1899 1772 2282 1820 testamentum
2311 1765 2467 1820 lidele
2495 1765 2784 1822 habiturus
2813 1766 2916 1829 sit,
2962 1772 3018 1820 et
3049 1780 3232 1819 semen
3273 1764 3325 1817 in
3359 1778 3460 1818 sa:-

169 1849 391 1925 λάσσῃ
447 1853 548 1906 καὶ
595 1854 653 1907 ὲν
701 1856 961 1924 ποταμοῖς
1003 1855 1102 1926 τὴν
1155 1857 1312 1926 χεῖρα
1361 1855 1524 1910 αὐτοῦ
1568 1857 1783 1916 ὲκτενεῖ,

1896 1857 2078 1910 culum
2101 1857 2284 1913 saeculi
2316 1873 2664 1927 permanens,
2694 1858 2955 1912 thronum
2999 1858 3124 1912 item
3173 1855 3457 1910 durantem

175 1942 611 1996 ὲπικαλέσεταί
641 1959 701 1996 τε
730 1944 822 1998 τὸν
853 1944 984 1997 Θεὸν
1034 1945 1280 2018 Πατέρα,
1329 1947 1423 1999 καὶ
1469 1947 1604 2018 πρὸς
1632 1947 1783 2001 αὐτοί

1897 1949 2038 2002 sicut
2081 1949 2198 2004 dies
2223 1950 2346 2006 caeli
2376 1958 2428 2006 et
2472 1950 2616 2006 sicut
2667 1952 2852 2006 lunam
2883 1965 2947 2004 ac
2987 1949 3193 2016 solem;
3221 1957 3459 2002 attamen

1902 1221 2059 1269 turus
2085 1223 2205 1270 erat
2233 1215 2598 1286 exspectanda
2647 1232 2789 1272 esse.
2841 1215 2992 1271 Licet
3019 1216 3164 1270 enim
3211 1215 3465 1287 superius

1902 1307 2299 1376 quamplurima
2353 1305 2422 1362 de
2458 1307 2552 1362 illo
2591 1307 2832 1378 gloriosa
2885 1308 3030 1363 dicta
3065 1307 3287 1370 fuerint,
3317 1306 3460 1378 quod

1902 1398 2112 1454 scilicet
2129 1397 2448 1454 exaltandus
2465 1399 2557 1463 sit,
2572 1398 2716 1470 quod
2731 1399 2786 1453 in
2801 1414 2949 1453 mare
2963 1399 3090 1454 etin
3105 1398 3325 1452 ﬂumina
3349 1411 3467 1451 ma-

1902 1507 2028 1545 num
2056 1500 2382 1547 extensurus
2432 1491 2535 1556 sit,
2589 1491 2735 1562 quod
2783 1490 2951 1547 Deum
3005 1490 3356 1544 invocaturus
3396 1490 3464 1543 sit

1909 1580 2142 1645 Patrem,
2172 1590 2226 1636 et
2257 1581 2326 1637 ab
2349 1582 2442 1637 illo
2476 1597 2694 1637 rursum
2743 1581 3142 1652 Primogenitus
3172 1580 3460 1636 declaran-

1897 2037 2012 2092 hazc
2035 2039 2208 2094 tristia
2232 2039 2336 2108 ipsi
2359 2048 2619 2094 eventura
2667 2055 2792 2096 esse
2824 2039 3150 2109 prmnuntiat
3182 2055 3198 2093 :
3239 2037 3460 2105 baaeque

1895 2131 2208 2186 necessario
2247 2131 2512 2200 praedicit,
2545 2145 2609 2184 ac
2632 2130 2827 2185 docere
2885 2129 3172 2184 antevertit
3221 2127 3458 2198 Spiritus

1895 2222 2147 2284 divinus;
2199 2229 2258 2275 ut
2291 2222 2337 2276 si
2371 2222 2591 2291 quando
2639 2221 2940 2277 secundum
2992 2237 3299 2276 sermonem
3337 2221 3458 2290 ejus

1895 2295 2010 2370 hmo
2043 2315 2264 2370 Christo
2296 2323 2351 2370 et
2379 2314 2600 2370 Davidis
2631 2315 2967 2370 successioni
3001 2314 3336 2378 acciderint,
3389 2328 3459 2368 ne

1894 2407 2182 2462 turbentur
2213 2407 2272 2468 ii,
2300 2407 2394 2476 qui
2418 2406 2530 2476 jam
2561 2406 2692 2461 olim
2734 2413 2790 2462 et
2817 2420 2849 2460 a
2879 2406 3179 2474 majoribus
3209 2406 3324 2460 haec
3372 2404 3460 2459 fu-

1895 2507 2014 2552 tura
2059 2512 2183 2552 esse
2235 2497 2542 2552 didicerant
2571 2536 2588 2561 ,
2636 2497 2791 2567 gnari
2841 2496 3051 2552 scilicet
3089 2496 3143 2550 in
3175 2495 3455 2566 prophetia

1893 2585 2081 2642 isthmc
2135 2586 2313 2640 futura
2345 2587 2730 2656 praenuntiari,
2796 2587 2912 2642 sive
2948 2587 3156 2650 tristia,
3207 2585 3322 2642 sive
3352 2586 3456 2640 mi-

1892 2679 2031 2735 tiora
2057 2696 2071 2734 :
2107 2693 2232 2749 qua:
2251 2694 2383 2734 sane
2411 2679 2554 2735 idem
2587 2694 2768 2735 sermo
2797 2679 2923 2735 licet
2945 2677 3242 2741 contraria.
3267 2677 3322 2732 in
3355 2692 3452 2733 eo-

1891 2769 2012 2824 dem
2042 2770 2158 2840 ipso
2181 2778 2440 2826 eventura
2479 2768 2828 2833 vaticinatur,
2853 2784 3079 2841 qumque
3123 2768 3258 2838 ipsis
3285 2767 3456 2837 operi-

1891 2863 1994 2918 bus
2034 2863 2302 2931 completa
2345 2861 2674 2931 accepimus.
2725 2860 2857 2915 Nam
2905 2871 3143 2930 tempore
3185 2858 3453 2928 passionis

1893 2952 2200 3010 Servatoris
2221 2953 2395 3010 nostri
2425 2952 2601 3008 tristia
2649 2952 2740 3006 illa
2775 2952 2828 3006 in
2863 2952 2983 3022 ipso
3027 2960 3155 3006 sunt
3197 2951 3452 3019 impleta;

185 2033 376 2087 πάλιν
418 2036 774 2106 Πρωτότοκος
815 2037 1306 2109 ἀναγορευθήσεται
1329 2078 1344 2103 ,
1379 2039 1531 2092 ἔσται
1571 2056 1630 2093 τε
1660 2039 1799 2094 ἀνώ-

185 2142 376 2190 τατος
429 2127 546 2180 τῶν
602 2127 895 2198 βασιλέων,
950 2130 1044 2183 καὶ
1093 2129 1358 2202 διαθήκην
1397 2130 1507 2195 ἕξει
1559 2131 1794 2202 πιστήνο

192 2219 303 2271 καὶ
337 2218 570 2290 σπέρμα
597 2217 848 2291 διαμένον
881 2221 958 2284 είς
986 2220 1075 2273 τὸν
1108 2222 1277 2275 αἰῶνα
1305 2221 1398 2275 τοῦ
1431 2222 1655 2292 αἰῶνος,
1700 2222 1798 2275 καὶ

191 2310 410 2382 θρόνον
456 2310 779 2382 διαρκοῦντα
827 2310 967 2365 κατὰ
1005 2311 1104 2376 τὰς
1145 2314 1357 2384 ἡμέρας
1403 2312 1497 2367 τοῦ
1541 2313 1791 2384 ούρανοῦ,

194 2403 306 2456 καὶ
360 2402 507 2457 κατὰ
556 2403 645 2455 τὸν
693 2402 842 2474 ἥλιον
887 2403 981 2456 καὶ
1020 2403 1118 2475 τὴν
1162 2403 1388 2473 σελήνην
1413 2418 1431 2435 ο
1481 2403 1596 2457 ἀλλ’
1648 2402 1796 2474 ὅμως

195 2494 306 2547 καὶ
331 2493 466 2548 τάδε
491 2493 564 2548 τὰ
595 2493 893 2567 σκυθρωπὰ
921 2496 1049 2568 περὶ
1071 2496 1232 2550 αύτδν
1257 2495 1628 2568 συμϐήσεσθαι
1653 2511 1792 2567 προ-

200 2586 360 2655 λέγει
387 2626 405 2651 ,
463 2587 794 2658 προφητεύει
843 2607 901 2643 τε
945 2589 1040 2644 καὶ
1086 2587 1258 2643 ταῦτα
1304 2589 1398 2642 καὶ
1448 2587 1793 2660 προδιδάσκει

205 2677 539 2746 ἀναγκαίως
581 2679 640 2732 τὸ
679 2679 821 2733 θεῖον
850 2679 1070 2751 Πνεῦμα
1089 2720 1105 2745 ,
1133 2680 1200 2732 ἵν’
1224 2678 1278 2732 εἴ
1310 2691 1439 2734 ποτε
1477 2681 1588 2742 τοῖς
1614 2678 1794 2748 λόγοις

205 2769 488 2825 ἀκόλουθα
528 2772 856 2844 ἀπαντήσειε
889 2774 958 2827 τὰ
1003 2773 1138 2845 ἔργα
1172 2774 1298 2845 περί
1339 2791 1398 2828 τε
1441 2773 1532 2828 τὸν
1561 2773 1793 2844 Χριστὸν

211 2861 313 2914 τοῦ
332 2861 493 2926 Θεοῦ,
520 2865 612 2917 καὶ
635 2865 761 2935 περ)⁵
782 2864 880 2934 τὴν
903 2865 996 2918 τοῦ
1021 2864 1180 2918 Δαυῒδ
1202 2865 1470 2936 διαδοχὴν,
1498 2865 1572 2936 μὴ
1600 2863 1794 2936 ταράτ-

210 2971 396 3009 τοιντο
417 2958 468 3008 οἱ
503 2957 667 3011 πάλαι
698 2956 868 3012 ταῦτα
899 2958 992 3012 καλ⁵
1025 2960 1089 3012 ὲκ
1121 2958 1395 3030 προγόνων
1431 2957 1644 3029 μέλλειν
1671 2957 1790 3010 ἐσε-

219 3049 345 3104 σθαι
384 3053 810 3124 παρειληφότεςο
843 3049 902 3107 εὖ
933 3053 1132 3116 εἰδότες
1160 3055 1240 3107 ὃτι
1273 3053 1442 3106 ταῦτα
1466 3051 1783 3124 γενήσεσθαι

1891 3053 2080 3116 postea
2115 3060 2263 3111 vero,
2291 3045 2672 3116 prmstantiora
2728 3045 2819 3098 illa
2851 3045 3120 3114 promissa
3165 3042 3221 3098 in
3259 3041 3450 3098 eodem

218 3139 349 3211 περὶ
388 3141 548 3197 αὑτὸν
600 3143 1074 3214 προεφητεύσατο,
1121 3143 1191 3198 τά
1238 3160 1298 3196 τε
1345 3141 1644 3214 σκυθρωπὰ
1696 3141 1783 3195 καὶ

1889 3138 2148 3209 operibus
2183 3137 2316 3207 ipsis
2354 3136 2591 3208 perfecta
2623 3145 2769 3192 sunt.

224 3231 584 3303 χρηστότερα⁸
633 3229 715 3297 οἷς
759 3233 890 3302 γοῦν
944 3235 1038 3288 καὶ
1068 3234 1096 3286 ὀ
1132 3234 1293 3298 αὐτὸς
1324 3234 1478 3302 λόγος
1507 3233 1763 3288 τάναντία
1795 3231 1925 3302 περὶ
1953 3230 2050 3283 ἕνα
2079 3229 2175 3282 καί
2223 3229 2318 3282 τὸν
2366 3229 2526 3282 αὐτὸν
2561 3228 2780 3282 ἔσεσθαι
2832 3227 3110 3292 θεσπίζει,
3160 3226 3197 3281 ἃ
3243 3225 3308 3298 δὴ
3357 3225 3451 3280 καλ⁵

223 3325 402 3394 ἔργοις
453 3326 630 3388 αὐτοῖς
669 3325 1104 3397 παρειλήφαμεν.
1155 3325 1312 3380 Κατὰ
1367 3327 1464 3397 μὲν
1492 3325 1598 3397 γὰρ
1638 3325 1731 3378 τὸν
1769 3323 1959 3394 χρόνον
1991 3320 2085 3375 τοῦ
2131 3320 2335 3383 πάθους
2375 3319 2470 3374 τοῦ
2535 3321 2786 3390 Σωτῆρος
2824 3319 2978 3390 ήμῶν
3019 3316 3321 3389 ἐπληροῦτο
3371 3319 3451 3382 είς

223 3415 385 3469 αὐτὸν
419 3415 486 3470 τὰ
519 3417 939 3490 σκυθρωπότερα
956 3434 970 3448 ο
995 3417 1135 3472 κατὰ
1158 3418 1214 3472 δὲ
1237 3417 1327 3471 τὸν
1353 3417 1490 3490 μετὰ
1528 3416 1698 3471 ταῦτα
1718 3417 1773 3469 αί
1802 3414 1910 3468 τῶν
1939 3412 2258 3486 κρειττόνων
2285 3411 2606 3480 ἐπαγγελίαι
2633 3411 2816 3485 ἔργοις
2841 3410 3000 3465 πάλιν
3028 3412 3108 3475 είς
3126 3411 3288 3464 αὑτὸν
3335 3409 3450 3465 ὲτε-

224 3507 476 3564 λειοῦντο.

295 3621 376 3675 Τὰ
405 3623 500 3693 μὲν
516 3616 608 3676 οὖν
639 3623 767 3694 περὶ
791 3623 852 3676 τὸ
879 3623 1046 3688 πάθος
1068 3623 1216 3696 αύτῷ
1239 3641 1300 3677 συ
1309 3623 1520 3695 μϐἀντα
1541 3622 1780 3694 ἀκριϐῶς

1948 3615 2079 3684 Qum
2110 3615 2272 3685 igitur
2297 3615 2352 3669 in
2383 3614 2636 3684 passione
2663 3613 2783 3682 ejus
2822 3611 3162 3678 acciderunt,
3196 3621 3449 3670 accurate

230 3714 470 3786 ἐδηλοῦτο
490 3714 579 3768 διὰ
597 3715 711 3768 τοῦθ
747 3713 830 3769 Σὺ
858 3715 926 3768 δὲ
955 3716 1193 3780 ἀπώσω,
1219 3717 1316 3770 καί
1350 3714 1781 3780 ἐξουδέγωσας,

1888 3706 2242 3777 praenuntiata
2292 3713 2420 3760 sunt
2462 3705 2550 3760 his
2595 3703 2818 3760 verbis:
2855 3702 2932 3756 Tu
2958 3719 3076 3758 vero
3122 3705 3362 3773 repuliin
3395 3715 3448 3760 et

228 3805 513 3861 ἁνεϐἀλου
561 3807 668 3860 τὸν
697 3807 953 3874 Χριστόν
990 3822 1125 3862 σου.
1176 3807 1313 3861 Ἀνθ’
1340 3801 1401 3861 οὗ
1424 3810 1452 3862 ό
1487 3807 1586 3878 μὲν
1627 3807 1783 3859 Ἀκύ-

1888 3799 2182 3868 ιιειρεπίειὶ,
2217 3797 2454 3868 abjecisti
2476 3796 2746 3852 Christum
2771 3808 2938 3849 tuum.
2970 3797 3079 3849 Pro
3118 3809 3228 3866 quo
3253 3796 3445 3866 Aquila

231 3898 322 3961 λας
348 3897 524 3969 φησὶν,
567 3897 1044 3967 ’Υπερηθέτησας
1065 3897 1215 3968 μετὰ
1243 3899 1601 3969 ἡλειμμένου
1629 3913 1746 3952 σου
1765 3914 1779 3928 ⁶

1888 3891 1958 3944 ait
1990 3911 2003 3946 :
2033 3891 2304 3944 Distulisti
2331 3905 2449 3944 cum
2484 3899 2640 3942 uncto
2673 3899 2794 3950 tuo;
2825 3887 3186 3958 Symmachus
3213 3895 3392 3942 autem
3428 3905 3444 3943 :

231 3989 262 4040 ὀ
288 3989 342 4044 δὲ
366 3988 666 4061 Σύμμαχος,
705 3989 1040 4059 Ἔχολώθης
1066 3992 1215 4060 πρὸς
1238 3991 1346 4044 τὸν
1367 3991 1622 4058 Χριστόν
1641 4005 1778 4044 σου.

1888 3981 2065 4037 Iratus
2115 3999 2168 4037 es
2217 3991 2403 4036 contra
2447 3979 2715 4035 Christum
2755 3989 2921 4032 tuum.
2955 3977 3108 4032 Tunc
3135 3994 3298 4050 porro
3326 3993 3446 4048 quae

237 4079 530 4151 Τηνικαῦτα
569 4080 626 4132 δὲ
658 4079 750 4134 καὶ
781 4079 849 4133 τὰ
880 4079 978 4150 τῆς
1011 4081 1285 4151 Διαθήκης
1321 4078 1485 4134 αὑτοῦ
1515 4081 1612 4151 τῆς
1645 4079 1782 4152 πρὸς

1888 4077 1948 4132 ad
1977 4083 2357 4132 testamentum
2401 4073 2663 4146 apostolis
2695 4073 2881 4127 datum
2911 4071 3250 4142 spectabant,
3284 4072 3432 4128 dissi-

239 4171 355 4234 τοὺς
383 4169 697 4233 ἀποστόλους
725 4169 1093 4241 διεσκεδάσθη,
1122 4171 1211 4224 ὅτε
1234 4171 1327 4223 καὶ
1356 4171 1658 4241 ἠρνήσαντο
1685 4169 1783 4223 αύ-

1888 4177 2003 4238 pata
2043 4176 2190 4231 sunt,
2220 4167 2438 4236 quando
2485 4166 2662 4236 ipsum
2715 4165 3072 4234 abnegarunt.
3101 4172 3156 4219 et
3188 4173 3442 4219 sanctua-

240 4262 344 4327 τὸν,
367 4261 452 4316 καὶ
476 4262 537 4315 τὸ
563 4262 810 4332 ἁγίασμα
833 4261 1018 4324 αὑτοῦ,
1057 4263 1300 4316 τουτέστι
1327 4262 1386 4314 τὸ
1412 4260 1570 4330 σῶμα
1591 4261 1650 4314 τὺ
1672 4261 1782 4314 ἀπὸ

242 4355 332 4426 τῆς
364 4352 513 4421 ἁγίας
552 4351 864 4424 Παρθένου,
905 4353 984 4415 είς
1004 4352 1105 4423 τὴν
1142 4351 1614 4424 γῆνξὲϐεϐηλώθηο
1647 4352 1781 4407 ἀλλὰ

243 4446 328 4500 καὶ
372 4447 565 4509 πάντας
609 4445 736 4508 τοὺς
776 4447 1062 4517 φραγμοὺς
1107 4445 1268 4501 αὑτοῦ
1301 4447 1421 4500 τότε
1449 4446 1718 4518 περιεῖλεν
1753 4449 1781 4501 ὁ

239 4534 390 4598 θεός*
420 4534 608 4606 δηλαδὴ
636 4534 763 4598 τοὺς
785 4534 1266 4606 περιφράττοντας,
1293 4536 1480 4607 ὥσπερ
1508 4539 1600 4591 καὶ
1626 4539 1782 4611 δορυ-

245 4623 512 4696 φοροῦντας
545 4625 706 4678 αύτδν
734 4625 829 4679 καὶ
854 4626 1213 4696 περιέποντας
1244 4628 1538 4696 ἀγγέλουςο
1578 4630 1640 4682 ού
1672 4629 1778 4701 μὴν

246 4713 374 4767 enat
387 4714 470 4767 καὶ
488 4714 553 4767 τὰ
579 4712 910 4785 ὀχυρώματα
929 4713 1115 4768 αύτοῦῖ
1135 4711 1316 4769 Ἦσαν
1333 4716 1390 4769 δὲ
1411 4711 1556 4770 οὗτοι
1579 4719 1628 4770 οἱ
1653 4717 1780 4772 ἁπό-

253 4806 403 4858 στολοι
427 4808 512 4860 καὶ
537 4808 584 4860 οἱ
615 4806 853 4878 μαθηταὶ
882 4806 1069 4871 αὐτοῦ,
1100 4807 1149 4860 οἳ
1179 4809 1424 4877 ἐγένοντο
1449 4811 1532 4872 είς
1555 4809 1775 4874 δειλίαν,

249 4896 320 4960 ὡς
351 4897 431 4951 καὶ
460 4899 787 4969 ἀρνήσασθαι
819 4899 980 4952 αὐτὸν
1016 4899 1111 4952 καὶ
1139 4901 1536 4965 καταλιπόντας
1561 4905 1771 4971 φυγεῖν.

253 4989 367 5041 Τότε
403 4988 452 5042 δὲ
478 4991 567 5043 καὶ
592 4989 818 5062 ἐγενήθη
850 4993 930 5054 εἰς
954 4983 1152 5054 ὄνειδός
1181 4995 1294 5056 τοῖς
1321 4993 1555 5061 γείτοσιν
1587 4993 1772 5058 αὐτοῦ,

251 5083 337 5134 καὶ
350 5080 514 5152 ὑψώθη
535 5083 566 5153 ἡ
584 5081 729 5148 δεξιὰ
757 5084 863 5137 τῶν
891 5083 1179 5139 θλιϐόντων
1204 5085 1386 5140 αὐτόν’
1406 5087 1499 5140 καὶ
1519 5086 1588 5140 τὰ
1615 5087 1775 5142 λοιπὰ

249 5172 304 5226 δὲ
329 5175 478 5228 πάντα
498 5174 614 5228 τότε
635 5177 712 5238 είς
734 5175 824 5228 τὸν
847 5177 912 5228 ὲκ
938 5176 1250 5247 σπέρματος
1264 5177 1424 5231 Δαυῒδ
1451 5177 1771 5250 ἐπληροῦτο.

259 5263 432 5333 Ἄλλως
453 5264 553 5335 γὰρ
572 5265 677 5317 ούκ
703 5264 768 5318 ἄν
785 5283 869 5329 τις
902 5265 1012 5335 ἔχοι
1039 5265 1210 5320 ταῦτα
1223 5269 1309 5320 ἐπ’
1334 5268 1494 5321 αὑτὸν
1511 5269 1601 5322 τὸν
1617 5269 1777 5322 Δαυῒδ

253 5355 564 5426 ἐφαρμόζειν,
596 5356 704 5409 οὐδ’
737 5355 995 5420 ἐπιδεῖξαι
1030 5359 1109 5422 εἰς
1135 5359 1341 5412 ἐκεῖνον
1370 5359 1776 5431 πεπληρωμένα

254 5447 312 5501 τὰ
330 5448 650 5519 προκείμενα,
669 5447 746 5510 ὡς
759 5447 877 5501 οὐδὲ
896 5449 965 5503 τὰ
994 5452 1288 5522 σεμνότερα
1317 5453 1412 5506 καὶ
1441 5455 1785 5525 χρηστότερα-

1881 4259 2021 4312 rium
2053 4257 2194 4327 ejus,
2230 4256 2280 4310 id
2326 4266 2412 4311 est
2455 4269 2656 4324 corpus
2703 4269 2772 4309 ex
2822 4261 3013 4308 sancta
3051 4253 3271 4324 Virgine
3296 4269 3445 4309 acce-

1881 4357 2050 4420 ptum,
2080 4349 2134 4402 in
2173 4355 2314 4401 terra
2349 4347 2692 4417 profanatum
2741 4353 2845 4401 est.
2890 4344 3002 4399 lino
3048 4348 3208 4400 etiam
3254 4360 3446 4400 omnes

1879 4455 2034 4510 scpes
2062 4439 2181 4510 ejus
2215 4446 2350 4493 tunc
2381 4437 2608 4494 abstulit
2645 4438 2805 4501 Deus,
2831 4435 3082 4492 videlicet
3105 4437 3328 4506 angelos
3347 4447 3444 4491 sti-

1878 4539 2070 4600 pantes
2101 4547 2246 4592 eum,
2281 4544 2346 4585 ac
2375 4528 2684 4584 satellitium
2714 4535 2935 4598 agentes
2963 4537 3017 4582 ct
3048 4527 3439 4585 ministrantes.

1879 4621 2118 4692 Itemque
2169 4622 2504 4676 munimenta
2555 4621 2675 4690 ejus
2727 4620 2925 4675 ablata.
2950 4619 3027 4674 Ea
3073 4629 3252 4676 autem
3285 4629 3442 4675 erant

1878 4717 2110 4788 apostoli
2161 4717 2282 4787 ejus
2324 4724 2382 4771 et
2428 4715 2701 4784 discipuli,
2728 4715 2820 4784 qui
2849 4721 2998 4767 tanta
3029 4712 3319 4768 formidine
3350 4728 3439 4768 re-

1876 4810 2008 4881 pleti
2049 4817 2197 4872 sunt,
2235 4818 2294 4864 ut
2326 4809 2658 4879 abnegarent
2694 4822 2842 4869 eum,
2873 4793 3097 4878 ipsoque
3132 4808 3322 4863 relicto
3353 4806 3440 4862 fu-

1876 4910 2083 4972 gerent.
2119 4899 2273 4956 Tunc
2306 4909 2483 4956 autem
2517 4899 2693 4954 factus
2727 4906 2811 4955 est
2839 4898 2893 4952 in
2923 4899 3273 4968 opprobrium
3307 4899 3442 4954 vici-

1877 4995 1963 5048 nis
1996 4993 2134 5058 suis,
2163 5000 2218 5047 et
2241 4993 2476 5048 exaltata
2504 4999 2588 5047 est
2615 4989 2834 5046 dextera
2865 4990 3238 5044 tribulantium
3269 5005 3392 5043 eum
3421 5007 3434 5043 :

1877 5099 1942 5138 ac
1979 5090 2172 5138 caetera
2202 5083 2386 5137 omnia
2419 5081 2473 5135 in
2497 5096 2584 5143 eo,
2613 5079 2708 5150 qui
2741 5095 2807 5134 ex
2834 5080 3042 5134 semine
3071 5077 3290 5133 Davidis
3322 5093 3441 5146 pro-

1875 5177 2070 5241 dierat,
2108 5183 2239 5229 tunc
2272 5175 2486 5244 impleta
2536 5181 2682 5229 sunt.
2713 5172 2862 5228 Alias
2903 5174 3046 5227 enim
3078 5186 3236 5226 nemo
3271 5171 3451 5239 possit.

1875 5267 2063 5322 istlmc
2109 5267 2210 5337 ipsi
2264 5265 2453 5321 Davidi
2497 5273 2775 5336 coaptare,
2804 5280 2980 5335 neque
3006 5263 3293 5320 ostendere
3322 5261 3438 5318 haec

1875 5376 1996 5430 qua:
2025 5367 2322 5414 tractamus
2343 5358 2561 5428 impleta
2591 5359 2645 5413 in
2678 5358 2800 5428 ipso
2827 5373 2982 5422 esse;
3007 5364 3064 5410 ut
3095 5370 3270 5423 neque
3303 5370 3440 5423 prm-

1875 5453 2138 5507 stantiora
2167 5459 2222 5505 et
2250 5451 2467 5505 mitiora
2496 5465 2616 5521 qua:
2645 5451 2700 5504 in
2731 5451 3016 5520 promissis
3047 5447 3141 5501 Dei
3169 5447 3437 5501 feruntur.
3468 5435 3471 5444 ’

257 5537 552 5610 ὲμφερόμενα
571 5539 693 5601 ταῖς
709 5537 801 5591 τοῦ
821 5537 955 5591 θεοῦ
981 5541 1345 5610 ἐπαγγελίαις.
1369 5543 1445 5597 Ob
1466 5544 1574 5615 γὰρ
1593 5544 1658 5616 δὴ
1677 5543 1773 5599 τοῦ

1888 5543 2057 5613 Neque
2076 5543 2219 5598 enim
2239 5541 2457 5599 Davidis
2477 5543 2707 5597 thronus
2728 5542 2912 5596 radios
2933 5541 3106 5596 instar
3128 5540 3262 5594 solis
3283 5541 3442 5594 emit-

260 5627 428 5682 Δαυῒδό
449 5629 626 5700 θρὰνος
652 5629 962 5700 κατηύγασε
990 5631 1088 5701 τήν
1115 5631 1404 5704 σύμπασαν
1426 5636 1772 5708 οἰκουμένην,

258 5717 384 5788 δίηην
399 5719 526 5790 ήλὶου
552 5720 812 5790 φωτίσας,
827 5721 940 5775 οὐδ’
950 5722 1029 5785 ὡς
1045 5723 1078 5794 ή
1100 5724 1292 5797 σελήνη
1317 5725 1544 5798 διαρκής
1559 5726 1770 5796 γέγονε,

263 5809 362 5864 οὐδὲ
372 5812 436 5878 εἰς
455 5811 534 5868 τὸν
545 5812 718 5878 αἰῶνα
737 5813 829 5869 τοῦ
850 5814 1044 5881 αἰῶνος
1057 5816 1388 5888 δωφυλάχθη
1409 5837 1419 5847 ·
1438 5817 1548 5872 οὐδ’
1563 5817 1676 5888 ἔχει
1690 5817 1772 5872 λό-

1870 5635 2036 5692 tendo
2068 5643 2241 5692 totum
2273 5635 2598 5691 illuminavit
2621 5635 2833 5701 orbem,
2860 5647 3036 5703 neque
3063 5640 3122 5685 nt
3160 5631 3287 5684 luna
3319 5646 3442 5700 per-

1871 5736 2068 5799 petuus
2097 5728 2219 5798 fuit,
2249 5744 2426 5800 neque
2477 5728 2531 5782 in
2583 5727 2840 5782 sxccrdurn
2871 5725 3052 5780 saeculi
3084 5732 3439 5778 conservatus

1871 5827 1970 5876 est.
2001 5817 2187 5889 Neque
2227 5820 2336 5875 ulla
2376 5819 2583 5876 ratione
2630 5825 2806 5886 potest
2834 5817 2923 5874 ille
2959 5815 3124 5871 David
3159 5814 3435 5883 I’rimogc-
