3972 6812
30 415 98 502 ζα
131 411 274 471 ’.17

143 2366 257 2429 τὰς
295 2363 644 2432 ἐπαγγελίας
666 2362 760 2416 τοῦ
783 2363 940 2415 Θεοῦ.
973 2359 1102 2416 Εἶτα
1129 2364 1192 2416 ὲκ
1220 2361 1510 2434 προσώπου
1549 2361 1646 2432 τῆς
1672 2361 1762 2415 ἀν-

145 2456 458 2528 Θρωπίνης
518 2456 802 2520 ἀσθενείας
850 2455 1018 2524 λέγει,
1069 2455 1379 2524 Μνήσθητι
1432 2457 1524 2522 τίς
1553 2473 1673 2525 μου
1715 2455 1754 2523 ή

147 2553 542 2616 ὑπόστασις,
565 2550 657 2604 καὶ
687 2549 753 2602 τὰ
777 2549 920 2620 ἑξῆς.
950 2550 1203 2603 Διδάσκει
1235 2549 1291 2602 δὲ
1314 2547 1404 2602 τὸν
1429 2549 1558 2601 λαὸν
1587 2547 1756 2600 ταῦτα

149 2643 348 2712 λέγειν
395 2645 425 2696 ὁ
472 2643 806 2714 προφητικὸς
857 2642 1034 2710 λόγος,
1069 2644 1148 2705 εἰς
1178 2642 1240 2694 τὸ
1284 2640 1621 2713 παρακαλεῖν
1661 2640 1753 2692 τὸν

155 2735 299 2787 Θεὸν
343 2734 444 2787 καὶ
487 2733 755 2786 δυσωπεῖν
787 2731 1134 2786 καταπαῦσαι
1176 2731 1274 2802 μὲν
1316 2730 1416 2801 τὴν
1453 2730 1620 2800 ὀργὴν
1655 2729 1752 2800 τὴν

160 2826 312 2879 κατά
347 2824 446 2878 τοῦ
483 2825 690 2888 ἔθνους,
735 2823 1045 2878 παύσασθαι
1067 2824 1123 2877 δὲ
1157 2824 1252 2876 καὶ
1274 2821 1434 2876 αὑτὸν
1463 2824 1752 2890 ἀποκρυπ-

162 2917 430 2986 τόμενον·
497 2915 832 2982 καταξιῶσαι
873 2916 930 2970 δὲ
992 2915 1092 2986 ἤδη
1133 2913 1264 2967 ποτὲ
1311 2915 1610 2984 παρασχεῖν
1660 2914 1754 2967 ἀν-

166 3007 415 3077 θρώποις
443 3007 511 3061 τά
539 3007 617 3079 τῷ
641 3008 804 3062 Δαυῖδ
831 3007 1234 3078 ἐπηγγελμένα.
1272 3005 1618 3077 Ἐπειδήπερ,
1649 3023 1752 3078 φησι

171 3100 281 3162 σὶν,
307 3100 340 3170 ἠ
363 3099 676 3173 ἀνθρωπίνη
707 3099 868 3169 φύσις
897 3099 1127 3170 ἀσθενὴς
1151 3099 1248 3170 μέν
1270 3102 1383 3152 ἐστι
1417 3099 1510 3151 καὶ
1536 3097 1745 3168 πτωχὴ.

1335 398 1835 474 COMMENTARIA-
1869 401 1935 457 ιΝ
1984 401 2327 466 PSALMOS.

30 537 104 594 κδ
125 533 396 604 ανάμει
425 529 506 584 τὸ
529 529 678 583 θεῖον
691 523 1059 594 ἀνεφθέγξατο
1076 521 1315 592 Πνεῦμα.
1343 514 1442 573 Ὧν
1459 520 1619 574 ἕνεκα
1639 521 1740 574 εἰκί

1850 571 1852 579 ,
1881 536 2044 576 causa
2068 521 2194 591 jure
2215 520 2642 592 percontandum
2669 529 2724 576 et
2750 521 3192 592 interrogandum
3213 536 3336 578 esse
3363 524 3454 577 do-

29 659 44 690 _-
71 643 226 690 τως
251 621 602 692 ἁνερωτᾷν
619 617 711 672 καὶ
731 609 1606 677 πονθάνεσθαιδιδάσκειλέγοντας
1623 609 1775 663 ’Ποῦ

30 748 44 780 ;
75 721 262 772 ἔστι
298 716 398 768 τὰ
437 713 594 778 ἐλέη
631 727 746 763 σου
781 708 852 761 τὰ
883 705 1098 775 ἀρχαῖα
1121 744 1134 767 ,
1169 705 1376 771 Κύριε,
1411 703 1503 754 καὶ
1533 701 1600 756 τά
1627 699 1770 772 ἑξῆς.

30 845 44 874 ι
84 809 268 864 Μεθ’
305 807 352 862 ἃ.
379 805 678 872 ἐπιλέγειο
699 803 851 865 ’Ἕως
872 800 1038 859 πότε,
1058 797 1254 863 Κύριε,
1272 792 1673 862 ἀποστρέψεις
1689 794 1774 857 εἰς

30 937 40 964 _-
87 903 360 966 τέλος,
383 894 845 959 ἐκκαυθήσεται
861 893 940 956 ὡς
962 890 1079 959 πῦρ
1101 891 1136 956 ἡ
1159 886 1302 958 omni
1329 902 1445 948 σου
1459 903 1476 950 ;
1503 886 1776 954 llis-120012-

30 1031 34 1062 ;
92 1010 160 1045 τι
197 993 320 1057 τίς
355 1007 508 1060 μου
543 988 580 1053 ἡ
606 987 969 1048 ὑπόστασις-ο
997 981 1081 1050 μὴ
1107 981 1213 1049 γὰρ
1241 981 1504 1048 ματαίως
1529 979 1774 1044 ἔκτισας

29 1123 46 1156 ι
90 1083 402 1148 πάντας
445 1081 600 1144 τοὺς
628 1077 796 1142 υἱοὺς
826 1074 942 1129 τῶν
981 1072 1334 1141 ἀνθρώπων-τ
1362 1073 1454 1138 Τίς
1478 1073 1647 1125 ἐστιν
1669 1071 1772 1125 ἂν-

30 1219 47 1252 :
93 1180 405 1243 θρωπος
431 1173 515 1238 ὃς
533 1171 791 1236 ζήσεται,
815 1167 910 1221 καὶ
935 1168 1042 1220 obs
1067 1166 1272 1233 ὄψεται
1295 1163 1571 1227 θάνατον,
1589 1166 1772 1231 ῥύσε-

30 1295 44 1322 ;
95 1284 222 1319 ται
251 1265 399 1334 τὴν
435 1262 662 1332 ψυχὴν
681 1259 867 1314 αὑτοῦ
899 1259 968 1311 ἐκ
992 1257 1186 1326 χειρὸς
1217 1256 1398 1324 ζὶδου;
1431 1255 1766 1324 Διάψαλμα.

30 1333 46 1436 ξ
118 1359 311 1411 Ἀντὶ
347 1356 492 1418 τοῦ,
515 1352 940 1420 ἀποστρέψεις,
969 1353 996 1405 ό
1021 1351 1119 1420 μὲν
1154 1348 1382 1411 Ἀκύλας
1405 1348 1588 1417 φησὶν,
1616 1349 1768 1413 ’Ἑως

37 1497 44 1506 .
102 1451 318 1514 πότε,
343 1449 567 1515 Κύριε,
586 1443 978 1512 ἀποκρυὸιξσῃ
1001 1445 1048 1495 εἰ
1057 1463 1087 1508 ς
1105 1441 1320 1507 νεῖκος
1340 1443 1367 1493 ὀ
1384 1440 1439 1493 δὲ
1455 1439 1523 1492 Σύ
1533 1457 1764 1510 μμαχος,

35 1517 44 1602 ί
107 1543 193 1591 "S
201 1559 298 1605 ως
323 1539 539 1604 τινος,
561 1539 756 1604 Κύριε,
783 1534 1176 1602 ἀποκρυϐιςσῃ
1199 1536 1284 1600 εὶς
1307 1532 1479 1598 τέλος
1495 1549 1514 1596 ;
1541 1532 1646 1585 Καί
1677 1550 1766 1603 μοι

37 1613 44 1622 ’
107 1633 297 1684 δοκεῖ
326 1634 360 1685 ὁ
387 1631 563 1700 λόγος
586 1631 647 1684 τὸ
677 1631 987 1702 ἀπόρρητον
1021 1629 1118 1698 τῆς
1145 1625 1475 1696 ἐπελθούσης
1503 1626 1670 1696 ὀργῆς
1698 1629 1762 1698 τῇ

30 1709 44 1790 ξ
116 1723 625 1796 σωματικωτέρᾳ
644 1723 888 1793 βασιλεία
903 1721 1081 1784 Δαυῖδ,
1106 1721 1198 1774 καὶ
1222 1719 1381 1773 παντὶ
1396 1719 1474 1788 τῷ
1501 1719 1740 1773 Ἰουδαίωε

1865 1719 2077 1779 gentem
2111 1710 2402 1777 invasurae,
2438 1710 2809 1765 subindicare.
2844 1709 2981 1765 Cum
3015 1712 3219 1781 itaque,
3256 1727 3440 1782 quan—

118 1815 296 1869 ἔθνει
351 1817 725 1870 αἰνίττεσθαι.
785 1815 1068 1867 Ἐναντίων
1113 1813 1241 1882 γοῦν
1285 1813 1602 1866 ἀποϐάντων
1643 1813 1763 1874 ταῖς

123 1908 564 1977 ἐπαγγελίαις.
593 1866 723 1961 ὅσον
861 1909 926 1977 τῇ
953 1866 1229 1978 προχείρῳ
1263 1905 1575 1976 προσδοκίᾳ,
1607 1907 1636 1957 ό
1667 1904 1740 1958 τὰ.

1865 1893 1946 1946 ria
1970 1866 2270 1958 evenirent,
2305 1892 2448 1948 Deus
2475 1866 2566 1964 qni
2601 1894 2772 1948 bonas
2803 1866 3221 1964 pollicitationes
3246 1895 3436 1954 Davidi

127 2000 378 2068 ἀγαθὰς
442 2000 779 2069 ἐπαγγελίας
837 1998 976 2070 πρὸς
1034 1998 1124 2050 τὸν
1186 1996 1350 2050 Δαυῒδ
1399 1995 1740 2066 πεποιημένοι

1863 1985 2087 2040 dederat
2123 1987 2472 2042 evocabatur.
2529 1986 2892 2053 Quamobrem
2936 1988 3026 2042 hic
3085 1997 3328 2060 rogatur,
3366 2005 3436 2046 ne

131 2094 289 2157 Θεὸς
323 2092 765 2163 ἀνεκηρύττετο.
789 2092 884 2144 ’Διὸ
913 2089 1144 2144 ἱκετεύει
1177 2091 1204 2143 ὁ
1232 2090 1388 2158 λόγος
1427 2088 1500 2160 μὴ
1531 2091 1611 2153 είς
1657 2105 1740 2159 μα·

1863 2078 1998 2132 iram
2022 2079 2076 2132 in
2107 2079 2228 2132 illos
2251 2093 2538 2134 accensam
2565 2079 2770 2136 diutius
2799 2080 3063 2150 producat
3089 2099 3102 2136 :
3130 2081 3222 2136 sed
3240 2097 3436 2152 quam-

138 2182 291 2254 κρδν
326 2185 699 2253 παρεκτεῖναι
726 2182 824 2252 τὴν
863 2181 1162 2252 γενομένην
1195 2181 1316 2234 κατ’
1350 2178 1530 2233 αὐτῶν
1565 2179 1758 2252 ὀργὴν,

33 2269 43 2342 ί
139 2273 299 2342 ταχὺ
349 2272 414 2325 δὲ
452 2271 742 2342 παρελθεῖν
775 2271 874 2341 μὲν
914 2272 982 2324 τὰ
1014 2269 1336 2341 σκυθρωπὰ,
1374 2268 1660 2339 ἐπιστῆναι
1699 2268 1758 2321 δὲ

3317 366 3466 466 ms

1879 621 1965 667 cet
1996 612 2082 666 his
2113 615 2294 668 verbis
2325 631 2338 668 :
2378 610 2478 666 Ubi
2507 624 2629 667 sunt
2662 613 3038 669 misericordia:
3069 623 3172 666 tum
3195 616 3448 684 antiquw,

1879 701 2138 756 Domine?
2163 711 2217 758 et
2245 714 2460 760 caetera.
2483 701 2596 758 Sub
2625 703 2738 758 haec
2773 704 2936 758 infert
2968 703 3447 761 :——Vt-:ns.47-49.

1880 793 2178 866 Usquequo,
2213 796 2457 856 Domine.
2484 806 2682 852 avertes
2720 799 2774 850 in
2805 799 2982 866 ﬁnem,
3016 799 3316 852 exardescet
3343 801 3448 856 sic.

1874 894 1932 938 nt
1975 887 2112 956 ignis
2159 887 2243 940 ira
2279 889 2411 942 tua?
2439 885 2736 942 Memorare
2781 903 2896 957 qua:
2924 905 3061 942 .mea
3100 887 3445 948 substantia:

1873 977 2109 1047 nunquid
2147 979 2284 1034 enim
2330 995 2459 1040 vane
2501 980 2696 1033 creasti
2735 997 2910 1034 omnes
2958 980 3100 1048 ﬁlios
3131 981 3447 1036 hominum?

1874 1069 2006 1141 Quis
2031 1079 2108 1124 est
2135 1070 2288 1124 homo
2313 1072 2403 1138 qui
2426 1072 2574 1139 vivet,
2607 1081 2654 1124 et
2684 1088 2784 1124 non
2817 1071 3002 1125 videbit
3030 1081 3270 1135 mortem,
3299 1080 3445 1130 eruet

1871 1161 2106 1213 animam
2135 1177 2286 1214 snam
2316 1161 2379 1218 de
2403 1179 2562 1214 manu
2598 1163 2792 1231 inferi"
2812 1161 3150 1230 Diapsalma.
3176 1161 3281 1216 Pro
3311 1163 3401 1218 ιΙΙο
3425 1179 3441 1220 :

1870 1250 2103 1318 Avertes,
2149 1251 2344 1321 Aquila
2387 1270 2401 1307 :
2447 1250 2756 1323 Usquequo,
2811 1252 3052 1316 Domine,
3107 1252 3442 1308 absconderis

1869 1343 1924 1395 in
1974 1344 2397 1400 contentionem?
2455 1343 2815 1414 Symmachus
2869 1360 2997 1398 vero
3047 1363 3061 1400 :
3119 1342 3439 1415 L'squequo,

1873 1433 2111 1498 Domine,
2175 1433 2511 1490 absconderis
2572 1435 2629 1492 in
2681 1437 2882 1505 linem?
2939 1434 3272 1506 Videturque
3333 1435 3441 1491 mi-

1869 1527 1920 1579 hi
1991 1543 2173 1583 sermo
2239 1543 2499 1584 arcanum
2570 1529 2686 1593 irae,
2733 1544 2960 1599 regnum
3027 1527 3244 1584 Davidis
3315 1545 3442 1588 cor-

1868 1634 2034 1689 poreo
2129 1635 2280 1674 more
2374 1628 2647 1690 sumptum
2745 1628 2798 1675 et
2897 1627 3066 1678 totam
3159 1620 3438 1679 Judaicam

1866 1811 1979 1856 tum
2003 1802 2068 1856 ad
2100 1802 2377 1873 vulgarem
2405 1803 2887 1874 exspectationem,
2909 1803 3197 1874 promissis
3217 1813 3440 1859 contra-
3533 1869 3536 1872 ,

1859 2171 2094 2241 primum
2139 2170 2317 2225 tristia
2351 2179 2691 2241 prmtereant,
2736 2183 2790 2228 et
2828 2175 3094 2243 promissa
3119 2189 3148 2226 a
3194 2174 3304 2229 Deo
3331 2173 3431 2229 ad-

1858 2265 2102 2320 veniant.
2161 2264 2366 2319 Deinde
2413 2280 2477 2318 ex
2519 2279 2751 2333 persona
2787 2264 3038 2319 humana:
3093 2264 3431 2322 inﬁrmitatis

1859 2358 1935 2411 ait
1970 2376 1983 2412 :
2019 2356 2316 2410 Memorare
2342 2372 2458 2425 qua:
2495 2371 2608 2408 mea
2637 2355 2955 2418 substantia,
2987 2364 3041 2424 et
3070 2365 3282 2412 caetera.
3322 2355 3430 2412 Pou

1859 2455 2042 2524 pulum
2076 2461 2255 2507 autem
2289 2451 2356 2506 ad
2399 2453 2512 2506 haec
2539 2450 2768 2506 dicenda
2811 2451 3045 2506 instituit
3077 2451 3428 2522 pr0pheticus

1857 2562 2059 2610 sermo,
2084 2554 2142 2600 ut
2176 2545 2344 2600 Deum
2373 2543 2626 2614 precibus
2659 2558 2721 2596 ac
2745 2543 3238 2613 supplicationibus
3268 2543 3430 2600 indur

1855 2650 1944 2695 cat
1979 2639 2045 2694 ad
2085 2637 2379 2693 sedandam
2433 2637 2569 2691 iram
2613 2635 2875 2690 adversus
2915 2643 3128 2706 gentem
3171 2649 3346 2702 suam,
3374 2644 3430 2692 et

1853 2737 2005 2800 roget
2048 2736 2108 2782 ut
2159 2728 2316 2782 ﬁnem
2365 2724 2528 2782 faciat
2557 2741 2679 2782 sese
2711 2725 3022 2780 occultandi
3058 2744 3071 2780 :
3106 2735 3258 2796 roget
3293 2728 3425 2781 item

1854 2829 1912 2876 ut
1945 2827 2024 2876 vel
2063 2836 2187 2876 sero
2214 2817 2432 2873 tandem
2475 2834 2595 2888 qua:
2626 2817 2810 2873 Davidi
2840 2819 3088 2888 promisit
3113 2819 3428 2875 hominibus

1852 2913 2119 2970 conferat.
2149 2911 2310 2979 Quia,
2351 2911 2547 2981 inquit,
2591 2911 2834 2968 humana
2881 2921 3076 2965 natura
3123 2911 3336 2965 inﬁrma
3371 2919 3426 2966 et

1851 3007 2008 3076 inops
2037 3013 2142 3072 est,
2171 3003 2262 3060 sed
2296 3012 2474 3060 tamen
2505 3007 2674 3058 multo
2699 3003 2840 3073 apud
2876 3012 2928 3058 te
2959 3004 3167 3059 honore
3195 3003 3421 3074 dignata

1849 3106 1963 3166 est;
1993 3112 2100 3152 non
2131 3097 2276 3152 enim
2326 3111 2464 3152 vane
2511 3097 2712 3152 creasti
2764 3094 2908 3154 ﬁlios.
2950 3095 3252 3160 hominum,
3282 3109 3425 3166 quos

173 3189 316 3262 πλὴν
348 3190 484 3244 ἀλλά
507 3191 765 3261 πλείστης
789 3191 1014 3261 ἠξίωται
1042 3191 1192 3262 παρά
1216 3191 1298 3245 σοὶ
1322 3190 1513 3261 τιμῆς·
1547 3189 1608 3242 οὐ
1639 3189 1740 3261 γὰρ

1851 3192 2148 3248 secumlum
2181 3190 2470 3260 imaginem
2501 3197 2648 3243 tuam
2674 3187 3005 3255 condidisti;
3035 3195 3324 3258 eapropter
3356 3203 3425 3243 ne

179 3283 424 3354 ματαίως
447 3281 668 3346 ἔκτισας
691 3285 816 3344 τοὺς
849 3282 997 3344 υἱοὺς
1026 3281 1131 3335 τῶν
1162 3280 1483 3353 ἀνθρώπων,
1507 3281 1600 3344 οὓς
1627 3280 1743 3338 κατ’

177 3372 362 3425 εἰκόνα
392 3372 503 3442 ,τὴν
534 3372 630 3442 σὴν
664 3370 1101 3442 ἐδημιούργησας
1121 3388 1134 3401 ·
1159 3371 1224 3424 δι’
1254 3371 1282 3423 ὃ
1332 3371 1419 3425 ἵνα
1453 3371 1526 3441 μὴ
1565 3369 1626 3422 τὸ
1655 3369 1745 3426 σὸν

181 3463 382 3533 κτίσμα
413 3465 507 3516 καὶ
537 3467 569 3535 ή
608 3463 674 3536 σὴ
706 3463 868 3517 εἰκὼν
904 3463 1284 3535 παραπόληται
1331 3462 1420 3516 διὰ
1451 3462 1548 3533 τῆς
1591 3461 1747 3514 ἐπελ-

183 3553 376 3622 θούσης
419 3554 606 3626 ὀργῆς,
641 3557 733 3609 καὶ
771 3556 870 3626 τῆς
907 3556 1016 3608 τῶν
1058 3555 1479 3627 ἐπηγγελμένων
1511 3553 1743 3625 ὑπερθέ-

185 3664 339 3713 σεως,
370 3647 594 3718 τάχυνον
631 3648 1039 3720 ἀνακτήσασθαι
1071 3648 1139 3702 τά
1172 3647 1488 3720 σκυθρωπὰ,
1522 3648 1614 3700 καὶ
1653 3647 1743 3700 θε-

186 3741 447 3814 ραπεῦσαι
469 3741 534 3795 τὰ
557 3742 856 3812 νοσήσαντα
876 3739 964 3794 διὰ
993 3739 1094 3809 τῆς
1120 3739 1226 3792 τῶν
1263 3737 1481 3806 ἀγαθῶν
1507 3739 1742 3806 ἐπαγγε-

184 3832 309 3887 λιῶν
350 3835 636 3898 ἐκδάσεως.
680 3835 740 3886 Et
777 3833 873 3904 μὲν
916 3832 1026 3904 γὰρ
1069 3828 1208 3903 ἦσαν
1248 3834 1296 3886 oi
1344 3831 1620 3903 ἄνθρωποι
1664 3834 1744 3896 είς

194 3925 407 3999 μάταιον
451 3925 757 3996 ὲκτισμένοι
810 3923 1012 3995 ὁμοίως
1062 3925 1173 3986 τοῖς
1219 3923 1312 3976 ἐπὶ
1364 3923 1468 3993 γῆς
1530 3922 1742 3990 ἀλόγοις

193 4017 360 4082 ζώοις.
399 4018 493 4070 οὐκ
529 3999 594 4072 ἀφ
636 4017 786 4070 οὐδὲν
830 4017 1014 4079 αὐτοῖς
1049 4015 1218 4086 ἐχρῆν
1246 4014 1387 4084 μέγα
1409 4012 1741 4082 ἐπαγγέλλε-

195 4108 311 4162 σθαι
328 4124 340 4138 ·
363 4109 445 4161 ὅτε
469 4107 524 4160 δὲ
555 4108 779 4161 τοιαῦτα
809 4107 1097 4175 φθάνουσιν
1123 4106 1432 4178 ἀνθρώποις
1461 4105 1742 4175 εὐαγγελι-

198 4201 404 4270 ζόμεναι
438 4202 490 4254 αἱ
538 4201 675 4272 πρὸς
719 4200 810 4252 τὸν
850 4198 1010 4252 Δαυῒδ
1041 4199 1395 4269 ὁρκωμοσίαι,
1435 4199 1593 4252 παντί
1636 4215 1739 4251 που

196 4292 342 4362 δῆλον
370 4290 617 4354 ποιοῦσιν,
640 4292 721 4344 ὅτι
746 4291 820 4361 μὴ
843 4291 934 4342 ἐπὶ
967 4290 1178 4361 ματαίῳ
1203 4289 1422 4352 ἔκτισας
1445 4290 1571 4348 τοὺς
1592 4289 1740 4351 υἱοὺς

200 4386 298 4438 τῶν
327 4382 630 4454 ἀνθρώπων.
671 4383 822 4436 Ἐπεὶ
849 4383 1026 4436 τοίνυν
1054 4381 1304 4451 τοιαύτης
1331 4381 1558 4452 ἠξίωται
1587 4381 1738 4453 παρὰ

204 4477 279 4529 σοὶ
300 4475 508 4546 τιμῆςῆ
545 4473 859 4546 ἀνθρωπεία
888 4473 1068 4542 φύσις,
1111 4473 1333 4538 εἰκότως
1375 4475 1536 4545 φημὶ,
1573 4473 1736 4542 Μνή-

1847 3282 2120 3353 opiﬁcium
2152 3291 2303 3336 tuum
2331 3288 2384 3336 et
2429 3281 2606 3351 imago
2640 3288 2733 3334 tua
2765 3294 2862 3348 per
2898 3282 3240 3351 ingruentem
3285 3280 3420 3336 iram

1846 3384 1899 3431 et
1929 3376 2322 3447 promissorum
2355 3373 2664 3428 dilationem
2722 3380 2925 3444 pereat,
2977 3385 3190 3430 mature
3241 3373 3422 3430 tristia

1847 3468 1937 3522 illa
1968 3483 2209 3537 repares,
2249 3466 2584 3536 inﬁrmisque
2635 3465 2903 3520 medearis
2949 3481 3047 3535 per
3097 3466 3422 3536 promissio-

1847 3577 1975 3614 num
2009 3561 2213 3615 exitum
2244 3567 2298 3614 et
2353 3559 2832 3630 complementum.
2885 3557 3018 3612 Nam
3069 3560 3116 3613 si
3168 3558 3421 3614 homines

1845 3654 2066 3724 perinde
2085 3660 2246 3722 atque
2268 3653 2426 3706 bruta
2443 3650 2701 3705 animalia
2724 3651 2777 3704 in
2802 3665 3001 3704 vanum
3018 3651 3187 3704 creati
3208 3657 3414 3714 essent,

1844 3745 1980 3800 nihil.
2013 3746 2146 3815 ipsis
2175 3759 2425 3814 magnum
2476 3740 2897 3813 promittendum
2929 3749 3074 3796 esset
3114 3760 3127 3795 :
3159 3756 3284 3796 cum
3315 3756 3416 3795 au-

1845 3848 1947 3892 tem
1969 3838 2276 3907 juramenta
2313 3834 2498 3889 Davidi
2527 3835 2674 3899 data,
2724 3834 2852 3888 talia
2905 3834 3048 3889 bona
3099 3833 3416 3889 hominibus

1844 3929 2199 3994 annuntient;
2227 3941 2290 3982 ea
2322 3941 2454 3982 sane
2479 3927 2655 3996 palam
2683 3925 2892 3980 faciunt
2917 3933 2971 3980 te
2997 3941 3105 3980 non
3134 3925 3189 3979 in
3211 3940 3410 3979 vanum

1841 4037 2058 4076 creasse
2084 4020 2221 4073 ﬁlios
2250 4018 2548 4072 hominum.
2578 4017 2716 4084 Quia
2747 4017 2911 4088 igitur
2949 4017 3186 4070 humana
3215 4024 3412 4071 natura

1843 4114 1934 4166 tali
1963 4113 2060 4167 abs
2087 4119 2138 4166 te
2169 4112 2374 4164 honore
2397 4110 2598 4163 donata
2624 4117 2731 4174 est,
2754 4109 2880 4179 jure
2909 4107 3034 4164 dico
3061 4127 3074 4164 :
3110 4106 3414 4164 Memorare

1839 4220 1954 4275 qua‘
2011 4219 2121 4256 mea
2151 4201 2480 4262 substantia;
2507 4209 2560 4256 et
2589 4202 2878 4256 recordare
2909 4208 2962 4254 te
2992 4215 3099 4255 non
3127 4202 3182 4254 in
3209 4217 3410 4255 vanum

1841 4310 2058 4350 creasse
2101 4294 2240 4348 ﬁlios
2270 4294 2569 4348 hominum.
2603 4290 2708 4347 Sed
2747 4291 2908 4346 etiam
2943 4291 2994 4346 id
3034 4292 3311 4348 recordari
3357 4302 3412 4348 te

1842 4401 2052 4456 precor,
2080 4387 2288 4440 nullum
2313 4400 2434 4441 esse
2473 4385 2752 4438 hominum
2788 4386 2878 4454 qui
2910 4391 3137 4439 mortem
3171 4399 3279 4439 non
3312 4367 3410 4440 de.—

1841 4487 2039 4548 gustet,
2062 4494 2160 4533 nec
2183 4493 2343 4547 posse
2363 4492 2690 4547 quemquam
2717 4477 2951 4534 animam
2973 4491 3124 4531 suam
3142 4491 3208 4531 ex
3233 4483 3408 4530 morte

203 4571 358 4634 σθητι
384 4568 466 4633 τίς
505 4583 623 4636 μου
667 4566 1036 4632 ὑπόστασιςν
1078 4566 1171 4618 καὶ
1204 4565 1490 4637 μνήσθητι,
1542 4565 1624 4618 ὅτι
1661 4565 1734 4636 μὴ

1850 4572 2100 4635 liberare;
2137 4586 2310 4639 neque
2361 4569 2504 4624 enim
2546 4568 2600 4622 id
2649 4567 2896 4624 beneﬁcii
2947 4569 3175 4638 accepit.
3218 4567 3410 4637 Itaque

212 4659 422 4727 ματαίως
460 4658 672 4721 ἔκτισας
717 4659 842 4721 τοὺς
874 4658 1022 4720 υίοὺς
1063 4657 1170 4710 τῶν
1212 4655 1532 4728 ἀνθρώπων.
1577 4655 1736 4708 Ἀλλὰ

211 4750 455 4804 καὶτοῦτο
491 4751 790 4823 μνησθῆναι
823 4749 980 4816 ἀξιῶ,
1011 4750 1091 4803 ὅτι
1127 4749 1298 4813 οὐδείς
1339 4751 1487 4802 ἐστιν
1524 4747 1734 4818 ἀνθρω-

215 4859 316 4905 πος,
341 4842 390 4905 ὃς
416 4842 662 4910 ἄγευστος
697 4842 952 4912 τυγχάνει
985 4840 1236 4902 θανάτου,
1275 4841 1381 4893 οὐδ’
1406 4835 1514 4903 οἷός
1555 4840 1617 4893 τὲ
1649 4838 1734 4902 τίς

215 4936 340 4986 ἐστιν
367 4933 506 4995 αὐτὸς
532 4933 722 4986 ἑαυτοῦ
761 4935 857 5003 τὴν
881 4933 1057 5003 ψυχὴν
1092 4935 1154 4985 ἐκ
1181 4932 1411 4988 θανάτου
1441 4931 1729 5004 ῥύσασθαι,

217 5023 318 5076 οὐδὲ
336 5024 415 5076 καὶ
433 5023 574 5076 τοῦτο
605 5024 857 5094 τυγχάνει
878 5025 978 5094 τῆς
1009 5025 1343 5096 εὐεργεσίας.
1375 5026 1533 5078 Ὥστε
1559 5027 1606 5077 εί
1638 5025 1732 5078 καὶ

217 5114 403 5168 τοιαῦτα
428 5117 726 5187 ἡμάρτανον
765 5119 812 5170 οί
847 5117 939 5169 τοῦ
980 5117 1246 5170 Ἰουδαίων
1275 5117 1478 5180 ἔθνους,
1514 5117 1592 5179 ὡς
1632 5115 1731 5180 τὰς

218 5207 559 5270 ἐπαναστάσεις
601 5209 676 5278 (1)
707 5209 808 5272 τὰς
835 5209 969 5280 πρδς
994 5210 1083 5262 τὸν
1115 5209 1280 5265 Δαυῒδ
1307 5211 1387 5272 είς
1425 5209 1731 5265 τούναντίον

221 5303 373 5366 αὐτοῖς
404 5303 806 5374 περιτραπῆναι,
851 5303 946 5355 καὶ
977 5303 1076 5372 τὴν
1107 5304 1170 5355 ἐκ
1212 5303 1528 5374 σπέρματος
1564 5301 1728 5356 αὐτοῦ

223 5395 425 5466 διαδοχὴν
453 5396 538 5448 σὺν
575 5395 653 5466 τῷ
683 5396 784 5466 τῆς
818 5395 1095 5466 βασιλείας
1126 5395 1300 5468 θρόνῳ
1329 5395 1725 5468 καταλυθῆναι·

224 5477 274 5540 οὒ
303 5486 388 5556 μὴν
411 5485 525 5540 ἀλλὰ
552 5487 644 5538 καὶ
677 5487 837 5539 αὐτὸν
863 5486 952 5538 τὸν
975 5486 1207 5556 Χριστόν
1250 5503 1343 5539 σου
1375 5485 1600 5539 τοιαῦτα
1630 5503 1725 5538 πα-

225 5579 316 5631 θεῖν
339 5579 420 5631 ὑπὸ
451 5579 546 5633 τῶν
569 5578 770 5642 αὐτῶν,
797 5579 956 5632 ὁποῖα
983 5577 1344 5649 προλαϐόντες
1379 5579 1428 5632 οἱ
1462 5579 1544 5631 σοὶ¹
1577 5577 1721 5646 λόγοι

229 5669 332 5740 περὶ
353 5671 490 5742 ,αὑτὸν
530 5669 856 5742 γενήσεσθαι
887 5670 1296 5742 προεφήτευσαν
1316 5687 1328 5699 ·
1363 5670 1497 5724 ἀλλὰ
1534 5671 1608 5742 μὴ
1641 5672 1720 5735 είς

230 5760 349 5824 τέλος
374 5763 752 5834 ἀποστραφῆναι
780 5762 1055 5837 ἀξιοῦμεν,
1098 5763 1233 5835 μηδὲ
1267 5762 1341 5834 ὼς
1393 5765 1501 5840 πῦρ
1525 5765 1723 5833 ἐκκαυ-

289 5851 346 5926 (l)
376 5852 422 5907 L.
446 5855 775 5928 ἐπαγγελίας.

1837 4663 2049 4718 etiamsi
2075 4663 2198 4717 talia
2227 4662 2426 4718 fuerint
2454 4659 2695 4715 Iudaica:
2723 4661 2900 4730 gentis
2929 4661 3154 4726 scelera,
3188 4668 3245 4714 ut
3273 4675 3407 4730 prce

1836 4755 2001 4808 missa
2043 4753 2225 4806 Davidi
2266 4754 2389 4808 data
2422 4754 2475 4806 in
2508 4755 2843 4807 contrarium
2881 4752 3016 4822 ipsis
3039 4751 3317 4816 cederent,
3349 4758 3407 4808 et

1834 4841 2112 4902 successio
2141 4846 2366 4900 seminis
2393 4846 2512 4914 ejus
2536 4859 2641 4898 una
2667 4860 2792 4898 eum
2822 4845 2972 4914 regni
3003 4846 3202 4898 throno
3228 4844 3406 4900 solve-

1831 4945 2015 5005 retur;
2053 4938 2162 4992 imo
2193 4937 2355 4991 etiam
2389 4937 2503 5006 ipse
2540 4935 2792 4991 Christus
2825 4945 2951 4990 tuus
2985 4935 3112 4989 talia
3155 4936 3225 4990 ab
3267 4935 3404 5006 ipsis

1833 5035 2126 5098 pateretur,
2147 5027 2328 5097 qualia
2352 5026 2504 5094 prius
2526 5040 2809 5082 sermones
2831 5024 2908 5079 tui
2933 5025 3036 5096 ipsi
3063 5025 3244 5081 futura
3266 5038 3402 5095 pre-

1831 5119 2187 5174 nuntiabaut:
2220 5124 2457 5170 attamen
2501 5130 2789 5185 precamur
2822 5131 2892 5170 ne
2933 5116 2989 5170 in
3032 5115 3192 5170 ﬁnem
3227 5131 3402 5184 usque

1831 5209 2118 5270 avertaris,
2148 5222 2324 5276 neque
2349 5205 2428 5260 ira
2457 5213 2546 5261 tua
2571 5207 2712 5262 sicut
2745 5207 2885 5276 ignis
2917 5207 3274 5271 accendatur;
3302 5205 3398 5261 sed

1831 5301 2134 5355 recorderis
2176 5314 2298 5368 quae
2353 5297 2660 5354 substantia
2697 5314 2836 5362 mea,
2868 5299 2962 5368 qui
3011 5299 3124 5354 haec
3165 5313 3263 5368 pro
3289 5299 3400 5356 illis

1832 5395 2068 5465 postulo,
2093 5401 2145 5447 et
2167 5407 2289 5463 qum
2317 5393 2388 5447 sit
2417 5393 2698 5446 hominum
2727 5392 3035 5455 inﬁrmitas,
3063 5393 3154 5462 qui
3187 5401 3396 5448 morta-

1830 5486 1934 5540 lem
1963 5493 2013 5538 et
2065 5483 2306 5538 interitui
2359 5481 2650 5538 obnoxiam
2703 5491 2952 5537 naturam
2999 5484 3180 5537 sortiti
3219 5491 3395 5539 sunt:

1827 5577 2135 5632 recorderis
2162 5579 2288 5632 item
2319 5577 2420 5641 tui,
2447 5577 2538 5646 qui
2576 5592 2684 5630 non
2715 5575 2768 5629 in
2805 5591 3000 5629 vanum
3023 5576 3220 5630 creasti
3259 5575 3397 5632 ﬁlios

1827 5669 2129 5737 hominum,
2153 5669 2248 5726 sed
2272 5668 2342 5722 ad
2365 5683 2614 5738 magnam
2641 5683 2789 5738 spem
2815 5683 2979 5738 penes
3002 5677 3055 5724 te
3079 5669 3393 5739 repositam.

1831 5760 2210 5832 Supplieamus
2241 5770 2418 5830 autem
2453 5769 2508 5826 ut
2536 5758 2646 5829 hate
2678 5760 2729 5814 in
2761 5759 3074 5830 memoriam
3106 5773 3392 5832 revocans,
