3972 6812
589 429 730 484 HI9
1077 477 1081 479 .
1267 427 1537 484 EUSEBll
1574 427 2053 487 CES‘ARIENSIS
2091 429 2246 489 OPP.
2291 427 2491 484 PARS.
2535 425 2625 483 Ill.
2661 457 2734 468 —
2773 424 3202 483 EXI-ZGE’I'lCA.~
3779 433 3856 488 it?
3888 487 3889 500 χ

586 545 669 602 vel
693 559 820 601 sero
855 543 1290 601 tandem'mittas
1328 545 1486 601 nobis
1532 559 1678 609 eum,
1705 545 1799 616 qui
1830 552 1884 601 et
1913 561 1944 601 a
1979 553 2154 602 morte

2320 561 2413 615 ιναι
2435 544 2534 615 τὴν
2563 542 2734 615 όργήν
2772 559 2888 606 σου,
2923 541 3228 612 μνησθῆναι
3267 540 3346 594 δὲ
3391 538 3501 604 τίς
3547 557 3667 611 μου
3709 542 3858 598 ἐστὶν·

585 644 832 701 eruatur,
863 643 918 692 et
940 637 1009 691 ab
1038 635 1252 691 inferno
1282 643 1564 692 revocetur
1586 636 1697 707 (i);
1725 643 1856 692 etut
1887 637 2046 692 linem
2073 637 2152 697 fa-

2287 638 2570 703 ›πόστασις,
2593 635 2687 689 τοῦ
2719 634 2891 688 ταῦτα
2917 636 3057 706 ὑπὲρ
3074 635 3270 688 αὐτῶν
3317 632 3790 704 πρεσϐεΜ,
3808 659 3855 692 τε

587 730 703 784 eias
724 740 776 784 te
797 744 828 782 a
851 727 1008 784 nobis
1033 720 1330 793 avertendi,
1361 728 1605 800 iramque
1633 735 1780 782 tuam
1805 729 1983 794 sedes,
2011 730 2153 800 ignis

2293 729 2341 792 ίς
2367 730 2399 800 ἡ
2431 727 2536 781 τῶν
2565 725 2864 798 ἀνθρώπων
2884 726 3155 788 ἀσθένεια,
3173 726 3312 779 τῶν
3350 724 3606 796 θνητὴν
3638 725 3792 794 φύσιν
3811 749 3857 784 z;

586 820 760 874 instar
788 819 987 889 papnlo
1019 826 1112 872 tuo
1144 818 1505 890 ingruentem,
1537 834 1600 874 ac
1625 835 1745 890 qua:
1779 819 1997 891 juratus
2027 835 2154 891 pro-

2281 820 2473 890 lavd‘rqi
2503 817 2900 889 δεδουλωμένην
2942 817 3230 888 είληχότων
3259 834 3281 850 ·
3331 817 3703 888 μνησθῆναι
3725 820 3776 874 ἃ
3803 831 3849 876 u’

587 911 756 967 missa
783 909 970 966 Davidi
995 909 1214 976 dedisti,
1245 912 1500 981 operibus
1533 913 1800 982 perﬁcias.

2285 909 2460 964 παυτοῦ
2491 910 2565 981 μὴ
2592 909 2683 962 ἐπὶ
2720 909 2933 981 ματαίῳ
2956 909 3240 972 κτίσαντος
3275 910 3450 972 τοὺς
3481 910 3658 972 υἱοὺς
3681 912 3784 962 τῶν
3805 917 3853 965 ἐν

587 999 842 1072 θρώπων,
887 1001 1002 1056 ἀλλ’
1044 1002 1138 1056 ἐπὶ
1183 1001 1444 1074 μεγάλαις
1484 1003 1661 1060 ἐλπίσι
1705 1007 1825 1070 ταῖς
1895 1002 2046 1076 παρὰ
2097 1001 2200 1057 σοί.
2257 1004 2368 1058 Καὶ
2409 1001 2610 1055 τούτων
2657 1001 2738 1064 είς
2785 1001 3003 1071 μνήμην
3054 998 3348 1052 ἐλθόντων
3417 998 3761 1070 ἱκετεύομεν
3793 1007 3849 1070 ξέέ

589 1093 718 1147 ποτὲ
741 1092 832 1146 τὸν
875 1094 969 1146 καὶ
1012 1095 1079 1146 ἐκ
1131 1092 1361 1147 Θανάτου
1401 1093 1681 1166 ῥυόμενον,
1730 1096 1825 1149 καὶ
1873 1094 1933 1160 ἐξ
1974 1093 2100 1166 ᾅδου
2144 1091 2580 1162 ἀνακαλούμενον
2623 1089 2976 1160 καταπέμψαι
3017 1091 3147 1160 ἡμῖν
3169 1129 3184 1153 ,
3231 1090 3360 1144 καὶ
3412 1088 3764 1143 παύσασθαι
3797 1099 3852 1160 g3.-

589 1183 998 1258 ἀποστρέφοντα
1037 1183 1230 1239 ἑαυτὸν
1272 1184 1332 1250 ἐξ
1357 1186 1539 1257 ἡμῶν,
1586 1187 1934 1243 καταπαῦσαι
1964 1187 2024 1240 δὲ
2063 1185 2157 1239 καὶ
2181 1187 2278 1257 τὴν
2303 1184 2474 1256 πυρὸς
2513 1184 2666 1256 δίκην
2690 1181 3020 1236 ἐπελθοῦσαν
3070 1184 3165 1237 ἐπὶ
3219 1183 3334 1237 τὸν
3370 1181 3536 1235 λαόν
3561 1198 3667 1236 σου

589 1278 770 1350 ἔργοις
793 1278 850 1332 δὲ
882 1279 1185 1333 ἐπιτελέσαι
1217 1279 1282 1344 ἃς
1322 1279 1541 1352 ὤμοσας
1575 1283 1710 1356 πρὸς
1735 1283 1896 1337 Δαυῒδ
1926 1279 2275 1352 ἐπαγγελίας.
3888 1325 3889 1342 χ

663 1369 830 1426 Vens.
860 1370 950 1426 50.
985 1368 1084 1424 Ubi
1102 1380 1224 1425 sunt
1251 1372 1624 1428 misericordia:
1645 1384 1748 1429 tute
1769 1377 2017 1445 antiquae,
2049 1373 2160 1428 Do-

2326 1367 2452 1424 Ποῦ
2471 1367 2601 1421 ἐστι
2628 1365 2701 1420 τὰ
2721 1366 2861 1435 mn
2888 1382 3004 1421 σου
3032 1364 3103 1419 τὰ
3125 1365 3396 1436 ἀρχαῖα,
3427 1365 3659 1432 Κύριε,
3683 1364 3724 1418 d
3745 1365 3839 1435 ὦρτ-

593 1463 752 1527 mine,
787 1477 918 1532 quas
934 1459 1138 1530 jurasti
1171 1461 1341 1516 David
1371 1463 1424 1517 in
1456 1465 1669 1519 veritate
1691 1475 1781 1519 tua
1803 1468 1830 1522 2
1864 1465 2004 1532 Quia
2049 1481 2158 1520 non

2320 1475 2374 1526 ις
2401 1457 2481 1525 τῷ
2516 1457 2696 1512 Δαυῒδ
2725 1457 2795 1510 ἐν
2831 1456 2906 1525 τῇ
2948 1456 3197 1525 ἀληθείᾳ
3241 1472 3393 1511 σου
3415 1471 3443 1519 ;
3484 1457 3626 1510 Ὅτι
3667 1457 3739 1526 μὴ
3781 1478 3841 1526 με.

595 1553 650 1607 in
674 1565 896 1616 vanum,
928 1551 1126 1621 inquit,
1151 1552 1353 1608 creasti
1381 1567 1572 1609 omnes
1591 1553 1746 1610 'filios
1779 1554 2080 1619 hominum,
2105 1560 2160 1609 et

2320 1552 2443 1614 .ίως,
2482 1549 2668 1622 φησὶν,
2713 1548 2934 1611 ἔκτισας
2978 1549 3184 1611 πάντας
3221 1549 3378 1611 τοὺς
3429 1547 3612 1610 υἱοὺς
3651 1546 3754 1600 τῶν
3783 1550 3836 1601 ἐν

595 1642 738 1716 apud
773 1653 824 1698 te
845 1642 923 1697 illi
950 1643 1004 1697 in
1031 1642 1240 1698 honore
1273 1643 1558 1712 habentur,
1581 1660 1757 1715 neque
1783 1661 1903 1702 sese
1929 1651 2160 1716 possunt

2263 1639 2513 1713 θρώπων,
2545 1639 2863 1709 τετίμηνται
2890 1636 2948 1690 δὲ
2981 1636 3131 1708 παρὰ
3159 1637 3260 1700 σοὶ,
3299 1635 3431 1706 οὐχ
3464 1635 3590 1688 οἷοί
3633 1653 3696 1688 τε
3727 1637 3772 1688 δέ

595 1751 627 1789 a
653 1740 828 1789 morte
865 1748 1094 1795 eruere;
1142 1732 1264 1788 ideo
1286 1749 1490 1804 precor
1516 1743 1570 1790 et
1601 1738 1849 1807 supplico
1893 1745 1951 1791 ut
1981 1744 2158 1792 matu-

2262 1749 2345 1786 σιν
2400 1731 2623 1794 ἑαυτοὺς
2679 1728 2941 1800 ῥύσασθαι
2992 1729 3056 1781 ὲκ
3113 1726 3366 1780 θανάτου
3384 1743 3406 1757 ο
3465 1725 3680 1778 τούτου
3723 1728 3830 1796 lips

807 1787 821 1789 _
876 1787 887 1789 -
940 1787 991 1789 ,-
1042 1787 1094 1795 ,_
1146 1787 1153 1788 ,
1210 1787 1250 1788 ρ
1524 1787 1566 1790 _-
1602 1787 1842 1807 -_,,-_--
1897 1787 2127 1792 --ωη-

595 1838 684 1879 res
713 1823 978 1879 bonarum
1011 1823 1434 1892 promissionum
1480 1827 1874 1896 complementa
1901 1827 2158 1883 exhibere

2258 1821 2445 1892 δέομαι
2493 1818 2588 1873 καὶ
2603 1787 2883 1874 ⁷ἀντιϐολῶ
2927 1814 3159 1870 σπεῦσαι
3195 1815 3289 1868 καὶ
3341 1813 3480 1867 τῶν
3531 1787 3826 1881 ἐπαγ-τελέει

597 1912 774 1976 nobis,
810 1909 930 1982 qua:
982 1927 1012 1965 a
1053 1909 1272 1968 Christo
1316 1920 1430 1979 tuo,
1468 1923 1592 1983 post
1635 1915 1906 1971 sublatum
1937 1914 2158 1970 Davidis

2261 1929 2354 1964 σου
2375 1911 2483 1963 τῶν
2516 1909 2736 1979 ἀγαθῶν
2764 1909 2934 1974 δεῖξαι
2958 1912 3092 1981 ἡμῖν
3128 1909 3196 1962 τὰ
3223 1908 3718 1978 ἀποτελέσματα,
3747 1925 3823 1959 οπ-

594 2019 842 2074 regnum,
895 2001 1224 2058 conferenda
1279 2010 1429 2059 sunt.
1475 2003 1757 2061 Festinare
1805 2013 1986 2068 autem
2026 2022 2158 2076 rogo

2259 2002 2538 2073 ενεχθέντα
2554 2002 2692 2056 κατὰ
2707 2001 2798 2054 τοῦ
2828 2000 3062 2074 Χριστοῦ
3087 2001 3162 2071 (2)
3187 2018 3280 2054 σου
3305 2000 3426 2053 καὶ
3463 1999 3620 2070 μετά
3646 2000 3738 2068 τὴν
3759 2001 3817 2066 τῆς

596 2104 885 2165 antequam
918 2094 1219 2150 .hominum
1262 2111 1436 2168 genus
1475 2096 1719 2152 funditus
1761 2106 1964 2168 pereat.
2025 2097 2159 2164 Quis

2261 2094 2536 2166 βασιλείας
2555 2095 2648 2148 τοῦ
2685 2093 2845 2147 Δαυῒδ
2877 2093 3210 2164 καθαίρεσιν.
3245 2092 3483 2163 Δέομαι
3525 2090 3590 2143 δὲ
3616 2091 3820 2159 ἐπιταχί-

596 2187 741 2240 enim
773 2185 1052 2240 hominum
1087 2194 1266 2256 potest
1319 2203 1378 2244 se
1423 2188 1492 2243 de
1531 2203 1695 2242 manu
1741 2188 1902 2244 inferi
1931 2205 2156 2257 eruere;

2258 2203 2344 2240 ναι
2397 2187 2526 2257 πρὶν
2571 2186 2919 2240 κατάπτωσιν
2972 2183 3207 2254 παντελῆ
3252 2183 3316 2236 τὸ
3378 2181 3512 2236 τῶν
3560 2179 3811 2250 ἀνθρώπω

599 2278 702 2332 nisi
733 2293 873 2332 unus
902 2277 993 2334 ille
1020 2281 1112 2348 qui
1152 2280 1328 2353 primo
1361 2281 1624 2350 seipsum,
1652 2280 1850 2337 deinde
1885 2296 2074 2337 omnes
2103 2283 2158 2336 in

2259 2277 2556 2348 ὑποστῆναι
2597 2277 2770 2345 γένος.
2810 2276 2907 2339 Τίς
2946 2277 3054 2346 γάρ
3090 2277 3238 2329 ἐστιν
3271 2273 3618 2345 ἀνθρώπιον
3653 2275 3682 2325 ό
3706 2272 3813 2324 διινέ-

595 2383 656 2423 se
692 2376 1000 2439 sperantes,
1046 2385 1078 2424 a
1111 2373 1283 2440 portis
1313 2375 1505 2428 mortis
1541 2373 1828 2429 liberavit?
1853 2375 1906 2429 ls
1945 2374 2158 2429 etiamsi

2263 2385 2419 2440 μενος
2455 2368 2618 2432 αὐτὸς
2652 2369 2840 2423 ἑαυτὸν
2864 2369 2928 2422 ὲκ
2959 2368 3140 2439 χειρὸς
3166 2367 3292 2439 ᾅδου
3333 2363 3654 2438 ῥύσασθαι,
3694 2365 3739 2415 εἰ
3761 2365 3804 2432 μή

596 2476 658 2513 ea
683 2475 948 2531 passurus
967 2462 1039 2518 sit
1064 2477 1185 2533 qua:
1221 2463 1275 2519 in
1314 2464 1599 2535 prophetia
1637 2464 1886 2521 feruntur
1926 2465 2013 2522 his
2037 2481 2160 2521 ver-

2291 2455 2338 2523 ἶς
2384 2461 2540 2530 μόνος
2565 2461 2595 2513 ὁ
2635 2459 2849 2531 πρῶτος
2884 2460 2980 2530 μὲν
3016 2459 3177 2522 αὐτὸς
3219 2458 3454 2522 ἑαυτὸν,
3510 2453 3635 2510 εἶτα
3663 2455 3716 2508 δὲ
3749 2457 3808 2508 ita:
3853 2471 3859 2535 ξ

599 2554 679 2608 bis
724 2571 738 2608 :
786 2552 941 2608 Nune
977 2564 1155 2610 autem
1191 2556 1434 2626 reputisti
1474 2568 1524 2611 et
1573 2556 1888 2626 despexisti,
1924 2557 2161 2627 abjecisti

2261 2553 2466 2616 πάντας
2506 2553 2632 2616 τοὺς
2674 2555 2754 2616 είς
2796 2552 2956 2605 αὑτὸν
2998 2551 3442 2613 πεπιστευκότας
3495 2553 3570 2603 ἐκ
3613 2548 3709 2601 τῶν

597 2645 868 2701 Christum
899 2656 1082 2714 tuum;
1113 2655 1349 2704 attamen
1373 2657 1466 2704 tua
1492 2649 1558 2704 ad
1590 2648 1842 2704 Davidem
1873 2647 2014 2703 facta
2038 2663 2164 2719 pro-

2261 2646 2492 2701 θανᾶτου
2525 2645 2706 2700 πυλῶν
2736 2643 3068 2716 ρυσάμενος;
3098 2643 3160 2696 Εἰ
3190 2644 3286 2696 καὶ
3314 2639 3569 2696 τοιαῦτα
3590 2637 3798 2698 πείσεται,

602 2734 771 2788 missa
798 2743 1183 2808 consequetur.
1201 2735 1334 2795 Nam
1355 2737 1742 2794 misericordiae
1765 2747 1888 2806 tuae,
1914 2738 2158 2800 Domine.

2260 2737 2348 2794 οἷα
2361 2740 2598 2810 διείληφε
2616 2742 2650 2810 ἡ
2667 2736 2972 2810 προφητεία
2989 2737 3058 2790 τὰ
3083 2735 3190 2790 ἀπὸ
3206 2733 3324 2798 τοῦ,
3347 2733 3524 2790 Νυνὶ
3552 2731 3622 2786 δὲ
3635 2729 3795 2785 ὀπάσω

597 2835 652 2881 et
685 2829 886 2885 veritas
913 2837 1003 2884 tua
1039 2830 1094 2885 in
1134 2832 1392 2886 saculum
1427 2843 1666 2899 manent,
1697 2847 1759 2887 ac
1785 2847 1856 2886 ne
1883 2832 1963 2888 vel
1995 2847 2161 2886 unum

2262 2832 2359 2886 καὶ
2378 2831 2808 2897 ὲξουδένωσας,
2838 2827 3133 2884 dri-:6de
3158 2827 3263 2882 τὸν
3285 2826 3570 2896 Χριστόν
3591 2839 3712 2885 σου.
3727 2821 3791 2889 ςή-

601 2918 1027 2986 promissionum
1049 2927 1267 2976 tuarum
1299 2924 1523 2977 verbum
1546 2921 1778 2978 excidet.
1805 2922 1956 2978 Licet
1981 2930 2161 2978 autem

2266 2939 2404 2976 σασα
2428 2937 2442 2953 ο
2499 2923 2649 2994 ὅμως
2679 2921 2776 2974 καὶ
2805 2920 2912 2973 τῶν
2939 2918 3048 2973 σῶν
3089 2917 3227 2989 πρὸς
3264 2917 3358 2971 τὸν
3397 2911 3579 2970 Δαυτδ
3611 2914 3785 2978 eruni-

601 3022 746 3063 nunc
770 3009 1007 3066 tristium
1034 3009 1248 3066 illorum
1270 3027 1390 3082 quae
1413 3021 1671 3068 eventura
1697 3022 1824 3069 sunt
1846 3015 2161 3070 memoriam

2263 3013 2391 3068 λιῶν
2429 3013 2694 3082 τεύξεται.
2730 3011 2812 3066 Τὰ
2847 3011 2957 3085 γὰρ
2988 3010 3112 3082 ὲλέη
3145 3027 3260 3072 σου,
3289 3009 3500 3081 Κύριε,
3536 3002 3769 3074 καὶήάλξ

599 3105 869 3166 repetens.
901 3098 1079 3152 dicam
1122 3115 1136 3154 :
1181 3098 1281 3154 Ubi
1325 3111 1445 3154 sunt
1481 3100 1852 3155 misericordia:
1890 3111 1994 3156 tute
2025 3105 2164 3156 anti-

2216 3127 2230 3181 Ξ
2265 3107 2386 3161 θειά
2412 3123 2505 3160 σου
2540 3108 2620 3170 εἰς
2646 3105 2736 3160 τὺν
2763 3105 2931 3158 αἰῶνα
2971 3103 3121 3174 μένει
3155 3101 3248 3155 καὶ
3273 3101 3396 3156 οὐδὲ
3445 3095 3533 3163 εἷς
3555 3097 3698 3165 λόγος
3719 3092 3784 3145 τὲνδ

598 3202 737 3256 quia,
776 3186 1019 3252 Domine,
1068 3205 1199 3260 quas
1235 3190 1440 3260 jurasti
1486 3191 1657 3246 David
1695 3194 1750 3246 in
1788 3193 2004 3247 ueritate
2028 3197 2163 3250 tua?

2265 3198 2374 3251 σῶν
2398 3196 2737 3267 ἐπαγγελιῶν
2766 3195 3118 3250 διαπεσεῖται.
3141 3193 3206 3247 Εἰ
3245 3192 3302 3246 δὲ.
3329 3193 3430 3246 καί
3462 3207 3607 3262 φημι
3630 3186 3708 3240 νῦν

599 3288 654 3332 at
696 3294 805 3333 non
841 3280 1031 3350 ignoro
1052 3287 1104 3336 te
1135 3284 1189 3336 in
1214 3283 1440 3338 veritate
1477 3282 1694 3351 iurasse
1729 3299 1742 3336 :
1769 3299 1938 3355 quare
1968 3285 2021 3338 in
2045 3285 2163 3356 ipso

2264 3290 2568 3361 ὑπόμνησιν
2611 3287 2781 3342 ὲλθὼν
2825 3286 2935 3340 τῶν
2987 3286 3419 3356 συμϐησομένων
3479 3277 3776 3351 σκυθμνπὶνι

601 3370 872 3424 sermonis
918 3371 1147 3427 exordio
1201 3374 1402 3428 bonum
1450 3374 1600 3430 illum
1635 3375 1793 3431 linem
1839 3377 2160 3447 respiciens,

2263 3381 2388 3435 Ποῦ
2417 3381 2550 3435 ἐστι
2580 3380 2653 3434 τὰ
2677 3379 2818 3447 sua;
2853 3395 2968 3433 σου
2996 3377 3070 3432 τὰ
3110 3375 3348 3444 ἀρχαῖα,
3381 3376 3588 3443 Κύριε,
3617 3370 3651 3423 d
3675 3368 3771 3437 om

601 3459 851 3514 dicebam
877 3480 891 3516 :
917 3460 1311 3518 Misericordiae
1333 3464 1544 3519 Domini
1560 3467 1614 3520 in
1637 3475 1886 3522 internum
1905 3468 2163 3524 cantabo:

2265 3489 2382 3540 σας
2435 3471 2516 3538 τῷ
2568 3471 2748 3526 Δαυῒδ
2809 3471 2880 3524 ἐν
2941 3469 3018 3539 τῇ
3076 3469 3325 3536 ἀληθείᾳ
3373 3482 3534 3527 σου;
3573 3463 3676 3518 ἀλλ’
3717 3461 3776 3512 ait

603 3551 658 3604 in
688 3553 1070 3621 generationem
1117 3563 1167 3610 et
1198 3558 1579 3626 generationem
1619 3557 1941 3614 annuntiabo
1971 3561 2168 3615 verita-

2266 3563 2465 3634 ἀγνοῶ.
2499 3564 2581 3617 ὅτι
2631 3565 2688 3616 ὲν
2731 3564 2798 3634 τῇ
2838 3561 3064 3632 ἀληθείᾳ
3101 3559 3372 3629 ὤμοσαςν
3395 3557 3586 3626 διόπερ
3633 3549 3710 3606 καὶ
3737 3551 3769 3600 iv

605 3650 707 3694 tem
736 3649 882 3694 tuam
921 3643 976 3696 in
1021 3660 1109 3698 ore
1162 3660 1308 3710 "tea;
1340 3660 1404 3703 ac
1435 3662 1652 3702 rursum
1703 3647 1818 3703 haec
1856 3648 2116 3719 loquebar
2148 3671 2162 3707 :

2267 3657 2406 3727 ἀρχῇ
2435 3655 2528 3708 τοῦ
2555 3655 2753 3718 παντὸς
2793 3653 2950 3721 λόγου
2983 3653 3062 3715 είς
3085 3650 3146 3704 τὸ
3169 3649 3404 3720 χρηστὸν
3431 3648 3586 3709 τέλος
3607 3639 3770 3698 amm-

606 3730 672 3784 Ιιι
701 3741 952 3787 internum
981 3735 1341 3792 misericordia
1366 3738 1742 3810 wdiﬁeabitur,
1770 3741 1826 3794 in
1865 3742 1991 3796 caelo
2029 3757 2169 3810 prte-

2267 3763 2384 3798 πων
2425 3745 2608 3814 ἔλεγον
2627 3763 2640 3774 ·
2685 3746 2758 3800 Τὰ
2795 3743 2935 3812 uer.
2975 3744 3082 3798 τοῦ
3123 3744 3342 3811 Κυρίου
3386 3746 3477 3810 είς
3510 3742 3610 3795 τὸν
3641 3733 3765 3790 altum

605 3824 882 3891 parabitur
914 3826 1108 3880 veritas
1156 3836 1268 3884 tua.
1309 3827 1402 3882 lla!
1451 3845 1582 3902 ergo
1613 3830 2000 3887 misericordize
2041 3843 2164 3901 tuae,

2267 3833 2486 3905 ᾄσομαι
2505 3853 2517 3866 ν
2545 3837 2631 3901 είς
2694 3835 2906 3904 γενεὰν
2949 3834 3048 3888 καὶ
3099 3835 3310 3904 γενεὰν
3357 3828 3666 3903 ἀπαγγελῶ
3699 3824 3768 3890 τὴν

604 3914 852 3981 Domine,
879 3917 1102 3973 ubinam
1149 3919 1282 3986 sint,
1332 3919 1574 3976 ediscere
1618 3920 1821 3993 ﬂagito,
1853 3931 1908 3978 et
1946 3925 2036 3979 ubi
2079 3939 2171 3980 oc-

2267 3925 2554 3992 ἀλήθειάν
2588 3941 2704 3982 σου
2733 3927 2802 3980 ἐν
2835 3927 2914 3992 τῷ
2945 3926 3196 3995 στόματί
3216 3943 3335 3994 μου
3357 3942 3372 3956 ·
3407 3926 3504 3978 καὶ
3530 3922 3672 3975 πάλιν
3693 3916 3762 3969 ἑλε-

605 4007 763 4062 οιιιιε
789 4009 1013 4074 lateant,
1036 4018 1089 4066 et
1105 4011 1324 4081 quando
1351 4019 1590 4067 venturae
1619 4013 1748 4069 sint.
1778 4014 1846 4066 At
1861 4014 2004 4069 enim
2035 4030 2167 4086 sup-

2269 4034 2390 4087 γον·
2437 4020 2538 4083 Εἰς
2583 4019 2690 4071 τόν
2735 4017 2918 4072 αἰῶνα
2957 4017 3128 4084 ἕλεος
3173 4015 3699 4086 οἰκοδομηθήσεται,
3724 4007 3760 4058 έῖ

606 4098 836 4169 plico-ut
864 4100 976 4170 jam
1029 4101 1286 4160 festinent
1314 4109 1370 4159 et
1420 4105 1642 4160 veniant
1690 4119 1755 4160 ac
1801 4105 2168 4160 inﬁrmitatem

2268 4104 2348 4171 τῷ
2376 4105 2606 4174 οὐρανῷ
2635 4105 3122 4180 ἑτοιμασθήσεται
3153 4105 3192 4172 ἠ
3227 4103 3480 4173 ἀλήθειά
3510 4118 3633 4156 σου.
3663 4091 3760 4148 Aid

605 4200 850 4250 nostram
889 4195 1210 4266 suscipiant.
1262 4195 1380 4253 Nisi
1421 4197 1568 4254 enim
1611 4197 2016 4254 misericordias
2046 4206 2170 4254 tuas

2268 4197 2312 4251 δ’
2341 4193 2433 4252 οὖν
2461 4201 2642 4253 ἐκεῖνα
2665 4198 2736 4252 τὰ
2774 4199 2897 4269 έλέη
2944 4214 3057 4261 σου,
3101 4196 3294 4268 Κύριε,
3333 4195 3438 4249 ποῦ
3483 4196 3593 4247 ἐστι
3633 4185 3759 4260 μαθεῖν

606 4285 862 4361 antiquas
883 4287 1207 4352 ostenderis,
1237 4303 1377 4358 quas
1404 4303 1512 4344 non
1535 4288 1697 4344 modo
1726 4289 2049 4359 promisisti,
2075 4288 2171 4346 sed

2294 4288 2450 4354 ἀξιῶ,
2475 4290 2570 4343 καὶ
2599 4288 2698 4343 ποῦ
2735 4289 2983 4358 λανθάνει
3015 4287 3388 4361 κρυπτόμενα,
3417 4285 3518 4341 καὶ
3538 4283 3651 4337 πότε
3669 4275 3755 4348 ἥξει

606 4357 772 4430 etiam
799 4376 998 4447 iurasti
1028 4376 1198 4434 David
1238 4357 1293 4434 in
1325 4379 1553 4436 veritate
1593 4385 1707 4457 tua,
1728 4357 1890 4435 inulla
1937 4379 2172 4434 homini-

2287 4381 2444 4435 Ἀλλὰ
2487 4381 2598 4454 γὰρ
2636 4381 2884 4446 ἱκετεύω,
2920 4357 3206 4435 σπευϋσάτω
3239 4357 3334 4433 νῦν
3367 4378 3464 4432 καὶ
3501 4374 3676 4448 ἡκέτω.
3703 4365 3759 4420 καὶ

606 4466 710 4522 bus
732 4483 860 4542 spes
889 4469 1085 4526 saiutis
1114 4469 1456 4541 relinquitur.
1496 4467 1568 4526 Ut
1603 4453 1780 4526 autem
1822 4486 2003 4527 sermo
2040 4479 2166 4527 tuus

2273 4473 2621 4528 καταλαϐέτω
2646 4474 2743 4545 τὴν
2768 4473 3036 4546 ἡμετέραν
3064 4470 3362 4527 ἀσθένειαν.
3389 4470 3455 4522 Ei
3481 4467 3583 4538 γὰρ
3603 4463 3666 4536 μὴ
3682 4461 3760 4511 ἐπ’·

605 4557 676 4614 de
697 4558 950 4616 tristibus
978 4559 1177 4615 futuris
1203 4575 1367 4616 verax
1399 4559 1522 4626 fuit,
1553 4561 1842 4632 omniaque
1878 4561 1971 4617 illa
1998 4563 2172 4618 conti-

2273 4564 2498 4631 δείξειας
2533 4582 2625 4619 σου
2666 4565 2734 4618 τὰ
2778 4565 2900 4636 ὲλέη
2935 4563 3005 4618 τὰ
3053 4565 3271 4636 ἀρχαῖα,
3318 4561 3464 4633 ἅπερ
3503 4559 3594 4628 οὐχ
3630 4547 3757 4608 ἁπλῶς
3837 4549 3841 4576 ἲ

605 4659 802 4721 gerunt
831 4657 888 4706 et
921 4651 1186 4723 completa
1222 4660 1383 4719 sunt;
1425 4653 1498 4706 ita
1535 4660 1956 4708 consentaneum
1997 4660 2078 4708 est
2113 4661 2173 4708 ut

2273 4658 2605 4727 έπηγγείλω,
2631 4657 2767 4711 ἀλλὰ
2790 4659 2883 4712 καὶ
2901 4656 3117 4728 ὤμοσας
3142 4656 3219 4728 τῷ
3247 4654 3407 4710 Δαυῒδ
3435 4656 3496 4707 ὲν
3518 4654 3580 4722 τῇ
3597 4641 3757 4716 atthin

610 4740 894 4797 meliorum
927 4741 1345 4812 pollicitationes
1385 4757 1493 4799 non
1544 4742 1710 4797 irritae
1761 4742 1871 4798 sint
1911 4761 1926 4798 :
1974 4744 2170 4813 quibus

2275 4767 2391 4814 σου,
2416 4749 2638 4820 οὐδεμία
2657 4749 2896 4803 λείπεται
2918 4747 3224 4820 ἀνθρώποις
3245 4747 3399 4809 ἐλπὶς
3425 4741 3682 4813 σωτηρίας.
3701 4732 3754 4790 Ὦς

607 4831 818 4888 scilicet
844 4833 1006 4890 nobis
1026 4835 1406 4889 annuntiatum
1426 4841 1529 4899 est,
1555 4842 1815 4890 aeternum
1845 4834 1960 4890 fore
1986 4850 2174 4891 semen

2273 4837 2366 4896 οῦν
2409 4841 2772 4914 ὲπηλήθευσεν
2817 4844 2846 4896 ὁ
2883 4841 3037 4910 λόγος
3069 4841 3161 4894 ἐπὶ
3190 4839 3302 4894 τῶν
3341 4831 3672 4908 σκυθρωπῶν,
3700 4820 3758 4876 καὶ

612 4923 852 4994 Davidis,
881 4937 936 4983 et
959 4926 1214 4982 thronum
1236 4927 1357 4998 ejus
1382 4927 1554 4982 instar
1583 4927 1778 4983 solaris
1803 4927 2024 4984 luminis
2046 4928 2172 4984 uni-

2305 4932 2462 5002 ’έγονε
2485 4934 2578 4987 καὶ
2605 4935 2915 5005 ἀπήντησεν
2941 4933 3177 4998 ἅπαντα,
3204 4932 3376 5001 οὕτως
3407 4924 3665 4984 ἀκόλουθόν
3679 4921 3753 4972 ἐστι
3869 4955 3873 5005 i

609 5031 831 5074 versum
859 5018 1049 5075 orbem
1081 5019 1480 5074 illustraturum
1510 5033 1653 5074 esse.
1681 5017 1804 5073 Haec
1838 5019 2020 5088 itaque
2064 5019 2171 5075 illis

2275 5024 2369 5078 καὶ
2391 5024 2459 5077 τὰ
2499 5025 2778 5097 κρείττονα
2811 5025 2919 5079 τῶν
2953 5024 3291 5095 ἐπαγγελιῶν
3323 5024 3396 5094 μὴ
3425 5011 3755 5097 διαψεύσασθαι·

610 5109 740 5164 olim
762 5111 1002 5182 antiquis
1021 5111 1078 5166 in
1105 5117 1234 5166 voto
1267 5111 1439 5174 fuere,
1471 5118 1526 5165 et
1567 5110 1636 5164 ab
1664 5109 1732 5166 iis
1758 5110 1851 5180 qui
1895 5109 2174 5180 propinati-

2273 5116 2340 5170 δι’
2357 5110 2432 5171 ὧν
2449 5119 2477 5170 ό
2489 5096 2643 5184 λόγος
2663 5117 2792 5188 ἡμῖν
2818 5115 3203 5187 εὐηγγελίσατο
3211 5116 3425 5168 αίώνιον
3442 5096 3752 5188 σπέρμα

608 5217 799 5259 earum
827 5217 1024 5258 vocum
1047 5203 1387 5259 meditationi
1408 5201 1574 5258 dediti
1605 5208 1762 5256 erant
1789 5204 2176 5272 exspectaban-

2282 5207 2376 5260 καλ⁶
2389 5206 2574 5278 θρόνον
2587 5187 2750 5260 αὐτοῦ
2778 5207 2930 5278 δίκην
2945 5207 3091 5278 ἡλίου
3107 5206 3281 5277 φωτὸς
3298 5203 3686 5274 καταλάμψαντα
3705 5187 3754 5261 (⁵)

610 5304 701 5352 tur
731 5315 744 5350 :
773 5311 802 5350 a
831 5297 991 5353 nobis
1017 5311 1147 5351 vero
1177 5295 1312 5367 ipsis
1331 5295 1588 5365 operibus
1605 5293 1872 5364 completa
1896 5291 2171 5359 videntur,

2277 5298 2456 5351 πᾶσαν
2491 5298 2590 5369 τὴν
2632 5299 2739 5352 τῶν
2779 5297 3078 5371 ἀνθρώπων
3132 5299 3474 5370 οἰκουμένην.
3516 5293 3665 5350 Ταῦτα
3689 5281 3749 5356 μὲν

606 5405 702 5460 per
759 5386 1278 5444 consummationem
1311 5401 1494 5441 rerum
1538 5400 1660 5456 quae
1715 5384 1770 5439 in
1817 5381 2096 5442 Salvatore
2122 5394 2174 5441 et

2277 5384 2369 5444 οὖν
2387 5392 2446 5444 ὲν
2461 5391 2642 5462 εὐχαῖς
2657 5390 2830 5445 ἔκειτο
2843 5394 2952 5456 τοῖς
2970 5391 3235 5456 παλαιοῖς,
3248 5392 3342 5446 καὶ
3355 5374 3752 5462 προσεδοκᾶτοττλς

555 5480 844 5546 λ,ι)οωίιιο
885 5487 1074 5536 nostro
1097 5477 1227 5536 Jesu
1256 5477 1475 5533 Christo
1502 5476 1754 5548 perfecta:
1780 5486 1929 5532 sunt.

2225 5497 2228 5500 ’
2275 5479 2372 5544 τὰς
2397 5483 2738 5552 προφητικὰς
2762 5482 2943 5552 φωνὰς
2971 5483 3410 5554 μεμελετηκόσιν·
3435 5465 3748 5551 ἡμῖνδὲαὺτοῖς

605 5573 786 5644 ἔργοις
835 5571 1027 5643 ὁρᾶται
1057 5571 1482 5643 πεπληρωμένα,
1531 5569 1617 5623 διὰ
1644 5569 1750 5623 τῶν
1789 5572 1868 5633 εἰς
1890 5569 1982 5624 τὸν
2020 5569 2248 5642 Σωτῆρα
2295 5574 2389 5627 καὶ
2441 5573 2642 5648 Κύριον
2685 5577 2841 5648 ἡμῶν
2879 5577 3082 5648 Ἰησοῦν
3103 5575 3334 5648 Χριστὸν
3363 5565 3748 5640 ἀποτελεσμάωνο

682 5715 760 5778 (1)
797 5711 1008 5774 Grzeca.
1033 5711 1309 5783 ῥυόμενον,
1339 5706 1796 5785 ἀνακαλούμενον,
1819 5708 1994 5785 active
2013 5709 2175 5785 etiam

2133 5723 2175 5763 m
2353 5711 2430 5785 (2)
2454 5711 2760 5785 Ιέεεειιίιυηι
2789 5714 2999 5785 videtur
3029 5712 3179 5785 παρὰ
3208 5711 3300 5785 τοῦ
3319 5707 3568 5785 Χριστοῦ.
3592 5701 3701 5760 Enr.

682 5715 760 5778 (l)
797 5711 1008 5774 Grzeca.
1033 5711 1309 5783 ῥυόμενον,
1339 5711 1796 5778 ἀνακαλούμενον,
1819 5711 1994 5763 active
2013 5711 2175 5763 etiam

613 5785 764 5839 reddi
803 5791 1054 5855 possunt,
1087 5799 1325 5857 uetitch
1354 5781 1442 5851 qui
1469 5791 1619 5834 eruat
1649 5789 1699 5834 et
1725 5789 1941 5836 revocet.
1965 5777 2178 5836 Judicet

2353 5712 2408 5778 (2
2454 5711 2760 5785 Legendum
2789 5714 2999 5768 videtur
3029 5712 3179 5784 παρὰ
3208 5711 3300 5766 τοῦ
3319 5711 3568 5782 Χριστοῦ.
3592 5711 3702 5760 Enr.

2353 5711 2434 5856 (3;
2465 5782 2626 5842 Forte
2648 5784 2931 5857 legendum
2953 5783 3388 5854 καταλάμψοντα.
3416 5780 3569 5838 Ent'r.
3873 5783 3879 5850 ί

619 5857 788 5912 lector
805 5850 1008 5911 'utrum
1034 5850 1258 5911 rectius.
1283 5850 1440 5909 Ευιτ.
2366 5850 2374 5856 ’
2413 5850 2423 5856 ⁷
2613 5897 2620 5906 .
