3972 6812
84 311 300 366 1121

191 430 638 501 Μνήιγθήτι,
669 435 868 504 Κύριε,
910 435 1016 492 τοῦ
1055 438 1396 510 ὀνειδισμοῦ
1428 441 1546 495 τῶν
1573 442 1810 498 δούλων
1840 454 1881 508 Α

83 540 311 589 σου-,
393 521 516 582 οὗ’
566 526 843 598 ὑπέσχον
899 528 970 583 ἐν
1007 529 1088 596 τῷ
1135 533 1341 600 κόλπῳ
1387 551 1508 602 μου
1559 535 1808 592 πολλῶν

87 616 376 670 ἐθνῶν
403 634 423 647 ⁶
475 614 568 675 οὗ
621 618 940 675 ὠνείδισαν
986 624 1040 676 oi
1079 623 1281 692 ἐχθροί
1324 642 1462 687 σου,
1493 627 1694 695 Κύριε,
1734 624 1807 693 οὗ

91 707 554 764 ὡνείδισαν
579 711 645 764 τὸ
673 711 1066 782 ἀντάλλαγμα
1094 718 1199 768 τοῦ
1223 717 1478 784 Χριστοῦ
1512 733 1648 772 σου.
1695 720 1809 773 Εὐ-

101 803 475 871 λογητὸς
532 805 749 872 Κύριος
774 807 861 872 είς
894 805 1002 860 τὸν
1037 807 1251 862 αιῶναο
1279 809 1530 879 γένοιτο,
1559 811 1808 883 γένοιτο.

130 897 324 949 ’Ἀπὸ
357 895 493 954 τοῦ
541 898 978 968 προτεταγμένον
1011 900 1378 973 διαψάλματος
1409 903 1555 958 δοκεῖ
1586 922 1675 975 μοι
1717 923 1810 976 με-

119 987 399 1060 ταϐολὴ
483 989 777 1058 γεγονέναι
850 991 952 1061 τῆς
1017 992 1274 1057 διανοίας.
1346 995 1418 1048 Τὸ
1475 995 1607 1064 γοῦν
1671 997 1812 1050 θεῖον

123 1081 466 1153 Πνεῦμα,
513 1081 810 1154 εὐξάμενον
844 1084 986 1154 ὑπὲρ
1024 1084 1118 1139 τοῦ
1160 1085 1289 1140 λαοῦ
1334 1087 1421 1142 διὰ
1461 1089 1567 1142 τῶν
1607 1089 1814 1161 ἐμπρο-

131 1172 339 1237 σοεν,
378 1173 510 1237 τὰς
540 1174 872 1243 ἐπαγγελίας
897 1174 991 1230 τοῦ
1017 1176 1151 1230 Θεοῦ
1179 1179 1529 1250 προκαλεῖται
1556 1180 1666 1233 ἀπὸ
1695 1180 1812 1243 τοῦ,

135 1265 306 1318 Ποῦ
338 1265 509 1319 ἐστι
551 1264 623 1318 τὰ
645 1264 785 1334 ἐλέη
813 1281 931 1320 σου
964 1269 1036 1321 τὰ
1068 1268 1306 1338 ἀρχαῖα,
1347 1270 1560 1337 Κύριε;
1592 1271 1732 1336 ἀξιοῖ
1757 1271 1814 1324 δὲ

137 1356 278 1427 ἤδη
314 1358 502 1438 ποτε
536 1359 825 1429 ἐπιστῆναι
865 1358 974 1413 τῶν
1014 1361 1394 1432 χρηστοτέρων
1442 1362 1513 1416 τὰ
1555 1364 1814 1418 ἀποτελέ-

142 1462 411 1516 σματα,
457 1446 502 1500 ἃ
528 1445 746 1518 ὤμοσεν
769 1449 800 1501 6
836 1448 970 1513 Θεὸς
1003 1449 1083 1520 τῷ
1105 1449 1266 1504 Δαυῒδ
1297 1452 1354 1504 ὲν
1375 1454 1442 1523 τῇ
1465 1451 1688 1523 ἀληθείᾳ
1715 1454 1816 1505 αὐ-

143 1538 300 1591 τοῦ.
356 1535 522 1592 Εἶτα
555 1539 867 1612 παρακαλεῖ
912 1543 1218 1614 μνησθῆναι
1251 1545 1345 1598 τοῦ
1378 1545 1684 1616 ὀνειδισμοῦ
1708 1545 1816 1602 τῶν

149 1628 408 1683 δούλων
440 1630 643 1684 αὑτοῦ.
661 1622 750 1695 Ὠς
776 1632 886 1704 γὰρ
916 1633 1016 1704 ἤδη
1049 1633 1255 1699 λοιπὸν,
1285 1635 1426 1690 κατὰ
1450 1635 1512 1690 τὸ
1541 1653 1816 1709 σεσιωπη-

164 1721 395 1792 μένον,
442 1724 825 1796 χωρησάντων
869 1727 950 1790 εἰς
985 1725 1122 1798 ἔργα
1169 1726 1277 1780 τῶν
1330 1730 1820 1801 προηγορευμένων

165 1815 594 1888 σκυθρωπῶν,
639 1818 849 1874 πολλῶν
876 1837 934 1872 τε
970 1821 1178 1892 ἐχθρῶν
1218 1825 1312 1877 καὶ
1341 1823 1510 1876 ἐθνῶν
1539 1825 1820 1896 ὲπικειμέυ

167 1924 300 1961 νων
346 1909 458 1961 καὶ
490 1907 864 1974 ὀνειδιζόντων
895 1912 1020 1975 τοὺς
1060 1912 1278 1978 δούλους
1317 1915 1410 1968 τοῦ
1452 1914 1587 1973 Θεοῦ
1631 1915 1720 1972 διὰ
1746 1919 1814 1972 τὰ

177 1999 649 2071 συμϐεϐηκότα,
693 2002 792 2073 τὴν
838 2004 978 2076 ὑπὲρ
1019 2005 1225 2060 τούτων
1279 2006 1444 2078 εὐχὴν
1499 2009 1814 2079 ἀναπέμπει

177 2089 365 2158 λέγον
391 2107 408 2121 '
438 2091 786 2160 Μνήσθητι,
812 2095 1007 2162 Κύριε,
1030 2094 1137 2149 τοῦ
1161 2095 1504 2166 όνειὸισμοῦ
1533 2097 1651 2150 τῶν
1678 2097 1816 2152 δού-

181 2186 328 2237 λων
372 2198 529 2238 σου.
595 2186 739 2240 ’Λντὶ
767 2186 883 2252 τοῦ,
937 2183 1020 2243 υῦ
1065 2187 1342 2258 ὑπέσχον
1377 2189 1446 2242 ἐν
1484 2188 1563 2256 τῷ
1609 2190 1816 2254 κόλπῳ

182 2294 321 2345 μου
357 2275 628 2330 πολλῶν
659 2276 870 2342 ἐθνῶν,
917 2279 1249 2353 σαφέστερον
1288 2283 1316 2335 6
1356 2281 1585 2345 ’Λκῦλας
1624 2283 1816 2349 ἐξέδω-

193 2384 302 2420 κεν
355 2364 568 2429 εἰπὼν,
609 2365 896 2434 Αἵροντός
934 2385 1055 2434 μου
1081 2367 1150 2420 ἐν
1189 2368 1393 2434 κόλπῳ
1442 2367 1638 2434 πάσας
1689 2367 1816 2423 ἁδι-

195 2460 348 2525 κιας
413 2457 624 2513 λαῶν’
673 2460 702 2512 6
753 2458 811 2512 δὲ
866 2458 1182 2530 Σύμμαχος,
1228 2459 1564 2514 Ἐσάστασα
1615 2460 1686 2513 ἐν
1734 2459 1815 2525 τῷ

198 2553 428 2620 κόλπῳ
445 2569 571 2621 μου
595 2550 839 2606 πάντων
871 2552 990 2606 τῶν
1017 2553 1228 2613 ἐθνῶν,
1275 2554 1339 2605 Οἱ
1380 2553 1477 2625 μὲν
1501 2549 1594 2608 οὖν
1631 2553 1816 2608 ὀνειδι-

201 2644 442 2716 ζόμενοι
479 2645 528 2698 ot
566 2644 743 2698 δοῦλοί
775 2647 881 2698 εἰσι
919 2643 1012 2698 τοῦ
1049 2645 1216 2698 Θεοῦ·
1252 2646 1332 2700 διὸ
1375 2646 1613 2715 ἔφασκεο
1649 2644 1814 2712 Μνή-

204 2742 420 2804 σθητι,
469 2738 671 2806 Κύριε,
709 2736 816 2791 *ἑοῦ
859 2737 1206 2807 ὀνειδισμοῦ
1245 2737 1364 2792 τῶν
1395 2738 1634 2794 δούλων
1657 2755 1773 2792 σου
1795 2755 1810 2770 ο

209 2831 263 2884 οἱ
308 2828 369 2882 δὲ
411 2827 768 2892 ὀνειδίζοντες
810 2829 861 2881 oi.
904 2829 1089 2900 ἐχθροὶ
1129 2827 1224 2882 τοῦ
1251 2829 1419 2884 Θεοῦ’
1463 2828 1545 2884 διὸ
1572 2829 1815 2899 ἐπιλέγει

215 2920 372 2992 ἑξῆς,
405 2916 489 2976 οὗ
519 2920 842 2976 ἀνείδισαν
868 2925 920 2975 οὶ
941 2922 1147 2992 ἐχθροί
1170 2937 1309 2987 σου,
1335 2923 1533 2990 Κύριε,
1561 2917 1632 2978 οὗ
1658 2922 1816 2978 ὠνεί-

217 3016 409 3067 δισαν
453 3012 520 3066 τὸ
560 3011 953 3083 ἀντάλλαγμα
999 3013 1106 3068 τοῦ
1155 3013 1415 3082 Χριστοῦ
1475 3028 1610 3068 σου.
1653 3015 1712 3068 '0
1757 3015 1815 3068 δὲ

221 3102 397 3156 ταῦτα
422 3103 562 3176 πρὸς
583 3103 676 3158 τὸν
700 3103 833 3157 Θεὸν
861 3103 1036 3173 λέγων
1064 3105 1148 3176 εἴη
1178 3104 1244 3158 ἂν
1268 3106 1297 3157 6
1325 3105 1590 3177 σωτήριος
1619 3106 1811 3174 Λόγος,

225 3195 256 3248 6
285 3196 458 3266 αἴρων
487 3197 547 3249 ὲν
578 3194 655 3267 τῷ
698 3195 893 3261 ἑαντοῦ
924 3195 1110 3266 κόλπῳ
1139 3196 1239 3261 τὰς
1263 3197 1478 3261 ἀδικίας
1505 3198 1616 3253 τῶν
1643 3199 1804 3252 λαῶν.
1838 3221 1880 3280 C

243 3282 623 3355 Ἀντάλλαγμα
655 3283 714 3338 δὲ
751 3284 848 3338 τοῦ
873 3285 1113 3357 Χριστοῦ
1147 3287 1295 3351 ὅπως
1323 3289 1558 3360 εἴρηται,
1599 3291 1811 3362 νοήσεις

235 3373 343 3428 ἀπὸ
388 3375 487 3446 τῆς
529 3374 621 3429 τοῦ
668 3377 968 3450 Συμμάχου
1013 3379 1332 3451 ἑρμηνείας,
1365 3381 1430 3434 δι’
1476 3377 1543 3454 ἦς
1575 3383 1807 3454 εἴρηται,

243 3462 324 3522 Οὗ
357 3466 675 3522 ὠνείδισαν
704 3470 778 3524 τὰ
801 3469 940 3538 ιχνη
971 3470 1077 3525 τοῦ
1100 3472 1357 3539 Χριστοῦ
1388 3487 1528 3529 σου.
1557 3473 1669 3546 Τὴν
1701 3475 1812 3546 γὰρ

243 3558 463 3630 πορείαν
493 3558 583 3612 τοῦ
615 3559 851 3632 Χριστοῦ
895 3560 988 3614 τοῦ
1026 3561 1162 3616 Θεοῦ
1215 3563 1308 3616 καὶ
1348 3562 1447 3634 τὴν
1475 3563 1593 3617 όδὸν
1645 3565 1811 3618 αὑτοῦ

241 3655 338 3726 τὴν
368 3653 502 3709 κατὰ
529 3656 588 3709 τὸ
619 3655 810 3720 πάθος,
839 3657 908 3720 τά
937 3675 998 3710 τε
1027 3658 1147 3728 τχνη
1181 3657 1282 3728 τῆς
1311 3658 1453 3712 κατὰ
1483 3659 1575 3713 τὸν
1606 3658 1814 3732 ἀνθρώ-

247 3764 392 3800 πινον
425 3746 534 3818 βίον
577 3748 907 3820 οἰκονομίας,
951 3747 1142 3802 τοῦτον
1186 3748 1406 3822 ᾐνίξατο
1449 3750 1540 3804 τὸν
1588 3751 1809 3821 τρόπον.

247 3838 423 3892 Ταῦτα
461 3839 566 3911 γὰρ
595 3838 849 3894 εἰώθασιν
897 3838 1175 3904 ὀνειδίζειν
1215 3841 1348 3912 ἡμῖν
1388 3841 1440 3894 οἱ
1484 3839 1670 3912 ἐχθροὶ
1717 3839 1812 3892 τοῦ

250 3931 398 3987 Θεοῦ.
453 3932 608 3986 Ἀλλὰ
660 3933 768 4006 γὰρ
821 3933 898 3997 ὡς
946 3931 1304 3996 ἐπακουσοεὶς
1361 3932 1458 3986 καὶ
1516 3932 1814 3995 πιστεύσας

254 4023 517 4089 τεύξεσθαι
541 4024 646 4078 τῶν
677 4025 876 4096 εὐχῶν,
905 4025 1131 4089 ἐλπίσας
1173 4041 1232 4078 τε
1273 4018 1306 4099 ᾗ
1333 4024 1497 4094 τάχος
1524 4024 1813 4094 ἐπιστήσε-

261 4116 376 4170 σθαι
406 4116 495 4179 τὰς
520 4117 652 4188 πρὸς
675 4117 766 4170 τὸν
794 4117 957 4170 Δαυῖδ
983 4117 1311 4187 ἐπαγγελίας
1338 4117 1434 4171 τοῦ
1463 4118 1618 4181 Θεοῦ,
1641 4118 1703 4171 τὸ
1729 4118 1817 4171 τέ-

263 4206 344 4270 λος
367 4205 454 4259 τοῦ
477 4206 670 4270 παντὸς
701 4205 858 4274 λόγου
893 4205 981 4259 διὰ
1008 4205 1108 4275 τῆς
1150 4204 1500 4276 εὐχαριστίας
1529 4205 1624 4258 καὶ
1665 4204 1818 4256 εὐλο-

267 4297 380 4368 γίας
405 4296 842 4369 ὲπισφραγίζεται
873 4297 1074 4364 λέγων’
1110 4295 1455 4366 Εὐλογητὸς
1491 4295 1704 4363 Κύριος
1727 4297 1814 4362 είς

270 4394 365 4444 τὸν
389 4389 559 4445 αἰῶνα
575 4406 590 4421 ο
617 4389 764 4460 ἡμᾶς
787 4406 848 4442 τε
865 4388 1103 4454 διδάσκει
1131 4387 1571 4460 προσυπακούειν
1594 4388 1676 4452 τὸ,
1707 4387 1813 4442 Γέ-

271 4497 433 4545 νοιτο,
459 4480 700 4550 γένοιτο,
730 4481 866 4553 ὅπερ
890 4481 1036 4534 ἐστὶν
1050 4479 1310 4552 Ἐίραῖκὴ
1335 4479 1600 4551 φωνὴ(1),
1618 4479 1832 4549 Ἀμὴν,

275 4572 432 4643 ἀμήν.
473 4572 600 4642 Περὶ
630 4572 686 4625 δὲ
726 4572 820 4625 τοῦ
865 4571 1254 4643 διαψάλματος,
1303 4571 1564 4637 πολλάκις
1613 4570 1815 4643 μεταξὺ
1847 4561 1892 4616 Ῐ)

279 4665 782 4737 παρεμϐεϐλημένου,
819 4665 991 4720 ταῦτα
1016 4667 1253 4720 λεκτέον.
1271 4667 1336 4722 ’11
1363 4666 1555 4738 πρώτη
1577 4668 1816 4736 ἐπαγγε-

280 4755 357 4808 λία
385 4756 464 4810 τοῦ
488 4757 617 4811 Θεοῦ
655 4759 714 4811 ὲν
754 4758 896 4830 ἀρχῇ
932 4757 1185 4830 λεχθεῖσα
1227 4763 1490 4832 περιεῖχε,
1532 4757 1815 4828 Διεθέμην

283 4833 551 4919 διαθήκην,
571 4852 686 4915 καὶ,
709 4853 940 4920 Ὠμοσα
961 4851 1162 4915 Δαυῒὸ,
1191 4851 1286 4906 καὶ
1314 4851 1384 4905 τὰ
1413 4851 1558 4922 ἑξῆς
1579 4849 1696 4904 εἶτα
1720 4850 1816 4904 τοῦ

285 4940 605 5012 διαψάλματος
652 4943 1071 5016 παρατεθέντος,
1110 4942 1432 5016 μεταϐαλὼν
1478 4946 1508 4998 6
1555 4943 1712 5012 λόγος
1751 4941 1815 4995 τὸ

289 5033 546 5104 πρόσωπον,
575 5035 815 5104 ἐπιλέγει
836 5053 850 5066 ·
889 5035 1461 5107 Ἐξομολογήσονται
1488 5039 1542 5090 oi
1568 5035 1812 5104 οὐρανοὶ

289 5126 350 5182 τὰ
379 5125 648 5196 θαυμάσιά
683 5144 832 5184 σου⁶
868 5118 982 5183 καῖ’
1008 5131 1192 5194 πάλιν,
1239 5130 1572 5198 ἐπαγγελίας
1605 5128 1815 5200 λεχθεί-

287 5231 374 5286 σης
412 5216 465 5268 ὲκ
499 5217 782 5290 προσώπου
828 5218 922 5272 τοῦ
951 5218 1088 5272 Θεοῦ
1134 5220 1234 5291 τῆς
1273 5220 1381 5273 ἀπὸ
1411 5219 1529 5282 τοῦ,
1569 5218 1814 5288 Ἐθέμην

289 5309 526 5379 βοήθειαν
552 5313 648 5366 ἐπὶ
677 5311 1149 5386 δυνατόνημέχρι
1182 5312 1298 5377 τοῦ,
1339 5313 1440 5366 καὶ
1477 5313 1710 5383 μάρτυς
1743 5313 1814 5366 ἐν

295 5404 483 5472 οὐρανῷ
509 5405 740 5472 πιστὸς.
780 5405 942 5460 πάλιν
968 5406 1059 5458 τοῦ
1091 5406 1461 5477 διαψάλματος
1495 5405 1814 5478 παρεμϐλη-

299 5493 460 5558 θέντας,
495 5496 812 5566 μεταϐάλλει
848 5497 948 5567 τὴν
976 5497 1211 5550 διάνοιαν
1239 5497 1269 5549 6
1293 5496 1468 5565 λόγος,
1501 5497 1594 5550 καί
1637 5513 1773 5568 φησι
1793 5511 1807 5526 °

302 5587 367 5640 Σὺ
403 5587 458 5641 δὲ
487 5588 698 5644 ἀπώσω
741 5590 838 5643 καὶ
881 5588 1318 5656 ἐξουδένωσας,
1369 5589 1666 5643 (tradat/10v
1706 5587 1812 5642 τὸν

305 5680 504 5746 Χριστόν
541 5697 676 5735 σου.
729 5675 884 5744 Εἶτα,
930 5677 1210 5747 διεξελθὼν
1252 5680 1320 5734 τὰ
1362 5679 1808 5752 σκυθρωπότερα,

1335 318 1839 378 COMMENTARIA
1874 323 1942 380 ΙΝ
1979 323 2304 384 .PSALMOS

3354 325 3495 382 1122

1982 444 2150 501 Vens.
2205 445 2390 502 51-53.
2457 442 2662 500 Memor
2713 453 2846 508 esto,
2924 444 3164 510 Domine,
3229 457 3494 517 opprobrii

1913 551 2182 590 seruorum
2223 546 2454 601 tuorum,
2503 535 2642 606 quod
2693 536 2929 590 continui
2975 537 3027 590 in
3063 538 3184 591 sinu
3215 553 3326 592 meo
3356 539 3495 602 mu!-

1912 638 2088 682 tarum
2130 631 2358 700 gentium
2393 627 2572 700 :quod
2621 627 3068 698 exprobrauerunt
3134 627 3340 682 inimici
3391 630 3491 692 tui,

1910 719 2154 785 Domine,
2195 721 2334 792 quod
2375 720 2818 789 exprobrauerunt
2839 721 3304 775 commutationem
3338 719 3496 776 Chri-

1910 807 1979 860 sti
2009 807 2106 862 tui.
2140 805 2450 870 Benedictus
2487 806 2745 861 Dominus
2799 808 2852 861 in
2884 816 3182 872 aeternum;
3213 807 3331 878 ﬁat,
3371 809 3490 876 ﬁat.

1911 894 1955 948 A
2001 895 2287 964 prauuisso
2335 895 2694 966 diapsalmate
2747 895 2958 951 videtur
3021 897 3156 952 mihi
3209 897 3494 952 sententia:

1916 985 2600 1062 mutationenrinvectam
2636 1003 2778 1042 esse.
2822 985 2957 1042 Nam
3006 987 3246 1058 Spiritus
3274 988 3493 1046 divinus

1915 1093 2016 1148 pro
2049 1079 2252 1148 populo
2281 1085 2538 1149 precatus
2577 1079 2631 1133 in
2655 1079 3056 1149 superioribus,
3099 1081 3371 1150 promissa
3397 1079 3490 1134 Dei

1915 1175 1977 1223 ut
2003 1169 2260 1224 eveniant
2294 1169 2399 1224 hoc
2424 1168 2572 1224 dicto
2602 1171 2862 1240 postulat,
2895 1169 2994 1224 Ubi
3033 1180 3156 1225 sunt
3194 1173 3494 1226 misericor-

1903 1260 2023 1318 dia:
2055 1269 2162 1315 tua:
2207 1263 2464 1331 antiquw,
2517 1260 2786 1318 Domine?
2834 1270 2993 1332 rogat
3043 1270 3224 1318 autem
3285 1272 3344 1317 ut
3378 1263 3492 1333 jam

1915 1353 2172 1408 eveniant
2229 1354 2516 1409 meliorum
2567 1355 2783 1410 illorum
2818 1355 3235 1426 complementa,
3261 1357 3496 1428 quaeju-

1919 1445 2058 1500 tavit
2092 1444 2238 1502 Deus
2271 1445 2444 1500 David
2494 1445 2549 1500 in
2577 1446 2809 1502 veritate
2839 1462 2960 1504 sua.
3004 1445 3210 1504 Deinde
3239 1457 3496 1519 precatur

1919 1547 1979 1590 ut
2021 1551 2229 1594 memor
2274 1537 2346 1592 sit
2393 1538 2674 1609 opprobrii
2717 1554 2997 1594 servorum
3053 1554 3302 1596 suorum.
3357 1539 3492 1596 Nam

1920 1629 2079 1698 quasi
2101 1629 2238 1698 jam,
2264 1640 2323 1684 ut
2356 1631 2527 1685 tacite
2551 1630 2782 1700 judicat,
2806 1631 2984 1685 tristia
3024 1631 3113 1687 illa
3142 1633 3297 1705 prius
3330 1648 3497 1689 enun-

1921 1721 2070 1786 tiata,
2098 1736 2262 1792 opere
2303 1720 2542 1790 perfecta
2574 1723 2705 1787 sint,
2741 1738 2868 1778 cum
2901 1723 3109 1779 inimici
3132 1725 3290 1779 multi
3329 1733 3384 1780 et
3407 1741 3497 1797 po-

1922 1812 2032 1882 puli
2061 1811 2288 1876 instent,
2315 1819 2368 1868 et
2401 1827 2590 1868 servos
2631 1813 2724 1870 Dei
2768 1822 2990 1886 propter
3023 1831 3090 1871 ea
3133 1831 3254 1888 quae
3282 1816 3496 1873 accide-

1921 1913 2042 1960 rant
2069 1905 2384 1978 opprobriis
2413 1915 2666 1972 onerent,
2696 1923 2796 1978 pro
2829 1909 2938 1964 illis
2972 1908 3068 1964 Dei
3113 1908 3334 1966 famulis
3369 1926 3494 1973 ora-

1918 1995 2118 2055 tionem
2146 1999 2346 2054 emittit
2374 1997 2565 2055 dicens
2589 2018 2603 2054 :
2641 1999 2842 2055 Memor
2871 2011 3003 2066 esto,
3033 2001 3272 2068 Domine,
3304 2019 3493 2072 oppro-

1917 2091 2018 2146 brii
2041 2107 2310 2147 servorum
2343 2102 2577 2148 tuorum.
2609 2094 2719 2148 Pro
2768 2093 2863 2148 illo
2891 2103 3095 2162 autem,
3128 2094 3281 2161 Quod
3325 2097 3486 2149 contio

1916 2184 2009 2236 nui
2038 2185 2092 2237 in
2122 2184 2242 2238 sinu
2281 2201 2394 2238 meo
2447 2185 2738 2238 multarum
2765 2187 3020 2256 gentium,
3055 2187 3263 2244 clarius
3297 2187 3494 2258 Aquila

1915 2274 2086 2329 edidit
2119 2273 2332 2339 dicens,
2363 2274 2452 2330 Me
2479 2277 2675 2345 ferente
2710 2279 2764 2332 in
2790 2279 2909 2332 sinu
2957 2296 3137 2334 omnes
3187 2280 3494 2351 iniquitates

1912 2366 2268 2435 populorum;
2306 2367 2668 2438 Symmachus
2715 2378 2919 2434 autem,
2969 2370 3094 2425 Tuti
3125 2372 3185 2425 in
3225 2373 3344 2427 sinu
3381 2389 3494 2427 meo

1915 2462 2150 2514 omnium
2181 2460 2438 2531 gentium.
2473 2459 2576 2527 Qui
2603 2461 2788 2532 itaque
2812 2461 3122 2532 opprobriis
3155 2461 3489 2528 afﬁciuntur,

1915 2553 2059 2608 servi
2094 2551 2187 2607 Dei
2219 2561 2349 2606 sunt
2375 2571 2390 2606 :
2419 2567 2591 2623 quare
2610 2553 2847 2617 dicebat,
2865 2553 3066 2609 Memor
3085 2563 3218 2618 esto,
3246 2553 3491 2620 Domine,

1915 2644 2183 2713 opprobrii
2215 2660 2483 2699 servorum
2535 2653 2782 2708 tuorum;
2819 2646 2918 2715 qui
2965 2653 3148 2701 autem
3195 2648 3491 2718 opprobria

1915 2736 2182 2800 inferunt,
2213 2743 2342 2792 sunt
2377 2736 2587 2791 inimici
2632 2735 2728 2791 Dei
2757 2755 2770 2791 :
2806 2736 3162 2808 quamobrem
3211 2738 3494 2810 subjungit

1917 2841 2123 2900 postea.
2159 2827 2312 2894 Quod
2349 2828 2799 2898 exprobrauerunt
2846 2829 3051 2882 inimici
3097 2829 3196 2892 tui,
3247 2828 3491 2894 Domine,

1914 2922 2054 2994 quod
2101 2921 2549 2988 exprobrauerunt
2589 2921 3076 2975 .commutationem
3127 2919 3333 2975 Christi
3393 2923 3490 2975 tui.

1915 3015 2020 3082 Qui
2043 3023 2226 3070 autem
2259 3015 2374 3094 haec
2415 3013 2524 3068 Deo
2556 3013 2710 3077 dicit,
2739 3014 2977 3069 salutare
3027 3011 3266 3068 Verbum
3304 3013 3491 3076 fuerit,

1915 3109 2063 3179 quod
2111 3107 2169 3161 in
2219 3107 2343 3162 sinu
2417 3123 2520 3162 suo
2564 3106 2883 3177 iniquitates
2936 3106 3261 3176 populorum
3327 3107 3490 3162 tollit.

1915 3197 2284 3254 Commutatio
2313 3207 2493 3252 autem
2528 3197 2736 3253 Christi
2786 3211 2896 3267 quo
2933 3210 3098 3252 sensu
3131 3196 3276 3252 dicta
3307 3195 3492 3262 fuerit,

1913 3305 1981 3344 ex
2015 3289 2327 3362 Symmachi
2371 3289 2821 3359 interpretatione
2863 3289 3156 3360 intelliges,
3207 3303 3314 3359 qua
3359 3287 3494 3344 dici-

1914 3390 2024 3447 tur,
2057 3382 2212 3449 Quod
2241 3383 2685 3453 exprobrauerunt
2715 3381 2932 3451 uestigia
2959 3379 3159 3436 Christi
3188 3383 3288 3436 tui.
3319 3381 3496 3436 Inces-

1915 3489 2037 3529 sum
2083 3474 2226 3530 enim
2281 3474 2487 3530 Christi
2523 3473 2616 3529 Dei
2663 3482 2717 3528 et
2758 3475 2902 3529 viam
2942 3473 3062 3544 ejus
3100 3473 3156 3528 in
3210 3473 3490 3544 passione,

1914 3566 2144 3639 vestigia
2187 3566 2315 3621 item
2349 3567 2403 3621 in
2428 3567 2680 3621 humana:
2707 3567 2832 3621 vitae
2886 3582 3000 3621 sua:
3031 3567 3360 3632 mconomia,
3391 3565 3495 3620 hac

1915 3660 2128 3716 ratione
2163 3659 2552 3715 subindicavit.
2595 3658 2721 3714 llaec
2771 3659 2917 3714 enim
2959 3659 3293 3730 exprobrare
3334 3659 3496 3716 nobis

1916 3749 2093 3804 solent
2127 3748 2332 3803 inimici
2365 3747 2480 3804 Dei.
2505 3747 2707 3803 Verum
2743 3750 2830 3804 ille
2855 3749 3011 3819 quasi
3035 3749 3343 3812 exauditus,
3374 3763 3492 3804 cer-

1916 3850 2115 3912 tusque
2175 3856 2235 3897 se
2287 3849 2412 3895 vota
2460 3851 2909 3907 consecuturum,
2955 3853 3018 3894 ac
3051 3854 3279 3910 sperans
3329 3855 3493 3912 quam

1916 3931 2152 4002 primum
2181 3931 2484 4002 implendas
2509 3945 2632 3986 esse
2653 3929 2748 3986 Dei
2781 3931 2846 3986 ad
2871 3929 3127 3987 Davidem
3165 3929 3339 3987 factas
3365 3945 3494 4001 pro-

1917 4024 2231 4089 missiones,
2251 4023 2526 4081 sermonis
2556 4024 2727 4079 totius
2759 4024 2921 4078 tinem
2950 4025 3250 4094 gratiarum
3279 4022 3496 4078 actione

1915 4125 1971 4173 et
1997 4116 2380 4172 benedictione
2413 4117 2666 4188 obsignat
2697 4117 2912 4180 dicens,
2949 4114 3268 4170 Benedictus
3308 4115 3495 4169 Domi.

1917 4226 2016 4265 nus
2037 4211 2092 4264 in
2117 4218 2373 4264 teternum
2391 4224 2408 4262 :
2427 4225 2640 4282 nosque
2657 4209 2850 4265 edocet
2878 4207 3316 4280 respondendum
3345 4221 3490 4270 esse,

1920 4300 2072 4367 Fiat,
2107 4303 2228 4373 fiat,
2258 4300 2404 4372 quod
2435 4299 2701 4356 Hebraica
2755 4315 2889 4356 voce
2937 4309 3042 4366 est,
3077 4300 3265 4366 Amen,
3318 4316 3491 4355 amen.

1919 4393 1996 4450 De
2027 4392 2382 4462 diapsalmate
2421 4408 2549 4447 vero
2571 4391 2715 4462 quod
2734 4392 3054 4463 plerumque
3075 4390 3360 4457 inseritur,
3378 4391 3494 4448 haec

1919 4483 2149 4540 dicenda
2180 4492 2330 4539 sunt.
2354 4481 2537 4536 Prima
2569 4481 2663 4538 Dei
2717 4481 3012 4553 promissio
3059 4481 3220 4537 initio
3258 4483 3493 4552 prolata,

1920 4583 2059 4639 erat,
2086 4573 2340 4644 Disposui
2360 4581 2747 4636 testamentum,
2769 4579 2848 4636 et,
2865 4570 3056 4626 Juraui
3087 4570 3281 4636 David,
3309 4580 3366 4628 et
3391 4587 3493 4628 cas-

1919 4674 2054 4720 tera.
2087 4663 2312 4730 Deinde,
2335 4663 2584 4734 apposito
2609 4661 2986 4732 diapsalmate,
3017 4669 3226 4718 mutata
3262 4676 3494 4732 persona

1919 4756 2287 4830 subiungitur,
2325 4755 2731 4825 Confitebuntur
2770 4753 2885 4807 creti
2923 4753 3193 4808 mirabilia
3237 4763 3330 4807 tua
3376 4769 3394 4809 :
3429 4768 3496 4808 ac

1924 4865 2168 4914 rursum,
2215 4850 2582 4922 promissione
2613 4864 2680 4904 ex
2715 4862 2948 4918 persona
2981 4845 3076 4902 Dei
3113 4846 3278 4912 facta,
3309 4847 3380 4902 ab
3407 4846 3494 4901 his

1917 4943 2120 5010 verbis,
2146 4941 2314 4998 Posui
2336 4942 2666 5019 adjutorium
2683 4942 2738 4996 in
2767 4949 2993 5010 potente,
3030 4955 3208 5011 usque
3235 4940 3303 4994 ad
3335 4938 3491 5005 iltud,

1915 5046 1966 5092 et
2000 5038 2146 5091 testis
2173 5037 2226 5090 in
2250 5037 2378 5090 cazto
2410 5034 2605 5104 ﬁdelis,
2645 5048 2867 5096 rursum
2907 5032 3235 5104 interposito
3257 5029 3496 5100 diapsal-

1915 5137 2078 5192 mate,
2115 5127 2387 5183 sententia
2432 5132 2677 5184 mutatur
2705 5140 2770 5179 ac
2801 5123 3025 5190 dicitur,
3066 5123 3146 5177 Tu
3186 5138 3306 5178 vero
3351 5135 3496 5190 repu-

1917 5221 2028 5273 listi
2049 5229 2098 5274 et
2132 5218 2437 5289 despexisti,
2470 5217 2701 5287 rejecisti
2725 5214 2999 5270 Christum
3030 5223 3200 5268 tuum.
3237 5212 3352 5266 Sub
3379 5212 3496 5268 haec

1913 5312 2187 5368 enarratis
2237 5310 2598 5373 tristioribus,
2633 5323 2856 5363 rursum
2913 5304 3217 5376 diapsalma
3274 5303 3492 5366 inserit,

1916 5403 2336 5473 doctrinamque
2391 5409 2567 5456 mutat
2613 5401 2836 5463 dicens,
2900 5397 3195 5468 Usquequo,
3244 5395 3490 5457 Domine.
3583 5403 3592 5416 ‘

1918 5504 2118 5550 avertes
2168 5493 2225 5545 in
2261 5491 2465 5561 ﬁnem?
2495 5498 2550 5545 et
2581 5489 2782 5545 emissa
2819 5487 3092 5553 oratione,
3141 5486 3337 5540 iterum
3367 5485 3488 5540 dia-

1917 5588 2182 5659 psalmate
2200 5585 2525 5654 interposito
2557 5582 2748 5646 utitur,
2773 5595 2837 5634 ac
2868 5577 3073 5644 subdit,
3107 5575 3209 5631 Ubi
3237 5586 3361 5631 sunt
3391 5577 3491 5631 mi-

1917 5679 2216 5735 sericordiae
2239 5688 2343 5734 tua:
2372 5677 2623 5746 antiquae,
2652 5672 2916 5727 Domine?
2945 5677 3152 5726 mutata
3199 5667 3491 5734 sententia,

300 5821 306 5845 ί
364 5772 423 5844 (l)
447 5773 700 5845 Interpres
731 5773 882 5846 legit,
924 5781 983 5830 ut
1009 5775 1245 5831 videtur.
1313 5773 1574 5845 Ἐϐραῖκῇ
1607 5778 1780 5844 φωνῇ.
1818 5773 1980 5830 Eutr.
