3972 6812
51 307 276 367 1123

1337 317 1840 378 COMMENTARIA
1881 321 1945 376 IN
1985 319 2321 378 PSALMOS.

36 423 430 497 ρωμὲνων
471 421 984 498 ὲπιδουλευοίμεθα,
1019 428 1294 502 νηφόντως
1333 433 1426 487 ἐπὶ
1450 434 1539 488 τὸν
1565 434 1739 504 Κύριο

1873 435 2018 490 tione
2042 433 2410 489 invocantium
2442 450 2502 490 se
2540 444 2913 508 propugnator
2939 446 2992 493 et
3037 454 3090 509 pl
3105 443 3314 495 otettor
3341 452 3448 500 est.

37 518 275 589 ἡμῶν
337 520 474 573 καὶ
509 519 601 574 τὸν
639 519 772 574 Θεὸν
809 520 1238 594 καταφύγοιμεν,
1268 524 1358 578 τὸν
1402 527 1543 581 κατὰ
1575 527 1766 596 γενεὰν

45 613 188 666 καὶ
217 613 492 682 γενεὰν
520 613 837 685 ὑπέρμαχον
870 615 1186 685 γιγνόμενον
1215 618 1308 669 καὶ
1351 617 1766 690 ὑπερασπιστὴν

47 703 208 758 τῶν
260 704 773 774 ἐπικαλουμένων
811 704 992 759 αὑτόν.
1031 705 1174 758 Ἀντλ⁸
1209 705 1266 757 δὲ
1299 705 1416 771 τοῦ,
1461 710 1554 761 Ἑν
1591 709 1768 779 γενεᾷ

54 797 200 851 καὶ
243 794 509 866 γενεᾷ,
540 797 870 868 σαφέστερον
901 798 930 849 ό
955 797 1250 867 Σύμμαχος
1279 799 1536 866 ἐξέδωκεν
1573 801 1762 869 εἰπὼν,

73 888 220 944 Ἐν
257 887 549 958 ἑκάστῃ
583 886 756 956 γενεᾷ
776 904 788 916 ·
819 890 912 941 καὶ
944 889 1105 943 πάλιν
1125 906 1138 919 ·
1172 889 1291 957 Πρὸ
1318 890 1424 944 τοῦ
1452 891 1558 960 ὅρη
1595 910 1766 962 γενη-

59 979 310 1049 θῆναι
359 978 492 1032 καὶ
539 978 887 1046 πλασθῆναι
927 979 1042 1048 τὴν
1082 965 1210 1050 γῆν
1241 983 1337 1034 καὶ
1383 983 1761 1052 οἰκουμένην,

65 1068 482 1140 συμφώνως
517 1066 654 1138 ὁμοῦ
691 1067 922 1132 Ἀκύλας
953 1069 1045 1122 καὶ
1091 1069 1384 1140 Σύμμαχός
1413 1089 1544 1140 φασι
1567 1089 1581 1102 ·
1616 1074 1764 1142 Πρὶν

63 1158 217 1228 ὄρη
252 1158 595 1229 τεχθῆναι
631 1158 727 1212 καί
767 1158 1127 1227 ὠδινηθ-ἦναι
1160 1161 1276 1230 γῆν
1305 1162 1402 1215 καὶ
1431 1163 1544 1230 τὴν
1577 1167 1764 1220 οἰκου-

63 1252 355 1321 μένην.
400 1253 530 1306 Καί
553 1269 642 1323 μοι
665 1251 812 1305 δοκεῖ
840 1253 873 1323 ἡ
915 1252 1176 1324 Ἐϐραῖκὴ
1206 1253 1349 1318 λέξις
1371 1256 1595 1324 φυσικὸν
1625 1258 1761 1311 ἀπο-

69 1345 459 1400 δεδωκέναι
514 1341 694 1414 λόγον,
735 1344 794 1396 ὲν
835 1344 1017 1408 αὑτοῖς
1060 1343 1381 1399 διδάσκουσα
1411 1347 1485 1419 μὴ
1524 1349 1760 1420 ἀρχῆθεν

79 1435 511 1506 συνυπάρξαι
541 1438 606 1506 τῇ
653 1437 723 1506 γῇ
754 1433 824 1488 τὰ
857 1435 914 1487 ἐν
962 1434 1098 1505 αὑτῇ
1132 1434 1254 1506 ὅρη,
1297 1436 1412 1489 ἀλλ’
1453 1437 1759 1508 ἀναφυῆναι

74 1528 286 1597 δίκην
319 1526 456 1579 τῶν
480 1526 820 1597 τικτομένων
837 1543 851 1558 ο
879 1525 959 1579 διὸ
989 1524 1234 1598 εἴρηται·
1264 1526 1380 1595 Πρὸ
1408 1528 1512 1582 τοῦ
1537 1529 1641 1598 ὄρη
1670 1547 1761 1599 γε-

79 1613 436 1684 νηθῆναι,
479 1614 540 1686 ἢ,
583 1615 733 1684 Πρὶν
759 1615 865 1683 ὄρη
890 1613 1171 1684 τεχθῆναι
1192 1631 1206 1644 ·
1242 1618 1334 1668 καὶ
1367 1617 1512 1680 εἰκὸς
1539 1618 1655 1689 ἅμα
1682 1618 1759 1690 τῷ

83 1705 412 1776 τεχθῆναι
441 1705 517 1760 τά
542 1705 641 1781 θρη
672 1705 768 1759 καὶ
792 1703 1167 1776 προδληθῆναι
1189 1703 1296 1757 ἀπὸ
1318 1706 1414 1778 τῆς
1439 1706 1544 1776 γῆς
1565 1708 1758 1763 καταλ-

1869 525 1974 580 Pro
2006 526 2097 580 illo
2133 535 2336 588 autem,
2369 523 2437 578 In
2483 530 2817 597 generatione
2858 539 2908 583 et
2951 531 3304 599 generatione.
3337 533 3444 588 cla-

1867 619 1980 670 rius
2011 613 2370 685 Symmachus
2393 615 2564 670 edidit
2598 616 2684 670 his
2722 617 2924 680 verbis,
2954 617 3019 671 In
3039 615 3264 687 singulis
3294 635 3447 688 gene-

1866 706 2204 768 rationibus;
2237 721 2301 759 ac
2345 721 2567 761 rursum
2621 707 2759 772 haec,
2795 708 3092 780 Antequam
3119 724 3318 768 montes
3353 714 3449 782 ﬁe-

1867 807 2000 860 rent,
2033 807 2081 850 et
2114 797 2440 859 [armaretur
2487 807 2628 851 terra
2675 811 2724 853 et
2759 802 2936 865 orbis;
2968 803 3164 872 Aquila
3202 813 3256 860 et
3289 804 3447 875 Sym-

1867 888 2092 944 machus
2129 889 2380 943 similiter
2417 889 2497 944 sic
2529 890 2698 944 edunt
2734 911 2748 946 :
2786 892 3076 964 Antequam
3123 890 3434 966 montes'pa-

1865 992 2125 1044 rerentur,
2153 990 2201 1035 et
2255 982 2617 1050 parturiretur
2642 992 2782 1036 terra
2812 994 2861 1036 et
2913 985 3075 1040 orbis.
3109 985 3444 1058 Videturque

1864 1070 1996 1124 mihi
2022 1069 2289 1124 Hebraica
2314 1072 2476 1126 lectio
2505 1073 2788 1144 physicam
2814 1079 3082 1129 rationem
3120 1078 3443 1146 reddidisse,

1863 1159 2069 1217 docens
2120 1177 2231 1216 non
2263 1163 2330 1216 ab
2371 1163 2527 1216 initio
2555 1173 2768 1219 montes
2801 1181 2908 1219 una
2939 1183 3062 1220 cum
3106 1176 3250 1222 terra
3280 1172 3443 1224 exsti-

1864 1251 2018 1318 tisse,
2051 1252 2144 1307 sed
2173 1261 2429 1323 partuum
2456 1254 2630 1308 instar
2655 1263 2806 1312 ortos
2832 1272 2955 1311 esse
2990 1276 3002 1311 :
3037 1272 3207 1328 quare
3237 1260 3440 1314 dictum

1870 1353 1977 1410 est,
2040 1343 2360 1415 Priusquam
2417 1356 2614 1400 montes
2668 1348 2884 1416 ﬁerent;
2944 1358 3059 1415 aut,
3121 1349 3441 1424 Priusquam

1861 1447 2063 1493 montes
2113 1449 2428 1508 parerentur
2452 1456 2470 1493 :
2505 1456 2570 1495 ac
2602 1441 2900 1497 verisimile
2927 1452 3034 1507 est,
3071 1454 3285 1501 montes
3314 1462 3437 1501 cum

1861 1539 2206 1600 parerentur,
2237 1547 2301 1586 ac
2338 1533 2488 1586 velut
2524 1533 2760 1589 infantes
2799 1551 2829 1590 e
2860 1545 3006 1591 terra
3037 1540 3437 1604 emitterentur,

1861 1637 1969 1676 non
2015 1637 2078 1677 ea
2111 1639 2218 1692 qua
2261 1639 2408 1679 nunc
2456 1634 2583 1679 sunt
2628 1609 2961 1682 celsiiudine
2995 1629 3198 1696 fuisse;
3233 1629 3326 1684 sed
3354 1647 3441 1684 rc-

1860 1728 1992 1770 cens
2021 1723 2203 1778 natos,
2241 1724 2301 1770 ut
2332 1715 2567 1771 infantes
2605 1733 2778 1787 nuper
2817 1727 2991 1783 ortos,
3015 1721 3246 1791 exiguos
3277 1721 3436 1775 mini-

3307 331 3446 386 il26

89 1794 316 1868 λήλως
361 1797 496 1858 τοῖς
543 1795 802 1866 βρέφεσι,
843 1795 918 1866 μὴ
948 1797 1106 1849 ὁποῖα
1134 1794 1230 1849 νῦν
1260 1796 1322 1849 τὸ
1361 1797 1588 1867 μέγεθος
1621 1800 1740 1852 ὑπο·

1861 1821 2088 1876 mosque
2117 1808 2436 1874 exstitisse;
2470 1808 2841 1877 diuturnoque
2873 1825 2992 1865 aevo
3031 1812 3434 1868 incrementum
3475 1850 3485 1857 -

99 1888 365 1959 στῆναι,
386 1887 516 1941 ἀλλ’
540 1887 664 1960 ἄρτι
684 1887 782 1959 μὲν
809 1888 1135 1960 γεννηθέντα
1159 1889 1252 1941 καὶ
1266 1888 1544 1959 τεχθέντα,
1563 1890 1711 1944 ὥσπε
1720 1910 1751 1962 ρ

101 1985 420 2054 ἀρτιγενῆ
459 1982 573 2038 τῶν
606 1983 840 2054 βρεφῶν,
883 1983 1054 2055 μικρά
1085 1985 1178 2037 καὶ
1201 1984 1461 2056 ἐλάχιστα
1488 1985 1747 2058 ὑπάρξαι,

103 2075 198 2146 τῷ
225 2074 293 2128 δὲ
331 2074 551 2148 μακρῷ
570 2074 724 2129 αίῶνι
747 2074 916 2146 αὔξην
937 2077 1030 2129 καὶ
1055 2075 1283 2146 μέγεθος
1303 2076 1595 2130 ἐπιδοῦναι.
1613 2077 1750 2131 Φασὶ

110 2167 265 2234 γοῦν
297 2169 390 2233 εἰς
414 2167 502 2221 ἔτι
525 2167 684 2239 δεῦρό
703 2185 845 2232 τινες
864 2167 973 2220 τῶν
989 2165 1319 2237 φυσιολόγων
1341 2168 1524 2236 αὔξειν
1539 2169 1607 2223 τά
1627 2169 1751 2241 ὅρη,

33 2261 36 2268 ’
113 2259 229 2313 καὶ
273 2258 389 2324 τάς
440 2259 652 2331 πέτρας
687 2258 906 2330 μείζους
933 2259 1143 2314 ἑαυτῶν
1174 2260 1417 2330 γίνεσθαι
1442 2262 1582 2315 κατά
1603 2279 1756 2325 τινας

32 2351 35 2382 λ
121 2346 534 2414 λανθανούσας
556 2351 703 2422 ἡμᾶς
729 2349 816 2404 διὰ
848 2333 1073 2422 μακρῶν
1112 2351 1376 2421 περιόδων
1407 2351 1754 2424 βραχυτάτας

127 2441 504 2513 προσθήκας.
539 2441 692 2496 Ἐπεὶ
716 2441 772 2495 δὲ
799 2442 894 2495 κα)⁵
921 2440 1245 2513 ὡδινηθῆναι
1276 2442 1374 2515 τὴν
1402 2444 1503 2515 γῆν
1533 2443 1628 2496 καὶ
1649 2443 1747 2515 τὴν

32 2539 34 2567 ε
125 2533 488 2604 οἰκουμένην
521 2533 804 2605 εἰρήκασιν
833 2535 883 2587 οὶ
915 2532 1366 2604 έρμηνεύσαντες,
1395 2533 1748 2606 ἐξακολουθή-

32 2633 34 2636 ’
133 2642 344 2689 σαντες
370 2625 456 2697 τῷ
497 2624 789 2697 Ἑϐραῖκῷ,
811 2626 1027 2697 μήποτε
1060 2625 1153 2678 καὶ
1182 2626 1272 2678 ἐπὶ
1301 2626 1399 2697 τῆς
1427 2627 1529 2697 γῆς
1549 2627 1610 2680 τὸ
1643 2645 1748 2680 πα-

138 2716 462 2788 ραπλήσιον
507 2721 620 2782 τοῖς
650 2718 800 2790 ὄρεσι
828 2717 1018 2788 νοῆσαι
1053 2719 1336 2789 προσήκει,
1368 2718 1442 2782 ὡς
1475 2719 1533 2786 ἐξ
1555 2721 1744 2792 ἐτέρου

1857 1903 1910 1948 et
1945 1897 2376 1966 magnitudinem
2420 1899 2716 1970 accepisse.
2746 1899 2878 1955 Nam
2917 1903 3139 1972 quidam
3184 1919 3248 1959 ex
3297 1905 3437 1976 phyo

1857 1987 2078 2058 siologis
2106 1989 2378 2059 hodieque
2403 1991 2573 2055 aiunt,
2603 1999 2816 2046 montes
2844 2007 3114 2059 crescere,
3133 2009 3198 2049 ac
3220 2004 3426 2066 petras,

1837 2082 2096 2151 acceptis
2152 2082 2316 2153 longo
2364 2092 2668 2154 temporum
2723 2085 2998 2141 curriculo
3032 2087 3283 2155 modicis,
3315 2101 3437 2159 qua:

1857 2171 2016 2226 nobis
2055 2173 2244 2238 latent,
2271 2174 2644 2239 incrementis,
2675 2177 2912 2246 majores
2941 2179 3146 2233 sensim
3182 2181 3432 2236 evadere.

1855 2260 1994 2328 Quia
2035 2277 2163 2318 vero
2214 2264 2564 2334 interpretes,
2592 2265 2918 2323 Hebraicum
2967 2279 3282 2340 sequentes,
3325 2279 3434 2326 ter-

1854 2368 1971 2406 ram
2020 2362 2074 2407 et
2115 2355 2303 2410 orbem
2355 2357 2656 2436 payturisse
2685 2357 2970 2426 dixerunt;
3006 2377 3136 2415 num
3171 2363 3335 2417 etiam
3366 2360 3434 2418 de

1857 2452 2002 2498 terra
2054 2447 2206 2516 paria
2240 2446 2308 2501 iis
2353 2462 2475 2517 quae
2506 2447 2573 2504 de
2607 2451 2885 2506 montibus
2917 2455 3160 2522 cogitare
3187 2469 3285 2523 par
3313 2456 3431 2508 tue-

1853 2535 1945 2600 rit,
1985 2537 2143 2607 quasi
2175 2537 2289 2606 ipsa
2323 2553 2545 2608 quoque
2583 2555 2650 2594 ex
2689 2542 2798 2596 alio
2829 2543 3099 2598 elemento
3141 2545 3424 2615 procedat,

1853 2629 1926 2684 ita
1962 2637 2022 2683 ut
2044 2630 2209 2683 etiam
2247 2631 2336 2684 illa
2370 2632 2545 2700 prius,
2579 2635 2736 2702 quasi
2771 2649 2802 2688 a
2833 2637 3246 2706 praegnantibus
3284 2645 3337 2693 et
3367 2639 3422 2692 ia

1853 2729 2010 2791 partu
2033 2720 2250 2776 dolores
2279 2723 2634 2791 patientibus,
2669 2726 3072 2793 parturire-tur?

143 2809 427 2880 στοιχείου
453 2809 823 2882 προελθούσης
853 2809 1045 2880 αὑτῆς,
1087 2809 1471 2881 καὶπρότερον
1530 2811 1628 2882 μὲν
1685 2811 2036 2883 ὠδινηθείσης
2076 2812 2232 2884 δίκην
2286 2812 2394 2866 τῶν
2437 2815 2839 2888 κυοφορουσῶν,
2870 2818 2963 2870 καὶ
2987 2820 3044 2871 ὲν
3083 2817 3163 2889 τῷ
3221 2819 3432 2873 τίκτειν

147 2904 258 2956 ὑπο
265 2920 433 2974 μενου
441 2903 550 2958 σῶν
571 2903 766 2968 ὠδῖνας
785 2921 800 2970 ;

156 3131 326 3179 σκων,
361 3113 583 3187 πρῶτον
633 3115 892 3184 στοιχεῖον
932 3113 1212 3182 γεγονέναι
1242 3113 1302 3165 τὺ
1344 3111 1507 3184 ὕδωρ,
1531 3108 1648 3166 εἶτα
1688 3112 1747 3179 ἐξ

155 3205 352 3271 ὓδατος
398 3207 493 3262 καὶ
541 3207 640 3276 τῆς
683 3206 858 3277 ὑγρᾶς
898 3204 1085 3269 οὐσίας
1137 3204 1436 3274 ὑποστῆναι
1475 3205 1544 3258 τά
1586 3205 1749 3260 λοιπά

161 3301 435 3370 στοιχεῖα·
467 3296 612 3351 είποι
664 3295 729 3350 ἀν
756 3313 841 3361 τις
881 3295 1040 3350 τοῦτο
1080 3297 1175 3350 καὶ
1203 3298 1296 3350 ὲπὶ
1334 3298 1432 3369 τῆς
1468 3298 1747 3369 παρούσης

164 3389 384 3462 Γραψῆς
420 3388 780 3460 σημαίνεσθαι
823 3388 1110 3462 δηλούσης,
1152 3391 1233 3444 ὅτι
1264 3386 1333 3462 ἦν
1367 3392 1454 3444 ὅτε
1487 3391 1544 3444 ὲν
1575 3391 1746 3463 ἑτέρῳ

164 3480 297 3536 οῦσα
321 3485 353 3552 ή
379 3481 450 3552 γῆ
475 3483 722 3553 στοιχείῳ
744 3481 953 3554 ἀφανὴς
981 3478 1069 3554 ἦν,
1099 3484 1372 3556 κυουμένη
1395 3485 1491 3536 καὶ
1517 3483 1746 3555 συλλαμ-

167 3573 430 3645 6ανομένη
460 3574 518 3627 ὲν
562 3577 627 3646 τῇ
661 3574 821 3644 φύσει
849 3573 948 3646 τῆς
991 3577 1165 3648 ὑγρᾶς
1203 3577 1407 3640 οὐσίας.
1438 3577 1528 3630 Διὸ
1562 3578 1655 3632 καὶ
1686 3579 1744 3630 ἐν

164 3669 231 3736 τῇ
273 3667 594 3740 κοσμοποιίᾳ
635 3669 878 3740 εἴρηται⁶
922 3666 992 3721 ἸΙ
1032 3667 1101 3722 δὲ
1138 3667 1216 3738 γῆ
1253 3665 1334 3739 ἦν
1364 3669 1612 3736 ἀόρατος
1646 3668 1744 3722 καί

166 3758 724 3826 ἀκατασκεύαστοςέ
768 3760 866 3814 καὶ
906 3761 1128 3826 σκότος
1171 3759 1372 3814 ἐπάνω
1413 3759 1522 3828 τῆς
1556 3760 1742 3814 ἀϐύσ-

168 3866 314 3905 σουο
349 3849 459 3905 ἀλλ’
506 3850 731 3923 ὕστερον
771 3850 961 3924 ῶσπερ
1011 3850 1440 3922 ἀπογεννηθεῖσα
1472 3849 1740 3922 προῆλθεν

171 3941 234 3996 ἐκ
259 3943 352 4014 τῆς
377 3941 480 3996 τῶν
503 3942 709 3997 ὑδάτων
741 3942 948 4006 οὑσίας,
993 3943 1091 3996 οὑκ
1122 3942 1250 3996 ἄνευ
1277 3941 1428 4005 θείας
1461 3941 1741 4012 δυνάμεως

176 4035 265 4087 καὶ
290 4035 582 4108 κρείττονος
622 4035 868 4106 ἀνάγκης
909 4034 1253 4106 ἐπιτεθείσης
1291 4036 1461 4106 αὑτῇ·
1497 4033 1635 4104 αὕτη
1680 4033 1738 4086 δὲ

177 4121 242 4197 ἦν
265 4128 297 4198 ἡ
322 4126 411 4180 τοῦ
442 4127 784 4199 Δημιουργοῦ
821 4127 1092 4198 βούλησις.
1122 4127 1210 4189 Ὠς
1233 4126 1341 4198 γὰρ
1371 4126 1462 4178 ἐπὶ
1491 4125 1599 4177 τῶν
1621 4141 1742 4177 κυο-

185 4215 440 4286 φορουσῶν
479 4215 772 4283 γυναικῶν,
807 4215 927 4286 βίας
973 4217 1068 4269 καὶ
1115 4215 1361 4288 ἀνάγκης
1407 4215 1739 4286 ἐπελθούσης

184 4306 380 4369 αὑταῖς,
405 4306 462 4358 τὸ
487 4307 628 4360 κατά
664 4308 903 4379 γαστρὸς
948 4308 1268 4377 προάγεται,
1303 4307 1398 4362 τοῦ
1431 4307 1735 4380 ὡρισμένου

186 4401 360 4472 χρόνου
385 4399 474 4470 τῆς
509 4399 815 4465 ἀποτέξεως
843 4401 1181 4466 ἐπιστάντος,
1213 4401 1332 4454 καθ’
1364 4402 1421 4454 ὃν
1451 4402 1733 4456 ὠδίνουσαι
1767 4382 1808 4436 D

187 4493 432 4546 τίκτουσι·
453 4491 541 4545 τὸν
565 4491 725 4546 αὑτὸν
743 4492 944 4563 τρόπον
967 4491 1190 4563 δυνάμει
1213 4493 1306 4547 καὶ
1328 4495 1488 4565 σοφίᾳ
1507 4492 1600 4547 τοῦ
1621 4495 1730 4548 τῶν

188 4583 312 4638 ὅλων
336 4583 649 4656 δημιουργοῦ
689 4586 794 4655 γῆν
826 4584 921 4638 καὶ
947 4583 1042 4654 τὴν
1071 4583 1180 4636 τῶν
1214 4583 1513 4655 ἀνθρώπων
1553 4587 1732 4638 οῐκου⁴

197 4675 343 4747 μένην
369 4677 429 4730 τὰ
466 4676 628 4730 ὕδατα
666 4676 1060 4749 προηνέγκατο.
1093 4675 1201 4729 Καὶ
1229 4675 1372 4729 τοῦτ’
1407 4675 1729 4748 ἐπληροῦτο,

197 4767 402 4836 ὁπηνίκα
431 4764 574 4822 εἶπεν
600 4770 629 4822 ὀ
660 4767 793 4831 Θεός
811 4783 826 4799 ο
856 4765 1214 4834 Συναχθήτω
1250 4765 1323 4819 τὰ
1359 4764 1547 4819 ὕδατα
1584 4768 1731 4820 ὐπο-

200 4858 336 4912 κάτω
381 4859 472 4915 τοῦ
522 4859 781 4929 οὐρανοῦ
833 4862 920 4926 εις
976 4858 1338 4929 συναγωγὴν
1395 4859 1574 4928 μίαν,
1631 4857 1731 4912 καὶ

202 4950 405 5021 ἐφυήτω
431 4955 464 5021 7i
487 4953 654 5022 ξηρά.
697 4955 808 5009 Καὶ
862 4953 1098 5023 ἐγένετο
1135 4953 1306 5006 οὕτω.
1335 4952 1444 5006 Θέα
1488 4953 1596 5023 γάρ
1639 4969 1730 5022 μοι

203 5045 261 5115 τῇ
281 5043 455 5116 διανοίᾳ
483 5044 577 5116 τὴν
603 5045 705 5116 γῆν
739 5044 883 5098 ἔνδον
917 5047 974 5097 ὲν
1010 5047 1122 5108 τοῖς
1155 5042 1308 5096 ὕδασι
1331 5042 1496 5096 πάλαι
1532 5043 1731 5114 πρότε-

207 5150 286 5207 ρον
323 5135 762 5206 ὲγκεκρυμμένην,
803 5136 1004 5207 τρόπον
1033 5152 1093 5188 τε
1133 5134 1274 5199 ἰλύος
1306 5133 1728 5205 ἀναλελυμένην,

207 5227 288 5280 καὶ
308 5226 374 5298 τῷ
393 5227 564 5300 πλήθει
586 5228 694 5282 τῶν
713 5229 920 5283 ὑδάτων
949 5229 1420 5300 ἀνακεκραμένην,
1443 5227 1520 5290 ὡς
1547 5229 1727 5298 ἀφανῆ

209 5314 422 5373 εἶναικαὶ
443 5321 667 5390 ἀόρατον
685 5339 698 5351 ·
732 5321 813 5374 διὸ
831 5319 1089 5388 λέγεσθαι
1114 5335 1126 5348 ·
1171 5321 1241 5375 Ἡ
1264 5321 1332 5374 δὲ
1356 5319 1427 5391 γῆ
1453 5317 1530 5392 ἦν
1558 5322 1731 5389 ἀόρα-

211 5427 298 5477 τος
337 5411 417 5466 καί
452 5413 974 5478 ἁκατασκεύαστος
997 5427 1011 5441 ·
1055 5408 1152 5466 εἷθ’
1200 5413 1425 5487 ὓστερον
1478 5414 1727 5485 βουλήσει

212 5502 324 5556 θεοῦ
369 5504 508 5576 αὐτὴν
559 5504 932 5576 συναγομένην
979 5501 1262 5561 πιλοῦσθαι
1314 5508 1578 5580 πρότερον
1630 5505 1725 5559 καὶ

219 5595 590 5668 συμπήγνυσθαι,
625 5598 718 5651 καὶ
745 5597 885 5668 μετά
926 5597 1098 5652 ταῦτα
1126 5600 1336 5671 ἀθρόως
1372 5599 1726 5655 ἀναδοθεῖσαν

278 5749 315 5785 δ’
344 5751 452 5809 Cen.
483 5770 532 5820 l,
568 5754 623 5811 ξ’..
700 5755 746 5788 ⁵⁸
783 5754 919 5809 Gen.
958 5767 994 5818 ι,
1026 5754 1078 5808 9.

223 3021 292 3074 Et
321 3019 368 3073 δ’
395 3015 490 3074 οῦν
542 3020 866 3090 συνέστηκεν
902 3019 930 3070 ό
966 3018 1075 3072 τῶν
1118 3020 1363 3089 φυσικῶν
1401 3019 1556 3089 λόγος
1587 3023 1616 3074 ό
1645 3021 1740 3091 φά-

1926 3019 1984 3074 bi
2011 3020 2196 3090 itaque
2220 3019 2572 3092 physicorum
2605 3034 2786 3074 sermo
2811 3026 3047 3083 constet,
3079 3019 3174 3089 qui
3207 3020 3284 3075 ait
3305 3023 3426 3092 pri-

1854 3127 2002 3167 mum
2041 3112 2370 3168 elementum
2424 3110 2600 3166 fuisse
2652 3127 2849 3181 aquam
2874 3151 2892 3176 ,
2944 3111 3142 3168 deinde
3180 3128 3313 3170 vero
3353 3130 3425 3170 ex

1849 3219 1991 3275 aqua
2027 3211 2082 3259 et
2116 3204 2339 3258 humida
2372 3203 2700 3268 substantia,
2736 3203 2944 3272 reliqua
2980 3203 3247 3259 elementa
3291 3205 3426 3262 sub-

1850 3294 2320 3361 stitisse;dixerit
2357 3294 2587 3350 fortasse
2610 3293 2904 3364 quispiam,
2941 3294 3042 3348 hoc
3075 3295 3130 3349 in
3169 3297 3424 3366 praesenti

1851 3385 2135 3457 Scriptura
2174 3385 2494 3457 significari,
2537 3401 2602 3440 ac
2658 3385 2948 3452 declarari,
2988 3384 3160 3441 fuisse
3211 3393 3426 3459 tempus

1848 3494 1972 3534 cum
2005 3487 2150 3535 terra
2183 3481 2240 3535 in
2279 3481 2387 3535 alio
2424 3482 2694 3548 elemento
2744 3482 2941 3551 posita,
2990 3482 3095 3536 sub
3139 3492 3422 3554 aspectum

1845 3587 1956 3628 non
1998 3573 2239 3637 caderet,
2272 3573 2429 3643 quasi
2483 3580 2642 3627 utero
2693 3581 2903 3643 gestata
2961 3581 3016 3628 et
3054 3585 3316 3644 concepta
3366 3575 3421 3632 iu

1846 3662 2083 3716 humida:
2111 3663 2432 3717 substantia:
2474 3671 2690 3716 natura.
2733 3661 2911 3728 Quare
2955 3663 3008 3718 in
3044 3663 3232 3719 mundi
3266 3679 3420 3720 erea-

1843 3754 1992 3808 tione
2018 3751 2280 3808 dicitur“
2307 3773 2318 3806 :
2347 3753 2511 3807 Terra
2524 3763 2699 3808 autem
2721 3765 2834 3808 erat
2861 3754 3142 3809 invisibilis
3169 3765 3217 3808 et
3233 3757 3404 3810 incom

1841 3846 2036 3912 posita,
2073 3855 2120 3899 et
2164 3843 2384 3898 tenebra:
2434 3861 2589 3913 super
2647 3844 2934 3915 abyssum;
2988 3845 3082 3900 sed
3143 3855 3419 3917 postremo

1842 3937 2000 4006 quasi
2047 3937 2226 4006 genita
2267 3952 2334 3991 ex
2381 3953 2646 4007 aquarum
2702 3937 3013 3992 substantia
3053 3939 3276 4007 prodiit,
3307 3954 3415 3994 non

1798 4015 1808 4026 ’
1843 4031 1962 4085 sine
1982 4029 2164 4083 divina
2195 4028 2418 4094 virtute,
2451 4029 2546 4084 sed
2586 4027 2781 4096 majori
2821 4036 3014 4082 coacta
3045 4029 3096 4083 vi
3131 4037 3186 4084 et
3226 4045 3414 4086 neces-

1842 4121 2004 4176 sitate
2033 4139 2045 4174 :
2079 4120 2192 4173 haec
2223 4135 2350 4174 vero
2373 4127 2490 4173 erat
2523 4118 2802 4174 Creatoris
2827 4119 3101 4173 voluntas.
3140 4119 3416 4184 Quemad-

1840 4212 2058 4268 modum
2094 4212 2238 4266 enim
2269 4225 2299 4264 a
2330 4210 2736 4281 praegnantibus
2760 4209 3102 4273 mulieribus,
3127 4210 3418 4266 imminen-

1839 4311 1892 4358 te
1941 4303 1993 4358 vi
2039 4317 2103 4357 ac
2135 4304 2485 4366 necessitate,
2531 4301 2757 4356 deﬁnito
2809 4310 3001 4371 partus
3055 4311 3298 4372 tempore
3330 4303 3416 4357 in-

1838 4406 2037 4462 stante,
2088 4395 2231 4468 quod
2295 4397 2350 4449 in
2401 4406 2552 4450 utero
2595 4401 2713 4448 erat
2766 4393 3055 4458 emittitur,
3092 4404 3256 4466 atque
3306 4397 3411 4452 illa}

1839 4505 1961 4544 cum
1993 4489 2181 4545 dolore
2220 4489 2474 4559 pariunt;
2510 4485 2698 4542 eodem
2737 4501 2966 4555 prorsus
3001 4487 3163 4542 modo
3188 4487 3406 4544 univer-

1838 4595 2025 4635 sorum
2078 4577 2288 4650 opiﬁcis
2323 4577 2373 4631 vi
2425 4583 2480 4630 et
2534 4575 2821 4646 sapientia,
2859 4583 3057 4628 terram
3119 4584 3173 4629 et
3224 4575 3410 4631 orbem

1836 4686 1991 4743 aqua:
2021 4670 2392 4741 protulerunt.
2427 4666 2494 4720 Et
2521 4667 2626 4720 hoc
2658 4666 2990 4736 implebatur
3021 4666 3242 4736 quando
3274 4666 3413 4722 dixit

1835 4765 1979 4820 Deus
2007 4762 2054 4795 ⁵ο
2085 4781 2097 4816 :
2129 4760 2518 4832 Congregentur
2533 4775 2683 4828 aquae
2712 4757 2808 4812 sub
2825 4759 2951 4812 cazlo
2973 4760 3024 4811 in
3057 4759 3410 4815 collectionem

1835 4872 2018 4924 unam,
2040 4865 2090 4910 et
2113 4864 2365 4926 appareat
2397 4853 2574 4907 arida.
2613 4851 2681 4904 Et
2715 4850 2916 4920 factum
2944 4859 3022 4904 est
3054 4852 3150 4906 ita.
3179 4851 3243 4904 Et
3273 4868 3408 4906 con-

1835 4950 2065 5010 sideres,
2091 4963 2297 5018 quaeso,
2325 4955 2524 5001 terram
2567 4945 2623 4998 in
2653 4945 2810 5014 aquis
2836 4945 2964 4997 olim
3005 4943 3406 5006 absconditam,

1834 5051 2000 5112 atque
2039 5041 2213 5096 instar
2245 5039 2343 5092 luti
2383 5038 2640 5100 solutam,
2680 5047 2734 5090 et
2760 5051 3026 5106 aquarum
3068 5035 3406 5089 multitudini

1833 5133 2186 5189 commixtam
2223 5131 2422 5196 fuisse;
2456 5127 2531 5181 ita
2554 5135 2612 5181 ut
2634 5127 2926 5184 invisibilis
2955 5137 3009 5182 et
3039 5127 3257 5182 occulta
3291 5141 3408 5179 ma-

1833 5233 1986 5281 neret
2021 5243 2034 5279 :
2069 5229 2401 5296 quaprOpter
2430 5219 2655 5282 dicitur,
2682 5217 2846 5272 Terra
2872 5229 3048 5273 autem
3078 5226 3192 5271 erat
3219 5216 3406 5270 innisi-

1831 5319 1949 5374 bilis
1984 5328 2031 5374 et
2073 5315 2458 5385 incomposita;
2488 5312 2684 5368 deinde
2713 5329 2842 5368 vero
2884 5329 2948 5368 ex
2997 5311 3091 5366 Dei
3125 5311 3407 5366 voluntate
3465 5311 3468 5358 ε

1829 5419 2169 5482 compactam
2208 5417 2262 5465 et
2291 5408 2636 5479 coagulatum
2666 5405 2858 5470 fuisse,
2885 5413 2938 5460 et
2964 5411 3150 5474 postea
3183 5404 3406 5459 confer—

1829 5504 1927 5557 tim
1956 5503 2012 5556 in
2053 5502 2228 5556 lucem
2265 5501 2491 5562 editam,
2528 5499 2583 5554 in
2621 5513 2816 5566 purum
2852 5511 3030 5550 aerem
3071 5497 3402 5551 emersisse:
3457 5548 3471 5561 ,

1827 5601 1880 5654 et
1897 5595 2289 5660 animadverte,
2317 5593 2451 5648 nihil
2469 5591 2582 5649 fere
2605 5600 2717 5647 tum
2743 5589 3123 5645 intercessisse
3138 5587 3405 5645 discrimi-
