3972 6812
557 343 690 400 “9.7

556 465 799 520 nisiuter
826 461 974 517 illam
1007 469 1058 516 et
1101 476 1162 517 ea
1190 476 1312 531 quae
1349 476 1414 514 ex
1438 467 1594 514 utero
1629 461 1944 529 gignuntur.
1973 457 2107 510 Cum

2236 457 2296 519 τίς
2323 455 2438 524 φῶς
2484 453 2781 526 προελθεῖν,
2812 453 2905 506 καὶ
2935 451 3204 521 ἀνακύψαι
3239 452 3319 516 εἰς
3361 448 3686 521 καθαρὴ-ν
3789 437 3904 531 ἐπ’-ξ

555 553 720 624 igitur
745 567 811 608 ex
837 551 996 622 aquis
1028 565 1241 606 emersa
1277 548 1540 619 prodiret,
1563 556 1696 602 tunc
1725 548 1870 618 gigni
1891 555 1944 602 et
1972 547 2122 601 nasci

555 644 840 699 videbatur
875 661 888 696 :
923 650 1049 697 ante
1077 649 1258 696 ortum
1291 655 1420 695 vero
1458 640 1607 695 intus
1645 639 1701 693 in
1744 639 1903 709 aquis
1947 637 2003 692 in
2041 637 2125 691 lu-

1251 339 1519 398 EUSEBII
1552 333 2025 392 CESAltil-INSIS
2055 333 2205 392 ore.
2245 333 2422 389 psus
2455 330 2544 392 ut.
2574 363 2644 374 -
2678 330 3077 388 EXEGE’I'ICA.
3847 309 3886 361 ¹

3885 525 3920 536 ο

2223 547 2332 600 Καὶ
2355 546 2447 611 ίδὲ,
2477 546 2552 610 ὼς
2583 545 2734 598 οὐδὲν
2758 543 2866 596 τῶν
2896 543 3250 613 γεννωμένων
3280 543 3399 596 άπὸ
3425 537 3816 610 γαστρθᾶ
3873 541 3922 571 -‘—’-
3941 563 3965 568 -

2224 637 2410 708 φέρειν
2431 636 2604 689 ἐδόκει
2625 635 2766 688 τότε.
2789 634 2919 686 Ὅτε
2947 633 3045 703 μὲν
3066 631 3158 686 οὖν
3178 631 3544 704 προὸέῦλητο
3563 627 3804 682 τῖεν-ν
3865 618 3920 666 '1'-
3955 617 3965 662 ἶ

554 743 670 791 tum
720 741 1022 804 compacta,
1055 740 1110 788 et
1141 732 1315 787 instar
1339 731 1458 785 limi
1501 731 1558 785 in
1601 732 1819 802 propria
1863 729 2126 799 gravitate

2236 744 2330 781 των
2370 726 2711 796 ἁνακύψασα,
2742 726 3030 797 τικτομένη
3082 725 3175 778 καὶ
3223 724 3572 794 γεννωμένη
3655 711 3965 770 ἓξὲξ-τε

556 825 866 889 subsistens
898 832 953 879 et
999 821 1318 887 considens,
1355 830 1488 875 tunc
1529 819 1978 890 concipiebatur;
2030 817 2125 873 de-

558 933 814 988 mumque
836 917 994 988 quasi
1018 933 1083 971 ex
1125 925 1281 971 utero
1319 921 1500 977 enata,
1534 921 1984 980 terrenorumque
2009 909 2126 964 ani-

558 1009 783 1064 malium
821 1008 1193 1064 habitaculum
1247 1006 1438 1062 elfecta
1466 1013 1568 1060 est.
1600 1003 1802 1060 Verum
1835 1010 2125 1072 antequam

559 1100 670 1154 haec
701 1100 913 1165 tierent,
936 1106 992 1154 et
1020 1106 1147 1153 ante
1169 1097 1357 1151 mundi
1389 1094 1865 1156 constitutionem,
1895 1099 1953 1146 tu
1987 1093 2124 1161 ipse,

558 1199 754 1267 inquit,
808 1195 969 1258 Deus,
1009 1210 1090 1250 es.
1120 1193 1187 1247 Et
1217 1192 1444 1264 pulchre
1476 1190 1694 1261 quidem
1727 1205 1861 1255 non,
1891 1197 1947 1242 tu
1981 1205 2123 1253 eras,

557 1290 666 1356 ait;
693 1287 811 1352 sed,
839 1297 894 1340 tu
917 1301 1006 1340 es:
1026 1300 1150 1340 nam
1183 1295 1238 1340 tu
1270 1285 1406 1355 ipse,
1439 1283 1639 1354 inquit,
1659 1296 1881 1345 eras,es
1910 1288 1965 1335 et
1980 1280 2124 1346 eris;

557 1378 668 1433 imo
702 1381 883 1448 potius
914 1375 1055 1430 idem
1093 1390 1307 1445 semper
1335 1389 1418 1437 es,
1448 1381 1502 1429 et
1521 1373 1662 1427 idem
1709 1385 1770 1427 es
1825 1369 2126 1426 secundum

559 1469 700 1523 banc
735 1467 1058 1536 theologiam
1098 1482 1112 1517 :
1154 1463 1233 1516 Tu
1281 1473 1458 1516 autem
1501 1461 1637 1516 idem
1673 1463 1778 1530 ipse
1808 1477 1884 1524 es,
1913 1469 1962 1514 et
2002 1460 2128 1512 anni

558 1561 636 1614 tui
657 1576 758 1614 non
789 1557 1031 1626 deﬁcient
1055 1557 1123 1610 ".
1157 1554 1276 1610 Non
1305 1555 1451 1609 enim
1487 1554 1570 1609 fas
1594 1561 1677 1608 est
1697 1553 1765 1608 de
1803 1553 1896 1606 illo
1924 1553 2125 1616 dicere,

559 1669 697 1716 cras,
728 1657 842 1714 aut,
877 1659 1012 1712 erat,
1064 1656 1179 1710 aut,
1225 1649 1326 1704 erit
1351 1662 1369 1700 :
1399 1662 1525 1700 nam
1571 1646 1725 1712 illud,
1759 1645 2125 1716 praeteritum;

559 1744 684 1808 hoc,
721 1742 962 1796 futurum
1021 1749 1236 1808 tempus
1292 1739 1563 1809 signiticat
1605 1757 1619 1792 :
1653 1751 1885 1807 quorum
1915 1735 2125 1790 nullum

561 1833 654 1889 Dei
689 1833 892 1887 nomini
933 1832 1224 1897 convenit;
1257 1846 1382 1884 nam
1417 1829 1519 1900 ipsi
1558 1829 1661 1884 soli
1695 1827 1954 1898 competit
1983 1841 2127 1881 sem-

562 1942 656 1994 per
672 1940 815 1980 esse.
835 1922 1201 1989 Quamobrem
1230 1920 1319 1974 hic
1347 1918 1759 1973 accuratissime
1781 1917 1987 1973 dictum
2007 1925 2091 1972 est
2110 1935 2124 1972 :

560 2018 598 2069 Α
633 2015 826 2070 swculo
863 2030 1024 2084 usque
1065 2015 1120 2066 in
1150 2011 1400 2066 sa’eulum
1432 2021 1488 2064 tu
1519 2027 1594 2074 es,
1622 2008 1794 2072 Deus;
1816 2008 1944 2062 alibi
1976 2021 2126 2073 vero,

563 2106 640 2160 Tu
669 2116 843 2160 autem
867 2104 1000 2158 idem
1024 2105 1135 2172 ipse
1171 2119 1225 2156 es
1247 2111 1296 2155 et
1341 2101 1467 2154 anni
1493 2101 1570 2154 tui
1601 2117 1702 2153 non
1724 2099 1985 2169 deﬁcient.
2021 2097 2130 2153 0b—

562 2197 889 2251 servandum
927 2204 1104 2248 autem
1139 2201 1224 2247 est
1281 2193 1386 2246 hoc
1433 2191 1489 2246 in
1531 2191 1674 2254 loco,
1718 2189 2129 2258 Domine,refu-

560 2289 702 2357 gium
736 2286 909 2354 {actus
947 2301 1000 2338 es
1056 2282 1226 2345 nobis,
1261 2280 1418 2344 illud,
1473 2278 1712 2342 Domine,
1748 2294 1856 2334 non
1895 2289 2131 2349 quatuor

564 2376 866 2429 litterarum
892 2373 1156 2428 vocabulo
1217 2371 1358 2440 apud
1419 2367 1673 2426 Hebraeos
1729 2369 1999 2440 exprimi;
2035 2368 2131 2424 sed

562 2466 879 2536 vulgaribus
905 2472 959 2518 et
985 2462 1261 2517 consuetis
1290 2462 1594 2525 clementis,
1621 2461 1713 2530 qui
1746 2461 1910 2515 etiam
1947 2460 2001 2514 in
2025 2461 2131 2514 hu-

567 2571 726 2609 mana
775 2555 1139 2624 appellatione
1173 2560 1535 2623 usurpantur,
1566 2552 1613 2606 si
1673 2551 1894 2622 quando
1940 2551 2130 2607 herum

563 2647 874 2717 quempiam
927 2645 982 2700 in
1014 2645 1329 2699 hominibus
1379 2643 1659 2697 dominum
1685 2658 1965 2698 vocemus.
1997 2641 2132 2697 Nam

565 2740 618 2792 in
651 2738 902 2808 praasenti
937 2738 1092 2803 illud,
1119 2735 1350 2794 Adonei,
1371 2735 1679 2805 explicatur
1714 2734 2132 2796 Dominus,cum

563 2840 798 2904 quatuor
829 2831 1131 2887 litterarum
1161 2829 1545 2900 nomen,quod
1573 2843 1828 2883 arcanam
1862 2828 1954 2883 Dei
1979 2828 2135 2884 theo-

564 2927 758 2995 IOgiam
786 2925 1082 2997 signiﬁcat,
1121 2926 1175 2980 in
1207 2925 1460 2994 praesenti
1491 2924 1725 2977 lectione
1759 2937 1871 2976 non
1906 2935 2132 2990 compa-

564 3027 715 3083 reat,
755 3019 852 3074 sed
893 3017 1156 3072 Dominus
1188 3024 1500 3088 opportune
1529 3015 1854 3086 appelletur,
1891 3019 1951 3068 ut
1983 3014 2132 3069 indi-

563 3119 720 3163 cetur
757 3123 946 3163 curam
993 3108 1533 3178 sollicitudinemque
1559 3120 1750 3177 gerere
1795 3103 2131 3160 domestico-
2158 3143 2200 3200 ο

563 3218 685 3256 rum
732 3218 980 3266 suorum,
1012 3215 1248 3272 quorum
1289 3198 1561 3271 refugium
1591 3207 1695 3253 est.
1740 3196 1807 3250 Et
1838 3195 2130 3267 perpende,

562 3307 694 3347 num
730 3291 870 3346 forte
898 3290 966 3344 ad
999 3289 1168 3345 Deum
1197 3287 1436 3344 Verbum
1489 3287 1604 3342 haec
1652 3287 1905 3341 doctrina
1928 3284 2134 3340 refera-

561 3391 650 3436 tur
682 3397 827 3436 :non
874 3381 1021 3436 enim
1076 3380 1310 3434 multum
1359 3380 1489 3434 huic
1538 3379 1821 3435 sententiae
1868 3385 2137 3448 repugnat

565 3474 681 3527 haec
718 3471 1251 3543 lectiozl’riusquam
1281 3482 1481 3526 montes
1515 3473 1722 3542 ﬁerent,
1754 3479 1849 3524 aut
1875 3470 2138 3534 formare-

566 3571 652 3616 tur
684 3573 823 3617 terra
845 3571 896 3617 et
927 3563 1090 3626 orbis,
1118 3573 1172 3615 tu
1202 3579 1279 3628 es,
1306 3562 1485 3616 Deus:
1515 3577 1638 3617 cum
1673 3562 1775 3616 hoc
1826 3561 2134 3618 Salomonis

565 3655 770 3710 dictum
801 3671 868 3710 ex
896 3669 1132 3726 persona
1168 3654 1448 3723 sapientia:
1479 3653 1808 3724 proferatur,
1844 3653 2134 3722 Antequam

567 3757 764 3802 montes
796 3748 1157 3817 ﬁrmarentur,
1174 3755 1224 3800 et
1245 3756 1365 3799 ante
1387 3761 1565 3799 omnes
1591 3743 1750 3798 colles
1777 3745 1941 3814 gignit
1967 3761 2050 3798 me
2067 3745 2136 3809 υ,

564 3840 722 3908 queis
754 3839 1108 3892 subindicare
1141 3837 1360 3891 videtur
1389 3837 1741 3905 incorporeas
1771 3843 1827 3888 et
1863 3835 2138 3906 angelicas

564 3933 822 3995 virtutes,
857 3932 1059 4003 quibus
1115 3930 1210 3984 Dei
1257 3929 1492 3985 Verbum
1543 3939 1599 3984 et
1660 3928 1754 3984 Dei
1810 3929 2134 4000 sapientiam

564 4025 942 4094 praaexsistere
973 4025 1134 4078 docet
1161 4024 1275 4093 ipsa
1299 4022 1588 4092 sapientia.

2225 818 2332 890 πρὸ
2351 818 2408 872 δὲ
2432 819 2531 890 τῆς
2552 818 2857 888 γεννήσεως
2880 816 3028 870 ἔνδον
3055 817 3112 868 ὲν
3143 817 3256 878 τοῖς
3293 815 3468 869 ὕδασι
3501 804 3950 883 sugq}:

2228 911 2363 982 μένη
2407 908 2725 980 πηγνυμένη
2756 924 2839 974 τε,
2873 907 2967 960 καὶ
3005 904 3344 976 δίκηντ·ιλὺος
3383 905 3493 957 ἐπὶ
3533 904 3599 956 τὸ
3633 901 3932 953 οέπε
3953 897 3965 900 “

2228 1001 2388 1073 βάρος
2407 999 2746 1070 ὑφισταμένη
2771 999 2866 1052 καὶ
2888 996 3260 1061 συνιζάνουσα,
3277 997 3340 1050 τὸ
3357 996 3790 1067 τηνικαῦτα-
3845 1004 3918 1040 τ
3941 1025 3965 1037 -

2226 1092 2558 1164 ελαμὸάνετο
2577 1106 2594 1122 ο
2629 1092 2704 1155 ὼς
2725 1089 2947 1162 ὕστερον
2965 1089 3022 1142 δὲ
3049 1089 3142 1144 καὶ
3159 1089 3503 1158 ὡδινηθείσα
3524 1081 3965 1148 άπε-εέεξὲ

2227 1186 2321 1238 καὶ
2364 1184 2582 1254 γέγονεν
2635 1183 2947 1254 οἰκητήριον
2977 1181 3088 1235 τῶν
3129 1181 3223 1234 ἐπὶ
3251 1182 3357 1252 γῆς
3411 1181 3618 1244 ζώων,
3715 1177 3930 1228 Ἀἰ

2228 1275 2336 1345 πρὸ
2371 1274 2468 1328 τοῦ
2508 1273 2659 1327 ταῦθ’
2688 1272 2831 1327 οὕτω
2857 1273 3134 1341 γενέσθαι,
3179 1274 3271 1326 καὶ
3319 1273 3440 1344 πρό
3482 1290 3550 1341 γε
3587 1273 3768 1343 τῆς
3895 1285 3965 1316 τ

2227 1369 2432 1439 κόσμου
2460 1367 2788 1430 συστάσεως,
2811 1367 2899 1431 σὺ,
2933 1365 3117 1436 φησὶν,
3139 1366 3301 1428 αὐτὸς
3328 1361 3406 1429 εἷ,
3463 1367 3498 1418 ὁ
3525 1365 3744 1419 Θεὸς.
3847 1363 3962 1413 ε.

2227 1459 2405 1524 καλῶς
2428 1475 2491 1526 γε
2538 1458 2598 1511 οὐ
2625 1457 2707 1511 σὺ
2753 1453 2933 1527 ἦσθα,
2974 1458 3158 1525 φησὶν,
3189 1455 3348 1520 ἀλλὰ,
3390 1457 3490 1510 σὺ
3527 1457 3622 1510 εἷ’
3651 1459 3702 1509 ὁ
3845 1472 3924 1518 τ’
3945 1473 3965 1502 .-

2227 1551 2389 1615 αὐτὸς
2410 1551 2503 1604 καὶ
2526 1545 2616 1624 ἦς,
2639 1553 2732 1602 καὶ
2763 1544 2834 1613 εἴ,
2860 1549 2955 1603 καὶ
2991 1549 3120 1622 ἔσῃ’
3150 1550 3350 1620 μᾶλλον
3382 1549 3447 1603 δὲ
3479 1551 3513 1602 ὁ
3545 1550 3814 1610 αὐτὸς
3895 1565 3965 1596 z

2225 1641 2302 1697 ὣν
2330 1642 2632 1712 τυγχάνεις.
2665 1642 2758 1694 καὶ
2781 1641 2941 1704 αὐτὸς
2972 1635 3043 1707 εἴ,
3067 1641 3205 1695 κατὰ
3229 1642 3330 1712 τὴν
3353 1641 3742 1710 φάσκουσαν
3809 1639 3965 1690 ΕΞ-

2229 1734 2413 1803 λογίαν
2430 1750 2444 1765 ο
2474 1734 2558 1787 Σὺ
2575 1733 2643 1787 δὲ
2661 1738 2694 1788 ό
2719 1732 2900 1799 αὐτὸς
2917 1729 2991 1797 εἷ,
3015 1733 3113 1787 καὶ
3135 1733 3205 1787 τὰ
3226 1736 3331 1802 ἐτη
3348 1749 3479 1788 σου
3497 1737 3626 1787 οὐκ
3653 1736 3956 1786 ὲε-..ἶ-Ξ“

2228 1829 2477 1895 ψουσιν.
2515 1825 2650 1879 Οὐδὲ
2679 1825 2787 1896 γάρ
2821 1824 2979 1896 θέμις
3021 1826 3108 1877 ἐπ’
3136 1826 3303 1879 αὐτοῦ
3328 1826 3514 1894 φάναι
3542 1823 3644 1890 τὸ,
3691 1820 3832 1893 ξιξ
3869 1865 3902 1884 ο

2227 1918 2307 1982 τὸ,
2333 1913 2431 1986 ἧν,
2464 1917 2496 1986 ἥ
2535 1917 2615 1981 τὸ,
2649 1919 2850 1970 ἔσται’
2879 1917 2950 1970 τὰ
2995 1917 3093 1987 μὲν
3125 1917 3233 1988 γάρ
3261 1917 3360 1970 τοῦ
3393 1919 3964 1988 “ﬁniit-.12.:

2229 2009 2297 2064 τὰ
2324 2009 2380 2062 δὲ
2410 2008 2504 2062 τοῦ
2533 2008 2814 2080 μέλλοντος
2843 2007 3058 2062 ἔσεσθαι
3085 2009 3275 2081 χρόνου
3300 2008 3598 2081 δηλωτικὰ
3635 2011 3965 2076 τοτ’-Ζέ-

2229 2117 2343 2154 νει’
2379 2093 2454 2152 ὧν
2489 2101 2640 2154 οὐδὲν
2680 2100 2905 2172 ἁρμόζει
2955 2102 3020 2171 τῇ
3075 2099 3195 2172 θείᾳ
3237 2099 3606 2172 προσηγορίᾳ
3633 2118 3648 2128 ’
3689 2102 3930 2170 μύτιν
3963 2139 3965 2142 ι

2229 2191 2339 2263 γὰρ
2363 2192 2500 2263 αὐτῇ
2534 2191 2594 2244 τὸ
2616 2191 2702 2245 ἀεὶ
2739 2187 2878 2245 εἶναι
2907 2191 3186 2262 ἁρμόττει.
3216 2191 3304 2244 Διὸ
3327 2191 3553 2262 σφόδρα
3583 2191 3910 2260 ἀπεριειέ
3947 2209 3962 2242 :

2229 2283 2462 2339 ἐνταῦθά
2513 2301 2572 2336 τε
2625 2281 2867 2355 εἴρηται·
2953 2283 3081 2340 Δπὸ
3129 2282 3233 2337 τοῦ
3284 2282 3514 2348 αἰῶνος
3555 2283 3696 2348 ἕως
3755 2299 3920 2334 ττ-

2230 2375 2444 2442 αίῶνος
2475 2373 2556 2429 σὺ
2600 2373 2675 2440 ετ,
2717 2377 2751 2429 d
2783 2374 2927 2442 Θεός
2949 2389 2964 2404 ο
2997 2375 3092 2428 καὶ
3116 2377 3174 2428 ιν
3205 2375 3410 2445 ἑτέροις
3449 2374 3548 2438 τὸ,
3579 2373 3686 2428 Σὺ
3717 2373 3832 2425 δὲ
3903 2401 3924 2423 .-
3949 2379 3958 2382 “

2230 2468 2412 2535 αὐτὸς
2438 2464 2511 2531 εἷ,
2547 2469 2642 2522 καί
2681 2467 2753 2521 τὰ
2791 2467 2894 2536 ἐτη
2941 2483 3058 2522 σου
3094 2469 3206 2521 οὐκ
3244 2467 3706 2534 ἐκλείψουσιν.
3743 2466 3876 2532 Ττζ
3895 2497 3930 2504 -

2233 2561 2426 2633 ρητέον
2471 2560 2548 2625 δὲ,
2577 2561 2660 2613 ὅτι
2712 2561 2772 2613 ὲν
2809 2559 2908 2630 τῷ,
2937 2559 3132 2627 Κύριε,
3164 2557 3483 2626 καταφυγὴ
3529 2557 3868 2626 ἔτει-ἠθε-
3889 2579 3910 2620 ;

2229 2652 2394 2722 ἡμῖν,
2429 2653 2511 2716 τὸ,
2547 2652 2741 2721 Κύριε,
2778 2651 2839 2704 οὐ
2869 2650 2957 2704 διὰ
2997 2650 3092 2704 τοῦ
3127 2649 3567 2722 τετραγράμμου
3602 2648 3902 2718 φέρε-τε

2233 2749 2365 2819 παρ’
2405 2746 2696 2818 Ἑϐραίοις,
2730 2743 2866 2800 ἀλλὰ
2907 2743 2996 2798 διὰ
3040 2741 3148 2796 τῶν
3189 2742 3382 2796 κοινῶν
3423 2740 3530 2795 καὶ
3583 2741 3896 2811 συνήθεις-ι

2231 2838 2590 2912 γραφομένων
2621 2838 2914 2908 στοιχείων,
2944 2835 3052 2889 τῶν
3081 2834 3175 2888 καὶ
3199 2833 3289 2886 ἐπὶ
3318 2833 3420 2903 τῆς
3465 2831 3880 2903 ἀνθρωπίνης

2233 2930 2608 3004 προσηγορίας
2650 2928 3013 3000 ταττομένων,
3047 2927 3228 2980 εἴποτε
3265 2924 3356 2978 τὸν
3397 2926 3462 2978 ὲν
3505 2923 3868 2994 ἀνθρώπς

2231 3022 2520 3094 δεσπότην,
2555 3021 2742 3094 κύριον
2784 3018 3060 3089 καλοῖμεν.
3095 3017 3251 3072 Κατὰ
3295 3015 3364 3069 τά
3401 3015 3558 3070 αὐτὰ
3588 3016 3708 3086 γὰρ
3747 3018 3850 3069 ιιὶ

2232 3115 2327 3168 ἐπὶ
2383 3113 2476 3168 τοῦ
2521 3113 2787 3185 παρόντος
2838 3111 2899 3164 τὸ
2943 3108 3179 3164 Ἀδωνία
3216 3109 3572 3180 ἡρμήνευται
3619 3109 3706 3170 εἰς
3749 3109 3844 3159 ουν

2232 3206 2473 3274 Κύριον,
2497 3203 2589 3258 τοῦ
2619 3202 3042 3275 τετραγράμμου
3067 3199 3347 3270 ὀνόματος,
3377 3197 3407 3251 ὃ
3435 3199 3548 3269 τὴν
3581 3200 3830 3271 ἀπόρρη-

2233 3312 2325 3348 τον
2354 3294 2450 3348 τοῦ
2478 3293 2614 3348 Θεοῦ
2653 3293 2930 3363 Θεολογίαν
2959 3289 3233 3362 σημαίνει,
3267 3289 3340 3359 μὴ
3373 3288 3662 3360 κειμένου
3699 3305 3822 3342 ut:

2233 3387 2334 3459 τὴν
2360 3385 2638 3458 παροῦσαν
2665 3383 2830 3451 λέξιν,
2862 3383 2999 3439 ἀλλὰ
3026 3382 3122 3438 τοῦ
3148 3381 3406 3436 δεσπότου
3457 3379 3724 3450 μάλιστα
3747 3383 3819 3433 et}

2237 3479 2444 3548 καίρως
2483 3475 2894 3547 ὼνομασμένου,
2934 3476 3014 3538 είς
3041 3471 3382 3544 παράστασιν
3412 3469 3513 3523 τοῦ
3565 3470 3818 3540 κήδεσθαι

2235 3567 2397 3622 αὑτὸν
2430 3567 2524 3621 καὶ
2551 3566 2853 3639 φροντίζειν
2881 3566 2989 3619 τῶν
3019 3563 3183 3619 αὑτοῦ
3211 3563 3460 3627 οἰκετῶν,
3485 3555 3568 3617 ὧν
3610 3563 3720 3616 καὶ
3737 3580 3816 3614 n-

2237 3658 2456 3730 ταφυγὴ
2479 3660 2754 3728 τυγχάνει.
2783 3659 2893 3713 Καὶ
2922 3658 3023 3729 δρα
3052 3656 3263 3727 μήποτε
3300 3655 3392 3706 ἐπὶ
3420 3651 3518 3706 τὸν
3555 3653 3715 3706 Θεὸν
3739 3656 3819 3706 AI}

2245 3767 2341 3819 γον
2395 3750 2721 3821 ἀναφέρεται
2764 3752 2796 3820 ἡ
2848 3747 3096 3819 παροῦσα
3145 3743 3498 3798 διδασκαλίαν
3539 3745 3686 3798 οὐδὲ
3730 3745 3819 3813 γάρ

2246 3841 2464 3914 μακράν
2502 3842 2694 3914 ἀπᾴδει
2724 3844 2758 3913 ἡ
2797 3840 3030 3895 ἐνταῦθα
3067 3840 3286 3910 φήσασα
3339 3837 3520 3904 λέξις·
3551 3837 3697 3905 Πρὸ
3730 3835 3820 3888 τοῦ

2241 3934 2348 4001 ὅρη
2387 3931 2708 4004 γενηθῆναι
2740 3933 2838 3987 καὶ
2885 3928 3228 3998 πλασθῆναι
3262 3927 3375 3997 τὴν
3410 3925 3527 3996 τῆν
3558 3928 3680 3981 καί
3727 3927 3820 3991 τὴν

2239 4023 2598 4094 οἰκουμένην
2635 4024 2716 4078 σὺ
2748 4020 2820 4087 εἴ,
2853 4027 2885 4078 ό
2929 4024 3090 4088 Θεός·
3130 4022 3228 4093 τῆς
3256 4020 3405 4092 παρὰ
3438 4019 3740 4090 Σολομῶνι
3769 4019 3820 4070 ἐκ

563 4114 852 4186 προσώπου
874 4115 972 4184 τῆς
1000 4113 1187 4182 σοφίας
1207 4111 1540 4182 φασκοὺσης,
1558 4111 1678 4180 Πρὸ
1700 4110 1809 4166 τοῦ
1829 4113 1939 4182 ὄρη
1966 4112 2351 4182 ἑδρασθῆναι,
2387 4115 2499 4182 πρὸ
2539 4114 2607 4168 δὲ
2653 4113 2892 4168 πάντων
2932 4113 3179 4178 ,βουγῶν
3221 4110 3403 4181 γεννᾷ
3446 4127 3564 4179 με’
3636 4112 3716 4165 δι’
3759 4106 3820 4172 ἰν

563 4207 739 4262 ἔοικεν
767 4204 1096 4260 αίνίττεσθαι
1125 4204 1225 4268 τὰς
1252 4203 1576 4274 ἀσωμάτους
1604 4206 1699 4259 καὶ
1727 4205 2022 4274 ἀγγελικὰς
2047 4205 2328 4276 δυνάμεις,
2356 4199 2430 4261 ὧν
2458 4205 2832 4278 προῦπάρχειν
2863 4204 2956 4261 τὸν
2987 4203 3082 4258 τοῦ
3132 4203 3268 4256 Θεοῦ
3324 4201 3494 4270 Λόγον
3555 4204 3668 4256 καὶ
3737 4205 3820 4273 τὴν

566 4301 756 4371 σοφίαν
789 4298 880 4352 τοῦ
907 4297 1061 4361 Θεοῦ,
1096 4295 1236 4367 αὕτη
1263 4297 1296 4367 ή
1333 4297 1492 4365 σοφία
1519 4297 1778 4351 διδάσκει.

634 4415 802 4472 Vens.
831 4415 940 4470 5-7.
985 4412 1066 4467 Ne
1095 4422 1308 4467 avertas
1353 4413 1614 4467 hominem
1649 4415 1704 4466 in
1733 4413 2087 4467 humilitatem
2114 4427 2131 4465 :

2307 4415 2364 4465 Μ
2366 4411 2402 4479 ὴ
2431 4409 2822 4479 ἀποστρέψῃς
2847 4409 3160 4478 ἄνθρωπον
3183 4410 3270 4474 εις
3295 4407 3698 4460 ταπείνωσιν·
3731 4409 3816 4461 τιαὲ

561 4517 612 4562 et
654 4508 885 4561 dixisti:
931 4505 1331 4568 Convertimini,
1383 4505 1485 4575 ﬁlii
1539 4506 1832 4561 hominum.
1872 4505 2131 4572 Quoniam

2236 4501 2430 4570 εἶπας,
2449 4501 2897 4571 Ἑπιστρέψατε,
2926 4503 2980 4554 οι
3012 4498 3130 4554 υἱοί
3161 4498 3280 4553 τῶν
3307 4497 3668 4566 ὸνθικίιπων.
3699 4501 3820 4553 ὀτι

564 4601 708 4654 mille
738 4601 863 4652 anni
887 4601 941 4652 in
965 4598 1130 4653 oculis
1155 4598 1282 4662 tuis,
1316 4607 1570 4667 tanquam
1603 4596 1713 4651 dies
1738 4597 2001 4663 hesterna,
2021 4614 2131 4668 qate

2238 4596 2403 4664 χίλια
2427 4595 2531 4663 ἐτη
2559 4595 2630 4648 ἐν
2653 4593 2979 4663 ὀφθαλμοῖς
3001 4609 3137 4656 σου,
3167 4593 3249 4658 ὡς
3273 4593 3312 4660 ἡ
3343 4590 3534 4660 ἡμέρα
3553 4593 3595 4660 ἠ
3617 4593 3816 4661 ἐχθὲς,

562 4692 907 4761 praeteriit,“
936 4689 1174 4742 custodia
1205 4689 1261 4743 in
1289 4698 1457 4745 nocte.
1490 4688 1620 4755 Quit
1640 4705 1735 4758 pro
1759 4689 1921 4744 nihilo
1945 4690 2131 4745 haben-

2237 4686 2368 4754 ἣτις
2397 4684 2624 4753 διῆλθε,
2659 4685 2756 4737 καὶ
2792 4683 3034 4753 φυλακὴ
3065 4684 3134 4736 ἐν
3160 4682 3357 4735 νυκτί.
3392 4679 3817 4745 Thetim-6:113-

567 4792 669 4842 tur,
711 4797 893 4834 eorum
923 4781 1048 4833 anni
1083 4789 1259 4835 erunt.
1301 4779 1464 4835 Hane
1507 4781 1640 4834 sicut
1685 4780 1846 4834 herba
1877 4791 2131 4846 transeat,

2236 4793 2389 4847 ματα
2405 4776 2624 4838 αὐτῶν,
2647 4776 2750 4843 ἐτη
2778 4775 3040 4830 ἔσονται.
3067 4774 3138 4828 Τὸ
3157 4774 3306 4842 πρωῒ
3318 4774 3397 4838 ὡς
3420 4773 3460 4839 ἠ
3482 4775 3642 4840 χλόη
3669 4791 3814 4842 aa;-

566 4887 718 4924 mane
747 4871 933 4938 ﬂoreat
963 4880 1011 4923 et
1045 4879 1315 4934 transeat;
1346 4887 1550 4940 vespere
1578 4871 1811 4934 decidat,
1844 4872 2131 4935 induret,et

2236 4869 2418 4932 έλθοι,
2478 4869 2543 4921 τὸ
2577 4868 2725 4936 πρωῒ
2754 4866 3008 4934 ἀνθῆσαι
3052 4866 3154 4920 καί
3190 4865 3492 4934 παρέλθοι,
3527 4865 3594 4918 τὸ
3628 4865 3814 4919 ἐσπέο

565 4972 790 5016 areseat.
827 4961 965 5025 Quia
992 4961 1276 5030 defecimus
1302 4962 1355 5014 in
1400 4963 1483 5015 ira
1523 4971 1636 5026 tua,
1661 4972 1712 5016 et
1745 4963 1798 5016 in
1832 4963 2010 5031 furore
2047 4975 2131 5017 tua

2236 4977 2341 5028 ρας
2376 4957 2694 5025 ἀποπέσοι,
2742 4959 3150 5027 σκληρυνθείη
3191 4958 3290 5011 καὶ
3332 4955 3651 5025 ξηρανθείη
3675 4974 3694 4987 ·
3717 4957 3810 5009 ’ὅτι

569 5053 765 5107 turbati
811 5069 1012 5106 sumus.
1045 5051 1183 5118 Quia
1237 5053 1335 5108 has
1388 5068 1550 5108 voces
1583 5053 1783 5124 Moysis
1821 5070 1943 5110 esse
1979 5056 2138 5112 docet

567 5146 779 5206 titulus,
817 5143 946 5198 dum
975 5159 1070 5198 eas
1101 5143 1300 5216 Moysis
1332 5159 1577 5214 personae
1607 5153 1795 5215 aptare
1819 5161 2009 5208 conor,
2031 5163 2140 5202 me-

565 5252 689 5291 cum
725 5245 916 5306 reputo
951 5251 1080 5289 num
1132 5235 1217 5291 his
1253 5235 1508 5289 latentem
1563 5234 1764 5306 Moysis
1795 5237 2134 5306 pr0pltetiam

567 5343 746 5384 sermo
771 5328 970 5381 tradat.
1013 5325 1200 5396 Neque
1225 5326 1371 5380 enim
1405 5327 1647 5394 psalmus
1675 5342 1798 5382 esse
1831 5329 1962 5382 mihi
1993 5329 2136 5384 vide—

567 5430 691 5486 tur;
725 5418 842 5482 sed,
875 5426 932 5472 ut
966 5418 1124 5472 docet
1153 5418 1457 5488 inscriptio,
1483 5420 1657 5473 oratio
1684 5419 1906 5491 Moysis.
1938 5420 2136 5486 Quaero

567 5518 746 5564 autem
777 5525 883 5580 quo
916 5518 1159 5578 tempore
1193 5507 1404 5579 Moyses
1448 5508 1550 5562 hac
1591 5526 1725 5564 usus
1751 5509 1997 5565 oratione
2020 5509 2127 5574 sit;

565 5610 620 5656 et
650 5615 776 5654 num
820 5599 944 5670 ipsi,
970 5599 1053 5652 vel
1080 5597 1260 5668 potius
1291 5599 1490 5668 populo
1519 5601 1804 5654 conveniat
1829 5619 1840 5654 :
1873 5614 2006 5655 num
2038 5616 2128 5671 ge-

639 5755 681 5787 ⁸¹
721 5753 866 5810 Psal.
901 5770 980 5817 cr,
1009 5753 1104 5807 9.3.
1182 5755 1225 5785 δ’
1265 5751 1422 5807 Prov.
1465 5767 1582 5817 vm,
1612 5750 1708 5808 25.

2234 5051 2594 5121 ἐξελίπομεν
2614 5053 2684 5106 ἐν
2714 5051 2788 5120 τῇ
2821 5049 2962 5121 dmi;
2997 5067 3132 5113 σου,
3163 5050 3262 5103 καὶ
3290 5049 3359 5102 ἐν
3390 5047 3468 5113 τῷ
3500 5048 3666 5117 θυμῷ
3697 5067 3811 5103 σου

2234 5143 2658 5213 ἐταράχθημεν.
2704 5143 2920 5213 Ἐπειδὴ
2955 5141 3194 5204 Μωσέως
3229 5141 3492 5211 ὑπάρχειν
3525 5140 3622 5204 τὰς
3667 5157 3808 5209 παρ-

2235 5236 2400 5300 ούσας
2432 5237 2615 5306 φωνάς
2645 5238 2677 5306 ἡ
2709 5235 2997 5308 προγραφὴ
3027 5233 3287 5294 διδάσκει,
3347 5230 3685 5302 πειρώμενος
3712 5235 3802 5284 αὖε

2233 5327 2334 5392 τὰς
2383 5327 2687 5398 ἐφαρμόσαι
2732 5326 3095 5398 τῷΜωσέως
3163 5324 3457 5396 προσώπῳ,
3508 5323 3797 5393 ὲφίστημι,

2243 5420 2452 5490 μήποτε
2481 5417 2843 5472 λανθάνουσαν
2875 5417 2964 5471 διὰ
3003 5417 3208 5469 τούτων
3233 5416 3262 5467 ό
3291 5415 3445 5484 λόγος
3475 5415 3796 5486 παραδίω

2238 5510 2573 5582 προφητείαν
2625 5511 2886 5574 Μωσέως.
2952 5510 3085 5563 Οὐδὲ
3129 5509 3234 5582 γὰρ
3273 5509 3486 5578 ψαλμὺς
3532 5503 3664 5560 εἶναί
3707 5525 3792 5575 μοι

2231 5601 2394 5666 δοκεῖ,
2437 5601 2552 5656 ἀλλ’
2581 5602 2655 5666 ὡς
2693 5604 2726 5673 ἠ
2765 5603 3054 5674 προγραφὴ
3093 5600 3350 5668 διδάσκει,
3398 5598 3663 5672 προσευχὴ
3700 5598 3790 5653 τοῦ
