3972 6812
39 312 246 412 sies

1341 346 1848 410 COMMENTARIA
1886 350 1952 407 ΙΝ
1993 352 2333 410 PSALMOS.

3292 354 3428 412 I150

37 466 370 538 Μωῦσῇ.
409 461 585 538 Ζητῶ
612 461 670 521 δὲ
698 464 838 545 κατὰ
886 465 1036 520 ποῖον
1064 465 1172 538 ἄρα
1217 467 1408 538 καιρὸν
1448 467 1622 541 ταύτῃ
1661 466 1751 520 κέ-

1860 467 2126 521 nerationi
2159 483 2272 522 suae
2299 475 2354 521 et
2386 467 2587 538 populo
2609 482 2797 524 secum
2837 467 3098 531 versanti,
3128 475 3221 524 aut
3250 470 3436 528 subse-

43 576 328 630 χρηται
354 560 446 631 τῇ
486 560 758 632 προσευχῇ
782 559 1045 629 Μωῦσῆς,
1070 559 1163 613 καὶ
1191 559 1350 631 εἴπερ
1373 561 1542 632 αὐτῷ,
1565 563 1597 634 ἦ
1624 565 1754 635 μᾰλ-

48 649 179 704 λον
213 647 317 720 τῷ
361 646 505 720 λαῷ
527 645 858 718 κατάλληλος
879 647 1153 718 τυγχάνει,
1173 646 1400 719 πότερον
1416 650 1482 719 τῇ
1504 651 1666 722 γενεᾷ
1683 653 1750 726 τῇ

57 744 224 798 κατ’
261 741 502 805 αὑτὸν,
527 740 624 796 καὶ
644 738 722 811 τῷ
745 737 958 792 συνόντι
985 739 1133 811 αῦτῷ
1158 737 1346 812 λαῷ,ἦ
1370 742 1437 812 τῇ
1471 742 1587 814 μετ’
1609 741 1754 798 ἐκεί-

63 853 232 900 νους
264 834 534 906 διαδοχῇ
557 831 927 905 ἐφαρμοστέον
953 831 1138 904 αὐτήν.
1165 832 1288 885 Ὅτι
1313 832 1412 904 μὲν
1437 828 1531 887 οὖν
1550 832 1650 888 οὐκ
1672 835 1753 899 εἰς

68 926 287 983 αὑτὸν
355 927 652 998 προσήκει
711 924 782 978 τὰ
833 922 1168 996 προκείμενα
1225 925 1545 998 ἀναφέρειν,
1601 921 1753 998 οἶμαι

72 1017 283 1073 πάνθ’
311 1017 596 1072 -ὁντινοῦν
611 1017 984 1088 ὁμολογήσειν.
1003 1014 1128 1080 Πῶς
1141 1015 1248 1088 γὰρ
1271 1015 1492 1071 δύναται
1513 1018 1754 1089 Μωΰσῆς

73 1111 114 1163 ὁ
159 1109 514 1182 ἄνθρωπος
543 1107 637 1162 τοῦ
651 1107 808 1176 Θεοῦ,
829 1107 958 1180 περὶ
990 1106 1157 1162 αὑτοῦ
1184 1106 1384 1177 λέγειν,
1413 1108 1534 1162 ’Ὁτι
1563 1108 1753 1173 ἐξελί-

81 1218 334 1272 «oper
401 1201 483 1254 ἐν
522 1198 598 1270 τῇ
635 1196 783 1270 ὀργῇ
831 1218 949 1255 σου
970 1216 983 1228 ⁸
1036 1199 1071 1272 ἧ
1111 1200 1252 1255 κατὰ
1291 1199 1384 1254 τὸν
1436 1199 1751 1272 Σύμμαχον,

85 1293 258 1348 "Ott.
294 1291 721 1362 ἀνηλώθημεν
741 1291 813 1344 ἐν
831 1290 908 1360 τῇ
930 1290 1079 1363 ὀργῇ
1099 1308 1237 1354 σου,
1261 1291 1362 1345 καὶ
1389 1289 1460 1345 ἐν
1488 1290 1568 1358 τῷ
1591 1289 1755 1362 θυμῷ

84 1400 242 1440 σου
279 1382 742 1455 ἐταράχθημεν.
779 1385 962 1439 Ἔθου
988 1383 1094 1450 τὰς
1114 1384 1366 1455 ἀνομίας
1388 1381 1556 1454 ἡμῶν
1583 1384 1756 1437 ἐναν-

87 1475 260 1530 τίον
309 1490 482 1529 σου·
516 1476 612 1528 καὶ
648 1473 845 1528 πάλιν
880 1475 950 1528 Αἱ
1003 1472 1218 1544 ’ἡμέραι
1259 1471 1428 1543 ἡμῶν
1470 1472 1756 1537 ἐξέλιπον

93 1567 188 1620 ὲν
229 1565 319 1635 τῇ
361 1563 525 1637 ὀργῇ
557 1582 673 1620 σου
693 1584 705 1597 ο
739 1565 833 1620 καὶ
862 1566 1053 1620 πάλιν·
1091 1567 1188 1633 Τίς
1212 1567 1486 1636 γινώσκει
1519 1569 1586 1623 τὸ
1612 1567 1754 1638 κρά-

101 1675 231 1725 τος
266 1653 401 1729 τῆς
453 1655 638 1728 ὀργῆς
668 1673 806 1722 σου,
837 1658 934 1714 καὶ
966 1657 1086 1713 ἀπὸ
1132 1658 1239 1713 τοῦ
1279 1661 1469 1730 φόϐου
1502 1675 1618 1715 σου
1651 1661 1757 1714 τὸν

107 1737 342 1820 θυμόν
409 1762 578 1813 σου;
625 1748 763 1803 Ἀλλ’
809 1750 891 1803 ὅτι
928 1749 1027 1820 μὲν
1066 1748 1241 1804 ταῦτα
1292 1750 1392 1804 οὐκ
1440 1750 1506 1805 ἂν
1551 1754 1629 1816 εἰς
1663 1749 1755 1806 τὸν

109 1817 399 1900 “diﬁcia
453 1843 800 1914 ἀναφέροιτο,
839 1843 901 1896 οὐ
930 1817 1098 1915 μόνον
1135 1843 1245 1898 ἀπὸ
1275 1843 1369 1898 τοῦ
1402 1844 1582 1899 πάντα
1625 1845 1755 1915 περὶ
1791 1817 1831 1870 Β

113 1935 321 2008 ὀργῆς
351 1934 501 1989 Θεθῦ
531 1935 804 2008 εἰρῆσθαι,
834 1935 969 1990 ἀλλά
999 1935 1096 1992 καλ¹
1127 1937 1235 1991 ἀπὸ
1260 1937 1354 1990 τοῦ
1379 1937 1756 2009 πληθυντικῶς
1789 1962 1794 1967 ·

123 2026 564 2100 ’προενηνέχθαι
589 2027 656 2082 τὰ
673 2028 960 2101 εἰρημένα,
977 2027 1134 2101 δῆλόν
1150 2030 1314 2083 ἐστιν.
1334 2029 1494 2092 Εἰκὸς
1517 2024 1609 2084 οὖν
1635 2047 1756 2082 τινα

126 2121 237 2174 ἐπὶ
264 2119 369 2174 τὸν
410 2123 644 2176 συνόντα
687 2119 836 2192 αὐτῷ
868 2119 1012 2176 κατὰ
1039 2119 1138 2193 τὴν
1180 2121 1385 2194 ἔρημον
1416 2121 1544 2176 λαὸν
1585 2120 1758 2176 ταῦτα

133 2213 490 2285 ἀναφέρειν.
531 2213 670 2268 Ἀλλ’
707 2212 829 2270 οὐδὲ
859 2215 1016 2270 τοῦτο
1054 2219 1330 2289 συγχωρεῖ
1353 2217 1493 2270 νοεῖν
1523 2217 1552 2269 ό
1577 2214 1754 2284 λόγος.

141 2304 217 2358 Τί
254 2306 372 2378 γὰρ
405 2303 503 2360 καί
532 2323 665 2379 φησι
685 2325 698 2337 ·
729 2308 799 2362 Τό
826 2309 978 2379 πρωῒ
1002 2308 1082 2378 ὡς
1103 2311 1141 2380 ἠ
1173 2310 1324 2379 χλόη
1349 2307 1655 2378 παρέλθοι,
1688 2306 1757 2361 τὸ

141 2396 312 2465 πρωῒ
353 2394 625 2463 ἀνθῆσαι
656 2396 755 2451 καὶ
789 2397 1072 2467 παρέλθοι
1091 2416 1104 2429 ·
1138 2399 1204 2454 τὸ
1230 2397 1494 2468 ἑσπέρας
1527 2397 1758 2453 ἀποπέο

143 2502 279 2548 σοι,
315 2486 736 2555 σκληρυνθείη
762 2485 858 2539 καὶ
886 2485 1234 2555 ξηρανθεῶιθ
1276 2487 1364 2541 ὅτι
1399 2488 1760 2558 ἑξελὶπομεν

145 2577 223 2630 ἐν
248 2575 328 2647 τῇ
351 2573 505 2648 ὀργῇ
534 2593 685 2642 σου;
719 2575 928 2630 Οὐκοῦν
952 2578 1011 2630 οὐ
1047 2577 1124 2648 τῷ
1151 2578 1295 2650 πρωῒ
1329 2596 1492 2650 φησιν
1521 2579 1754 2636 ἐκλελοι·

152 2668 348 2734 πὲναι,
393 2668 536 2724 ἀλλὰ
562 2671 630 2724 Τὸ
663 2669 760 2741 μὲν
791 2669 941 2738 πρωῒ
964 2669 1044 2737 ὠς
1072 2668 1110 2737 ἠ
1138 2670 1292 2738 χλόη
1320 2671 1603 2740 παρέλθοι
1624 2689 1636 2702 ·
1663 2673 1757 2728 καὶ

157 2758 354 2825 πάλιν,
377 2759 464 2820 οὐ,
494 2759 656 2814 Κατὰ
697 2758 764 2814 τὸ
791 2758 942 2829 πρωῒ
964 2759 1436 2826 ἀποπέσοι,οὑδὲ,
1482 2761 1644 2818 Κατὰ
1691 2763 1757 2817 τό

160 2852 321 2920 πρωϊ
351 2852 762 2921 σκληρυνθείη
789 2853 889 2908 καὶ
919 2853 1262 2922 ξηρανθείη,
1294 2854 1408 2908 ἀλλ’
1449 2854 1756 2923 Ἀνθήσαι,

165 2941 337 3013 φησιν
371 2942 400 2994 ό
443 2939 620 3016 λόγος,
659 2941 808 2998 κατὰ
835 2941 901 2996 τὸ
935 2942 1086 3011 πρωῒ
1110 2942 1206 2996 καὶ
1242 2943 1561 3012 παρέλθοιο
1608 2943 1670 2998 τὸ
1702 2943 1759 2998 δὲ

166 3034 472 3087 ἀποπεσεῖν
513 3033 608 3086 καὶ
655 3032 1054 3108 σκληρυνθῆναι
1083 3035 1177 3089 καὶ
1211 3034 1540 3107 ξηρανθῆναι
1594 3036 1759 3090 ἐσπέ-

173 3215 584 3284 σκληρυνθείη
617 3215 713 3269 καὶ
753 3215 1105 3285 ξηρανθείη·
1148 3217 1243 3271 καὶ
1288 3217 1369 3272 τό⁸
1409 3219 1539 3272 Ὀτι
1566 3218 1758 3283 ἐξελί-

177 3321 368 3376 uorter-
388 3307 457 3360 ἐν
481 3304 556 3376 τῇ
583 3305 729 3378 ὀργῇ
755 3325 894 3374 σου,
925 3310 1066 3364 κατά
1090 3308 1150 3363 τὸ
1179 3308 1417 3382 ἑσπέρας
1441 3309 1658 3364 ἔσεσθαι
1681 3309 1760 3363 εῖ-

183 3416 344 3471 ρηται
365 3415 377 3431 ·
407 3401 466 3453 ὲν
491 3397 664 3472 τούτῳ
686 3401 816 3474 γὰρ,
851 3400 1034 3474 φησὶν,
1079 3400 1396 3473 ὲξελίπομεν
1416 3416 1430 3430 ·
1464 3401 1760 3475 ἐπειδήπερ

185 3490 246 3544 τδ
273 3489 414 3563 πρωῒ
444 3491 611 3563 ἄνθης
640 3491 957 3565 γενομένης,
989 3493 1083 3548 καὶ
1115 3492 1274 3565 χλόης
1297 3495 1390 3548 καὶ
1424 3496 1758 3569 προσκαίρου

185 3581 328 3646 τινὸς
368 3582 671 3654 ὠραϊσμοῦ,
708 3585 848 3638 κατά
877 3584 976 3657 τὴν
1013 3585 1252 3658 ἑσπέραν
1295 3587 1691 3659 σκληρυνθεϊσα
1725 3592 1758 3662 ἡ

188 3672 314 3745 χλόη
350 3675 441 3728 καὶ
470 3673 966 3748 ἀποξηρανθεῖσαὴ
1001 3675 1134 3748 ἄνθη
1169 3677 1406 3744 ἐξέλιπε.
1430 3679 1540 3732 Καὶ
1571 3679 1638 3733 τὰ
1663 3679 1761 3751 μὲν

189 3765 286 3838 τῆς
310 3765 503 3831 λέξεως
525 3767 626 3840 τῆς
655 3767 936 3840 παρούσης
965 3769 1273 3841 προσευχῆς
1299 3769 1487 3823 τοῦτον
1526 3769 1640 3842 ἔχει
1668 3771 1762 3824 τὸν

191 3859 412 3930 τρόπον’
445 3858 512 3913 τά
547 3860 606 3914 δὲ
635 3860 736 3932 τῆς
775 3860 1010 3924 διανοίας
1035 3861 1135 3914 οὐκ
1175 3862 1458 3933 ἐπιτρέπει
1507 3862 1602 3916 ἐπὶ
1632 3864 1761 3928 τοὺς

194 3949 459 4015 Μωῦσέως
478 3953 703 4024 χρόνους
722 3953 814 4006 καὶ
834 3951 932 4025 τὴν
955 3954 1074 4007 κατ’
1095 3953 1256 4008 αὐτὸν
1280 3953 1471 4023 γενεὰν
1505 3955 1760 4024 συνάγειν

196 4043 262 4096 τά
279 4041 550 4115 εἰρημένα.
577 4045 651 4097 οὐ
683 4044 793 4117 γὰρ
818 4044 1025 4117 ἑσπέρα
1057 4041 1126 4117 ἦν
1149 4047 1290 4120 τότε,
1321 4046 1444 4100 οὐδὲ
1462 4045 1532 4101 τὰ
1554 4046 1762 4102 ὕστατα

201 4133 289 4187 τοῦ
320 4136 381 4188 ὲκ
416 4135 712 4208 περιτομῆς
755 4136 886 4192 λαοῦ
908 4153 922 4167 ο
955 4137 1123 4210 ἀρχαὶ
1145 4136 1202 4192 δὲ
1237 4135 1380 4210 ἦσαν
1419 4139 1620 4204 αὐτῶν,
1667 4141 1762 4195 καὶ

205 4225 318 4280 τότε
350 4226 556 4300 πρῶτον
584 4228 767 4291 αὐτοῖς
795 4229 1143 4284 ἀνατετάλκει
1172 4231 1234 4284 es
1265 4231 1329 4284 ὲκ
1358 4231 1492 4285 Θεοῦ
1533 4233 1758 4303 φέγγος.

210 4319 292 4373 Διὸ
307 4319 393 4373 καὶ
409 4319 466 4373 τὸ
485 4317 633 4392 πρωῒ
678 4318 968 4393 ὠνομάσθη
988 4323 1021 4392 ἡ
1040 4319 1229 4375 τούτου
1259 4338 1318 4376 τε
1357 4323 1549 4396 καιροῦ
1584 4324 1754 4378 κατά-

212 4428 398 4477 στασις,
414 4412 501 4466 καὶ
525 4415 557 4483 ἡ
584 4411 678 4466 τοῦ
699 4410 832 4465 Θεοῦ
857 4414 935 4478 είς
959 4413 1155 4477 αὐτοὺς
1183 4415 1472 4486 ἐπισκοπή.
1521 4415 1761 4488 Ἐσπέρα

1857 558 2042 629 quenti
2074 559 2415 620 successioni
2445 559 2750 636 coaptanda
2777 561 2869 617 sit.
2909 559 3064 628 Quod
3102 567 3282 616 autem
3319 560 3435 616 haec

1853 650 1958 722 ipsi
1988 650 2195 732 referre
2223 666 2332 706 non
2364 650 2680 715 conveniat,
2714 652 2857 724 apud
2888 667 3080 707 omnes
3112 651 3350 706 arbitror
3381 653 3437 706 in

1854 739 2106 796 confesso
2140 740 2382 798 futurum
2414 757 2556 798 esse.
2577 740 2678 808 Qui
2710 742 2856 796 enim
2887 742 3059 812 possit
3086 740 3318 812 Moyses,
3350 742 3440 798 ho-

1854 848 1944 888 mo
1983 832 2097 896 Dei,
2131 833 2198 890 de
2253 850 2313 890 se
2347 835 2531 890 dicere
2565 853 2578 889 :
2615 834 2756 900 Quia
2783 833 3068 904 defecimus
3089 833 3142 886 in
3175 836 3258 887 ira
3305 844 3438 897 tua;

1854 925 1938 981 vel
1967 925 2269 982 secundum
2303 925 2691 998 Symmachum
2715 945 2728 982 :
2751 925 2892 994 Quia
2921 929 3220 996 consumpti
3252 943 3438 980 sumus

1855 1020 1909 1073 in
1950 1019 2035 1072 ira
2079 1029 2191 1082 tua,
2219 1029 2268 1073 et
2312 1020 2366 1073 in
2395 1020 2577 1089 furore
2607 1030 2696 1074 tuo
2725 1019 2930 1074 turbati
2962 1035 3164 1074 sumus.
3199 1016 3441 1074 Posuisti

1855 1108 2160 1180 iniquitates
2205 1121 2417 1164 nostras
2462 1111 2520 1164 in
2568 1121 2847 1180 conspectu
2895 1121 3022 1174 tuo;
3062 1125 3126 1165 ac
3171 1126 3435 1165 rursum:

1854 1199 1982 1256 Dies
2031 1203 2200 1274 nostri
2243 1202 2547 1273 defecerunt
2574 1204 2629 1256 in
2662 1204 2745 1257 ira
2775 1213 2905 1266 tua;
2930 1204 3238 1273 iterumque
3265 1221 3277 1255 :
3307 1201 3439 1267 Quis

1855 1295 1997 1349 novit
2033 1295 2137 1348 vim
2164 1295 2261 1350 ira:
2285 1305 2410 1360 tutu,
2445 1304 2494 1350 et
2531 1313 2565 1349 a
2596 1296 2785 1349 timore
2817 1303 2904 1347 tuo
2933 1295 3070 1347 iram
3107 1293 3296 1346 tuam?
3329 1289 3432 1345 Ve-

1855 1404 1977 1442 rum
2006 1388 2152 1459 quod
2188 1388 2302 1444 haec
2335 1390 2402 1442 ad
2434 1388 2675 1460 Moysem
2703 1402 2812 1442 non
2847 1387 3176 1450 referantur,
3212 1399 3319 1440 non
3355 1399 3440 1440 so-

1858 1480 1968 1534 lum
1998 1480 2126 1550 quia
2154 1479 2338 1532 omnia
2364 1480 2501 1533 iram
2531 1478 2624 1534 Dei
2647 1478 2984 1550 exprimunt,
3007 1475 3102 1531 sed
3125 1476 3287 1530 etiam
3308 1473 3437 1543 quia

1857 1572 1971 1628 bare
2023 1572 2308 1642 pluraliter
2356 1571 2730 1642 proferuntur,
2760 1569 3111 1625 manifestum
3159 1575 3264 1623 est.
3301 1565 3442 1619 IIiue.

1858 1665 2023 1736 igitur
2047 1665 2341 1720 verisimile
2359 1672 2462 1727 est,
2488 1664 2600 1719 hac
2623 1662 2932 1735 quempiam
2965 1661 3166 1732 popqu
3195 1660 3288 1732 qui
3313 1675 3438 1714 cum

1857 1757 1976 1828 ipso
2011 1757 2063 1810 in
2092 1757 2312 1813 deserto
2340 1765 2481 1820 erat,
2515 1756 2882 1826 ascripturum
2905 1770 3048 1811 esse.
3079 1752 3148 1806 At
3178 1752 3230 1808 id
3259 1768 3327 1806 ue
3355 1751 3440 1806 vel

1857 1847 2098 1917 cogitare
2137 1845 2388 1900 concedit
2434 1845 2625 1900 series.
2656 1844 2768 1900 Cur
2814 1847 2958 1900 enim
2999 1843 3250 1898 diceret:
3281 1841 3444 1895 Mane

1857 1939 1992 1992 sicut
2035 1937 2196 1991 herba
2237 1947 2496 2000 transeat,
2562 1953 2714 1992 mane
2746 1936 2935 2007 ﬂoreat
2964 1946 3012 1992 et
3039 1945 3312 1998 transeat;
3353 1952 3442 1989 re-

1867 2045 2016 2098 spere
2041 2028 2274 2093 decidat,
2309 2029 2516 2084 induret
2547 2039 2597 2084 et
2641 2038 2880 2092 arescat;
2907 2029 3032 2099 quia
3062 2027 3347 2098 defecimus
3385 2027 3442 2082 in

1859 2123 1940 2176 ira
1969 2123 2102 2176 tua?
2131 2121 2316 2192 Itaque
2351 2137 2457 2175 nou
2488 2121 2622 2176 dicit
2656 2136 2814 2176 mane
2843 2119 3140 2184 defecisse,
3171 2118 3266 2175 sed
3287 2138 3298 2174 :
3320 2116 3441 2173 Ha-

1859 2229 1922 2266 ne
1961 2213 2095 2267 sicut
2143 2209 2303 2265 herba
2335 2219 2610 2275 transeat;
2651 2223 2831 2280 neque
2880 2225 3097 2264 rursum
3131 2208 3206 2262 ait
3239 2227 3252 2264 :
3288 2207 3441 2264 Mane

1858 2303 2089 2366 decidat,
2117 2320 2291 2374 neque
2318 2321 2332 2356 :
2364 2300 2523 2357 Mane
2558 2301 2768 2356 induret
2801 2311 2850 2356 et
2882 2310 3121 2365 arescat;
3161 2299 3255 2358 sed
3299 2301 3444 2376 dicit

1862 2403 1950 2448 tur
1985 2413 1997 2450 :
2032 2393 2192 2449 Mane
2223 2394 2411 2464 ﬂoreat
2460 2403 2508 2448 et
2558 2402 2834 2457 transeat;
2869 2399 2928 2447 ut
2973 2403 3153 2448 autem
3200 2383 3442 2458 decidat,

1861 2486 2079 2542 induret
2107 2496 2160 2542 et
2191 2493 2427 2548 arescat,
2449 2501 2674 2556 vespere
2694 2483 2938 2539 futurum
2965 2498 3088 2540 esse
3104 2483 3178 2538 ait
3203 2482 3290 2538 his
3316 2499 3438 2538 ver-

1861 2578 1948 2634 bis
1977 2597 1990 2632 :
2035 2577 2253 2646 Vespere
2281 2577 2513 2642 decidat,
2533 2575 2742 2631 indurat
2786 2585 2836 2630 et
2864 2583 3110 2638 arescat;
3142 2573 3274 2628 illud
3303 2588 3443 2644 quoa

1861 2687 1969 2744 que
2003 2689 2017 2727 :
2047 2671 2187 2739 Quia
2239 2670 2526 2740 defecimus
2571 2669 2630 2723 in
2673 2669 2758 2722 ira
2799 2677 2912 2733 tua,
2942 2682 3168 2739 vespere
3195 2666 3439 2721 futurum

1859 2779 1984 2821 esse
2017 2763 2224 2818 dictum
2255 2769 2340 2820 est
2379 2781 2392 2816 :
2423 2775 2552 2816 nam
2603 2759 2731 2823 hoc,
2763 2759 3037 2831 inquiunt,
3071 2767 3317 2830 tempore
3346 2757 3442 2812 de-

1863 2855 2110 2911 fecimus.
2143 2854 2412 2922 Quoniam
2441 2867 2566 2908 cum
2603 2866 2764 2907 mane
2810 2850 2994 2915 ﬂores,
3025 2849 3192 2906 herba
3227 2857 3280 2905 et
3306 2858 3443 2904 tem-

1861 2961 2101 3019 poranea
2132 2945 2378 3018 quaedam
2415 2943 2626 3016 species
2649 2942 2972 3006 exstitisset,
3004 2955 3230 3012 vespere
3257 2954 3440 2994 emar—

1861 3039 1976 3093 cuit
2006 3039 2197 3104 herba,
2229 3045 2282 3093 et
2331 3035 2495 3093 liores
2538 3034 2800 3092 exsiccati
2850 3033 3190 3090 defecerunt.
3225 3029 3292 3086 Et
3326 3031 3442 3086 haec

174 3140 276 3194 ρας
309 3121 533 3180 ἔσεσθαί
577 3140 732 3196 φησι,
767 3123 942 3193 λέγων
963 3123 1043 3189 τὸ,
1093 3125 1390 3195 Ἐσπέρας
1430 3125 1752 3192 ἀποπέσοι,

1861 3131 2080 3202 quidem
2111 3129 2290 3184 oratio
2317 3127 2498 3206 quoad
2544 3128 2780 3184 litteram
2812 3126 2887 3182 ita
2922 3140 2981 3182 se
3012 3125 3209 3191 habet;
3242 3138 3440 3179 sensus

1861 3239 1990 3278 vero
2023 3221 2090 3277 ad
2121 3219 2323 3294 Moysis
2355 3230 2598 3298 tempora
2620 3226 2674 3276 et
2697 3218 2764 3274 ad
2789 3218 2876 3276 sui
2906 3217 3004 3274 aevi
3026 3218 3440 3290 generationem

1860 3314 2099 3372 conferri
2134 3315 2345 3386 nequit.
2365 3311 2552 3384 Neque
2575 3311 2718 3368 enim
2753 3319 2884 3366 tunc
2914 3324 3141 3380 vespera
3172 3317 3312 3369 erat.
3352 3323 3444 3364 ne-

1860 3423 1967 3480 que
1989 3415 2232 3463 extrema
2257 3407 2441 3478 populi
2471 3421 2539 3463 ex
2567 3402 2985 3460 circumcisione
3012 3411 3254 3472 tempora
3280 3415 3445 3456 vene-

1860 3509 2015 3566 rant;
2047 3495 2142 3555 scd
2176 3506 2306 3552 tunc
2334 3495 2559 3552 exordia
2605 3494 2726 3565 ejus
2756 3500 2933 3558 erant,
2969 3503 3023 3549 et
3048 3501 3179 3547 tunc
3206 3493 3442 3564 primum

1860 3608 1925 3648 ex
1976 3591 2088 3648 Deo
2137 3590 2231 3644 lux
2283 3595 2402 3642 orta
2430 3595 2569 3642 erat.
2603 3572 2966 3654 Quamobrem
3005 3583 3266 3656 temporis
3295 3583 3443 3638 illius

1861 3682 2124 3747 conditio,
2153 3691 2203 3738 et
2256 3680 2350 3736 Dei
2403 3679 2671 3751 inspectio
2722 3691 3008 3742 concessa,
3043 3691 3204 3732 mane
3252 3681 3444 3730 vocata

1861 3785 1965 3834 est.
1997 3775 2154 3832 Tunc
2184 3784 2366 3830 autem
2400 3785 2626 3842 vespera
2653 3768 2756 3825 fuit
2781 3769 2910 3832 illis,
2935 3783 3059 3824 cum
3093 3768 3150 3822 in
3181 3781 3443 3822 consum-

1863 3870 2103 3926 matione
2136 3863 2321 3926 saeculi
2348 3865 2612 3928 Verbum,
2641 3862 2788 3934 quod
2819 3862 2949 3916 hinc
2981 3868 3162 3916 ortum
3191 3871 3328 3923 erat,
3353 3873 3443 3915 oc-

1863 3963 1994 4020 cidit
2025 3963 2152 4018 illis.
2188 3961 2388 4017 V'erum
2419 3969 2551 4013 tunc
2577 3955 2798 4028 quidem
2830 3963 3010 4011 ortum
3037 3960 3145 4019 est,
3174 3961 3229 4010 et
3256 3961 3444 4008 matu-

1863 4055 2040 4110 tinum
2069 4054 2205 4124 ipsis
2228 4051 2427 4116 elI'eeit,
2459 4065 2585 4106 cum
2628 4064 2720 4105 res
2763 4049 3009 4118 ipsorum
3035 4045 3311 4102 ﬂorerent.
3343 4042 3446 4100 Ne-

1864 4161 1972 4216 que
2018 4160 2149 4200 sane
2183 4143 2238 4198 in
2270 4142 2498 4198 veritate
2547 4147 3000 4212 permanserunt;
3048 4135 3146 4193 sed
3181 4149 3306 4192 cum
3344 4135 3445 4189 llo-

1867 4234 2128 4298 ruissent,
2159 4231 2516 4294 transierunt,
2544 4236 2598 4286 et
2622 4229 2832 4284 umbrae
2861 4223 3439 4297 instaraul‘ugerunt:

1865 4325 2219 4396 quamobrem
2250 4323 2459 4377 dictum
2489 4329 2571 4377 est
2604 4341 2616 4376 :
2647 4319 2808 4376 Mane
2829 4318 2962 4375 sicut
2986 4315 3147 4372 herba
3173 4325 3442 4384 transeat,

1865 4417 1997 4474 Post
2039 4414 2244 4487 Moysis
2290 4423 2471 4470 autem
2518 4413 2750 4480 obitum,
2781 4412 2838 4467 in
2887 4410 3242 4482 sequentibus
3274 4409 3442 4465 etiam

211 4503 261 4558 δὲ
287 4504 396 4558 τότε
432 4503 611 4567 αὐτοῖς
639 4503 886 4572 γέγονεν,
914 4505 949 4575 ὴ
979 4504 1072 4558 ἐπὶ
1094 4505 1372 4578 συντελείᾳ
1405 4506 1496 4561 τοῦ
1539 4507 1755 4572 αἰῶνος,

1865 4510 2224 4580 temporibus,
2259 4507 2310 4561 in
2343 4506 2622 4562 meliorem
2653 4514 2856 4562 statum
2891 4504 3037 4559 aucti
3078 4510 3132 4558 et
3173 4501 3442 4574 provecti,

214 4595 321 4650 καθ’
356 4597 414 4666 ἢν
444 4595 527 4648 ἔδυ
555 4595 742 4659 αὐτοῖς
795 4596 824 4649 ό
868 4594 989 4650 τότε
1016 4596 1299 4663 ἀνατείλας
1344 4598 1534 4669 Λόγος.
1597 4598 1760 4654 Ἀλλά

1866 4618 1975 4658 non
2031 4602 2106 4656 ila
2165 4605 2568 4663 remanserunt,
2618 4597 2714 4652 sed
2770 4594 3445 4665 transieruntzquocirca

216 4689 322 4742 τότε
349 4687 434 4759 μὲν
480 4686 812 4742 ἀνατέταλκε
851 4687 945 4741 καὶ
989 4688 1202 4760 πρωῖαν
1236 4689 1418 4754 αὑτοῖς
1455 4691 1758 4762 εἰργάζετο,

220 4778 296 4830 ὅτε
329 4777 410 4831 καὶ
439 4779 583 4849 ἤνθει
611 4778 682 4832 τὰ
727 4778 847 4834 κατ’
877 4779 1072 4844 αὐτοὺς
1105 4780 1421 4852 πράγματα.
1459 4784 1534 4836 0‘5
1592 4784 1759 4856 παρὲ-

226 4886 354 4940 μεινε
377 4869 426 4922 δὲ
451 4870 506 4922 ἐν
537 4872 602 4941 τῇ
625 4869 854 4942 ἀληθείᾳ
875 4888 890 4902 ο
915 4870 1052 4926 ἀλλά
1079 4871 1188 4944 γὰρ
1213 4873 1523 4945 ἀνθήσαντα
1549 4875 1762 4948 παρῆλ-

224 4962 294 5023 θε,
318 4959 400 5014 καὶ
436 4961 590 5026 σκιᾶς
629 4961 785 5033 δίκην
838 4963 1186 5034 παρέδραμε·
1229 4963 1311 5018 διὸ
1357 4963 1642 5019 λέλεκται·
1691 4964 1762 5018 Τὸ

224 5051 352 5120 πρωϊ
379 5051 448 5120 ὡς
472 5053 510 5122 ἡ
539 5054 691 5122 χλόη
724 5055 1028 5122 παρέλθοι.
1064 5055 1220 5110 Μετὰ
1251 5055 1308 5108 δὲ
1347 5056 1444 5128 τὴν
1482 5057 1760 5121 Μωῦσὲως

226 5144 442 5218 τελευτὴν
478 5147 637 5200 πάλιν
668 5148 726 5200 ὲν
747 5149 860 5212 τοῖς
891 5147 1028 5219 μετά
1059 5148 1235 5202 ταῦτα
1255 5149 1466 5221 χρόνοις
1488 5150 1761 5214 ἐπιδόντες

227 5239 295 5302 εἰς
312 5237 508 5309 αὔξησιν
538 5239 634 5292 καὶ
667 5238 888 5310 μείζονα
919 5239 1081 5310 φυὴν,
1140 5239 1259 5292 οὐδὲ
1293 5239 1432 5292 οὕτω
1459 5239 1758 5311 διέμειναν,

230 5330 342 5385 ἀλλὰ
364 5331 619 5402 παρῆλθον
636 5347 651 5362 ο
686 5331 768 5388 διὸ
799 5330 892 5384 καὶ
919 5329 1170 5402 δεύτερον
1198 5331 1446 5386 λέλεκται
1467 5349 1481 5362 ·
1514 5331 1586 5386 Τὸ
1612 5331 1763 5400 πρωῒ

231 5423 446 5489 ἀνθῆσαι
474 5423 567 5476 καὶ
603 5421 907 5492 παρέλθοι.
945 5421 1026 5476 Τά
1056 5422 1113 5476 δέ
1144 5441 1206 5492 γε
1252 5424 1537 5479 τελευταῖα
1577 5423 1758 5479 αὐτῶν

237 5515 349 5585 μετὰ
375 5515 527 5569 ταῦτα
562 5515 884 5586 σημαίνεται
925 5515 1013 5570 διά
1060 5517 1237 5572 τοῦτο·
1283 5516 1577 5586 Ἐσπέρας
1605 5518 1757 5572 ἀετο-

237 5604 394 5671 πέσοι,
419 5609 504 5661 καὶ
551 5610 960 5676 σκληρυνθείη
1013 5610 1111 5663 καὶ
1155 5610 1509 5678 ξηρανθείη·
1560 5611 1621 5664 τὸ
1654 5611 1761 5681 γὰρ

301 5789 337 5819 ⁸³
368 5789 501 5844 Ilirli.
541 5807 634 5854 Ill,
669 5792 722 5846 6.
802 5792 846 5824 ”
886 5791 1116 5848 Malacb.
1154 5809 1236 5859 tv,
1269 5795 1328 5850 ‘2.
1402 5795 1446 5828 ⁸⁸
1487 5792 1596 5850 Jer.
1631 5811 1720 5862 xv,
1753 5794 1807 5849 9.

515 5887 776 5948 ΡΑτιιοι..
828 5887 947 5948 Gtt.
981 5885 1218 5947 XXIII.

1863 4695 2029 4748 etiam
2057 4691 2301 4749 secundo
2326 4691 2536 4746 dictum
2557 4697 2678 4745 est:
2705 4687 2865 4742 Mane
2889 4687 3078 4758 ﬂoreat
3106 4695 3157 4742 et
3184 4694 3443 4741 transeat.

1862 4784 2146 4841 Postrema
2193 4796 2323 4838 vero
2369 4797 2556 4838 eorum
2592 4779 2698 4837 sub
2733 4781 2847 4836 haec
2893 4781 2967 4834 ita
3011 4773 3391 4850 signiﬁcantur
3427 4793 3442 4832 :

1877 4875 2096 4945 Vespere
2122 4873 2355 4938 decidat,
2381 4872 2590 4927 induret
2629 4879 2679 4928 et
2734 4879 2985 4928 arescat:
3023 4883 3148 4942 nam
3180 4865 3326 4939 quod
3353 4881 3445 4922 se-

1868 4968 2044 5024 nescit
2070 4973 2124 5022 et
2150 4966 2507 5027 inveteratur,
2547 4979 2794 5033 proxime
2839 4962 3118 5018 interitum
3151 4969 3253 5016 est.
3285 4955 3446 5024 Quod

1861 5075 1992 5115 sane
2017 5059 2124 5114 illis
2147 5057 2376 5129 contigit
2406 5057 2693 5112 occidente
2711 5055 2940 5125 iustitia:
2962 5055 3108 5120 Sole,
3142 5052 3448 5110 secundum

1865 5150 2203 5222 prophetiam
2229 5165 2351 5220 qua:
2381 5149 2455 5202 ait
2491 5165 2517 5203 :.
2548 5145 2614 5202 Et
2640 5147 2836 5202 occidet
2861 5147 2942 5202 sol
2967 5161 3121 5214 super
3141 5143 3446 5214 prop/ictas,

1859 5244 1948 5314 qui
1974 5258 2153 5297 errare
2182 5241 2385 5310 faciunt
2413 5247 2666 5309 populum
2693 5256 2862 5294 meum
2885 5239 2950 5294 ⁸³.
2977 5233 3444 5304 Quemadmodum

1861 5335 2005 5390 enim
2035 5332 2102 5388 de
2126 5333 2294 5402 justis
2323 5331 2531 5388 dictum
2561 5340 2646 5386 est
2672 5349 2684 5384 :
2711 5329 2926 5388 Orietur
2950 5328 3252 5384 timentibus
3281 5324 3446 5379 Deum

1866 5427 1964 5483 Sol
1990 5425 2316 5496 justitiw“;
2347 5425 2426 5481 sic
2454 5434 2618 5482 etiam
2643 5425 2710 5481 de
2738 5425 2918 5494 impiis
2939 5422 3145 5484 dictum
3177 5428 3261 5474 est
3291 5437 3311 5472 :
3343 5415 3448 5472 Oc-

1867 5519 2001 5575 cidet
2027 5518 2108 5574 sul
2140 5533 2296 5587 super
2332 5515 2514 5572 illos"
2533 5537 2547 5575 :
2585 5533 2649 5573 ac
2686 5529 2905 5580 rursum
2941 5511 3066 5568 alibi
3104 5529 3117 5564 :
3152 5509 3220 5563 Et
3247 5507 3447 5562 occidet

1868 5610 1948 5666 sol
1979 5611 2031 5663 in
2055 5609 2291 5673 meridie,
2333 5619 2381 5662 et
2411 5609 2542 5663 luua
2586 5625 2690 5663 non
2723 5605 2869 5662 dabit
2899 5605 3065 5660 lucem
3107 5619 3260 5657 suam
3287 5601 3354 5657 ".
3387 5598 3450 5656 In

1910 5794 1956 5827 ⁸³
1994 5791 2161 5848 Amos
2191 5791 2325 5870 vmf,
2359 5788 2412 5844 9.
2507 5777 2515 5786 “

3043 5845 3173 5944 36..

37 6467 3932 6812 ΙΙΙΙΙΙ¹ΙΙΙΙΙΙΙΙΙΙΙΙ11111ΙΙΙΙΙΙΙΙΙΙΙΙΙΙΙΙΙΙΙΙΙΙΙΙΙΙΙΙΙΙΙΙΙΙΙΙΙΙΙΙΙΙΙΙΙΙΙ
