3972 6812
531 421 662 476 HM

1231 422 1501 480 EUSEBII
1540 423 2031 482 CESARIENSIS
2067 427 2223 484 OPP.
2270 429 2456 486 PARS
2492 419 2579 488 In.
2603 460 2674 471 —
2713 429 3127 489 EXEGETICA.

3771 416 3924 480 HE:

529 538 1003 594 consummatione
1033 538 1200 608 igitur
1229 541 1415 595 saeculi
1447 548 1573 611 post
1595 541 1907 598 Servatoris
1938 553 2095 600 nostr

2221 546 2620 618 παλαιούμενον
2644 549 2739 601 καὶ
2766 537 3047 620 γηράσκον
3071 537 3246 618 ’ἐγγὺς
3277 549 3678 620 άφανισμοῦ-
3745 545 3842 596 Ὃ
3873 545 3924 594 ε’

529 631 844 688 adventum,
877 643 1002 682 cum
1029 643 1255 700 vespera
1288 631 1422 700 ipsis
1453 631 1794 697 advenisset,
1819 646 1882 687 ac
1905 632 1996 687 lux
2032 648 2120 687 ve-

528 723 712 775 ritatis
740 722 899 790 plane
933 721 1252 786 occidisset,
1290 723 1346 776 in
1399 723 1622 778 ruinam
1667 733 1723 779 et
1751 725 2117 795 abjectionem

526 815 744 882 penitus
792 813 1154 876 devenerunt,
1191 822 1357 884 atque
1389 815 1492 871 hoc
1516 818 1802 872 oraculum
1833 818 2116 887 impletum

524 914 607 958 est
631 915 653 957 ‘:
697 904 917 973 Vespere
945 904 1177 968 decidat,
1221 907 1432 962 induret
1457 919 1508 964 et
1542 920 1773 966 arescat.
1800 910 1942 976 Quia
1972 911 2117 980 defe-

523 999 692 1052 cimus
721 999 776 1050 in
800 999 886 1051 ira
918 1009 1032 1062 tua,
1059 1009 1109 1053 et
1132 1001 1188 1053 in
1214 1001 1396 1067 furore
1422 1012 1512 1056 tuo
1543 1002 1743 1057 turbati
1770 1020 1973 1058 sumus.
1999 1003 2117 1059 llis-

521 1103 628 1157 que
683 1088 900 1144 videtur
950 1091 1084 1145 mihi
1141 1090 1358 1173 Moyst
1392 1095 1704 1149 orationem
1754 1097 2110 1160 concinnare,

521 1183 708 1251 populi
757 1191 880 1252 post
928 1183 1230 1240 Salvatoris
1265 1188 1445 1242 nostri
1486 1187 1781 1243 adventum
1811 1190 2113 1243 conditioni

521 1285 970 1330 censentaneam.
1029 1275 1162 1330 Nam
1193 1278 1458 1348 propheta
1497 1295 1621 1332 cum
1655 1290 1822 1342 esset.
1847 1289 1900 1335 et
1929 1281 2113 1336 divina

521 1367 866 1436 praescientia
905 1365 1268 1435 abjectioncm
1317 1385 1509 1423 eorum
1564 1371 1809 1426 ultimam
1851 1383 1903 1427 et
1925 1374 2113 1427 'ex’tre-

518 1454 665 1512 niam
696 1461 909 1512 ruinam
935 1460 1290 1528 prospiceret,
1323 1462 1563 1516 salutare
1590 1464 1724 1533 ipsis
1750 1465 2111 1532 pharmacum

520 1556 587 1607 ad
618 1554 886 1609 medelam
918 1557 1267 1624 suggerebat.
1305 1560 1444 1612 hanc
1490 1559 1742 1613 videlicet
1779 1560 2107 1622 orationem,

519 1661 687 1717 quam
722 1647 775 1700 in
808 1647 1050 1711 arcanis,
1083 1652 1142 1701 ut
1173 1649 1488 1714 verisimile
1536 1660 1642 1714 est,
1673 1660 1726 1705 et
1757 1659 1911 1706 extra
1949 1653 2110 1704 aliam

521 1738 856 1806 scripturam
896 1749 1076 1801 suam,
1111 1739 1178 1792 iis
1219 1742 1314 1810 qui
1357 1756 1556 1795 arcana
1590 1758 1756 1810 penes
1791 1757 1850 1796 se
1878 1743 2112 1797 retinere

458 1874 470 1898 _.
523 1839 750 1901 possent
798 1831 1066 1890 tradidit:
1101 1835 1429 1905 videturque
1462 1837 1608 1906 apud
1638 1837 1759 1891 illos
1791 1837 1883 1888 ditt
1915 1841 1970 1890 et
2005 1837 2113 1905 pri.

480 1917 690 1976 'vatim
742 1937 862 1977 eam
913 1923 1160 1986 latuisse,
1196 1940 1260 1979 ac
1309 1926 1526 1982 demum
1580 1927 1717 1981 libro
1765 1925 2109 1982 Psahnorum

521 2016 836 2070 necessario
885 2016 1147 2070 insertam
1203 2017 1395 2083 fuisse,
1439 2026 1508 2074 ne
1559 2018 1819 2074 diuturno
1864 2027 2106 2090 tempore

520 2106 712 2161 multis
746 2108 922 2164 latens
953 2111 1007 2164 et
1032 2112 1278 2182 neglecta
1308 2107 1604 2168 excideret.
1638 2109 1708 2166 Ut
1732 2113 1898 2183 igitur
1925 2127 2106 2168 serva-

519 2210 694 2257 retur.
728 2199 1096 2272 omnibusque
1129 2214 1256 2258 nota
1285 2214 1555 2263 maneret.
1586 2205 1729 2259 libro
1759 2203 2103 2261 Psalmorun

518 2294 725 2348 inserta
763 2294 886 2361 fuit,
913 2298 1015 2350 etsi
1045 2297 1289 2366 psalmus
1324 2313 1433 2352 non
1460 2298 1554 2353 sit.
1579 2294 1767 2368 Neque
1795 2299 1940 2352 enim
1964 2299 2105 2368 psal-

517 2386 590 2439 mi
624 2385 904 2457 quidpiam
939 2388 1326 2457 complectitur
1357 2407 1372 2445 :
1406 2389 1653 2460 psalmus
1679 2389 1882 2460 quippe
1909 2389 1976 2443 ad
2005 2391 2101 2445 lte-

516 2477 694 2532 titiam
718 2481 888 2536 animi
920 2479 1166 2552 speetat;
1199 2481 1314 2536 haec
1342 2490 1526 2536 autem
1557 2481 1736 2536 oratio
1769 2482 1909 2536 iram
1941 2489 1996 2537 et
2021 2482 2108 2536 fu-

518 2585 696 2626 rorem
725 2572 840 2638 Dci,
873 2575 1089 2644 aliaque
1118 2575 1300 2629 tristia
1350 2583 1745 2630 commemorat
1779 2595 1792 2631 :
1828 2577 2106 2631 divinum-

515 2678 622 2734 que
651 2680 850 2719 numen
886 2665 954 2720 iis
983 2667 1184 2736 placat,
1212 2665 1306 2737 qui
1341 2665 1477 2736 lapsi
1515 2673 1667 2720 sunt.
1700 2662 1916 2738 Moyses
1945 2667 2104 2737 quip-

516 2771 584 2825 pe
612 2757 756 2812 hunc
784 2758 1119 2830 prapitiandi
1152 2753 1374 2814 modum
1408 2758 1576 2813 tradit
1611 2759 1833 2829 populo,
1857 2761 1948 2830 qui
1981 2769 2103 2832 post

517 2844 821 2906 Salvatoris
851 2851 1028 2906 nostri
1061 2849 1357 2906 adventum
1386 2852 1440 2906 in
1478 2857 1704 2923 peccata
1733 2851 1956 2910 decidit.

2218 640 2462 710 καὶπερὶ
2497 641 2680 704 αὐτοῖς
2712 640 2936 709 γέγονεν
2963 640 3243 705 ἐπιδύντος
3273 643 3475 706 αὐτοῖς
3497 642 3602 695 τοῦ
3651 636 3832 706 τῆς
3859 638 3924 690 ἂν

2217 731 2728 802 καιοσύνηςἫλίου,
2756 732 2896 786 κατὰ
2921 732 3020 804 τὴν
3041 734 3296 805 φήσασαν
3319 735 3788 806 προφητείαν
3813 733 3922 782 ει

2216 822 2462 877 δύσεται
2489 828 2522 878 ὀ
2544 825 2718 893 ἣλιος
2741 825 2840 878 ἐπὶ
2867 825 3010 892 τοὺς
3031 826 3347 896 προφήτας
3369 827 3530 892 τοὺς
3552 820 3928 880 πλανέο-

2216 933 2325 982 τας
2354 915 2462 969 τὸν
2491 919 2647 971 λαόν
2678 935 2820 986 μου.
2851 918 3059 990 ’Ὠσπερ
3101 919 3210 990 γὰρ
3248 921 3385 991 περὶ
3431 921 3554 973 τῶν
3598 918 3928 972 δικαὲυι

2215 1001 2409 1079 ἐλέχθη
2426 1008 2503 1072 τὸ,
2521 1009 2828 1063 Ἀνατελεῖ
2847 1011 2970 1078 τοῖς
2990 1003 3386 1082 φοϐουμένοις
3403 1014 3652 1067 αὐτὸν*
3661 1009 3928 1074 H.140:

2215 1102 2630 1170 δικαιοσύνης,
2673 1103 2816 1157 οὕτω
2866 1106 3120 1176 καὶπερὶ
3169 1105 3277 1157 τῶν
3326 1104 3560 1159 ἀσεϐῶν

2213 1195 2294 1259 τὸ,
2325 1198 2575 1249 Aridum
2606 1199 2639 1249 ό
2665 1197 2839 1264 ἣλιος
2857 1198 2953 1251 ἐπὶ
2977 1197 3202 1253 τοῖσδεο
3231 1199 3328 1253 καὶ
3355 1197 3534 1252 πάλιν
3563 1196 3904 1264 ωδεχ-,τί

2214 1289 2323 1342 Καὶ
2353 1289 2647 1344 δύσεταιό
2672 1285 2845 1357 ἣλιος
2868 1292 3257 1360 μεσημϐρίας,
3280 1293 3382 1345 καὶ
3409 1292 3456 1358 ἡ
3479 1291 3804 1356 σελήνη
3843 1295 3918 1342 cs

2213 1383 2388 1437 δώσει
2421 1384 2486 1437 τὸ
2529 1383 2748 1454 φέγγος
2775 1373 2983 1452 αὐτῆς.
3025 1379 3148 1438 Ἐπὶ
3195 1385 3488 1456 συντελείᾳ
3521 1385 3768 1438 τοίνυν
3807 1383 3922 1434 τῷ

2213 1475 2410 1539 αἰῶνος
2432 1476 2570 1545 μετὰ
2586 1475 2686 1547 τὴν
2701 1473 2796 1528 τοῦ
2815 1476 3108 1547 Σωτῆροςὴ
3119 1477 3235 1549 μῶν
3252 1477 3599 1549 παρουσίαν.
3621 1478 3760 1530 π
3789 1477 3920 1529 εἰρ-

2212 1569 2324 1629 τοῖς
2354 1569 2387 1638 ἡ
2418 1566 2624 1638 ἐσπέρα
2649 1567 2875 1638 ἐπῆλθε,
2907 1567 3093 1632 δύντος
3130 1569 3311 1632 αὐτοῖς
3351 1567 3432 1633 ὼς
3465 1569 3744 1640 ἀληθῶς
3789 1565 3916 1620 ταῖς

2210 1651 2310 1726 τῆς
2333 1656 2591 1727 ἀληθείας
2618 1657 2814 1727 φωτὸς,
2840 1659 2872 1728 ἡ
2891 1657 3164 1722 ἔκπτωσις
3189 1659 3371 1712 αὐτῶν
3393 1659 3502 1712 καὶ
3523 1660 3558 1730 ἡ
3576 1658 3906 1728 άτιδες-ἰὴ

2211 1747 2396 1812 τέλους
2426 1748 2603 1823 ἔτυχε,
2623 1749 2718 1801 καὶ
2745 1740 2807 1802 τὸ
2835 1749 3010 1821 παρὸν
3039 1745 3331 1823 ἐπληρώθη
3368 1751 3567 1820 λόγιον
3605 1752 3908 1822 φῆσεν’

2217 1841 2288 1894 Τὸ
2325 1821 2596 1910 ἑσπέρας
2633 1837 2950 1907 ἀποπέό-οι,
2986 1821 3399 1912 σκληρυνθείη
3449 1844 3560 1900 καί
3593 1821 3898 1915 εβ-

2211 1933 2360 2000 θείη.
2387 1931 2513 1987 Ὀτι
2549 1932 2906 2002 ἐξελίπομεν
2935 1935 3006 1988 ἐν
3033 1923 3108 2005 τῇ
3139 1929 3286 2007 ὀργῆ
3312 1954 3458 2001 σου,
3493 1937 3604 1991 καί
3645 1940 3752 1992 ἐν·
3793 1938 3896 2004 εὖ

2211 2023 2377 2094 θυμῷ
2397 2043 2513 2080 σου
2545 2025 2970 2098 ἐταράχθημεν.
2999 2029 3107 2084 Καί
3131 2047 3219 2102 μοι
3239 2030 3389 2085 δοκεῖ
3406 2030 3507 2086 διὰ
3548 2032 3818 2086 τούτων.
3857 2035 3886 2084 ἱ

2211 2110 2452 2188 Μωυσῆς
2485 2120 2795 2192 προσευχὴν
2841 2121 3100 2187 συντάξαι
3143 2121 3501 2194 ἁρμόζουσαν
3533 2127 3609 2196 τῇ
3649 2142 3886 2178 κατε-

2212 2210 2397 2264 στάσει
2421 2205 2515 2264 τοῦ
2540 2211 2691 2277 λαοῦ,
2717 2215 2786 2284 τῇ
2809 2203 2944 2284 μετά
2971 2213 3070 2285 τὴν
3093 2211 3395 2286 παρουσίαν
3418 2214 3529 2269 τοῦ
3559 2216 3876 2288 Μάριος

2207 2301 2387 2373 ἡμῶνο
2430 2294 2722 2375 Προφῆτης
2745 2299 2840 2358 οὖν
2865 2301 2962 2370 ὢν,
2988 2305 3294 2378 προγνώσει
3322 2323 3384 2360 τε
3417 2306 3558 2379 θείᾳ
3579 2307 3648 2361 τδ
3677 2308 3878 2370 ι-ἐὶες

2209 2395 2388 2450 αὐτῶν
2413 2396 2511 2468 τῆς
2536 2394 2805 2469 ἀποϐολῆς
2835 2393 2930 2451 καὶ
2954 2398 3054 2470 τὴν
3080 2395 3314 2471 ἐσχάτην
3333 2395 3684 2453 ἀπόπτωσιν
3701 2417 3868 2452 συνυ-

2207 2483 2367 2559 ορῶν,
2403 2489 2694 2561 φάρμακον
2741 2479 2924 2549 αὺτοῖς
2963 2490 3229 2562 σωτήριον
3257 2489 3353 2543 καὶ
3398 2474 3870 2561 ﬂammanti.

2208 2580 2514 2645 ὑπετίθετο,
2550 2580 2646 2653 τὴν
2685 2579 2966 2654 παροῦσαν
3009 2579 3317 2652 προσευχὴν
3347 2581 3409 2633 ἐν
3439 2580 3860 2651 άπορῤήτκς.

2205 2673 2282 2736 ὠς
2310 2670 2476 2737 εἰκὸς,
2520 2667 2795 2743 παραδοὺς
2832 2662 3004 2746 αύτὴν
3029 2671 3228 2738 ἔξωθεν
3266 2668 3367 2743 τῆς
3419 2672 3613 2744 ἀλλης
3652 2673 3852 2726 αδπξ

2203 2759 2426 2836 γραφῆς
2467 2766 2580 2827 τοῖς
2625 2762 2943 2834 δυναμένοις
2985 2763 3053 2818 τὰ
3095 2761 3382 2836 ἀπόρρητα
3424 2763 3578 2834 παρ’
3604 2763 3854 2824 Ermi;

2203 2853 2455 2925 κατέχειν
2477 2871 2491 2885 ⁶
2517 2853 2646 2928 παρ’
2666 2848 2747 2918 οἷς
2775 2855 2870 2909 καὶ
2893 2852 3042 2920 sub;
3064 2853 3434 2926 φυλάττεσθαι
3460 2853 3658 2925 αὐτὴν
3688 2853 3842 2907 ἰδια-

515 2940 715 3011 ζόντως
746 2945 840 2999 καὶ
872 2944 1174 3017 λεληθότως
1212 2947 1373 3018 μέχρι
1397 2943 1594 3001 πολλοῦ
1615 2965 1629 2981 ο
1662 2948 1888 3022 ὕστερόν
1911 2967 1973 3019 γε
1999 2949 2104 3021 μὴν
2141 2951 2604 3022 ἐγκαταλεχθῆναι
2624 2951 2938 3021 ἀναγκαίως
2959 2954 3030 3024 τῇ
3063 2950 3232 3022 βίϐλῳ
3255 2951 3364 3005 τῶν
3385 2949 3689 3021 Ψαλμῶν,
3745 2948 3840 3012 ἃς

512 3033 580 3088 ἂν
615 3037 688 3108 μὴ
719 3039 798 3110 τῷ
841 3040 1036 3112 μακρῷ
1059 3041 1235 3113 χρόνῳ
1265 3041 1510 3095 διαπέσοι
1544 3040 1784 3096 λαθοῦσα
1810 3044 1937 3106 τοὺς
1969 3044 2198 3108 πολλοὺς
2233 3043 2327 3098 καὶ
2377 3045 2732 3118 ἀμεληθεῖσα.
2768 3041 2865 3099 'Iv’
2893 3039 2990 3100 οὖν
3060 3043 3305 3110 σώζοιτο,
3369 3043 3472 3098 καὶ⁸
3547 3044 3832 3116 rumpi.

513 3145 593 3183 νοι
625 3132 999 3205 γινωσκομένη
1037 3133 1142 3186 ὑπὸ
1171 3134 1409 3198 πάντων,
1431 3136 1498 3205 τῇ
1533 3133 1700 3205 βίϐλῳ
1729 3133 1840 3188 τῶν
1874 3133 2123 3207 Ψαλμῶν
2159 3137 2562 3210 παρενεϐλήθη,
2605 3139 2680 3210 μὴ
2709 3131 2842 3192 οὖσα
2883 3138 3114 3210 ψαλμός.
3148 3137 3282 3192 Οὐδὲ
3319 3136 3430 3209 γὰρ
3470 3135 3714 3209 ψαλμοῦ
3765 3155 3826 3189 τι

513 3223 790 3295 περιέχει·
837 3223 1102 3296 θυμηδίας,
1142 3226 1252 3295 γὰρ
1307 3227 1336 3278 ό
1379 3224 1623 3295 ψαλμὸς·
1659 3227 1690 3296 ἡ
1747 3225 1800 3278 δὲ
1848 3225 2096 3295 παροῦσα
2129 3228 2404 3299 προσευχὴ
2435 3228 2605 3300 ὀργῆς
2640 3227 2969 3300 μνημονεύει
2999 3229 3094 3284 καὶ
3147 3227 3321 3300 θυμοῦ
3360 3227 3506 3283 Θεοῦ
3563 3230 3675 3284 καὶ
3713 3229 3818 3283 ἑτέ-

515 3339 624 3395 ρων
674 3321 1033 3394 σκυθρωπῶν,
1079 3322 1358 3376 ἱλάσκεται
1399 3339 1460 3375 τε
1517 3321 1579 3375 τὸ
1609 3322 1763 3374 Θεῖον
1813 3322 1952 3393 ὑπὲρ
1993 3321 2101 3376 τῶν
2165 3326 2670 3379 άποπεπτωκὸτων·
2716 3325 2808 3378 τὸν
2857 3325 3080 3398 ἱλασμὸν
3123 3323 3311 3379 τοῦτον
3374 3325 3692 3389 Μωῦσέως
3735 3327 3812 3377 διὰ

509 3416 613 3488 τῆς
648 3419 954 3490 προσευχῆς
1003 3417 1341 3481 διδάσκοντος
1383 3417 1560 3486 λέγειν
1607 3415 1699 3470 τὸν
1746 3417 2091 3472 άποπεσόντα
2127 3420 2222 3474 τοῦ
2263 3419 2400 3475 Θεοῦ
2434 3421 2559 3474 λαὸν
2603 3420 2742 3493 μετὰ
2772 3423 2871 3494 τὴν
2895 3421 2990 3476 τοῦ
3035 3421 3289 3492 Σωτῆρος
3353 3418 3524 3491 ἡμῶν
3607 3437 3812 3490 παρου-

459 3583 464 3592 ὶ
515 3512 656 3565 σίαν.

513 3741 755 3783 Lxxxvm
786 3724 1074 3794 psalmum,
1109 3733 1162 3778 et
1192 3738 1256 3777 ea
1288 3737 1409 3792 qua:
1441 3723 1512 3776 ibi
1547 3723 1614 3777 de
1649 3723 1857 3778 semine
1904 3722 2095 3788 David,

511 3822 688 3890 deque
733 3817 934 3871 throno
1002 3816 1078 3870 illi
1135 3817 1406 3886 promisso
1455 3817 1931 3885 praenuntiantur,
1983 3833 2094 3872 non

512 3915 632 3969 sine
671 3911 904 3966 consilio
947 3911 1179 3980 positam
1237 3909 1537 3966 fuissezac
1601 3903 1908 3966 sermonem
1971 3927 2098 3982 pro—

511 4004 766 4057 fundiore
819 4000 1058 4072 quodam
1108 3999 1432 4071 speculandi
1479 4015 1653 4066 more,
1698 3999 1936 4056 futuram
1998 4000 2097 4056 Ju-

508 4095 650 4147 daici
711 4095 917 4164 populi,
966 4097 1088 4163 post
1126 4091 1420 4148 adventum
1459 4091 1582 4162 ejus
1639 4092 1731 4163 qui
1771 4108 1838 4148 ex
1887 4093 2096 4149 semine

509 4184 676 4239 David
731 4184 1052 4255 proditurus
1113 4192 1275 4250 erat,
1349 4184 1564 4238 ruinam
1624 4194 1678 4239 et
1731 4184 2093 4256 abjectioncm

509 4277 860 4332 snbindicare
892 4277 1073 4346 :quod
1137 4291 1270 4331 sane
1321 4292 1502 4331 rerum
1561 4285 1790 4332 eventus
1817 4278 2090 4347 obsignat.

506 4370 577 4424 At
608 4368 754 4424 enim
778 4369 1082 4423 orationem
1111 4369 1246 4438 ipsis
1275 4367 1441 4422 tradit
1481 4367 1715 4442 Moyses,
1780 4369 2091 4440 prophetica

506 4465 708 4519 virtute
761 4462 1028 4520 orationis
1077 4463 1243 4519 verba
1304 4479 1551 4534 personat
1608 4463 1793 4536 populi
1843 4463 1982 4534 lapsi
2038 4469 2093 4518 et

506 4555 706 4626 abjecti
759 4553 1201 4609 accommodans.
1260 4555 1396 4610 Cum
1456 4555 1621 4626 igitur
1648 4554 1744 4616 ait,
1774 4552 1856 4609 Ne
1883 4563 2090 4609 avertas

505 4647 767 4702 hominem
796 4647 852 4701 in
889 4646 1286 4702 humilitatem:
1322 4645 1387 4700 Et
1420 4647 1647 4701 dixisti:
1686 4647 2089 4713 Couvertimini,

503 4740 914 4812 filiiltominum,
971 4741 1114 4796 hanc
1166 4741 1298 4812 ipsis
1355 4739 1663 4796 doctrinam
1710 4739 1927 4796 tradere
1955 4739 2090 4794 mihi

501 4831 719 4887 videtur
739 4873 754 4896 ,
789 4840 848 4886 ut
877 4833 1083 4889 scilicet
1118 4833 1391 4904 precando
1412 4833 1598 4889 dicant
1641 4851 1654 4888 :
1685 4830 1731 4888 Ο
1764 4831 2010 4897 Domine,
2032 4839 2090 4886 tu

501 4924 672 4980 variis
722 4925 1061 4994 temporibus
1124 4924 1391 4997 refugium
1443 4925 1603 4981 nobis
1654 4924 1832 4980 factus
1887 4938 1948 4980 es
1992 4938 2090 4993 per

586 3631 922 3702 Videturque
969 3628 1100 3685 mihi
1158 3629 1299 3684 hanc
1337 3627 1541 3701 Moysis
1591 3630 1920 3696 orationem,
1971 3641 2096 3702 post

2270 3631 2379 3685 Καί
2420 3648 2509 3701 μοι
2554 3631 2701 3684 δοκεῖ
2727 3631 2827 3685 ούκ
2866 3631 3123 3694 ἀσκόπως
3156 3644 3295 3701 μετα
3329 3628 3420 3684 τὸν
3449 3636 3550 3702 πη⁹
3587 3632 3808 3703 Mysi

2199 3724 2294 3778 καὶ
2318 3722 2384 3776 τὰ
2417 3722 2483 3775 δι’
2519 3721 2682 3776 αὑτοῦ
2713 3721 2842 3793 περὶ
2877 3721 2970 3774 τοῦ
3012 3721 3324 3792 σπέρματος
3354 3719 3529 3774 Δαυῒδ
3572 3726 3695 3778 καὶ
3725 3723 3806 3776 τοῦ

2199 3814 2610 3887 ἐπηγγελμένου
2651 3813 2801 3885 αύτῷ
2825 3813 3015 3886 θρόνου
3053 3813 3434 3879 θεσπισθέντος
3465 3817 3504 3885 ἠ
3541 3819 3807 3889 παροῦσα

2198 3906 2474 3979 προσευχὴ
2506 3906 2785 3970 Μωῦσέως
2807 3905 3074 3977 συνῆφθαι
3093 3921 3108 3937 °
3144 3906 3282 3978 μετά
3309 3924 3451 3968 τινος
3472 3908 3537 3960 δὲ
3567 3908 3806 3979 βαθυτέ-

2201 4017 2298 4071 ρας
2324 3999 2552 4071 θεωρίας
2585 3997 2957 4068 αἰνιττομένου
2991 3995 3083 4050 τοῦ
3116 3997 3273 4065 λόγου
3313 3997 3652 4053 ἀπόπτωσιν
3691 4003 3805 4056 ἐσε-

2196 4091 2322 4144 σθαι
2347 4091 2440 4144 καὶ⁸
2459 4087 2730 4161 ἀποϐολὴν
2750 4087 2844 4142 τοῦ
2885 4087 3151 4141 Ἰουδαίων
3178 4087 3360 4152 ἔθνους
3388 4088 3535 4159 μετὰ
3563 4091 3682 4164 τὴν
3709 4110 3804 4147 πα-

2198 4182 2416 4256 ρουσίαν
2443 4179 2537 4235 τοῦ
2581 4181 2646 4234 ἐκ
2682 4181 2994 4253 σπέρματος
3022 4179 3184 4234 Δαυῖδ
3221 4181 3714 4255 προελευσομένου
3733 4204 3747 4216 ·
3773 4185 3802 4240 δ

2193 4275 2258 4347 δὴ
2292 4275 2386 4330 καὶ
2417 4271 2873 4346 ἐπισφραγίξεται
2917 4274 2953 4345 η
2991 4273 3100 4327 τῶν
3139 4274 3485 4346 πραγμάτων
3532 4275 3795 4341 ἔκϐασις.

2206 4367 2367 4422 Ἀλλὰ
2395 4366 2503 4438 γὰρ
2524 4366 2832 4438 προσευχὴν
2857 4367 3040 4430 αὐτοῖς
3060 4365 3423 4438 παραδίδωσιν
3449 4369 3478 4421 ὁ
3513 4369 3794 4440 Μωῦσῆς,

2192 4463 2507 4533 προφητικῇ
2543 4459 2770 4530 δυνάμει
2800 4459 3117 4531 ἐφαρμόσας
3141 4459 3268 4524 τοὺς
3303 4460 3362 4512 ἐν
3398 4461 3464 4530 τῇ
3499 4465 3793 4532 προσευχῇ

2192 4548 2382 4619 λόγους
2403 4549 2482 4622 τῷ
2515 4549 2789 4622 προσώπῳ
2813 4549 2908 4603 τοῦ
2954 4550 3279 4615 ἐκπεσόντος
3304 4552 3399 4605 καὶ
3434 4553 3790 4626 ἀποϐληθέν-

2190 4659 2282 4706 τος
2309 4641 2461 4696 λαοῦ.
2500 4641 2668 4696 Ἐπὰν
2693 4637 2785 4696 οὖν
2806 4641 2939 4713 λέγῃ
2960 4658 2974 4672 ο
2999 4642 3096 4710 Μὴ
3129 4631 3522 4712 ἀποστρέψῃς
3557 4643 3792 4715 ἀνθρω-

2191 4748 2310 4788 ator
2352 4736 2438 4801 εὶς
2471 4735 2832 4788 ταπείνωσιν
2848 4751 2862 4766 ο
2906 4733 3019 4789 Καὶ
3062 4729 3234 4801 εἶπας
3252 4752 3265 4766 ο
3314 4735 3788 4806 Ἐπιστρέψαντε,

2191 4824 2379 4879 οίυίοὶ
2424 4825 2542 4881 τῶν
2572 4823 2918 4893 ἀνθρώπων,
2962 4823 3150 4878 τοῦτόν
3192 4842 3282 4896 μοι
3319 4825 3470 4879 δοκεῖ
3498 4827 3789 4885 διδάσκειν

2190 4917 2388 4980 αὐτοὺς
2418 4915 2508 4970 τὸν
2533 4915 2678 4982 νοῦν,
2713 4916 3184 4988 προσευχομένους
3218 4916 3396 4985 λέγειν
3419 4933 3435 4950 ο
3473 4913 3544 4971 Ὦ
3575 4921 3781 4992 Κύριε,

501 5017 747 5088 singulas
777 5017 1158 5089 generationes
1191 5033 1204 5068 ε
1246 5033 1370 5071 nam
1397 5018 1574 5086 primo
1600 5032 1724 5071 cum
1752 5016 1808 5070 in
1846 5014 2084 5088 Egypto

2191 5011 2255 5064 σὺ
2290 5009 2432 5064 κατὰ
2459 5009 2682 5082 χρόνους
2726 5009 2856 5080 ἡμῖν
2905 5009 3134 5077 γέγονας
3175 5010 3463 5081 καταφυγὴ
3506 5012 3606 5065 καὶ
3650 5015 3783 5067 καθ’

503 5125 871 5172 versaremur,
908 5117 1071 5179 atque
1097 5123 1127 5162 a
1160 5107 1448 5162 Pharaone
1491 5116 1544 5162 et
1585 5107 1859 5180 Egyptiis
1897 5107 2083 5178 oppri-

500 5217 797 5268 mercmur,
830 5200 1100 5273 refugium
1139 5201 1298 5258 nobis
1326 5199 1475 5256 fuisti
1502 5217 1517 5267 ;
1570 5202 1877 5272 iterumque
1909 5201 1964 5255 in
1987 5199 2085 5257 de—

499 5303 650 5349 serto
701 5297 1000 5366 oppugnati
1059 5311 1182 5348 cum
1232 5293 1302 5348 ab
1328 5291 1643 5348 Amalecitis
1667 5299 1786 5347 tum
1810 5307 1842 5346 a
1861 5289 2080 5348 Chana-

498 5385 653 5449 naais,
693 5394 744 5439 te
765 5385 819 5438 in
849 5385 1155 5439 subsidium
1183 5400 1246 5439 ac
1274 5383 1544 5456 refugium
1600 5384 1922 5451 habuimus;
1973 5385 2083 5443 imo

497 5478 662 5531 etiam
719 5491 844 5530 cum
899 5477 1129 5547 ingressi
1170 5477 1224 5530 in
1275 5484 1480 5532 terram
1513 5476 1894 5546 promissionis
1939 5477 2074 5532 allo—

497 5571 676 5643 phylis
722 5570 934 5626 subacti
989 5585 1257 5633 essemus,
1317 5583 1380 5624 ac
1410 5569 1730 5641 plerumque
1752 5578 1940 5641 postea
1968 5571 2074 5628 sub

496 5663 718 5732 regibus
752 5663 980 5726 nostris,
1009 5661 1227 5716 demum
1257 5662 1310 5716 in
1333 5660 1669 5734 Babylonica
1729 5662 2068 5735 captivitate,

496 5755 712 5827 refugio
745 5755 902 5812 nobis
938 5753 1110 5809 fuisti.
1172 5752 1236 5828 Et
1275 5768 1438 5831 nunc
1481 5753 1662 5822 itaque
1698 5754 2072 5825 supplicamus

496 5847 650 5918 paria
690 5849 785 5906 abs
818 5855 878 5936 te,
899 5849 1178 5917 consequi,
1212 5855 1372 5919 teque
1407 5847 1463 5901 in
1489 5845 1759 5919 refitgium
1815 5852 2068 5902 nostrum

953 5959 1012 6034 ..χῖ

2181 5102 2420 5175 ἑκάστην
2461 5101 2655 5172 γενεάν
2679 5118 2694 5133 ο
2729 5100 2942 5174 πρῶτον
2978 5101 3077 5173 μὲν
3113 5101 3223 5174 γάρ
3249 5103 3308 5155 ἐν
3337 5102 3601 5174 Αἰγύπτῳ
3638 5122 3781 5175 τυγ-

2180 5196 2437 5268 χάνουσιν
2473 5197 2627 5268 ἡμῖν,
2663 5196 2756 5249 καὶ
2793 5194 2900 5248 ὑπὸ
2923 5189 3019 5250 τοῦ
3050 5195 3251 5268 Φαραῶ
3303 5196 3399 5251 καὶ
3443 5197 3550 5251 τῶν
3601 5199 3778 5267 Αἰγυ-

2181 5289 2351 5344 πτίων
2387 5288 2880 5359 καταπονουμένοις
2914 5290 3205 5362 καταφυγὴ
3232 5289 3460 5359 γέγονας
3479 5308 3493 5322 ο
3515 5291 3678 5345 πάλιν
3707 5291 3772 5346 δὲ

2181 5383 2274 5436 ἐπὶ
2304 5383 2403 5453 τῆς
2435 5383 2641 5454 ἐρήμου
2687 5379 3083 5453 πολεμούμενοι
3115 5384 3238 5436 τοτέ
3263 5384 3364 5453 μὲν
3399 5384 3505 5437 ὑπὸ
3534 5383 3628 5438 τοῦ
3674 5385 3767 5439 ’Δ-

2184 5475 2384 5547 μαλὴκ,
2446 5475 2570 5528 τοτὲ
2602 5475 2659 5528 δὲ
2701 5474 2806 5528 ὑπὸ
2833 5473 2926 5527 τοῦ
2970 5475 3296 5540 Χαναναίου,
3333 5477 3392 5529 σέ
3439 5479 3763 5549 καταφυγὴν

2179 5568 2491 5639 ἐσχήκαμεν
2511 5583 2524 5596 ·
2553 5566 2612 5620 οὐ
2643 5565 2750 5638 μὴν
2783 5564 2919 5620 ἀλλὰ
2949 5565 3043 5620 καὶ
3080 5567 3412 5633 εἰσελθόντες
3435 5570 3516 5631 εἰς
3534 5568 3631 5640 τὴν
3654 5569 3760 5639 γῆν

2178 5659 2280 5730 τῆς
2322 5658 2678 5730 ἐπαγγελίας,
2713 5659 2816 5712 ὑπὸ
2855 5657 3175 5729 ἀλλοφύλοις
3202 5677 3261 5713 τε
3298 5661 3599 5732 γενόμενοι,
3629 5662 3755 5715 πολ-

2180 5751 2336 5814 λάκις
2377 5767 2434 5803 τε
2467 5751 2561 5804 καὶ
2595 5749 2734 5821 μετὰ,
2781 5749 2954 5805 ταῦτα
2985 5752 3078 5804 ἐπὶ
3123 5753 3233 5805 τῶν
3280 5751 3542 5821 βασιλέων
3575 5752 3748 5822 ἡμῶν,

2181 5846 2272 5900 καὶ
2305 5845 2456 5908 τέλος
2512 5845 2603 5899 ἐπὶ
2653 5844 2750 5916 τῆς
2798 5846 2876 5908 είς
2914 5844 3208 5901 Βαϐυλῶνα
3255 5844 3649 5916 αἰχμαλωσίας,
3689 5843 3746 5899 σὲ
