3972 6812
114 329 357 389 Ἆπιὸὂ

1362 326 1866 388 COMMENTARIA
1901 325 1970 382 IN
2008 326 2350 386 PSALMOS.

3386 330 3526 388 ιιδι

114 449 590 522 καταφυγὴν
623 450 873 522 ecloga.
906 448 1016 504 κιιι
1052 451 1167 503 νυνὶ
1200 449 1489 521 τοιγαροῦν
1529 448 1836 520 ἱκετεύομεν

1946 446 2191 503 obtinere
2222 463 2236 501 :
2266 461 2440 517 quare
2494 459 2773 514 rogamus,
2825 441 2907 497 Ne
2950 453 3157 498 avertas
3178 444 3439 501 hominem
3467 449 3527 503 iit

120 542 313 597 τῶν
354 542 604 614 ὁμοίων
637 542 787 612 παρά
813 541 908 596 σοῦ
940 544 1139 612 τυχεῖν,
1183 541 1276 595 καί
1310 559 1370 593 σε
1403 539 1706 613 κτήσασθαι
1739 556 1841 593 χίας

125 635 513 705 ταφυγήν
534 652 549 665 ο
579 633 661 688 διὸ
692 633 944 704 δεόμεθα,
979 633 1076 701 Μὴ
1109 632 1503 702 ἀποστρέψῃς
1526 632 1844 701 ἄνθρωπον

138 725 287 789 εις
320 724 737 778 ταπείνωσιν
754 738 767 752 ·
790 721 1057 787 τουτέστι,
1090 722 1182 794 Μὴ
1213 722 1561 795 άποστρέψῃς
1585 723 1734 792 ἡμᾶς
1760 722 1842 786 εἰς

141 815 455 870 τελείαν
481 816 810 870 ἀπόπτωσιν
842 816 933 869 καὶ
955 816 1300 870 ταπείνωσιν.
1332 815 1406 868 Σὺ
1429 816 1539 887 γὰρ
1567 818 1634 887 τῇ
1664 817 1730 886 σῇ
1753 832 1843 885 φι-

147 903 584 979 λανθρωπίᾳ
625 905 806 972 εἶπας,
841 907 936 962 καὶ
967 906 1299 979 κηρύγματα
1326 908 1490 961 πᾶσιν
1533 904 1841 979 ἀνθρώποις

48 998 51 1023 ⁵
155 998 579 1073 ἐξενήνοχας
596 1000 787 1069 λέγων·
807 1000 1256 1070 Ἐπιστρέψατε,
1275 1006 1328 1057 οι
1349 1000 1465 1056 υἱοί
1484 1001 1601 1055 τῶν
1619 1000 1842 1069 ἀνθρώ-

48 1110 57 1121 ·
161 1104 378 1148 πων.
426 1094 504 1146 Εἰ
534 1094 596 1165 δὴ
619 1091 710 1148 οῦν
734 1093 911 1179 πάντα
940 1092 1012 1149 τὰ
1032 1094 1280 1179 έθνηοκαὶ
1310 1095 1522 1158 πάντας
1544 1096 1667 1158 τοὺς
1692 1095 1841 1158 υἱοὺς

163 1182 331 1237 τῶν
382 1183 714 1259 ἀνθρώπων
762 1178 1177 1258 προᾶκέκληταί
1216 1204 1312 1241 σου
1344 1188 1379 1259 ή
1438 1186 1838 1259 φιλανθρωπία,

48 1304 57 1311 ~
172 1278 317 1331 καὶ
355 1280 511 1341 τοὺς
546 1278 710 1334 πάλαι
739 1280 1188 1353 ἀποστραφέντας
1216 1282 1324 1336 ἀπὸ
1354 1281 1469 1347 σοῦ,
1502 1282 1596 1336 καὶ
1622 1282 1840 1353 δαίμοσι

48 1376 59 1405 ε
173 1370 315 1425 καὶ
361 1370 666 1441 πνεύμασι
692 1374 948 1444 πονηροῖς
970 1372 1474 1436 καταδουλωθέντας
1501 1371 1841 1444 ἐπιστραφῆ-

52 1492 59 1499 -
175 1479 306 1516 ναι
342 1464 454 1515 ἐπὶ
497 1463 561 1515 σὲ
596 1462 895 1527 κελεύσεις,
938 1463 1073 1535 μηδὲ
1106 1465 1251 1535 ἡμᾶς
1280 1466 1654 1534 ἀποστραφῇς,
1705 1462 1839 1534 μηδὲ

48 1562 59 1593 ί
179 1555 294 1617 εἰς
345 1554 613 1625 παντελῆ
642 1556 918 1627 ἐρήμωσιν
947 1555 1281 1631 καταλείπῃς
1304 1555 1480 1609 ἐλθεῖν
1513 1556 1640 1619 τοὺς
1672 1554 1837 1609 πάλαι

187 1661 321 1699 σου
355 1646 707 1716 γενομένους
761 1645 1013 1710 οἰκείους,
1045 1646 1238 1711 οἵτινες
1280 1646 1415 1717 πρὸς
1457 1644 1637 1714 ὀλίγον
1674 1643 1839 1717 ἀνθή-

58 1752 65 1783 ι
194 1752 438 1801 σαντες
477 1736 785 1809 χειμάρρου
819 1736 974 1808 δίκην
1007 1722 1450 1809 παρεδράμομενῖ
1487 1735 1569 1790 Τά
1600 1735 1730 1806 γοῦν
1751 1734 1839 1807 χί-

197 1829 321 1883 λια
379 1830 554 1901 ἡμῶν
585 1830 699 1900 ἐτη,
736 1832 794 1883 ἐν
834 1825 916 1893 οἷς
964 1828 1312 1900 ῆκμάσαμεν,
1359 1826 1534 1883 ταῦτα
1561 1825 1838 1899 παρῆλθεν

202 1921 305 1983 ὡς
336 1922 374 1992 ἡ
412 1921 601 1990 ἐχθὲς,
631 1923 751 1992 ἥτις
776 1919 975 1993 διῆλθε.
1003 1920 1296 1991 Γενόμενος
1316 1918 1374 1973 δὲ
1412 1920 1470 1973 ὲν
1489 1916 1699 1981 τούτοις
1740 1918 1839 1987 ὲφ-

223 2014 454 2084 ίστημι
495 2013 616 2077 πῶς
639 1995 852 2084 εἴρηται
880 2012 950 2064 τὰ
977 2011 1122 2082 χίλια
1156 2012 1329 2065 ταῦτα
1351 2010 1470 2082 ἐτη.
1501 2012 1566 2065 Εἰ
1595 2010 1696 2083 μὲν
1724 2010 1839 2082 γάρ

212 2107 438 2160 ἕνεκεν
469 2103 779 2172 δοξολογίας
813 2101 907 2155 τοῦ
936 2102 1073 2155 Θεοῦ
1107 2103 1200 2156 καὶ
1231 2103 1312 2167 εἰς
1356 2102 1699 2174 παράστασιν
1739 2102 1839 2173 τῆς

48 2204 69 2253 ὲ
218 2199 420 2253 ἀϊδίου
456 2197 608 2268 ζωῆς
636 2195 731 2249 τοῦ
761 2194 916 2259 Θεοῦ,
946 2195 1098 2249 οὐδὲν
1122 2191 1276 2266 οἶμαι
1307 2194 1398 2249 τὸν
1423 2194 1578 2264 λόγον
1603 2194 1837 2267 μεγαλο-

224 2290 465 2361 πρεπὲς
517 2289 811 2359 περιέχειν.
855 2286 989 2341 Οὐδὲ
1032 2284 1142 2359 γὰρ
1182 2285 1276 2340 τὸν
1308 2284 1599 2357 σύμπαντα
1640 2285 1837 2351 αἰῶνα,

223 2383 368 2437 οὐδὲ
404 2382 501 2436 τὸν
532 2381 642 2437 άπὸ
671 2379 893 2453 πρώτης
924 2380 1155 2443 κτίσεως
1173 2379 1266 2433 τοῦ
1309 2380 1514 2451 κόσμου
1553 2379 1647 2433 καὶ
1673 2379 1839 2450 μέχρι

56 2488 77 2531 :
225 2472 344 2545 τῆς
371 2472 686 2537 συντελείας
711 2472 1104 2545 παρατείνοντα
1133 2471 1343 2544 χρόνον,
1365 2471 1426 2525 τὸ
1450 2471 1651 2544 ἀκαρὲς
1670 2470 1838 2544 ἠγοῦ-

48 2577 75 2628 L
237 2583 348 2638 μαι
375 2562 543 2629 εἶναι,
578 2566 677 2638 οὐχ
703 2565 786 2619 ὅτι
816 2565 917 2635 τῆς
947 2566 1183 2636 ἡμέρας,
1224 2564 1337 2618 ἀλλ’
1362 2564 1483 2618 οὐδὲ
1508 2564 1607 2636 τῆς
1633 2564 1838 2636 βραχυ-

48 2682 75 2717 ε
235 2657 422 2729 τάτης
456 2656 609 2729 ὥρας
643 2656 941 2729 παραθέσει
980 2656 1079 2729 τῆς
1123 2657 1359 2729 ἀνάρχου
1400 2657 1496 2712 καὶ
1540 2658 1838 2730 ἀγεννήτου

244 2752 401 2822 ζωῆς
428 2751 526 2805 τοῦ
547 2750 704 2815 θεοῦ,
744 2750 852 2824 πρὸ
882 2750 1098 2806 πάντων
1122 2751 1460 2824 ὑπάρχοντος
1489 2750 1720 2818 αἰώνων,
1745 2752 1839 2807 καὶ

250 2843 366 2913 πρὸ
405 2841 609 2907 παντὸς
636 2842 1023 2913 ὲπινοουμένου
1053 2842 1149 2897 καὶ
1179 2844 1261 2907 είς
1281 2844 1507 2915 ἄπειρον
1530 2844 1839 2916 ἐκτεινομέ-

252 2952 349 2988 νου
374 2934 661 3005 λογισμοῦ,
692 2934 834 3007 ὑπέρ
873 2951 934 2988 τε
964 2935 1092 3000 τοὺς
1122 2934 1261 3006 μετὰ
1292 2935 1463 2990 ταῦτα
1502 2936 1839 3010 ἀπεράντους

254 3027 354 3081 καὶ
385 3026 778 3099 ἁτελευτήτους
809 3026 1013 3092 αἰῶνας
1033 3027 1400 3101 διαρκοῦντος.
1427 3028 1627 3101 Διόπερ
1650 3028 1837 3101 ἔτερόν

261 3137 351 3190 μοι
376 3119 526 3173 δοκεῖ
552 3120 678 3174 νοῦν
722 3119 1044 3175 ὑποϐάλλειν
1078 3122 1111 3192 ἡ
1148 3120 1399 3193 παροῦσα
1431 3122 1729 3194 προσευχὴ,
1759 3123 1836 3176 δι-

260 3211 534 3265 δάσκουσα
551 3211 643 3265 τὸν
670 3211 797 3265 λαὸν
818 3211 997 3281 λέγειν
1015 3228 1029 3243 ’
1057 3212 1179 3266 Ὅτι
1198 3212 1365 3281 χίλια
1381 3210 1486 3280 ἐτη
1515 3212 1586 3266 ἐν
1615 3213 1838 3281 ὀφθαλ-

266 3304 395 3375 ιιοῖς
424 3320 540 3359 σου
587 3304 669 3371 ὡς
698 3304 738 3372 ἠ
783 3304 975 3374 ἡμέρα
1002 3305 1039 3373 ἠ
1077 3304 1271 3375 ἐχθὲς,
1298 3304 1432 3372 ἥτις
1472 3302 1699 3374 διῆλθε,
1734 3304 1835 3359 καί

268 3397 507 3468 φυλακὴ
540 3397 610 3451 ἐν
639 3396 833 3451 νυκτί.
866 3395 947 3449 Τὰ
965 3394 1095 3465 γοῦν
1128 3394 1301 3467 σεμνὰ
1327 3396 1427 3469 τῆς
1459 3395 1833 3470 Ἰερουσαλὴμ,

269 3487 326 3542 ιν
355 3481 434 3551 οἷς
466 3487 527 3541 τὸ
557 3489 665 3542 πᾶν
690 3486 839 3550 ἔθνος
861 3485 1043 3540 αὐτῶν
1073 3487 1289 3558 ῆκμασέ
1317 3504 1378 3540 τε
1401 3489 1497 3542 καὶ
1517 3487 1748 3559 ἤνθησεν
1776 3489 1836 3542 ὲν

270 3579 516 3651 ἡμέραις,
540 3578 729 3651 ὥσπερ
761 3577 855 3633 καὶ
892 3577 1035 3647 φωτὶ
1061 3577 1273 3647 γέγονε,
1315 3577 1465 3633 ταῦτ’
1488 3575 1557 3651 ἦν
1591 3580 1658 3634 τά
1690 3579 1836 3650 χίλια

272 3672 382 3744 Ετη.
420 3673 538 3726 Ἐπὶ
563 3673 742 3744 μόνοις
764 3672 872 3745 γὰρ
892 3673 1078 3745 χιλίοις
1095 3673 1237 3726 ἔτεσι
1258 3671 1553 3743 συνέστηκε
1581 3673 1673 3727 καὶ
1687 3673 1837 3745 διήρ-

273 3777 394 3815 κεσε
425 3762 493 3816 τὰ
522 3764 621 3834 τῆς
663 3764 722 3817 ὲν
748 3762 899 3834 τόπῳ
925 3761 1207 3835 λατρείας·
1237 3760 1273 3816 ἃ
1307 3760 1371 3833 δὴ
1399 3762 1492 3816 καὶ
1523 3762 1834 3835 ἀριθμεῖται

274 3854 451 3909 τοῦτον
475 3854 565 3909 τὸν
611 3855 831 3927 τρόπον.
873 3856 1006 3910 Ἀπὸ
1051 3855 1148 3927 μὲν
1169 3854 1271 3926 τῆς
1306 3854 1529 3927 πρώτης
1562 3855 1659 3909 τοῦ
1687 3854 1834 3928 ἱεροῦ

48 3942 79 3977 πί
277 3947 603 4018 κατασκευῆς
651 3948 747 4001 καὶ
778 3945 886 4001 τῶν
933 3946 1246 4019 Σολομῶνος
1286 3946 1494 4019 χρόνων
1532 3947 1693 4019 μέχρι
1736 3947 1837 4019 τῆς

48 4033 77 4069 π’
281 4038 379 4091 ὑπὸ
402 4038 744 4092 Βαϐυλωνίων
771 4038 1085 4111 πολιορκίας
1118 4037 1213 4108 ἔτη
1248 4037 1540 4107 συνάγεται
1571 4037 1706 4091 uitii"
1734 4054 1836 4109 με-

282 4130 346 4184 τὰ
365 4130 602 4184 δὲταῦτα
621 4132 700 4194 εἰς
728 4130 933 4203 ἔρημον
966 4132 1319 4204 περιστάντος
1342 4126 1437 4185 τοῦ
1460 4130 1648 4196 τόπου,
1678 4125 1837 4194 αὖθις

297 4220 484 4293 Ἰησοῦς
515 4221 940 4294 καὶΖοροὸάὸελ,
967 4222 1105 4276 ὁτοῦ
1137 4220 1424 4293 Σαλαθιὴλ,
1458 4220 1598 4275 κατὰ
1628 4220 1690 4274 τὸ
1711 4220 1835 4274 δεύ-

55 4301 75 4352 E
287 4330 428 4385 τερον
456 4312 566 4377 ἔτος
596 4312 824 4384 Δαρείου
863 4311 954 4365 τοῦ
982 4312 1192 4383 Πέρσου
1225 4311 1507 4365 ἁνανεοῦσι
1538 4311 1629 4365 τὸν
1653 4307 1799 4364 οἷκον
1817 4327 1833 4342 ·

288 4405 341 4471 ἐξ
363 4404 553 4459 ἐκείνου
581 4422 641 4457 τε
675 4404 770 4458 καὶ
802 4405 893 4458 ἐπὶ
925 4403 988 4458 τὸ
1022 4404 1503 4459 πεντεκαιδέκατον
1536 4404 1654 4469 ἔτος
1678 4404 1837 4458 Τιϐε-

1944 536 2298 594 humilitatem
2314 556 2334 605 ;
2360 541 2463 594 hoc
2485 546 2593 604 est,
2648 536 2725 593 Ne
2753 545 2971 593 avertas
2999 553 3099 594 nos
3131 537 3200 592 ad
3227 545 3527 595 extremam

1941 630 2158 686 ruinam
2181 640 2236 688 et
2265 631 2652 687 humilitatem.
2678 629 2761 685 Tu
2794 646 3029 702 namque
3054 631 3107 687 vi
3132 632 3212 686 tui
3244 646 3374 702 erga
3428 632 3529 687 bo-

1940 720 2118 777 mines
2150 722 2357 777 amoris
2386 721 2502 776 haec
2535 720 2745 786 dixisti,
2782 729 2948 795 atque
3001 723 3260 780 omnibus
3291 722 3531 779 homini-

1939 813 2045 870 bus
2074 814 2214 868 hanc
2242 813 2683 885 praedicationem
2711 815 2941 869 attulisti
2990 814 3202 883 dicens,
3256 814 3531 871 Converti-

1939 906 2096 971 mini,
2131 906 2233 976 ﬁlii
2271 906 2565 962 hominum.
2596 904 2652 960 Si
2695 906 2882 978 itaque
2908 908 3198 964 clementia
3215 916 3311 963 tua
3334 925 3529 967 omnes

1939 1005 2152 1068 gentes,
2207 1013 2508 1068 omnesque
2575 997 2717 1054 ﬁlios
2774 999 3055 1055 hominum
3083 1001 3355 1069 evocavit,
3394 1011 3450 1058 et
3480 1001 3530 1057 si

1939 1106 2035 1146 eos
2061 1092 2154 1161 qui
2181 1090 2310 1145 olim
2339 1091 2438 1146 abs
2464 1100 2516 1147 te
2548 1091 2750 1154 aversi,
2808 1107 2875 1147 ac
2916 1093 3260 1149 daemonibus
3322 1094 3532 1164 spiriti-

1938 1182 2148 1253 busque
2174 1183 2429 1252 malignis
2449 1182 2656 1239 subditi
2683 1194 2861 1250 erant,
2891 1185 2959 1239 ad
2992 1191 3046 1241 te
3068 1185 3526 1255 convertijubes;
3610 1222 3611 1225 η

1939 1289 2010 1329 ne
2041 1290 2142 1330 nos
2159 1274 2454 1338 averseris,
2483 1288 2662 1345 neque
2692 1274 2748 1329 in
2777 1284 3079 1332 extremam
3108 1293 3271 1335 ruere
3298 1280 3530 1336 vastita-

1939 1372 2047 1421 tem
2072 1364 2245 1431 sinas,
2305 1367 2398 1437 qui
2453 1367 2583 1421 olim
2636 1367 2715 1421 tui
2752 1354 3079 1432 fuimusfac
3099 1386 3225 1424 cum
3255 1372 3527 1426 tantillum

1940 1458 2199 1528 temporis
2230 1457 2631 1524 ﬂoruissemus,
2665 1460 2925 1514 torrentis
2943 1459 3119 1514 instar
3146 1460 3525 1517 transivimus.

1938 1549 2074 1605 Nam
2104 1552 2251 1607 mille
2273 1552 2403 1606 anni
2432 1553 2630 1618 nostri,
2689 1552 2848 1623 queis
2895 1552 3035 1608 bene
3073 1567 3187 1607 rem
3230 1553 3526 1624 gessimus,

1938 1643 2277 1701 transierunt
2304 1644 2449 1701 sicut
2475 1645 2595 1701 dies
2623 1644 2907 1708 hesterna,
2940 1660 3064 1715 quae
3082 1646 3362 1717 praeteriit.
3392 1662 3405 1681 ι
3425 1646 3527 1701 llic

1940 1751 2072 1792 vero
2091 1736 2426 1808 perpendere
2463 1738 2613 1803 libet,
2637 1753 2738 1794 cur
2758 1737 2813 1791 lii
2839 1737 2990 1793 mille
3031 1738 3160 1792 anni
3215 1754 3527 1795 memoren-

1940 1836 2049 1887 tur.
2085 1829 2144 1885 Si
2169 1830 2315 1887 enim
2345 1831 2564 1887 dicatur
2589 1832 2704 1887 haec
2735 1830 2803 1885 ad
2829 1831 3059 1904 gloriam
3093 1830 3187 1886 Dei
3208 1848 3351 1898 esse,
3386 1841 3440 1888 et
3456 1833 3525 1889 ad

1939 1923 2330 1995 sempiternam
2353 1921 2448 1979 Dei
2479 1924 2647 1978 vitam
2686 1921 3097 1990 declarandam,
3149 1923 3288 1978 nihil
3341 1926 3524 1997 magni

1939 2015 2045 2071 hoc
2069 2023 2201 2086 puto
2223 2030 2475 2071 sermone
2496 2015 2754 2087 proferri.
2788 2013 2999 2070 Etenim
3034 2029 3134 2071 nec
3149 2029 3313 2071 omne
3349 2031 3526 2072 saecu-

1938 2103 2076 2170 lum,
2109 2120 2285 2175 neque
2312 2106 2475 2161 etiam
2501 2113 2676 2160 totum
2709 2103 2844 2160 illud
2868 2114 3085 2177 tempus
3132 2103 3278 2176 quod
3300 2121 3329 2160 a
3349 2106 3525 2177 prima

1938 2195 2128 2251 mundi
2160 2195 2438 2253 creatione
2459 2211 2634 2267 usque
2686 2195 2755 2252 ad
2799 2196 2921 2265 ejus
2974 2198 3523 2263 consummationem,

1938 2292 2023 2348 vel
2053 2307 2153 2363 pro
2182 2293 2417 2357 tantillo,
2450 2308 2561 2349 non
2589 2293 2770 2349 dicam
2821 2293 2987 2349 unius
3035 2293 3166 2361 diei,
3218 2294 3316 2351 sed
3361 2295 3525 2353 unius

1939 2383 2279 2439 brevissima:
2333 2383 2483 2439 hora).
2528 2384 2729 2454 spatio,
2783 2382 3100 2438 habendum
3140 2397 3263 2439 esse
3292 2391 3445 2455 puto,
3474 2383 3525 2441 si

1939 2483 2289 2547 comparetur
2316 2492 2441 2532 cum
2472 2476 2564 2531 illa
2593 2476 2715 2532 sine
2754 2475 3028 2546 principio
3076 2482 3131 2530 et
3173 2474 3528 2545 generatione

1937 2569 2051 2626 vita
2084 2568 2201 2631 Dei.
2228 2568 2323 2640 qui
2372 2576 2501 2625 ante
2542 2569 2725 2624 omnia
2781 2568 2982 2626 saecula
3027 2566 3260 2632 exsistit,
3309 2581 3527 2624 necnon

1940 2668 2067 2718 ante
2097 2676 2314 2717 omnem
2338 2660 2726 2733 cogitationem
2783 2661 2869 2717 vel
2914 2659 2971 2715 in
3033 2660 3308 2715 infinitum
3337 2669 3528 2715 exlen—

1939 2770 2088 2823 sam;
2116 2755 2321 2826 quique
2343 2755 2528 2811 omnia
2549 2754 2755 2820 futura,
2797 2752 3012 2810 inﬁnita
3068 2760 3125 2808 et
3174 2753 3527 2809 interminata

1939 2847 2139 2903 saecula
2159 2846 2448 2902 duratione
2502 2844 2734 2903 excedit.
2778 2845 3144 2913 Quamobrem
3196 2844 3358 2898 aliam
3388 2843 3525 2899 milii

1937 2938 2262 2995 sententiam
2316 2936 2528 2992 videtur
2598 2938 2714 2992 haec
2777 2936 2956 2992 oratio
3014 2950 3341 3007 suggerere,
3397 2948 3525 2989 cum

1936 3033 2198 3104 populum
2231 3031 2299 3086 ad
2332 3031 2451 3087 haec
2477 3029 2707 3086 dicenda
2765 3030 3044 3087 instituit:
3079 3029 3345 3097 Quoniam
3374 3027 3527 3083 mille

1939 3125 2067 3179 anni
2089 3125 2145 3178 in
2173 3123 2338 3178 oculis
2368 3123 2498 3187 tuis,
2532 3130 2786 3192 tanquam
2815 3121 2927 3177 dies
2950 3121 3217 3187 hesterna,
3241 3135 3526 3202 qutayra’c

1941 3216 2104 3282 teriit,
2135 3225 2184 3269 et
2217 3213 2462 3269 custodia
2495 3214 2553 3267 in
2584 3221 2754 3269 nocte.
2782 3211 3106 3269 Veneranda
3127 3227 3261 3283 ergo
3293 3211 3385 3266 illa
3401 3227 3524 3281 quae

1937 3308 1992 3364 in
2027 3308 2334 3365 Jerusalem
2372 3314 2550 3371 erant,
2584 3305 2787 3377 quibus
2821 3313 2933 3360 tota
2972 3321 3108 3377 gens
3154 3304 3245 3359 illa
3296 3302 3527 3359 ﬂorebat

1935 3408 1990 3456 et
2012 3401 2182 3456 multo
2211 3400 2422 3455 dierum
2452 3398 2731 3454 curriculo
2757 3397 2896 3454 bene
2926 3413 3040 3454 rem
3068 3396 3311 3468 gerebat,
3362 3396 3523 3465 quasi

1937 3493 1991 3548 in
2017 3493 2138 3548 luce
2168 3492 2409 3563 degens;
2436 3492 2574 3556 haec,
2602 3492 2850 3562 inquam,
2913 3505 3013 3560 pro
3061 3489 3210 3545 mille
3235 3488 3395 3545 annis
3423 3487 3524 3543 ba-

1935 3584 2134 3641 benda.
2186 3583 2321 3638 Nam
2383 3584 2545 3640 annis
2587 3583 2736 3639 mille
2796 3582 3064 3638 duntaxat
3115 3581 3295 3639 cultus
3328 3583 3436 3639 hoc
3464 3581 3521 3638 in

1936 3676 2057 3731 loco
2104 3684 2344 3732 statutus
2380 3675 2602 3731 duravit
2649 3682 2703 3730 et
2752 3674 3001 3729 constitit
3037 3693 3051 3727 :
3085 3674 3179 3745 qui
3240 3673 3370 3729 anni
3416 3674 3523 3729 hoc

1935 3776 2096 3840 pacto
2126 3776 2500 3824 numerantur.
2561 3766 2606 3820 A
2657 3766 2832 3836 prima
2877 3766 3063 3836 templi
3113 3764 3434 3820 fundatione
3465 3773 3523 3819 et
3634 3838 3639 3844 .

1938 3859 2276 3929 temporibus
2332 3858 2665 3922 Salomonis,
2733 3858 2802 3912 ad
2858 3872 3036 3927 usque
3098 3855 3521 3927 Babyloniorum

1936 3953 2300 4016 obsidionem,
2317 3952 2446 4006 anni
2465 3958 2856 4021 computantur
2878 3946 3266 4019 quadringenti
3292 3946 3520 4017 triginta

1937 4046 2065 4102 duo.
2100 4044 2230 4101 Post
2252 4044 2370 4099 hac
2396 4050 2577 4098 autem
2600 4057 2724 4097 cum
2756 4041 2910 4095 locus
2932 4040 2988 4094 in
3023 4037 3373 4095 solitudinem
3404 4052 3523 4091 ver-

1938 4153 2034 4193 sus
2049 4143 2215 4202 esset,
2245 4149 2462 4191 rursum
2478 4131 2639 4188 Jesus
2655 4140 2709 4188 et
2728 4130 3051 4194 Zorobabel,
3071 4130 3214 4186 filius
3234 4128 3518 4194 Salathiel,

1939 4242 2088 4282 anno
2127 4224 2370 4283 secundo
2417 4223 2566 4278 Darii
2611 4221 2792 4279 Persa:
2824 4222 3047 4278 domum
3111 4228 3517 4278 restaurarnnt.

1938 4319 2021 4376 Ab
2045 4319 2139 4375 illo
2165 4327 2345 4373 autem
2376 4324 2620 4387 tempore
2654 4330 2827 4387 usque
2858 4313 2926 4370 ad
2958 4314 3211 4385 quintum
3245 4314 3521 4389 decimum

1937 4426 2144 4465 annum
2171 4408 2378 4464 Tiberii
2401 4406 2658 4471 Caesaris,
2694 4406 3029 4476 colliguntur
3049 4405 3176 4459 anni
3233 4402 3520 4475 quingenti

47 4486 77 4538 ’κέ
292 4499 395 4571 ρίου
439 4497 707 4567 Καίσαρος
740 4496 836 4568 ἔτη
892 4496 1182 4565 συνάγεται
1212 4505 1375 4568 φμηνο
1423 4497 1565 4552 ὥστε
1600 4493 1736 4551 εἶναι
1766 4496 1836 4551 τὰ

1939 4500 2297 4571 quadraginta
2321 4510 2375 4553 et
2396 4505 2557 4563 octo;
2583 4496 2657 4551 ita
2686 4505 2745 4551 ut
2769 4510 2962 4550 omnes
2991 4494 3058 4550 ad
3088 4509 3358 4550 summam
3380 4508 3521 4549 non-

48 4578 75 4649 ῖί
291 4594 449 4646 πάντα
473 4594 591 4659 ξδπν.
632 4590 879 4661 Διέμεινέ
906 4607 967 4644 τε
990 4588 1362 4661 χειμαζομένη
1399 4590 1494 4644 καὶ
1528 4588 1836 4646 άστατοῦσα

1939 4598 2224 4664 gentorum
2256 4597 2311 4646 et
2335 4589 2613 4660 octoginta
2656 4595 3041 4659 supputentur.
3100 4584 3232 4642 Post
3286 4583 3519 4641 insidias

48 4678 77 4739 ii
292 4685 325 4757 ἡ
355 4682 490 4746 πόλις
522 4683 658 4755 μετὰ
695 4683 794 4755 τὴν
833 4681 973 4736 κατὰ
1000 4681 1095 4736 τοῦ
1128 4683 1379 4755 Σωτῆρος
1414 4681 1574 4755 ἡμῶν
1612 4682 1835 4737 ἐπιϐου-

294 4775 380 4848 λὴν
408 4775 567 4830 αὐτῶν
618 4776 825 4848 ἑτέροις
851 4775 994 4829 ἔτεσι
1031 4775 1102 4845 μ’·
1138 4775 1255 4846 μεθ’
1285 4774 1321 4828 ά
1361 4777 1391 4829 ό
1426 4774 1693 4847 παντελὴς
1738 4775 1837 4830 αὑ-

48 4859 77 4912 il
296 4871 406 4932 τοὺς
451 4867 704 4938 μετῆλθεν
748 4866 988 4939 ὄλεθρος.
1028 4867 1123 4921 καὶ
1156 4868 1191 4938 ἡ
1218 4866 1422 4937 ὑστάτη
1468 4867 1770 4939 πολιορκία,
1802 4868 1835 4939 ἡ

48 4954 75 5003 λέ
299 4962 390 5017 ὑπὸ
418 4962 684 5032 Ῥωμαίων
706 4961 969 5033 γενομένη
997 4960 1138 5015 κατὰ
1156 4960 1317 5014 Τίτον
1360 4960 1456 5015 καὶ
1495 4960 1837 5015 Οὐεσπασια-

58 5056 77 5111 :"
299 5055 376 5111 νδν
408 5054 809 5128 αὐτοκράτορας.
1264 5046 1272 5053 ’

48 5136 75 5189 τί
360 5148 499 5203 Ταῦτ’
526 5143 617 5203 οὖν
644 5144 712 5221 ἦν
737 5148 809 5203 τά
836 5148 982 5219 χίλια
1007 5146 1102 5219 ἐτη
1138 5147 1267 5219 περὶ
1292 5139 1368 5201 ὧν
1395 5147 1631 5218 εἴρηται,
1674 5146 1770 5211 Ὧς
1797 5146 1834 5212 ἡ

47 5234 71 5288 ἀ
302 5242 463 5313 ἡμέρα
481 5242 515 5311 ἡ
552 5240 750 5313 ἐχθὲς,
787 5240 921 5307 ἥτις
951 5238 1180 5306 διῆλθε.
1215 5239 1501 5293 Διελθόντα
1531 5239 1639 5310 γὰρ
1664 5236 1837 5292 ταῦτα

304 5336 385 5392 καὶ
414 5336 587 5406 μηκέτι
627 5335 759 5389 ὄντα
791 5331 1179 5387 ἀποκλαίονται
1209 5334 1257 5386 οἰ
1282 5331 1370 5386 διὰ
1395 5332 1494 5402 τῆς
1528 5329 1835 5403 προσευχῆς

304 5425 381 5480 τὸν
405 5425 513 5479 Θεὸν
552 5426 847 5497 ἱλεούμενοι
871 5443 885 5457 ο
916 5424 1052 5479 ἀλλά
1074 5425 1169 5478 καὶ
1198 5424 1274 5488 ὡς
1304 5423 1548 5493 φυλακὴν
1587 5440 1836 5494 νυκτερι-

307 5518 387 5591 νὴν
413 5517 564 5572 ταῦτά
595 5536 725 5589 φασι
756 5518 825 5572 τὰ
846 5519 992 5590 χίλια
1023 5519 1116 5589 ἐτη
1152 5518 1597 5591 παρεληλυθέναι.
1631 5517 1837 5588 Λύχνος

308 5615 398 5686 γὰρ
421 5609 519 5685 ἧνὸ
560 5613 833 5676 Μωῦσέως
880 5613 1041 5684 νόμος
1084 5616 1142 5667 ἔν
1184 5613 1338 5667 νυκτὶ
1370 5613 1574 5683 φαίνων
1616 5613 1830 5675 αὐτοξ·

311 5707 420 5759 ἀλλὰ
442 5706 521 5758 καὶ
544 5707 589 5758 οἰ
617 5705 914 5777 προφῆται,
949 5707 996 5758 οἱ
1034 5704 1171 5774 μετὰ
1192 5706 1454 5770 Μωῦσέα,
1482 5704 1663 5781 λύχνοι
1696 5700 1835 5775 ἦσαν

48 5800 71 5853 if
313 5799 341 5857 il
367 5798 442 5851 ml
460 5797 670 5861 ἀστέρες
704 5800 760 5851 ὲν
813 5798 965 5852 νυκτὶ
1000 5796 1301 5859 φαίνοντες,
1331 5797 1483 5851 οῦπω
1532 5798 1624 5851 τοῦ
1659 5797 1835 5856 φωτὸς

1936 4700 2067 4740 vero
2096 4683 2165 4739 ab
2193 4683 2265 4740 iis
2280 4689 2472 4738 contra
2499 4680 2835 4735 Salvatorem
2861 4688 3108 4734 nostrum
3139 4685 3399 4743 structas,
3422 4684 3517 4733 tu-

1937 4773 2200 4829 multibus
2232 4779 2286 4827 et
2318 4770 2679 4827 seditionibus
2708 4769 2909 4840 agitata
2931 4768 3143 4835 civitas,
3173 4767 3352 4823 adhuc
3379 4782 3518 4838 qua-

1937 4866 2187 4938 draginta
2211 4864 2372 4921 annis
2392 4864 2690 4935 permansit
2722 4877 2735 4913 :
2761 4860 2962 4931 quibus
3022 4860 3245 4929 elapsis,
3281 4859 3515 4915 accessit

1936 4967 2183 5014 extrema
2207 4972 2397 5013 eorum
2425 4953 2717 5027 pernicies,
2747 4960 2801 5007 et
2830 4951 3023 5005 ultima
3047 4950 3284 5016 obsidio,
3314 4948 3434 5006 Tito
3458 4958 3515 5004 et

1940 5050 2277 5122 Vespasiano
2307 5047 2751 5120 imperatoribus,
2784 5059 2812 5101 a
2838 5042 3107 5099 Romanis
3139 5028 3299 5097 facta.

2012 5144 2075 5199 Hi
2117 5146 2299 5214 itaque
2348 5141 2496 5199 mille
2549 5138 2678 5194 anni
2725 5144 2903 5202 erant,
2952 5136 3022 5192 de
3064 5133 3264 5205 quibus
3288 5131 3511 5199 dicitur,

1942 5239 2215 5309 Tanquam
2248 5235 2359 5290 dies
2381 5234 2623 5289 hesterna
2646 5246 2763 5303 qua:
2787 5228 3064 5300 praeteriit.
3091 5224 3227 5280 Nam
3263 5224 3384 5280 illos
3408 5238 3511 5279 an-

1939 5347 2041 5386 nos
2064 5345 2161 5385 ceu
2195 5326 2495 5400 praeteritos
2522 5332 2575 5381 et
2601 5325 2816 5395 elapsos
2836 5321 3163 5391 deplorant,
3187 5317 3279 5388 qui
3311 5318 3365 5371 in
3384 5332 3514 5371 ora-

1940 5422 2264 5495 tionelDeum
2278 5421 2493 5492 placare
2504 5424 2774 5473 conantur
2793 5433 2809 5483 ;
2826 5414 2934 5469 imo
2944 5411 3107 5468 etiam
3120 5410 3275 5481 quasi
3289 5415 3515 5464 noctur-

1938 5534 2065 5575 nam
2097 5515 2424 5581 custodiam,
2456 5513 2604 5569 mille
2633 5525 2808 5568 annos
2833 5511 2956 5564 illos
2996 5505 3270 5562 eﬁluxisse
3296 5504 3511 5559 dicunt.

1938 5610 2073 5663 Nam
2108 5606 2309 5679 Moysis
2340 5604 2428 5661 lex
2456 5603 2681 5658 lucerna
2704 5607 2823 5656 erat
2880 5599 2936 5652 in
3000 5606 3160 5652 nocte
3217 5592 3514 5665 splendens

1940 5702 2109 5772 ipsis;
2140 5696 2562 5772 prophetatitem
2591 5696 2682 5764 qui
2716 5701 2838 5765 post
2865 5688 3102 5761 Moysem
3138 5688 3377 5746 fuerunt.
3418 5687 3513 5738 Ju-

1940 5799 2320 5851 ccrnazerant,
2352 5789 2466 5845 sive
2510 5788 2676 5842 stellgie
2736 5784 2791 5842 in
2854 5789 3013 5837 nocte
3037 5780 3334 5844 fulgentes,
3386 5790 3512 5831 cum

940 6434 943 6439 ν
968 6433 991 6441 νιν

1768 6778 1779 6787 ι
