3972 6812
555 425 698 483 “35

1229 423 1500 484 EUSEBH
1539 423 2019 482 CAESABIENSIS
2059 423 2211 480 OPP.
2263 423 2447 478 PARS
2487 423 2574 479 Ill.
2602 454 2674 466 -—
2701 421 3114 479 EXEGETICA.

3739 424 3864 479 ηι-

553 547 796 602 nondum
825 547 914 602 lux
951 548 1168 613 solaris,
1205 548 1256 602 id
1305 557 1390 602 est
1440 548 1700 605 salutaris
1764 547 1947 614 Verbi,
1991 565 2116 619 pro-

2219 546 2314 600 τοῦ
2345 544 2590 617 ἡλιακοῦ,
2623 545 2863 598 τουτέστι
2909 543 3006 596 τοῦ
3035 543 3304 614 σωτηρίου
3347 542 3580 609 Λόγου,
3631 542 3768 610 τὴν
3811 547 3866 593 ai-

551 639 729 709 priam
749 638 890 694 diem
915 653 979 693 ac
1011 640 1291 695 meridiem
1325 640 1580 696 omnibus
1630 640 1884 711 gentibus
1939 641 2122 696 lucere

553 728 797 784 fecisset.
819 727 1078 784 Custodia
1105 744 1244 784 vero
1273 739 1562 794 nocturna,
1616 729 1889 800 quoddam
1945 727 2125 783 noctis

547 830 768 894 tempus
798 831 1040 878 vocatur.
1071 820 1188 878 Hoc
1204 837 1368 891 porro
1411 822 1683 894 intelligas
1711 836 1778 876 ex
1809 820 2124 890 Erangelio,

549 915 606 968 in
641 928 753 983 quo
774 912 979 968 dictum
1029 921 1155 968 est:
1187 912 1397 979 Quarta
1447 923 1624 966 autem
1664 911 1908 966 custodia
1952 913 2124 966 noctis

549 1008 688 1062 venit
706 1005 863 1061 Iesus
885 1005 1165 1060 ambulans
1199 1021 1359 1075 supra
1399 1022 1546 1060 mare
1570 1005 1614 1038 "
1640 1021 1660 1069 ;
1688 1020 1754 1061 ac
1793 1022 2034 1072 rursum,
2066 1005 2128 1062 Si

549 1100 706 1154 sciret
719 1098 1110 1169 paterfamilias
1128 1114 1231 1170 qua
1254 1099 1495 1152 custodia
1514 1099 1602 1168 fur
1617 1099 1884 1153 veniret".
1909 1097 1973 1153 Hi
1996 1113 2126 1168 ergo

547 1193 696 1247 mille
728 1193 856 1247 snni
888 1207 996 1246 non
1027 1192 1188 1246 modo
1219 1191 1347 1252 diei,
1375 1207 1496 1261 qua:
1542 1192 1800 1261 praeteriit
1841 1206 1940 1246 nec
1983 1193 2124 1246 ultra

545 1284 785 1349 exsistit,
816 1299 920 1339 con
929 1284 1180 1338 feruntur
1200 1283 1322 1349 ;sed
1342 1284 1504 1337 etiam
1522 1284 1749 1338 modicae
1763 1285 1938 1338 noctis
1951 1284 2089 1353 parti
2107 1301 2122 1350 ;

545 1377 621 1430 ita
654 1383 712 1429 ut
736 1390 844 1429 non
877 1376 1086 1446 integra
1123 1390 1249 1436 nox,
1271 1375 1362 1431 sed
1391 1375 1513 1444 ejus
1549 1390 1677 1445 pars
1701 1376 2032 1440 declaretur,
2066 1376 2121 1430 in

549 1482 659 1538 qua
711 1467 1019 1523 custodiam
1075 1468 1324 1536 corporei
1359 1467 1496 1536 legis
1517 1467 1699 1521 cultus
1733 1467 2119 1521 observabant.

551 1558 667 1612 Sub
694 1557 810 1612 lucc
833 1556 1035 1612 dicitur
1067 1573 1079 1609 :
1117 1558 1250 1624 Qua:
1273 1572 1369 1626 pro
1404 1556 1570 1611 nihilo
1607 1557 1865 1612 habentur
1913 1572 2116 1622 eorum,

546 1653 676 1708 anni
727 1659 896 1705 erunt.
961 1649 1168 1705 Horum
1219 1650 1354 1705 mibi
1402 1651 1517 1706 haec
1577 1651 1792 1706 videtur
1850 1649 2121 1706 sententia

545 1757 714 1800 esse:
769 1741 911 1797 Anni
951 1757 1141 1798 eorum
1197 1757 1298 1813 pro
1342 1742 1514 1796 nihilo
1565 1749 1749 1797 erunt.
1805 1740 1928 1796 Non
1972 1743 2118 1796 enim

545 1836 775 1891 ulterius
804 1834 933 1889 anni
984 1834 1064 1888 illi
1123 1835 1176 1888 in
1242 1834 1453 1890 honore
1504 1846 1686 1898 erunt,
1728 1849 1836 1890 non
1865 1833 2115 1896 curandi,

2225 640 2380 693 κείαν
2401 639 2618 710 ἡμέραν
2648 655 2708 690 τε
2741 637 2835 690 καὶ
2887 635 3233 707 μεσημϐρίαν
3272 637 3414 688 πᾶσι
3445 637 3584 697 τοῖς
3643 632 3862 686 ἔθνεα..

2223 732 2648 802 ἐπιλάμψαντος.
2678 729 2895 800 Φυλακὴ
2925 729 2984 782 δὲ
3027 727 3317 799 νυκτερινὴ
3363 726 3594 796 καιρὸς
3639 725 3868 794 cini-ip

2227 840 2347 875 σται
2373 822 2475 892 τῆς
2510 821 2701 884 νυκτός
2719 837 2733 852 ο
2757 820 2916 873 τοῦτο
2947 819 3004 872 δὲ
3037 821 3248 890 νοήσεις
3277 819 3389 871 ἀπὺ
3415 817 3520 870 τοῦ

2222 914 2357 976 λίου,
2381 915 2440 966 εν
2461 907 2506 981 ᾧ
2532 914 2744 984 εἴρηται
2761 928 2774 941 ·
2807 911 3060 980 Τετάρτῃ
3082 910 3152 963 δὲ
3183 908 3438 979 φυλακῇ
3459 907 3600 976 τῆς

2223 1003 2409 1077 ἦλθεν
2446 1009 2480 1060 ό
2516 1005 2736 1074 Ἰησοῦς
2792 1003 3128 1072 περιπατῶν
3157 1004 3253 1057 ἐπὶ
3295 1002 3410 1071 τῆς
3451 1003 3860 1068 Wes”

2226 1102 2319 1155 καὶ
2352 1100 2542 1155 πάλινο
2577 1102 2646 1154 ει
2678 1099 2808 1168 ᾔδει
2852 1101 2886 1152 ό
2913 1097 3345 1164 οἰκοδεσπότης
3381 1096 3536 1164 ποίᾳ
3583 1097 3862 1164 φυλαὶ

2223 1196 2258 1247 ὁ
2303 1193 2570 1261 κλέπτης
2615 1192 2867 1262 ἔρχεται.
2896 1189 3159 1261 Δηλοῦται
3202 1189 3383 1242 τοίνυν
3419 1188 3502 1240 τὰ
3533 1187 3738 1257 χίλια
3781 1189 3860 1239 ἐπ

2223 1283 2322 1353 οὐχ
2347 1282 2422 1346 ὡς
2442 1283 2625 1354 ἡμέρα
2643 1283 2677 1353 ἡ
2709 1280 3073 1352 παρελθοῦσα,
3103 1281 3199 1334 καὶ
3225 1281 3420 1351 μηκέτ’
3449 1275 3620 1332 οὖσα
3676 1281 3860 1348 μόνον,

2224 1373 2360 1426 ἀλλὰ
2395 1373 2488 1426 καὶ
2519 1374 2597 1436 ὡς
2636 1371 2810 1443 βραχύ
2839 1390 2895 1424 τι
2932 1372 3118 1444 μόριον
3156 1371 3372 1435 νυκτὸς,
3395 1371 3490 1434 ὡς
3521 1371 3704 1441 μηδὲ
3743 1372 3860 1438 ir)

2223 1463 2395 1518 νύκτα
2427 1464 2635 1535 νοῆσαι,
2681 1463 2820 1518 ἀλλὰ
2860 1464 3022 1536 μέρος
3061 1479 3116 1516 τι
3147 1461 3371 1533 ταύτης,
3405 1465 3480 1516 ὲν
3509 1456 3564 1530 ᾧ
3601 1462 3736 1532 τὴν
3767 1482 3856 1530 ςυ-

2221 1554 2392 1625 λακὴν
2416 1554 2513 1626 τῆς
2543 1555 2859 1627 σωματικῆς
2887 1554 2982 1608 τοῦ
3023 1555 3186 1626 νόμου
3213 1554 3482 1626 λατρείας
3511 1557 3840 1625 περιεῖπε»

2221 1648 2446 1712 Τούτοις
2492 1647 2621 1719 ἑξῆς
2668 1648 2883 1720 εἴρηται
2903 1666 2917 1678 ⁸
2975 1651 3050 1703 Τὰ
3105 1647 3586 1718 ὲξουδενώματα
3643 1648 3854 1701 αὐτώ

2219 1740 2323 1808 ἐτη
2350 1738 2798 1811 Eoos-ratonst
2822 1757 2912 1811 μοι
2933 1741 3029 1794 καὶ
3061 1741 3094 1811 ὴ
3121 1738 3321 1794 τούτων
3341 1740 3578 1794 διάνοια

2221 1848 2304 1895 τις
2335 1827 2473 1885 εἶναι
2497 1847 2510 1861 ·
2542 1807 2738 1902 Τίέτη
2770 1807 2950 1885 αύτῶν
2978 1807 3389 1902 ὲξούδενώματα
3419 1831 3711 1886 ἔσονται-
3747 1835 3846 1884 0L2

546 1940 657 1979 non
691 1925 985 1980 necessarii
1038 1924 1426 1991 habebuntur;
1483 1925 1574 1979 sed
1621 1923 1862 1994 despecti
1911 1939 1976 1980 ac
2025 1936 2116 1995 pro

2224 1920 2304 1974 ἔτι
2335 1921 2446 1993 γάρ
2499 1923 2694 1994 ἔντιμα
2740 1922 2854 1994 ἐτη,
2885 1923 3008 1978 οὐδὲ
3053 1925 3311 1978 σπουδαῖα
3363 1925 3463 1979 καὶ
3518 1926 3844 1992 ἀναγκαῖα.

543 2016 717 2071 nihilo
775 2018 1008 2088 reputati
1060 2027 1240 2074 erunt.
1294 2016 1581 2083 Quomodo
1630 2025 1813 2072 autem
1860 2016 1988 2071 anni
2025 2031 2119 2071 eo-

543 2123 664 2161 rum
703 2123 803 2178 pro
848 2108 1020 2163 nihilo
1072 2108 1356 2180 reputandi
1412 2107 1543 2170 sint,
1590 2106 1850 2178 deinceps
1876 2106 2121 2162 declarat

545 2198 773 2255 dicens:
815 2200 972 2255 Mane
1047 2202 1184 2256 sicut
1262 2200 1424 2255 herba
1490 2209 1764 2268 transeat,
1814 2216 1968 2254 mane
2020 2200 2116 2268 ﬂo-

541 2299 658 2344 reat
681 2299 731 2344 et
758 2299 1014 2355 transeat,
1040 2306 1244 2358 vespere
1276 2289 1507 2352 decidat,
1539 2288 1752 2343 indurat
1785 2298 1838 2343 et
1872 2297 2117 2352 arescat,

541 2382 666 2450 quia
699 2381 983 2451 defecimus
1014 2383 1069 2436 in
1101 2383 1184 2436 ira
1210 2391 1320 2437 tua.
1347 2381 1488 2437 Olim
1513 2381 1756 2452 quidem,
1775 2383 1872 2449 ait,
1899 2382 2122 2453 quando

542 2487 632 2527 res
665 2483 869 2528 nostra:
887 2474 1172 2529 exordium
1205 2473 1502 2539 ducebant,
1532 2483 1588 2531 et
1621 2474 1678 2529 in
1712 2475 1981 2529 matutino
2000 2489 2122 2530 era-

541 2579 688 2627 mus,
718 2565 875 2635 quasi
901 2565 1068 2620 herba
1103 2563 1305 2620 fuimus
1338 2583 1352 2618 :
1401 2563 1497 2618 sed
1537 2579 1664 2619 cum
1717 2565 1809 2619 illa
1845 2565 2122 2636 generatio

541 2658 914 2726 praeteriisset,
939 2657 1106 2712 herba
1149 2655 1390 2711 transiit.
1424 2655 1540 2711 Sub
1569 2655 1686 2712 haec
1713 2665 1897 2714 autem
1931 2657 2120 2712 ﬂorui~

542 2740 685 2811 mus.
717 2756 771 2804 et
789 2748 1036 2819 amplius
1065 2747 1196 2818 quid
1223 2761 1288 2802 ac
1312 2747 1493 2817 majus
1519 2763 1685 2820 quam
1718 2748 1943 2804 herbam
1972 2748 2120 2804 nacti

541 2853 765 2905 sumus,
801 2841 877 2894 ita
929 2848 988 2896 ut
1041 2841 1143 2897 llos
1191 2842 1248 2897 in
1307 2841 1470 2912 nobis
1507 2841 1877 2912 reperiretur:
1926 2849 1982 2894 at
2033 2840 2123 2895 hic

542 2947 761 3002 quoque
791 2932 892 2989 llos
922 2934 1200 3003 praeteriit.
1238 2932 1510 2999 Exti's
1560 2949 1692 2990 vero
1743 2932 2079 3003 temporibus
2102 2972 2118 2997 ,

541 3022 826 3078 occidente
853 3039 1080 3094 prorsus
1114 3023 1275 3080 nobis
1311 3023 1551 3084 lumine.
1605 3037 1730 3077 cum
1765 3037 1866 3076 nos
1895 3035 2122 3090 vespera

539 3117 1206 3188 occupasset,excidimus
1242 3131 1474 3189 prorsus
1507 3115 1769 3171 exsiccati
1793 3121 1847 3170 et
1870 3111 2116 3180 arefacti;

541 3209 704 3271 idque
729 3209 969 3280 perpessi
997 3223 1212 3272 sumus,
1249 3209 1390 3276 Quia
1411 3209 1696 3278 defecimus
1712 3207 1767 3263 in
1790 3208 1874 3261 ira
1901 3216 1993 3262 tua
2013 3245 2030 3272 ,
2069 3213 2120 3260 et

537 3301 594 3356 in
621 3301 799 3371 furore
833 3311 922 3356 tuo
957 3301 1158 3356 turbati
1205 3317 1409 3356 sumus.
1448 3300 1763 3356 Secundum
1794 3300 1955 3353 aliam
1982 3314 2110 3354 vero

538 3393 865 3448 sententiam
893 3401 1073 3463 potest
1096 3393 1229 3448 dicti
1259 3393 1424 3461 hujus
1455 3392 1684 3463 physica
1713 3390 1856 3446 ratio
1909 3389 2116 3454 aﬂ‘erri;

536 3481 685 3552 quod
733 3482 944 3538 scilicet
997 3482 1236 3536 humana
1274 3490 1467 3535 natura
1499 3482 1554 3535 in
1603 3481 1892 3550 iuventute
1943 3479 2120 3535 instar

539 3571 722 3626 herbae
759 3580 959 3627 tenerae
1015 3571 1282 3643 pullulet:
1321 3579 1510 3641 postea
1545 3587 1675 3627 vero
1728 3571 1784 3627 in
1807 3571 1986 3626 aetatis
2032 3571 2114 3625 vi-

538 3675 678 3730 gore-
693 3660 917 3728 lloreat;
968 3670 1246 3732 postremo
1276 3670 1460 3718 autem
1494 3661 1550 3716 in
1583 3661 1883 3717 senectutis
1928 3660 2118 3717 limine

538 3753 775 3818 decidat,
808 3769 908 3808 nec
940 3754 1044 3808 alio
1104 3755 1264 3810 modo
1289 3796 1304 3820 ,
1364 3770 1528 3825 quam
1560 3755 1689 3825 quia
1733 3754 1964 3823 primum
2007 3769 2118 3824 pra:

539 3853 822 3901 senectute
856 3844 1107 3900 indurata
1137 3845 1345 3910 fuerat,
1379 3861 1444 3900 ac
1475 3854 1662 3915 postea
1696 3845 1912 3915 penitus
1938 3847 2118 3900 exsic-

539 3947 693 4003 cata;
749 3945 803 3992 et
853 3936 998 4008 quod
1041 3951 1265 4006 vespera
1321 3937 1660 4009 signiﬁcetur
1696 3945 1939 3993 extrema
1993 3937 2118 3992 vita:

539 4031 810 4086 humanas.

507 4203 521 4276 ί
608 4223 775 4280 Vens.
810 4224 960 4282 8-10.
1009 4224 1245 4280 Posuisti
1273 4227 1576 4298 iniquitates
1620 4238 1830 4285 nostras
1885 4231 1940 4284 in
1990 4248 2113 4286 con-

535 4326 715 4386 spectu
751 4327 839 4371 tuo
869 4334 886 4371 :
919 4318 1171 4372 sarculum
1203 4328 1441 4373 nostrum
1480 4322 1534 4375 in
1563 4320 1957 4377 illuminatione
1995 4324 2112 4378 vul-

506 4415 622 4487 μιιε
648 4409 746 4464 tui.
783 4408 1046 4475 Quoniam
1071 4426 1249 4464 omnes
1271 4409 1381 4464 dies
1423 4411 1591 4464 nostri
1631 4411 1950 4481 defecerunt,
1976 4427 2026 4468 et
2057 4414 2113 4468 in

535 4502 621 4556 ira
650 4510 740 4554 tua
768 4501 1071 4571 defecimus.
1108 4501 1495 4575 Symmachus,
1523 4503 1830 4574 Apposuisti
1854 4505 2110 4577 iniquita-

537 4603 614 4650 tes
646 4603 854 4649 nostras
883 4595 937 4648 in
979 4604 1251 4665 conspectu
1292 4605 1401 4660 tuo,
1436 4597 1780 4668 negligentiae
1810 4608 2019 4653 nostras
2051 4607 2110 4653 ut

2223 2011 2337 2066 ἀλλ’
2367 2012 2760 2086 ἐξουθενημένα
2797 2014 2892 2068 καὶ
2922 2017 3002 2077 εἰς
3033 2015 3093 2067 τδ
3127 2014 3291 2086 μηδεν
3320 2013 3734 2086 λελογισμὲνα
3763 2034 3842 2082 γτ-

2220 2106 2459 2176 νήσεται.
2491 2105 2613 2170 Πῶς
2641 2107 2701 2160 δὲ
2733 2109 2813 2170 εἰς
2839 2106 2989 2159 οὐδὲν
3012 2106 3367 2178 λελογισμένα
3387 2109 3734 2178 γενήσεται
3755 2109 3846 2162 αύ-

2219 2195 2327 2250 τῶν
2371 2197 2439 2250 τά
2483 2196 2600 2268 ἐτη,
2628 2197 2885 2266 διασαφεῖ
2930 2198 3104 2265 λέγων
3149 2197 3306 2269 έξῆςο
3342 2199 3419 2253 Τὸ
3466 2200 3652 2269 πρωῒ
3681 2201 3778 2266 ὡς
3809 2203 3838 2260 ἢ

2220 2291 2372 2357 χλόη
2396 2288 2700 2358 παρέλθοι,
2723 2289 2790 2343 τὸ
2813 2291 2962 2358 πρωῒ
2981 2290 3243 2360 ἁνθήσαι
3265 2291 3363 2344 καὶ
3386 2291 3718 2360 παρέλθοι
3743 2309 3758 2322 ·
3785 2294 3838 2344 τέ

2220 2377 2480 2448 ἑσπέρας
2513 2379 2828 2446 ἁποπέσοι,
2865 2383 3269 2449 σκληρυνθείη
3320 2382 3422 2437 καὶ
3456 2382 3836 2451 ἔφαν-θείη,

2221 2472 2308 2526 ὅτι
2325 2473 2682 2543 ἐξελίπομεν
2702 2473 2772 2526 ὲν
2799 2472 2875 2541 τῇ
2897 2472 3043 2542 ὀργῇ
3073 2489 3210 2528 σου.
3241 2473 3416 2528 Πάλαι
3443 2475 3556 2545 μὲν
3579 2471 3716 2536 οὖν,
3743 2493 3836 2544 φη

2222 2565 2324 2618 σὶν.
2357 2565 2446 2618 ὅτε
2476 2563 2650 2637 ἀρχὰς
2676 2561 2789 2636 εἶχε
2819 2566 2887 2619 τά
2913 2559 3034 2620 ἱαθ⁹
3063 2567 3212 2638 ἡμᾶς
3234 2567 3327 2620 καὶ
3345 2569 3405 2620 ὲν
3425 2569 3640 2639 «post;

2220 2653 2522 2725 γεγόναμεν
2549 2655 2624 2718 ὡς
2646 2657 2676 2726 ἡ
2696 2654 2825 2726 χλόη
2845 2673 2860 2686 ·
2889 2655 3025 2709 ἀλλὰ
3053 2657 3432 2730 παρελθούσης
3461 2659 3716 2731 ἐκείνης
3743 2661 3834 2730 τῆς
3897 2681 3907 2738 1|

2222 2746 2436 2815 γενεᾶς,
2461 2745 2734 2818 παρῆλθεν
2768 2749 2801 2819 η
2833 2747 2984 2820 χλόη.
3011 2750 3167 2804 Μετὰ
3190 2749 3362 2804 ταῦτα
3380 2751 3440 2804 δὲ
3462 2751 3828 2823 ἠνθήσεαμεν.

2225 2837 2409 2909 μεῐζόν
2431 2855 2492 2892 τε
2523 2841 2617 2892 καὶ
2654 2837 2814 2894 πλέον
2849 2840 2948 2910 τῆς
2976 2839 3138 2912 χλόης
3167 2842 3510 2912 ἐσχήκαμεν,
3553 2843 3718 2897 ὥστε
3741 2844 3827 2894 n1

2222 2928 2382 2992 ἄνθος
2423 2932 2481 2982 ἐν
2517 2932 2647 3002 ἡμῖν
2687 2929 3013 3003 εὑρεθῆναι·
3047 2933 3143 2986 καὶ
3177 2932 3336 2987 τοῦτο
3369 2933 3427 2986 δὲ
3469 2933 3746 3005 παρῆλθε
3771 2935 3824 2984 τὲ

2221 3019 2399 3084 ἄνθος.
2437 3022 2552 3074 Ἐπ’
2597 3023 2839 3093 ἐσχάτων
2885 3022 2942 3076 δὲ
2996 3022 3105 3076 τῶν
3159 3023 3384 3096 καιρῶν,
3425 3022 3645 3087 δύντος
3701 3026 3820 3094 ἡμῖν

2222 3113 2497 3179 παντελῶς
2527 3113 2622 3168 τοῦ
2653 3114 2850 3185 φωτὸς,
2872 3116 2968 3170 καί
3008 3117 3246 3188 ἑσπέρας
3274 3119 3424 3188 ἡμᾶς
3465 3118 3814 3172 καταλαϐώ-

2223 3221 2344 3275 σης,
2388 3203 2865 3276 ἀποπεπτώκαμεν
2911 3204 3337 3276 σκληρυνθέντες
3371 3207 3469 3260 καὶ
3515 3207 3812 3280 ξηρανθέν-

2215 3313 2306 3359 τες
2327 3312 2342 3326 ’
2366 3297 2462 3349 καὶ
2488 3295 2660 3351 ταῦτα
2688 3296 3059 3368 πεπόνθαμεν,
3086 3297 3216 3352 Ὀτι
3243 3298 3724 3368 ἐξελίπομεν-ἐν
3749 3299 3810 3367 τῆ

2220 3383 2366 3456 ὀργῇ
2394 3401 2530 3450 σου,
2557 3388 2654 3440 καὶ
2679 3388 2750 3440 ἐν
2782 3385 2861 3452 τῷ
2895 3386 3058 3457 θυμῷ
3083 3402 3200 3442 σου
3229 3388 3690 3458 ἐταράχθημεν.
3719 3391 3806 3444 Δύ-

2219 3492 2374 3529 ναται
2401 3475 2457 3529 δὲ
2480 3476 2572 3530 καὶ
2598 3476 2719 3530 καθ’
2750 3476 2943 3547 ἑτέραν
2969 3476 3204 3530 διάνοιαν
3227 3476 3451 3546 φυσικὸν
3477 3479 3657 3547 Λόγον
3687 3481 3806 3533 άπε-

2215 3565 2411 3620 διδόναι
2437 3566 2525 3620 διὰ
2564 3567 2768 3622 τούτων
2797 3569 2831 3637 ἡ
2863 3567 3030 3634 λέξις,
3075 3568 3151 3633 ὼς
3180 3551 3292 3640 τῆρ’
3319 3568 3696 3642 ἀνθρωπίνης
3717 3572 3804 3639 φύ-

2218 3676 2353 3723 σεως
2382 3661 2438 3714 ἐν
2473 3660 2570 3730 μὲν
2605 3663 2670 3732 τῇ
2702 3660 2911 3730 νεότητι
2931 3660 3085 3731 δίκην
3119 3661 3334 3731 ἁπαλῆς
3363 3661 3532 3734 χλόης
3561 3662 3804 3733 βλαστώ-

2218 3766 2337 3820 σης,
2377 3749 2516 3820 μετὰ
2545 3749 2601 3804 δὲ
2629 3749 2804 3804 ταῦτα
2836 3752 2896 3803 ὲν
2936 3753 3002 3822 τῇ
3039 3751 3190 3822 ἀκμῇ
3235 3751 3334 3822 τῆς
3356 3751 3577 3822 ἡλικίας
3605 3754 3802 3807 ἀνθού-

2218 3857 2336 3912 σης*
2355 3837 2452 3894 εἷθ’
2481 3841 2705 3912 ὕστερον
2727 3840 2819 3895 ἐπὶ
2847 3842 3050 3913 γήραος
3069 3841 3207 3913 οὐδῷ
3235 3843 3690 3915 ἀποπιπτούσης,
3711 3849 3802 3899 οὐκ

2213 3931 2430 4002 ἄλλωςῆ
2455 3931 2667 4003 πρῶτον
2697 3932 2832 4003 σκλη
2842 3935 3137 4005 ρυνομένης
3157 3935 3296 3989 κατὰ
3310 3935 3369 3989 τὸ
3389 3934 3798 4006 γῆρας,εττειτα

2215 4025 2490 4088 παντελῶς
2539 4022 2950 4098 ξηραινομένης.
3020 4024 3287 4100 Ἑσπέραν
3326 4029 3384 4083 δὲ
3432 4031 3796 4100 σημαίνεσθαι

2213 4115 2280 4169 τὰ
2309 4115 2590 4170 τελευταῖα
2616 4117 2715 4188 τῆς
2743 4115 2851 4170 τῶν
2877 4115 3177 4188 ἀνθρώπων
3204 4117 3369 4189 ζωῆς.

2285 4229 2460 4284 Ἕθου
2484 4230 2590 4296 τὰς
2620 4230 2871 4300 ἀνομίας
2899 4230 3068 4300 ἡμῶν
3097 4232 3375 4285 ἐναντιον
3399 4247 3518 4286 σου
3535 4250 3549 4264 -
3585 4237 3620 4288 δ
3645 4234 3792 4288 αἰὼν

2212 4322 2380 4392 ἡμῶν
2407 4326 2494 4390 εἰς
2521 4324 2828 4394 φωτισμὸν
2859 4324 2964 4378 τοῦ
2990 4323 3314 4392 προσώπου
3354 4340 3491 4381 σου.
3522 4327 3642 4379 Ὅτι
3677 4327 3786 4381 πᾶ-

2210 4429 2316 4469 σαι
2359 4415 2419 4466 al
2473 4414 2686 4483 ἡμέραι
2727 4411 2896 4484 ἡμῶν
2932 4415 3234 4480 ἐξέλιπον,
3271 4415 3371 4469 καὶ
3407 4416 3477 4468 ἐν
3514 4415 3590 4485 τῇ
3643 4417 3784 4488 tim-1}

2211 4517 2330 4556 σου
2378 4502 2753 4573 ἐξελίπομεν.
2789 4499 2849 4557 '0
2899 4505 3219 4575 Σύμμαχοςο
3261 4504 3642 4574 Προσέθηκας
3681 4510 3781 4574 τὰς

2211 4593 2462 4663 ἀνομίας
2497 4593 2664 4660 ἡμῶν
2687 4585 2978 4664 ἄντικρύς
2995 4613 3132 4661 σου,
3173 4596 3282 4663 τὰς
3309 4597 3588 4666 ἀμελείας
3615 4599 3779 4667 fuerim

3901 2729 3904 2738 .

3897 2811 3904 2840 ξ

3899 2995 3904 3012 ι

537 4695 824 4757 appareant
850 4673 1017 4742 vultui
1049 4695 1159 4744 tuo.
1195 4686 1388 4745 Omnes
1427 4691 1564 4744 enim
1593 4690 1706 4745 dies
1752 4693 1921 4746 nostri
1948 4693 2108 4762 aufu-

2219 4686 2527 4755 φαίνεσθαι
2555 4685 2634 4752 τῷ
2671 4686 2968 4755 προσώπῳ
3002 4703 3140 4742 σου.
3171 4687 3366 4743 Πᾶσαι
3403 4689 3512 4758 γὰρ
3544 4693 3602 4743 al
3633 4691 3772 4760 ὴμέ-

535 4790 742 4850 gerunt,
769 4780 822 4834 in
847 4780 930 4834 ira
961 4788 1052 4834 tua
1077 4779 1342 4850 absumpti
1367 4798 1572 4837 sumus.
1611 4780 1736 4839 Haec
1767 4784 1821 4838 in
1851 4787 2103 4856 praesenti

2219 4795 2306 4845 ραι
2322 4777 2490 4848 ἡμῶν
2507 4777 2848 4846 διέδρασαν,
2867 4779 2938 4832 ἐν
2951 4778 3030 4844 τῷ
3053 4781 3213 4848 χόλῳ
3235 4797 3351 4834 σου
3375 4780 3767 4850 ἀνηλώθημεν.

535 4872 850 4929 conditione
877 4874 1059 4946 populi
1082 4891 1147 4929 ex
1172 4874 1590 4930 circumcisione
1618 4876 1802 4932 dicere
1828 4879 2103 4933 convenit.

536 4955 693 5018 Nunc
715 4964 859 5018 enim
891 4976 1080 5020 omnes
1108 4979 1298 5019 eorum
1347 4964 1564 5035 pristini
1590 4965 1707 5022 dies
1744 4981 1871 5022 vere
1894 4966 2107 5024 defece-

537 5063 683 5119 runt,
708 5069 831 5110 cum
859 5071 1084 5126 vespera
1139 5055 1264 5112 illos
1316 5058 1625 5128 occupavit,
1656 5067 1710 5114 et
1741 5074 1865 5114 cum
1896 5059 2108 5116 deiece-

535 5157 664 5202 runt
688 5148 742 5202 in
783 5147 862 5201 ira
895 5147 1007 5203 Dei.
1053 5147 1322 5215 Quoniam
1362 5149 1491 5203 olim
1524 5148 1742 5221 quidem
1791 5149 2108 5217 iniquitates

533 5255 722 5296 eorum
739 5240 1184 5310 praetermittebat
1199 5248 1252 5295 et
1279 5241 1850 5312 pra'tergrediebatur;
1876 5241 1969 5296 sed
1987 5248 2112 5312 post

533 5345 724 5386 eorum
763 5331 818 5384 in
852 5329 1194 5386 Salvatorem
1219 5331 1677 5401 conspirationem
1700 5329 2026 5401 implebatur
2047 5330 2112 5385 il-

534 5421 649 5483 Iud,
672 5419 792 5475 Non
808 5421 952 5475 ultra
977 5421 1145 5490 feram
1174 5431 1389 5489 peccata
1429 5431 1602 5476 vestra
1637 5421 1716 5490 ";
1747 5420 1870 5476 ideo
1886 5421 1983 5488 ait,
2011 5419 2112 5475 Ρο-

533 5514 689 5568 suisti
705 5514 1004 5583 iniquitates
1023 5522 1230 5567 nostras
1247 5514 1302 5567 in
1320 5523 1590 5582 conspectu
1609 5522 1717 5578 tuo.
1742 5523 1816 5579 el,
1847 5513 2112 5570 chulum

535 5619 771 5664 nostrum
793 5610 848 5662 in
877 5609 1264 5662 illuminatione
1285 5609 1457 5661 vultus
1484 5607 1581 5661 tui.
1629 5605 1735 5660 Pro
1764 5622 1874 5678 quo
1899 5607 2104 5663 clarius

536 5690 895 5774 Symmachus
927 5699 1121 5762 edidit,
1161 5697 1519 5771 Negligentias
1547 5707 1756 5755 nostras
1787 5709 1844 5752 ut
1887 5715 2104 5769 appare-

2212 4872 2321 4925 Καὶ
2351 4872 2523 4926 ταῦτα
2567 4870 2740 4940 λέγειν
2792 4871 3018 4942 ἁρμόζει
3057 4873 3124 4943 τῇ
3169 4871 3418 4944 παρούσῃ
3459 4874 3764 4927 καταστάσει

2210 4961 2304 5016 τοῦ
2332 4962 2460 5016 λαοῦ
2489 4961 2579 5015 τοῦ
2608 4964 2673 5016 ὲκ
2695 4962 3016 5034 περιτομῆς.
3057 4963 3170 5016 Νῦν
3202 4964 3310 5035 γὰρ
3339 4964 3415 5028 ὡς
3443 4964 3640 5035 ἀληθῶς
3661 4969 3760 5019 πᾶ-

2215 5071 2306 5108 σαι
2321 5055 2382 5109 αἱ
2412 5056 2669 5127 πρότεραι
2695 5056 2896 5127 ἡμέραι
2923 5055 3099 5109 αὐτῶν
3125 5056 3390 5123 ἐξέλιπον,
3409 5059 3497 5111 ὅτε
3523 5060 3756 5130 ήὲσπὲρα

2213 5148 2408 5213 αὐτοὺς
2450 5149 2732 5212 κατέλαὸε,
2768 5151 2862 5202 καὶ
2895 5150 2985 5204 ὅτε
3024 5149 3267 5216 ἐξέλιπον
3298 5153 3357 5205 ὲν
3402 5154 3468 5222 τῇ
3511 5153 3628 5222 ὀργῇ
3664 5153 3750 5206 τοῦ

2209 5238 2368 5294 Θεοῦ.
2413 5241 2624 5314 Ἐπειδὴ
2674 5241 2841 5296 πάλαι
2897 5242 2996 5313 μὲν
3055 5242 3255 5315 παρῄει
3315 5243 3410 5296 καὶ
3464 5245 3745 5316 ὑπερέϐαινε

2209 5332 2308 5396 τὰς
2333 5331 2563 5403 ἀνομίας
2594 5332 2791 5397 αὐτῶν,
2830 5331 2966 5404 μετὰ
3007 5331 3064 5386 δὲ
3108 5334 3205 5406 τὴν
3235 5334 3376 5388 κατὰ
3404 5333 3500 5387 τοῦ
3523 5334 3744 5404 animi:

2211 5423 2501 5495 ὲπιὸουλὴν
2528 5423 2828 5496 ἐπληροῦτο
2857 5426 2936 5488 εἰς
2967 5424 3162 5488 αὐτοὺς
3185 5424 3275 5478 τό·
3313 5427 3435 5479 Οὐκ
3463 5425 3544 5478 ἑτι
3566 5424 3739 5489 ἀνήσω

2211 5515 2317 5582 τὰς
2354 5515 2630 5584 ἁμαρτιας
2685 5514 2875 5584 ὑμῶν·
2927 5514 3007 5569 διό
3052 5532 3242 5585 φησιν·
3281 5517 3457 5570 Ἔθου
3500 5518 3591 5581 τὰς
3621 5515 3733 5568 ἀνο-

2209 5607 2347 5676 μίας
2378 5607 2545 5676 ἡμῶν
2577 5608 2851 5661 ἐναντίον
2893 5624 3032 5672 σου,
3071 5608 3186 5672 καὶ,
3223 5609 3274 5660 Ὁ
3318 5607 3463 5661 αἰὼν
3495 5607 3639 5676 ἡμῶν
3660 5609 3732 5673 εις

2209 5700 2513 5768 φωτισμὸν
2538 5699 2645 5753 τοῦ
2685 5699 3006 5768 προσώπου
3044 5717 3179 5754 σου.
3251 5699 3389 5752 Ἀνθ“
3419 5694 3479 5753 οὗ
3513 5699 3726 5770 capim-

601 5857 648 5892 ⁸⁷
688 5854 877 5912 Matth.
913 5871 1022 5923 xiv,
1056 5855 1144 5910 25.
1222 5857 1266 5888 ⁵⁸
1306 5855 1496 5911 Matth.
1533 5871 1693 5921 xxxv,
1730 5857 1816 5912 45.
1894 5858 1939 5891 ⁸*
1973 5853 2078 5911 Jer.

2219 5872 2242 5922 ·,
2285 5855 2477 5920 42,14.
