3972 6812
59 412 116 467 i
139 412 298 469 {‘57

1401 417 1906 478 COMMENTARIA
1945 420 2012 478 IN
2048 422 2385 482 PSALMOS.

3329 430 3471 487 H38

53 549 224 606 ρον
294 534 336 588 ὅ
399 533 734 604 Σύμμαχος
787 532 1067 587 ἀπέδωκεν
1115 533 1315 589 εἰπών·
1360 537 1470 604 Τὰς
1519 539 1786 608 ἀμελείας

1905 553 2018 598 rent
2049 543 2218 599 vultui
2245 553 2356 610 tuo.
2385 543 2527 600 Anni
2559 545 2730 599 nostri
2758 545 2893 600 sicut
2915 561 3112 601 aranea
3145 545 3474 604 meditaban-

53 620 336 690 ἡμῶν
373 621 742 690 φαίνεσθαι
769 619 848 686 τῷ
887 621 1181 690 προσώπῳ
1208 639 1324 680 σου
1384 627 1460 681 Τὰ
1490 627 1595 695 ἐτη
1634 629 1802 698 ἡμῶν

57 710 300 767 ὡσεὶ
372 711 652 782 ἀράχνῃ
711 712 1022 783 ἐμελέτων.
1082 717 1153 771 Al
1208 715 1417 786 ἡμέραι
1476 718 1593 773 τῶν
1651 723 1802 777 ἑτῶν

69 799 338 872 ἡμῶν
409 803 506 856 ἐν
561 802 767 870 αὐτοῖς
811 810 858 858 o‘
891 806 1018 873 ἐτη.
1059 805 1194 859 Ἐὰν
1225 806 1294 860 δὲ
1324 809 1394 861 ἐν
1420 809 1801 880 δυναστείαις

81 893 590 965 ὁγδοήκοντα
615 895 745 964 ἔτη,
779 896 879 950 καὶ
907 897 972 951 τὸ
1006 899 1218 953 πλεῖον
1245 900 1444 956 αὐτῶν
1474 905 1662 974 κόπος
1701 907 1802 961 καὶ

89 987 394 1053 πόνος.
489 987 762 1043 Ἐνταῦθα
834 989 975 1044 κατά
1038 991 1226 1064 καιρὸν
1297 995 1632 1068 παραθετέον
1701 1001 1800 1073 τὴν

111 1076 429 1132 Ἰἰσατου
483 1080 864 1152 προφητείαν,
909 1080 978 1134 δι’
1021 1077 1089 1155 ἧς
1141 1101 1336 1155 φησιν’
1381 1087 1480 1142 Ὠὰ
1524 1090 1801 1147 ἀσπίδων

93 1165 606 1239 ἔρῤηξαν’καὶ
639 1173 812 1228 ἱστὸν
838 1173 1109 1246 ἀράχνης
1136 1179 1481 1248 ὑφαίνουσι.
1528 1183 1713 1239 Ταῦτα
1741 1186 1798 1240 δὲ

98 1262 490 1327 ὲΘέσπιξεν
517 1266 550 1318 6
577 1266 892 1338 Προφήτης,
923 1266 1262 1341 ἀναπέμπων
1285 1271 1376 1326 τὸν
1399 1272 1556 1343 λόγον
1575 1277 1668 1329 ἐπὶ
1698 1277 1797 1348 τὴν

99 1357 543 1412 κατάστασιν
562 1356 656 1410 τοῦ
678 1357 807 1413 λαοῦ
828 1360 926 1433 τὴν
945 1361 1081 1432 μετά
1109 1365 1208 1436 τὴν
1235 1367 1538 1436 παρουσίαν
1566 1369 1660 1424 τοῦ
1693 1371 1798 1424 Σω-

99 1446 338 1519 τῆρος
366 1449 580 1520 ἡμῶν,
609 1450 732 1505 καθ’
762 1450 830 1522 ἦν
869 1455 918 1506 οί
957 1453 1217 1527 ἄρχοντες
1250 1457 1428 1513 αὐτῶν
1459 1459 1612 1533 δίκην
1653 1462 1798 1535 ὅρνι-

101 1538 245 1603 Θος
275 1541 613 1614 τικτούσης
634 1542 702 1598 τὰ
731 1545 938 1599 ἑαυτῶν
963 1548 1387 1620 ἀπογεννώμενα
1408 1551 1647 1606 τοσαῦτα
1670 1571 1798 1626 προ-

109 1630 511 1699 ϐάλλονται,
543 1634 622 1699 ὡς
651 1635 875 1701 ἀσπίδος
904 1638 1220 1707 ὁμοιοῦσθαι
1245 1643 1542 1714 γεννήμασι
1579 1643 1668 1697 διὰ
1703 1645 1796 1699 τὸν

112 1723 477 1796 ἐνιέμενον
527 1726 622 1781 ὑπ’
649 1727 824 1782 αὐτῶν
871 1733 982 1802 τῆς.
1017 1733 1158 1788 κατά
1198 1733 1291 1788 τοῦ
1341 1735 1591 1806 Σωτῆρος
1637 1737 1794 1808 ἡμῶν

16 1843 22 1870 τ
126 1815 560 1889 βλασφημίας
606 1821 683 1875 ίὺν
725 1825 818 1878 καὶ
852 1825 953 1895 τῆς
979 1825 1147 1898 ἄλλης
1187 1827 1268 1890 είς
1307 1827 1470 1882 αὑτὸν
1516 1829 1789 1895 ἀπιστίας.

127 1907 362 1962 Πάλαι
390 1912 505 1982 μὲν
537 1907 630 1967 οὖν
659 1911 880 1983 ὕφαινον
903 1915 1138 1986 χιτῶνας
1167 1917 1247 1989 τῷ
1275 1918 1522 1990 ἀρχιερεῖ
1549 1921 1644 1974 καὶ
1678 1939 1798 1976 στο-

16 2031 24 2062 ;
133 1999 270 2064 λὰς
312 2002 497 2072 ἁγίας
521 2022 535 2035 ·
569 2002 666 2059 νῦν
693 2006 752 2067 δὲ
789 2009 968 2062 πᾶσαν
1009 2007 1106 2080 τὴν
1156 2009 1299 2081 ὑφὴν
1333 2011 1514 2064 αὐτῶν
1557 2013 1650 2066 καὶ
1697 2013 1797 2085 τὴν

16 2123 22 2132 -
139 2091 262 2147 διὰ
290 2094 397 2148 τοῦ
427 2095 596 2165 λόγου
630 2099 1177 2174 κατασκευαζομένην
1205 2101 1572 2166 διδασκαλίαν,
1605 2105 1672 2178 ἢν
1709 2105 1797 2161 διὰ

147 2184 276 2256 ’τῆς
317 2186 440 2240 τῶν
481 2187 644 2242 θείων
678 2191 908 2262 Γραφῶν
939 2193 1256 2265 συμπλοκῆς
1290 2211 1349 2247 τε
1385 2195 1479 2249 καὶ
1512 2196 1795 2265 ὑφάνσεως

150 2275 626 2347 προϐάλλονται,
653 2282 896 2355 ἀράχνης
929 2285 1207 2356 ὑφάσματι
1241 2287 1576 2359 παρείκασεν
1598 2290 1628 2342 6
1655 2305 1794 2362 7:90—-

154 2369 424 2439 φητικὸς
478 2370 656 2439 λόγος.
705 2375 796 2428 Διό
839 2392 1029 2448 φησιν·
1072 2377 1263 2432 Ἰστὸν
1309 2379 1578 2449 ἀράχνης
1617 2383 1793 2450 ὑφαί-

159 2474 390 2516 νυυσι.
441 2464 560 2518 Καὶ
599 2467 628 2520 6
671 2467 860 2540 παρὼν
903 2469 960 2524 δὲ
991 2470 1226 2541 ψαλμὸς,
1255 2471 1354 2544 τὴν
1395 2474 1460 2526 ὲκ
1498 2473 1792 2546 προσώπου

160 2553 368 2607 αὐτῶν
397 2557 678 2629 περιέχων
705 2559 1110 2633 ὲξομολόγησίν,
1136 2563 1304 2635 φησί·
1358 2564 1435 2619 Τὰ
1474 2565 1580 2634 ἐτη
1622 2564 1793 2636 ἡμῶν

165 2645 264 2711 ὡς
287 2647 538 2718 ἀράχνῃ
584 2650 900 2720 egestatem.
933 2655 1226 2728 Ἀντικρυς
1270 2655 1378 2729 γὰρ
1425 2657 1524 2722 τὰς
1561 2657 1792 2730 μελέτας

169 2739 298 2792 τῶν
328 2741 574 2812 Γραφῶν
607 2746 665 2798 ὲν
697 2741 788 2809 αἷς
818 2747 1257 2819 κατατρίϐονται,
1283 2749 1496 2815 καὶτὰς
1522 2750 1791 2821 δευτερώ-

177 2849 344 2897 σεις,
395 2833 467 2887 δι’
516 2828 592 2890 ὧν
639 2837 935 2909 ὑφάσματά
983 2857 1106 2895 τινα
1147 2841 1494 2906 διδασκαλίας
1541 2841 1791 2898 δοκοῦσιν

180 2924 632 2994 ἀπεργάζεσθαι,
662 2929 906 3002 ἀράχνης
935 2931 1234 2986 ἀπείκασεν
1267 2933 1468 3005 ἔργοις.
1507 2932 1664 2988 Ἀλλά
1696 2935 1790 2990 καὶ

185 3013 294 3087 τὴν
329 3016 478 3090 ζωὴν
509 3020 689 3074 αὐτῶν
739 3021 906 3093 μόνην
950 3025 1114 3092 φασὶν
1155 3019 1420 3097 εἶναιτὴν
1456 3025 1789 3098 πρόσκαιρον

1905 644 2010 691 tur.
2043 635 2166 691 Dies
2217 653 2474 691 annorum
2508 646 2809 692 nostrorum
2867 639 2924 692 in
2969 638 3093 707 ipsis
3147 641 3476 712 septuaginta

1903 729 2049 783 anni.
2080 727 2141 783 Si
2170 738 2342 784 autem
2398 731 2458 782 in
2510 727 2864 794 patentatibus
2903 729 3171 800 octoginta
3213 731 3342 785 anni
3375 772 3390 796 ,
3421 742 3474 790 et

1903 820 2127 888 amplius
2155 837 2332 875 eorum
2351 821 2500 876 labor
2525 831 2575 876 et
2603 821 2775 876 dolor.
2803 819 2901 876 Hic
2921 829 3222 891 opportune
3249 822 3476 892 adjicia-

1902 920 1993 966 tur
2016 911 2166 966 Isaiae
2183 913 2486 983 prophetia,
2505 929 2610 984 qua
2637 915 2732 976 ait,
2755 911 2866 968 Ova
2896 914 3140 980 aspidum
3167 924 3470 980 eruperunt,

1900 1011 1949 1056 et
1974 1001 2130 1056 telam
2151 1019 2361 1057 aranea:
2383 987 2560 1056 texunt
2583 1003 2652 1056 °°.
2679 1002 2806 1058 llaec
2841 1017 3004 1072 porro
3036 1004 3363 1060 vaticinatus
3387 1014 3476 1061 est

1901 1094 2192 1165 Propheta,
2215 1110 2518 1151 sermonem
2553 1095 2618 1148 ad
2654 1095 2836 1164 populi
2874 1102 2998 1166 post
3032 1095 3321 1150 adventum
3353 1095 3470 1151 Sal-

1901 1187 2106 1243 vatoris
2131 1187 2305 1242 nostri
2333 1193 2536 1242 statum
2566 1186 2959 1258 reierens,quo
2987 1189 3262 1260 principes
3283 1203 3472 1244 eorum

1899 1293 2000 1334 ceu
2031 1279 2229 1350 gallina
2259 1279 2500 1350 pariens,
2522 1293 2641 1333 eam
2667 1280 2988 1336 emittebant
3012 1281 3374 1352 prolem,qute
3401 1281 3472 1337 ob

1898 1371 2206 1428 immissum
2249 1373 2318 1426 ab
2364 1372 2473 1426 illis
2502 1371 2656 1428 virus
2692 1371 3040 1443 blasphemiae
3083 1372 3139 1428 in
3171 1372 3472 1436 Christum.

1898 1476 1952 1523 et
1979 1465 2048 1521 ob
2069 1465 2333 1536 reliquam
2367 1465 2514 1520 circa
2557 1465 2710 1520 illum
2758 1464 3230 1528 incredulitatem,
3290 1475 3478 1537 posset
3557 1480 3561 1484 ·

1903 1556 2155 1628 aspidum
2203 1555 2338 1612 fetui
2380 1556 2710 1627 comparari.
2755 1553 2894 1611 Olim
2926 1557 3147 1628 quidem
3204 1556 3476 1614 sacerdoti

1897 1649 2154 1704 texebant
2190 1655 2392 1712 vestes,
2423 1655 2478 1703 et
2504 1647 2675 1704 stolas
2699 1656 2955 1716 sanctas;
2995 1663 3144 1703 nunc
3178 1657 3358 1704 autem
3388 1654 3476 1718 to.-

1897 1748 2008 1794 tam
2045 1754 2234 1796 eorum
2279 1746 2592 1806 texturam,
2641 1747 2696 1796 et
2749 1747 2916 1794 totam
2962 1747 3278 1811 apparatam
3325 1740 3474 1794 illam

1897 1832 2046 1888 verbi
2079 1831 2407 1894 doctrinam,
2447 1845 2611 1902 quam
2666 1845 2765 1902 per
2803 1829 3112 1884 divinarum
3163 1828 3474 1900 Scriptura—

1828 1911 1871 1967 Β
1897 1940 2018 1979 rum
2048 1924 2518 1994 eomplicationem
2537 1930 2593 1979 et
2609 1931 2877 1980 texturam
2909 1922 3240 1993 producunt,
3261 1937 3476 1977 arancze

1894 2017 2020 2074 telis
2055 2015 2662 2086 confertpropheticus
2711 2029 2913 2071 sermo.
2965 2015 3307 2086 Quapropter
3355 2016 3472 2081 ait,

1896 2109 2079 2166 Telam
2104 2123 2319 2164 aranea:
2349 2117 2556 2163 texunt.
2606 2106 2860 2176 Praisens
2886 2122 3104 2178 quoque
3134 2106 3376 2176 psalmus
3405 2122 3474 2161 ex

1891 2215 2079 2255 eorum
2115 2212 2350 2270 persona
2389 2197 2786 2254 confessionem
2818 2197 3076 2252 emittcns
3104 2235 3120 2261 ,
3183 2195 3278 2260 ait,
3331 2194 3472 2250 Anni

1891 2290 2059 2344 nostri
2086 2289 2223 2343 sicut
2267 2305 2464 2343 aranea
2507 2287 2924 2344 meditabantur.
2985 2286 3186 2356 Aperte
3235 2299 3471 2356 namque

1893 2381 2272 2437 meditationes
2315 2379 2724 2450 Scripturarum
2773 2379 2828 2435 in
2861 2379 3062 2450 quibus
3093 2384 3308 2432 aetatem
3341 2392 3474 2432 con-

1888 2473 2090 2537 ferunt,
2117 2483 2170 2528 et
2191 2473 2532 2536 deuteroses,
2559 2471 2675 2526 sive
2701 2471 2973 2527 secundas
3017 2469 3340 2528 traditiones
3373 2483 3471 2524 eo—

1887 2580 2032 2630 rum,
2055 2563 2257 2635 quibus
2285 2563 2424 2620 telas
2452 2561 2713 2634 quasdam
2737 2561 3003 2617 doctrina:
3033 2560 3290 2615 videntur
3307 2558 3474 2614 ador-

1887 2671 2042 2719 nare,
2080 2669 2296 2712 aranea:
2325 2653 2544 2725 opiﬁcio
2580 2661 2882 2725 comparat.
2937 2654 3050 2707 lmo
3079 2652 3243 2707 etiam
3296 2651 3464 2706 vitam

1888 2765 2046 2807 suam
2082 2758 2489 2819 temporaneam
2515 2749 2692 2806 solum
2722 2764 2847 2805 esse
2887 2745 3472 2816 dicunt,.septuaginta

1891 2844 1977 2900 vel
2000 2842 2278 2914 octoginta
2307 2843 2468 2897 annis
2500 2840 2997 2909 circumscriptam.
3027 2836 3084 2892 ld
3119 2851 3285 2908 porro
3315 2837 3472 2890 aiunt

1891 2935 1960 2991 de
1989 2942 2194 2991 :eterna
2219 2939 2273 2990 et
2318 2931 2500 2987 futura
2549 2933 2682 2997 vita,
2714 2944 2837 3002 quae
2883 2928 3155 3000 religiosis
3187 2927 3320 2984 viris
3343 2942 3471 2998 pro-

1891 3028 2123 3084 mittitur
2144 3067 2159 3091 ,
2190 3025 2565 3095 desperantes.

187 3110 257 3162 ὲν
300 3117 343 3162 0'
383 3112 478 3165 καὶ
529 3119 583 3164 π’
615 3112 759 3168 ἔτεσι
802 3117 1336 3190 συμπεραιουμένην.
1367 3119 1538 3174 Τοῦτο
1562 3120 1618 3175 δέ
1651 3138 1783 3192 φασι
1817 3120 1918 3194 τὴν
1945 3118 2164 3174 αἰώνιον
2200 3117 2296 3173 καὶ
2333 3117 2626 3190 μέλλουσαν
2663 3113 2808 3187 ζωὴν
2837 3114 2934 3184 τὴν
2999 3115 3108 3176 τοῖς
3168 3109 3468 3180 θεοφιλέσιν

195 3201 682 3275 ὲπαγγελλομένην
710 3205 1202 3276 ἀπογινώσκοντες.

277 3327 402 3382 Ὃν
475 3327 704 3398 ἐπῆλθε
767 3331 1039 3401 πραΰτης
1089 3331 1188 3386 καὶ
1247 3331 1786 3405 παιδευθησόμεθα.

1893 3360 1905 3380 ι
1957 3331 2128 3387 Vens.
2164 3332 2253 3396 Η,
2304 3329 2392 3385 12.
2469 3328 2734 3398 Quoniam
2786 3327 3080 3396 supervenit
3120 3325 3468 3382 mansuetudo

204 3419 308 3484 Τίς
336 3418 612 3488 γινώσκει
655 3420 722 3474 τὸ
767 3421 985 3490 κράτος
1014 3421 1123 3491 τῆς
1151 3422 1335 3492 ὀργῆς
1355 3437 1492 3490 σου,
1535 3425 1636 3479 καί
1663 3426 1782 3480 ἀπὸ

202 3509 314 3566 τοῦ
345 3513 534 3582 φόϐου
571 3528 689 3567 σου
721 3514 831 3567 τὸν
856 3514 1048 3584 θυμόν
1074 3530 1195 3569 σου
1239 3515 1782 3586 ἐξοριθμήσασθαι;

207 3600 324 3672 τὴν
345 3601 546 3668 δεξιάν
576 3620 692 3659 σου
729 3604 882 3659 οὕτω
930 3606 1244 3676 γνώρισον,
1277 3608 1373 3661 καὶ
1403 3610 1550 3675 τοὺς
1583 3624 1783 3664 πεπαι-

207 3691 529 3765 δευμένους
572 3693 648 3764 τῇ
682 3695 896 3765 καρδίᾳ
935 3697 1005 3750 ἐν
1055 3699 1264 3768 σοφίᾳ.
1307 3698 1455 3754 Ἀντὶ
1507 3700 1624 3764 τοῦ,
1662 3702 1784 3756 ὀτι

16 3799 34 3832 ::
209 3783 430 3854 ἐπῆλθε
459 3788 725 3857 πραΰτης
751 3788 848 3842 καὶ
872 3787 1411 3860 παιδευθησόμεθα,
1435 3791 1464 3844 6
1487 3791 1783 3864 Σύμμαχος

16 3891 28 3924 r.
143 3885 146 3888 ‘
213 3893 372 3948 φησι·
407 3877 726 3948 Τμηθέντες
751 3879 862 3949 γὰρ
891 3879 1058 3949 ἄφνω
1084 3881 1589 3953 ἑκπεταννύμεθα.
1625 3886 1784 3956 Ἔχε-

16 3969 34 4026 ;ὶ
213 3985 303 4022 ται
328 3969 381 4022 δὲ
407 3969 502 4040 τῆς
529 3969 966 4045 προδηλωθείσης
995 3971 1232 4036 διανοίας
1271 3975 1365 4026 καὶ
1402 3975 1432 4027 ὁ
1463 3973 1654 4045 παρὼν
1691 3975 1782 4033 λά-

218 4060 433 4128 γος.Τά
461 4059 564 4132 γὰρ
596 4061 691 4132 ἐτη
742 4060 922 4132 ἡμῶν,
972 4063 1129 4133 φησὶ,
1181 4063 1251 4117 τὰ
1295 4065 1394 4134 τῆς
1445 4065 1784 4137 προσκαίρου

225 4149 364 4221 ζωῆς
387 4153 460 4215 είς
486 4159 526 4205 0'
558 4153 652 4206 nul.
681 4160 736 4205 π’
762 4154 994 4226 ἀριθμὸν
1027 4155 1165 4209 ἐτῶν
1195 4156 1491 4210 συντείνει·
1522 4160 1617 4212 καὶ
1644 4157 1780 4229 αὕτη

226 4241 368 4296 ἐστὶν
402 4245 434 4314 ἡ
478 4243 628 4317 ἡμῶν
669 4243 844 4310 ἐλπὶς,
899 4245 1016 4317 μεθ’
1047 4247 1114 4319 ἣν
1164 4247 1388 4318 οὐδεμία
1446 4247 1579 4319 ἄλλη
1635 4251 1784 4320 ἡμᾶς

226 4332 534 4401 διαδέξεται·
562 4335 861 4406 τμηθέντες
893 4338 995 4411 γὰρ
1030 4338 1184 4406 ἄφνω
1207 4339 1348 4393 κατά
1379 4340 1476 4412 τὴν
1507 4342 1782 4414 τελευτὴν,

230 4427 649 4498 ἑκπεταννὺμεθα
664 4443 678 4456 ·
708 4429 846 4499 μετά
869 4429 925 4482 δὲ
955 4428 1126 4484 ταῦτα
1153 4431 1206 4483 τί
1229 4448 1358 4484 ποτε
1382 4434 1533 4502 ἡμᾶς
1551 4432 1786 4499 διαδέξε-

230 4533 336 4582 ται,
362 4518 436 4583 τίς
471 4515 606 4585 οἷδες
654 4521 753 4585 Τίς
789 4520 900 4593 γὰρ
945 4521 1278 4594 ἑρμηνεῦσαι
1318 4523 1560 4590 δύναται,
1611 4524 1646 4596 ἢ
1692 4525 1786 4581 καὶ

235 4607 456 4681 ἀκριϐῶς
477 4610 670 4680 γνῶναι
703 4611 798 4665 καὶ
829 4611 1084 4678 ἐξειπεῖν,
1111 4612 1268 4666 ὁποία
1302 4614 1384 4677 τίς
1413 4617 1561 4668 ἐστιν
1586 4615 1784 4686 η’μετά

1888 3433 1938 3480 et
1959 3425 2278 3480 erudiemur.
2315 3423 2444 3490 Quis
2474 3422 2616 3477 nouit
2645 3429 2957 3492 potestatem
2997 3421 3093 3475 ine
3131 3429 3255 3484 tum,
3279 3429 3326 3473 et
3355 3433 3468 3488 pra:

1891 3518 2076 3572 timore
2102 3527 2190 3571 tuo
2211 3517 2443 3586 furorem
2466 3523 2613 3570 tuum
2640 3515 3011 3570 dinumerare?
3029 3511 3296 3566 dexteram
3320 3519 3468 3565 tuam

1889 3609 1965 3663 sic
1997 3617 2178 3662 notam
2213 3607 2320 3676 fac,
2351 3615 2401 3660 et
2432 3603 2665 3660 eruditos
2727 3601 2880 3659 corde
2929 3603 2992 3656 in.
3015 3601 3297 3670 sapientia.
3360 3599 3470 3655 Pro

1891 3702 2004 3766 illo,
2039 3701 2303 3768 Quoniam
2331 3698 2630 3768 supervenit
2666 3694 3037 3758 mansuetudo,
3069 3703 3120 3748 et
3139 3694 3462 3758 erudiemur,

1893 3792 2254 3866 Symmachus
2269 3792 2367 3854 ait,
2393 3790 2600 3846 Succisi
2620 3789 2778 3851 enim,
2803 3795 3009 3855 repente
3035 3786 3328 3840 avolamus.
3364 3784 3468 3840 Su-

1888 3885 2080 3957 perius
2109 3889 2427 3940 memoratas
2453 3880 2738 3937 sententia:
2765 3878 2858 3934 hic
2880 3893 3066 3934 sermo
3083 3876 3307 3932 insistit.
3325 3876 3468 3931 Nam

1891 3979 1988 4040 ait,
2017 3977 2150 4032 anni
2180 3976 2352 4032 nostri
2385 3973 2552 4043 hujus
2575 3979 2940 4041 temporaneee
2973 3969 3096 4023 vita:
3141 3969 3197 4022 in
3245 3974 3467 4038 septua-

1889 4071 2040 4140 ginta
2081 4069 2166 4124 vel
2197 4066 2472 4137 octoginta
2505 4078 2780 4118 annorum
2829 4076 3118 4116 numerum
3153 4058 3468 4131 producun-

1890 4169 2020 4216 tur:
2055 4167 2108 4214 ct
2138 4159 2253 4214 hare
2287 4166 2474 4213 nostra
2522 4170 2648 4226 spes
2674 4161 2780 4220 est,
2807 4161 2934 4224 post
2977 4167 3141 4223 quam
3177 4152 3328 4206 nulla
3359 4152 3468 4206 alia

1890 4269 1992 4309 nos
2019 4251 2269 4322 excipiet.
2317 4248 2531 4305 Succisi
2559 4249 2705 4304 enim
2740 4252 2965 4318 repente
2991 4245 3047 4299 in
3075 4252 3320 4315 tempore
3347 4242 3468 4297 obi-

1893 4354 2002 4408 tus,
2035 4344 2314 4400 avolamus
2342 4362 2354 4396 :
2386 4352 2574 4412 postea
2604 4355 2736 4395 vero
2781 4338 2914 4410 quid
2965 4351 3070 4392 nos
3110 4343 3468 4407 excepturum

1891 4434 1964 4490 sit
1994 4433 2120 4504 quis
2146 4431 2332 4487 novit?
2361 4430 2497 4496 Quis
2534 4429 2680 4486 enim
2704 4428 2979 4498 explicare
3008 4432 3204 4497 potest,
3227 4434 3322 4479 aut
3341 4427 3467 4496 quis

1892 4532 2145 4582 accurate
2182 4539 2346 4581 nosse
2385 4529 2565 4594 potest
2611 4535 2675 4576 ac
2718 4520 2922 4586 dicere,
2956 4534 3078 4589 qua:
3108 4519 3182 4575 sit
3212 4519 3292 4572 ira
3335 4518 3462 4583 illa,

1892 4633 2012 4689 quae
2039 4625 2161 4688 post
2190 4617 2333 4671 hanc
2360 4616 2528 4671 vitam
2561 4621 2876 4682 peccatores
2903 4611 3163 4665 invasura
3185 4609 3311 4664 est?
3340 4607 3466 4664 Ideo

238 4700 392 4754 ταῦτα
439 4700 554 4764 τοὺς
597 4699 956 4772 ἁμαρτωλοὺς
1012 4700 1428 4775 καταληψομὲνη
1477 4705 1644 4777 ὸργή;
1691 4705 1784 4758 Διό

1893 4711 1980 4773 ait,
2013 4711 2147 4776 Quis
2174 4709 2314 4763 novit
2343 4715 2652 4776 potestatem
2689 4706 2784 4759 ira:
2821 4715 2963 4770 tuae,
3023 4712 3073 4756 et
3119 4718 3229 4763 pra:
3279 4703 3466 4756 timore

243 4807 390 4861 φησι·
420 4793 504 4858 Τίς
539 4791 815 4862 γινώσκει
843 4792 910 4847 τὸ
935 4791 1153 4861 κράτος
1176 4793 1288 4862 τῆς
1313 4795 1494 4873 apri";
1515 4812 1654 4862 σου,
1682 4798 1782 4852 καὶ

243 4882 348 4938 ἀπὸ
376 4884 468 4938 τοῦ
496 4887 678 4953 φόϐου
700 4900 818 4940 σου
847 4885 952 4941 τὸν
973 4889 1164 4958 θυμόν
1194 4905 1348 4953 σου;
1377 4889 1472 4954 Τίς
1497 4889 1553 4944 δὲ
1584 4884 1696 4954 οἷός
1721 4889 1782 4944 τέ

246 4974 378 5026 ἐστιν
405 4972 850 5047 ἐξαριθμήσασθαι
897 4977 996 5049 τὴν
1027 4977 1206 5043 δεξιάν
1252 4995 1384 5045 σου;
1427 4978 1586 5034 Ἀλλά
1621 4979 1684 5032 σύ
1717 4997 1781 5048 γε

247 5068 360 5139 ἡμῖν
383 5065 408 5118 ὁ
435 5064 552 5127 Θεὸς
581 5067 828 5122 ἐντεῦθεν
855 5070 955 5142 ἤδη
996 5069 1262 5143 γνώρισον
1311 5071 1410 5143 τὴν
1455 5072 1633 5138 δεξιάν
1666 5090 1780 5138 σου,

250 5157 321 5221 εἰς
347 5155 398 5209 τὸ
435 5155 675 5212 δύνασθαι
708 5160 854 5231 ἡμᾶς
886 5163 1028 5216 νοεῖν
1066 5179 1128 5216 τε
1157 5164 1326 5236 αὐτὴν
1370 5165 1590 5230 καὶτὰς
1621 5165 1782 5220 δυνά-

253 5263 358 5320 μεις
389 5246 534 5318 αὐτῆς
552 5249 1002 5323 ἀπαριθμείσθαι.
1033 5254 1221 5320 Δεξιάν
1257 5255 1314 5310 δὲ
1364 5255 1499 5309 Θεοῦ
1530 5256 1618 5310 τὸν
1653 5259 1786 5328 Χρι-

253 5340 359 5394 στδν
398 5339 538 5394 αὐτοῦ
575 5343 832 5410 πολλάκις
878 5345 1123 5414 ἐδίδαξαν
1171 5349 1221 5402 οἱ
1274 5349 1412 5420 ἱεροὶ
1433 5348 1600 5418 λόγοι.
1651 5349 1786 5402 Παι-

251 5430 463 5490 δεύονται
483 5432 652 5488 τοίνυν
679 5437 729 5488 οἱ
761 5435 1064 5508 δηλούμενα
1105 5439 1246 5509 μετά
1283 5441 1382 5510 τὴν
1407 5439 1788 5514 ἐξομολόγησιν

255 5520 465 5594 εὔχεσθαι
504 5523 898 5600 καταξιωθῆναι
945 5529 1162 5602 πρῶτον
1218 5533 1318 5602 μὲν
1363 5533 1462 5604 τῆς
1512 5533 1605 5587 τοῦ
1652 5533 1786 5588 Θεοῦ

259 5615 537 5688 πραΰτητος,
566 5618 642 5681 ώς
673 5617 741 5672 ἂν
773 5620 1114 5676 παιδευθείεν
1140 5621 1205 5676 δι’
1229 5624 1398 5696 αὐτῆς
1423 5638 1438 5654 ⁸
1473 5624 1662 5680 ἔπειτα
1687 5625 1789 5696 τῆς

262 5706 408 5772 δεξιᾶς
422 5709 585 5776 αὑτοῦ,
601 5710 800 5785 δηλαδὴ
826 5713 927 5786 τῆς
945 5714 1198 5785 γνώσεως
1216 5716 1310 5772 τοῦ
1338 5715 1572 5792 Χριστοῦ
1599 5716 1786 5784 αὑτοῦ,

328 5864 365 5896 ⁸⁸
397 5865 478 5922 lsn.
512 5883 594 5923 ιιι
616 5907 630 5927 ,
667 5868 720 5924 5.

827 6273 858 6312 ο

1890 4813 1978 4858 tuo
2011 4803 2150 4856 iram
2175 4810 2322 4856 tuam
2344 4802 2369 4856 ?
2390 4798 2525 4866 Quis
2571 4799 2924 4853 dinumerare
2959 4802 3140 4865 potest
3184 4795 3466 4851 dexteram

1889 4893 2074 4946 tuam?
2113 4891 2217 4948 Sed
2249 4899 2307 4945 tu
2342 4889 2486 4946 Deus
2536 4889 2631 4944 hic
2676 4889 2842 4944 nobis
2884 4887 3164 4943 dexteram
3195 4894 3343 4941 tuam
3374 4901 3470 4940 no-

1889 4989 2000 5038 tam
2030 4981 2138 5044 l'ac,
2173 4989 2234 5034 ut
2259 4980 2535 5050 possimus
2566 4979 2716 5033 illam
2765 4977 3102 5049 intelligere,
3153 4984 3208 5031 et
3237 4977 3469 5031 virtutes

1888 5077 2010 5146 ejus
2057 5075 2426 5131 dinumerare.
2462 5070 2752 5127 Dexteram
2798 5083 2964 5140 porro
3009 5067 3142 5132 Dei,
3185 5067 3464 5124 Christum

1889 5167 2009 5236 ejus
2042 5163 2525 5234 csse,plerumque
2551 5161 2858 5216 docuerunt
2901 5174 3074 5215 sacra:
3116 5158 3330 5214 litterae.
3381 5155 3465 5214 l'lli

1891 5259 2076 5328 itaque
2112 5257 2229 5328 jam
2271 5254 2560 5311 memorati
2602 5252 2986 5316 instituuntur,
3016 5257 3075 5304 ut
3103 5256 3224 5321 post
3257 5247 3468 5304 confes-

1891 5355 2104 5408 sionem
2130 5346 2370 5403 conl'erri
2416 5345 2522 5401 sibi
2561 5351 2894 5416 precentur,
2935 5342 3115 5414 primo
3159 5339 3255 5396 Dei
3309 5356 3466 5395 man-

1891 5439 2255 5504 suetudinem,
2278 5445 2338 5492 ut
2367 5437 2543 5493 abilla
2567 5434 2922 5500 erudiantur,
2948 5431 3146 5488 deinde
3183 5430 3468 5485 dexteram

1890 5535 2032 5605 ejus,
2065 5533 2276 5590 scilicet
2302 5531 2665 5602 cognitionem
2695 5527 2902 5584 Christi
2932 5524 3130 5596 ipsius,
3153 5531 3209 5579 et
3243 5523 3473 5577 mirabi-.

1890 5627 2023 5682 lium
2058 5625 2180 5695 ejus
2229 5624 2530 5686 virtutum,
2589 5632 2647 5677 ut
2702 5620 2897 5674 horum
2954 5616 3149 5671 notitia
3210 5616 3472 5676 meliores

1891 5718 2146 5786 evadant,
2177 5723 2316 5774 etut
2355 5725 2534 5773 mente
2576 5711 2810 5776 eruditi,
2873 5709 2965 5766 Dei
3001 5707 3285 5782 sapientia
3329 5723 3467 5766 cour-
