3972 6812
480 431 622 490 H39

477 556 660 605 sortes
722 549 833 604 sint
863 567 877 603 :
913 547 1166 607 Christus
1223 558 1405 607 autem
1435 558 1522 609 est
1550 551 1643 609 Dei
1676 553 1855 611 virtus
1887 561 1944 610 et
1965 553 2061 611 Dei

475 637 752 706 sapientia
784 638 849 690 σί.

473 727 562 799 ἂν,
596 733 974 800 παιδευθέντες
1021 734 1121 806 τὴν
1158 733 1417 802 διάνοιαν,
1465 738 1785 812 μετάσχοιεν
1831 741 1932 814 τῆς
1964 741 2059 796 τοῦ

475 829 660 896 σοφία.

547 918 712 978 Vens.
749 921 927 978 15-17.
967 922 1301 991 Convertere,
1356 924 1611 994 Domine,
1655 944 1920 999 usquequo
1946 971 1963 997 ,
2000 939 2052 984 et

468 1011 816 1083 deprecabilis
863 1023 975 1070 esto
1003 1031 1160 1086 super
1203 1033 1380 1072 servos
1423 1027 1563 1073 tuos.
1609 1017 1812 1089 Περιεεί
1869 1037 2052 1075 sumus

469 1121 627 1160 mane
654 1107 1023 1163 misericordia
1057 1118 1170 1175 tua,
1199 1118 1250 1166 et
1286 1111 1670 1168 exsultavimus
1715 1123 1768 1168 et
1810 1112 2056 1169 delectati

468 1213 652 1253 sumus
701 1200 942 1255 omnibus
993 1199 1180 1256 diebus
1227 1204 1448 1258 nostris.
1493 1202 1692 1260 [αιτιοιὶ
1737 1221 1921 1260 sumus
1956 1221 2053 1275 pro

461 1289 650 1345 diebus
677 1291 866 1362 quibus
895 1308 990 1346 nos
1029 1291 1350 1358 humiliasti,
1383 1295 1538 1348 annis
1589 1295 1782 1366 quibus
1823 1295 2049 1350 vidimus

465 1380 634 1438 mala.
667 1378 736 1434 Et
767 1384 964 1450 respice
990 1382 1047 1436 in
1065 1397 1240 1436 servos
1270 1391 1387 1438 tuos
1417 1393 1468 1438 et
1496 1384 1551 1438 in
1573 1399 1730 1453 opera
1751 1394 1864 1450 tua,
1889 1394 1938 1440 et
1965 1384 2053 1440 di-

464 1473 578 1543 rige
602 1473 742 1544 ﬁlios
771 1489 954 1529 eorum
979 1487 998 1527 .'
1028 1482 1080 1528 et
1113 1474 1186 1528 sit
1214 1473 1463 1542 splendor
1492 1474 1709 1530 Domini
1747 1475 1848 1532 Dei
1883 1476 2054 1532 nostri

462 1580 623 1634 super
641 1582 759 1629 nos,
787 1575 838 1619 et
865 1581 1024 1634 opera
1055 1582 1310 1620 manuum
1365 1576 1671 1622 nostrarum
1698 1569 1866 1641 dirige
1894 1585 2054 1639 super

463 1673 581 1720 nos.
613 1665 663 1711 et
686 1672 816 1726 opus
847 1674 1098 1711 manuum
1129 1668 1437 1714 nostrarum
1453 1659 1642 1731 dirige.
1668 1659 1802 1717 Post
1828 1661 2049 1718 confes-

466 1748 676 1803 sionem
732 1749 789 1803 in
843 1748 1282 1819 praecedentibus
1342 1750 1634 1818 traditam,
1685 1759 2054 1823 congruenter

468 1839 686 1912 Moyses
731 1840 926 1896 orandi
975 1841 1196 1896 modum
1244 1842 1414 1897 tradit
1458 1843 1529 1898 iis
1571 1859 1640 1898 ex
1682 1844 1907 1909 lsraele,
1954 1844 2050 1915 qui

467 1942 590 2004 post
621 1931 926 1988 Salvatoris
959 1933 1139 1989 nostri
1169 1933 1462 1989 adventum
1495 1933 1635 2004 lapsi
1667 1942 1820 2001 sunt,
1840 1942 1900 1989 ut
1929 1943 2054 2006 post

465 2023 771 2096 praemissa,
807 2023 946 2091 haec,
993 2040 1117 2097 quae
1155 2027 1270 2096 jam
1301 2024 1616 2090 traduntur,
1649 2026 1928 2098 precando
1969 2025 2054 2082 di-

462 2124 594 2171 cant
641 2134 657 2172 :
697 2131 936 2187 quorum
1000 2116 1333 2173 sententiam
1385 2117 1592 2174 clarius
1656 2117 2056 2190 interpretatus

466 2205 830 2280 Symmachus
877 2217 962 2264 est
1009 2210 1115 2265 hoc
1173 2217 1382 2282 pacto:
1417 2207 1749 2276 Convertere,
1799 2211 2051 2276 Domine,

463 2316 733 2371 usquequo
758 2316 778 2366 ;
803 2300 1147 2370 deprecabilis
1178 2310 1290 2356 esto
1321 2315 1477 2371 super
1504 2318 1678 2357 servos
1711 2313 1848 2359 tuos.
1896 2303 2056 2360 Satia

467 2409 562 2446 nos
599 2395 864 2447 matutina
897 2393 1268 2448 misericordia
1297 2401 1410 2458 tua,
1440 2402 1500 2447 ut
1528 2393 1856 2449 dormiamus
1887 2404 1937 2448 et
1962 2394 2056 2450 la:-

467 2492 639 2538 temur
654 2485 895 2538 omnibus
924 2483 1106 2539 diebus
1137 2485 1354 2540 nostris.
1391 2481 1629 2555 Latiﬁca
1676 2503 1770 2540 nos
1809 2485 2054 2541 omnibus

463 2573 671 2640 diebus,
704 2575 892 2646 quibus
918 2593 1013 2631 nos
1037 2577 1297 2648 aﬁlixisti.
1331 2579 1486 2632 annis
1518 2578 1572 2632 in
1606 2577 1795 2648 quibus
1829 2577 2054 2634 vidimus

465 2665 630 2721 mala.
661 2665 970 2736 Appareant
997 2667 1137 2738 apud
1175 2683 1348 2723 servos
1382 2678 1498 2723 tuos
1534 2683 1692 2737 opera
1739 2677 1852 2732 tua,
1881 2677 1931 2722 et
1965 2667 2054 2722 di-

463 2758 641 2830 gnitas
685 2773 843 2827 super
888 2758 1030 2830 ﬁlios
1070 2768 1278 2814 nostros
1305 2777 1324 2816 :
1350 2771 1402 2816 et
1445 2761 1513 2816 sit
1558 2759 1900 2831 pulchritudo
1943 2761 2054 2815 Do-

461 2848 596 2903 mini
631 2847 728 2904 Dei
754 2850 924 2904 nostri
952 2865 1110 2918 super
1135 2868 1254 2917 nos,
1285 2861 1336 2906 et
1367 2869 1526 2922 opera
1557 2868 1812 2906 manuum
1839 2863 2055 2908 nostra-

462 2954 586 2994 rum
617 2940 776 3010 ﬁrma
814 2941 903 3011 fac
945 2957 1106 3012 super
1135 2959 1252 3008 nos,
1286 2952 1336 2998 et
1364 2946 1625 2999 actionem
1669 2960 1923 2998 manuum
1956 2962 2052 3001 no-

462 3044 700 3088 strarum
749 3035 960 3104 perﬁce.
1020 3032 1118 3092 His
1168 3051 1335 3109 porro
1390 3037 1571 3106 docet,
1621 3045 1680 3092 nt
1726 3039 2052 3094 matutinam

466 3122 902 3180 misericordiam
943 3127 1206 3197 consequi
1241 3127 1544 3198 postulent,
1597 3134 1657 3182 ut
1685 3135 1811 3184 ortu
1859 3128 2053 3184 Salva-

466 3217 610 3273 toris
644 3214 962 3289 dignentur.
1009 3216 1328 3273 Matutinam
1361 3219 1564 3291 quippe
1611 3220 2048 3277 misericordiam

461 3307 668 3365 Christi
695 3324 816 3366 eam
842 3307 976 3365 dicit
1001 3324 1149 3374 esse,
1178 3326 1300 3380 qua:
1329 3309 1398 3366 ad
1425 3326 1618 3368 omnes
1645 3313 1894 3369 homines
1927 3313 2010 3368 ori
2028 3341 2044 3356 ο

465 3406 578 3456 tur.
616 3397 752 3454 Nam
782 3405 844 3455 ut
869 3399 1001 3455 olim
1036 3399 1206 3471 priori
1237 3401 1440 3471 populo
1469 3404 1797 3458 matutinum
1829 3411 2044 3474 tempus

463 3490 593 3557 fuit,
642 3506 756 3563 quo
798 3491 856 3548 in
895 3490 1135 3564 Ευριο
1176 3493 1383 3564 degens
1433 3494 1778 3565 inspectione
1806 3495 2045 3553 donatus

462 3594 584 3654 est;
621 3585 703 3642 sic
733 3585 790 3642 in
824 3587 1128 3642 novissimo
1161 3585 1374 3642 dierum
1413 3587 1682 3643 matutina
1733 3587 2045 3644 misericor-

460 3675 553 3734 dia
582 3676 841 3734 omnibus
870 3677 1124 3750 gentibus
1161 3677 1376 3734 ell‘ulsitl
1402 3693 1501 3748 per
1528 3681 1824 3736 salutarem
1860 3680 2046 3736 orien-

463 3780 597 3833 tem.
619 3785 785 3843 quam
812 3771 1101 3828 memorati
1133 3770 1212 3826 illi
1245 3772 1496 3829 homines
1530 3773 1809 3845 postulare
1839 3772 2045 3829 docen-

461 3870 556 3919 tur
591 3862 648 3919 in
673 3863 960 3932 oratione;
993 3863 1105 3918 imo
1135 3864 1299 3919 etiam
1330 3863 1474 3920 inter
1503 3865 1609 3918 alia
1641 3864 1844 3927 dicere,
1878 3863 1948 3919 Et
1971 3867 2042 3919 sit

460 3957 710 4026 splendor
737 3956 952 4011 Domini
983 3955 1081 4010 Dei
1112 3957 1283 4011 nostri
1313 3971 1470 4026 super
1507 3973 1625 4020 nos,
1670 3965 1722 4012 et
1749 3967 2040 4028 appareant

460 4047 602 4116 apud
637 4060 812 4102 servos
844 4055 962 4102 tuos
1011 4063 1171 4117 opera
1214 4056 1330 4109 tua.
1369 4057 1419 4101 et
1443 4047 1676 4118 dignitas
1702 4057 1814 4113 tua,
1849 4057 1900 4102 et
1930 4047 2045 4116 pul-

459 4137 703 4193 claritudo
746 4137 963 4192 Domini
993 4136 1092 4191 Dei
1121 4139 1323 4200 nostri;
1363 4144 1423 4191 ut
1453 4146 1509 4192 et
1552 4137 1656 4208 ipsi
1690 4136 1877 4194 divina
1920 4135 2042 4192 Sal-

460 4231 670 4287 vatoris
721 4229 1016 4302 pmsentia
1058 4229 1376 4300 dignentur,
1425 4245 1643 4285 necnon
1687 4230 1872 4285 divina
1915 4229 2040 4300 ejus

458 4323 634 4393 gloria
668 4337 733 4377 ac
763 4320 1194 4395 pulchritudine,
1221 4320 1291 4375 de
1320 4334 1431 4391 quo
1458 4321 1668 4376 dictum
1688 4331 1796 4388 est,
1827 4320 2043 4391 Specio-

456 4430 550 4470 sus
580 4414 754 4484 forma
783 4430 895 4484 pra:
932 4413 1063 4483 ﬁliis
1083 4411 1356 4467 hominum
1379 4412 1448 4475 “,
1484 4427 1550 4468 ac
1575 4412 1801 4484 insuper
1826 4411 2041 4469 caeteris

457 4506 718 4562 omnibus
741 4506 902 4562 bonis
927 4519 1050 4577 quae
1100 4503 1158 4559 in
1214 4503 1439 4561 Christo
1470 4502 1566 4560 Dei
1625 4503 1854 4576 intelligi
1913 4519 2041 4576 pos-

463 4609 616 4654 ειιιιι.

461 4692 732 4766 σωτηρίου
767 4693 1123 4780 θεοφανείας.
1165 4693 1262 4748 καὶ
1302 4687 1402 4763 τῆς
1447 4693 1628 4748 ἐνθέου
1665 4693 1825 4767 δόξης
1877 4691 2067 4760 αὐτοῦ,

1110 435 1384 495 EUSEBII
1415 435 1898 496 CESABIENSIS
1939 437 2091 497 OPP.
2133 439 2317 497 PARS
2351 437 2442 495 lll.
2493 469 2564 484 -—
2603 437 3015 498 EXEGE’IICA.

3611 433 3714 490 ιιιι

2091 564 2136 622 Α
2162 553 2273 608 τῶν
2309 571 2368 608 τε
2414 552 2732 626 παραδόξων
2757 552 2923 609 αὐτοῦ
2955 551 3256 623 δυνάμεων,
3289 549 3366 614 ὡς
3398 547 3475 604 ἂν
3519 546 3726 619 Mela;

2159 645 2338 701 αὐτῶν
2382 646 2621 716 γένοιντο
2668 645 2776 700 ἀπὸ
2813 646 2914 717 τῆς
2949 645 3153 700 τούτων
3195 641 3461 714 γνώσεως
3478 679 3496 706 ,
3547 639 3650 694 καὶ
3681 642 3732 704 ἐς

2132 742 2266 798 Θεοῦ
2347 742 2566 812 σοφίας·
2621 741 2854 813 Χριστὸς
2893 740 2949 794 δὲ
2993 738 3130 794 Θεοῦ
3166 738 3419 810 δύναμις,
3475 735 3578 792 καὶ
3627 733 3740 787 Θεέ»

2240 922 2662 990 Ἐπίστρεψον,
2693 920 2891 988 Κύριε,
2926 918 3039 985 ἕως
3081 919 3246 981 πότε,
3282 917 3383 971 καί
3436 919 3755 986 παρακλή-

2158 1021 2289 1085 θητι
2335 1015 2434 1069 ἐπί
2464 1013 2606 1080 τοὺς
2649 1011 2912 1078 δούλους
2955 1025 3092 1066 σου.
3133 1009 3660 1085 Ἐνεπλήσθημετ
3696 1012 3768 1078 τῷ

2157 1107 2307 1178 πρωῒ
2350 1105 2459 1161 τοῦ
2496 1103 2710 1171 ἐλέους
2757 1118 2894 1170 σου,
2937 1101 3039 1156 καὶ
3087 1101 3606 1178 erasasz
3675 1111 3770 1159 sai

2155 1385 2307 1442 ἐτῶν
2325 1381 2415 1442 ὧν
2432 1385 2670 1456 εῑδομεν
2693 1381 2868 1438 κακά.
2897 1382 3012 1437 Κσι
3064 1381 3155 1436 ἴδε
3183 1381 3283 1436 ἐπὶ
3302 1382 3452 1449 τοὺς
3489 1381 3790 1450 δούλους

2156 1496 2275 1535 σου
2317 1479 2416 1534 καί
2460 1477 2560 1533 ἐπὶ
2608 1474 2683 1532 τά
2729 1477 2875 1546 ἔργα
2922 1490 3060 1539 σου,
3099 1473 3200 1528 καί
3243 1473 3574 1544 όᾶήτησον
3625 1475 3796 1542 τοὺς

2157 1571 2326 1638 υιοὺς
2352 1570 2581 1626 αὐτῶν·
2613 1568 2714 1624 και
2741 1569 2898 1622 ἔστω
2923 1568 2963 1636 ἠ
2992 1567 3339 1636 λαμπρότης
3379 1569 3628 1636 Κυρίου
3671 1568 3796 1621 ι·οό

2161 1660 2310 1717 Θεοῦ
2358 1660 2530 1731 ἡμῶν
2569 1660 2662 1730 ἐφ’
2695 1657 2874 1730 ἡμᾶς,
2914 1658 3014 1714 καί
3059 1658 3134 1713 τὰ
3177 1659 3319 1729 ἔργα
3363 1657 3492 1712 τῶν
3545 1659 3800 1728 χειρῶν

2158 1755 2329 1824 ἡμῶν
2363 1754 2732 1808 κατεύθυνον
2776 1751 2869 1821 ἐφ’
2901 1749 3080 1821 ἡμᾶς,
3129 1750 3231 1804 καί
3273 1749 3342 1804 τὸ
3394 1751 3597 1822 ἔργον
3652 1749 3800 1804 τῶν

2085 1865 2130 1922 Β
2160 1843 2373 1913 χειρῶν
2409 1839 2582 1912 ἡμῶν
2622 1840 3012 1895 κατεύθυνον.
3073 1836 3409 1901 ’Δκολούθως
3460 1836 3620 1908 μετὰ
3677 1836 3800 1908 τὴν

2157 1934 2542 2007 ἐξομολόγησιν
2574 1933 2674 2006 τὴν
2698 1931 2786 1986 διὰ
2813 1930 2923 1986 τῶν
2958 1930 3391 2003 προτεινομένων
3419 1929 3803 2001 παραδοοεί-

2158 2045 2277 2094 σαν,
2299 2027 2379 2081 ἐτι
2394 2026 2494 2100 τὴν
2519 2023 2828 2097 προσευχὴν
2851 2025 2882 2077 ό
2910 2022 3155 2094 Μωῦοῆς
3173 2022 3416 2076 διδάσκει
3450 2023 3602 2084 τοὺς
3630 2022 3802 2091 μετὰ

2153 2118 2252 2190 τὴν
2283 2117 2377 2171 τοῦ
2393 2116 2644 2188 Σωτῆρος
2657 2115 2815 2187 ἡμῶν
2835 2114 3140 2187 παρουσίαν
3160 2114 3657 2177 (immundam;
3673 2113 3800 2166 πᾶ

2168 2203 2404 2277 Ἰσραὴλ,
2442 2205 2522 2268 είς
2547 2203 2610 2257 τὸ
2636 2202 2816 2273 λέγειν
2848 2202 3046 2266 αὐτοὺς
3077 2203 3596 2276 προσευχομένους,
3633 2203 3798 2274 μετὰ

2154 2294 2264 2348 τῶν
2291 2291 2660 2348 ἀποδοθέντων
2686 2293 2782 2348 καὶ
2801 2293 2872 2349 τὰ
2893 2292 3257 2366 προκείμενα·
3281 2285 3359 2347 ὧν
3384 2292 3492 2364 τὴν
3511 2293 3800 2348 διάνοιαν

2155 2385 2486 2457 σαφέστερον
2510 2385 2846 2458 ἐρμήνευσεν
2886 2387 2916 2439 ό
2955 2385 3270 2457 Σύμμαχος,
3296 2384 3488 2438 τοῦτον
3513 2386 3795 2451 ἀποδοὺς

2151 2478 2244 2532 τὸν
2271 2478 2470 2550 τρόπον
2488 2494 2504 2512 ·
2559 2475 3002 2547 Ἐπιστράφηθι,
3036 2478 3236 2546 Κύριε,
3271 2477 3381 2544 ἕως
3410 2478 3616 2532 πότε·
3661 2493 3790 2531 za-

2145 2527 2484 2640 satis};
2509 2527 3236 2640 saginatae:
3251 2527 3587 2638 Χόρτασον
3610 2567 3788 2639 ἡμεῖς
3903 2541 3926 2648 j

2153 2660 2428 2730 ὀρθρινοῦ
2455 2660 2670 2729 ἐλέους
2697 2675 2836 2727 σου,
2866 2661 2966 2714 ἵνα
2996 2659 3368 2731 ὑπνώσωμεν
3391 2660 3501 2716 καὶ
3527 2663 3782 2732 8235;“:-
3903 2663 3906 2674 '

2151 2751 2384 2823 νώμεθα
2408 2753 2481 2807 ἐν
2500 2751 2727 2820 πάσαις
2750 2751 2880 2820 ταῖς
2914 2752 3164 2822 ἡμέραις
3192 2750 3378 2823 ἡμῶν.
3420 2753 3782 2821 Εὔφρανογ

2150 2841 2309 2912 ἡμᾶς
2349 2840 2554 2910 πάσας
2578 2841 2804 2913 ἡμέρας
2832 2841 2906 2910 ἀς
2943 2842 3256 2910 ἐκάκωσας
3303 2839 3492 2912 ἡμᾶς.
3533 2842 3665 2911 ἐτη
3704 2844 3776 2898 ἐν

2150 2929 2242 3001 οἷς
2263 2933 2503 3005 εἴδομεν
2531 2933 2704 2989 κακά.
2748 2933 2998 3003 Φανήτω
3021 2933 3182 3004 παρά
3206 2933 3330 3000 τοῖς
3352 2933 3622 2999 δούλοις
3649 2951 3772 2990 σου

2151 3026 2223 3081 τὰ
2268 3026 2413 3098 ἔργα
2455 3042 2595 3092 σου,
2631 3025 2732 3082 καί
2781 3027 2848 3081 τὸ
2899 3027 3262 3096 ἀξιοπρεπὲς
3298 3026 3400 3082 ἐπί
3444 3028 3524 3083 τὰ
3565 3027 3768 3082 τέκνα

2149 3119 2319 3190 ἡμῶν
2337 3137 2350 3151 ·
2376 3121 2476 3175 καὶ
2513 3120 2670 3176 ἕστω
2696 3122 2764 3175 τὸ
2791 3119 3018 3188 κάλλος
3051 3120 3158 3176 τοῦ
3194 3122 3417 3190 Κυρίου
3444 3119 3562 3175 τοῦ
3606 3122 3764 3176 Θεοῦ

2075 3222 2119 3284 ο
2148 3212 2320 3284 ἡμῶν
2341 3212 2542 3268 ἐπάνω
2560 3213 2752 3284 ἡμῶν,
2787 3213 2889 3269 καὶ
2917 3213 2990 3268 τὰ
3019 3213 3164 3285 ἔργα
3191 3212 3311 3268 τῶν
3328 3212 3557 3284 χειρῶν
3578 3213 3764 3284 ἡμῶν

2147 3305 2352 3376 ἐδραῖα
2394 3306 2654 3375 ποίησον
2673 3306 2840 3376 ,ὑπὲρ
2872 3307 3062 3377 ἡμῶν,
3100 3306 3202 3362 καὶ
3235 3306 3350 3376 τὴν
3377 3305 3616 3377 πρᾶξιν
3644 3307 3762 3362 τῶν

2147 3395 2364 3468 χειρῶν
2398 3396 2568 3467 ἡμῶν
2593 3397 2967 3453 ἐπιτέλεσον.
3001 3398 3252 3455 Διδάσκει
3295 3400 3352 3454 δὲ
3401 3400 3496 3454 διὰ
3539 3401 3760 3454 τούτων

2147 3488 2414 3544 αἰτεῖσθαι
2457 3491 2640 3561 τυχεῖν
2673 3489 2768 3544 τοῦ
2819 3487 3072 3563 ὀρθρινοῦ
3111 3489 3312 3556 ἐλέους,
3352 3489 3428 3555 ὡς
3471 3492 3546 3544 ἂν
3578 3509 3758 3546 uta-

2148 3583 2390 3651 ξιωθεϊεν
2417 3585 2517 3656 τῆς
2541 3585 2803 3656 ἀνατολῆς
2831 3585 2925 3640 τοῦ
2955 3585 3225 3659 Σωτῆρος.
3257 3586 3329 3640 Τὸ
3354 3586 3610 3659 όρθρινδν
3643 3587 3757 3658 γὰρ

2144 3675 2294 3742 ἔλεος
2327 3675 2567 3749 Χριστοῦ
2599 3677 2661 3731 τὸ
2690 3679 2787 3737 ἐπὶ
2825 3678 3035 3742 πάντας
3068 3678 3352 3735 ἀνατεῖλαν
3391 3678 3750 3751 ἀνθρώπους.

2156 3769 2247 3834 Ὠς
2269 3770 2378 3840 γάρ
2405 3769 2568 3824 πάλαι
2600 3770 2794 3840 γέγονε
2841 3773 3025 3843 πρωῖα
3063 3771 3143 3844 τῷ
3170 3771 3421 3844 προτέρῳ
3451 3771 3574 3842 λαῷ
3601 3772 3750 3827 κατά

2143 3857 2242 3931 τὴν
2271 3859 2576 3930 ἐπισκοπὴν
2605 3854 2674 3932 ἦς
2703 3860 3119 3934 κατηξιώθησαν
3153 3863 3210 3914 ἐν
3233 3860 3492 3932 Αἰγύπτῳ
3531 3861 3750 3933 διατρί-

2144 3953 2352 4018 ϐοντες,
2389 3953 2562 4018 οὕτως
2610 3955 2698 4008 ἐπ’
2744 3955 2976 4028 ἐσχάτου
3001 3956 3108 4010 τῶν
3139 3955 3365 4028 ἡμερῶν
3396 3954 3459 4008 τὸ
3485 3954 3748 4027 ὀρθρινδυ

2144 4043 2291 4110 ἔλεος
2314 4047 2429 4109 τοῖς
2461 4047 2624 4099 πᾶσιν
2654 4043 2924 4118 ἐξέλαμψε
2961 4049 3074 4112 τοῖς
3105 4047 3281 4101 ἐθνεσι
3305 4045 3396 4102 διὰ
3421 4044 3520 4118 τῆς
3557 4061 3742 4115 σωτη-

2149 4137 2264 4208 ρίου
2289 4136 2576 4208 ἀνατολῆς,
2605 4133 2674 4212 ἦς
2700 4138 3098 4211 καταξιωθῆναι
3124 4138 3463 4194 διδάσκονται
3490 4138 3541 4191 oi
3572 4137 3745 4207 δηλω-

2146 4229 2330 4294 θέντες
2377 4229 2467 4286 διὰ
2505 4229 2607 4301 τῆς
2643 4232 2953 4303 προσευχῆς
2997 4234 3195 4290 αἰτεῖν·
3240 4231 3379 4288 ἀλλά
3423 4231 3515 4287 καὶ
3555 4231 3743 4300 λέγειν

2147 4320 2286 4394 μετά
2314 4321 2424 4378 τῶν
2464 4321 2669 4378 ἄλλων·
2708 4322 2822 4378 Καὶ
2870 4325 3027 4379 ἔστω
3054 4323 3094 4392 ή
3119 4325 3470 4394 λαμπρότης
3509 4323 3742 4391 Κυρίου

2144 4412 2253 4468 τοῦ
2293 4413 2442 4470 Θεοῦ
2477 4413 2648 4486 ἡμῶν
2670 4415 2766 4485 ἐφ’
2789 4413 2968 4486 ἡμᾶς,
3009 4416 3110 4472 καὶ
3141 4414 3388 4486 φανήτω
3419 4415 3582 4484 παρὰ
3611 4413 3740 4482 τοῖς

2143 4505 2384 4574 δούλοις
2412 4521 2529 4564 σου
2561 4507 2634 4562 τὰ
2671 4507 2816 4578 ἔργα
2853 4524 2973 4563 σου
3008 4509 3108 4565 καὶ
3149 4507 3215 4562 τὸ
3253 4507 3484 4574 κάλλος
3511 4508 3738 4575 Κυρίου

2071 4581 2116 4638 Ι)
2145 4597 2251 4653 τοῦ
2285 4597 2436 4653 Θεοῦ
2460 4595 2656 4668 ἡμῶν·
2684 4597 2758 4662 ὡς
2800 4597 2868 4654 ἂν
2896 4599 2992 4654 καὶ
3030 4599 3188 4654 αὐτοὶ
3217 4597 3604 4666 καταξιωθεῑεν
3637 4601 3736 4668 τῆς

2096 4691 2191 4746 τοῦ
2236 4708 2298 4746 τε
2343 4690 2604 4758 κάλλους,
2651 4693 2781 4764 περὶ
2827 4688 2887 4748 οὗ
2930 4693 3173 4764 εἴρηται,
3251 4691 3475 4760 Ὠραίος
3519 4689 3735 4745 κάλλει

454 4789 617 4860 παρὰ
645 4789 790 4858 τοὺς
825 4787 998 4860 υἱοὺς
1044 4789 1166 4846 τῶν
1194 4833 1202 4841 .
1235 4801 1545 4862 νοριιπων,
1591 4793 1685 4848 xa‘t
1720 4791 1828 4847 τῶν
1859 4789 2048 4847 λοιπῶι

2149 4789 2352 4846 πάντων
2379 4786 2492 4843 τῶι
2522 4788 2665 4850 κατά
2705 4788 2798 4849 τὸν
2826 4788 3060 4862 Χριστὸν
3099 4787 3194 4845 τοῦ
3227 4787 3365 4844 Θεοῦ
3417 4787 3733 4856 imm-ops-

455 4900 564 4938 νων
588 4885 829 4954 ἀγαθῶν.

1195 5001 1309 5056 XC.

529 5085 698 5144 Vens.
750 5089 802 5153 Ι,
836 5087 892 5143 2.
934 5089 1041 5158 Qui
1088 5091 1294 5147 habitat
1329 5094 1384 5147 in
1425 5092 1697 5164 adjutorio
1753 5092 2034 5158 ditissimi,

463 5177 524 5233 in
553 5188 848 5252 tegumenta
888 5179 987 5237 Dei
1019 5182 1136 5238 caeli
1195 5183 1632 5239 commorabitur.
1670 5181 1769 5238 Hic
1796 5184 2039 5256 psalmus

464 5270 826 5344 inscriptione
852 5282 1022 5330 caret.
1047 5275 1132 5332 An
1167 5275 1307 5334 forte
1339 5292 1517 5348 neque
1548 5275 1793 5350 psalmus
1815 5285 1920 5340 est,
1942 5275 2038 5332 sed

460 5364 748 5440 prophetia
788 5367 1039 5436 quaedam
1075 5368 1466 5443 profundiores
1507 5369 1576 5426 de
1610 5368 1834 5425 Christo
1876 5384 1940 5424 ac
1969 5368 2039 5425 de

450 5455 543 5522 iis,
573 5472 696 5530 qua:
724 5457 779 5512 in
808 5459 928 5531 ipso
965 5471 1348 5518 consummata
1384 5468 1538 5526 sunt,
1571 5476 1854 5518 sermones
1881 5475 2036 5516 com-

449 5547 740 5622 plectens?
785 5548 914 5607 Haec
948 5567 1114 5624 porro
1143 5568 1265 5624 quae
1291 5551 1405 5627 jam
1449 5561 1752 5609 tractamus
1800 5553 2031 5610 multam

451 5639 655 5695 habent
674 5655 799 5696 cum
829 5643 1156 5714 praecedenti
1183 5647 1396 5718 psalmo
1421 5644 1865 5718 discrepantiam.
1897 5644 2034 5701 Nam

450 5728 544 5788 ille
571 5730 792 5804 quidem
841 5749 938 5803 per
981 5735 1188 5812 Moysis
1231 5738 1562 5805 orationem,
1606 5747 1908 5797 extremam
1939 5737 2038 5795 Ju-

520 5887 560 5920 "
604 5886 623 5943 Ι
657 5888 781 5945 Cor.
830 5907 884 5951 ι.
921 5888 1008 5947 21.
1089 5893 1132 5930 "
1171 5892 1316 5949 Psal.
1356 5907 1499 5957 utr,
1535 5893 1587 5948 '5.

2151 5117 2154 5120 ~
2227 5091 2281 5144 Ὀ
2304 5090 2600 5146 κατοικῶν
2615 5091 2955 5161 ἐνβοηθείᾳ
2977 5091 3085 5146 τοῦ
3113 5091 3420 5160 Ὑψίστου,
3436 5091 3507 5144 ἐν
3527 5092 3727 5159 σκέπει

2139 5183 2247 5239 τοῦ
2277 5183 2426 5239 Θεοῦ
2455 5183 2564 5238 τοῦ
2608 5183 2872 5254 οὐρανοῦ
2908 5183 3367 5252 αὐλισθήσεται.
3407 5183 3720 5258 Ἀνεπίγρει-

2142 5293 2241 5345 φος
2264 5278 2292 5330 ό
2313 5274 2548 5346 ψαλμός.
2568 5276 2798 5347 Μήποτε
2824 5275 2881 5329 δὲ
2903 5274 3026 5329 οὔτε
3045 5274 3261 5347 ψαλμδς
3284 5275 3565 5348 τυγχάνει,
3592 5275 3719 5329 ἀλλά

2141 5385 2225 5432 τις
2257 5366 2563 5440 προφητεία
2596 5365 2932 5438 βαθυτέρους
2983 5367 3313 5440 περιέχουσα
3357 5367 3551 5436 λόγους
3598 5368 3717 5440 περὶ

2140 5461 2378 5535 Χριστοῦ
2404 5461 2498 5516 καὶ
2523 5460 2634 5514 τῶν
2667 5460 2726 5514 ἐν
2781 5458 2932 5530 αὑτῷ
2962 5458 3391 5531 τελειουμένων;
3429 5459 3636 5532 Πολλὴν
3667 5459 3717 5512 δέ

2142 5554 2502 5628 ἀσυμφωνίαν
2547 5553 2660 5626 ἔχει
2686 5552 2755 5607 τὰ
2795 5553 3132 5624 προκείμενα
3165 5552 3306 5626 πρὸς
3344 5552 3434 5606 τὸν
3470 5553 3718 5622 ἀνωτέρω

2142 5647 2356 5719 ψαλμὸν
2395 5645 2496 5720 τὴν
2538 5645 2878 5700 ἀκολουθίαν.
2923 5645 2982 5698 Ὀ
3031 5644 3131 5718 μὲν
3174 5646 3285 5719 γὰρ
3335 5645 3436 5718 τὴν
3489 5645 3716 5718 ἐσχάτην

2149 5739 2420 5812 ἀποόολὴν
2476 5738 2568 5794 τοῦ
2610 5739 2878 5796 Ἰουδαίων
2913 5737 3101 5804 ἔθνους
3156 5738 3244 5793 διὰ
3296 5740 3399 5811 τῆς
3444 5739 3714 5804 Μωῦσέως

3915 4159 3938 4418 l.

3937 4499 3952 4584 ἱ

3933 4589 3963 4831 l
