3976 6436
191 448 320 507 ﬁ“

1318 447 1824 512 COMMENTARIA
1858 445 1925 502 IN
1965 444 2310 506 PSALMOS.

3306 449 3451 509 ιιιει

189 567 501 640 προσευχῆς
529 569 842 634 ὲθέσπιζενλθ
878 572 907 624 6
947 571 1005 624 δὲ
1039 571 1230 644 παρὼν
1262 575 1388 639 τοὺς
1421 573 1639 643 ἀγῶνας
1673 575 1748 627 κα¹

1869 570 2043 625 daica:
2085 570 2267 642 gentis
2313 567 2676 640 abjectionetn
2733 568 3166 632 raucinaLatur;
3199 567 3284 624 hic
3320 583 3450 624 vero

187 659 255 713 τὰ
284 662 616 733 πειρατήρια
643 661 738 714 τοῦ
766 661 907 716 κατὰ
937 663 1141 734 Κύριον
1179 665 1550 736 τελειουμὲνου
1587 664 1778 734 περιέ-.

187 767 296 822 χει·
334 752 476 806 ἀλλὰ
507 753 604 807 καὶ
635 753 800 807 αὑτοῦ
833 751 929 806 τοῦ
961 755 1218 824 Σωτῆρος
1270 757 1427 827 ἡμῶν
1473 757 1563 809 τὸν
1601 757 1658 809 ὲν
1701 759 1766 828 τῇ

185 841 379 914 ιρὴμῳ
421 845 728 916 πειρασμὸν
755 847 1124 916 προφητεύει,
1155 848 1243 901 ὅτε
1273 849 1482 920 ἀνήχθη
1517 850 1621 902 ὑπὸ
1672 848 1768 903 τοῦ

183 931 502 1004 Πνεύματος
530 937 610 1000 είς
640 936 739 1010 τὴν
765 937 968 1009 ἔρημον
1003 939 1364 1012 πειρασθῆναι
1391 942 1496 994 ὑπὸ
1524 941 1618 995 τοῦ
1649 941 1766 995 δια-

181 1023 360 1090 ϐόλου,
388 1026 486 1080 καὶ
510 1027 610 1098 τὴν
638 1028 732 1082 ἐπὶ
761 1031 896 1084 πᾶσι
923 1031 1078 1102 νίκην
1106 1032 1288 1086 αὐτοῦ.
1318 1033 1382 1085 Τί
1401 1034 1464 1104 δὴ
1491 1029 1585 1088 οὖν
1603 1052 1767 1106 φησιν

179 1113 209 1166 6
243 1117 580 1189 προφητικδς
611 1118 800 1190 λόγος;
838 1123 898 1175 '0
924 1123 1022 1192 μὲν
1055 1124 1319 1196 πρότερος
1347 1124 1475 1189 λαὸς
1497 1129 1527 1183 6
1550 1125 1641 1180 διά
1669 1127 1766 1197 τῆς

180 1209 604 1280 προηγουμένης
637 1213 913 1276 Μωῦσέως
946 1214 1256 1286 προσευχῆς
1283 1216 1767 1288 ἁποκλαυσάμενος

177 1296 437 1367 ὁμολογεῖ
458 1301 706 1370 φάσκων,
729 1304 846 1356 ’Ότι
873 1304 1231 1375 ἑξελίπομεγ
1255 1306 1326 1360 ἐν
1345 1305 1423 1375 τῇ.
1446 1306 1592 1378 ὀργῇ
1623 1323 1760 1373 σου,

179 1388 270 1442 καὶ
301 1389 372 1444 τά
401 1390 584 1457 λοιπά,
619 1395 719 1448 ὅσα
743 1395 998 1468 ἐδηλοῦτο
1030 1395 1118 1451 διὰ
1148 1395 1255 1450 τῶν
1280 1399 1699 1469 ἐμφερομένων·
1734 1401 1764 1454 6

175 1480 233 1533 δὲ
267 1480 484 1551 μέλλων
511 1484 874 1557 συστήσεσθαι
908 1488 1025 1558 μετ’
1055 1489 1268 1542 ἐκεῖνον.
1292 1487 1369 1559 τῷ
1398 1488 1518 1560 Θεῷ
1545 1489 1634 1544 διὰ
1666 1489 1760 1544 τοῦ

173 1571 414 1642 Χριστοῦ
443 1571 590 1639 λαὸς,
627 1575 722 1629 ἐπὶ
762 1579 828 1648 τῇ
871 1576 1095 1650 βοηθείᾳ⁵
1123 1579 1217 1633 τοῦ
1273 1577 1528 1649 Ὑψίστου
1574 1596 1762 1634 πεποι-

174 1660 304 1728 ἢὼς,
333 1664 430 1717 καὶ
457 1665 548 1718 ἀεὶ
586 1666 646 1719 ἐν
677 1666 814 1739 αὐτῇ
847 1668 1140 1734 κατοικῶν,
1174 1669 1451 1742 άτάραχος
1486 1671 1582 1726 καὶ
1620 1671 1758 1726 ἀσά-

173 1752 362 1818 λευτος
388 1755 666 1828 διαμένει·
713 1759 790 1825 ὼς
824 1758 921 1824 ἂν,
955 1761 1062 1815 ὑπὸ
1088 1761 1186 1834 τὴν
1225 1761 1436 1836 σκέπην
1486 1763 1579 1818 τοῦ
1623 1764 1758 1820 Θεοῦ

171 1844 546 1918 αὐλιζόμενος,
577 1848 767 1903 οὐδένα
796 1868 856 1904 τε
900 1851 1009 1905 τῶν
1053 1851 1376 1925 πειρασμῶν
1423 1853 1760 1927 ἐπιστραφή-

1871 663 2174 717 certamina
2207 670 2261 718 et
2296 657 2630 717 tentationes
2653 661 2776 732 ejus
2806 661 2900 733 qui
2933 661 3236 718 secundqu
3268 661 3449 714 Domi-

1871 769 2000 808 num
2037 763 2473 817 consummatur,
2502 752 2924 823 complectitur;
2967 753 3078 806 imo
3120 755 3283 806 etiam
3331 748 3449 804 So!-

1869 845 2077 902 vatoris
2114 846 2289 900 nostri
2347 845 2400 899 in
2451 846 2670 900 deserto
2702 844 3059 899 teutationmu
3098 843 3447 912 praenuntiat,

1869 937 2091 1008 quando
2134 947 2452 1006 assumptus
2510 943 2596 990 est
2625 951 2655 988 a
2701 936 2908 1006 Spiritu
2958 935 3012 988 in
3057 933 3355 997 desertum,
3392 942 3449 986 ut

1868 1035 2176 1087 tentaretur
2207 1043 2236 1081 a
2272 1026 2514 1090 diabolo,
2552 1026 2908 1097 prazdicitque
2941 1025 3060 1094 ejus
3091 1026 3146 1079 in
3189 1024 3448 1079 omnibus

1867 1119 2183 1180 victoriam.
2247 1118 2390 1186 Quid
2453 1119 2640 1189 itaque
2693 1117 2777 1178 ait.
2823 1117 3182 1188 pr0pheticus
3228 1115 3447 1172 sermo?

1865 1210 2024 1268 Prior
2073 1210 2294 1283 quidem
2335 1210 2593 1281 populus,
2642 1208 2736 1280 qui
2772 1210 2826 1263 in
2875 1208 3204 1279 praecedenti
3239 1206 3448 1280 Moysis

1866 1303 2118 1361 oratione
2159 1302 2428 1375 plorabat,
2481 1301 2598 1357 haec
2641 1299 3028 1364 conﬁtebatur,
3065 1300 3208 1368 Quia
3249 1299 3446 1368 deieci.

1865 1413 1982 1452 mus
2010 1397 2062 1453 in
2093 1396 2176 1450 ira
2206 1407 2320 1462 tua,
2349 1403 2401 1450 et
2432 1403 2652 1458 caetera,
2687 1410 2809 1465 qua:
2835 1393 3036 1457 ibidem
3063 1393 3442 1458 declarantur;

1863 1489 2098 1561 populus
2141 1505 2272 1547 vero
2318 1489 2412 1558 qui
2452 1487 2753 1559 pastillum
2795 1501 2824 1540 a
2865 1485 2974 1541 Deo
3023 1502 3121 1556 per
3164 1485 3446 1542 Christum

1862 1580 2289 1636 constituendus
2342 1587 2481 1644 erat,
2531 1577 2810 1649 adjutorio
2853 1578 3120 1635 Altissimi
3176 1577 3445 1646 conlisus,
3545 1629 3548 1633 .

1866 1675 1921 1728 in
1953 1674 2185 1744 ipsoque
2211 1687 2430 1742 semper
2456 1671 2737 1736 habitans,
2772 1671 3188 1743 perturbatione
3216 1679 3270 1726 et
3291 1687 3446 1726 com.

1864 1767 2107 1823 motione
2139 1781 2346 1821 vacuus
2391 1774 2616 1833 manet;
2647 1775 2833 1836 utpote
2855 1765 2948 1836 qui
2995 1763 3099 1819 sub
3131 1772 3444 1833 legumento

1861 1857 1955 1914 Dei
1985 1857 2394 1923 sedeshabeat,
2452 1857 2930 1925 tentationumque
2979 1855 3183 1908 nullam
3218 1868 3441 1908 aversa-

171 1951 347 2001 σεται,
378 1936 492 1991 ἀλλ’
513 1939 599 2010 ἐφ’
621 1940 836 2013 ἑκάστῳ
866 1944 982 2014 ὲρεί
999 1942 1078 2014 τῷ
1105 1943 1328 2016 Κυρίῳ⁸
1362 1935 1748 2015 Ἄντιλήπτωρ

1857 1950 2044 2017 bitur,
2095 1949 2190 2006 sed
2241 1949 2298 2004 in
2362 1948 2591 2020 singulis
2641 1947 2786 2002 dicet
2845 1946 3122 2000 Domino:
3160 1945 3442 2014 Susceptor

163 2041 287 2093 μου
317 2025 376 2080 εἷ
429 2028 528 2082 καί
560 2033 872 2102 καταφυγή
913 2050 1053 2102 μου,
1103 2035 1137 2088 ὀ
1187 2034 1330 2100 Θεός
1357 2051 1511 2104 μου,
1563 2035 1754 2090 ἐλπιῶ

166 2116 264 2170 ἐπ’
294 2119 500 2176 αὐτόν.
544 2122 690 2176 Ἀντὶ
727 2122 784 2177 δὲ
821 2123 937 2188 τοῦ,
972 2125 1026 2178 Ὁ
1080 2125 1371 2180 κατοικῶν
1403 2127 1475 2181 ἐν
1499 2127 1752 2195 ,βοηθείᾳ

167 2211 280 2267 τοῦ
322 2212 626 2282 Ὑψίστου,
648 2215 678 2268 6
723 2215 823 2288 μὲν
857 2217 1176 2289 Σύμμαχος,
1216 2219 1274 2272 '0
1309 2219 1600 2275 κατοικῶν
1632 2220 1751 2275 ὑπὸ

165 2302 410 2372 σκέπην
439 2303 548 2358 τοῦ
575 2305 856 2376 Ὑψίστου
877 2325 892 2339 ·
925 2309 954 2361 6
982 2309 1039 2363 δὲ
1069 2309 1320 2375 Ἀκύλας,
1345 2311 1438 2365 καὶ
1462 2313 1495 2382 η
1529 2311 1750 2384 πέμπτη

164 2394 410 2460 ἔκδυσις,
451 2396 505 2449 '0
547 2397 885 2470 καθήμενος
935 2401 1007 2456 ἐν
1057 2403 1384 2473 ἀποκρύφῳ
1445 2404 1749 2472 Ὑψίστου,

164 2489 533 2546 ἑκδεδώκασι·
570 2489 927 2566 σημαίνοντος
975 2495 1069 2550 τοῦ
1117 2496 1274 2566 λόγου
1323 2498 1417 2554 τοῦ
1450 2498 1592 2553 κατὰ
1617 2500 1757 2554 Θεὸν

164 2585 226 2637 ἐν
247 2584 470 2657 Χριστῷ
492 2586 896 2666 ἀγωνιζομένου
919 2589 980 2643 τὸ
999 2590 1211 2662 ἑδραῖον
1237 2592 1331 2645 καὶ⁵
1352 2593 1624 2664 άπτόητον
1649 2594 1756 2666 τῆς,

161 2675 406 2741 διανοίας
425 2718 442 2743 ,
481 2677 576 2732 καὶ
609 2679 686 2744 ὡς
738 2681 798 2734 ὲν
851 2681 1155 2753 ἀποκρύφῳ
1205 2683 1306 2754 τῆς
1354 2683 1518 2737 αὐτοῦ
1568 2683 1750 2755 ψυχῆς

163 2767 375 2832 ἐνοικος
432 2769 788 2838 ὲγκαθέζεται
818 2774 912 2826 καὶ
959 2772 1152 2846 βοηθὸς
1196 2775 1356 2839 αὐτὸς
1397 2778 1427 2829 6
1461 2776 1743 2847 ’Υψιστοςσ

162 2860 336 2939 Πάλιν
361 2860 419 2916 δὲ
449 2862 572 2918 ἀντὶ
602 2862 720 2932 τοῦ,
763 2865 876 2920 Ἑνκ
893 2866 1091 2936 σκέπῃ
1126 2868 1232 2922 τοῦ
1265 2869 1412 2924 Θεοῦ
1445 2868 1550 2922 τοῦ
1572 2871 1746 2938 οὐρα-

160 2944 779 3023 νοῦεωλισθήσεται,
832 2959 862 3011 6
917 2959 1015 3029 μὲν
1059 2959 1312 3025 Ἀκύλας,
1389 2961 1488 3014 Ἑν
1548 2960 1744 3031 σκέπῃ

161 3044 378 3100 ἱκανοῦ
397 3047 834 3115 αὐλισθήσεται
853 3067 867 3080 ο
897 3051 927 3103 6
959 3050 1017 3104 δὲ
1047 3050 1363 3124 Σύμμαχος,
1400 3052 1538 3107 Ὑπὸ
1563 3053 1746 3108 σκιὰν

159 3137 273 3192 τοῦ
314 3139 528 3195 ικανοῦ
564 3143 976 3210 νυκτερεύων,
1001 3145 1308 3216 εἰρήκασιν.
1369 3144 1527 3199 Ἀλλά
1571 3145 1746 3200 ταῦτα

1857 2059 2003 2098 meus
2042 2060 2096 2098 es
2123 2053 2178 2097 tu
2208 2053 2257 2097 et
2293 2041 2552 2113 refugium
2609 2055 2801 2104 meum,
2834 2037 2973 2092 Deus
3013 2054 3182 2100 meus,
3218 2036 3440 2105 sperabo

1856 2134 1912 2188 in
1963 2151 2105 2189 eum.
2140 2132 2248 2189 Pro
2283 2132 2378 2187 illo
2417 2139 2622 2198 autem,
2669 2129 2774 2196 Qui
2825 2127 3027 2182 habitat
3066 2128 3122 2180 in
3165 2126 3438 2196 adjutorio

1854 2226 2142 2293 Altissimi,
2183 2224 2569 2297 Symmachus,
2622 2223 2728 2290 Qui
2761 2222 2969 2275 habitat
3013 2220 3108 2275 sub
3139 2229 3436 2291 tegumenta

1853 2317 2120 2371 Altissimi
2140 2333 2173 2380 ;-
2204 2316 2398 2387 Aquila
2448 2332 2577 2370 vero
2620 2323 2675 2371 et
2708 2316 2900 2384 quinta
2927 2312 3118 2376 editio,
3155 2311 3260 2378 Qui
3290 2313 3431 2366 sedet

1852 2409 1906 2463 in
1939 2407 2246 2463 abscondito
2282 2407 2570 2471 Altissimi,
2607 2406 2919 2465 ediderunt.
2941 2405 3062 2472 Quo
3096 2404 3436 2475 signiﬁcatur

1852 2499 1992 2570 ejus,
2045 2501 2136 2571 qui
2185 2499 2492 2556 secundum
2545 2497 2714 2554 Deum
2766 2500 2820 2554 in
2862 2497 3085 2553 Christo
3125 2505 3432 2562 concertat,

1852 2592 2084 2648 ﬁrmitas
2136 2599 2191 2648 et
2233 2591 2642 2663 imperterritus
2691 2590 2931 2654 animus,
2979 2597 3036 2644 et
3065 2589 3343 2660 quomodo
3376 2588 3434 2643 in

1852 2697 2070 2738 recessu
2104 2684 2299 2738 anima:
2323 2683 2444 2753 ejus
2479 2682 2689 2738 habitet
2720 2681 3020 2751 sedeatque
3063 2679 3284 2748 adjutor
3309 2679 3432 2748 ejus

1848 2773 2191 2831 Altissimus.
2223 2774 2598 2843 Rursumque,
2629 2788 2728 2844 pro
2755 2773 2870 2836 illo,
2899 2771 2967 2825 In
3017 2780 3310 2842 tegumenta
3331 2769 3432 2826 Dei

1848 2866 1968 2920 «τωῆ
1988 2866 2424 2932 commorabitur,
2446 2865 2668 2936 Aquila,
2693 2862 2760 2917 In
2793 2872 3085 2934 tegumenta
3106 2863 3263 2931 fontis
3287 2878 3433 2916 com-

1847 2957 2182 3020 morabitur;
2236 2954 2606 3028 Symmachus
2653 2961 2859 3018 autem,
2910 2952 3020 3006 Sub
3052 2951 3240 3006 umbra
3269 2953 3428 3022 fortis

1843 3057 2180 3116 perunctum,
2208 3046 2560 3116 interpretati
2577 3051 2726 3100 sunt.
2757 3041 2864 3098 Sed
2888 3043 3004 3098 base
3025 3043 3246 3113 quidem
3268 3045 3428 3115 quasi

1847 3143 1901 3198 in
1935 3142 2221 3213 prooemiis
2254 3140 2495 3212 Spiritus
2531 3150 2758 3195 sanctus
2791 3138 3007 3193 locutus
3033 3148 3116 3193 est
3146 3158 3158 3192 :
3190 3155 3312 3209 qua:
3339 3155 3428 3194 se—

162 3231 266 3303 μὲν
299 3231 378 3298 ὡς
399 3233 460 3286 ἐν
491 3235 799 3308 προοιμίοις
829 3236 890 3289 τὸ
911 3236 1064 3305 ἅγιον
1087 3236 1315 3308 Πνεῦμα
1333 3236 1614 3310 διελάλησε
1632 3255 1646 3270 ο
1672 3238 1745 3301 τά

1850 3242 2096 3306 quuntur
2122 3242 2304 3290 autem
2344 3232 2413 3287 ad
2463 3248 2588 3288 eum
2631 3230 2841 3301 dirigit,
2883 3240 3170 3302 totumque
3215 3249 3428 3290 seruio-

155 3299 204 3380 δ’
233 3325 361 3396 ἑξῆς
403 3299 554 3398 αὑτῶ
604 3299 1071 3401 προσερωνεῖξκαὶ
1101 3329 1192 3383 τὸν
1235 3299 1415 3386 πάντα
1457 3299 1615 3400 λόγον
1661 3299 1748 3398 είςι

1850 3299 1972 3384 liem
1992 3326 2062 3384 ad
2089 3325 2212 3397 ejus
2249 3340 2542 3397 personam
2573 3299 2765 3389 refert,
2795 3323 2891 3394 qui
2917 3340 3018 3395 pro
3041 3299 3266 3380 Christo
3293 3339 3426 3380 con-

153 3417 330 3474 αύτοῦ
363 3419 656 3490 πρόσωπον
693 3421 1060 3487 ἀποτείνεται,
1096 3423 1218 3494 ἦτοι
1260 3422 1357 3477 τοῦ
1399 3422 1479 3495 τῷ
1521 3424 1744 3497 Χριστῷ

154 3509 566 3583 ἀγωνιζομένου
623 3513 718 3566 καὶ
772 3512 1032 3576 νικῶντος
1051 3555 1066 3580 ,
1098 3512 1133 3584 ἢ
1184 3512 1279 3566 καὶ
1327 3511 1422 3566 τοῦ
1461 3512 1601 3568 κατὰ
1649 3513 1742 3567 τὸν

154 3592 390 3677 Σωτῆρα
417 3605 708 3676 νοουμένου
755 3605 1079 3678 ἀνθρώπου,
1110 3598 1156 3675 ᾧ
1187 3606 1345 3678 δίκην
1383 3607 1617 3678 ὀργάνου
1651 3606 1743 3660 κέ-

151 3714 332 3770 χρητο
359 3699 389 3751 6
424 3695 608 3770 προὼν
643 3697 741 3752 τοῦ
776 3696 915 3752 Θεοῦ
944 3698 1116 3768 Λόγος
1137 3716 1150 3731 ο
1194 3699 1290 3754 καὶ
1334 3699 1444 3773 γὰρ
1477 3716 1651 3764 ουτος,
1682 3700 1742 3753 ὲν

151 3777 385 3862 βοηθείᾳ
437 3789 710 3846 κατοικῶν
755 3789 852 3845 τοῦ
886 3790 1165 3862 Ὑψίστου,
1214 3792 1320 3847 ὑπὸ
1372 3791 1473 3864 τὴν
1530 3790 1740 3864 σκέπην

148 3879 409 3951 ηὐλίζετο
434 3880 529 3934 τοῦ
572 3881 906 3947 ἐνοικοῦντος
957 3882 1110 3953 αὐτῷ
1162 3882 1298 3937 Θεοῦ
1343 3883 1556 3953 Λόγου,
1614 3883 1737 3936 ἐπι-

151 3973 475 4041 σκιάζοντος
507 3973 657 4046 αὐτῷ
687 3978 756 4047 τῇ
787 3972 954 4029 αὑτοῦ
988 3973 1226 4046 θεότητι,
1283 3969 1400 4046 εἶχέ
1426 3993 1486 4028 τε
1522 3974 1739 4046 ἀντιλή-

149 4074 337 4138 Mope.
378 4065 474 4120 καὶ
521 4067 845 4139 καταφυγὴν
869 4066 964 4121 καὶ
1011 4066 1233 4132 ἐλπίδας
1262 4068 1428 4129 αὐτοῦ
1476 4069 1575 4140 τὴν
1605 4068 1740 4139 πλην

152 4153 358 4226 ροῦσαν
410 4155 572 4209 αὐτὸν
610 4156 704 4210 τοῦ
760 4151 908 4210 Θεοῦ’
927 4157 1102 4228 Λόγου
1148 4157 1400 4230 δύναμιν.
1431 4159 1642 4231 ’Ὥσπερ
1680 4159 1740 4213 δὲ

149 4245 318 4317 σῶμα
359 4246 598 4318 Χριστοῦ
632 4248 692 4301 τὸ
725 4247 1064 4321 ἀνθρώπειον
1110 4249 1277 4312 αὐτοῦ
1306 4250 1538 4328 δργανον
1570 4253 1737 4323 ἐχρη-

148 4340 408 4412 μάτισεν,
427 4339 568 4392 οῦτω
590 4340 684 4394 καὶ
710 4341 738 4394 6
767 4341 896 4406 λαὸς
914 4342 1079 4397 αὐτοῦ
1108 4343 1348 4416 Χριστοῦ
1383 4343 1539 4415 σῶμα
1570 4361 1740 4416 προσ-

143 4431 448 4504 ηγόρευται
483 4432 588 4484 ὑπὸ
607 4431 701 4486 τοῦ
739 4433 882 4505 ιεροῦ
901 4434 1222 4494 Ἀποστόλου
1246 4436 1520 4506 λέγοντοςο
1555 4435 1738 4506 Ὑμεῖς

143 4521 215 4583 δέ
237 4523 386 4576 ἐστε
417 4522 587 4592 σῶμα
614 4522 894 4592 Χριστοῦ,
929 4524 1028 4578 καὶ
1054 4524 1213 4595 μέλη
1239 4525 1308 4579 ἐκ
1327 4525 1573 4595 μέρους.

1843 3426 2020 3474 ceth
2047 3433 2112 3473 ac
2149 3425 2412 3489 superat;
2463 3417 2580 3472 sive
2617 3417 2779 3472 etiam
2823 3417 2890 3471 ad
2923 3416 3200 3472 hominem
3233 3419 3326 3489 qui
3368 3419 3424 3474 in

1845 3509 2133 3565 Salvatore
2185 3525 2308 3566 esse
2353 3507 2702 3580 intelligitur,
2761 3523 2873 3580 quo
2915 3509 3426 3575 maiust-ramento

1843 3617 2002 3658 usum
2043 3609 2130 3658 est
2152 3601 2244 3657 Dei
2276 3599 2516 3657 Verbum
2551 3603 2698 3672 quod
2745 3603 3179 3675 pmexsistebat.
3212 3602 3424 3658 Etenim

1843 3692 2028 3750 iiiein.
2047 3691 2326 3764 adiutorio
2357 3692 2627 3750 Altissimi
2655 3693 2934 3758 habitans,
2979 3697 3082 3749 sub
3112 3703 3428 3764 tegumento

1842 3785 2205 3842 inhabitantis
2257 3784 2311 3839 in
2359 3800 2419 3841 se
2462 3784 2554 3841 Dei
2597 3785 2762 3841 Verbi
2813 3787 3278 3852 commorabatur,
3331 3787 3426 3856 qui

1841 3879 2043 3934 deitate
2075 3891 2175 3932 sua
2215 3877 2395 3948 ipsum
2439 3877 2815 3944 inumbrabat;
2847 3887 3008 3948 atque
3037 3879 3084 3932 is
3117 3878 3170 3934 in
3220 3893 3412 3936 susce-

1842 3981 2075 4044 ptorem,
2100 3969 2379 4042 refugium
2409 3978 2464 4024 et
2487 3984 2638 4040 spem
2670 3971 2906 4025 habebat
2936 3972 3112 4041 ipsam
3142 3969 3234 4025 Dei
3258 3970 3423 4028 Verbi

1840 4065 2120 4128 virtutem,
2176 4078 2287 4134 qua
2346 4062 2680 4132 replebatur.
2728 4062 3197 4134 Quemadmodum
3242 4073 3423 4120 autem

1839 4149 2280 4224 Christi‘corpus
2315 4154 2616 4216 humanum
2647 4153 2796 4214 illius
2823 4155 3246 4210 instrumentum
3273 4167 3420 4222 erat;

1841 4247 1922 4302 sic
1945 4254 2000 4302 et
2027 4246 2264 4316 populus
2297 4244 2676 4315 ejus,‘Cbristi
2723 4259 2928 4316 corpus
2977 4260 3006 4299 a
3053 4254 3244 4300 sancto
3273 4247 3420 4318 Apo-

1840 4339 1982 4395 stolo
2033 4345 2259 4395 vocatur
2308 4337 2395 4399 his
2429 4337 2652 4392 verbis:
2691 4335 3010 4402 Vosautem
3059 4339 3186 4391 estis
3234 4355 3422 4408 corpus

1841 4429 2082 4496 Christi,
2099 4438 2149 4486 et
2177 4427 2416 4490 membra,
2445 4443 2510 4484 ex
2534 4435 2686 4499 parte
2708 4427 2774 4526 οξ.

216 4637 469 4702 Εἰκότως
507 4639 795 4710 τοιγαροῦν
821 4637 893 4726 τά
923 4640 982 4693 ὲν
1017 4642 1130 4704 τοῖς
1169 4640 1548 4712 προκειμένοις
1577 4641 1736 4710 λεγόσο

1912 4637 2107 4694 Merito
2138 4638 2309 4710 igitur
2338 4651 2467 4708 qua:
2513 4635 2606 4692 hic
2631 4637 2794 4708 quasi
2840 4636 2909 4692 de
2941 4651 3176 4707 corpore
3213 4633 3420 4690 Christi

143 4747 296 4802 μενα
324 4730 402 4795 ὡς
436 4731 566 4803 περὶ
609 4730 702 4785 τοῦ
758 4730 1010 4804 σώματος
1042 4732 1278 4805 Χριστοῦ
1319 4733 1626 4807 ἀναφέροιέ
1669 4732 1740 4788 ἂν

143 4822 242 4876 καὶ
279 4822 362 4885 εἰς
393 4822 456 4875 τὸ
501 4821 839 4894 ἀνθρώπειον
875 4824 971 4878 τοῦ
1014 4825 1265 4898 Σωτῆρος
1307 4825 1485 4897 ἡμῶν,
1514 4826 1608 4881 καὶ
1655 4829 1739 4893 εἰς.

137 4914 238 4968 τὸν
287 4914 348 4966 ὲν
404 4912 554 4984 αὐτῷ
594 4913 991 4986 τελειούμενον.
1032 4910 1134 4970 Ὧν
1163 4917 1337 4982 οὓτως
1391 4918 1733 4991 εἰρημένων,

136 5005 278 5077 ἑξῆς
309 5006 339 5058 6
366 5005 522 5074 λόγος
546 5005 880 5079 διεξέρχεται
905 5010 1005 5064 ὅσα
1039 5009 1190 5082 παρὰ
1220 5009 1314 5064 τοῦ
1342 5010 1478 5064 Θεοῦ
1504 5012 1737 5085 ὑπάρξει

133 5103 222 5176 τῷ
282 5101 629 5158 κατοικοῦντι
659 5106 718 5158 ἐν
763 5103 984 5178 βοηθείᾳ
1024 5105 1120 5160 τοῦ
1161 5105 1418 5176 Ὑψίστου
1445 5108 1542 5161 κα).⁵
1587 5109 1740 5164 abiit.

133 5193 370 5266 ζομένῳ
401 5194 508 5248 ὑπὸ
555 5194 654 5268 τὴν
698 5197 908 5269 σκέπην
954 5197 1047 5252 τοῦ
1082 5197 1238 5263 Θεοῦ,
1293 5197 1506 5268 λέγοντί
1561 5218 1621 5254 τε
1660 5201 1738 5274 τῷ

133 5287 376 5360 Κυρίῳο
423 5289 815 5359 Ἀντιλήπτωρ
856 5309 976 5362 μου
1005 5287 1066 5347 ετ
1103 5291 1203 5346 καὶ
1242 5293 1555 5364 καταφυγή
1591 5313 1734 5365 μου,

131 5383 174 5437 ό
209 5382 366 5447 Θεός
382 5399 526 5450 μου,
548 5383 648 5438 καὶ
678 5383 864 5437 ὲλπιῶ
892 5384 986 5438 ἐπ’
1013 5386 1220 5440 αὐτόν.
1251 5386 1386 5441 Τίνα
1418 5387 1478 5440 δέ
1511 5388 1627 5440 ὲστι
1666 5386 1735 5441 τά

133 5471 283 5544 περὶ
310 5471 477 5528 αὐτὸν
514 5473 871 5545 γενησόμενα,
903 5475 1189 5545 καταλέγει
1231 5476 1322 5531 διὰ
1370 5476 1478 5532 τῶν
1530 5479 1734 5550 ἑπομέε-

132 5582 256 5618 νων
275 5580 290 5593 ·
313 5565 445 5618 Ὀτι
469 5565 652 5633 αὐτὸς
669 5568 925 5636 ῥύσεταί
941 5587 1018 5639 με
1037 5571 1105 5625 ἐκ
1129 5571 1381 5642 παγίδος
1410 5573 1731 5642 θηρευτιῖηθ,

133 5653 269 5708 ἀπὸ
326 5657 516 5724 λόγου
563 5657 964 5728 ταραχώδους.
1024 5662 1120 5714 Ἑν
1167 5663 1290 5730 τοῖς
1338 5664 1734 5733 μεταφρένοις

133 5747 343 5805 αὐτοῦ
392 5747 733 5810 ἐπισκιάσει
771 5768 902 5818 σοι,
959 5755 1057 5810 καὶ
1107 5755 1224 5812 ὑπὸ
1281 5756 1386 5824 τὰς
1439 5757 1736 5829 πτέρυγας

219 5904 268 5936 ⁸³
313 5902 336 5962 ι
373 5905 499 5963 Cor.
538 5922 614 5964 xu
639 5948 655 5968 .
689 5908 780 5966 27.

1841 4733 2124 4798 dicuntur,
2155 4732 2317 4788 etiam
2359 4731 2429 4788 ad
2469 4731 2861 4786 humanitatem
2908 4727 3210 4784 Salvatoris
3245 4729 3420 4784 nostri

1841 4826 2170 4892 referantur,
2203 4833 2366 4896 atque
2399 4825 2468 4881 ad
2497 4840 2624 4881 eum
2648 4823 2745 4895 qui
2774 4824 2830 4878 in
2856 4823 2976 4895 ipso
3003 4830 3420 4880 consummatus

1840 4930 1944 4978 est.
1991 4921 2124 4988 Quae
2172 4934 2296 4976 cum
2347 4920 2452 4976 hac
2503 4919 2720 4976 ratione
2771 4916 2919 4973 dicta
2969 4917 3102 4983 sint,
3153 4917 3418 4988 deinceps

1840 5021 2153 5079 enarratur,
2191 5020 2395 5084 quanta
2436 5027 2467 5066 a
2499 5010 2612 5068 Deo
2649 5008 2982 5067 conferenda
3011 5009 3124 5065 sint
3166 5008 3218 5062 in
3268 5023 3414 5070 eum,

1838 5107 1932 5178 qui
1955 5107 2168 5162 habitat
2195 5107 2251 5162 in
2279 5104 2557 5176 adiutorio
2579 5103 2873 5166 Altissimi,
2896 5109 2951 5157 et
2977 5103 3080 5157 sub
3105 5104 3418 5169 tegumcuto

1841 5199 1933 5254 Dei
1971 5208 2381 5267 commoratur,
2403 5211 2479 5251 ae-
2511 5195 2646 5250 dicit
2679 5195 2928 5262 Domino,
2961 5193 3242 5261 Susceptor
3271 5205 3416 5243 meus

1836 5307 1915 5352 es.
1945 5299 1994 5344 et
2017 5290 2277 5362 refugium
2310 5305 2505 5354 meum,
2545 5286 2688 5342 Deus
2723 5304 2888 5352 meus,
2925 5283 3146 5352 sperabo
3181 5284 3239 5336 in
3271 5297 3412 5336 eum.

1839 5380 2098 5449 Quaenam
2135 5393 2312 5437 autem
2353 5383 2432 5437 illi
2465 5381 2798 5437 conferenda
2829 5380 2940 5435 sint
2970 5378 3022 5432 in
3057 5374 3418 5446 sequentibus

1837 5481 2030 5530 narrat
2056 5493 2070 5530 :
2096 5504 2166 5514 —
2189 5473 2355 5530 Vens.
2391 5474 2510 5530 5-9.
2539 5473 2803 5540 Quoniam
2837 5471 2944 5540 ipse
2973 5466 3216 5522 liberabit
3247 5483 3328 5520 me
3351 5465 3415 5522 de

1842 5566 2026 5635 laqueo
2058 5567 2376 5632 venantium,
2407 5577 2457 5621 et
2507 5585 2540 5621 a
2579 5567 2730 5621 verba
2765 5562 3082 5617 turbulento.
3120 5558 3187 5613 In
3225 5575 3416 5628 scapu-

1843 5659 1910 5712 lis
1944 5659 2053 5712 suis
2094 5659 2424 5714 obumbrabit
2456 5659 2574 5722 tibi,
2598 5669 2647 5711 et
2670 5656 2762 5710 sub
2799 5653 2980 5723 pennis
3007 5651 3124 5722 ejus
3153 5652 3408 5718 sperabis.

1846 5758 2005 5814 Scuto
2039 5755 2385 5812 circumdabit
2420 5765 2466 5809 te
2497 5754 2686 5809 veritas
2719 5751 2854 5818 ejus,
2899 5745 3234 5802 norttimebis
3274 5763 3306 5800 a
3346 5748 3419 5800 ti.
