3972 6812
533 476 676 532 1145

531 677 933 748 perambulante
961 678 1015 729 in
1041 675 1289 740 tenebris,
1321 692 1353 729 a
1383 676 1538 729 ruina
1574 684 1626 730 et
1654 674 1917 730 dwmonio
1945 675 2103 730 meri-

531 860 734 917 dextris
781 862 908 922 tuis,
942 859 1012 914 ad
1059 868 1128 934 te.
1157 871 1327 916 autem
1369 877 1471 914 non
1502 861 1958 931 appropinquabit.
2006 859 2105 915 Ve-

531 1050 864 1112 peccatorum
899 1039 1115 1096 videbis.
1151 1041 1416 1109 Quoniam
1451 1052 1505 1096 tu
1559 1057 1669 1111 spes
1708 1060 1848 1109 mea,
1892 1043 2105 1097 Altissi-

533 1151 676 1188 ntum
703 1133 930 1203 posuisti
959 1133 1221 1205 refugium
1262 1144 1432 1190 tuum.
1465 1133 1706 1192 lnsultus
1753 1135 2018 1206 plurimos
2051 1135 2110 1190 in

531 1237 657 1277 eum
695 1222 812 1278 fore
851 1225 1200 1294 praenuntiat,
1236 1225 1329 1295 qui
1369 1225 1424 1279 in
1475 1225 1732 1281 vaticinia
1769 1230 2106 1282 enuntiatur.

531 1311 635 1368 llic
667 1329 794 1369 vero
825 1328 1084 1385 perrarus
1119 1324 1238 1370 erat
1265 1323 1319 1370 et
1361 1315 1646 1380 mirabilis,
1689 1316 1746 1371 in
1789 1316 2114 1373 abscondito

529 1405 796 1460 Altissimi
840 1405 1059 1472 sedens,
1115 1406 1219 1462 sub
1251 1405 1443 1462 umbra
1473 1406 1628 1463 fortis
1673 1423 2022 1464 commorans
2057 1415 2114 1465 et

534 1497 770 1552 Domino
820 1498 1028 1565 dicens,
1075 1498 1361 1570 Susceptor
1390 1516 1533 1557 meus
1564 1517 1619 1556 es
1649 1509 1704 1555 tu
1751 1510 1802 1556 et
1851 1502 2116 1573 refugium

532 1605 726 1658 meum,
750 1590 892 1646 Deus
912 1607 1079 1654 meus,
1108 1599 1157 1646 et
1179 1591 1396 1659 sperabo
1424 1593 1479 1646 in
1504 1609 1646 1657 eum;
1669 1593 1784 1650 sive
1813 1595 2114 1651 secundum

534 1683 812 1753 Aquilam,
843 1682 987 1737 Deus
1019 1699 1195 1746 meus,
1229 1682 1490 1752 conﬁdam
1531 1685 1586 1738 in
1618 1684 1757 1749 illo;
1790 1693 1884 1741 aut
1913 1701 2113 1742 secun-

533 1772 663 1827 dum
709 1771 1120 1844 Symmachum,
1157 1772 1297 1828 Deus
1325 1789 1493 1839 meus,
1543 1784 1594 1830 et
1639 1773 1830 1830 bonam
1861 1775 2116 1845 ﬁduciam

535 1865 733 1920 habebo
785 1866 839 1920 in
888 1865 1002 1920 illo.
1046 1863 1322 1921 Adversus
1363 1881 1487 1921 eum
1529 1866 1717 1937 igitur,
1762 1869 1856 1938 qui
1895 1881 1962 1922 eo
2009 1880 2119 1937 qua

535 1951 742 2007 dictum
771 1960 856 2008 est
885 1951 1046 2008 modo
1071 1953 1128 2007 in
1159 1950 1252 2007 Dei
1285 1953 1490 2008 auxilio
1515 1955 1790 2024 repositus
1815 1961 1954 2020 erat,
1982 1955 2120 2011 insi-

535 2044 639 2100 diae
665 2045 912 2116 quaedam
931 2053 988 2100 et
1011 2044 1423 2116 coniurationes
1461 2053 1846 2102 sexcentarum
1875 2047 2116 2103 hostium

536 2137 992 2192 insurrexerunt:
1020 2152 1140 2208 quae
1182 2138 1392 2195 scilicet
1423 2139 1602 2210 laquei
1621 2140 1961 2205 venantium,
1999 2155 2122 2197 ser-

536 2241 726 2283 mones
757 2227 1086 2295 turbulenti,
1141 2229 1308 2284 timor
1338 2239 1664 2294 nocturnus.
1697 2232 1894 2302 sagitta
1925 2234 2118 2292 volans

536 2325 592 2370 In
647 2316 758 2380 die,
792 2319 1069 2387 negotium
1127 2320 1516 2388 perambulans
1578 2321 1634 2375 in
1668 2322 1912 2378 tenebris
1954 2324 2115 2380 ruina

536 2406 790 2463 daemonii
819 2408 1107 2464 meridiani
1129 2417 1334 2465 vocatae
1349 2418 1479 2466 sunt
1507 2430 1519 2466 :
1543 2412 1609 2466 ad
1633 2411 1748 2468 haec
1776 2428 1929 2480 vero,
1947 2416 2118 2472 millia

535 2509 590 2551 ει
639 2493 828 2550 decem
877 2496 1081 2564 millia;
1136 2497 1210 2552 ita
1259 2508 1318 2553 ut
1360 2499 1528 2555 millia
1573 2500 1885 2568 sinistram;
1927 2503 2118 2560 decem

534 2599 668 2642 vero
716 2585 888 2640 millia
937 2585 1214 2643 dexteram
1249 2589 1370 2658 ejus
1418 2599 1773 2660 occuparent.
1818 2590 1954 2646 Nam
1999 2593 2120 2649 haec

535 2676 748 2733 dextris
795 2678 1067 2749 partibus,
1099 2688 1287 2751 utpote
1319 2681 1652 2739 ﬁrmioribus
1688 2691 1744 2740 et
1774 2682 2115 2753 fortioribus,

535 2770 957 2826 insidiabantur.
1005 2772 1096 2827 Ait
1133 2788 1261 2829 vero
1291 2774 1505 2830 nullum
1545 2776 1739 2832 borum
1781 2793 1906 2833 eum
1938 2779 2033 2850 qui
2060 2779 2116 2834 in

534 2861 797 2918 vaticinia
831 2861 1006 2918 fertur
1056 2863 1324 2936 attingere
1373 2882 1554 2938 posse.
1604 2867 1875 2924 Praeterea
1915 2869 2118 2926 dicitur

533 2966 660 3010 eum
693 2953 1036 3010 incessurum
1067 2971 1190 3012 esse
1219 2972 1330 3013 non
1370 2959 1534 3015 modo
1563 2975 1730 3032 supra
1760 2969 2042 3033 serpentes
2063 2971 2118 3020 et

537 3048 880 3118 scorpiones,
926 3063 1054 3104 nam
1085 3050 1201 3105 haec
1230 3051 1442 3106 modica
1471 3063 1628 3109 erant
1653 3072 1668 3121 ;
1697 3057 1790 3111 sed
1833 3073 1997 3128 super
2023 3073 2117 3114 as-

537 3137 715 3210 pidem
742 3148 796 3196 et
819 3139 1158 3207 basiliscum,
1200 3150 1254 3197 et
1283 3144 1729 3200 conculcaturum
1749 3162 1873 3203 esse
1903 3148 2115 3204 leonem

535 3234 594 3284 et
621 3229 913 3285 draconem
941 3245 955 3282 :
991 3246 1112 3302 qua:
1138 3248 1271 3289 sane
1299 3233 1443 3290 inter
1469 3235 1615 3292 feras
1631 3245 1686 3293 et
1718 3238 1931 3308 reptilia
1959 3238 2114 3310 prin-

534 3319 713 3389 cipem
755 3321 1006 3378 obtinent
1039 3323 1242 3380 locum.
1272 3325 1542 3384 Existimo
1579 3337 1760 3385 autem
1790 3329 1878 3386 bis
1907 3330 2116 3401 ι)τίοοί-

535 3428 634 3486 pes
679 3415 845 3485 huius
892 3417 1078 3473 seculi
1123 3418 1443 3490 signiﬁcari,
1485 3435 1700 3477 necnon
1729 3421 2035 3478 invisibiles
2061 3430 2117 3478 et

537 3506 828 3576 primariae
853 3515 1170 3578 potestates.
1205 3507 1592 3567 Verumtamen
1619 3513 1712 3583 qui
1745 3513 1800 3568 in
1831 3513 2117 3584 prophetia

537 3597 714 3653 fertur
736 3613 927 3654 omnes
956 3599 1122 3656 simul
1139 3602 1561 3658 conculeaturus
1581 3619 1705 3660 esse
1733 3604 1949 3659 dicitur.
1980 3603 2117 3658 Nam

538 3706 694 3759 super
742 3690 1000 3758 aspidem,
1037 3691 1232 3762 inquit,
1263 3701 1314 3747 et
1353 3691 1663 3749 basiliscum
1721 3693 2040 3760 ambulabis,
2065 3703 2118 3750 et

539 3782 869 3838 conculcabis
895 3783 1095 3838 leonem
1119 3793 1168 3840 et
1200 3783 1502 3840 draconem.
1559 3817 1563 3822 -

1231 469 1502 525 EUSEBII
1541 466 2020 525 CAESARlENSlS
2060 466 2209 524 OPP.
2255 465 2437 524 PARS
2473 465 2540 522 Ill
2565 495 2636 508 —-
2660 461 3071 520 EXEGE’I‘ICA.

533 603 681 644 more
709 596 984 647 nocturno.
1024 603 1054 638 a
1103 583 1304 654 sagitta
1346 583 1552 638 volante
1591 583 1647 637 in
1687 581 1793 648 die,
1835 599 1868 637 a
1897 583 2103 654 negotio

2225 580 2397 636 αὐτοῦ
2441 579 2688 645 ἐλπιεῒς.
2736 578 2938 644 Ὅπλῳ
2981 573 3280 629 κυκλώσει
3329 589 3426 628 σε
3515 567 3578 633 ἠ

2207 671 2418 735 αὐτοῦ,
2444 673 2517 726 οὐ
2537 669 2852 741 φοϐηθήσῃ
2885 668 3004 722 ἀπὸ
3049 667 3236 736 φόϐου
3271 654 3774 727 νυκτερινοῦ.
3797 654 3876 705 άπ-

530 769 718 823 diana.
747 769 945 822 Cadent
993 785 1022 822 a
1054 767 1218 822 latere
1255 775 1346 821 tuo
1385 767 1552 833 mille,
1591 777 1641 823 et
1669 768 1845 823 decem
1867 768 2040 823 millia
2074 785 2108 823 a

2225 762 2438 828 Βέλους
2483 759 2811 830 πετομένου
2861 758 3087 827 ἡμέρας
3110 797 3125 820 ,
3166 755 3286 810 ἀπὸ
3337 749 3804 822 πράγματος
3841 763 3876 796 ιο

2208 854 2414 907 σκύτει
2471 847 2972 919 διαπορευομένου
2987 886 3003 911 ,
3055 847 3174 902 ἀπὸ
3211 840 3786 916 συμπτώιιατος
3825 857 3886 888 ιιι

532 961 832 1005 rumtamen
864 950 1032 1004 oculis
1081 929 1184 1007 tuis
1218 929 1600 1016 considerabis,
1631 929 1681 1005 et
1715 929 2110 1005 retributionem

2225 943 2519 1013 δαιμονίου
2541 938 2967 1012 μεσημϐρινοῦ.
3008 937 3280 992 Πεσεῖται
3300 936 3372 990 ἐκ
3411 931 3592 989 τοῦ
3641 929 3888 983 κλέπτῃ

2212 1050 2330 1089 σου
2366 1033 2583 1103 χιλιὰς,
2618 1033 2716 1088 καὶ
2747 1031 2961 1101 μυριὰς
2990 1031 3058 1084 ἑκ
3092 1029 3308 1094 δεξιῶν
3333 1046 3490 1084 σου
3513 1068 3544 1092 ,
3605 1021 3810 1091 πρὶς
3845 1039 3892 1072 ετ

2212 1126 2283 1183 δὲ
2316 1129 2429 1182 οὐκ
2474 1124 2673 1196 ἐγγιεῒ.
2708 1122 2884 1192 Πλὴν
2920 1122 3045 1189 τοῖς
3076 1122 3414 1193 ὀφθαλμοῖς
3473 1135 3672 1174 σου
3733 1131 3896 1166 me»

2213 1217 2478 1284 νοήσεις,
2505 1215 2604 1272 καὶ
2629 1214 3040 1272 ἀνταπόδοσιν
3075 1212 3464 1284 ἁμαρτωλῶν
3513 1211 3756 1279 ὄψει.
3805 1209 3902 1260 ἐστ.

2214 1309 2297 1366 σὺ
2327 1311 2369 1378 ἡ
2400 1309 2578 1376 ἐλπίς
2613 1324 2754 1378 μου,
2781 1306 2889 1361 τὸν
2922 1307 3211 1376 Ὕψιστον
3249 1307 3394 1361 ἐθου

2213 1418 2354 1457 σου.
2390 1399 2597 1464 Πολλὰς
2624 1398 3022 1462 ἐπαναστάσεις
3049 1399 3078 1451 6
3111 1398 3266 1466 λόγος
3304 1391 3806 1468 προαγορεύει
3835 1411 3906 1460 ξτ-

2215 1493 2474 1566 νήσεσθαι
2504 1490 2584 1564 τῷ
2623 1490 3105 1564 προφητεύομένῳ.
3150 1487 3317 1555 οὗτος
3361 1491 3423 1543 δὲ
3469 1485 3592 1560 ἦν
3669 1487 3906 1548 ma;

2215 1602 2301 1649 τις
2345 1585 2438 1638 καὶ
2480 1583 2812 1656 θαυμαστὸς,
2853 1585 2911 1638 ἐν
2941 1582 3244 1656 ἀποκρύφῳ
3269 1581 3367 1637 τοῦ
3403 1581 3788 1651 ’Υψίσ-τυυ
3825 1597 3906 1632 n

2218 1677 2488 1748 Θήμενος,
2525 1676 2632 1731 ὑπὸ
2675 1676 2774 1748 τὴν
2819 1677 2977 1730 σκιὰν
3029 1675 3125 1729 τοῦ
3175 1675 3365 1729 ἱκανοῦ
3411 1672 3906 1742 αὐλιζόμενςς.

2219 1769 2314 1823 καὶ
2340 1767 2514 1838 λέγων
2543 1767 2621 1841 τῷ
2657 1767 2878 1841 Κυρίῳ·
2918 1767 3312 1837 Ἀντιλήπτωρ
3327 1785 3460 1837 μου
3511 1764 3680 1820 καὶ
3721 1781 3902 1818 nam

2219 1860 2379 1931 φυγή
2418 1877 2558 1930 μου,
2609 1861 2643 1915 ό
2681 1861 2826 1926 Θεός
2849 1878 2990 1930 μου,
3025 1859 3126 1914 καὶ
3156 1857 3346 1914 ἐλπιῶ
3393 1859 3504 1913 ἐπ’
3553 1858 3898 1912 αὑτόν-ἒ

2218 1953 2360 2007 κατὰ
2395 1953 2487 2006 τὸν
2523 1953 2856 2019 ’Δκύλαν,ὐ
2884 1955 3028 2020 Θεός
3050 1971 3193 2023 μου.
3216 1952 3636 2021 πεποιθήσει)
3683 1950 3782 2002 ἐν
3805 1955 3900 2000 «ἡκ

2218 2045 2328 2112 τῷ·
2360 2045 2415 2116 ἦ,
2446 2047 2510 2100 Ὀ
2542 2047 2685 2113 dede
2702 2063 2844 2117 μου,
2869 2047 2968 2102 καὶ
2985 2043 3342 2114 εὐθαρσήσω
3364 2046 3440 2098 ἐν
3467 2043 3738 2108 αὐτῷ.
3761 2057 3896 2095 κατα

2217 2135 2310 2189 τὸν
2364 2136 2679 2208 Σύμμαχον.
2735 2137 2923 2209 Τούτῳ
2964 2137 3031 2210 δὴ
3086 2133 3179 2191 οὖν
3214 2135 3292 2207 τῷ
3332 2137 3448 2190 τῶν
3505 2138 3695 2206 talpa;
3709 2135 3898 2206 μένει»
3949 2141 3951 2158 ¹

2215 2228 2404 2299 τρόπῳ
2447 2228 2790 2300 ἀνακειμένῳ
2838 2231 2907 2301 τῇ
2953 2228 3047 2283 τοῦ
3081 2227 3217 2282 Θεοῦ
3251 2227 3484 2300 βοηθείᾳ.
3537 2226 3888 2280 ὲπιὸουλαζ

2216 2335 2362 2383 τινες
2382 2319 2476 2374 καὶ
2504 2321 2767 2373 συσκευαὶ
2795 2320 3004 2392 μυρίων
3026 2319 3145 2374 κατ’
3163 2319 3329 2373 αὐτοῦ
3351 2318 3888 2390 στρατευομένων

2217 2411 2592 2481 ἐπανέστησαν
2611 2428 2625 2441 ·
2658 2411 2885 2479 παγίδες
2907 2410 3038 2480 γοῦν
3063 2409 3342 2482 θηρευτῶν
3375 2407 3874 2479 ὠνομάσθησαν.

2217 2503 2314 2556 καὶ⁵
2363 2501 2510 2571 λόγοι
2557 2501 2930 2574 ταραχώδεις,
2965 2503 3060 2556 καὶ
3102 2502 3266 2573 φόϐος
3311 2503 3738 2574 νυκτερινὸς,
3791 2503 3878 2550 28':
3922 2501 3951 2574 Ι,

2220 2595 2372 2666 βέλος
2405 2595 2699 2666 πετόμενον
2723 2595 2956 2666 ἡμέρας,
2983 2597 3078 2650 καὶ
3111 2598 3347 2668 πρᾶγμα
3376 2597 3440 2648 ἐν
3468 2597 3708 2648 σκότει
3749 2593 3864 2646 διι-

2217 2686 2602 2759 πορευόμενον,
2635 2687 2730 2742 καὶ
2753 2686 3067 2759 σύμπτωμα
3088 2687 3366 2758 δαιμονίου
3391 2705 3546 2758 pse-1;
3557 2683 3860 2758 μόρασὸ·

2217 2781 2313 2836 καὶ
2345 2780 2485 2854 πρὸς
2521 2780 2732 2844 τούτοις
2758 2779 2931 2835 ἅπασι
2983 2780 3219 2852 χιλιάδες
3259 2779 3357 2834 καὶ
3408 2779 3773 2851 μυριάδες·
3805 2776 3862 2831 d

2221 2871 2322 2942 μὲν
2348 2870 2583 2942 χιλιάδες
2608 2869 2678 2924 τὰ
2700 2871 2963 2944 ἀριστερὰ
2987 2869 3153 2926 αὐτοῦ
3197 2869 3762 2940 ἀπολαμϐάνουσαι,
3803 2867 3856 2920 εὶ

2218 2963 2275 3017 δέ
2306 2964 2375 3018 τὰ
2402 2962 2551 3030 δεξιὰ
2587 2964 2866 3036 μυριάδες.
2910 2963 3080 3019 Αὺταὶ
3120 2963 3230 3036 γὰρ
3255 2965 3369 3026 τοῖς
3399 2961 3626 3030 δεξιοῖς
3663 2961 3761 3023 ὡς
3789 2958 3854 3013 ἂν

2219 3056 2630 3128 κραταιοτέροις
2651 3057 2746 3110 καὶ
2773 3057 3140 3129 ἰσχυροτέροις
3173 3055 3394 3128 μέρεσιν
3423 3055 3842 3109 ἐπεϐούλενσ.

2219 3148 2434 3203 Τούτων
2465 3149 2523 3203 δὲ
2556 3149 2774 3203 πάντων
2796 3149 2948 3203 οὐδὲν
2975 3149 3310 3221 προσψαύειν
3334 3145 3413 3218 τῷ
3445 3148 3593 3220 περὶ
3611 3141 3690 3201 οὗ
3727 3147 3846 3200 629'-

2219 3259 2314 3312 γος
2337 3242 2696 3315 προφητεύει.
2738 3243 2858 3296 Ἔτι
2897 3241 2953 3295 δὲ
3012 3241 3148 3314 πρὸς
3174 3240 3384 3303 τούτοις
3448 3239 3836 3311 ἐπιϐήσεσθαι

2215 3335 2451 3406 λέγεται,
2505 3335 2580 3406 (ι)
2617 3335 2700 3390 ὅτι
2748 3334 2841 3388 καὶ
2896 3332 3082 3388 ἐπάνω
3122 3332 3298 3403 ὄφεων
3366 3331 3466 3386 καὶ
3499 3332 3832 3404 σκορπίων·

2225 3425 2399 3498 μικρά
2424 3427 2534 3498 γάρ
2558 3421 2628 3498 ἦν
2643 3423 2849 3482 ταῦτα·
2875 3424 2991 3480 ἀλλ’
3021 3423 3107 3478 ἐπ’
3121 3423 3322 3480 ἀσπίδα
3338 3423 3434 3478 καὶ
3472 3422 3828 3492 βασιλίσκεν.

2219 3517 2625 3588 καταπατήσειν
2651 3533 2712 3570 τε
2736 3514 2926 3570 λέοντα
2967 3515 3063 3570 καὶ⁹
3101 3514 3367 3586 δράκοντα
3387 3529 3403 3544 ⁸
3437 3511 3478 3566 ἆ
3499 3512 3572 3584 δὴ
3611 3510 3830 3583 pastis-

2219 3604 2440 3660 κώτατα
2478 3606 2572 3660 καὶ
2597 3603 2948 3676 ἀρχικώτατα
2973 3602 3081 3656 τῶν
3109 3603 3168 3656 ἐν
3195 3600 3404 3674 θηρίοις
3429 3603 3535 3656 καὶ
3567 3601 3827 3673 ἑρπετοῖς

2218 3695 2497 3766 τυγχάνει.
2527 3688 2692 3764 Οἶμαι
2727 3692 2856 3762 γοῦν
2894 3691 2984 3746 διὰ
3009 3691 3213 3768 τούτων
3246 3693 3372 3754 τοὺς
3413 3690 3718 3764 ἄρχοντας
3745 3687 3828 3743 τώ

2221 3786 2418 3851 αἰῶνος
2463 3785 2655 3840 τούτου
2697 3783 3093 3856 σημαίνεσθαι,
3121 3771 3224 3840 ’καὶ
3252 3782 3351 3847 τὰς
3401 3783 3698 3854 ἀοράτους
3745 3781 3824 3835 ιιαέ

538 3874 863 3944 ἀρχθντικὰς
890 3876 1165 3948 δυνάμεις.
1193 3877 1339 3951 Πλὴν
1374 3879 1526 3950 ὅμως
1571 3880 1600 3932 6
1644 3879 2119 3952 προφητευόμενος
2167 3879 2573 3950 καταπατήσειν
2610 3877 2821 3951 ἁθρόως
2854 3876 3071 3945 λέγεται
3114 3875 3216 3940 τὰς
3267 3875 3468 3937 πάσας.
3517 3873 3824 3940 Ἐπιεήση

539 3969 666 4040 γάρ,
692 3971 876 4042 φησὶν,
910 3971 1009 4025 ἐπὶ
1051 3973 1283 4027 ἀσπίδα
1330 3974 1428 4028 καὶ
1464 3974 1863 4039 βασιλίσκον,
1903 3973 2003 4028 καὶ
2050 3973 2493 4040 καταπατήσας
2528 3971 2748 4028 λέοντα
2775 3971 2873 4025 καὶ
2902 3969 3222 4038 δράκοντα.

606 4082 740 4149 Quis
761 4084 927 4155 igitur
949 4084 1039 4140 hic
1061 4085 1247 4151 fuerit,
1265 4102 1352 4141 cui
1382 4089 1507 4142 talia
1535 4097 1847 4159 competere
1878 4088 2116 4159 possint;

539 4186 590 4230 et
619 4178 744 4246 quis
770 4179 1004 4248 populus
1038 4193 1198 4250 quem
1230 4179 1419 4234 decem
1461 4178 1628 4234 millia
1663 4180 2009 4235 inimicorum
2051 4179 2120 4235 ad

539 4266 816 4322 dexteram
845 4279 1184 4342 oppugnant,
1223 4271 1290 4326 ad
1331 4273 1562 4328 alterum
1601 4286 1729 4326 vero
1750 4272 1896 4328 latus
1924 4273 2118 4338 millia,

541 4374 716 4429 neque
758 4360 961 4416 audent
1003 4363 1071 4418 ad
1105 4379 1229 4419 eum
1264 4364 1544 4430 accedere,
1591 4364 1686 4420 sed
1723 4379 1910 4419 caram
1935 4381 2002 4421 eo
2028 4379 2123 4420 ca-

539 4448 714 4518 dunt;
743 4468 843 4522 age
883 4453 1275 4526 disquiramus.
1328 4455 1460 4510 Dico
1500 4465 1682 4511 autem
1733 4457 1918 4527 aliqua
1959 4457 2122 4512 modo

541 4557 702 4613 posse
734 4549 846 4599 haec
883 4546 1075 4602 referri
1103 4549 1170 4603 ad
1201 4548 1475 4602 hominem
1526 4549 1580 4602 in
1614 4548 1834 4604 Christo
1865 4563 2122 4604 consum-

2291 4086 2387 4152 Τις
2419 4084 2511 4141 οὖν
2552 4086 2747 4156 γένοιτ’
2777 4085 2844 4140 ἂν
2883 4083 3146 4148 τοιοῦτος,
3187 4083 3263 4147 ὡς
3295 4081 3645 4154 ἐφαρμόζειν
3679 4079 3822 4149 αὐτῷ

2223 4179 2483 4236 δύνασθαι
2514 4178 2586 4232 τά
2611 4178 2858 4242 τοιαῦτα,
2894 4177 2988 4232 καὶ
3011 4175 3070 4241 ὃς
3100 4179 3130 4231 6
3161 4176 3287 4240 λαὸς
3320 4177 3418 4246 μὲν
3458 4175 3694 4247 ἐχθρῶν
3729 4175 3817 4246 μὲν

2227 4271 2494 4344 μυριάδας
2541 4269 2994 4344 ἐπιστρατεύεται
3024 4268 3187 4325 αὑτοῦ
3212 4270 3324 4334 τοῖς
3355 4268 3583 4332 δεξιοῖς,
3623 4270 3748 4332 τοῖς
3770 4266 3818 4319 6‘s

2226 4365 2369 4419 κατὰ
2410 4364 2636 4436 Θάτερον
2681 4365 2846 4436 μέρος
2872 4364 3134 4435 χιλιάδας,
3184 4362 3259 4434 μὴ
3293 4362 3498 4433 τολμᾷν
3542 4362 3610 4415 δὲ
3653 4358 3815 4416 αὐτοῦ

2227 4457 2584 4531 προσψαύειν,
2621 4457 2987 4511 καταπίπτειν
3017 4456 3074 4509 δὲ
3104 4453 3413 4526 ἔμπροσθεν
3443 4453 3646 4518 αὐτοῦ,
3690 4455 3816 4526 φέρε

2227 4549 2670 4620 κατανοήσωμεν.
2695 4549 2842 4619 Φημὶ
2873 4547 2928 4600 δὲ
2959 4547 3078 4601 καθ’
3104 4546 3201 4601 ἕνα
3223 4545 3422 4618 τρόπον
3441 4545 3815 4618 ἀναφέρεσθαι

541 4643 783 4701 matum;
815 4636 996 4706 qualis
1023 4647 1141 4692 erat
1175 4636 1401 4703 Paulus,
1442 4639 1535 4709 qui
1583 4638 1821 4702 dicebat,
1873 4637 1996 4694 Scio
2029 4639 2117 4695 Ito-

2226 4641 2398 4697 ταῦτα
2430 4640 2526 4694 ἐπὶ
2553 4639 2646 4695 τὸν
2673 4641 2731 4695 ἐν
2775 4639 2998 4711 Χριστῷ
3026 4638 3442 4711 τετελειωμένον
3487 4637 3812 4710 ἄνθρωπον·

541 4727 731 4782 minem
763 4728 817 4782 in
847 4727 1061 4785 Christo
1083 4733 1128 4765 θ’
1151 4747 1172 4786 :
1201 4740 1254 4786 et
1279 4730 1348 4785 ad
1374 4745 1566 4787 omnes
1597 4731 1688 4801 qui
1714 4731 1938 4801 perinde
1963 4740 2124 4802 atque

543 4819 636 4874 ille
663 4819 846 4876 dicere
896 4823 1128 4892 possint,
1183 4823 1314 4890 Quis
1349 4840 1442 4879 nos
1474 4822 1741 4893 separabit
1774 4840 1808 4878 a
1864 4822 2125 4879 charitate

545 4911 680 4968 Dei?
707 4913 1005 4980 tribulatio,
1023 4932 1099 4987 an
1130 4918 1398 4987 angustia,
1413 4934 1480 4972 an
1504 4917 1817 4986 persecutio,
1843 4933 1911 4972 an
1930 4917 2120 4986 fames,

541 5019 611 5056 an
641 5003 880 5070 nuditas,
913 5022 982 5059 an
1013 4983 1328 5073 ianiculum,
1387 4983 1456 5061 an
1485 4983 1696 5078 gladius
1750 5007 1796 5039 ⁵⁸
1823 5009 1847 5063 ?
1877 4983 1942 5060 ac
1999 5021 2121 5060 rur-

541 5110 686 5159 sum,
723 5094 912 5151 Certus
941 5113 1058 5152 sum
1087 5085 1228 5154 enim
1259 5099 1382 5170 quia
1412 5115 1572 5168 neque
1604 5115 1769 5163 mors,
1800 5114 1960 5168 neque
1988 5099 2117 5157 vita.

542 5204 702 5257 neque
731 5188 1013 5258 instantia,
1055 5208 1216 5262 neque
1245 5190 1452 5260 futura,
1484 5208 1644 5263 neque
1685 5192 1925 5253 virtutes,
1959 5206 2122 5258 neque

542 5280 792 5345 altitudo,
825 5299 986 5352 neque
1015 5285 1359 5354 profundum,
1393 5301 1553 5355 neque
1573 5295 1818 5340 creatura
1845 5284 1956 5339 alia
1971 5294 2120 5352 pote-

541 5371 613 5424 rit
642 5387 738 5425 nos
761 5389 1008 5442 separare
1049 5390 1082 5428 a
1112 5373 1371 5426 charitate
1407 5371 1526 5436 Dei,
1560 5389 1676 5442 qua
1705 5382 1783 5427 est
1814 5375 1867 5425 in
1910 5370 2124 5427 Christo

542 5459 668 5517 Iesu
691 5464 737 5495 “
765 5478 786 5516 :
816 5463 885 5518 ad
920 5465 1035 5520 haec
1067 5480 1197 5519 vero
1219 5463 1475 5534 quisquis
1503 5463 1686 5520 dicere
1714 5471 1915 5535 potest,
1945 5461 2048 5518 Sed
2066 5462 2121 5515 in

542 5555 621 5608 ltis
662 5555 903 5612 omnibus
935 5572 1244 5626 superamus
1273 5556 1341 5620 ⁸⁷,
1366 5555 1566 5625 dignus
1609 5571 1741 5612 sane
1774 5556 1938 5611 fuerit
1965 5565 2027 5612 ut
2053 5557 2122 5625 de

544 5643 663 5714 ipso
696 5645 777 5700 hae
807 5661 970 5720 voces
1006 5645 1374 5716 proferantur.
1411 5643 1561 5702 Talis
1593 5652 1791 5716 quippe
1833 5648 1996 5702 homo
2026 5649 2122 5701 ha-

543 5735 722 5791 bitans
759 5739 813 5792 in
857 5737 1132 5809 adjutorio
1168 5737 1458 5805 Altissimi,
1489 5747 1542 5792 et
1583 5738 1638 5791 in
1684 5746 1996 5809 tegumenta
2030 5738 2121 5795 Dei

2227 4727 2337 4797 οἶος
2361 4729 2429 4808 ἦν
2454 4733 2706 4799 ὁΠαῦλος
2729 4733 2901 4803 λέγων
2925 4749 2938 4762 °
2966 4723 3442 4800 Οίὸιίᾶνθρωπον
3469 4731 3538 4785 ἐν
3553 4731 3814 4800 Χριστῷ·

2227 4825 2320 4878 ἐπὶ
2349 4825 2525 4882 πάντα
2555 4843 2614 4880 τε
2664 4826 2756 4880 τὸν
2791 4825 2990 4897 ὁμοίως
3031 4824 3223 4897 ἐκείνῳ
3259 4824 3436 4892 λέγειν
3467 4823 3812 4894 δυνάμενον·

2233 4917 2328 4982 Τίς
2377 4916 2537 4987 ἡμᾶς
2569 4918 2813 4987 χωρίσει
2861 4917 2980 4973 ἀπὸ
3040 4915 3152 4985 τῆς
3186 4915 3423 4986 ἀγάπης
3464 4915 3573 4970 τοῦ
3627 4917 3816 4979 Θεοῦ;

2227 5007 2452 5075 θλίψις,
2485 5005 2523 5076 ἢ
2569 5008 2976 5077 στενοχωρία,
3022 5005 3061 5074 ἢ
3101 5005 3393 5077 διωγμὸς.
3441 5003 3478 5073 ἦ
3510 5006 3732 5071 λιμὸς.
3779 5005 3812 5073 ἦ

2227 5100 2560 5168 γυμνότης,
2609 5099 2648 5169 ἢ
2683 5099 3003 5165 κίνδυνος,
3045 5099 3083 5165 ἢ
3116 5097 3418 5168 μάχαιρα;
3469 5097 3563 5152 καὶ
3614 5097 3810 5152 πάλιν·

2227 5192 2700 5263 Πέπεισμαιγὰρ,
2735 5193 2826 5246 ὅτι
2856 5193 2996 5247 οὔτε
3017 5191 3292 5258 θάνατος,
3323 5191 3466 5246 οὔτε
3505 5189 3643 5257 ζωὴ,
3671 5189 3810 5243 οὔτε

2227 5284 2548 5351 ἐνεστῶτα,
2589 5287 2727 5340 οὔτε
2767 5285 3076 5355 μέλλοντα
3094 5323 3112 5349 ,
3136 5284 3277 5338 οὔτε
3323 5281 3629 5352 δυνάμεις,
3670 5280 3810 5335 οὔτε

2231 5377 2468 5448 ὕψωμα,
2503 5378 2641 5432 οὔτε
2665 5378 2877 5443 βάθος,
2906 5378 3045 5431 οὔτε
3077 5394 3167 5443 τις
3196 5377 3393 5441 κτίσις
3419 5373 3593 5442 ἑτέρα
3618 5372 3796 5439 Burri-

2227 5481 2399 5522 σεται
2441 5467 2599 5536 ἡμᾶς
2632 5468 2884 5537 χωρίσαι
2913 5466 3033 5522 ἀπὸ
3087 5465 3196 5534 τῆς
3225 5465 3461 5536 ἀγάπης
3511 5463 3621 5517 τοῦ
3660 5462 3802 5516 Θεοῦ

2227 5557 2335 5626 τῆς
2363 5561 2434 5614 ἐν
2465 5559 2698 5629 Χριστῴ
2742 5560 2937 5629 Ἰησοῦ
2957 5577 2970 5590 ·
3011 5562 3040 5614 6
3084 5560 3143 5613 δὲ
3176 5558 3313 5630 πρὸς
3349 5555 3560 5619 τούτοις
3605 5551 3708 5617 οἷός
3734 5570 3800 5606 τε

2229 5650 2304 5703 ὢν
2330 5652 2538 5721 λέγειν·
2583 5653 2732 5708 Ἀλλ’
2783 5654 2852 5706 ἐν
2895 5653 3126 5719 τούτοις
3157 5649 3347 5707 πᾶσιν
3374 5647 3792 5718 ὑπερνικῶμεν,

2232 5742 2379 5810 ἄξιος
2412 5743 2480 5798 ἂν
2501 5744 2710 5814 γένοιτο
2732 5745 2826 5801 τοῦ
2854 5747 2948 5802 καὶ
2975 5747 3062 5800 ἐπ’
3092 5743 3243 5817 αὑτῷ
3267 5742 3521 5816 λεχθῆναι
3542 5741 3644 5806 τὰς
3670 5755 3790 5815 προσ

614 5849 659 5878 ⁸⁵
701 5847 742 5900 ll
775 5848 903 5904 Cor.
945 5868 1020 5905 xu
1048 5894 1060 5914 ,
1093 5852 1146 5906 2.
1226 5852 1270 5884 θ’
1312 5849 1468 5907 Rom.
1509 5866 1606 5906 VIII
1640 5850 1729 5906 55.
1811 5852 1853 5881 σθ
1896 5851 2026 5907 ibid.
2067 5854 2117 5909 δι

2228 5858 2280 5909 9.
2358 5858 2400 5889 ⁸⁷
2443 5856 2574 5913 ibid.
2617 5857 2705 5914 37.

606 5942 679 6010 (ι)
719 5943 840 5996 Ὅτι
892 5943 983 6011 μή·

3771 455 3864 497 ιιιη

3931 4675 3952 4846 ’ἓ
