3972 6812
19 455 234 512 {‘3

1351 453 1868 512 COMMENTARIA
1906 455 1975 512 ΙΝ
2013 452 2354 511 PSALMOS.

3316 460 3456 518 H46

19 575 384 647 ἱεμένοις
440 572 682 643 φωνάς.
721 569 780 626 Ὀ
822 573 931 645 γὰρ
959 572 1215 639 τοιοῦτος,
1249 572 1518 626 κατοικῶν
1558 574 1617 626 ὲν
1642 572 1765 644 βοη-

1870 587 2236 643 commorans,
2279 572 2426 629 dicet
2473 571 2706 629 Domino
2739 587 2752 625 :
2787 571 3074 644 Susceptor
3114 591 3258 631 meus
3293 593 3349 633 es
3402 587 3456 636 et

19 666 172 739 εεᾳ
233 664 376 720 τοῦ
437 664 758 735 ’Υψίστου,
793 664 889 718 καὶ
920 665 979 719 ὲν
1029 664 1207 738 σκέπῃ
1238 663 1334 717 τοῦ
1384 663 1520 717 Θεοῦ
1551 662 1770 729 αὐλιζό·

19 776 285 824 ενος,
332 758 504 831 ἐρεῖ
560 755 646 828 τῷ
692 757 918 829 Κυρίῳ·
966 755 1367 825 Ἀντιλήπτωρ
1407 772 1528 826 μου
1569 749 1630 810 ετ
1669 753 1771 810 καὶ

20 851 478 923 καταφυγή
537 869 708 922 μου,
749 854 783 906 d
823 851 998 918 Θεὸς,
1040 851 1142 906 καί
1182 848 1370 906 suae
1417 851 1510 904 ἐπ’
1558 851 1768 910 αὐτόν.

19 944 298 1000 fanti-cu
334 945 415 999 δὲ
452 944 652 999 αὑτοῦ
682 943 921 998 διαθέσει
966 943 1150 1016 τελείᾳ
1184 945 1488 1018 εἰρηκότος,
1521 941 1770 1008 θεσπίζει

19 1037 251 1112 ινξιτῷ
284 1039 370 1093 τὸ
398 1037 583 1092 θεῖον
615 1035 961 1108 Πνεῦμα,δτι
981 1034 1045 1108 δὴ
1074 1035 1292 1107 ἀσφαλῆ
1324 1035 1504 1091 εἵλατο
1529 1035 1768 1106 φύλακα,

19 1134 158 1186 ea).
209 1132 454 1207 καλὴν
500 1132 784 1203 ἐκτήσατο
801 1129 1124 1202 καταφυγὴν
1150 1131 1244 1186 τὸν
1267 1129 1492 1200 Κύριον.
1515 1129 1771 1184 Τοιοῦτον

19 1223 189 1296 γὰρ
247 1223 434 1297 ἔχων
480 1221 692 1294 βοηθὸν
721 1223 816 1277 καὶ
862 1222 1146 1294 πρόμαχον
1178 1223 1275 1278 καὶ
1318 1219 1768 1294 ὑπερασπιστὴν,

19 1315 315 1370 οὐδένα.
363 1314 506 1369 τῶν
566 1313 785 1386 ἐχθρῶν
844 1313 1246 1386 φοϐηθήσεται,
1303 1311 1398 1368 ac:
1455 1312 1621 1368 αὐτοῦ
1672 1313 1770 1370 τοῦ

19 1409 344 1483 Κυρίου
405 1408 705 1481 ῥυομένου
753 1407 915 1462 αὐτὸν
956 1405 1016 1475 ἐξ
1061 1405 1342 1462 ἁπάντων.
1387 1405 1500 1460 Καὶ
1551 1405 1660 1478 γὰρ
1703 1407 1771 1460 ὲκ

19 1501 372 1570 παγίδος
421 1498 732 1573 θηρευτῶν
781 1498 1046 1566 ὲξελεῖται
1083 1497 1246 1552 αὐτὸν
1269 1538 1284 1563 ,
1329 1497 1426 1552 καὶ
1468 1497 1578 1551 ἀπὸ
1609 1497 1769 1567 λόγου

25 1592 518 1667 ταραχώδους
555 1593 673 1657 τοῖς
720 1590 1078 1663 μεταφρένοις
1114 1587 1280 1643 αὑτοῦ
1313 1587 1622 1643 ἐπισκιάσει
1669 1589 1768 1643 αύ-

29 1683 154 1755 τῷ
185 1701 210 1716 ο
261 1686 389 1739 καὶ
429 1685 630 1740 πάντα
650 1682 708 1738 δὲ
729 1682 799 1737 τά
831 1681 958 1753 ἑξῆς
980 1679 1440 1753 κατηριθμημένα
1474 1681 1566 1734 ἐπὶ
1589 1680 1769 1736 πάντα

43 1774 188 1829 τὸν
223 1776 312 1831 ὲν
351 1772 613 1848 Χριστῷ
644 1773 851 1826 τέλειον
879 1771 1168 1844 ἄνθρωπον
1195 1769 1614 1842 ἀνενεχθήσεται
1632 1809 1647 1834 ,
1673 1770 1770 1824 καί¹

55 1867 198 1922 ἐπὶ
227 1866 316 1920 τὸ
355 1865 544 1938 σῶμα
584 1863 641 1919 δὲ
672 1862 929 1936 Χριστοῦ,
963 1862 1082 1934 ήτοι
1114 1861 1208 1915 τὸν
1237 1861 1302 1915 ὲκ
1335 1859 1552 1914 τελείων
1579 1859 1769 1932 ψυχῶν

1871 663 2132 736 refugium
2157 681 2353 731 meum,
2383 665 2548 732 Deus,
2580 678 2631 722 et
2657 665 2879 736 sperabo
2902 667 2956 721 iu
2985 683 3124 723 eum.
3148 667 3274 726 Haec
3293 671 3459 744 quip-

1871 773 1940 829 pe
1965 775 2034 814 ex
2076 757 2320 829 perfecto
2353 764 2408 813 et
2438 757 2657 815 sincero
2704 756 2900 815 aﬂ'ectu
2935 757 3230 826 dicentem,
3263 762 3456 818 vatici-

1869 857 2037 905 natur
2063 850 2286 906 divinus
2327 848 2566 921 Spiritus
2597 857 2777 906 tutum
2807 851 3038 922 elegisse
3071 853 3376 919 custodem,
3398 861 3460 911 et

1871 945 2163 1018 pulchrum
2200 946 2513 1003 obtinuisse
2561 947 2859 1019 refugium,
2893 949 3105 1006 scilicet
3141 947 3454 1008 Dominum.

1869 1042 2008 1098 Cum
2041 1043 2204 1097 talem
2251 1039 2453 1112 quippe
2510 1039 2838 1111 adiutorem,
2891 1049 3350 1113 propugnatorem
3403 1050 3458 1098 et

1869 1139 2240 1203 protectorem
2291 1139 2491 1186 nactus
2539 1129 2631 1198 sit,
2665 1131 2877 1186 nullum
2905 1131 3253 1188 inimicorum
3284 1133 3459 1204 perti-

1870 1231 2100 1289 mescet,
2130 1223 2259 1295 quia
2292 1223 2472 1296 ipsum
2496 1221 2763 1280 Dominus
2791 1239 2858 1280 ex
2886 1223 3144 1282 omnibus
3173 1225 3340 1281 emit.
3362 1223 3460 1279 Et-

1869 1317 2015 1373 enim
2041 1332 2108 1373 ex
2128 1316 2324 1388 laqueo
2359 1315 2676 1372 venantium
2699 1315 2954 1372 liberabit
2978 1332 3126 1383 eum,
3159 1327 3214 1374 et
3232 1332 3264 1372 a
3290 1317 3460 1374 verbo

1868 1408 2212 1475 turbulento,
2243 1408 2487 1482 scapulis
2507 1409 2626 1465 suis
2644 1408 2996 1466 obumbrabit
3023 1411 3074 1466 ei
3103 1429 3116 1465 :
3145 1411 3460 1482 pariterque

1868 1500 2054 1557 omnia
2087 1516 2211 1573 quae
2259 1501 2365 1558 sub
2411 1502 2530 1558 haec
2563 1508 2943 1566 recensentur,
2991 1501 3062 1557 ad
3102 1503 3354 1573 quemvis
3401 1505 3459 1562 in

1868 1589 2094 1647 Christo
2108 1590 2413 1662 perfectum
2447 1591 2724 1648 hominem
2765 1590 3099 1662 referentur;
3125 1594 3459 1665 itemquead

1869 1694 2073 1754 corpus
2105 1681 2334 1749 Christi,
2369 1682 2621 1740 videlicet
2654 1685 2724 1739 ad
2762 1691 3063 1756 martyrum
3114 1687 3343 1742 chorum
3389 1702 3458 1744 ex

1867 1773 2126 1845 perfectis
2154 1774 2446 1832 animabus
2477 1776 2876 1846 compositum;
2908 1775 3026 1833 sive
3059 1777 3128 1832 ad
3162 1778 3459 1847 periech

1871 1864 2174 1922 Ecclesium
2209 1866 2406 1938 ipsius,
2429 1882 2593 1938 quam
2624 1868 2742 1939 ipse
2775 1868 2881 1925 sibi
2923 1875 3108 1926 astare
3135 1869 3284 1935 fecit,
3304 1871 3458 1927 nulla

69 1956 687 2028 κατεσκευασμένον
739 1952 1034 2027 μαρτύρων
1084 1952 1278 2024 χορόνο
1327 1953 1360 2026 ἢ
1411 1952 1511 2025 τὴν
1551 1951 1765 2007 τελείαν

1871 1959 2087 2015 macula
2120 1967 2216 2014 aut
2247 1959 2371 2016 labe
2401 1967 2496 2015 aut
2525 1962 2784 2031 quopiam
2823 1960 2992 2018 simili
3042 1961 3314 2018 all‘ectam.
3352 1961 3458 2030 Qui

95 2051 516 2125 Ἐκκλησίαν
550 2049 738 2115 αὑτοῦ,
766 2050 834 2121 ήν
853 2047 1017 2113 αὐτὸς
1047 2047 1226 2119 ἐαυτῷ
1253 2049 1656 2120 παρεστήσατο,
1689 2048 1766 2120 μὴ

81 2144 388 2217 ἔχουσαν
428 2144 632 2198 σπῖλον
660 2142 694 2214 ἢ
723 2140 929 2213 ῥυτίδα,
955 2140 991 2212 ii
1022 2157 1077 2194 τι
1103 2139 1216 2194 τῶν
1231 2139 1510 2194 τοιούτων.
1547 2139 1608 2192 ⁸0
1635 2137 1767 2208 γοῦν

93 2237 225 2291 ὲ,πὶ
267 2237 384 2309 τὴν
421 2236 642 2308 πέτραν
667 2231 1042 2305 οἰκοδομήσειν
1074 2229 1484 2304 ἐπηγγελμένος
1499 2230 1602 2303 τὴν
1641 2230 1767 2284 Ἐκ-

97 2328 394 2400 κλησίαν
418 2326 622 2392 αὐτοῦ,
645 2323 720 2391 ὡς
747 2324 821 2398 μὴ
845 2323 1020 2389 πύλας
1048 2323 1178 2398 ᾅδου
1201 2321 1550 2394 κατισχύσειν
1574 2322 1764 2394 αὐτῆς,

106 2419 319 2483 αὐτὸς
374 2418 562 2490 αὐτῆς
608 2415 702 2470 καὶ
753 2414 927 2487 φύλαξ
976 2415 1072 2471 καὶ
1119 2414 1357 2488 φρουρὸς
1397 2413 1573 2478 ἔσται,
1608 2429 1766 2484 περι-

109 2511 423 2584 φράττων
447 2510 627 2582 αὐτὴν
654 2509 750 2564 καὶ
793 2507 1226 2579 ἀσφαλιζόμενος
1244 2545 1259 2571 ,
1289 2505 1428 2578 πρὸς
1453 2505 1518 2560 τὸ
1556 2505 1632 2578 μὴ
1665 2504 1766 2569 τάς

20 2589 22 2596 ’
117 2603 340 2669 πύλας
371 2590 477 2656 τού
525 2601 657 2676 ᾅδου
711 2600 1028 2671 κατισχύειν
1057 2599 1249 2670 αὐτῆς.
1301 2598 1394 2652 Διὸ
1439 2599 1508 2671 τῇ
1539 2595 1766 2669 τοιαύτη

137 2695 486 2769 Ἐκκλησία
507 2735 522 2760 ,
556 2695 654 2750 καὶ
691 2693 771 2764 τῷ
802 2691 1029 2764 τοιούτῳ
1069 2690 1136 2762 δή
1169 2689 1411 2764 Χριστοῦ
1469 2689 1764 2763 μαρτύρων

20 2777 25 2804 ³
132 2788 350 2862 χορῷ,
387 2786 470 2859 τῷ
499 2784 787 2841 κατοικίαν
823 2784 920 2856 μὲν
961 2781 1227 2855 μηδαμῶς
1279 2781 1458 2853 ἔχοντι
1509 2782 1603 2836 ἐπὶ
1637 2783 1763 2854 γῆς,

137 2877 463 2951 δυναμένῳ
489 2877 553 2952 ⁴δὲ
584 2877 788 2946 λέγειν,
831 2872 1022 2944 Ἡμῶν
1077 2872 1146 2927 δὲ
1202 2872 1268 2927 τὸ
1318 2872 1651 2943 πολίτευμα
1696 2873 1768 2927 ἐν

20 2962 26 2992 ⁵
147 2966 458 3040 οὐρανοῖς
508 2967 801 3037 ὑπάρχει,
844 2964 1198 3038 λεχθήσεταιο
1250 2964 1308 3018 '0
1353 2964 1652 3020 κατοικῶν
1694 2964 1768 3019 ἐν

1871 2050 2036 2121 igitur
2056 2050 2360 2108 Ecclesiam
2387 2067 2546 2108 suam
2577 2067 2638 2109 se
2660 2067 2827 2123 supra
2853 2061 3064 2124 petram
3098 2052 3460 2109 fundaturum

1867 2157 1994 2200 esse
2021 2142 2306 2214 pollicitus
2341 2151 2462 2210 est;
2501 2143 2576 2198 ita
2620 2151 2678 2198 ut
2725 2150 2899 2214 porta:
2957 2142 3118 2198 interi
3174 2159 3458 2214 nunquam

1867 2236 2198 2307 praevaleant
2242 2233 2508 2292 adversus
2547 2249 2689 2300 eam,
2726 2235 2876 2290 illius
2929 2235 3048 2306 ipse
3076 2242 3130 2291 et
3176 2244 3370 2293 custos
3405 2245 3462 2292 et

1868 2317 2246 2400 praesidiarius
2273 2328 2402 2394 erit,
2433 2327 2609 2400 ipsam
2635 2327 3105 2384 circummuniens
3133 2336 3190 2384 et
3219 2331 3454 2396 vallans,

1866 2437 1938 2477 ne
1969 2432 2138 2494 portae
2169 2420 2330 2478 inferi
2352 2419 2684 2492 praevaleant
2718 2419 2983 2478 adversus
3010 2436 3152 2478 eam.
3183 2421 3462 2490 Quamob-

1865 2529 1982 2570 rem
2051 2512 2371 2585 huiusmodi
2423 2511 2714 2582 Ecclesiae,
2770 2523 2827 2571 et
2879 2514 3198 2586 huiusmodi
3251 2515 3461 2572 Christi

1867 2612 2173 2677 martyrum
2207 2604 2398 2671 choro,
2449 2606 2544 2678 qui
2593 2606 2971 2662 habitaculum
3005 2607 3229 2678 quidem
3280 2608 3461 2663 nulla-

1866 2705 2031 2756 tenus
2058 2701 2116 2756 in
2148 2707 2296 2756 terra
2330 2700 2537 2767 habet,
2569 2701 2663 2758 sed
2700 2701 2817 2757 haec
2871 2700 2978 2757 fari
3015 2707 3221 2773 potest,
3255 2700 3461 2758 Nostra

1869 2802 2045 2848 autem
2074 2793 2402 2848 conversatio
2428 2776 2483 2848 iu
2505 2794 2649 2849 caelis
2669 2803 2747 2849 est
2770 2794 2837 2860 ⁸⁸,
2861 2795 3096 2860 dicetur,
3130 2795 3236 2862 Qui
3254 2794 3460 2850 habitat

1865 2883 1919 2938 in
1943 2883 2213 2954 adjutorio
2254 2883 2540 2948 Altissimi,
2565 2885 2622 2939 in
2654 2894 2950 2956 tegumenta
2973 2885 3071 2941 Dei
3099 2887 3214 2940 certi
3234 2902 3462 2941 commo-

1865 2973 2095 3031 rabitur.
2126 2973 2334 3031 Deinde
2367 2973 2516 3029 dicet
2551 2973 2772 3046 quidem
2799 2975 2920 3046 ipse
2947 2973 3202 3039 Domino,
3237 2974 3342 3030 sub
3362 2988 3460 3029 cu-

20 3059 22 3086 '
143 3063 426 3132 ,βοηθείᾳ
458 3060 566 3116 τοῦ
581 3059 888 3129 Ὑψίστου,
913 3058 986 3112 έν
995 3057 1195 3125 σκέπῃ
1219 3055 1326 3111 τοῦ
1355 3056 1506 3111 Θεοῦ
1532 3056 1643 3112 τοῦ
1661 3057 1763 3112 οὐ-

1870 3065 1956 3136 ius
1991 3074 2307 3138 legumento
2359 3065 2610 3122 habitare
2640 3067 2940 3138 cooptavit,
2983 3064 3270 3137 Susceptor
3312 3079 3458 3120 meus

150 3156 364 3228 ρανοῦ
382 3153 841 3224 αὑλισθήσεται.
859 3147 972 3205 Εἶτ’
987 3151 1104 3224 ἐρεῖ
1119 3150 1217 3222 μὲν
1248 3149 1414 3214 αὐτὸς
1441 3148 1523 3222 τῷ
1549 3150 1763 3224 Κυρίῳ,

159 3245 233 3306 οὗ
268 3249 450 3304 εἵλατο
495 3248 774 3304 κατοικεῖν
811 3242 920 3298 ὑπὸ
949 3243 1050 3316 τὴν
1082 3242 1292 3318 σκέπην
1312 3258 1331 3276 ο
1371 3242 1765 3313 Ἀνταήπτωρ

1865 3173 1922 3212 es
1963 3167 2014 3213 et
2039 3157 2301 3229 refugium
2330 3169 2525 3223 meum,
2558 3154 2701 3212 Deus
2727 3173 2893 3225 meus,
2917 3166 2968 3213 et
2990 3158 3214 3228 sperabo
3240 3159 3296 3212 iu
3315 3171 3456 3214 eum.

1866 3247 2004 3304 Cum
2035 3257 2218 3305 autem
2275 3249 2440 3304 talem
2492 3248 2778 3305 custodem
2831 3256 3029 3306 nactus
3062 3249 3156 3314 sit,
3207 3257 3260 3304 et
3293 3249 3459 3304 talem

20 3337 28 3370 ¹
162 3361 298 3416 μου
328 3338 388 3397 εἴ
409 3341 508 3396 καὶ
530 3337 846 3410 καταφυγή
871 3354 1013 3410 μου,
1040 3339 1075 3391 ὁ
1103 3336 1248 3403 Θεός
1269 3353 1413 3406 μου,
1449 3335 1549 3390 καί
1576 3336 1764 3391 ὲλπιῶ

1870 3339 1975 3395 sibi
2008 3347 2344 3396 servatorem
2388 3347 2444 3394 et
2485 3337 2789 3409 adiutorem
2817 3338 3161 3410 ascripserit,
3203 3339 3350 3394 dicet
3377 3338 3459 3394 illi

169 3435 276 3489 ἐπ’
307 3433 510 3488 αὐτόν.
536 3430 882 3504 κτησαμένῳ
907 3429 964 3483 δὲ
993 3428 1143 3504 αὐτῷ
1162 3427 1405 3483 τοιοῦτον
1429 3427 1647 3499 φύλακα
1667 3430 1764 3484 καὶ

174 3525 424 3583 τοιοῦτον
473 3525 692 3596 σωτῆρα
737 3523 833 3578 καὶ
871 3522 1063 3596 βοηθὸν
1095 3521 1532 3596 ὲπιγραψαμένῳ
1565 3521 1763 3596 λεχθή-

182 3638 342 3676 σεται
370 3619 471 3673 ὑπὸ
497 3617 589 3672 τοῦ
625 3617 773 3672 θείου
823 3616 1162 3690 Πνεύματος,
1197 3616 1275 3680 ὡς
1311 3615 1420 3686 ἀρα
1452 3615 1539 3688 εῐη
1592 3614 1764 3687 καλὴν

183 3710 486 3783 εὑράμενος
523 3705 700 3780 ἐαυτῷ
736 3704 931 3778 μερίδα
963 3706 1060 3760 καὶ
1113 3707 1292 3776 τεῖχος
1339 3704 1566 3778 ὀχυρὸν,
1600 3705 1766 3760 δπλον

185 3820 252 3859 τε
285 3804 486 3875 ἄμαχον
511 3801 600 3856 τὸν
639 3799 834 3858 ἑαυτοῦ
883 3800 1111 3872 Κύριον.
1144 3798 1349 3854 Τοῦτον
1378 3799 1489 3872 γὰρ
1525 3797 1667 3869 ἔχων
1704 3797 1764 3852 ὲν

188 3893 425 3964 ἀσφαλεῖ
465 3893 555 3948 καὶ
599 3893 922 3966 ἀμερίμνως
969 3892 1201 3964 οἰκήσει,
1243 3889 1340 3950 ἅτε
1385 3890 1656 3946 κατοικῶν
1705 3891 1764 3944 ὲν

1871 3429 2114 3504 Spiritus
2144 3431 2384 3498 divinus,
2416 3431 2682 3504 optimam
2737 3431 2916 3503 ipsum
2952 3431 3258 3503 portionem
3327 3431 3457 3488 ade—

1871 3536 2025 3600 ptum
2060 3541 2204 3593 esse,
2234 3541 2456 3582 murum
2477 3525 2872 3594 ﬁrmissimum,
2892 3515 3312 3600 inexpugnabile
3333 3539 3462 3580 scu-

1869 3626 2011 3683 tum,
2039 3617 2252 3674 scilicet
2282 3616 2572 3672 Dominum
2613 3631 2798 3674 suum.
2831 3615 2990 3672 Hunc
3009 3616 3212 3688 quippe
3236 3623 3455 3682 nactus,

1866 3709 1924 3767 in
1955 3718 2076 3766 tuto
2102 3717 2160 3766 et
2183 3710 2302 3765 sine
2340 3709 2713 3766 sollicitudine
2743 3707 2924 3780 deget,
2956 3714 3148 3779 utpote
3174 3707 3267 3779 qui
3297 3707 3457 3762 habi-

1867 3809 1946 3859 tet
1991 3803 2048 3858 in
2088 3800 2364 3872 adiutorio
2413 3800 2706 3867 Altissimi,
2733 3808 2790 3858 et
2827 3800 2886 3858 in
2928 3807 3246 3873 legumento
3301 3799 3458 3856 fortis

1867 3896 2257 3948 commoretur.

197 3987 415 4063 βοηθείᾳ
434 3986 522 4041 τοῦ
577 3985 850 4058 Ὑψίστου,
907 3987 1004 4041 καὶ
1035 3987 1096 4042 ὲν
1135 3983 1315 4060 σκέπῃ
1355 3984 1449 4041 τοῦ
1509 3983 1696 4040 ἱκανοῦ
1739 3983 2109 4056 αὐλιζόμενος.

277 4085 338 4138 Εἰ
369 4083 488 4154 γοῦν
513 4099 660 4148 ποτε,
700 4083 885 4156 φησὶν,
926 4083 974 4139 οἱ
1013 4080 1125 4139 τῶν
1169 4080 1526 4155 ἀνθρωπείων
1575 4079 1765 4152 ψυχῶν

205 4176 489 4250 θηρευταὶ,
521 4175 742 4246 ἀφανεῖς
789 4175 883 4232 καὶ
934 4173 1156 4248 ἀόρατοι
1203 4173 1461 4245 δυνάμεις
1508 4173 1651 4228 κατά
1703 4173 1767 4229 τὸ

211 4265 431 4340 σύνηθες
475 4266 649 4329 αὐτοῖς
704 4265 940 4334 παγίδας
999 4264 1272 4338 λαθραίως
1322 4263 1762 4336 ὲγκρύπτοντες,

213 4357 584 4433 προϐάλλεσθαι
613 4357 755 4415 κατὰ
789 4356 884 4412 σοῦ
908 4357 1197 4430 πειρῷντο,
1224 4356 1375 4414 οὐδὲν
1407 4359 1591 4422 αὐτοῖς
1612 4357 1767 4415 ἔσται

215 4451 396 4508 πλέον·
423 4452 498 4504 ὅτι
540 4449 698 4514 αὐτὸς
730 4450 936 4522 Κύριος
965 4449 1188 4521 ῥύσεταί
1222 4466 1282 4502 σε
1316 4449 1382 4503 ἐκ
1411 4449 1637 4519 παγίδος
1669 4449 1767 4522 θην

223 4542 430 4618 ρευτῶν,
461 4544 518 4599 Ἠ
545 4541 725 4613 παγίς
754 4542 1097 4611 συνετρίϐη,
1141 4541 1242 4596 καὶ
1271 4543 1443 4612 ἡμεῖς
1469 4543 1764 4613 ὲῤῥύσθη-

222 4654 345 4708 μεν.
373 4636 429 4689 Ei
452 4634 503 4690 δὲ
545 4633 641 4688 καὶ
677 4632 856 4703 λόγοις
899 4630 1148 4703 θορυϐεῖν
1191 4632 1518 4702 ἐπιχειροῖεν
1593 4631 1766 4696 ἱέντες

231 4729 416 4786 ἑαυτῶν
434 4728 512 4783 τὸν
531 4729 626 4799 τῆς
647 4724 899 4790 ἀσεὸειας
929 4725 1006 4781 ίδν
1027 4723 1115 4778 διά
1134 4726 1235 4798 τῆς
1259 4722 1468 4779 ἑαυτῶν
1490 4722 1765 4798 γλώσσης,

231 4823 355 4880 ἀλλὰ
385 4822 465 4877 καὶ
492 4819 686 4875 τούτων
731 4817 911 4875 αὐτῶν
955 4816 1168 4886 nemp
1203 4815 1409 4889 Κύριος
1435 4815 1648 4889 ἀδλαὸἧ
1675 4815 1768 4872 τὸν

20 4929 26 4970 I
236 4914 408 4972 ἑαυτοῦ
423 4913 680 4988 ἄνθρωπον
701 4909 1076 4982 φυλάξει.⁸’1να
1105 4907 1180 4982 μὴ
1210 4907 1240 4964 ὁ
1273 4908 1512 4980 φλογμὸς
1540 4908 1637 4964 τοῦ
1659 4908 1770 4964 τῶν

238 5005 498 5080 ἀνθρώπων
517 5005 624 5078 βίου
657 5003 754 5057 καὶ
783 5003 813 5058 ό
835 5002 940 5074 τῆς,
951 5000 1152 5064 κακίας
1190 4999 1434 5066 καύσων,
1461 5001 1558 5055 ἐπὶ
1583 5000 1769 5057 πλεῖον

239 5098 518 5164 ὶκκαυθεὶς,
553 5097 725 5172 ἐξάψῃ
752 5095 820 5151 τά
865 5095 1012 5152 κακά
1052 5093 1194 5152 κατά
1227 5092 1325 5149 τοῦ
1368 5093 1464 5164 τῆς
1489 5091 1770 5156 εὐσεϐείας

242 5191 699 5267 ἀθλητοῦ,θεσπίζει
713 5191 936 5262 φάσκων
965 5191 990 5244 δ
1013 5187 1172 5259 λόγος
1207 5186 1356 5259 αὐτῷ
1370 5204 1386 5219 ο
1405 5187 1502 5239 Ἐν
1523 5186 1648 5253 τοῖς
1661 5203 1768 5256 με-

245 5287 509 5358 ταφρένοις
557 5285 742 5341 αὑτοῦ
786 5282 1133 5338 ἐπισκιάσει
1181 5299 1281 5338 σοι
1301 5321 1316 5344 ,
1362 5279 1464 5338 καὶ
1497 5279 1618 5336 ὑπὸ
1658 5279 1767 5347 τὰς

249 5380 498 5451 πτέρυγας
519 5377 698 5434 αὐτοῦ
730 5375 1056 5442 Marsici!
1081 5374 1140 5430 δὲ
1168 5373 1264 5430 καὶ
1298 5371 1575 5444 πολεμίων
1601 5370 1764 5442 στίφη

251 5471 561 5546 πεπυρωμένα
599 5470 693 5528 καὶ
719 5466 1074 5539 θανατηφόρα
1095 5465 1223 5538 βέλη
1247 5465 1421 5534 λόγων
1441 5464 1652 5535 ψευδῶν
1671 5463 1768 5520 καὶ

255 5565 339 5640 τῆς
355 5565 564 5639 ἀληθείας
581 5563 840 5618 ὲναντίων
855 5559 1126 5626 ἀκοντίζοι
1142 5558 1284 5613 κατά
1301 5558 1398 5612 τοῦ
1414 5559 1575 5629 δηλου
1584 5557 1769 5629 μένου,

260 5659 392 5725 αὐτὸς
415 5660 493 5732 μὲν
524 5656 780 5730 ὴσυχάσει
812 5655 964 5727 νόμῳ
1002 5653 1136 5724 θείῳ
1185 5652 1498 5724 πειθαρχῶν
1534 5653 1766 5722 λέγοντι·

267 5750 437 5826 Κύριος
465 5746 772 5819 πολεμήσει
808 5745 962 5815 ὑπὲρ
997 5743 1164 5812 ὑμῶν
1185 5783 1199 5806 ,
1241 5744 1341 5798 καὶ
1383 5742 1554 5811 ὑμεῖς
1592 5742 1767 5812 σιγή-

329 5907 366 5942 ⁸⁸
395 5903 551 5972 Philip.
588 5920 679 5971 ιιι,
711 5903 801 5958 ‘20.
880 5902 922 5934 ε’
967 5899 1114 5958 Psal.
1153 5906 1319 5956 cum
1345 5939 1358 5966 ,
1394 5899 1446 5956 Ἰ.

1946 4080 2007 4141 Si
2035 4081 2220 4151 itaque
2239 4078 2341 4145 illi,
2372 4087 2472 4144 ait,
2492 4078 2860 4134 humanarum
2887 4077 3192 4134 animarum
3235 4086 3458 4133 venato-

1873 4191 1988 4241 res,
2011 4173 2315 4231 invisibiles
2331 4173 2544 4230 scilicet
2565 4179 2622 4228 et
2650 4170 2880 4228 occulta:
2902 4169 3159 4235 virtutes,
3188 4183 3287 4240 pro
3307 4183 3460 4224 more

1873 4268 2040 4325 solito
2066 4267 2292 4338 laqueos
2323 4265 2464 4322 clam
2508 4263 2875 4329 occultantes,
2905 4269 2962 4318 te
3000 4276 3241 4332 unquam
3270 4275 3460 4332 aggre-

1872 4361 2119 4424 diantur,
2163 4357 2301 4415 nihil
2352 4355 2595 4428 proderit
2645 4354 2755 4412 illis
2795 4373 2810 4410 :
2856 4353 2983 4424 quia
3031 4353 3149 4424 ipse
3196 4352 3460 4407 Dominus

1870 4459 2030 4510 eruet
2059 4459 2114 4508 te
2127 4451 2194 4508 de
2223 4451 2420 4524 laqueo
2447 4447 2788 4512 venantium,
2816 4445 3056 4518 Laqueus
3083 4445 3342 4501 contritus
3357 4452 3458 4510 est,

1871 4556 1922 4601 et
1952 4562 2047 4600 nos
2079 4541 2292 4599 liberati
2317 4557 2502 4598 sumus
2536 4541 2602 4596 ⁸³.
2648 4539 2806 4608 Quod
2848 4541 2894 4598 si
2940 4553 3067 4595 eum
3113 4537 3462 4618 sermonibus

1873 4653 2095 4710 quoque
2138 4635 2364 4692 turbare
2393 4633 2758 4699 tentaverint,
2804 4632 3103 4704 impietatis
3163 4646 3278 4687 suae
3310 4631 3462 4686 virus

1872 4729 2059 4801 lingua
2114 4728 2462 4791 emittentes,
2526 4725 2614 4781 bis
2670 4725 2835 4782 etlam
2891 4722 3121 4780 illaesum
3182 4721 3458 4778 hominem

1870 4835 2034 4876 suum
2064 4818 2330 4877 Dominus
2360 4817 2621 4876 servabit.
2651 4815 2732 4873 Ac
2765 4831 2833 4872 ne
2863 4815 3116 4872 humana:
3149 4815 3274 4871 vita:
3291 4820 3462 4869 aestus

1869 4923 1926 4970 et
1956 4912 2121 4968 ardor
2151 4911 2375 4968 malitias
2405 4909 2578 4982 magis
2626 4908 2913 4981 magisque
2939 4908 3232 4972 incensus,
3267 4913 3460 4962 contra

1869 5001 2090 5074 pietatis
2121 5001 2382 5058 athletam
2396 4999 2540 5056 mala
2557 4999 2880 5066 succendat,
2907 4998 3024 5054 haec
3047 5012 3229 5054 sermo
3246 4995 3351 5065 ipsi
3368 5009 3460 5048 va-

1870 5093 2155 5150 ticinatur:
2174 5091 2243 5146 In
2271 5089 2502 5158 scapulis
2522 5091 2634 5145 suis
2655 5087 2989 5144 obumbrabit
3013 5089 3131 5152 tibi,
3146 5096 3196 5142 et
3211 5086 3306 5142 sub
3337 5100 3460 5140 uen-

1871 5186 1956 5241 uis
1978 5184 2094 5256 ejus
2115 5181 2374 5253 sperabis.
2395 5179 2553 5248 Quod
2569 5181 2617 5238 si
2652 5179 3003 5237 inimicorum
3027 5177 3268 5251 agmina,
3289 5177 3458 5248 ignita

1871 5285 1928 5335 et
1974 5275 2227 5336 lethifera
2276 5273 2624 5330 mendacium
2657 5280 2870 5329 etcum
2914 5287 3047 5328 vero
3093 5269 3457 5344 pugnantium

1873 5383 2191 5428 sermonum
2212 5367 2319 5424 tela
2341 5367 2658 5438 iaculentur
2677 5366 2944 5423 adversus
2965 5368 3326 5420 memoratum
3359 5361 3458 5416 ho-

1873 5463 2100 5529 minem,
2129 5462 2223 5520 ille
2247 5461 2472 5534 quidem
2497 5460 2768 5532 quiescet,
2799 5457 3001 5514 divinae
3045 5456 3150 5529 legi
3178 5455 3458 5528 obtempe-

1872 5571 2008 5612 rans
2039 5571 2163 5626 quae
2189 5554 2267 5610 ait
2317 5573 2332 5610 :
2381 5553 2641 5609 Dominus
2670 5567 2767 5621 pro
2795 5550 2939 5607 vobis
2984 5546 3258 5620 pugnabit,
3289 5555 3341 5603 et
3370 5563 3459 5603 vos

1876 5645 2118 5702 tacebitis
2176 5661 2196 5700 :
2233 5652 2563 5716 opportune
2619 5653 2804 5700 autem
2865 5641 2972 5712 ipsi
3004 5640 3206 5697 dicitur
3242 5657 3257 5694 :
3295 5635 3458 5695 Scuto

1874 5738 2222 5795 circumdabit
2272 5749 2319 5794 te
2349 5739 2544 5795 veritas
2601 5737 2738 5807 ejus.
2801 5735 2922 5806 ipsa
2975 5748 3212 5806 namque
3253 5731 3456 5792 Christi

903 6495 1060 6522 La...
