3972 6812
11 510 115 549 τα
186 496 301 553 δὲ
348 497 459 554 τὰ
492 497 692 564 ἑνικῶς
715 497 887 555 εἰπὼν
905 498 981 566 ὡς
1008 499 1147 574 πρὸς
1171 502 1268 558 ἕνα
1291 506 1432 572 τινὰ,
1462 507 1687 561 ἐπισυν-

12 604 95 642 ar.
158 589 349 664 λὲγ
360 610 493 658 ων,
535 593 660 647 Ὅτι
683 592 787 659 σὺ,
824 595 1021 665 Κύριε,
1037 597 1214 664 ἐλπίς
1221 615 1362 667 μου,
1384 599 1491 653 τὸν
1512 600 1681 670 ’Υψι-

12 696 87 733 ν
133 681 390 740 ἔθου
437 685 804 756 καταφυγήν
821 701 939 743 σου
955 705 969 719 ο
994 687 1306 758 σαφέστατα
1330 688 1680 763 παρίσταται,

38 768 202 824 Κὺ
217 789 409 845 ριος
456 767 532 844 ἦν
563 772 701 844 πρὸς
727 773 787 827 ὃν
809 774 982 829 ταῦτα
1011 776 1188 830 πάντα
1212 776 1448 848 ἐλέγετο.
1498 780 1682 853 Μηδε-

12 862 76 925 rx.-
127 862 261 931 γά
271 882 329 936 ρ
387 864 669 935 δωμέσου
698 864 998 939 ἑναλλαγῆς
1030 867 1323 940 προσώπου
1362 870 1682 944 γενομένης,

11 952 271 1025 ⁵’ἦψεν
312 958 363 1012 ὁ
421 957 593 1028 λόγος
623 958 729 1013 ὑπὸ
778 959 907 1030 μίαν
937 958 1173 1014 διάνοιαν
1205 959 1283 1024 ὡς
1311 960 1448 1032 πρὸς
1488 962 1583 1015 ἕνα
1614 963 1686 1018 τὰ

13 1062 171 1099 vra.
200 1063 228 1078 ο
288 1047 660 1123 παρέστησέ
688 1067 747 1103 τε
780 1049 865 1114 τίς
913 1067 1043 1104 ποτε
1090 1046 1160 1123 ἦν
1184 1044 1361 1116 οὗτος,
1408 1051 1687 1123 διασαφῶν

12 1138 91 1209 ᾗς
143 1140 307 1195 καὶ
355 1141 592 1213 λέγων·
628 1142 750 1196 Ὅτι
787 1141 905 1208 σὺ,
939 1143 1149 1213 Κύριε,
1181 1142 1360 1210 ἐλπίς
1392 1162 1545 1214 μου,
1579 1145 1687 1200 τὸν

18 1234 385 1300 vneror
422 1235 577 1291 ἔθου
624 1231 980 1305 καταφυγήν
1021 1248 1159 1291 σου.
1207 1235 1424 1308 Ἐπειδὴ
1454 1235 1561 1311 γὰρ
1595 1236 1683 1302 σὺ,

12 1321 164 1389 ⁵τήν
193 1361 219 1389 ,
267 1318 343 1379 ὦ
386 1324 611 1397 Κύριε,
645 1325 732 1395 ἐφ’
758 1324 819 1379 ὃν
847 1322 959 1394 ἐγὼ
990 1324 1194 1397 ἤλπισα
1216 1363 1232 1389 ,
1264 1326 1358 1381 τὸν
1402 1326 1683 1397 Ὕψιστον,

16 1412 220 1485 λαδὴ
248 1414 386 1469 τὸν
420 1414 693 1469 ἀνωτάτω
712 1414 874 1480 Θεὸν,
903 1415 999 1470 καὶ
1024 1414 1224 1470 σαυτοῦ
1246 1416 1487 1490 Πατέρα,
1515 1435 1685 1473 κατα-

13 1503 189 1579 ιγὴν
247 1504 425 1560 ἔθου
462 1506 696 1560 σεαυτοῦ
717 1546 732 1573 ,
762 1505 852 1560 διὰ
875 1504 1037 1562 τοῦτο
1065 1507 1126 1561 οὐ
1153 1507 1577 1580 προσελεύσεταί
1604 1527 1687 1565 σοι

20 1610 105 1648 τε
139 1594 427 1666 χιλιὰς,
457 1593 589 1649 οὔτε
617 1594 839 1670 μυριὰς,
871 1594 995 1650 οὔτε
1021 1595 1250 1666 παγίδες
1270 1595 1569 1671 Θηρευτῶν,
1597 1598 1688 1653 οὗ·

40 1704 123 1742 τι
167 1687 438 1762 ἕτερον
459 1688 575 1744 τῶν
595 1688 1099 1761 κατηριθμημένων
1116 1707 1131 1721 ο
1160 1690 1257 1745 καὶ
1279 1689 1576 1764 ἐπειδήπερ
1597 1692 1685 1757 σὺ,

12 1778 165 1834 ’Κὺ
177 1796 328 1853 ριε,
374 1775 440 1835 εἴ
466 1797 572 1853 μου
592 1778 687 1834 τοῦ
715 1777 890 1834 ταῦτα
909 1780 1158 1851 λέγοντος
1184 1780 1362 1846 ἐλπὶς,
1394 1782 1689 1854 Terre-:-

12 1856 168 1926 itor
213 1870 409 1928 ἔθου
446 1871 808 1944 καταφυγήν
831 1887 949 1930 σου
970 1890 985 1905 ο
1020 1872 1110 1928 διὰ
1138 1871 1299 1928 τοῦτο
1326 1874 1422 1928 καὶ
1441 1874 1680 1947 ἀρχόμε-

12 1950 85 2030 ’δς
141 1963 402 2035 ελεγον
455 1964 589 2038 περὶ
643 1965 761 2031 σοῦ,
798 1967 855 2020 '0
879 1965 1173 2022 κατοικῶν
1195 1967 1266 2022 έν
1288 1966 1553 2037 βοηθείᾳ
1576 1968 1684 2024 τοῦ

12 2056 412 2126 Ὑψίστου,
429 2057 492 2129 ἢ,
508 2056 572 2111 '0
587 2056 922 2128 καθήμενος
933 2058 1003 2113 ἐν
1020 2058 1347 2128 ἀποκρύφῳ
1359 2058 1376 2080 ⁹
1386 2059 1653 2129 Υψίστου
1666 2075 1683 2093 ο

18 2148 385 2221 ττειδήπερ
432 2150 498 2203 ὲν
533 2150 865 2223 ἀπορρήτοις
908 2150 1004 2205 καὶ
1044 2151 1390 2223 ἀποκρύφοις
1433 2150 1686 2223 σύνεδρόν

12 2236 66 2294 λε
109 2241 243 2295 καὶ
297 2240 614 2314 σύνθρονον
644 2243 673 2296 6
705 2241 964 2312 ’Υψιστος
995 2242 1307 2316 ἐποιήσατο,
1336 2243 1519 2315 φήσας
1544 2243 1686 2315 πρὸς

14 2331 113 2387 τέο
191 2332 441 2389 Κάθου
476 2334 546 2389 ἐκ
574 2332 695 2388 τῶν
725 2333 940 2399 δεξιῶν
962 2351 1116 2404 μου,
1152 2334 1264 2402 ἕως
1306 2334 1385 2389 ἂν
1421 2332 1503 2389 θῶ
1543 2334 1687 2402 τοὺς

12 2418 331 2496 ζχορούς
363 2440 493 2483 σου
516 2427 855 2482 ὑποπόδιον
884 2427 1005 2482 τῶν
1036 2426 1241 2482 ποδῶν
1266 2444 1406 2482 σου.

12 2514 17 2543 τ
102 2516 271 2588 ’Υψί
278 2534 426 2572 στου
442 2517 643 2595 δὲονοου
650 2518 811 2591 μένου
827 2519 886 2573 ὲν
904 2518 1115 2583 τούτοις
1132 2517 1226 2573 τοῦ
1243 2519 1522 2574 ἀνωτάτου
1546 2517 1684 2573 Θεοῦ

12 2606 147 2662 Γτῶν
188 2609 363 2664 ὅλων
381 2626 397 2641 ο
427 2609 639 2680 Κυρίου
666 2609 724 2663 δὲ
749 2609 882 2664 Υἱοῦ
910 2608 1006 2664 τοῦ
1033 2609 1189 2676 Θεοῦ,
1217 2609 1277 2669 ὃς
1306 2608 1398 2665 τὸν
1418 2609 1685 2681 Ὕψιστον

12 2698 207 2755 ἔθετο
245 2701 593 2771 καταφυγὴν
619 2699 807 2766 αὑτοῦ,
837 2701 1065 2766 εἰκότως
1101 2701 1196 2755 καὶ⁵
1214 2701 1455 2773 Μωῦσῆς
1476 2701 1556 2773 τῷ
1588 2702 1688 2757 αὐ-

12 2787 122 2860 ιτῷ
147 2787 310 2860 θείῳ
332 2788 482 2843 Πνεύ
490 2807 619 2860 ματι
635 2789 897 2862 θεοφορού
905 2804 1066 2861 μενος
1089 2791 1369 2846 ἐδίδασκεν
1388 2792 1446 2844 ὲν
1471 2792 1686 2866 μεγάλῃ

12 2876 167 2951 ᾠδῇ
198 2877 434 2948 λέγων·
492 2880 633 2934 Ὅτε
663 2878 981 2950 διεμέριζεν
1011 2883 1045 2936 ό
1074 2881 1371 2951 ’Υψιστος
1398 2883 1543 2951 ἔθνη
1563 2921 1579 2947 ,
1605 2883 1687 2950 ὡς

12 2967 437 3038 εδιέσπειρεν
465 2969 636 3037 υἱοὺς
668 2969 862 3040 Ἀδὰμ,
890 2970 1157 3041 ἔστησεν
1176 2971 1306 3040 ὅρια
1323 2972 1513 3027 ἐθνῶν
1537 2973 1688 3028 κατὰ

12 3061 344 3133 ;ᾱριθμὸν
363 3061 636 3133 ἀγγέλων
659 3060 828 3117 Θεοῦ.
853 3061 964 3119 Kal
986 3061 1241 3133 ἐγενήθη
1260 3062 1444 3133 μέρος
1461 3066 1687 3133 Κυρίου

12 3174 19 3201 =
48 3153 227 3223 ,λαὸς
247 3154 446 3210 αὑτοῦ
481 3154 696 3220 Ἰακὼϐ,
720 3154 1052 3225 σχοίνισμα
1073 3156 1478 3225 κληρονομίας
1499 3155 1688 3211 αὐτοῦ

12 3265 25 3296 :
68 3242 368 3314 Ἰσραήλ.
394 3242 495 3297 Διὰ
517 3241 722 3297 τούτων
759 3244 892 3313 γοῦν
940 3244 1035 3298 καὶ
1064 3246 1095 3299 6
1126 3245 1373 3315 Μωῦσῆς
1424 3246 1686 3317 ’Υψιστον

12 3340 25 3393 i
61 3334 283 3407 σαφῶς
304 3337 569 3408 προσεῖπε
609 3336 703 3390 τὸν
732 3336 1033 3407 ἀγέννητον
1062 3336 1195 3391 Θεὸν
1218 3376 1233 3401 ,
1267 3336 1589 3409 διανέμοντα
1617 3340 1685 3392 τὰ

18 3456 23 3481 λ
65 3427 176 3481 ἐπὶ
190 3427 309 3499 γῆς
332 3426 458 3499 ἔθνη
475 3430 587 3492 τοῖς
608 3426 804 3481 ἑαυτοῦ
828 3426 1080 3497 ἀγγέλοις
1096 3445 1110 3459 ο
1139 3428 1347 3501 Κύριον
1364 3430 1424 3484 δὲ
1446 3429 1538 3484 τὸν
1558 3429 1686 3483 Υίδν

12 3566 17 3577 .
67 3519 186 3574 τοῦ
205 3517 481 3585 Θεοῦ,τὺν
504 3518 656 3591 παρὰ
676 3516 771 3572 τοῦ
820 3519 1036 3591 Πατρδς
1064 3519 1156 3573 τὸν
1191 3520 1405 3592 Ἰσραὴλ
1434 3521 1687 3575 ὑποδεδε-

12 3638 23 3673 ι
78 3609 332 3682 γμένον.
360 3610 531 3675 Αὐτὸς
552 3610 597 3664 δ’
619 3607 713 3664 οὖν
732 3601 887 3673 οὗτος
918 3610 948 3662 6
971 3609 1176 3683 Κύριος
1204 3611 1297 3667 καὶ
1322 3610 1411 3665 διὰ
1423 3612 1532 3666 τῶν
1554 3629 1687 3684 προ-

12 3736 22 3769 ι
77 3700 370 3773 κειμένων
398 3702 455 3754 ὲν
484 3699 705 3772 βοηθείᾳ
726 3698 822 3753 τοῦ
853 3698 1114 3769 Ὑψίστου
1142 3705 1420 3757 κατοικεῖν
1445 3704 1683 3774 ἐλέγετο,

12 3832 23 3863 τ
84 3793 428 3864 καταφυγήν
453 3810 512 3846 τε
545 3792 738 3847 ἑαυτοῦ
764 3793 854 3848 τὸν
876 3793 1144 3863 ’Ὕψιστον
1164 3792 1457 3858 τεθεῖσθαι,
1485 3794 1685 3870 δηλαδὴ

12 3872 17 3881 ’
83 3880 187 3935 τὸν
215 3881 413 3935 ἑαυτοῦ
466 3881 711 3954 Πατέρα.
746 3882 840 3935 Διὸ
871 3881 1120 3936 λέλεκται
1154 3882 1291 3954 πρὸς
1320 3884 1511 3939 αὐτόν’
1565 3887 1687 3941 Ὅτι

12 4040 19 4049 t
94 3972 182 4027 σὺ
207 4014 224 4040 ,
250 3974 457 4041 Κύριε,
491 3974 666 4040 ἐλπίς
692 3992 844 4043 μου,
874 3975 982 4030 τὸν
1013 3976 1304 4044 Ὕψιστον
1329 3977 1471 4032 ἔθου
1500 3995 1683 4034 κατα-

12 4060 21 4143 ς
99 4059 315 4132 φυγήν
340 4076 469 4117 σου.
528 4064 678 4117 Ἐπεὶ
701 4064 759 4118 δὲ
803 4064 1234 4136 Ἰουδαῖκιὶιτερον
1259 4067 1289 4119 6
1330 4066 1561 4133 Ἀκύλας
1593 4070 1687 4123 καὶ

107 4152 138 4206 6
159 4152 450 4225 Σύμμαχος
474 4155 575 4225 τὴν
606 4155 898 4225 ἑρμηνείαν
929 4157 1271 4212 ὲκτεθείκασι
1291 4198 1306 4223 ,
1342 4159 1686 4232 ὑφορώμενοι

12 4228 21 4262 ί
109 4245 173 4300 τὺ
210 4248 340 4317 περὶ
379 4246 464 4300 τοῦ
510 4248 760 4318 Ὑψίστου
793 4250 889 4301 καὶ
921 4252 1051 4321 περὶ
1072 4250 1167 4304 τοῦ
1195 4228 1401 4322 Κυρίου
1431 4228 1686 4309 ἀποδεδο-

120 4338 283 4412 μένον
314 4340 434 4411 ἡμῖν
471 4340 678 4411 δόγμα·
715 4342 811 4394 καὶ
839 4342 869 4393 ὁ
916 4343 1014 4412 μὲν
1069 4344 1300 4409 Ἀκύλας
1342 4347 1690 4417 ἡρμήνευσεν

12 4412 23 4446 ³
118 4428 318 4484 εἰπών’
351 4430 467 4485 Ὅτι
496 4430 599 4493 σὺ,
620 4431 818 4499 Κύριε,
849 4431 1026 4500 ἐλπίς
1047 4451 1199 4503 μου,
1252 4412 1518 4504 ὕψιστον
1559 4437 1689 4507 ἔθη-

12 4508 19 4540 ⁵
123 4537 203 4575 κα
252 4520 692 4591 κατοικητήριόν
722 4535 872 4576 σουο
914 4524 944 4577 6
986 4523 1043 4576 δὲ
1084 4524 1408 4596 Σύμμαχος·
1444 4527 1528 4581 Σὺ
1555 4527 1685 4597 γὰρ,

12 4598 22 4633 ⁵
130 4612 256 4678 Θεέ,
285 4612 484 4683 ἀφοϐία
522 4630 668 4682 μου,
701 4614 975 4683 ὐψίστην
1006 4614 1149 4670 ἔθου
1186 4614 1302 4684 τὴν
1332 4616 1690 4683 κατοίκησίν

132 4720 273 4761 σουο
308 4705 550 4777 τηρητέον
588 4705 805 4777 πρῶτον
837 4705 935 4776 μὲν
961 4744 977 4769 ,
1019 4705 1095 4769 ὡς
1137 4707 1171 4778 ἡ
1209 4706 1432 4777 πέμπτη
1478 4706 1689 4772 ἔκδοσις

12 4790 19 4869 ξ
138 4797 342 4869 συνᾴδει
368 4799 468 4860 τοῖς
497 4796 930 4868 Ἐσδομήκοντα,
971 4797 1194 4868 φήσασα
1224 4796 1319 4850 καὶ
1341 4796 1511 4868 αὑτήο
1560 4797 1689 4851 Ὅτι

136 4888 239 4954 σὺ,
263 4888 438 4957 Κύριε,
458 4887 629 4954 ἐλπίς
652 4905 792 4956 μου,
817 4887 925 4942 τὸν
951 4890 1241 4957 Ὕψιστον
1262 4887 1405 4944 ἔθου
1432 4903 1690 4958 καταφυ-

142 4978 253 5050 γήν
278 4992 383 5033 σου
402 4995 413 5008 ’
442 4977 720 5051 δεύτερον,
752 4978 829 5044 ὼς
861 4981 894 5051 ἠ
936 4978 1202 5053 Ἐὁραῖκὴ
1238 4978 1390 5051 φωνὴ
1409 5018 1425 5043 ,
1473 4979 1688 5038 Ἐλίων

142 5070 441 5145 περιέχουσα
468 5070 558 5124 τὸν
588 5069 846 5141 Ὕψιστον
868 5070 1037 5142 δηλοῖ.
1068 5068 1317 5143 Εὕρομεν
1344 5069 1479 5140 γοῦν
1502 5070 1560 5123 ὲν
1586 5076 1683 5135 νς⁹

145 5162 331 5237 ψαλμῷ
354 5163 579 5236 κείμενον
602 5163 665 5218 τὸ
683 5204 698 5228 ,
717 5163 1087 5234 Κεκράξομαι
1109 5162 1261 5232 πρὸς
1280 5162 1388 5217 τὸν
1407 5162 1556 5217 Θεὸν
1578 5162 1686 5217 τὸν

147 5257 411 5328 ὕψιστονο
440 5254 563 5310 ἔνθα
595 5255 717 5310 ἀντὶ
744 5253 839 5308 τοῦ
862 5294 877 5319 ,
903 5253 1010 5308 τὸν
1041 5253 1340 5324 ὕψιστον,
1369 5253 1433 5307 τὸ
1465 5252 1683 5325 Ἑϐραῖ-

153 5349 240 5405 κδν
297 5347 481 5404 Ἐυίίων
532 5346 797 5419 περιέχει,
846 5347 923 5410 ὡς
967 5346 1062 5400 καὶ
1120 5346 1215 5399 ἐπὶ
1262 5344 1358 5407 τοῦ
1396 5344 1681 5418 παρόντος.

155 5441 259 5495 Οὐκ
282 5440 375 5509 ἄρα
397 5437 488 5511 χρὴ
517 5436 872 5509 βιαζομένους
909 5438 1010 5509 τὴν
1036 5435 1295 5507 ἀλήθειαν
1317 5433 1683 5506 διαστρέφειν.

159 5530 260 5587 Καὶ
300 5528 445 5591 ἄλλως
471 5526 557 5592 δὲ,
587 5528 744 5598 είπερ
783 5524 923 5580 κατὰ
955 5523 1046 5579 τὸν
1092 5523 1324 5578 ’Δκύλαν
1358 5525 1498 5597 πρὸς
1525 5522 1688 5577 αὑτὸν

165 5621 246 5675 τδν
289 5618 458 5691 Κύριον
503 5617 776 5685 λέλεκται,
882 5616 1008 5671 Ὅτι
1062 5614 1183 5680 σὺ,
1247 5616 1460 5685 Κύριε,
1512 5614 1688 5681 ἐλπίς

170 5729 291 5784 μου,
348 5710 583 5780 ὕψιστον
632 5709 825 5783 ἔθηκα,
862 5707 1208 5779 οἰκητήριον
1253 5721 1401 5762 σου·
1458 5704 1492 5778 ἦ
1548 5706 1688 5762 κατὰ

236 5865 276 5899 ⁷³
306 5861 424 5923 Psal.
452 5877 567 5929 crs,
601 5863 654 5920 Ι.
728 5863 775 5897 ’³
814 5860 970 5920 Deut.
1004 5877 1152 5919 mm
1176 5902 1192 5924 ,
1230 5863 1282 5922 8.
1322 5861 1375 5918 9.
1453 5862 1499 5896 “
1552 5861 1696 5919 Psal.

1225 393 1733 449 CUMMEN'I‘ARIA
1772 396 1838 449 ΞΝ
1879 397 2219 453 ιιδΑιιΜυε.

3225 402 3363 452 ίιῖου

1716 515 1763 571 Α
1790 511 1872 565 sic
1905 508 2069 567 infert
2101 507 2401 577 :Quoniam
2431 514 2491 562 tu
2515 524 2591 574 es,
2626 506 2868 576 Domine,
2893 524 3006 579 spes
3029 524 3165 571 mea.
3198 511 3366 564 Attis—

1782 597 1976 649 simunt
2018 597 2241 665 posuisti
2286 597 2546 668 refugium
2582 606 2765 661 tuum;
2812 598 3161 669 apertissime
3182 599 3364 654 decla-

1782 698 1913 740 rans
1934 683 2223 740 Dominum
2252 700 2373 741 esse
2397 684 2465 739 ad
2480 700 2641 757 quem
2666 685 2781 741 haec
2812 687 2993 742 omnia
3015 687 3360 742 dicebautur.

1782 772 1919 828 Cum
1953 775 2105 829 nulla
2149 773 2296 830 enim
2332 774 2388 829 in
2428 773 2609 829 medio
2652 790 2900 845 persona:
2947 776 3179 831 mutatio
3217 776 3363 831 facta

1784 865 1877 933 sit,
1915 866 2099 921 omnia
2130 881 2239 920 una
2271 867 2561 931 sententia,
2595 868 2750 937 quasi
2801 868 2892 922 uni
2934 868 3105 930 dicta,
3137 869 3365 924 eouein-

1784 965 1913 1014 nata
1940 966 2089 1022 sunt,
2119 972 2186 1011 ac
2224 958 2311 1015 his
2349 957 2533 1014 verbis
2564 957 2710 1014 clare
2740 958 3082 1030 signiﬁcatur
3110 958 3327 1015 deelara
3348 988 3361 999 -

1785 1058 1981 1122 turque
2012 1051 2136 1120 quis
2173 1050 2264 1106 ille
2295 1050 2367 1106 sit
2401 1068 2414 1102 :
2442 1050 2706 1117 Quoniam
2739 1058 2795 1104 tu
2839 1067 2915 1116 es,
2960 1049 3205 1117 Domine,
3246 1065 3362 1121 spes

1784 1160 1923 1207 mea,
1947 1142 2281 1197 Altissimum
2312 1143 2538 1211 posuisti
2558 1142 2820 1214 refugium
2841 1152 3010 1198 tuum.
3030 1142 3169 1209 Quia
3191 1143 3359 1207 enim,

1785 1232 1983 1304 inquit,
2030 1240 2113 1298 tu,
2161 1231 2408 1296 Domine,
2443 1233 2500 1287 in
2540 1248 2703 1305 quem
2748 1248 2849 1305 ego
2886 1234 3121 1304 speravi,
3147 1234 3364 1289 Altissi-

1784 1338 1955 1388 mum,
2005 1323 2060 1378 id
2110 1330 2194 1379 est
2229 1337 2547 1394 supremum
2603 1322 2777 1378 Deum
2819 1333 2873 1380 et
2928 1323 3145 1380 Patrem
3184 1332 3361 1390 tuum,

1785 1414 2053 1487 refugium
2087 1425 2239 1470 tuum
2287 1414 2546 1487 posuisti,
2586 1414 2710 1471 ideo
2740 1430 2851 1471 non
2882 1415 3145 1472 accedent
3180 1415 3246 1471 ad
3283 1426 3359 1479 te,

1784 1523 1963 1580 neque
1994 1507 2186 1572 millia,
2221 1523 2400 1579 neque
2430 1507 2616 1565 decem
2667 1508 2858 1573 millia,
2906 1524 3008 1564 nec
3058 1509 3236 1579 laquei
3269 1524 3364 1563 ve-

1785 1602 2056 1667 nantium,
2089 1616 2265 1672 neque
2303 1600 2449 1656 aliud
2493 1599 2772 1672 quidpiam
2820 1616 2887 1657 ex
2921 1600 3275 1656 memoratis:
3309 1608 3366 1656 et.

1787 1694 1914 1767 quia
1940 1702 2021 1760 tu,
2063 1693 2310 1760 Domine,
2342 1708 2468 1765 spes
2507 1694 2613 1750 mei
2645 1709 2706 1751 es
2736 1693 2852 1749 haec
2881 1692 3112 1749 dicentis
3147 1712 3159 1748 :
3195 1693 3364 1747 Altis-

1787 1785 1983 1840 simum
2008 1786 2234 1855 posuisti
2264 1785 2527 1857 refugium
2559 1794 2749 1849 tuum;
2788 1784 2911 1841 ideo
2953 1784 3111 1838 initio
3155 1797 3364 1839 sermm

1786 1875 1873 1933 nis
1903 1876 1971 1931 de
2000 1883 2053 1931 te
2097 1875 2346 1932 dicebam
2384 1893 2399 1929 :
2435 1875 2540 1942 Qui
2563 1875 2768 1930 habitat
2810 1875 2868 1929 in
2901 1874 3168 1946 adjutorio
3199 1875 3365 1931 Altis-

1786 1967 1928 2030 simi,
1964 1962 2059 2022 aut
2087 1983 2101 2021 :
2137 1966 2243 2035 Qui
2264 1966 2471 2021 habitat
2493 1968 2548 2021 in
2578 1966 2887 2022 abscondito
2916 1968 3201 2030 Altissimi,
3233 1969 3363 2039 quia

1785 2056 1843 2113 in
1871 2058 2090 2114 arcanis
2121 2066 2175 2114 et
2204 2058 2439 2116 occultis
2475 2066 2530 2115 te
2566 2058 2884 2116 Altissimus
2912 2059 3059 2116 sedis
3096 2067 3151 2115 et
3179 2059 3362 2114 throni

1784 2157 2099 2208 consortem
2121 2149 2321 2217 effecit,
2352 2159 2409 2207 te
2444 2152 2527 2208 sic
2566 2152 2853 2222 alloquens
2891 2171 2905 2207 :
2936 2150 3070 2208 Sede
3098 2170 3129 2206 a
3159 2151 3362 2207 dextris

1785 2241 1938 2306 meis,
1979 2238 2143 2295 donec
2180 2256 2374 2311 ponam
2416 2242 2659 2299 inimicos
2692 2253 2809 2299 tuos
2857 2243 3143 2301 scabellum
3176 2244 3366 2317 pedum

1788 2344 1999 2389 tuorum
2020 2335 2091 2389 ".

1855 2492 1994 2549 Cum
2038 2501 2219 2550 autem
2248 2493 2565 2553 Altissimus
2586 2494 2678 2552 hic
2707 2511 2807 2567 pro
2837 2512 3097 2569 supremo
3120 2498 3365 2554 omnium

1786 2582 1898 2641 Deo
1926 2583 2292 2658 intelligatur;
2346 2586 2611 2643 Dominus
2664 2593 2848 2643 autem
2911 2604 3012 2660 pro
3067 2586 3206 2643 Filio
3249 2586 3366 2653 Dei,

1785 2676 1881 2747 qui
1919 2676 2263 2734 Allissimum
2295 2680 2478 2749 posuit
2511 2680 2782 2751 refugium
2825 2686 3025 2750 Suum;
3048 2681 3176 2751 jure
3222 2680 3372 2753 Moy-

1787 2781 1878 2823 ses
1898 2765 2144 2837 ejusdem
2177 2766 2418 2838 Spiritus
2432 2768 2658 2825 numine
2678 2769 2893 2825 afﬂatus
2919 2770 2973 2823 in
2996 2785 3196 2842 magno
3238 2784 3372 2825 can-

1785 2863 1894 2919 tico
1928 2863 2043 2918 hac
2082 2862 2267 2918 docuit
2301 2882 2315 2917 :
2347 2862 2573 2931 Quando
2612 2862 2879 2918 dividebat
2910 2863 3216 2918 Altissimus
3245 2878 3373 2935 geu-

1787 2965 1883 3019 tes,
1914 2965 1974 3010 ut
1996 2955 2378 3011 disseminabat
2410 2954 2554 3025 filios
2586 2954 2782 3019 Adam,
2815 2955 3087 3009 constituit
3120 2955 3369 3010 terminos

1788 3051 2122 3120 populorum,
2156 3046 2442 3104 secundum
2486 3064 2764 3102 numerum
2804 3048 3109 3120 angelorum
3153 3046 3265 3101 Dei.
3301 3045 3371 3100 Et

1790 3142 1935 3212 facta
1972 3150 2051 3197 est
2090 3142 2263 3210 portio
2296 3139 2513 3195 Domini
2539 3140 2765 3209 populus
2790 3139 2904 3210 ejus
2931 3137 3124 3202 Iacob,
3160 3138 3372 3206 funicu-

1714 3222 1755 3279 C
1788 3236 1871 3288 lus
1918 3232 2246 3287 hwreditatis
2301 3232 2417 3303 ejus
2483 3230 2658 3286 Israel
2699 3232 2771 3288 ⁷³.
2827 3229 2924 3286 His
2962 3229 3106 3285 enim
3159 3228 3373 3301 Moyses

1787 3326 1953 3381 Deum
1986 3324 2289 3395 ingenitum
2315 3324 2526 3395 liquido
2553 3322 2895 3378 Altissimum
2933 3321 3245 3393 appellavit,
3276 3320 3373 3390 qui

1783 3404 1973 3489 gentes
2032 3425 2189 3472 terra:
2245 3416 2453 3488 angelis
2510 3416 2628 3472 suis
2688 3414 3005 3480 distribuit;
3083 3412 3371 3468 Dominum

1781 3524 1913 3565 vero
1962 3506 2161 3563 Filium
2210 3506 2329 3571 Dei,
2362 3507 2458 3579 qni
2508 3506 2763 3564 lsraelem
2803 3522 2835 3561 a
2886 3505 3050 3563 Patre
3107 3506 3371 3576 suscepit.

1783 3600 1884 3657 ilic
1932 3617 2063 3675 ergo
2115 3603 2233 3673 ipse
2307 3600 2572 3656 Dominus
2644 3600 2701 3655 in
2764 3598 3039 3668 adiutorio
3104 3596 3373 3653 Altissimi

1783 3694 2031 3751 habitare
2100 3693 2491 3758 affirmabatur,
2564 3700 2621 3748 et
2690 3691 3033 3747 Altissimum
3119 3691 3375 3761 posuisse

1782 3786 2051 3859 refugium
2098 3802 2281 3853 suum,
2321 3786 2576 3842 videlicet
2621 3783 2836 3839 Patrem
2882 3797 3065 3839 suum.
3097 3782 3374 3849 Quamob-

1782 3895 1898 3936 rem
1937 3878 2142 3935 dictum
2203 3887 2289 3937 est
2344 3880 2423 3935 illi
2480 3897 2495 3935 :
2550 3878 2818 3946 Quoniam
2868 3887 2927 3932 tu
2986 3893 3065 3936 es,
3128 3874 3371 3940 Domine,

1782 3985 1899 4039 spes
1931 3986 2067 4034 mea,
2098 3969 2435 4024 Altissimum
2465 3966 2695 4038 posuisti
2731 3965 2994 4036 refugium
3032 3975 3201 4020 tuum.
3233 3964 3373 4031 Quia

1783 4077 1915 4118 vero
1978 4062 2175 4134 Aquila
2224 4068 2279 4116 et
2325 4058 2687 4132 Symmachus
2741 4056 2905 4111 modo
2960 4056 3027 4111 ad
3085 4056 3373 4110 Judaicam

1786 4154 2115 4210 sententiam
2176 4152 2406 4223 propius
2461 4151 2760 4207 accedente
2818 4147 3161 4219 interpretati
3219 4155 3370 4213 sunt,

1788 4240 2097 4296 doctrinam
2133 4255 2165 4293 a
2196 4240 2357 4295 nobis
2387 4240 2455 4295 dc
2484 4240 2768 4296 Altissimo
2801 4248 2855 4293 et
2886 4238 2954 4294 de
2988 4238 3219 4290 Domino
3261 4246 3374 4291 tra-

1786 4331 1955 4387 ditam
2004 4339 2316 4402 suspectam
2361 4331 2668 4397 habentes;
2705 4330 2902 4400 Aquila
2957 4329 3102 4386 enim
3167 4328 3371 4389 calidis,

1788 4423 2050 4490 Quoniam
2076 4433 2153 4489 tu,
2203 4421 2447 4486 Domine,
2482 4438 2599 4490 spes
2658 4440 2797 4485 mea,
2848 4420 3169 4475 altissimum
3218 4421 3373 4488 posui

1791 4514 2157 4571 habitaculum
2215 4523 2404 4578 tuum;
2452 4513 2817 4586 Symmachus
2866 4526 3027 4575 vero,
3090 4510 3167 4564 Tu
3210 4511 3371 4574 enim,

1791 4606 1954 4666 Deus.
1975 4607 2176 4677 fiducia
2204 4623 2343 4670 mea,
2368 4606 2692 4662 altissimam
2737 4605 2963 4676 posuisti
2992 4603 3374 4658 habitationem

1790 4710 1968 4761 tuum;
1999 4699 2399 4755 observandum
2432 4698 2611 4769 primo
2629 4705 2733 4759 est,
2761 4697 3014 4767 quintam
3079 4695 3372 4751 editionem

1791 4787 2143 4860 Septuaginta
2172 4789 2568 4860 lnterpretibus
2595 4788 2871 4854 accinere,
2902 4802 3028 4841 nam
3058 4799 3113 4841 et
3144 4788 3262 4858 ipsa
3292 4785 3373 4841 sic

1787 4880 1972 4945 habet,
2005 4880 2268 4947 Quoniam
2303 4890 2383 4945 tu,
2430 4878 2675 4944 Domine,
2707 4895 2822 4949 spes
2871 4895 3009 4944 mea,
3047 4879 3370 4934 altissimum

1786 4973 2015 5043 posuisti
2061 4972 2326 5043 refugium
2383 4983 2533 5026 tuum
2575 4987 2595 5037 ;
2633 4971 2896 5038 secundo,
2931 4970 3248 5027 Hebraicam
3276 4985 3372 5025 vo-

1770 5081 1931 5131 ~cem,
1958 5080 2081 5136 qua:
2118 5064 2277 5118 Elion
2303 5063 2468 5120 habet
2483 5062 2817 5120 Altissimum
2840 5063 3164 5135 significare.
3201 5060 3258 5117 In
3283 5075 3375 5117 tm

1787 5157 1933 5213 enim
1949 5157 2159 5228 psalmo
2174 5156 2254 5212 sic
2267 5170 2588 5227 expressum
2603 5154 2911 5212 invenimus
2927 5156 2973 5186 "
2993 5174 3005 5210 :
3032 5152 3287 5212 Clamabo
3302 5152 3373 5206 ad

1788 5246 1959 5305 Deum
1987 5247 2308 5303 altissimum
2338 5262 2358 5301 :
2396 5246 2489 5303 ubi
2514 5261 2615 5317 pro
2638 5246 2754 5311 illo,
2781 5245 3121 5310 altissimum,
3148 5243 3373 5299 Hebrai-

1789 5354 1915 5393 cum
1939 5337 2236 5408 exemplar,
2262 5336 2440 5400 Elian,
2475 5332 2811 5401 circumfert,
2834 5343 2896 5390 ut
2920 5342 2975 5390 et
3009 5335 3063 5389 in
3094 5332 3371 5402 praesenti.

1786 5429 1907 5485 Non
1941 5438 2157 5500 oportet
2183 5444 2315 5501 ergo
2345 5428 2604 5485 violentia
2634 5435 2854 5484 utentes
2903 5425 3188 5483 veritatem
3218 5441 3373 5481 ever-

1788 5529 1926 5577 tere.
1958 5518 2025 5576 Et
2052 5519 2293 5590 alioquin
2314 5519 2360 5575 si
2385 5518 2688 5577 secundum
2715 5516 2970 5588 Aquilam
3004 5515 3109 5586 ipsi
3138 5513 3374 5572 Domino

1788 5613 1995 5671 dictum
2030 5613 2123 5682 sit,
2155 5612 2419 5682 Quoniam
2451 5622 2507 5667 tu
2532 5629 2610 5679 es,
2634 5609 2878 5677 Domine,
2911 5624 3026 5679 spes
3057 5625 3194 5673 mea,
3215 5606 3371 5663 altis-

1789 5706 1986 5763 simum
2033 5705 2187 5779 posui
2238 5705 2599 5764 habitaculum
2666 5712 2849 5764 tuum;
2910 5707 3005 5755 aut
3069 5697 3369 5756 secundum

1731 5878 1815 5914 LVl
1887 5863 1939 5915 '5.

1650 6442 1657 6450 ο

11 6489 3960 6812 _
