3976 6436
675 373 811 429 “5|

1355 363 1626 422 EUSEBII
1665 362 2146 421 CESARIENSIS
2182 363 2244 422 01

2371 362 2552 418 rans
2588 362 2674 421 Ill.
2712 393 2784 404 -
2820 317 3232 418 exsomnes.

3724 369 3825 427 “52

672 485 1080 566 Symmachum,
1113 485 1190 538 Tu
1223 483 1382 547 enim,
1417 481 1575 544 Deus,
1619 480 1816 552 ﬁducia
1867 499 2005 546 mea,
2049 482 2244 538 altissi-

2355 483 2445 537 τὸν
2462 482 2776 554 Σύμμαχον,
2799 481 2882 536 Σὺ
2897 478 3028 550 γὰρ,
3046 479 3240 547 Κύριε,
3265 478 3474 548 ἀφοϐία
3487 497 3610 550 μου,
3628 483 3827 556 ὑψίστῳ

670 594 813 632 mam
851 575 1077 647 pbsuisti
1119 575 1502 628 habitationem
1537 582 1722 636 tuam;
1749 585 1803 629 et
1833 588 2037 638 sermo,
2069 583 2127 627 ut
2155 573 2251 628 Ju-

669 669 769 726 (Ῐωί
799 671 1114 741 opinantur,
1165 668 1232 723 ad
1284 667 1452 723 Deum
1502 669 1885 724 universorum
1931 666 2246 723 referatur:

669 777 770 816 cur
817 760 1073 830 deinceps
1132 759 1372 824 additur,
1430 757 1730 815 secundum
1784 758 2058 828 Aquilam,
2124 756 2248 812 Non

667 852 1042 920 importabitur
1069 850 1162 904 tibi
1185 851 1415 916 malitia,
1448 860 1499 904 et
1528 849 1688 919 plaga
1715 865 1822 903 non
1855 849 2250 918 appropinqua-

668 941 743 996 bit
775 951 1066 1014 tegumenta
1097 951 1208 1008 tuo,
1230 943 1480 1014 quoniam
1508 942 1709 1014 angelis
1753 944 1867 998 suis
1892 942 2164 1011 praecipiet
2191 950 2250 995 ut

665 1035 970 1090 custodiant
1015 1043 1063 1090 te
1101 1036 1155 1089 in
1207 1034 1446 1090 omnibus
1477 1035 1574 1089 uiis
1609 1036 1734 1090 tuis.
1763 1033 1831 1088 In
1871 1033 2114 1090 manibus
2149 1034 2252 1087 tol-

667 1127 774 1182 lent
808 1139 877 1190 te,
911 1144 974 1182 ne
1001 1128 1138 1197 forte
1181 1127 1416 1196 o/Iendat
1443 1128 1499 1181 in
1545 1127 1720 1196 lapide
1744 1143 1834 1196 pes
1865 1137 2020 1191 tuus;
2053 1141 2252 1182 secun-

664 1219 794 1273 dum
852 1218 1236 1291 Symmachum
1285 1236 1436 1285 vero,
1491 1229 1618 1290 post
1664 1219 1821 1284 illud,
1872 1220 1976 1300 giu,
2003 1219 2247 1283 Domine,

665 1309 866 1378 ﬁducia
896 1327 1032 1375 mea,
1059 1312 1380 1366 altissimam
1401 1312 1628 1380 posuisti
1659 1312 2036 1366 habitationem
2065 1321 2248 1377 tuam;

666 1416 773 1470 qua
798 1400 866 1457 de
895 1417 1065 1456 causa
1094 1401 1539 1472 subjicitur,Non
1567 1403 1871 1474 praevalebit
1900 1403 2177 1459 adversum
2201 1415 2250 1460 te

665 1493 890 1557 malum,
917 1510 1078 1561 neque
1105 1493 1264 1564 plaga
1301 1496 1740 1567 appropinquabit
1771 1497 2111 1551 tabernaculo
2135 1507 2244 1552 tuo.

666 1585 930 1650 Quoniam
975 1587 1175 1657 angelis
1213 1587 1325 1640 suis
1366 1587 1641 1642 mandabit
1665 1588 1729 1642 de
1759 1598 1826 1652 te,
1858 1601 1916 1643 ut
1945 1589 2247 1644 custodiant

665 1687 713 1732 te
746 1677 801 1732 in
831 1677 1072 1732 omnibus
1096 1680 1193 1733 viis
1224 1680 1352 1733 tuis.
1389 1677 1454 1731 In
1485 1679 1728 1734 manibus
1770 1679 2049 1751 gestabant
2089 1691 2155 1742 te,
2190 1690 2246 1736 ut

663 1787 727 1823 ne
759 1770 1025 1840 impingas
1077 1771 1131 1824 in
1186 1770 1416 1841 lapidem
1452 1770 1580 1840 pede
1623 1775 1756 1828 tuo?
1782 1771 1908 1828 Haec
1941 1775 2141 1844 quippe
2178 1773 2246 1830 de

2353 572 2493 626 ἔθου
2521 571 2634 639 τὴν
2660 571 2904 638 οἴκησίν
2946 586 3064 625 σου
3083 587 3096 600 ⁸
3129 569 3454 640 ἀναφέρεταί
3482 587 3538 622 τε
3557 573 3584 624 ὁ
3607 571 3756 642 λόγος,
3775 579 3825 644 ὡς

2349 663 2415 718 ἂν
2442 665 2676 736 οἰηθεῖεν
2717 663 2986 718 Ἰουδαίων
3011 662 3216 727 παῖδες,
3243 663 3336 716 ἐπὶ
3359 663 3446 716 τὸν
3466 662 3564 716 τῶν
3590 664 3701 720 ὅλων
3719 667 3827 734 Θεὸν,

2350 758 2469 822 πῶς
2505 757 2770 828 συνῆπται
2805 757 2931 827 ἑξῆς
2979 757 3120 810 κατὰ
3155 756 3253 827 μὶν
3291 756 3382 808 τὸν
3432 756 3638 810 Ἀκύλαν
3674 759 3747 822 τὸ,
3774 765 3829 815 Οὐ

2344 850 2785 922 μεταχθήσεται
2813 849 2963 918 πρὸς
2981 849 3057 902 σὲ
3085 848 3265 902 κακία
3283 887 3298 912 ,
3322 846 3417 901 καὶ
3445 847 3560 917 ἁφὴ
3589 851 3681 903 οὐκ
3705 850 3832 920 inici

2349 945 2419 999 ἐν
2449 943 2648 1012 σκέπῃ
2678 958 2794 997 σου
2812 959 2827 972 ο
2857 941 2947 996 ὅτι
2985 940 3263 1011 ἀγγέλοις
3289 940 3470 996 αὑτοῦ
3493 940 3760 996 magna
3781 962 3830 999 σι

2349 1035 2617 1107 φυλάξαι
2637 1035 2707 1089 ἐν
2730 1031 2957 1100 πάσαις
2977 1032 3140 1098 ὁδοῖς
3163 1047 3302 1087 σου.
3345 1031 3468 1085 Ἐπὶ
3487 1031 3693 1100 ταρσῶν
3713 1034 3831 1102 ἀροῦ-

2349 1146 2435 1194 σι,
2463 1129 2695 1199 μήποτε
2733 1129 3055 1195 προσκόψῃ
3076 1126 3146 1178 ἐν
3175 1126 3324 1190 λίθῳ
3349 1127 3385 1178 ὁ
3415 1124 3560 1191 ποῦς
3586 1140 3708 1178 σου·
3732 1126 3829 1179 κατὰ

2348 1221 2406 1274 δὲ
2433 1220 2526 1274 τὸν
2548 1219 2864 1290 Σύμμαχον,
2899 1215 3036 1288 μετὰ
3056 1215 3118 1268 τὸ
3135 1257 3150 1280 ,
3175 1215 3258 1269 Σὺ
3273 1255 3288 1278 ,
3312 1215 3514 1283 Κύριε,
3537 1215 3719 1284 ἁφοόία
3733 1233 3826 1281 μου,

2349 1315 2623 1382 ὺψίστην
2653 1312 2795 1367 ἔθου
2824 1310 2940 1380 τὴν
2968 1310 3214 1378 οἴκησίν
3258 1323 3407 1363 σουο
3461 1307 3572 1372 πῶς
3602 1308 3832 1376 ὲπιλέγετιι

2348 1406 2430 1469 τὸ,
2459 1409 2541 1461 Οὐ
2573 1405 2929 1475 κατισχύσει
2961 1419 3076 1457 σου
3106 1401 3328 1460 κακὸν.
3368 1399 3507 1455 οὐδὲ
3529 1399 3638 1468 ἁφὴ
3675 1400 3832 1469 ἐγγίσει

2347 1498 2422 1568 τῇ
2445 1496 2650 1566 σκηνῇ
2674 1513 2810 1552 σου.
2844 1497 2973 1549 Ὀτι
2997 1494 3124 1560 τοῖς
3136 1492 3415 1564 ἀγγέλοις
3441 1491 3726 1546 ἐντελεῖται
3745 1494 3833 1560 περὶ

2347 1591 2464 1646 σοῦ
2485 1590 2834 1660 φυλάσσειν
2854 1603 2927 1643 σε
2947 1589 3016 1642 ἐν
3040 1586 3265 1652 πάσαις
3281 1584 3412 1651 ταῖς
3431 1584 3582 1650 ὁδοῖς
3603 1598 3714 1638 σου.
3747 1583 3834 1638 ’Ezl

2347 1684 2561 1762 χειρῶν
2574 1682 2969 1749 βαστάσουσι
2995 1695 3091 1743 σε,
3117 1681 3217 1733 ἵνα
3239 1679 3328 1748 μὴ
3358 1679 3684 1745 προσπολσῃ
3704 1678 3756 1730 ὲν
3771 1677 3833 1730 .tl-

2346 1780 2427 1841 θῳ
2452 1775 2592 1830 ποδί
2621 1791 2772 1839 σου;
2821 1773 3009 1827 Ταῦτα
3043 1771 3154 1844 γὰρ
3195 1770 3332 1844 πρὸς
3366 1770 3458 1823 τὸν
3481 1769 3583 1823 τῶν
3620 1768 3835 1821 δλωνΘεδν

665 1860 777 1914 Deo
833 1862 1217 1918 universorum
1264 1863 1410 1918 dicta
1462 1872 1674 1933 putare,
1702 1864 1795 1934 qui
1850 1880 1958 1919 non
1997 1865 2242 1919 omnium

2349 1869 2606 1938 λέγεσθαι
2638 1867 2755 1931 πῶς
2793 1867 2894 1919 οὐκ
2924 1864 2992 1918 ἂν
3023 1864 3107 1934 εἴη
3138 1864 3357 1916 πάντων
3395 1861 3747 1926 ἀσεϐέστατονς
3773 1861 3836 1923 Τίς

663 1951 1052 2022 impiissimum
1104 1953 1305 2008 fuerit?
1333 1953 1468 2020 Quis
1507 1956 1653 2009 enim
1696 1956 1903 2026 angelis
1934 1957 2052 2012 suis
2091 1973 2247 2011 man-

660 2043 754 2099 det
793 2043 861 2100 de
913 2044 1022 2100 Deo
1074 2046 1478 2109 universorum,
1538 2054 1598 2100 ut
1657 2047 1970 2104 custodiant
2015 2065 2138 2104 eum
2191 2050 2246 2106 in

661 2136 918 2192 onmibus
971 2137 1075 2193 viis
1119 2137 1326 2208 ipsius?
1354 2145 1450 2192 aut
1496 2139 1773 2208 quomodo
1798 2138 1990 2206 Deum,
2014 2141 2106 2211 qui
2151 2157 2247 2196 su-

661 2243 758 2298 pra
788 2229 972 2283 omnia
1004 2236 1112 2294 est,
1153 2230 1408 2285 manibus
1437 2231 1748 2302 gestabunt,
1780 2240 1842 2286 ut
1871 2247 1980 2286 non
2009 2231 2248 2288 oll‘endat

661 2320 730 2373 ad
766 2319 996 2389 lapidem
1037 2335 1134 2389 pes
1163 2319 1325 2388 ejus?
1361 2321 1427 2374 At
1477 2319 1631 2376 vides
1659 2336 1767 2376 non
1801 2321 1968 2378 licere
2005 2338 2102 2393 per
2130 2338 2249 2378 ser-

660 2409 841 2464 monis
890 2409 1110 2472 seriem,
1157 2409 1273 2465 haec
1321 2411 1387 2465 ad
1441 2428 1731 2481 personam
1781 2413 1894 2478 Dei,
1942 2415 2035 2485 qui
2078 2400 2247 2487 supra

659 2503 845 2554 omnia
891 2508 996 2566 est,
1029 2500 1238 2558 referre
1268 2522 1281 2558 :
1316 2519 1494 2573 neque
1543 2504 1671 2560 item
1711 2506 1967 2576 superius
1999 2507 2143 2562 dicta
2179 2509 2248 2564 ab

659 2590 775 2655 illo,
803 2589 1069 2656 Quoniam
1088 2593 1198 2662 ipse
1234 2593 1475 2648 liberabit
1520 2606 1568 2650 te
1604 2595 1669 2650 de
1699 2596 1884 2667 laqueo
1919 2599 2244 2664 venantium,

660 2700 694 2736 a
741 2681 892 2737 verba
941 2685 1261 2742 turbulento.
1297 2685 1357 2741 In
1392 2688 1623 2755 scapulis
1654 2690 1764 2744 suis
1791 2689 2124 2744 obumbrabit
2153 2690 2249 2744 tibi

657 2783 708 2828 et
738 2774 833 2828 sub
859 2776 1041 2844 pennis
1070 2778 1183 2846 ejus
1209 2781 1466 2846 sperabis,
1482 2788 1536 2834 et
1553 2789 1750 2836 caetera
1775 2796 1897 2851 rulae
1919 2793 2244 2852 sequuntur.

729 2866 886 2932 Quod
934 2868 980 2924 si
1024 2869 1149 2940 quis
1191 2869 1305 2925 hinc
1345 2871 1579 2941 accipiat
1611 2872 1678 2928 de
1717 2872 1940 2928 Christo
1978 2872 2096 2934 Dei,
2153 2877 2248 2944 qui

656 2954 768 3023 hic,
799 2967 856 3012 ut
896 2959 1059 3012 etiam
1093 2959 1243 3028 alibi,
1277 2959 1543 3018 Dominus
1573 2971 1833 3029 vocatur,
1869 2966 1916 3020 is
1941 2979 2053 3020 non
2083 2967 2245 3022 aber-

657 3050 861 3104 raverit
903 3065 935 3104 a
987 3067 1116 3107 vero
1159 3071 1172 3108 :
1210 3067 1338 3107 nam
1383 3052 1677 3125 Apostolus
1709 3071 1928 3126 quoque
1951 3057 2027 3111 ait
2055 3076 2068 3112 :
2101 3055 2246 3112 Unus

657 3139 801 3195 Deus
845 3157 910 3196 ea:
949 3159 1052 3214 quo
1100 3145 1299 3210 omnia,
1336 3156 1386 3200 et
1427 3163 1566 3202 unus
1633 3147 1894 3204 Dominus
1953 3166 2044 3218 per
2094 3169 2245 3222 quem

659 3233 893 3287 omnia"
924 3252 937 3288 :
974 3249 1038 3290 ac
1063 3251 1304 3300 rursum,
1339 3236 1486 3292 Unus
1539 3238 1816 3302 Dominus,
1866 3241 2078 3310 inquit,
2139 3258 2244 3296 una

658 3326 812 3396 ﬁdes,
857 3343 1021 3380 unum
1061 3327 1345 3398 baptisma.
1399 3329 1544 3386 Unus
1598 3331 1762 3396 Deus,
1806 3333 1897 3402 qui
1955 3343 2035 3387 est
2093 3350 2246 3402 super

658 3417 858 3480 omnia,
909 3428 958 3470 et
1001 3433 1094 3485 per
1142 3421 1345 3484 omnia,
1376 3430 1424 3475 et
1470 3421 1526 3476 in
1569 3423 1893 3480 omnibus".
1921 3423 2039 3478 Duo
2065 3433 2243 3480 autem

660 3505 875 3562 Domini
903 3517 1089 3579 aperte
1120 3527 1149 3564 a
1183 3510 1386 3567 Davide
1411 3514 1543 3569 dicti
1569 3524 1698 3570 sunt
1723 3517 1778 3570 in
1810 3516 1924 3580 illo,
1955 3516 2098 3570 Dixit
2133 3517 2244 3571 Do-

659 3603 837 3656 minus
880 3602 1107 3658 Domino
1137 3622 1271 3668 meo,
1305 3604 1437 3660 Sede
1472 3625 1504 3660 a
1530 3607 1734 3663 dextris
1770 3611 1923 3674 meis,
1951 3609 2114 3664 donec
2151 3626 2246 3676 po-

658 3710 785 3748 nam
846 3695 1090 3750 inimicos
1153 3706 1270 3750 tuos
1325 3699 1615 3752 scabellum
1665 3699 1856 3769 pedum
1933 3704 2242 3768 tuorum";

659 3786 772 3841 imo
795 3786 960 3842 etiam
990 3786 1124 3842 illud
1157 3787 1379 3860 Moysis,
1408 3789 1558 3845 Pluit
1595 3791 1853 3847 Dominus
1883 3811 1915 3847 a
1938 3793 2164 3848 Domino
2189 3794 2246 3849 in

659 3881 947 3938 Sodomam
977 3893 1028 3938 et
1077 3882 1429 3940 Gomorrham
1465 3883 1687 3953 sulphur
1713 3894 1763 3938 et
1793 3886 2045 3955 ignem",
2067 3887 2243 3942 eidem

659 3977 944 4032 sententia:
975 3977 1336 4049 astipuletur;
1402 3975 1865 4048 quemadmodum
1911 3978 2075 4034 etiam
2118 3994 2245 4036 cum

656 4070 886 4134 diceret,
918 4070 1144 4138 Quando
1166 4070 1430 4126 dividebat
1449 4070 1757 4125 Altissimus
1778 4083 1976 4142 gentes,
2005 4072 2149 4142 facta
2165 4084 2243 4128 est

655 4177 780 4230 pars
803 4162 1016 4217 Domini
1030 4163 1258 4233 populus
1284 4163 1400 4233 ejus
1432 4161 1696 4230 Jacob";
1728 4162 2018 4220 manifeste
2047 4165 2244 4236 quippe

657 4253 786 4308 hinc
833 4263 888 4310 et
939 4254 1287 4310 Altissimum
1338 4263 1392 4310 et
1446 4255 1736 4310 Dominum
1781 4271 1945 4312 nosse
1990 4257 2240 4325 videtur;

655 4343 998 4399 Altissimum
1057 4344 1279 4417 quidem
1330 4361 1479 4411 eum,
1515 4345 1604 4416 qui
1655 4347 1938 4401 distribuit
1966 4357 2022 4403 et
2067 4355 2243 4405 sortes

655 4434 748 4489 dat
769 4435 976 4506 angelis
1011 4437 1161 4502 suis;
1206 4435 1498 4492 Dominum
1537 4453 1687 4502 vero,
1741 4439 1832 4508 qui
1879 4453 2004 4493 cum
2035 4441 2243 4510 angelis

655 4523 1052 4594 praecellentem
1085 4525 1330 4580 omnium
1365 4526 1606 4597 gentium
1634 4536 1832 4582 sortem
1863 4529 2081 4598 accipit.
2104 4529 2242 4595 Quia

656 4615 822 4688 igitur
850 4616 1134 4694 Dominus,
1171 4619 1264 4690 qui
1307 4619 1399 4674 hic
1432 4619 1726 4685 indicatur,
1759 4620 1933 4675 forma
1973 4622 2117 4677 servi
2146 4637 2241 4676 aco

655 4717 833 4778 cepta,
868 4709 922 4763 in
955 4710 1370 4768 similitudinem
1412 4710 1697 4767 hominum
1722 4711 1901 4769 factus
1931 4721 2016 4769 est
2049 4721 2103 4768 et
2140 4715 2238 4768 ha-

657 4800 770 4854 bitu
823 4801 1076 4857 inventus
1119 4809 1180 4856 ut
1227 4801 1411 4868 homo,
1442 4817 1506 4857 ac
1532 4810 1657 4874 post
1680 4803 2013 4873 baptismum
2038 4804 2092 4858 in
2114 4803 2238 4860 Jor-

654 4893 797 4948 danc
846 4909 1061 4950 omnem
1104 4911 1302 4965 passus
1335 4896 1692 4952 tentationem
1722 4904 1826 4962 est,
1885 4898 2107 4969 quando
2137 4897 2239 4953 du-

653 4991 777 5039 ctus
814 4993 898 5040 est
924 5000 954 5038 a
986 4984 1192 5054 Spiritu
1225 4985 1281 5040 in
1322 4986 1601 5042 desertum
1638 4994 1698 5041 ut
1726 4995 2032 5042 tentaretur
2059 5004 2088 5042 a
2117 4987 2238 5043 dia-

654 5076 800 5139 bolo,
828 5081 881 5131 ct
911 5075 966 5131 in
996 5077 1290 5134 solitudine
1319 5079 1677 5152 quadraginta
1705 5081 1899 5138 diebus
1919 5089 1973 5138 et
2001 5083 2238 5153 quadra-

655 5168 805 5237 ginta
851 5168 1107 5224 noctibus
1158 5178 1400 5227 tentatus
1447 5180 1552 5237 est,
1585 5180 1639 5228 et
1679 5181 1954 5230 eratcum
1997 5174 2150 5240 feris,
2179 5184 2238 5231 ut

655 5260 732 5314 ait
771 5260 1194 5331 evangelista";
1224 5263 1350 5332 jure
1385 5263 1501 5319 hmc
1527 5267 1710 5319 omnia
1745 5265 1982 5337 Spiritus
2011 5275 2237 5324 sanctus

655 5354 1018 5424 pnenuntiare
1039 5363 1289 5426 occupat,
1317 5356 1633 5426 signiﬁcans
1655 5367 1859 5430 quanta
1888 5359 2079 5416 diebus
2101 5376 2237 5431 qua-

655 5436 908 5508 draginta
950 5447 1213 5500 tentatus.
1246 5451 1451 5511 quanta
1483 5443 1708 5499 totidem
1780 5445 2034 5501 noctibus
2070 5446 2239 5502 susti-

657 5531 794 5587 nuit.
846 5530 984 5587 Cum
1023 5534 1170 5589 enim
1217 5534 1285 5590 ad
1337 5534 1690 5608 Evangelium
1734 5537 1888 5609 regni
1912 5536 2008 5594 Dei
2041 5538 2236 5610 praedi-

728 5733 774 5809 ’_’f
813 5734 828 5784 1
862 5733 988 5790 Cor.
1022 5752 1157 5809 rm,
1193 5737 1246 5793 6.
1322 5740 1369 5772 ⁷⁸
1407 5737 1607 5809 Ephcs.
1653 5754 1722 5803 IV,
1760 5739 1831 5806 5,
1873 5737 1925 5794 6.
2007 5740 2050 5772 ⁷⁷
2092 5737 2240 5796 Psal.

2341 5755 2390 5804 ι,
2433 5739 2483 5794 l.
2558 5740 2605 5772 "
2643 5740 2776 5797 Gen.
2814 5757 2940 5807 xix,
2974 5743 3062 5798 24.

656 5803 701 5833 ⁸⁸
728 5803 894 5858 Marc.
931 5822 978 5864 ι.
1013 5807 1097 5861 15.

2347 1958 2457 2029 γὰρ
2479 1958 2506 2010 ὁ
2529 1961 2640 2020 τοῖς
2670 1955 2919 2025 ἀγγέλοις
2939 1952 3104 2007 αὑτοῦ
3128 1951 3505 2022 ἐντελλόμενος
3532 1953 3644 2023 περὶ
3661 1950 3733 2003 τοῦ
3745 1948 3836 2002 Θιώ

2345 2049 2455 2103 τῶν
2479 2049 2636 2112 ὅλων,
2662 2047 2802 2102 ὥστε
2834 2046 3124 2116 φυλάττειν
3143 2045 3304 2098 αὑτὸν
3338 2045 3398 2097 ὲν
3430 2044 3618 2108 πάσαις
3636 2046 3732 2106 ταῖς
3744 2043 3837 2104 ὁδοῖς

2348 2141 2544 2206 αύτοῦ;
2591 2142 2624 2212 ἢ
2657 2139 2775 2204 πῶς
2817 2138 2908 2192 τὸν
2944 2137 3038 2190 ἐπὶ
3069 2138 3286 2193 πάντων
3310 2137 3446 2192 Θεὸν
3482 2137 3750 2208 ἐπιχειρῶν
3776 2136 3838 2204 βα-

2348 2235 2636 2290 στάσουσιν
2663 2274 2678 2299 ,
2729 2233 2816 2287 ἵνα
2868 2231 2943 2304 μὴ
2993 2229 3310 2304 προσπαίσῃ
3341 2229 3478 2299 λίθῳ
3503 2231 3532 2282 ὁ
3556 2227 3672 2292 ποῦς
3699 2226 3836 2290 αὐτοῦς

2359 2323 2500 2376 Ἀλλ’
2525 2325 2658 2395 δρᾷς
2677 2363 2692 2387 ,
2721 2322 2798 2387 ὡς
2825 2325 2855 2376 δ
2887 2323 3048 2392 λόγος
3078 2323 3181 2376 οὒκ
3213 2321 3503 2393 ἐπιτρέπει
3526 2322 3598 2384 είς
3627 2319 3837 2389 πρόσωπον

2345 2411 2441 2466 τοῦ
2467 2414 2558 2467 ἐπὶ
2586 2412 2802 2466 πάντων
2840 2413 2974 2468 Θεοῦ
3010 2413 3186 2468 ταῦτα
3213 2410 3605 2484 ἀναφέρεσθαιο
3631 2410 3728 2463 ἐπεὶ
3751 2408 3839 2479 μηδὲ

2346 2504 2416 2559 τὰ
2438 2505 2696 2577 ἀνωτέρω
2719 2505 2829 2558 ἀπὸ
2851 2505 2945 2559 τοῦ
2960 2546 2976 2572 ,
3009 2507 3130 2559 Ὅτι
3158 2505 3343 2571 αὐτὸς
3364 2503 3610 2572 ῥύσεταί
3626 2519 3686 2556 σε
3701 2502 3754 2555 ἐκ
3769 2516 3842 2553 πα-

2347 2598 2513 2668 γίδος
2539 2595 2862 2664 θηρευτῶν,
2891 2598 3010 2653 ἀπὸ
3043 2599 3230 2668 λόγου
3257 2594 3743 2667 ταραχώδους-,Ἐγ
3758 2593 3840 2659 τοῖς

2342 2687 2736 2758 μεταφρένοις
2775 2688 2963 2742 αὐτοῦ
2997 2687 3346 2743 ἐπισκιάσει
3377 2703 3510 2752 σοι,
3541 2688 3629 2742 καὶ
3661 2685 3754 2741 ὑπὸ
3771 2684 3840 2750 τὰς

2349 2778 2648 2848 πτέρυγας
2672 2778 2858 2834 αὐτοῦ
2895 2777 3123 2846 ὲλπιεῖς
3140 2818 3157 2843 ,
3195 2780 3290 2833 καὶ
3317 2778 3389 2832 τὰ
3415 2779 3614 2844 τούτοις
3651 2777 3838 2847 ἑπόμενα.

2423 2872 2488 2925 El
2509 2871 2565 2925 δέ
2586 2889 2671 2936 τις
2699 2871 2869 2926 ταῦτα
2897 2871 3117 2927 ὲκλάὸοι
3145 2874 3236 2926 ἐπὶ
3265 2874 3358 2927 τὸν
3391 2874 3614 2947 Χριστὸν
3634 2871 3712 2927 τοῦ
3731 2869 3838 2936 Θεοῦ,

2349 2967 2445 3019 atat
2468 2965 2703 3020 ἐνταῦθα
2743 2967 2976 3039 Κύριον,
3029 2967 3216 3039 ὥσπερ
3245 2963 3341 3022 οὖν
3372 2969 3469 3022 καὶ
3495 2971 3551 3022 ὲν
3584 2966 3732 3030 ἄλλοις
3751 2965 3838 3019 ὠνο-

2353 3058 2629 3129 μασμένον
2648 3099 2663 3122 ,
2686 3059 2788 3112 οὐκ
2826 3058 2894 3112 ἂν
2921 3057 3210 3130 διαμάρτοι
3233 3060 3335 3130 τῆς
3366 3061 3640 3132 ἀληθείας·
3667 3059 3758 3112 ἐπεὶ
3779 3057 3840 3109 καὶ

2272 3199 2314 3257 C
2348 3151 2377 3202 ὁ
2412 3149 2765 3212 ’Δπόστολος,
2799 3143 2904 3216 Εἷς
2932 3149 3110 3216 Θεὸς,
3143 3149 3213 3216 ἐξ
3237 3146 3311 3206 οὗ
3342 3152 3417 3205 τὰ
3453 3149 3666 3214 πάντα,
3693 3148 3764 3203 καὶ
3784 3141 3840 3211 είς

2346 3240 2558 3306 Κύριος
2579 3280 2593 3303 ,
2624 3239 2701 3293 δι’
2735 3235 2808 3294 οὗ
2835 3241 2908 3295 τὰ
2937 3239 3162 3295 πάντα·
3195 3242 3290 3296 καὶ
3333 3241 3533 3308 πάλιν,
3561 3239 3652 3308 Εἷς
3676 3241 3840 3306 Κύριος.

2346 3348 2420 3402 φη
2429 3331 2502 3397 σι.
2520 3333 2628 3400 μία
2644 3333 2867 3398 πίστις,
2887 3332 3304 3405 ἔνβάπτισμα.
3323 3331 3438 3403 Εἷς
3455 3335 3592 3401 Θεὸς
3609 3333 3727 3388 dial
3741 3330 3840 3384 1dr-

2345 3442 2465 3477 των
2498 3425 2594 3478 καὶ
2628 3425 2726 3479 διὰ
2757 3427 3000 3482 πάντων
3029 3429 3128 3482 καὶ
3155 3429 3224 3482 ἐν
3265 3427 3440 3484 πᾶσι.
3496 3426 3670 3499 Κύριοι
3705 3441 3749 3476 τε
3782 3420 3840 3474 δύο

2345 3516 2604 3587 ἄντικρυς
2636 3517 2731 3571 καὶ
2763 3518 2866 3572 ὑπὸ
2894 3519 2990 3573 τοῦ
3036 3518 3199 3573 Δαυῒδ
3231 3518 3621 3590 ὠνομάσθησαν
3655 3514 3764 3569 κατὰ
3787 3510 3838 3572 ibi

2348 3605 2534 3664 Εἶπεν
2564 3612 2597 3662 ό
2634 3611 2849 3678 Κύριος
2885 3610 2966 3677 τῷ
2988 3613 3184 3680 Κυρίῳ
3207 3628 3329 3681 μου
3347 3628 3363 3643 ο
3395 3610 3586 3666 Κάθου
3612 3610 3671 3662 ἐκ
3694 3601 3841 3667 δεξιῶν

2339 3719 2459 3771 μου
2478 3742 2492 3765 ν
2523 3701 2634 3767 ἕως
2661 3701 2739 3755 ἂν
2767 3702 2847 3756 θῶ
2875 3702 3019 3770 τοὺς
3039 3703 3292 3774 ἐχθρούς
3315 3718 3438 3758 σου
3460 3698 3752 3757 ὑποπόδιον
3767 3691 3838 3746 τῶν

2345 3791 2547 3847 ποδῶν
2578 3809 2694 3847 σου
2713 3811 2727 3825 ο
2749 3792 2885 3847 ἀλλὰ
2907 3794 3004 3849 καὶ
3031 3794 3273 3866 Μωῦσῆς
3304 3793 3505 3864 λέγων,
3542 3788 3743 3859 Ἔϐρεξε
3766 3784 3840 3839 Κύ-

2337 3899 2469 3950 ριος
2508 3882 2670 3952 παρὰ
2699 3884 2920 3952 Κυρίου
2947 3883 3047 3938 ἐπὶ
3075 3883 3313 3954 Σόδομα
3339 3884 3439 3938 καὶ
3478 3881 3718 3951 Γόμορρα
3736 3873 3842 3930 θεῖεν

2346 3974 2444 4028 καὶ
2497 3974 2652 4042 πῦρ,
2697 3977 2798 4047 τῆς
2840 3975 3008 4048 αὐτῆς
3044 3974 3112 4029 ἂν
3144 3975 3357 4046 γένοιτο
3394 3975 3581 4044 δόξης-ο
3612 3971 3763 4038 ὣσπρ
3783 3960 3840 4017 ὧν

2346 4067 2440 4122 καὶ
2469 4069 2527 4121 ὲν
2556 4062 2640 4132 οἷς
2677 4067 2882 4138 ἔφασκε
2921 4068 3015 4136 τὸ,
3053 4070 3184 4124 Ὅτε
3213 4069 3532 4140 διεμέριζεν
3567 4070 3598 4122 ὁ
3623 4066 3840 4132 Ὕψιστος

2343 4161 2488 4227 ἔθνη
2507 4198 2522 4222 ,
2565 4157 2819 4230 ἐγενήθη
2857 4161 3027 4230 μερὶς
3050 4163 3273 4230 Κυρίου
3296 4162 3451 4228 λαὸς
3468 4159 3642 4216 αὐτοῦ
3675 4151 3837 4211 Ἰακώε·

2345 4251 2606 4322 ἄντικρυς
2627 4251 2738 4322 γὰρ
2768 4252 2855 4305 διὰ
2879 4252 2994 4317 τοῦ,
3021 4253 3116 4307 τὸν
3134 4254 3400 4323 ’Ὕψιστον
3425 4255 3518 4307 καὶ
3542 4251 3717 4322 Κύριον
3736 4242 3838 4301 alii»;

2346 4337 2624 4404 φαίνεταιο
2689 4339 2952 4410 ’Ὕψιστον
2988 4341 3087 4412 μὲν
3123 4341 3216 4395 τὸν
3247 4343 3566 4414 διανέμοντα
3597 4339 3679 4394 καὶ
3703 4335 3839 4404 κληρο-

2344 4428 2599 4483 δοτΟὖντα
2643 4434 2755 4495 τοῖς
2782 4431 2971 4486 ἑαυτοῦ
3004 4433 3254 4502 ἀγγέλοις
3273 4475 3290 4500 ,
3319 4435 3522 4507 Κύριον
3563 4434 3614 4486 δὲ
3648 4431 3722 4482 τὸν
3747 4420 3837 4495 μετᾶ

2345 4518 2455 4572 τῶν
2507 4519 2753 4588 ἀγγέλων
2795 4521 3165 4594 κληρούμενον
3199 4523 3299 4595 τὴν
3344 4524 3560 4578 πάντων
3599 4519 3692 4574 τῶν
3723 4511 3838 4568 ἐθνῶν

2347 4609 2708 4684 διαφέρουσαν
2754 4614 2968 4686 μερίδα.
3038 4616 3191 4669 Ἐπεὶ
3230 4615 3409 4670 τοίνυν
3450 4618 3479 4669 ὁ
3505 4612 3776 4685 δηλούμενθς
3800 4604 3836 4653 ἐν

2343 4703 2552 4768 τούτοις
2592 4705 2796 4777 Κύριος
2846 4705 3057 4780 μορφὴν
3087 4706 3272 4762 δούλου
3302 4707 3482 4763 λαϐὼν
3524 4708 3577 4760 ὲν
3612 4700 3835 4776 ὁμοιώματι

2347 4793 2652 4866 ἀνθρώπων
2676 4796 2865 4866 γέγονε
2888 4837 2905 4862 ,
2940 4799 3036 4853 καὶ
3091 4800 3330 4870 σχήματι
3375 4798 3568 4871 εὑρέθη
3597 4797 3663 4858 ὡς
3687 4790 3832 4859 ἄνθρω-

2345 4903 2465 4950 πος,
2497 4888 2755 4958 ὑπέμεινέ
2775 4906 2836 4942 τε
2858 4890 3036 4944 πάντα
3065 4891 3370 4963 πειρασμὸν
3398 4891 3534 4963 μετὰ
3552 4889 3606 4947 τὺ
3630 4885 3833 4957 βάπτιεῖξλει

2343 4981 2404 5034 τὸ
2445 4984 2503 5035 ὲν
2543 4981 2816 5056 Ἰορδάνῃ,
2849 4983 2937 5036 ὅτε
2969 4983 3178 5056 ἀνήχθη
3222 4985 3328 5039 ὑπὸ
3361 4984 3458 5038 τοῦ
3499 4980 3762 5050 Πνεύματος
3782 4973 3830 5030 εἰς

2341 5073 2442 5143 τὴν
2475 5072 2682 5145 ἔρημον
2708 5074 3063 5146 πειρασθῆναι
3091 5076 3195 5130 ὑπὸ
3217 5076 3311 5131 τοῦ
3336 5075 3572 5132 διαϐόλου
3589 5113 3604 5137 .
3629 5071 3707 5126 καὶ
3726 5069 3770 5120 ὲν
3788 5061 3826 5129 τῇ

2342 5168 2536 5238 ἐρήμῳ
2577 5175 2640 5239 μ’
2674 5169 2891 5242 ἡμέρας
2921 5170 3016 5225 καὶ
3047 5177 3107 5241 μ’
3139 5171 3341 5235 νύκτας
3367 5168 3746 5242 πειραζόμενοςν
3769 5153 3826 5208 καὶ

2342 5253 2410 5330 ἦν
2442 5260 2580 5330 μετὰ
2601 5261 2710 5314 τῶν
2733 5261 2957 5333 θηρίων,
2994 5261 3071 5326 ὣς
3099 5280 3262 5334 φησιν
3295 5266 3324 5317 ὁ
3347 5246 3716 5332 εὐαγγελιστής”
3735 5244 3830 5310 είκάέ

2342 5368 2451 5414 τως
2492 5353 2665 5406 ταῦτα
2698 5354 2874 5408 πάντα
2902 5353 2965 5408 τὸ
2994 5355 3218 5426 Πνεῦμα
3244 5356 3306 5409 τὸ
3338 5355 3489 5424 ἅγιον
3513 5346 3738 5422 προλαΰὸν
3766 5337 3821 5389 θε-

2346 5443 2549 5506 σπεξει,
2574 5448 2834 5516 σημαῖνον
2851 5447 2951 5501 ὅσα
2968 5463 3028 5500 τε
3050 5449 3109 5501 ὲν
3127 5450 3245 5511 ταῖς
3264 5445 3646 5517 τεσσαράκοντα
3661 5434 3821 5507 nisi?“

2345 5536 2736 5608 πειραζόμενος
2763 5537 3042 5610 ὑπέμεινε,
3074 5539 3167 5593 καὶ
3191 5539 3291 5593 ὅσα
3317 5537 3453 5593 κατὰ
3470 5535 3564 5599 τὰς
3585 5524 3819 5597 ἰσαρίθμους

3171 5744 3216 5777 τ’
3256 5741 3405 5797 Deut.
3470 5729 3603 5793 x'x'ru
3685 5728 3734 5790 8ο
3774 5716 3809 5773 θ’
