3972 6812
53 377 96 384 -
123 325 188 380 ς
745 313 778 344 ⁸
1304 325 1814 386 COMMENTARIA
1851 329 1918 384 ια
1957 327 2300 389 PSALMOS.
3297 343 3444 399 usa

37 467 72 476 ε
89 455 108 461 ‘
213 440 560 514 ἡμέραις
595 441 816 508 νύκτας.
839 440 1064 498 Μέλλων
1085 445 1196 516 γὰρ
1216 446 1309 499 ἐπὶ
1327 446 1390 501 τὸ
1417 445 1746 516 Εὐαγγέλιον

1854 446 2090 503 candum
2124 447 2442 518 proditurus
2475 457 2642 515 esset,
2679 459 2970 524 antequam
2999 452 3445 524 pratdicationem

34 540 62 572 τ
87 553 98 558 -
149 533 335 588 τοῦ
372 534 551 589 Θεοῦ
581 535 860 606 βασιλείας
892 537 1179 609 παριέναι,
1210 541 1340 611 πρὶν
1363 539 1630 613 ἄρξασθαι
1655 540 1746 595 τοῦ

1853 539 2038 604 iniret,
2067 551 2122 596 et
2151 549 2445 612 antequam
2477 541 2739 598 beneﬁcia
2773 543 3090 604 hominibus
3120 547 3446 618 impertiret,

37 639 64 646 ‘
123 623 202 677 ὑ
217 643 522 698 γματος
537 668 557 693 ,
585 629 683 683 καὶ
705 629 811 699 πρὸ
833 631 933 701 τῆς
963 630 1044 694 είς
1066 629 1386 701 ἀνθρώπους
1407 631 1746 702 εὐεργεσίας,

1853 630 1922 686 ad
1953 631 2207 688 inimicas
2231 642 2288 689 et
2314 633 2659 692 adversarias
2692 636 2882 707 generi
2931 637 3174 694 humano
3211 640 3452 700 virtutes

73 759 86 768 .
119 735 198 771 τ
211 720 315 784 ἀς
345 719 480 791 ὲχθ
490 719 593 792 ράς
607 722 702 775 καὶ⁸
723 721 988 794 πολεμίας
1005 721 1100 776 τοῦ
1115 723 1224 777 τῶν
1239 723 1336 777 ἀνθ
1346 721 1543 796 ρώπων
1559 726 1746 794 γένους

1853 722 2126 779 adductus
2177 732 2291 793 est;
2344 732 2403 779 ut
2434 741 2560 780 eum
2620 726 2744 784 illas
2801 727 3015 798 priores
3037 729 3366 788 debellasset
3391 739 3450 789 et

34 853 36 857 .
67 811 389 884 -ἀμεις
428 812 713 884 ἀνήγετο·
747 813 925 878 ὅπως,
955 813 1169 878 ὲκείνας
1196 814 1418 886 πρώτας
1445 833 1746 886 καταγωνι-

1853 815 2234 882 destruxisset,
2270 817 2353 872 sic
2406 817 2475 872 ad
2523 831 2712 872 eorum
2755 820 2849 890 qui
2898 819 3029 874 olim
3072 820 3450 893 ailligebantur

63 909 360 970 L-stoc
401 905 523 960 καὶ
555 903 819 970 καθελὼν,
840 904 1013 970 οὕτως
1033 906 1127 961 ἐπὶ
1146 906 1246 978 τὴν
1265 906 1376 962 τῶν
1396 909 1563 964 πάλαι
1586 927 1746 964 κατα-

1853 907 2283 978 redemptionem
2329 917 2383 966 et
2435 908 2743 966 libertatem
2775 911 3073 967 curandam
3098 914 3444 983 procederet.

95 998 512 1070 μυουμένων
559 998 828 1073 λύτρωσιν
865 1017 924 1054 τε
966 999 1059 1054 καὶ
1106 999 1417 1072 ἐλευθερίαν
1466 1002 1746 1076 παρέλθοι.

1853 1000 2152 1072 Oportebat
2193 1002 2342 1058 enim
2377 1002 2559 1073 primo
2593 1003 2718 1060 illos
2741 1004 2836 1074 qui
2866 1005 3012 1075 apud
3036 1020 3228 1064 omnes
3255 1013 3450 1078 gentes

39 1095 74 1144 ’μ
107 1093 337 1165 χρῆν
379 1092 516 1164 γὰρ
557 1093 754 1156 αὐτοὺς
786 1092 850 1165 δὴ
883 1093 1118 1164 μάλιστα
1148 1093 1402 1167 πρώτους
1433 1098 1560 1161 τοὺς
1597 1097 1746 1168 παρά

1853 1108 1954 1165 pro
1972 1094 2080 1150 diis
2097 1095 2517 1166 reputabantur,
2550 1095 2946 1168 hominumque
2966 1097 3180 1155 animas
3201 1098 3451 1170 captivas

103 1202 236 1239 .c't
275 1187 428 1250 τοῖς
465 1186 653 1240 ἔθνεσι
680 1185 836 1250 θεοὺς
860 1181 999 1241 εἶναι
1030 1186 1378 1259 νομίσαντας,
1408 1188 1503 1242 καὶ
1524 1189 1624 1253 τὰς
1642 1189 1746 1244 τῶν

1854 1203 1885 1243 a
1913 1187 2230 1259 cognitione
2262 1186 2358 1244 Dei
2391 1189 2773 1244 universorum
2804 1196 2858 1244 et
2887 1203 2916 1242 a
2947 1189 3153 1260 pietate
3192 1190 3452 1260 abripue-

103 1274 166 1327 Θ
189 1277 466 1348 ρώπων
488 1277 674 1348 ψυχὰς
690 1277 1095 1350 αίχμαλιίηους,
1118 1277 1229 1332 ἀπὸ
1246 1277 1350 1350 τῆς
1373 1277 1468 1332 τοῦ
1484 1277 1594 1333 τῶν
1614 1279 1746 1333 ὅλων

1853 1284 1996 1341 rant,
2027 1277 2304 1348 subigere,
2347 1292 2540 1332 eorum
2581 1278 2928 1348 tyrannidem
2961 1279 3144 1336 delere
3175 1299 3188 1334 :
3220 1279 3448 1336 deinde-

101 1370 242 1424 -οὒ
273 1369 582 1440 γνώσεώς
607 1388 669 1424 τε
691 1372 786 1425 καὶ
804 1369 1084 1435 εὐσεϐείας
1105 1349 1558 1442 ἀφαρπάσαντας,
1587 1371 1746 1428 καθυ-

1853 1387 1960 1442 que
1989 1371 2248 1426 omnibus
2279 1370 2602 1427 hominibus
2635 1369 2993 1441 Evangelium
3027 1372 3183 1442 regni
3214 1371 3312 1428 Dei
3335 1380 3448 1428 tra-
3509 1349 3519 1366 ’

43 1475 48 1479 ‘
95 1479 182 1514 ιτ
197 1462 370 1528 ἁξαι
392 1465 507 1516 καὶ
532 1461 636 1533 τῆς
656 1464 968 1535 τυραννίδος
988 1465 1263 1521 καθελεῖν·
1299 1462 1402 1520 εἷθ’
1423 1466 1594 1529 οὕτως
1616 1466 1746 1520 διπα-

1853 1465 2001 1522 dere.
2055 1464 2405 1536 Quapropter
2452 1471 2582 1520 ante
2627 1479 2820 1520 omnes
2851 1463 2990 1519 alias
3022 1463 3144 1533 ejus
3175 1464 3444 1530 actiones,

43 1588 58 1594 -
99 1571 156 1606 ν
223 1553 598 1627 ἀνθρώποις
617 1555 678 1610 τὸ
707 1556 1041 1626 Εὐαγγέλιω
1066 1557 1169 1630 τῆς
1189 1557 1285 1613 τοῦ
1312 1558 1448 1614 Θεοῦ
1475 1558 1746 1630 βασιλείας

1853 1573 1976 1629 quae
1997 1558 2053 1613 in
2088 1557 2319 1614 historia
2345 1556 2618 1620 feruntur,
2649 1555 2851 1612 ductus
2873 1555 3031 1612 estin
3052 1555 3355 1622 desertum,
3383 1563 3446 1612 ut

37 1682 52 1691 ο
87 1648 524 1722 κραδοῦναι.
580 1650 673 1705 Διὸ
705 1649 769 1722 δὴ
809 1649 917 1722 πρὸ
957 1651 1136 1724 πάσης
1166 1651 1555 1724 ἱστορουμένης
1583 1651 1746 1706 αὐτοῦ

1853 1657 2159 1706 tentaretur
2178 1665 2209 1705 a
2233 1649 2476 1718 diabolo,
2495 1656 2723 1720 eratque
2743 1663 2868 1704 cum
2894 1648 3046 1714 feris,
3080 1655 3141 1704 ut
3163 1648 3241 1704 ait
3274 1663 3447 1704 evan-

53 1741 401 1812 ερὰξεως
453 1741 696 1813 ἀνήγετο
739 1742 821 1806 είς
851 1741 950 1813 τὴν
999 1740 1204 1815 ἔρημον
1248 1741 1612 1813 πειρασθῆναι
1646 1741 1746 1796 ὑπὸ

1853 1742 2070 1814 gelista,
2119 1742 2265 1799 feras
2311 1758 2640 1814 nuncupans
2687 1751 2935 1814 agrestes
2987 1742 3111 1799 illas
3156 1751 3211 1798 et
3238 1741 3446 1798 ferinas

34 1832 196 1902 ῥοῦ
246 1833 570 1888 διαϐόλου⁸
615 1834 712 1889 καὶ
740 1829 810 1906 ῆν
851 1832 988 1906 μετά
1016 1813 1125 1888 τῶν
1152 1833 1357 1906 θηρίων
1378 1874 1392 1898 ,
1422 1832 1499 1897 ὥς
1532 1851 1696 1904 φησιν
1723 1835 1746 1888 ὁ

1853 1813 2122 1903 malignas
2154 1833 2406 1890 virtutes.
2441 1813 2568 1890 Haec
2593 1813 2762 1905 igitur
2784 1833 2901 1905 ipsa
2932 1849 3174 1905 praesens
3196 1835 3446 1906 psalmus

41 1921 588 1998 ,τῖιαγγελιστὴμ
621 1923 786 1995 θηρία
829 1923 1142 1996 προσειπὼν
1173 1925 1271 1988 τὰς
1315 1924 1746 1997 ἁπῆγριωμένας

1853 1922 2173 1994 prophetico
2191 1922 2401 1994 Spiritu
2419 1924 2732 1980 necessario
2749 1925 3098 1994 praenuntiat.
3117 1922 3223 1978 Par
3242 1923 3446 1995 quippe

34 2061 48 2088 __
83 2013 215 2092 Γιιιὶ
249 2011 574 2084 θηριώδεις
600 2015 842 2084 πονηρὰς
868 2014 1146 2085 δυνάμεις.
1196 2014 1346 2068 me
1367 2014 1431 2088 δὴ
1457 2011 1562 2093 οὖν.
1576 2015 1746 2070 ταῦτα

1853 2021 1973 2070 erat
2000 2028 2103 2070 nos
2133 2021 2262 2070 ante
2297 2014 2524 2089 edoctus
2563 2030 2628 2070 ea
2679 2030 2802 2087 quae
2844 2015 2965 2086 ejus
2998 2017 3093 2087 qui
3125 2015 3178 2072 in
3207 2017 3444 2089 prophe-

99 2095 285 2159 τα)ίὸ
334 2103 548 2177 παρὼν
580 2104 792 2176 ψαλμὸς
822 2108 1207 2177 προαναφωνεῖ
1231 2107 1556 2180 προφητικῷ
1582 2105 1746 2162 Πνεύ.

1853 2107 1931 2163 tia
1986 2107 2310 2164 enuntiatur
2370 2106 2664 2164 adventum
2726 2108 2793 2164 ad
2857 2109 3109 2165 homines
3169 2117 3441 2181 spectant,

34 2246 78 2278 ἒ
93 2212 264 2248 ιατι
285 2194 642 2265 ἀναγκαίως.
667 2194 778 2267 Χρὴ
796 2194 922 2267 γὰρ,
937 2195 1023 2249 διὰ
1036 2195 1144 2250 τῶν
1161 2195 1464 2268 ἔμπροσθεν
1479 2199 1746 2271 διδαχθέν-

1853 2214 2069 2257 necnon
2105 2214 2227 2270 quae
2269 2199 2337 2255 ad
2366 2200 2489 2272 ejus
2513 2201 2793 2257 carnalem
2827 2201 3235 2272 generationem
3268 2202 3442 2273 perti-

39 2305 228 2371 ΣῘτας
251 2289 327 2343 τὰ
354 2289 498 2360 περὶ
521 2287 622 2359 τῆς
640 2290 720 2353 είς
742 2288 1065 2361 ἀνθρώπους
1087 2291 1390 2361 παρουσίας
1415 2292 1512 2346 τοῦ
1536 2309 1746 2364 προφη-

1855 2297 2008 2356 nent,
2040 2291 2108 2346 ad
2163 2298 2394 2346 mortem
2447 2290 2577 2346 item
2605 2291 2746 2362 ejus,
2777 2299 2831 2346 et
2873 2292 2942 2347 ad
2989 2292 3211 2348 modum
3238 2307 3350 2363 quo
3374 2308 3443 2347 ex

63 2378 474 2452 ~_:sr.aaj.:.t5.vou,
494 2379 590 2434 καὶ
604 2380 670 2434 τά
692 2380 819 2453 περὶ
841 2381 939 2453 τῆς
954 2383 1218 2455 ὲνσάρκου
1235 2385 1541 2455 γεννήσεως
1558 2385 1749 2453 αὐτοῦ,

34 2469 194 2554 ξηεὰ
223 2487 290 2522 τε
320 2474 464 2543 περὶ
486 2469 586 2524 τοῦ
621 2471 875 2537 θανάτου,
900 2474 1049 2537 ὅπως
1069 2491 1129 2527 τε
1151 2475 1216 2528 ἐκ
1251 2473 1565 2546 σπέρματος
1593 2476 1756 2530 Δαυῒδ

91 2579 154 2614 π
164 2561 378 2634 ροελεύ
387 2562 521 2616 σεσθ
528 2580 584 2617 αι
599 2563 1347 2637 προκεκὴρυκτο,άκολούθως
1360 2567 1554 2621 καὶτὸν
1565 2567 1756 2637 ἀγῶνα-

40 2651 342 2728 ..μαθεῖν
371 2656 529 2726 ἡμᾶς
560 2655 620 2709 ὃν
651 2657 822 2730 ἤρατο
852 2657 995 2712 κατά
1029 2657 1140 2713 τῶν
1169 2659 1563 2730 ἀντικειμένων
1585 2659 1755 2713 δυνά-

34 2743 88 2844 i;
113 2764 318 2844 μεων.
337 2747 538 2802 Ταῦτα
557 2744 697 2820 οὖνὴ
717 2749 969 2822 παροῦσα
991 2751 1287 2824 παρίστησι
1309 2751 1612 2823 προφητεία
1634 2768 1760 2823 προ-

115 2837 408 2908 λέγουσα,
421 2841 525 2894 ὅσα
545 2841 684 2896 κατὰ
705 2843 804 2914 τὴν
823 2841 1027 2915 ἔρημον
1043 2843 1332 2915 ὑπέμεινεν
1353 2845 1438 2913 ἐφ’
1455 2843 1604 2908 ὅλαις
1622 2845 1760 2916 ἡμέ“’

129 2948 278 3004 ραις
297 2940 349 3004 μ’
360 2934 465 3013 ’καὶ
481 2934 598 3001 νυξὶ
617 2937 736 2998 ταῖς
761 2936 902 2999 ῐσαις
921 2934 1313 3008 πειραζόμενος
1339 2935 1442 2990 ὑπὸ
1460 2936 1555 2991 τοῦ
1583 2935 1761 2990 διαϐό-

127 3023 267 3080 λου.
287 3023 566 3098 Θηρευτα“ι
588 3027 698 3100 γὰρ
725 3022 868 3098 ἦσαν
895 3030 1023 3100 περὶ
1046 3029 1209 3083 αὐτὸν
1231 3029 1452 3102 ἀόρατοι
1475 3029 1757 3100 δυνάμεις.

45 3111 76 3126 ⁸
137 3116 392 3187 παγίδας
444 3117 595 3189 αὐτῷ
627 3118 1153 3184 κατασκευάζουσαι.
1188 3120 1298 3173 Kal.
1333 3120 1389 3174 αί
1441 3119 1542 3191 μὲν
1571 3119 1752 3188 λόγοις

141 3210 531 3281 ταραχώδεσιν
564 3210 725 3265 αὐτὸν
757 3211 1006 3283 θορυϐεῖν
1026 3211 1382 3284 πειρώμεναι.
1415 3213 1542 3268 αῑδὲ
1572 3212 1757 3283 φοϐεῖν

149 3306 304 3361 κατά
343 3305 440 3370 τὰς
489 3306 721 3371 νύκτας,
758 3305 854 3360 καὶ
899 3305 1060 3360 πάλιν
1105 3305 1238 3360 ἄλλα
1272 3305 1340 3359 δι’
1375 3305 1590 3378 ἡμέρας
1620 3304 1749 3377 βέλη

1855 2382 2068 2438 semine
2092 2381 2263 2438 David
2288 2382 2607 2453 proditurus
2637 2382 3130 2456 pranuntiabatur,
3158 2382 3441 2449 ediscere;
3521 2375 3530 2382 ’

1855 2487 1921 2528 ac
1951 2482 2352 2545 consequenter
2371 2475 2537 2530 etiam
2562 2474 2631 2530 de
2659 2477 2961 2530 certamine
2983 2475 3126 2546 ejus,
3150 2474 3296 2546 quod
3317 2491 3446 2530 con-

1858 2576 1942 2622 tra
1960 2565 2302 2624 adversarias
2327 2573 2629 2637 potestates
2656 2569 2921 2639 suscepit,
2939 2567 3169 2624 erudiri.
3193 2566 3320 2623 llaec
3341 2568 3445 2640 igi-

1857 2667 1949 2716 tur
1975 2675 2218 2732 prmsens
2245 2661 2532 2733 prophetia
2563 2661 2826 2726 declarat,
2845 2661 3221 2733 praenuntiam
3237 2669 3443 2733 quanta

1861 2754 1916 2809 in
1949 2753 2170 2809 deserto
2214 2753 2500 2822 sustinuit,
2536 2753 2732 2809 diebus
2777 2752 3143 2824 quadraginta
3184 2752 3444 2808 totidem-

1858 2863 1966 2918 que
1992 2846 2244 2902 noetibus
2298 2853 2538 2902 tentatus
2566 2860 2597 2900 a
2645 2845 2885 2902 diabolo.
2911 2842 3215 2901 Venatores
3242 2844 3444 2916 quippe

1860 2939 2015 2994 illum
2057 2938 2499 3004 circumdabant,
2534 2937 2844 2994 invisibiles
2878 2952 3076 3009 nempe
3114 2933 3438 3008 potestates,

1859 3032 2086 3102 laqueos
2149 3031 2254 3102 ipsi
2307 3039 2586 3102 parantes.
2663 3028 2733 3084 Et
2800 3029 2920 3084 alia:
2982 3029 3201 3100 quidem
3258 3029 3442 3085 verbis

1860 3123 2193 3180 turbulentis
2237 3121 2569 3178 conturbare
2625 3119 2806 3192 ipsum
2854 3121 3171 3188 tentabant;
3213 3121 3334 3175 aliae
3383 3120 3440 3176 in

1859 3224 2022 3273 nocte
2051 3213 2497 3287 perterrefacere.
2527 3213 2663 3269 Alia:
2709 3213 2840 3270 item
2889 3213 2946 3268 in
2999 3210 3088 3267 die
3127 3211 3436 3282 spiritualia

149 3306 304 3361 κατά
343 3305 440 3370 τὰς
489 3306 721 3371 νύκτας,
758 3305 854 3360 καὶ
899 3305 1060 3360 πάλιν
1105 3305 1238 3360 ἄλλα
1272 3305 1340 3359 δι’
1375 3305 1590 3378 ἡμέρας
1620 3305 1749 3377 βέλη
1851 3311 1958 3366 tela
2006 3308 2374 3364 immittebant
2409 3307 2466 3362 in
2515 3321 2678 3375 eum;
2712 3321 2929 3362 rursum
2981 3305 3122 3369 aliae,
3163 3319 3285 3376 qua:
3335 3318 3439 3360 nec

34 3825 48 3856 Γ

154 3401 331 3473 νοητά
369 3399 682 3471 πέμπουσαι
725 3401 846 3454 κατ’
877 3399 1073 3455 αὐτοῦ’
1120 3400 1216 3455 καὶ
1249 3396 1404 3464 αὖθις
1434 3398 1620 3472 ἕτεραι
1649 3399 1752 3452 οὐκ

159 3489 476 3562 ὠνομάσθαι
505 3491 636 3562 ἡμῖν
663 3529 678 3553 ,
728 3489 848 3543 οὐδὲ
896 3488 1151 3562 λεχθῆναι
1181 3489 1480 3562 δυνάμεναι
1528 3489 1752 3561 θνηταῖς

63 3571 72 3657 ’Δ
162 3585 383 3650 ἀκοαῖς,
409 3583 500 3637 τὸν
528 3583 648 3637 κατ’
669 3582 835 3636 αὐτοῦ
866 3582 1170 3657 πειρασμὸν
1195 3583 1745 3656 πραγματευόμεναιο

165 3673 202 3727 ὃ
231 3674 294 3746 δὴ
327 3673 575 3747 σημαίνει
609 3672 835 3744 φάσκων
862 3675 889 3728 ὁ
922 3673 1098 3743 λόγος,
1144 3673 1288 3728 Ἀπὸ
1312 3673 1655 3744 πράγματος
1677 3673 1750 3726 ἐν

171 3767 372 3820 σκότει
394 3764 896 3836 διαπορευομένου
911 3781 925 3794 ·
945 3763 1084 3818 Ἀνθ’
1117 3759 1178 3819 οῦ
1201 3765 1230 3818 ὁ
1265 3764 1362 3836 μὲν
1398 3762 1628 3827 Ἀκύλας
1649 3764 1748 3834 ἡρ-

179 3859 454 3931 μήνευσενο
470 3857 613 3914 Ἀπὸ
625 3857 893 3930 ῥήματος
907 3857 976 3911 ἐν
990 3855 1336 3928 σκοτομήνῃ
1353 3854 1749 3925 περιπατοῦν-

181 3969 310 4020 τοςο
341 3953 370 4005 ὁ
393 3953 447 4006 δὲ
473 3952 794 4025 Σύμμαχος,
826 3951 980 4006 Οὐδὲ
1015 3953 1230 4022 λοιμὸν
1258 3949 1412 4022 ζόφῳ
1437 3949 1746 4006 ὀδεύοντα.

257 4103 386 4176 ’Ἤδη
411 4104 568 4158 δὲκαὶ
595 4103 663 4158 τὰ
679 4104 1032 4158 ἀναιδέστατα
1060 4102 1156 4158 καὶ
1183 4101 1478 4173 άρχοντικά
1502 4101 1610 4155 τῶν
1627 4101 1747 4154 δαι-

193 4195 396 4268 μονίων,
425 4193 488 4248 τὰ
507 4196 563 4248 ὲν
583 4194 722 4266 αὐτῇ
742 4197 808 4266 τῇ
841 4195 1158 4266 μεσημϐρίᾳ
1186 4195 1280 4248 καὶ
1308 4196 1376 4266 τῇ
1403 4193 1496 4248 τοῦ
1517 4190 1747 4266 ἡλιακοῦ

194 4287 356 4361 φωτὸς
395 4288 540 4360 ἀκμῇ
590 4285 874 4358 τολμῶντα
907 4285 1384 4358 παραφαίνεσθαι,
1431 4284 1747 4357 προσῄεσαν

195 4379 350 4452 αὐτῷ.
380 4378 492 4450 Τῶν
521 4377 632 4451 γὰρ
681 4378 858 4434 ἄλλων
899 4377 960 4431 τὸ
1012 4380 1211 4432 οἰκεῖον
1245 4377 1435 4441 σκότος
1480 4376 1748 4447 μεταδιω-

198 4472 400 4538 κόντων,
429 4479 517 4527 καὶ
551 4473 608 4526 ἐν
641 4471 778 4544 μόνῃ
812 4470 970 4524 νυκτὶ
996 4468 1322 4539 φαντασιοῦν
1350 4467 1642 4534 εἰωθότων,
1675 4467 1745 4524 τά

1848 3401 2126 3458 nominari
2158 3401 2340 3469 nobis,
2371 3414 2474 3456 nec
2537 3398 2649 3454 dici
2700 3398 3027 3454 mortalibus
3054 3397 3283 3453 auribus
3307 3412 3439 3468 pos-

1848 3501 1998 3558 sunt,
2036 3494 2399 3550 tentationern
2435 3493 2492 3547 in
2554 3506 2681 3548 eum
2738 3490 3085 3546 adornabant
3116 3508 3131 3544 :
3163 3489 3311 3561 quod
3353 3489 3441 3546 his

1849 3583 2278 3658 signiﬁcatur,A
2311 3584 2518 3655 negotio
2546 3581 2946 3652 perambulante
2967 3581 3022 3636 in
3057 3580 3305 3636 tenebris.
3326 3577 3435 3636 Pro

1847 3693 1959 3748 quo
1990 3676 2189 3747 Aquila
2237 3675 2459 3747 quidem
2505 3675 2898 3754 interpretatus
2940 3683 3046 3734 est,
3098 3672 3143 3725 Α
3175 3671 3328 3727 verba
3379 3673 3437 3726 in

1848 3778 1998 3823 nocte
2031 3768 2182 3821 illum
2205 3765 2612 3836 perambulante
2635 3781 2654 3827 ;
2685 3763 3052 3836 Symmachus
3075 3778 3226 3831 vero,
3253 3760 3435 3834 Neque

1846 3869 2040 3929 pestem
2064 3861 2120 3914 in
2149 3859 2375 3928 caligine
2415 3855 2776 3912 ambulantem

1920 4103 2002 4159 Ad
2032 4105 2148 4160 haec
2174 4118 2306 4160 vero
2335 4102 2498 4160 etiam
2541 4099 3008 4173 impudentissimi
3033 4098 3433 4156 daemoniorum

1847 4196 2148 4270 principes,
2185 4195 2278 4266 qui
2312 4192 2367 4248 in
2399 4191 2652 4257 meridie,
2687 4192 2902 4262 vigente
2939 4191 3072 4247 solis
3093 4191 3235 4254 luce,
3267 4203 3437 4267 appa-

1845 4303 1968 4346 rere
1995 4285 2116 4343 ausi
2148 4291 2297 4349 sunt,
2322 4290 2681 4339 accesserunt
2716 4283 2781 4338 ad
2826 4297 2974 4338 eum.
3008 4280 3144 4336 Nam
3172 4296 3297 4336 cum
3342 4280 3436 4336 alii

1847 4381 2100 4454 proprias
2127 4377 2234 4435 sibi
2291 4376 2548 4434 tenebras
2583 4383 2883 4441 sectentur,
2920 4383 2974 4432 et
3016 4374 3072 4430 in
3102 4375 3220 4430 sola
3275 4381 3438 4430 nocte

1847 4470 2169 4545 phantasia:
2235 4483 2455 4524 movere
2515 4467 2766 4535 soleant;
2831 4465 2925 4538 qui
2973 4464 3437 4536 impudentissimi

201 4565 520 4621 ἀναιδέστατα
551 4566 647 4619 καὶ
677 4563 745 4616 δι’
768 4562 982 4636 ἡμέρας
1013 4561 1188 4632 τολμᾷ
1215 4561 1521 4630 φαίνεσθαι,
1558 4563 1652 4614 καὶ
1686 4561 1744 4614 ὲν

1853 4573 2002 4628 sunt,
2029 4562 2194 4618 etiam
2247 4560 2306 4614 in
2334 4559 2423 4615 die
2454 4573 2722 4630 apparere
2755 4555 2980 4622 audent,
3023 4563 3078 4613 et
3131 4557 3185 4612 in
3239 4558 3437 4614 mediis

210 4658 378 4730 μέσαις
399 4658 580 4726 αὐγαῖς
607 4656 780 4730 ἡλίου.
796 4653 1034 4710 Τοιαῦτα
1053 4654 1108 4708 δὲ
1132 4649 1199 4726 ἦν
1219 4647 1289 4707 τὰ
1315 4653 1409 4707 καὶ
1429 4653 1509 4724 τῷ
1528 4653 1746 4725 Σωτῆρι

211 4750 428 4805 ὲπιόντα”
462 4748 572 4820 μεθ’
604 4749 822 4822 ἡμέραν
881 4748 979 4821 μὲν
1025 4741 1119 4801 οῦν
1166 4743 1395 4800 τοιαῦτά
1433 4762 1554 4799 τινα
1595 4743 1746 4817 αὐτῷ

213 4842 428 4916 προσῄει,
453 4840 585 4896 κατά
607 4841 664 4895 δὲ
681 4843 782 4907 τὰς
802 4840 1003 4904 νύκτας
1021 4839 1204 4912 ἕτερα.
1224 4838 1314 4892 Διὸ
1343 4837 1554 4910 εἴρηται
1578 4835 1708 4906 ἑξῆς
1727 4851 1742 4867 ⁸

219 4934 290 4987 Οὐ
319 4930 602 5002 φοϐηθήσῃ
639 4930 760 4986 ἀπὸ
803 4932 992 5001 φόϐου
1041 4928 1420 4998 νυκτερινοῦ,
1471 4929 1568 4982 καὶ
1619 4927 1741 4982 ἀπὸ

216 5021 507 5092 πράγματος
525 5023 596 5077 ἐν
621 5022 826 5076 σκότει
851 5019 1377 5092 διαπορευομένου.
1416 5019 1656 5091 Ὀρῶντα
1685 5018 1741 5072 δὲ

219 5115 355 5172 αὐτοῦ
376 5115 459 5186 τὴν
479 5115 684 5187 ἄμαχον
711 5116 808 5170 καὶ
839 5116 1102 5188 ἀήττητον
1128 5113 1379 5186 δύναμιν,
1409 5111 1546 5184 ὁμοῦ
1580 5111 1744 5166 πάλιν

221 5211 526 5283 ἀθροιζόμενα
578 5211 723 5266 κατὰ
781 5211 948 5281 στίφη
1005 5209 1305 5281 προσίεσαν
1357 5207 1506 5279 αὐτῷ
1561 5204 1740 5277 πλὴθη

223 5302 454 5374 δυνάμεων
487 5301 893 5374 ἀντικειμένων.
926 5300 1036 5354 Καί
1081 5318 1172 5372 μοι
1198 5297 1448 5354 δοκοῦσιν
1489 5299 1538 5351 οἱ
1572 5297 1743 5358 πάλαι

227 5395 334 5467 παρ’
357 5394 628 5468 ἀνθρώποις
653 5393 992 5466 νομιζόμενοι
1013 5393 1145 5457 θεοὶ,
1180 5393 1274 5447 καὶ
1301 5391 1370 5446 τὰ
1389 5390 1744 5462 ἀντικείμενα

231 5487 494 5559 πνεύματα,
522 5489 678 5559 ξένην
725 5487 848 5541 τινὰ
900 5485 1060 5556 φύσιν
1100 5486 1195 5540 καὶ⁹
1243 5484 1472 5556 δύναμιν
1526 5483 1749 5538 πάντων

233 5581 377 5634 αὐτῶν
405 5580 767 5652 καθαιρετικὴν
811 5577 1062 5649 θεώμενοι
1106 5580 1165 5633 ὲν
1204 5577 1283 5649 τῷ
1325 5575 1599 5650 ἀνθρώπῳ
1650 5573 1746 5629 τοῦ

238 5670 435 5742 Σωτῆρος
459 5671 634 5742 ἡμῶν,
665 5669 801 5741 ὁμοῦ
835 5669 1095 5740 συνῆχθαι
1137 5667 1531 5739 ἁπανταχόθεν,
1575 5665 1748 5739 ἀθρόα

241 5779 286 5814 τε
315 5763 540 5817 προσιέναι
575 5763 667 5818 καὶ
702 5762 1066 5818 ποοσοήσσειν
1101 5761 1304 5815 ἐθέλειν
1333 5759 1502 5818 αὐτῷ.
1537 5759 1649 5812 Kal.
1677 5759 1748 5814 τὰ

1851 4654 2130 4712 solaribus
2153 4651 2345 4709 radiis.
2378 4650 2541 4707 Tales
2570 4659 2732 4706 erant
2759 4649 2853 4722 qui
2892 4647 3232 4705 Salvatorem
3257 4649 3440 4706 adorti

1849 4747 2092 4813 sunt;in
2127 4745 2217 4802 die
2261 4759 2498 4817 namque
2550 4739 2871 4812 huiusmodi
2925 4739 3159 4812 spiritus
3204 4741 3437 4797 accede-

1847 4837 1980 4893 bant
2017 4819 2084 4892 ad
2117 4852 2266 4903 eum,
2301 4837 2356 4891 in
2384 4833 2640 4890 noctibus
2673 4844 2854 4890 autem
2877 4833 2991 4888 alii.
3017 4831 3199 4899 Quare
3234 4831 3438 4888 dicitur

1845 4937 2056 5001 postea,
2089 4928 2213 4982 Non
2244 4926 2448 4982 timebis
2478 4944 2511 4980 a
2541 4927 2727 4981 timore
2765 4917 3042 4992 noeturno,
3074 4933 3126 4980 et
3169 4942 3201 4979 a
3229 4926 3436 4996 negotio

1844 5021 2248 5094 perambulante
2301 5022 2357 5076 in
2408 5019 2652 5075 tenebris.
2686 5019 2823 5075 Cum
2870 5027 3050 5074 autem
3097 5018 3352 5073 invictam
3383 5026 3434 5072 et

1850 5116 2278 5188 insuperabilem
2313 5113 2434 5183 ejus
2468 5112 2723 5168 virtutem
2755 5118 3080 5174 cernerent,
3113 5109 3330 5183 agmine
3357 5109 3436 5164 si-

1850 5208 1966 5262 mul
2008 5206 2304 5271 instructo,
2360 5202 2654 5257 multitudo
2705 5200 3146 5257 adversariarum
3195 5206 3435 5271 potesta-

1852 5307 1970 5354 tum
2029 5299 2207 5369 ipsum
2267 5309 2526 5367 aggressa
2565 5303 2667 5350 est.
2731 5291 3070 5363 Videturque
3120 5291 3276 5356 mihi,
3307 5291 3432 5346 illos

1851 5395 2006 5457 olim,
2048 5391 2142 5462 qui
2184 5391 2331 5462 apud
2361 5389 2612 5444 limnines
2641 5385 2716 5442 dii
2759 5386 3238 5451 existimabantur,
3273 5384 3434 5440 item-

1853 5501 1964 5559 que
1986 5481 2336 5539 adversarios
2366 5480 2618 5553 Spiritus,
2651 5477 2978 5548 stupendam
3021 5474 3314 5549 quamdam
3337 5490 3436 5531 na-

1851 5585 2031 5632 turam
2068 5580 2123 5630 et
2150 5573 2410 5628 virtutem
2437 5571 2542 5628 sibi
2565 5570 2824 5626 omnibus
2850 5569 3138 5625 exitiosam
3167 5568 3224 5622 in
3255 5567 3434 5624 homi-

1850 5684 1920 5724 ne
1948 5665 2250 5722 Salvatoris
2280 5663 2456 5720 nostri
2493 5663 2759 5728 videntes,
2786 5677 2894 5718 una
2932 5667 3292 5732 congregatos
3331 5676 3434 5714 un-

1849 5757 2014 5820 dique
2041 5756 2334 5815 confertim
2357 5753 2679 5818 accessisse,
2715 5761 2775 5808 ut
2809 5753 3177 5818 irrumperent
3199 5751 3256 5807 in
3282 5766 3432 5809 eum.
