3972 6812
633 374 778 437 uss

1340 369 1608 431 EUSEBII
1647 369 2130 430 CESARIENSIS
2169 367 2323 428 opp.
2354 369 2539 427 PARS
2571 369 2664 429 ut.
2700 393 2775 414 -ι
2810 361 3221 431 EXEGETICA;
3303 371 3350 412 ε

631 496 701 555 Et
725 497 904 568 primo
929 495 1154 568 quidem
1194 492 1475 550 diabolum
1508 495 1742 552 aliorum
1793 493 2211 566 particularium

2320 493 2420 566 μὲν
2451 493 2644 567 πρῶτα
2661 495 2730 550 δι’
2759 495 2965 567 ἐτέρων
2992 498 3236 570 μερικῶν
3264 491 3800 566 meum
3835 505 3903 546 τε

631 590 925 662 spirituum
957 603 1124 658 opera
1156 587 1336 660 imum
1361 595 1607 642 tentasse
1633 606 1648 643 :
1678 602 1850 658 quare
1870 586 2076 641 dictum
2102 592 2210 654 est,

631 677 703 733 Et
732 686 851 733 erat
883 693 1003 732 sum
1032 676 1160 746 feris
1193 675 1260 731 ⁸⁸.
1302 675 1646 744 Quibusnam
1687 676 1850 733 feris?
1876 676 1930 732 id
1952 678 2128 750 aperit
2157 677 2214 733 in

629 771 990 844 sequentibus
1019 787 1202 828 sermo
1241 786 1488 844 prasens
1509 771 1600 828 his
1631 771 1837 837 verbis,
1873 769 2043 842 Super
2067 772 2214 842 aspi—

625 863 746 920 dem
770 873 823 919 et
845 863 1154 918 basiliscum
1187 862 1520 926 ambulabis,
1545 870 1603 917 et
1642 863 1975 918 conculcabis
2012 863 2215 918 leonem

623 965 678 1014 et
704 957 1013 1013 draconem.
1069 955 1308 1019 Etcum,
1345 961 1408 1010 ut
1437 953 1738 1012 verisimile
1763 962 1871 1020 est,
1898 955 1994 1010 tali
2031 956 2215 1027 specie

628 1047 839 1118 talique
863 1046 1040 1103 forma
1069 1054 1326 1117 suscepta
1346 1086 1362 1112 ,
1390 1045 1644 1117 maligna
1685 1046 1935 1118 quadam
1960 1047 2213 1115 virtutes,

629 1136 976 1208 principatus
1004 1143 1060 1192 et
1089 1143 1393 1206 potestates
1413 1175 1430 1201 ,
1455 1141 1701 1191 rectores
1738 1135 1927 1191 mundi
1959 1135 2214 1191 tenebra-

627 1242 753 1282 rum
782 1226 1000 1295 harum,
1025 1241 1090 1282 ac
1125 1227 1434 1298 spiritualia
1472 1227 1752 1299 nequitia,
1781 1243 1880 1298 per
1900 1242 2082 1284 aerem
2117 1241 2214 1282 vo-

625 1320 842 1387 lantes;
871 1319 988 1376 sive
1016 1319 1312 1392 allegorico
1340 1334 1516 1385 more,
1541 1320 1781 1391 aspides,
1801 1320 2066 1387 basilisci,
2099 1320 2215 1376 leo-

626 1428 727 1467 nes
756 1419 812 1468 et
861 1411 1133 1468 dracones
1161 1419 1406 1480 vocata;
1433 1412 1550 1468 sive
1597 1412 1671 1467 ob
1702 1411 1924 1468 malitia
1955 1411 2216 1468 similitu-

624 1502 808 1559 dinem
843 1502 932 1559 his
964 1513 1314 1574 comparata,
1347 1519 1510 1560 one
1548 1503 1916 1560 tentationum
1945 1518 2119 1577 genus
2153 1504 2214 1561 in

626 1595 807 1666 ipsum
839 1603 1149 1652 moverunt.
1179 1595 1239 1651 In
1271 1594 1379 1652 line
1411 1603 1595 1651 autem
1620 1596 1890 1661 omnium,
1925 1596 2217 1668 conspica-

625 1695 716 1742 tus
745 1685 996 1744 diabolus
1040 1701 1164 1743 eum
1194 1702 1360 1759 super
1384 1687 1628 1760 aspidem
1668 1696 1720 1744 et
1755 1688 2076 1746 basiliscum
2100 1703 2217 1743 ειη-ι

626 1778 835 1843 bulare,
864 1793 1163 1850 omnesque
1197 1779 1299 1850 ipsi
1335 1779 1584 1837 subditas
1614 1779 1962 1852 operationes
1989 1779 2215 1835 concul-

626 1871 923 1944 carezipse
949 1871 1169 1928 demum
1197 1873 1430 1928 accessit
1463 1872 1691 1929 humilis
1719 1882 1773 1928 et
1798 1870 2208 1934 formidolosus,
2243 1893 2286 1949 Β

626 1959 842 2032 ipsique
895 1961 1357 2032 interrogationes
1408 1960 1465 2016 in
1538 1960 1851 2032 Evangeliis
1906 1960 2213 2032 descriptas

627 2054 934 2126 proposuit,
965 2062 1183 2141 tentans
1211 2069 1336 2109 eum
1365 2068 1431 2109 ac
1449 2052 1641 2110 dicens
1669 2073 1683 2108 :
1719 2051 1778 2109 Si
1806 2052 1978 2110 Filius
2004 2053 2099 2110 Dei
2127 2069 2211 2121 es,

628 2143 749 2200 hac
773 2143 966 2211 dicito,
998 2145 1092 2199 illa
1123 2143 1309 2198 facito.
1350 2141 1615 2213 impetum
1637 2144 1826 2215 itaque
1849 2143 2140 2201 confertim
2180 2159 2214 2200 a

625 2233 883 2305 malignis
933 2233 1219 2306 spiritibus
1261 2231 1490 2297 factum,
1529 2247 1835 2304 eorumque
1875 2233 2090 2290 cladem
2124 2231 2216 2290 de-

628 2325 821 2383 scribit
850 2326 966 2381 hac
993 2324 1277 2397 prophetia
1307 2339 1468 2395 :qua
1488 2322 1613 2380 illos
1636 2321 1752 2379 'una
1793 2324 2015 2406 quidem
2082 2338 2214 2380 coa-

627 2428 749 2472 ctos
771 2431 896 2473 esse
921 2415 1100 2482 docet,
1117 2431 1294 2494 neque
1310 2423 1493 2471 tamen
1519 2414 1726 2486 aliquid
1745 2430 1906 2487 agere
1929 2415 2208 2486 potuisse;

627 2509 726 2568 sed
757 2525 883 2566 cum
915 2509 1422 2581 appropinquarent
1450 2508 1574 2579 ipsi,
1595 2508 1748 2563 humi
1771 2508 2064 2567 decidisse.
2087 2507 2214 2566 Ideo

625 2601 835 2656 dictum
868 2613 974 2665 eat,
1017 2599 1222 2656 Cadent
1251 2616 1284 2653 a
1311 2591 1476 2654 latere
1499 2608 1588 2653 tuo
1622 2598 1789 2665 mille,
1819 2608 1870 2654 et
1894 2599 2070 2655 decem
2092 2600 2212 2656 mil-

627 2692 705 2745 lia
727 2711 760 2746 ιι
777 2691 980 2747 dextris
1007 2692 1135 2746 tuis.
1160 2689 1268 2757 Pro
1284 2691 1378 2746 illo
1407 2700 1611 2756 autem,
1629 2692 1672 2746 Α
1692 2691 1856 2746 latere
1882 2699 1994 2758 tuo,
2019 2692 2213 2764 Aquila

625 2795 682 2838 et
729 2781 1116 2855 Symmachus,
1154 2799 1220 2840 ex
1259 2791 1564 2839 transverso
1612 2791 1725 2848 tuo.
1771 2782 2097 2852 ediderunt;
2130 2785 2213 2842 sic

627 2873 909 2929 sinistram
957 2873 1261 2934 Salvatoris
1305 2882 1661 2946 nuncupante
1687 2874 1873 2930 divina
1904 2873 2210 2948 Scriptura,

628 2965 757 3036 quia
791 2964 1024 3023 fortasse
1051 2981 1220 3037 penes
1249 2981 1375 3024 eum
1404 2966 1542 3021 nihil
1575 2966 1773 3024 lavum
1801 2974 1896 3022 aut
1926 2967 2211 3025 sinistrum

625 3066 734 3116 est.
761 3057 1030 3116 Caeterum
1051 3059 1120 3116 de
1142 3060 1400 3118 omnibus
1431 3059 1596 3114 simul
1626 3058 1959 3117 adversariis
1979 3069 2216 3132 potesta-

629 3151 779 3207 tibus
799 3149 1006 3207 dictum
1040 3159 1124 3209 est
1166 3151 1323 3217 illud,
1363 3151 1442 3207 Ad
1483 3162 1533 3208 te
1559 3162 1736 3208 autem
1780 3170 1885 3208 non
1929 3155 2214 3226 appropin-

2315 585 2477 639 αὐτὸν
2509 588 2806 658 ἐπιχειρεῖν
2829 588 2921 641 τὸν
2953 587 3193 644 διάϐολον
3211 606 3225 620 ο
3256 589 3337 644 διὸ
3387 585 3822 641 λέλεκται
3847 601 3864 614 ο
3891 591 3906 642 l

2310 679 2462 750 μετὰ
2491 679 2614 735 τῶν
2639 681 2880 750 θηρίων.
2909 681 3087 736 Ποίων
3118 681 3177 736 δέ
3205 681 3480 755 θηρίων
3509 695 3540 743 ;
3595 679 3652 730 6
3709 679 3894 746 μετὰ

2316 771 2613 844 παρίστησι
2645 771 2804 842 λόγος
2837 772 3043 845 προῖὼν
3078 774 3208 846 ἑξῆς
3229 776 3326 829 καὶ
3345 775 3704 844 λέγων’
3743 771 3905 826 ’51"

2315 863 2393 918 δα
2424 864 2525 919 καί
2568 865 2949 930 ,βασιλίσκον
2978 867 3271 937 ἐπιϐήσῃ,
3315 868 3462 922 καὶ
3543 881 3906 919 κατα-πε

2313 955 2535 1012 λέοντα
2578 955 2678 1011 καί
2725 955 3046 1026 δράκοντα.
3095 959 3376 1024 Τοιούτοις
3475 955 3684 1027 γάρ
3763 971 3907 1008 τεπι.

2315 1046 2485 1112 εἰκὸς,
2519 1046 2686 1101 είδεσί
2715 1065 2777 1101 τε
2825 1049 2921 1102 καὶ
2980 1053 3218 1122 μορφαῖς
3268 1046 3907 1122 σχηειατιζόμεπέ

2314 1137 2500 1208 ἀέριον
2528 1137 2692 1192 τόπον
2733 1138 3086 1211 διιπτάμεναί
3137 1158 3282 1206 τινες
3339 1141 3766 1212 δυνάμι-εις
3803 1158 3907 1192 :2»

2315 1228 2482 1300 ἀρχαί
2507 1246 2569 1282 τε
2601 1231 2695 1284 καὶ
2724 1228 2987 1296 ἐξουσίαι,
3020 1231 3116 1287 xui.
3157 1233 3762 1307 κοσμοκράτορες
3813 1233 3904 1284 τις

2313 1337 2440 1384 τους
2486 1320 2709 1388 τούτου,
2767 1324 2864 1378 καὶ⁵
2921 1326 3269 1395 πνευματικὰ
3326 1325 3744 1397 πονηρίας
3771 1364 3794 1388 ν
3849 1342 3909 1394 τῇ

2314 1412 2644 1486 ἀλληγορίας
2685 1414 2914 1480 ἀσπίδες
2958 1416 3052 1470 καὶ
3097 1416 3412 1488 βασιλίσκοι
3493 1417 3662 1471 καὶ
3749 1416 3909 1486 εμπ

2313 1499 2410 1552 καὶ
2435 1498 2644 1564 λέοντες
2680 1500 3097 1574 ὀνομαζόμεναι,
3129 1504 3162 1576 ἢ
3191 1506 3285 1558 καὶ
3313 1506 3411 1559 διὰ
3447 1506 3566 1558 τὸ
3621 1507 3909 1574 ὲψρὲς

2316 1589 2515 1655 κακίας
2543 1591 2755 1656 τούτοις
2799 1593 3286 1666 παραϐαλλόμεναι
3308 1637 3323 1662 ,
3363 1597 3632 1650 πάντα
3715 1612 3909 1664 πεεπ

2313 1679 2526 1736 ἐκίνουν
2559 1682 2680 1736 κατ’
2709 1682 2893 1737 αὑτοῦ.
2913 1684 3037 1738 Ἐπὶ
3064 1684 3207 1738 τέλει
3244 1686 3300 1739 δὲ
3329 1687 3674 1749 niveum,
3715 1688 3816 1749 ὡς
3847 1685 3911 1738 εἰ

2312 1770 2558 1837 διάϐολος
2579 1773 2666 1826 ἐπ’
2690 1773 2894 1830 ἀσπίδα
2913 1776 3007 1829 καὶ
3022 1775 3334 1846 βασιλίσκον
3355 1778 3576 1832 ἐπιδε
3587 1777 3686 1849 ετξ
3695 1779 3848 1832 κότε
3859 1799 3911 1830 επ

2313 1865 2409 1918 καὶ
2439 1867 2943 1938 καταπεπατηκότα
2963 1868 3145 1933 πάσας
3165 1868 3265 1934 τὰς
3289 1871 3384 1924 ὑπ’
3411 1871 3656 1924 αὑτὸν
3694 1871 3911 1938 ἐπέ-’.λ

2313 1955 2481 2020 αὐτὸς
2509 1956 2612 2028 ἤδη
2644 1957 2830 2012 λοιπὸν
2863 1959 2931 2013 δι’
2977 1961 3171 2016 ἐαυτοῦ
3219 1963 3466 2035 προσῄει
3549 1963 3862 2032 tam-imi;
3887 1989 3906 2016 ε

2314 2045 2694 2113 ύποδεδοικὼς,
2725 2049 3029 2123 προσέφερέ
3067 2069 3128 2106 τε
3159 2053 3307 2125 αὐτῷ
3339 2054 3454 2119 τὰς
3478 2055 3862 2128 ἐ
3885 2073 3913 2110 ',

2312 2139 2372 2193 ἐν
2399 2141 2512 2204 τοῖς
2543 2139 2897 2209 Εὐαγγελίοις
2936 2142 3472 2217 ἀναγεγραμμένας,
3513 2145 3892 2218 τεειράξεθς

2311 2230 2404 2286 τὸν
2438 2232 2534 2287 καὶ
2573 2231 2768 2302 λέγων,
2801 2234 2864 2287 El
2890 2234 3016 2299 Υἱὸς
3045 2230 3097 2289 εἴ
3116 2234 3211 2289 τοῦ
3248 2235 3403 2302 Θεοῦ,
3457 2237 3630 2290 εἰπὲ
3877 2259 3894 2286 ;

2313 2321 2542 2392 ποίησον
2570 2322 2718 2377 τάδε.
2754 2323 2868 2395 Τὴν
2895 2319 2990 2379 οὖν
3035 2323 3240 2398 ἀθρόαν
3284 2325 3477 2399 ὁρμὴν
3509 2325 3675 2381 τῶν

2312 2415 2638 2486 πνευμάτων
2685 2417 2779 2470 καὶ
2810 2417 2910 2489 τὴν
2943 2412 3115 2490 ἧτταν
3145 2417 3325 2474 αὐτῶν
3384 2420 3420 2490 ἡ
3487 2419 3806 2490 παροῦσι
3831 2438 3880 2470 τι

2315 2503 2494 2577 ίστησι
2538 2505 2848 2578 προφητεία
2870 2523 2883 2537 ·
2932 2506 3069 2578 όμοῦ
3102 2507 3202 2578 μὲν
3244 2507 3530 2580 συνῆχθαι
3591 2510 3886 2564 διδάσκει

2315 2595 2392 2667 μὴ
2429 2595 2536 2668 μὴν
2587 2596 2906 2668 δεδυνῆσθαι
2948 2615 3003 2652 τι
3049 2598 3174 2669 μηδ’
3214 2599 3514 2669 ίσχυκέναι
3538 2617 3556 2631 σ
3607 2599 3752 2654 ἀλλ’
3793 2603 3872 2652 ir.

2312 2687 2636 2759 πλησιάζειν
2670 2688 2821 2761 αὐτῷ
2861 2690 3226 2744 καταπίπτειν
3255 2692 3449 2764 χαμαί.
3489 2693 3614 2747 Διὸ
3673 2693 3876 2746 λέλαιι

2311 2780 2590 2836 Πεσεῖται
2613 2781 2685 2836 ἐκ
2713 2782 2820 2838 τοῦ
2859 2783 3108 2851 κλίτους
3130 2800 3248 2839 σου
3286 2785 3529 2854 χιλιὰς,
3589 2786 3714 2841 καὶ
3747 2804 3872 2853 μιν

2311 2871 2383 2927 ἐκ
2425 2871 2643 2938 δεξιῶν
2697 2890 2833 2929 σου.
2871 2874 3018 2929 Ἀντὶ
3060 2874 3119 2929 δέ
3160 2874 3286 2929 τοῦ*
3339 2879 3442 2931 Ἐκ
3509 2877 3653 2933 τοῦ
3710 2881 3862 2930 iam

2312 2976 2452 3027 σου,
2487 2963 2718 3028 Ἀκύλας
2742 2963 2836 3017 καὶ
2864 2964 3181 3037 Σύμμαχος,
3217 2967 3319 3022 Ἐκ
3344 2967 3454 3022 τοῦ
3475 2969 3784 3038 πλατῶν
3799 2985 3844 3019 εί

2313 3053 2711 3108 ἐκδεδὼκασινσ
2737 3054 2882 3110 οὕτω
2920 3057 3021 3128 τῆς
3051 3057 3240 3130 θεῖκῆς
3259 3059 3490 3131 Γραφῆς
3531 3059 3622 3114 τὰ
3683 3062 3872 3128 ira:

2313 3146 2408 3201 τοῦ
2446 3147 2698 3220 Σωτῆρος
2725 3148 3102 3223 ὀνομαζούσης
3123 3190 3138 3213 ,
3183 3150 3326 3222 τάχα
3358 3150 3421 3204 τὸ
3451 3153 3658 3223 μηδὲν
3706 3149 3820 3206 εἶτα
3841 3157 3882 3214 :‘;

629 3240 905 3313 qnebunt;
957 3241 1199 3313 itemque
1238 3242 1396 3310 illud,
1455 3241 1828 3298 Verumtamen
1883 3245 2053 3300 oculis
2104 3247 2208 3301 tuis

2312 3237 2463 3310 αὐτῷ
2493 3239 2681 3294 σκαιὸν
2715 3240 2848 3312 μηδέ
2879 3241 3185 3314 ἀριστερόν.
3218 3241 3363 3314 Πλὴν
3385 3242 3534 3297 ἀλλὰ
3567 3245 3722 3317 περὶ

631 3332 1015 3400 considerabis,
1046 3345 1096 3391 et
1122 3335 1520 3393 retributionem
1537 3346 1874 3409 peccatorum
1898 3335 2116 3393 uidebis.
2145 3336 2210 3392 Et

631 3426 768 3493 haec,
801 3426 1000 3498 inquit,
1033 3428 1220 3484 omnia
1251 3428 1353 3486 tibi
1385 3428 1666 3497 accident;
1696 3427 1960 3500 quoniam
2003 3436 2084 3493 tu,
2113 3427 2212 3484 Do-

631 3517 810 3585 mine,
874 3533 1004 3591 spes
1061 3534 1218 3587 mea,
1279 3519 1612 3578 ditissimum
1666 3520 1892 3592 posuisti
1948 3520 2210 3592 refugium

633 3620 804 3668 mum.

702 3907 940 3965 Estimo
968 3917 1152 3967 autem
1185 3910 1287 3968 has
1321 3908 1626 3968 invisibiles
1657 3917 1713 3967 et
1739 3908 2081 3966 adversarias
2113 3924 2212 3981 po-

629 4007 884 4068 testates,
923 4017 1047 4072 qua
1099 4004 1208 4059 sub
1237 4005 1499 4060 universo
1551 4002 1694 4059 caelo
1735 4010 1914 4066 erant,
1949 4001 2212 4058 adversus

629 4106 757 4148 cum
803 4090 1092 4147 confertim
1127 4099 1488 4164 congregatas
1525 4090 1716 4156 fuisse,
1750 4091 1896 4162 quod
1929 4091 2212 4162 perturba-

627 4191 824 4242 rentur
855 4199 924 4239 ex
953 4184 1118 4239 allata
1146 4183 1248 4254 ipsi
1280 4198 1433 4251 voce,
1467 4181 1688 4254 quando
1714 4185 1768 4238 in
1791 4182 2057 4240 columba
2087 4198 2212 4254 spe-

629 4280 716 4336 cie
749 4279 990 4351 Spiritus
1023 4288 1252 4336 sanctus
1294 4278 1579 4336 descendit
1607 4278 1664 4334 iu
1705 4277 1880 4344 illum,
1915 4286 1969 4334 et
2025 4277 2211 4334 audita

630 4386 737 4426 vox
769 4380 856 4427 est
887 4370 1126 4442 desuper
1163 4370 1354 4426 dicens
1389 4388 1404 4425 :
1441 4369 1544 4423 Hic
1575 4378 1654 4424 est
1700 4366 1877 4423 Filius
1908 4384 2052 4422 meus
2077 4367 2211 4424 dile-

507 4499 512 4503 ς
631 4476 770 4529 ctus,
806 4463 862 4517 in
911 4479 1013 4534 quo
1067 4461 1197 4517 mihi
1242 4462 1540 4532 complacui
1567 4462 1636 4516 α’,
1683 4459 1799 4515 Hac
1831 4460 1996 4531 igitur
2025 4458 2210 4516 audita

2312 3331 2524 3404 ἀθρόως
2552 3331 2663 3385 τῶν
2681 3332 3072 3404 ἀντικειμένων
3103 3333 3378 3404 δυνάμεων
3396 3335 3648 3406 εἴρηται
3677 3337 3754 3396 τὺ,
3773 3335 3850 3402 4’:
3871 3327 3892 3406 ί

2311 3423 2390 3477 σὲ
2418 3423 2486 3478 δὲ
2511 3425 2625 3478 οὐκ
2651 3424 2942 3495 ἐγγιοῦσι,
2975 3427 3071 3481 καὶ
3103 3426 3182 3494 τὸ,
3214 3425 3386 3487 Πλὴν
3421 3427 3558 3494 τοῖς
3595 3428 3858 3500 ὀφθαλβὲ

2309 3532 2428 3572 σου
2486 3516 2920 3585 κατανοήσεις,
2945 3519 3046 3573 καὶ
3098 3517 3515 3574 ἀνταπόδοσιν
3539 3519 3858 3591 ἀμφι-ιβ’

2312 3607 2468 3677 ὄψει.
2505 3609 2618 3664 Καὶ
2655 3609 2850 3678 ταῦτα,
2873 3611 3028 3683 φησι,
3081 3610 3260 3667 πάντα
3290 3611 3445 3666 ἐσται
3476 3615 3626 3685 περὶ
3663 3616 3746 3678 σέ,
3773 3617 3852 3668 i=2

2310 3699 2485 3773 δήπερ
2513 3702 2600 3766 σὺ,
2639 3695 2684 3755 ὧ
2732 3701 2905 3774 Κύριε
2932 3743 2948 3767 ,
2988 3705 3023 3774 ή
3073 3702 3183 3775 ἐμῦι
3229 3703 3418 3768 ἐλπὶς,
3471 3705 3596 3761 τὸν
3629 3709 3854 3778 "nium

2311 3793 2452 3849 ἔθου
2479 3793 2835 3866 καταφυγήν
2862 3810 3000 3851 σου.

2395 3907 2666 3980 Ἠγοῦμαι
2707 3908 2764 3962 δὲ
2799 3909 2899 3974 τὰς
2923 3909 3190 3984 ἀοράτους
3215 3912 3417 3976 ταύτας
3447 3913 3548 3965 καὶ
3595 3913 3849 3980 ἀντικειμὲ

2312 4017 2409 4064 νας
2437 4000 2733 4072 δυνάμεις,
2765 4001 2865 4066 τὰς
2907 4002 3014 4057 ὑπὸ
3060 4004 3223 4057 παντὶ
3266 4004 3345 4075 τῷ
3379 4003 3602 4076 ούρανῷ
3653 4003 3846 4075 cavbis

2312 4091 2493 4155 πάσας
2542 4093 2755 4166 ἀθρόως
2803 4095 2924 4147 κατ’
2967 4093 3133 4148 αὑτοῦ
3182 4093 3585 4166 θορυϐηθείσας
3652 4097 3760 4150 ἀπὸ
3795 4093 3850 4159 ti;

2312 4183 2625 4257 ἐνεχθείσης
2673 4185 2809 4257 πρὸς
2839 4185 3002 4240 αὖτδν
3027 4185 3233 4256 φωνῆς,
3264 4179 3354 4240 δτέ
3379 4186 3438 4238 ἐν
3481 4186 3620 4240 εῖδει
3657 4202 3844 4260 περιπε-

2314 4277 2415 4349 ρᾶς
2440 4276 2502 4331 τὸ
2530 4275 2756 4348 Πνεῦμα
2783 4278 2844 4331 τὸ
2876 4277 3030 4346 ἅγιον
3069 4278 3392 4333 κατέϐαινεν
3422 4279 3510 4331 ἐπ’
3551 4279 3744 4345 αὑτὸν,
3769 4280 3846 4347 ἦτε

2311 4367 2518 4423 ἄνωθεν
2566 4368 2720 4440 φωνὴ
2775 4369 3019 4442 ἠκούσθη
3071 4369 3341 4439 λέγουσα·
3405 4365 3592 4437 Οὗτός
3644 4372 3841 4427 tam-5

2321 4461 2454 4527 Υἱός
2472 4478 2592 4531 μου
2617 4465 2651 4516 ό
2682 4461 3010 4531 ἀγαπητὸς,
3033 4462 3104 4516 ἐν
3133 4455 3182 4529 ᾧ
3209 4462 3537 4531 εὐδόκησα.
3571 4463 3842 4518 Ἀκούσασα

630 4571 789 4623 voce,
817 4554 1150 4626 conspicata
1174 4553 1305 4610 item
1342 4569 1372 4608 a
1408 4553 1616 4625 Spiritu
1651 4561 1842 4610 sancto
1875 4567 1973 4622 per
1995 4552 2208 4607 colum-

2313 4552 2444 4622 γοῦν
2474 4552 2576 4624 τῆς
2609 4554 2793 4626 φωνῆς
2818 4554 3043 4626 ταύτης,
3071 4557 3167 4610 καὶ
3197 4555 3527 4627 θεασάμεναι
3553 4555 3645 4610 τὸν
3677 4552 3835 4612 ὑπὸ

629 4648 754 4705 bam
787 4655 1279 4702 commonstratum
1333 4645 1506 4702 fuisse
1543 4645 1819 4702 hominem
1871 4643 2068 4699 Filium
2114 4643 2208 4700 Dei

629 4739 990 4812 appellatum,
1024 4753 1202 4809 neque
1231 4737 1350 4793 voci
1369 4752 1480 4792 non
1513 4734 1762 4801 credere,
1787 4749 1988 4806 neque,
2026 4734 2208 4789 homi-

630 4848 758 4890 nem
798 4847 965 4888 carne
997 4831 1249 4886 indutum
1287 4829 1765 4894 cernentes,hunc
1796 4826 2058 4883 dilectum
2087 4842 2210 4884 esse

632 4923 726 4980 Dei
767 4938 1090 4995 persuasum
1120 4922 1322 4978 habere
1360 4929 1633 4992 poterant.
1665 4918 1848 4987 Quare
1878 4919 2209 4990 stupendum

629 5015 931 5088 quidpiam,
963 5024 1017 5071 et
1060 5029 1257 5072 novam
1301 5013 1540 5069 hominis
1581 5021 1836 5068 naturam
1894 5019 2206 5078 cernentes,

632 5123 790 5165 suam
835 5107 1096 5177 operandi
1143 5107 1252 5162 vim
1290 5105 1658 5178 prastantiori
1697 5106 1899 5161 virtute
1921 5104 2208 5162 delendam

631 5215 757 5256 esse
805 5199 1218 5271 exspectabant.
1261 5196 1471 5254 Idcirco
1512 5198 1664 5254 illum
1697 5198 1904 5254 adorta
1934 5205 2084 5261 sunt,
2115 5199 2206 5268 qui

632 5306 754 5347 sese
797 5292 966 5347 alacri
1027 5292 1212 5346 animo
1252 5291 1505 5346 omnibus
1552 5291 1947 5347 tentatiouibus
1986 5289 2205 5354 obtulit,

629 5395 770 5450 quas
809 5396 911 5452 pro
933 5381 1110 5437 salute
1144 5380 1423 5434 hominum
1455 5389 1792 5452 susceperat.
1820 5380 1955 5436 Nam
1987 5391 2211 5446 cum,ut

630 5472 769 5537 dixi,
810 5474 1208 5544 praedicaturus
1260 5479 1408 5529 esset
1454 5475 1674 5542 captivis
1717 5475 2102 5539 dimissionem,
2157 5482 2208 5528 et

630 5565 785 5620 ca'cis
806 5566 945 5620 visus
970 5565 1348 5620 restitutionem
1369 5603 1385 5628 ,
1431 5565 1731 5620 secundum
1778 5565 2117 5638 prophetiam
2139 5564 2209 5621 de

631 5655 752 5728 ipso
769 5658 1034 5727 prolatam
1051 5657 1126 5722 ³³;
1152 5665 1316 5728 atque
1336 5655 1576 5710 futurum
1597 5664 1764 5721 esset,
1787 5666 1844 5710 ut
1867 5658 2078 5711 animas
2109 5658 2208 5710 lio-

2311 4645 2468 4715 ἁγίου
2516 4646 2834 4718 Πνεύματος
2877 4645 2967 4702 διὰ
3004 4648 3104 4720 τῆς
3141 4650 3472 4722 περιστερᾶς
3512 4649 3838 4722 ἀναδειχθέντα

2310 4735 2596 4808 ἄνθρωπον
2629 4735 2756 4790 Υἱδν
2809 4736 2946 4792 Θεοῦ
3000 4737 3413 4811 ὠνομασμένον,
3461 4738 3586 4794 οὔτε
3632 4746 3697 4815 τῇ
3737 4739 3831 4812 φυή

2309 4827 2561 4882 ἀπιστεῖν
2607 4823 2773 4900 εἶχον,
2825 4827 2951 4882 οὗτε
3006 4830 3102 4885 τὸν
3135 4830 3422 4904 ἄνθρωπον
3467 4832 3666 4903 ὁρῶσαι
3713 4837 3832 4906 σάριι

2309 4920 2687 4990 ἠμφιεσμένον
2710 4919 2986 4974 πιστεύειν
3010 4920 3200 4975 τοῦτον
3221 4918 3361 4976 εἶναι
3381 4923 3472 4976 τὸν
3490 4925 3758 4996 ἀγαπητὸν
3777 4919 3830 4976 τώ

2310 5011 2572 5067 Θεοῦ.Διδ
2597 5012 2744 5079 ξένον
2775 5030 2830 5068 τι
2859 5013 3049 5086 χρῆμα
3085 5015 3178 5068 καὶ
3199 5015 3392 5088 καινὴν
3415 5015 3688 5088 ἀνθρώπου
3716 5019 3829 5087 φύσιν

2313 5103 2582 5177 θεώμεναι
2603 5145 2619 5170 ,
2648 5103 2749 5170 τὰς
2789 5106 2996 5170 οἰκείας
3026 5107 3309 5179 ἐνεργείας
3347 5106 3570 5178 δυνάμει
3618 5108 3827 5179 κρείτ-ινιτ

2313 5196 2811 5270 καθαιρεθήσεσθαι
2835 5196 3263 5271 προσεδόκησαν.
3282 5198 3374 5252 Διὸ
3390 5198 3454 5271 δὴ
3477 5197 3695 5270 ἐπῄεσαν
3721 5196 3825 5265 αὐτῷ

2314 5287 2544 5340 ἐπιδόντι
2577 5282 2636 5341 εὖ
2680 5285 2825 5359 μάλα
2859 5286 3157 5360 προθύμως
3182 5289 3376 5343 ἑαυτὸν
3409 5289 3490 5353 είς
3528 5288 3711 5354 πάντας
3737 5289 3825 5351 τοὺς

2314 5379 2672 5452 πειρασμοὺς,
2703 5378 2796 5443 οὓς
2820 5378 2960 5452 ὑπὲρ
2985 5379 3087 5451 τῆς
3123 5378 3426 5453 ἀνθρώπων
3458 5379 3700 5452 σωτηρίας
3729 5382 3822 5435 ἁνι-

2311 5472 2546 5526 δέδεκτο.
2563 5471 2788 5527 Μέλλων
2807 5471 3132 5542 γοῦν,⁹ὦσπε
3139 5491 3170 5546 ρ
3190 5472 3348 5543 ἔφην,
3361 5471 3636 5544 κηρύττειν
3661 5474 3822 5541 αἰχμο-

2310 5563 2521 5629 λώτοις
2546 5562 2788 5633 ἄφεσιν,
2825 5563 2923 5618 καί
2953 5564 3208 5634 τυφλοῖς
3237 5563 3585 5634 ἀνάϐλεψιν,
3610 5562 3724 5616 κατὰ
3745 5565 3818 5635 τὴν

2311 5656 2440 5731 περὶ
2473 5655 2637 5712 αὐτοῦ
2671 5658 3030 5731 προφητείαν,
3063 5658 3320 5728 ἀφέλκειν
3345 5673 3405 5710 τε
3429 5656 3529 5724 τὰς
3550 5654 3638 5710 τῶν
3654 5653 3817 5726 ἀνθρύ-

705 5810 752 5845 ⁶¹
791 5810 956 5867 llarc.
997 5829 1044 5877 ι,
1083 5813 1165 5868 l3.
1243 5812 1289 5845 ¹¹
1331 5811 1520 5868 Matth.
1556 5829 1654 5879 Ill,
1692 5813 1776 5870 l7.
1847 5815 1892 5847 ⁸³
1933 5811 2065 5868 Luc.
2097 5829 2171 5873 Iv.
2205 5812 2301 5866 l8'
2343 5811 2444 5860 lea,
2651 5819 2664 5832 -
