3972 6812
35 383 66 439 Ι
1281 373 1788 443 MAR“
1824 381 1894 442 IN
1927 380 2269 445 PSALMOS.

3245 393 3387 452 “58

79 501 370 574 ψυχὰς
428 500 574 556 ἀπὸ
610 497 720 555 τῶν
763 496 934 556 πὰλαι
1481 503 1654 570 αύτὰς
1677 543 1693 570 ,

1797 505 2006 561 minum
2049 507 2119 562 ab
2149 507 2238 592 iis,
2268 507 2363 578 qui
2404 506 2553 577 ipsas
2585 507 2716 562 olim
2753 506 2811 564 in
2842 509 3214 582 captivitatem
3258 511 3389 567 abe-

35 595 367 670 .Oepoi3v
412 612 500 649 τε
537 595 715 659 αὐτὰς
746 594 866 649 ἀπὸ
893 593 1000 665 in
1031 592 1422 670 εἰϐωλολάτρου
1463 597 1694 668 πλάνης,

35 688 356 758 facetius;
393 687 660 760 πρῶτον
686 683 948 741 ἁπάντων
976 688 1098 741 κατ’
1125 687 1309 742 αὐτῶν
1332 687 1697 761 ἐστρατεύετο

116 779 264 834 θεὸν
349 773 628 848 μακρὸν
659 771 834 828 αἰῶνα
861 777 1366 848 τετυραννηκότων.
1431 779 1586 834 Ἐπεὶ
1636 780 1696 834 δὲ

35 887 224 936 τοις
265 865 765 941 κατηγωνίσατο
819 867 886 921 δι’
921 869 1202 942 ὑπομονῆς
1243 871 1447 937 παντὸς
1503 890 1699 947 πειραο

35 960 150 1028 ὦ,
183 959 310 1016 δώ
339 977 564 1034 φησιν
589 963 618 1016 ὁ
643 961 862 1025 Λουκᾶς
887 977 902 992 ο
931 961 1045 1016 Kal
1085 965 1469 1032 συντελέσας
1499 965 1698 1022 πάντα

35 1055 397 1127 paena)?-
442 1059 489 1111 ὀ
539 1054 823 1122 διάϐολος
859 1053 1100 1126 ἀπέστη
1151 1056 1254 1112 ἀπ’
1293 1057 1501 1113 αὐτοῦ.
1537 1060 1695 1114 Μετὰ

35 1147 172 1203 ἱτοι
243 1149 371 1203 ἐπὶ
437 1147 562 1220 τὴν
604 1147 712 1203 τῶν
763 1146 1072 1220 ἀνθρώπων
1125 1146 1428 1222 θεραπείαν
1459 1149 1691 1224 ἐχώρει·

35 1251 143 1294 »εν
219 1241 349 1297 καὶ
422 1239 704 1315 ἔφριττον
754 1239 919 1294 αὐτὸν
947 1241 996 1294 οἱ
1044 1239 1338 1313 δαίμονες,
1376 1242 1695 1314 ὡμολόγουν

41 1331 291 1386 αὑτὸν
356 1331 601 1386 εἰδέναι
651 1329 800 1394 ὅστις
826 1328 944 1402 εἴη,
984 1328 1217 1401 βοῶντες
1265 1332 1360 1386 καὶ
1413 1331 1692 1401 λέγοντες·

35 1441 117 1485 ιι,
159 1424 247 1477 τί
277 1423 473 1493 ἡμῖν
511 1422 622 1477 καί
663 1437 786 1486 σοι,
842 1421 938 1476 Υἱὲ
964 1421 1074 1476 τοῦ
1112 1422 1300 1486 Θεοὺ;
1347 1422 1595 1494 οἴδαμέν
1621 1441 1698 1479 σε

35 1535 62 1578 3
103 1510 224 1579 εἴ,
259 1518 301 1570 ό
340 1514 551 1584 ἅγιος
583 1513 693 1568 τοῦ
717 1513 889 1569 Θεοῦ.
935 1513 1070 1568 Ἀπὸ
1105 1513 1218 1586 γὰρ
1249 1514 1349 1586 τῆς
1369 1515 1507 1589 πρὸς
1534 1516 1696 1572 αὑτὸν

35 1605 378 1678 εχθείσης
415 1605 630 1677 φωνῆς
662 1592 1081 1679 μεμαθήκεισαν
1106 1605 1257 1670 ὅστις
1286 1601 1355 1678 ἦν
1375 1623 1389 1637 ·
1427 1606 1568 1661 ἀλλὰ
1598 1607 1697 1661 καὶ

35 1698 82 1765 ρ’
148 1689 260 1752 ὧν
318 1696 662 1768 εἰργάσατο
703 1695 846 1752 κατὰ
883 1696 977 1750 τὸν
1021 1695 1117 1751 τοῦ
1155 1697 1466 1770 πειρασμοῦ
1505 1698 1695 1770 καιρὸν

35 1791 242 1844 Sacas;
289 1787 496 1844 αὑτοῦ
524 1788 628 1861 τὴν
655 1787 911 1860 δύναμιν.

1800 607 2014 669 gerant,
2049 597 2366 664 abduceret,
2399 598 2768 672 liberaretque
2812 601 2883 657 ab
2923 601 3196 657 idolorum
3229 616 3388 658 erro-

1797 706 1893 758 re;
1931 693 2242 748 necessario
2277 692 2478 748 bellum
2541 694 2719 764 primo
2775 695 2998 766 gerebat
3052 694 3109 750 in
3165 709 3262 752 eos
3290 696 3385 766 qui

1797 781 2064 838 diuturno
2101 791 2348 854 tempore
2377 783 2727 856 tyrannidem
2769 785 3116 842 obtinebant.
3156 785 3222 842 Et
3255 786 3387 858 quia

1797 873 1951 944 ipsos
1985 889 2084 945 per
2122 876 2489 932 tentationum
2539 876 2788 932 omnium
2827 877 3174 934 tolerantiam
3213 893 3390 950 oppu-

1797 965 2027 1036 gnabat,
2053 965 2176 1021 ideo
2199 964 2380 1022 Lucas
2415 967 2492 1022 ait
2521 985 2535 1023 :
2574 966 2645 1020 Et
2676 983 2796 1021 cum
2816 981 3239 1025 consummasset
3272 987 3390 1026 om-

1797 1073 1916 1112 nem
1953 1058 2298 1114 tentationem
2329 1057 2598 1126 diabolus,
2628 1061 2874 1117 discessit
2909 1063 2975 1117 ab
3003 1077 3064 1117 eo
3093 1063 3162 1119 “.
3183 1061 3389 1120 Deinde

1795 1163 1928 1205 vero
1959 1148 2029 1204 ad
2060 1149 2348 1208 hominum
2381 1151 2722 1209 curationem
2753 1159 2810 1209 et
2844 1153 3114 1209 medelam
3162 1154 3390 1210 accede-

1795 1241 1892 1298 bat
1943 1261 1956 1297 :
1997 1257 2168 1312 quare
2221 1241 2530 1298 fremebant
2561 1244 2616 1298 in
2665 1259 2793 1300 eum
2830 1245 3132 1311 daemones,
3161 1245 3390 1301 conﬁte-

1796 1333 2108 1404 banturquc
2140 1348 2200 1389 se
2233 1346 2400 1389 nosse
2421 1334 2548 1405 quis
2587 1342 2757 1400 esset,
2786 1335 3090 1392 clamantes
3119 1343 3174 1391 et
3195 1336 3388 1392 dicen-
3451 1357 3472 1390 κ

1797 1436 1878 1484 tes
1908 1447 1922 1484 :
1959 1425 2106 1492 Sine,
2137 1427 2264 1499 quid
2298 1428 2450 1483 nobis
2493 1437 2542 1483 et
2592 1427 2706 1494 tibi,
2744 1425 2852 1482 Fili
2873 1427 3016 1483 Dei?
3052 1426 3312 1482 Nouimus
3341 1436 3390 1484 te

1795 1522 1912 1591 quis
1943 1521 2043 1588 sis,
2079 1531 2294 1576 sanctus
2318 1520 2416 1575 Dei
2447 1520 2614 1578 “.Ab
2631 1521 2782 1575 illata
2801 1522 2951 1578 enim
2977 1521 3056 1576 illi
3096 1537 3229 1577 voce
3256 1522 3388 1578 didi-

1796 1619 1989 1666 cerant
2018 1611 2274 1682 quisnam
2304 1620 2484 1680 esset;
2520 1610 2634 1666 imo
2661 1612 2828 1666 etiam
2858 1625 2927 1666 ex
2958 1611 3028 1666 iis
3059 1625 3181 1681 quae
3209 1616 3388 1666 tenta-

1795 1704 1964 1760 tionis
1994 1714 2240 1776 tempore
2277 1712 2547 1776 gesserat,
2573 1702 2697 1774 ejus
2725 1703 2986 1760 virtutem
3026 1709 3316 1759 noverant.

75 1898 194 1952 Οὐ
234 1899 762 1967 προσελεύσεται
795 1898 946 1968 πρὸς
989 1896 1065 1953 σὲ
1109 1898 1286 1963 κακὰ,
1320 1899 1420 1953 καί
1464 1898 1692 1969 μάστιξ

1865 1909 2034 1966 Vens.
2051 1909 2237 1968 10-12.
2263 1907 2388 1965 Non
2413 1907 2658 1965 accedent
2681 1908 2751 1964 ad
2783 1918 2832 1964 te
2855 1908 3020 1975 mala,
3043 1917 3094 1964 et
3115 1907 3388 1980 ﬂagellum

36 1991 137 2044 ὺκ
180 1989 409 2060 ἐγχοιεῖ
429 1989 524 2056 τῷ
560 1989 911 2060 σκηνώματι
942 2005 1082 2045 σου.
1106 1991 1228 2044 Ὅτι
1257 1989 1384 2056 τοῖς
1414 1988 1691 2060 ἀγγέλοις

36 2081 244 2139 ιῠτοῦ
307 2082 670 2137 ἐντελεῖται
714 2083 850 2152 περὶ
896 2079 1016 2137 σοῦ
1068 2082 1178 2137 τοῦ
1208 2077 1573 2152 διαφυλάξαι
1617 2099 1692 2137 σε

36 2193 97 2228 -ν
155 2173 427 2240 πάσαις
470 2173 613 2240 ταῖς
649 2172 811 2241 όδοῖς
857 2189 996 2229 σου.
1044 2173 1172 2228 Ἐπὶ
1215 2171 1430 2244 χειρῶν
1472 2173 1694 2243 ἀροῦσί

37 2279 139 2331 γε,
168 2268 444 2338 μήποτε
472 2268 840 2336 προσκόψῃς
864 2265 1014 2335 πρὸς
1035 2265 1213 2322 λίθον
1239 2268 1345 2321 τὸν
1369 2261 1526 2322 πόδα
1549 2280 1688 2322 σου.

36 2359 166 2413 Καὶ
191 2355 394 2413 ταῦτα
431 2356 519 2429 τῷ
551 2355 695 2411 κατὰ
716 2355 953 2429 Χριστὸν
979 2356 1390 2428 τετελειωμένῳ
1411 2356 1571 2428 ἀνδρὶ
1596 2356 1693 2410 καὶ

36 2448 126 2520 τῷ
163 2449 334 2522 χορῷ
379 2448 504 2503 τῶν
538 2448 634 2504 τοῦ
683 2447 922 2520 Χριστοῦ
961 2447 1294 2522 μαρτύρων,
1342 2449 1409 2520 τῇ
1455 2464 1516 2502 τε
1559 2447 1693 2520 ἁγίᾳ

37 2539 240 2594 αὐτοῦ
281 2539 628 2613 Ἐκκλησία,
658 2538 750 2595 καὶ
770 2537 836 2614 δὴ
861 2541 958 2596 καὶ
1001 2539 1151 2612 αύτῷ
1184 2539 1262 2612 τῷ
1300 2536 1539 2614 Χριστοῦ
1584 2540 1692 2594 σώ-

46 2648 208 2703 ματι
241 2631 560 2704 ἁρμόσειεν
588 2627 655 2686 ἂν
704 2629 992 2700 λέγεσθκιο
1032 2630 1096 2684 Et
1139 2629 1250 2703 γὰρ
1285 2629 1693 2700 παρεμϐάλλει

36 2721 343 2795 ἄγγελος
375 2724 610 2792 Κυρίου
639 2723 844 2786 κύκλῳ
887 2721 1008 2776 τῶν
1059 2720 1449 2792 φοϐουμένων
1483 2721 1692 2788 αὐτὸν,

58 2817 179 2869 καὶ
197 2817 471 2884 ῥύσεται
505 2813 752 2880 αὐτοὺς,
782 2812 891 2866 τῶν
920 2812 1380 2885 ὑπερϐεϐηκότων
1407 2812 1499 2868 τὸν
1530 2811 1696 2883 φόϐον

36 2909 182 2960 ’καὶ
213 2908 276 2960 ὲν
325 2906 443 2971 ἕξει
493 2905 676 2976 τελείᾳ
708 2901 809 2976 τῆς
857 2904 1000 2960 κατὰ
1029 2905 1209 2977 ψυχὴν
1245 2904 1446 2978 ἀρετῆς
1489 2921 1695 2980 τυγχα-

36 3011 44 3042 ι
75 3001 317 3065 νόν-των,
346 3001 540 3064 ὁποῖός
565 3001 711 3052 ἐστιν
739 3000 774 3053 ό
811 2998 1159 3067 καθήμενος
1186 2997 1258 3052 ἐν
1281 2998 1535 3066 βοηθείᾳ
1588 2999 1697 3054 τοῦ

35 3103 42 3134 '-
93 3092 431 3162 ⁸Υψίστου,
462 3089 564 3146 καί
590 3089 709 3145 ὑπὸ
736 3089 850 3158 τὴν
876 3090 1062 3144 σκιὰν
1076 3087 1183 3143 τοῦ
1207 3085 1419 3144 ἱκανοῦ
1463 3089 1699 3152 αὐλιζό-

36 3199 44 3230 ;
82 3201 312 3256 μενος·
371 3185 484 3238 τῶν
542 3178 630 3237 οὖν
691 3181 948 3236 τοιούτων
995 3182 1092 3252 οὐχ
1143 3177 1224 3245 εἷς
1274 3179 1524 3251 ἄγγελος,
1559 3181 1698 3237 ἀλλὰ

37 3290 44 3320 ῖ
95 3276 453 3349 παρεμϐολαὶ¹
492 3275 713 3338 πλείους
752 3273 1106 3328 καθίστανται
1145 3271 1405 3342 φύλακες,
1441 3273 1562 3328 ὅσαι
1606 3274 1700 3328 καὶ

36 3383 46 3416 :
101 3369 327 3434 πλείους
375 3369 424 3422 οἱ
474 3365 554 3439 τῷ
613 3366 755 3420 κατὰ
807 3365 941 3420 Θεὸν
981 3364 1171 3436 τελείῳ
1231 3363 1696 3430 ἐπιϐουλεύοντες.

106 3463 266 3516 Οὖτω
309 3459 439 3530 γοῦν
463 3459 557 3514 καὶ
599 3459 692 3512 τὸν
735 3457 1022 3529 προφήτην
1087 3455 1387 3511 Ἐλισσαῖον
1436 3455 1700 3510 ὲκύκλουν

37 3573 47 3606 ς
112 3550 318 3620 πλῆθος
341 3549 652 3620 δορυφόρων
673 3545 941 3616 ἀγγέλων.
967 3545 1060 3600 Διὸ
1088 3545 1236 3601 οὐδὲν
1255 3547 1364 3601 τῶν
1388 3545 1700 3618 βλαπτικῶν

36 3668 42 3700 ι
116 3640 309 3697 ὲπελεύ
320 3640 509 3694 σεσθαι
536 3640 623 3708 λὲγ
635 3655 754 3693 εται
785 3637 863 3710 τῷ
890 3639 979 3693 διὰ
999 3637 1091 3692 τοῦ
1113 3637 1331 3710 ψαλμοῦ
1361 3655 1703 3711 προφητευο-

36 3761 41 3788 ι
125 3738 266 3807 μένῳ
285 3751 297 3764 ·
332 3733 442 3787 ἀλλ’
481 3731 600 3786 οὐδὲ
630 3730 828 3802 μάστιξ
853 3731 946 3784 ἐπὶ
966 3730 1027 3784 τὸ
1058 3729 1216 3802 σῶμα
1241 3729 1554 3800 ἐφάψασθαι
1603 3730 1698 3785 τοῦ

126 3827 470 3898 σκηνώματος
499 3824 666 3878 αὑτοῦ
685 3839 701 3855 ο
743 3823 981 3894 μάστιγα
1008 3821 1274 3877 νοούντων
1311 3822 1469 3894 ἡμῶν
1506 3823 1567 3877 ού
1597 3825 1698 3895 τὴν

42 3971 47 3990 ,
131 3920 417 3990 κοινότερον
440 3916 763 3990 λεγομένηνο
796 3915 970 3990 ταύτῃ
1006 3915 1116 3988 γὰρ
1146 3915 1554 3988 ὲμαστίχθησαν
1592 3934 1698 3988 μυ-

36 3989 46 4094 ί
138 4011 234 4083 ρίοι
247 4010 348 4065 τῶν
363 4011 522 4080 ἁγίων
539 4009 631 4064 τοῦ
646 4007 780 4063 Θεοῦ
797 4008 1086 4081 μαρτύρων
1106 4007 1200 4062 καὶ
1219 4006 1386 4062 αὐτοῦ
1403 4007 1461 4062 δὲ
1470 4007 1564 4062 τοῦ
1585 4008 1699 4061 Σω-

43 4155 45 4158 ﬂ
141 4104 292 4175 τῆρος
307 4102 452 4174 ἡμῶν
470 4103 526 4155 τδ
537 4101 844 4172 σωματικὸν
861 4101 1124 4172 σκήνωμα
1140 4101 1280 4172 καὶὴ
1295 4098 1431 4171 σὰρξ
1448 4098 1698 4170 μάστιξιν

36 4179 42 4256 ί
145 4193 332 4266 ᾐκίσθη
383 4193 512 4247 κατὰ
560 4194 653 4247 τὸν
700 4193 890 4266 καιρὸν
938 4191 1032 4245 τοῦ
1091 4193 1333 4259 πάθους,
1390 4189 1698 4256 ἀκολούθως

36 4271 44 4350 ξ
149 4288 214 4358 τῇ
267 4281 524 4356 φασκούσῃ
574 4285 702 4356 περὶ
744 4284 908 4339 αὑτοῦ
965 4286 1302 4358 προφητείᾳ,
1349 4285 1463 4340 Τὸν
1502 4285 1698 4340 νῶτόν

36 4361 44 4376 ’
149 4393 260 4447 μου
295 4375 468 4429 ἔδωκα
495 4377 577 4441 εἷς
603 4375 905 4445 μάστιγας
925 4415 940 4438 ,
986 4377 1095 4444 τὰς
1137 4377 1206 4431 δὲ
1246 4377 1536 4447 σιαγόνας
1573 4396 1695 4448 μου

157 4472 238 4536 εὶς
253 4470 600 4539 ῥαπίσματαο
631 4467 711 4520 διὸ
742 4467 981 4538 μάστιγα
1009 4467 1104 4521 νῦν
1137 4468 1427 4541 δηλοῦσθαι
1462 4470 1560 4541 τὴν
1586 4470 1696 4525 ἀπὸ

162 4547 442 4633 ὣιμονικῆς
481 4560 751 4632 ἐνεργείας
798 4560 1010 4632 πληγὴν
1045 4562 1350 4632 νομιστέον,
1383 4563 1575 4627 ὁποίας
1620 4563 1696 4617 εἴ-

173 4661 310 4726 ρὴται
341 4653 482 4716 αὐτὸς
518 4653 544 4706 ὁ
598 4653 789 4724 Σωτὴρ
839 4652 1093 4706 ἰάσασθαι
1143 4655 1237 4706 καὶ
1281 4653 1606 4725 θεραπεύειν
1634 4657 1694 4708 ὲν

175 4746 436 4819 ἀνθρώποις
463 4745 717 4817 δαιμόνων
743 4743 1070 4817 ἀκαθάρτων
1105 4747 1393 4816 μάστιγας.
1425 4745 1694 4819 Τοιαύτην

177 4835 257 4893 οὖν
291 4839 492 4915 μάστιγά
532 4855 697 4911 φησιν
733 4838 764 4891 ὁ
812 4835 1002 4910 παρὼν
1035 4835 1192 4908 λόγος
1224 4838 1299 4910 μὴ
1333 4839 1574 4908 mth
1615 4838 1692 4910 τῷ

183 4929 454 5003 σκηνώματι
474 4929 556 4984 τοῦ
595 4928 1096 5002 προφητευομένου,
1121 4929 1212 4984 διὰ
1235 4931 1297 4983 τὺ
1327 4931 1692 5001 φυλάττεσθαι

185 5024 274 5080 ὑπὸ
299 5024 390 5078 τῶν
411 5023 806 5095 καθεσταμένων
833 5024 926 5078 ἐπὶ
950 5023 1013 5078 τὸ
1052 5026 1313 5098 φρουρεῖν
1342 5023 1504 5078 αὑτὸν
1527 5023 1695 5094 ἀγγέ-

187 5116 297 5181 λων,
320 5117 361 5170 οἳ
393 5116 446 5188 δὴ
477 5117 559 5170 καὶ
605 5115 696 5168 ἐπὶ
743 5113 945 5186 χειρῶν
995 5114 1159 5168 αὐτὸν
1185 5113 1460 5187 μετέωρον
1498 5115 1696 5188 ἀναλή-

192 5208 353 5281 ψεσθαι
374 5209 601 5278 λέγονται,
632 5206 770 5279 πρὸς
795 5207 856 5260 τὸ
880 5207 955 5280 μὴ
978 5207 1348 5279 προσκόπτειν
1371 5205 1536 5260 αὑτοῦ
1562 5206 1696 5279 λίθῳ

195 5303 270 5356 τὸν
295 5303 419 5358 πόδα.
451 5303 701 5374 Σκήνωμα
739 5300 797 5354 δὲ
841 5299 1004 5354 αὑτοῦ
1038 5301 1161 5356 καθ’
1194 5301 1292 5354 ἕνα
1343 5299 1443 5372 μὲν
1493 5300 1696 5373 τρόπον

201 5398 316 5468 ἐρεῖς
352 5392 464 5449 εἶναι
501 5395 587 5467 τὴν
621 5393 948 5464 Ἐκκλησίαν
985 5389 1173 5458 αὑτοῦ,
1222 5392 1366 5447 κατὰ
1409 5393 1471 5447 τὸ
1494 5433 1509 5458 ,
1547 5393 1696 5460 Ἕως

204 5487 266 5540 ἄν
303 5486 424 5554 εὕρω
469 5487 640 5540 τόπον
693 5483 777 5550 τῷ
818 5485 1045 5553 Κυρίῳ,
1106 5482 1396 5555 σκήνωμα
1439 5482 1522 5551 τῷ
1573 5481 1696 5549 Θεῷ

215 5578 392 5633 Ἰακώϐ*
421 5577 536 5632 οὕτω
575 5576 669 5630 καὶ
703 5574 924 5632 πλείονα
952 5576 1288 5648 σκηνώματα
1316 5574 1413 5642 τὰς
1451 5575 1695 5630 ἁπαντα-

36 4519 46 4561 l

36 4699 44 4750 ἱ

295 5733 331 5809 ξ’
359 5731 462 5809 Luc.
495 5750 557 5798 iv,
597 5734 683 5809 «ξ.
780 5732 830 5768 ⁸⁵
866 5731 1038 5790 Marc.
1075 5749 1113 5800 ι,
1145 5732 1246 5801 24;
1282 5731 1416 5791 Luc.
1449 5748 1522 5802 ιν,
1549 5731 1644 5793 34.

1807 5731 1952 5792 Psal.
1988 5749 2194 5809 xum,
2227 5737 2283 5794 8.

215 5801 250 5836 ”
279 5801 388 5860 Psal.
415 5820 603 5865 Limn.
638 5805 692 5860 2.

1791 2021 1896 2060 non
1923 2001 2367 2074 appropinquabit
2391 2001 2734 2058 tabernaculo
2759 2011 2869 2058 tuo.
2891 2001 3158 2068 Quoniam
3186 2000 3387 2072 angelis

1792 2096 1905 2151 suis
1937 2089 2211 2150 mandabit
2241 2095 2306 2149 de
2329 2103 2398 2157 te,
2431 2102 2491 2147 ut
2518 2093 2820 2149 custodiant
2856 2101 2905 2147 te
2934 2093 2989 2146 in
3019 2091 3262 2147 omnibus
3282 2091 3384 2146 piis

1793 2189 1920 2245 tuis.
1946 2186 2014 2243 In
2045 2185 2293 2242 manibus
2313 2185 2601 2258 portabunt
2631 2194 2699 2251 te,
2718 2203 2782 2241 ne
2796 2202 3029 2258 unquam
3060 2183 3297 2256 offendas
3315 2183 3386 2238 ad

1793 2278 2022 2350 lapidem
2049 2273 2234 2349 pedem
2265 2289 2434 2336 tuum.
2462 2275 2590 2334 Haec
2621 2279 2690 2334 de
2718 2278 2840 2335 viro
2877 2277 3179 2335 secundum
3226 2276 3387 2332 Chri-

1793 2378 1940 2428 stum
1970 2377 2375 2435 consummato,
2398 2369 2466 2426 de
2496 2370 2668 2425 choro
2704 2377 3008 2440 martyrum
3039 2365 3268 2436 Christi,
3298 2365 3386 2424 vel

1792 2464 1861 2520 de
1895 2472 2087 2520 sancta
2122 2462 2245 2534 ejus
2293 2457 2578 2531 Ecclesia;
2611 2461 2723 2518 imo
2747 2478 2879 2519 vero
2911 2462 2980 2518 de
3021 2461 3143 2534 ipso
3171 2459 3384 2518 Christi

1789 2567 2026 2623 corpore
2061 2560 2368 2622 opportune
2398 2551 2508 2606 dici
2542 2559 2791 2622 possunt.
2819 2551 2964 2613 Nam
3003 2552 3052 2607 si
3083 2559 3387 2607 castrame-

1795 2651 1943 2698 tatur
1969 2642 2187 2714 angelus
2218 2640 2434 2697 Domini
2463 2643 2520 2696 in
2551 2641 2780 2696 circuitu
2811 2640 3110 2696 timentium
3153 2657 3293 2706 eum,
3327 2647 3382 2695 et

1793 2733 1978 2802 eripiet
2007 2749 2095 2788 eos
2118 2734 2186 2796 ⁸⁸,
2212 2734 2305 2803 qui
2330 2731 2678 2788 formidinem
2703 2740 3053 2803 superarunt,
3067 2739 3122 2788 et
3151 2731 3209 2787 in
3233 2731 3387 2788 bono

1793 2825 2034 2888 virtutis,
2067 2839 2190 2895 quae
2227 2823 2529 2880 secundum
2565 2821 2818 2879 animam'
2854 2831 2938 2881 est
2963 2863 2979 2887 ,
3030 2821 3230 2878 aﬂ'ectu
3261 2837 3387 2879 ver—

1796 2927 2010 2984 santur,
2039 2916 2218 2987 qualis
2261 2925 2345 2972 est
2374 2915 2466 2986 qui
2514 2915 2657 2970 sedet
2687 2915 2742 2970 in
2771 2914 3040 2986 adjutorio
3093 2913 3386 2982 Altissimi,

1797 3019 1848 3066 et
1876 3009 1972 3065 sub
1999 3008 2188 3064 umbra
2245 3009 2404 3080 fortis
2447 3016 2809 3062 commoratur
2823 3023 2844 3072 ;
2889 3009 2960 3065 iis
3000 3023 3134 3065 sane
3162 3007 3257 3080 qui
3305 3007 3387 3065 sic

1800 3100 1976 3156 aﬂ'ecti
2011 3108 2161 3166 sunt,
2195 3115 2306 3156 non
2337 3099 2565 3171 angelus
2588 3114 2756 3162 unus,
2793 3097 2889 3154 sed
2919 3106 3104 3154 castra
3145 3097 3386 3169 plurima

1801 3193 1858 3249 in
1879 3191 2186 3248 custodiam
2215 3189 2418 3245 tradita
2439 3198 2587 3255 sunt,
2610 3197 2666 3245 et
2703 3195 2862 3245 tanto
2887 3188 3149 3261 plurima,
3173 3193 3384 3259 quanto

1799 3282 1893 3354 qui
1926 3282 2042 3336 viro
2072 3280 2374 3337 secundum
2406 3278 2577 3337 Deum
2617 3277 2868 3352 profecto
2896 3277 3254 3336 insidiantur.
3293 3275 3389 3334 Sic

1801 3373 1988 3445 itaque
2028 3370 2286 3428 Elisaaum
2338 3371 2662 3444 prophetam
2719 3369 3042 3426 muniebant
3091 3369 3388 3426 satellitum

1800 3466 2116 3538 angelorum
2175 3473 2371 3521 turma:
2442 3463 2811 3532 Quamobrem
2877 3461 3194 3518 nocumenti
3242 3462 3387 3516 nihil

1799 3573 2070 3630 passurus
2095 3573 2218 3614 esse
2241 3558 2446 3614 dicitur
2472 3557 2567 3629 qui
2598 3557 2656 3612 in
2693 3555 2908 3629 psalmo
2937 3555 3344 3626 praenuntiatur
3368 3571 3384 3621 ;

1799 3658 1977 3713 neque
2009 3642 2280 3715 ﬂagellum
2309 3644 2530 3714 corpori
2559 3641 2898 3698 tabernaculi
2942 3641 3065 3712 ejus
3112 3641 3389 3697 incutien-

1799 3734 1928 3790 dum
1981 3735 2316 3806 praedicitur.
2359 3734 2470 3808 Per
2497 3735 2767 3806 ﬂagellum
2816 3748 2950 3790 vero
3001 3749 3110 3789 non
3165 3732 3388 3804 vulgare

1799 3826 1932 3882 illud
1964 3827 2352 3898 intelligimus;
2387 3840 2515 3880 nam
2545 3839 2610 3880 eo
2638 3824 2766 3881 caesi
2793 3832 2925 3881 sunt
2952 3821 3386 3880 innumerabiles

1798 3921 1975 3977 sancti
2010 3919 2105 3976 Dei
2141 3927 2429 3991 martyres,
2461 3924 2628 3988 atque
2666 3917 2848 3988 ipsum
2893 3932 3220 3989 corporeum
3251 3915 3386 3973 Ser-

1797 4014 2004 4068 vatoris
2051 4009 2228 4066 nostri
2261 4007 2676 4064 tabernaculum
2723 4014 2780 4062 et
2818 4021 2949 4062 caro
2981 4007 3103 4077 ejus
3135 4013 3388 4078 tempore

1797 4102 2071 4174 passionis
2100 4099 2328 4172 ﬂagellis
2354 4099 2631 4154 lancinata
2676 4105 2781 4163 est,
2813 4097 3116 4155 secundum
3147 4098 3385 4170 proﬁte-

1797 4195 1928 4249 tiam
1953 4209 2074 4265 quae
2107 4192 2175 4247 de
2197 4193 2317 4264 ipso
2338 4191 2502 4255 fatur,
2532 4189 2764 4245 Dorsum
2814 4206 2984 4246 meum
3007 4189 3129 4245 dedi
3157 4189 3228 4244 ad
3275 4192 3384 4262 ﬂa-

1795 4287 1984 4358 gellas,
2003 4295 2051 4340 et
2070 4301 2242 4356 genas
2269 4301 2412 4339 meas
2439 4284 2509 4338 ad
2540 4282 2729 4354 alapas
2750 4282 2797 4314 ⁸⁷
2826 4300 2839 4337 :
2873 4281 2968 4338 sed
2993 4279 3264 4354 ﬂagellum
3293 4283 3386 4340 hic

1798 4379 2008 4449 plagam
2030 4376 2330 4432 dzemonica
2360 4377 2414 4430 vi
2451 4375 2709 4431 inﬂictam
2729 4372 3044 4446 signiﬁcare
3072 4373 3381 4444 putandum

1796 4476 1916 4532 est,
1971 4467 2152 4538 qualia
2193 4466 2312 4537 ipse
2365 4464 2624 4521 Servator
2681 4467 3020 4536 impurorum
3071 4461 3382 4520 daemonum

1797 4560 2114 4616 hominibus
2145 4560 2367 4615 incussa
2390 4557 2598 4630 ﬂagella
2622 4573 2848 4614 curasse
2869 4564 3151 4614 narratur.
3172 4556 3382 4628 Hujus-

1729 4634 1774 4693 ι)
1802 4652 1948 4707 modi
1977 4650 2253 4723 ﬂagellum
2287 4650 2491 4706 dicitur
2514 4665 2624 4705 non
2657 4649 3222 4722 appropinquaturum
3261 4665 3386 4706 esse

1800 4745 2161 4800 tabernaculo
2207 4744 2350 4814 ejus,
2383 4743 2478 4816 qui
2507 4744 2563 4799 in
2592 4744 2854 4799 vaticinio
2895 4743 3104 4813 fertur;
3156 4744 3285 4816 quia
3314 4744 3387 4801 ab

1800 4836 2008 4908 angelis
2037 4835 2106 4890 ad
2139 4834 2446 4892 custodiam
2475 4833 2596 4905 ejus
2626 4832 2901 4906 deputatis
2936 4833 3264 4900 servabitur,
3287 4835 3382 4906 qui

1798 4928 1962 4984 etiam
1990 4943 2114 4984 eum
2152 4928 2208 4983 in
2245 4925 2500 4982 manibus
2545 4926 2832 4982 sublimem
2883 4925 3222 4999 assumpturi
3258 4941 3382 4984 esse

1803 5018 2082 5083 dicuntur,
2114 5027 2176 5073 ut
2213 5033 2282 5074 ne
2334 5033 2432 5089 pes
2461 5017 2582 5087 ejus
2608 5017 2678 5072 ad
2707 5015 2942 5088 lapidem
2972 5016 3229 5073 oﬂ'endat.
3271 5015 3380 5072 Ta-

1803 5113 2160 5168 bernaculum
2192 5127 2357 5184 porro
2403 5111 2524 5182 ejus
2561 5111 2743 5183 aliqua
2788 5112 3004 5167 ratione
3051 5111 3384 5168 dicas

1803 5201 2103 5259 Ecclesiam
2133 5205 2331 5274 ipsius,
2362 5201 2664 5258 secundum
2697 5202 2851 5267 illud,
2892 5201 3072 5258 Donec
3117 5202 3381 5258 inveniam

1805 5296 1977 5350 locum
2005 5295 2235 5350 Domino
2256 5335 2272 5359 ,
2312 5293 2713 5349 tabernaculum
2745 5293 2856 5349 Deo
2894 5292 3063 5349 Jacob
3092 5293 3168 5362 ἐς
3215 5292 3298 5349 sic
3327 5301 3381 5352 ω

1803 5389 1928 5444 illas
1959 5404 2056 5460 per
2084 5388 2272 5444 orbem
2325 5388 2592 5444 ecclesias
2631 5387 2862 5458 plurima
2884 5385 3235 5442 tabernacula
3255 5401 3380 5444 esse

1803 5481 1956 5537 novit
1987 5482 2080 5553 qui
2107 5480 2266 5547 dixit,
2295 5479 2467 5548 Quam
2494 5479 2690 5536 dilecta
2719 5479 3062 5535 tabernacula
3101 5487 3225 5544 tua,
3268 5477 3378 5534 Do-

1801 5574 1942 5629 mine
1965 5573 2222 5628 virtutum
2254 5570 2334 5626 "l
2382 5570 2506 5628 Alio
2530 5580 2714 5628 autem
2747 5570 2932 5637 modo,
2967 5584 3292 5641 corporeum
3319 5571 3382 5627 il-

2389 5731 2432 5764 ⁸⁷
2472 5730 2576 5787 lsa.
2609 5745 2661 5798 ι,
2835 5728 2882 5761 ⁸³
2920 5727 3064 5784 Psal.
3102 5743 3290 5795 cum,
3323 5727 3377 5783 5.
