3972 6812
579 373 720 434 1159

1248 357 2037 436 EUSEBILCIESARIENSIS
2073 355 2226 416 OPP.
2267 355 2449 413 PARS
2479 355 2571 414 ω.
2603 385 2684 397 -τ
2712 353 3123 416 EXEGETICA.

575 497 672 554 lud
701 498 1151 556 instrumentum,
1182 489 1238 545 in
1267 505 1381 560 quo
1433 485 1702 543 habitavit
1758 483 1853 541 Dei
1878 482 2155 550 Verbum,

2278 480 2360 554 (οὗ
2400 480 2506 551 γῆς
2537 479 2837 551 εἰρημένας
2872 479 3168 549 ἐκκλησίας
3189 470 3334 531 οἶδεν
3371 476 3408 530 ὁ
3443 478 3678 546 φήεῃς
3731 471 3816 519 τε.-

577 585 784 644 dixeris
804 581 1218 641 tabernaculum
1248 578 1371 649 ejus
1397 593 1540 634 esse.

2278 573 2376 640 Ὠς
2398 571 2675 642 ἀγαπητὰ
2695 568 2768 625 τὰ
2799 568 3163 638 σκηνώματά
3190 584 3332 630 σου,
3371 568 3576 635 Κύριε
3633 559 3786 616 τεέν

577 675 848 748 νάμεωνί
867 673 1002 729 Καθ’
1032 672 1218 742 ἕτερον
1243 669 1301 724 δὲ
1329 669 1533 740 τρόπον
1559 668 1624 723 τὸ
1661 665 1974 739 σωματικὸν
2001 665 2252 737 ὄργανον,
2309 668 2369 723 ἐν
2413 659 2460 736 ᾧ
2516 664 2932 737 κατεσκήνωσεν
2981 663 3010 715 ὁ
3055 662 3148 717 τοῦ
3183 659 3324 717 Θεοῦ
3393 661 3626 730 Λόγος,
3711 657 3830 722 35:“

580 770 647 826 ἂν
677 767 842 824 αὐτοῦ
878 769 1164 839 σκήνωμα.

651 864 718 919 Ει
744 862 965 935 quidem
1011 860 1287 931 praecipua
1333 868 1390 914 et
1422 856 1630 928 majora
1668 864 1822 928 gesta
1852 854 2034 922 illius,
2069 855 2164 926 qui

580 953 636 1008 in
665 950 949 1024 praphetia
972 946 1308 1010 enuntiatur,
1339 959 1507 1015 opera
1545 941 1944 1015 praestantioris
1973 941 2164 1012 cujus-

579 1046 724 1116 piam
755 1043 1089 1108 edebantur;
1121 1053 1247 1095 nam
1276 1038 1325 1094 is
1355 1037 1448 1109 qui
1489 1034 1794 1092 secundum
1843 1048 2066 1088 carnem
2093 1047 2162 1087 ex

580 1135 790 1192 semine
819 1133 1040 1189 Davidis
1066 1146 1192 1188 esse
1217 1145 1248 1184 a
1287 1129 1450 1185 nobis
1480 1125 1822 1198 intelligitur,
1847 1140 1973 1180 cum
2004 1123 2162 1181 sede~

579 1237 664 1284 ret
693 1228 750 1282 in
774 1225 1049 1297 adjutorio
1073 1220 1364 1286 Altissimi,
1393 1228 1451 1276 et
1508 1234 1636 1276 cum
1665 1217 2009 1275 Altissimum
2065 1231 2164 1288 po-

581 1319 783 1375 suisset
809 1315 1078 1388 refugium
1116 1327 1302 1377 suum,
1329 1309 1456 1381 jure
1490 1310 1561 1366 ab
1593 1309 1872 1365 Altissimo
1902 1308 2163 1364 servaba-

581 1418 690 1465 tur.
709 1404 1308 1475 Quamobremdiccbat
1337 1402 1438 1468 illi,
1455 1401 1740 1471 Susceptor
1766 1416 1912 1455 meus
1939 1415 1996 1454 es
2027 1408 2084 1453 tu
2111 1407 2162 1453 et

581 1499 843 1571 refugium
871 1513 1065 1561 meum,
1095 1494 1233 1550 Deus
1264 1509 1433 1557 meus,
1461 1501 1511 1547 et
1535 1490 1756 1562 sperabo
1788 1491 1841 1545 in
1869 1507 2009 1546 eum.
2043 1489 2164 1561 Ipse

582 1607 820 1663 namque
846 1590 1074 1647 eruebat
1103 1603 1231 1644 eum
1264 1585 1330 1642 de
1361 1586 1557 1656 laqueo
1589 1583 1906 1639 venantium
1929 1621 1946 1648 ,
1999 1588 2056 1638 et
2106 1582 2164 1638 in

584 1685 824 1756 scapulis
857 1684 974 1741 suis
994 1679 1354 1738 obumbrabat
1414 1677 1528 1744 illi;
1560 1677 1694 1748 quin
1724 1676 1887 1732 etiam
1923 1675 2164 1731 circum-

583 1774 748 1830 dabat
781 1773 934 1828 illum
959 1769 1207 1826 veritatis
1263 1773 1422 1822 scuto
1470 1766 1753 1836 obtegens.
1815 1765 1883 1819 Et
1939 1763 2054 1818 haec
2088 1760 2163 1817 illi

584 1867 767 1926 omnia
797 1865 1113 1920 Altissimus
1135 1860 1445 1933 praestabat,
1475 1866 1538 1912 ut
1570 1872 1640 1912 ne
1683 1856 1996 1911 turbaretur
2032 1869 2063 1908 a
2096 1854 2167 1908 ti-

2278 1865 2429 1920 αὐτὸν
2457 1859 2800 1934 περιϐάλλων
2833 1856 3092 1930 ἀληθείας
3121 1857 3290 1927 ὅπλῳ.
3319 1854 3448 1910 Καὶ
3480 1851 3676 1906 ταῦτα

585 1974 739 2016 more
768 1964 1061 2018 nocturno,
1093 1953 1178 2008 vel
1211 1967 1243 2006 a
1286 1950 1486 2021 sagitta
1512 1949 1728 2004 volante
1773 1947 1830 2001 in
1861 1945 1970 2010 die,
2013 1953 2108 1999 aut
2133 1959 2163 1999 a

585 2051 804 2122 negotio
841 2043 1255 2119 perambulante
1283 2041 1340 2096 in
1372 2037 1611 2095 tenebris
1645 2075 1661 2101 ,
1713 2042 1807 2090 aut
1857 2048 1889 2089 a
1918 2033 2079 2088 ruina
2113 2039 2169 2087 et

585 2139 856 2198 daemonio
889 2134 1212 2192 meridiano.
1247 2130 1327 2185 Ad
1367 2130 1482 2185 haec
1512 2143 1642 2184 vero
1689 2126 2008 2181 Altissimus
2061 2137 2166 2178 au-

586 2231 808 2286 xiliatus
834 2227 884 2282 ei
911 2226 978 2280 de
1002 2238 1114 2295 quo
1151 2221 1330 2293 agitur
1356 2232 1548 2275 omnes
1593 2215 1945 2270 inimicorum
1982 2220 2036 2270 et
2074 2210 2170 2265 ho-

587 2320 756 2378 stium
792 2316 914 2386 ejus
951 2315 1182 2369 virtutes
1227 2309 1295 2366 de
1346 2306 1529 2363 medio
1578 2304 1802 2359 tollebat
1853 2310 1907 2358 et
1937 2300 2168 2372 pedibus

587 2411 710 2483 ejus
732 2405 1082 2478 subjiciebat.
1118 2401 1298 2469 Quare
1333 2398 1539 2454 dictum
1569 2403 1676 2460 est,
1706 2391 1908 2450 Cadent
1932 2410 1965 2447 a
2005 2391 2171 2446 latere

589 2513 680 2559 tuo
717 2501 882 2566 mille,
907 2509 954 2553 et
993 2496 1168 2551 decem
1197 2491 1371 2548 millia
1406 2508 1439 2544 a
1486 2487 1690 2543 dextris
1716 2488 1843 2552 tuis,
1879 2486 1947 2541 ad
1989 2494 2036 2541 te
2073 2503 2170 2540 au-

590 2603 694 2651 tem
727 2610 830 2650 non
857 2584 1319 2661 appropinq‘uabit.
1351 2582 1546 2654 Magna
1580 2581 1786 2652 itaque,
1817 2587 1875 2634 ut
1919 2579 2076 2642 dixi,
2115 2585 2171 2634 et

588 2684 831 2758 perlecta
859 2697 1025 2754 opera
1051 2677 1368 2734 Altissimus
1401 2674 1538 2745 ipse,
1568 2679 1869 2728 memorato
1892 2670 2012 2726 viro
2045 2669 2168 2741 opi-

589 2779 810 2844 tulans,
849 2774 1080 2838 edebat;
1121 2769 1334 2826 minora
1365 2774 1568 2832 autem,
1601 2773 1661 2820 ut
1691 2765 1815 2836 quis
1838 2763 2077 2830 dixerit,
2116 2768 2170 2819 et

590 2868 798 2924 leviora
827 2876 1219 2936 corporeaque,
1259 2857 1468 2931 angelis
1499 2855 1846 2930 procuranda
1877 2853 2172 2910 demanda-

589 2963 703 3020 bat.
728 2960 854 3016 Haac
875 2972 1040 3030 porro
1059 2961 1216 3010 erant
1242 2968 1364 3024 quae
1384 2949 1451 3006 ad
1483 2948 1919 3016 tabernaculum,
1950 2947 2066 3004 sive
2097 2943 2170 3002 ad

591 3067 918 3126 corporeum
948 3051 1375 3106 instrunentum
1421 3049 1587 3115 atque
1617 3041 1687 3098 ad
1730 3041 1906 3113 ipsam
1948 3054 2171 3108 carnem

591 3142 968 3216 pertinebant;
997 3146 1052 3194 et
1090 3137 1227 3199 haec,
1260 3141 1447 3206 utpote
1477 3148 1600 3205 quae
1626 3131 1863 3196 modica,
1886 3136 2050 3200 atque
2077 3143 2170 3184 su-

591 3243 778 3317 perius
806 3237 1122 3296 memoratis
1165 3234 1401 3296 collata,
1454 3231 1581 3286 vilia
1624 3239 1844 3291 essent,
1900 3224 2171 3281 ministris

2278 3229 2475 3304 δηλαδὴ
2505 3231 2568 3285 τὸ
2601 3229 2908 3301 σωματικὸν
2945 3227 3202 3301 ὄργανον,
3236 3225 3332 3278 καὶ
3380 3224 3452 3276 τὰ
3515 3224 3668 3295 περὶ
3725 3223 3880 3274 αἰτίη

592 3337 802 3410 angelis
829 3333 899 3388 ad
929 3328 1238 3387 custodiam
1262 3325 1754 3392 concredebantur,
1790 3337 1859 3378 ne
1898 3317 2031 3393 quid
2075 3334 2174 3374 no-

592 3431 836 3490 cumenti
875 3426 1114 3500 .corpori
1160 3426 1282 3498 ejus
1327 3424 1623 3482 inferretur
1652 3462 1668 3489 ,
1725 3437 1860 3478 neve
1900 3419 2174 3491 ﬂagellum

591 3523 909 3596 quodpiam,
931 3535 1040 3574 non
1065 3517 1191 3590 ipsi,
1211 3515 1308 3572 sed
1337 3512 1687 3570 tabernaculo
1733 3511 1854 3584 ejus
1877 3509 2176 3564 .incutere-

593 3624 687 3672 tur
720 3633 735 3671 :
766 3628 893 3668 nam
927 3610 1032 3683 ipsi
1086 3623 1265 3680 neque
1317 3606 1489 3663 millia
1515 3645 1530 3672 ,
1563 3619 1742 3676 neque
1783 3603 1971 3660 decem
2005 3600 2175 3656 millia

594 3713 960 3785 malignarum
1026 3710 1289 3765 virtutum
1363 3704 1806 3777 appropinquare
1878 3699 2172 3755 audebant.

593 3807 762 3864 Carni
795 3819 924 3860 vero
946 3813 999 3858 et
1025 3799 1242 3872 corpori
1262 3797 1402 3868 ejus,
1435 3795 1532 3868 qui
1576 3794 1633 3849 i'n
1667 3791 1952 3865 prophetia
1979 3789 2176 3852 fertur,

595 3898 774 3970 angeli
807 3893 1195 3952 ministrabant
1227 3889 1311 3945 vel
1341 3888 1401 3943 in
1443 3885 1688 3942 minimis
1734 3893 1791 3939 et
1839 3882 2127 3939 vilissimis
2157 3901 2170 3938 :

593 3988 743 4062 quod
765 4003 898 4046 sane
918 3986 1004 4041 his
1033 3983 1344 4039 declaratur
1367 4019 1384 4046 ,
1437 3976 1522 4034 Ne
1562 3974 1800 4048 offendas
1830 3973 1900 4030 ad
1947 3973 2178 4043 lapidem

593 4083 778 4157 pedem
813 4091 982 4136 tuum.
1018 4077 1112 4134 His
1141 4075 1342 4148 quippe
1381 4071 1615 4128 indicari
1647 4067 1887 4124 arbitror
1921 4105 1936 4133 ,
1987 4067 2070 4122 vel
2121 4067 2179 4122 in

596 4174 841 4232 minimis
883 4179 938 4228 et
970 4168 1122 4241 parvi
1145 4164 1403 4222 momenti
1435 4163 1600 4219 rebus
1627 4175 1749 4232 qua:
1783 4157 2001 4229 corpori
2031 4157 2177 4213 acci-

595 4267 728 4324 dere
758 4263 1028 4329 solebant,
1063 4259 1284 4331 angelos
1345 4255 1452 4326 ipsi
1491 4253 1856 4309 ministrasse.
1900 4247 1961 4304 ln
1999 4246 2182 4304 Evan-

597 4360 754 4434 geliis
785 4371 948 4429 porro
1001 4355 1107 4409 hoc
1128 4351 1209 4434 de
1239 4347 1523 4405 Salvatore
1555 4341 1930 4400 testimonium
1981 4339 2180 4410 depre-

598 4432 846 4518 hendas;
878 4447 1094 4503 Marcus
1125 4433 1270 4500 enim
1313 4440 1538 4510 scripsit
1567 4445 1814 4508 tempore
1859 4432 2178 4491 tentationis

2321 853 2418 909 Td
2446 852 2546 925 μὲν
2576 848 3082 921 κεφαλαιωδέστερα
3115 846 3212 900 καὶ
3252 846 3499 918 μείζονα
3535 845 3694 900 τῶς
3731 860 3844 894 ιτ

2265 940 2533 1014 θωμάτων
2551 939 2646 994 τοῦ
2666 936 2756 992 διὰ
2777 937 2878 1008 τῆς
2899 936 3230 1009 προφητείας
3256 935 3636 1007 δηλουμένοις
3673 933 3796 984 ἔα
3821 951 3850 982 τ

2267 1034 2486 1108 ερτείας
2513 1032 2610 1088 τοῦ
2641 1031 2884 1104 μείζονος
2910 1028 3276 1103 κατωρθοῦτο.
3310 1030 3710 1100 Καθὴμενες
3745 1031 3856 1095 τε

2270 1126 2493 1200 βοηθείᾳ
2523 1125 2620 1180 τοῦ
2656 1125 2913 1196 Ὑψίστου
2944 1125 2974 1177 ό
3008 1121 3148 1176 κατὰ
3179 1121 3365 1194 σάρκα
3395 1121 3770 1193 magas-In»;
3817 1127 3840 1148 -‘
3871 1163 3876 1166 .

2265 1222 2296 1276 ό
2347 1221 2414 1274 ἐκ
2467 1219 2783 1292 σπέρματος
2839 1215 3001 1271 Δαυῒδ
3054 1214 3295 1286 γεγονὼς
3315 1255 3333 1280 ,
3369 1216 3400 1269 δ
3463 1216 3662 1278 αὐθις
3731 1215 3806 1266 ξε
3865 1234 3876 1260 -.

2268 1313 2535 1384 ’Ὕψιστον
2568 1311 2795 1383 θέμενος
2854 1309 3021 1364 αὑτοῦ
3072 1308 3402 1379 καταφυγὴν
3425 1347 3451 1374 ,
3499 1308 3804 1366 εἱκᾶτειες
3885 1329 3894 1332 -

2267 1404 2362 1460 τοῦ
2420 1401 2677 1474 Ὑψίστου
2727 1399 3054 1471 ἐφυλάττετο
3071 1413 3084 1429 ·
3142 1398 3221 1452 διὸ
3268 1398 3374 1452 καὶ
3421 1395 3590 1467 αὐτῷ
3675 1395 3832 1447 En:

2281 1491 2676 1560 Ἁντιλήπτωρ
2720 1506 2841 1560 μου
2878 1479 2936 1542 εἷ
2971 1486 3070 1541 καὶ
3099 1481 3421 1554 καταφυγή
3453 1501 3612 1553 μου,
3683 1482 3744 1532 ὁ
3799 1495 3866 1530 ει

2265 1603 2385 1657 μου
2409 1624 2425 1652 ,
2480 1583 2581 1638 καί
2635 1579 2823 1636 ἐλπιῶ
2874 1579 2966 1633 ἐπ’
3025 1578 3230 1632 αὐτόν.
3293 1575 3486 1638 Αὐτὸς
3545 1575 3676 1644 γάρ
3777 1588 3882 1621 2:.

2271 1679 2495 1753 ἐρρύετο
2524 1678 2589 1730 ἐκ
2643 1673 2869 1743 παγίδος
2930 1669 3240 1742 θηρευτῶν,
3270 1665 3373 1722 καὶ
3432 1667 3499 1719 ἐν
3551 1667 3686 1726 τοῖς

2273 1771 2490 1846 φρένοις
2517 1768 2683 1825 αὑτοῦ
2711 1765 3037 1830 ἐπεσκίαζεν
3074 1763 3235 1820 αὐτόν
3254 1777 3269 1794 ·
3312 1760 3469 1816 ἀλλὰ
3513 1761 3616 1813 καὶ
3645 1759 3866 1810 ὲτ-ξὶ·

3737 1855 3935 1882 ...ὸ-ξ

3747 1885 3862 1902 Α..
3934 1893 3935 1904 ι

2270 1957 2531 2030 παρεῖχεν
2561 1951 2711 2023 αὑτῷ
2736 1949 3028 2019 ’Υψιστος,
3061 1949 3209 2010 ὅπως
3253 1943 3331 2017 μὴ
3367 1943 3782 2015 ταράττῃ-εει
3833 1958 3898 1990 ε-
3934 1939 3935 1980 ἶ

2268 2047 2434 2120 φόϐου
2465 2059 2804 2117 νυκτερινου,
2839 2041 2977 2112 μήτε
3011 2038 3120 2094 ἀπὸ
3154 2035 3342 2108 βέλους
3383 2031 3740 2104 πετομένη-,ι
3785 2035 3876 2096 ἡ),

2271 2151 2392 2207 ρας,
2429 2132 2563 2204 μηδὲ
2585 2126 2695 2185 ἀπὸ
2719 2128 3047 2201 πράγματος
3070 2126 3130 2180 ἐν
3164 2123 3346 2178 σκότει
3369 2120 3870 2194 διαπορευερξιὲεσ

2271 2223 2409 2296 μηδέ
2429 2221 2537 2276 ἀπὸ
2570 2218 2977 2292 συμπτώματος
3014 2218 3109 2273 καὶ
3143 2213 3429 2288 δαιμονίου
3464 2211 3894 2286 μεσημερε-ιζ

2272 2314 2395 2368 Ἔτι
2425 2313 2484 2367 δέ
2507 2309 2645 2384 πρὸς
2675 2308 2884 2375 τούτοις
2917 2308 3079 2374 αὐτὸς
3111 2310 3140 2362 ὁ
3169 2307 3446 2377 Ὕψιστος
3482 2301 3828 2374 συνερτιὲειε
3865 2319 3888 2346 τ

2269 2406 2399 2477 περὶ
2429 2399 2488 2460 οὗ
2515 2407 2544 2458 ὁ
2574 2404 2754 2473 λόγος,
2793 2401 2975 2466 πάσας
3003 2401 3102 2465 τὰς
3138 2398 3247 2454 τῶν
3290 2396 3524 2469 ἐχθρῶν
3585 2393 3792 2448 exh-2313
3835 2411 3896 2442 2:

2270 2497 2546 2570 πολεμίων
2595 2495 2857 2568 δυνάμεις
2900 2493 3130 2566 καθῄρει
3171 2491 3267 2546 καὶ
3321 2489 3433 2542 ὑπὸ
3484 2488 3682 2550 πόδας
3733 2487 3935 2570 αξη-,γ

2271 2589 2591 2644 κατέϐαλλε.
2619 2588 2710 2642 Διὸ
2742 2586 2987 2656 ἐλέγετο·
3037 2584 3314 2640 Πεσεῖται
3352 2582 3427 2636 ἐκ
3465 2579 3591 2634 τοῦ
3641 2578 3868 2632 πλέες·
3934 2578 3935 2620 ῗ

2271 2697 2388 2736 σου
2429 2680 2626 2752 χιλιὰς
2656 2679 2757 2734 καὶ
2805 2676 3028 2749 μυριὰς
3057 2675 3126 2730 ἐκ
3154 2672 3370 2738 δεξιῶν
3402 2688 3574 2736 σου,
3621 2670 3800 2737 πρὸς
3853 2687 3882 2696 ’

2271 2772 2341 2828 δὲ
2365 2774 2474 2828 οὐκ
2499 2772 2700 2844 ἀπιεῖ.
2745 2769 2827 2824 Τὰ
2881 2770 2978 2841 μὲν
3003 2761 3126 2832 οὖν,
3158 2764 3232 2829 ὡς
3279 2765 3415 2834 ἔφην
3439 2803 3457 2827 ,
3520 2761 3770 2833 μεγάλε
3829 2781 3896 2808 ε..

2272 2865 2461 2936 ἐντελῆ
2492 2863 2938 2938 κατορθώματαό
2966 2860 3228 2931 ’Υψιστος
3266 2855 3450 2920 αὐτὸς·
3473 2853 3802 2926 συνεργῶτ
3835 2871 3890 2900 τ.

2270 2959 2583 3031 δηλουμένῳ
2635 2955 2899 3025 ἐξετέλει·
2925 2951 2996 3010 τὰ
3024 2952 3102 3020 δέ,
3138 2951 3214 3018 ὡς
3260 2952 3326 3007 ἂν
3360 2949 3517 3004 εἴποι
3545 2965 3674 3014 τις,
3725 2947 3890 2997 22::

2272 3053 2368 3106 καὶ
2437 3047 2870 3122 σωματικώτερα
2920 3045 3174 3118 ἀγγέλοις
3245 3042 3642 3097 διακονεῖσθαι
3728 3058 3890 3110 πρεει
3934 3075 3935 3122 ᾖ

2273 3141 2482 3196 έταττε.
2525 3138 2710 3193 Ταῦτα
2739 3136 2796 3192 δέ
2841 3131 2910 3208 ἦν
2945 3135 3015 3190 τὰ
3063 3133 3193 3206 περὶ⁸
3235 3134 3296 3187 τὸ
3347 3135 3641 3204 σκήνωμα
3701 3129 3886 3185 ατέτ-εζΔ

2273 3325 2376 3396 τὴν
2433 3323 2645 3394 σάρκα,
2681 3320 2719 3376 ἃ
2773 3320 2838 3393 δὴ
2884 3319 2956 3384 ὡς
3007 3318 3217 3390 σμικρά
3266 3316 3360 3372 καὶ
3392 3314 3737 3387 παραθέσει
3783 3313 3882 3364 τῇ.

2275 3413 2583 3487 ἔμπροσθεν
2651 3409 3159 3483 κατωνομασμένων
3233 3407 3427 3478 εὐτελῆ
3454 3445 3470 3470 ,
3569 3407 3876 3478 ὑπηρέτιε

2276 3495 2526 3577 ἀγγέλοις
2555 3503 2870 3578 παρεδίδοτο
2907 3503 2987 3566 είς
3037 3501 3098 3554 τὸ
3130 3499 3440 3570 φυλάττειν,
3477 3498 3565 3570 μή
3617 3515 3680 3551 τι
3729 3513 3876 3549 zzz:-

2277 3597 2430 3653 ποιὸν
2471 3596 2688 3650 ἐπέλθοι
2737 3591 2816 3667 τῷ
2853 3591 3063 3664 σώματι
3113 3589 3310 3659 αὐτοῦ,
3358 3589 3494 3662 μηδέ
3543 3607 3648 3660 ¹τις
3685 3587 3876 3661 pia-.4

2276 3689 2658 3763 ἐγχρίμψειεν,
2693 3687 2794 3742 οὐκ
2819 3683 2986 3756 αὐτῷ,
3021 3683 3157 3739 ἀλλὰ
3202 3681 3280 3754 τῷ
3314 3680 3660 3754 σκηνώματι
3687 3679 3850 3735 αὖτε-ἰ

2277 3781 2426 3854 αὑτῷ
2460 3783 2570 3854 γάρ
2598 3779 2722 3835 οὔτε
2775 3778 3044 3851 χιλιάδες,
3090 3774 3215 3830 οὔτε
3254 3773 3516 3848 μυριάδες
3590 3773 3872 3842 δυνάμεω

2277 3873 2532 3946 πονηρῶν
2567 3869 2884 3944 πλησιάζειν
2897 3863 3538 3940 ἐτόλμων.Διηκονοῦντο
3565 3863 3635 3916 δέ
3667 3864 3872 3933 ἇγτεέα

2268 3968 2346 4039 ’τῇ
2381 3967 2544 4037 σαρκὶ
2568 3963 2662 4018 τοῦ
2709 3961 3185 4036 προφητευομένου
3225 3957 3320 4012 καὶ
3361 3954 3440 4026 τῷ
3483 3956 3728 4026 σώματι
3751 3997 3766 4018 ,
3801 3957 3874 4006 κτλ

2281 4057 2446 4129 μέχρι
2485 4053 2580 4109 τοῦ
2625 4051 2987 4124 σμικροτάτου
3030 4049 3123 4103 καὶ
3151 4046 3539 4103 εὐτελεστάτου
3562 4061 3581 4074 ·
3624 4045 3660 4097 ὃ
3701 4045 3772 4114 δὴ
3801 4047 3872 4094 ni

2279 4149 2608 4222 παρίστησιν
2636 4147 2666 4200 ό
2696 4145 2851 4214 λόγος
2881 4143 3105 4214 φάσκων
3123 4158 3136 4172 ·
3164 4142 3354 4206 Ὅπως
3375 4137 3462 4209 μὴ
3499 4141 3874 4207 προστιθεῖς-Ἠ

2281 4239 2432 4309 πρὸς
2486 4239 2661 4294 λίθον
2688 4236 2794 4292 τὸν
2835 4234 2992 4290 πόδα
3027 4250 3164 4288 σου.
3221 4231 3525 4304 Σημαίνειν
3573 4230 3710 4302 γὰρ
3743 4228 3872 4298 εἶξιν

2279 4332 2369 4387 διὰ
2393 4330 2584 4384 τούτου
2609 4329 2668 4384 τὸ
2692 4328 2786 4382 καὶ
2817 4327 2978 4399 μέχρι
3004 4323 3099 4379 τοῦ
3125 4323 3375 4395 τυχόντος
3399 4323 3496 4376 καὶ
3523 4322 3870 4394 βραχυτάττδ

2281 4422 2604 4496 συμϐαίνειν
2637 4419 2827 4484 εἰωθὸς
2860 4417 2987 4490 περὶ
3025 4415 3120 4470 τοῦ
3153 4414 3401 4486 σώματος
3438 4413 3740 4482 ἀγγέλους
3777 4415 3870 4466 ἆτ-

601 4541 939 4600 Salvatorem
994 4551 1119 4592 cum
1176 4533 1306 4589 leris
1365 4531 1557 4594 fuisse,
1593 4537 1648 4584 et
1678 4527 1901 4598 angelos
1933 4525 1983 4580 ei
2019 4523 2171 4578 mini-

2285 4515 2560 4572 κονεῖσθαι
2602 4512 2771 4584 αὐτῷ.
2814 4512 2998 4582 Ἔχεις
3045 4508 3102 4562 δὲ
3148 4507 3242 4562 καὶ⁵
3285 4509 3342 4560 ἐν
3370 4505 3760 4574 Εὑαγγελίοις

602 4647 812 4695 strasse
839 4634 918 4698 ’°;
951 4627 1239 4683 Mattheus
1273 4639 1403 4680 vero
1435 4621 1672 4690 idipsum
1706 4627 1923 4689 tempus
1969 4614 2180 4686 signili»

598 4741 735 4784 cans
763 4725 838 4780 ait
866 4741 880 4778 :
915 4721 1060 4776 Tunc
1081 4715 1300 4770 dimittit
1335 4730 1454 4768 eum
1483 4710 1762 4775 diabolus,
1789 4716 1838 4764 et
1864 4723 1978 4762 ecce
2007 4706 2181 4777 angeli

603 4821 934 4872 accesserunt
962 4821 1011 4867 et
1039 4806 1417 4864 ministrabant
1445 4803 1494 4858 ei
1518 4803 1588 4856 ".
1620 4798 1764 4856 Sane
1808 4797 1954 4870 quod
2005 4795 2182 4866 angeli

607 4909 711 4981 ipsi
743 4902 1215 4965 ministraverint,
1266 4896 1614 4969 evangelista;
1664 4892 1978 4956 declarant;
2037 4885 2182 4960 quod

603 5009 784 5058 autem
822 4995 1110 5054 ministerii
1131 5008 1301 5066 genus
1353 4989 1459 5061 ipsi
1509 4983 1880 5059 praestiterint,
1915 4997 2026 5036 non
2076 4993 2184 5036 me-

603 5098 888 5150 morarunt
921 5089 1038 5144 illi:
1071 5086 1167 5143 sed
1213 5084 1267 5140 id
1324 5095 1568 5155 praesens
1620 5075 1905 5149 prophetia
1961 5071 2179 5136 docuit,

603 5187 857 5245 videlicet
887 5183 1036 5240 circa
1061 5193 1325 5252 corporea
1356 5187 1414 5234 et
1441 5174 1666 5230 minima
1704 5185 1896 5226 eorum
1935 5167 2185 5223 ministe-

605 5283 747 5338 rium
777 5279 969 5336 fuisse.
1012 5275 1149 5331 Nam
1182 5273 1304 5343 ejus
1336 5269 1750 5327 tabernaculum
1778 5262 2184 5327 custodiebant,

605 5389 676 5429 ne
701 5371 971 5443 ﬂagellum
1020 5367 1126 5438 ipsi
1171 5363 1669 5436 appropinquaret;
1709 5355 1832 5426 ejus
1876 5361 2056 5409 autem
2087 5369 2183 5424 pe-

605 5465 702 5520 des
729 5465 1068 5526 tutabantur,
1092 5468 1246 5514 utne
1273 5454 1357 5511 vel
1379 5453 1436 5508 in
1465 5452 1692 5506 minimo
1716 5464 1781 5504 ac
1795 5446 2074 5504 levissimo
2101 5443 2185 5500 of-

611 5558 914 5615 tenderent.

2282 4611 2375 4666 τοῦ
2407 4609 2659 4681 Σωτῆρος
2701 4605 2866 4660 αὑτοῦ
2906 4603 3108 4674 ταύτην
3145 4601 3243 4673 τὴν
3293 4601 3632 4672 μαρτυρίαν.
3688 4601 3753 4656 '0
3797 4601 3870 4671 μὲν

2284 4705 2393 4778 γὰρ
2426 4704 2652 4775 Μάρκος
2697 4697 2971 4770 ἀνέγραψε
3021 4695 3162 4751 κατὰ
3191 4693 3283 4748 τὸν
3322 4693 3512 4764 καιρὸν
3547 4692 3658 4746 τοῦ
3698 4709 3870 4762 πειρί-

2287 4795 2426 4866 σμοῦ
2459 4794 2555 4849 τοῦ
2587 4793 2858 4864 Σωτῆρος,
2888 4791 2964 4856 ώς
2985 4790 3092 4864 ἄρα
3112 4783 3180 4861 ’ἦν
3209 4785 3471 4860 μετὰτῶν
3495 4785 3756 4856 θηρίων,
3800 4789 3870 4838 ι.ιὶ

2285 4885 2336 4940 οἱ
2375 4883 2599 4956 ἄγγελοι
2647 4883 2929 4954 διηκόνουν
2978 4879 3157 4952 αὐτῷ·
3198 4881 3226 4932 ὁ
3252 4876 3525 4938 Ματθαῖος
3586 4876 3771 4928 πάλιν
3803 4875 3870 4928 civ

2286 4978 2450 5034 αὐτὸν
2475 4977 2665 5050 καιρὸν
2715 4971 3194 5047 ἐπισημηνάμενὰ
3220 4984 3385 5041 φησι·
3442 4969 3585 5022 Τότε
3617 4965 3870 5036 ἀφίης-τι·

2287 5071 2474 5127 αὑτὸν
2512 5074 2545 5126 ό
2573 5070 2882 5138 διάϐολος,
2935 5065 3034 5121 καὶ
3069 5063 3199 5120 ίδοὺ
3244 5062 3486 5133 ἄγγελοι
3513 5058 3870 5128 προσῆλθαν

2289 5167 2388 5222 καί
2420 5167 2746 5235 διηκόνουν
2775 5161 2955 5229 αὐτῷ.
2974 5159 3132 5216 Ἀλλὰ
3173 5159 3255 5213 ὃτι
3301 5157 3399 5230 μὲν
3425 5154 3475 5207 οἱ
3503 5151 3738 5221 ἄγγελοι
3767 5151 3868 5220 διη-

2290 5258 2478 5312 κόνουν
2499 5257 2669 5328 αὐτῷ,
2697 5254 2902 5320 ἔδειξαν
2928 5254 2978 5308 oi
3014 5247 3396 5321 εὐαγγελισταί
3416 5263 3429 5276 ·
3462 5243 3626 5305 ποίας
3656 5242 3722 5295 δὲ
3759 5241 3866 5294 δια-

2292 5350 2474 5414 κονίας
2502 5348 2650 5420 αὑτῷ
2684 5348 2964 5420 παρεῖχον,
3000 5336 3146 5399 οὗτοι
3183 5339 3401 5414 μὲνλούκ
3420 5333 3861 5408 ἐμνημόνευσαν·

2294 5445 2328 5514 ἡ
2357 5443 2413 5496 δὲ
2447 5440 2783 5514 προκειμένη
2833 5438 3140 5511 προφητεία
3176 5431 3440 5496 ἐδίδαξεν,
3473 5421 3557 5482 ὅτι
3605 5424 3706 5498 τὴν
3745 5422 3862 5492 rapi

2292 5535 2362 5589 τὰ
2388 5534 2672 5606 σωματικά
2705 5535 2799 5587 καὶ
2832 5531 3038 5604 σμικρὰ
3065 5527 3358 5584 διακονίαν.
3403 5519 3732 5590 Ἐφύλαττον
3760 5514 3858 5584 Ti?

614 5610 1172 5717 σκήνωμα,
1192 5642 1339 5704 ὅπως
1371 5638 1448 5710 μὴ
1484 5633 1683 5708 μάστιξ
1703 5632 1850 5702 αὐτῷ
1874 5628 2177 5702 πλησιάσῃ·
2219 5625 2519 5698 ἐφρούρουν
2549 5625 2606 5680 δὲ
2636 5623 2801 5680 αὑτοῦ
2829 5623 2924 5678 καὶ
2951 5622 3075 5687 τοὺς
3107 5619 3294 5684 πόδας,
3327 5615 3402 5681 ώς
3429 5613 3496 5669 ἂν
3561 5610 3638 5682 μὴ
3699 5621 3859 5678 προσ·

1742 5731 1754 5748 ν

617 5746 837 5816 κόψειαν
869 5742 1030 5814 μέχρι
1059 5739 1153 5792 τοῦ
1185 5735 1546 5808 σμικροτάτου
1581 5730 1676 5786 καὶ
1703 5729 2108 5784 εὐτελεστάτου.

687 5865 732 5902 ⁹⁰
773 5864 940 5918 Marc.
979 5876 1028 5922 ι.
1063 5860 1150 5914 13.
1226 5860 1269 5892 ’⁸
1317 5855 1509 5912 Matth.
1548 5868 1599 5908 Iv
1629 5891 1644 5916 ,
1688 5851 1771 5904 ll.
