3972 6812
67 289 186 338 bl

1287 288 1614 342 LOMb-EN'!
1627 289 1791 342 ARIA
1831 289 1892 341 ΙΝ
1937 288 2280 344 PSALMOS.

3236 292 3402 370 sic:

71 401 271 455 Καὶ
340 398 564 452 ταῦτα
597 399 694 470 μὲν
746 399 866 454 κατ’
899 397 1068 469 αὐτὴν
1120 396 1218 468 τὴν
1270 398 1446 465 λέξιν·
1499 399 1635 471 πρὸς
1679 399 1735 452 δὲ

1907 399 1973 454 Et
2000 399 2113 454 haec
2139 400 2356 471 quidem
2393 401 2690 456 secundum
2733 402 2936 457 nudam
2974 400 3260 458 lectionem
3295 423 3310 458 :
3350 413 3404 458 at

52 492 350 545 ἄνοιαν
395 491 788 562 ὲπισκήνωμα
820 490 914 543 τοῦ
932 489 1180 560 Σωτῆρος
1209 489 1415 561 ήμῶνή
1445 490 1737 561 Ἐκκλησία

51 579 256 634 τιτοῧ
321 579 755 634 ἀποδέδεικται
783 598 796 611 ·
853 579 989 634 ἀλλὰ
1030 580 1123 632 καί
1153 579 1312 650 σῶμα
1355 578 1520 633 αὐτοῦ
1554 581 1582 632 6
1612 579 1736 643 λαὸς

51 671 256 726 Σιτοῧ
291 670 481 724 κατὰ
511 670 608 725 τὸν
643 673 888 742 φήσαντα
912 670 1258 724 Ἀπόστολον·
1293 669 1477 740 Ὑμεῖς
1498 669 1571 724 δέ
1597 671 1737 725 ἐστε

52 763 274 832 ’ὤμοι
301 763 646 832 Χριστοῦ,
679 763 779 818 καί
805 763 961 832 μέλη
989 761 1057 816 ἐκ
1096 760 1338 831 μέρους.
1386 756 1510 814 Εἶεν
1538 760 1604 814 ἂν
1631 761 1735 814 τῶν

51 850 290 904 ,ελῶν
329 853 396 904 οἱ
452 850 568 922 μὲν
596 850 880 923 ὀφθαλμοὶζ
899 849 993 905 τοῦ
1027 849 1266 922 Χριστοῦ
1299 849 1569 922 σώματος,
1599 853 1646 904 οἱ
1677 852 1734 904 δὲ

52 942 154 994 αἰ.
177 936 376 1004 ὦτα..
416 943 479 995 οξ
507 942 569 996 δὲ
597 942 693 996 καὶ
716 945 896 1015 χεῖρες
916 956 933 974 ο
961 943 1101 996 κατὰ
1124 943 1294 998 ταῦτα
1317 945 1495 999 τοίνυν
1523 944 1735 999 ἔσονται

52 1033 266 1087 ὑτοῦ
302 1033 428 1087 καὶ
462 1033 632 1096 πόδες
652 1033 849 1105 ἕτεροι,
880 1035 1012 1107 περὶ
1039 1027 1116 1088 ὧν
1140 1035 1390 1108 εἴρηται·
1427 1037 1522 1103 Ὠς
1535 1037 1734 1105 ὡραῖοι

52 1127 94 1177 ιζ
152 1127 405 1192 πόδες
455 1124 590 1179 τῶν
616 1123 1155 1198 εὐαγγελιζομένων
1180 1127 1409 1197 ἀγαθά]
1433 1128 1647 1182 Τούτων
1670 1129 1733 1200 δὴ

52 1205 159 1263 ιῦν
201 1210 351 1265 τῶν
378 1211 605 1277 ποδῶν,
632 1212 780 1275 ὅπως
810 1213 883 1286 μή
907 1231 991 1279 τις
1011 1215 1294 1287 προσκόψῃ
1320 1215 1455 1288 πρὸς
1476 1215 1622 1269 λίθον
1643 1218 1733 1270 τὸν

51 1304 269 1368 πόδα,
313 1304 478 1375 μηδὲ
517 1302 937 1385 ακανδαλίζηται
971 1307 1028 1358 ὲν
1055 1304 1133 1377 τῷ
1181 1305 1386 1378 δρόμῳ,
1425 1306 1644 1379 ὁμαλῶς
1672 1325 1732 1361 τε

51 1394 167 1447 ταὶ
195 1392 566 1458 ἀκωλύτως
593 1395 852 1468 διατρέχῃ
879 1395 978 1467 τὴν
1009 1396 1105 1449 τοῦ
1127 1397 1457 1468 Εὐαγγελίου
1487 1397 1731 1469 πορείαν,

51 1484 346 1553 ἱγγελοι
425 1485 800 1542 καθέστανται
853 1487 1214 1561 φρουροῦντες
1258 1488 1352 1542 τοῦ
1404 1489 1734 1562 δηλωθέντος

51 1575 510 1648 ςκηνὼματος
538 1575 796 1645 φύλακες.
817 1577 986 1632 Πάλιν
1007 1578 1184 1652 ἕτεροι
1206 1578 1427 1648 ἄγγελοι
1454 1582 1503 1634 οἱ
1521 1583 1621 1646 τὰς
1642 1583 1730 1635 ὲκ-

51 1667 362 1739 υελησίας
398 1667 509 1723 τοῦ
550 1667 788 1741 Χριστοῦ
820 1668 922 1734 τὰς
947 1670 1260 1741 ἁπανταχοῦ
1293 1672 1398 1743 γῆς
1431 1673 1731 1745 ἱδρυθείσας

51 1759 596 1831 πεπιστευμένοι.
627 1757 813 1816 Ταῦτα
838 1759 897 1814 δὲ
923 1760 996 1832 μὴ
1027 1762 1224 1826 συνιεὶς
1247 1763 1276 1816 6
1304 1762 1548 1828 διάϐολος
1565 1781 1580 1796 ο
1615 1765 1732 1830 πῶς

51 1849 208 1921 γὰρ
255 1849 297 1922 ἢ
331 1849 518 1905 πόθεν
545 1849 694 1922 αὐτῷ
717 1850 811 1905 τοῦ
841 1851 983 1906 θείου
1007 1852 1324 1925 Πνεύματος
1353 1855 1590 1911 συνιέναι
1617 1875 1731 1928 φω-

52 1945 198 2015 ννὰς
235 1958 255 2007 ;
289 1943 356 1995 ὲν
390 1940 482 2014 τῷ
517 1943 797 2016 πειράζειν
823 1943 916 1996 τὸν
957 1945 1206 2017 Σωτῆρα,
1230 1947 1314 2010 είς
1353 1947 1414 2001 τὸ
1441 1948 1734 2022 πτερύγιον

52 2031 290 2106 ,αὐτὸν
320 2030 427 2085 τοῦ
453 2031 608 2103 ἱεροῦ
631 2030 942 2101 ἀναγαγὼν,
965 2026 1087 2086 εἶπε
1113 2033 1250 2106 πρὸς
1273 2035 1434 2090 αὐτόν
1451 2054 1464 2068 ·
1495 2041 1568 2092 El
1603 2041 1734 2106 Υἱὸς

77 2118 156 2178 εἷ
191 2122 322 2177 τοῦ
355 2123 544 2188 Θεοῦ,
572 2123 729 2189 βάλε
757 2123 1020 2179 σεαυτὸν
1039 2124 1216 2181 κάτω.
1247 2128 1579 2199 Γέγραπται
1600 2133 1731 2203 γὰρ,

54 2215 60 2290 ί
85 2214 208 2267 ὅτι
234 2213 377 2280 τοῖς
419 2215 705 2286 ἀγγέλοις
732 2216 920 2272 αὐτοῦ
949 2217 1275 2274 ἐντελεῖται
1304 2221 1437 2290 περὶ
1463 2223 1601 2285 σοῦ,
1634 2225 1733 2279 καὶ

90 2305 227 2359 ἐπὶ
266 2305 505 2376 χειρῶν
536 2307 756 2375 ὰροῦσί
788 2323 881 2371 σε,
914 2307 1150 2376 μήποτε
1189 2313 1548 2383 προσκόψῃς
1585 2316 1734 2384 πρὸς

57 2474 61 2478 '
94 2395 316 2449 λίθον
351 2394 470 2450 τὸν
511 2395 670 2451 πόδα
705 2411 842 2451 σου.
893 2400 1124 2455 Συνιδὼν
1166 2402 1277 2474 γὰρ
1321 2401 1502 2474 ἔργοις
1552 2405 1733 2469 αὐτοῖς

95 2490 203 2553 εἰς
242 2487 343 2542 τὸν
379 2487 617 2561 Σωτῆρα
647 2491 1088 2564 πεπληρωμένην
1117 2495 1218 2566 τὴν
1259 2497 1315 2549 ὲν
1357 2498 1469 2560 τοίς
1513 2515 1734 2568 προκει-

110 2580 329 2651 μένοις
377 2580 743 2652 προφητείαν,
773 2582 914 2654 όρῶν
941 2601 1002 2637 τε
1034 2584 1184 2652 ξένον
1213 2586 1392 2658 θέαμα
1436 2589 1496 2640 ὲν
1528 2587 1734 2660 ἀνθρὼ-

108 2687 243 2724 mu
279 2671 472 2741 φύσει,
508 2673 584 2738 ὡς
603 2674 796 2727 ’τᾶσαν
833 2675 998 2729 αὑτοῦ
1027 2677 1128 2749 τὴν
1173 2679 1461 2748 στρατείαν
1491 2679 1732 2754 καθηρῆο

121 2761 292 2828 σθαι,
319 2764 418 2816 καὶ
448 2763 630 2827 πάσας
657 2764 824 2819 αὐτοῦ
857 2768 1169 2839 νενικῆσθαι
1189 2769 1288 2832 τὰς
1319 2770 1597 2841 δυνάμεις,
1629 2771 1732 2824 ὑπὸ

55 2847 60 2876 ⁵
119 2853 241 2906 τοῦ
288 2854 648 2925 φαινομένου,
687 2856 931 2927 χιλιάδας
974 2875 1034 2912 τε
1072 2858 1295 2933 ἀθρόας,
1341 2863 1436 2915 καὶ
1470 2863 1734 2934 μυριάδας

129 2945 546 3019 ἀπέμπροσθεν
571 2947 738 3002 αὐτοῦ
763 2949 1086 3012 πιπτούσας,
1113 2950 1272 3004 αὐτόν
1295 2968 1356 3004 τε
1387 2953 1615 3024 ἀτρεμεὶ
1639 2955 1733 3007 καὶ

52 3035 64 3066 :
131 3036 611 3137 ἀπαραποδίστιυς
652 3039 738 3092 ἐπ’
773 3039 976 3094 άσπωα
1016 3041 1112 3096 καὶ
1165 3041 1474 3112 βασιλίσκον
1522 3045 1733 3098 ὲπιϐαί-
1759 3081 1800 3137 C

53 3133 66 3160 ι
135 3144 333 3190 νοντα,
363 3126 556 3182 λέοντά
579 3145 640 3181 τε
684 3129 778 3182 καὶ
817 3130 1106 3201 δράκοντα,
1139 3133 1240 3197 τὰς
1272 3134 1597 3206 ἀρχοντικὰς
1638 3137 1734 3190 αύ-

59 3220 67 3250 τ
137 3218 248 3272 τοῦ
276 3218 552 3291 δυνάμεις,
578 3221 1010 3289 καταπατοῦντα,
1034 3225 1128 3278 καὶ
1148 3223 1293 3277 τοῦτ’
1320 3226 1574 3298 ὲπείραζε
1596 3227 1734 3295 γνῶ-

52 3315 66 3348 ³
145 3326 271 3375 ναι,
298 3311 368 3374 εἰ,
401 3311 592 3365 ἑαυτὸν
629 3312 738 3365 ἀπὸ
765 3312 857 3366 τοῦ
889 3312 1180 3384 πτερυγίου
1213 3313 1487 3386 ῥίψαντος,
1513 3313 1733 3382 ἄγγελοι

149 3400 549 3473 προσελθόντες
578 3403 739 3458 αὑτὸν
773 3402 1119 3474 βαστάσουσι.
1149 3405 1293 3476 Πρὸς
1331 3405 1534 3476 ταύτην
1567 3405 1732 3460 αὐτοῦ

52 3501 62 3548 ἱ
151 3493 260 3565 τὴν
300 3492 552 3548 ὑπόνοιαν
580 3493 968 3566 διεψευσμένην
1005 3493 1170 3550 οὖσαν
1201 3497 1230 3549 6
1271 3496 1460 3568 Σωτὴρ
1503 3497 1734 3568 ἀπεκρί-

61 3593 66 3600 ‘
156 3600 322 3638 νατοο
353 3584 708 3655 Γέγραπται,
737 3585 933 3655 λέγων,
963 3589 1084 3642 Οὐκ
1115 3587 1493 3657 ἐκπειράσεις
1514 3589 1734 3656 Κύριον

52 3685 66 3718 '-‘
160 3675 272 3729 τὸν
297 3675 442 3730 Θεόν
472 3692 606 3731 σου.
635 3676 708 3730 Τδ
739 3677 847 3748 γὰρ
883 3677 1076 3732 ἑαυτὸν
1099 3679 1418 3751 κρημνίζειν
1447 3680 1541 3732 καὶ
1568 3697 1735 3734 κατα-

52 3781 56 3814 ῑ
164 3767 380 3823 ϐάλλειν
407 3768 515 3822 ἀπὸ
557 3769 664 3824 τῶν
710 3770 1080 3840 ὑψηλοτάτων,
1115 3773 1212 3826 καὶ
1243 3771 1400 3826 τοῦτο
1445 3776 1618 3828 ποιεῖν
1647 3773 1734 3827 ἵνα

52 3855 65 3902 εἱ
166 3857 299 3929 γνῷ.
323 3857 542 3930 πότερόν
585 3875 716 3913 ποτε
761 3859 1015 3932 βοηθείας
1051 3860 1301 3926 τεύξεται
1343 3861 1443 3931 τῆς
1492 3860 1581 3916 διὰ
1624 3862 1734 3914 τῶν

52 3966 68 3998 ι
171 3949 430 4016 ἀγγέλων,
457 3948 490 4020 ἦ
524 3950 622 4022 μὴ,
676 3985 691 4003 .
711 3951 1017 4022 ειράζοντος
1042 3947 1110 4023 ἦν
1137 3952 1230 4006 τὸν
1263 3950 1426 4005 Θεόνο
1460 3952 1489 4005 ὃ
1519 3952 1584 4024 δὴ
1611 3970 1732 4007 πει-

181 4039 357 4110 ράζειν
403 4040 644 4096 ἐϐούλετο
679 4044 709 4096 6
739 4041 1034 4115 πειράζων.
1081 4045 1293 4098 Οίκεῖον
1329 4043 1438 4114 γὰρ
1489 4044 1636 4114 αύτῷ
1665 4040 1734 4116 ἦν

51 4151 66 4198 ξ
182 4135 584 4206 πειράζοντιτδν
622 4134 870 4205 Σωτῆρα,
901 4136 998 4188 καὶ
1017 4135 1110 4188 τὸν
1137 4135 1268 4188 Θεὸν
1297 4135 1574 4206 πειράζειν
1610 4137 1734 4189 τολ-

189 4229 310 4298 μᾷν.
351 4226 480 4280 Ἀλλ’
506 4227 603 4296 οὐχ
641 4227 671 4280 6
699 4227 890 4298 Σωτήρ
927 4243 992 4295 γε
1036 4226 1355 4298 ἐπείραζεν·
1387 4223 1446 4280 εὖ
1481 4227 1589 4300 γὰρ
1621 4229 1736 4299 ᾔδει

52 4321 68 4371 i:
188 4319 283 4374 xei.
320 4318 564 4372 πέπειστο
614 4317 744 4388 περὶ
781 4317 877 4388 τῆς
915 4318 1010 4370 τοῦ
1054 4311 1266 4390 Πατρδς
1311 4317 1590 4389 δυνάμεως
1635 4319 1734 4390 τῆς

1838 488 2173 560 intelligendi
2215 505 2366 546 more
2415 490 2828 547 tabernaculum
2885 490 3190 548 Servatoris
3228 496 3404 550 nostri

1837 577 2135 635 Ecclesium
2184 580 2304 649 ejus
2349 594 2473 636 esse
2519 591 3004 638 commonstratum
3042 592 3162 650 est;
3203 599 3405 655 corpus

1835 686 1964 727 vero
1994 672 2135 741 ejus,
2168 673 2406 742 p0pulus
2435 673 2557 744 ejus
2595 681 2702 737 est,
2735 673 3034 730 secundum
3058 675 3403 745 Apostolum,

1834 761 1928 831 qui
1960 761 2035 816 ait
2066 781 2080 816 :
2110 761 2213 816 Vos
2249 773 2423 817 autem
2445 765 2570 818 estis
2597 781 2784 833 corpus
2823 764 3044 830 Christi,
3088 776 3143 819 et
3172 766 3408 821 membra

1830 867 1898 906 ea:
1921 862 2072 917 parte
2101 854 2167 908 θ’.
2200 853 2279 908 Ex
2302 854 2564 910 membris
2589 865 2768 911 autem
2799 856 2891 910 alii
2919 855 3124 911 fuerint
3158 857 3409 928 corporis

1834 945 2036 1000 Christi
2060 947 2226 1010 oculi,
2261 947 2353 1000 alii
2383 961 2564 1018 aures,
2605 948 2695 1002 alii
2731 965 2960 1015 manus;
2990 949 3091 1006 hac
3114 966 3279 1021 porro
3321 967 3408 1007 ra-

1833 1039 1982 1092 tione
2015 1038 2106 1092 alii
2144 1039 2308 1108 pedes
2353 1039 2476 1110 ejus
2505 1047 2686 1105 erunt,
2714 1040 2780 1095 de
2813 1042 3012 1111 quibus
3044 1043 3250 1098 dictum
3277 1053 3362 1101 est
3382 1063 3402 1098 ι

1835 1129 2007 1196 Quam
2053 1131 2272 1199 speciosi
2316 1131 2468 1200 pedes
2525 1134 2996 1204 euangelizantium
3031 1135 3168 1189 bona
3193 1135 3278 1191 "i
3327 1135 3408 1193 Ne

1832 1218 1956 1289 quis
1985 1235 2113 1276 vero
2149 1221 2411 1277 horumce
2445 1223 2642 1292 pedum
2684 1223 2752 1277 ad
2807 1223 3042 1294 lapidem
3072 1224 3406 1295 otl‘enderet,

1833 1325 2010 1380 neque
2040 1310 2097 1366 in
2125 1327 2290 1368 cursu
2319 1312 2676 1382 impingeret,
2731 1313 2824 1369 sed
2876 1315 3035 1384 plana
3064 1315 3152 1370 via
3184 1325 3239 1372 et
3285 1317 3409 1386 sine

1831 1399 1986 1454 obice
2015 1399 2118 1455 iter
2161 1400 2532 1470 evangelicum
2580 1411 2916 1472 permearet,
2972 1403 3148 1474 angeli
3197 1413 3407 1462 tutores

1833 1504 1898 1543 ac
1957 1487 2213 1544 custodes
2274 1488 2481 1560 praefati
2533 1491 2869 1547 tabernaculi
2919 1492 3201 1548 constituti
3253 1502 3404 1548 sunt.

1833 1579 2070 1636 Rursum
2141 1596 2271 1636 vero
2325 1589 2543 1636 exstant
2603 1583 2695 1638 alii
2751 1584 2976 1653 angeli,
3037 1583 3237 1654 quibus
3303 1583 3408 1638 Ec.-

1832 1673 2010 1729 clesia:
2038 1671 2242 1727 Christi
2295 1672 2498 1743 ubique
2529 1680 2800 1728 terrarum
2837 1673 3096 1736 fundatae,
3123 1673 3408 1730 concredi-

1833 1766 1902 1814 tte
1929 1766 2075 1814 sunt.
2109 1757 2265 1824 Quod
2297 1773 2421 1814 cum
2455 1774 2563 1814 non
2593 1759 2920 1830 intelligeret
2948 1757 3198 1814 diabolus
3223 1779 3238 1815 :
3267 1775 3408 1830 quo-

1833 1847 1996 1904 modo
2013 1848 2157 1903 enim
2185 1857 2280 1902 aut
2304 1847 2448 1903 unde
2475 1847 2642 1903 divini
2666 1847 2902 1918 Spiritus
2917 1865 3080 1904 voces
3106 1849 3408 1922 intelligere

1833 1942 2042 2012 possit?
2065 1956 2190 1999 cum
2214 1938 2551 1996 Salvatorem
2582 1947 2834 2006 tentaret,
2854 1942 3032 2012 ipsum
3050 1940 3117 1996 ad
3139 1943 3408 2012 pinnacu-

1834 2033 1947 2087 lum
1979 2031 2164 2102 templi
2195 2030 2418 2086 duetum
2449 2031 2531 2086 sic
2556 2031 2931 2103 alloquebatur
2966 2050 2980 2087 :
3010 2031 3073 2086 Si
3103 2029 3280 2086 Filius
3307 2029 3407 2086 Dei

1832 2139 1911 2186 es,
1947 2123 2098 2177 mitte
2127 2133 2174 2176 te
2197 2121 2464 2180 deorsum.
2497 2120 2763 2190 Scriptum
2792 2133 2868 2177 est
2901 2124 3063 2186 enim,
3090 2124 3216 2193 quia
3247 2139 3408 2194 ange-

1836 2213 1902 2268 lis
1931 2217 2042 2268 suis
2073 2213 2348 2268 mandabit
2378 2212 2442 2267 de
2471 2223 2538 2277 te,
2560 2223 2611 2268 et
2643 2215 2698 2268 in
2740 2216 2984 2270 manibus
3023 2215 3203 2269 tollent
3234 2225 3302 2275 te,
3344 2231 3408 2270 ne

1833 2319 2064 2373 unquam
2109 2303 2348 2372 offendas
2391 2302 2461 2356 ad
2506 2302 2734 2373 lapidem
2787 2304 2969 2372 pedem
3011 2306 3243 2360 tuum”.
3270 2306 3406 2359 Nam

1833 2409 1956 2449 cum
1998 2409 2065 2450 ex
2097 2394 2230 2466 ipsis
2257 2395 2515 2465 operibus
2559 2396 2912 2466 perspiceret,
2947 2397 3287 2467 prophetiam
3319 2397 3407 2450 his

1833 2485 2014 2540 verbis
2047 2484 2302 2540 traditam
2360 2484 2416 2539 in
2467 2484 2750 2540 Salvatore
2803 2486 3036 2558 impleri,
3081 2501 3148 2542 ac
3178 2497 3408 2558 stupen-

1831 2576 1962 2631 dum
2011 2576 2066 2631 in
2113 2577 2352 2634 hominis
2383 2589 2577 2632 natura
2609 2579 2983 2649 spectaculum
3013 2589 3293 2644 cerneret;
3329 2581 3407 2635 ita

1831 2678 1894 2723 ut
1921 2669 2101 2724 omnis
2121 2671 2394 2726 exercitus
2427 2685 2562 2725 suus
2583 2671 2647 2726 de
2670 2670 2850 2726 medio
2887 2671 3158 2738 sublatus,
3185 2687 3406 2728 omnes-

1833 2775 1940 2831 que
1977 2761 2205 2816 virtutes
2243 2777 2356 2816 suae
2400 2761 2469 2816 ab
2509 2775 2575 2816 eo
2613 2762 2707 2832 qui
2736 2771 3062 2833 apparuerat
3111 2772 3402 2835 superatae,

1834 2854 2000 2907 millia
2025 2867 2154 2908 vero
2173 2862 2228 2909 et
2249 2853 2435 2907 decem
2467 2852 2634 2907 millia
2666 2854 2720 2908 in
2752 2862 3048 2925 conspectu
3077 2855 3223 2912 illius
3252 2856 3405 2926 lapsa

1830 2953 2037 3009 essent,
2074 2945 2161 3000 ille
2192 2953 2372 3000 autem
2405 2944 2524 3000 sine
2555 2945 2842 3001 formidine
2864 2954 2916 3000 et
2937 2946 3094 3001 obice
3123 2962 3287 3017 super
3315 2962 3406 3002 as-

1831 3037 2012 3106 pidem
2051 3043 2106 3092 et
2150 3036 2465 3092 basiliscum
2499 3035 2820 3100 ambularet,
2853 3036 3065 3092 leonem
3099 3045 3154 3092 et
3201 3037 3404 3092 draco-

1835 3145 1976 3195 nem,
2011 3130 2285 3200 principes
2317 3131 2438 3200 ejus
2458 3132 2710 3196 virtutes,
2733 3128 3115 3196 conculcaret;
3146 3129 3251 3184 hoc
3275 3131 3403 3185 item

1831 3223 2064 3292 experiri
2101 3221 2334 3283 volebat,
2367 3235 2494 3274 num
2527 3221 2704 3290 ipsum
2731 3235 2797 3275 ex
2828 3219 3124 3288 pinnaculo
3153 3235 3212 3275 se
3235 3221 3406 3290 proji-

1833 3315 2090 3375 cientem,
2122 3315 2442 3367 accedentes
2469 3313 2643 3382 angeli
2680 3311 2944 3382 gestaturi
2971 3322 3172 3368 essent.
3203 3309 3405 3382 Hujus-

1833 3403 1981 3460 modi
2008 3405 2189 3476 itaque
2213 3404 2362 3460 falsae
2385 3405 2685 3475 suspicioni
2707 3407 2782 3458 ita
2807 3403 3091 3474 respondit
3113 3403 3403 3461 Servatur:

1834 3498 2100 3568 Scriptum
2125 3507 2224 3562 est,
2258 3494 2382 3553 Non
2412 3495 2633 3552 tentabis
2672 3495 2949 3550 Dominum
2981 3495 3144 3551 Deum
3175 3505 3318 3550 tuum
3336 3498 3404 3550 ".

1834 3591 1968 3645 Nam
2001 3606 2032 3646 e
2061 3590 2280 3645 sublimi
2314 3605 2434 3646 sese
2461 3589 2802 3660 praecipitare
2848 3602 2914 3644 ac
2950 3587 3208 3658 dejicere,
3245 3589 3408 3658 idque

1835 3683 2019 3736 animo
2065 3679 2388 3750 experiundi
2441 3695 2508 3734 an
2538 3679 2856 3750 angelorum
2891 3679 3154 3734 auxilium
3190 3677 3408 3732 adfutu-

1835 3791 1956 3828 rum
1993 3783 2159 3836 esset,
2203 3787 2395 3837 necne,
2425 3772 2528 3826 hoc
2554 3786 2689 3826 sane
2717 3778 2927 3826 tentare
2970 3769 3138 3828 Deum
3169 3770 3364 3826 fuisset
3389 3790 3404 3825 :

1833 3865 1981 3936 quod
2018 3864 2254 3934 experiri
2305 3871 2544 3918 tentat0r
2573 3862 2815 3933 optabat.
2847 3860 2982 3915 Nam
3021 3861 3124 3932 ipsi
3153 3861 3407 3916 Salvato-

1835 3972 1950 4011 rem
1975 3958 2225 4016 tentanti,
2245 3955 2524 4025 proprium
2552 3961 2670 4008 erat
2691 3955 2772 4009 vel
2795 3954 2974 4024 ipsum
3003 3952 3170 4007 Deum
3197 3959 3411 4008 tentare

1836 4050 2056 4104 audere.
2092 4047 2162 4102 At
2192 4047 2449 4102 Servator
2472 4053 2681 4101 tentare
2717 4046 2894 4100 noluit
2928 4064 2940 4098 :
2976 4059 3179 4115 gnarus
3207 4045 3410 4116 quippe

1833 4149 1954 4197 erat
1975 4155 2040 4195 ac
2063 4153 2384 4209 persuasum
2417 4136 2649 4192 habebat
2679 4135 2858 4191 Patris
2880 4137 3138 4190 virtutem
3162 4136 3264 4190 sibi
3287 4140 3412 4206 opi-

1837 4231 2018 4286 tulari.
2045 4231 2222 4296 Quare
2264 4228 2583 4299 imperantis
2634 4243 2785 4283 more
2813 4227 3029 4282 diabolo
3061 4227 3239 4284 dixit:
3281 4228 3408 4284 Non

1838 4318 2062 4374 tentabis
2111 4318 2396 4372 Dominum
2443 4316 2614 4372 Peum
2665 4327 2832 4379 tuum,
2869 4317 3066 4372 divina:
3113 4316 3410 4390 Scriptura

193 4406 530 4481 συνεργούσης
565 4404 734 4476 αύτῷ.
778 4405 869 4458 Διὸ
900 4405 996 4459 καὶ
1025 4404 1103 4476 τῷ
1138 4405 1370 4478 διαϐόλῳ
1409 4424 1735 4479 προστακτι-

1839 4410 2043 4464 dictum
2077 4424 2138 4464 ex
2175 4409 2290 4479 lege
2325 4413 2601 4476 sumptum
2642 4405 2806 4474 hujus
2837 4404 3132 4476 Scriptura:
3160 4409 3279 4464 voci
3311 4425 3410 4480 op-

194 4498 298 4562 κῶς
341 4495 721 4570 παρεκελεύετο
769 4496 941 4566 λέγων
965 4514 978 4528 ο
1030 4499 1153 4551 Οὐκ
1199 4497 1575 4567 ἐκπειράσεις
1621 4501 1737 4554 Κύ-

193 4605 316 4660 ριον
354 4589 449 4643 τὸν
487 4589 631 4642 Θεόν
665 4604 806 4652 σου,
843 4587 992 4651 θείας
1028 4585 1252 4659 Γραφῆς
1295 4587 1438 4654 λέξιν
1481 4588 1580 4660 τὴν
1628 4589 1738 4642 ἀπὸ

51 4711 66 4745 ε
201 4678 288 4732 τοῦ
323 4679 467 4750 νόμον
507 4678 948 4751 ἀντιπαρατιθεὶς
991 4681 1058 4750 τῇ
1106 4681 1259 4750 φωνῇ
1307 4680 1408 4751 τῆς
1455 4679 1735 4752 παρούσης

53 4805 64 4838 ς
207 4771 421 4842 Γραφῆς,
445 4773 502 4841 ἢν
538 4770 611 4843 μὴ
643 4773 839 4844 νοήσας
863 4772 893 4824 6
923 4770 1168 4835 διάϐολος
1211 4772 1525 4842 προήγαγεν
1563 4770 1734 4841 αὐτῷ,

211 4863 281 4934 μὴ
296 4863 485 4926 συνιεὶς,
506 4864 584 4917 ὃτι
607 4864 705 4917 οὐκ
727 4864 892 4918 ἐδεῖτο
918 4862 1170 4935 βοηθείας
1198 4863 1444 4933 ἀγγέλων
1469 4865 1498 4917 6
1525 4863 1734 4936 Σωτὴρ,

210 4959 254 5009 εἰ
274 4955 355 5008 καὶ
377 4955 480 5008 καθ’
503 4955 754 5010 ὑπόθεσιν
786 4958 963 5029 οἰκείᾳ
991 4957 1309 5028 προαιρέσει
1333 4955 1578 5010 καθεῖναι
1612 4959 1737 5009 ἑαυ-

211 5048 290 5101 τὸν
325 5044 557 5116 ἐϐουλήθη
575 5063 589 5076 ο
625 5048 745 5100 ἐπεὶ
781 5049 875 5102 καὶ
905 5048 1048 5102 κατὰ
1077 5047 1175 5120 τὴν
1208 5050 1288 5110 εἰς
1318 5047 1580 5119 οὐρανοὺς
1609 5048 1739 5100 ἀνά-

213 5137 352 5207 ληψιν
393 5137 528 5210 (ὅπερ
561 5131 630 5209 ἦν
674 5139 856 5210 μεῖζον
917 5140 1012 5209 τῆς
1051 5141 1157 5194 ἀπὸ
1187 5139 1281 5194 τοῦ
1325 5139 1618 5212 πτερυγίου
1642 5139 1735 5192 τοῦ

219 5227 344 5300 ἱεροῦ
377 5229 454 5282 ἐπὶ
475 5229 567 5302 τὴν
599 5230 701 5300 γῆν
729 5229 793 5283 δι’
822 5231 983 5303 ἀέρος
1010 5231 1284 5305 καθόδου),
1313 5233 1413 5286 οὐκ
1439 5231 1736 5302 ἀγγελικῆς

222 5319 386 5391 ἐδεήθη
405 5319 587 5391 χειρός.
618 5321 760 5392 Ὅρα
796 5321 873 5388 δὲ,
912 5322 1050 5388 πῶς,
1089 5322 1468 5396 μνημονεύσας
1498 5324 1528 5376 6
1553 5322 1736 5378 διάϐο-

220 5411 298 5473 λος
319 5409 414 5477 τοῦ,
453 5411 565 5464 Ἐπὶ
589 5411 803 5481 χειρῶν
832 5414 1051 5483 ἀροῦσί
1086 5431 1179 5482 σε,
1203 5415 1435 5485 μήποτε
1475 5413 1736 5482 προσκό-

224 5505 329 5571 ψῃς
353 5501 474 5570 πρὸς
500 5503 670 5558 λίθον
696 5503 803 5558 τὸν
833 5505 989 5560 πόδα
1017 5522 1156 5571 σου,
1185 5505 1246 5560 τὺ
1284 5507 1413 5577 ἑξῆς
1453 5504 1738 5577 συνημμέ-

1842 4515 2070 4570 ponens,
2092 4514 2254 4570 quam
2287 4513 2398 4552 non
2425 4497 2733 4566 intelligens
2759 4495 3010 4552 diabolus
3033 4498 3136 4566 ipsi
3166 4499 3410 4567 profere-

1843 4591 1966 4655 bat,‘
1988 4591 2243 4662 ignorans
2264 4588 2604 4644 Servatorem
2637 4588 2950 4656 angelorum
2973 4602 3075 4656 ope
3100 4604 3209 4643 non
3227 4606 3408 4660 egere,

1843 4684 2056 4740 etiamsi
2085 4681 2305 4753 proprio
2329 4691 2461 4736 nutu
2492 4680 2753 4734 voluisset
2796 4695 2917 4735 sese
2943 4679 3199 4736 deorsum
3239 4685 3414 4753 proji-

1842 4789 1985 4829 cere.
2013 4772 2466 4843 Quandoquidem
2517 4771 2572 4826 in
2616 4785 2714 4826 sua
2753 4769 2823 4823 ad
2865 4770 3034 4825 caelos
3087 4775 3412 4828 ascensione

1844 4865 2006 4936 (quod
2039 4881 2170 4920 sane
2199 4865 2376 4934 majus
2408 4871 2548 4926 erat,
2577 4879 2739 4933 quam
2792 4863 2881 4917 ille
2904 4878 2933 4917 a
2963 4864 3253 4933 pinnaculo
3282 4875 3414 4921 tem-

1845 4961 1916 5030 pli
1957 4958 2021 5013 ad
2053 4968 2249 5014 terram
2295 4973 2391 5028 per
2427 4971 2606 5012 aerem
2647 4957 2958 5022 transitus),
3012 4971 3122 5010 non
3168 4958 3412 5025 angelica

1845 5065 2006 5104 manu
2040 5064 2178 5119 Opus
2225 5049 2434 5102 habuit.
2467 5047 2854 5103 Animadverte
2883 5063 3067 5118 porro,
3102 5063 3213 5118 quo
3252 5055 3412 5118 pacto

1845 5140 2096 5196 diabolus
2132 5139 2216 5194 his
2249 5137 2710 5198 commemoratis,
2751 5136 2818 5191 In
2854 5137 3096 5192 manibus
3128 5137 3310 5191 tollent
3339 5147 3409 5200 te,

1845 5248 1909 5286 ne
1950 5246 2182 5300 unquam
2221 5227 2456 5298 olfendas
2490 5228 2559 5282 ad
2589 5227 2813 5298 lapidem
2846 5229 3022 5299 pedem
3052 5239 3234 5292 tuum;
3264 5228 3413 5298 quod

1844 5323 2174 5394 sequebatur
2199 5336 2307 5375 non
2336 5319 2628 5385 addiderit,
2661 5319 2911 5376 videlicet
2947 5321 3102 5384 illud,
3135 5337 3292 5390 super
3322 5337 3412 5374 as-

1841 5411 2014 5481 pidem
2039 5422 2088 5465 et
2116 5410 2420 5465 basiliscum
2453 5409 2832 5474 ambulabis,et
2855 5410 3186 5465 conculcabis
3215 5411 3412 5464 leonem

1844 5512 1893 5556 et
1925 5502 2231 5564 draconem,
2259 5501 2406 5571 quod
2440 5500 2737 5558 Salvatoris
2761 5500 2828 5556 de
2849 5500 3065 5556 diabolo
3107 5510 3164 5557 et
3204 5499 3410 5572 angeli?

291 5691 328 5722 θ·
359 5688 374 5742 1
406 5689 511 5746 Cor.
550 5643 658 5753 xn,
690 5690 780 5745 27.
855 5690 901 5721 ’³
941 5689 1102 5743 Rom.
1137 5705 1206 5750 x,
1247 5689 1333 5744 15.
1417 5689 1458 5721 ”
1500 5688 1692 5742 Matth.

1847 5685 1899 5742 6.
1938 5687 2026 5764 ὐ⁹⁸
2067 5684 2200 5740 ibid.
2239 5686 2288 5739 Τ.

499 5787 758 5845 ΡΑτιιοι.
808 5783 924 5844 Gn.
963 5781 1196 5843 XXIII.

3017 5777 3098 5837 37

1363 6433 3918 6704 —
