3976 6436
568 376 713 437 ιίϐδ

1252 368 1519 428 EUSEBII
1558 364 2037 424 CJESARIENSIS
2071 362 2222 420 OPP.
2263 357 2445 416 PARS
2475 356 2568 413 Ill.
2603 386 2671 398 -——
2704 346 3122 407 EXEGETlCA.

3654 352 3765 409 1161

572 494 1087 564 eius‘reportatam
1139 488 1426 547 victoriam
1472 484 1764 541 manifeste
1811 481 2145 537 declarabat.

2282 494 2340 531 ον
2371 475 2432 530 οὑ
2483 471 2789 546 προσέθηκε
2809 487 2824 501 ο
2864 466 3023 522 τοῦτο
3066 466 3132 539 δὴ
3162 464 3247 533 τὸ,
3286 464 3403 518 Ἐπ’
3446 460 3653 521 ἀσπίδα
3688 467 3765 520 καὶ

574 555 989 643 Solebat-enim
1021 584 1107 641 sui
1142 581 1576 636 eonfutationem
1605 576 1874 646 adjicere;
1907 571 2148 643 alioquin

2279 568 2621 623 Ιασιλίσκον
2661 562 2945 632 ἐπιϐήσῃ,
2987 560 3085 615 καὶ
3127 555 3557 626 καταπατήσεις
3594 556 3770 611 λέοντα

576 673 1256 747 ratiocinio‘coliigendum
1275 679 1329 728 et
1361 669 1829 741 comprobandum
1871 666 1974 737 ipsi
2012 672 2150 729 erat,

576 772 834 829 eumdem
872 771 1058 841 ipsum
1085 766 1178 838 qui
1218 782 1383 838 super
1439 766 1576 820 tales
1624 763 1898 835 principes
1929 760 2155 816 virtutes

576 864 904 926 ambularet,
951 862 1207 931 ipsasque
1256 858 1627 922 conculcaret,
1688 868 1800 908 non
1840 866 2000 923 posse
2043 864 2155 905 non

577 953 851 1009 oﬂendere
885 952 951 1005 ad
980 950 1211 1021 lapidem
1245 948 1379 1019 pede
1410 961 1545 1011 suo;
1575 945 1652 999 ita
1681 952 1740 998 ut
1765 942 1832 996 ad
1858 943 1958 997 hoc
1990 956 2155 1011 απιτέο-

577 1045 755 1097 lorum
781 1040 949 1094 tutela
970 1046 1023 1094 et
1056 1037 1259 1092 auxilio
1292 1042 1493 1106 egeret.
1524 1032 1726 1088 Verum
1768 1033 1883 1086 haec
1915 1046 2024 1085 non
2055 1044 2152 1084 ea-

578 1136 735 1205 piens
799 1132 891 1186 ille
956 1130 1122 1200 hujus
1168 1127 1466 1199 prophetiae
1507 1141 1640 1181 voce
1685 1134 1769 1179 est
1809 1139 1966 1187 usus,
2007 1121 2154 1193 quod

578 1234 773 1280 caetera
814 1224 869 1276 in
908 1222 999 1276 illo
1028 1221 1248 1292 impleta
1299 1235 1420 1275 esse
1464 1224 1733 1273 cerneret.
1775 1215 2032 1271 Servator
2056 1229 2157 1267 au-

581 1326 687 1373 tem
719 1331 826 1371 non
860 1323 1019 1385 negat
1049 1314 1116 1368 de
1134 1328 1198 1368 se
1216 1312 1485 1382 prolatum
1514 1308 1796 1364 oraculum
1838 1306 2027 1370 fuisse,
2060 1304 2155 1361 sed

580 1408 853 1462 diabolum
887 1407 980 1476 qui
1015 1404 1137 1473 ejus
1166 1418 1388 1458 sensum
1425 1418 1535 1457 non
1563 1406 1802 1472 caperet,
1832 1397 2154 1469 congruenti

583 1516 716 1557 usus
745 1500 1123 1572 responsione.
1147 1493 1345 1568 rejicit.
1378 1495 1662 1564 Quomodo
1688 1503 1870 1551 autem
1900 1508 2002 1548 nos
2030 1506 2156 1564 gra-

582 1592 656 1647 tia
688 1591 987 1647 Salvatoris
1022 1590 1198 1647 nostri
1246 1589 1460 1660 singula
1486 1588 1723 1659 propriis
1757 1587 1813 1640 in
1848 1585 1984 1642 locis
2006 1600 2157 1640 com-

583 1683 811 1738 mentati
851 1683 1046 1746 simus,
1076 1681 1383 1751 legentibus
1411 1680 1697 1750 explorare
1736 1693 1903 1748 supra
1951 1676 2153 1732 licebit.

2249 663 2349 717 καὶ
2378 657 2696 731 δρᾶκοντα,
2736 656 2923 727 σαφῶς
2959 652 3058 726 τὴν
3082 653 3213 706 ’κατ’
3242 648 3405 704 αὑτοῦ
3442 647 3533 701 τοῦ
3573 646 3768 702 διαϐόλου

2251 755 2347 809 καὶ
2389 753 2498 807 τῶν
2541 750 2789 821 ἀγγέλων
2822 746 2988 802 αὑτοῦ
3033 745 3189 815 νίκην
3234 741 3329 797 τοῦ
3373 740 3610 811 Σωτῆρος
3650 757 3774 811 παρι-

2254 845 2484 901 στῶντα.
2529 844 2606 898 Οὑ
2647 843 2756 915 γὰρ
2794 839 3046 894 ἐϐούλετο
3091 837 3180 890 τὸν
3224 834 3345 889 καθ⁹
3372 830 3570 887 ’ἑαυτοῦ
3602 830 3775 903 ἔλεγχον

2254 938 2669 1013 παρατίθεσθαι.
2694 937 2758 989 Εἰ
2791 934 2849 988 δὲ
2872 932 2948 1005 μὴ
2968 931 3063 1004 τὴν
3083 930 3204 1003 (sic)
3226 925 3402 998 ἐαυτῷ
3419 925 3777 994 συνέσεωςχρῆν

2258 1029 2706 1100 ἐπιλογίσασθαι,
2740 1028 2816 1092 ὡς
2859 1026 2958 1079 οὑκ
2997 1019 3066 1095 ἦν
3102 1021 3210 1075 ’τοῦ
3263 1017 3429 1073 αὑτοῦ
3468 1017 3527 1070 τὸ
3569 1014 3778 1069 δύνασθαι

2261 1120 2561 1175 ἐπιϐαίνειν
2609 1119 2705 1174 καὶ⁵
2735 1118 3069 1172 καταπατεῖν
3095 1114 3195 1178 τὰς
3231 1110 3485 1171 τοιαύτας
3512 1106 3781 1178 ἀρχοντικάς

2256 1211 2541 1283 δυνάμεις,
2582 1211 2677 1264 καὶ
2711 1208 2789 1281 μὴ
2816 1207 3182 1280 προσκόπτειν
3206 1202 3355 1276 ’πρὸς
3383 1200 3526 1254 λίθον
3558 1197 3639 1249 τὸν
3663 1195 3782 1255 πόδα,

2263 1305 2338 1369 ὡς
2378 1288 2584 1359 δεῖσθαι
2630 1301 2880 1372 φυλακῆς
2921 1297 3169 1369 ἀγγέλων
3223 1296 3318 1350 καὶ⁸
3375 1291 3634 1365 βοηθείας.
3679 1287 3785 1340 Ἀλλ’

2263 1400 2470 1462 ἐκεῖνος
2500 1397 2601 1469 μὲν
2625 1397 2684 1450 οὑ
2721 1395 2922 1458 συνιεὶς
2948 1392 3215 1464 κέχρηται
3243 1391 3309 1460 τῇ
3340 1386 3452 1442 ἀπὸ
3483 1381 3787 1456 προκειμένης

2263 1491 2601 1565 προφητείας
2655 1492 2830 1562 φωνῇ,
2875 1487 2965 1541 διὰ
3011 1486 3072 1540 τὸ
3118 1483 3191 1538 τὰ
3237 1480 3403 1535 λοιπά
3444 1474 3787 1548 συνεωρακέναι

2263 1584 2669 1657 πεπληρωμένα
2697 1584 2779 1647 είς
2802 1579 2991 1636 αὐτόν’
3017 1580 3046 1632 ὁ
3085 1576 3140 1631 δὲ
3173 1574 3365 1646 Σωτὴρ
3389 1573 3491 1626 οὑκ
3519 1568 3788 1640 ἀπαρνεῖται

2269 1678 2366 1751 ρζὲν
2398 1677 2459 1733 τὸ
2501 1679 2630 1750 περὶ
2656 1675 2820 1731 αὑτοῦ
2863 1671 3115 1747 εἰρῆσθαι
3142 1671 3204 1725 τὸ
3233 1669 3415 1739 λόγιον
3434 1683 3448 1696 ⁵
3492 1664 3562 1737 μὴ
3591 1661 3789 1716 συνιέντα

578 1774 639 1827 δὲ
671 1772 808 1826 αὑτὸ
829 1772 920 1826 τὸν
950 1771 1212 1835 διάϐολον,
1236 1768 1427 1841 ἀφίησι
1458 1769 1776 1841 καταλλήλῳ
1810 1770 2154 1842 χρησάμενος
2190 1773 2256 1841 τῇ
2288 1770 2424 1842 πρὸς
2453 1770 2615 1824 αὑτὸν
2645 1766 2956 1840 ἀποκρίσει.
2998 1765 3190 1836 Ἡμεῖς
3236 1761 3317 1825 δὲ,
3350 1762 3418 1831 τῇ
3470 1755 3624 1813 αὑτοῦ
3652 1754 3790 1825 χάριτι

582 1863 677 1917 τοῦ
720 1862 970 1934 Σωτῆρος
1007 1862 1186 1934 ἡμῶν,
1241 1861 1389 1924 ὅπως
1443 1860 1510 1915 τά
1582 1859 1725 1915 κατὰ
1779 1861 1903 1924 τοὺς
1954 1861 2148 1924 τόπους
2200 1860 2654 1933 τεθεωρηκαμεν,
2699 1858 2986 1931 πρόκειται
3023 1856 3137 1919 τοῖς
3182 1852 3594 1924 ἐντυγχάνουσιν
3633 1850 3688 1902 ὲκ
3713 1846 3793 1903 τῶν

584 1956 891 2030 εἰρημένων
921 1954 1316 2025 διαγινώσκειν.

657 2072 824 2128 Vrsas.
850 2071 1059 2135 15,14.
1089 2070 1259 2142 Super
1294 2072 1530 2142 aspidem
1557 2083 1606 2127 et
1637 2072 1945 2128 basiliscum
1970 2073 2165 2127 ωηίηι-

2353 2063 2473 2122 ‘Eet’
2500 2065 2734 2124 ἀσπίδα
2755 2064 2854 2119 καί
2880 2063 3259 2129 ,ϐασιλίσκω
3298 2059 3579 2130 ἐπιϐἠσῃ,
3616 2059 3698 2113 καί
3721 2077 3796 2114 za-

585 2166 745 2231 labis,
776 2172 827 2219 et
870 2164 1205 2219 conculcabis
1240 2164 1441 2219 leonem
1482 2176 1532 2220 et
1574 2165 1880 2221 draconem.
1907 2166 2172 2234 Quoniam

585 2259 644 2314 in
674 2275 754 2314 me
777 2257 1025 2326 speravit,
1057 2266 1107 2311 et
1136 2256 1367 2312 liberabo
1390 2274 1539 2322 eum;
1566 2269 1834 2329 protegam
1877 2276 2017 2326 eum,
2046 2246 2175 2329 quo-4

586 2351 733 2405 niam
749 2349 986 2419 cognovit
1008 2364 1201 2403 nomen
1217 2365 1408 2405 meum.
1427 2347 1693 2405 Clamabit
1714 2349 1783 2403 ad
1810 2366 1909 2418 me,
1933 2360 1981 2406 et
2006 2367 2174 2406 exau-

587 2445 736 2499 diam
774 2459 916 2506 eum,
949 2458 1068 2496 cum
1100 2442 1215 2513 ipso
1259 2458 1378 2497 sum
1427 2443 1482 2497 in
1533 2441 1873 2498 tribulatione
1902 2458 1920 2496 :
1952 2445 2175 2512 eripiam

560 2553 707 2596 eum
743 2545 795 2592 et
838 2535 1148 2608 gloriﬁcaba
1182 2534 1706 2607 eum-Longitudine
1737 2536 1941 2592 dierum
1968 2535 2174 2605 replebo

568 2647 729 2698 eum,
756 2639 808 2686 et
836 2629 1112 2686 ostendam
1140 2629 1228 2684 illi
1251 2629 1490 2685 salutare
1513 2646 1714 2685 meum.
1745 2629 1877 2696 Qua:
1901 2631 1968 2685 ad
1994 2632 2178 2687 taber-

589 2723 851 2779 naculum
897 2723 1219 2794 spectabant
1278 2723 1488 2794 angelis
1539 2723 1936 2786 committebat,
1977 2732 2037 2777 ut
2083 2739 2177 2780 su-

500 2850 505 2853 τ
569 2830 690 2887 ’ριἰι
727 2815 988 2879 diximus,
1017 2814 1354 2886 explicantes
1393 2829 1504 2885 quo
1524 2823 1687 2885 pacto
1713 2816 1892 2885 angeli
1916 2824 2178 2870 tueantur

589 2913 647 2960 et
672 2904 984 2961 custodiant
1004 2905 1180 2960 virum
1203 2903 1259 2958 iu
1290 2902 1513 2959 Christo
1531 2904 1859 2975 perfectum,
1885 2920 1985 2959 seu
2010 2906 2176 2959 etiam

569 2996 895 3053 r-Ecclesiam
944 2996 1098 3066 ejus;
1130 3002 1224 3050 aut
1276 3010 1500 3051 carnem
1542 3012 1651 3066 qua
1687 2997 2039 3052 instrumenti
2089 2999 2179 3052 in-

592 3096 708 3143 star
734 3102 835 3159 pro
874 3088 1157 3142 hominum
1188 3087 1368 3143 salute
1394 3103 1531 3143 usus
1557 3097 1663 3144 est.
1689 3086 1814 3142 Haec
1842 3088 2179 3159 quippe,~ut-

573 3185 721 3250 pote
766 3179 979 3233 minora
1025 3178 1353 3250 vilioraque,
1402 3179 1610 3249 angelis
1658 3178 1956 3234 commissa
2015 3188 2176 3247 sunt;

591 3271 805 3336 eadem,
834 3270 1095 3336 arbitror,
1126 3270 1367 3334 ratione,
1393 3285 1503 3340 qua
1534 3270 1806 3341 quispiam
1831 3270 2051 3327 famulis
2073 3272 2180 3326 cal-

595 3378 821 3418 ceorum
852 3373 947 3418 aut
973 3363 1161 3417 vilium
1197 3362 1425 3433 perinde
1473 3377 1659 3419 rerum
1704 3378 1893 3418 curam
1924 3373 1978 3419 et
2017 3365 2180 3419 mini-

2274 2161 2640 2228 ταπατήσεις
2682 2158 2905 2214 λέοντα
2951 2157 3051 2211 καὶ
3086 2155 3409 2226 δράκοντα.
3454 2156 3570 2207 Ὅτι
3608 2153 3687 2207 ἐπ’
3721 2153 3796 2223 ἐμὲ

2274 2256 2521 2326 ἤλπισε,
2554 2252 2655 2308 καί
2669 2253 2934 2322 ῥύσομαι
2964 2250 3180 2304 αὐτόν·
3216 2246 3509 2302 σκεπάσω
3534 2246 3711 2311 αὐτὸν,
3733 2245 3796 2299 ὅτι

2273 2349 2426 2419 ἔγνω
2472 2345 2539 2401 τὸ
2592 2343 2780 2414 ὄνομά
2827 2360 2968 2413 μου.
3021 2339 3385 2409 Κεκράξεται
3429 2338 3575 2407 πρὸς
3612 2337 3696 2407 μέ,
3726 2337 3796 2391 καί

2273 2439 2684 2509 ἐπακούσομαι
2723 2435 2933 2499 αὑτοῦ,
2968 2434 3098 2505 μετ’
3140 2430 3332 2488 αὐτοῦ
3371 2434 3491 2503 εἰμι
3524 2432 3588 2484 ἐν
3614 2431 3796 2499 θλίψει·

2273 2532 2595 2601 ἐξελοῦμαι
2623 2528 2830 2596 αὐτὸν,
2864 2527 2965 2582 καί
2997 2525 3239 2592 δοξάσω
3267 2526 3479 2581 αὐτόν.
3512 2523 3799 2591 Μακρότητα

2275 2618 2513 2691 ἡμερῶν
2542 2618 2836 2690 ἐμπλήσω
2861 2616 3071 2685 αὑτὸν,
3101 2616 3201 2671 καί
3241 2614 3422 2681 δείξω
3454 2613 3607 2681 αὐτῷ
3636 2613 3692 2667 τὸ
3716 2628 3800 2667 au-

2277 2712 2484 2783 τήριόν
2511 2730 2652 2782 μου.
2688 2709 2768 2765 Τά
2811 2710 2909 2782 μὲν
2943 2710 3073 2783 περὶ
3099 2709 3194 2763 τοῦ
3225 2707 3585 2781 σκηνώματος
3608 2705 3801 2776 ἀγγέλοις

2278 2805 2603 2868 ἐνετέλλετο,
2621 2804 2766 2859 κατὰ
2779 2803 2850 2858 τὰ
2871 2802 3337 2875 προαποδοθέντα,
3360 2803 3512 2867 ὅπως
3526 2800 3717 2871 ἄγγελοι
3730 2817 3801 2870 τη-

2282 2898 2599 2971 μελ.ὦσικα“ι
2623 2896 2935 2967 φυλάττωσι
2970 2895 3063 2949 τοῦ
3102 2897 3162 2949 ὲν
3184 2894 3411 2969 Χριστῷ
3447 2891 3801 2964 τετελειωμένον

2278 2991 2490 3064 ἀνδρὸς,
2509 2990 2543 3062 ἢ
2560 2991 2763 3062 καὶτῆς
2791 2988 3121 3060 Ἐκκλησίας
3141 2987 3332 3067 αὑτοῦ,
3352 2987 3502 3060 ἦνκαὶ
3522 2987 3617 3059 τῆς
3634 2983 3801 3057 σαρκὸς,

2278 3078 2313 3159 ᾖ
2327 3082 2560 3156 κέχρητο
2569 3083 2724 3154 δίκην
2735 3082 2967 3154 ὀργάνου
2980 3082 3124 3151 ὑπὲρ
3139 3081 3238 3150 τῆς
3253 3078 3557 3152 ἀνθρώπων
3570 3076 3802 3147 σωτηρίας.

2280 3175 2463 3229 Ταῦτα
2496 3173 2606 3247 γὰρ
2636 3174 2714 3239 ὡς
2744 3172 3055 3245 βραχύτερα
3084 3172 3182 3226 καὶ
3228 3170 3585 3243 εὐτελέστερα
3609 3167 3803 3239 ἀγγέλοις

2278 3269 2672 3340 ἐπετέτραπτο·
2693 3267 2787 3321 καὶ
2797 3264 2952 3338 οἶμαι
2966 3267 3073 3330 ὅτι,
3088 3266 3163 3331 ὡς
3180 3266 3243 3320 ἄν
3271 3282 3359 3329 τις
3384 3266 3614 3328 οἰκέταις
3637 3262 3804 3334 ἐπιτρέ-

2277 3360 2429 3432 ψειεν
2468 3360 2832 3432 ὑποδημάτων
2857 3358 3157 3421 διακονίαν,
3186 3357 3219 3429 ἦ
3253 3357 3432 3412 ἄλλων
3467 3355 3618 3410 τινῶν
3643 3354 3804 3408 εὐτελε-

596 3454 825 3511 sterium
857 3452 1056 3522 tradit;
1088 3454 1170 3510 sic
1205 3469 1548 3525 quaecunque
1578 3455 1796 3510 modica
1824 3464 1879 3511 et
1912 3471 2175 3526 corporea

2284 3454 2488 3524 στέρων
2536 3451 2861 3523 ὑπηρεσίαν,
2886 3451 3059 3515 οὕτως
3085 3451 3188 3504 ὅσα
3232 3449 3409 3521 μικρὰ
3459 3449 3549 3503 καὶ
3580 3443 3803 3517 σωματικά

597 3561 696 3617 per
718 3545 1017 3601 Salvatoris
1049 3546 1223 3602 nostri
1244 3561 1465 3602 carnem
1489 3546 1883 3613 elﬁciebantur,
1920 3563 1983 3603 ea
2016 3562 2183 3617 ange-

596 3638 776 3692 lorum
801 3652 946 3692 cura:
969 3637 1475 3706 committebantur,
1504 3639 1600 3710 qui
1627 3639 2018 3696 ministrabant
2041 3641 2179 3710 ipsi:

597 3728 667 3784 de
692 3727 894 3799 quibus
922 3728 1134 3800 angelis
1162 3728 1278 3783 haec
1328 3729 1656 3785 testiﬁcatur
1704 3728 1984 3800 Evangelii
2033 3728 2184 3785 Scri-

600 3828 761 3892 ptura
774 3819 964 3877 dicens
981 3839 994 3875 :
1009 3822 1357 3876 Accesserant
1381 3821 1575 3893 angeli,
1593 3832 1644 3877 et
1658 3822 2033 3876 ministrabant
2049 3821 2099 3876 ei
2113 3822 2180 3877 ".

600 3910 1006 3967 Pratstabiliora
1037 3921 1240 3977 autem,
1291 3912 1499 3982 majora
1529 3920 1584 3968 et
1616 3911 1832 3977 altiora,
1863 3927 1974 3968 non
2020 3928 2186 3983 ange-

601 4004 692 4071 lis,
724 4005 819 4060 sed
848 4005 950 4074 ipsi
992 4002 1264 4060 Salvatori
1316 4005 1560 4061 ascribit.
1593 4003 1854 4071 Quaenam
1910 4004 2002 4060 illa
2048 4006 2181 4070 sint,

602 4097 859 4168 superius
915 4105 1407 4152 eommonstratum
1460 4106 1573 4165 est;
1628 4098 1771 4152 inter
1826 4098 1944 4153 haec
2000 4106 2184 4155 autem

602 4183 737 4244 illud
758 4196 899 4256 erat,
934 4188 1136 4244 Cadent
1167 4206 1200 4243 a
1232 4190 1396 4245 latere
1426 4201 1516 4245 tuo
1547 4191 1710 4255 mille,
1746 4201 1797 4248 et
1837 4192 2014 4246 decem
2062 4192 2187 4245 mil—

603 4281 680 4335 lia
726 4297 760 4334 a
805 4280 1007 4335 dextris
1040 4280 1261 4336 tuis..ln
1297 4282 1407 4338 line
1444 4299 1571 4338 vero
1611 4286 1853 4340 omnium
1885 4284 2185 4341 Salvatoris

604 4374 779 4429 nostri
807 4374 1038 4430 victoria
1066 4375 1133 4430 de
1175 4376 1435 4431 omnibus
1470 4388 1745 4447 reportata
1790 4388 2066 4449 postrema
2098 4393 2186 4433 re-

604 4472 861 4520 eensetur
908 4464 994 4519 bis
1045 4467 1247 4530 verbis,
1291 4466 1459 4536 Super
1494 4470 1727 4537 aspidem
1772 4480 1823 4524 et
1878 4470 2184 4524 basiliscum

606 4552 924 4619 ambulabis,
956 4566 1005 4609 et
1035 4556 1367 4611 conculcabis
1420 4557 1619 4612 leonem
1662 4569 1711 4613 et
1750 4560 2053 4617 draconem.
2088 4560 2185 4617 His

605 4661 771 4715 porro
814 4646 1111 4717 signiﬁcari
1157 4649 1371 4703 testium
1430 4652 1795 4722 principatus,
1861 4660 2183 4722 potestates,

606 4734 797 4790 mundi
836 4745 1080 4792 rectores
1114 4745 1169 4793 et
1209 4740 1514 4809 spiritualia
1542 4741 1817 4811 nequitiae.
1849 4742 2024 4812 Super
2070 4742 2186 4797 bam

2285 3545 2375 3599 διὰ
2412 3546 2514 3616 τῆς
2543 3545 2637 3598 τοῦ
2686 3543 2940 3615 Σωτῆρος
2977 3541 3136 3613 ἡμῶν
3169 3541 3461 3613 ἐνηργεῖτο
3503 3534 3804 3612 σαρκὸς,τού-

2287 3654 2396 3691 των
2450 3637 2718 3710 ὑπηρέται
2769 3636 3096 3691 καθίσταντο
3147 3634 3394 3705 ἄγγελοι,
3446 3636 3539 3689 καὶ
3588 3631 3805 3703 διηκόνουν

2287 3729 2438 3800 αὑτῷ
2460 3746 2474 3760 ·
2515 3728 2644 3800 περὶ
2674 3721 2748 3783 ὧν
2777 3729 2870 3782 καὶ
2894 3730 2927 3799 ἡ
2953 3727 3046 3781 τοῦ
3075 3726 3417 3797 Εὑαγγελίου
3450 3723 3624 3798 γραφὴ
3651 3736 3806 3794 μαρτν-

2292 3824 2377 3895 ρεί
2415 3821 2670 3891 λέγουσα,
2709 3821 2791 3874 ὅτι
2822 3818 3180 3888 Προσῆλθον
3226 3818 3493 3889 ἄγγελοι,
3527 3817 3615 3871 καὶ
3654 3812 3805 3881 διηκό-

2288 3931 2441 3970 νουν
2472 3912 2650 3980 αὐτῷ.
2685 3912 2766 3967 Τὰ
2796 3913 2853 3966 δὲ
2896 3910 3328 3983 προύργιαίτερα
3378 3912 3473 3965 καὶ
3518 3907 3710 3981 μείζονα
3740 3903 3805 3957 καὶ

2291 4006 2598 4079 ὑψηλότερα
2643 4005 2826 4059 οὐκέτι
2864 4003 3137 4072 ἀγγέλοις,
3185 4003 3300 4057 ἀλλ’
3348 4002 3498 4073 αὑτῷ
3537 4001 3609 4071 τῷ
3648 3997 3805 4066 Σωτῆρι

2290 4100 2597 4172 ἀνατίθησι.
2625 4099 2760 4153 Τίνα
2797 4098 2855 4151 δὲ
2885 4093 2953 4169 ἦν
2978 4096 3174 4161 ταῦτα,
3204 4096 3502 4168 δεδήλωται
3527 4093 3608 4149 διὰ
3631 4091 3719 4145 τῶν
3737 4088 3806 4157 ἔμ-

2288 4193 2528 4267 προσθεν
2552 4210 2566 4224 ·
2599 4194 2656 4247 ὲν
2706 4186 2788 4257 οἷς
2817 4186 2886 4262 ἦν
2923 4191 3017 4245 καὶ
3049 4191 3130 4254 τὸ,
3165 4189 3445 4244 Πεσεῖται
3484 4188 3551 4241 ἐκ
3585 4184 3678 4240 τοῦ
3709 4179 3805 4234 κλί-

2291 4305 2433 4354 τους
2469 4303 2585 4342 σου
2626 4286 2823 4354 χιλιὰς
2861 4285 2961 4340 καί
2990 4284 3209 4355 μυριὰς
3244 4286 3313 4337 ἐκ
3342 4281 3463 4337 τῶν
3491 4278 3683 4346 δεξιῶν
3705 4289 3804 4329 σου.

2292 4381 2458 4445 Τέλος
2491 4380 2548 4435 δὲ
2590 4380 2808 4433 πάντων
2843 4380 2940 4433 καὶ
2982 4377 3187 4449 ὑστάτη
3214 4377 3358 4431 κατὰ
3390 4375 3601 4429 πάντων
3623 4368 3701 4424 τοῦ
3726 4367 3805 4419 m-

2290 4474 2456 4545 τῆρος
2479 4471 2637 4544 ἡμῶν
2686 4471 2812 4542 νίκη
2855 4470 3187 4540 παρίσταται
3227 4469 3315 4523 διὰ
3341 4467 3460 4534 τοῦ,
3499 4456 3804 4519 Ἐπ’ὰσπίδα

2292 4567 2391 4620 καί
2417 4566 2793 4631 βασιλίσκω·
2824 4561 3083 4634 ἐπιϐήσῃ
3113 4563 3210 4617 καὶ
3253 4558 3678 4625 καταπατήσας
3705 4547 3805 4619 δρά-

2292 4674 2477 4712 κοντα
2504 4658 2603 4711 καὶ
2628 4655 2867 4710 λέοντα.
2912 4653 3214 4727 Δηλοῦσθαι
3253 4652 3313 4707 δὲ
3358 4652 3446 4706 διὰ
3477 4650 3663 4705 τούτων
3684 4638 3804 4714 inv}-

2297 4765 2394 4821 μαι
2430 4747 2605 4820 ἀρχὰς
2636 4748 2732 4801 καὶ
2762 4746 3010 4815 ἐξουσίας
3051 4748 3146 4801 καὶ
3186 4743 3641 4817 κοσμοκράτορας,
3661 4736 3736 4792 καὶ
3755 4729 3803 4821 si

605 4830 791 4881 autem
847 4825 1149 4893 ambulare,
1176 4837 1231 4885 et
1264 4838 1344 4885 tot
1394 4831 1539 4888 feras
1575 4832 1777 4889 divinis
1811 4833 2033 4888 virtutis
2078 4849 2175 4889 sua

2296 4820 2643 4910 πνευματικὰ
2688 4839 2785 4909 τῆς
2823 4839 3109 4910 πονηρίας.
3140 4837 3379 4900 Ταύταις
3422 4836 3519 4907 μὲν
3542 4829 3626 4886 οὖν
3649 4820 3803 4881 ἐπιϐεί-

604 4917 891 4989 gressibus
931 4922 1259 4978 conculcare
1290 4924 1489 4980 dicitur
1527 4927 1645 4996 ipse
1697 4923 1974 4980 Servator.
2031 4925 2188 4992 Quod

605 5025 737 5065 vero
770 5011 825 5065 in
853 5010 1006 5067 nullo
1027 5012 1288 5078 olfendat,
1326 5031 1426 5072 nec
1454 5018 1731 5088 quidpiam
1755 5017 2036 5089 corporeis
2067 5019 2189 5088 ejus

606 5103 1020 5173 operationibus
1068 5108 1456 5178 impedimento
1510 5111 1605 5175 sit,
1637 5112 1691 5166 id
1736 5115 2053 5183 angelorum
2086 5113 2192 5165 mi-

612 5197 852 5253 nisterio
900 5201 1273 5256 concreditum
1314 5214 1413 5258 est.
1454 5201 1559 5259 Sed
1610 5204 2071 5275 quemadmodum
2123 5204 2192 5260 de

611 5304 876 5362 corporeo
941 5292 1062 5362 ejus
1109 5294 1463 5349 tabernaculo
1519 5296 1823 5365 dicebatur,
1888 5296 2190 5368 Flagellum

612 5393 714 5432 non
769 5379 1205 5450 appropinquabit
1265 5381 1603 5438 tabernaculo
1675 5395 1784 5450 tuo,
1832 5394 1887 5442 et
1941 5387 2061 5458 ejus
2108 5388 2189 5442 rei

613 5482 779 5524 causa
807 5471 921 5525 haec
957 5470 1337 5541 adjiciebatur.
1369 5474 1633 5541 Quoniam
1665 5479 1865 5549 angelis
1896 5481 2007 5534 suis
2036 5496 2192 5534 man-

614 5558 760 5616 dabit
787 5560 852 5617 de
883 5573 965 5627 te;
989 5564 1065 5618 ita
1094 5571 1149 5620 et
1176 5581 1322 5620 nunc
1355 5575 1478 5637 post
1503 5568 1658 5635 illud,
1683 5569 1853 5639 Super
1880 5572 2115 5641 aspidem
2141 5583 2192 5627 et

615 5650 915 5706 basiliscum
938 5654 1255 5725 ambulabis,
1279 5667 1327 5714 et
1350 5657 1680 5717 conculcabis
1705 5660 1901 5717 leonem
1928 5673 1975 5718 et
2004 5663 2196 5718 draco-

682 5808 729 5839 ο·
769 5807 934 5864 Matth
986 5824 1060 5878 ιν,
1098 5813 1182 5869 u.

2296 4947 2430 4997 νειν,
2457 4930 2554 4987 καὶ
2578 4929 2648 4984 τὰ
2676 4928 2915 4984 τοσαῦτα
2948 4928 3113 5002 θηρία
3152 4930 3486 4983 καταπατεῖν
3514 4926 3617 4987 τοῖς
3648 4914 3802 4974 θειοτέ-

2296 5040 2411 5095 ροις
2440 5022 2540 5095 τῆς
2563 5021 2747 5077 ἐνθέου
2773 5022 3054 5093 δυνάμεως
3085 5020 3249 5076 αὑτοῦ
3285 5019 3599 5092 βαδίσμασιν
3626 5009 3755 5070 αὐτὸς
3781 5005 3802 5056 δ

2293 5114 2485 5188 Σωτὴρ
2516 5116 2762 5184 λέγεταιο
2796 5115 2858 5168 τὸ
2897 5114 2955 5168 δὲ
3000 5115 3059 5167 ὲν
3095 5113 3284 5185 μηδενὶ
3326 5112 3683 5187 προσκόπτειν,
3712 5096 3801 5173 μηδ’

2293 5205 2544 5279 ἐμποδὼν
2587 5205 2833 5276 γίνεσθαί
2873 5222 2997 5259 τινα
3045 5208 3166 5269 ταῖς
3199 5202 3657 5276 σωματικωτέραις
3686 5196 3799 5279 ἐνερς

2293 5275 2469 5368 γείαις
2496 5297 2682 5363 αὑτοῦ,
2712 5297 2932 5369 ἄγγελοι
2957 5297 3057 5369 τὴν
3089 5275 3365 5352 διακονίαν
3388 5293 3673 5366 εἰλήφεσαν.
3696 5275 3797 5336 Ἀλλ’

2297 5389 2486 5463 ὥσπερ
2517 5390 2610 5443 ἐπὶ
2653 5389 2748 5444 τοῦ
2793 5388 3106 5462 σωματικοῦ
3153 5386 3506 5460 σκηνώματος
3544 5378 3686 5438 αὑτοῦ
3716 5369 3779 5427 ἑλέ

2298 5497 2446 5550 γετο,
2487 5477 2724 5545 Μάστιξ
2750 5480 2862 5537 οὐκ
2905 5479 3086 5552 eme:
3115 5479 3188 5534 ἐν
3225 5477 3305 5545 τῷ
3347 5469 3664 5546 σκηνώματι
3694 5476 3793 5538 σου.

2300 5573 2395 5626 καὶ
2423 5572 2484 5625 τὸ
2512 5571 2684 5627 αἴτιον
2724 5574 2964 5644 ἐπήγετο
2991 5571 3082 5626 διά
3124 5570 3242 5637 τοῦ,
3276 5571 3393 5625 Ὅτι
3428 5567 3548 5634 τοῖς
3583 5558 3797 5644 ἀπέλα(

2300 5662 2487 5719 αὑτοῦ
2518 5643 2839 5719 ἐντελεῖται
2868 5661 3003 5735 περὶ
3034 5662 3179 5719 σοῦ·
3210 5661 3352 5719 οὕτω
3379 5660 3471 5718 καὶ
3500 5659 3586 5716 νῦν
3606 5648 3717 5728 μετὰ
3732 5643 3794 5707 “Pb:
