3972 6812
81 373 108 426 l
142 375 304 432 165
1370 374 1870 429 COMMENTARM
1914 373 1977 427 IN
2017 374 2351 431 PSALMOS.
3316 370 3453 426 1166

88 490 296 544 ἐἶπ’
336 489 606 545 ἀσπίδα
637 489 730 542 καί
755 491 1125 554 βασιλίσκον
1154 489 1435 558 ἐπιϐήσῃ,
1469 493 1566 546 καὶ
1599 510 1656 545 xc

1886 510 2020 556 nem,
2085 509 2250 548 causa
2323 509 2543 550 rursum
2608 493 2845 556 additur,
2907 505 3025 561 qua
3074 505 3188 546 rem
3236 506 3345 545 non
3389 490 3454 546 ad

82 583 507 652 πατήσεις
533 580 829 649 δράκοντα
852 583 949 637 καὶ
970 582 1208 643 λέοντα,
1241 573 1402 634 πάλιν
1429 585 1462 653 ἠ
1490 584 1638 638 αἰτία

1889 583 2112 647 angelos
2139 583 2358 648 referat,
2384 584 2480 640 sed
2507 583 2573 638 ad
2599 585 2776 654 ipsum
2807 583 3169 644 Altissimum,
3193 598 3258 636 ex
3299 583 3457 650 cujus

82 673 447 743 λέγεται,
491 674 590 726 οὐκ
622 675 708 727 ἐπ’
734 675 999 744 ἀγγέλους
1033 674 1398 746 ἀναφέρουσα,
1429 674 1543 728 ἀλλ’
1569 677 1650 728 ὲπ¹

1889 687 2119 741 persona
2147 671 2369 737 dicitur,
2390 673 2651 738 Quoniam
2681 676 2734 728 in
2766 689 2842 726 me
2865 674 3112 743 speravit,
3153 680 3200 726 et
3225 671 3456 727 liberabo

93 766 240 819 τὸν
273 767 396 819 τὸν
437 765 728 835 ’λ’ψιστον,
753 759 815 820 οὗ
842 769 906 822 ὲκ
939 765 1226 838 προσώπου
1253 765 1521 830 λέλεκται,
1553 768 1661 821 Ὀτι

1892 779 2024 817 eum.
2040 762 2321 829 Quomodo
2339 764 2393 818 in
2412 765 2530 835 ipso
2546 765 2860 834 speraverit,
2879 765 2993 833 jam
3023 763 3309 834 Scriptura
3329 763 3460 818 edc-

95 856 266 924 ἐμὲ
309 857 596 925 ἤλπισε.
622 856 721 910 καὶ
747 859 1009 926 ῥύσομαι
1039 856 1245 910 αὐτόν.
1270 857 1394 920 Πῶς
1426 858 1483 911 δὲ
1514 859 1599 910 ἐπ’
1626 875 1659 910 α

1889 871 2012 909 cere
2034 857 2320 926 occupavit
2350 858 2436 912 his
2482 858 2663 912 verbis
2690 876 2704 910 :
2736 857 2840 922 Qui
2865 856 3069 910 habitat
3105 857 3159 909 in
3190 855 3457 925 adjutorio

103 949 414 1018 ἤλπισε,
456 948 747 1020 προλαϐὼν
779 949 1010 1015 ἐδίδαξεν
1037 951 1066 1002 ὁ
1098 948 1254 1016 λόγος
1281 948 1448 1002 εἰπών
1472 966 1485 979 ο
1523 950 1576 1002 '0
1602 966 1671 1004 κα

1888 948 2174 1011 Altissimi,
2211 958 2264 1004 et
2297 969 2311 1005 :
2347 951 2497 1004 Dicet
2530 949 2755 1004 Domino
2791 948 3118 1018 :Susceptor
3141 966 3283 1003 meus
3317 966 3370 1004 es
3403 960 3456 1002 tu

105 1039 294 1094 κῶν
325 1041 418 1094 ἐν
449 1041 708 1109 βοηθείᾳ
745 1041 850 1094 τοῦ
891 1041 1174 1109 Ὑψίστου
1193 1058 1207 1072 ο
1238 1042 1354 1105 καὶ,
1392 1039 1544 1109 Ἐρεῖ
1565 1041 1643 1107 τῷ
1670 1087 1673 1094 .

1887 1048 1936 1092 ει
1967 1039 2224 1110 refugium
2262 1058 2455 1107 meum,
2499 1041 2640 1095 Deus
2680 1057 2846 1104 meus,
2875 1049 2926 1094 et
2962 1039 3181 1107 sperabo
3210 1041 3264 1092 in
3314 1055 3453 1093 eum.

109 1131 306 1197 ρίῳ·
362 1130 782 1200 Ἁντιλήπτωρ
822 1148 942 1200 μου
989 1128 1062 1197 εἷ,
1098 1131 1196 1185 καὶ
1241 1131 1551 1201 καταφυγή
1579 1149 1677 1200 μοι

1889 1128 2260 1200 Triumphalis
2291 1132 2473 1201 itaque
2525 1141 2579 1186 et
2631 1138 2907 1199 postrema
2959 1131 3126 1194 actio,
3161 1145 3282 1200 quae
3331 1139 3454 1198 post

119 1224 325 1288 Θεός
364 1239 532 1291 μου,
573 1222 670 1275 καί
709 1222 896 1275 ἑλπιῶ
921 1223 1014 1276 ἐπ’
1056 1223 1262 1276 αὐτόν.
1298 1223 1365 1276 Ἠ
1409 1222 1586 1275 τοίνυν
1612 1224 1682 1274 ἐπ

1888 1220 1993 1273 alia
2020 1230 2319 1276 memorata
2345 1221 2665 1286 Salvatoris,
2701 1229 2795 1275 aut
2847 1222 2948 1275 viri
2989 1221 3045 1275 in
3092 1237 3158 1275 eo
3197 1235 3456 1275 consum-

129 1329 299 1377 κιος
337 1313 456 1366 καὶ
487 1312 771 1368 τελευταία
795 1313 993 1386 πρᾶξις
1017 1315 1154 1385 μετὰ
1183 1314 1362 1378 πάσας
1392 1315 1488 1378 τὰς
1519 1331 1697 1386 προκα

1889 1309 2041 1370 mati,
2069 1317 2162 1362 aut
2209 1311 2328 1379 ejus
2388 1309 2614 1380 perfecti
2681 1311 2952 1380 corporis,
3006 1309 3121 1364 sive
3176 1309 3453 1374 Ecclesiae,

119 1402 491 1473 λεχθείσας
522 1403 617 1457 τοῦ
664 1405 911 1476 Σωτῆρος
963 1406 1138 1476 ἡμῶν,
1182 1405 1214 1476 ἢ
1262 1407 1356 1459 καὶ
1397 1405 1490 1458 τοῦ
1536 1407 1594 1459 ὲν
1640 1409 1687 1460 αξ

1889 1411 2038 1469 gesta
2076 1401 2381 1471 signiﬁcata
2411 1402 2466 1456 in
2493 1401 2586 1454 illo
2626 1420 2638 1456 :
2683 1401 2853 1472 Super
2892 1403 3126 1472 aspidem
3168 1413 3217 1455 et
3274 1403 3457 1457 basili-

117 1495 399 1548 τελειου
409 1496 584 1568 μένου
616 1496 830 1569 ἀνδρὸς,
865 1499 898 1568 ἢ
929 1499 1023 1551 καὶ
1051 1498 1145 1551 τοῦ
1177 1497 1341 1552 αὐτοῦ
1377 1498 1580 1551 τελείου
1605 1498 1680 1552 σὼ

1889 1507 2039 1544 scum
2064 1493 2382 1558 ambulabis,
2405 1503 2453 1546 et
2477 1493 2807 1548 conculcabis
2843 1493 3039 1548 leonem
3069 1506 3117 1548 et
3146 1493 3453 1558 draconem;

123 1602 258 1649 τος
309 1586 432 1656 τῆς
471 1585 799 1658 Ἐκκλησίας
828 1587 1014 1652 αὑτοῦ,
1056 1587 1357 1659 δηλωϐεἴσα
1390 1590 1478 1645 διὰ
1505 1589 1621 1654 τοῦ,
1670 1591 1691 1642 'l

1889 1587 2024 1648 tota,
2082 1597 2206 1636 cum
2254 1584 2496 1638 victoria:
2568 1599 2756 1648 causa,
2803 1583 3088 1640 Altissimo
3138 1585 3453 1639 ascribitur.

128 1677 434 1732 ἀσπίδα
465 1677 570 1731 καὶ
591 1677 968 1742 βασιλίσκον
995 1679 1279 1748 ἑπιϐήσῃ,
1322 1682 1422 1734 καὶ
1453 1698 1696 1734 καταπας

1889 1668 2251 1735 Quamobrem
2283 1672 2484 1726 dicitur
2516 1688 2529 1724 :
2563 1673 2826 1739 Quoniam
2883 1674 2936 1727 in
2990 1691 3070 1728 me
3120 1675 3370 1742 speravit,
3403 1683 3457 1729 et

137 1781 316 1835 σεις
369 1766 684 1836 δράκοντα
723 1769 823 1823 καὶ
865 1768 1104 1836 λέοντα,
1144 1771 1244 1842 τὴν
1288 1773 1468 1825 πᾶσαν
1511 1773 1705 1844 ἁναφοε

1892 1761 2122 1816 liberabo
2149 1779 2288 1828 eum,
2317 1765 2563 1833 quoniam
2615 1765 2846 1834 cognovit
2875 1781 3063 1818 nomen
3095 1780 3284 1818 meum.
3321 1763 3456 1818 Cum

141 1859 275 1912 καὶ
301 1859 418 1929 τῆς
456 1858 617 1928 νίκης
641 1858 739 1929 τὴν
769 1858 947 1913 αἰτίαν
971 1860 1063 1912 ἐπὶ
1093 1859 1172 1930 τῷ
1206 1859 1443 1932 ’Υψίστῳ
1477 1843 1709 1933 ἀνατίοῄι

1889 1854 2004 1922 ipso
2039 1870 2153 1908 sum
2191 1856 2243 1907 in
2277 1854 2635 1918 tribulatione,
2659 1856 2878 1923 eripiam
2910 1871 3028 1908 eum
3061 1864 3110 1908 et
3142 1855 3455 1925 gloriﬁcabo

149 1947 271 2000 Διὸ
307 1945 611 2000 λέλεκται’
657 1947 776 2001 Ὅτι
818 1949 914 2002 ἐπ’
944 1949 1050 2018 ἐμὲ
1097 1949 1342 2019 ἤλπισε,
1383 1951 1482 2005 καὶ
1519 1953 1717 2021 ρύσομ

1889 1962 2027 2000 eum.
2070 1947 2192 2001 Alio
2220 1947 2348 2001 item
2387 1961 2549 2004 Sensu
2581 1947 2865 2017 prophetia
2896 1949 3110 2003 videtur
3147 1949 3279 2003 mihi
3312 1951 3453 2008 vati-

152 2038 404 2104 αὐτὸν,
445 2037 539 2092 ὅτι
561 2039 712 2109 ἔγνω
732 2039 796 2094 τὸ
827 2039 1014 2110 ὄνομα
1032 2060 1173 2111 μου.
1200 2043 1340 2096 Μετ’
1369 2043 1554 2098 αὐτοῦ
1579 2046 1720 2112 είμμ

1888 2037 2062 2091 cinari
2098 2053 2314 2092 onmem
2349 2038 2602 2093 humana:
2639 2039 2938 2094 Salvatoris
2971 2041 3145 2096 nostri
3186 2040 3308 2095 vitae
3332 2057 3452 2096 mo-

159 2131 426 2198 θλίψει,
463 2129 784 2200 ἐξελοῦμαι
822 2132 920 2185 καὶ
947 2131 1185 2197 δοξάσω
1210 2135 1414 2187 αὐτόν.
1446 2133 1556 2188 Καί
1591 2152 1680 2205 μοι
1700 2134 1727 2187 δ

1887 2129 2048 2196 dum;
2079 2129 2202 2184 dico
2226 2139 2407 2186 autem
2442 2133 2672 2201 primam
2700 2134 3086 2200 lcntationem;
3125 2133 3272 2187 illam
3301 2135 3452 2201 item,

163 2223 273 2274 κεῖ
333 2220 470 2275 καθ’
521 2221 712 2293 ἑτέραν
764 2222 1004 2277 διάνοιαν
1055 2226 1089 2295 ή
1146 2225 1452 2296 προφητεία
1507 2225 1724 2290 Θεσπίζε

1887 2236 2052 2290 quam
2086 2221 2140 2274 in
2187 2221 2441 2291 passione
2484 2224 2773 2289 sustinuit;
2808 2239 2872 2278 ac
2927 2226 3092 2280 etiam
3121 2241 3263 2293 eam,
3289 2242 3452 2297 quam

167 2313 374 2366 πάντα
427 2311 523 2366 τὸν
559 2313 759 2385 τρόπον
790 2314 884 2368 τοῦ
919 2314 1062 2368 κατὰ
1099 2315 1382 2388 ἄνθρωπον
1409 2315 1524 2386 βίου
1548 2316 1642 2369 τοῦ
1670 2318 1735 2370 Σο

1887 2320 2011 2381 post
2042 2312 2370 2367 solutionem
2424 2315 2673 2384 corporis
2728 2314 2857 2371 fecit
2885 2325 3078 2371 contra
3112 2317 3454 2374 adversarias

165 2404 252 2475 τῆ
259 2419 364 2476 ρος
389 2404 556 2476 ἡμῶν
575 2422 588 2436 ·
615 2404 758 2475 λέγω
780 2405 837 2460 δὲ
858 2405 949 2459 τὸν
972 2405 1187 2478 πρῶτον
1221 2407 1542 2478 πειρασμὸν,
1574 2408 1668 2462 καὶ
1691 2408 1733 2460 τί

1887 2412 2187 2473 potestates
2243 2405 2626 2475 irruptionem.
2660 2405 2726 2460 Et
2783 2407 2898 2462 hazc
2930 2407 3149 2478 quidem
3203 2410 3377 2479 prima
3401 2418 3455 2465 et

173 2494 337 2548 κατὰ
369 2495 434 2549 τὸ
481 2495 672 2561 πάθος,
710 2497 809 2568 τήν
832 2513 891 2550 τε
925 2497 1062 2568 μετὰ
1101 2497 1200 2570 τὴν
1223 2498 1374 2552 λύσιν
1404 2499 1497 2552 τοῦ
1533 2500 1741 2570 σώματί

1886 2492 2158 2568 praecipua
2189 2500 2245 2552 in
2279 2499 2489 2568 psalmo
2535 2507 2663 2555 sunt
2701 2519 2713 2554 :
2749 2500 3042 2570 vulgariori
3075 2509 3256 2555 autem
3303 2516 3454 2556 more

176 2587 284 2639 ἐπὶ
309 2587 419 2650 τὰς
464 2588 848 2660 ἀντικειμένας
889 2588 1148 2661 δυνάμεις
1187 2590 1392 2660 ἔφοδον.
1425 2592 1536 2645 Καὶ
1577 2592 1643 2645 τὰ
1684 2592 1744 2662 μὲ

1887 2589 2101 2644 dicatur
2132 2589 2245 2643 haec
2277 2589 2562 2658 prophetia
2613 2591 2970 2645 tentationem
3025 2591 3081 2645 in
3136 2592 3352 2646 deserto
3377 2594 3455 2646 si-

181 2677 397 2749 πρῶτα
433 2677 532 2732 τοῦ
573 2679 822 2750 ψαλμοῦο
866 2682 1168 2752 κοινότερον
1198 2683 1255 2736 δὲ
1285 2683 1428 2737 οὕτω
1469 2682 1709 2753 λεγέσθω
1747 2704 1749 2712 λ

1887 2681 2167 2752 gniﬁcare,
2203 2697 2308 2751 qua
2352 2690 2598 2737 tentatus
2628 2699 2752 2738 esse
2782 2699 2812 2736 a
2847 2683 3069 2738 diabolo
3117 2693 3374 2738 narratur
3395 2685 3453 2740 in

191 2767 462 2839 παροῦσα
507 2771 807 2842 προφητεία
847 2771 936 2825 τὸν
982 2774 1286 2844 πειρασμὸν
1331 2768 1659 2828 αἰνίττεσθαι
1692 2775 1759 2828 τὸε

1887 2773 2212 2845 Erangelio;
2245 2772 2484 2829 secunda
2515 2789 2662 2836 vero,
2691 2774 2889 2845 quibus
2923 2777 3148 2844 angelos
3172 2775 3290 2844 ejus
3323 2791 3449 2832 cor-

195 2859 297 2911 ὲπὶ
341 2859 446 2928 τῆς
499 2861 728 2932 ἐρήμου,
776 2861 834 2915 ὃν
882 2863 940 2916 ἐν
988 2867 1101 2928 τοῖς
1140 2865 1489 2934 Εὑαγγελίοις
1533 2867 1760 2937 είο-ῆκτα

1887 2865 2006 2935 pori
2051 2865 2396 2920 ministrasse
2450 2863 2798 2931 declaratur,
2823 2864 2940 2934 ejus
2979 2865 3032 2918 in
3081 2865 3314 2920 humana
3341 2866 3449 2920 vita

200 2949 495 3022 πειραθεὶς
534 2951 638 3005 ὑπὸ
677 2953 770 3008 τοῦ
801 2953 1079 3008 διαϐόλουο
1125 2955 1193 3010 τὰ
1233 2957 1288 3010 δὲ
1324 2956 1570 3028 δεύτερα,
1607 2959 1662 3010 ἐν
1702 2951 1768 3020 οἷς

1887 2957 2356 3011 conversationem
2395 2956 2674 3024 indicant;
2709 2956 2866 3012 tertia
2897 2965 3102 3020 autem,
3146 2959 3343 3026 quibus
3367 2958 3450 3013 di-

203 3041 488 3109 ἀγγέλους
503 3042 861 3099 διακονεῖσθαι
894 3045 973 3116 τῷ
998 3047 1163 3100 αὐτοῦ
1198 3047 1410 3117 σώματι
1444 3048 1771 3119 παρέστησεν

1887 3049 2052 3109 citur,
2072 3063 2195 3102 eum
2226 3063 2392 3118 super
2413 3047 2659 3116 aspidem
2687 3055 2742 3101 et
2773 3047 3087 3103 basiliscum
3115 3049 3445 3113 ambulasse,

203 3134 235 3184 ὁ
259 3133 440 3203 λόγος,
468 3136 565 3207 τὴν
593 3135 735 3189 κατὰ
758 3137 846 3191 τὸν
877 3138 1214 3209 ἀνθρώπινον
1247 3140 1359 3211 βίον
1385 3141 1661 3214 διατριϐὴν
1689 3143 1771 3196 αὑ·

1887 3147 1941 3192 et
1963 3137 2318 3193 conculcasse
2371 3138 2579 3193 leonem
2627 3146 2682 3194 et
2732 3139 3048 3202 draconem,
3087 3138 3260 3208 ipsum
3325 3150 3445 3211 post

206 3197 347 3277 τοῦ(
367 3197 436 3278 τά
465 3197 724 3296 δὲ’τρίτα,
759 3227 825 3282 δι’
859 3225 934 3283 ὧν
967 3197 1179 3299 λέγεται
1210 3197 1295 3284 ἐπ’
1326 3197 1524 3286 ἀσπίδα
1549 3197 1641 3286 καλ
1679 3234 1774 3304 βα-

1885 3240 2113 3286 mortem
2148 3230 2216 3286 de
2245 3229 2586 3300 principibus
2615 3230 2904 3300 spiritibus
2926 3230 3211 3286 victoriam
3257 3247 3449 3302 repor-

213 3314 451 3369 σιλίσκον
496 3317 901 3389 ἐπιϐεϐηκέναι,
949 3322 1040 3375 καὶ
1085 3324 1599 3395 καταπεπατηκέναι
1649 3326 1778 3397 δρά-

1884 3333 2032 3379 tasse
2066 3330 2328 3388 narrant;
2363 3331 2486 3391 post
2507 3337 2628 3392 qua:
2659 3322 2840 3376 omnia
2861 3322 3120 3393 adjicitur
3153 3339 3166 3374 :
3210 3322 3451 3392 Eripiunt

214 3421 377 3458 κοντα
411 3407 504 3460 καὶ
547 3405 756 3474 λέοντα,
804 3413 900 3480 τὴν
936 3413 1073 3483 μετὰ
1111 3414 1201 3467 τὸν
1247 3414 1474 3468 Θάνατον
1506 3415 1644 3469 κατὰ
1673 3416 1780 3470 τῶν

1884 3433 2004 3470 eum
2029 3425 2078 3470 et
2106 3414 2418 3486 gloriﬁcabo
2443 3431 2580 3469 eum.
2611 3412 2961 3484 Longitudine
2991 3415 3197 3469 dierum
3217 3411 3225 3419 ”
3244 3414 3449 3484 replebo

216 3496 548 3566 ὰρχοντικῶν
591 3502 912 3572 πνευμάτων
955 3504 1136 3577 νίκην·
1176 3505 1294 3576 μεθ’
1321 3506 1356 3560 ἃ
1391 3508 1567 3562 πάντα
1601 3507 1782 3560 ἐπιλέ-

1887 3523 2026 3570 eum,
2052 3515 2101 3560 et
2123 3504 2395 3559 ostendam
2419 3504 2502 3556 illi
2530 3503 2767 3557 salutare
2805 3519 3012 3569 meum;
3042 3505 3244 3575 quibus
3267 3505 3449 3560 decla-

218 3604 400 3656 γεταιο
465 3591 805 3662 Ἑξελοῦμαι
859 3596 1047 3650 αὐτὸν
1105 3598 1202 3652 καὶ
1247 3597 1490 3664 δοξάσω
1549 3601 1775 3654 αὐτόν*

1885 3605 1969 3650 rat
2001 3595 2120 3663 ejus
2150 3602 2272 3663 post
2293 3594 2503 3648 obitum
2535 3595 2995 3650 resurrectionem
3021 3611 3086 3650 ex
3131 3595 3362 3650 mortuis
3397 3606 3453 3650 et

219 3682 566 3750 Μακρότητα
598 3684 831 3755 ’ἡμερῶν
878 3687 1168 3757 ἐμπλήσω
1215 3691 1422 3754 αὐτὸν,
1467 3691 1566 3744 καί
1605 3689 1780 3755 δείξω

1887 3689 2139 3751 salutem,
2175 3685 2471 3756 longaevam
2499 3693 2554 3739 et
2584 3685 2948 3742 immortalem
2983 3689 3172 3751 vitam,
3209 3688 3449 3744 di\inam

219 3773 374 3840 αὐτῷ
403 3774 467 3829 τὸ
506 3777 804 3847 σωτήριόν
838 3797 981 3850 μου,
1011 3782 1109 3853 τῆς
1143 3784 1279 3854 μετὰ
1320 3783 1412 3838 τὸν
1456 3782 1683 3838 θάνατον
1717 3785 1782 3836 ἐκ

1886 3780 2138 3850 gloriam,
2185 3786 2240 3832 et
2297 3777 2562 3832 honorem
2619 3791 2957 3848 regnumque
3019 3779 3163 3850 apud
3231 3778 3448 3836 Patrem

221 3868 419 3939 νεκρῶν
462 3871 754 3941 σωτηρίας,
801 3872 895 3926 καὶ
931 3873 1030 3944 τῆς
1071 3874 1416 3946 μακραίωνος
1443 3875 1535 3928 καὶ
1576 3873 1782 3928 ἀθανά-
1889 3880 2224 3942 susceptum.

222 3974 312 4012 του
366 3960 522 4030 ζωῆς,
564 3963 658 4032 τῆς
701 3979 762 4016 τε
808 3961 1192 4036 ὲνθέουϐόξης
1241 3967 1336 4020 καὶ
1380 3967 1480 4038 τῆς
1528 3966 1678 4039 παρὰ
1709 3965 1787 4036 τῷ
1823 3965 1998 4036 Ila-cpi.
2044 3963 2208 4034 τιμῆς
2245 3978 2304 4014 τε
2346 3961 2441 4015 καὶ
2489 3959 2763 4031 βασιλείας
2799 3958 2890 4014 διὰ
2928 3960 3133 4014 τούτων
3185 3979 3452 4033 παριστασ

232 4051 406 4122 μένης.

229 4161 501 4215 ΨΔΛΜΟΣ
536 4163 709 4234 ῼΔΗΣ
735 4204 748 4228 ,
789 4166 1404 4290 ἓᾍΣΤὸᾚΝιὲΜΕΡΔΝ
1441 4171 1580 4224 ΤΟΥ
1618 4169 1774 4223 2A8-

1923 4159 2242 4217 PSAMIUS
2289 4158 2587 4225 CANTICI,
2623 4160 2690 4215 IN
2751 4161 2860 4215 DIE
2921 4161 3230 4219 SABBATI.
3269 4164 3411 4223 XCI.
3485 4149 3491 4156 Ι

833 4240 1187 4306 ΑΤΟΥ.νΑκ

310 4327 531 4397 Ἀγαθὸν
561 4329 624 4381 τὸ
643 4329 1124 4401 ἐξομολογεῖσθαι
1145 4333 1223 4398 τῷ
1247 4336 1460 4402 Κυρίῳ,
1488 4336 1584 4390 καὶ
1615 4335 1774 4406 ψάλ-

1954 4323 2121 4379 νειιε.
2157 4322 2212 4386 2,
2246 4322 2298 4375 5.
2342 4319 2549 4373 Bonum
2575 4327 2654 4372 est
2682 4319 2920 4388 conﬁteri
2954 4318 3197 4384 Domino,
3231 4331 3280 4377 et
3303 4325 3449 4393 psal-

235 4419 356 4469 λειν
390 4415 464 4481 τῷ
491 4418 736 4486 ὀνόματί
777 4436 914 4483 σου,
948 4421 1214 4490 "Tyriote,
1245 4424 1351 4478 τοῦ
1383 4425 1778 4496 ἀναγγέλλων

1883 4419 1990 4472 lere
2011 4413 2209 4469 nomini
2239 4421 2352 4476 tuo,
2395 4409 2684 4472 Altissime,
2718 4408 2787 4462 ad
2833 4413 3256 4466 annuntiandum
3295 4433 3449 4473 mana

237 4507 298 4561 τὸ
319 4508 452 4575 πρωῒ
478 4508 536 4563 τὸ
559 4483 734 4576 ἕξλεός
764 4525 880 4565 σου
905 4512 1002 4566 καὶ
1019 4483 1143 4581 *τὴν
1173 4483 1462 4585 ἀλήθειάν
1486 4483 1601 4572 σου
1629 4519 1777 4573 κατὰ

1881 4505 2299 4562 misericordiam
2325 4516 2493 4566 tuam,
2523 4510 2572 4554 et
2617 4503 2885 4556 ceritatem
2911 4513 3057 4556 tuam
3092 4520 3182 4574 per
3213 4519 3442 4576 noctem,

239 4601 425 4664 νύκτα,
451 4601 514 4654 ἐν
540 4601 878 4671 δεκαχόρδιι)
909 4607 1220 4674 ψαλτηρίῳ
1244 4609 1370 4677 μετ’
1403 4609 1562 4678 ᾠδῆς
1591 4611 1661 4663 ἐν
1693 4629 1776 4664 κι-

1885 4601 1937 4652 in
1964 4595 2290 4652 decachordo
2326 4595 2575 4664 psalterio
2615 4609 2732 4646 cum
2765 4594 2967 4646 cantico
2990 4595 3043 4648 in
3085 4597 3311 4655 cithara.
3343 4599 3447 4667 Qui

245 4690 392 4758 θάρᾳ.
421 4691 520 4755 Τὰς
557 4691 664 4745 τῶν
697 4693 987 4749 Σαϐϐἀτων
1019 4695 1226 4768 ἡμέρας
1270 4699 1319 4750 οἱ
1353 4698 1459 4770 πρὸ
1501 4699 1776 4762 Μωῦσέως

1880 4697 2006 4746 ante
2059 4687 2297 4759 Moysem
2343 4694 2501 4740 erant
2543 4684 2679 4754 justi
2739 4699 2802 4738 ac
2861 4686 3098 4756 religiosi
3152 4689 3276 4753 viri,
3329 4691 3447 4748 dios

247 4781 416 4835 δίκαιοι
453 4784 541 4837 καὶ
579 4783 841 4854 θεοφιλεῖς
878 4787 1070 4860 ἄνδρες
1107 4789 1217 4843 οὖτ’
1245 4790 1463 4861 ᾔδεσαν,
1494 4789 1603 4844 οὔτ’
1643 4790 1776 4860 ἐφύ-

1882 4783 2248 4838 Sabbatorum
2299 4794 2409 4833 non
2459 4786 2658 4832 norant
2717 4792 2818 4833 nec
2881 4778 3287 4836 custodiebant.
3337 4783 3448 4840 Nec

247 4872 429 4926 λαττον.
453 4872 572 4928 Οὓτ’
616 4873 710 4930 οὖν
740 4877 899 4944 αὐτὸς
939 4879 1204 4952 Ἀϐραάμ,
1238 4881 1361 4935 οὔτε
1405 4883 1606 4946 Ἰσαὰκ,
1651 4881 1773 4936 οὔτε

1879 4874 2024 4929 enim
2060 4872 2356 4936 Abraham,
2391 4886 2570 4940 neque
2613 4870 2782 4936 Isaac,
2829 4885 3006 4941 neque
3043 4871 3233 4938 Jacob,
3271 4891 3447 4946 neque

260 4964 577 5028 Ἰακὼϐ,οὖτε
613 4969 662 5021 οἱ
697 4969 884 5024 τούτου
929 4973 1132 5039 παῖδες,
1163 4973 1276 5028 ἀλλ’
1308 4973 1428 5028 οὐδὲ
1461 4975 1509 5027 οἱ
1544 4974 1622 5027 ἔτι
1649 4974 1773 5027 τού-

1879 4968 1998 5037 ejus
2058 4967 2174 5029 lilii,
2201 4978 2376 5034 neque
2426 4965 2590 5018 etiam
2639 4961 2730 5033 qui
2784 4962 2852 5018 iis
2898 4963 3234 5038 antiquiores
3263 4978 3440 5031 erant,

250 5076 342 5112 των
378 5057 442 5129 τῷ
487 5059 662 5130 χρόνῳ
708 5061 1050 5135 παλαιότεροι.
1098 5066 1376 5134 φαίνονται
1419 5063 1772 5134 γινώσκοντες

1879 5059 2020 5112 diem
2054 5056 2274 5111 Sablrati
2301 5055 2521 5109 novisse
2552 5053 2822 5107 videntur.
2865 5052 3002 5120 Quia
3040 5056 3205 5126 igitur
3252 5059 3346 5127 qui
3377 5075 3443 5113 ex

253 5151 432 5225 ἡμέραν
453 5152 739 5206 Σαϐϐάτου.
779 5153 932 5207 Ἐπεὶ
956 5156 1133 5210 τοίνυν
1159 5158 1208 5210 oi
1245 5159 1309 5210 ὲκ
1343 5157 1664 5228 περιτομῆς,
1697 5157 1772 5219 ὠς

1879 5147 2303 5203 circumcisione
2353 5154 2504 5211 sunt,
2535 5144 2691 5213 quasi
2745 5146 2926 5215 magni
2979 5146 3255 5216 quidpiam
3302 5164 3441 5217 pm-

256 5243 374 5313 μέγα
395 5261 437 5297 τι
463 5244 864 5316 κατορθοῦντες,
890 5245 960 5299 τά
986 5247 1234 5302 Σάϐϐατα
1257 5249 1543 5316 φυλάττειν
1579 5248 1773 5318 ήγοῦνέ

1880 5247 2045 5305 stent,
2081 5254 2140 5294 se
2169 5237 2406 5290 Sahbata
2453 5250 2671 5290 servare
2717 5240 2930 5303 putant,
2963 5250 3085 5304 qua:
3120 5243 3302 5290 tamen
3357 5253 3442 5291 se-

256 5352 348 5401 ται,
372 5335 401 5390 ἆ
425 5336 530 5389 οὐδὲ
568 5335 892 5406 φυλάττουσι
926 5337 1068 5391 κατὰ
1094 5339 1154 5391 τὸ
1181 5339 1426 5412 βούλημα
1455 5339 1549 5393 τοῦ
1581 5341 1767 5410 νόμου,

1879 5328 2118 5383 cundum
2181 5326 2316 5396 legis
2380 5335 2614 5380 mentem
2680 5340 2790 5379 non
2842 5326 3183 5390 custodiunt,
3245 5327 3440 5396 psalmi

259 5423 539 5497 παραθετέον
569 5426 751 5489 αὐτοῖς
794 5426 868 5478 τὰ
902 5427 1182 5499 εἰρημένα.
1229 5430 1338 5482 Καὶ
1377 5429 1564 5501 ἐπειδὴ
1605 5431 1773 5484 κατά-

1875 5420 2020 5474 dicta
2051 5416 2186 5488 ipsis
2211 5423 2339 5471 sunt
2373 5415 2716 5484 exponenda.
2747 5414 2814 5467 Et
2847 5416 2975 5484 quia
3015 5414 3307 5470 Sabbatum
3346 5433 3440 5471 rc-

260 5534 421 5571 παυσιν
443 5517 682 5588 σημαίνει
710 5517 770 5570 τὸ
799 5517 1091 5583 Σάϐϐατον,
1119 5520 1426 5592 γέγραπται
1461 5521 1591 5590 γοῦν
1615 5539 1628 5553 ο
1659 5523 1770 5576 Καὶ

1875 5513 2055 5582 quiem
2112 5509 2420 5578 signiﬁcat;
2457 5521 2581 5561 nam
2632 5507 2896 5576 scriptum
2923 5516 3007 5561 est
3039 5526 3051 5561 :
3090 5506 3160 5562 Et
3197 5507 3439 5578 requievit

263 5607 583 5660 κατέπαυσεν
620 5610 652 5662 ό
686 5607 831 5674 Θεὸς
870 5609 940 5662 ἐν
966 5608 1041 5679 τῇ
1070 5611 1257 5680 ἡμέρᾳ
1295 5611 1368 5680 τῇ
1405 5609 1446 5671 ζ’
1467 5612 1586 5666 ἀπὸ
1623 5613 1772 5665 πάν-

1875 5605 2015 5658 Deus
2038 5602 2123 5656 die
2171 5601 2393 5670 septimo
2424 5599 2488 5652 ab
2529 5598 2768 5652 omnibus
2792 5599 3035 5666 operibus
3081 5601 3191 5653 suis
3218 5617 3335 5670 qua:
3365 5608 3441 5669 je-

228 5771 231 5774 _
266 5713 359 5750 των
385 5697 477 5750 τῶν
503 5698 686 5766 ἔργων
720 5700 924 5769 αὐτοῦ,
959 5695 1046 5756 ὦν
1071 5702 1336 5770 ἐποίησε,
1380 5701 1475 5756 καὶ
1503 5702 1770 5775 Δἡγίασεν

1875 5707 2037 5762 cerat,
2073 5707 2122 5752 et
2157 5694 2506 5764 sanctiﬁcaeit
2541 5691 2788 5766 illum";
2822 5691 2973 5750 dicas
3015 5709 3148 5750 sane
3201 5693 3294 5750 Dei
3358 5711 3443 5749 rc-

324 5814 357 5846 "
389 5812 495 5869 Gen.
529 5831 602 5882 ιι,
633 5814 702 5881 9.,
737 5815 790 5871 5.
