3976 6436
535 364 670 420 1167
1303 355 1574 411 EUSEBII
1613 348 2093 408 CASSARIENSIS
2129 345 2278 402 OPP.
2319 344 2497 398 PARS
2535 341 2624 398 Ill.
2665 373 2733 382 ——
2773 335 3182 394 EXEGETICA.
3599 337 3704 391 “68

536 483 719 553 quiem
781 475 1256 538 considerandam,
1309 486 1610 542 verumque
1662 469 1957 523 Sabbatum
2004 480 2103 536 pro

2136 468 2176 523 Α
2204 458 2428 526 αὐτὴν
2462 460 2627 530 ἐρεῖς,
2661 457 2743 510 ὅτι
2785 455 3049 528 προσήκει
3089 455 3276 524 νοῆσαι
3317 450 3446 503 Θεοῦ
3473 454 3706 505 κατάπαυ-

537 541 802 643 dignitate
831 569 927 624 Dei
967 565 1345 637 accipiendmn
1385 541 1532 618 esse.
1574 562 1645 613 At
1687 559 1833 614 enim
1865 558 2107 612 declarat

2209 572 2311 613 σιν,
2353 553 2447 606 καὶ
2481 552 2541 603 τὸ
2579 548 2829 620 ἀληθινὸν
2869 547 3141 602 Σάϐϐατον
3193 541 3494 608 ἐκδέξασθαι
3522 543 3712 608 ἐπαξίως

538 667 652 730 ille,
683 663 880 733 impios
913 662 1162 716 homines
1191 673 1302 712 non
1364 656 1716 725 ingressurus
1761 667 1886 706 esse
1935 649 1989 703 in
2019 664 2108 703 re-

2204 647 2300 700 τοῦ
2351 643 2505 698 Θεοῦ.
2559 643 2696 706 Τοὺς
2744 639 2850 712 γὰρ
2900 638 3119 700 ἀσεϐεῖς
3163 633 3470 706 ἀνθρώπους
3510 635 3625 705 φησί
3658 636 3715 706 μὴ

539 726 720 828 quiem
755 726 950 824 ipsius,
976 751 1032 805 in
1061 749 1288 821 psalmis
1318 747 1449 800 talia
1468 745 1611 800 fatus
1641 759 1656 796 :
1688 743 1902 809 Semper
1929 746 2109 794 errant

2207 735 2606 792 εἰσελεύσεσθαι
2652 735 2734 798 εἰς
2769 732 2868 804 τὴν
2906 731 3248 785 κατάπαυσιν
3290 726 3445 780 αὐτοῦ
3487 726 3637 794 λέγων
3675 730 3718 783 ἐν

542 848 721 903 corde.
759 845 873 914 Ipsi
917 859 1036 898 vero
1088 858 1191 896 non
1235 844 1582 909 cognoverunt
1615 836 1727 890 vias
1776 849 1942 897 meas,
1975 832 2112 885 sicut

2209 829 2460 899 ψαλμοῖς,
2505 825 2611 880 Ἀεὶ
2640 823 2984 879 πλανῶνται
3007 820 3083 890 τῇ
3112 818 3340 888 καρδία.
3366 816 3534 871 Αὐτοὶ
3554 817 3612 870 δὲ
3635 819 3721 873 οὐκ

544 940 717 1008 iuravi
747 939 801 992 in
832 939 913 990 ira
945 951 1084 999 mea,
1121 934 1167 987 si
1193 929 1484 986 introibant
1514 930 1569 982 in
1599 926 1827 997 requiem
1855 923 2108 979 meum”.

2210 922 2486 992 ἔγνωσαν
2526 918 2634 985 τὰς
2667 917 2846 982 ὁδούς
2887 932 3027 985 μου,
3071 912 3152 979 ὡς
3182 911 3385 981 ὤμοσα
3421 909 3487 962 έν
3513 907 3577 976 ι’·ῐῖ
3609 908 3721 977 deri

536 1032 779 1088 Necesse
804 1030 969 1101 igitur
993 1034 1076 1084 est
1103 1024 1345 1081 Sabbata
1403 1021 1500 1078 Dei
1546 1018 1846 1077 secundum
1877 1025 2106 1074 mentem

2209 1032 2350 1085 μου,
2375 1015 2428 1067 εἰ
2469 1011 2919 1076 εἰσελεύσονται
2949 1009 3036 1072 εἰς
3083 1005 3200 1074 τὴν
3238 1001 3598 1058 κατάπαυσίν
3615 1018 3720 1068 μου.

539 1122 815 1192 accipere,
863 1129 918 1175 et
944 1118 1057 1173 Deo
1114 1122 1505 1186 congruentem
1561 1111 1804 1180 requiem
1849 1108 2109 1179 cogitare.

2215 1105 2424 1162 Οὐκοῦν
2463 1105 2758 1172 ἀναγκαῖον
2795 1099 2937 1154 κατά
2975 1099 3210 1152 διάνοιαν
3256 1093 3497 1150 ἐκλαϐεῖν
3525 1091 3727 1145 Σάϐϐατα

543 1230 652 1286 qua
705 1212 860 1284 impii
883 1225 994 1266 non
1049 1209 1346 1274 donantur,
1396 1203 1493 1261 sed
1553 1179 1657 1258 soli
1716 1201 1852 1270 justi
1897 1214 1963 1254 ac
2021 1197 2113 1252 Dei

2215 1198 2373 1262 Θεοῦ,
2417 1197 2512 1252 καὶ
2554 1195 2862 1250 ἀνάπαυσιν
2908 1189 3028 1260 Θεῷ
3075 1188 3411 1260 πρέπουσαν,
3451 1179 3514 1256 ἧς
3558 1182 3729 1244 ἀσεϐεῖς

544 1304 728 1361 amici.
765 1305 845 1358 ita
882 1301 1027 1358 enim
1063 1297 1364 1354 dixerimus
1398 1293 1694 1356 Abraham,
1731 1289 1904 1352 Isaac,
1947 1285 2114 1342 Jacob

2221 1289 2320 1359 μὲν
2361 1286 2462 1339 οὐκ
2493 1283 2792 1350 ἀξιοῦνται,
2826 1280 2976 1352 μόνοι
3011 1278 3070 1331 δὲ
3099 1279 3148 1331 οἱ
3182 1276 3374 1330 δίκαιοι
3402 1273 3492 1327 xui
3512 1271 3595 1326 τοῦ
3628 1272 3730 1326 Θεοῦ

545 1405 601 1454 et
623 1409 813 1452 omnes
835 1399 1104 1463 quotquot
1137 1395 1265 1442 ante
1297 1393 1352 1440 et
1401 1389 1528 1454 post
1583 1382 1708 1436 illos
1753 1378 1849 1435 Dei
1877 1378 2115 1432 cultores

2219 1378 2380 1449 φίλοι.
2408 1376 2563 1430 Οὕτω
2592 1373 2723 1445 γοῦν
2760 1374 3006 1444 εἴποιμεν
3032 1369 3099 1425 ἀν
3127 1368 3221 1422 καὶ
3260 1367 3352 1421 τὸν
3386 1363 3632 1438 Ἁϐραάμ,
3659 1363 3730 1417 καὶ

545 1488 724 1551 fuere,
764 1483 1106 1556 intelligendi
1131 1496 1284 1537 more
1322 1480 1500 1535 solum
1551 1476 1776 1532 novisse
1830 1486 1894 1527 ac
1934 1479 2115 1526 custo-

2217 1472 2309 1526 τὸν
2348 1469 2550 1536 Ἰσαὰκ,
2578 1468 2672 1523 καὶ
2707 1467 2798 1521 τὸν
2831 1464 3049 1528 Ἰακὼϐ,
3084 1462 3210 1526 τούς
3239 1479 3299 1515 τε
3332 1460 3440 1532 πρὸ
3471 1457 3629 1512 αὐτῶν
3658 1457 3729 1511 καὶ

545 1579 696 1634 disse
743 1547 982 1632 Sabbata
1040 1573 1158 1640 Dei,
1193 1578 1248 1627 et
1289 1570 1568 1642 ingressos
1597 1581 1720 1622 esse
1767 1564 1826 1618 in
1874 1560 2115 1630 requiem

2224 1565 2341 1636 μετ’
2371 1563 2566 1626 αὐτοὺς
2594 1559 2862 1629 Θεοφιλεῖς
2894 1557 3102 1620 πάντας
3133 1553 3274 1609 κατά
3303 1552 3533 1606 διάνοιαν
3555 1547 3735 1618 ὲγνωκέμ

537 1671 691 1740 ejus.
718 1667 862 1736 Quid
885 1668 1052 1739 igitur
1095 1663 1366 1734 signiticet
1419 1660 1745 1723 Sabbatum,
1788 1654 2107 1727 perpendere

2219 1676 2306 1712 ναι
2333 1657 2429 1711 καὶ
2453 1653 2822 1724 πεφυλαχέναι
2848 1651 2917 1704 τά
2956 1648 3207 1704 Σάϐϐατα
3233 1646 3329 1699 τοῦ
3355 1643 3507 1708 Θεοῦ,
3546 1642 3630 1696 καὶ
3650 1643 3734 1695 εἱσ-

551 1763 926 1822 necessarium
988 1768 1095 1817 est.
1157 1757 1457 1813 Sabbatum
1526 1768 1647 1810 esse
1717 1749 1963 1820 requiem
2026 1744 2120 1800 Dei

2224 1748 2538 1821 εληλυθέναι
2574 1747 2652 1808 εἰς
2679 1742 2775 1816 τὴν
2807 1743 3146 1796 κατάπαυσιν
3169 1737 3356 1794 αὐτοῦ.
3391 1736 3456 1790 Τί
3479 1735 3539 1806 δὴ
3565 1730 3643 1788 οῦν
3671 1751 3739 1802 οη-

551 1856 839 1926 Scriptura
869 1853 1136 1912 declarat,
1187 1861 1352 1919 quam
1377 1851 1502 1916 post
1560 1838 1907 1897 sensibilium
1966 1848 2121 1890 crea—

2170 1824 2195 1878 Β
2226 1839 2406 1912 μαίνει
2444 1837 2506 1890 τὸ
2547 1833 2842 1898 Σάϐϐατον,
2877 1834 3171 1900 ἀναγκαῖον
3203 1828 3508 1899 ἐπιστῆσαι.
3547 1825 3598 1879 ’0
3621 1825 3740 1893 λόγος

551 1915 758 2006 tionem
792 1945 1024 2000 inducit.
1079 1941 1177 1996 Dei
1205 1915 1336 1995 vero
1383 1915 1614 2006 requies
1644 1947 1765 2002 qua:
1796 1930 1902 1983 alia
1936 1927 2121 1992 fuerit,

2223 1931 2526 1986 ἀνάπαυσιν
2563 1925 2714 1998 δηλοῖ
2750 1924 2884 1978 Θεοῦ
2903 1940 2916 1955 ⁸
2960 1923 3166 1991 εἰσάγει
3196 1937 3256 1973 τε
3290 1919 3495 1989 ταύτην
3535 1915 3652 1987 μετά
3671 1915 3742 1984 τὴν

553 2036 1033 2097 nisi-conversatio
1079 2035 1136 2088 in
1192 2029 1624 2100 intelligibilibus
1677 2032 1733 2079 et
1786 2019 2121 2077 cmlestibus.

2223 2022 2330 2076 τῶν
2367 2018 2639 2092 αἰσθητῶν
2689 2014 3064 2087 κοσμοποιίαν.
3104 2009 3240 2065 Θεοῦ
3287 2011 3344 2064 δὲ
3392 2009 3667 2069 ἀνάπαυσις
3685 2007 3744 2068 τίς

553 2133 691 2189 Nam
741 2145 867 2186 cum
919 2123 1275 2183 sensibilibus
1332 2118 1621 2191 prospicit,
1651 2123 1708 2172 et
1764 2113 1913 2168 circa
1960 2124 2123 2182 opera

2226 2115 2292 2169 ἂν
2314 2115 2520 2183 γένοιτο
2549 2111 2710 2181 ἑτέρα
2736 2109 2836 2179 τῆς
2869 2107 3004 2178 πρὸς
3037 2107 3147 2168 τοῖς
3190 2104 3405 2174 νοητοῖς
3425 2102 3516 2155 καὶ
3562 2101 3745 2170 ὑπερκο-

553 2221 912 2296 providentia:
935 2215 1128 2272 mundi
1175 2219 1446 2275 versatur,
1468 2189 1608 2262 tunc
1641 2205 1844 2260 dicitur
1873 2199 2123 2273 operari;

2229 2206 2409 2277 σμίοις
2461 2201 2772 2272 διαγωγῆς;
2832 2199 2960 2251 Ὅτε
3002 2197 3102 2268 μὲν
3142 2195 3250 2268 γὰρ
3297 2193 3430 2266 περὶ
3478 2191 3541 2246 τά
3565 2189 3746 2262 αἰσθητὰ

554 2284 816 2387 atquesic
833 2307 1240 2380 intelligendum
1259 2306 1360 2359 hoc
1377 2299 1673 2357 Salvatoris
1686 2297 1860 2353 nostri
1883 2294 2090 2350 dictum
2109 2311 2124 2348 :

2229 2298 2550 2369 περισκοπεῖ
2578 2295 2669 2348 καὶ
2706 2292 2835 2364 περὶ
2875 2289 2944 2343 τά
2975 2289 3111 2360 ἔργα
3151 2288 3249 2358 τῆς
3287 2285 3386 2340 τοῦ
3428 2284 3616 2355 κόσμου
3652 2299 3750 2351 προ-

556 2371 721 2463 Ραιον
750 2421 894 2460 meus
939 2417 1102 2472 usque
1134 2400 1288 2452 modo
1322 2406 1571 2465 operatur
1607 2401 1656 2447 et
1697 2407 1788 2462 ego
1827 2403 2012 2458 operor
2029 2386 2076 2418 ”
2111 2405 2124 2440 :

2228 2388 2376 2452 νοίας
2415 2385 2785 2454 καταγίνεται,
2827 2379 3152 2453 ἐργάζεσθαι
3191 2377 3455 2447 λέγεται·
3497 2374 3583 2427 καί
3617 2371 3749 2435 οὕτως

547 2515 681 2556 cum
712 2507 890 2552 autem
920 2495 1066 2548 circa
1110 2505 1275 2562 opera
1304 2489 1645 2556 incorporea,
1675 2491 1730 2539 et
1755 2480 2020 2542 coelestia,
2052 2485 2117 2543 et1

2229 2479 2518 2536 ἀκουστέον
2561 2477 2806 2547 λέγοντος
2847 2473 2943 2528 τοῦ
2986 2473 3236 2542 Σωτῆρος
3277 2469 3481 2541 ἡμῶν,,
3508 2468 3557 2521 Ὁ
3595 2463 3750 2530 Πατήρ

548 2603 618 2648 tut
650 2590 774 2662 quis
814 2585 1033 2650 dixerit,
1064 2585 1210 2639 circa
1237 2595 1356 2636 eam
1387 2592 1508 2649 quae
1561 2575 1638 2631 ibi
1685 2573 1894 2645 geritur
1947 2582 2118 2624 rerum

2223 2593 2343 2645 μου
2367 2573 2478 2638 ἕως
2516 2570 2644 2639 ἄρτι
2669 2567 3001 2639 ἐργάζεται,
3051 2562 3214 2634 κάγὼ
3251 2561 3587 2633 ἐργάζομαι⁹
3616 2559 3688 2611 ὅτε
3711 2557 3751 2610 δὲ

561 2679 1062 2738 considerationem
1107 2680 1383 2738 versatur,
1426 2677 1560 2725 tunc
1607 2666 1852 2738 requiem
1900 2662 2128 2725 habere,

2232 2666 2369 2738 πρὸς
2393 2667 2504 2727 τοῖς
2539 2662 2848 2732 ἀσωμάτοις
2881 2661 2974 2713 καὶ¹
3001 2657 3400 2728 ὑπερκοσμίοις
3426 2654 3558 2716 ἐστὶ,
3580 2652 3674 2712 καὶ,
3698 2650 3753 2712 ὡς

559 2788 615 2833 et
650 2775 949 2830 Sabbatum
993 2784 1152 2825 suum
1205 2781 1365 2838 agere
1421 2761 1761 2832 intelligitur.
1814 2755 2014 2811 Eadem
2041 2769 2129 2808 ra-

2231 2757 2296 2812 ἂν
2325 2756 2467 2808 είποι
2504 2771 2608 2820 τις,
2653 2754 2711 2806 ὲν
2733 2755 2801 2824 τῇ
2829 2751 3024 2805 αὐτόσε
3057 2747 3223 2803 αὐτοῦ
3255 2749 3537 2820 περιωπῇἰ
3558 2743 3613 2796 τὸ
3644 2758 3756 2815 τηνι-

561 2871 708 2926 tione
737 2865 905 2936 igitur
925 2863 1030 2918 viri
1062 2837 1280 2932 quoque
1314 2856 1434 2924 Dei,
1459 2854 1679 2926 quando
1729 2851 1989 2922 Operibus
2013 2845 2131 2902 ani-

2233 2847 2408 2902 καῦτα
2440 2846 2743 2901 ἀνάπαυσιν
2783 2843 2956 2915 ἄγειν,
2982 2841 3076 2898 καὶ
3104 2841 3163 2896 τὸ
3187 2837 3349 2896 αὐτοῦ
3388 2839 3646 2893 Σάϐϐατον
3670 2837 3757 2888 ἑπι-

556 2971 707 3013 mam
737 2928 1166 3024 defatigantibus
1195 2928 1357 3021 _(talia
1386 2962 1516 3002 vero
1543 2950 1674 3000 sunt
1721 2942 1905 2997 omnia
1935 2953 2126 3004 corpo-

2233 2941 2405 2997 τελεῖν
2431 2941 2649 2996 νοεῖται.
2692 2937 2849 2993 Κατὰ
2876 2938 2946 2992 τά
2990 2935 3128 2990 αὑτά
3162 2934 3457 3006 τοιγαροῦν
3493 2933 3582 2987 καί
3617 2931 3658 2983 οἱ
3688 2928 3757 2980 τοῦ

559 3062 679 3113 rea,
708 3052 764 3102 et
793 3052 1022 3100 terrenae
1049 3019 1232 3096 carnis
1262 3036 1462 3107 amica)
1485 3033 1726 3098 liberati,
1777 3030 1886 3087 Deo
1909 3044 2129 3101 prorsus

2236 3033 2371 3088 Θεοῦ
2401 3033 2610 3104 ἀνδρες,
2650 3029 2888 3093 ἐπειδὰν,
2930 3027 3039 3081 τῶν
3078 3025 3392 3080 κοπούντων
3428 3024 3544 3094 (sic)
3571 3021 3657 3089 τὴν
3686 3019 3760 3089 ψυ-

556 3146 781 3200 vacant,
814 3150 880 3191 ac
908 3133 1220 3189 divinorum
1267 3126 1748 3200 spiritualiumque
1801 3119 2126 3190 contempla-

2189 3173 2207 3194 ,
2240 3127 2338 3200 χὴν
2363 3127 2537 3199 ἔργων
2593 3123 2833 3197 (τοιαῦτα
2857 3121 2915 3174 δὲ
2944 3121 3120 3175 πάντα
3147 3117 3217 3172 τά
3243 3115 3534 3188 σωματικά
3563 3113 3645 3166 καὶ
3666 3109 3759 3180 φίλι

569 3173 781 3200 tam...“
814 3173 880 3191 ..υ
908 3173 1220 3189 -......,......
1267 3173 1291 3186 υ
1338 3173 1746 3182 ...-_._--__-,_-

563 3229 702 3286 tioni
735 3226 907 3283 dediti
963 3229 1112 3285 sunt,
1154 3173 1570 3287 tuncraccepta
1621 3173 1734 3270 Deo
1785 3211 2045 3275 Sabbata,
2082 3217 2133 3264 et

2190 3173 2207 3230 Ξ
2238 3173 2337 3292 τῆς
2372 3173 2612 3289 γ-είῦδουξ
2648 3173 2892 3288 σαρκὸς),
2936 3173 3359 3281 ἀπαλλαγέντες,
3401 3211 3512 3264 ὅλοι
3549 3173 3760 3277 γένωνται

564 3321 810 3392 requiem
844 3317 1076 3373 Domino
1095 3314 1202 3368 Deo
1231 3318 1420 3383 agunt.
1452 3309 1528 3364 De
1581 3308 1668 3363 his
1716 3320 1848 3362 vero
1883 3303 2134 3359 Sabbatis

2239 3311 2375 3383 πρὸς
2421 3309 2500 3381 τῷ
2548 3309 2667 3381 Θεῷ
2703 3307 2799 3362 καὶ
2849 3306 2987 3379 πρὸς
3035 3307 3100 3376 τῇ
3133 3303 3241 3358 τῶν
3268 3302 3435 3357 θείων
3475 3301 3565 3354 καὶ
3600 3295 3761 3369 νοητῶν

566 3390 673 3468 hoc
703 3411 780 3464 ait
817 3428 831 3463 :
855 3405 1010 3461 Nunc
1031 3404 1348 3474 relinquitur
1375 3399 1728 3455 sabbatismus
1749 3395 1940 3467 populo
1971 3392 2136 3448 Dei"!

2240 3403 2400 3475 σχολῇ
2439 3419 2497 3454 τε
2530 3402 2623 3454 καὶ
2669 3399 2890 3471 θεωρίᾳ,
2915 3399 3036 3451 τότε
3061 3396 3128 3451 τά
3161 3395 3292 3464 φίλα
3315 3395 3399 3467 τῷ
3423 3390 3762 3466 ΘεῷιΣάϐϐατα

567 3508 623 3557 et
648 3514 870 3554 rursum
899 3517 912 3552 :
939 3495 1268 3551 Festinemus
1315 3493 1479 3562 igitur
1526 3488 1732 3559 ingredi
1778 3488 1831 3540 in
1861 3487 2015 3541 illam
2053 3501 2137 3538 re-

2239 3496 2332 3549 καὶ
2357 3494 2660 3550 ἀνάπαυσιν
2692 3491 2882 3565 κυρίῳ
2907 3489 2984 3562 τῷ
3013 3488 3132 3560 Θεῷ
3160 3488 3376 3558 ἄγουσι.
3412 3489 3520 3541 Καὶ
3545 3485 3657 3554 περὶ
3684 3481 3763 3534 τῶν

562 3593 791 3666 quiem’.
827 3588 962 3644 Nam
1013 3587 1313 3658 perfectum
1343 3584 1642 3639 Sabbatum
1668 3587 1722 3636 et
1750 3578 1988 3650 perfecta
2014 3579 2132 3632 bea-

2239 3585 2494 3640 τοιούτων
2523 3585 2814 3639 Σαϐϐάτων
2842 3583 3080 3637 διδάσκει
3103 3581 3305 3650 λέγων’
3329 3577 3478 3649 Ἆρα
3503 3577 3766 3634 ἀπολείπε-

565 3683 893 3752 tissimaque
933 3679 1154 3749 requies
1189 3678 1244 3731 in
1297 3689 1468 3746 regno
1512 3673 1628 3738 Dei,
1677 3687 1845 3742 supra
1895 3687 1992 3727 sex
2021 3669 2135 3724 die-

2239 3695 2334 3732 ται
2371 3677 2777 3747 σαϐϐατισμὸς
2816 3674 2898 3741 τῷ
2945 3673 3074 3739 λαῷ
3122 3674 3227 3728 τοῦ
3271 3673 3461 3737 Θεοῦ;
3495 3671 3582 3725 καὶ
3610 3667 3762 3722 πάλιν·

568 3791 695 3832 rum
727 3775 1032 3846 opiﬁcium,
1060 3769 1301 3834 exsistit,
1331 3775 1386 3824 et
1434 3775 1591 3824 extra
1621 3768 1808 3821 omnia
1859 3763 2138 3821 sensibilia

2243 3768 2686 3839 Σπουδάσωμεν
2709 3763 2824 3823 οὖν
2848 3765 3143 3821 εἰσελθεῖν
3169 3767 3256 3831 εἰς
3293 3765 3546 3833 ἐκείνην
3570 3759 3670 3830 τὴν
3689 3773 3767 3810 κα-

571 3870 627 3923 ἰη
687 3865 1028 3936 incorporeis
1083 3872 1137 3918 et
1184 3860 1504 3917 coelestibus
1546 3866 1820 3922 versatur,
1849 3855 1994 3911 unde
2044 3871 2141 3910 au-

2240 3861 2564 3916 τάπαυσιν.
2598 3858 2672 3912 Τὸ
2696 3857 2804 3930 γάρ
2845 3857 3047 3911 τέλειον
3094 3855 3394 3919 Σάϐϐατον,
3435 3855 3528 3908 καὶ
3560 3854 3591 3923 ἡ
3630 3846 3767 3903 τελεία

569 3957 710 4028 fugit
765 3955 942 4022 dolor,
998 3953 1221 4008 tristitia
1264 3958 1318 4007 et
1377 3949 1647 4022 gemitus;
1700 3947 1792 4002 ubi
1841 3961 1873 4000 a
1923 3946 2139 4000 mortali

2244 3953 2338 4006 καὶ
2369 3954 2402 4023 ἡ
2429 3950 2800 4023 τρισμακαρία
2841 3949 3183 4012 κατάπαυσις
3218 3950 3277 4001 ὲν
3314 3950 3382 4018 τῇ
3422 3945 3516 4001 τοῦ
3546 3942 3665 3998 Θεοῦ
3701 3941 3771 4012 βε-

569 4057 628 4107 et
677 4046 1013 4120 corruptioni
1065 4045 1303 4100 obnoxia
1339 4044 1457 4100 vita
1511 4040 1704 4111 erepti,
1748 4050 1914 4110 atque
1969 4040 2139 4094 otium

2246 4043 2418 4114 σιλείᾳ
2459 4042 2735 4113 τυγχάνει,
2778 4041 2917 4115 ὑπὲρ
2961 4041 3062 4112 τὴν
3110 4040 3418 4111 ὲξαήμερον
3466 4034 3769 4109 δημιουργίαν

571 4139 686 4197 Deo
731 4148 947 4213 gratum
982 4153 1046 4194 ac
1087 4137 1303 4192 beatum
1335 4144 1579 4206 agentes,
1601 4141 1656 4188 et
1677 4148 1717 4188 a
1767 4132 2016 4202 corporis
2048 4146 2141 4186 ac-

2245 4137 2340 4191 καὶ
2367 4134 2473 4188 τῶν
2506 4132 2777 4204 αἰσθητῶν
2815 4133 3066 4186 ἁπάντων
3091 4129 3249 4192 ἐκτὸς
3291 4131 3349 4184 ὲν
3379 4128 3675 4200 ἀσωμάτοις
3702 4123 3771 4176 καὶ

571 4212 820 4288 tionibus
874 4237 1039 4300 atque
1083 4242 1115 4282 a
1170 4227 1433 4281 servitute
1499 4223 1684 4279 carnis
1742 4222 1983 4286 liberati,
2019 4236 2141 4277 cum

2246 4225 2670 4298 ὑπερκοσμίοις,
2717 4224 2847 4278 ἔνθα
2896 4222 3107 4293 ἀπέδρα
3154 4219 3313 4290 ὀδύνη
3363 4221 3463 4274 καὶ
3501 4218 3661 4288 λύπη,
3701 4212 3770 4266 καὶ

578 4327 700 4394 ipso
733 4321 843 4378 Deo
877 4329 931 4377 et
962 4319 1104 4391 apud
1159 4319 1337 4388 ipsum
1385 4324 1692 4379 versantes,
1751 4313 2049 4368 Sabbatum
2091 4320 2147 4368 et

2249 4317 2580 4388 στεναγμός⁹
2640 4315 2768 4369 ἔνθα
2818 4314 2918 4384 τῆς
2969 4312 3168 4383 θνητῆς
3221 4312 3316 4365 καὶ
3375 4310 3615 4381 φθαρτῆς
3661 4303 3771 4373 ζωῆς

573 4417 822 4486 requiem
845 4427 1086 4484 agemus.
1137 4410 1500 4477 Quamobrem
1547 4409 1622 4462 ait
1669 4407 1963 4478 Apostolus
1999 4403 2143 4473 τῖο-

2248 4410 2675 4479 άπαλλαγέντες,
2720 4409 2814 4461 καὶ
2847 4407 3042 4478 ἀργίαν
3082 4405 3428 4476 ἀργήσαντες
3470 4402 3564 4474 τὴν
3596 4395 3771 4468 θεοφιλῆ

576 4509 830 4563 stinemus
857 4506 1018 4576 igitur
1044 4503 1246 4574 ingredi
1274 4503 1327 4557 in
1357 4500 1509 4555 illam
1547 4500 1798 4570 requiem.
1847 4497 2143 4569 Imaginem

2203 4526 2220 4577 )
2247 4504 2340 4558 καί
2372 4503 2668 4575 μακαρίαν,
2699 4502 2808 4556 τῶν
2848 4519 2908 4554 τε
2955 4498 3280 4570 σωματικῶν
3313 4496 3563 4570 πράξεων
3597 4494 3682 4548 καὶ
3700 4489 3773 4559 τῆς

574 4613 745 4670 porro
774 4597 922 4652 illius
954 4594 1177 4651 Sabbati
1223 4610 1286 4650 ac
1327 4593 1581 4665 perfectae
1611 4593 2044 4661 beatissimaaque
2067 4606 2144 4646 re-

2253 4595 2496 4659 δουλείας
2535 4595 2634 4666 τῆς
2681 4594 2878 4666 σαρκὸς
2919 4589 3389 4663 ἐλευθερωθέντες,
3434 4590 3530 4643 σὺν
3565 4585 3692 4655 αὐτῷ
3717 4580 3776 4650 τῷ

577 4691 727 4763 qniei
760 4690 816 4744 in
838 4697 982 4745 terra
1009 4695 1284 4760 gestantes
1311 4687 1416 4743 viri
1449 4685 1569 4752 Dei,
1616 4685 1782 4741 ferias
1832 4684 2064 4756 agebant
2095 4691 2147 4740 et

2255 4686 2372 4757 Θεῷ
2413 4687 2504 4739 καὶ
2527 4687 2655 4757 παρ’
2689 4684 2838 4755 αὐτῷ
2873 4683 3174 4754 γενόμενοι,
3203 4679 3595 4752 σαϐϐατίσομὲν
3620 4695 3669 4731 τε
3704 4673 3774 4727 καὶ

572 4783 944 4840 cessationem
993 4781 1060 4835 ab
1092 4779 1182 4845 iis,
1215 4793 1335 4850 quae
1380 4793 1412 4833 a
1452 4778 1564 4833 Deo
1609 4778 1800 4850 procul
1860 4784 2142 4842 amovent;

2257 4775 2696 4846 ἀναπαυσόμεθα.
2723 4774 2814 4827 Διό
2840 4791 3004 4846 φησιν
3035 4775 3064 4826 ὁ
3094 4770 3411 4834 Ἀπόστολος
3429 4789 3444 4803 ο
3471 4766 3776 4825 Σπουδάσω-

577 4874 683 4933 toti
737 4879 920 4927 autem
980 4871 1291 4926 divinorum
1339 4867 1790 4938 contemplationi
1843 4865 2034 4930 dediti,
2063 4865 2147 4920 die

2224 4937 2229 4943 .
2252 4887 2367 4940 μεν
2399 4865 2514 4924 οὖν
2543 4867 2842 4922 εἰσελθεῖν
2883 4868 2970 4932 εἰς
3011 4865 3251 4932 ἐκείνην
3279 4865 3394 4932 τὴν
3423 4860 3774 4916 κατάπαυσιν.

575 4975 850 5036 nocteque
875 4966 929 5019 in
957 4978 1244 5020 sacrorum
1273 4977 1589 5017 sermonum
1643 4959 2000 5015 meditatione
2029 4973 2145 5027 per-

2257 4960 2454 5013 Εἰκόνα
2480 4959 2524 5012 δ’
2549 4959 2757 5011 ἐκείνου
2785 4958 2878 5011 τοῦ
2909 4955 3184 5010 Σαϐϐάτου
3213 4957 3305 5009 καὶ
3332 4956 3431 5026 τῆς
3453 4953 3650 5014 τελείας
3671 4946 3777 5002 ὲκεί-

579 5067 920 5122 severantes,
949 5065 1140 5112 sancta
1187 5055 1426 5110 Sabbata
1465 5062 1520 5108 et
1579 5053 1688 5108 Deo
1742 5059 2020 5120 acceptam
2068 5065 2149 5103 re-

2256 5067 2355 5122 νης
2387 5052 2478 5104 καὶ
2511 5051 2912 5122 τρια-μακαρίας
2935 5050 3296 5112 ἀναπαύσεως
3325 5049 3577 5118 φέροντες
3605 5044 3684 5097 ἐπὶ
3701 5039 3777 5108 γῆς

580 5153 760 5222 quiem
812 5150 1165 5224 agebant;ac
1194 5157 1327 5202 tunc
1370 5163 1499 5202 vere
1557 5144 1856 5199 Sabbatum
1910 5141 2150 5198 celebra-

2257 5143 2348 5196 τοῦ
2387 5142 2522 5196 Θεοῦ
2569 5143 2780 5214 ἄνδρες,
2814 5143 3007 5214 σχολὴν
3054 5144 3151 5212 μὲν
3195 5141 3472 5195 ἐποιοῦντο
3508 5139 3595 5192 καὶ
3622 5134 3779 5205 ἀργίαν

581 5243 736 5296 bant.
772 5223 954 5307 Quare
987 5246 1293 5310 opportune
1338 5238 1542 5310 Moysis
1575 5238 1684 5301 lex,
1711 5235 1823 5305 jam
1880 5234 2151 5289 dictorum

2258 5236 2366 5290 τῶν
2413 5236 2628 5308 μακρὰν
2658 5236 2998 5305 ἀφιστάντων
3031 5235 3125 5288 τοῦ
3153 5235 3308 5295 Θεοῦ,
3338 5234 3444 5288 ὅλοι
3478 5233 3532 5286 δὲ
3570 5229 3689 5300 πρὸς
3726 5223 3775 5290 τῇ

581 5333 808 5388 umbras
834 5339 887 5388 et
910 5331 1152 5403 symbola
1175 5323 1418 5392 tradens.
1445 5327 1774 5383 multitudini
1800 5326 1941 5381 diem
1964 5337 2151 5394 quam-

2259 5327 2368 5379 τῶν
2405 5325 2566 5380 θείων
2602 5325 2800 5397 θεωρίᾳ
2825 5325 3155 5396 γιγνόμενοι,
3181 5325 3248 5378 δι’
3277 5324 3488 5395 ἡμέρας
3517 5337 3572 5372 τε
3608 5317 3688 5370 καί
3711 5330 3777 5363 νυ-

584 5422 709 5476 dam
741 5421 1060 5492 assignavit,
1085 5429 1145 5475 ut
1179 5419 1372 5474 saltem
1399 5420 1455 5472 in
1486 5433 1550 5472 ea
1581 5433 1610 5470 a
1658 5417 1941 5472 consuetis
1971 5413 2154 5485 operi-

2261 5421 2387 5483 κτὸς
2419 5424 2484 5490 τῇ
2514 5420 2623 5472 τῶν
2658 5419 2820 5490 ἱερῶν
2848 5419 3020 5487 λόγων
3049 5419 3243 5490 μελέτῃ
3272 5409 3774 5489 προσκαρτεροῦντες,

585 5513 688 5570 bus
737 5513 1094 5575 abstinerent,
1132 5511 1330 5566 divina:
1378 5518 1560 5564 autem
1619 5508 1756 5578 legis
1808 5506 2153 5562 meditationi

2262 5515 2392 5582 ἆγια
2431 5475 2681 5567 έάϐϐατα
2715 5475 2814 5566 ,καὶ
2853 5475 3158 5566 ἀνάπαυσιν
3387 5475 3601 5580 τῷ
3643 5493 3778 5554 διανέ-

583 5617 862 5665 vacarent.
894 5606 1142 5664 Praesens
1179 5616 1324 5662 certe
1359 5607 1600 5676 psalmus
1637 5605 1840 5660 diserte
1893 5604 2051 5659 docet
2090 5619 2153 5658 ea

2263 5567 2435 5658 πάυον
2473 5605 2592 5658 τότε
2629 5606 2723 5658 καὶ
2761 5605 3133 5669 ἐσαϐϐἀτιζον.
3183 5567 3372 5658 ’.Ενθεν
3657 5587 3778 5646 καὶὸ

655 5762 882 5850 ’θῬειιι.
920 5810 1061 5861 xcrv,
1098 5795 1194 5862 10,
1235 5794 1320 5849 ll.
1356 5793 1444 5868 Id”
1481 5789 1638 5848 Joan.
1673 5807 1726 5850 v.
1767 5789 1852 5846 l7.
1934 5791 1950 5822 ¹
1992 5785 2156 5845 Hebr.
2198 5801 2225 5840 r

1181 5834 1194 5862 ι
1235 5794 1320 5849 Η.
1356 5793 1444 5868 ,β’
1481 5789 1638 5848 Joan.
1673 5807 1726 5850 v.
1767 5789 1852 5846 l7.
1934 5791 1950 5822 ¹
1992 5785 2156 5845 Hebr.
2198 5801 2271 5841 tv.
2312 5787 2366 5840 9.
2445 5789 2466 5817 ⁸
2521 5787 2644 5835 nm.
2691 5788 2743 5831 ιι
