3972 6812
77 349 264 405 169

1311 351 1812 410 COMMENTARIA
1844 355 1911 410 IN
1945 354 2282 412 PS.\LMOS.

3289 347 3419 403 1171

56 460 455 525 ιίωῠσὲως
501 461 686 531 νᾶμος,
720 460 875 525 σκιὰς
919 461 1025 515 τῶν
1055 463 1358 534 εἰρημένων
1396 468 1486 519 καὶ
1518 467 1758 537 σύμϐολα

1865 469 1931 524 de
1985 484 2149 523 causa
2189 467 2409 523 Sabbati
2464 467 2635 522 otium
2679 469 2765 540 agi
2814 449 3032 533 debere,
3076 477 3130 523 et
3176 464 3425 520 lauti-lem

55 551 532 623 τειραδιὲοὺς,
583 551 798 623 ἡμέραν
848 553 969 606 τινὰ
1025 557 1135 616 τοῖς
1185 555 1442 627 πλήθεσιν
1492 556 1755 629 ἀφώρισε,

55 642 284 707 Ξπως
316 641 452 696 κᾶν
481 643 656 714 ταύτῃ
683 644 989 714 ἀπέχωνται
1020 646 1118 717 μὲν
1153 645 1260 700 τῶν
1294 648 1533 719 συνήθων
1563 649 1756 722 ἔργων,

55 736 497 805 σχολάζοιεν
536 736 592 790 δὲ
620 739 686 805 τῇ
715 735 810 789 τοῦ
841 737 980 791 θείου
1010 739 1172 809 νόμου
1209 740 1427 811 μελέτῃ.
1464 741 1531 795 "0
1564 758 1627 810 γε
1654 741 1760 813 μὴν

55 826 347 899 παρὼν
381 826 615 897 ψαλμδς
645 826 940 899 διαρρήδην
963 827 1200 881 διδάσκει
1230 830 1320 882 ἐπὶ
1347 828 1502 884 τοῦτο
1533 831 1642 884 δεῖν
1665 830 1762 902 τήν

55 917 218 969 τοῦ
269 917 596 973 Σαϐϐἀτου
627 917 822 988 σχολὴν
853 917 1120 973 ποιεῖσθαι
1157 921 1251 974 καὶ
1287 920 1387 993 τήν
1411 921 1518 976 τῶν
1551 922 1763 992 ἀνωφε-

56 1004 242 1058 λῶν
299 1007 546 1078 ἀργιῶν
579 1008 671 1060 ἐπὶ
703 1008 766 1062 τὸ
809 1008 946 1062 κατὰ
986 1009 1182 1064 ταύτὸν
1227 1011 1650 1084 συνερχομένους
1681 1013 1765 1085 έρ-

61 1094 442 1163 γάξεσθαι
466 1097 539 1150 τὰ
559 1096 646 1151 διὰ
667 1097 762 1150 τοῦ
795 1097 1008 1170 ψαλμοῦ
1029 1100 1354 1173 δηλούμενα.
1386 1098 1497 1156 Ἦν
1532 1103 1590 1157 δὲ
1616 1103 1764 1175 πρῶ-

66 1203 224 1240 τον
268 1187 745 1259 ἐξομολογεῖσθαι
769 1189 846 1260 τῷ
879 1191 1070 1262 Κυρίῳ
1091 1208 1108 1224 ο
1134 1192 1385 1264 δεύτερον
1421 1193 1642 1263 ψάλλειν
1675 1193 1763 1248 διὰ

67 1277 251 1333 τῶν
305 1280 611 1351 μουσικῶν
655 1281 900 1353 ὀργάνων
945 1281 1024 1353 τῷ
1061 1283 1281 1354 ὀνόματι
1329 1285 1525 1340 αὐτοῦ’
1578 1286 1762 1357 τρίτον

73 1371 534 1442 ἀναγγέλλειν
562 1374 704 1428 κατὰ
733 1374 832 1438 τὰς
861 1373 1088 1438 ἑωθινὰς
1119 1375 1268 1446 ὥρας
1295 1378 1354 1430 τὸ
1381 1377 1527 1442 ἕλεος
1552 1377 1717 1430 αὑτοῦ
1743 1395 1757 1409 ο

1863 561 2224 616 cessationem
2258 559 2630 632 depellendam
2656 577 2799 628 esse,
2830 569 2888 616 ut
2910 563 2965 616 in
2999 576 3166 615 unum
3193 572 3426 628 congre-

1865 651 1974 721 gati
2017 667 2078 706 ea
2114 667 2233 722 quae
2281 652 2524 722 psalmus
2579 652 2786 707 indicat
2827 659 3179 723 peragantur.
3223 647 3438 703 Eorum,

1867 750 2048 796 autem
2090 742 2323 812 primum
2357 750 2462 808 est,
2495 742 2742 799 conﬁteri
2786 741 3052 809 Domino;
3103 737 3429 806 secundum,

1867 851 1990 890 cum
2028 837 2256 893 musicis
2315 838 2698 896 instrumentis
2741 839 2971 909 psallere
3023 835 3231 893 nomini
3274 834 3427 906 ejus;

1866 927 2112 993 tertium,
2155 928 2438 984 matutinis
2515 929 2667 986 horis
2737 929 3069 985 annuntiare
3115 927 3433 984 misericor-

1865 1016 2016 1071 diam
2047 1017 2204 1087 ejus;
2229 1029 2504 1090 quartum,
2558 1019 2846 1074 nocturnis
2883 1017 3222 1090 temporibus
3267 1031 3428 1071 enaro

1866 1122 1992 1162 rare
2028 1109 2313 1164 veritatem
2342 1109 2505 1180 ejus:
2543 1117 2598 1165 et
2646 1109 2762 1166 haec
2811 1125 2922 1166 non
2962 1107 3125 1164 modo
3167 1107 3330 1163 labiis
3381 1114 3432 1161 et

1864 1214 2020 1262 voce,
2056 1199 2152 1255 sed
2197 1201 2360 1255 etiam
2396 1216 2504 1271 ~per
2548 1201 2884 1257 musicorum
2940 1200 3430 1255 instrumentorum

1865 1289 2226 1360 pulsationem
2257 1304 2419 1360 agere
2452 1306 2468 1343 :
2505 1305 2633 1344 nam
2659 1290 2735 1344 ait
2777 1307 2791 1343 :
2825 1288 2893 1344 In
2923 1288 3248 1345 decachordo
3286 1287 3434 1359 psal-

1870 1378 2020 1442 terio,
2053 1394 2171 1432 cum
2194 1379 2400 1433 cantico
2429 1379 2484 1433 in
2517 1379 2746 1436 cithara.

71 1470 433 1543 τέταρτον
469 1471 775 1542 διηγεῖσθαι
819 1471 918 1544 τὴν
948 1474 1202 1546 ἀλήθειαν
1245 1471 1409 1526 αὑτοῦ
1450 1473 1594 1527 κατὰ
1634 1474 1761 1537 τοὺς
1794 1474 2140 1546 νυκτερινοὺς
2169 1472 2426 1545 καιρούςσ
2469 1476 2563 1528 καὶ
2604 1473 2776 1528 ταῦτα
2806 1472 3066 1547 πράττειν
3132 1473 3209 1547 μὴ
3273 1473 3432 1546 μόνον

79 1565 367 1636 χείλεσι
421 1566 523 1620 καὶ
555 1568 728 1638 φωνῇ,
806 1566 943 1621 ἀλλά
983 1568 1078 1622 καὶ
1109 1568 1197 1621 διὰ
1228 1568 1328 1639 τῆς
1365 1567 1474 1622 τῶν
1519 1569 1790 1640 μουσικῶν
1853 1568 2100 1642 ὁργάνων
2137 1567 2551 1641 ἀνακρούσεωςο
2598 1570 2695 1623 Ἐν
2734 1568 3075 1640 δεκαχόρδῳ
3104 1569 3236 1642 γὰρ,
3275 1569 3430 1642 φησὶ,

85 1661 492 1729 ψαλτηρίφ
521 1660 621 1714 καὶ
636 1661 763 1730 μετ’
787 1661 948 1730 ᾠδῆς
969 1663 1040 1716 ἐν
1063 1661 1295 1731 κιθάρᾳ.

226 1753 419 1826 Ὁρᾷς
459 1749 554 1807 οῦν
587 1755 688 1808 ὅσα
723 1753 982 1825 πράττειν
1027 1758 1056 1810 ὁ
1093 1756 1281 1826 παρὼν
1320 1755 1477 1826 λόγος
1505 1760 1758 1829 παραινεῖ

1928 1752 2096 1812 Vides
2128 1753 2292 1826 igitur
2318 1751 2386 1808 ad
2417 1770 2536 1826 quas
2566 1754 2621 1810 in
2653 1753 2742 1811 die
2772 1753 3193 1812 resurrectionis
3225 1753 3436 1832 agenda

108 1845 300 1900 κατὰ
353 1846 464 1917 τὴν
511 1845 610 1918 τῆς
659 1847 1004 1912 ἀναστάσεως
1041 1847 1288 1920 ἡμέραν;
1334 1847 1761 1920 Ἐπιγέγραπται

115 1936 288 2006 γοῦν
323 1939 358 1991 ό
435 1936 673 2008 ψαλμὸς,
719 1939 807 2004 εις
858 1936 974 2007 τὴν
1013 1937 1242 2008 ἡμέραν
1282 1938 1389 1994 τοῦ
1435 1937 1760 1994 Σαϐϐάτου.

140 2028 341 2084 Ἀλλά
389 2029 495 2084 καὶ
541 2030 590 2083 oi
634 2030 800 2102 ἱερεῖς
852 2031 911 2084 ὲν
947 2029 1027 2101 τῷ
1059 2031 1188 2104 ίερῷ
1230 2030 1370 2085 κατὰ
1400 2031 1460 2085 τὸ
1487 2030 1762 2086 Σάϐϐατον

123 2120 329 2193 ἔτερα
379 2119 615 2174 πλεῖστα
664 2119 932 2192 ἔπραττον
980 2121 1124 2176 κατά
1159 2121 1250 2176 τὸν
1286 2123 1468 2194 νόμον.
1510 2123 1624 2177 Οὐκ
1655 2123 1762 2194 ἄρα

132 2211 483 2284 ὁλοσχερῶς
502 2212 690 2284 ἀργεῖν
717 2213 1060 2285 προστάττει.
1079 2212 1218 2267 Ἀλλ’
1243 2213 1362 2268 οὐδὲ
1389 2216 1500 2278 τοῖς
1529 2212 1762 2286 ἱερεῦσιν

136 2305 184 2374 ἡ
220 2303 328 2357 τοῦ
366 2302 655 2358 Σαϐϐάτου
685 2305 869 2377 ἡμέρα
901 2305 1316 2378 νενομοθέτητο·
1353 2306 1536 2378 μόνοις
1566 2305 1624 2359 δὲ
1650 2307 1763 2370 τοῖς

146 2395 240 2469 μὴ
269 2395 416 2460 οἵοις
448 2413 512 2450 τε
544 2391 662 2450 οῦσι
692 2397 784 2450 τὸν
821 2397 996 2451 πάντα
1027 2397 1216 2470 χρόνον
1247 2397 1348 2467 τῆς
1381 2398 1558 2451 αὐτῶν
1591 2395 1760 2466 ζωῆς,

145 2489 261 2542 καὶ
297 2489 490 2553 πάσας
526 2488 705 2542 αὐτῶν
748 2489 846 2552 τὰς
871 2487 1084 2560 ἡμέρας
1127 2491 1194 2561 τῇ
1242 2488 1337 2542 τοῦ
1375 2488 1510 2542 Θεοῦ
1536 2487 1762 2560 λατρείᾳ

147 2578 261 2634 καὶ
306 2581 430 2642 τοῖς
481 2578 558 2649 τῷ
605 2577 723 2650 Θεῷ
753 2579 927 2648 φίλοις
973 2579 1155 2652 ἔργοις
1200 2579 1512 2652 σχολάζειν·
1552 2579 1763 2644 τούτοις

155 2668 280 2740 γὰρ
327 2670 398 2724 ὲκ
445 2669 829 2742 διαστημάτων
885 2670 1058 2725 ταῦτα
1114 2673 1373 2745 πράττειν
1434 2671 1760 2744 ἐνομοθέτει.

162 2761 300 2824 Τοῖς
326 2777 394 2830 γε
429 2761 541 2833 μὴν
573 2762 852 2835 πλησμονῇ
886 2763 1122 2836 γαστρὸς
1153 2765 1248 2818 καὶ
1290 2763 1447 2838 μέθῃ,
1488 2764 1582 2817 καὶ
1614 2763 1761 2836 πάσῃ

162 2849 426 2923 ἀκοσμίᾳ
478 2851 618 2905 κατά
665 2854 764 2925 τὴν
806 2854 1019 2927 ἡμέραν
1065 2854 1160 2908 τοῦ
1209 2854 1488 2908 Σαϐϐάτου
1537 2855 1764 2919 ἑαυτοὺς

171 2943 537 3014 παρέχουσιν,
567 2946 597 2998 ὁ
621 2943 752 3009 Θεὸς
777 2945 864 3000 διὰ
903 2945 996 3000 τοῦ
1034 2948 1309 3020 προφήτου
1356 2947 1762 3001 ὲπανατείνεται

173 3033 384 3105 λέγων’
420 3038 487 3091 Ol
539 3037 936 3108 ἐφαπτόμενοι
993 3037 1238 3108 ψευδῶν
1276 3039 1619 3094 Σαϐϐάτωνο
1667 3039 1762 3093 καὶ

1861 1845 2116 1901 hortetur
2173 1843 2262 1898 hic
2315 1844 2581 1914 psalmus.
2632 1841 2934 1915 Inscriptus
2987 1843 3134 1898 enim
3187 1842 3438 1914 psalmus

1861 1946 1969 2002 est,
2001 1937 2058 1990 in
2099 1935 2238 1990 diem
2283 1933 2525 1990 Sabbati.
2568 1933 2672 1992 Sed
2704 1942 2765 1992 et.
2797 1935 3110 1992 sacerdotes
3146 1935 3201 1990 in
3234 1935 3436 2007 templo

1861 2029 1950 2086 die
1984 2027 2207 2083 Sabbati
2243 2027 2348 2083 alia
2374 2028 2609 2098 plurima
2647 2026 2947 2084 secundum
2972 2027 3142 2099 legem
3181 2026 3436 2096 agebant.

1861 2120 1982 2177 Non
2021 2136 2150 2192 ergo
2178 2120 2426 2190 praecipit
2454 2126 2514 2174 ut
2541 2118 2769 2175 omnino
2796 2125 3042 2174 vacetur.
3074 2117 3263 2190 Neque
3304 2134 3438 2176 vero

1861 2210 2242 2268 sacerdotibus
2269 2209 2388 2266 dies
2421 2209 2646 2265 Sabbati
2677 2210 3168 2282 praescribebatur;
3211 2211 3307 2266 sed
3345 2227 3436 2267 so-

1861 2303 1975 2359 lum
2003 2303 2074 2358 iis
2105 2302 2201 2374 qui
2229 2317 2334 2358 nec
2378 2309 2496 2358 toto
2527 2302 2654 2358 vita:
2704 2317 2818 2357 sua:
2855 2310 3121 2373 tempore,
3173 2319 3274 2359 nec
3319 2304 3437 2360 sin-

1860 2396 2002 2466 gulis
2034 2394 2226 2452 diebus
2272 2395 2387 2451 suis
2418 2402 2642 2466 possent
2681 2391 2778 2449 Dei
2809 2394 2977 2448 cultui
3025 2403 3080 2450 et
3121 2392 3230 2450 Deo
3278 2409 3435 2450 acce-

1861 2487 1971 2558 ptis
2009 2486 2268 2557 operibus
2311 2501 2507 2543 vacare
2535 2506 2548 2542 :
2575 2502 2702 2541 nam
2735 2485 2826 2552 iis,
2861 2494 2920 2541 ut
2960 2488 3274 2544 intermisso
3314 2487 3432 2543 die-

1861 2594 1984 2634 rum
2027 2579 2205 2650 spatio
2254 2577 2310 2633 id
2354 2586 2597 2652 agerent,
2650 2579 2768 2651 lege
2821 2586 3086 2635 statutum
3133 2587 3270 2636 erat.
3323 2579 3432 2634 Eos

1863 2685 2028 2744 porro
2055 2671 2152 2742 qui
2185 2671 2443 2743 crapulm,
2468 2671 2741 2736 ebrietati,
2785 2670 3018 2741 aliisque
3061 2673 3319 2728 omnibus
3342 2675 3448 2753 _in--

1862 2765 2082 2821 decoris
2128 2765 2299 2838 gestis
2354 2765 2442 2820 die
2479 2763 2702 2820 Sabbati
2749 2779 2808 2821 se
2863 2765 3091 2829 dedunt,
3150 2765 3298 2822 Deus
3336 2782 3434 2837 per

1863 2857 2185 2930 prophetam
2231 2857 2314 2912 sic
2356 2871 2553 2928 aspere
2607 2857 2949 2928 alloquitur:
2982 2856 3088 2923 Qui
3126 2859 3450 2930 contingunt.

1861 2949 2006 3019 falsa
2029 2947 2264 3004 Sabbata
2287 2949 2344 3018 ³;
2377 2962 2443 3004 ac
2472 2963 2716 3014 rursum,
2751 2945 3072 3002 Neomenias
3119 2959 3342 3014 vestras,
3382 2959 3435 3005 et

1863 3041 2087 3096 sabbata
2110 3050 2160 3096 et
2182 3041 2320 3097 diem
2343 3057 2590 3112 magnam
2620 3057 2724 3096 non
2745 3039 2858 3110 [ero
2881 3039 2924 3093 ⁸.
2955 3038 3137 3108 Quare
3166 3039 3432 3106 Verbum,

175 3103 345 3183 πάλιν
363 3145 376 3158 ’
421 3129 534 3197 Τὰς
561 3103 882 3200 νεομηνίας
905 3103 1074 3201 ὑμῶν
1107 3132 1205 3188 καὶ
1237 3131 1310 3186 τὰ
1351 3130 1620 3187 Σάϐϐατα
1662 3131 1758 3186 καὶ

1864 3134 1998 3204 ipsis
2027 3103 2479 3206 repugnantibus,
2502 3148 2598 3204 per
2619 3103 2832 3190 Novum
2861 3103 3271 3188 Testamentum
3289 3103 3433 3189 Sab;

177 3220 411 3290 ἡμέραν
430 3220 706 3292 μεγάλην
732 3224 843 3276 οὐκ
871 3221 1174 3293 ἀνέχομαι.
1215 3223 1306 3276 Διὸ
1335 3223 1400 3297 δὴ
1431 3221 1758 3297 παρῃτημέ-

179 3329 288 3368 νων
336 3312 580 3378 ἐκείνων,
608 3311 695 3366 διὰ
727 3312 824 3384 τῆς
855 3314 1061 3383 Καινῆς
1092 3313 1366 3385 Διαθήκης
1394 3314 1568 3383 Λόγος
1596 3314 1762 3387 μετὴ-

182 3420 322 3473 γαγε
348 3403 443 3456 καὶ
477 3401 823 3474 μετατέθεικε
867 3403 966 3475 τὴν
1002 3401 1097 3456 τοῦ
1131 3401 1405 3456 Σαϐϐάτου
1435 3402 1627 3475 ἑορτὴν
1667 3405 1762 3458 ἐπὶ

185 3497 284 3570 τὴν
311 3496 404 3551 τοῦ
434 3497 609 3568 φωτὸς
654 3497 936 3568 ἀνατολὴν,
974 3499 1068 3551 καὶ
1106 3496 1419 3569 παρέδωκεν
1453 3497 1583 3567 ἡμῖν
1629 3498 1763 3570 ἁλη-

189 3588 340 3660 θινῆς
373 3588 729 3653 ἀναπαύσεως
768 3589 973 3654 είκόνα,
1000 3588 1099 3660 τὴν
1135 3589 1406 3662 σωτηρίαν
1435 3590 1529 3642 καὶ
1551 3591 1760 3660 Κυρια-

189 3679 290 3752 κὴν
317 3681 407 3734 καὶ
432 3681 652 3752 πρώτην
681 3679 776 3734 τοῦ
804 3680 980 3750 φωτὸς
1006 3681 1240 3753 ἡμέραν,
1270 3679 1391 3735 καθ’
1421 3683 1489 3753 ἡν
1517 3682 1547 3734 ό
1572 3680 1772 3755 Σωτήρ.

189 3773 282 3828 τοῦ
321 3773 522 3846 κόσμου
563 3771 706 3846 μετά
755 3773 935 3838 πάσας
988 3772 1154 3827 αὐτοῦ
1206 3772 1306 3838 τὰς
1347 3773 1405 3826 ὲν
1453 3772 1761 3846 ἀνθρώποις

192 3863 430 3938 πράξεις,
461 3865 558 3937 τὴν
584 3864 724 3920 κατὰ
764 3863 858 3920 τοῦ
891 3865 1116 3920 θανάτοι
1150 3864 1307 3940 νίκην
1337 3865 1633 3939 ἀράμενος,
1660 3867 1760 3932 τὰς

193 3956 462 4027 οὐρανίους
518 3955 691 4019 πύλας
734 3957 1092 4028 ὑπερέϐαινεν
1130 3958 1274 4030 ὑπὲρ
1314 3957 1413 4030 τὴν
1457 3956 1760 4030 έξαὴμερον

197 4047 536 4118 κοσμοποιίαν
577 4049 913 4120 γιγνόμενος,
946 4050 1007 4103 τό
1045 4067 1104 4103 τε
1147 4049 1443 4122 θεοπρεπὲς
1483 4051 1761 4106 Σάϐϐατον

200 4138 290 4192 καὶ
318 4137 409 4210 τήν
435 4142 837 4212 τρισμακαρίαν
879 4143 1182 4197 ἀνάπαυσιν
1215 4141 1632 4214 ὑπολαμϐάνων,
1661 4141 1757 4197 τοῦ

202 4229 403 4300 Πατρδς
451 4229 730 4300 εἰρηκότος
775 4229 954 4302 αὐτῷ’
1011 4229 1208 4286 Κάθου
1247 4232 1317 4286 ἐκ
1355 4231 1570 4296 δεξιῶν
1613 4251 1757 4302 μου,

203 4319 306 4386 ἕως
331 4320 402 4374 ἂν
425 4320 504 4376 θῶ
540 4321 680 4388 τοὺς
710 4323 957 4391 ἐχθρούς
988 4339 1106 4378 σου
1140 4324 1473 4378 ὑποπόδιον
1501 4324 1620 4379 τῶν
1648 4341 1757 4380 πο-

1861 3225 1977 3281 bati
2005 3224 2200 3282 festum
2226 3226 2282 3282 in
2311 3225 2451 3282 lucis
2491 3234 2671 3282 ortum
2702 3227 3002 3292 transtulit,
3035 3227 3308 3300 nobisque
3337 3244 3434 3286 ve-

1859 3333 1936 3374 rae
1986 3320 2195 3390 requiei
2247 3320 2538 3391 imaginem
2581 3319 2843 3386 tradidit,
2897 3320 3193 3376 salutarem
3232 3334 3454 3391 nempe.

1860 3408 2223 3476 Dominicam,
2271 3422 2327 3468 et
2365 3412 2596 3481 primam
2646 3412 2786 3469 lucis
2822 3412 2991 3478 diem,
3029 3427 3138 3484 qua
3183 3411 3452 3468 Salvator

1859 3503 2049 3558 mundi
2086 3512 2212 3574 post
2253 3504 2436 3558 omnia
2468 3519 2568 3560 sua
2614 3504 2671 3559 in
2713 3504 3030 3561 hominibus
3058 3505 3205 3562 edita
3235 3520 3452 3575 opera,.

1860 3593 2094 3648 victoria
2123 3593 2190 3650 de
2221 3601 2399 3651 morte
2429 3602 2727 3665 reportata,
2756 3595 3012 3651 caelestes
3030 3605 3216 3666 portas
3249 3603 3432 3651 trans-

1859 3700 2108 3757 gressus,
2142 3701 2238 3742 εει
2289 3685 2502 3742 dierum
2546 3685 2823 3756 opiﬁcium
2867 3687 3243 3751 transcendit,
3278 3695 3434 3741 tunc-

1858 3783 1965 3839 que
1999 3767 2110 3826 Deo
2146 3769 2454 3826 condecens
2498 3767 2793 3824 Sabbatum
2829 3777 2884 3824 et
2915 3770 3288 3826 beatissimam
3337 3784 3446 3823 re-

1857 3859 2039 3930 quiem
2068 3860 2300 3930 accepit,
2341 3859 2556 3914 dicente
2585 3857 2768 3924 Patre,
2802 3857 2936 3914 Sede
2970 3877 3002 3913 a
3034 3859 3234 3914 dextris
3273 3860 3426 3925 meis,

1858 3951 2022 4006 donec
2067 3967 2262 4020 ponam
2302 3951 2543 4004 inimicos
2585 3960 2703 4006 tuos
2745 3951 3031 4006 scabellum
3074 3952 3262 4021 pedum
3309 3961 3429 4006 tuo-

1859 4059 1979 4097 rum
2001 4043 2044 4098 ⁸.
2089 4042 2167 4098 Ea
2206 4043 2316 4107 die,
2365 4057 2489 4114 qua:
2521 4058 2663 4099 vera:
2706 4044 2846 4099 lucis
2883 4051 2939 4099 et
2983 4045 3098 4100 veri
3145 4045 3278 4100 solis
3310 4044 3432 4100 dies

1857 4143 1962 4202 est,
2004 4149 2106 4191 nos
2144 4134 2248 4206 ipsi
2296 4135 2632 4207 congregati,
2678 4150 2776 4192 sex
2821 4135 3015 4192 diebus
3067 4134 3428 4206 interpositis,

1859 4232 2050 4282 sancta
2076 4233 2130 4281 et
2159 4226 2464 4297 spiritualia
2498 4225 2732 4282 Sabbata
2763 4226 3124 4284 celebrantes.
3165 4234 3429 4296 quotquot

1859 4332 1926 4374 ex
1955 4318 2208 4390 gentibus
2239 4319 2295 4373 in
2332 4318 2465 4373 orbe
2510 4325 2625 4373 toto
2664 4333 2760 4388 per
2805 4333 2929 4374 eum
2966 4318 3182 4373 liberati
3213 4335 3428 4383 sumus,

206 4409 318 4465 δῶν
349 4425 476 4466 σου.
517 4413 604 4465 Ἐν
640 4407 697 4486 ᾖ,
751 4414 926 4483 φωτὸς
975 4411 1109 4486 οῦσῃ
1161 4415 1256 4468 καὶ
1291 4413 1486 4487 πρώτῃ
1527 4417 1620 4470 καὶ
1660 4416 1755 4470 τοῦ

1861 4425 1980 4480 qum
2010 4409 2330 4466 sacerdotes.
2355 4409 2411 4464 in
2445 4408 2534 4464 die
2577 4407 2799 4464 Sabbati
2829 4423 2990 4478 agere
3027 4409 3084 4463 in
3116 4408 3230 4480 lege
3255 4417 3422 4464 statu-

209 4501 419 4572 ἀληθοῦς
443 4501 591 4572 ἡλίου
632 4502 834 4574 ἡμέρᾳ,
872 4504 966 4557 καὶ
997 4506 1158 4575 ἡμεῖς
1185 4505 1336 4559 αὐτοὶ
1375 4508 1756 4579 συνερχόμενοι

211 4590 291 4647 διὰ
318 4590 468 4662 μέσου
496 4589 556 4656 ἓξ
578 4590 823 4662 ἡμερῶν,
853 4593 984 4661 ἅγιά
1009 4610 1068 4646 τε
1097 4594 1347 4649 Σάϐϐατα
1378 4597 1473 4650 καὶ
1512 4612 1757 4668 πνευμα-

216 4683 329 4736 τικά
350 4683 680 4754 ἑορτάζοντες
707 4685 755 4736 οἱ
789 4683 846 4750 ἐξ
873 4684 1040 4737 ὲθνῶν
1065 4685 1132 4740 δι’
1161 4686 1326 4740 αὑτοῦ
1363 4686 1758 4760 λελυτρωμένοι

220 4772 323 4826 καθ’
351 4773 465 4843 ὅλης
484 4773 583 4844 τῆς
605 4775 948 4846 οίκουμένης,
982 4775 1052 4830 τὰ
1089 4775 1170 4848 τῷ
1198 4777 1461 4850 Σαϐϐάτῳ
1497 4780 1757 4851 πράττειν

227 4869 316 4930 τοῖς
350 4867 534 4938 ἱερεῦσι
562 4867 1026 4942 νενομοθετημένα
1067 4871 1210 4926 κατά
1248 4872 1342 4928 τὸν
1390 4876 1755 4946 πνευματικὸν

225 4956 362 5026 νόμον
406 4957 764 5031 ἐπιτελοῦμεν.
816 4961 1017 5027 Θυσίας
1061 4979 1121 5016 τε
1171 4963 1280 5035 γὰρ
1332 4966 1428 5019 καὶ
1477 4965 1754 5038 ἀναφορὰς

230 5047 483 5118 ποιούμεθα
515 5052 907 5122 πνευματικὰς,
940 5053 1038 5117 τὰς
1075 5054 1416 5126 καλουμένας
1453 5057 1643 5122 θυσίας
1671 5060 1750 5112 ai-

234 5140 411 5204 δέσεως,
452 5141 542 5193 καὶ
585 5141 774 5208 θυσίας
813 5144 1161 5216 ἀλαλαγμοῦ⁸
1209 5147 1271 5201 τό
1309 5163 1369 5200 τε
1405 5147 1652 5219 θυμίαμα
1687 5149 1749 5202 τὸ

234 5231 391 5295 ,ὑῶδες
427 5233 834 5304 ἀναπέμπομεν,
869 5236 998 5307 περὶ
1041 5233 1103 5290 οὗ
1149 5237 1392 5310 εἴρηταιο
1436 5239 1753 5309 Γενηθήτω

236 5325 261 5388 ὴ
286 5324 558 5393 προσευχή
582 5343 701 5396 μου
729 5327 808 5393 ὼς
840 5328 1100 5398 θυμίαμα
1137 5330 1391 5385 ἐνώπιόν
1417 5348 1553 5385 σου.
1595 5330 1754 5384 Ἀλλά

239 5415 308 5469 sal.
344 5417 447 5479 τοὺς
487 5417 683 5488 ἄρτους
725 5417 827 5487 τῆς
870 5418 1181 5491 προθέσεως
1225 5422 1624 5493 προσφέρομεν,
1655 5419 1751 5492 τὴν

243 5505 452 5575 ςωτήριον
495 5507 712 5577 μνήμην
752 5507 1252 5579 ἀναζωπυροῦντες,
1282 5511 1344 5565 τό
1396 5529 1455 5564 τε
1490 5511 1582 5565 τοῦ
1627 5514 1752 5582 ραν-

244 5593 392 5664 εισμοῦ
423 5591 571 5666 αἷμα,
604 5596 701 5650 τοῦ
740 5597 937 5667 ’Δμνοῦ
974 5597 1068 5651 τοῦ
1107 5599 1260 5663 Θεοῦ,
1292 5599 1385 5654 τοῦ
1419 5601 1756 5673 περιελόντος

1862 4509 1979 4556 tum
2010 4510 2149 4567 erat,
2181 4517 2244 4557 ea
2269 4517 2370 4558 nos
2394 4500 2697 4557 secundum
2729 4501 2900 4571 legem
2934 4501 3275 4572 spiritualem
3306 4516 3424 4572 per-

1867 4593 2103 4650 ﬁcimus.
2153 4593 2288 4648 Nam
2337 4592 2608 4650 sacriﬁcia
2645 4601 2699 4648 et
2747 4591 3052 4648 oblationes
3090 4592 3428 4664 spirituales.

1863 4701 1985 4758 quae
2015 4687 2205 4742 hostia,
2237 4687 2414 4742 laudis
2455 4693 2510 4742 et
2552 4685 2744 4741 hostia:
2765 4683 3110 4754 jubilationis
3137 4692 3427 4749 vocantur,

1861 4777 2221 4848 persolvimus
2249 4796 2262 4832 :
2300 4778 2584 4832 incensum
2610 4777 2738 4831 boni
2765 4776 2950 4832 odoris
3005 4777 3332 4840 emittimus,
3358 4777 3426 4832 de

1858 4884 1970 4939 quo
2001 4869 2204 4923 dictum
2228 4876 2312 4924 est
2345 4887 2358 4923 ε
2390 4867 2518 4922 Fiat
2557 4867 2726 4920 oratio
2747 4884 2862 4922 mea
2901 4867 3036 4922 sicut
3074 4868 3340 4922 incensum
3371 4869 3425 4922 in

1858 4969 2134 5028 conspecta
2172 4969 2262 5014 tuo
2284 4959 2326 5014 ⁸.
2355 4958 2468 5014 lmo
2494 4959 2655 5014 etiam
2689 4974 2858 5029 panes
2905 4960 3300 5030 pr0positionis
3338 4959 3424 5014 of-

1859 5050 2109 5116 ferimus,
2153 5051 2447 5108 salutarem
2487 5052 2805 5106 memoriam
2837 5050 3197 5119 refricantes;
3237 5067 3423 5122 asper-

1857 5144 2069 5200 sionem
2101 5143 2229 5199 item
2269 5142 2552 5215 sanguinis
2582 5143 2722 5215 Agni
2761 5144 2878 5210 Dei,
2921 5146 3015 5215 qui
3061 5145 3204 5199 tollit
3230 5158 3422 5213 pecca-

1855 5243 1972 5290 tum
2004 5233 2214 5300 mundi,
2260 5235 2533 5304 piaculum
2569 5235 2874 5290 animarum
2912 5246 3249 5299 nostrarum,
3288 5232 3416 5288 faci-

1860 5340 1985 5380 mus
2011 5343 2024 5380 :
2051 5324 2256 5378 lumina
2283 5340 2504 5396 quoque
2530 5325 2861 5395 cognitionis
2887 5326 3075 5381 vultus
3106 5323 3200 5380 Dei
3226 5339 3408 5379 accen-

1857 5416 2059 5472 dimus.
2092 5415 2293 5472 Verum
2333 5418 2495 5471 etiam
2538 5433 2622 5484 ea,
2670 5434 2792 5488 qua:
2835 5417 2891 5471 in
2923 5417 3133 5486 psalmo
3164 5414 3422 5487 praesenti

1859 5516 2240 5572 recensentur,
2280 5509 2370 5564 illa
2399 5510 2490 5564 die
2522 5509 2780 5577 perﬁcere
2819 5507 3140 5578 satagimus,
3168 5517 3222 5562 et
3254 5522 3420 5578 opere

1861 5607 1917 5653 et
1942 5598 2122 5654 verbis
2147 5599 2468 5655 conﬁtcntes
2497 5598 2744 5663 Domino,
2777 5605 2829 5652 ct
2872 5586 3167 5666 psallentes
3213 5593 3437 5650 nomini

297 5748 312 5778 ³
346 5749 481 5804 Amos
512 5764 594 5809 vt.
628 5751 682 5806 3.
756 5752 777 5784 ³
815 5750 920 5808 lsa.
956 5767 1004 5808 ι.
1042 5753 1129 5808 l3.
1205 5755 1224 5787 ⁸
1265 5752 1406 5810 Psal.
1442 5770 1562 5810 cxx.
1609 5756 1657 5809 l.
1736 5756 1755 5788 °
1794 5753 1934 5809 Psal.
1972 5771 2072 5808 cu
2139 5754 2191 5806 2.
