3972 6812
562 314 694 370 1171

1304 269 1572 370 EUSEBII
1612 310 2087 368 cmsammsns
2114 310 2266 368 opp.
2309 308 2489 364 psus
2520 307 2605 363 Ill.
2645 336 2710 348 —
2744 303 3150 362 exussum.

3717 303 3858 358 ίιῖἓ

561 435 829 490 Altissimi
859 455 872 492 :
901 451 1062 493 mane
1092 451 1306 508 quoque
1346 438 1412 491 ad
1456 436 1722 493 orientem
1753 438 1893 494 lucis
1922 446 2119 492 nostra!

2223 435 2320 507 τὴν
2343 419 2615 506 ἁμαρτίαν
2643 431 2736 485 τοῦ
2783 431 3010 502 κόσμου,
3047 426 3340 500 καθάρσιον
3371 424 3481 480 τῶν
3535 423 3856 497 ἡμετέρων

560 527 1000 584 misericordiam
1032 545 1062 583 a
1083 527 1196 586 Deo
1214 529 1374 585 nobis
1399 529 1694 600 prmstitatn
1717 529 2126 593 annuntiamus,

562 622 617 669 et
652 616 939 673 veritatem
985 619 1105 690 ejus
1159 621 1215 674 in
1248 621 1503 676 noctibus
1544 637 1642 692 per
1672 621 1910 677 sobriam
1950 629 2003 677 et
2037 635 2131 675 ca-

558 713 698 760 stam
730 711 1207 766 conversationem
1236 713 1590 779 exhibemus;
1635 713 1692 768 in
1726 727 1936 768 summa
1967 721 2129 783 quot-

556 803 690 865 quot
719 797 824 851 alia
854 797 909 852 in
935 797 1173 854 Sabbato
1196 815 1452 871 peragere
1481 802 1748 856 sancitum
1772 809 1908 867 erat,
1938 818 2000 857 ea
2027 817 2130 858 nos

555 887 613 942 in
650 888 986 946 Dominicam
1017 893 1421 956 transtulimus.
1453 901 1638 964 utpote
1667 910 1787 964 quae
1815 895 1990 966 magis
2013 895 2130 949 idoo
2171 949 2178 957 ,

555 993 660 1034 nea
681 987 735 1034 et
772 983 1015 1052 propria,
1043 998 1106 1038 ac
1140 985 1314 1054 prima
1358 985 1484 1040 item
1516 987 1588 1041 sit
1633 997 1684 1042 et
1719 1002 1908 1058 agmen
1941 988 2125 1053 ducat,

551 1077 613 1126 et
663 1069 895 1128 Iudaico
952 1071 1188 1129 Sabbato
1234 1077 1548 1146 pretiosior.
1605 1076 1737 1132 Nam
1789 1078 1878 1133 illa
1930 1078 2017 1134 die
2073 1079 2130 1134 in

556 1163 746 1218 mundi
771 1165 988 1234 opiﬁcio
1019 1182 1144 1222 cum
1173 1167 1402 1223 dixisset
1440 1167 1605 1233 Deus,
1637 1168 1762 1223 Fiat
1788 1169 1881 1223 luas
1905 1209 1922 1235 ,
1985 1170 2127 1226 facta

557 1266 641 1310 est
675 1256 800 1310 lux"
823 1276 836 1311 :
859 1257 912 1311 in
943 1257 1035 1312 illa
1065 1274 1285 1330 quoque
1314 1261 1598 1316 animabus
1629 1263 1833 1318 nostris
1859 1273 2013 1319 ortus
2045 1271 2129 1320 est

560 1345 657 1402 Sol
681 1349 931 1417 iustitiae.
969 1350 1150 1418 Quare
1197 1363 1258 1406 ut
1297 1367 1360 1407 ea
1398 1352 1487 1408 die
1534 1354 1924 1410 convcniamus
1959 1355 2129 1409 tradi-

557 1446 674 1494 tum
706 1443 864 1498 nobis
902 1453 1007 1508 est,
1041 1451 1094 1499 et
1122 1459 1184 1499 ea
1208 1461 1330 1515 qua:
1359 1444 1414 1499 in
1440 1446 1651 1515 psalmo
1678 1446 1940 1516 jubentur
1968 1446 2129 1502 nobis

557 1535 781 1603 exsequi
807 1545 1136 1606 praeceptum
1168 1545 1290 1604 est;
1319 1553 1552 1609 quorum
1591 1538 1825 1608 primum
1859 1547 1964 1602 est,
1995 1552 2127 1593 con-

557 1624 699 1680 ﬁteri
730 1644 743 1680 :
774 1641 898 1681 nam
941 1628 1272 1699 principium
1329 1611 1597 1685 bonorum
1641 1637 1724 1685 est
1769 1630 2125 1700 pristinorum

556 1718 826 1772 malorum
853 1719 1123 1790 depositio
1167 1736 1264 1790 per
1292 1737 1475 1775 veram
1509 1721 1882 1792 pmnitentiam
1915 1730 1967 1776 et
1994 1736 2128 1775 con-

2227 525 2447 598 ψυχῶν·
2489 523 2789 595 ποιοῦμεθά
2819 541 2878 578 τε
2911 522 2980 576 τὰ
3016 522 3169 592 φῶτα
3213 520 3312 589 τῆς
3348 518 3628 587 γνώσεως
3685 533 3860 588 προς.

2227 617 2377 672 ώπου
2425 615 2516 670 τοῦ
2566 615 2700 669 Θεοῦ
2755 614 3114 685 ἐξαπτόμενα.
3160 610 3321 665 Ἀλλὰ
3359 610 3456 663 καὶ
3509 608 3593 661 τὰ
3655 609 3730 660 ἐν
3785 612 3858 674 τζι

2231 708 2367 778 μετά
2393 711 2577 779 χεῖρας
2606 706 2804 777 ψαλμῷ
2832 705 3128 776 φιλοτίμως
3156 703 3390 756 ἐκτελεῖν
3423 699 3583 756 κατὰ
3611 697 3739 768 τὴν
3769 700 3859 750 αὐο

2226 799 2325 869 τὴν
2356 800 2568 870 ἡμέραν
2603 797 2993 868 σπουδάζομεν,
3033 795 3214 864 ἔργοις
3256 794 3466 857 τούτοις
3501 792 3616 845 καὶ
3665 790 3858 858 λάταξ

2228 887 2704 960 ἐξομολογούμενοι
2750 888 2960 959 Κυρίῳ,
2995 887 3088 940 καὶ
3128 885 3420 954 ψάλλοντες
3458 881 3547 952 τῷ
3599 881 3854 948 ὀνόματι

2227 981 2321 1034 τοῦ
2368 979 2652 1050 Ὑψίστου·
2697 977 2894 1052 δρθρου
2918 996 2975 1031 τε
3010 977 3145 1048 πρὸς
3175 978 3363 1039 αὐταῖς
3398 973 3728 1035 ἀνατολαῖς
3761 973 3852 1024 τοί

2229 1072 2490 1144 ἡμετέρου
2535 1070 2709 1140 φωτὸς
2755 1070 2814 1124 τὸ
2856 1069 3143 1140 γενόμενον
3191 1067 3338 1132 ἕλεος
3387 1069 3476 1135 ἐφ’
3522 1066 3708 1136 ἡμᾶς
3761 1063 3850 1114 τοῐ

2228 1163 2362 1218 Θεοῦ
2406 1163 2838 1232 διαγγέλλοντες,
2879 1165 2970 1217 καὶ
3016 1162 3115 1234 τὴν
3159 1159 3416 1232 ἀλήθειαν
3460 1155 3652 1212 αὑτοῦ
3709 1155 3850 1207 κατᾶ

2228 1255 2325 1320 τὰς
2355 1254 2554 1319 νύκτας
2585 1255 2671 1308 διὰ
2706 1253 2978 1326 σώφρονος
3009 1254 3102 1308 καὶ
3147 1253 3317 1321 ἁγνῆς
3351 1248 3742 1320 ἀναστροφῆς
3773 1249 3830 1297 ἐν

2227 1344 2576 1417 δεικνύμενοι,
2611 1347 2704 1399 καὶ
2743 1345 2916 1400 πάντα
2956 1345 3021 1416 δὴ
3071 1345 3170 1398 ὅσα
3211 1342 3344 1397 ἄλλα
3377 1341 3550 1413 ἐχρῆν
3592 1341 3665 1391 ἐν
3711 1338 3839 1389 22:15-

2227 1437 2375 1508 ϐάτῳ
2403 1437 2597 1501 τελεῖν,
2626 1437 2796 1491 ταῦτα
2820 1440 2979 1509 ἡμεῖς
3011 1439 3068 1490 ἐν
3109 1438 3176 1507 τῇ
3209 1437 3462 1506 κυριακῇ
3499 1431 3828 1503 μετατεθεί

2227 1546 2422 1600 καμεν,
2453 1529 2527 1592 ὼς
2561 1527 2627 1582 ἂν
2653 1529 2992 1599 κυριωτέρας
3016 1525 3182 1596 οῦσης
3223 1526 3410 1596 αὐτῆς,
3435 1525 3536 1576 καὶ
3583 1521 3849 1592 ἡγουμέο

2226 1637 2344 1691 νης,
2362 1622 2454 1674 καὶ
2489 1619 2729 1692 πρώτης,
2753 1619 2954 1673 καὶτοῦ
2994 1617 3280 1672 Ἰουδαϊκοῦ
3301 1617 3596 1670 Σαϐϐάτου
3635 1631 3698 1666 τι
3708 1632 3846 1684 μεω-

2225 1705 2408 1783 τέρας.
2437 1710 2592 1765 Κατά
2617 1710 2819 1782 ταύτην
2851 1709 2958 1782 γὰρ
2990 1710 3048 1764 ἐν
3078 1713 3144 1781 τῇ
3169 1707 3497 1778 κοσμοποιία
3531 1705 3847 1776 εἰρηκότος

556 1806 875 1873 fessionem,
908 1824 1028 1878 qua:
1056 1809 1123 1862 ad
1156 1808 1358 1863 bonum
1393 1809 1573 1875 linem,
1602 1807 1811 1864 scilicet
1843 1806 1909 1861 ad
1952 1805 2119 1862 Deum

2223 1807 2316 1860 τοῦ
2365 1805 2520 1868 Θεοῦ,
2569 1801 2884 1872 Γενηθήτω
2921 1802 3068 1871 φῶς,
3114 1801 3207 1855 καὶ
3242 1799 3458 1869 ἐγένετο
3518 1798 3691 1866 φῶςο
3757 1797 3844 1846 καὶ

556 1899 738 1969 ipsum
770 1900 1007 1954 deducit.
1053 1899 1266 1956 Etenim
1315 1901 1359 1956 si
1413 1916 1571 1956 nemo
1607 1901 1784 1956 bonus
1821 1901 1926 1954 nisi
1959 1899 2121 1962 Deus.

555 1992 774 2061 optima:
805 1992 904 2047 via:
933 1993 999 2046 ad
1029 1992 1197 2048 Deum
1224 1993 1474 2048 ducentis
1507 1991 1858 2063 principium,
1905 1991 2122 2046 confes-

557 2083 641 2139 sio
671 2082 853 2138 fuerit.
886 2083 1011 2138 Ideo
1033 2085 1240 2139 dictum
1271 2091 1373 2146 est,
1401 2084 1604 2138 Bonum
1639 2092 1715 2137 est
1739 2083 1976 2151 conﬁteri
2015 2081 2116 2136 Do-

553 2174 718 2227 mino.
744 2172 850 2228 l’ar
877 2176 1078 2245 quippe
1117 2186 1200 2230 cst
1231 2191 1337 2229 non
1379 2174 1692 2229 hominibus
1722 2173 2123 2228 confessionem

553 2263 742 2328 edere,
776 2264 872 2318 sed
904 2265 1006 2334 ipsi
1035 2264 1268 2320 Domino
1308 2265 1474 2319 corda
1507 2264 1796 2320 scrutanti.
1828 2263 1964 2328 Quia
1994 2277 2122 2317 vero

554 2353 833 2408 confessio
868 2370 965 2424 pro
995 2355 1293 2422 gratiarum
1330 2356 1543 2408 actione
1581 2356 1708 2409 item
1744 2353 2029 2424 accipitur,
2065 2360 2123 2406 ut

548 2443 662 2514 jam
699 2447 897 2515 saepius
921 2445 1180 2511 diximus,
1218 2445 1342 2514 jure
1393 2444 1669 2499 Dominica
1709 2444 1796 2498 die
1826 2443 2126 2514 gratiarum

554 2537 800 2590 actiones
831 2535 1058 2590 Domino
1088 2536 1392 2598 reddimus,
1425 2535 1630 2605 ubique
1663 2545 1929 2589 terrarum
1958 2534 2014 2587 in
2035 2547 2124 2587 ec-

553 2625 739 2679 clesiis
771 2625 892 2693 ejus
937 2628 1271 2696 congregati.
1301 2625 1438 2680 Cum
1473 2632 1654 2680 autem
1692 2640 1789 2696 per
1818 2623 2124 2679 confessio-

553 2733 676 2771 nem
709 2733 1058 2787 progressum
1110 2725 1163 2772 et
1191 2725 1538 2788 augmentum
1582 2715 1974 2786 acceperimus,
2005 2720 2124 2768 tum

547 2807 806 2876 jubemur
835 2810 1064 2880 psallere
1104 2808 1170 2862 ad
1203 2810 1479 2863 meliorem
1516 2808 1709 2862 anima:
1757 2814 1960 2862 statum
1994 2820 2123 2876 pro-

550 2901 692 2953 vecti
729 2919 743 2954 :
770 2902 916 2957 aucti
947 2917 1078 2956 vero
1117 2917 1181 2955 ac
1211 2902 1464 2955 meliores
1495 2899 1692 2964 eﬂ‘ecti,
1719 2901 1833 2954 btec
1865 2900 1986 2955 aliis
2024 2915 2122 2954 an-

550 2991 830 3059 nuntiare,
864 3008 928 3046 ac
957 3008 1050 3047 eos
1080 2993 1173 3063 qui
1209 2993 1276 3046 ad
1319 3008 1421 3048 nos
1443 2993 1688 3061 proxime
1718 2991 1984 3047 accedunt
2013 2993 2120 3046 mi-

551 3082 882 3139 sericordias
946 3083 1040 3138 Dei
1093 3084 1326 3139 edocere
1388 3085 1790 3155 praecipimur:
1840 3092 2003 3154 atque
2064 3083 2118 3138 id

549 3187 711 3242 agere
741 3174 1025 3228 matutinis
1073 3174 1244 3236 horis,
1293 3173 1450 3244 quasi
1489 3175 1756 3245 primitias
1795 3173 2113 3228 diurnarum

550 3265 826 3319 actionum
857 3265 1119 3321 doctrina:
1146 3268 1214 3322 de
1243 3266 1336 3320 Dei
1374 3266 1747 3321 misericordia
1774 3265 2040 3322 dicantes.

2225 1898 2343 1952 κατ’
2369 1897 2536 1968 αὐτὴν
2561 1899 2680 1959 ταῖς
2716 1896 3008 1966 ἡμετέραις
3034 1894 3230 1964 ψυχαῖς
3270 1893 3299 1944 ό
3328 1892 3428 1960 τῆς
3463 1886 3844 1953 δικαιοσύνης

2225 1990 2582 2044 ἀνατέταλκεν
2610 1989 2822 2053 Ἱῐλιος·
2847 1987 2924 2040 διὸ
2952 1987 3014 2059 δὴ
3031 1987 3122 2040 καί
3149 1988 3276 2058 ἡμῖν
3302 1982 3678 2056 συνέρχεσθαι
3699 1980 3842 2032 κατα

2223 2079 2424 2150 ταύτην
2459 2079 2834 2151 παραδέδοται,
2863 2078 2954 2132 καὶ
2995 2076 3064 2130 τά
3099 2076 3189 2130 διὰ
3222 2074 3317 2128 τοῦ
3344 2071 3565 2145 ψαλμοῦ
3605 2087 3844 2141 παρηγ-

2225 2171 2459 2242 γελμένα
2497 2171 2591 2224 καὶ
2621 2173 2750 2243 ἡμῖν
2790 2171 3054 2224 ἐπιτελεῖν
3090 2167 3519 2242 προστέτακταιο
3547 2158 3636 2217 ὧν
3683 2161 3841 2234 πρῶ-

2224 2263 2314 2316 τόν
2342 2264 2457 2316 ἐστι
2483 2263 2544 2316 τὸ
2575 2261 3040 2333 ἐξομολογεῖσθαι·
3073 2259 3214 2332 ἀρχὴ
3247 2259 3354 2331 γὰρ
3387 2256 3620 2327 ἀγαθῶν
3659 2257 3700 2326 ἡ
3729 2254 3840 2306 τῶν

2225 2353 2502 2426 προτέρων
2532 2353 2716 2407 κακῶν
2749 2353 3007 2418 ἀπόλυσις
3033 2352 3120 2407 διὰ
3149 2351 3374 2424 γνησίας
3401 2348 3718 2422 μετανοίας
3745 2343 3838 2398 καὶ

2224 2443 2658 2517 ἐξομολογήσεως
2700 2446 3060 2518 ἐγγιγνομένη
3087 2485 3102 2508 ,
3157 2445 3364 2514 ἄγουσά
3416 2460 3473 2495 τε
3522 2441 3624 2494 ἐπὶ
3677 2439 3838 2502 τέλος

2224 2538 2424 2607 ἀγαθὸν
2452 2538 2613 2592 αὑτὸν
2643 2539 2734 2591 τὸν
2760 2538 2910 2594 Θεόν.
2953 2538 3016 2590 Ei
3058 2535 3166 2608 γάρ
3194 2536 3365 2599 οὐδεὶς
3413 2533 3628 2602 ἀγαθὸς
3666 2534 3723 2584 εξ
3761 2530 3832 2600 μὴ

2222 2631 2251 2684 ό
2277 2629 2428 2696 Θεὸς,
2462 2630 2668 2700 ἀγαθῆς
2707 2629 2930 2702 πορείας
2959 2628 3060 2699 τῆς
3103 2627 3195 2681 ἐπὶ
3239 2627 3329 2680 τὸν
3365 2625 3495 2679 Θεὸν
3544 2624 3828 2693 ἀγούσης.

2223 2722 2399 2794 ἀγαθὴ
2426 2722 2622 2791 γένοιτ’
2651 2721 2715 2775 ἂν
2741 2720 2881 2794 ἀρχὴ
2906 2721 2940 2792 ἡ
2971 2718 3370 2790 ἐξομολόγησις.
3406 2717 3496 2770 Διὸ
3523 2714 3828 2769 λέλεκται’

2235 2814 2474 2886 Ἀγαθὸν
2507 2815 2572 2870 τὸ
2608 2812 3095 2884 ἐξομολογεῖσθαι
3144 2809 3222 2875 τῷ
3277 2809 3487 2876 Κιρίῳ.
3547 2807 3671 2859 Καὶ
3719 2806 3828 2876 γὰρ

2223 2908 2488 2982 προσήκει
2525 2909 2598 2981 μὴ
2629 2905 2936 2978 ἀνθρώποις
2975 2901 3377 2956 ἐπιδείκνυσθαι
3414 2899 3512 2970 τὴν
3552 2898 3824 2968 ἐξομολό-

2221 3017 2401 3071 γησιν,
2423 2999 2536 3052 ἀλλ’
2571 2997 2716 3069 αὖτῷ
2745 2997 2821 3068 τῷ
2850 2996 2950 3060 τὰς
2994 2994 3219 3066 καρδίας
3263 2991 3556 3064 ἐρευνῶντι
3597 2989 3820 3060 Κυρίῳ.

2235 3092 2385 3146 Ἐπεὶ
2403 3091 2459 3144 δὲ
2489 3089 2817 3161 λαμϐάνεται
2854 3089 2886 3160 ἡ
2917 3085 3301 3158 ἐξομολόγησις
3335 3084 3425 3138 καὶ
3457 3081 3552 3136 ἐπὶ
3593 3081 3702 3152 τῆς
3735 3080 3823 3133 εὐ-

2220 3177 2524 3252 χαριστίας,
2551 3178 2627 3242 ὡς
2660 3177 2918 3240 πολλάκις
2957 3179 3090 3248 ἡμῖν
3125 3177 3362 3247 εἴρηται,
3397 3173 3633 3236 εἰκότως
3675 3172 3820 3224 κατά

2219 3271 2314 3342 τὴν
2331 3270 2613 3342 Κυριακὴν
2640 3269 2850 3342 ἡμέραν
2874 3268 2968 3322 καὶ
2993 3268 3090 3333 τὰς
3117 3267 3462 3340 εὐχαριστίας
3485 3265 3652 3335 ἡμῶν
3689 3266 3818 3321 ἀπο.

547 3357 761 3428 δίδομεν
792 3357 870 3428 τῷ
899 3359 1108 3430 Κυρίῳ,
1143 3359 1414 3428 πανταχοῦ
1444 3359 1543 3429 τῆς
1565 3357 1888 3428 οἰκουμένης
1917 3360 1973 3410 ἐν
2001 3360 2120 3422 ταῖς
2148 3360 2458 3432 ἐκκλησίαις
2494 3361 2658 3414 αὑτοῦ
2707 3360 3108 3431 συνερχόμενοι.
3149 3357 3527 3431 Προκόψαντες
3599 3358 3660 3410 δέ
3729 3358 3815 3410 διὰ

547 3452 648 3523 τῆς
675 3451 1129 3524 ἐξομολογήσεως,
1160 3453 1262 3524 ἡδη
1291 3454 1385 3506 καὶ
1415 3452 1637 3522 ψάλλειν
1668 3452 2000 3522 κελευόμεθα
2033 3453 2127 3506 ἐπὶ
2156 3455 2436 3525 κρείττονα
2471 3456 2649 3527 ψυχῆς
2703 3455 3034 3509 κατάστασιν
3098 3453 3454 3526 προελθόντες
3474 3470 3487 3482 ·
3525 3453 3816 3515 ἐπιδόντες

547 3545 606 3598 δέ
639 3544 718 3598 ἔτι
763 3547 856 3598 καὶ
902 3545 1139 3615 βελτίους
1183 3547 1463 3617 γενόμενοι
1494 3545 1737 3610 ἑαυτῶν,
1784 3545 1884 3617 ῆδη
1929 3545 2022 3600 καὶ
2060 3549 2138 3610 είς
2166 3545 2383 3612 ἐτέρους
2413 3547 2794 3616 ἀπαγγέλλειν,
2821 3546 3091 3600 διδάσκειν
3121 3562 3180 3598 τε
3204 3543 3330 3607 τοὺς
3380 3545 3509 3614 ἡμῖν
3571 3542 3813 3612 πλησιαο

549 3635 743 3700 ζοντας
788 3637 858 3692 τὰ
906 3637 999 3691 τοῦ
1049 3639 1255 3711 Κυρίου
1307 3640 1430 3710 ἐλέη
1486 3639 1964 3710 προσταττόμεθα·
2023 3639 2117 3694 καὶ
2147 3641 2306 3694 τοῦτο
2328 3643 2584 3714 πράττειν
2615 3640 2754 3695 κατά
2786 3639 2886 3703 τάς
2914 3638 3156 3712 πρωῖνὰς
3202 3637 3349 3710 ὥρας
3389 3635 3575 3707 ῶσπερ
3628 3638 3812 3707 ἀπαρ-

548 3727 650 3799 χάς
673 3729 782 3782 τῶν
809 3729 878 3782 δι’
901 3729 1112 3802 ἡμέρας
1139 3731 1387 3802 πράξεων
1413 3730 1751 3793 ἀνατιθέντες
1781 3733 1847 3802 τῇ
1875 3729 2000 3802 περὶ
2029 3731 2130 3784 τοῦ
2150 3731 2329 3796 ἐλέους
2359 3732 2452 3786 τοῦ
2476 3731 2611 3786 Θεοῦ
2639 3731 2975 3802 διδασκαλία.

622 3837 748 3894 Πίου
807 3854 972 3910 porro
1037 3839 1192 3908 jubet
1251 3838 1536 3910 Scriptura
1597 3856 1858 3912 peragere
1939 3841 2122 3912 primo

548 3931 829 3998 diluculo,
899 3939 1186 4002 postquam
1247 3931 1460 3986 animas
1521 3939 1574 3987 et
1629 3947 1860 4003 corpora
1927 3942 2119 3989 nostra

547 4034 822 4080 nocturno
865 4033 1106 4094 tempore
1160 4031 1348 4079 sancta
1422 4033 1477 4080 et
1513 4023 1553 4080 'a
1594 4025 1850 4081 sordibus
1898 4027 2120 4098 quibus-

549 4133 655 4187 que
711 4133 846 4186 pura
903 4115 1340 4179 servaverimus,
1399 4117 1728 4188 pietatisque
1791 4119 2114 4182 veritatem,

547 4207 776 4276 repetita
859 4205 1143 4259 nocturnis
1215 4204 1364 4260 horis
1441 4206 1622 4261 cultus
1696 4204 1788 4260 Dei
1853 4208 2116 4261 memoria

547 4297 973 4366 susceperimus.
1026 4293 1166 4350 Olim
1219 4289 1437 4365 quidem
1491 4311 1615 4350 cum
1671 4298 1854 4367 populi
1901 4313 1969 4352 ex
2015 4297 2115 4352 cir-

546 4390 882 4446 cumcisione
927 4403 1024 4459 per
1084 4388 1328 4459 symbola
1389 4395 1441 4441 et
1495 4387 1694 4458 ﬁguras
1739 4388 1906 4444 Deum
1963 4388 2112 4442 cole-

2286 3843 2471 3898 Ταῦτα
2519 3844 2576 3897 δὲ
2616 3845 2876 3916 πράττειν
2919 3847 2948 3899 ό
3003 3843 3162 3914 λόγος
3214 3841 3646 3916 παρακελεύεται
3684 3843 3810 3914 ἅμα

2216 3936 2282 4006 τῇ
2315 3927 2389 4004 έῲ
2411 3973 2426 3997 ,
2475 3934 2922 4006 προφυλάξαντας
2965 3935 3165 4006 δηλαδὴ
3217 3934 3423 3988 ἑαυτῶν
3470 3933 3567 3998 τὰς
3623 3935 3802 4004 ψυχάς

2216 4025 2318 4078 καὶ
2347 4023 2416 4078 τὰ
2451 4024 2676 4096 σώματα
2710 4024 2850 4079 κοιτά
2890 4026 3013 4088 τοὺς
3047 4025 3145 4096 τῆς
3177 4023 3370 4088 νυκτὸς
3404 4025 3630 4096 καιροὺς
3667 4025 3802 4092 ᾰγια

2216 4117 2309 4170 καὶ
2343 4117 2541 4182 παντὸς
2574 4117 2850 4189 μολυσμοῦ
2894 4117 3286 4190 καθαρεύοντα,
3313 4117 3566 4186 ἀλήθειάν
3605 4133 3665 4168 τε
3701 4117 3799 4170 εὖ·

2217 4209 2431 4274 σε6είας
2453 4209 2916 4282 ἐπιδεδεγμένους,
2947 4209 3033 4263 διά
3067 4209 3158 4262 τοῦ
3193 4210 3284 4262 καὶ
3313 4211 3431 4272 ταῖς
3455 4211 3797 4279 νυκτεριναῖς

2221 4301 2394 4374 ὥραις
2441 4303 2540 4373 τῆς
2567 4303 2659 4356 τοῦ
2710 4301 2846 4356 Θεοῦ
2899 4302 3190 4374 θεραπείας
3248 4299 3574 4372 μεμνῆσθαι.
3621 4301 3793 4354 Πάλαι

2224 4394 2322 4462 μὲν
2378 4388 2492 4458 οῦν,
2536 4393 2772 4464 ὁπηνίκα
2823 4393 2912 4447 διὰ
2958 4393 3239 4464 συμϐόλων
3291 4393 3384 4447 καὶ
3434 4391 3618 4445 τύπων
3673 4392 3792 4445 ἐλά-

545 4490 688 4546 rent,
721 4497 826 4535 non
860 4480 1217 4550 incongruum
1247 4489 1363 4533 erat
1385 4496 1481 4550 per
1506 4480 1760 4550 psalteria
1795 4489 1848 4535 et
1874 4480 2114 4536 citharas

2223 4501 2410 4555 τρευον
2441 4485 2490 4537 οἱ
2523 4485 2586 4537 ἐκ
2624 4485 2942 4556 περιτομῆς,
2973 4486 3074 4538 οὐκ
3116 4483 3340 4547 ἀπεικὸς
3373 4478 3438 4554 ῆν
3471 4483 3558 4536 διὰ
3590 4483 3786 4553 ψαλτη-

546 4576 778 4646 hymnos
810 4573 917 4628 Deo
945 4575 1212 4636 emittere,
1245 4571 1404 4642 idque
1434 4572 1522 4627 die
1567 4571 1788 4626 Sabbati
1837 4582 2114 4643 praastare,

544 4668 716 4724 otium
764 4680 959 4736 nempe
998 4666 1290 4728 solventes,
1330 4673 1384 4720 et
1419 4664 1472 4718 in
1524 4664 1625 4718 hoc
1677 4664 1845 4734 legem
1892 4664 2114 4719 Sabbati

543 4761 1030 4834 transgredientes.
1071 4761 1183 4818 Nos
1229 4776 1358 4815 vero
1398 4758 1643 4814 Iudicum
1696 4759 1750 4813 in
1790 4760 2113 4814 abscondito

542 4861 826 4910 servantes
883 4853 1182 4908 secundum
1237 4849 1368 4907 illud
1427 4851 1668 4922 Apostoli
1719 4852 1920 4906 dictum
1953 4850 2111 4906 :Non

541 4946 681 5002 enim
711 4946 800 5014 qui
852 4946 904 4999 in
953 4945 1254 5012 manifesto,
1287 4943 1510 4999 Judwus
1564 4955 1662 5011 est,
1693 4961 1851 5016 neque
1899 4962 2016 5016 qua:
2058 4947 2112 4999 in

540 5036 845 5104 manifesto.
880 5037 934 5089 in
965 5052 1141 5100 carne,
1161 5045 1238 5091 est
1267 5037 1630 5099 circumcisio;
1661 5036 1751 5090 sed
1778 5038 1868 5105 qui
1905 5037 1958 5090 in
1983 5036 2111 5091 abs-

539 5126 750 5179 condito
787 5125 1008 5180 Juda’us
1046 5135 1146 5188 est,
1182 5136 1231 5180 et
1274 5127 1601 5181 circumcisio
1617 5127 1790 5180 cordis
1815 5130 1867 5181 in
1899 5129 2108 5196 spiritu,

541 5233 644 5268 non
673 5216 925 5282 littera“;
961 5217 1160 5271 viventi
1203 5217 1460 5286 ps-nlterio
1487 5225 1542 5272 et
1583 5218 1789 5272 cithara
1845 5220 2108 5284 animata,

541 5306 1035 5376 spiritualibusque
1109 5306 1337 5360 canticis
1419 5305 1678 5376 hymnum
1753 5306 2103 5362 eﬂ'undimus.

539 5397 702 5452 Omni
735 5399 936 5468 quippe
961 5400 1326 5452 instrumento
1353 5400 1562 5454 musico
1602 5402 1878 5471 acceptior
1903 5409 1955 5456 et
1978 5416 2108 5457 sua-

537 5488 660 5543 vior
690 5489 798 5543 Deo
827 5488 990 5544 fuerit
1029 5489 1234 5544 Christi
1273 5491 1596 5560 populorum
1646 5501 1967 5557 concentus,
1999 5508 2108 5562 quo

537 5581 593 5636 in
639 5581 896 5636 omnibus
936 5581 1028 5636 Dei
1059 5582 1307 5637 ccclesiis
1358 5597 1464 5635 una
1511 5593 1708 5651 mente,
1745 5600 1853 5639 uno
1890 5583 2106 5649 aﬂectu,

665 5733 799 5791 Gen.
841 5751 887 5801 ι,
924 5737 976 5792 5,
1053 5737 1071 5766 ⁸
1112 5735 1267 5793 Rom.
1307 5752 1380 5807 ιι,
1414 5736 1516 5802 ‘28,
1553 5737 1639 5792 ΞΕ).

2225 4579 2352 4649 ρίων
2395 4579 2486 4633 καλ¹
2527 4579 2753 4651 κιθάρας
2804 4579 3145 4650 ἀναπέμπειν
3187 4578 3334 4642 τινάς
3373 4577 3450 4649 τῷ
3505 4577 3622 4648 Θεῷ
3667 4578 3786 4640 τοὺς

2223 4670 2444 4741 ῦμνους,
2477 4671 2572 4725 καὶ
2611 4671 2767 4728 τοῦτο
2813 4674 2983 4726 ποιεῖν
3019 4674 3140 4736 ταῖς
3183 4670 3416 4742 ἡμέραις
3451 4669 3544 4723 τοῦ
3585 4669 3780 4722 Σαϐϐά-

2218 4779 2332 4825 του,
2369 4763 2744 4833 παραλύοντας
2782 4761 2978 4834 δηλαδὴ
3013 4761 3111 4834 τὴν
3143 4761 3364 4834 ἀργίαν,
3397 4761 3489 4814 καὶ
3529 4761 3777 4832 παραεαῖ-

2219 4872 2406 4918 νοντας
2443 4856 2532 4909 τὸν
2562 4855 2723 4926 νόμον
2751 4854 2842 4908 τὸν
2882 4854 3010 4925 περὶ
3046 4851 3140 4907 τοῦ
3179 4853 3486 4906 Σαϐϐάτου·
3525 4855 3676 4923 ἡμεῖς
3703 4852 3774 4913 δὲ,

2217 4947 2308 5000 τὸν
2360 4947 2418 5002 ἐν
2481 4947 2709 5020 κρυπτῷ
2768 4947 3017 5001 Ἰουδαῖον
3071 4945 3446 5010 ἀποσώζοντες
3509 4945 3642 4998 κατὰ
3689 4944 3772 4997 τὸν

2217 5038 2494 5106 φάσκοντα
2531 5039 2846 5093 Ἀπόστολον
2866 5054 2878 5066 ·
2918 5041 2999 5092 Οὐ
3032 5037 3140 5108 γὰρ
3169 5037 3238 5090 ἐν
3263 5035 3344 5102 τῷ
3389 5035 3620 5104 φανερῷ
3653 5036 3770 5089 Ἰουο

2216 5127 2382 5195 δαῖός
2409 5111 2598 5194 ἐστιν’,
2624 5127 2765 5184 οὐδὲ
2792 5129 2829 5196 ἡ
2857 5129 2928 5181 ἐν
2961 5127 3041 5194 τῷ
3078 5125 3312 5197 φανερῷ
3365 5128 3435 5189 ἐν
3476 5127 3645 5194 σαρκὶ
3677 5142 3765 5180 ,τε-

2207 5219 2444 5289 ριτομὴ,
2468 5221 2604 5274 ἀλλ’
2625 5223 2658 5274 ό
2689 5221 2760 5273 ἐν
2785 5218 2864 5284 τῷ
2889 5217 3128 5287 κρυπτῷ
3167 5217 3460 5282 Ἰουδαῖος,
3496 5216 3592 5269 καὶ
3619 5217 3651 5283 ἡ
3672 5232 3762 5269 πε-

2209 5309 2421 5379 ριτομὴ
2455 5310 2700 5380 καρδίας
2729 5311 2799 5364 ὲν
2822 5311 3130 5380 πνεύματι,
3173 5310 3246 5362 οὐ
3283 5307 3588 5379 γράμματι,
3623 5307 3762 5372 ζῶντι
3791 5362 3795 5366 _

2213 5402 2492 5474 ψαλτηρίῳ
2516 5403 2608 5455 καὶ
2634 5403 2836 5474 κιθάρᾳ⁸
2863 5402 3112 5473 ἐμψύχῳ,
3135 5402 3528 5471 πνευματικαῖς
3545 5416 3602 5452 τε
3621 5399 3762 5470 ᾠδαῖς

2213 5492 2301 5544 τὸν
2343 5491 2508 5562 ῦμνον
2550 5492 2885 5563 ἀποδίδομεν.
2932 5492 3138 5556 Παντὸς
3166 5491 3211 5544 δ’
3248 5487 3340 5544 οὖν
3379 5489 3608 5561 ὀργάνου
3646 5507 3758 5559 μου-

2216 5585 2364 5638 σικοῦ
2393 5573 2585 5654 γένοιτ’
2604 5583 2669 5639 ἃν
2695 5586 2770 5656 τῷ
2790 5585 2910 5656 Θεῷ
2930 5583 3334 5658 προσηνεστέρα
3360 5583 3395 5652 ἡ
3414 5582 3521 5636 τῶν
3547 5581 3757 5654 Χριστοῦ
