3972 6812
73 332 100 385 ι
119 329 223 386 73
1179 296 1189 307 ’
1273 325 1794 382 COMMENTAle
1821 324 1888 380 lN
1922 311 2292 378 PSALMOS.’
3286 314 3428 370 rm

59 450 222 505 σιῶν
279 447 676 521 συμφωνία,
725 449 847 503 καθ’
877 449 944 520 ἢν
983 451 1042 504 ὲν
1083 450 1284 513 πάσαις
1329 451 1448 513 ταῖς
1491 449 1583 502 τοῦ
1622 461 1627 494 t

1861 451 1978 522 pari
2009 461 2286 504 consensu
2313 447 2367 499 et
2395 451 2502 499 una
2528 441 2795 499 sententia
2816 439 2936 496 lidei
2963 447 3016 498 et
3039 429 3282 511 pietatis,
3315 457 3423 496 una

65 542 504 614 κκλησίαις,
546 539 888 612 ὁμογνώμονι
923 539 1066 612 ψυχῇ
1096 542 1190 594 καὶ
1226 541 1324 610 μιᾷ
1353 537 1608 603 διαθέσει,

1859 556 2012 606 voce,
2050 541 2221 596 melos
2255 539 2308 594 in
2360 536 2680 608 psalmodiis
2733 535 3054 590 emittimus.
3098 532 3423 602 llujusmodi

57 634 398 708 ρροςςύνῃ¹
444 651 520 688 τε
577 633 672 687 καὶ
715 632 964 704 ὁμοδοξία
1015 632 1249 695 πίστεως
1295 630 1391 684 καὶ
1439 629 1625 684 εὐσεδε

1857 635 2025 706 igitur
2054 632 2370 706 psalmodiis
2399 637 2452 686 et
2490 629 2717 686 citharis
2757 627 3133 700 spiritualibus
3179 626 3256 681 uti
3291 642 3424 681 con-

57 727 424 798 ιμόφωνον
465 723 641 794 μέλος
673 723 729 774 ἐν
759 723 879 783 ταῖς
919 719 1308 791 ψαλμολογίαις
1340 719 1625 790 ἀναπέμπο

1857 727 2180 782 suevimus:
2234 723 2362 792 quia
2416 721 2469 774 id
2525 720 2685 775 docet
2731 718 3026 790 Apostolus
3077 717 3163 772 his
3220 717 3425 783 verbis,

57 817 438 880 Γοιαύταις
499 811 599 869 οὖν
635 814 984 886 ψαλμῳδίαις,
1026 813 1120 866 καὶ
1165 812 1417 883 κιθάραις
1465 828 1625 882 πνευρ

1858 815 2096 870 Psalmis
2141 822 2190 868 et
2219 813 2442 867 canticis
2476 819 2525 864 et
2569 810 2777 880 hymnis
2823 808 3252 880 spiritualibus’.
3305 807 3426 861 Alia

57 913 212 972 καῖς
266 907 566 980 χρῆσθαι
599 906 890 978 εἰώθαμεν,
938 905 1061 960 ἐπεὶ
1104 903 1200 958 καὶ
1242 903 1400 958 τοῦτο
1437 897 1625 956 ’διὸἀσκ

1860 908 1985 963 item
2045 905 2260 961 ratione
2311 903 2524 958 cithara
2574 900 2738 956 fuerit
2778 907 2952 955 totum
3001 914 3221 970 corpus,
3271 897 3428 967 cujus

69 1001 494 1063 Ἀπόστολος
528 999 733 1064 λέγων’
772 997 1037 1067 Ψαλμοῖς
1072 997 1168 1051 καί
1199 995 1378 1065 ᾠδαῖς
1405 996 1505 1050 καί
1548 995 1637 1064 ῦμε

1860 998 2096 1053 motibus
2127 1005 2181 1052 et
2209 995 2466 1067 operibus
2519 993 2701 1048 anima
2737 991 3124 1047 cundecentem
3165 991 3428 1062 hymnum

59 1091 610 1162 πνευματικοῖς.
653 1091 750 1163 Εἵη
785 1091 830 1144 δ’
871 1089 936 1144 ἂν
977 1089 1150 1153 ἄλλως
1191 1089 1392 1162 κιθάρα
1441 1088 1538 1159 μὲν
1565 1087 1612 1142 τί

1858 1088 1966 1144 Deo
1991 1089 2210 1143 emittit.
2253 1084 2581 1142 Psalteriqu
2623 1092 2802 1138 autem
2842 1081 3026 1136 decem
3074 1079 3426 1138 chordarum.

71 1184 305 1255 σῶμα,
336 1180 415 1239 οὗ
457 1183 557 1237 διὰ
587 1182 696 1236 τῶν
727 1183 994 1254 κινήσεων
1019 1182 1246 1236 καὶτῶν
1271 1178 1522 1251 πράξεων
1551 1180 1584 1250 ἡ
1611 1178 1639 1248 ψ

1861 1180 2098 1250 Spiritus
2143 1179 2316 1234 sancti
2375 1179 2559 1232 cultus
2605 1183 2711 1240 est,
2759 1189 2854 1245 per
2883 1175 3125 1244 quinque
3182 1171 3429 1242 corporis

67 1277 184 1331 τὸν
234 1277 573 1348 πρέποντα
611 1275 690 1345 τῷ
727 1274 850 1345 Θεῷ
879 1273 1045 1346 ὕμνον
1095 1272 1414 1327 ἁπώίδωσι·
1458 1270 1634 1341 ψαλτή

1856 1288 2074 1335 sensus,
2107 1277 2172 1326 et.
2195 1285 2290 1341 per
2337 1269 2562 1325 totidem
2605 1267 2797 1322 animae
2835 1267 3066 1322 virtutes
3103 1265 3377 1321 exhibitas
3413 1278 3424 1314 :

72 1369 141 1423 δὲ
176 1368 572 1439 δεκάχορδον
599 1365 756 1439 ήΙτοῦ
785 1366 940 1436 ἀγίου
972 1367 1111 1420 Πνεύ
1121 1382 1286 1436 ματος
1315 1363 1402 1417 διὰ
1433 1363 1540 1417 τῶν
1567 1363 1640 1416 αἰ(

1858 1383 1980 1438 quae
2019 1365 2104 1420 his
2153 1364 2396 1420 declarat
2441 1363 2583 1418 idem
2635 1361 2950 1432 Apostolus,
3000 1357 3426 1427 Ombospirim,

73 1461 336 1532 τηρίων
388 1461 575 1514 πέντε
620 1460 718 1531 μὲν
759 1459 852 1512 τοῦ
899 1457 1166 1530 σώματος,
1209 1455 1507 1528 ἰσαρίθμων
1553 1454 1610 1508 δὲ

1863 1453 2019 1510 orabo
2059 1466 2230 1507 autem
2262 1462 2311 1506 et
2347 1461 2556 1516 mente;
2590 1451 2821 1521 psallam
2856 1450 3047 1521 spiritu
3069 1489 3083 1512 ,
3115 1447 3342 1516 psallam
3381 1455 3431 1498 et

76 1551 306 1624 ψυχῆς
338 1553 675 1624 δυνάμεων,
700 1551 1091 1622 ἐπιτελουμένη
1125 1549 1350 1620 λατρεία
1373 1565 1386 1578 ο
1414 1546 1450 1601 ἃ
1493 1545 1558 1617 δὴ
1589 1561 1644 1597 πε

1865 1543 2106 1597 mente”.
2141 1540 2308 1606 Quasi
2343 1541 2552 1596 scilicet
2575 1541 2923 1597 mens-etiam
2956 1548 3138 1593 motus
3179 1552 3310 1593 suos
3335 1535 3433 1589 ha-

81 1646 252 1710 στὰς
301 1647 337 1700 ὁ
393 1645 575 1708 αὐτὸς
606 1643 928 1708 Ἀπόστολός
973 1641 1104 1712 φησί
1159 1659 1292 1694 ποῦ’
1343 1637 1649 1708 Προσεύξο

1862 1635 2005 1702 beat,
2045 1633 2244 1704 quibus
2275 1632 2456 1703 pulsat
2495 1647 2724 1702 corpus;
2757 1640 2810 1688 et
2861 1633 3086 1701 spiritus
3135 1629 3264 1684 item
3297 1643 3430 1700 pro-

83 1737 181 1803 τῷ
233 1739 591 1807 πνεύματι,
617 1736 1022 1806 προσεύξομαι
1063 1733 1132 1788 δὲ
1167 1733 1262 1787 καὶ
1297 1729 1378 1797 τῷ
1424 1731 1546 1784 r01“
1577 1732 1651 1798 ψο

1685 1727 1756 1782 ῑῶ
1857 1724 2007 1796 prius
2042 1723 2285 1778 obtineat
2315 1732 2517 1789 motus,
2556 1725 2756 1794 quibus
2789 1724 3024 1777 animam
3053 1729 3253 1777 movet.

90 1827 186 1894 τῷ
236 1829 590 1898 πνεύματι,
631 1825 805 1896 ψαλῶ
851 1825 920 1879 δὲ
968 1825 1064 1880 καί
1113 1822 1192 1890 τῷ
1246 1824 1374 1878 νοτ·
1423 1820 1498 1884 ὡς
1536 1820 1630 1873 καὶ
1675 1817 1770 1872 τοῦ
1807 1815 1925 1879 νοὸς
1975 1813 2109 1876 ἰδίας
2149 1813 2362 1884 ἔχοντος
2412 1816 2672 1886 κινήσεις,
2719 1815 2786 1870 δι’
2831 1808 2907 1870 ὧν
2941 1813 3300 1888 ἀνακρούεται
3371 1815 3434 1868 τὸ

98 1925 324 1997 σῶμα,
366 1925 476 1979 καὶ
511 1924 607 1978 τοῦ
654 1923 961 1994 πνεύματος
995 1922 1156 1976 πάλιν
1187 1919 1415 1983 οἰκείας,
1449 1918 1514 1971 δι’
1542 1909 1616 1971 ὧν
1653 1915 1750 1986 τὴν
1776 1911 1952 1984 ψυχὴν
1984 1912 2212 1982 ἐνεργεῖ.

189 2044 337 2095 ’Ὁτι
364 2038 686 2110 εὔφρων-ἀς
711 2055 809 2108 με,
838 2039 1034 2106 Κύριε,
1067 2038 1138 2090 ἐν
1177 2033 1257 2101 τῷ
1291 2033 1575 2104 ποιήματι
1613 2047 1757 2096 σου,

1915 2024 2082 2081 Vens.
2120 2026 2172 2080 5.
2210 2023 2349 2090 Quia
2380 2024 2654 2080 delectasti
2697 2042 2797 2090 me,
2851 2025 3094 2091 Domine,
3131 2027 3189 2080 in
3219 2026 3433 2096 factum

115 2135 226 2189 καὶ
255 2134 336 2188 ὲν
361 2128 501 2199 τοῖς
528 2135 724 2202 ἔργοις
744 2130 862 2184 τῶν
887 2130 1100 2200 χειρῶν
1126 2144 1242 2183 σου
1283 2125 1683 2198 ἀπαλλιάσομι

1879 2134 1968 2184 ua,
2007 2126 2056 2172 et
2087 2118 2145 2171 in
2177 2119 2416 2185 operibus
2460 2135 2709 2172 manuum
2745 2127 2958 2172 tuarum
2998 2119 3296 2176 exsultabo.
3329 2119 3447 2186 Qui:

134 2226 200 2280 '0
234 2226 462 2294 νοήσας
507 2223 606 2295 τὴν
649 2222 754 2275 ὑπὸ
790 2220 882 2275 τοῦ
926 2219 1062 2274 θεοῦ
1107 2219 1481 2290 πεποιημένην
1515 2216 1702 2288 ἡμέρα·

1881 2213 1997 2266 hem
2029 2226 2061 2264 a
2106 2208 2340 2265 Domino
2380 2210 2582 2264 factam
2635 2210 2922 2283 intellexit,
2960 2211 3029 2266 de
3069 2227 3176 2281 qua
3222 2211 3449 2266 dictum.

124 2319 271 2390 περὶ
310 2313 386 2390 ἧς
422 2316 666 2390 εἴρηται,
709 2315 869 2383 Αὕτη
920 2315 958 2382 ἡ
1003 2312 1213 2383 ἡμέρα,
1257 2311 1338 2380 ἣν
1384 2311 1674 2377 ἐποίησεν

1883 2311 1957 2366 st,
1993 2301 2122 2356 Haec
2154 2301 2286 2366 dies,
2330 2317 2489 2372 quam
2520 2300 2644 2370 fecit
2691 2300 2972 2366 Dominus,
3023 2302 3344 2356 exsultcmus
3381 2311 3451 2357 ει·

128 2415 391 2481 Κύριος,
425 2410 929 2483 ἀγαλλίασὼμεθα
971 2409 1070 2463 καὶ
1100 2406 1520 2478 εὐφρανθῶμεν
1545 2405 1614 2459 ἐν
1641 2421 1696 2457 αι

1881 2407 2094 2454 solemur
2122 2398 2177 2451 in
2208 2398 2350 2463 ea“,
2384 2396 2474 2451 hic
2497 2397 2660 2458 dicet,
2695 2395 2835 2462 Quia
2866 2395 3145 2450 delectasti
3189 2413 3290 2458 me,
3323 2395 3449 2449 Doo.

131 2503 236 2574 τῇ,
288 2499 457 2568 οὗτος
509 2505 646 2576 ὲρεῖ,
686 2504 806 2556 ’Ὁτι
848 2500 1152 2572 εὔφρανας
1187 2517 1284 2570 με,
1321 2500 1524 2567 Κύριε,
1560 2498 1630 2551 ἐν
1671 2515 1699 2549 τ

1865 2493 2012 2556 mitte,
2045 2492 2101 2545 in
2134 2491 2348 2561 factura
2381 2499 2495 2543 tua.
2533 2487 2640 2543 Sed
2672 2489 2932 2558 quoniam
2971 2487 3040 2542 de
3076 2487 3163 2542 die
3207 2487 3433 2543 Sabbati

136 2598 444 2668 ποιήματι
492 2612 630 2652 σου.
673 2595 811 2649 Ἀλλ’
843 2596 1030 2666 ἐπειδὴ
1083 2595 1209 2666 περὶ
1250 2593 1352 2663 τῆς
1397 2592 1608 2664 ἡμέρας
1657 2608 1704 2643 τι

1883 2584 1942 2638 lic
1969 2585 2222 2654 psalmus
2252 2582 2551 2652 inscriptus
2580 2587 2686 2646 est,
2716 2595 2932 2650 quaeras
2953 2596 3054 2634 cur
3080 2579 3136 2634 in
3175 2579 3261 2634 die
3291 2579 3451 2633 Sab-L

139 2691 442 2746 Σα66ἀτου
489 2692 519 2743 ὁ
555 2688 744 2761 παρὼν
789 2688 1000 2759 ψαλμὺς
1033 2687 1468 2759 προγέγραπται,
1497 2684 1707 2754 ζητήσει

1862 2675 1968 2731 bati
2005 2691 2064 2730 se
2111 2675 2442 2730 delectatum
2489 2687 2614 2728 esse
2661 2671 2830 2738 dicat,
2861 2685 2971 2725 non
3005 2671 3072 2726 de
3103 2669 3198 2725 Dei
3220 2672 3430 2743 requie,

150 2783 274 2845 πῶς
327 2784 387 2836 ὲν
419 2783 606 2853 ἡμέρᾳ
639 2760 929 2834 Σαὸϐἀτου
973 2778 1280 2851 ηὐφράνθαι
1321 2775 1488 2845 λέγει,
1520 2775 1620 2828 οὐκ
1661 2775 1718 2827 ἐπ

1867 2783 2036 2838 neque
2063 2766 2130 2823 de
2159 2769 2280 2836 ejus
2313 2763 2640 2828 cessatione,
2669 2771 2728 2817 ut
2757 2760 2929 2817 «ἰυᾱεί
2961 2763 3276 2833 opinentur,
3303 2762 3435 2832 quia

152 2879 224 2946 τῇ
267 2873 619 2929 καταπαύσει
655 2873 748 2926 τοῦ
793 2871 950 2936 Θεοῦ,
983 2873 1088 2925 οὐδ’
1124 2871 1218 2924 ὲπὶ
1254 2873 1318 2942 τῇ
1359 2869 1526 2942 ἀργίᾳ
1565 2865 1720 2922 αὐτοῦ

1868 2862 1910 2913 iu
1963 2859 2085 2930 ipso
2121 2859 2358 2916 cessavit
2391 2858 2460 2913 ab
2507 2858 2766 2916 omnibus
2813 2861 3072 2932 Operibus
3126 2861 3263 2922 Suis.
3311 2874 3436 2930 qua

158 2967 260 3030 ὼςο
287 2965 355 3020 ἂν
403 2965 726 3019 ὑπολάϐοιεν
775 2963 1037 3025 Ἰουδαῖοι,
1065 2961 1154 3015 διά
1190 2961 1250 3014 τὸ
1300 2962 1358 3014 ἐν
1401 2961 1540 3030 αὐτῇ
1583 2975 1722 3012 κατα

1888 2951 2006 3006 ecit.
2044 2949 2111 3004 Et
2139 2965 2269 3005 vero
2297 2950 2346 3006 si
2371 2965 2435 3006 ea
2463 2953 2670 3020 quae-in
2717 2953 2929 3024 psalmo
2955 2951 3205 3008 feruntur
3245 2951 3456 3007 Judai--

161 3056 371 3113 παῦσαι
413 3059 523 3112 ἀπὸ
561 3058 778 3111 πάντων
810 3055 916 3109 τῶν
954 3054 1130 3126 ἔργων
1169 3051 1354 3115 αὑτοῦ,
1391 3044 1466 3105 ὧν
1509 3049 1729 3121 ἐποίησε

1861 3056 1982 3096 cum
2013 3039 2312 3096 Sabbatum
2337 3042 2693 3113 respicerent,
2715 3050 2994 3113 oporteret
3025 3044 3230 3100 dixisse
3254 3043 3429 3106 illum,

162 3149 278 3204 Καὶ
304 3149 409 3222 μὴν
437 3150 626 3219 ὲχρῆν,
658 3147 815 3218 εἴπερ
837 3147 942 3219 ἄρα
969 3147 1048 3209 είς
1070 3145 1131 3198 τὸ
1166 3143 1454 3198 Ἰουδαϊκὸν
1479 3142 1730 3197 Σάϐϐατα

1882 3132 2004 3187 ede
2053 3133 2166 3186 otio
2198 3130 2316 3194 Dei,
2353 3143 2538 3202 atque,
2574 3140 2634 3188 ut
2667 3132 2742 3187 ita
2780 3133 2986 3198 dicant,
3019 3133 3086 3190 de
3126 3134 3450 3188 cessatione

168 3239 464 3310 ἀνεφέρετο
507 3239 577 3292 τὰ
619 3237 708 3292 διὰ
751 3235 845 3290 τοῦ
893 3235 1105 3307 ψαλμοῦ
1159 3233 1499 3306 δηλούμενα,
1552 3232 1644 3286 ἐπὶ
1685 3235 1736 3304 τῇ

1864 3224 1927 3279 ab
1972 3223 2230 3294 operibus
2269 3223 2594 3280 delectatum
2623 3239 2746 3280 esse
2775 3240 2788 3276 :
2829 3233 2885 3279 at
2914 3241 3022 3280 non
3061 3226 3134 3279 ita
3168 3224 3432 3296 loquitur,

175 3329 339 3400 σχολῇ
381 3327 476 3381 τοῦ
525 3325 683 3391 Θεοῦ,
723 3326 818 3381 καὶ
849 3329 936 3398 τῇ,
970 3325 1058 3388 ὡς,
1088 3325 1154 3379 ἂν
1192 3325 1416 3390 εἴποιεν,
1451 3323 1743 3377 ἀναπαύσει

1889 3315 1953 3371 ed
1980 3315 2076 3378 ait,
2112 3313 2403 3370 Delectasti
2453 3332 2554 3382 me,
2597 3313 2841 3378 Domine,
2875 3317 2929 3370 in
2982 3316 3193 3385 factura
3233 3326 3346 3384 tua,
3383 3324 3454 3372 οε·

175 3391 270 3473 {an
314 3391 482 3492 ἀργίᾳ
522 3419 686 3472 αὑτοῦ
723 3391 1031 3492 ηὑφράνθαι
1081 3416 1364 3486 λέγεσθαιο
1414 3417 1509 3472 νῦν
1553 3416 1609 3468 δὲ
1658 3416 1743 3486 οὐχ

1867 3409 1913 3463 in
1951 3407 2195 3473 operibus
2227 3425 2479 3462 manuum
2518 3418 2732 3463 tuarum
2773 3409 3073 3478 exsultabo,
3111 3418 3296 3479 aperte
3340 3409 3435 3464 de-

178 3508 319 3564 οὓτω
348 3511 529 3582 φησιν,
565 3509 678 3563 ἀλλ’
712 3508 1028 3580 Εὔφρανάς
1049 3527 1148 3580 με,
1171 3510 1364 3578 Κύριε,
1385 3509 1456 3562 ἐν
1479 3507 1559 3574 τῷ
1585 3507 1746 3575 omni.

1867 3501 2076 3555 clarans
2127 3501 2360 3556 seorsitn
2407 3501 2700 3565 facturam,
2746 3516 2811 3556 ac
2847 3502 3077 3557 seorsim
3109 3516 3276 3572 opera
3317 3515 3435 3554 ma-

177 3602 316 3671 ματί
357 3617 492 3668 σου,
543 3601 642 3656 καί
699 3601 768 3654 ἐν
811 3601 936 3668 τοῖς
979 3601 1176 3670 ἔργοις
1225 3599 1342 3654 τῶν
1382 3599 1596 3669 χειρῶν
1637 3616 1745 3654 σου

1873 3609 2025 3646 mum
2057 3592 2150 3648 Dei
2194 3592 2450 3658 indicari,
2488 3593 2543 3648 in
2575 3593 2777 3664 quibus
2823 3608 2884 3648 se
2932 3592 3260 3649 delectatum
3313 3609 3441 3650 esse

181 3693 633 3765 ἀγηλλιάσομαι,
671 3693 925 3765 ἄντικρυς
963 3691 1235 3764 παριστὰς
1283 3691 1425 3755 ἰδίως
1471 3692 1570 3762 μὲν
1614 3693 1749 3744 νοεῖ-

1892 3685 2168 3752 onlitetur,
2204 3685 2302 3741 sed
2330 3700 2437 3740 non
2501 3687 2557 3740 in
2605 3685 2936 3742 cessatione.
2985 3684 3460 3740 Facturavautenr

189 3786 306 3841 σθαι
335 3787 394 3840 τὸ
424 3785 648 3859 ποίημα,
682 3787 774 3840 καὶ
798 3786 958 3840 πάλιν
991 3786 1139 3849 ἰδίως
1167 3783 1235 3838 τά
1255 3784 1394 3856 ἔργα
1415 3785 1524 3836 τῶν
1555 3783 1753 3854 χειρῶν

1865 3777 2038 3847 aliquo
2093 3777 2256 3832 modo
2305 3776 2467 3831 fuerit
2496 3777 2612 3847 ipsa
2652 3778 2791 3842 dies,
2817 3778 2886 3832 de
2915 3793 3022 3845 qua
3057 3777 3262 3831 dictum
3307 3786 3433 3831 est:

187 3876 276 3930 τοῦ
300 3875 450 3940 Θεοῦ,
477 3878 560 3946 ἐφ’
601 3872 680 3941 οἷς
720 3875 1026 3948 ηὐφράνθαι
1075 3875 1345 3947 ὁμολογεῖ,
1372 3873 1486 3928 ἀλλ’
1521 3875 1621 3928 οὐκ
1660 3873 1754 3925 ἐπὶ

1868 3867 1990 3923 ch
2011 3868 2142 3933 dies,
2175 3886 2334 3940 quam
2383 3869 2504 3940 fecit
2539 3868 2817 3934 Dominus,
2857 3870 3178 3923 exsultemus
3208 3877 3258 3922 et
3290 3869 3436 3922 lacte-

191 3967 254 4038 τῇ
299 3966 474 4039 ἀργίᾳ.
510 3966 612 4037 Εἴη
655 3966 700 4018 δ’
751 3967 817 4020 ἂν
870 3966 1080 4038 ποίημα
1123 3966 1219 4036 μὲν
1264 3964 1386 4017 καθ’
1422 3963 1521 4018 ’ἑνα
1554 3963 1754 4036 τρόπον

1866 3980 1977 4016 mur
2007 3964 2061 4016 in
2095 3979 2178 4017 ea.
2208 3961 2492 4033 Signiﬁcat
2526 3979 2655 4019 vero
2689 3963 3119 4018 resurrectionis
3153 3963 3294 4017 diem
3323 3961 3434 4016 Do-

195 4055 324 4128 αὖτη
352 4059 384 4128 ἡ
420 4057 613 4130 ἡμέρα,
649 4061 777 4129 περὶ
806 4054 874 4130 ἦς
911 4057 1152 4129 εἴρηταιο
1183 4057 1346 4124 Αὕτη
1379 4056 1418 4122 ἢ
1453 4055 1643 4126 ἡμέρα
1675 4052 1756 4121 ἣν

1879 4055 2137 4118 ninicam,
2164 4063 2224 4110 ut
2270 4055 2394 4111 aliis
2436 4056 2491 4110 in
2530 4055 2668 4110 locis
2707 4063 2896 4125 aperte
2933 4053 3447 4123 comprobavimus,

201 4147 466 4216 ἐποίησεν
499 4152 530 4202 ό
560 4151 794 4216 Κύριος,
824 4148 1321 4219 ἁγαλλιασώμεθα
1363 4148 1459 4201 καὶ
1501 4149 1753 4216 εὐφρανο

1867 4146 1985 4202 dum
2013 4163 2134 4219 quae
2159 4147 2230 4202 ad
2259 4146 2446 4202 mundi
2477 4147 2808 4203 creationem
2856 4154 3105 4217 spectant
3134 4146 3435 4216 explicare-

204 4237 468 4308 θῶμενοέν
487 4239 638 4308 αὐτῇ
657 4257 670 4270 ο
712 4239 860 4311 δηλοῖ
891 4241 947 4293 δὲ
977 4240 1072 4311 τὴν
1105 4240 1472 4310 ἀναστάσιμον
1522 4239 1614 4292 καὶ
1638 4241 1753 4292 Κυ-

1891 4254 2014 4294 ius:
2041 4238 2108 4294 de
2130 4254 2239 4310 qua
2273 4238 2411 4294 dixit
2450 4239 2664 4310 Moyses
2691 4255 2706 4292 :
2730 4239 2795 4293 In
2839 4239 3098 4308 principio
3129 4237 3252 4307 fecit
3295 4236 3459 4292 Deus

209 4317 392 4403 ριακὴιῖ
423 4330 644 4402 ἡμέραν,
686 4331 762 4394 ὼς
811 4333 867 4383 ὲν
904 4331 1109 4402 ἑτέροις
1155 4330 1546 4395 ἀποδεικτικῶς
1584 4348 1743 4402 παρεο

1891 4330 2041 4383 ωιιιηι
2063 4338 2113 4383 et
2150 4329 2444 4394 terram“;
2501 4344 2565 4384 ac
2605 4329 2848 4398 subjicit,
2897 4327 3022 4382 Fiat
3057 4329 3169 4390 lux,
3212 4338 3263 4382 et
3289 4327 3459 4396 factae

210 4425 490 4495 στήσαμεν,
539 4423 606 4477 τὰ
654 4423 762 4476 ἀπὸ
809 4422 906 4492 τῆς
953 4422 1306 4494 κοσμοποιίας
1363 4421 1751 4494 παραθέμενοι,

1865 4428 1930 4473 est
1960 4419 2153 4474 lux:et
2181 4419 2461 4490 appellavit
2487 4420 2624 4474 Deus
2647 4420 2834 4486 lucem,
2861 4419 2998 4474 diem
3019 4421 3080 4472 "‘.
3102 4418 3266 4474 Vides
3288 4419 3433 4474 enim

211 4515 318 4568 καθ’
353 4514 412 4586 ἢν
451 4517 476 4568 ό
517 4515 774 4585 Μωῦσῆς·
815 4514 911 4566 Ἐν
947 4513 1126 4584 ἀρχῇ,
1169 4515 1352 4587 φησὶν,
1398 4515 1690 4586 ἐποίησεν
1721 4517 1754 4569 ὁ

1863 4511 2071 4564 nullum
2105 4511 2252 4565 aliud
2268 4511 2541 4580 Opilicium
2569 4526 2634 4565 ea
2651 4509 2740 4565 die
2760 4510 2898 4565 elﬁci
2931 4509 3036 4564 nisi
3069 4510 3238 4565 solam
3264 4509 3431 4570 diem,

217 4608 344 4674 Θεὸς
366 4607 460 4661 τὸν
485 4605 742 4676 οὐρανὸν
763 4606 860 4660 καί
890 4606 1004 4675 τὴν
1033 4605 1180 4676 γῆν·
1212 4607 1306 4660 καὶ
1347 4607 1608 4676 ἐπιλέγει,
1644 4610 1754 4662 Γε-

1861 4602 1934 4657 ita
1968 4610 2026 4657 ut
2076 4604 2154 4658 illi
2207 4603 2311 4656 hoc
2343 4603 2550 4658 dictum
2598 4603 2767 4673 probe
2796 4602 3107 4665 conveniat,
3145 4601 3271 4657 ch
3297 4600 3429 4664 dies,

217 4696 426 4766 νηθήτω
458 4697 594 4766 φῶς,
642 4695 743 4750 καί
784 4695 1023 4766 ἐγένετο
1065 4695 1223 4766 φῶς·
1273 4695 1373 4750 καί
1400 4696 1696 4751 ἐκάλεσεν
1721 4699 1754 4750 ό

1883 4713 2017 4750 ruam
2046 4695 2170 4765 fecit
2202 4696 2480 4750 Dominus.
2507 4692 2653 4748 Nihil
2685 4696 2886 4765 quippe
2936 4694 3084 4749 aliud
3121 4701 3316 4764 praeter
3351 4694 3451 4762 ip»

223 4765 348 4855 Θεὸς
383 4789 439 4841 τὸ
461 4765 592 4856 Ϋφῶς
633 4765 881 4857 ἡμέραν.
910 4787 1072 4859 Ὁρᾷς
1119 4786 1230 4858 γὰρ
1266 4787 1342 4851 ὡς
1382 4787 1532 4840 οὐδὲν
1569 4787 1756 4859 ἕτερον
1790 4769 1791 4814 Ῡ

1867 4804 1976 4843 sam
2010 4789 2152 4844 diem
2192 4788 2454 4852 condidit,
2490 4801 2610 4856 quae
2656 4793 2774 4841 erat
2812 4786 2990 4856 prima
3033 4784 3338 4847 Dominica,
3367 4786 3435 4838 de

223 4881 274 4934 ὲν
311 4879 458 4952 ταύτῃ
481 4881 683 4948 γίνεται
727 4879 1138 4952 δημιούργημα,
1182 4879 1295 4934 ἀλλ’
1341 4880 1479 4952 αὕτη
1538 4881 1674 4952 μόνη
1723 4883 1758 4952 ή

1883 4896 1967 4951 [ua
2009 4895 2157 4936 nunc
2188 4881 2412 4940 dicitur.
2461 4877 2600 4944 Quia
2641 4877 2914 4931 delectasti
2958 4893 3059 4941 me,
3099 4877 3345 4940 Domine,
3378 4878 3451 4930 ἕης

224 4969 401 5043 ἡμέρα,
427 4971 490 5035 ὡς
518 4971 842 5044 ἐφαρμόζειν
869 4974 1006 5044 αὐτῇ
1035 4974 1095 5026 τὸ
1125 4973 1332 5043 φάσκον
1362 4972 1560 5042 λόγιον,
1598 4973 1756 5042 Αὕτη

1860 4975 2224 5042 facturatua:
2265 4987 2430 5042 opera
2464 4979 2644 5026 autem
2701 4985 2960 5023 manuum
2993 4969 3114 5039 ejus
3155 4984 3218 5024 ea
3276 4977 3428 5032 sunt,

227 5059 260 5126 ἡ
283 5057 446 5128 ἡμέρα
466 5057 538 5127 ἢν
559 5059 848 5127 ἐποίησεν
875 5063 908 5114 ό
935 5063 1167 5130 Κύριος.
1215 5061 1350 5116 Οὐδὲ
1395 5063 1505 5134 γὰρ
1547 5062 1674 5116 ἄλλο
1705 5079 1755 5115 τι

1879 5081 1979 5136 [uae
2011 5065 2369 5136 sequentibus
2391 5063 2584 5119 diebus
2614 5062 2754 5116 facta
2781 5061 3119 5116 scribuntur.
3152 5060 3273 5116 Alio
3303 5062 3447 5115 item.

228 5150 323 5204 ἀλλ’
350 5150 494 5222 αὐτὴν
531 5150 626 5222 τὴν
665 5152 877 5224 ἡμέραν
920 5153 1193 5224 ἐποίησεν,
1233 5155 1355 5226 ἥτις
1390 5151 1459 5226 ἦν
1500 5158 1533 5226 ὴ
1565 5153 1754 5225 πρώτη

1866 5157 2024 5214 modo
2067 5157 2278 5213 factura
2314 5155 2572 5218 dicantur
2613 5154 2887 5209 intellectu
2920 5152 3166 5223 praedita,
3194 5151 3434 5206 rationa-

230 5243 462 5316 Κυριακὴ,
484 5243 604 5317 περὶ
628 5238 695 5316 ἧς
725 5245 820 5299 καὶ
841 5244 935 5300 νῦν
970 5243 1224 5315 λέγεσθαι
1257 5247 1338 5310 τὸ,
1370 5249 1490 5301 ’Ὁτι
1528 5247 1755 5316 ηὔφρα-

1861 5249 1987 5304 bilia
2017 5257 2070 5304 et
2094 5248 2421 5317 incorporea
2467 5244 2561 5300 Dei
2590 5242 2828 5316 opiliéia,
2863 5260 2970 5314 qua
3013 5244 3223 5298 ratione
3248 5242 3429 5296 anima

233 5334 326 5403 κάς
353 5353 432 5404 με,
450 5337 631 5404 Κύριε,
660 5337 730 5392 ἐν
756 5336 838 5403 τῷ
871 5337 1152 5408 ποιήματι
1189 5354 1336 5394 σου’
1375 5339 1509 5412 ἔργα
1554 5340 1612 5394 δὲ
1643 5357 1756 5410 χει-

1862 5339 1926 5394 ad
1955 5339 2248 5410 imaginem
2282 5337 2378 5391 Dei
2408 5337 2550 5392 facta
2576 5352 2701 5391 esse
2730 5337 2938 5405 scripto
2966 5336 3237 5399 traditur;
3265 5347 3430 5404 opera

239 5427 328 5497 ρῶν
351 5428 484 5481 αὐτοῦ
509 5429 574 5484 τὰ
593 5431 652 5484 ἐν
673 5431 794 5493 ταῖς
821 5429 958 5500 μετὰ
977 5429 1150 5482 ταῦτα.
1172 5431 1405 5503 ἡμέραις
1430 5431 1756 5503 γεγενῆσθαι

1863 5446 1988 5487 vero
2011 5446 2271 5485 manuum
2305 5430 2446 5500 ejus,
2467 5429 2752 5486 sensibilia
2782 5436 2834 5482 et
2865 5442 3126 5497 corporea
3151 5427 3272 5496 eius
3300 5440 3431 5497 ope-

237 5516 658 5591 ἁναγεγραμμένα.
694 5520 852 5574 Κατὰ
887 5520 945 5574 δὲ
986 5520 1171 5592 ἓτερον
1203 5523 1402 5594 τρόπον
1436 5523 1651 5595 λεχθείη
1690 5523 1756 5578 ἂν

1863 5538 1941 5590 ra,
1982 5523 2050 5578 de
2091 5522 2290 5593 quibus
2329 5522 2537 5578 dictum
2575 5529 2680 5587 est,
2722 5521 2987 5587 Quoniam
3026 5518 3204 5573 videbo
3251 5517 3431 5583 calas,

243 5611 414 5681 ποίημα
437 5612 519 5682 μὲν
552 5611 622 5665 τὰ
662 5612 827 5684 νοητά
869 5612 964 5666 καὶ
1003 5611 1196 5682 λογικά
1237 5614 1330 5668 καὶ
1366 5614 1634 5686 ἀσώματα
1661 5615 1754 5668 τοῦ

1870 5631 2020 5684 opera
2064 5617 2350 5686 digitorum
2387 5623 2620 5678 tuorum,
2663 5615 2847 5666 lunam
2886 5621 2936 5666 οι
2977 5615 3182 5679 stellas,
3215 5621 3438 5684 qucum

303 5763 510 5838 "Ephes.
548 5784 602 5836 ν,
642 5768 727 5825 19.
807 5770 850 5802 ³ο
891 5767 910 5823 l
946 5769 1073 5826 Cor.
1109 5785 1220 5839 xw,
1262 5769 1346 5826 15.
1427 5772 1462 5803 ¹¹
1506 5771 1654 5829 Psal.
1691 5785 1871 5835 cur],

1427 5772 1462 5803 ”
1506 5771 1654 5829 Psal.
1691 5785 1873 5835 cur],
1915 5769 2002 5825 2i.
2085 5770 2126 5801 "
2166 5767 2298 5825 Gen.
2341 5785 2395 5836 ι,
2437 5770 2484 5824 l.
2569 5768 2609 5800 ⁸³
2650 5765 2777 5821 ibid.
2817 5765 2885 5832 ὅ,
2917 5765 2951 5821 5
