3972 6812
543 372 683 428 H75

1247 368 1516 427 EUSEBII
1554 366 2032 427 CESARIENSIS
2065 368 2216 428 OPP.
2252 368 2432 427 PARS
2469 369 2554 424 Ill.
2593 397 2664 409 --
2705 359 3116 420 EXEGET'LCA.
3630 369 3740 429 “76

539 489 776 548 fundasti
790 488 852 542 ιδ.
885 486 1049 542 Docet
1087 487 1257 558 igitur
1301 486 1415 542 hac
1453 485 1756 558 Scriptura,
1791 488 1847 542 in
1880 488 1996 544 otio
2021 487 2106 544 di-

2209 485 2343 542 Θεοῦ
2377 487 2670 558 κτίσματα,
2698 483 2817 538 καθ’
2857 481 2885 534 δ
2929 480 3023 535 καὶ
3059 483 3094 551 ἡ
3143 481 3264 533 κατ’
3295 479 3479 532 εἰκόνα
3519 479 3605 533 τοῦ
3637 483 3741 537 Θεοῦ

539 582 786 638 vinarum
836 581 1310 643 exercitationum,
1347 580 1513 650 inque
1549 581 1857 637 cessatione
1892 596 1922 635 a
1976 597 2102 637 cor-

537 676 716 745 poreis
745 683 800 728 et
834 671 1158 726 mortalibus
1203 671 1482 741 operibus,
1517 687 1678 741 quam
1727 669 2021 727 Sabbatum
2052 679 2108 728 et

537 765 779 834 requiem
842 763 1124 833 Scriptura
1177 772 1356 828 vocat,
1391 777 1488 819 eos
1520 764 1613 834 qui
1659 764 2106 834 contemplationi

536 857 905 927 spiritualium
946 855 1110 911 simul
1137 863 1190 909 et
1232 855 1570 911 sensibilium
1602 855 1696 911 Dei
1735 871 1960 926 operum
2008 871 2103 910 va-

537 957 681 1012 cant,
704 951 907 1011 dicere,
929 949 1068 1015 Quia
1094 947 1367 1002 delectasti
1395 965 1496 1009 me,
1537 948 1780 1011 Domine,
1809 949 1862 1000 in
1890 947 2103 1017 factura

517 1021 648 1104 ltua,
679 1041 801 1094 etin
827 1040 1065 1107 operibus
1103 1056 1353 1093 manuum
1380 1049 1592 1093 tuarum
1618 1039 1896 1094 exsultabo
1930 1055 1949 1092 :
1979 1055 2102 1094 nam

538 1147 598 1185 ea:
635 1131 995 1202 magnitudine
1039 1141 1090 1185 et
1133 1131 1525 1201 pulchritudine
1574 1144 1942 1186 creaturarum
1981 1147 2105 1199 pro-

537 1224 771 1290 portione
792 1223 1022 1294 quadam
1041 1223 1217 1294 opifex
1239 1240 1422 1278 earum
1451 1225 1773 1292 conspicitur
1796 1224 1876 1276 "z
1905 1239 1968 1278 ac
1993 1225 2105 1294 spi-

537 1314 775 1378 ritnalia,
830 1315 1149 1385 incorporea
1197 1323 1253 1370 et
1285 1316 1553 1378 caelestia,
1598 1331 1812 1370 necnon
1859 1315 2098 1371 visibilia

431 1443 435 1448 ς
537 1403 675 1474 ejus,
709 1419 741 1458 a
778 1404 1054 1461 creatione
1084 1404 1271 1460 mundi
1294 1405 1556 1476 operibus
1583 1405 1854 1460 intellecta
1881 1405 2100 1474 conspi-

537 1494 776 1558 ciuntur,
811 1495 1112 1551 secundum
1142 1503 1392 1550 sanctum
1421 1495 1737 1565 Apostolum
1755 1496 1819 1550 “.

2208 579 2547 649 γεγενημένη
2589 575 2734 646 ψυχὴ
2780 571 3107 644 πεποιῆσθαι
3152 571 3592 642 ἀναγέγραπται·
3639 573 3742 645 ἔργα

2207 667 2506 742 δὲοχειρῶν
2560 665 2723 722 αὐτοῦ
2769 666 2838 720 τὰ
2884 662 3116 735 αἰσθητὰ
3156 663 3249 716 καὶ
3293 664 3576 734 σωματικά
3616 666 3743 719 αὐτοῦ

2209 757 2684 829 δημιουργήματα,
2709 757 2836 826 περὶ
2865 748 2941 808 ὧν
2969 753 3210 825 εἴρηται·
3247 752 3367 805 Ὀτι
3400 752 3611 821 ὄψομαι
3638 771 3745 823 τους

2210 847 2527 916 οὐρανοὺς,
2551 848 2696 917 ἔργα
2732 845 2850 899 τῶν
2882 845 3199 901 δακτύλων
3217 857 3353 906 σου,
3394 842 3657 910 σελήνην
3673 849 3744 900 καί

2210 938 2500 1008 ἀστέρας,
2543 937 2583 993 d
2637 938 2719 992 σὺ
2763 937 3178 1006 ἐθεμελίωσας.
3232 934 3486 990 Διδάσκει
3536 935 3744 1010 τοίνυνῄ

2213 1029 2351 1100 μετὰ
2383 1032 2569 1101 χεῖρας
2613 1026 2823 1100 Γραφὴ,
2857 1029 2914 1082 ὲν
2956 1029 3022 1098 τῇ
3067 1025 3227 1098 σχολῇ
3273 1025 3382 1078 τῶν
3420 1023 3576 1078 θείων
3615 1027 3745 1093 dexi-

2212 1138 2370 1188 σεων,
2394 1123 2488 1174 καὶ
2509 1123 2575 1192 τῇ
2598 1120 2708 1174 τῶν
2730 1119 3054 1190 σωματικῶν
3089 1119 3180 1172 καὶ
3205 1117 3413 1188 θνητῶν
3439 1117 3611 1188 ἔργων
3627 1119 3741 1187 eqs

2210 1214 2300 1285 λίᾳ
2330 1231 2390 1266 τε
2434 1215 2528 1266 καί
2559 1213 2747 1286 ἀργίᾳ,
2781 1213 2849 1282 ἥν
2891 1229 3012 1266 τινα
3050 1210 3326 1265 Σάὸὄατον
3351 1208 3450 1264 καὶ
3495 1210 3746 1264 ἀνάπαυσιν

2203 1309 2233 1360 ὀ
2260 1307 2416 1376 λόγος
2441 1305 2720 1371 ἀποκαλεῖ,
2759 1307 2818 1360 ὲν
2843 1308 2908 1377 τῇ
2933 1303 3135 1377 θεωρίᾳ
3171 1303 3278 1356 τῶν
3321 1319 3381 1355 τε
3419 1302 3617 1373 νοητῶν
3648 1303 3748 1372 ὁμοῦ

2206 1401 2299 1454 καὶ
2316 1400 2425 1453 τῶν
2448 1398 2610 1468 αίσθη
2618 1414 2729 1451 των
2745 1396 2921 1470 ἐργῶν
2937 1395 3031 1450 τοῦ
3049 1395 3182 1449 Θεοῦ
3203 1392 3562 1466 σχολάζοντας
3591 1393 3746 1462 λέγειν·

2206 1495 2326 1547 Ὅτι
2365 1489 2682 1562 ωὕερρανάς
2724 1507 2824 1560 με,
2865 1490 3062 1558 Κύριε,
3093 1488 3163 1541 ἐν
3205 1485 3288 1553 τῷ
3324 1484 3606 1554 ποιήματί
3643 1501 3748 1545 σου,

536 1600 632 1642 και
655 1589 728 1643 ἐν
755 1588 879 1655 ⁶ιὀἵς
905 1589 1102 1660 ἔργοις
1137 1587 1256 1644 τῶν
1286 1588 1498 1658 χειρῶν
1517 1606 1633 1645 σου
1653 1589 2113 1660 ἁγαλλιάσομαι,
2140 1591 2209 1644 ἐκ
2231 1588 2520 1659 μεγέθους
2541 1587 2651 1658 γὰρ
2676 1586 2776 1640 καί
2796 1583 3103 1652 καλλονῆς
3128 1581 3470 1652 κτισμάτων
3494 1581 3746 1649 dratiqu

535 1695 567 1747 δ
593 1685 1008 1754 γενεσιουργύς
1042 1683 1241 1740 αὐτῶν
1285 1687 1605 1755 θεωρεῖται’
1634 1688 1727 1741 καὶ
1757 1685 1825 1740 τά
1852 1686 2018 1757 νοητά
2038 1687 2094 1741 δὲ
2140 1689 2232 1742 καὶ
2258 1688 2523 1757 ἀσώματα
2544 1685 2639 1738 καὶ
2679 1683 3041 1755 ὐπερκόσμια,
3070 1682 3140 1735 τά
3174 1698 3234 1734 τε
3269 1678 3446 1751 ὁρατά
3495 1677 3646 1732 αὐτοῦ
3675 1680 3749 1731 ἀπὺ

535 1777 761 1842 κτίσεως
805 1777 1007 1848 κόσμου
1047 1780 1157 1842 τοῖς
1202 1780 1468 1852 ποιήμασι
1517 1778 1781 1852 νοούμενα
1831 1780 2146 1852 καθορᾶται,
2199 1779 2340 1834 κατὰ
2395 1779 2487 1832 τὸν
2543 1778 2685 1850 ἱερὸν
2734 1775 3080 1832 Ἀπόστολον.

609 1892 778 1948 Vens.
811 1894 866 1959 6,
893 1893 944 1948 7.
988 1895 1162 1962 Quam
1217 1897 1557 1967 magniﬁcam
1606 1907 1728 1952 sunt
1784 1914 1942 1968 opera
1991 1909 2106 1963 tua,

2292 1900 2387 1966 Ὠς
2413 1898 2786 1969 ἐμεταλύνθη
2828 1896 2899 1950 τὰ
2946 1894 3091 1965 ἔργα
3138 1908 3278 1957 σου,
3319 1892 3526 1960 Κύριε,
3565 1890 3752 1960 σφόδρα

535 1985 754 2040 Domine
772 1985 793 2039 .'
817 1987 974 2041 nimis
997 1988 1276 2058 profunda:
1300 1989 1456 2058 facta
1470 2000 1589 2043 sunt
1610 1991 1953 2060 cogitationes
1978 2002 2106 2048 tute.

2217 1992 2638 2056 ἐϐαθύνθησαν
2676 1991 2731 2042 οὶ
2779 1986 3156 2056 διαλογισμοί
3195 2001 3334 2040 σου.
3375 1983 3548 2051 Ἀνὴρ

542 2074 640 2129 Vir
661 2077 916 2146 insipiens
943 2095 1047 2132 non
1071 2089 1368 2148 cognoscet,
1408 2090 1456 2133 et
1492 2080 1688 2134 stultus
1720 2099 1822 2135 non
1865 2082 2106 2152 intelliget

2216 2084 2290 2136 οὐ
2328 2079 2638 2152 γνώσεται,
2679 2078 2776 2132 καὶ
2823 2078 3116 2143 ἀσύνετος
3169 2077 3241 2130 οὐ
3285 2072 3550 2140 συνήσει
3588 2072 3750 2126 ταῦτα.

534 2166 665 2222 hac.
698 2167 802 2230 Me,
832 2169 1029 2240 inquit,
1061 2169 1360 2234 delectasti,
1396 2169 1638 2235 Domine,
1671 2172 1724 2224 in
1755 2172 1968 2242 [actura
2000 2183 2106 2238 tua,

2229 2172 2387 2243 Ἐμὲ,
2428 2172 2613 2243 φησὶν,
2636 2170 2966 2238 ηὔφρανας,
2996 2163 3044 2221 ὦ
3062 2167 3263 2235 Κύριε,
3301 2166 3376 2219 ἐν
3415 2163 3498 2231 τῷ
3519 2161 3752 2231 ποιήματι

532 2269 580 2312 et
613 2260 668 2312 in
697 2260 940 2328 operibus
975 2277 1227 2314 manuum
1253 2272 1504 2327 tuarum;
1539 2263 1632 2318 sed
1675 2279 1785 2318 non
1814 2266 1992 2334 quivis
2015 2265 2106 2320 ho-

2214 2284 2352 2329 σου,
2376 2265 2474 2319 καί
2494 2265 2564 2317 ἐν
2584 2264 2708 2328 τοῖς
2729 2261 2924 2332 ἔργοις
2944 2259 3061 2314 τῶν
3079 2257 3293 2328 χειρῶν
3307 2274 3428 2312 σου
3445 2275 3460 2287 ο
3479 2255 3587 2311 ἀλλ’
3609 2256 3662 2308 οὐ
3683 2256 3751 2308 καὶ

533 2364 622 2404 mo
651 2351 770 2420 pari
811 2357 975 2418 atque
1005 2365 1107 2420 ego
1137 2352 1302 2406 modo
1341 2352 1568 2410 ali‘ectus
1620 2363 1725 2411 est.
1769 2355 1922 2411 Multi
1953 2373 2106 2413 nam-

2214 2359 2322 2422 πᾶς
2346 2357 2483 2428 ἀνὴρ
2508 2355 2609 2428 τὴν
2635 2353 2804 2424 αὐτὴν
2843 2353 2965 2424 ἐμοὶ
2992 2351 3146 2422 φέρει
3179 2349 3441 2404 διάθεσιν.
3479 2346 3655 2402 Πολλοὶ
3672 2346 3750 2416 γάρ

534 2457 642 2511 que
666 2441 992 2512 insipientes
1007 2449 1060 2496 et
1084 2443 1461 2514 imprudentes
1477 2455 1626 2510 sunt,
1658 2447 1751 2516 qui
1781 2461 1882 2503 nec
1909 2457 2106 2504 norunt

2213 2451 2348 2503 εἰσιν
2377 2449 2608 2521 ἄφρονες
2630 2446 2723 2500 ita).
2742 2445 3009 2508 ὰσὺνετοι,
3035 2444 3096 2496 οὐ
3121 2440 3504 2511 γινώσκοντες,
3525 2439 3634 2493 οὐδὲ
3656 2457 3749 2491 συν-

533 2546 634 2586 nec
669 2531 980 2603 intelligunt
1014 2549 1099 2600 ea,
1134 2534 1188 2587 in
1215 2534 1414 2604 quibus
1447 2551 1532 2591 me
1561 2535 1821 2591 delectari
1849 2544 1905 2592 et
1932 2538 2106 2592 exsul-

2215 2542 2386 2604 ιέντες
2430 2539 2570 2594 αὐτὰ
2597 2538 2662 2610 δὴ
2699 2537 2871 2590 ταῦτα
2897 2575 2912 2600 ,
2955 2537 3038 2605 ἐφ’
3087 2529 3170 2598 οἷς
3211 2535 3374 2599 αὐτὸς
3420 2529 3750 2604 εὐφραίνεσθαι

535 2630 654 2676 tare
701 2621 984 2677 conﬁteor.
1028 2623 1396 2690 Quamobrem
1447 2626 1539 2695 qui
1587 2641 1712 2682 vere
1761 2627 2028 2698 insipiens
2056 2637 2106 2684 et

2210 2634 2304 2689 καὶ
2340 2631 2602 2703 ἀγαλλιᾷν
2642 2628 2910 2701 ὁμολογῶ.
2946 2628 3144 2700 Διόπερ
3173 2629 3202 2682 ό
3245 2627 3320 2691 ὡς
3353 2623 3568 2696 ἀληθῶς
3604 2621 3750 2692 ἄφρων

532 2714 738 2770 stultus
789 2724 893 2778 est,
941 2713 1037 2770 Dei
1087 2717 1428 2786 providentia
1470 2727 1525 2772 et
1577 2719 1744 2774 verbo
1791 2721 2106 2776 universum

2209 2727 2304 2782 καὶ
2332 2726 2588 2788 ἀσύνετος
2619 2725 2834 2795 ἀναιρεῖ
2867 2721 2965 2792 μὲν
2994 2721 3054 2774 τὸ
3082 2719 3310 2792 προνοίᾳ
3351 2718 3450 2772 καὶ
3491 2716 3624 2786 λόγῳ
3646 2712 3748 2767 Θεοῦ

532 2807 852 2864 constitisse
899 2817 1098 2879 negat;
1130 2809 1224 2864 sed
1276 2810 1388 2866 l'ato
1420 2820 1476 2866 et
1515 2812 1852 2876 necessitati,
1883 2813 2106 2870 insano-

2210 2817 2530 2872 συνεστάναι
2555 2815 2615 2869 τὺ
2643 2815 2772 2879 πᾶν,
2803 2812 3111 2884 εἱμαρμένῃ
3138 2811 3194 2864 δὲ
3230 2809 3328 2863 καὶ
3362 2809 3591 2880 ἀνάγκη,
3610 2804 3750 2872 ἀλόγῳ

531 2915 640 2970 que
677 2898 896 2955 cuidam
935 2900 1126 2954 cursui
1169 2915 1234 2954 ac
1282 2900 1518 2956 fortuna
1566 2910 1716 2956 tanta
1757 2901 1852 2957 Dei
1891 2903 2106 2974 opiﬁcia

2209 2928 2266 2964 τε
2298 2909 2440 2980 φορᾷ
2469 2907 2564 2980 καὶ
2589 2905 2728 2976 τύχῃ
2752 2902 3094 2976 προσ-γράφει
3121 2900 3190 2954 τὰ
3212 2899 3516 2972 τηλικαῦτα
3540 2895 3627 2950 τοῦ
3643 2891 3749 2949 Θεοῦ

534 2993 779 3050 ascribit.
817 2991 1016 3048 Verum
1051 2993 1236 3060 etiam,
1283 3003 1340 3048 ut
1371 2993 1620 3059 insanus,
1647 2994 1704 3049 in
1735 2995 1977 3052 universi
2007 2997 2106 3051 ad-

2209 2975 2508 3073 δημ-ιουργτίῖ
2516 3015 2680 3071 ματα.
2704 2975 2879 3052 ν’Δλλά
2918 2996 3012 3050 καὶ
3054 2994 3130 3058 ὡς
3171 2992 3433 3057 ἀσύνετος
3462 2989 3745 3063 προσκόπτει

535 3085 944 3142 ministratione
980 3085 1092 3140 ruit
1137 3093 1192 3140 et
1234 3085 1436 3140 labitur
1483 3086 1762 3157 Opinione,
1805 3087 1951 3158 quod
1999 3088 2105 3160 ipsi

534 3177 785 3232 videatur
837 3177 1069 3232 multum
1114 3176 1297 3231 inesse
1330 3176 1385 3230 in
1426 3176 1641 3231 mortali
1681 3177 1791 3232 vita
1822 3177 2103 3248 inaequali-

2204 3097 2270 3165 τῇ
2295 3093 2556 3163 διοικήσει
2592 3088 2689 3144 τοῦ
2719 3087 2941 3155 παντὸς,
2965 3087 3053 3142 διὰ
3093 3087 3155 3141 τὸ
3198 3087 3378 3140 δοκεῖν
3413 3082 3605 3147 πολλὰς
3638 3082 3744 3135 ἀνω-

2209 3184 2407 3256 μαλίας
2436 3185 2496 3237 ὲν
2529 3181 2608 3254 τῷ
2632 3179 2813 3252 θνητῷ
2846 3180 2946 3252 βίῳ
2975 3179 3219 3250 θεωρεῖν.
3253 3179 3314 3232 '0
3356 3177 3458 3248 μὲν
3486 3171 3574 3230 οὖν
3598 3173 3744 3242 ἄφρων

537 3269 688 3324 tatis.
719 3267 993 3339 [nsipiens
1040 3267 1208 3339 igitur
1233 3268 1324 3324 ille
1355 3277 1410 3323 et
1441 3268 1671 3326 insanus
1699 3285 1813 3324 rem
1856 3285 1998 3340 agre
2027 3269 2103 3325 fe-

2209 3279 2300 3334 καὶ
2329 3277 2588 3339 ἀσύνετος
2617 3274 2980 3346 δυσχεραίνων
3008 3273 3170 3336 εὐθὺς
3201 3272 3294 3325 ἐπὶ
3334 3271 3640 3342 βλάσφημον
3673 3263 3743 3316 καὶ

536 3378 685 3422 rens.
715 3362 896 3417 statim
924 3361 991 3415 ad
1019 3360 1396 3431 blasphemum
1424 3369 1478 3417 et
1504 3361 1730 3432 impium
1751 3362 2098 3417 ratiocinium

536 3451 788 3516 vertitur,
810 3451 1006 3506 borum
1038 3463 1256 3505 causam
1281 3450 1541 3508 dictitans
1566 3467 1711 3516 esse,
1744 3452 1889 3523 quod
1921 3453 2106 3508 nullus

538 3545 612 3600 sit
643 3542 808 3606 Deus,
840 3543 991 3598 nulla
1041 3541 1414 3614 providentia;
1459 3541 1556 3598 sed
1583 3543 1783 3598 'omnia
1823 3552 2026 3599 temere
2053 3555 2107 3599 ct

537 3650 672 3692 casu
709 3635 974 3691 ferantur.
1011 3633 1123 3706 Ego
1153 3649 1284 3689 vero
1308 3634 1474 3689 etiam
1502 3633 1558 3688 in
1585 3634 1695 3690 illis
1722 3635 1976 3690 obscuris
2007 3649 2106 3690 oc-

538 3726 810 3796 cultisque
849 3727 1034 3788 rcbus,
1067 3725 1155 3796 pia
1189 3725 1432 3780 imbutus
1457 3726 1751 3790 sententia,
1781 3741 2108 3796 persuasum

537 3821 715 3876 habeo
755 3819 948 3888 judicii
1005 3827 1060 3876 et
1103 3819 1600 3875 administrationis
1657 3828 1763 3875 tua
1815 3820 2107 3884 rationem,

539 3913 860 3984 parvitatem
885 3927 1061 3968 meam
1086 3913 1248 3984 longe
1276 3927 1555 3982 superare.
1575 3910 1942 3979 Quamobrem
1963 3912 2106 3976 dico,

541 4003 718 4072 Quam
760 4005 1101 4076 magniﬁcam
1123 4013 1252 4059 'sunt
1281 4020 1440 4073 opera
1477 4013 1591 4064 tua,
1634 4002 1895 4058 Domine!
1925 4003 2109 4058 admo-

540 4096 667 4150 dum
720 4094 939 4150 excelsa:
983 4094 1140 4164 facta
1192 4104 1314 4148 sunt
1363 4093 1703 4165 cogitationes
1747 4105 1873 4150 tum.
1911 4097 1976 4149 Et
2016 4098 2112 4165 qui

541 4189 753 4260 possint
785 4187 1042 4243 mortalia
1087 4186 1395 4255 ratiocinia,
1449 4187 1721 4258 profunda
1774 4185 1868 4243 Dei
1921 4187 2109 4257 explo-

539 4297 684 4346 rare,
713 4288 769 4335 et
797 4279 1158 4352 cogitationes
1186 4279 1308 4350 ejus
1323 4279 1476 4350 queis
1496 4279 1735 4334 humana
1761 4279 2110 4334 administrat

541 4370 910 4441 cognoscere?
934 4369 1404 4436 Quemadmodum
1445 4372 1590 4426 enim
1621 4371 1805 4426 nullus
1837 4371 2106 4424 hominum

541 4461 684 4514 novit
707 4477 824 4530 qua:
849 4471 969 4514 sunt
992 4460 1244 4526 hominis,
1273 4462 1376 4516 nisi
1415 4463 1634 4530 spiritus
1665 4463 1755 4532 qui
1784 4464 1835 4516 in
1862 4462 1974 4531 ipso
2003 4471 2104 4526 est;

540 4552 618 4606 sic
643 4567 760 4622 qua:
794 4549 888 4605 Dei
915 4559 1037 4605 sunt
1063 4551 1238 4605 nullus
1293 4553 1458 4618 novit,
1500 4554 1606 4607 nisi
1649 4552 1881 4622 Spiritus
1923 4553 2021 4608 Dei
2037 4555 2101 4617 ‘7,

2209 3368 2379 3440 ἀσεϐῆ
2403 3365 2658 3437 λογισμὸν
2691 3364 2973 3437 τρέπεται,
3011 3361 3280 3434 ἀθεότητά
3317 3379 3378 3416 τε
3408 3362 3501 3415 καὶ
3529 3361 3744 3429 ἀπρονοη-

2208 3462 2330 3514 σίαν
2346 3499 2366 3525 ,
2392 3459 2486 3512 καὶ
2508 3459 2568 3511 τὸ
2591 3455 2738 3526 εἰκῆ,
2761 3455 2855 3508 καὶ
2883 3454 2958 3518 ὡς
2980 3453 3159 3523 ἔτυχε,
3183 3451 3389 3506 τούτων
3415 3446 3548 3504 εἶναι
3567 3447 3747 3516 φάσκων

2207 3553 2387 3606 αἴτια·
2421 3549 2532 3620 ἐγὼ
2580 3548 2658 3613 δὲ,
2705 3547 2799 3600 καὶ
2838 3546 2933 3599 ἐπὶ
2978 3544 3085 3598 τῶν
3133 3542 3546 3614 προειρημένων
3575 3535 3744 3606 ἀδήλων

2207 3641 2448 3697 εὐσεϐεῖν
2504 3638 2916 3709 δεδιδαγμένος,
2967 3636 3335 3715 πέπεισμαιη
3369 3635 3455 3688 ὅτι
3501 3631 3628 3701 ὑπὲρ
3671 3625 3745 3695 τὴν

2209 3735 2349 3806 ἐμὴν
2396 3732 2736 3806 σμικρότητα
2777 3729 3134 3800 τυγχάνουσιν
3177 3729 3226 3781 oi
3264 3727 3367 3797 τῆς
3424 3725 3522 3797 σῆς
3556 3720 3743 3806 κρίσεως

2210 3799 2638 3897 καίδιοικήσεως
2654 3799 2831 3892 ’λό’γοι.
2863 3799 2954 3875 Διό
2979 3839 3120 3893 φημι
3139 3838 3153 3850 ·
3191 3820 3290 3886 Ὠς
3315 3815 3667 3888 ἐμεγαλύνοη
3694 3805 3744 3859 τὸ

2209 3919 2353 3988 ἔργα
2384 3932 2522 3981 σου,
2546 3913 2759 3983 Κύριεί
2793 3912 3030 3982 σφόδρα
3072 3908 3556 3978 ὐπερυψιὼθησαν
3574 3905 3623 3958 οἱ
3647 3901 3743 3954 δια-

2208 4009 2488 4080 λογισμοί
2533 4021 2672 4060 σου.
2715 4007 2828 4060 Καὶ
2875 4003 3037 4058 πόθεν
3081 4003 3188 4075 γὰρ
3248 4001 3464 4073 θνητοῖς
3518 3992 3744 4065 λογισμοῖς

2209 4102 2436 4174 ὲρευνᾷν
2476 4099 2546 4155 τὰ
2573 4098 2712 4172 βάθη
2736 4095 2834 4152 τοῦ
2865 4097 3030 4165 Θεοῦ,
3061 4096 3156 4150 καί⁸
3188 4091 3478 4164 γινώσκειν
3517 4089 3631 4150 τοὺς
3655 4084 3741 4136 διαο

2208 4195 2500 4265 λογισμοὺς
2528 4191 2693 4246 αὐτοῦ
2727 4189 2945 4254 καθόὐς
2979 4191 3172 4244 διοικεῖ
3208 4186 3278 4240 τά
3315 4183 3642 4257 άνθρὼπινα;

2209 4289 2317 4360 γὰρ
2337 4263 2513 4350 οὗδεὶς
2544 4283 2683 4355 ἔγνω
2702 4283 2822 4338 τῶν
2847 4281 3173 4351 ἀνθρώπων
3188 4279 3259 4333 τὰ
3276 4277 3383 4332 τοῦ
3404 4270 3687 4342 ἀνθρώπου
3703 4263 3744 4360 ει

2207 4357 2300 4451 μὴ.
2313 4379 2378 4433 τὸ
2399 4377 2634 4446 πνεῦμα
2651 4375 2717 4430 τὸ
2736 4376 2804 4430 ὲν
2823 4371 3002 4440 αὐτῷ,
3021 4373 3174 4427 οὕτω
3196 4370 3294 4425 καὶ
3316 4368 3390 4422 τὰ
3410 4367 3514 4422 τοῦ
3531 4357 3728 4451 Θεοῦ

2208 4441 2332 4537 dcit;
2367 4473 2518 4541 ἔγνω
2553 4441 2606 4523 εὶ
2637 4468 2724 4538 μὴ
2756 4465 2824 4522 τὸ
2853 4465 3096 4534 Πνεῦμα
3112 4462 3218 4517 τοῦ
3247 4458 3420 4525 Θεοῦ,
3449 4457 3538 4512 καὶ
3556 4453 3641 4522 οὐχ
3661 4441 3741 4541 υἷές

2212 4583 2272 4618 τε
2301 4533 2424 4632 λέγε
2434 4580 2500 4616 ιν.
2531 4533 2722 4631 Ἡμεῖς
2743 4559 2811 4612 δὲ
2831 4561 2903 4613 οὐ
2931 4557 2995 4612 τὸ
3013 4533 3251 4626 πνεῦμα
3272 4553 3378 4607 τοῦ
3407 4552 3625 4618 κόσμου
3643 4533 3736 4594 ἐλά

541 4658 718 4712 neque
744 4641 925 4698 dicere
952 4650 1132 4714 potest
1155 4662 1169 4697 :
1193 4641 1305 4698 Nos
1335 4654 1507 4699 autem
1524 4661 1627 4698 non
1652 4646 1896 4714 spiritum
1927 4645 2106 4699 mundi

2215 4658 2412 4725 ϐομεν,
2447 4653 2583 4707 ἀλλὰ
2620 4653 2680 4706 τὸ
2721 4649 2948 4721 Πνεῦμα
2975 4647 3070 4702 τοῦ
3095 4645 3230 4701 Θεοῦ
3250 4664 3263 4676 ·
3303 4645 3432 4717 περὶ
3461 4636 3518 4697 οὐ
3550 4639 3741 4725 simul:

540 4735 835 4802 accepimus
851 4733 914 4798 “,
947 4733 1043 4790 sed
1076 4733 1338 4804 Spiritum
1373 4734 1489 4800 Dei,
1521 4737 1588 4792 tie
1618 4752 1727 4808 quo
1750 4738 1955 4793 dictum
1978 4751 2063 4794 est
2091 4754 2103 4788 :

544 4825 688 4880 Nam
743 4825 974 4896 Spiritus
1034 4827 1211 4882 omnia
1271 4837 1572 4896 scrutatur,
1623 4831 1782 4884 etiam
1844 4830 2106 4900 profunda

542 4916 642 4973 Dei
663 4917 742 4986 ¹⁹;
768 4933 890 4989 qua
931 4933 1056 4972 cum
1097 4918 1265 4989 probe
1307 4920 1506 4986 norim,
1546 4921 1856 4978 nullatenus
1897 4923 1964 4977 de
2012 4919 2120 4978 lio-'

543 5009 755 5065 minum
801 5010 1168 5080 inaequalitate
1218 5011 1543 5081 perturbor;
1583 5014 1693 5068 imo
1733 5028 1865 5068 vero
1900 5015 2110 5084 gaudeo

542 5111 596 5156 et
627 5103 805 5168 lator,
855 5101 1214 5172 providentia
1262 5105 1528 5159 rationem
1582 5121 1692 5160 non
1738 5107 1808 5160 ab
1855 5107 2111 5161 humanis

542 5195 787 5258 casibus,
814 5197 908 5251 sed
935 5194 1005 5249 ab
1050 5196 1308 5266 operibus
1352 5212 1614 5250 manuum
1645 5197 1737 5252 Dei
1781 5206 1836 5253 et
1857 5198 1925 5253 ab
1954 5200 2112 5269 opill-

544 5287 645 5343 ciis
671 5285 792 5354 ejus
817 5296 1001 5342 mente
1031 5289 1370 5358 concipiens.
1408 5287 1630 5344 Gaudeo
1672 5291 1799 5346 item
1830 5299 1884 5346 et
1918 5293 2110 5347 admo-

545 5377 675 5432 dum
700 5379 876 5443 lator,
896 5378 968 5433 iis
985 5377 1222 5434 donatus
1253 5379 1431 5443 bonis,
1465 5381 1666 5450 quibus
1692 5381 1955 5452 insipiens
1985 5381 2110 5451 qui-

545 5467 679 5522 libet
708 5476 762 5523 et
791 5469 994 5524 stultus
1030 5469 1300 5538 privatur,
1329 5483 1432 5523 nec
1461 5470 1605 5525 valet
1643 5476 1713 5525 ab
1742 5471 1998 5540 operibus
2014 5469 2112 5526 Dei

546 5559 692 5617 illius
722 5561 1078 5632 providentia
1097 5560 1156 5617 in
1181 5561 1362 5616 omnia
1397 5561 1638 5618 rationes
1667 5562 1928 5618 ediscere.

653 5780 694 5808 “'
733 5778 873 5835 Psal.
908 5796 1036 5846 vm,
1075 5783 1125 5838 6.
1207 5782 1248 5814 ’⁸
1293 5780 1422 5854 Snp.
1452 5799 1582 5851 xm,
1614 5784 1664 5838 5.

1765 5785 1805 5816 ¹⁶
1845 5782 1999 5839 Rom.
2041 5801 2076 5850 l,
2118 5786 2202 5840 90.

2220 4719 2295 4802 Td
2323 4747 2432 4817 γὰρ
2463 4745 2703 4814 Πνεῦμα
2751 4719 2948 4797 πάντα
2985 4736 3222 4810 ἐρευνᾷ,
3253 4737 3351 4791 καί
3383 4737 3457 4790 τὰ
3491 4731 3634 4799 βάθη
3661 4719 3740 4776 τοῦ

2218 4839 2397 4894 Θεοῦο
2429 4838 2570 4910 άπερ
2594 4834 2767 4901 εἰδὼς,
2801 4832 3051 4904 οὐδαμῶς
3097 4831 3190 4885 ἐπὶ
3230 4833 3294 4901 τῇ
3341 4827 3451 4881 τῶν
3490 4817 3739 4892 ἀνθρώπων

2215 4931 2499 5004 ἀνωμαλίᾳ
2542 4929 2913 5002 ταράττομαιο
2963 4925 3136 4997 χαίρω
3186 4923 3244 4976 δὲ
3292 4921 3387 4974 καὶ
3434 4912 3740 5004 εὐφραὶνξὶματ

2209 4999 2345 5089 τοὺς.
2366 4999 2746 5096 τῆςνπρονοίας
2776 5020 2965 5087 λόγους
3008 5017 3106 5069 οὐκ
3149 5014 3258 5068 ἀπὸ
3285 5013 3393 5067 τῶν
3415 5009 3548 5066 κατά
3572 4999 3736 5094 ᾶνθρξυ·

2212 5130 2311 5166 πον
2347 5111 2797 5181 συμπτωμάτων,
2835 5107 2942 5161 ἀπὸ
2979 5105 3036 5158 δὲ
3074 5103 3182 5158 τῶν
3219 5103 3395 5174 ἔργων
3437 5099 3540 5153 τῶν
3570 5099 3736 5188 χειμών

2211 5203 2302 5259 τοῦ
2331 5179 2466 5256 Θεοῦ
2502 5179 2596 5256 καί
2626 5201 2732 5255 ἀπὸ
2756 5199 2863 5254 τῶν
2894 5197 3212 5269 ποιημάτων
3245 5193 3408 5250 αὐτοῦ
3438 5179 3734 5252 καταλαμίά-

2211 5313 2336 5350 νων.
2377 5293 2486 5348 Καὶ
2525 5292 2700 5364 χαίρω
2740 5307 2805 5359 γε
2847 5290 2941 5343 καὶ
2979 5287 3483 5358 ὑπερευφραίνομαι
3529 5269 3736 5332 τοιούτων

2214 5379 2587 5446 καταξιωθεὶς,
2621 5372 2695 5432 ὧν
2722 5377 3008 5450 ἐστέρηται
3037 5379 3144 5440 πᾶς
3176 5375 3362 5446 ἄφρων
3387 5374 3476 5427 καὶ
3505 5366 3733 5424 ἀσύνετος.

2213 5474 2274 5523 οὐ
2306 5469 2598 5539 δυνάμενος
2623 5467 2731 5521 ἀπὸ
2759 5467 2866 5521 τῶν
2893 5467 3067 5538 ἔργων
3093 5465 3184 5519 τοῦ
3215 5464 3373 5528 Θεοῦ,
3396 5465 3504 5526 τοῖς
3532 5449 3731 5527 περὶτῆς

2216 5563 2443 5617 καθόλου
2477 5562 2730 5633 προνοίας
2755 5561 2931 5631 λόγοις
2961 5559 3378 5632 μαθητεύεσθαι.

2290 5788 2330 5819 ¹τ
2371 5785 2549 5840 iCor.
2591 5800 2660 5851 tt,
2701 5784 2782 5838 li.
2866 5785 2906 5816 ¹⁸
2949 5783 3075 5841 ibid.
3117 5783 3200 5837 i2.
3281 5782 3322 5815 ι’
3365 5780 3489 5837 ibid.
3529 5776 3600 5830 lO.
