1986 3406
99 160 198 188 1177

694 161 946 191 COSIMENTABIA
964 163 998 191 IN
1019 164 1187 195 PSALMOS.

1676 164 1743 192 1178

164 219 219 245 Ἐν
229 217 268 251 τῷ
281 218 434 247 ἀνατεῖλαι
445 219 636 254 ἁμαρτωλοὺς
644 221 717 249 ὡσεὶ
727 223 847 256 χάρτον,
864 230 902 249 κα

1003 223 1083 252 Vens.
1098 225 1124 253 8.
1145 224 1212 254 Cum
1232 227 1317 254 exorti
1336 226 1433 261 fuerint
1451 230 1597 261 peccatores
1617 225 1685 252 sicut
1708 223 1733 258 fe

94 264 278 299 διέκυψαν
303 264 414 299 πάντες
439 268 466 293 οι
492 267 678 302 ἐργαζόμενοι
698 268 756 303 τὴν
773 269 912 304 ἀνομίαν,

96 309 206 343 ὅπως
227 310 267 338 ἂν
286 310 540 346 ὲξολοθρευθῶσιν
548 314 592 346 εις
604 313 657 341 τὸν
668 313 761 341 αἰῶνα
774 314 828 342 τοῦ
848 315 914 342 αἰῶ-

96 361 186 386 νος.
206 353 237 380 '0
253 353 302 389 μὲν
325 354 420 390 ἄφρων
445 356 491 383 καὶ
507 356 644 389 ἀσύνετος,
664 358 735 392 ὁρῶν
748 359 856 391 ἀσεϐεῖς
868 360 915 387 εὺ-

97 397 325 434 Θυμουμένους,
342 400 463 433 δικαίους
486 401 514 428 δὲ
534 402 580 429 καὶ
596 403 717 436 εὐσεϐεῖς
728 405 913 440 κακουμένους

96 443 143 469 οὐ
168 444 280 480 συνίησι
307 446 370 478 τοὺς
385 446 435 482 τῆς
455 447 586 483 Προνοίας
616 448 721 483 λόγους,
751 450 807 476 ἀλλ’
832 451 911 483 εὐθὺς

96 488 162 516 ἐπ’
180 490 293 523 ἀσεϐεῖς
314 491 442 527 τρέπεται
454 493 611 529 λογισμοὺς,
628 495 767 523 ἐκπίπτων
781 498 821 529 είς
834 497 912 524 ἀθεό-

95 543 191 571 τητα
206 545 214 552 ·
245 537 301 571 ἐγὼ
328 538 366 570 δὲ,
390 539 429 575 τῷ
452 540 586 576 ποιήματί
607 550 653 568 σου
669 542 780 577 ἐνορῶν,
795 543 911 575 καὶτοῖς

93 581 217 617 ’ἔργοις
239 583 294 610 τῶν
317 585 417 621 χειρῶν
440 595 498 619 σου,
523 587 592 622 μετὰ
606 588 659 614 τῶν
676 588 762 615 ἄλλων
781 589 909 621 συνεῖδον,

97 627 159 655 ὅτι
177 629 212 655 τὸ
227 629 303 661 τέλος
317 630 371 658 τῶν
383 631 454 658 κατά
467 632 511 659 τὸν
529 632 585 668 βίον
600 634 787 669 εὐθυμοῦντων
803 634 909 661 ἀσεϐῶν

98 673 234 711 ὄλεθρον
251 676 371 711 περιέχει
384 678 431 704 καὶ
443 678 595 706 ἀπώλειαν·
610 679 650 707 διδ
663 680 730 707 πολὺ
750 680 830 707 πλέον
846 681 909 713 τοὺς

95 719 167 754 τῆς
182 719 259 753 θείας
272 722 388 758 κρίσεως
401 723 497 758 λόγους
518 724 784 761 ὑπερεκπλήττομαι.
801 726 908 761 ’Ὠσπερ

97 764 187 798 γοῦν
206 765 302 801 χόρτος
315 767 362 793 καὶ
373 767 407 794 τά
419 768 473 795 ἀπὸ
485 769 537 804 γῆς
551 769 618 806 ἄνθη
636 770 703 806 πρὸς
715 770 804 805 ὀλίγον
820 771 908 807 ὡραῖα

97 810 258 844 φαίνεται,
275 812 321 838 καὶ
348 812 438 847 θέλγει
456 814 505 849 τὴν
523 815 627 850 ὅρασιν,
652 816 699 842 καὶ
716 816 766 852 τὴν
782 816 907 852 αἴσθησιν

98 855 242 890 ἅπασαν,
256 858 317 885 ὅσον
332 858 361 885 δὲ
388 859 493 887 οὐδέπω
514 861 673 896 μεταϐάλλει
695 862 742 889 καὶ
763 863 904 898 τρέπεται,

965 278 1038 303 num,
1053 276 1078 298 et
1099 272 1268 306 apparuerint
1290 281 1378 299 omnes
1401 272 1446 308 qui
1464 276 1603 306 operantur
1625 269 1739 305 iniquius

965 321 1015 342 tem
1027 324 1036 348 ;
1052 322 1080 343 ut
1095 317 1226 344 intereant
1241 319 1268 345 in
1283 318 1408 345 seculum
1420 317 1520 345 sat-culi.
1536 316 1669 351 insipiens
1683 315 1737 350 qui-

964 361 1024 389 dem
1042 369 1074 389 ac
1089 363 1189 390 stultus
1206 363 1259 395 ille,
1272 371 1333 391 cum
1348 363 1420 391 videt
1435 363 1532 397 impios
1546 362 1670 389 homines
1686 368 1739 396 pro

963 415 1042 442 spere
1065 416 1155 443 agere,
1170 409 1260 443 justos
1285 413 1374 436 autem
1399 413 1427 436 et
1447 409 1506 444 pios
1526 408 1649 435 homines
1666 407 1743 433 malis

962 453 1089 488 opprimi.
1106 453 1286 482 Providentia:
1299 456 1432 482 rationem
1452 462 1508 481 non
1527 453 1651 488 intelligit
1665 461 1673 485 ;
1697 451 1743 479 sed

962 498 1053 525 statim
1070 498 1104 525 ad
1127 499 1208 533 impia
1233 500 1375 527 ratiocinia
1393 500 1520 531 vertitur,
1545 499 1581 526 ita
1606 499 1699 532 lapsus
1715 501 1743 524 ut

961 544 1065 571 nullum
1080 552 1141 572 esse
1156 544 1240 572 Deum
1257 549 1342 580 putet.
1356 545 1412 582 Ego
1425 553 1490 572 vero
1503 544 1640 579 opiﬁcium
1654 547 1743 575 tuum,

961 594 987 617 et
1003 598 1084 626 opera
1101 599 1229 618 manuum
1249 595 1356 619 tuarum
1382 591 1569 622 considerans,
1586 590 1613 616 in
1633 589 1676 616 his
1695 587 1735 615 de.

960 635 1090 670 prehendi
1107 636 1187 663 ﬁnem
1203 636 1358 671 impiorum,
1370 636 1415 671 qui
1432 636 1459 663 in
1474 635 1525 662 hac
1541 635 1595 661 vita
1615 641 1743 669 prospere

960 685 1054 716 agunt,
1075 688 1136 708 esse
1155 681 1292 709 interitum
1312 689 1344 709 ac
1363 682 1508 717 perniciem
1526 690 1532 708 :
1553 687 1637 715 quare
1657 679 1743 705 multo

959 725 1046 760 magis
1061 725 1145 752 divini
1168 726 1262 760 jndicii
1285 726 1417 754 rationem
1436 725 1565 753 admiror.
1583 723 1649 751 Nam
1670 723 1742 751 sicut

959 769 1050 797 fenum
1071 775 1098 798 et
1111 770 1190 798 ﬂores
1206 775 1285 799 terra:
1300 770 1334 798 ad
1350 771 1430 798 breve
1442 775 1547 805 tempus
1562 769 1686 804 speciosa
1701 768 1742 794 vi-

958 815 1056 843 dentur
1073 817 1221 852 oculosque
1241 825 1274 844 ac
1297 824 1408 844 sensum
1424 817 1578 843 demulcent
1589 836 1597 848 ,
1617 814 1664 842 sed
1678 820 1741 840 mox

958 865 1099 889 mutantur
1113 870 1146 889 ac
1161 866 1313 894 vertuntur,
1333 862 1514 897 facillimeque
1528 864 1699 887 marcescunt
1713 862 1742 885 et

101 902 212 936 φθίνει
227 913 256 931 τε
272 906 359 941 ῥᾷστα
373 906 419 933 καὶ⁸
430 906 588 934 ἀπόλλυται’
597 907 642 935 τὸν
656 908 737 936 αὐτὸν
746 909 846 944 τρόπον
859 910 902 936 καὶ

957 910 1089 941 pereunt;
1108 907 1203 934 eodem
1226 907 1305 935 modo
1320 911 1489 942 peccatores,
1504 906 1551 941 qui
1573 912 1656 939 penes
1670 904 1740 931 mul-

100 949 136 975 οἱ
156 950 237 986 παρά
257 952 314 983 τοῖς
329 951 435 985 πολλοῖς
456 953 655 990 θαυμαζόμενοι
676 956 832 992 ἁμαρτωλοὶ
848 956 906 992 ἅμα

100 1002 142 1021 τε
168 995 320 1029 ἀνέτειλαν,
338 997 385 1024 καὶΙ
415 998 484 1034 πρὸς
505 999 594 1034 ὀλίγον
618 1000 794 1036 ἀνθήσαντες,
817 1002 906 1029 διέκυ-

102 1040 183 1076 ψαν,
197 1042 335 1078 ὲφάνησάν
347 1051 377 1069 τε
392 1043 463 1076 τίνες
478 1045 542 1072 ποτέ
556 1046 619 1078 είσι,
634 1046 681 1072 καὶ
698 1047 794 1079 ὁποίας
810 1056 906 1083 προαι-

106 1087 238 1122 ρέσεως·
258 1086 306 1115 εῖτ*
322 1090 372 1116 οὐκ
387 1091 427 1122 είς
441 1091 546 1127 μακρὸν
558 1092 656 1123 αὐτοὺς
670 1093 801 1128 μετῆλθεν
813 1094 905 1121 οὐκέτι

104 1133 223 1170 βραχὺς
236 1136 288 1162 καὶ.
295 1136 459 1173 πρόσκαιρος
472 1137 591 1174 ὄλεθρος,
609 1138 676 1166 ἀλλά
687 1139 813 1176 διηνεκὴς
830 1141 905 1168 ἀπώ-

103 1179 187 1208 λεια.
213 1181 398 1219 Ἐπειδήπερὴ
411 1183 444 1219 σὴ
456 1183 637 1219 δικαιοκρισία
652 1187 707 1218 τοῖς
726 1186 904 1223 ἀνθρωπίνοις

103 1225 252 1262 ἐφέστηκε
274 1228 427 1264 πράγμασι,
447 1229 488 1256 διὸ
503 1229 534 1266 δὴ
548 1230 663 1266 μάλιστα
679 1233 904 1269 συγκεχωρῆσθαι

103 1273 172 1303 τοῖς
182 1272 354 1309 ἁμαρτωλοῖς
370 1275 417 1302 καὶ
433 1277 490 1308 τοῖς
510 1275 702 1313 ἐργαζομένοις
716 1278 766 1314 τὴν
789 1279 904 1315 ἀνομίαν

105 1318 145 1344 τὸ
164 1319 303 1347 ἀνατεῖλαι
317 1321 364 1348 καὶ
376 1321 504 1357 omnem
515 1321 649 1358 ἠγοῦμαι·
664 1323 702 1356 ὡς
715 1323 748 1351 ἂν
761 1324 902 1361 ἐλεγχθείη

107 1365 234 1402 αὑτῶνὴ
253 1368 422 1403 προαίρεσις,
445 1368 475 1395 οὺ
492 1369 581 1400 καλῶς
605 1371 661 1402 τοῖς
675 1370 721 1397 τοῦ
733 1371 800 1398 Θεοῦ
816 1371 904 1408 δωρή-

111 1419 185 1446 μασι
211 1413 383 1450 κεχρημένη·
409 1414 503 1450 ὀιόπερ
531 1415 636 1448 ἔκδικος
669 1416 767 1449 αὐτοὺς
794 1417 903 1453 δλεθρος

111 1458 227 1491 αἰώνιος
236 1459 395 1494 διαδέξεται.

152 1503 195 1531 Σὺ
211 1504 245 1531 δὲ
257 1505 399 1540 Ὕψιστος
406 1507 449 1540 είς
464 1506 519 1535 sor
534 1508 638 1541 αἰῶνα,
652 1510 748 1544 Κύριε.
762 1510 822 1537 Ὅτι
839 1509 903 1537 ἰδοὺ

111 1552 143 1577 οὶ
154 1551 256 1586 ἐχθροί
261 1559 330 1584 σου,
341 1553 441 1586 Κύριε,
457 1552 501 1579 ὅτι
516 1553 580 1580 ἰδοὺ
595 1555 622 1581 οι
640 1554 739 1589 ἐχθροί
756 1562 814 1582 σου
827 1555 901 1582 ἀπο-

110 1597 251 1630 λοῦνται,
279 1598 329 1625 καὶ
349 1599 674 1635 διασκορπισθήσονται
688 1600 798 1634 πάντες
811 1602 839 1627 οἱ
858 1600 902 1635 ἐρ-

113 1642 269 1679 γαζόμενοι
284 1644 341 1679 τὴν
354 1645 490 1681 ἀνομίαν.
503 1645 558 1673 Καὶ
578 1645 769 1680 ὑψωθήσεται
785 1647 826 1679 ὡς
844 1654 900 1681 μο-

110 1690 278 1724 νοκέρωτος
301 1691 334 1718 τὸ
360 1691 448 1726 κέρας
459 1701 529 1727 μου,
556 1692 605 1719 καὶ
626 1692 660 1719 τὸ
681 1691 776 1727 γῆράς
789 1700 848 1727 μου
866 1692 901 1719 ἐν

111 1737 207 1770 ἐλαίῳ
219 1738 311 1766 πίονι.
327 1738 383 1766 Καὶ
398 1738 539 1766 ἐπεῖδενό
555 1739 708 1774 ὀφθαλμός
717 1747 777 1774 μου
790 1738 825 1766 ἐν
838 1738 900 1772 τοῖς

112 1782 233 1817 ἐχθροῖς
246 1792 316 1818 μου,
330 1783 380 1810 καὶ
402 1784 438 1810 ἐν
450 1783 511 1817 τοῖς
524 1783 775 1818 ἐπανισταμένοις
789 1783 835 1810 ἐπ’
848 1783 901 1818 ἐμὲ

112 1829 364 1863 πονηρευομένοις
383 1829 582 1857 ἐπακούσεται
599 1830 633 1857 τὸ
645 1828 698 1863 οὖς
707 1838 774 1864 μου.
791 1830 827 1857 Σὺ
839 1830 899 1865 μὲν,

113 1871 207 1905 φησὶν,
222 1868 244 1899 ὦ
256 1872 353 1908 Κύριε,
367 1873 410 1900 ἀεὶ⁵
426 1873 538 1901 κατὰτὰ
548 1874 616 1901 αὐτὰ
635 1874 681 1901 καὶ
694 1874 823 1907 ὡσαύτως
831 1874 900 1910 ἔχων

118 1917 243 1953 Ὕψιστος
250 1918 279 1945 ἐν
288 1919 399 1955 ὑψηλοῖς
411 1919 546 1956 διαμενεῖς
560 1920 606 1947 τὸν
617 1920 760 1956 σύμπαντα
771 1920 857 1948 αἰῶνα
869 1920 900 1947 οὐ

116 1964 290 2000 τρεπόμενος,
307 1965 338 1992 οὺ
354 1965 577 2002 ταπεινούμενος,
594 1967 643 1993 οὐκ
657 1966 855 2002 ἀλλοιούμενος,
869 1966 900 1993 οὑ

115 2007 245 2043 κρείττων
274 2009 373 2036 σαυτοῦ
397 2010 548 2046 γινόμενος,
567 2010 597 2037 οὺ
616 2013 673 2043 τοῖς
692 2013 831 2043 ταπεινοῖς
846 2011 900 2039 τῶν

115 2053 164 2079 ἐπὶ
189 2054 239 2089 γῆς
257 2054 441 2090 ὁμοιούμενος,
464 2055 524 2082 οὐδὲ
551 2056 647 2092 μικρόν
664 2065 691 2083 τι
714 2056 761 2083 καὶ
774 2056 900 2083 ταπεινὸν

116 2098 220 2135 φρονῶν
235 2098 282 2125 καὶ
296 2099 432 2135 πράττων,
447 2100 504 2127 ἀλλ’
521 2101 561 2133 είς
572 2102 683 2137 ἄπειρον
701 2102 793 2137 σαυτῷ
805 2102 900 2137 διαμέ-

115 2154 168 2172 νων
182 2146 273 2181 ὂμοιος
282 2153 290 2162 ο
305 2146 385 2182 ἡμεῖς
396 2146 424 2173 δὲ
437 2147 461 2172 οἱ
477 2147 599 2174 ταπεινοὶ
609 2147 656 2174 καὶ
669 2148 777 2184 μακρὰν
788 2149 837 2184 τῆς
849 2149 898 2183 σῆς

115 2191 261 2226 ἀπέχοντες
287 2191 428 2226 δυνάμεως
450 2191 544 2219 ἄλλοτε
564 2192 651 2225 ἄλλως
677 2193 825 2229 φερόμεθα,
851 2194 898 2220 καὶ

957 955 999 979 tos
1020 951 1050 991 in_
1062 952 1241 980 admiratione
1266 952 1411 985 habentur,
1429 960 1490 980 cum
1513 952 1630 987 primum
1653 948 1741 977 exorti

957 997 1077 1031 fuerunt,
1094 998 1168 1025 brevi
1183 998 1343 1031 ﬂoruerunt,
1359 1006 1391 1026 ac
1412 997 1551 1034 conspecti
1577 1000 1658 1029 sunt;
1684 999 1740 1023 sta-

955 1043 1058 1078 timque
1071 1043 1197 1078 apparuit
1209 1043 1303 1078 quales
1316 1042 1427 1074 fuerint,
1441 1046 1467 1070 et
1487 1041 1559 1077 quod
1581 1040 1737 1068 institutum

955 1089 1017 1117 vita:
1034 1089 1181 1116 tenuerint.
1199 1088 1254 1117 Nec
1269 1089 1315 1116 diu
1339 1092 1432 1124 postea
1452 1088 1526 1123 ipsos
1543 1086 1677 1122 pernicies
1695 1085 1740 1112 in-

954 1135 1036 1168 vasit,
1053 1143 1108 1162 non
1126 1135 1181 1170 jam
1205 1135 1296 1162 brevis
1315 1139 1341 1161 et
1364 1140 1549 1169 temporanea,
1568 1132 1615 1160 sed
1640 1139 1737 1167 perpe-

954 1185 1030 1208 tuum
1054 1181 1177 1212 exitium,
1201 1180 1265 1215 quia
1285 1180 1357 1208 enim
1376 1180 1480 1214 justum
1500 1178 1634 1213 judicium
1660 1181 1738 1203 tuum

954 1228 1037 1255 rebus
1050 1227 1174 1255 imminet
1190 1226 1329 1258 humanis,
1350 1226 1452 1253 idcirco
1466 1225 1571 1252 wstimo
1586 1223 1738 1259 peccatori-

953 1273 1005 1301 bus
1017 1277 1044 1301 et
1057 1273 1233 1309 operantibus
1252 1273 1421 1308 iniquitatem
1433 1270 1556 1303 concedi,
1568 1274 1598 1298 ut
1610 1269 1737 1297 exorian~

953 1324 998 1347 tur
1013 1324 1040 1348 et
1055 1327 1184 1355 prospere
1198 1323 1296 1355 agant;
1317 1322 1347 1346 ut
1372 1326 1466 1346 eorum
1486 1316 1629 1344 consilium
1646 1319 1673 1343 et
1686 1322 1736 1342 vo-

953 1367 1055 1399 luntas,
1072 1365 1119 1393 Dei
1130 1366 1290 1394 muneribus
1306 1372 1361 1392 non
1383 1365 1452 1392 bene
1474 1371 1534 1395 usa,
1549 1365 1712 1397 coarguatur
1725 1370 1735 1388 :

952 1412 1130 1448 quamobrem
1152 1412 1236 1439 ultrix
1262 1419 1309 1439 eos
1335 1415 1363 1439 et
1384 1414 1485 1438 aztema
1512 1409 1648 1446 pernicies
1662 1408 1737 1436 exci-

951 1459 1017 1494 piet.

987 1505 1070 1533 Vens.
1088 1506 1129 1534 9-
1144 1505 1188 1533 12.
1206 1505 1245 1532 Tu
1268 1509 1355 1532 autem
1377 1504 1530 1531 Altissimus
1553 1503 1580 1529 in
1596 1507 1734 1533 a'ternum.

952 1552 1073 1580 Domine.
1102 1552 1234 1585 Quoniam
1258 1558 1315 1578 ecce
1341 1550 1440 1577 inimici
1463 1549 1512 1580 tui,
1538 1548 1659 1578 Domine,
1675 1552 1736 1581 quo-

953 1598 1025 1625 niam
1038 1606 1096 1625 ecce
1113 1597 1213 1624 inimici
1236 1597 1275 1623 tui
1296 1595 1426 1630 peribunt,
1443 1599 1468 1622 ιι
1487 1595 1666 1628 dispergentur
1678 1600 1736 1619 om-

951 1652 996 1671 nes
1014 1644 1058 1679 qui
1071 1649 1212 1678 operantur
1236 1642 1411 1677 iniquitatem.
1432 1639 1467 1667 Et
1487 1639 1649 1667 exaltabitur
1667 1637 1735 1664 sicut

950 1690 1085 1717 unicornis
1096 1698 1177 1716 cornu
1187 1697 1284 1720 meum,
1296 1692 1321 1716 et
1333 1691 1450 1715 senectus
1462 1694 1519 1712 mea
1530 1685 1557 1712 iu
1568 1684 1623 1711 oleo
1634 1683 1733 1718 pingui.

952 1735 987 1763 Et
1004 1736 1117 1770 respexit
1131 1735 1223 1763 oculus
1242 1743 1315 1762 meus
1332 1734 1450 1760 inimicos
1461 1740 1542 1763 meos,
1558 1735 1582 1758 et
1600 1730 1628 1757 in
1644 1730 1734 1756 insur-

951 1782 1071 1817 gentibus
1086 1782 1113 1808 in
1128 1790 1168 1809 me
1187 1781 1393 1817 malignanlibus
1408 1780 1497 1807 audiet
1518 1778 1589 1805 auris
1607 1785 1674 1804 mea.
1691 1775 1734 1802 Tu

950 1828 1072 1864 quidem,
1096 1827 1143 1859 ait,
1170 1826 1292 1860 Domine,
1312 1827 1358 1861 qui
1378 1833 1484 1861 semper
1497 1828 1561 1858 [uno
1584 1822 1734 1856 eodemque

951 1875 1032 1902 modo
1050 1873 1206 1901 Altissimus
1229 1880 1269 1904 es,
1294 1872 1322 1900 in
1338 1871 1455 1899 excelsis
1475 1877 1568 1897 manes
1591 1875 1639 1904 per
1653 1873 1734 1894 omne

951 1921 1092 1952 saeculum,
1108 1927 1163 1947 non
1175 1918 1300 1950 mutaris,
1310 1925 1365 1944 non
1381 1915 1519 1951 dejiceris,
1537 1922 1592 1941 non
1605 1911 1733 1944 verteris,

950 1974 1006 1994 non
1026 1966 1112 2000 teipso
1124 1964 1220 1991 melior
1234 1962 1338 1995 evadis,
1354 1970 1404 1989 nec
1418 1962 1452 1989 iis
1466 1960 1512 1995 qui
1532 1959 1558 1986 in
1574 1963 1647 1986 terra
1668 1960 1734 1984 sunt

950 2011 1099 2039 humilibus
1112 2008 1211 2037 similis
1221 2016 1261 2041 es,
1274 2015 1327 2035 non
1342 2007 1468 2042 exiguum
1483 2009 1529 2032 aut
1541 2003 1642 2031 humile
1653 2001 1734 2037 quid-

949 2057 1023 2092 piam
1040 2057 1124 2083 sentis
1148 2060 1195 2081 aut
1209 2054 1279 2088 agis,
1305 2052 1352 2080 sed
1372 2052 1399 2079 in
1424 2054 1555 2078 internum
1570 2048 1619 2075 tibi
1635 2046 1733 2074 similis

949 2109 1112 2140 permanes;
1132 2108 1183 2128 nos
1196 2104 1285 2126 autem
1305 2098 1432 2130 humiles,
1445 2096 1493 2131 qui
1504 2094 1622 2131 procula
1631 2093 1734 2121 virtute

949 2153 994 2176 tua
1010 2148 1152 2179 absumus,
1174 2146 1228 2173 alio
1245 2145 1351 2180 alioque
1367 2143 1447 2170 modo
1471 2142 1584 2169 ferimur
1601 2142 1628 2166 et
1643 2140 1733 2166 muta-

948 2201 1020 2221 mur.
1034 2192 1137 2219 Inimici
1151 2191 1242 2226 itaque
1257 2190 1307 2222 tui,
1324 2189 1447 2220 Domine,
1463 2187 1510 2222 qui
1525 2193 1584 2213 sese
1596 2185 1661 2217 vita,
1672 2190 1733 2218 quae

118 2236 346 2273 μεταδαλλόμεθα.
358 2237 389 2263 Οί
408 2237 457 2273 μὲν
473 2235 520 2264 οὖν
535 2238 625 2273 ἐχθροί
643 2247 700 2271 σου,
713 2238 735 2265 ὦ
750 2238 845 2274 Κύριε,
859 2238 897 2270 ὡς

953 2238 1020 2274 apud
1038 2243 1064 2266 te
1077 2242 1128 2270 est,
1146 2237 1250 2264 alienos
1266 2234 1483 2266 constituerunt;
1501 2239 1533 2258 ac
1549 2231 1734 2266 praeoptarunt

117 2281 151 2307 ἂν
162 2281 270 2314 ἑαυτοὺς
285 2282 440 2318 ἀλλοτρίους
462 2284 680 2319 καταστήσαντες
696 2284 745 2320 τῆς
759 2284 834 2321 παρά
857 2285 899 2311 σοὶ

117 2326 196 2361 ζωῆς,
214 2327 313 2364 ἔχθραν
329 2336 357 2354 τε
380 2329 440 2355 ἀντὶ
455 2329 545 2364 φιλίας
562 2329 630 2366 πρὸς
640 2330 669 2356 σὲ
683 2329 729 2356 τὸν
741 2330 820 2365 μόνον
831 2331 900 2365 ἀγα-

118 2373 163 2400 θὸν
184 2373 315 2409 ἑλόμενοι,
344 2374 516 2407 ἀπολοῦνται,
537 2376 642 2408 ἑαυτοῖς
661 2376 742 2403 αἴτιοι
759 2376 899 2412 γενόμενοι

119 2419 259 2451 ἀπωλείας,
283 2419 327 2447 διὰ
353 2420 383 2447 τὺ
396 2421 435 2457 μὴ
457 2421 582 2457 ἐθελῆσαί
603 2430 645 2449 σοι
665 2422 833 2458 παραμένειν
851 2422 898 2449 καί

120 2473 159 2491 σοι
171 2465 332 2501 φιλωθῆναι’
354 2467 454 2503 ἔχθραν
474 2467 503 2494 δὲ
523 2467 638 2504 ἅρασθαι
649 2467 698 2504 τὴν
720 2468 788 2503 πρὸς
807 2468 838 2494 σὲ
853 2467 898 2495 τὸν

120 2511 215 2538 ἑαυτῶν
230 2513 344 2548 ποιητήν
357 2521 387 2539 τε
401 2512 448 2539 καὶ
464 2513 583 2549 σωτῆρα.
594 2513 640 2540 Διὸ
652 2512 703 2539 κᾶν
719 2512 803 2548 μυρία
818 2521 899 2539 συνα-

119 2559 231 2593 γάγωσιν
248 2558 276 2585 ἐν
289 2558 328 2593 τῷ
343 2558 393 2594 βίῳ
402 2558 489 2594 τούτῳ
499 2559 638 2595 χρήματα,
653 2560 701 2586 καὶ
709 2558 834 2591 πλοῦτον,
850 2558 898 2586 κα)⁸

120 2603 274 2640 θησαυροὺς,
302 2603 369 2631 ἀλλὰ
390 2605 425 2631 τὰ
452 2604 540 2631 πάντα
557 2605 605 2632 σὺν
622 2606 682 2637 ταῖς
693 2605 782 2632 αὐτῶν
798 2604 898 2640 ψυχαῖς

121 2650 164 2676 καὶ
183 2650 272 2682 αὐτοῖς
300 2651 407 2685 σώμασι
429 2649 729 2686 διασκορπισθήσονται.
757 2650 828 2685 Ἐγὼ
842 2651 871 2677 δὲ
883 2651 898 2677 ὁ

120 2696 165 2732 τὴν
178 2696 242 2732 πρὸς
260 2696 289 2723 σὲ
302 2696 402 2731 γνῶσιν
411 2696 459 2723 καὶ
469 2696 559 2731 φιλίαν
567 2697 771 2732 ἀσπασάμενος,
784 2697 831 2724 καὶ
843 2696 897 2724 τῶν

122 2741 213 2777 ἐχθρῶν
224 2750 270 2768 σου
284 2742 422 2778 ἀλλότριος
435 2741 565 2776 γεγονὼς,
573 2742 734 2778 πέπεισμαι,
743 2743 784 2770 ὅτι
792 2743 841 2779 τῆς
850 2743 896 2770 ἐπὶ

122 2788 150 2814 τὺ
162 2790 278 2824 κρεῖττον
304 2789 455 2824 μεταϐολῆς
468 2788 598 2824 τεύξομαι
609 2790 642 2824 τῇ
662 2791 695 2824 σῇ
713 2789 896 2825 δικαιοκρισίᾳ

123 2834 254 2862 πιστεύων·
269 2835 339 2862 ὥστε
353 2836 377 2862 εἰ
393 2835 440 2862 καὶ
456 2835 525 2862 κατά
539 2835 585 2861 τὸν
596 2834 717 2870 παρόντα
733 2834 789 2869 βίον
804 2834 896 2867 ἄδοξός

123 2889 160 2914 τις
177 2880 242 2910 εἶναι
268 2882 374 2919 δοκοίην
400 2883 445 2909 καὶ
472 2882 597 2914 ταπεινὸς
619 2881 693 2917 παρὰ
709 2883 764 2914 τοῖς
779 2881 894 2916 πολλοῖς,

949 2285 1110 2314 inimicitias
1120 2289 1222 2316 tecum,
1237 2282 1284 2318 qui
1297 2282 1372 2310 solus
1388 2281 1475 2308 bonus
1487 2286 1527 2312 es,
1536 2285 1639 2313 gerere,
1650 2283 1733 2314 quam

949 2331 1071 2358 amicitia
1085 2330 1139 2357 frui
1157 2335 1214 2362 tua,
1236 2327 1373 2363 peribunt,
1396 2325 1503 2360 .ihique
1529 2323 1581 2357 ipsi
1604 2320 1733 2356 perniciei

948 2382 1075 2405 auctores
1091 2380 1172 2403 erunt
1199 2384 1206 2402 :
1227 2374 1291 2410 quia
1319 2373 1466 2400 noluerunt
1484 2369 1553 2405 apud
1578 2373 1604 2396 te
1623 2374 1734 2396 manere

947 2423 1081 2457 amicique
1104 2422 1143 2448 tui
1162 2428 1241 2452 esse;
1270 2418 1318 2447 sed
1345 2417 1502 2445 inimicitias
1526 2415 1670 2442 adversum
1693 2416 1732 2444 te,

947 2469 1071 2505 opificem
1086 2472 1113 2496 et
1130 2471 1298 2494 servatorem
1314 2472 1406 2497 suum,
1426 2469 1582 2497 suscepere.
1599 2460 1734 2494 Quamob-

947 2523 1004 2543 rem
1019 2514 1127 2542 etiamsi
1147 2513 1268 2540 inlinitas
1290 2512 1317 2538 in
1332 2511 1382 2538 hac
1396 2510 1452 2537 vita
1466 2509 1606 2545 pecunias,
1623 2505 1733 2534 divitias

946 2566 974 2590 et
988 2562 1132 2589 thesauros
1143 2559 1290 2594 colligant;
1306 2557 1354 2585 sed
1370 2557 1461 2584 omnia
1474 2563 1535 2583 cum
1549 2553 1692 2581 animabus
1705 2554 1733 2579 et

947 2607 1109 2643 corporibus
1121 2607 1240 2640 ipsorum
1255 2603 1453 2639 dispergentur.
1464 2601 1518 2637 Ego
1531 2607 1595 2628 vero
1618 2599 1665 2634 qui
1686 2605 1735 2625 co-

947 2642 1096 2688 gnitionem
1113 2656 1139 2679 et
1153 2649 1298 2677 amicitiam
1317 2654 1390 2676 tuam
1408 2647 1587 2682 amplexatus,
1602 2647 1629 2671 et
1642 2642 1734 2670 inimi-

947 2698 987 2725 cis
1006 2697 1060 2725 tuis
1074 2696 1179 2724 alienus
1196 2695 1310 2723 eil'ectus
1321 2701 1393 2726 sum,
1410 2698 1571 2728 persuasum
1591 2689 1677 2716 habeo
1689 2695 1734 2715 me

946 2743 1126 2772 mutationem
1139 2742 1168 2769 in
1183 2741 1280 2769 melius
1294 2745 1438 2768 nacturum
1454 2745 1526 2770 esse,
1539 2736 1615 2772 justo
1629 2734 1734 2770 judicio

946 2795 994 2818 tuo
1017 2789 1096 2817 iidem
1122 2788 1237 2816 habens.
1257 2786 1350 2822 Itaque
1369 2784 1477 2813 etiamsi
1492 2785 1520 2811 in
1534 2781 1660 2819 prmsenti
1676 2781 1732 2807 vita

948 2836 1081 2872 inglorius
1095 2839 1122 2863 et
1137 2835 1198 2862 vilis
1217 2841 1279 2861 esse
1293 2839 1376 2868 penes
1392 2831 1492 2858 multos
1506 2830 1616 2862 videar;
1635 2827 1683 2855 sed
1705 2826 1733 2854 in

947 2884 999 2913 huc
1013 2890 1103 2910 rerum
1114 2882 1269 2915 exaltabor;
1283 2881 1335 2908 imo
1348 2879 1438 2915 potius
1453 2884 1538 2906 cornu
1555 2883 1645 2904 meum
1656 2874 1738 2916 exal-.
