3972 6812
555 347 693 405 H79

1259 346 1526 403 EUSEBII
1564 348 2036 406 Cz’ESARIENSlS
2071 349 2220 406 OPP.
2262 349 2442 404 PARS
2470 349 2554 403 lli.
2597 381 2667 393 —-
2700 349 3110 407 EXEGETICA.

3717 349 3886 403 ΗΕΒ

552 460 776 524 tabitur,
808 459 860 514 id
900 467 1004 523 est,
1041 473 1166 530 spes
1213 459 1364 531 regni
1398 459 1544 517 illius
1575 461 1717 531 quod
1763 463 1905 532 apud
1938 473 1988 518 te
2027 479 2112 518 me

2231 463 2326 516 ἱιλλ⁶
2349 467 2407 518 ἐν
2435 465 2514 536 τῷ
2544 465 2685 518 τέλει
2715 464 2822 517 τῶν
2855 463 3194 534 πραγμάτων
3235 461 3664 534 ὑψωθήσομαε,
3713 463 3882 531 pii...

553 558 974 609 consecuturum
1027 558 1316 621 exspecto;
1356 567 1478 622 quae
1540 553 1748 608 scilicet
1791 554 1908 624 pari
1955 553 2115 610 modo

553 645 881 701 exaltabitur
909 653 1072 715 atque
1112 644 1413 702 unicornis.
1461 646 1595 701 Nam
1644 649 1690 702 si
1719 650 1844 720 quis
1873 657 1956 704 est
1995 649 2116 704 uni-

553 737 740 792 cornis
761 737 821 790 in
834 735 1230 805 spiritualibus,
1253 737 1414 806 quite
1441 735 1654 794 Patrem
1683 755 1840 794 suum
1869 748 1927 794 ut
1948 756 2114 795 unum

555 845 726 883 cornu
764 828 864 884 sibi
907 827 1160 895 ascribit;
1209 829 1346 884 bene
1389 830 1514 884 novi
1547 847 1653 896 me,
1691 832 1911 902 perinde
1955 840 2116 902 atque

556 919 728 978 illum,
767 917 1114 972 exaltandum
1152 932 1290 973 esse.
1338 917 1476 985 Quia
1518 921 1662 975 enim
1708 921 1952 978 haeredes
1999 921 2113 987 Dei,

553 1009 860 1064 cohaeredes
882 1020 1058 1065 autem
1081 1011 1280 1066 Christi
1299 1027 1585 1078 vocamur;
1620 1029 1778 1083 spero
1799 1029 1882 1069 me
1904 1015 2115 1080 eodem,

553 1119 662 1172 quo
691 1103 962 1166 Christus,
994 1119 1160 1175 regno
1191 1104 1482 1158 fruiturum
1527 1121 1670 1173 esse,
1705 1121 1828 1160 cum
1864 1115 2117 1163 senectus

553 1208 692 1256 mea,
722 1193 772 1247 id
808 1201 890 1247 est
917 1201 1159 1248 extrema
1185 1195 1309 1250 vita:
1337 1210 1489 1258 meae,
1543 1196 1870 1251 exaltabitur
1902 1197 1956 1252 in
1998 1198 2119 1253 oleo

553 1283 760 1354 pingui.
816 1282 1042 1339 Etiamsi
1088 1286 1230 1340 enim
1269 1286 1570 1356 juventutis
1599 1295 1652 1342 et
1686 1288 1888 1359 vigoris
1925 1290 2120 1345 animm

554 1389 687 1428 meze
714 1380 931 1445 tempus
969 1376 1023 1429 in
1052 1375 1154 1429 hac
1186 1376 1320 1441 vita,
1361 1392 1458 1430 ccu
1506 1376 1560 1431 in
1591 1380 1907 1446 certamine,
1939 1381 2120 1434 humi-

553 1464 741 1518 liatum
785 1474 1138 1533 exerceatur;
1197 1474 1252 1520 at
1288 1475 1553 1533 extrema,
1590 1471 1872 1541 ipsiusque
1928 1473 2120 1528 animae

555 1565 830 1620 senectus,
867 1557 919 1611 id
950 1566 1033 1613 est
1063 1561 1462 1627 consummatio
1491 1561 1632 1630 ejus,
1667 1563 2020 1617 mutationem
2065 1565 2119 1618 in

555 1648 749 1702 melius
795 1649 1097 1716 obtinebit;
1153 1665 1217 1704 ac
1261 1651 1382 1705 oleo
1431 1652 1833 1721 superemuenti
1875 1655 2025 1709 diviti
2067 1665 2121 1711 et

555 1740 764 1810 pingui,
791 1742 932 1810 apud
955 1750 1007 1796 te
1038 1743 1348 1798 misericors
1377 1741 1538 1808 Deus,
1561 1745 1942 1802 viviﬁcabitur.
1964 1747 2119 1802 Tunc

2214 553 2303 606 λον
2328 553 2384 606 δὲ
2419 553 2478 606 τὸ
2511 553 2674 625 κέρας
2716 571 2814 625 μου
2856 553 3218 624 ὑψωθήσεται,
3269 551 3562 604 τουτέστιν
3595 553 3649 621 ἡ
3687 552 3880 615 ἑὶπξ

2213 643 2311 712 τῆς
2365 643 2818 715 προσδοκωμένης
2871 661 2972 715 μου
3001 644 3153 714 παρὰ
3209 643 3290 696 σοὶ
3334 641 3688 712 βασιλείας,
3733 645 3873 712 in;

2215 733 2557 804 ὑψωθήσεται
2602 735 2872 801 τοσοῦτον,
2892 737 3028 788 τῖσον
3058 736 3152 788 καὶ
3183 735 3216 806 ἡ
3263 735 3358 787 τοῦ
3389 733 3870 805 μονοκέραητς-

2215 826 2278 879 Εἰ
2307 826 2416 898 γάρ
2436 826 2551 879 ἐστί
2579 845 2661 890 τις
2693 828 2750 880 ὲν
2799 830 3006 896 νοητοῖς
3059 826 3366 897 μονόκερως
3391 827 3454 879 ἓν
3480 826 3702 896 κέρας
3738 828 3872 876 ἐπι-

2213 917 2560 991 γραφόμενός
2587 936 2646 972 σε
2667 919 2755 973 τὸν
2787 919 2951 973 αὑτοῦ
2992 919 3232 990 Πατέρα,
3267 914 3324 972 εῦ
3347 916 3471 972 οἴδα
3503 918 3628 970 καὶ
3677 917 3874 980 avla-ti;

2215 1009 2414 1079 ὁμοίως
2451 1009 2640 1081 ἐκείνῳ
2683 1010 3115 1082 ὑψωθησόμενος.
3161 1011 3312 1063 Ἐπεὶ.
3336 1011 3444 1082 γὰρ
3480 1009 3868 1078 κεκλήμεθα

2217 1100 2542 1173 κληρονόμοι
2577 1099 2714 1156 εἶναι
2745 1102 2900 1168 Θεοῦ,
2951 1101 3379 1173 συγκληρονόμοι
3429 1102 3493 1154 δὲ
3533 1101 3867 1172 Χριστοί,

2219 1193 2536 1265 πέπεισμαι,
2595 1194 2748 1267 φησὶ,
2797 1196 2895 1266 τῆς
2935 1195 3104 1266 αὐτῆς
3144 1195 3222 1266 τῷ
3259 1194 3484 1268 Χριστῷ
3519 1211 3639 1247 σου
3689 1193 3866 1263 βατι-

2218 1285 2367 1349 λείας
2403 1284 2749 1351 ἀπολαύσειν,
2789 1284 3024 1356 ὁπηνίκα
3065 1284 3126 1337 τὸ
3160 1285 3335 1356 γῆράς
3377 1302 3510 1354 μου,
3556 1284 3864 1335 τουτέστι

2217 1379 2286 1432 τὰ
2308 1377 2510 1447 ἔσχατα
2532 1379 2630 1449 τῆς
2655 1379 2792 1449 ἐμῆς
2814 1375 2960 1448 ζωῆς
2979 1375 3318 1448 ὑψωθήσεται
3345 1379 3402 1430 ἐν
3432 1375 3630 1445 ἐλαίῳ
3663 1377 3856 1429 πίστι.

2219 1476 2282 1527 Et
2320 1473 2429 1546 γὰρ
2468 1472 2561 1526 καὶ
2611 1471 2678 1524 τὰ
2713 1469 2944 1539 μάλιστα
2985 1465 3052 1519 τὰ
3080 1465 3181 1537 τῆς
3210 1466 3462 1537 νεότητος
3494 1466 3608 1518 καὶ
3639 1465 3726 1517 τὰ
3753 1465 3860 1533 cf;

2220 1564 2403 1634 ἀκμῆς
2426 1562 2525 1633 τῆς
2557 1560 2697 1630 ἐμῆς
2720 1558 2895 1628 φακῆς
2925 1555 2998 1619 ὡς
3039 1557 3097 1610 ὲν
3131 1555 3301 1625 ἀγῶνι
3332 1555 3411 1626 τῷ
3438 1557 3716 1628 παρόντε
3753 1555 3859 1626 βίῳ

2219 1653 2570 1709 ταπεινοῦται
2595 1669 2662 1721 γυ
2672 1648 3002 1721 μναζόμενα,
3023 1648 3157 1703 ἀλλὰ
3174 1649 3243 1703 τά
3265 1666 3328 1717 γε
3344 1649 3561 1718 ἔσχατα
3599 1649 3727 1700 καὶ
3748 1648 3824 1715 τῆ
3829 1666 3856 1710 ς

2219 1745 2396 1817 ψυχῆς
2427 1743 2594 1813 αὐτῆς
2639 1741 2699 1794 τδ
2737 1740 2934 1811 γῆρας,
2968 1739 3242 1792 τουτέστιν
3281 1741 3315 1810 ἡ
3353 1739 3673 1802 τελείωσις
3715 1740 3854 1792 τεῦ.

556 1844 689 1884 sane
714 1830 904 1885 oculus
935 1847 1087 1886 meus
1117 1833 1206 1902 qui
1240 1849 1404 1903 super
1425 1841 1737 1904 peccatores
1761 1837 2116 1902 contabescit,

2231 1837 2369 1903 Ξεται
2398 1834 2495 1905 τῆς
2524 1833 2614 1886 ἐπὶ
2633 1831 2696 1885 τδ
2727 1833 2971 1903 κρεῖττον
2995 1829 3313 1902 μεταϐολῆς,
3340 1831 3397 1882 ὲν
3425 1830 3612 1900 ἐλαίῳ
3638 1847 3852 1902 τερετ-

555 1926 609 1975 et
639 1921 918 1976 mortalem
946 1923 1112 1976 vitam
1144 1924 1410 1995 deplorat,
1445 1926 1514 1980 ab
1555 1926 1792 1982 inimicis
1824 1929 1959 1983 meis
1989 1945 2120 1984 con-

555 2011 839 2080 spicietur,
871 2027 1075 2082 eosque
1103 2013 1310 2070 debitas
1338 2031 1528 2084 pmnas
1563 2018 1712 2074 luere
1752 2019 1985 2086 videbit;
2026 2021 2117 2090 qui

551 2101 665 2170 jam
716 2101 859 2170 apud
906 2105 1108 2160 multos
1158 2106 1329 2175 gloria
1364 2107 1728 2174 celebrantur,
1778 2125 2120 2180 quorumque

556 2194 681 2250 ﬁnis
717 2196 1043 2266 dispersioni
1079 2199 1342 2254 tradetur.
1393 2198 1545 2254 Tunc
1583 2217 1688 2256 non
1726 2203 1888 2256 modo
1929 2204 2120 2258 oculus

555 2301 731 2350 meus,
763 2287 858 2342 sed
899 2289 1060 2342 etiam
1099 2289 1248 2344 auris
1295 2290 1488 2345 animae
1534 2307 1686 2355 mete,
1725 2292 1882 2348 ﬁnem
1940 2294 2122 2349 audiet

555 2391 766 2439 eorum,
795 2379 888 2446 qui
915 2377 1028 2447 jam
1059 2378 1348 2451 insurgunt
1373 2381 1660 2437 adversum
1687 2399 1774 2438 me
1801 2392 1854 2438 et
1889 2386 2122 2457 maligne

556 2478 742 2538 agunt.
773 2468 976 2524 Horum
999 2487 1127 2541 ergo
1152 2475 1394 2528 omnium
1422 2491 1586 2530 causa
1617 2477 1976 2533 admiratione
1999 2495 2123 2548 per-

556 2561 746 2616 culsus
800 2561 868 2616 de
925 2565 1280 2633 providentia:
1334 2578 1436 2620 tua:
1479 2569 1708 2632 ratione,
1743 2577 1796 2623 ct
1848 2569 1916 2625 de
1971 2570 2122 2639 justo

554 2647 760 2717 judicio
787 2651 884 2706 abs
918 2658 970 2706 te
997 2653 1250 2709 omnibus
1278 2654 1574 2719 reddendo,
1595 2671 1694 2727 ego
1724 2657 1940 2726 quidem
1973 2659 2124 2713 laetor

555 2748 612 2794 et
636 2745 851 2796 exsulto
878 2743 934 2797 in
967 2745 1222 2814 operibus
1251 2762 1507 2800 manuum
1543 2754 1794 2816 tuarum;
1822 2751 2000 2805 omnis
2027 2767 2124 2805 au-

557 2834 666 2884 tem
697 2831 779 2884 vir
809 2833 1070 2903 insipiens
1096 2844 1148 2890 et
1173 2837 1376 2892 stultus
1411 2853 1518 2892 non
1547 2837 1797 2909 intelligit
1822 2839 1954 2894 haec.
1980 2840 2125 2907 Qua-

559 2931 782 2992 propter
827 2924 950 2978 dico
989 2943 1005 2981 :
1053 2927 1225 2990 Quam
1273 2930 1615 2998 magniﬁcam
1651 2941 1774 2985 sunt
1805 2949 1962 3001 opera
2007 2944 2121 3002 tua,

559 3013 816 3069 Domine!
846 3031 946 3070 nec
973 3017 1134 3072 modo
1163 3018 1442 3088 profundae
1473 3019 1628 3076 facta:
1665 3030 1813 3088 sunt,
1844 3029 1937 3081 sed
1969 3022 2126 3082 vald'e

557 3104 835 3176 profunda:
858 3105 1014 3176 facta
1040 3117 1160 3163 sunt
1193 3111 1533 3182 cogitationes
1564 3123 1706 3178 tua;
1736 3116 1938 3185 quibus
1983 3121 2125 3189 cogi-

560 3195 859 3252 tationibus
880 3214 1079 3255 arcano
1108 3210 1164 3255 ct
1194 3203 1464 3272 profundo
1492 3206 1654 3261 modo
1688 3182 1998 3264 universum
2029 3182 2124 3266 υἷι-
2151 3182 2193 3238 C

561 3288 840 3344 ministras
875 3307 890 3343 :
921 3305 984 3344 ac
1015 3291 1151 3348 sinis
1193 3294 1412 3362 quidem
1443 3307 1497 3351 et
1541 3297 1816 3362 concedis,
1871 3307 1930 3354 ut
1975 3301 2127 3372 impii

562 3379 664 3434 hoc
683 3388 922 3449 tempore
951 3385 1259 3439 exaltentur
1295 3396 1349 3442 et
1391 3391 1754 3456 extollantur;
1781 3391 1852 3461 pii
1881 3408 2008 3447 vero
2025 3395 2128 3448 bu-

562 3473 858 3538 milientur,
896 3491 1125 3545 quorum
1170 3486 1345 3532 tamen
1397 3481 1518 3535 linis
1552 3482 1784 3538 mirabili
1825 3491 1878 3538 et
1912 3486 2128 3555 sapien-

561 3563 785 3620 tissimae
816 3565 1209 3636 dispensationi
1234 3581 1340 3624 tuae
1367 3573 1735 3627 testimonium
1760 3575 1982 3644 praebet,
2007 3592 2128 3646 qua:

562 3658 911 3726 conspicatus
939 3658 1161 3714 divinus
1197 3661 1488 3732 Apostolus
1520 3665 1598 3717 sic
1631 3666 1963 3721 vociferatus
1993 3676 2077 3722 est
2110 3686 2123 3721 :

564 3746 610 3804 0
641 3749 866 3804 altitudo
888 3752 1192 3806 divitiarum
1215 3754 1490 3822 sapientiw
1507 3764 1556 3809 et
1580 3758 1812 3811 scientiae
1829 3757 1944 3822 Dei,
1969 3775 2128 3828 quam

562 3841 1106 3911 incomprehensibilia
1134 3855 1255 3899 sunt
1276 3845 1482 3914 judicia
1506 3849 1618 3917 ejus
1660 3858 1708 3903 et
1741 3850 2127 3922 investigabiles

563 3932 661 3986 via:
686 3935 798 4000 ejus
822 3935 866 3966 ¹⁰
891 3937 904 3989 i

2219 1928 2426 1982 τεύοντι
2475 1925 2570 1980 καί
2625 1922 2865 1993 πλουσίῳ
2916 1923 3010 1976 καὶ
3047 1922 3210 1988 πίονι,
3237 1921 3315 1993 τῷ
3370 1922 3531 1993 παρὰ
3581 1924 3715 1987 πὶ,
3770 1923 3848 1992 τῷ

2220 2021 2468 2093 ἐλεήμονι
2491 2015 2610 2089 Θεῷ
2635 2015 2960 2088 ζησομένης.
2999 2014 3132 2069 Τότε
3158 2014 3223 2086 δὴ
3247 2015 3366 2068 τότε
3396 2016 3496 2068 καὶ
3533 2015 3564 2065 6
3597 2015 3722 2067 νῦν
3752 2017 3844 2068 ἐπὶ

2217 2116 2332 2176 τοῖς
2383 2109 2724 2182 ἁμαρτωλοῖς
2775 2106 3136 2179 ὲκτηκόμενός
3187 2124 3286 2178 μου
3343 2107 3652 2177 ὀφθαλμὸς
3677 2147 3699 2170 ,
3748 2108 3846 2158 καὶ

2219 2202 2310 2257 τὸν
2342 2201 2530 2272 θνητὸν
2566 2198 2678 2270 βίον
2709 2197 3137 2268 ἀποκλαόμενος,
3162 2195 3420 2265 ἐπόψεται
3438 2198 3566 2259 τοῖς
3601 2196 3844 2266 ἐχθροῖς

2225 2309 2347 2364 μου,
2380 2289 2522 2360 δρῶν
2572 2287 2727 2358 δίκην
2770 2287 2870 2358 τὴν
2914 2287 3233 2358 πρέπουσαν
3265 2285 3509 2349 διδόντας
3564 2287 3720 2349 τοὺς
3747 2286 3842 2337 νῦν

2223 2382 2374 2456 παρὰ
2419 2384 2532 2445 τοῖς
2566 2379 2783 2442 πολλοῖς
2829 2377 3238 2448 δοξαζομένους,
3270 2370 3343 2430 ὧν
3389 2377 3450 2430 τὸ
3511 2378 3694 2441 τέλος
3723 2379 3842 2431 δια⁸

2225 2471 2550 2545 σκορπισμῷ
2577 2469 3029 2542 παραδοθήσεται.
3048 2468 3180 2522 Τότε
3197 2469 3253 2522 δὲ
3277 2469 3336 2521 οὒ
3370 2469 3538 2539 μόνον
3561 2472 3594 2522 6
3618 2469 3836 2537 ὀφθαλ-

2225 2565 2323 2635 μός
2347 2581 2472 2635 μου,
2509 2560 2644 2615 ἀλλὰ
2687 2561 2780 2614 καὶ
2826 2559 2958 2613 αὑτὸ
3005 2559 3065 2613 τὸ
3093 2553 3186 2622 οῦς
3211 2560 3310 2630 τῆς
3345 2558 3487 2630 ἐμῆς
3528 2559 3740 2630 ψυχῆς
3778 2562 3836 2612 τὸ

2221 2658 2374 2721 τέλος
2430 2654 2722 2710 ἀκούσεται
2781 2653 2890 2707 τῶν
2940 2652 3178 2724 σήμερον
3230 2653 3710 2723 ἐπανισταμένων
3751 2654 3832 2705 ἐπ’

2224 2748 2325 2819 ἐμὲ
2354 2746 2448 2800 καὶ
2479 2743 2950 2816 πονηρευομένων.
2978 2742 3194 2795 Τούτων
3220 2741 3264 2795 δ’
3282 2736 3375 2795 οὑν
3393 2741 3568 2796 ἕνεκα
3601 2744 3833 2797 πάντων

2225 2836 2661 2911 ὑπερθαυμάζων
2676 2836 2803 2900 τοὺς
2822 2837 2921 2908 τῆς
2950 2835 3049 2905 σῆς
3072 2834 3572 2907 προνοίαςλόγους,
3611 2837 3717 2888 καὶ
3738 2836 3832 2904 τὴν

2224 2931 2592 3002 ἀποκειμένην
2631 2930 2744 2992 τοῖς
2777 2929 2908 2980 πᾶσι
2937 2926 3087 2999 παρὰ
3123 2925 3216 2980 σοῦ
3245 2926 3686 2998 δικαιοκρισίαν,
3721 2927 3830 2995 ἐγὼ

2230 3028 2326 3100 μὲν
2377 3027 2881 3100 ὑπερευφραίνομαι
2938 3027 3031 3081 καὶ
3078 3025 3319 3096 ἀγαλλιῶ
3348 3025 3440 3078 ἐπὶ
3478 3029 3604 3088 τοῖς
3635 3025 3827 3095 ἔργοις

2225 3122 2333 3174 τῶν
2365 3122 2562 3194 χειρῶν
2621 3139 2746 3176 σουο
2785 3123 2893 3186 πᾶς
2932 3121 2990 3176 δὲ
3019 3119 3207 3192 ἄφρων
3246 3119 3384 3191 ἀνὴρ
3424 3120 3520 3172 καὶ
3555 3119 3826 3180 ἀσύνετος

2225 3215 2288 3268 οὒ
2337 3214 2552 3286 συνίησι
2599 3214 2794 3270 ταῦτα.
2829 3215 2920 3268 Διὸ
2953 3215 3017 3286 δή
3063 3230 3237 3284 φημι”
3284 3211 3381 3278 Ὠς
3426 3211 3820 3280 caeruleis-0!;

2224 3305 2299 3361 τὰ
2315 3308 2460 3378 ἔργα
2493 3323 2630 3370 σου,
2673 3307 2894 3376 Κύριεὶ
2927 3309 3022 3360 καὶ
3055 3307 3153 3376 οὐχ
3188 3303 3374 3368 ἁπλῶς
3410 3301 3820 3372 ὲϐαθύνθησαν,

2226 3397 2362 3453 ἀλλὰ
2386 3399 2620 3469 σφόδρα
2667 3392 3084 3466 ὲόὶιθῠνθησαν
3131 3399 3188 3450 οἱ
3236 3394 3622 3464 διαλογισμοί
3659 3408 3815 3446 σευσ

2229 3490 2352 3546 καθ’
2385 3490 2480 3555 οὓς
2497 3492 2880 3562 διαλογισμοὺς
2901 3491 3228 3562 ἀπορῤήτως
3243 3489 3338 3542 καὶ
3361 3487 3572 3558 βαθέως
3592 3486 3815 3547 διοικεῐς

2231 3582 2290 3636 τὸ
2319 3583 2445 3645 πᾶν,
2479 3582 2789 3652 ἐπιτρέπων
2825 3582 2917 3635 καὶ
2949 3581 3242 3653 συγχωρῶν
3275 3579 3496 3633 ἀσεϐέσι
3542 3578 3646 3648 μὲν
3671 3578 3814 3630 κατὰ

2232 3673 2325 3725 τὸν
2350 3673 2590 3744 παρόντα
2640 3673 2830 3744 καιρὸν
2875 3672 3199 3744 ἐπαίρεσθαι
3237 3663 3331 3724 καὶ
3361 3668 3647 3740 ὑψοῦσθαι,
3684 3668 3812 3730 τοὺς

2232 3764 2288 3816 δὲ
2319 3765 2559 3828 εὐσεϐεῖς
2600 3762 3008 3828 ταπεινοῦσθαι,
3042 3756 3116 3817 ιῖιν
3152 3762 3221 3816 τὰ
3252 3761 3381 3834 τέλη
3419 3763 3686 3832 μαρτυρεῖ
3717 3776 3805 3811 σου

2231 3858 2299 3926 τῇ
2341 3857 2626 3926 θαυμαστῇ
2673 3855 2768 3909 καὶ
2795 3855 3053 3924 πανσόφῳ
3073 3853 3365 3924 διοικήσει·
3409 3851 3444 3905 ἃ
3473 3850 3537 3921 δὴ
3585 3848 3802 3902 συνιδὼν

2234 3946 2330 3998 καὶ
2356 3947 2384 3999 6
2401 3947 2543 4010 θεῖος
2557 3947 2689 4000 Ἀπὸ
2698 3945 2880 4009 στολος
2898 3944 3204 4016 ἐξεφώνησε
3224 3944 3305 4007 τὸ,
3327 3944 3388 3996 Ὢ
3415 3942 3605 4007 ,Βάθος
3625 3942 3802 3994 πλεύ-

561 4045 668 4083 του
715 4031 811 4084 καὶ
851 4031 1069 4102 σοφίας
1100 4031 1199 4088 καὶ
1221 4031 1486 4106 γνώσεως
1526 4037 1694 4103 Θεοῦ,
1753 4037 1834 4103 ὡς
1885 4039 2321 4111 ἀνεξερεύνητα
2359 4043 2433 4098 τὰ
2467 4041 2720 4116 κρίματὰ
2775 4057 2926 4116 ¹σου,
2975 4043 3070 4096 καὶ
3117 4041 3557 4110 ἀνεξιχνίαστοι
3591 4041 3648 4092 αι
3677 4036 3796 4091 ὁδοὶ

559 4121 768 4176 αὐτοῦ.

632 4237 798 4294 Vens.
837 4241 923 4305 13,
955 4241 1039 4298 li.
1074 4241 1263 4299 Justus
1293 4255 1350 4300 ut
1379 4248 1558 4314 palma
1590 4247 1794 4316 ﬂorebit
1814 4289 1829 4315 ,
1859 4251 1994 4305 sicut
2045 4267 2128 4306 ce-

562 4329 711 4393 drus,
737 4349 854 4402 quae
881 4335 935 4387 in
970 4333 1168 4390 Libano
1199 4347 1298 4404 est,
1323 4339 1780 4408 ntultiplicabitur.
1806 4341 2129 4400 Peccatores

2303 4251 2540 4315 Δίκαιος
2586 4249 2667 4314 ὡς
2705 4247 2908 4318 φοίνιξ
2950 4244 3224 4314 ἀνθήσει,
3262 4245 3343 4311 ὡς
3373 4245 3410 4313 ἡ
3437 4243 3640 4312 κέδρος
3667 4245 3706 4312 ἠ
3732 4245 3798 4298 ἐν

2234 4341 2314 4408 τῷ
2335 4339 2566 4407 Λιϐάνῳ
2592 4337 3101 4408 πληθυνθήσεται.
3127 4337 3191 4390 Oi
3221 4335 3318 4407 μὲν
3339 4333 3646 4407 ἁμαρτωλοὶ
3671 4336 3794 4389 ὡσεὶ

563 4420 781 4490 quidem
819 4423 961 4477 sicut
1010 4423 1195 4479 fenum
1223 4429 1446 4508 exoriri,
1481 4437 1535 4485 et
1569 4432 1636 4485 ad
1673 4434 1979 4503 exemplum
2020 4435 2127 4489 feni

2237 4433 2427 4504 χόρτος
2487 4431 2733 4500 ἐλέγοντο
2785 4429 3098 4484 ἀνατέλλειν
3119 4469 3133 4494 ,
3181 4428 3276 4482 καὶ
3334 4426 3672 4499 καταλλήλως
3725 4428 3795 4498 τῷ

563 4528 674 4567 non
701 4513 794 4568 diu
826 4524 1009 4582 postea
1055 4518 1232 4586 perire
1277 4520 1405 4574 dicti
1434 4533 1580 4576 sunt.
1612 4522 1746 4577 Nam
1776 4535 2023 4580 exortum
2056 4525 2132 4580 fe-

564 4617 694 4656 num
726 4605 906 4658 statim
937 4607 1285 4664 exsiccatum,
1305 4617 1409 4676 est,
1439 4621 1492 4666 et
1512 4611 1611 4668 llos
1641 4613 1862 4683 decidit,
1884 4632 1948 4672 eo
1974 4632 2132 4686 pror-

564 4709 660 4749 sus
693 4695 854 4750 modo
886 4711 996 4766 quo
1043 4709 1383 4768 peccatorum
1433 4703 1544 4756 vita
1591 4712 1645 4758 et
1692 4705 1884 4776 gloria.
1942 4706 2134 4764 Justus

565 4792 746 4840 autem
775 4801 882 4840 non
915 4787 1058 4841 sicut
1099 4788 1280 4844 fenum
1305 4830 1320 4855 ,
1359 4792 1455 4846 sed
1489 4795 1681 4864 palmae
1710 4797 1884 4852 instar
1921 4799 2137 4856 ﬂorebit

567 4889 787 4930 sursum
827 4874 1041 4931 radices
1069 4884 1123 4930 et
1150 4893 1334 4934 comas
1359 4878 1624 4949 eﬂ‘erens;
1658 4899 1833 4953 neque
1867 4885 2015 4940 humi
2037 4902 2138 4957 po-

566 4967 724 5031 sitas,
757 4967 851 5022 sed
880 4968 945 5022 ad
989 4970 1184 5024 ccelum
1213 4980 1482 5027 extensas.
1509 4973 1626 5039 Qua
1659 4975 1726 5030 de
1753 4991 1916 5032 causa
1947 4980 2140 5048 palma)

567 5057 784 5128 quidem
808 5058 992 5128 justus
1033 5071 1418 5132 comparatur;
1454 5080 1564 5119 non
1599 5075 1778 5121 autem
1811 5069 1973 5124 unico
2023 5070 2141 5140 pal-

569 5164 672 5204 ma:
695 5159 928 5204 trunco:
964 5166 1090 5204 nam
1123 5155 1179 5206 in
1207 5155 1371 5210 ramis
1417 5156 1811 5227 multiplicatur
1835 5198 1850 5223 ,
1895 5161 1988 5231 qui
2022 5177 2133 5217 una

569 5253 694 5293 cum
725 5239 817 5294 illa
855 5250 909 5297 et
960 5257 1056 5312 per
1087 5243 1231 5297 illam
1261 5245 1490 5300 salutem
1533 5260 1964 5320 consequuntur.
2019 5251 2138 5319 Qua

571 5329 640 5387 de
657 5347 824 5386 causa
855 5335 1253 5404 comparandus
1286 5337 1412 5390 item
1435 5339 1620 5404 cedro,
1646 5357 1757 5397 non
1779 5344 2022 5409 cuilibet,
2043 5345 2139 5402 sed

572 5424 624 5481 el
656 5441 778 5496 qua:
813 5425 865 5480 in
895 5423 1104 5483 Libano
1139 5437 1240 5482 est.
1287 5427 1564 5498 Multiplex
1598 5445 1776 5489 autem
1811 5436 1900 5490 illa
1929 5448 2030 5499 est,
2059 5446 2140 5492 at-

573 5532 684 5588 que
711 5519 1004 5574 admodum
1038 5535 1264 5575 numero
1295 5522 1714 5594 crescit,utpote
1738 5543 1859 5598 qua:
1881 5529 1933 5583 in
1958 5537 2142 5587 monte

577 5611 966 5683 pinguissimo,
1017 5612 1108 5683 qui
1141 5612 1474 5670 celsissimas
1507 5616 1731 5675 arbores
1785 5620 2036 5691 producit
2085 5630 2140 5679 et

684 5768 728 5800 ὀ
767 5765 926 5823 Rom.
966 5783 1016 5822 xu
1043 5810 1056 5831 ,
1092 5769 1178 5824 55.

2237 4523 2643 4595 παραδείγματι
2665 4520 2760 4576 τοῦ
2796 4521 3010 4593 χόρτου,
3035 4521 3228 4583 οὑκείς
3269 4518 3477 4591 μακρὸν
3506 4518 3793 4588 διαφθείρε-

2235 4615 2380 4668 σθαι’
2417 4615 2532 4685 ἅμα
2558 4630 2619 4666 τε
2646 4613 2756 4685 γὰρ
2791 4612 3063 4666 ἀνέτειλεν
3092 4613 3120 4665 6
3149 4609 3342 4681 χόρτος
3386 4609 3482 4662 καὶ
3519 4609 3791 4680 ἐξηράνθη,

2236 4705 2330 4758 καὶ
2355 4703 2414 4756 τὺ
2433 4703 2589 4766 ἄνθος
2605 4701 2881 4767 ἐξέπεσεν,
2913 4701 3101 4773 ὥσπερ
3121 4696 3212 4754 οὖν
3241 4699 3336 4753 καὶ
3360 4701 3392 4771 ή
3422 4699 3531 4753 τῶν
3553 4699 3792 4770 ἀμαρτω-

2238 4798 2344 4853 λῶν
2373 4799 2484 4870 ζωή
2514 4816 2573 4851 τε
2601 4800 2696 4852 καὶ
2723 4797 2848 4862 δόξα
2866 4815 2879 4828 ·
2909 4799 2938 4850 6
2982 4797 3040 4850 δὲ
3071 4797 3276 4859 δίκαιος
3307 4795 3368 4847 οὑ
3402 4794 3540 4847 κατὰ
3567 4793 3650 4846 τὸν
3679 4794 3794 4864 χόρ-

2239 4910 2350 4957 τον,
2375 4891 2510 4946 ὰλλὰ
2535 4891 2772 4960 φοίνικος
2791 4891 2944 4960 δίκην
2963 4888 3210 4960 ἀνθήσει,
3237 4887 3350 4940 ἄνω
3383 4904 3486 4940 που
3511 4886 3681 4956 φέρων
3701 4887 3790 4950 τὰς

2243 4984 2418 5058 ῥίζας,
2460 4984 2554 5036 καὶ
2595 4983 2694 5046 τὰς
2732 4981 2929 5053 κομὰς,
2962 4982 3023 5034 οὑ
3064 4983 3238 5051 χαμαὶ
3275 4979 3553 5049 κειμένας,
3585 4977 3688 5030 ἀλλ’
3717 4979 3790 5041 εἰς

2242 5071 2466 5144 οὐρανὸν
2496 5071 2894 5142 ὲκτεινομένας.
2933 5069 3148 5122 Τούτων
3184 5068 3282 5140 μὲν
3317 5064 3410 5121 οὖν
3432 5068 3589 5121 ’ἑνεκα
3610 5067 3789 5136 εροίνικι

2243 5163 2619 5235 παραϐληθείη
2647 5163 2760 5216 ἂνό
2787 5163 3014 5226 δίκαιος,
3050 5163 3150 5215 οὑκ
3196 5160 3275 5213 ἔτι
3323 5160 3382 5213 δὲ
3428 5157 3610 5228 καὶτῷ
3652 5176 3787 5228 μονο-

2247 5258 2372 5326 φυεῖ
2401 5255 2640 5326 στελέχει
2682 5253 2776 5308 τοῦ
2825 5254 3067 5324 φοίνικος
3086 5271 3099 5284 ο
3131 5251 3463 5323 πολυπληθεῖ
3484 5251 3587 5322 γὰρ
3609 5252 3662 5303 ὲν
3689 5253 3784 5312 :02;

2247 5347 2460 5410 κλάδοις
2485 5349 2596 5409 τοῖς
2627 5343 2742 5417 ἅμα
2763 5343 2910 5414 αὐτῷ
2935 5344 3030 5397 καὶ
3054 5344 3119 5397 δι’
3142 5341 3304 5396 αὑτοῦ
3332 5341 3666 5411 σωζομένοις.
3697 5332 3782 5391 Ὧν

2245 5439 2409 5491 ἕνεκα
2440 5435 2808 5507 παραϐλητέον
2840 5436 2975 5506 αὐτῇ
3001 5437 3066 5506 τῇ
3090 5433 3293 5505 κέδρῳ,
3317 5430 3415 5501 οὐχ
3439 5429 3638 5492 ἁπλῶς,
3667 5427 3784 5481 ἀλλὰ

2243 5532 2312 5600 τῇ
2344 5530 2401 5581 ὲν
2437 5527 2514 5599 τῷ
2573 5528 2814 5598 Λιϐάνῳ·
2851 5525 3025 5596 πολλὴ*
3051 5525 3108 5578 δὲ
3149 5524 3284 5596 αὕτη
3321 5523 3416 5576 καὶ
3459 5519 3780 5592 μεγαλοφυιῖκ

2247 5619 2557 5694 πληθύουσα
2576 5637 2589 5652 ο
2629 5618 2720 5674 ἅτε
2749 5622 2804 5674 ἐν
2828 5618 2942 5690 ὄρει
2966 5618 3173 5688 φύουσα
3191 5614 3572 5687 λιπαρωτάτῳ,
3588 5613 3781 5685 φέροντι
