3972 6812
554 398 690 455 1185
1253 394 1518 451 EUSEBII
1559 391 2038 451 CESARlENSlS
2075 392 2222 450 OPP.
2261 389 2440 447 PARS
2468 387 2556 446 Ill.
2581 419 2650 431 —
2670 383 3060 443 EXEGETICA
3721 375 3842 431 “Si

549 527 878 585 cognoscam
902 519 956 568 et
981 512 1297 583 intelligam,
1331 511 1459 582 quia
1491 527 1523 566 a
1550 509 1758 583 Spiritu
1783 518 1974 566 sancto
1997 509 2120 564 illu-

2233 507 2369 562 Ἀλλ’
2393 509 2422 563 6
2447 506 2544 580 μὲν
2569 506 2758 579 ἄφρων
2785 502 2960 556 ταῦτα
2988 501 3048 554 ού
3070 497 3356 569 γνώσεται,
3394 497 3532 550 οὐδὲ
3564 493 3844 553 dative-:5;

551 613 759 661 stratus
805 618 949 669 sum,
972 612 1026 658 et
1055 602 1202 674 quod
1250 602 1590 658 considerem
1622 617 1784 672 quam
1843 600 2124 671 profunda:

2225 603 2442 673 συνήσει
2471 599 2664 665 ταῦτα,
2691 596 2782 652 διὰ
2811 595 2872 650 τὸ
2925 591 3261 659 σκοτίζεσθαι
3307 591 3418 645 ὑπὸ
3454 591 3573 660 τῆς
3635 585 3848 649 cibaria;

553 695 711 750 facta:
751 695 860 750 sint
888 694 1247 764 cogitationes
1295 692 1417 760 Dei;
1469 693 1594 762 jure
1640 693 1793 748 laetor
1823 700 1878 746 et
1911 691 2124 748 exsulto

2225 691 2536 765 ἀφροσύνης
2555 708 2568 721 ·
2598 688 2708 758 ἐγὼ
2734 688 2788 742 δὲ
2823 689 2853 742 6
2877 687 3040 756 γνοὺς
3067 685 3205 740 αὐτὰ
3234 689 3326 738 καὶ
3369 683 3603 745 συνιεὶς
3655 678 3764 732 διὰ
3797 678 3850 730 τὶ,

2225 785 2332 840 ὑπὸ
2353 785 2496 839 θείου
2527 782 2840 854 Πνεύματος
2861 779 3216 851 πεφωτίσθαι,
3247 780 3344 832 καὶ
3371 776 3463 830 διά
3493 775 3571 828 τὸ
3599 771 3852 842 Gangem

2223 879 2372 941 ὅπως
2417 875 2786 947 ὲϐαθύνθησαν
2835 873 3035 946 σφόδρα
3065 873 3116 926 οἱ
3143 872 3492 942 διαλογισμοὶ
3523 867 3646 921 τοῦ
3679 864 3848 919 Θεαῖ·

2223 969 2444 1032 εἰκότως
2471 966 2828 1040 εύφραίνομαι
2865 965 2958 1018 καὶ⁹
2983 963 3226 1033 ἀγαλλιῶ
3267 962 3360 1015 ἐπὶ
3408 964 3478 1033 τῇ
3526 960 3680 1031 θείᾳ
3725 957 3850 1010 διοι-

2224 1061 2403 1132 κήσει,
2457 1058 2608 1131 φέρω
2642 1075 2704 1110 τε
2752 1055 2824 1111 τὰ
2879 1055 3119 1128 παρόντα
3144 1055 3412 1124 γενναίως
3445 1053 3551 1106 διὰ
3581 1052 3712 1123 τὴν
3749 1050 3852 1101 τέιι

2227 1085 2403 1132 aulum,
2457 1085 2608 1131 φερω
2642 1085 2704 1110 ἰι
2752 1085 2824 1111 τιυι
2879 1085 3119 1128 παρυνιυι
3154 1085 3410 1124 γενναιωι,
3445 1085 3551 1106 νει
3595 1085 3709 1123 μιν
3763 1085 3852 1101 αεινι

2227 1150 2527 1222 μελλόντων
2575 1148 2786 1204 ἐλπίδα.
2824 1141 2927 1202 Ὧν
2955 1147 3117 1200 ἕνεκα
3165 1146 3262 1218 τὴν
3317 1147 3517 1200 πᾶσαν
3588 1142 3852 1215 ἔμειξπί
3909 1085 3930 1228 ι

2226 1240 2441 1312 σχολὴν,
2477 1241 2570 1296 καὶ
2602 1240 2700 1313 τὴν
2729 1241 2836 1294 ἀπὸ
2859 1238 2967 1293 τῶν
2983 1237 3170 1292 κακῶν
3191 1238 3392 1310 ἀργίαν
3427 1236 3761 1298 auat-.031;
3785 1235 3856 1303 τέ

2223 1334 2361 1407 Θεῷ,
2390 1334 2459 1388 τά
2480 1333 2725 1407 τρυφερὰ
2764 1333 2859 1389 καὶ
2903 1331 3034 1402 ἅγια
3070 1330 3323 1386 Σάϐϐατα
3359 1329 3672 1384 ἐπιτελεῖν
3739 1345 3852 1380 περ

2229 1425 2425 1498 ρώμαι,
2456 1424 2544 1479 διά
2567 1424 2662 1478 τοῦ
2696 1421 3128 1495 ἐξομολογεῖσθαι
3151 1422 3244 1476 καὶ
3268 1421 3499 1491 ψάλλειν
3527 1420 3634 1474 καὶ
3673 1421 3858 1486 ἀλατ-

2224 1517 2435 1587 γέλλειν
2461 1515 2522 1570 τὸ
2553 1514 2699 1589 πρωῒ
2726 1516 2788 1570 τδ
2812 1515 2958 1580 ἕλεος
2973 1515 3068 1570 τοῦ
3100 1515 3258 1579 Θεοῦ,
3297 1515 3391 1568 καὶ
3426 1513 3538 1584 τὴν
3565 1512 3858 1582 ἀλήθειαν

2225 1607 2390 1663 αὐτοῦ
2423 1606 2564 1663 κατὰ
2589 1608 2780 1664 νύκτα.
2813 1607 2948 1661 Τότε
2971 1607 3079 1679 γάρ
3110 1606 3341 1678 μάλιστα
3374 1607 3414 1678 ἡ
3456 1604 3724 1674 ἀλήθεια
3753 1604 3858 1675 τῆς

551 1716 676 1754 mus
696 1715 819 1754 cum
847 1701 1062 1757 cantico
1093 1702 1181 1757 die
1212 1700 1435 1757 Sabbati
1465 1702 1666 1768 dictus,
1699 1702 1752 1757 id
1785 1709 1870 1758 est
1904 1702 1959 1756 in
1989 1709 2125 1758 tem-

2226 1699 2508 1764 θεοσεϐοῦς
2530 1699 2800 1753 δείκνυται
2830 1698 3028 1770 ψυχῆς,
3051 1698 3254 1764 ὃτε,”ὲν
3283 1696 3483 1768 σκοτίᾳ.
3501 1695 3616 1749 καί
3653 1695 3852 1748 σκότει

553 1807 686 1862 pore
716 1792 883 1857 illius,
915 1793 1060 1862 quod
1101 1795 1401 1850 secundum
1434 1793 1603 1850 Deum
1645 1802 1763 1858 est,
1813 1794 1912 1850 Otii
1940 1808 2006 1848 ac
2035 1809 2124 1848 re-

2225 1792 2584 1864 τυγχάνουσα,
2617 1790 2694 1854 ὡς
2729 1793 2788 1845 ὲν
2823 1789 3190 1862 λαμπροτάτῳ
3233 1790 3369 1860 φωτὶ
3397 1789 3502 1842 καὶ
3537 1789 3609 1842 ὲν
3650 1789 3852 1859 ἡμέρα

553 1885 700 1955 quiei
727 1904 740 1940 :
775 1901 882 1956 quo
911 1902 1010 1942 nos
1037 1887 1200 1942 etiam
1229 1887 1538 1942 divinarum
1563 1887 1981 1958 disciplinarum
2009 1901 2124 1940 me-

2227 1883 2584 1954 διαυγεστάτῃ
2615 1883 2677 1937 τὸ
2707 1883 2926 1955 γνήσιον
2966 1883 3062 1937 καὶ
3094 1882 3380 1955 εἱλικρινὲς
3424 1882 3534 1952 τῆς
3577 1880 3850 1951 συνειδὴο

550 1974 805 2030 ditationi
828 1983 1116 2041 vacantes,
1157 1976 1456 2047 gratiarum
1490 1977 1720 2032 actionis
1750 1976 1916 2032 verba
1943 1976 2125 2033 hocin

2232 1993 2368 2042 σεως
2390 1976 2771 2030 ἐπιδείκνυται.
2801 1975 3052 2040 Τοιοῦτος
3089 1977 3184 2030 καὶ
3211 1977 3240 2028 6
3267 1975 3381 2042 μετ’
3407 1972 3571 2044 ᾠδῆς
3607 1975 3848 2046 εἰρημέ-

553 2065 772 2120 cantico
801 2067 1082 2121 enuntiata
1113 2065 1222 2122 Deo
1250 2068 1498 2123 emittere
1529 2083 1628 2138 par
1663 2073 1770 2122 est.

2229 2086 2320 2133 νος
2355 2067 2569 2140 ψαλμδς
2615 2068 2696 2133 είς
2721 2067 2820 2140 τὴν
2845 2067 3057 2140 ἡμέραν
3099 2066 3193 2122 τοῦ
3220 2067 3536 2132 Σαϐϐάτου,
3577 2065 3846 2119 τουτέστι

552 2155 642 2210 τδν
667 2158 765 2227 τῆς
788 2158 930 2213 κατὰ
953 2159 1083 2214 Θεὸν
1104 2161 1300 2232 σχολῆς
1331 2179 1390 2215 τε
1415 2163 1508 2216 καὶ
1526 2161 1886 2226 ἀναπαύσεως
1908 2161 2118 2234 καιρὸν,
2148 2162 2206 2216 ἐν
2228 2157 2274 2234 ᾧ
2300 2165 2394 2218 καὶ
2417 2165 2568 2235 ἡμᾶς
2617 2165 2685 2236 τῇ
2727 2161 2922 2236 μελέτῃ
2965 2162 3073 2217 τῶν
3093 2162 3253 2218 θείων
3301 2162 3673 2235 μαθημάτων
3711 2177 3842 2230 στ’.-

551 2247 832 2315 λάζοντας,
879 2253 1006 2316 τοὺς
1050 2253 1500 2326 εὐχαριστηρίους
1549 2256 1739 2326 λόγους
1781 2258 1882 2329 τῆς
1921 2259 2288 2333 προκειμένης
2307 2259 2450 2332 ᾠδῆς
2479 2260 2822 2332 ἀναπέμπειν
2849 2262 3116 2335 προσήκει
3146 2259 3226 2333 τῷ
3253 2259 3393 2332 Θεῷ.

728 2365 912 2422 LAUS
951 2368 1226 2426 CANTICI
1270 2369 1399 2426 IPSI
1435 2371 1641 2426 DAVID
1673 2374 1773 2447 (i).
1850 2376 2007 2433 XCII.

2554 2377 2754 2433 amor:
2781 2377 2954 2432 usus
2979 2377 3068 2432 Το
3101 2376 3324 2432 ΔΑΥιΑ.
3360 2375 3484 2444 ur.

624 2457 795 2516 Vens.
834 2461 886 2514 1.
924 2460 1183 2517 Dominus
1223 2465 1493 2534 regnavit,
1516 2465 1754 2521 decorem
1785 2469 1998 2541 indutus
2023 2481 2125 2526 est.

2307 2473 2372 2527 '0
2429 2470 2648 2540 Κύριος
2695 2471 3128 2534 ἐϐασίλευσεν,
3188 2469 3565 2537 εὐπρέπειαν
3621 2469 3844 2524 erathi-

552 2549 718 2618 Quia,
775 2552 1080 2608 secundum
1129 2553 1494 2626 Apostolum,
1551 2560 1798 2629 regnavit
1857 2576 2006 2618 mors
2058 2564 2125 2618 ab

2229 2581 2400 2621 σατο.
2444 2564 2598 2618 Ἐπεὶ
2624 2562 2768 2617 κατά
2792 2563 2884 2617 τὸν
2930 2560 3251 2616 Ἀπόστολον
3279 2560 3662 2615 ἐϐασίλευσεν
3687 2561 3842 2618 δειξ-

553 2643 725 2698 Adam
752 2660 926 2716 usque
947 2645 1016 2700 ad
1046 2645 1287 2719 Moyscm
1311 2649 1379 2713 ”,
1411 2649 1466 2704 id
1485 2658 1570 2706 est
1594 2665 1625 2705 a
1655 2652 1828 2722 prima
1843 2653 2125 2709 hominum

2229 2674 2386 2720 νατος
2408 2656 2515 2710 ἀπὸ
2555 2656 2724 2728 ’Δδάμ
2755 2655 2913 2728 μέχρι
2932 2653 3230 2720 Μωῦσέως,
3259 2653 3550 2708 τουτέστιν
3585 2653 3714 2707 ἀπὸ
3739 2653 3840 2724 τῆς

554 2737 832 2794 creatione
882 2755 1057 2810 usque
1088 2741 1156 2794 ad
1186 2755 1509 2812 corporeum
1545 2745 1845 2800 secundum
1887 2745 2125 2818 Moysem

2232 2744 2454 2818 πρώτης
2479 2745 2777 2819 ἀνθρώπιον
2799 2747 3063 2816 γενέσεως
3092 2744 3251 2816 μέχρι
3271 2734 3372 2816 τῆς
3395 2745 3549 2798 κατὰ
3579 2745 3838 2800 Muris-£1

554 2831 792 2896 cultum,
818 2831 914 2902 qui
939 2832 994 2887 in
1035 2840 1255 2889 terrena
1285 2835 1589 2891 Jerusalem
1622 2837 1924 2908 antiquitus
1956 2855 2125 2910 usque

2235 2841 2554 2910 σωματικῆς
2587 2835 2861 2908 λατρείας,
2896 2837 3017 2907 ἥτις
3038 2835 3278 2904 ἐπιγείου
3320 2835 3712 2907 Ἰερουσαλὴμ
3739 2835 3838 2888 πά-

552 786 620 840 de
639 785 820 840 divina
851 783 1260 854 dispensatione
1287 802 1301 838 :
1345 783 1632 854 praesentia
1653 797 1782 838 vero
1827 782 1967 837 mala
1989 822 2004 846 ,
2053 783 2124 838 ob

551 893 703 946 spem
732 875 1041 930 futurorum
1075 882 1295 930 strenue
1319 875 1510 930 tolero.
1530 875 1646 940 Qua
1677 874 1742 929 de
1760 889 1926 929 causa
1951 881 2123 929 totum

549 969 724 1024 otium
757 984 936 1024 meum
979 977 1034 1024 et
1077 968 1439 1024 cessationem
1489 981 1520 1020 a
1561 968 1719 1024 malis
1775 965 1884 1022 Deo
1930 983 2126 1023 conse-

553 1073 734 1122 crans,
766 1058 1106 1113 dclectabilia
1138 1060 1227 1114 illa
1256 1067 1308 1113 et
1335 1065 1522 1113 sancta
1572 1056 1807 1114 Sahbata
1840 1057 2126 1114 observare

550 1157 762 1220 satago,
795 1150 1128 1214 conﬁtendo,
1169 1152 1448 1222 psallendo
1475 1160 1533 1208 et
1563 1149 1937 1207 annuntiando
1965 1165 2126 1206 mane

552 1240 985 1296 misericordiam
1014 1241 1133 1306 Dei,
1163 1251 1217 1296 et
1245 1242 1528 1298 veritatem
1573 1242 1694 1312 ejus
1741 1257 1838 1312 per
1886 1248 2122 1296 noctem.

551 1331 711 1388 Tunc
739 1333 885 1388 enim
919 1335 1152 1390 maxime
1177 1350 1208 1388 a
1237 1335 1490 1406 religiosa
1524 1335 1707 1388 anima
1736 1334 1934 1391 veritas
1971 1333 2127 1389 exhi-

551 1421 730 1488 betur,
757 1439 880 1478 cum
907 1425 963 1479 in
988 1426 1228 1480 tenebris
1249 1435 1301 1481 et
1327 1427 1663 1482 obscuritate
1689 1426 1892 1497 degens
1915 1465 1930 1491 ,
1966 1424 2126 1496 quasi

553 1515 610 1569 in
639 1515 1080 1585 splendidissima
1112 1517 1232 1572 luce
1267 1525 1321 1572 et
1350 1517 1657 1572 clarissima
1699 1518 1808 1582 die,
1840 1518 2127 1572 conscien-

553 1609 642 1662 tim
669 1608 956 1664 sinceritas
991 1610 1280 1680 etlpuritas
1307 1611 1636 1666 ostenditur.
1676 1609 1825 1666 Talis
1864 1619 1948 1666 est
1977 1611 2125 1682 psal-

557 2921 626 2976 ad
659 2921 962 2982 Salvatoris
984 2927 1163 2982 nostri
1187 2925 1316 2983 Jesu
1350 2926 1554 2985 Christi
1581 2930 1871 2986 adventum
1889 2932 2131 3002 perﬁcie-

555 3015 749 3084 batur;
772 3032 904 3072 sane
933 3033 1056 3073 cum
1089 3034 1238 3074 mors
1273 3028 1545 3092 regnaret,
1572 3029 1627 3076 et
1651 3023 1699 3078 is
1720 3023 1814 3093 qui
1843 3023 2128 3094 imperium

555 3108 749 3164 mortis
777 3107 959 3176 habet,
991 3110 1251 3165 nimirum
1273 3111 1544 3178 diabolus,
1569 3111 1962 3178 dominaretur,
1980 3109 2128 3184 tunc,

2232 2925 2326 2980 λαι
2365 2927 2628 2999 πρότερον
2668 2926 2826 2999 μέχρι
2872 2928 2973 2997 τῆς
2999 2925 3094 2979 τοῦ
3135 2924 3387 2996 Σωτῆρος
3415 2924 3588 2996 ἡμῶν
3654 2924 3832 2996 Ἰησοῦ

2233 3018 2469 3092 Χριστοῦ
2502 3018 2803 3091 παρουσίας
2833 3017 3164 3071 συνετελεῖτο
3186 3033 3200 3047 ·
3235 3016 3462 3080 εἰκότως
3487 3018 3584 3070 ὅτε
3617 3019 3654 3069 ὁ
3679 3017 3836 3071 ea»

2233 3130 2324 3178 τος
2349 3111 2653 3176 ἐϐασίλευε,
2698 3111 2791 3166 καὶ
2827 3112 2856 3165 6
2901 3109 2964 3164 τὸ
3006 3109 3206 3182 κράτος
3237 3109 3376 3182 ἔχων
3417 3107 3523 3162 τοῦ
3559 3108 3830 3172 θανάτου,

555 3207 618 3256 ut
653 3215 999 3274 consequens
1027 3211 1182 3270 erat,
1207 3203 1471 3279 Dominus
1505 3221 1615 3261 non
1640 3207 1903 3278 regnabat
1935 3208 1990 3262 in
2032 3209 2125 3263 ho-

2229 3208 2503 3262 τουτέστιν
2529 3209 2558 3260 6
2586 3203 2829 3268 διάϐολος
2855 3203 3204 3275 κατεκράτει,
3229 3203 3329 3255 οὐκ
3357 3197 3428 3272 ἦν
3456 3201 3590 3255 τότε
3621 3201 3832 3273 ἀνθρὼ-

558 3292 821 3359 minibus,
854 3295 950 3351 sed
975 3296 1196 3364 quidam
1225 3297 1524 3352 multorum
1555 3297 1782 3353 deorum
1815 3307 1870 3353 et
1899 3299 2132 3354 diaboli-

557 3397 658 3439 cus
682 3399 857 3441 error.
895 3387 1017 3458 Ipse
1043 3395 1224 3442 autem
1270 3389 1566 3460 Apostolus
1594 3389 1710 3446 haec
1757 3389 1824 3446 de
1847 3389 2132 3447 Salvatore

558 3483 750 3530 nostro
771 3475 929 3531 docet
954 3496 967 3533 :
989 3477 1129 3544 Quia
1148 3495 1268 3548 ergo
1280 3482 1426 3548 pueri
1449 3483 1960 3538 communicaverunt
1983 3469 2133 3538 carni

556 3578 607 3622 et
635 3570 903 3640 sanguini,
937 3580 986 3625 et
1018 3573 1127 3641 ipse
1148 3573 1396 3629 similiter
1419 3575 1760 3645 participavit
1782 3577 1976 3632 eisdem
2007 3595 2133 3648 pas-

557 3657 796 3712 sionibus
821 3674 840 3722 ;
861 3668 921 3712 ut
943 3675 1034 3728 per
1055 3670 1275 3716 mortem
1313 3663 1607 3718 destrueret
1633 3667 1879 3737 eum,qui
1909 3665 2132 3721 habebat

559 3749 747 3802 mortis
777 3749 1075 3818 imperium,
1096 3751 1151 3804 id
1175 3762 1254 3807 est
1279 3751 1551 3807 diabolum
1581 3753 1647 3810 “.
1670 3754 1800 3812 Jure
1834 3756 2014 3827 itaque
2036 3755 2130 3812 Dei

560 3837 820 3908 Verbum,
851 3841 996 3912 quod
1014 3844 1166 3914 prius
1190 3844 1515 3911 exsistebat,
1545 3859 1670 3900 cum
1699 3846 1811 3902 vita
1829 3847 1944 3918 ipsa
1963 3861 2128 3914 esset,

557 3932 628 3987 ad
667 3934 862 3990 mortis
911 3934 1361 4001 destructionem,
1393 3939 1624 3994 mortale
1681 3938 2126 4008 instrumentum,

556 4037 761 4094 corpus
823 4026 1034 4082 scilicet
1083 4026 1384 4081 humanum
1457 4043 1776 4096 assumens,
1841 4029 2132 4103 ipsumque

555 4115 720 4168 morti
756 4113 1000 4180 tradens,
1037 4115 1106 4170 ad
1162 4126 1371 4172 natura:
1425 4132 1539 4174 suae
1577 4118 2128 4190 demonstrationem;

554 4203 808 4276 idemque
829 4215 1019 4278 postea
1048 4223 1079 4262 a
1099 4217 1276 4265 morte
1304 4225 1590 4266 resumens
1612 4211 1680 4266 ad
1711 4211 1951 4268 divinam
1975 4229 2130 4270 suam

551 4297 815 4354 virtutem
854 4299 1258 4367 declarandam,
1289 4303 1419 4358 dum
1476 4304 1670 4359 mortis
1704 4303 1926 4375 quidem
1961 4305 2132 4376 impe-

551 4389 698 4442 rium
741 4390 926 4456 solvit,
949 4391 1150 4447 diaboli
1194 4393 1382 4450 itidem
1408 4395 1462 4448 in
1495 4395 1743 4451 homines
1785 4396 2128 4466 tyrannidem

552 4478 820 4548 destruit;
853 4481 962 4535 imo
991 4481 1156 4536 etiam
1189 4481 1494 4538 daemonum
1538 4485 1901 4554 malignorum
1933 4501 1997 4542 ac
2017 4488 2129 4558 spi-

2231 3317 2348 3354 πων
2377 3297 2674 3370 βασιλεύων
2705 3299 2734 3350 6
2765 3295 2991 3368 Κύριος,
3023 3293 3159 3348 ἀλλά
3180 3311 3266 3358 τις
3294 3292 3562 3357 πολύθεος
3590 3295 3702 3349 καὶ
3723 3293 3830 3349 δαι-

2233 3393 2426 3464 μονικὴ
2457 3390 2653 3466 πλάνη.
2683 3389 2930 3444 Διδάσκει
2967 3387 3022 3442 δὲ
3049 3390 3077 3445 6
3119 3387 3279 3453 αὐτὸς
3327 3386 3668 3453 Ἀπόοτολος

2229 3482 2324 3540 τοῦ
2369 3483 2620 3558 Σωτῆρος
2655 3484 2812 3557 ἡμῶν
2855 3482 3031 3552 λέγων
3054 3499 3069 3514 °
3131 3481 3286 3535 Ἐπεί
3330 3476 3443 3536 οὖν
3491 3480 3570 3534 τὰ
3606 3480 3828 3534 παιδία

2230 3577 2662 3647 κεκοινώνηκεν
2708 3576 2956 3647 αἵματος
3011 3575 3111 3630 καί
3163 3572 3411 3642 σαρκὸς,
3471 3573 3578 3626 καί
3633 3573 3825 3637 αὑτός

2229 3671 2666 3741 παραπλησίως
2712 3667 2972 3739 μετέσχε
3018 3666 3137 3720 τῶν
3173 3665 3372 3720 αὐτῶν
3419 3663 3824 3735 παθημάτων,

2229 3766 2329 3818 ἵνα
2362 3763 2458 3818 διὰ
2496 3762 2602 3816 τοῦ
2633 3759 2893 3816 θανάτου
2935 3757 3287 3830 καταργήσῃ
3325 3756 3434 3811 τὸν
3477 3757 3546 3810 τὸ
3596 3755 3825 3824 κράτος

2228 3855 2450 3924 ἔχοντα
2479 3853 2586 3908 τοῦ
2619 3851 2900 3919 θανάτου,
2939 3851 3216 3907 τουτέστι
3249 3849 3354 3905 τὸν
3381 3847 3703 3903 διάϐολον.
3743 3849 3828 3900 Ei-

2228 3946 2402 4010 κότως
2433 3941 2525 4000 οὖν
2547 3948 2576 4000 6
2612 3943 2794 4019 προὼν
2818 3944 2914 3999 τοῦ
2937 3943 3073 3998 Θεοῦ
3095 3943 3288 4012 Λόγος,
3323 3941 3488 4005 αὐτὸς
3511 3940 3591 3994 ὣν
3611 3943 3646 4011 ἡ
3681 3939 3822 4009 ζωὴ,

2228 4039 2320 4091 ἐπὶ
2354 4037 2673 4109 καθαιρέσει
2699 4037 2794 4091 τοῦ
2825 4036 3057 4092 θανάτου
3087 4034 3278 4106 θνητὸν
3305 4033 3541 4106 ὄργανον
3563 4033 3624 4085 τὺ
3646 4031 3821 4101 σῶμα

2226 4130 2288 4184 τὸ
2315 4129 2650 4202 ἀνθρώπειον
2685 4128 2991 4193 ἀναλαϐὼν,
3035 4126 3132 4181 καὶ
3161 4124 3320 4180 τοῦτο
3353 4123 3433 4194 τῷ
3461 4123 3683 4194 θανάτῳ
3713 4139 3819 4175 πα-

2231 4221 2422 4294 ραδοὺς
2471 4223 2552 4286 είς
2593 4219 2815 4286 ἔνδειξιν
2871 4219 2972 4291 τῆς
3020 4217 3225 4282 οἰκείας
3279 4215 3516 4288 φύσεως,
3570 4215 3816 4269 κᾶπειτα

2227 4313 2356 4367 αὐτὸ
2383 4312 2479 4366 τοῦ
2505 4311 2731 4366 θανάτου
2779 4309 2976 4377 ἐξελὼν
3007 4310 3089 4373 είς
3115 4307 3464 4382 παράστασιν
3495 4305 3600 4376 τῆς
3621 4303 3814 4359 ἐνθέου

2225 4403 2527 4474 δυνάμεως,
2575 4401 2692 4456 λύει
2729 4401 2829 4474 μὲν
2857 4400 2952 4456 τοῦ
2980 4400 3210 4455 θανάτου
3243 4399 3305 4452 τὺ
3342 4397 3564 4469 κράτος,
3593 4395 3718 4450 λύει
3759 4397 3816 4450 δὲ

2227 4496 2324 4550 καὶ
2369 4494 2466 4549 τοῦ
2503 4495 2748 4549 διαϐόλου
2791 4494 2891 4565 τὴν
2932 4493 3073 4548 κατὰ
3107 4492 3216 4547 τῶν
3257 4489 3562 4563 ἀνθρώπων
3605 4507 3813 4560 cupav-

549 4570 754 4625 ι’ίίυυιη
805 4571 1168 4642 ἱιηριιτοτυηι.
1208 4574 1301 4644 (ιισί
1333 4575 1461 4628 Olim
1503 4573 1559 4627 ίη
1620 4573 1915 4629 humanum
1953 4590 2123 4646 εεηιιε
2152 4570 2200 4630 D
2225 4587 2359 4642 νίδαο
2382 4587 2520 4642 ἀλλά
2545 4587 2768 4641 καὶτῶν
2789 4586 2958 4642 πάλαι
2981 4583 3473 4657 κατακρατοῦντων
3489 4581 3587 4635 τοῦ
3604 4582 3812 4652 ἀνθρω-

552 4661 838 4732 imperium
897 4663 1251 4729 obtinebant,
1294 4665 1556 4736 operandi
1614 4666 1725 4720 vim
1784 4665 2116 4738 exstinguit,

551 4752 766 4808 sublata
811 4769 908 4824 per
935 4755 1300 4822 evangelicum
1341 4757 1782 4827 praedicationem
1824 4759 1974 4812 omni
2026 4757 2123 4812 ad~

548 4844 792 4898 versaria
815 4854 868 4898 et
891 4845 1110 4900 inimica
1142 4847 1252 4902 Deo
1275 4856 1567 4917 potestate,
1605 4855 1892 4919 paternum
1915 4849 2026 4904 Deo
2065 4850 2120 4904 in

548 4951 740 4992 omnes
770 4945 960 5007 gentes
997 4953 1224 5010 regnum
1266 4947 1543 5010 procurat.
1569 4939 1912 5012 Quapropter
1939 4944 2118 4998 soluta

548 5029 745 5085 mortis
779 5037 1069 5100 potestate,
1123 5046 1188 5086 ac
1235 5032 1514 5088 destructo
1559 5048 1646 5096 eo,
1673 5033 1768 5107 qui
1829 5036 2117 5104 imperium

547 5121 742 5176 mortis
777 5120 1034 5185 habebat,
1069 5123 1123 5177 id
1175 5132 1281 5188 est,
1315 5124 1566 5193 diabolo;
1595 5127 1707 5196 jam
1755 5139 2015 5199 regnante
2061 5131 2114 5184 in

546 5212 802 5267 omnibus
833 5213 1088 5284 gentibus
1119 5213 1380 5279 Domino,
1417 5225 1680 5286 regnante
1714 5219 1840 5274 item
1865 5235 1989 5274 cum
2023 5221 2117 5276 illo

2226 4680 2380 4733 πείου
2433 4680 2622 4750 γένους
2686 4679 2955 4750 δαιμόνων
3019 4677 3270 4750 πονηρῶν
3324 4673 3420 4730 καὶ
3476 4674 3812 4745 πνευμάτων

2227 4770 2555 4842 ἀκαθάρτων
2583 4770 2680 4842 τὴν
2707 4771 2985 4842 ἐνέργειαν
3021 4768 3290 4833 σϐέννυσι,
3329 4767 3511 4821 πᾶσάν
3542 4783 3607 4818 τε
3645 4765 3807 4819 καθεο

2225 4862 2332 4916 λὼν
2358 4864 2460 4936 τὴν
2494 4863 2875 4935 ἀντικειμένην
2915 4863 3009 4916 καὶ
3044 4861 3246 4934 ἐχθρὰν
3277 4859 3356 4932 τῷ
3393 4858 3516 4930 Θεῷ
3551 4857 3804 4928 δύναμιν,

2223 4955 2322 5027 τὴν
2347 4957 2616 5028 πατρικὴν
2642 4953 2718 5025 τῷ
2742 4953 2861 5025 Θεῷ
2900 4953 3182 5026 βασιλείαν
3203 4950 3293 5005 διὰ
3321 4950 3417 5004 τοῦ
3446 4948 3806 5017 εὐαγγελικοῦ

2223 5047 2579 5120 κηρύγματος
2611 5048 2746 5101 πᾶσι
2787 5049 2900 5111 τοῖς
2937 5046 3116 5100 ἔθνεσι
3151 5043 3422 5118 προξενεῖ.
3465 5041 3557 5096 Διδ
3602 5042 3668 5110 δὴ
3706 5057 3824 5100 κα-,

2221 5139 2546 5210 ταλυθείσης
2568 5139 2666 5209 τῆς
2695 5138 2790 5193 τοῦ
2823 5139 3054 5193 θανάτου
3099 5137 3437 5201 δυναστείας,
3471 5136 3566 5189 καὶ
3595 5153 3802 5206 καταρ-

2221 5231 2481 5303 γηθέντος
2523 5231 2620 5295 τοῦ
2647 5231 2708 5284 τὸ
2757 5232 2961 5303 κράτος
2990 5231 3204 5302 ἔχοντος
3233 5229 3329 5283 τοῦ
3374 5228 3628 5290 θανάτου,
3681 5243 3800 5278 του-

548 5317 600 5356 ιιι
637 5303 949 5362 hominibus
993 5307 1100 5360 vita
1140 5307 1252 5374 illa,
1282 5323 1404 5378 quae
1449 5311 1749 5365 secundum
1791 5310 1958 5368 Deum
1995 5323 2118 5380 est;

547 5397 740 5452 merito
777 5396 1013 5467 Spiritus
1034 5408 1262 5456 sanctus
1289 5416 1389 5472 pro
1418 5409 1570 5457 tanto
1606 5401 1852 5461 facinore
1889 5407 2118 5464 choreas

547 5501 734 5560 agens,
754 5505 967 5560 nosque
1015 5505 1208 5547 omnes
1255 5492 1322 5547 ad
1364 5493 1594 5552 choreas
1644 5511 1974 5564 convocans,
2004 5501 2118 5554 haec

548 5579 921 5638 vociferatur:
967 5581 1228 5639 Dominus
1289 5587 1558 5656 regnavit,
1620 5593 1859 5645 decorem
1917 5593 2111 5647 induit.

2218 5322 2370 5376 τέστι
2400 5323 2495 5376 τοῦ
2523 5321 2793 5388 διαϐόλου,
2827 5323 3203 5394 βασιλεύοντος
3226 5323 3284 5375 δὲ
3321 5321 3427 5392 ἤδη
3477 5318 3666 5373 λοιπὸν
3691 5318 3797 5370 τῶν

2217 5413 2312 5465 ἐπὶ
2349 5414 2451 5484 γῆς
2475 5413 2731 5467 ἁπάντων
2764 5413 2935 5468 ἐθνῶν
2965 5412 3060 5466 τοῦ
3078 5411 3309 5484 Κυρίου,
3339 5411 3437 5465 σὺν
3466 5408 3616 5480 αὐτῷ
3648 5408 3798 5479 βασι-

2217 5501 2479 5575 λευούσης
2513 5503 2816 5578 ἀνθρώπων
2860 5507 2959 5577 τῆς
3006 5504 3147 5558 κατὰ
3177 5503 3310 5557 Θεὸν
3362 5501 3540 5572 ζωῆς,
3573 5502 3796 5562 εἰκότως

2216 5594 2277 5648 τὸ
2309 5595 2451 5649 θεῖον
2484 5596 2729 5669 Πνεῦμα,
2763 5597 2989 5670 χορεῦον
3036 5599 3128 5651 ἐπὶ
3158 5595 3236 5668 τῷ
3281 5593 3664 5667 κατορθώματι
3705 5591 3794 5644 καὶ

617 5734 664 5766 ³³
702 5733 863 5790 Rom.
898 5754 954 5806 ν,
1005 5739 1092 5796 Η.
1167 5740 1213 5774 ⁸⁸
1255 5739 1418 5798 Hebr.
1459 5757 1532 5805 tt,
1572 5744 1659 5800 Η.

624 5851 698 5922 (Ι)
737 5850 960 5926 Vulgata
1002 5855 1188 5927 adjicit
1218 5855 1283 5911 In
1321 5856 1403 5912 die
1434 5867 1552 5913 ante
1575 5855 1884 5929 Sabbatum,
1918 5858 2125 5931 quando

2225 5858 2380 5913 τριταία
2406 5870 2480 5915 cst
2512 5868 2669 5914 terra.
