3972 6812
578 396 719 454 “87

577 516 734 581 dicit,
757 523 816 570 ut
846 531 956 570 non
978 516 1118 569 ultra
1140 513 1345 569 moveri
1366 513 1559 583 possit.
1583 511 1718 566 Nam
1740 511 1884 582 quod
1909 512 1963 565 in
1998 519 2138 581 petra

2251 503 2499 559 λεύεσθαι
2532 503 2631 574 τῆς
2656 501 2794 556 κατά
2824 501 2954 554 Θεὸν
2988 497 3295 562 εὐσεϐείαςσ
3337 498 3436 552 καὶ
3467 497 3588 569 τὴν

575 606 858 672 fundetnr,
891 616 1059 678 porta:
1105 606 1266 662 inferi
1319 622 1430 660 non
1467 605 1838 675 praevalebunt
1891 603 2156 658 adversus

575 714 720 754 eam.

1284 393 1550 450 EESEBH
1587 389 2060 449 CASSARIENSIS
2097 387 2249 444 OPP.
2289 383 2470 440 PARS
2505 382 2594 438 Ill.
2633 414 2703 424 —
2739 379 3149 448 EXEGETICA.
3821 380 3907 430 4.4",

3651 495 3908 561 ius-

2254 599 2376 652 σίαν
2401 597 2457 650 δὲ
2490 595 2654 651 αὐτοῦ
2683 595 2780 666 τὴν
2812 594 2906 646 ἐπὶ
2945 592 3046 664 τὴν
3089 592 3294 664 πέτραν
3333 588 3898 663 τεθεμελιωμέετςε.

2252 688 2320 764 ἧς
2343 690 2508 744 πύλαι
2545 688 2670 761 ᾅδου
2701 687 2762 740 οὐ
2804 684 3212 756 κατισχύσουσι,
3252 684 3340 737 διὰ
3369 684 3472 754 τῆς
3513 680 3898 749 οἰκουμένης

576 792 604 843 ό
631 792 789 860 λόγος
824 793 1091 863 σημήνας,
1134 792 1226 844 καὶ
1260 790 1466 861 ταύτην
1509 789 1725 860 ἀληθῶς
1774 785 2138 860 ἐπερεῶσθαί
2187 801 2374 856 φησιν,
2407 784 2530 855 ἣτις
2562 782 2622 835 οὺ
2654 779 3062 851 σαλευθήσεται.
3098 776 3269 830 Πύλαι
3313 776 3426 848 γὰρ
3490 776 3666 848 ᾅδου
3727 776 3894 844 157i,-

575 883 636 935 οὐ
663 881 1079 955 κατισχύσουσι,
1113 881 1202 935 διὰ
1241 881 1303 934 τὸ
1332 879 1761 952 τεθεμελιῶσθαι
1799 878 1892 930 ἐπὶ
1925 877 2024 948 τὴν
2052 875 2280 947 πέτραν.
3341 885 3344 889 ‘

647 993 817 1048 Vens.
837 994 892 1057 2,
914 995 968 1048 5.
991 994 1224 1048 Paratus
1253 994 1469 1048 thronus
1503 1002 1622 1046 tuus
1641 1008 1705 1046 ea:
1731 1000 1874 1054 tunc,
1894 1007 1926 1044 a
1957 988 2150 1045 sa'culo

575 1097 634 1142 tu
661 1104 735 1142 es.
769 1087 1116 1141 Elevaverunt
1143 1087 1387 1156 ﬂumina,
1425 1087 1666 1150 Domine,
1691 1086 2014 1139 elevarerunt
2042 1083 2148 1152 ﬂu-

575 1181 720 1234 mina
747 1196 915 1234 vocem
946 1196 1121 1234 suam.
1161 1178 1416 1233 Thronu's
1468 1187 1617 1242 tuus,
1665 1177 1863 1246 inquit,
1894 1175 2142 1238 Domine,

573 1289 684 1326 non
713 1288 859 1326 nunc
879 1271 1138 1341 primum,
1175 1286 1298 1325 cum
1334 1281 1458 1341 post
1505 1269 1939 1324 incarnationem
1969 1267 2024 1320 in
2045 1281 2152 1320 coe-

573 1364 684 1419 lum
721 1365 1045 1429 ascendisti,
1079 1375 1414 1435 praeparatus
1444 1363 1691 1431 esttibi;
1733 1364 1843 1417 imo
1871 1375 1998 1416 vero
2037 1359 2149 1429 jam

572 1458 702 1512 olim
727 1465 782 1512 et
811 1466 936 1512 ante
959 1458 1139 1511 omnia
1169 1457 1366 1512 saecula
1397 1465 1524 1512 tuus
1553 1463 1689 1519 erat,
1719 1470 1781 1510 ac
1812 1470 2026 1526 semper
2055 1453 2152 1510 tibi

571 1557 798 1621 paratus
849 1549 970 1611 fuit,
1019 1549 1274 1619 quoniam
1330 1549 1448 1618 ipse
1501 1563 1532 1601 a
1592 1547 1812 1609 saeculo,
1862 1548 1971 1601 imo
2025 1554 2153 1600 ante

571 1643 754 1695 omnia
787 1641 989 1695 saecula
1016 1641 1258 1702 exsistis,
1285 1648 1345 1693 ut
1379 1640 1493 1708 ipse
1531 1639 1762 1694 docuisti
1795 1639 1882 1694 his
1915 1638 2094 1693 verbis
2130 1653 2143 1692 :

570 1729 828 1785 Dominus
850 1731 1042 1784 creavit
1073 1746 1151 1783 me
1176 1730 1384 1782 initium
1415 1730 1620 1783 viarum
1649 1745 1868 1783 suarum
1910 1729 1967 1781 in
1990 1739 2147 1796 opera

571 1837 692 1878 sua.
712 1822 843 1874 Ante
875 1821 1125 1875 sarculum
1150 1819 1390 1888 fundavit
1424 1835 1524 1880 me,
1556 1827 1604 1872 et
1629 1827 1910 1887 antequam
1949 1826 2145 1870 montes

2332 985 2607 1054 Ἐτοιμος
2635 984 2668 1036 ὁ
2705 979 2914 1049 θρόνος
2943 996 3062 1035 σου
3091 978 3207 1034 ἀπὸ
3237 981 3390 1044 τότε,
3418 980 3554 1035 ἀπὸ
3595 981 3738 1034 τοῦ
3771 984 3894 1036 ai;-

2255 1094 2362 1145 νος
2392 1077 2472 1131 σὺ
2519 1071 2591 1129 εἷ.
2633 1071 2893 1140 Ἐπῆραν
2937 1075 2991 1126 oi
3029 1073 3313 1142 ποταμοὶ,
3356 1075 3580 1142 Κύριε,
3633 1073 3890 1143 ἐπῆραν

2252 1174 2306 1224 οἱ
2352 1167 2602 1238 ποταμοὶ
2658 1167 2772 1237 τὴν
2827 1167 3037 1236 φωνὴν
3079 1164 3293 1219 αὐτῶν.
3365 1167 3425 1221 Ὀ
3479 1168 3726 1239 θρόνος
3779 1187 3886 1232 σοι,

2253 1265 2437 1333 φησὶν,
2463 1255 2509 1314 ὧ
2543 1260 2735 1332 Κύριε,
2766 1260 2827 1313 οὐ
2861 1259 2954 1314 νῦν
2988 1259 3223 1331 πρῶτον,
3267 1260 3354 1312 ὅτε
3386 1261 3540 1330 μετὰ
3581 1262 3712 1332 τὴν
3741 1266 3888 1316 sm.

2251 1351 2534 1423 θρώπησιν
2567 1353 2646 1414 εἰς
2688 1349 2950 1421 οὐρανοὺς
3005 1348 3358 1420 ἀνελήλυθας,
3407 1353 3881 1422 παρεῖχε·υάεῇ

2255 1461 2334 1497 σοι
2355 1461 2367 1474 ’
2407 1443 2544 1497 ἀλλὰ
2577 1443 2672 1496 καὶ
2700 1442 2866 1496 πάλαι
2897 1442 2994 1495 καὶ
3019 1441 3316 1512 πρόπαλαι,
3345 1443 3444 1496 καὶ
3479 1445 3616 1515 πρὸ
3655 1446 3880 1499 πάν-ηενρ

2253 1536 2464 1589 αἰώνων
2505 1537 2594 1600 σὸς
2634 1531 2724 1607 ἦν,
2761 1535 2848 1589 ἀεί
2898 1552 2958 1588 τε
3001 1535 3096 1588 καὶ
3151 1534 3241 1588 διὰ
3297 1537 3502 1600 παντὸς
3541 1539 3880 1610 ἡτοξμαπ

2256 1646 2359 1691 σοι,
2417 1627 2601 1699 ἐπειδὴ
2655 1627 2748 1680 καὶ
2796 1626 2957 1691 αὐτὸς
3020 1626 3128 1680 ἀπὸ
3189 1626 3284 1680 τοῦ
3354 1629 3594 1693 αἰῶνος,
3671 1633 3874 1701 μᾶῖμρσ.

2253 1719 2311 1772 δὲ
2342 1719 2448 1790 πρὸ
2483 1718 2698 1772 πάντων
2745 1715 2958 1772 αἰώνων
3017 1718 3302 1790 ὑπάρχεις,
3342 1719 3419 1782 ὡς
3458 1722 3655 1785 αὐτὸς
3705 1723 3876 1776 ἐδεδα-

2256 1810 2352 1876 ξας
2386 1809 2584 1863 εἰπών’
2620 1811 2838 1878 Κύριος
2859 1808 3062 1863 ἕκτισέ
3097 1826 3175 1879 με
3219 1811 3416 1880 ἀρχὴν
3455 1811 3649 1867 ὁδῶν
3685 1815 3872 1868 αὐτώ

572 1913 936 1982 ﬁrmarentur,
970 1920 1019 1966 et
1049 1922 1168 1966 ante
1191 1928 1366 1965 omnes
1409 1911 1576 1965 colles
1604 1911 1770 1980 gignit
1805 1911 1962 1965 me".
1999 1909 2138 1966 Tuus

2249 1904 2336 1968 εὶς
2365 1901 2508 1972 ἔργα
2541 1901 2748 1956 αὑτοῦ.
2789 1901 2910 1969 Πρὸ
2947 1901 3055 1954 τοῦ
3091 1899 3306 1970 αἰῶνος
3338 1904 3758 1974 ἐθεμελίωσέ
3784 1926 3868 1976 με,

568 2005 754 2074 itaque
787 2005 1020 2058 thronus
1049 2011 1167 2058 crat
1201 2003 1363 2058 etiam
1391 2010 1516 2057 ante
1543 2002 1726 2056 omnia
1757 2003 1956 2058 saecula
1992 2021 2006 2058 :
2040 2003 2149 2056 imo

566 2102 623 2149 et
649 2093 866 2164 quando
881 2094 1230 2148 exinanivisti
1257 2093 1626 2162 temetipsum,
1651 2107 1717 2147 ac
1745 2093 1890 2149 servi
1917 2091 2148 2146 formam

567 2183 848 2252 accepisti,
882 2183 982 2236 tibi
1021 2182 1219 2237 iterum
1247 2191 1470 2252 paratus
1503 2183 1856 2247 servabatur,
1885 2183 2012 2254 quia
2050 2181 2148 2236 tibi

565 2274 669 2329 soli
718 2289 782 2328 ac
829 2274 1033 2328 nemini
1081 2275 1173 2327 alii
1204 2289 1232 2326 a
1265 2273 1428 2328 Patre
1460 2273 1666 2326 dictum
1706 2272 1905 2335 fuerat,
1947 2271 2078 2328 Sede
2115 2290 2148 2326 a

563 2364 765 2418 dextris
818 2365 966 2427 meis,
1000 2365 1168 2418 donec
1203 2381 1396 2434 ponam
1435 2365 1675 2418 inimicos
1710 2372 1826 2418 tuos
1861 2364 2148 2418 scabelium

562 2457 749 2526 pedum
777 2457 1063 2510 tuorum”.
1080 2455 1172 2511 Sic
1195 2457 1360 2527 igitur
1387 2463 1610 2526 paratus
1635 2455 1731 2509 tibi
1755 2456 1984 2511 thronus
2006 2463 2145 2518 erat,

562 2549 619 2605 in
649 2563 757 2619 quo
787 2556 847 2602 ut
875 2563 1059 2603 secum
1109 2549 1349 2613 sederes,
1382 2548 1476 2619 qui
1508 2555 1562 2602 te
1590 2547 1797 2618 genuit,
1822 2546 1984 2603 Pater
2010 2563 2146 2620 pra:—

562 2642 726 2713 cepit.
751 2640 1090 2710 Paratnsque
1113 2647 1229 2696 erat
1262 2658 1326 2696 ex
1355 2650 1507 2709 tunc,
1540 2659 1572 2698 a
1605 2641 1808 2698 saeculo
1841 2660 1855 2695 :
1887 2641 2146 2712 quoniam

563 2740 619 2785 tu
653 2733 769 2801 ipse
802 2746 832 2785 a
855 2732 1056 2786 saeculo
1083 2746 1165 2786 es.
1187 2729 1307 2786 Non
1338 2731 1415 2786 ait
1444 2773 1458 2797 ,
1489 2749 1640 2796 eras;
1671 2732 1789 2798 sed,
1815 2749 1890 2787 es.
1914 2731 2048 2788 Nam
2079 2734 2146 2788 de

559 2834 614 2880 te
643 2825 760 2880 solo
790 2824 898 2878 dici
935 2825 1215 2890 convenit,
1245 2841 1322 2880 es.
1357 2825 1538 2891 Quare
1569 2825 1699 2880 alibi
1730 2841 1949 2896 quoque
2003 2825 2146 2880 dici-

557 2924 669 2978 tur,
718 2916 798 2970 Tu
851 2926 1026 2971 autem
1075 2918 1184 2986 ipse
1205 2933 1276 2977 es.
1303 2927 1352 2970 et
1385 2919 1512 2971 anni
1553 2919 1631 2971 tui
1680 2935 1786 2973 non
1816 2917 2142 2988 deﬁcient“.

558 3004 716 3063 Hunc
744 3024 908 3080 porro
944 3011 1202 3063 thronum
1235 3009 1290 3063 in
1329 3011 1438 3063 alio
1465 3026 1684 3080 quoque
1718 3012 1932 3080 psalmo
1969 3011 2146 3082 Spiri-

556 3106 647 3153 tus
687 3108 911 3154 sanctus
940 3099 1146 3153 indicat
1172 3099 1359 3155 dicens
1392 3118 1406 3155 :
1445 3100 1684 3155 Thronus
1719 3112 1865 3167 tuus,
1894 3101 2064 3164 Deus,
2087 3103 2143 3156 in

553 3192 808 3245 sit-culum
843 3194 1027 3247 swculi
1055 3209 1073 3247 :
1105 3194 1252 3262 virga
1298 3193 1630 3248 rectitudinis
1675 3195 1824 3265 virga
1855 3197 2000 3265 regni
2039 3197 2137 3250 tui.

2249 1994 2346 2046 καὶ
2373 1993 2488 2061 πρὸ
2508 1993 2615 2047 τοῦ
2646 1992 2750 2062 ὄρη
2772 1991 3136 2062 ἑδρασθῆναι
3156 2010 3169 2024 ο
3206 1993 3321 2061 πρὸ
3337 1993 3402 2047 δὲ
3417 1997 3709 2051 πάντων
3732 1999 3867 2063 ,εει-

2247 2083 2370 2139 r6»-
2401 2083 2584 2155 γεννᾷ
2621 2101 2718 2154 με.
2749 2080 2858 2138 ’Ἦν
2891 2084 2990 2154 μὲν
3028 2079 3122 2137 οὖν
3161 2084 3252 2148 σὸς
3289 2086 3317 2138 ό
3350 2085 3550 2158 θρόνος
3609 2089 3720 2141 καὶ
3773 2092 3862 2160 πρὶ

2249 2179 2463 2232 πάντων
2492 2176 2722 2232 αἰώνων·
2750 2179 2808 2231 οὐ
2830 2178 2936 2250 μὴν
2965 2177 3100 2232 ἀλλὰ
3134 2180 3228 2232 καὶ
3255 2180 3342 2232 ὅτε
3367 2182 3682 2247 ἐκένωσας
3717 2201 3862 2237 creas-

2247 2271 2360 2334 τὸν,
2394 2270 2489 2324 καὶ
2537 2269 2638 2341 τὴν
2668 2270 2855 2324 δούλου
2907 2270 3121 2342 μορφὴν
3171 2272 3489 2344 ἀνείληφας,
3543 2277 3654 2329 σοὶ
3709 2278 3859 2331 milia

2246 2363 2459 2435 ἕτοιμος
2483 2362 2808 2431 ἐφυλάττετο
2827 2380 2842 2394 ο
2897 2364 3084 2436 ἐπειδή
3112 2381 3193 2416 σοι
3222 2364 3390 2435 μόνῳ,
3433 2368 3534 2419 καὶ
3567 2369 3858 2440 οὐδετέρῳ

2249 2458 2384 2529 πρὸς
2415 2456 2508 2510 τοῦ
2541 2456 2636 2510 σοῦ
2665 2457 2877 2528 Πατρὸς
2902 2459 3110 2529 εἴρητοο
3135 2457 3332 2512 Κάθου
3347 2459 3417 2511 ἐκ
3445 2458 3698 2524 δεξιῶν
3719 2480 3854 2530 μοι’.

2245 2546 2356 2613 ἕως
2377 2546 2454 2600 ἂν
2475 2547 2557 2602 θῶ
2585 2547 2728 2615 τοὺς
2758 2548 3012 2616 ἐχθρούς
3050 2562 3168 2602 σου
3193 2547 3538 2603 ὑποπόδιον
3577 2549 3724 2604 τῶν
3755 2567 3852 2604 xc-

2245 2637 2368 2692 δῶν
2402 2655 2539 2692 σου.
2575 2638 2731 2692 Οὕτω
2767 2638 2898 2708 γοῦν
2939 2634 3008 2710 ἦν
3051 2639 3266 2711 ἕτοιμος
3302 2643 3330 2695 ό
3363 2641 3560 2712 θρόνος
3605 2661 3746 2707 σου,
3777 2648 3848 2714 ἐτ’

2249 2731 2309 2784 ὃν
2355 2732 2453 2784 σὺν
2488 2730 2638 2802 αὐτῷ
2670 2730 2998 2795 καθέζεσθαι
3024 2733 3056 2784 ὁ
3082 2733 3349 2803 γεννήσας
3394 2750 3450 2785 σε
3489 2735 3712 2807 Πατὴρ
3754 2755 3847 2789 7::-

2246 2821 2580 2895 ρεκελεύετο.
2637 2823 2747 2876 Καὶ
2801 2822 3020 2892 ἕτοιμος
3068 2817 3138 2894 ἦν
3191 2823 3300 2876 ἀπὸ
3348 2825 3509 2890 τότε,
3570 2827 3706 2880 ἀπὸ
3759 2828 3840 2879 τοί

2247 2913 2462 2981 αἰῶνος,
2497 2914 2620 2967 ἐπεὶ
2658 2915 2754 2968 καὶ
2781 2914 2946 2977 αὐτὸς
2977 2915 3084 2968 ἀπὸ
3123 2914 3217 2970 τοῦ
3248 2915 3441 2980 αἰῶνος
3473 2918 3545 2971 σὺ
3573 2914 3659 2973 εἴ.
3712 2921 3838 2972 Ἀλλ’

2244 3006 2364 3069 οὐκ,
2397 3007 2492 3075 ἧς,
2524 3007 2711 3080 φησὶν,
2741 3005 2878 3071 ἀλλ’,
2909 3003 2983 3063 εἴ.
3017 3008 3191 3062 Μόνον
3217 3009 3326 3081 γὰρ
3348 3009 3496 3081 αὐτῷ
3527 3012 3618 3075 τὸ,
3661 3014 3752 3067 σὺ
3773 3011 3837 3076 εἶ,

2244 3096 2498 3167 λέγεσθαι
2532 3099 2814 3171 ἁρμόττει.
2849 3100 2942 3154 Διὸ
2974 3102 3067 3155 καὶ
3102 3102 3160 3154 ἐν
3191 3101 3398 3172 ἑτέροις
3437 3104 3712 3175 εἴρηται⁹
3759 3109 3832 3160 Σὺ

2242 3188 2311 3243 δὲ
2353 3193 2386 3244 ὁ
2424 3193 2608 3259 αὐτὸς
2643 3188 2718 3257 εἷ,
2749 3193 2846 3246 καὶ
2887 3194 2960 3247 τὰ
2993 3195 3095 3262 ἐτη
3143 3209 3260 3248 σου
3289 3197 3400 3250 οὐκ
3433 3197 3824 3267 ἐπιλείψουσι.
3923 3188 3925 3256 Ῐ

555 3283 805 3339 Diiexisti
836 3285 1110 3354 justitiam
1151 3295 1200 3339 et
1257 3285 1418 3341 odisti
1463 3288 1790 3357 iniquitatem
1822 3305 1840 3342 :
1866 3297 2138 3358 propterea

2243 3281 2442 3336 Τοῦτον
2462 3283 2518 3336 δὲ
2551 3283 2644 3339 τὸν
2681 3283 2869 3357 θρόνον
2901 3286 2996 3340 καῖ⁹
3032 3288 3090 3340 ἐν
3119 3289 3292 3360 ἑτέρῳ
3333 3289 3394 3342 τὸ
3422 3289 3570 3344 θεῖον
3602 3292 3828 3362 Πνεῦμα

553 3377 709 3429 unxit
743 3386 791 3430 te
813 3375 974 3440 Deus,
999 3377 1135 3431 Deus
1163 3387 1304 3440 tuus,
1340 3379 1452 3432 oleo
1478 3379 1850 3434 exsultationis
1878 3395 1989 3449 pra:
2009 3397 2134 3434 con-

553 3467 786 3521 sortibus
821 3469 923 3522 tuis
947 3469 1014 3524 ³⁵.
1041 3469 1272 3526 Paratus
1301 3470 1484 3541 itaque
1507 3482 1627 3526 erat
1657 3472 1890 3526 thronus
1918 3481 2042 3527 tuus
2069 3489 2136 3528 ex

552 3568 724 3622 tunc;
775 3573 841 3612 ex
889 3575 1000 3628 quo
1037 3561 1248 3616 scilicet
1299 3563 1440 3632 apud
1471 3559 1687 3617 Patrem
1739 3579 1886 3627 eras,
1917 3564 2044 3634 quia
2076 3571 2134 3618 tu

552 3647 669 3716 ipse
709 3664 738 3702 a
765 3654 967 3704 saeculo
996 3665 1076 3706 es.
1109 3650 1379 3706 Castorum
1408 3653 1570 3708 etiam
1613 3669 1762 3710 nunc
1806 3655 2134 3710 elevaverunt

549 3742 796 3811 ﬂumina,
844 3743 1084 3798 Domine.
1133 3746 1274 3812 Quid
1322 3747 1677 3811 elevaverint,
1729 3749 1962 3818 repetito
2019 3765 2136 3805 ser-

551 3850 713 3890 mone
758 3844 946 3904 postea
990 3837 1234 3892 declarat
1264 3838 1350 3894 his
1399 3839 1583 3895 verbis
1614 3858 1626 3894 :
1658 3839 2006 3894 Elevaverunt
2036 3842 2138 3910 ﬂu-

551 3927 694 3982 mina
725 3944 896 3982 vocem
919 3945 1091 3986 suam.
1127 3928 1254 3984 Haec
1275 3931 1420 3985 enim
1452 3946 1576 3986 cum
1605 3931 1909 4002 antiquitus
1941 3934 2134 3989 latuis-

549 4027 694 4080 sent,
747 4035 892 4074 nunc
940 4021 1122 4076 audita
1182 4021 1404 4076 inerunt
1473 4021 1752 4086 omnibus,
1809 4025 1901 4094 qui
1947 4024 2134 4081 divino

549 4108 757 4182 Spiritu
787 4113 994 4182 dignati
1027 4124 1176 4178 sunt,
1215 4115 1514 4185 pmphetis,
1543 4117 1805 4185 apostolis
1830 4128 1884 4174 et
1903 4133 2135 4191 evange-

549 4206 714 4272 listis,
746 4206 1082 4278 inﬁnitisque
1134 4207 1372 4278 populis,
1397 4208 1492 4278 qni
1520 4223 1616 4278 per
1647 4216 1822 4263 totum
1854 4211 2042 4266 orbem
2076 4215 2130 4266 in

549 4297 800 4352 ecclesiis
831 4299 1069 4354 salutare
1091 4314 1318 4370 regnum
1351 4301 1702 4364 annuntiant,
1731 4302 1824 4372 qui
1865 4303 1993 4358 item
2025 4305 2136 4359 ele-

547 4395 814 4441 vaverunt
836 4403 1022 4443 vocem
1055 4405 1232 4453 suam,
1256 4389 1480 4446 effusam
1503 4391 1556 4445 in
1576 4407 1768 4446 omnes
1793 4391 1883 4447 Dei
1900 4394 2130 4464 gratiam

546 4490 744 4546 magna
773 4493 904 4532 voce
937 4478 1313 4548 praedicantes.
1351 4478 1457 4534 Sed
1491 4481 1654 4534 etiam
1679 4482 1890 4537 aestimo
1915 4482 2130 4539 divinas

545 4563 776 4623 virtutes
831 4576 886 4623 et
937 4569 1343 4625 multitudinem
1387 4571 1840 4644 angelorum,qui
1889 4575 1944 4628 in
1989 4577 2131 4630 coelo

2240 3375 2496 3446 σημαίνει
2534 3375 2728 3445 λέγον·
2771 3377 2826 3430 '0
2857 3379 3071 3448 θρόνος
3097 3395 3234 3443 σου,
3275 3383 3308 3434 ὀ
3359 3379 3534 3446 Θεὸς,
3586 3385 3688 3449 εις
3733 3387 3827 3438 τὸν

2235 3463 2420 3519 αἰῶνα
2441 3467 2548 3522 τοῦ
2569 3467 2800 3535 aitEn-0g“
2820 3469 3040 3537 ῥάϐδος
3059 3471 3382 3539 εὐθύτητος
3406 3471 3444 3538 ἠ
3466 3473 3713 3541 ῥάϐδος
3733 3476 3823 3542 τῆς

2230 3557 2551 3625 βασιλείας
2587 3572 2724 3614 σου.
2752 3558 3092 3629 Ἡγάπησας
3114 3560 3531 3630 δικαιοσύνην.
3572 3567 3680 3618 καὶ
3723 3569 3823 3638 ἐμέ-

2235 3665 2436 3718 σησας
2474 3651 2733 3720 ἀνομίαν
2755 3668 2768 3682 ·
2815 3651 2913 3706 διὰ
2951 3653 3127 3707 τοῦτο
3157 3653 3366 3724 ἕχρισέ
3408 3671 3482 3710 σε
3511 3661 3548 3710 ὀ
3577 3659 3756 3726 Θεὸς,
3793 3666 3818 3712 ὁ

2238 3743 2382 3809 Θεός
2403 3757 2539 3798 σου.
2553 3745 2735 3809 ἐλαίῳ
2759 3744 3350 3815 ἀγαλλιάσεως-’παρὰ
3365 3748 3505 3812 τοὺς
3520 3753 3818 3822 μετόχοις

2235 3848 2371 3889 σου.
2406 3830 2516 3888 τΗν
2552 3835 2650 3905 μὲν
2673 3833 2765 3889 οὖν
2787 3835 3004 3906 ἕτοιμος
3034 3837 3062 3888 ὁ
3082 3836 3270 3908 θρόνος
3301 3855 3394 3892 σου
3417 3840 3524 3893 ἀπὸ
3555 3842 3708 3906 τότε,
3734 3846 3813 3916 ᾇτ’

2235 3919 2296 3979 οὗ
2324 3925 2526 3998 δηλαδὴ
2555 3927 2708 3999 παρά
2749 3927 2828 3998 τῷ
2867 3929 3046 4000 Πατρὶ
3080 3925 3167 4000 ἦς,
3219 3932 3342 3985 ἐπεὶ
3381 3935 3474 3987 καὶ
3513 3935 3684 4001 αὐτὸς
3717 3939 3811 3990 ἀπὸ

2233 4015 2325 4068 τοῦ
2354 4017 2550 4081 αἰῶνος
2572 4019 2637 4071 σὺ
2666 4013 2736 4072 εἷ.
2772 4019 2918 4091 Πλὴν
2954 4020 3089 4074 ἀλλὰ
3113 4022 3206 4074 καὶ
3232 4022 3327 4077 νῦν
3351 4025 3588 4095 ἐπῆραν
3617 4031 3674 4081 οι
3711 4044 3809 4083 που

2233 4105 2427 4174 τιλμοὶ,
2478 4108 2675 4177 Κύριε.
2714 4108 2780 4161 Τί
2807 4109 2863 4162 δὲ
2895 4111 3130 4182 ἐπῆραν,
3163 4114 3525 4188 ἐπιδευτερῶν
3569 4119 3700 4190 ἑξῆς
3727 4122 3809 4175 τὸν

2185 4229 2192 4234 -
2233 4197 2390 4266 λόγον
2424 4200 2755 4272 παρίστησιν
2779 4201 2950 4258 εἰπών
2970 4219 2983 4232 ·
3027 4203 3294 4274 Ἐπῆριιν
3326 4212 3381 4262 οι
3408 4211 3657 4279 ποταμοὶ
3694 4231 3807 4280 gu-

2234 4288 2354 4357 νὴν
2373 4290 2577 4345 αὐτῶν
2593 4309 2606 4322 ·
2638 4291 2813 4348 ταῦτα
2835 4296 2946 4369 γὰρ
2973 4299 3302 4355 λανθάνοντα
3323 4301 3491 4356 πάλαι
3525 4304 3804 4376 πρότερον,

2233 4383 2328 4437 νῦν
2357 4386 2437 4449 εἰς
2465 4384 2788 4450 ἐξάκουστον
2835 4391 3092 4446 ἁπάντων
3122 4395 3336 4462 γέγονε.
3363 4393 3474 4447 τῶν
3519 4394 3615 4447 τοῦ
3662 4396 3803 4450 θείου

2233 4477 2551 4548 Πνεύματος
2582 4479 2900 4552 ἠξιωμένων
2929 4487 3244 4558 προφητῶν,
3285 4487 3596 4541 ἀποστόλων
3628 4506 3685 4542 τε
3717 4493 3802 4544 καὶ

2233 4570 2656 4640 εὐαγγελιστῶν,
2715 4576 3060 4650 μυριάνδρων
3106 4597 3167 4632 τε
3210 4579 3354 4633 λαῶν
3385 4581 3493 4634 τῶν
3529 4582 3647 4634 καθ’
3679 4584 3799 4654 ὅλης

542 4669 696 4724 sunt,
742 4677 890 4715 nunc
948 4660 1173 4716 ﬂumina
1222 4665 1430 4718 vocari.
1459 4661 1564 4730 Qui
1613 4666 1741 4722 item
1782 4667 2133 4722 elevavernnt

2242 4660 2330 4730 τῆς
2369 4661 2694 4734 οἰκουμένης
2719 4665 2778 4716 ἐν
2822 4669 2939 4729 ταῖς
2981 4668 3300 4740 ἐκκλησίαις
3332 4671 3796 4739 καταγγελλόντων

542 4763 730 4804 vocem
769 4764 946 4814 suam,
979 4752 1198 4822 quando
1221 4768 1288 4808 ex
1313 4754 1593 4810 hominum
1624 4758 1906 4812 consortio
1929 4759 1984 4813 in
2015 4773 2130 4813 cce-

543 4841 627 4896 los
675 4842 1060 4898 ascendentem
1099 4843 1466 4913 Servatorem,
1511 4847 1710 4903 decore
1755 4849 1976 4904 deitatis
2015 4863 2130 4906 suae

542 4929 818 4995 indutum,
838 4941 1065 5002 paterna
1084 4933 1287 4990 virtute
1309 4937 1682 5006 praecinctum,
1703 4938 2126 5010 propriumques

543 5019 618 5074 ibi
679 5021 834 5091 regni
883 5021 1141 5077 thronum
1191 5033 1556 5094 repetentem,
1593 5029 2122 5098 contemplabantnr.

542 5109 670 5166 Haec
709 5127 876 5181 porro
912 5113 1166 5170 dicebant
1200 5115 1308 5170 alta
1352 5132 1483 5172 voce
1512 5118 1810 5176 clamantes
1841 5138 1855 5175 :
1885 5119 2125 5176 Attollite

541 5205 1040 5274 portas,priucipes,
1070 5214 1290 5272 vestras,
1311 5219 1361 5262 et
1389 5209 1684 5275 eievamini,
1707 5223 1874 5281 portae
1890 5224 2120 5280 wternw,

540 5304 592 5349 et
620 5296 859 5349 introibit
891 5312 984 5350 rex
997 5297 1204 5368 gloria'.
1229 5299 1364 5366 Quis
1380 5315 1459 5355 est
1482 5301 1589 5369 ipse
1604 5319 1695 5357 rex
1710 5306 1925 5375 gloriae?
1937 5304 2123 5360 Domi-

543 5403 640 5442 nus
659 5387 812 5456 fortis
831 5398 1092 5456 etpotens,
1115 5390 1369 5447 Dominus
1381 5403 1561 5462 potens
1575 5395 1628 5448 in
1645 5395 1902 5463 prwlio“;
1922 5411 1987 5450 ac
2005 5411 2120 5451 rur-

541 5497 684 5546 sum,
704 5480 964 5536 Dominus
982 5483 1256 5549 virtutu‘m,
1275 5485 1384 5554 ipse
1395 5495 1474 5539 est
1491 5502 1582 5540 rex
1599 5486 1784 5556 gloria:
1800 5487 1866 5541 ³⁷.
1883 5486 2124 5542 Multitu-

538 5573 696 5630 dines
712 5575 833 5630 item
845 5577 1197 5633 ecclesiarum
1211 5575 1516 5635 Servatoris
1534 5581 1747 5651 nostria
1753 5580 1861 5651 pud
1879 5581 2129 5637 homines

613 5729 856 5804 Ἶρι-ον.
925 5748 1055 5798 vm,
1111 5731 1299 5788 22-25.
1379 5734 1422 5766 ³³
1464 5732 1602 5788 Ρδτιιι
1661 5751 1778 5804 (ΗΧ,
1816 5736 1868 5791 i-

522 5798 585 5872 λιν
624 5800 754 5854 ibid.
798 5803 884 5858 tu.
1627 5803 1633 5808 ‘

1971 5737 2015 5770 ⁸³
2055 5735 2201 5792 Psal.
2237 5753 2322 5804 cr,
2360 5739 2451 5795 b8.
2531 5740 2575 5776 ³⁸
2611 5741 2735 5798 Psal
2796 5760 2938 5812 λων,
2978 5745 3028 5812 7,
3071 5745 3119 5800 8.

2231 4751 2330 4823 τὴν
2363 4754 2629 4825 σωτήριον
2665 4754 2940 4825 βασιλείαν
2961 4798 2976 4822 ,
3008 4759 3057 4812 οἳ
3101 4761 3195 4816 καὶ
3247 4763 3460 4832 ἐπῆραν
3495 4763 3594 4832 τὴν
3627 4766 3794 4836 φωνὴν

2231 4845 2432 4910 αὐτῶν,
2472 4846 2570 4918 τὴν
2604 4849 2927 4920 ἐκχυθεῖσαν
2977 4853 3058 4916 εἰς
3108 4855 3312 4919 πάντας
3342 4856 3438 4909 τοῦ
3475 4856 3609 4909 Θεοῦ
3647 4861 3791 4930 χάριν

2237 4938 2447 5010 μεγάλῃ
2496 4942 2564 5012 τῇ
2607 4943 2758 5013 φωνῇ
2814 4943 3308 5015 εὐαγγελιζόμενοι.
3353 4945 3512 5002 Ἀλλά
3568 4949 3657 5001 καὶ
3696 4951 3787 5012 τὰς

2233 5029 2384 5094 θείας
2431 5031 2689 5103 δυνάμεις
2742 5035 2838 5088 καὶ
2887 5034 2949 5089 τὸ
3003 5036 3208 5108 πλῆθος
3263 5038 3374 5093 τῶν
3421 5042 3540 5094 κατ’
3571 5042 3780 5114 οὐρανὸν

2231 5121 2479 5191 ἀγγέλων
2507 5120 2658 5196 οἶμαι
2687 5124 2784 5179 νῦν
2815 5129 3096 5197 ποταμοὺς
3120 5129 3500 5200 ὀνομάζεσθαι.
3529 5132 3590 5186 Oi
3611 5133 3669 5205 δὴ
3694 5134 3778 5188 καὶ

2231 5214 2388 5268 αὐτοὶ
2411 5215 2623 5287 ἐπῆραν
2653 5216 2752 5289 τὴν
2787 5219 2970 5291 φωνὴν
3003 5220 3204 5286 αὐτῶν,
3233 5222 3472 5292 ὁπηνίκα
3501 5224 3564 5276 ἐκ
3585 5225 3674 5296 τῆς
3693 5227 3781 5298 σὺν

2227 5305 2532 5378 ἀνθρώποις
2548 5307 2828 5378 διατριϐῆς
2849 5310 3065 5364 ἀνιόντα
3085 5313 3165 5375 εἰς
3187 5311 3448 5384 οὐρανοὺς
3467 5315 3557 5368 τὸν
3577 5315 3776 5387 Σωτῆρα

2227 5401 2322 5454 καὶ
2349 5400 2447 5471 τὴν
2468 5400 2568 5472 τῆς
2591 5400 2756 5454 αὑτοῦ
2787 5400 3040 5474 θεότητος
3083 5405 3416 5474 εὐπρέπειαν
3453 5407 3771 5478 ἐνδυόμενον,

2229 5491 2456 5562 δυνάμει
2501 5497 2743 5566 πατρικῇ
2787 5493 3258 5568 περιζωννύμενον
3283 5537 3297 5564 ,
3339 5498 3433 5550 καὶ⁵
3469 5498 3558 5550 τὸν
3601 5501 3770 5552 οἰκεῖον

2235 5581 2690 5654 ἀπολαμϐάνοντα
2723 5586 2824 5649 τῆς
2865 5586 3140 5654 βασιλείας
3182 5587 3370 5660 θρόνον
3410 5588 3648 5644 ἐθεῶντο.
3675 5591 3769 5645 Καὶ

3229 5747 3274 5778 ³⁸
3312 5746 3594 5804 Psal.xxul
3612 5788 3626 5814 ,
3661 5747 3761 5804 τοῦ,
