3972 6812
213 357 401 414 "93
1361 340 1863 400 COMMENTARIA
1903 340 1968 395 IN
2009 339 2342 395 rsumos.
3381 341 3517 401 ttat

211 481 450 527 πειαν,
475 462 573 536 τὴν
603 461 744 516 κατά
786 460 1000 514 πάντων
1036 458 1330 532 βασιλείαν,
1357 457 1466 511 τῶν
1503 475 1561 510 τε
1589 457 1648 508 ὲν
1675 458 1734 509 οὐ
1744 473 1842 525 ρα-

1959 453 2262 522 prophetica
2308 451 2620 506 testimonia
2653 450 3034 514 enuntiabant,
3079 448 3364 504 Dominum
3398 452 3519 506 vir-

215 557 368 618 νοῖς
403 553 504 607 καὶ
531 551 638 606 τῶν
681 551 773 604 ἐπὶ
815 551 919 619 γῆς
946 547 1376 618 ἀναδησάμενος.
1423 547 1531 601 Καὶ
1576 545 1738 598 πάλιν
1777 543 1846 596 τὰ

1959 552 2063 598 ἰυιο
2092 544 2344 598 indutum
2376 547 2624 598 tirutasse
2665 544 2853 598 orbem
2887 551 3068 608 terrm,
3095 542 3188 613 qui
3233 557 3342 596 non
3373 542 3518 598 ultra

230 647 358 718 μὲν
394 645 714 716 προφητικά
749 641 1026 714 μαρτύρια
1061 641 1356 712 περιεῖχεν,
1381 638 1456 702 ὡς
1489 636 1847 706 ἐνδυσάμενος

1959 635 2376 691 commovendus
2431 644 2597 690 esset.
2655 634 2861 688 Horum
2911 651 3074 704 porro
3127 635 3328 690 veritas
3364 650 3522 690 cont-

225 738 499 807 δύναμιν
541 738 570 790 ό
615 735 836 806 Κύριος,
868 731 1168 804 ἑστερέωσε
1209 730 1308 802 τὴν
1351 727 1697 798 οἰκουμένην,
1725 727 1847 796 ἥτις

1959 726 2174 796 probata
2199 736 2304 788 est,
2345 741 2468 779 cum
2509 736 2631 796 post
2671 727 3007 797 passionem,
3049 726 3268 798 propria
3302 736 3520 797 recepta

227 831 309 884 οὐ
346 809 772 898 σαλευθησεται.
821 822 1125 892 Ἐπιστὼθη
1158 820 1213 874 δὲ
1244 821 1338 876 καὶ
1360 817 1555 881 ταῦτα,
1589 818 1677 870 ὅτε
1710 816 1847 888 μετά

1959 825 2168 880 virtute,
2203 834 2299 888 per
2329 827 2502 872 totum
2529 821 2715 874 orbem
2751 818 3048 873 Ecclesiam
3085 819 3319 872 ﬁrmavit
3340 834 3518 881 suam.

228 922 307 975 τὸ
337 919 544 984 πάθος,
569 919 668 989 τὴν
694 915 898 970 οἰκείαν
930 912 1213 967 ἀπολαϐὼν
1240 912 1486 982 δύναμιν,
1515 913 1572 964 ὲν
1603 911 1750 982 πάσῃ
1779 913 1845 981 τῇ

1959 920 2008 966 ut
2041 927 2149 965 non
2177 913 2318 966 ttltra
2346 912 3096 967 commoverenturhumana:
3118 911 3332 974 animas.
3357 913 3522 982 impia
3566 922 3606 999 ς·

229 1014 371 1068 τῶν
438 1010 741 1084 ἀνθρώπων
799 1006 1091 1078 οἰκουμένῃ
1153 1006 1250 1078 τὴν
1311 1005 1638 1075 Ἐκκλησίαν
1681 1002 1846 1058 αὐτοῦ

1959 1001 2340 1072 superstitione
2375 1002 2483 1055 huc
2520 1001 2649 1056 illuc
2683 1002 3026 1056 erraltun'lte.
3063 1001 3370 1071 lterumque
3396 1016 3521 1072 proo
3559 1004 3563 1008 ί

238 1106 628 1178 ἐστερέωσεν,
661 1105 740 1165 εἰς
769 1101 832 1154 τὸ
878 1099 1076 1171 μηκέτι
1122 1097 1444 1150 σαλεύεσθαι
1493 1091 1596 1151 ὦδε
1623 1098 1848 1150 κάκεῖσε

1959 1094 2239 1163 pltetarum
2286 1093 2605 1146 testimonia
2653 1095 3114 1164 przeuuntiabant,
3159 1091 3386 1146 ﬂumina
3431 1106 3526 1145 vo-

232 1197 360 1261 τὰς
405 1197 514 1250 τῶν
547 1193 849 1266 ἀνθρώπων
887 1189 1066 1260 ψυχὰς
1099 1189 1228 1260 περὶ
1260 1188 1356 1262 τὴν
1403 1188 1560 1242 ἄθεον
1603 1187 1850 1241 δεισιδαι-

1959 1200 2067 1239 cem
2099 1186 2399 1247 elevatura,
2443 1185 2662 1255 aliaque
2704 1183 2928 1238 ﬂumina
2966 1183 3165 1239 ﬂuctus
3199 1198 3330 1238 suos
3369 1182 3524 1237 exal-

241 1289 462 1360 μονίαν
491 1286 866 1356 πλανωμένας.
895 1284 1004 1336 Καὶ
1033 1282 1194 1336 πάλιν
1221 1281 1289 1337 τὰ
1327 1283 1424 1352 μὲν
1455 1280 1544 1335 διὰ
1579 1279 1688 1333 τῶν
1719 1297 1852 1352 προ-

239 1379 454 1450 φητῶν
497 1377 773 1451 μαρτύρια
820 1375 1211 1447 προεφήτευον,
1243 1374 1319 1437 ὡς
1364 1374 1472 1444 ἄρα
1520 1373 1571 1428 οἰ
1617 1371 1850 1441 ποταμοὶ

237 1470 534 1544 {stupeﬁat
567 1470 751 1540 φωνὴν
793 1465 994 1532 αὐτῶν,
1043 1467 1136 1520 καὶ
1180 1465 1328 1520 ἄλλοι
1375 1464 1613 1535 ποταμοὶ
1655 1463 1851 1534 ὰροῦσι

235 1563 357 1626 τὰς
414 1559 718 1630 ἐπιτρίψεις
750 1556 959 1612 αὐτῶν·
1015 1555 1107 1608 καὶ
1146 1554 1317 1609 ταῦτα
1356 1555 1413 1608 δὲ
1461 1553 1530 1608 τά
1578 1553 1851 1626 μαρτύρια

237 1651 564 1721 ὲπιστώθη,
605 1651 694 1703 ὅτε
713 1647 852 1704 κατὰ
878 1647 1057 1710 πάσας
1088 1646 1187 1710 τὰς
1234 1645 1560 1717 Ἐκκλησίας
1591 1645 1684 1698 τοῦ
1713 1645 1849 1698 Θεοῦ

241 1747 355 1800 καὶ
398 1745 520 1798 καθ’
547 1745 676 1811 ὅλης
715 1742 812 1812 τῆς
858 1741 1179 1811 οἰκουμένης
1218 1739 1286 1792 τὰ
1333 1738 1510 1810 πλήθη
1545 1738 1652 1792 τῶν
1693 1739 1849 1791 εὐσε-

1950 1283 2130 1329 latura
2163 1291 2301 1332 esse.
2358 1274 2483 1329 Haec
2535 1284 2718 1330 autem
2773 1274 3089 1329 testimonia
3138 1287 3267 1329 vera
3305 1279 3523 1342 reperta

1950 1377 2101 1430 sunt,
2131 1383 2254 1422 cum
2291 1368 2347 1422 itt
2377 1367 2630 1421 omnibus
2673 1365 2768 1421 Dei
2815 1365 3074 1420 Ecclesiis
3119 1380 3182 1420 ac
3215 1377 3312 1436 per
3347 1371 3524 1418 totum

1950 1461 2159 1525 orbem,
2200 1460 2501 1514 secundum
2539 1457 2916 1529 Evangelium,
2959 1466 3136 1511 coitus
3172 1459 3386 1526 piorum
3427 1469 3527 1511 vo-

1950 1565 2044 1606 ces
2067 1552 2367 1621 gratiarum
2397 1553 2652 1614 actionis,
2685 1566 2783 1620 per
2816 1551 3095 1603 orationes
3123 1557 3176 1604 et
3199 1550 3432 1620 hymnos
3455 1549 3525 1603 ad

1950 1639 2119 1694 Detttn
2149 1641 2443 1695 emittunt:
2471 1641 2627 1711 queis
2661 1641 2736 1693 illi
2767 1642 2894 1695 olim
2927 1649 3270 1710 arrogantes,
3306 1641 3529 1711 sapien-

1953 1741 2036 1788 tes
2075 1733 2239 1801 hujus
2273 1733 2481 1798 szeculi,
2522 1733 2746 1798 sublati,
2783 1743 2838 1786 et
2874 1741 3056 1787 tumor
3084 1746 3275 1786 eorum
3307 1732 3527 1787 destru-

245 1834 507 1888 σούντων
555 1833 694 1887 κατὰ
741 1833 802 1885 τὸ
827 1831 1154 1901 Εὐαγγέλιον
1201 1831 1416 1904 ἐπαίρει
1461 1830 1644 1899 φωνὰς
1690 1830 1851 1899 εὐχα-

1959 1834 2074 1880 rtus
2103 1833 2226 1890 est;
2255 1825 2326 1878 ita
2359 1833 2418 1878 ut
2445 1840 2635 1880 eorum
2671 1826 3016 1897 philosophia
3049 1840 3278 1897 prorsus
3315 1826 3530 1880 exstiti-

257 1926 607 1999 ριστηρίους,
641 1925 738 1989 τὰς
765 1925 830 1978 δι’
869 1924 1043 1996 εὐχῶν
1072 1925 1166 1978 καὶ
1206 1922 1542 1994 ὐμνολογιῶν
1581 1921 1688 1974 τῶν
1717 1921 1852 1994 πρὸς

251 2013 358 2067 τὸν
391 2012 525 2066 Θεὸν
557 2011 1040 2084 ἀναπεμπομένας,
1069 2012 1157 2081 ὑφ’
1177 2005 1251 2065 ὧν
1281 2013 1331 2064 οί
1365 2011 1531 2064 πάλαι
1580 2011 1854 2082 ἐπιτριϐό-

263 2122 427 2178 μενοι
459 2107 612 2176 σοφοὶ
641 2104 736 2158 τοῦ
775 2105 970 2169 αἰῶνος
999 2104 1190 2158 τούτου
1231 2104 1590 2175 κατῄρηνται,
1631 2104 1727 2156 καὶ
1753 2103 1852 2168 τὰς

253 2198 576 2268 ἐπιτρίψας
635 2197 815 2252 αὐτῶν
858 2197 1149 2268 περιεῖλον,
1185 2197 1260 2260 ὡς
1295 2198 1473 2250 πᾶσαν
1507 2194 1694 2248 ἀὐτῶν
1724 2195 1852 2247 σϐε-

254 2290 464 2360 σθῆναι
504 2289 602 2362 τὴν
652 2289 986 2358 φιλοσοφίαν.
1019 2291 1173 2344 Κατά
1203 2289 1271 2342 τὰ
1324 2287 1465 2341 αὐτὰ
1504 2287 1562 2342 δὲ
1614 2286 1709 2340 καὶ
1753 2286 1854 2349 τὰς

255 2379 462 2444 λοιπὰς
511 2381 621 2433 τῶν
680 2379 1027 2451 προφητειῶν
1089 2381 1422 2451 προρρήσεις
1474 2375 1705 2446 διεξιὼν,
1765 2375 1851 2445 ἐφ’

257 2473 486 2543 ἑκάστῳ
511 2472 773 2543 ἀρμόσεις
815 2472 895 2536 τὸ,
933 2473 1008 2526 Τὰ
1037 2469 1330 2542 μαρτύριά
1361 2486 1479 2524 σου
1520 2468 1851 2535 ἐπιστώθη-

257 2581 392 2620 σαν
430 2565 683 2634 σφόδρα.
721 2566 784 2618 Αἰ
836 2563 935 2636 μὲν
979 2559 1073 2618 οὖν
1116 2563 1225 2617 ἀπὸ
1268 2561 1376 2615 τῶν
1418 2561 1577 2615 θείων
1619 2559 1853 2632 Γραφῶν

264 2653 590 2726 μαρτυρίαι,
642 2652 846 2723 σφόδρα
895 2651 956 2705 τὸ
1008 2651 1202 2704 πιστὸν
1254 2650 1508 2721 εἰλήφασι
1539 2647 1625 2704 διὰ
1669 2648 1768 2719 τῆς
1795 2649 1854 2701 ἐν

259 2749 392 2809 ταῖς
415 2744 702 2798 ὶκϐἀσεσιν
730 2743 1015 2814 όρωμένης
1045 2741 1303 2812 ἀληθείας
1323 2757 1336 2770 ο
1372 2740 1449 2810 τῷ
1473 2739 1530 2792 δὲ
1567 2738 1702 2808 οἴκῳ
1734 2755 1852 2799 σου,

261 2837 521 2891 τουτέστι
560 2838 626 2906 τῇ
684 2833 980 2906 Ἐκκλησία
1007 2850 1124 2895 σου,
1173 2832 1322 2884 οὐδὲν
1363 2829 1506 2887 οὐτω
1536 2829 1737 2902 πρέπει
1775 2830 1855 2892 εἰς

269 2917 743 2998 τὸφυλάττεσθαι
788 2924 956 2995 αὐτὴν
1007 2925 1088 2989 εἰς
1141 2924 1458 2994 μακρότητα
1498 2921 1738 2994 ἡμερῶν,
1779 2920 1855 2984 ὡς

269 3017 572 3089 ἀγιωσύνη.
616 3017 704 3080 Ὠς
728 3015 836 3088 γὰρ
865 3017 978 3079 τοῖς
1018 3015 1338 3089 μαρτυρίοις
1366 3030 1460 3067 σου
1489 3011 1667 3067 οἰκεία
1707 3011 1855 3064 ἐστὶν

271 3112 308 3183 ἡ
343 3109 571 3181 ἀλήθεια
602 3109 697 3162 καὶ
723 3111 757 3178 ἡ
795 3108 996 3171 πίστις,
1027 3106 1172 3162 οὐτω
1202 3106 1295 3159 καὶ
1322 3105 1401 3177 τῷ
1427 3106 1564 3176 οῐκῳ
1595 3121 1689 3156 σου
1721 3103 1854 3174 πρέ-

1953 1921 2042 1967 cta
2073 1913 2257 1968 fuerit.
2304 1913 2360 1966 Si
2395 1921 2576 1968 autent
2618 1914 2735 1982 pari
2770 1914 2932 1968 modo
2965 1915 3175 1984 reliqua
3218 1914 3530 1984 prophetia-

1954 2020 2074 2059 rum
2101 2006 2354 2060 vaticinia
2391 2021 2701 2075 percurras.
2736 2007 2967 2076 singulis
2989 2007 3203 2076 aptabis
3237 2006 3396 2072 illud,
3429 2005 3530 2059 Te-

1953 2098 2204 2151 stimonia
2243 2107 2337 2152 tua
2392 2099 2663 2154 credibilia
2711 2102 2857 2168 [acta
2912 2109 3034 2153 sunt
3101 2099 3270 2154 valde.
3337 2099 3529 2170 Itaque

1955 2190 2260 2246 divinarum
2320 2189 2731 2261 Scripturarum
2783 2192 3137 2258 testimonia,
3204 2207 3236 2247 a
3298 2192 3530 2248 veritate

1953 2291 2270 2348 eventuum,
2309 2283 2600 2337 admodum
2635 2281 2916 2338 credibilia
2943 2291 3257 2339 evaserunt.
3298 2281 3528 2338 Domum

1956 2391 2088 2430 vero
2129 2383 2301 2437 tuam,
2339 2375 2392 2428 id
2432 2382 2539 2436 est,
2570 2373 2870 2430 Ecclesiam
2909 2383 3082 2442 tuam,
3117 2375 3252 2431 nihil
3290 2383 3402 2429 tam
3435 2374 3529 2428 de-

1954 2473 2062 2530 cet,
2115 2475 2173 2518 ut
2224 2470 2279 2520 in
2336 2466 2733 2536 longitudinem
2785 2467 2997 2522 dierum
3041 2476 3310 2534 servetur,
3363 2484 3530 2540 quam

1954 2559 2287 2614 sanctitudo.
2314 2557 2472 2612 Sicut
2503 2559 2649 2613 enim
2682 2560 3012 2616 testimoniis
3040 2562 3150 2618 luis
3184 2561 3402 2633 propria
3439 2576 3532 2616 γε»

1953 2652 2090 2706 ritas
2112 2657 2197 2706 est
2217 2659 2270 2705 et
2296 2651 2464 2718 ﬁdes;
2491 2651 2564 2704 ita
2592 2651 2812 2707 domum
2835 2662 2980 2707 tuam
3003 2653 3158 2707 decet
3177 2653 3528 2708 sanctitudo:

1955 2743 2059 2798 sub
2091 2742 2252 2811 cujus
2279 2743 2450 2796 tutela
2478 2749 2664 2797 manet
2694 2749 3098 2813 et'persevcrat
3143 2745 3196 2799 in
3232 2744 3530 2816 longitudi-

1954 2847 2082 2890 nem
2111 2833 2346 2888 dierum.
2383 2832 2518 2888 Nam
2551 2834 2597 2888 si
2633 2834 2851 2904 quando
2889 2835 3171 2905 contingat
3201 2834 3442 2890 dedecus
3474 2835 3533 2890 in

1955 2924 2121 2980 domo
2163 2931 2254 2978 tua
2295 2924 2545 2995 reperiri.
2581 2939 2646 2978 ac
2691 2927 2812 2980 loco
2844 2925 3177 2990 sanctitatis,
3209 2925 3530 2996 profanum,

1956 3015 2229 3086 impurum
2297 3031 2360 3070 ac
2437 3016 2831 3071 exsecrandum
2886 3016 3100 3074 facinus
3165 3017 3530 3089 deprehendi;

1957 3108 2074 3164 ﬁeri
2106 3119 2285 3163 tamen
2319 3109 2508 3180 nequit
2539 3117 2597 3162 ut
2625 3109 2758 3166 illud
2786 3111 2838 3164 in
2881 3109 3278 3182 longitudinem
3317 3111 3532 3167 dierum

272 3217 368 3258 πει
406 3201 717 3272 ἁγιωσύνη·
749 3201 838 3270 ὐφ’
868 3195 936 3271 ἦς
969 3198 1372 3269 φυλαττόμενος
1423 3197 1575 3268 μένει
1620 3195 1716 3249 καὶ⁸
1755 3212 1853 3248 πα-

1963 3209 2296 3271 perseveret.
2331 3199 2545 3254 Etenim
2577 3199 2646 3263 si,
2677 3200 2823 3271 quod
2859 3202 3041 3260 absit!
3077 3201 3336 3258 indecens
3379 3203 3534 3273 quid-

273 3297 505 3368 ραμενεί
543 3295 622 3357 εἰς
657 3292 972 3364 μακρότητα
1001 3289 1244 3364 ἡμερῶν.
1290 3290 1354 3343 Εἰ
1403 3288 1512 3360 γάρ
1544 3305 1675 3342 ποτε
1713 3305 1852 3358 συμ-

269 3386 403 3460 ϐαίη
461 3387 767 3461 ἀπρέπειαν
810 3385 868 3438 ὲν
921 3384 998 3456 τῷ
1057 3385 1196 3454 οίκῳ
1255 3401 1346 3437 σου
1398 3382 1707 3456 εὑρεθῆναι,
1760 3381 1854 3435 καὶ

271 3480 396 3535 ἀντὶ
427 3479 766 3550 ἀγιάσματος
801 3477 1045 3550 βέϐηλον,
1073 3478 1168 3529 καὶ
1197 3474 1528 3547 ἀκάθαρτον.
1552 3472 1646 3527 καὶ
1681 3489 1854 3543 μυσα-

277 3573 378 3646 ράν
409 3569 626 3642 πρᾶξιν,
655 3569 835 3623 οὐκέθ’
855 3568 964 3622 οἷόν
991 3587 1050 3626 τε
1089 3567 1221 3622 αὐτὸ
1254 3568 1332 3630 εἰς
1374 3567 1692 3639 μακρότητα
1715 3568 1854 3638 ἡμε-

278 3661 388 3735 ρῶν
416 3661 706 3732 διαμένειν.
752 3661 900 3732 Ἐρεί
942 3659 1050 3730 γὰρ
1089 3661 1117 3713 ό
1144 3660 1202 3712 ὲν
1233 3657 1383 3729 αὐτῷ
1415 3656 1688 3712 κατοικῶν
1718 3655 1852 3722 Θεὸς

276 3754 430 3822 ἅγιος
457 3752 533 3805 ὢν
552 3753 644 3805 καὶ
667 3754 723 3806 ἐν
741 3751 914 3822 ἁγίοις
933 3749 1364 3820 ἀναπαυόμενος,
1393 3747 1448 3820 ἢ,
1479 3748 1507 3802 δ
1525 3748 1600 3820 μὴ
1615 3747 1845 3817 γένοιτο,

1961 3293 2108 3364 piam
2134 3301 2188 3348 et
2220 3293 2458 3348 alienum
2485 3292 2540 3349 in
2583 3292 2746 3347 domo
2776 3291 2872 3348 Dei
2905 3293 3369 3366 deprehendatur,
3399 3309 3534 3352 sane

1962 3382 2106 3439 Deus
2131 3384 2185 3438 iu
2211 3383 2328 3454 ipsa
2356 3383 2634 3450 habitans,
2666 3385 2758 3456 qui
2789 3394 3015 3442 sanctus
3045 3394 3130 3442 est
3162 3398 3218 3444 et
3243 3388 3296 3443 in
3327 3389 3535 3447 sanctis

1961 3476 2281 3545 requiescit,
2316 3475 2483 3540 dicet,
2529 3475 2664 3533 Ecce
2703 3478 3027 3549 relinquetur
3048 3478 3192 3534 vobis
3223 3480 3410 3535 domus
3449 3496 3536 3537 ιιεο

1959 3575 2077 3622 stra
2113 3567 2322 3624 deserta
2340 3569 2406 3625 δ’.
2441 3570 2809 3637 Quamobrem
2839 3587 2941 3626 nos
2963 3571 3032 3642 in
3065 3573 3285 3628 domum
3317 3573 3411 3629 Dei
3449 3575 3537 3629 in-

1957 3673 2199 3729 gressos,
2227 3675 2338 3730 pra:
2365 3662 2620 3718 omnibus
2659 3670 2714 3717 et
2752 3678 2919 3734 super
2956 3664 3139 3720 omnia
3171 3666 3450 3723 sanctitati
3477 3674 3535 3724 et

1955 3757 2330 3822 temperantia:
2357 3752 2580 3808 studere
2611 3760 2848 3826 oportet.
3168 3776 3170 3778 ν

274 3847 520 3920 ἀπρεπές
551 3863 606 3901 τι
634 3848 729 3901 καὶ
759 3847 1038 3919 ἀλλότριον
1064 3846 1404 3918 ἀγιάσματος
1433 3846 1558 3917 περὶ
1591 3845 1682 3898 τὸν
1703 3841 1853 3898 οἷκον
1887 3846 2053 3902 αὐτοῦ
2089 3848 2345 3921 εὐρηθείη
2389 3851 2538 3914 ποτὲ,
2584 3849 2662 3914 τὸ,
2701 3851 2860 3905 Ἰδοὺ
2899 3853 3133 3925 ἀφίεται
3182 3854 3326 3924 ὑμῖν
3381 3857 3416 3910 ό
3451 3851 3538 3908 οἶ-

277 3961 380 4009 κος
412 3943 580 4014 ὑμῶν
615 3942 850 4013 ἔρημος.
883 3943 972 3996 Διὸ
999 3942 1179 4015 δεήσει
1201 3944 1348 4014 ἡμᾶς
1377 3941 1484 4014 πρὸ
1509 3941 1727 3995 πάντων
1756 3943 1848 3997 καὶ
1876 3942 2016 4016 ὑπὲρ
2049 3945 2264 3998 πάντων
2312 3943 2640 4017 φροντίζειν,
2690 3947 2954 4011 εἰσιόντας
2989 3948 3064 4010 εἰς
3130 3946 3220 4003 τὸν
3259 3943 3408 4002 οἶκον
3444 3945 3533 4002 τοῦ

275 4037 434 4104 θεοῦ,
465 4039 735 4111 ἀγιασμού
762 4042 854 4094 καὶ
882 4039 1251 4112 σωφροσύνης.

333 4157 620 4213 ΨΔΛΜΟΣ
673 4159 760 4231 Tt)
812 4159 1029 4297 AIAY‘IA‘1
1043 4157 1368 4282 r'i‘ETPAAl
1428 4157 1807 4215 ΣΛΒΒΔΤΩΝ.

353 4345 496 4413 Θεὸς
545 4342 917 4412 ἐκδικήσεων
969 4344 1224 4412 Κύριος,
1283 4342 1420 4410 Θεὸς
1483 4343 1858 4414 ἐκδικήσεων

1961 4156 2287 4214 PSALMUS
2359 4156 2623 4228 DAVIDI,
2665 4159 2978 4287 x%llllz'\RTA
3045 4161 3532 4224 SABBATORUM.

2034 4338 2199 4396 νεεδ.
2235 4341 2286 4395 1.
2329 4341 2468 4397 Deus
2499 4343 2762 4399 ullionum
2793 4343 3074 4412 Dominus,
3106 4345 3244 4414 Deus
3270 4347 3536 4404 ulliontms

279 4435 786 4507 ἐπαρῤησιάσατο.
876 4436 1269 4509 ’Δνεπίγραφος
1345 4435 1442 4507 μέν
1516 4437 1632 4490 ἐστι
1722 4437 1853 4506 παρ’

1961 4431 2121 4508 ζίὺενε
2151 4433 2275 4503 egit.
2295 4431 2397 4488 Hic
2435 4435 2681 4505 psalmus
2711 4436 2854 4506 apud
2883 4435 3140 4494 Hebraeos
3179 4439 3536 4513 inscriptione

294 4529 557 4601 Ἑϐραίοις
606 4531 634 4583 ό
685 4528 919 4600 ψαλμὸς,
975 4529 1214 4600 περιέχει
1265 4529 1321 4582 δὲ
1369 4528 1712 4600 παράκλησιν
1758 4528 1853 4583 καὶ¹

1959 4533 2132 4588 caret,
2163 4525 2592 4583 consolationem
2641 4535 2824 4582 autem
2859 4535 2914 4584 et
2943 4528 3187 4586 levamen
3218 4533 3538 4604 complecti-

289 4621 631 4692 παραμυθίαν
666 4620 773 4674 τῶν
811 4620 952 4678 κατὰ
983 4619 1073 4674 τὸν
1117 4620 1229 4691 βίον
1247 4619 1346 4674 τὸν
1374 4621 1644 4674 ἐνεστῶτα
1665 4620 1858 4673 διωκο⁴

295 4710 457 4778 μένων
489 4712 583 4765 καὶ
613 4709 1098 4782 καταπονουμένων
1131 4711 1413 4775 εὐσεϐείας
1441 4711 1623 4775 ἕνεκα,
1661 4704 1737 4764 ὧν
1765 4710 1858 4764 καὶ

293 4799 385 4872 τὴν
431 4801 593 4874 εὐχὴν
644 4802 992 4867 ὑποκαταϐὰς
1056 4802 1257 4874 τίθησι.
1309 4803 1604 4875 Προτάττει
1652 4802 1710 4856 δὲ
1759 4802 1859 4872 τῆς

297 4889 450 4960 εὐχῆς
484 4891 580 4962 τὴν
608 4892 950 4964 παράκλησιν
983 4891 1074 4946 καὶ
1101 4890 1197 4963 τὴν
1229 4890 1580 4963 παραμυθίαν
1610 4891 1856 4964 προλαμ-

296 4981 461 5037 ϐάνων
482 4981 578 5054 τὴν
597 4983 777 5053 δέησιν
801 4985 907 5040 τῶν
936 4985 1278 5058 διωκομένων
1305 4986 1399 5039 καὶ
1430 4984 1855 5058 προθεραπεύων

291 5073 460 5130 αὐτῶν
497 5074 624 5139 τοὺς
651 5075 864 5139 πόνους,
892 5076 1072 5149 ἔργοις
1101 5094 1159 5130 τε
1185 5077 1452 5152 παριστὰς
1480 5078 1854 5149 πληρούμενον

293 5169 373 5222 ἐπ’
406 5167 586 5231 αὐτοῖς
634 5167 718 5231 τὸ,
771 5169 900 5224 Ἔτι
945 5170 1284 5236 λαλοῦντός
1328 5187 1445 5224 σου
1485 5169 1634 5240 ἐρᾶν
1699 5169 1852 5225 Ἰδοὺ

294 5260 536 5331 πάρειμι.
569 5259 832 5333 Θαρσεῖτε
868 5261 1174 5332 τοιγαροῦν,
1209 5257 1254 5317 ὧ
1297 5258 1462 5324 οὗτοι,
1504 5263 1667 5334 φησίν
1689 5280 1702 5295 ’
1738 5263 1854 5316 ἔστι

293 5354 393 5425 γὰρ
421 5355 450 5408 ό
480 5353 704 5428 Κύριος,
740 5355 824 5422 ἐφ’
846 5354 905 5406 ὃν
931 5354 1216 5423 ἠλπίσατε.
1246 5355 1436 5428 ὥσπερ
1467 5355 1597 5419 Θεὸς
1627 5354 1853 5426 ποιητὴς

295 5447 382 5500 καὶ
430 5446 564 5510 Θεὸς
614 5445 968 5519 δημιουργὸς,
1017 5449 1111 5501 καὶ
1159 5447 1291 5511 Θεὸς
1343 5448 1546 5519 σωτὴρ,
1597 5448 1691 5502 καὶ
1722 5447 1854 5511 Θεὸς

296 5537 594 5610 εὐεργέτης,
639 5539 734 5592 καὶ
777 5538 910 5603 Θεὸς
958 5535 1170 5611 κριτής,
1227 5540 1320 5593 καὶ
1359 5539 1491 5603 Θεὸς
1534 5539 1714 5612 πατὴρ
1746 5539 1855 5592 τῶν

297 5631 597 5702 οἰκτιρμῶν,
629 5631 722 5684 καὶ
752 5631 885 5695 Θεὸς
913 5630 1093 5696 πάσης
1126 5631 1541 5702 παρακλήσεως,
1579 5631 1853 5707 μακρόθυσο

363 5788 402 5821 δ’
438 5788 570 5848 Luc.
607 5807 704 5847 xm
733 5833 748 5857 ,
784 5792 877 5849 55.
952 5793 998 5824 ⁸⁸
1038 5792 1140 5848 lsa.
1178 5807 1310 5849 Lvtn
1333 5837 1348 5861 ,
1385 5797 1439 5852 9.

566 5887 835 5954 Ρλτιοι.
869 5889 986 5952 Gn.
1035 5889 1269 5951 XXI".

0 6348 1971 6804 ά

1960 4627 2052 4672 tur
2082 4633 2180 4690 pro
2200 4619 2268 4674 iis
2295 4620 2388 4689 qui
2414 4619 2468 4675 in
2484 4620 2735 4692 presenti
2763 4625 2874 4676 vita
2896 4621 3114 4693 pietatis
3135 4639 3302 4680 causa
3327 4641 3536 4683 vesau~

1963 4719 2054 4765 tur
2083 4719 2138 4764 et
2169 4710 2502 4782 aﬂliguntur,
2533 4728 2767 4783 quorum
2810 4712 2938 4768 item
2967 4714 3270 4772 orationem
3302 4716 3534 4775 inferius

1961 4804 2273 4874 consignat.
2307 4803 2555 4861 Orationi
2585 4821 2715 4861 vero
2741 4806 3173 4862 consolationem
3202 4819 3257 4864 et
3288 4810 3536 4866 levamen

1963 4897 2266 4967 praemittit,
2325 4913 2354 4950 a
2387 4897 2792 4968 supplicatione
2833 4913 3021 4954 eorum
3046 4899 3140 4970 qui
3191 4902 3536 4972 persecutio.

1962 5004 2086 5043 nem
2103 4987 2388 5058 patiuntur
2403 5003 2587 5053 orsus,
2610 5004 2910 5060 eorumque
2939 4991 3096 5048 malis
3119 4992 3417 5050 remedium
3437 4993 3536 5048 ad-

1967 5094 2188 5134 movere
2212 5095 2512 5151 occupans,
2538 5079 2930 5152 declaransque
2953 5098 3119 5153 opere
3155 5085 3434 5156 impletum
3467 5087 3534 5140 ilo

1963 5170 2055 5224 ιω]
2071 5185 2212 5236 esse,
2234 5171 2420 5225 Adhuc
2441 5181 2488 5226 te
2505 5173 2742 5242 loquente
2755 5173 2930 5228 dicam
2949 5189 2968 5228 :
2983 5173 3118 5232 Ecce
3144 5175 3334 5230 adsum
3347 5175 3416 5232 “.
3441 5176 3532 5234 Ait

1961 5261 2168 5333 itaque,
2203 5261 2482 5325 Heusvos,
2514 5265 2804 5322 conlidite:
2834 5266 2989 5323 adest
3015 5266 3217 5338 quippe
3242 5266 3530 5332 Dominus.

1960 5354 2018 5408 in
2053 5368 2214 5424 quem
2261 5357 2547 5426 sperastis,
2579 5365 2766 5427 utpote
2798 5356 2941 5417 Deus
2970 5359 3174 5430 opifex.
3208 5357 3353 5416 Deus
3375 5374 3533 5416 crea-

1960 5454 2069 5510 tor,
2117 5445 2262 5504 Deus
2301 5461 2565 5515 servator,
2618 5449 2762 5506 Deus
2811 5449 3112 5514 beneﬁcus.
3158 5450 3304 5508 Deus
3337 5451 3530 5522 iudex,

1964 5537 2108 5596 Deus
2137 5551 2290 5611 pater
2325 5542 2852 5611 misericordiarum,
2879 5541 3023 5600 Deus
3057 5543 3228 5600 totius
3275 5547 3532 5601 consola-

1962 5632 2150 5700 tionis,
2201 5633 2440 5690 tolerans
2485 5643 2539 5693 et
2587 5637 2817 5694 multum
2864 5630 3211 5702 misericors:
3245 5636 3536 5710 placabilis

3134 5893 3214 5956 88

1992 6528 2048 6563 ψ
2279 6423 3972 6812 -
