3972 6812
537 355 692 412 τωο

1217 356 1479 412 EUSEBH
1505 357 1999 416 CESARIENSIS
2037 357 2188 416 OPP.
2232 359 2411 416 PARS
2447 360 2534 416 lll.
2579 393 2647 401 ——-
2675 359 3086 416 EXEGETICA.

522 501 528 506 ο
553 473 706 538 caeci,
741 480 916 544 potest
946 488 1056 526 non
1089 472 1270 528 videre
1296 482 1350 526 et
1382 490 1489 528 non
1525 474 1731 537 audire,
1755 475 1848 544 qui
1878 476 1992 530 haec
2011 493 2116 530 non

2223 475 2404 543 κότας·
2421 481 2539 532 Οὐκ
2554 478 2757 547 ὄψεται
2775 481 2808 534 ό
2817 479 3046 546 Κύριος,
3065 475 3222 531 οὐδὲ
3240 473 3520 540 συνήσει
3535 478 3564 528 ό
3579 477 3766 543 Θεὸςτώ

545 567 880 622 habentibus
919 566 1192 636 impertit?
1225 564 1356 617 Nam
1411 566 1458 618 is
1502 572 1649 620 certe
1689 568 1783 636 qui
1816 568 1941 622 aliis
1970 569 2123 637 quid-

551 658 696 728 piam
725 657 1027 726 elargitur,
1087 655 1237 724 prior
1285 656 1471 724 utique
1523 655 1686 710 habet
1731 670 1794 711 ea
1842 671 1964 726 qua:
2001 659 2121 714 aliis

551 749 938 803 communicat.
983 745 1076 801 Est
1129 761 1292 816 porro
1334 762 1512 801 sermo
1539 748 1836 817 syllogismi
1873 750 1978 803 ritu
2006 765 2124 818 pto-

553 840 696 895 latus
752 848 806 894 et
866 839 1228 893 concinnatus
1287 839 1354 892 ad
1414 840 1766 908 providentia:
1813 840 2121 895 doctrinam

551 929 1030 1000 comprobandam.
1083 929 1184 984 Par
1227 938 1404 984 autem
1444 939 1559 984 erat
1587 932 1652 986 iis
1683 931 1917 986 maxime
1971 932 2121 985 Scri-

549 1030 723 1093 ptura:
748 1021 947 1076 divina:
971 1021 1104 1076 locis
1127 1023 1364 1076 animum
1394 1022 1671 1085 adhibere,
1696 1029 1756 1076 ut
1781 1021 2119 1086 ostendatur,

547 1130 660 1170 non
691 1114 903 1169 ratione
948 1130 1173 1168 vacuam
1218 1115 1292 1168 ibi
1337 1113 1496 1168 ﬁdem
1545 1115 1704 1170 nobis
1753 1114 1975 1179 oﬂ’erri,
2025 1114 2121 1169 sed

546 1207 714 1262 claris
743 1205 1046 1261 ratiociniis
1099 1214 1152 1260 et
1205 1206 1763 1263 demonstrationibus
1797 1208 1984 1278 logicis
2030 1207 2124 1263 do-

545 1297 737 1350 ctrina:
764 1297 1074 1351 testimonia
1105 1295 1372 1351 exhiberi.
1408 1297 1674 1352 Sexcenta
1704 1305 1884 1352 autem
1916 1299 2119 1354 similia

547 1387 604 1439 in
625 1387 804 1442 sacris
829 1385 1017 1442 Bibliis
1045 1402 1346 1456 conspersa
1373 1395 1522 1442 sunt.
1558 1387 1899 1459 Syllogismis
1932 1389 2121 1459 itaque

546 1476 744 1545 impios
772 1485 826 1530 et
863 1477 1054 1532 atbeos
1096 1477 1362 1538 confutat,
1387 1477 1480 1546 qui
1507 1477 1759 1532 dicebant
1809 1478 1974 1532 Deum
2019 1479 2122 1532 bu-

546 1581 708 1620 mana
731 1581 839 1621 non
869 1567 1157 1636 respicere.
1185 1566 1330 1624 Heus
1357 1584 1476 1632 vos,
1511 1568 1706 1638 inquit,
1733 1568 2122 1624 auimaliumne

548 1666 742 1713 natura
783 1674 879 1727 per
919 1674 978 1713 se
1006 1668 1198 1727 sponte
1225 1659 1491 1722 substitit,
1525 1671 1590 1712 an
1620 1674 1650 1712 a
1686 1658 1919 1730 quadam
1954 1676 2119 1718 causa

547 1749 766 1803 condita
795 1749 913 1804 est?
940 1751 984 1804 si
1008 1750 1223 1803 dicatur
1258 1749 1402 1804 enim
1435 1757 1668 1813 temere,
1723 1765 1788 1803 ac
1817 1759 1962 1805 sorte
1983 1766 2121 1820 qua-

2237 569 2449 630 ‘Iam‘oé',
2477 570 2826 640 ἀποκρίνεται
2858 568 3182 636 λέγων·Καὶ
3223 567 3384 631 πῶς,
3408 560 3456 618 ὦ
3599 568 3770 623 διάνοιαι

2222 661 2438 732 άληθῶς
2469 661 2678 730 τυφλοὶ,
2719 662 2781 714 οὐ
2813 660 3034 714 δύναται
3068 660 3139 730 μὴ
3195 660 3378 731 όρᾷν,
3420 659 3557 728 μηδὲ
3598 661 3770 722 ἀκούειν,

2221 755 2250 805 ὁ
2273 757 2386 816 τοῖς
2413 753 2486 824 μὴ
2522 753 2702 823 ἔχουσι
2741 751 2914 805 ταῦτα
2951 752 3445 825 παρασχόμενοςς
3489 751 3687 814 Πάντως
3703 755 3774 824 γὰρ

2220 861 2323 898 που
2361 846 2390 898 ὁ
2435 844 2744 914 μεταδιδοὺς
2793 844 2998 916 ἑτέροις
3052 843 3292 916 πρῶτος
3355 841 3531 906 αὐτὸς
3579 843 3775 914 κέκτηται

2220 932 2412 995 ταῦτα,
2444 927 2518 986 ὧν
2556 932 2925 1003 μεταδίδωσιν.
2961 933 3112 987 Ἐστι
3153 933 3225 986 δὲ
3263 933 3297 985 ὁ
3333 929 3504 999 λόγος
3534 931 3662 984 κατὰ
3691 934 3776 986 aui-

2221 1021 2478 1094 λογισμὸν
2525 1023 2812 1094 εἰρημένος
2855 1024 2950 1078 καὶ
2989 1022 3537 1086 κατασκευαστικὸς
3581 1022 3662 1076 τοῦ
3689 1029 3776 1095 περὶ

2222 1114 2474 1184 προνοίας
2517 1115 2799 1186 δόγματος.
2835 1117 3084 1186 Προσῆκε
3111 1115 3166 1170 δὲ
3217 1115 3486 1185 μάλιστα
3520 1118 3627 1176 τοῖς
3659 1118 3779 1170 τοιού-

2219 1222 2333 1268 τοις
2353 1207 2460 1259 τῶν
2482 1205 2640 1260 θείων
2665 1206 2895 1278 Γραφῶν
2921 1207 3215 1276 ἐφιστάναι
3247 1205 3354 1260 τὸν
3377 1204 3514 1258 νοῦν
3537 1206 3712 1270 τόποις,
3727 1211 3778 1272 εἰς

2221 1295 2495 1361 ἀπόδειξιν
2523 1295 2617 1349 τοῦ
2661 1297 2735 1365 μὴ
2785 1295 2976 1364 ἄλογον
3009 1297 3195 1348 πίστιν
3249 1293 3670 1368 προϐάλλεσθαι
3694 1297 3780 1365 ἡμῖν

2221 1387 2314 1440 ὑπ’
2345 1386 2543 1452 αὐτῶν,
2593 1389 2730 1458 μετὰ
2781 1386 3056 1457 λογισμῶν
3083 1386 3140 1439 δὲ
3171 1377 3464 1458 ἐναργῶν
3506 1386 3600 1440 καὶ
3627 1386 3779 1440 dmid-

2219 1478 2355 1545 ξεων
2378 1479 2610 1548 λογικῶν
2630 1477 2728 1542 τὰς
2751 1478 2858 1533 τῶν
2880 1478 3161 1550 δογμάτων
3191 1478 3541 1549 μαρτυρίας
3561 1481 3779 1550 παρέχειν

2219 1570 2406 1644 Μυρία
2441 1570 2486 1624 δ’
2517 1568 2584 1622 ἂν
2613 1569 2698 1642 εἴη
2741 1569 2964 1623 τοιαῦτα
3015 1573 3137 1633 ταῖς
3180 1571 3389 1640 ἱεραῖς
3460 1567 3659 1640 βίϐλοις
3694 1585 3780 1622 κατι

2219 1662 2556 1734 εσπαρμένα.
2591 1660 2964 1730 Συλλογίζεται
2993 1660 3296 1732 τοιγαροῦν
3331 1660 3476 1723 τοὺς
3513 1658 3708 1722 deﬁci;
3723 1661 3782 1712 ni

2219 1753 2412 1817 ἀθέους
2431 1753 2525 1807 τοῦ
2553 1752 2627 1824 μὴ
2649 1755 2850 1824 ὲφορᾷν
2876 1761 2966 1806 τον
2985 1752 3118 1805 Θεὸν
3139 1751 3211 1806 τὰ
3238 1750 3593 1823 ἀνθρώπινα
3612 1750 3780 1820 τάων-

547 1841 695 1905 dam,
729 1842 846 1896 sine
874 1843 1085 1896 ratione
1128 1850 1183 1896 ct
1225 1849 1417 1912 sponte
1467 1857 1564 1896 sua
1599 1841 1706 1895 vita
1755 1850 2027 1896 carentem
2065 1851 2116 1897 et

2218 1861 2335 1908 τας.
2372 1818 2583 1917 Πότερα
2607 1818 2952 1916 γάρξιρησὶν,
2981 1839 3028 1898 ὦ
3050 1837 3218 1908 οὗτοι,
3257 1818 3591 1913 αὐτόματος

547 1932 903 1987 inanimatam
932 1933 1213 1988 materiam
1245 1940 1326 1987 tot
1355 1931 1634 1997 animalia,
1662 1939 1716 1986 et
1756 1933 1988 2004 singulis
2026 1949 2120 2003 ge-

547 2026 774 2083 neribus
797 2025 1023 2079 inditam
1055 2024 1362 2094 hujusmodi
1391 2024 1831 2078 constitutionem
1853 2064 1868 2089 ,
1913 2023 2118 2080 formas

548 2122 678 2175 item
724 2127 778 2186 et
811 2117 1043 2188 species,
1080 2131 1143 2170 ac
1171 2124 1374 2169 tantam
1405 2115 1640 2185 partium
1670 2123 1724 2169 ct
1751 2116 2116 2171 membrorum

549 2209 970 2265 concinnitatem
997 2249 1012 2272 ,
1071 2205 1491 2277 pulchritudinis
1547 2206 1860 2261 varietatem
1887 2248 1901 2271 ,
1955 2214 2010 2262 et
2039 2217 2120 2261 tot

549 2302 863 2358 discrimina
889 2300 1151 2370 producta
1186 2314 1341 2366 esse;
1377 2298 1601 2352 stultum
1652 2308 1802 2354 certe
1841 2300 2118 2355 insanum-

549 2411 656 2464 que
690 2394 850 2448 fuerit
869 2392 1022 2455 illud,
1045 2401 1099 2446 et
1132 2391 1411 2445 hominum
1442 2391 1534 2461 qui
1556 2405 1682 2444 vere
1711 2390 1891 2444 anima
1914 2390 2117 2444 mortui

550 2485 771 2548 fuerint,
802 2481 1183 2536 ratiocinium.
1231 2479 1514 2546 Quomodo
1570 2479 1713 2533 enim
1757 2479 1902 2549 quod
1951 2480 2115 2533 vitam

550 2591 659 2631 non
690 2575 851 2630 habet
881 2574 1039 2628 alteri
1087 2572 1394 2642 impertiat?
1422 2580 1516 2626 aut
1545 2573 1818 2641 quomodo
1844 2572 2116 2626 inanima-

549 2675 666 2724 tum
716 2666 951 2720 animam
1003 2664 1388 2720 constituerit?
1422 2672 1515 2718 aut
1561 2664 1933 2719 irrationabile
1981 2680 2116 2735 quo-

551 2760 714 2816 modo
735 2757 1009 2830 quidpiam
1041 2757 1363 2813 rationabile
1407 2756 1766 2827 produxerit?
1795 2755 1916 2822 Quo
1961 2766 2118 2826 pacto

549 2853 786 2922 primum
818 2849 1142 2912 movebitur,
1166 2856 1260 2903 aut
1283 2849 1425 2902 aliud
1462 2837 1716 2914 movebit,
1747 2847 1892 2918 quod
1928 2863 1993 2903 ex
2022 2862 2118 2902 na-

551 2951 672 2998 tura
725 2957 824 2999 sua
845 2941 1133 2996 immobile
1179 2940 1288 2996 sit?
1338 2939 1659 3008 llujusmodi
1687 2948 1772 2994 est
1800 2948 1958 2994 terra:
2007 2940 2116 2995 ele—

550 3045 812 3099 mentum,
832 3049 895 3088 ex
919 3048 1029 3103 quo
1049 3033 1230 3088 omnia
1264 3040 1319 3088 ct
1337 3033 1484 3086 varia
1510 3031 1759 3101 prodiere
1796 3032 2113 3087 animalium

550 3141 781 3195 genera,
812 3139 932 3195 quae
973 3125 1148 3180 oculis
1170 3163 1187 3191 ,
1235 3123 1460 3178 auribus
1509 3123 1830 3193 caaterisque
1862 3123 2115 3179 sensibus

551 3222 818 3274 instructa
839 3227 985 3282 sunt,
1004 3219 1136 3280 vita,
1156 3226 1302 3272 motu
1323 3223 1378 3272 et
1401 3217 1638 3287 appetitu
1666 3215 1929 3286 praedita?
1954 3217 2115 3271 homo

550 3325 678 3366 vero
728 3310 796 3366 iis
823 3311 981 3380 longe
1001 3315 1241 3378 praestat,
1263 3323 1387 3362 cum
1419 3308 1488 3362 sit
1509 3316 1716 3362 naturae
1747 3306 2111 3369 rationabilis.

547 3417 614 3456 ac
643 3403 840 3456 mentis
865 3408 920 3456 et
955 3400 1199 3456 scientiae
1226 3413 1416 3469 capax.
1451 3397 1591 3452 Num
1617 3398 1782 3470 igitur
1803 3414 1872 3454 ex
1903 3398 2116 3454 ratione

527 3507 722 3546 .vacuo
755 3499 811 3547 et
842 3491 1140 3546 inanimato
1169 3491 1436 3544 elemento
1483 3489 1595 3542 lucc
1640 3489 1824 3542 omnia
1855 3487 2109 3543 substite-

547 3583 716 3639 runt?
745 3584 812 3637 At
837 3598 960 3640 eum
990 3583 1085 3652 qui
1117 3582 1231 3636 haec
1259 3579 1504 3635 conﬁteri
1531 3581 1686 3644 nolit,
1719 3581 1796 3634 rei
1831 3580 2005 3650 ipsius
2035 3581 2115 3636 vis

547 3682 603 3731 et
631 3673 869 3730 eﬁicacia
900 3673 1098 3738 vincit,
1144 3687 1208 3727 ac
1246 3671 1424 3742 ipsum
1469 3671 1719 3726 naturale
1765 3671 2114 3726 ratiocinium

545 3781 675 3824 vera
698 3767 880 3822 dicere
909 3765 1088 3837 cogit;
1126 3766 1384 3819 nimirum
1411 3779 1509 3819 nec
1537 3763 1893 3818 inanimatam
1939 3773 2112 3818 mate-

548 3861 686 3914 riam
711 3898 728 3923 ,
769 3873 946 3930 neque
981 3857 1187 3912 aridam
1233 3857 1549 3927 rationeque
1601 3871 1825 3910 vacuam
1859 3855 2114 3910 substan-

547 3954 703 4018 tiam,
744 3951 938 4007 horum
988 3964 1110 4005 esse
1156 3963 1422 4004 causam:
1473 3948 1568 4004 sed
1625 3946 1813 4002 mundi
1862 3945 2112 4016 opiﬁcem

547 4060 670 4100 esse
708 4052 942 4099 mentem
965 4043 1254 4115 quamdam
1290 4042 1530 4097 divinam
1569 4050 1624 4094 et
1649 4041 1992 4103 creatricem,
2021 4039 2113 4094 Dei

549 4150 741 4204 nempe
772 4134 1026 4197 Verbum,
1057 4149 1240 4189 rerum
1277 4133 1521 4188 enmium
1552 4132 1836 4198 factorem,
1871 4133 1962 4203 qui
1999 4143 2112 4187 tum

549 4225 776 4294 reliquis
802 4225 1078 4288 omnibus,
1107 4233 1220 4278 tum
1255 4224 1356 4294 ipsi
1389 4223 1596 4278 homini
1638 4238 1832 4279 sensus
1865 4227 2114 4294 corporis

550 4315 767 4380 indidit,
799 4323 853 4374 et
883 4315 1078 4370 animae
1105 4313 1354 4370 humanae
1373 4314 1745 4377 ratiocinium,
1763 4325 1923 4385 atque
1950 4317 2112 4370 etiam

548 4416 806 4470 mentem,
836 4421 944 4477 qua
968 4416 1220 4461 naturam
1250 4422 1432 4463 rerum
1461 4406 1810 4474 consideret;
1841 4420 1905 4462 ac
1937 4407 2114 4461 oculis

2219 1934 2326 1988 τῶν
2359 1933 2512 1997 ζώων
2541 1936 2574 2004 ὴ
2608 1933 2788 2002 φύσις,
2821 1933 2854 2004 ἢ
2902 1933 3121 2002 γέγονεν
3167 1932 3239 1986 ἐκ
3288 1948 3459 1994 τινος
3511 1929 3711 1994 αἰτίους
3738 1929 3780 1981 η

2222 2029 2320 2098 μὲν
2343 2021 2436 2080 οὖν
2459 2027 2688 2096 φάσκειν
2721 2029 2841 2097 εἰκῇ
2872 2027 2964 2079 καὶ
2990 2025 3066 2090 ὡς
3099 2025 3324 2097 ἔτυχεν,
3365 2025 3592 2093 ἀλόγως
3618 2023 3701 2076 καὶ
3715 2025 3780 2076 αὖ·

2218 2117 2472 2188 τομάτως
2491 2116 2590 2187 τὴν
2615 2115 2789 2180 ἇζωον
2820 2117 2914 2170 καὶ
2949 2114 3152 2185 ἄψυχον
3180 2116 3290 2169 καὶ
3329 2115 3576 2184 ἀνόητον
3611 2112 3724 2183 ὓλην
3739 2113 3782 2165 ei

2216 2206 2452 2261 τοσαῦτα
2503 2204 2618 2270 ζῶα
2661 2206 2753 2259 καί
2794 2206 2892 2278 τὴν
2937 2208 3019 2274 ἐφ’
3048 2208 3272 2278 ἑκάστῳ
3308 2207 3472 2274 γένει
3521 2206 3630 2258 τῶν
3672 2204 3780 2268 ζώων

2215 2297 2424 2351 τοιάνδε
2452 2297 2815 2368 κατασκευὴν,
2847 2297 2945 2360 τάς
2975 2314 3034 2350 τε
3066 2299 3122 2351 ἐν
3144 2299 3351 2361 αὐτοῖς
3378 2297 3605 2369 μορφάς
3640 2297 3720 2349 καὶ
3739 2297 3783 2346 τὰ

2217 2389 2332 2460 εἴδη
2366 2389 2459 2443 καὶ
2485 2389 2583 2462 τὴν
2613 2388 2880 2460 τοσαύτην
2907 2388 3014 2443 τῶν
3050 2390 3250 2461 μερῶν.
3266 2406 3338 2442 τε
3373 2390 3478 2444 καὶ
3514 2387 3682 2459 μελῶν
3698 2387 3781 2439 cti-

2217 2479 2386 2546 θεσιν,
2415 2481 2513 2552 τήν
2539 2497 2601 2534 τε
2637 2480 2729 2534 τοῦ
2763 2481 2989 2544 κάλλους
3020 2480 3328 2546 ποικιλίαν,
3357 2481 3465 2534 καὶ
3508 2483 3606 2543 τὰς
3634 2479 3781 2532 sowi-

2215 2589 2314 2636 τας
2351 2571 2614 2643 διαφορὰς
2643 2571 3080 2644 προενηνοχέναι,
3117 2573 3338 2645 σφόδρα
3355 2572 3564 2646 ,μωρὸν
3589 2573 3674 2625 καὶ
3697 2571 3777 2640 titi-

2217 2665 2351 2726 θιον,
2378 2665 2470 2718 καί
2485 2663 2692 2735 ἀνδρῶν
2708 2664 2783 2728 ὡς
2807 2654 3020 2734 άληθῶς
3035 2664 3131 2728 τὰς
3146 2664 3345 2736 ψυχὰς
3372 2663 3774 2735 νενεκρωμένωδ.

2216 2755 2342 2819 Πῶς
2375 2755 2483 2826 γάρ
2514 2756 2575 2808 τὸ
2608 2755 2681 2827 μὴ
2715 2754 2860 2826 ζωῆς
2889 2757 3113 2827 μετέχον
3140 2754 3298 2828 ζωὴν
3321 2756 3512 2827 ἑτέρῳ
3545 2754 3608 2809 ἂν
3640 2755 3770 2824 mpi-

2218 2865 2368 2920 σχοι;
2395 2848 2428 2920 ἦ
2466 2849 2526 2902 τὸ
2552 2847 2756 2918 ἄψυχον
2785 2848 2902 2910 πῶς
2930 2847 2995 2902 ἂν
3017 2847 3196 2920 ψυχὴν
3237 2849 3655 2918 ὑποστήσαιτος
3681 2846 3706 2915 ἢ
3730 2843 3771 2895 τὸ
3864 2843 3865 2864 ‘

2215 2941 2410 3010 ἄλογον
2437 2941 2553 3004 πῶς
2577 2939 2643 2994 ἂν
2667 2941 2880 3009 λογικόν
2907 2957 2960 2994 τι
2979 2943 3471 3008 κατασκευάσειε;
3497 2940 3617 3003 Πῶς
3632 2938 3677 2992 δὲ
3696 2936 3765 3005 τήν
3863 2945 3865 2998 4

2215 3033 2389 3104 ἀρχὴν
2419 3033 2788 3106 κινηθήσεται,
2819 3033 2853 3105 ἦ
2883 3031 3000 3098 πῶς
3037 3033 3226 3106 ἕτερον
3255 3035 3494 3105 κινήσει
3521 3032 3582 3086 τὸ
3609 3031 3762 3096 ἰξίαν-

2217 3125 2311 3178 τοῦ
2349 3124 2446 3197 τὴν
2475 3125 2635 3196 φύσιν
2654 3125 2941 3197 ἀκίνητον;
2971 3125 3225 3178 Τοιοῦτον
3248 3125 3312 3179 δὲ
3339 3122 3410 3178 τὸ
3435 3123 3543 3194 τῆς
3564 3121 3752 3191 γῆςστοιο

2221 3218 2384 3285 χεῖον,
2414 3215 2472 3282 ἐξ
2499 3208 2560 3268 οὗ
2605 3217 2829 3270 παντοῖα
2857 3215 3088 3286 προῆλθε
3123 3213 3281 3278 ζώων
3313 3215 3485 3286 γένη,
3510 3208 3749 3282 ὀφθαλμοὺς

2221 3305 2411 3376 ἔχοντα
2439 3305 2533 3359 κο.)⁸
2557 3299 2671 3358 ὦτα
2718 3304 2902 3359 καὶτὰ
2932 3305 3094 3359 λοιπὰ
3135 3304 3512 3378 αἰσθητήρια,
3549 3301 3673 3369 ζωῆς
3694 3295 3757 3348 καὶ

2221 3395 2485 3465 κινήσεως
2515 3394 2610 3447 καὶ
2651 3393 2829 3466 ὁρμῆς
2877 3393 3110 3464 μέτοχα;
3141 3393 3450 3466 ἄνθρωπος
3481 3393 3540 3447 δὲ
3571 3391 3653 3444 καί
3674 3387 3760 3440 τοῦ·

2219 3501 2328 3538 των
2357 3485 2620 3553 ἐπάγεται
2644 3485 2828 3549 πλέον,
2860 3485 3082 3556 λογικῆς
3123 3483 3198 3537 ὢν
3227 3486 3486 3554 φύσεως,
3513 3481 3603 3538 νοῦ
3624 3497 3672 3533 τε
3696 3477 3762 3530 καὶ

2220 3576 2530 3648 ἐπιστήμης
2570 3576 2817 3642 δεκτικὸς
2858 3578 3160 3649 τυγχάνων.
3188 3573 3322 3652 ’Ἆρ’
3350 3573 3454 3632 οὖν
3504 3574 3562 3640 ἐξ
3608 3569 3759 3635 ἀλόγου

2219 3671 2313 3723 καὶ
2335 3669 2540 3741 ἀψύχου
2565 3671 2824 3740 στοιχείου
2843 3669 2912 3723 τὰ
2936 3669 3111 3724 τοιάδε
3142 3671 3326 3725 πάντα
3352 3668 3601 3736 ὑπέστη;
3637 3659 3760 3715 ’Δλὶὰ

2219 3761 2316 3814 καὶ
2353 3761 2444 3814 τὸν
2484 3762 2558 3833 μὴ
2592 3761 2908 3832 βουλόμενον
2939 3761 3217 3832 ὁμολογεῖν
3251 3761 3399 3815 αὐτὰ
3440 3757 3623 3828 νικᾷ,ή
3649 3750 3759 3818 ivi?

2219 3869 2363 3923 γεια,
2391 3854 2485 3906 καὶ
2516 3855 2544 3907 ὁ
2565 3852 2704 3907 κατὰ
2743 3853 2903 3920 φύσιν
2946 3852 3202 3923 λογισμὸς
3232 3852 3455 3923 τάληθῆ
3497 3848 3664 3915 λέγειν
3695 3843 3759 3892 ὲκ-

2219 3943 2482 4009 6ιάζεται,
2509 3945 2570 3998 τὸ
2596 3947 2670 4017 μὴ
2690 3945 2786 4015 τὴν
2807 3934 3008 4016 άῷυχον
3033 3943 3186 4014 ὓλην,
3217 3946 3360 4015 μηδὲ
3386 3943 3489 4014 τὴν
3518 3937 3672 4008 ξηράν
3689 3931 3754 3984 καὶ

2219 4037 2412 4107 ἄλογον
2438 4038 2623 4092 οὐσίαν
2649 4037 2851 4092 τούτων
2879 4035 3143 4108 ὑπάρχειν
3175 4037 3361 4091 αἰτίαν
3381 4053 3397 4067 ο
3429 4032 3555 4088 νοῦν
3584 4029 3635 4084 δέ
3666 4037 3757 4078 τινα

2221 4129 2362 4183 θεῖον
2393 4131 2487 4183 καὶ
2506 4129 2894 4202 δημιουργικὸν
2921 4125 3057 4182 εἶναι
3087 4129 3258 4196 Λόγον
3290 4127 3432 4182 Θεοῦ
3466 4125 3555 4178 τὶν
3593 4131 3752 4185 3:05:10-

2221 4220 2392 4284 ποιὸν,
2423 4221 2516 4274 καί⁸
2549 4222 2762 4274 πάντων
2809 4219 3036 4290 ποιητὴν
3077 4218 3260 4281 αὑτὸν,
3295 4219 3394 4272 καὶ
3435 4217 3547 4278 τοῖς
3588 4206 3753 4265 λοιποῖς

2220 4313 2390 4367 ἅπασι
2423 4314 2517 4367 καὶ
2543 4312 2690 4384 αὐτῷ
2714 4311 2984 4384 ἀνθρώπῳ
3017 4311 3295 4382 αἰσθήσεις
3315 4307 3584 4366 δεδωκότα
3605 4299 3751 4369 σώμα-

2219 4422 2330 4470 τος,
2363 4405 2459 4459 καὶ
2492 4405 2671 4477 ψυχῆς
2705 4405 2983 4476 λογισμὸν,
3013 4406 3107 4459 καὶ
3137 4404 3262 4458 νοῦν
3301 4403 3443 4476 πρὸς
3479 4397 3672 4456 τούτοις
3692 4389 3751 4448 εἰς

546 4495 785 4565 quidem,
809 4494 1046 4552 visibilia
1074 4497 1364 4566 respiciat;
1397 4496 1620 4551 auribus
1665 4511 1829 4560 vero,
1865 4495 1918 4551 in
1959 4498 2114 4550 audi-

2218 4498 2278 4552 τὸ
2305 4498 2614 4552 ἐπιϐάλλειν
2639 4501 2705 4569 τῇ
2729 4497 2885 4567 φύσει
2915 4497 3024 4551 τῶν
3047 4496 3389 4569 πραγμάτων
3407 4512 3422 4526 ·
3457 4492 3548 4548 καὶ
3571 4481 3750 4552 θεωρεῖν

549 4598 662 4642 tum
697 4589 945 4643 cadentia
974 4589 1198 4655 audiat;
1233 4589 1592 4659 cogitationes
1631 4590 1847 4644 demum
1867 4632 1882 4656 ,
1913 4589 2115 4645 intelli-

546 4681 730 4750 gibilia
759 4681 1200 4750 comprehendat.
1227 4679 1330 4747 Qui
1354 4681 1518 4752 igitur
1547 4680 1659 4736 ﬁeri
1701 4689 1880 4751 potest
1910 4691 1988 4746 ut,
2020 4681 2114 4752 qui

546 4771 671 4825 aliis
696 4770 1005 4825 facultatem
1035 4771 1274 4833 videndi.
1306 4785 1468 4840 quam
1498 4787 1564 4826 cx
1595 4786 1654 4825 se
1681 4787 1788 4826 non
1815 4773 2110 4837 habebant,

550 4860 832 4930 impertiit,
861 4875 970 4916 non
1022 4861 1139 4931 ipse
1173 4861 1390 4916 videat?
1447 4862 1547 4929 Qui
1581 4861 1695 4918 ﬁeri
1730 4871 1906 4934 potest
1942 4871 2001 4917 ut
2029 4864 2074 4920 is
2097 4904 2112 4928 ,

545 4951 644 5021 qui
679 4949 736 5004 in
765 4957 982 5006 terreno
1008 4959 1064 5007 et
1093 4952 1237 5008 luteo
1265 4967 1394 5009 vase
1421 4953 1663 5007 auditum
1699 4964 1749 5008 et
1774 4970 1958 5009 aurem
1993 4970 2114 5024 per-

551 5044 785 5106 foravit,
837 5043 911 5098 ita
947 5051 1003 5098 ut
1047 5051 1195 5100 muta
1224 5053 1278 5100 et
1311 5045 1476 5101 surda
1515 5045 1766 5110 materia,
1798 5061 1860 5101 ea
1893 5062 2014 5117 quae
2043 5047 2110 5102 ad

549 5149 733 5192 aurem
759 5133 1110 5204 proferuntur
1136 5135 1339 5204 audiat,
1380 5151 1487 5191 non
1526 5137 1642 5207 ipse
1673 5138 1867 5194 melius
1895 5145 1948 5194 et
1977 5154 2114 5210 pra:-

549 5229 786 5284 stantius
811 5228 934 5284 aliis
961 5230 1213 5284 omnibus
1248 5229 1512 5285 humanas
1546 5231 1903 5300 cogitationes
1934 5232 2112 5302 perci-

548 5319 701 5398 piat?
762 5317 915 5384 Quod
947 5319 994 5374 si
1035 5319 1301 5375 universa:
1337 5335 1433 5389 per
1473 5320 1660 5376 orbem
1710 5330 1892 5393 gentes
1919 5363 1935 5386 ,
1987 5337 2112 5377 cum

549 5412 794 5466 barbare
815 5420 926 5466 tum
947 5411 1168 5474 Graecae,
1203 5413 1438 5466 naturali
1467 5412 1878 5483 cogitationum,
1917 5430 2052 5484 quas
2083 5431 2114 5470 a

551 5501 659 5558 Deo
692 5511 1036 5572 acceperunt,
1072 5503 1307 5574 impulsu
1334 5543 1349 5567 ,
1408 5503 1672 5573 quasdam
1726 5506 1828 5560 sibi
1881 5507 2027 5576 leges
2059 5515 2114 5562 et

548 5594 966 5650 constitutiones
1004 5594 1394 5660 eﬁ‘ormaruut;
1429 5596 1700 5666 quomodo
1744 5597 1791 5651 is
1820 5597 1912 5667 qui
1948 5599 2112 5652 talem

549 5686 684 5754 ipsis
721 5686 1056 5755 prudentiam
1089 5687 1315 5742 indidit.
1348 5704 1455 5742 non
1497 5696 1688 5758 arguat
1719 5704 1816 5743 eos
1843 5689 1935 5759 qui
1978 5705 2115 5759 pra:-

549 5783 633 5830 ter
653 5785 904 5833 naturam
939 5793 1001 5830 ac
1043 5788 1234 5840 praeter
1271 5793 1458 5834 sanam
1508 5785 1740 5834 mentem
1784 5777 1914 5842 quid
1957 5793 2113 5845 agere

2221 4585 2320 4661 μὲν
2351 4589 2648 4661 ὀφθαλμοῖς
2675 4591 2742 4642 τὰ
2763 4588 2955 4660 ὁρατὰ,
2978 4588 3080 4642 dici
3107 4588 3164 4641 δὲ
3189 4587 3255 4641 τά
3279 4583 3524 4642 ἀκουστὰ
3549 4573 3746 4633 ἀκούειν,

2217 4680 2458 4753 λογισμῷ
2487 4660 2544 4736 at
2580 4681 2814 4736 συνιέναι
2844 4680 2913 4734 τὰ
2949 4680 3130 4750 νοητά.
3177 4679 3301 4744 Πῶς
3330 4674 3425 4733 οὖν
3471 4667 3579 4728 οἷὸν
3606 4683 3656 4721 τε

2217 4751 2553 4846 ὲτέροίςντοῖς
2588 4773 2662 4845 μὴ
2684 4775 2812 4846 παρ’
2840 4773 3046 4827 ἑαυτῶν
3075 4772 3256 4844 ἔχουσι
3281 4760 3654 4842 παρεσχηκότα
3671 4751 3748 4846 τῂν

2215 4840 2474 4936 ὁρατικὴν
2506 4840 2954 4936 δύναμινξαύτὸν
3001 4863 3076 4934 μὴ
3104 4840 3266 4935 δρᾷν;
3303 4840 3429 4922 Πῶς
3474 4855 3529 4909 δὲ
3560 4840 3749 4904 δυνατὸν

2214 4955 2305 5009 τὸν
2346 4957 2404 5010 ὲν
2435 4955 2512 5026 τῷ
2559 4957 2750 5026 γεώδει
2797 4956 2888 5010 καὶ
2927 4955 3134 5027 πηλίνῳ
3188 4951 3371 5008 σκεύει
3423 4941 3748 5014 διατρήσαντα

2213 5048 2385 5120 ἀκοὴν
2415 5049 2510 5103 καὶ
2536 5043 2648 5111 οὖς,
2681 5046 2829 5100 ἐνθεν
2863 5047 2932 5102 τὰ
2963 5049 3043 5110 εἰς
3073 5041 3189 5100 ὦτα
3220 5044 3440 5100 ἀκούειν
3483 5039 3578 5108 τὴν
3611 5031 3749 5120 ἄναυς

2213 5140 2303 5193 δον
2341 5113 2442 5192 καὶ
2478 5139 2667 5211 κωφὴν
2701 5139 2831 5212 ὓλην
2867 5138 2974 5192 τῶν
3013 5136 3208 5204 ἔξωθεν
3252 5136 3443 5207 φωνῶν
3475 5123 3654 5186 αὐτῶν,
3685 5113 3746 5219 ῑξῆ

2214 5231 2336 5303 οὐχὶ
2367 5231 2474 5303 πρὸ
2507 5231 2719 5284 πάντων
2754 5229 2885 5284 πολὺ
2918 5229 3238 5302 κρειττόνως
3265 5230 3358 5284 καί
3388 5221 3633 5300 μςιξόνωῖ
3657 5219 3748 5303 Ὗς

2369 5298 2670 5394 ἀνθρώπων
2703 5298 2979 5378 ἐπιϐάλλει
3016 5323 3324 5394 λογισμοῖςς
3358 5298 3420 5374 Εἰ
3459 5315 3512 5370 δὲ
3545 5307 3630 5364 καὶ
3665 5298 3743 5401 ὅλα

2215 5413 2342 5485 ἔθνη
2371 5414 2440 5467 τὰ
2460 5414 2551 5466 ἐπὶ
2570 5413 2676 5484 γῆς
2698 5414 2946 5486 βάρϐαρά
2974 5431 3032 5468 τε
3064 5415 3160 5468 καὶ
3197 5409 3498 5484 Ἑλληνικὰ,
3526 5401 3744 5472 etiam“

2215 5504 2446 5568 ἐννοίαις
2485 5504 2797 5575 κινούμενα,
2836 5505 2903 5570 ἃς
2934 5506 3040 5560 ὗπδ
3085 5505 3220 5559 θεοῦ
3269 5505 3534 5574 είλήφαδιν
3560 5488 3739 5588 ﬂeui

2215 5595 2366 5658 τινὰς
2399 5566 2492 5648 "at
2515 5566 2794 5660 ﬁtﬁt-£55m
2811 5566 3023 5662 ἑαυτοῖς
3060 5566 3484 5651 διετυπὼσαντο·
3517 5581 3620 5642 πῶς
3643 5566 3743 5633 οὑγὶ

2217 5689 2245 5739 ὁ
2276 5687 2478 5758 ταύτην
2512 5690 2692 5752 αὐτοῖς
2720 5689 2818 5761 τὴν
2855 5690 3066 5742 σύνεσιν
3091 5688 3450 5759 δεδωρημένος
3476 5675 3593 5758 (θεὸς
3618 5663 3737 5772 ὲλξῖθ

2219 5779 2298 5843 εει
2327 5781 2451 5844 τοὺς
2478 5780 2626 5833 παοὰ
2655 5781 2752 5834 τὴν
2785 5781 2944 5840 φύσιν
2976 5785 3070 5838 καὶ
3101 5784 3247 5836 rasit
3275 5779 3366 5842 τὰς
3387 5771 3538 5831 ύοοὰς
3563 5763 3736 5818 ἒννοίας
