3976 6436
283 371 413 426 ηοι

1407 379 1602 434 COMM
1615 379 1916 453 ΕΝΤᾼΒΙΔ
1957 383 2025 437 IN
2065 383 2409 441 PSALMOS.

3384 374 3546 431 ιεοετ

285 487 542 558 πράττειν
565 505 618 540 τι
645 488 958 558 τολμῶντας
983 505 998 554 ;
1037 490 1205 544 Πόθεν
1235 491 1292 544 δὲ
1323 491 1626 563 ἀνθρώποις
1661 495 1694 565 ἡ
1730 495 1854 564 περὶ

1982 499 2076 552 [ιιεί
2103 499 2340 555 fuerint?
2376 497 2528 554 Unde
2555 498 2867 553 hominibus
2899 495 3099 566 prodiit
3141 492 3319 548 omnis
3347 501 3400 546 et
3429 507 3527 546 cu-

285 579 498 643 παντδς,
517 580 823 634 οὑτινοσοῦν
863 577 1184 652 πράγματος
1214 583 1448 652 γνῶσις;
1491 586 1651 640 πόθεν
1684 588 1740 642 αἱ
1771 587 1858 641 τέ-

1983 587 2177 642 uslibet
2213 588 2290 642 rei
2327 588 2562 641 notitia?
2597 587 2738 640 unde
2763 585 2945 640 artes?
2973 583 3115 638 unde
3171 582 3526 637 scientiarum

285 687 440 741 χναις
473 670 636 724 πόθεν
663 671 769 724 τῶν
791 673 1109 745 ἐπιστημῶν
1135 677 1192 728 αἱ
1213 676 1433 750 Θεωρία.
1459 701 1472 742 ,
1497 677 1660 733 πόθεν
1679 681 1724 732 ot
1750 681 1856 736 τῶν

287 759 627 830 μαθημάτων
669 760 851 828 Myer;
885 758 974 834 ἄρ’
1003 765 1103 818 οὐκ
1125 766 1236 819 άπὸ
1261 767 1353 820 τοῦ
1395 770 1860 842 κατασπείραντος

287 852 344 903 ὲν
371 851 556 915 αὐτοῖς
601 852 700 924 τὴν
730 853 960 924 δύναμιν
997 853 1096 927 τῆς
1125 857 1330 913 τούτων
1373 860 1752 930 καταλήψεως;
1795 861 1859 916 Τί

285 938 412 1006 οὖν;
443 944 474 994 ό
503 943 760 1016 τοιαύτην
797 945 1068 1020 ἀνθρώπῳ
1106 949 1266 1019 φύσιν
1288 953 1671 1023 χαρισάμενος,
1699 955 1862 1020 αὐτὸς

287 1034 572 1106 ὲει¹¹¹τέίε³τὶῗτι¹ιι
617 1037 714 1108 τῆς
740 1037 1010 1106 γνώσεως,
1058 1041 1134 1104 ὡς
1181 1043 1314 1114 μηδὲ
1353 1045 1638 1112 γινώσκειν
1669 1048 1859 1113 ταῦτα,

287 1118 362 1180 ὧν
393 1127 554 1190 αὐτὸς
581 1131 830 1198 τυγχάνει
851 1129 1054 1205 δοτήρς
1097 1135 1253 1188 Ἀλλά
1285 1137 1391 1208 γάρ
1422 1139 1701 1193 παύσασθε
1742 1143 1862 1194 ἀσε-

287 1217 528 1282 ϐοῦντες,
583 1213 629 1272 ὧ
681 1221 935 1291 μάταιοι·
988 1225 1176 1295 ἀληθεῖ
1226 1227 1280 1281 δὲ
1335 1229 1476 1300 λόγῳ
1533 1231 1861 1302 πειθόμενοι,

286 1306 486 1374 γνῶτε,
519 1309 600 1362 ὅτι
647 1311 677 1363 ό
717 1313 986 1391 φυτεύσας
1033 1315 1092 1367 ἐν
1129 1317 1432 1388 ἀνθρώποις
1470 1321 1527 1374 τὸ
1575 1317 1686 1386 οὖς,
1728 1323 1862 1377 πολὺ

287 1395 554 1468 πρότερος
599 1399 761 1463 αὐτὸς
805 1401 914 1454 τῶν
961 1403 1112 1474 παρὰ
1165 1405 1470 1477 ἀνθρώποις
1519 1407 1864 1480 λαλουμένων

287 1482 582 1538 ἀκούσεται
603 1502 618 1516 ·
653 1489 748 1542 καὶ
783 1489 844 1542 οὐ
882 1491 1042 1560 μόνον
1069 1493 1258 1564 ὄψεται
1300 1498 1394 1551 καὶ⁸
1423 1497 1489 1551 τά
1518 1501 1866 1570 πραττόμενα

290 1576 616 1631 ιποπτεύσει
648 1582 676 1633 ό
704 1583 764 1634 ἐν
809 1583 1118 1656 ἀνθρώποις
1151 1585 1360 1652 πλάσας
1404 1590 1701 1662 ὀφθαλμὸν,
1731 1591 1866 1645 ἀλλὰ

291 1669 388 1722 καὶ
417 1670 516 1734 τὰς
555 1671 899 1746 ἐνθυμήσεις,
929 1677 1030 1742 τὰς
1061 1677 1141 1731 ἔτι
1177 1679 1316 1732 κατά
1359 1680 1594 1735 διάνοιαν
1631 1700 1868 1755 κρυπτο-

292 1761 462 1832 μὶ-ιιας
487 1764 726 1836 συνήσει.
760 1766 906 1838 Αὕτη
936 1771 1044 1841 γὰρ
1076 1771 1210 1825 Θεοῦ
1243 1772 1469 1843 δύναμις
1511 1775 1866 1844 γινώσκοντος

1960 679 2399 751 speculationes?
2436 679 2577 732 unde
2624 677 3035 746 disciplinarum
3069 671 3390 730 sermones?
3435 687 3531 724 au~
3621 727 3628 732 _

1961 789 2069 826 non
2110 771 2180 826 ab
2226 785 2294 826 eo
2345 771 2437 840 qui
2489 770 2750 824 harumce
2797 782 2979 822 rerum
3025 762 3530 832 comprehensionis

1963 864 2274 920 facultatem
2309 863 2364 917 in
2393 862 2501 916 illis
2535 860 2768 915 inserit?
2796 859 2934 928 Quid
2966 857 3165 928 igitur?
3193 871 3320 909 num
3361 855 3408 908 is
3437 853 3528 922 qui

1962 953 2058 1008 tali
2077 953 2347 1006 hominem
2367 959 2562 1006 natura
2580 950 2820 1013 donavit,
2842 949 2956 1018 ipse
2971 945 3303 1016 cognitionis
3336 959 3533 1011 expers

1961 1046 2088 1106 erit,
2124 1045 2198 1098 ita
2227 1053 2284 1097 ut
2321 1059 2386 1098 ne
2415 1043 2533 1113 ipsa
2577 1041 2819 1112 quidem,
2855 1055 3088 1110 quorum
3137 1039 3252 1107 ipse
3305 1035 3535 1102 largitor

1964 1145 2068 1201 est,
2097 1135 2430 1205 cognoscat?
2465 1131 2662 1187 Verum
2697 1133 2860 1200 impie
2911 1127 3184 1201 cogitandi
3217 1141 3280 1180 ac
3309 1127 3539 1196 loquen-

1966 1227 2020 1282 di
2052 1227 2211 1281 linem
2242 1225 2423 1288 facite,
2453 1241 2486 1280 0
2517 1224 2642 1278 vani
2701 1223 2990 1277 homines:
3037 1235 3101 1274 ac
3131 1235 3259 1274 vero
3298 1217 3537 1272 sermoni

1965 1320 2408 1388 obtemperantes
2437 1318 2655 1380 scitote,
2687 1331 2810 1371 eum
2845 1315 2936 1384 qui
2971 1312 3231 1383 plantavit
3260 1325 3450 1364 aurem
3481 1309 3538 1363 in

1963 1409 2298 1474 hominibus,
2329 1409 2488 1477 longe
2545 1407 2698 1478 prius
2749 1421 2870 1476 quas
2916 1404 3176 1458 dicuntur
3223 1401 3536 1454 auditurum

1965 1519 2122 1570 esse;
2173 1519 2238 1557 ac
2281 1517 2405 1556 eum
2437 1501 2526 1571 qui
2563 1499 2778 1553 oculum
2818 1497 2971 1552 finxit
3017 1494 3370 1558 hominibus,
3430 1507 3544 1546 non-

1967 1595 2130 1648 modo
2157 1593 2408 1647 visurum
2447 1607 2510 1644 ac
2551 1597 2700 1660 gesta
2737 1593 3193 1656 conspecturum:
3240 1583 3334 1637 sed
3365 1591 3417 1637 et
3443 1595 3540 1635 c0-

1967 1685 2258 1756 gitationes
2302 1681 2479 1734 adhuc
2516 1670 2578 1733 in
2629 1685 2808 1732 mente
2859 1677 3088 1730 latentes
3135 1673 3539 1728 intellecturum

1969 1793 2110 1833 esse.
2155 1774 2277 1830 l‘laac
2330 1775 2474 1829 enim
2507 1774 2684 1826 virtus
2735 1778 2817 1825 cst
2857 1768 2949 1823 Dei
2979 1809 2994 1830 .
3045 1764 3425 1838 cognoscentis
3478 1777 3543 1816 ac

293 1851 390 1905 atat
429 1851 796 1924 διακρίνοντος
820 1857 946 1920 τοὺς
981 1858 1364 1932 διαλογισμοὺς
1380 1841 1498 1916 τῶν
1526 1841 1866 1936 άνθρὼταυν,

1982 1867 2332 1926 iiscernentis
2383 1865 2742 1936 cogitationes
2775 1863 3057 1918 hominum
3093 1861 3348 1931 quoniam
3387 1869 3544 1910 vana:

290 1944 374 1997 ὅτι
400 1946 508 1998 eiul.
540 1947 779 2016 μάταιοι.
828 1950 1067 2022 Ἀληθῶς
1098 1954 1206 2026 γὰρ
1239 1955 1388 2008 πᾶσα
1413 1958 1446 2026 ἡ
1477 1956 1632 2027 παρά
1656 1956 1866 2030 ἀνθρώ-

291 2053 418 2102 ποις
462 2041 787 2112 νομιζομένη
827 2043 1074 2114 ἀλήθεια,
1123 2047 1218 2101 καὶ
1255 2049 1404 2100 πᾶσα
1449 2049 1483 2121 ἡ
1523 2050 1654 2121 παρ’
1687 2051 1870 2116 αὐτοῖς

291 2131 478 2200 σοφία,
513 2132 576 2204 ἢν
607 2133 665 2199 ἐξ
699 2133 914 2189 οίκείων
941 2136 1214 2209 λογισμῶν
1260 2141 1355 2194 καὶ
1387 2140 1594 2213 θνητῶν
1637 2143 1873 2216 ἐνθυμή-

295 2238 434 2277 σεων
477 2223 891 2294 προϐάλλονται.
937 2228 1164 2298 μάταιος
1190 2229 1256 2285 ἂν
1290 2231 1398 2306 είη.
1431 2233 1546 2287 Πᾶν
1573 2235 1681 2307 γὰρ
1712 2235 1872 2306 σοφὸν

291 2315 390 2368 καὶ
429 2315 629 2388 ἀληθὲς
669 2319 799 2391 παρ’
831 2320 978 2391 αύτῷ
1015 2321 1160 2394 μόνῳ
1195 2325 1470 2395 τυγχάνει,
1495 2327 1589 2380 καὶ
1620 2329 1748 2401 παρ’
1771 2329 1874 2382 αὕη

291 2404 388 2460 τοῦ
414 2406 596 2477 μόνοις
623 2411 734 2472 τοῖς
762 2409 932 2475 ἀξίοις
955 2411 1176 2468 δίδοται.

365 2499 667 2570 Μακάριος
708 2503 1036 2573 ἄνθρωπος,
1077 2507 1151 2562 ὃν
1183 2508 1262 2563 ἂν
1293 2511 1645 2583 παιδεύσῃς,
1675 2517 1876 2586 Κύριε,

291 2592 392 2647 καὶ
419 2593 490 2647 ἐκ
519 2595 624 2648 τοῦ
655 2597 843 2665 νόμου
873 2615 990 2653 σου
1017 2597 1268 2669 διδάξῃς
1305 2605 1511 2670 αὐτόν,
1547 2607 1653 2661 τοῦ
1683 2608 1874 2675 πραῧ-

293 2699 394 2736 ναι
417 2683 582 2750 αὐτῷ
607 2685 712 2754 ἀφ’
738 2685 974 2756 ἡμερῶν
996 2691 1298 2760 πονηρῶν,
1323 2693 1434 2761 ἓως
1463 2691 1536 2751 οὗ
1562 2697 1750 2766 ὀρυγῇ
1795 2699 1876 2764 τῷ

295 2775 622 2846 ἀμαρτωλῷ
639 2779 880 2848 βόθρος.
910 2781 1158 2847 Πεισθεὶς
1185 2785 1296 2854 ἐγὼ
1325 2787 1420 2840 καὶ
1445 2789 1740 2853 πιστεύσας
1763 2793 1876 2856 τοῖς

293 2869 626 2940 εἰρημένοις,
659 2873 754 2924 καὶ
779 2873 860 2926 ὅτι
885 2875 932 2925 oi
950 2874 1288 2947 διαλογισμοὶ
1305 2877 1416 2932 τῶν
1436 2879 1738 2952 ἀνθρώπων
1769 2882 1878 2936 eici

297 2963 540 3044 μάταιοι,
572 2963 798 3028 είκότως
828 2967 1034 3018 ἐκεῖνον
1060 2967 1220 3036 μόνον
1257 2969 1524 3042 μακάριον
1549 2968 1686 3025 εῖναι
1711 2973 1878 3044 ἡγοῦ-

300 3065 422 3118 μαι,
453 3043 500 3102 ὦ
533 3051 726 3123 Κύριε,
749 3053 840 3108 τὸν
869 3055 976 3107 ἀπὸ
1003 3057 1102 3128 τῆς
1133 3057 1233 3127 σῆς
1264 3061 1456 3129 σοφίας
1492 3064 1586 3115 καὶ
1609 3043 1876 3130 παιδείας,

1969 1973 2120 2019 sunt.
2149 1962 2356 2016 Revera
2387 1957 2586 2017 omnis.
2619 1967 2673 2012 ut
2711 1957 2851 2027 apud
2884 1955 3132 2008 bonnnes
3173 1951 3540 2014 existimatur,

1969 2055 2193 2118 veritas,
2229 2053 2518 2121 omnisque
2542 2051 2760 2103 illorum
2793 2047 3078 2118 sapientia,
3111 2059 3275 2113 quam
3311 2058 3375 2097 ex
3411 2055 3543 2111 pro-

1970 2143 2106 2214 priis
2137 2139 2438 2195 ratiociniis
2481 2147 2534 2194 et
2571 2137 2896 2192 mortalibus
2951 2133 3372 2206 cogitationibus
3407 2145 3561 2201 pra:-

1974 2235 2190 2299 ferunt,
2229 2249 2370 2288 rana
2407 2239 2556 2286 certe
2596 2229 2778 2285 fuerit.
2811 2227 3001 2283 Omnis
3033 2229 3230 2296 quippe
3278 2221 3552 2292 sapientia

1972 2339 2026 2386 et
2047 2331 2250 2386 veritas
2273 2341 2439 2398 penes
2467 2326 2643 2394 ipsum
2677 2322 2852 2378 solum
2887 2319 3122 2384 exsistit,
3153 2325 3208 2374 et
3234 2316 3301 2370 ab
3329 2317 3448 2386 ipso
3479 2313 3548 2368 iis

1975 2431 2185 2478 tantum
2216 2420 2312 2492 qui
2340 2419 2490 2491 digni
2523 2425 2650 2473 sunt
2687 2414 2912 2468 inditur.

2049 2511 2214 2566 \‘Ens.
2235 2491 2343 2574 712,
2387 2511 2476 2564 i5.
2521 2507 2714 2562 Beatus
2765 2505 2918 2558 homo
2957 2519 3105 2574 quem
3153 2509 3210 2554 tu
3249 2491 3550 2558 erudierit;

1977 2603 2216 2665 Domine,
2249 2610 2299 2655 et
2320 2601 2382 2656 de
2413 2601 2518 2670 lege
2554 2609 2644 2652 tua
2677 2596 2914 2651 docueris
2953 2603 3183 2664 eum,~ut
3215 2592 3418 2660 mitiges
3443 2589 3492 2644 ei
3518 2605 3552 2643 ιι

1975 2697 2158 2752 diebus
2196 2694 2376 2758 malis,
2405 2693 2568 2748 donec
2624 2685 2886 2762 {odiatur'
2923 2685 3186 2758 peccatori
3231 2685 3398 2752 fouea.
3437 2681 3550 2752 Ego

1977 2805 2141 2861 supra
2173 2787 2335 2842 dictis
2361 2787 2744 2856 obtemperans
2776 2791 2830 2838 et
2874 2781 3126 2846 credens,
3161 2778 3418 2833 nimirum
3455 2790 3552 2829 co-

1977 2883 2268 2955 gitationes
2309 2881 2589 2934 hominum
2631 2891 2802 2931 vanas
2851 2889 2977 2930 esse
3027 2872 3181 2927 illum
3213 2871 3390 2926 solum
3422 2868 3552 2922 hea-

1978 2986 2091 3031 tum
2113 2975 2237 3044 jure
2271 2972 2527 3034 arbitror,
2563 2969 2820 3031 Domine,
2870 2965 2962 3035 qui
2989 2979 3054 3020 ex
3087 2973 3178 3017 tua
3209 2961 3472 3032 sapientia
3499 2971 3552 3016 et

1978 3066 2288 3122 eruditione
2316 3065 2457 3120 velut
2491 3079 2556 3117 ex
2594 3061 2740 3115 fonte
2775 3059 2978 3113 hausit.
3041 3054 3327 3122 Quomodo
3369 3061 3550 3106 autem

293 3139 490 3240 ῶσπερ
517 3143 626 3196 ἀπὸ
646 3144 844 3240 *πηγῇς
877 3147 1379 3218 μεταλαμϐάνοντα.
1412 3153 1536 3218 Πῶς
1557 3155 1616 3207 δὲ
1650 3155 1875 3226 μεταλά-

1982 3159 2105 3231 quis
2137 3157 2462 3213 eruditionis
2513 3166 2618 3210 tute
2643 3156 2914 3226 particeps
2953 3150 3148 3214 fuerit,
3198 3149 3306 3204 nisi
3357 3146 3558 3201 divinat

295 3231 384 3284 ϐοι
409 3231 474 3284 ἄν
501 3249 586 3297 τις
611 3235 712 3306 τῆς
739 3235 837 3305 σῆς
868 3237 1113 3302 παιδείας
1143 3238 1176 3311 ἦ
1217 3239 1296 3312 τῷ
1327 3241 1475 3314 νόμῳ
1499 3261 1592 3297 σου
1629 3243 1707 3316 τῷ
1746 3246 1874 3318 θείῳ

301 3321 690 3390 μαθητευθείςς
728 3323 826 3378 Διὰ
853 3324 1010 3378 τοῦτο
1035 3327 1143 3398 γὰρ
1173 3329 1264 3382 καὶ
1302 3331 1610 3403 ἐγγράφους
1635 3335 1878 3408 παρέδω-

299 3429 405 3476 κας
434 3413 715 3480 εὐσεϐείας
746 3416 963 3488 νόμους,
993 3421 1072 3484 εἰς
1098 3420 1158 3474 τὸ
1188 3423 1624 3493 μεταλαμϐάνειν
1646 3425 1747 3496 τῆς
1780 3427 1878 3499 σῆς

299 3505 636 3571 παιδεύσεως
675 3509 802 3573 τοὺς
856 3501 1325 3588 μαθητευομένους
1364 3516 1566 3580 αὐτοῖς.
1626 3519 1879 3574 Διδασκό·

303 3595 447 3668 μεθα
471 3598 526 3652 δὲ
548 3599 636 3654 διὰ
662 3601 885 3668 τούτων,
919 3605 998 3658 ὅτι
1021 3606 1088 3660 τά
1114 3605 1478 3678 συμϐαίνοντα
1507 3613 1620 3674 τοῖς
1651 3611 1882 3677 δικαίοις

301 3687 522 3764 λυπηρὰ
550 3694 638 3746 ἐπ’
683 3695 918 3769 ὠφελείᾳ
969 3698 1144 3752 αὐτῶν
1187 3700 1412 3769 γίνεται,
1457 3704 1880 3776 γυμναζομένων

305 3787 400 3838 καὶ
429 3789 835 3859 πειραζομένων
857 3789 1010 3863 δίκην
1033 3793 1278 3865 ἀθλητῶν
1305 3795 1441 3849 Θεοῦ
1473 3797 1560 3851 διά
1581 3799 1757 3853 πόνων
1787 3801 1881 3854 καὶ

307 3878 396 3931 sm
427 3877 649 3949 πληγῶν
679 3882 736 3934 ὲν
772 3884 1017 3955 ὑπομονῇ
1061 3885 1519 3962 δοκιμαζομένων.
1558 3889 1650 3942 Διὸ
1681 3891 1740 3943 ού
1776 3891 1880 3964 χρὴ

304 3969 614 4038 λυπεῖσθαι,
645 3974 765 4028 οὐδὲ
785 3975 1071 4047 ἀδημονεῖν
1098 3978 1189 4031 ἐπὶ
1219 3983 1332 4043 τοῖς
1353 3983 1716 4052 κακουμένοις
1741 3989 1882 4038 κατά

301 4067 400 4116 τὸν
432 4065 678 4135 παρόντα
717 4065 852 4137 βίον,
885 4069 1208 4140 μακαρίζειν
1241 4071 1297 4124 δὲ
1330 4072 1527 4142 μᾶλλον
1557 4075 1772 4140 αὐτοὺς,
1809 4077 1882 4141 ὡς

305 4153 415 4210 ὑπὸ
445 4155 537 4209 τοῦ
561 4156 692 4211 Θεοῦ
718 4159 1134 4231 παιδευομένους
1153 4178 1168 4191 ·
1201 4161 1504 4231 Μακάριος
1531 4164 1641 4236 γὰρ
1664 4165 1884 4235 ἀνθρω-

304 4265 444 4316 πος,
479 4249 553 4304 ὃν
591 4251 667 4305 ἂν
697 4252 1048 4322 παιδεύσῃς,
1069 4255 1244 4322 Κύριε
1255 4272 1275 4319 ;
1306 4247 1406 4309 καὶ
1447 4258 1514 4310 ἐκ
1547 4257 1653 4312 τοῦ
1695 4259 1883 4328 νόμου

304 4356 424 4397 σου
469 4341 721 4411 διδάξῃς
755 4345 959 4399 αὐτόν.
997 4346 1056 4398 '0
1086 4347 1193 4417 γὰρ
1225 4348 1610 4420 παιδευόμενος
1642 4351 1746 4404 ὑπὸ
1787 4350 1882 4404 σοῦ

307 4435 404 4488 καὶ
430 4433 834 4507 διδασκόμενος,
873 4439 1170 4508 πραΰνεται
1208 4440 1265 4492 ἐν
1296 4445 1414 4504 ταῖς
1446 4447 1708 4514 πονηραῖς
1743 4446 1882 4516 ὴμέ-

1980 3252 2115 3322 legis
2143 3259 2249 3305 tua:
2290 3249 2580 3320 disciplina
2615 3244 2937 3300 institutus?
2986 3241 3121 3296 Nam
3173 3239 3296 3296 ideo
3337 3237 3558 3308 pietatis

1981 3345 2128 3416 leges
2177 3344 2381 3413 scripto
2431 3339 2744 3403 tradidisti,
2805 3347 2864 3392 ut
2933 3337 3025 3408 qui
3091 3336 3202 3390 illis
3257 3333 3560 3388 instituun-

1983 3447 2094 3502 tur,
2126 3435 2450 3492 eruditionis
2492 3445 2596 3490 tua:
2633 3433 2930 3503 participes
2959 3432 3090 3486 sint.
3125 3427 3224 3483 His
3273 3441 3404 3482 vero
3449 3425 3554 3481 do-

1983 3544 2172 3584 cemur
2195 3527 2374 3582 tristia
2427 3527 2542 3589 illa,
2575 3541 2697 3596 quae
2733 3523 2900 3594 justis
2949 3521 3228 3584 accidunt,
3254 3520 3321 3574 ad
3367 3535 3554 3574 eorum

1985 3619 2273 3675 utilitatem
2302 3633 2426 3674 esse
2455 3636 2472 3684 ;
2507 3617 2684 3672 instar
2709 3617 2852 3670 enim
2885 3615 3220 3669 athletarum
3253 3611 3372 3674 Dei,
3401 3610 3566 3664 labo-

1984 3713 2140 3769 ribus
2192 3711 2566 3766 exercitantur
2595 3724 2660 3764 ac
2707 3714 3014 3770 tentantur,
3049 3703 3334 3775 plagisque
3367 3702 3422 3756 in
3458 3715 3558 3770 pa-

1985 3806 2176 3860 tientia
2203 3805 2524 3874 probantur.
2561 3801 2905 3872 Quapmpter
2936 3797 3314 3868 ingruentibus
3346 3795 3401 3848 in
3427 3805 3566 3864 prie-

1987 3897 2126 3953 senti
2159 3898 2268 3950 vita
2299 3895 2728 3956 calamitatibus,
2765 3907 2876 3946 non
2906 3889 3200 3944 dolendum
3229 3901 3332 3940 nec
3361 3885 3561 3954 despe-

1987 3991 2220 4046 randum
2249 3998 2366 4056 cst;
2405 3990 2514 4042 imo
2537 3989 2721 4059 potius
2755 3986 2878 4040 illos
2907 3985 3098 4039 beatos
3124 3979 3398 4036 aestimare
3427 3993 3562 4032 con-

1987 4083 2158 4146 venit,
2205 4081 2350 4152 quod
2375 4097 2404 4134 a
2445 4079 2556 4134 Deo
2595 4079 2922 4133 erudiuntur
2955 4093 2970 4130 :
3002 4089 3132 4129 nam
3181 4073 3362 4126 beatus
3405 4070 3573 4126 (ionio-

1988 4191 2144 4244 quem
2187 4183 2244 4226 tu
2281 4172 2538 4227 erudieris
2589 4171 2832 4236 Domine,
2863 4177 2912 4223 et
2959 4166 3024 4220 de
3063 4167 3172 4228 leae
3201 4175 3291 4217 tua
3320 4161 3562 4216 docueris

1988 4281 2128 4320 eum.
2165 4263 2376 4319 Etenim
2409 4265 2502 4334 qui
2553 4263 2652 4318 abs
2716 4271 2769 4317 te
2817 4260 3067 4315 eruditur
3111 4267 3164 4313 et
3217 4257 3468 4320 docetur,
3505 4257 3561 4310 iu

1990 4356 2185 4411 diebus
2213 4355 2373 4408 malis
2403 4353 2704 4423 mitigatur.
2736 4350 2794 4406 ln
2820 4351 2956 4422 ipsis
3008 4349 3210 4420 quippe
3255 4347 3564 4401 alliictioni-

1993 4445 2097 4500 bus
2125 4452 2178 4499 et
2205 4444 2602 4499 teutationibus
2635 4457 2665 4496 a
2693 4443 2812 4513 lege
2863 4453 2954 4496 tua
2999 4439 3433 4494 consolationem
3469 4453 3568 4490 na~

307 4544 452 4598 ραις.
496 4528 583 4582 Ἐν
609 4529 799 4593 αὐταῖς
837 4531 966 4599 γοῦν
991 4534 1112 4596 ταῖς
1157 4535 1549 4600 κακοπαθείαις
1581 4539 1674 4590 καὶ
1705 4541 1762 4591 ἐν
1792 4539 1875 4591 αύ-

1993 4545 2136 4598 ctus,
2168 4535 2293 4590 hinc
2319 4534 2586 4590 medelam
2619 4536 2836 4605 accipit,
2867 4535 2934 4587 ad
2986 4533 3296 4604 patientiam
3343 4540 3396 4582 et
3437 4529 3568 4582 tole-

305 4622 422 4682 τοῖς
453 4623 565 4685 τοῖς
611 4626 940 4694 πειρασμοῖς
969 4624 1068 4687 τὰς
1111 4625 1219 4677 ἀπὸ
1244 4625 1338 4678 τοῦ
1374 4628 1540 4698 νόμου
1583 4645 1674 4682 σου
1707 4647 1885 4702 παρα-

311 4712 512 4782 μυθίας
561 4713 848 4784 λαμϐάνων
893 4715 1273 4786 θεραπεύεται,
1318 4719 1606 4788 ὑπομένειν
1645 4721 1886 4777 διδασκό-

307 4821 474 4875 μενος
498 4807 591 4858 καὶ
612 4807 1002 4880 μακροθυμεῖν,
1025 4808 1136 4876 ἕως
1163 4805 1234 4865 οὗ
1259 4810 1446 4880 ὀρυγῇ
1467 4811 1545 4877 τῷ
1562 4813 1885 4882 ἁμαρτωλῷ

297 4895 558 4964 βόθρος·
594 4896 752 4950 τοῦτο
783 4898 890 4970 γάρ
915 4899 1076 4953 αὑτὸν
1107 4900 1388 4973 περιμένει
1417 4901 1477 4954 τὸ
1505 4901 1674 4966 τέλος,
1717 4905 1886 4957 καθά-

305 5003 419 5060 περ
445 4991 474 5042 ὁ
495 4989 588 5053 σὸς
611 4990 773 5060 νόμος
796 4991 1052 5046 διδάσκει.
1081 4993 1172 5045 Διὸ
1191 4993 1359 5046 ταῦτα
1387 4993 1669 5064 μανθάνων
1697 4996 1754 5048 ἐν
1775 4999 1888 5059 τοῖς

305 5080 422 5133 τῶν
453 5081 770 5152 πειρασμῶν
805 5087 1012 5154 καιροῖς
1038 5083 1066 5136 ὁ
1092 5084 1317 5148 δίκαιος,
1354 5085 1654 5156 πραΰνεται
1683 5087 1777 5139 καὶ
1799 5086 1886 5140 θε-

309 5173 632 5246 ραπεύεται,
677 5175 773 5236 τὰς
824 5176 1075 5239 ἐκϐάσεις
1116 5177 1224 5229 τῶν
1267 5177 1606 5247 πραγμάτων
1645 5178 1881 5242 σκοπῶν,

1993 4629 2224 4682 rautiant
2256 4627 2562 4692 institutus,
2597 4627 2760 4681 donec
2801 4627 3037 4696 fodiatur
3081 4625 3345 4694 peccaturi
3385 4623 3526 4678 fovea
3546 4638 3574 4683 :-

1994 4720 2084 4774 hic
2117 4721 2260 4775 enim
2285 4720 2436 4773 illum
2468 4719 2592 4774 linis
2617 4726 2920 4789 exspectat,
2965 4727 3022 4771 ut
3047 4721 3132 4772 lex
3172 4727 3266 4771 tua
3299 4717 3553 4771 declarat.

1990 4813 2362 4879 Quamobrem
2399 4813 2585 4882 justus
2635 4811 2750 4866 lucc
2813 4815 2868 4866 in
2934 4811 3255 4865 tentatiouis
3320 4818 3560 4877 tempore

1993 4906 2242 4968 edoctus,
2296 4905 2580 4976 mitigatur
2642 4921 2708 4960 ac
2764 4905 3030 4960 medelam
3107 4903 3327 4974 accipit,
3381 4915 3558 4955 rerum

1992 5005 2244 5060 eventus,
2277 5005 2443 5066 atque
2499 4996 2754 5050 vexantis
2804 5011 2866 5052 se
2914 4994 3222 5066 peccatoris
3251 4989 3568 5050 loream,ir.

1992 5103 2156 5157 quam
2207 5088 2386 5154 cadet,
2441 5089 2823 5151 considerans.
2852 5089 3160 5159 bonamque
3201 5099 3358 5141 suam
3422 5081 3566 5150 apud

1994 5180 2159 5236 Deum
2190 5196 2340 5250 spem
2375 5196 2486 5250 pra:
2510 5181 2684 5236 oculis
2725 5180 2952 5235 habens.

307 5269 409 5323 καὶ
448 5268 541 5322 τοῦ
591 5269 690 5339 μὲν
739 5270 1170 5334 καταπονοῦντος
1206 5270 1367 5324 αὑτὸν
1421 5269 1744 5341 ἁμαρτωλοῦ
1787 5271 1879 5325 τὸν
1911 5271 2100 5344 βόθρον
2123 5274 2202 5336 εἰς
2225 5273 2652 5344 ὂνὲμπεσεῖται,
2677 5273 2870 5327 ἑαυτοῦ
2891 5271 2948 5327 δὲ
2971 5271 3067 5332 τάς
3123 5264 3276 5336 παρὰ
3328 5263 3407 5333 τῷ
3447 5264 3570 5333 Θεῷ

305 5361 522 5434 ἀγαθάς
553 5361 773 5426 ἐλπίδας
801 5362 903 5432 πρὸ
929 5361 1216 5433 ὀφθαλμῶν
1240 5362 1540 5432 τιθέμενος.

389 5459 517 5510 Ὀτι
551 5457 662 5510 οὐκ
693 5453 994 5508 ἀπώσεται
1025 5458 1234 5522 Κύριος
1259 5454 1362 5508 τὸν
1389 5453 1542 5508 λαὸν
1567 5452 1772 5514 αὐτοῦ,
1794 5453 1892 5508 καί

309 5549 432 5618 τὴν
485 5549 894 5620 κληρονομίαν
924 5546 1110 5602 αὑτοῦ
1141 5550 1248 5602 οὐκ
1299 5549 1742 5618 ἐγκαταλείψει,
1777 5546 1887 5612 ἓως

306 5639 388 5698 οὗ
419 5641 770 5710 δικαιοσύνη
799 5639 1129 5708 ἐπιστρέψῃ
1164 5643 1250 5706 εἰς
1284 5641 1504 5709 κρίσιν,
1548 5639 1648 5694 καὶ
1685 5639 1889 5708 ἐχόμε-

279 5725 286 5740 ’
313 5753 412 5790 rm
435 5733 625 5803 αὐτῆς
645 5735 866 5800 πάντες
891 5736 945 5787 οἱ
965 5732 1159 5798 εὐθεῖς
1189 5732 1260 5801 τῇ
1289 5733 1522 5802 καρδίῃ.
1553 5733 1885 5802 Διὰιόεαιμα.

331 5825 665 5892 Ἀκολούθῳς
699 5827 833 5880 ιιετὶι
871 5825 930 5879 τὸ
962 5823 1256 5890 δωάοάσιαι
1289 5825 1377 5889 τ’,ν
1421 5825 1777 5878 ἀποκείμενον
1813 5823 1889 5879 τῶ

2071 5452 2239 5508 Vens.
2269 5451 2356 5515 M,
2391 5451 2476 5505 15.
2521 5451 2664 5516 Quia
2699 5467 2802 5504 non
2839 5447 3045 5516 repellet
3081 5443 3340 5497 Dominus
3367 5443 3567 5512 plebem

1991 5562 2165 5606 suam.
2204 5555 2254 5600 et
2285 5543 2644 5598 lta’reditalem
2679 5559 2833 5596 suam
2865 5557 2966 5592 non
2989 5537 3332 5606 derelinquat,
3357 5539 3566 5607 quoad-

1995 5635 2386 5703 usquejttstitia
2415 5641 2754 5686 convertatur
2781 5633 2834 5683 in
2861 5629 3152 5698 judicium,
3193 5641 3242 5681 et
3277 5631 3366 5700 qui
3387 5627 3540 5683 adlur

1997 5739 2107 5782 rent
2141 5729 2240 5798 ipsi
2281 5743 2458 5781 omnes
2499 5727 2627 5778 recti
2672 5722 2847 5775 corde.
2881 5719 3220 5787 Diapsal-ma.
3264 5719 3562 5792 Postquam

1998 5832 2241 5885 paratam
2297 5815 2569 5887 peccaturi
2634 5811 2840 5866 luteam
2883 5809 3272 5880 descripserat,
3322 5809 3564 5864 lanistam

2621 6021 2780 6119 ,1⁷
