3976 6436
249 387 392 446 ηοδ

1412 401 1913 460 COMMENTARIA
1951 403 2018 457 1N
2057 403 2390 464 PSALMOS.

3369 419 3506 476 19.06

249 505 528 575 ἔμολογῶν
552 507 780 580 τάληθῆ,
811 510 1011 582 μηδένα
1041 511 1230 584 βοηθὸν
1257 516 1312 567 ὲν
1337 516 1642 589 ἀνθρώποις
1666 519 1812 590 stipi;-

1937 536 2212 590 unumque
2239 529 2451 575 tantum
2483 524 2883 590 auxiliatorem,
2935 526 3224 584 Dominum
3273 532 3503 598 scilicet,

249 610 364 648 σειν
389 596 634 666 ἐμαυτῷ,
674 598 768 650 ἕνα
792 597 847 651 δὲ
875 599 1034 669 μόνον
1073 604 1360 673 ἐπίκουρον
1398 607 1716 675 κεκτῆσθαι,
1741 607 1831 660 τὸν

247 688 478 758 Κύριον.
507 689 566 752 ὃς
603 692 652 742 εἰ
680 689 754 760 μὴ
804 690 1124 763 βεδοηϐήκει
1153 713 1261 765 μοι,
1291 697 1458 751 πάλαι
1497 697 1562 752 ἂν
1588 699 1692 751 ὑπὸ
1725 699 1832 752 τῶν

247 781 700 852 πονηρευομένων
725 784 818 836 καὶ
841 783 949 836 τῶν
975 785 1356 858 ἐργαζομένων
1373 791 1472 859 τὴν
1497 791 1726 862 ἀνομίαν
1749 809 1833 844 νε-

239 873 543 943 οικημὲνος
588 875 664 946 τῷ
691 875 790 949 ᾅδῃ
830 879 1140 952 παρῲκουν,
1177 883 1349 953 αὐτῆς
1389 898 1491 953 μου
1523 885 1624 955 τῆς
1657 884 1832 956 ψυχῆς

151 947 154 950 ’
247 951 346 1016 καὶ
367 964 468 1034 τῆς
493 964 735 1037 λογικῆς,
764 972 858 1023 καὶ
897 972 998 1041 τῆς
1024 974 1142 1025 κατ’
1170 974 1352 1027 είκόνα
1377 973 1512 1028 Θεοῦ
1538 977 1831 1047 γενομένης

245 1054 458 1119 οὐσίας,
479 1057 568 1112 τὸν
596 1059 822 1114 θάνατον
845 1061 940 1115 καὶ
965 1063 1053 1116 τὸν
1070 1063 1202 1134 ᾅδην
1225 1066 1538 1136 οἰκητήριον
1561 1066 1832 1138 λαχούσης

247 1145 414 1215 ἔχειν.
443 1149 628 1204 Ταῦτα
652 1151 696 1205 δ’
721 1149 812 1206 οὖν
852 1153 1052 1209 ἔπαθον
1077 1156 1165 1220 ἂν,
1210 1160 1257 1210 εί
1289 1158 1361 1229 μὴ
1389 1158 1550 1222 αὐτὸς
1573 1161 1602 1213 ὁ
1629 1159 1830 1232 Κύριος

245 1241 538 1311 παραστάς
559 1241 881 1316 βεδοηθήκει
903 1263 1012 1318 μοι.
1043 1248 1112 1300 Εἴ
1128 1266 1258 1302 ποτε
1280 1251 1410 1318 γοῦν
1435 1251 1830 1324 πειραζόμενος

244 1331 304 1384 ὲν
325 1335 442 1396 τοῖς
489 1334 694 1403 ἀγῶσιν
731 1337 1102 1410 ἁντελαδόμην
1141 1339 1425 1406 ἀσθενείας
1469 1344 1726 1414 ἐμαυτοῦ,
1754 1346 1829 1410 ὠς

245 1421 577 1478 κινδυνεύειν
623 1427 948 1499 σαλευθῆναι
985 1433 1109 1496 τοὺς
1135 1433 1298 1498 πόδας
1333 1437 1432 1505 τῆς
1471 1437 1608 1508 ἐμῆς
1631 1437 1824 1512 ψυχῆς,

243 1516 492 1585 όμολογῶ
517 1522 858 1594 παραχρῆμα
882 1525 976 1577 τοῦ
1002 1525 1184 1590 ἐλέους
1211 1545 1324 1590 σου,
1351 1529 1542 1602 Κύριε,
1579 1533 1828 1604 αἴσθησιν

243 1608 546 1679 εἰληφέναι,
588 1613 680 1664 καὶ
707 1614 812 1666 ὑπὸ
838 1615 931 1670 σού
967 1615 1324 1690 βεϐοηῡῆσθαι
1345 1637 1358 1650 ·
1398 1622 1474 1686 ὡς
1498 1625 1545 1676 εί
1575 1623 1647 1696 μὴ
1670 1625 1828 1682 τοῦτό

243 1716 334 1770 μοι
371 1701 554 1772 παρῆν
601 1703 962 1778 ύποστηρίζον
1011 1726 1112 1780 μου
1153 1711 1276 1775 τοὺς
1317 1711 1500 1778 πόδας,
1551 1716 1717 1770 πάλαι
1761 1717 1826 1770 ἂν

239 1788 537 1861 ὀλισθήσεις
583 1793 922 1850 ἐπεπτώκειν
959 1799 1066 1852 ἀπὸ
1117 1801 1215 1872 τῆς
1251 1803 1400 1874 παρὰ
1443 1805 1524 1858 σοὶ
1562 1807 1820 1871 στάσεως.

239 1880 358 1934 Νῦν
386 1879 443 1936 δὲ
467 1883 527 1937 τὸ
555 1885 700 1952 ἔλεός
722 1907 836 1954 σου,
863 1891 1054 1964 Κύριε,
1080 1893 1260 1947 δίδωσί
1282 1913 1369 1966 μοι
1395 1900 1704 1969 παρρησίαν
1728 1899 1822 1954 τοῦ

237 1969 450 2038 λέγειν·
495 1975 806 2045 Ἕστησιις
855 1981 954 2032 ἐπὶ
1003 1983 1228 2050 πέτραν
1271 1985 1409 2051 τοὺς
1457 1987 1646 2056 πέδας
1680 2008 1819 2060 μου,

238 2063 342 2116 καὶ
381 2069 758 2137 κατηύθυνας
781 2072 853 2126 τὰ
889 2073 1218 2144 διαδήματα
1237 2095 1374 2146 μου.

309 2179 475 2232 Κατὰ
503 2179 568 2232 τὸ
600 2182 834 2252 πλῆθος
864 2183 981 2239 τῶν
1005 2185 1238 2240 ὀδυνῶν
1258 2206 1376 2257 μου
1399 2189 1467 2242 ἐν
1502 2187 1578 2261 τῇ
1605 2193 1816 2263 καρδίᾳ

227 2289 356 2340 μου
398 2275 457 2327 al
505 2275 917 2343 παρακλήσεις
949 2295 1065 2332 σου
1109 2281 1424 2349 ηὔφραναν
1466 2283 1581 2352 τὴν
1611 2286 1822 2355 ψυχήν

229 2382 376 2432 μου.
413 2366 488 2417 Ού
530 2366 688 2437 μόνον
713 2371 824 2432 τοῖς
873 2369 997 2423 ποσί
1028 2389 1126 2442 μου
1159 2373 1220 2426 τὸ
1267 2373 1414 2438 ἔλεός
1455 2393 1545 2429 σου
1593 2377 1819 2449 δύναμιν

237 2461 470 2526 παρεῖχε
498 2458 632 2529 πρὸς
670 2464 729 2514 τὸ
761 2461 834 2533 μὴ
873 2463 1216 2535 σαλευθῆναι,
1252 2466 1372 2519 οὐδὲ
1414 2468 1628 2541 μόνονή
1671 2471 1817 2543 παρᾶ

235 2548 334 2602 σοῦ
363 2551 583 2622 βοήθεια
624 2554 721 2624 τὴν
748 2554 884 2626 ὲμὴν
922 2558 1247 2628 κατεκράτει
1281 2557 1457 2631 ψυχὴν
1501 2563 1633 2634 πρὸς
1658 2563 1716 2616 τὸ
1744 2565 1816 2637 μὴ

235 2641 576 2712 παροικῆσαι
609 2643 684 2715 τῷ
711 2645 810 2717 ᾄδῃ
832 2661 846 2676 ο
874 2645 1010 2700 ἀλλὰ
1034 2649 1125 2702 καὶ
1168 2649 1234 2714 ἃς
1275 2650 1468 2723 ἔφερον
1495 2655 1551 2706 ὲν
1578 2657 1642 2724 τῇ
1684 2672 1817 2726 καρ-

231 2731 324 2804 δίᾳ
353 2751 454 2804 μου
471 2734 681 2800 ὀδύνας,
704 2737 760 2788 αἱ
785 2737 934 2808 παρὰ
957 2737 1050 2791 σοῦ
1069 2741 1438 2812 παρακλήσεις
1464 2742 1812 2815 ἐθεράπευον,

232 2824 534 2897 ἀπορρήτῳ
565 2825 788 2896 δυνάμει
815 2829 912 2900 τῆς
948 2827 1048 2900 σῆς
1073 2833 1440 2904 χρηστότητος
1477 2837 1817 2906 παρακαλού-

233 2933 338 2986 σης
364 2935 466 2987 μου
489 2919 586 2990 τὴν
611 2919 788 2993 ψυχὴν
813 2921 904 2973 καὶ
929 2921 1266 2995 εὐφροσύνης
1289 2925 1454 2997 αὐτὴν
1483 2926 1584 2998 πλη
1595 2928 1685 2998 ρού
1697 2945 1809 2999 σης.

146 3001 162 3018 ⁸
231 3007 370 3061 οὐδὲ
396 3008 504 3080 γὰρ
534 3011 630 3080 μία
655 3029 736 3074 τις
761 3007 828 3082 ἦν
853 3013 1217 3085 παράκλησις,
1244 3015 1363 3070 οὐδὲ
1405 3017 1650 3089 δευτέρα,
1679 3019 1812 3076 ἀλλὰ

231 3097 456 3160 πλείους
483 3101 576 3150 καὶ
595 3099 876 3164 τοσαῦται,
903 3102 1024 3155 ὅσαι
1047 3099 1114 3175 ῆν
1139 3103 1369 3177 ἀριθμὸς
1383 3107 1490 3160 τῶν
1511 3109 1566 3162 ὲν
1589 3111 1653 3180 τῇ
1680 3127 1812 3181 καρ-

1937 618 2222 664 nacturum
2253 627 2377 667 esse
2405 631 2420 666 :
2452 615 2544 683 qui
2575 616 2682 670 nisi
2709 617 2842 672 mihi
2865 618 3165 687 Opitnlatus
3197 630 3364 687 esset,
3390 625 3506 694 jam

1933 698 2142 768 pridem
2179 715 2210 754 a
2241 703 2665 772 malignantibus
2687 714 2741 759 et
2769 708 3128 775 operantibus
3161 711 3504 782 iniquitatem

1937 789 2212 856 devictus,
2240 794 2292 846 in
2339 793 2558 848 inferno
2583 795 2936 862 liabilassem,
2989 801 3278 873 animaque
3303 821 3420 860 mea
3452 816 3507 861 et

1935 881 2024 934 illa
2055 883 2394 940 rationabilis
2414 887 2480 940 ad
2505 887 2794 958 imaginem
2821 891 2914 946 Dei
2937 892 3214 948 eliormata
3243 898 3504 952 substan-

1931 973 2027 1034 tia,
2079 985 2310 1028 mortem
2366 986 2422 1031 et
2486 977 2758 1034 infernum
2816 983 2872 1036 in
2920 984 3255 1041 domicilium
3311 992 3502 1044 sortita

1929 1071 2096 1118 esset.
2131 1063 2430 1122 llzec-sane
2487 1084 2682 1138 passus
2725 1089 2924 1139 essem,
2985 1078 3090 1132 nisi
3150 1088 3336 1135 astans
3388 1084 3506 1152 ipso

1931 1153 2194 1212 Dominus
2239 1159 2536 1217 auxiliatus
2587 1164 2714 1217 mihi
2776 1174 2937 1222 esset.
3009 1167 3310 1239 Siquando
3339 1175 3504 1242 igitur

1932 1247 1985 1301 in
2013 1251 2406 1307 certaminibus
2435 1262 2706 1320 tentatus,
2784 1256 3100 1316 Inﬁt-mutate
3149 1277 3266 1318 mea
3321 1280 3504 1320 corre-

1929 1347 2056 1407 ptus
2087 1340 2304 1408 fuerim,
2339 1343 2411 1396 ita
2437 1353 2496 1398 ut
2521 1347 2820 1416 periculum
2851 1358 2996 1405 esset
3027 1369 3094 1407 ne
3113 1356 3274 1424 pedes
3310 1358 3504 1412 animus

1929 1443 2064 1482 meae
2091 1442 2604 1502 commoverentur;
2633 1435 2810 1492 fateor
2841 1455 2928 1494 me
2955 1441 3159 1505 statim,
3187 1458 3219 1497 ο
3253 1443 3499 1509 Domine,

1927 1520 2364 1578 misericordiam
2413 1527 2654 1582 sensisse
2687 1537 2859 1594 tuam,
2904 1547 2970 1586 ac
3011 1547 3117 1602 ope
3171 1543 3261 1588 tua
3305 1536 3498 1590 fultum

1925 1624 2076 1665 esse.
2104 1611 2238 1677 Quae
2267 1615 2314 1668 si
2337 1615 2468 1669 mihi
2503 1633 2610 1672 non
2671 1620 2998 1689 adfuissent,
3029 1641 3128 1679 nec
3157 1627 3319 1694 pedes
3351 1643 3501 1684 meos

1929 1713 2358 1772 sustentassent;
2392 1706 2500 1776 jam
2535 1709 2664 1763 olim
2687 1711 2870 1782 lapsus
2899 1729 2929 1766 a
2974 1731 3091 1769 mea
3145 1717 3286 1786 apud
3331 1724 3500 1774 testa-

1933 1797 2084 1849 tione
2117 1795 2460 1854 dccidissem.
2531 1800 2686 1857 Nunc
2745 1813 2920 1860 autem
2967 1808 3338 1864 misericordia
3381 1819 3494 1877 tua,

1854 1865 1897 1920 Β
1927 1883 2173 1952 Domine,
2211 1889 2458 1944 ﬁduciam
2489 1893 2620 1947 mihi
2643 1904 2864 1962 praestat
2891 1897 2958 1951 ad
2991 1899 3104 1953 haec
3127 1901 3447 1970 proferenda

1925 1975 2176 2031 Statuisti
2202 1995 2362 2048 supra
2391 1991 2592 2049 petram
2627 1985 2778 2050 pedes
2805 2003 2966 2053 mec-s,
2997 2001 3046 2044 et
3091 1991 3334 2047 direxisti
3361 2011 3498 2066 gres-

1921 2083 2010 2122 sus
2039 2085 2176 2123 meos
2201 2071 2264 2125 ⁸⁵³.
3269 2095 3272 2098 ’

1993 2179 2162 2237 Vsus.
2200 2181 2284 2236 l9.
2319 2181 2617 2240 Secundum
2651 2189 3044 2245 multitudinem
3081 2191 3324 2248 dolorum
3356 2213 3499 2252 meo—

1921 2289 2038 2326 rum
2065 2274 2118 2326 in
2143 2277 2300 2330 corde
2348 2293 2482 2342 meo,
2527 2282 2908 2337 consolationes
2945 2294 3050 2339 tua:
3093 2285 3495 2356 lteti/icaverunt

1922 2367 2157 2420 animant
2203 2385 2392 2422 meam.
2423 2367 2542 2423 Non
2586 2373 2762 2426 solum
2797 2375 3027 2443 pedibus
3081 2379 3218 2434 meis
3279 2381 3496 2436 miseri-

1920 2459 2106 2512 cordia
2137 2466 2228 2512 tua
2261 2461 2406 2516 vires
2443 2461 2672 2527 addidit,
2704 2473 2762 2518 ut
2807 2481 2916 2521 non
2965 2481 3441 2527 commoverentur
3478 2513 3490 2527 .

1918 2568 2092 2622 neque
2127 2555 2502 2608 tantummodo
2548 2557 2807 2611 auxilium
2840 2569 2991 2614 tuum
3040 2563 3276 2618 animam
3317 2581 3494 2621 meam

1916 2646 2223 2712 occupavit,
2265 2653 2325 2699 ut
2369 2663 2476 2700 non
2513 2647 2781 2704 habitaret
2822 2653 2878 2706 in
2920 2651 3170 2722 inferno;
3205 2657 3298 2711 sed
3317 2658 3492 2716 etiam

1917 2735 2155 2800 dolores,
2179 2753 2317 2805 quos
2345 2737 2398 2791 in
2434 2740 2597 2794 corde
2638 2757 2758 2796 meo
2795 2745 2914 2807 tuli,
2963 2749 3364 2804 consolationes
3388 2759 3493 2804 tua:

1916 2827 2238 2894 allevarunt,
2262 2843 2460 2882 arcana
2495 2831 2793 2887 clementia:
2829 2843 2932 2890 tua:
2957 2838 3004 2890 vi
3041 2839 3274 2891 animam
3312 2855 3491 2894 meam

1914 2921 2252 2984 consolante,
2299 2921 2584 2991 ipsamque
2628 2925 2826 2994 gaudio
2885 2928 3142 2997 replente.
3183 2928 3486 2986 Nonenim

1913 3025 2020 3064 una
2061 3013 2384 3078 consolatio,
2422 3027 2526 3070 non
2556 3013 2726 3068 altera
2762 3023 2969 3071 tantum
3005 3018 3209 3082 adfuit,
3243 3019 3338 3074 sed
3369 3020 3490 3089 plu-

1913 3117 2025 3170 res,
2049 3119 2110 3156 ac
2131 3111 2208 3156 tot
2234 3119 2484 3167 numero,
2504 3113 2636 3174 quot
2661 3106 2714 3160 in
2732 3107 2895 3162 corde
2927 3125 3044 3162 meo
3067 3111 3282 3166 dolores
3307 3121 3484 3166 erant.

227 3186 322 3258 δίᾳ
351 3205 452 3258 μου
477 3188 693 3244 ὀδυνῶν.
737 3191 1075 3263 Ἐφαμίλλως
1101 3195 1229 3263 γοῦν
1253 3197 1372 3261 ταῖς
1403 3200 1564 3269 ἐμαῖς
1605 3200 1812 3266 ὀδύναις

1918 3193 2175 3250 Certatim
2207 3197 2390 3265 itaque
2431 3213 2528 3267 pro
2563 3213 2790 3252 numero
2823 3198 3094 3266 dolorum,
3131 3201 3199 3254 ad
3243 3201 3487 3272 singulos

227 3279 332 3343 τὰς
347 3279 497 3352 παρὰ
518 3281 612 3336 σοῦ
641 3301 730 3355 μοι
755 3285 1011 3357 παρεῖχες
1028 3289 1397 3362 παρακλήσεις
1417 3291 1552 3362 πρὸς
1577 3293 1812 3364 ἑκάστην

226 3370 446 3444 ὀδύνην,
475 3373 664 3447 ὥσπερ
689 3393 740 3429 τι
775 3375 1061 3448 φάρμακον
1097 3381 1360 3452 σωτήριον
1389 3379 1486 3454 τὴν
1513 3383 1610 3455 σὴν
1641 3385 1811 3455 παρά-

227 3463 428 3534 κλῆσιν
487 3467 832 3539 προσφέρων,
883 3471 974 3524 καὶ
1021 3469 1208 3544 ὥσπερ
1255 3471 1464 3526 πλείοσι
1509 3474 1806 3546 τραύμασι,

227 3555 452 3620 πλείους
490 3559 711 3623 καὶτὰς
764 3559 1055 3632 θεραπείας
1097 3563 1405 3633 προσάγων.
1438 3567 1705 3621 Τοιούτων
1752 3569 1808 3622 δὲ

231 3649 635 3722 παρακλήσεων
660 3654 688 3706 ὁ
715 3652 854 3717 Gaio;
894 3655 1215 3719 Ἀπόστολος
1255 3657 1806 3730 ἀντιλαμϐανόμενος,

231 3738 470 3808 ἔφασκεν
490 3758 504 3770 ·
545 3745 890 3813 Εὐλογητὸς
915 3747 948 3798 ό
978 3744 1139 3810 Θεὸς,
1166 3749 1198 3799 ό
1233 3747 1431 3816 Πατὴρ
1460 3747 1574 3802 τῶν
1597 3753 1808 3818 οἰκτιρ-

225 3829 378 3900 μῶν,
427 3832 523 3884 καὶ
566 3833 709 3900 Θεὸς
740 3834 944 3903 πάσης
984 3837 1438 3906 παρακλήσεως,
1479 3843 1511 3894 ό
1542 3841 1808 3910 παρακαέ

229 3921 359 3976 λῶν
386 3922 553 3992 ἡμᾶς’
580 3924 650 3978 ἐν
679 3925 846 3996 πάσῃ
885 3927 958 3997 τῇ
987 3929 1186 3998 θλίψει
1217 3928 1404 4000 ἡμῶν,
1431 3934 1518 3998 είς
1541 3933 1606 3987 τὸ
1630 3934 1808 3988 δύνα-

231 4015 372 4068 σθαι
399 4013 552 4082 ἡμᾶς
595 4019 964 4084 παρακαλεῖν
1000 4021 1142 4088 τοὺς
1171 4022 1242 4076 ἐν
1272 4023 1442 4093 πάσῃ
1474 4027 1676 4094 θλίψει
1707 4026 1806 4081 διὰ

228 4105 342 4173 τῆς
370 4107 828 4176 παρακλήσεως,
847 4106 922 4180 ἧς
947 4116 1446 4185 παρακαῖούμεθα
1483 4118 1652 4172 αὐτοὶ
1686 4119 1804 4174 ὑπὸ

228 4195 338 4248 τοῦ
393 4196 559 4250 Θεοῦ.
609 4199 728 4252 Ὅτι
773 4201 934 4255 καθὼ
982 4207 1326 4272 περισσεύει
1374 4207 1446 4260 τὰ
1489 4208 1806 4278 παθήματα

225 4286 336 4340 τοῦ
362 4287 617 4354 Χριστοῦ
649 4289 718 4343 ἐν
741 4291 902 4360 ἡμῖν,
934 4293 1086 4347 οὕτω
1131 4299 1468 4363 περισσεύει
1507 4298 1604 4351 καὶ
1635 4301 1672 4367 7']
1697 4314 1806 4354 πα-

217 4378 525 4448 ράκλησις
563 4383 748 4452 ἡμῶν.
779 4386 886 4438 Καὶ
922 4382 990 4458 ἦν
1025 4387 1089 4440 ἂν
1125 4389 1298 4442 εἰπεῖν
1323 4391 1459 4461 πρὸς
1483 4392 1672 4455 ταῦτα,
1702 4411 1801 4464 με-

225 4469 528 4526 ταϐαλόντα
551 4475 631 4527 τό·
666 4473 789 4529 Οὐκ
813 4477 888 4542 ἅξ
894 4496 950 4532 ια
973 4479 1045 4532 τὰ
1063 4479 1377 4550 παθήματα
1414 4483 1520 4536 τοῦ
1544 4485 1660 4538 νῦν
1680 4502 1804 4538 και-

215 4561 335 4629 ροῦ
369 4563 521 4629 πρὸς
547 4563 660 4632 τὴν
691 4565 1041 4634 μέλλουσαν
1085 4569 1275 4635 δόξαν
1301 4573 1801 4644 ἀποκαλυφθῆναι

224 4655 313 4718 εις
354 4651 532 4722 ἡμᾶς,
569 4655 646 4708 τό·
671 4657 790 4711 Ούκ
827 4659 973 4724 ἄξιον
999 4660 1058 4714 τὸ
1097 4661 1299 4733 πλῆθος
1332 4664 1439 4716 τῶν
1464 4665 1662 4718 ὀδυνῶν
1694 4666 1801 4722 τῶν

223 4747 284 4798 ὲν
308 4749 378 4818 τῇ
404 4748 602 4819 καρδίᾳ
625 4767 726 4820 μου
761 4753 896 4824 πρὸς
920 4753 1016 4818 τὰς
1051 4755 1419 4828 παρακλήσεις
1461 4777 1574 4823 σου,
1601 4755 1646 4812 ὧ
1685 4761 1801 4815 Κύ-

223 4855 332 4909 ριε,
361 4839 450 4908 ἐφ’
469 4833 558 4902 αἷς
574 4840 854 4912 ηὔφρανας
874 4843 972 4915 τὴν
988 4843 1163 4914 ψυχήν
1187 4863 1310 4914 μου.
1330 4847 1391 4900 Εἰ
1406 4848 1462 4901 δὲ
1487 4850 1571 4918 ἐφ’
1594 4851 1798 4922 ἑκάστῃ

219 4929 392 5003 ὀδύνῃ
417 4932 812 5002 παρακαλεῖται
847 4953 928 4998 τις
955 4935 1058 4988 ὑπὸ
1100 4936 1194 4989 τοῦ
1223 4937 1379 5004 Θεοῦ,
1406 4940 1498 4992 καὶ
1523 4939 1622 5010 τῆς
1649 4941 1798 5013 παρὰ

219 5021 318 5075 τοῦ
349 5023 482 5076 Θεοῦ
509 5023 844 5098 εὐφροσύνης
870 5027 1218 5094 καταξιοῦταί
1241 5045 1340 5092 τις·
1371 5030 1469 5082 οὐκ
1497 5030 1559 5084 ἂν
1587 5031 1801 5098 εὔξαιτο

220 5113 311 5167 διὰ
341 5114 473 5168 Θεὸν
507 5114 722 5180 πλείους
756 5117 1045 5188 ὑπομένειν
1086 5119 1293 5182 ὀδύνας,
1322 5120 1395 5183 ὡς
1439 5121 1503 5174 ἂν
1543 5123 1800 5177 πλειόνων

218 5209 482 5280 τυγχάνοι
521 5209 933 5280 παρακλήσεων,
961 5211 1052 5265 καὶ⁸
1089 5213 1346 5267 πλειόνων
1373 5213 1478 5268 τῶν
1515 5215 1605 5268 ἐπὶ
1629 5217 1800 5272 ταῦτα

219 5300 574 5372 εὐφροσυνῶν
596 5319 610 5367 ;

292 5393 394 5461 Μὴ
422 5395 875 5463 συμπροσέσται
898 5409 994 5448 σοι
1013 5399 1223 5464 θρόνος
1255 5399 1526 5468 ἀνομίας,
1547 5401 1580 5453 o'
1606 5399 1800 5454 πλείσ-

217 5502 356 5539 σων
385 5487 578 5540 κόπον
613 5487 711 5540 ἐπὶ
748 5487 1132 5556 :rpo'atuwa;
1177 5491 1435 5555 Εἰκότως.
1465 5491 1615 5562 φησι,
1656 5491 1796 5547 κατὰ

219 5577 284 5629 τὸ
317 5575 520 5646 πλῆθος
546 5577 653 5632 τῶν
693 5577 890 5632 ὀδυνῶν
916 5579 1021 5632 τῶν
1061 5582 1116 5634 ἐν
1148 5584 1214 5652 τῇ
1251 5582 1449 5653 καρδίᾳ
1482 5599 1581 5652 μου
1607 5583 1664 5634 αἱ
1690 5597 1796 5634 πα-

221 5669 516 5741 ρακλήσεις
543 5685 636 5722 σου
675 5668 952 5742 ήύιρραναν
986 5671 1083 5741 τὴν
1118 5671 1294 5744 ψυχήν
1337 5689 1436 5744 μου
1457 5689 1469 5702 ·
1502 5671 1797 5744 ἐπειδήπερ

293 5827 340 5856 ⁸⁸
379 5825 520 5882 Psal.
561 5843 742 5892 “six,
781 5828 830 5882 5.

1915 3290 2160 3360 singulas
2199 3290 2328 3343 mihi
2376 3291 2779 3346 consolationes
2815 3300 2936 3346 tuas
2965 3293 3248 3348 admoristi
3284 3312 3297 3348 :
3329 3294 3486 3363 quasi

1912 3383 2150 3438 salutare
2169 3382 2520 3453 pharmacum
2540 3383 2968 3438 consolationem
2988 3383 3246 3448 olferens,
3260 3385 3486 3455 ethuasi

1913 3473 2096 3528 multis
2125 3474 2441 3528 vulneribus
2489 3475 2655 3528 multa
2690 3475 2928 3528 remedia
2965 3475 3244 3530 inducens.
3281 3475 3480 3546 Hujus-

1913 3565 2059 3619 modi
2085 3577 2263 3619 autem
2294 3565 2697 3620 consolationes
2719 3575 2914 3622 nactus
2943 3567 3162 3624 divinus
3191 3569 3482 3639 Apostolus

1910 3657 2123 3712 diccbat
2165 3673 2177 3708 :
2225 3655 2538 3713 Benedictus
2588 3659 2728 3713 Deus
2770 3659 2935 3714 Pater
2977 3661 3480 3724 misericordiarum,

1908 3745 2049 3804 Deus
2072 3752 2232 3804 totius
2262 3752 2668 3816 consolationis,
2694 3753 3110 3822 quiconsolatur
3131 3770 3224 3807 nos
3255 3755 3307 3807 in
3338 3755 3481 3810 omni

1911 3841 2248 3896 tribulatione
2277 3852 2460 3896 nostra
2503 3859 2520 3896 :
2558 3853 2614 3896 ut
2645 3845 2908 3913 possimus
2943 3862 3035 3898 nos
3071 3845 3336 3899 consolari
3371 3862 3478 3908 eos.

1906 3935 1994 4003 qui
2026 3935 2078 3986 in
2122 3935 2265 3988 omin'
2302 3951 2552 4002 pressura
2591 3945 2741 4000 sunt,
2774 3953 2866 4005 per
2895 3938 3328 4000 consolationem,
3381 3955 3482 4008 qua

1908 4027 2248 4080 consolamur
2299 4028 2401 4095 ipsi
2449 4045 2480 4080 a
2535 4027 2662 4082 Deo.
2718 4027 2982 4096 Quoniam
3026 4029 3162 4084 sicut
3204 4029 3484 4084 abundant

1906 4119 2178 4188 passiones
2211 4116 2409 4173 Christi
2433 4121 2486 4172 in
2521 4119 2704 4184 nobis;
2740 4120 3078 4176 sic.abundat
3111 4131 3160 4174 ct
3185 4123 3479 4177 consolatio

1907 4221 2092 4266 nostra
2129 4213 2194 4264 ⁸ο.
2244 4213 2420 4281 Atque
2459 4213 2572 4264 lure
2604 4213 2768 4266 verba
2822 4214 3082 4268 mutando
3131 4213 3316 4270 :iVon
3356 4225 3479 4268 sunt

1905 4305 2175 4375 condigna:
2202 4305 2478 4374 passiones
2508 4304 2944 4372 Iudustemporis
2976 4304 3044 4358 ad
3092 4307 3328 4376 futuram
3365 4307 3479 4377 glo-

1905 4399 2045 4452 riam
2080 4414 2194 4468 quae
2232 4397 2546 4452 revelabitur
2582 4397 2633 4450 in
2665 4395 2815 4450 nobis
2853 4397 2935 4464 ⁵¹;
2968 4399 3047 4453 sic
3077 4397 3182 4453 dici
3215 4408 3426 4470 poterat
3461 4419 3474 4454 :

1905 4487 2025 4544 Non
2067 4497 2152 4544 est
2197 4490 2469 4560 condigna
2517 4488 2811 4544 multitudo
2842 4489 3091 4544 dolorum
3139 4506 3382 4546 meorum
3421 4493 3478 4546 in

1905 4580 2074 4635 corde
2112 4595 2252 4645 meo,
2290 4581 2356 4634 ad
2387 4580 2795 4636 consolationes
2823 4589 2964 4644 tuas,
2999 4581 3244 4644 Domine,
3278 4586 3477 4654 quibus

1903 4671 2186 4728 lzetilicasti
2219 4672 2454 4726 animam
2491 4688 2688 4727 meam.
2720 4672 2874 4739 Quod
2901 4675 2946 4728 si
2975 4675 3030 4727 in
3062 4674 3293 4744 singulis
3321 4677 3476 4729 dolo-

1903 4763 2059 4818 ribus
2097 4763 2221 4832 quis
2251 4777 2280 4816 a
2315 4761 2424 4816 Deo
2446 4763 2874 4818 consolationem
2907 4763 3158 4832 accipiat,
3189 4772 3242 4818 et
3269 4765 3476 4824 lmtitia.

1904 4870 2026 4924 qua:
2058 4869 2087 4906 a
2113 4852 2220 4908 Deo
2241 4860 2344 4932 est,
2377 4852 2662 4922 dignetur;
2688 4869 2868 4908 annon
2921 4863 3072 4924 optet
3127 4869 3189 4910 ac
3218 4865 3472 4926 precetur

1905 4950 2105 5003 multos
2131 4963 2229 5018 pro
2269 4946 2377 5001 Deo
2407 4947 2623 5026 dolores
2656 4950 2949 5012 sustinere,
3006 4957 3065 5002 ut
3109 4951 3292 5018 plures
3344 4967 3478 5004 con-

1908 5039 2207 5096 solutiones
2237 5047 2289 5092 et
2337 5039 2522 5109 plures
2562 5054 2625 5094 ea
2657 5039 2723 5094 de
2762 5055 2927 5094 causa
2965 5041 3182 5097 laetitias
3215 5056 3480 5112 assequa-

1906 5143 1995 5186 ωε
2014 5135 2048 5184 ‘!_

1979 5396 2144 5451 Vens.
2178 5397 2269 5451 20.
2309 5395 2562 5467 Nunquid
2588 5398 2756 5452 aderit
2788 5397 2882 5450 tibi
2911 5398 3126 5451 thronus
3157 5397 3475 5468 iniquitatis.

1906 5493 1996 5561 qui
2015 5491 2165 5561 ﬁngis
2191 5491 2424 5544 laborem
2454 5493 2507 5544 in
2529 5507 2783 5560 prwccpto
2803 5495 2828 5547 ?
2851 5489 3002 5552 Jure,
3033 5491 3231 5560 inquit,
3277 5507 3474 5544 secuit.—

1903 5581 2032 5636 dum
2063 5581 2464 5638 multitudinem
2499 5584 2744 5638 dolorum
2787 5597 3025 5636 meorum
3054 5581 3104 5634 in
3139 5582 3306 5636 corde.
3332 5599 3472 5646 tum,

1904 5674 2306 5730 consolationes
2355 5683 2463 5730 tute
2513 5676 2920 5736 Imtiﬁcaveruul
2962 5673 3196 5728 animuin
3255 5690 3478 5730 meum.

909 5828 954 5858 ⁵ο
993 5825 1032 5906 ll
1067 5825 1192 5881 Cor.
1231 5842 1278 5890 ι,
1317 5828 1430 5882 5-3.
1510 5829 1550 5860 δ’
1596 5826 1752 5882 Rotu.
1789 5843 1860 5894 11,
1905 5827 1983 5882 l8.
