3972 6812
592 346 728 407 £207

1305 353 1573 413 EUSEBll
1611 355 2092 414 CESARIESSIS
2127 357 2280 415 OPP.
2322 353 2504 416 PARS
2543 359 2633 416 lli.
2675 391 2744 403 -—
2783 357 3192 418 EXEGETICA.

587 472 716 542 quia
765 473 864 528 libi
904 472 1034 536 Deo.
1079 481 1266 545 utpote
1308 475 1460 545 justo
1511 485 1566 530 et
1631 478 1795 541 bono,
1836 493 1943 531 non
2009 478 2148 534 adest

2265 479 2324 530 οὗ
2357 478 2620 550 πρόσεστι
2656 495 2738 532 σοι
2769 478 2888 549 Θεῷ
2911 479 3025 532 δ’ντι
3064 478 3261 549 δικαίῳ
3315 474 3434 530 καὶ
3461 475 3668 546 ἀγαθῷ
3706 477 3847 546 θροις

587 565 818 621 thronus
854 568 1192 638 iniquitatis;
1220 569 1401 622 omnia
1428 569 1629 639 quippe
1677 570 1828 638 justo
1866 569 2074 639 judicio
2105 579 2161 624 et

585 665 735 712 recta
771 658 885 728 lege
917 658 1272 714 administras
1301 678 1314 715 :
1344 660 1466 715 ideo
1499 662 1656 731 ﬁngis
1687 661 1918 717 laborem
1944 664 1996 716 in
2017 679 2158 731 prte-

581 755 769 817 cepto;
801 748 853 803 id
892 759 994 814 est,
1014 753 1016 755 ’
1037 759 1367 823 praeceptum
1404 753 1812 810 tuum.labores
1843 765 1897 810 et
1931 755 2159 812 sudores

587 841 735 912 parit
775 843 846 897 ob
872 844 1115 914 praemia.
1156 860 1277 914 quae
1316 853 1439 916 post
1483 846 1723 902 laborem
1780 858 2001 904 strenue
2063 849 2157 903 de-

587 941 878 998 certantes,
910 936 1162 990 alacriter
1199 945 1254 993 et
1298 949 1710 1006 perseveranter
1738 956 1950 1010 passos,
1998 956 2158 995 exce-

587 1033 746 1094 ptura
773 1035 990 1080 sunt.-a
1016 1026 1183 1086 Vatis.
1216 1029 1280 1084 2i
1309 1059 1334 1072 -
1352 1031 1440 1085 23.
1486 1029 1824 1085 Venabuntur
1847 1034 1901 1085 in
1923 1034 2156 1085 animant

575 1115 733 1185 justi,
773 1128 823 1172 et
863 1121 1172 1191 sanguinem
1230 1123 1554 1177 innocentem
1597 1123 2034 1180 condemnabam.
2085 1123 2155 1179 Et

582 1207 756 1278 [actus
787 1220 866 1264 est
912 1213 1040 1266 mihi
1070 1213 1327 1268 Dominus
1358 1215 1412 1268 in
1441 1215 1719 1285 refugium.
1749 1226 1798 1270 et
1829 1215 1971 1272 Deus
2010 1234 2154 1272 mens

582 1298 637 1351 in
665 1297 994 1369 adjutorium
1021 1301 1133 1371 spei
1171 1320 1317 1358 metr.
1352 1305 1416 1358 Et
1447 1303 1625 1358 reddet
1667 1306 1777 1359 illis
1824 1305 2154 1376 iniquitatem

581 1390 838 1458 ipsorum,
869 1402 918 1447 ct
953 1392 1236 1448 secundum
1272 1395 1534 1449 malitiam
1564 1409 1746 1449 eorum
1776 1395 2040 1464 disperdet
2065 1413 2153 1451 eos

581 1479 839 1537 Dominus
893 1483 1034 1538 Deus
1063 1495 1258 1540 noster.
1313 1485 1487 1555 impii,
1521 1487 1621 1549 ait,
1670 1487 1859 1540 taudiu
1914 1487 2152 1542 animam

574 1569 713 1640 justi
739 1574 1110 1639 venabuntur,
1151 1576 1360 1645 laqueis
1398 1576 1545 1629 illam
1592 1581 1647 1630 et
1679 1574 1886 1630 retibus
1917 1576 2152 1630 circum-

578 1658 794 1725 dantes.
811 1662 983 1718 donec
1008 1667 1326 1736 sanguinem
1350 1666 1688 1722 innocentem
1707 1665 2149 1730 condemnautes.

578 1768 701 1808 eam
734 1754 801 1808 ad
854 1765 1084 1811 mortem
1125 1769 1299 1828 usque
1331 1758 1679 1815 deduxerint.
1725 1759 1843 1814 Non
1877 1759 2020 1814 enim
2067 1769 2154 1814 sat

578 1843 687 1898 illis
718 1853 846 1900 sunt
889 1847 1101 1901 inuicta:
1140 1848 1514 1918 pecuniarum,
1551 1866 1727 1920 neque
1771 1851 1940 1920 plaga:
1969 1851 2154 1905 vulne-

578 1951 748 2008 raque
772 1941 988 2010 corpori
1021 1939 1298 2010 justorum
1331 1941 1570 2007 inflicta;
1617 1943 1714 1998 sed
1746 1943 1909 1998 etiam
1959 1941 2151 1997 mortis

579 2030 901 2085 sententiam
949 2041 1003 2085 et
1044 2032 1315 2086 calculum
1353 2040 1544 2088 contra
1579 2035 1700 2089 illos
1734 2034 1934 2091 ierunt.
1965 2032 2042 2090 Ac
2073 2035 2150 2090 illi

577 2121 798 2190 quidem
827 2125 898 2176 ita
917 2135 987 2179 ‘se
1013 2124 1214 2179 habent
1243 2141 1257 2176 :
1285 2140 1386 2195 ego
1423 2141 1555 2180 vero
1579 2142 1698 2191 eos.
1724 2127 1851 2183 licet
1880 2127 2150 2196 ejusmodi

577 2213 709 2276 sint.
736 2225 1085 2274 contemnere
1113 2218 1339 2286 edoctus
1387 2235 1533 2284 sum,
1574 2227 1628 2274 et
1677 2235 1849 2290 usque
1885 2219 1952 2274 ad
2002 2233 2148 2273 mor-

574 2311 686 2362 tem
712 2323 834 2362 cum
867 2309 1064 2365 ﬁducia
1093 2313 1414 2376 consistere.
1446 2327 1652 2382 gnarus
1679 2328 1768 2368 me
1811 2327 1911 2382 pro
1940 2311 2152 2381 refugio

577 2393 867 2453 Dominum
909 2399 1132 2464 habere,
1173 2411 1224 2457 et
1248 2418 1347 2474 pro
1370 2403 1642 2473 adjutorio
1672 2404 1785 2473 spei
1821 2419 1954 2459 mea:
1981 2401 2148 2458 Deum

575 2500 778 2545 meum.
817 2491 921 2558 Qui
965 2491 1233 2564 refugium
1273 2509 1453 2549 meum
1500 2495 1748 2558 ell‘ectus,
1801 2495 2151 2550 auxiliabitur

576 2579 752 2647 mihi;
805 2581 862 2636 in
912 2592 1075 2653 caput
1115 2599 1240 2638 vero
1269 2599 1457 2639 eorum
1503 2585 1597 2655 qui
1646 2591 1870 2654 captant
1910 2584 2149 2638 animam

572 2666 730 2739 justi.
767 2680 822 2727 et
869 2675 1185 2744 sanguinem
1219 2675 1559 2730 innocentem
1606 2676 1992 2734 condemnant.
2044 2675 2150 2729 ini-

576 2763 841 2833 quitatem
886 2765 1131 2836 ipsorum
1174 2769 1531 2838 retorquebit,
1564 2776 1618 2822 et
1661 2768 1923 2822 malitiam
1958 2783 2146 2822 eorum

576 2853 839 2910 adversus
854 2871 950 2912 eos
975 2857 1107 2927 justi
1124 2856 1318 2927 judicii
1339 2866 1582 2928 tempore
1605 2863 1906 2921 convertet,
1931 2857 2150 2928 quando

575 2945 852 3016 disperdet
895 2963 990 3005 eos
1037 2949 1298 3006 Dominus
1345 2948 1490 3006 Deus
1534 2957 1722 3004 noster
1751 2967 1764 3002 :
1790 2949 1965 3020 quare'
2004 2947 2149 3009 Deus

576 3039 847 3094 ultionum
875 3041 1033 3096 initio
1055 3042 1253 3112 psalmi
1283 3041 1468 3100 dictus
1495 3049 1600 3098 est.

1004 3217 1078 3288 (ι)
1123 3212 1448 3271 PSALMUS
1484 3215 1667 3272 xcw.

656 3301 822 3363 Vens.
856 3309 906 3362 l.
959 3303 1136 3362 Venite
1195 3307 1512 3361 cxsultemus
1569 3305 1816 3368 Domino,
1858 3303 2143 3374 jubilemus

575 3394 686 3456 Deo
721 3400 990 3456 Saluatori
1040 3409 1240 3454 nostra.
1283 3397 1437 3468 Apud
1485 3397 1740 3453 Hebraeos
1779 3397 1927 3452 nulla
1972 3395 2147 3452 fertur

575 3492 865 3562 inscriptio
895 3510 909 3546 :
946 3499 1001 3544 et
1031 3490 1228 3545 merito
1260 3505 1427 3556 sane;
1477 3505 1654 3558 neque
1685 3489 1829 3543 enim
1858 3497 2147 3543 consents-

574 3595 737 3638 neum
773 3591 911 3645 erat.
945 3591 1005 3636 ut
1033 3583 1116 3637 vel
1143 3582 1408 3653 psalmus,
1433 3581 1517 3636 vel
1554 3581 1811 3652 hymnus.
1849 3579 1932 3634 vel
1974 3578 2148 3634 canti-

573 3691 698 3730 cum
729 3675 1142 3738 lnscriberetur,
1178 3690 1302 3728 cum
1333 3671 1644 3727 Judteorum
1677 3671 1896 3742 quidem
1928 3679 2145 3742 gentem

573 3768 640 3821 ad
669 3767 1090 3823 exsultationem
1123 3773 1333 3826 evocet.
1371 3764 1506 3835 ipsis
1535 3776 1717 3818 tamen
1765 3765 2146 3818 interminetur

543 3853 734 3919 'iram.
763 3868 815 3912 et
838 3866 1230 3928 praceptorum
1261 3857 1417 3910 linem
1438 3855 1686 3911 tristibus
1707 3852 2139 3908 circumscribat.

573 3949 845 4004 Observes
876 3964 1036 4018 porro
1057 3948 1234 4006 velim.
1252 3946 1427 4001 sicubi
1445 3947 1580 4001 alias
1605 3946 1656 4000 in
1685 3944 1965 4016 Scriptura
1987 3945 2141 4010 illud,

573 4040 760 4099 venite.
791 4041 994 4094 dictum
1027 4041 1117 4101 sit.
1147 4039 1419 4109 quomodo
1446 4053 1540 4094 eos
1561 4039 1717 4108 quasi
1750 4039 1848 4092 abs
1867 4053 1924 4093 se
1953 4037 2144 4106 procul

572 4139 815 4186 remotos
850 4131 918 4186 ad
953 4130 1317 4186 accedendum
1353 4137 1628 4200 provocet.
1664 4126 1800 4181 Nota
1847 4129 1971 4182 item
2023 4141 2143 4180 eam

570 4221 915 4277 vocationem
946 4237 1162 4292 semper
1189 4221 1254 4275 ad
1287 4221 1485 4275 bonum
1522 4218 1742 4290 aliquod
1773 4218 2008 4289 dirigere
2041 4237 2053 4272 :
2089 4225 2146 4271 ut

573 4312 629 4366 iu
661 4313 755 4368 illo
790 4331 802 4366 :
851 4313 1050 4373 Venite.
1093 4313 1216 4382 ﬁlii.
1247 4313 1427 4366 audite
1447 4329 1527 4366 me
1555 4310 1635 4378 "’;
1668 4318 1723 4367 et.
1767 4329 1780 4364 :
1819 4310 2022 4374 Venite.
2057 4328 2146 4365 as-

573 4402 854 4458 cendamus
887 4403 955 4456 ad
984 4413 1208 4456 montem
1242 4402 1456 4457 Domini
1477 4403 1555 4467 ⁵³;
1597 4410 1651 4458 et
1692 4420 1706 4456 :
1753 4401 1928 4456 Venite
1965 4404 2034 4456 ad
2065 4420 2147 4458 me

2261 569 2521 641 ἀνομίας’
2550 572 2734 625 πάντα
2775 571 2884 641 γὰρ
2926 569 3104 640 κρίσει
3139 569 3347 639 δικαίᾳ
3391 569 3503 620 καὶ
3547 567 3698 637 ὀρθῷ
3741 571 3850 642 νέμε,

2258 661 2476 726 διωκείς
2494 678 2508 694 ο
2542 661 2622 714 διδ
2647 660 2952 728 κλάσσεις
2983 663 3172 715 κόπον
3189 660 3296 714 ἐπὶ
3329 659 3740 728 πρόσταγμα,
3767 679 3851 716 τευ-

2257 751 2428 816 τέστι,
2454 751 2516 805 τὸ
2555 751 2886 823 πρόσταγμά
2935 768 3028 805 σου
3073 751 3254 804 κόπων
3293 749 3416 803 καὶ
3461 750 3740 817 καμάτων
3771 752 3852 802 ἐπὶ

2259 841 2542 914 ποιητικὸν
2589 843 2678 898 διά
2718 843 2816 907 τὰς
2871 841 3012 914 μετά
3048 844 3174 907 τοὺς
3213 842 3450 904 πόνους
3502 839 3853 912 διαδεξομέιης

2257 934 2486 1005 ἀμοιϐὰς
2503 936 2630 1000 τοὺς
2647 934 2825 999 καλῶς
2844 934 3292 1005 ἀγωνισαμένους
3313 932 3434 986 καὶ
3455 934 3560 984 τὸν
3577 933 3743 985 κόπον
3761 953 3855 1004 πρι-

2259 1023 2446 1096 θύμως
2475 1025 2567 1078 καὶ
2592 1025 2825 1090 εὐτόνως
2850 1024 3263 1097 ὑπομείναντας.
3302 1023 3765 1092 Θηρεύσοινσσ·
3783 1026 3851 1077 ἐ.τέ

2256 1115 2468 1183 ψυχὴν
2495 1115 2752 1179 δικαίου,
2782 1117 2878 1172 καὶ
2917 1112 3061 1184 αἷμα
3089 1115 3283 1169 ἀθῶον
3319 1111 3855 1167 καταδικάσοηαι.

2255 1207 2365 1261 Kal
2408 1207 2644 1277 ἐγένετό
2681 1225 2784 1276 μοι
2825 1210 3041 1275 Κύριος
3084 1209 3170 1272 είς
3215 1202 3667 1272 καταφυγὴν.
3712 1203 3794 1255 καὶ
3831 1209 3854 1258 ὁ

2259 1299 2404 1364 Θεός
2431 1317 2551 1368 μου
2572 1302 2657 1364 εὶς
2690 1299 2923 1366 ,βοηθόν
2945 1298 3193 1364 ἐλπίδος
3217 1315 3378 1367 μου.
3421 1294 3554 1349 Καὶ
3591 1291 3854 1346 ἀποδώσει

2254 1392 2457 1458 αὐτοῖς
2467 1392 2581 1460 τὴν
2595 1391 2850 1460 ἀνομίαν
2873 1389 3089 1454 αὐτῶν,
3110 1391 3399 1446 καὶκατὰ
3431 1387 3572 1455 τὴν
3593 1387 3854 1453 πονηρίαν

2253 1481 2450 1536 αὐτῶν
2489 1480 2727 1551 dear-tsi
2759 1480 2982 1547 αὐτοὺς
3027 1481 3242 1548 Κύριος
3283 1483 3323 1534 ὁ
3383 1477 3560 1544 Θεὸς
3604 1475 3789 1546 ἡμῶν.
3811 1479 3853 1528 οξ

2255 1576 2356 1645 μὲν
2381 1574 2618 1638 ἀσεϐεῖς,
2647 1574 2830 1646 φησὶν,
2855 1573 2946 1628 ἐπὶ
2966 1571 3220 1626 τοσοῦτον
3241 1569 3348 1642 τὴν
3383 1567 3500 1622 τοῦ
3550 1567 3764 1620 δικαίου
3785 1567 3854 1635 φα-

2252 1667 2353 1739 χὴν
2379 1663 2703 1739 θηρεύσωσι
2726 1662 2947 1733 παγίσιν
2978 1661 3148 1732 αὐτὴν
3180 1662 3275 1716 καὶ
3302 1659 3594 1721 δικτύοις
3623 1659 3851 1727 περιϐάλ-

2253 1755 2452 1822 λοντες,
2479 1758 2583 1817 ἕως
2613 1758 2702 1811 ὅτε
2745 1751 2840 1810 καὶ
2870 1754 3275 1828 μέχριθανάτου
3311 1750 3764 1825 περιελάσωσιν
3785 1751 3852 1801 αὖ·

2252 1847 2370 1922 τὴν,
2403 1843 2542 1920 αἷμα
2565 1847 2738 1902 ἀθῶον
2763 1844 3232 1911 καταδικάζοντες.
3262 1846 3396 1898 Οὐκ
3427 1841 3751 1914 ἀρκοῦνται
3767 1840 3848 1910 γὰρ

2251 1948 2369 2006 ταῖς
2392 1943 2481 1998 διὰ
2499 1943 2793 2016 χρημάτων
2817 1942 3058 2014 ζημίαις.
3080 1940 3198 1994 οὐδὲ
3225 1941 3351 2003 ταῖς
3375 1937 3554 1992 κατὰ
3575 1936 3678 1990 τοῦ
3707 1935 3852 2005 σώμαι

2249 2052 2340 2099 τος
2365 2034 2473 2086 τῶν
2515 2033 2739 2088 δικαίων
2785 2034 3022 2104 πληγαῖς
3051 2049 3111 2085 τε
3159 2032 3252 2085 καὶ
3297 2029 3570 2092 αἰκίαις,
3609 2028 3746 2082 ἀλλά
3778 2030 3846 2080 καὶ

2249 2127 2347 2198 τὴν
2376 2125 2468 2178 ἐπὶ
2509 2125 2722 2195 θανάτῳ
2767 2125 2944 2196 ψῆφον
2977 2123 3096 2177 κατ’
3137 2122 3317 2176 αὐτῶν
3368 2121 3725 2191 ἐκφέρουσι.
3757 2121 3830 2171 Ed

2250 2218 2416 2268 κεῖνοι
2444 2213 2542 2285 μὶν
2571 2212 2797 2267 τοιοῦτοι
2815 2230 2827 2242 ·
2856 2208 2966 2280 ἐγὼ
2989 2213 3045 2266 δὲ
3071 2213 3166 2265 καὶ
3193 2210 3475 2265 τοιούτων
3504 2212 3843 2281 καταφροπῇ

2255 2303 2607 2377 μεμαθηκὼς,
2639 2305 2731 2358 καὶ
2768 2303 2927 2377 μέχρι
2969 2303 3200 2357 θανάτου
3235 2301 3563 2375 εὐθαρσῶς
3596 2299 3843 2360 ἵστασθαι,

2250 2397 2404 2463 εἰδὼς
2438 2387 2826 2469 ἔχειν’ὲμαυτῷ
2851 2397 3173 2468 καταφυγὴν
3204 2397 3295 2448 τὸν
3322 2395 3585 2467 Κύριον,
3618 2395 3710 2448 καὶ
3738 2394 3835 2464 βοη-

2251 2490 2341 2545 θὸν
2374 2488 2586 2554 ἐλπίδος
2621 2505 2720 2560 μου
2749 2487 2839 2541 τὸν
2872 2483 3003 2542 Θεόν
3043 2505 3172 2559 μου·
3199 2487 3258 2552 ὃς
3294 2488 3436 2558 ἐμοὶ
3471 2487 3587 2558 μὲν
3615 2485 3838 2556 poem-pa

2251 2582 2537 2651 καταφυγή
2573 2597 2672 2652 μου
2701 2576 3013 2648 γινόμενος·
3050 2579 3162 2642 τοῖς
3186 2578 3242 2631 δὲ
3267 2577 3592 2648 θηρεύουσι
3637 2575 3733 2647 τὴν
3757 2575 3834 2642 9's-

2249 2673 2350 2745 χὴν
2365 2669 2460 2726 τοῦ
2483 2673 2712 2736 δικαίου,
2739 2671 2832 2724 καὶ
2857 2663 2994 2740 αἷμα
3016 2669 3190 2724 ἀθῶον
3205 2668 3715 2732 καταδικάζουσιν,
3737 2668 3833 2717 ἀπο

2248 2760 2410 2816 δώσει
2443 2762 2538 2833 τὴν
2562 2760 2794 2832 ἀνομίαν
2818 2759 2996 2814 αὐτῶν
3020 2761 3098 2824 εἰς
3119 2758 3360 2830 κεφαλὴν
3385 2759 3616 2824 αὐτῶν,
3649 2757 3736 2810 καὶ
3758 2754 3832 2823 τὴν

2249 2852 2516 2925 πονηρίαν
2548 2851 2726 2908 αὐτῶν
2776 2852 2994 2925 στρέψαι
3027 2853 3146 2905 κατ’
3186 2851 3368 2904 αὐτῶν
3418 2853 3488 2904 ἐν
3521 2847 3607 2919 τῷ
3650 2848 3743 2916 τῆς
3771 2847 3828 2898 διο

2249 2944 2589 3016 καιοκρισίας
2632 2943 2830 3015 καιρῷ,
2868 2941 2955 2997 ὅτε
2988 2943 3082 2996 καὶ
3129 2943 3351 3013 ἀφανιεῖ
3392 2941 3616 3003 αὐτοὺς
3657 2937 3827 3007 nepa;

2247 3036 2276 3088 ὁ
2297 3036 2426 3100 Θεὸς
2460 3035 2636 3107 ὴμῶνο
2666 3035 2746 3089 διδ
2772 3035 2866 3090 καὶ
2890 3033 3021 3101 Θεὸς
3041 3034 3372 3106 ἑκδικήσεων
3410 3031 3551 3087 κατ’
3577 3028 3744 3102 ἀρχὰς
3765 3025 3822 3077 εἴ·

2172 3154 2216 3214 C
2249 3145 2412 3200 ρηται
2439 3127 2534 3180 τοῦ
2560 3127 2794 3200 ψαλμοῦ.

2812 3217 3103 3274 vannos
3139 3217 3250 3287 ιιΔν.

2313 3311 2490 3365 Δεῦτε
2520 3310 3016 3381 ἀγαλλιασώμεθα
3051 3311 3130 3378 τῷ
3163 3309 3380 3379 Κυρίῳ,
3433 3301 3816 3371 ἀλαλάξωμη

2242 3401 2322 3468 τῷ
2347 3401 2466 3467 Θεῷ
2481 3401 2560 3468 τῷ
2585 3401 2808 3470 Σωτῆρι
2826 3401 3010 3471 ἡμῶν.
3035 3403 3108 3456 Οὐ
3138 3401 3361 3472 φέρεται
3394 3398 3540 3470 παρ’
3569 3392 3808 3466 Ἑϐραίοις

2243 3494 2278 3566 ἡ
2308 3495 2634 3566 προγραφή*
2680 3494 2773 3546 καὶ
2819 3494 3073 3557 εἰκότωςο
3112 3491 3234 3546 οὔτε
3267 3491 3376 3564 γὰρ
3421 3487 3671 3562 ψαλμὸν,
3715 3482 3808 3536 οὔτε

2245 3580 2432 3654 ὕμνον,
2468 3583 2590 3638 οὔτε
2645 3583 2786 3655 ᾠδὴν
2829 3583 3046 3653 εὔλογον
3082 3579 3149 3654 ἦν
3199 3582 3561 3654 ἐπιγράφειν,
3602 3576 3692 3631 τὸν
3725 3587 3804 3627 κα·

2242 3675 2436 3730 λοῦντα
2471 3673 2567 3748 μὲν
2586 3676 2678 3729 τὸν
2721 3675 2987 3730 Ἰουδαίων
3017 3674 3143 3729 λαὸν
3175 3674 3268 3727 ἐπὶ
3293 3673 3648 3742 ἀγαλλίασιν,
3675 3668 3801 3720 ἀπει-

2243 3763 2439 3821 λοῦντα
2474 3763 2530 3820 δὲ
2565 3764 2746 3830 αὐτοῖς
2777 3766 2944 3838 ὀργὴν
2976 3767 3069 3820 καὶ
3106 3765 3174 3817 τὰ
3208 3763 3334 3834 τέλη
3369 3763 3488 3816 τῶν
3525 3751 3800 3828 παραγγελ-

2248 3856 2433 3928 μάτων
2461 3855 2552 3911 ἐπὶ
2597 3856 2940 3929 σκυθρωποῖς
2971 3857 3401 3927 περιγράφοντα.
3441 3847 3732 3922 Σημειώσῃ
3758 3841 3800 3894 δὲ

2243 3946 2299 4000 εί
2323 3965 2424 4000 που
2459 3947 2552 4000 καὶ
2593 3943 2824 4017 ἀλλαχοῦ
2859 3945 2958 4017 τῆς
2985 3946 3208 4018 Γραφῆς
3237 3945 3316 4008 τὸ,
3350 3943 3553 4004 δεῦτε,
3595 3939 3792 4009 εἴρηται,

2245 4036 2338 4091 καὶ⁸
2363 4035 2482 4090 τίνα
2513 4036 2709 4108 τρόπον
2733 4033 2808 4100 ὡς
2834 4034 3150 4103 ἀφεστῶτας
3176 4033 3270 4086 καὶ
3295 4033 3522 4104 μακρὰν
3541 4024 3795 4099 γεγονότας

2244 4126 2564 4200 πλησιάζειν
2589 4127 2737 4198 αὐτῷ
2757 4127 2942 4180 καλεῖ·
2969 4127 3227 4200 τηρήσεις
3244 4125 3338 4179 καὶ
3363 4126 3446 4178 ὃτι
3472 4123 3698 4180 πάντοτε
3720 4112 3796 4183 τὴν
3831 4118 3846 4132 ’

2244 4220 2434 4292 κλῆσιν
2463 4221 2547 4272 ἐπ’
2580 4218 2768 4289 ἀγαθῷ
2798 4221 3049 4282 ποιεῖται,
3091 4217 3166 4282 ὡς
3198 4219 3256 4270 ὲν
3282 4215 3383 4287 τῷ,
3411 4216 3597 4270 Δεῦτε
3623 4207 3789 4264 τέκνα,

2243 4310 2542 4366 ἀκούσατέ
2578 4329 2717 4380 μου,
2742 4311 2856 4373 καὶ,
2887 4310 3060 4364 Δεῦτε
3100 4308 3408 4378 ἀναδῶμεν
3446 4309 3540 4373 εἰς
3578 4302 3644 4357 τὸ
3685 4298 3793 4364 ὄρθι’

2245 4401 2486 4477 Κυρίου,
2513 4400 2625 4465 καὶ,
2658 4401 2836 4454 Δεῦτε
2868 4399 3018 4468 πρὸς
3041 4401 3118 4469 μὲ
3146 4396 3368 4464 πάντες
3389 4400 3444 4452 οἱ
3474 4391 3784 4477 κοπιῶντες.

573 4510 750 4548 omnes
780 4494 868 4564 qui
893 4493 1150 4547 laboratis
1183 4494 1264 4561 3‘;
1307 4503 1360 4549 et
1388 4509 1402 4546 τ
1446 4493 1645 4558 Venite,
1678 4494 1931 4548 benedicti
1965 4493 2144 4548 Patris

2249 4475 2362 4555 καὶ,
2397 4491 2573 4545 Δεῦτε
2613 4493 2667 4546 οι
2712 4487 3099 4561 εὐλογημένοι
3142 4490 3250 4544 τοῦ
3291 4489 3526 4556 Πατρός
3556 4500 3683 4553 μου.
3720 4475 3788 4527 Ἕν

577 4586 678 4638 mei
707 4584 776 4640 ⁸⁸.
820 4584 877 4638 lu
914 4585 1016 4638 hoc
1055 4592 1234 4640 autem
1269 4585 1480 4653 psalmo
1506 4585 1654 4639 clare
1707 4583 1773 4637 ad
1823 4584 2143 4638 exsultatio-

569 4689 698 4730 nem
732 4675 916 4729 venire
946 4681 1221 4744 provocat.
1247 4674 1427 4740 Quare
1457 4674 1714 4729 observes
1743 4674 1890 4737 item,
1923 4689 2032 4728 non
2058 4689 2144 4728 re-

571 4774 658 4820 cte
686 4765 958 4820 aestimare
993 4781 1109 4827 eos.
1167 4766 1262 4835 qui
1297 4766 1487 4836 jugum
1526 4765 1810 4836 religionis
1867 4766 2022 4820 triste
2076 4779 2142 4820 ac

571 4857 861 4912 molestum
885 4872 1010 4912 esse
1036 4857 1374 4911 arbitrantur
1423 4877 1436 4912 :
1484 4858 1548 4911 ad
1583 4858 1722 4912 bona
1762 4858 1961 4928 quippe
1989 4867 2043 4913 et
2072 4857 2138 4912 ad

571 4947 695 5002 lenta
723 4946 1063 5002 vocationem
1105 4946 1237 5003 edit.
1268 4945 1364 5001 His
1405 4963 1692 5019 coxnpares
1717 4948 1851 5002 illud
1897 4967 1910 5002 :
1957 4947 2141 5004 Disce-

568 5037 678 5092 dite
731 5039 785 5092 in
833 5039 1004 5109 ignem
1031 5049 1286 5092 aeternum
1329 5039 1397 5102 ",
1437 5047 1492 5094 et
1521 5038 1742 5101 similia,
1775 5054 1896 5107 quae
1930 5039 2141 5094 ratione

572 5131 735 5198 longe
765 5129 1038 5183 contraria
1075 5137 1129 5183 et
1151 5129 1366 5184 diversa
1397 5129 1468 5183 ab
1517 5129 1631 5190 illo.
1669 5130 1869 5194 uenite,
1898 5139 2142 5199 peccato-

572 5220 729 5273 ribus
744 5217 1025 5272 dicuntur.
1057 5218 1323 5284 Quoniam
1353 5218 1616 5272 bellorum
1641 5226 1885 5288 tempore
1909 5223 2142 5274 victores

569 5309 804 5380 jubilare
848 5309 1045 5367 solent.
1082 5316 1243 5378 atque
1281 5309 1452 5361 altum
1492 5308 1836 5365 conclamare
1879 5310 2142 5366 adversus

573 5402 856 5467 inimicos;
890 5412 1194 5470 opportune
1233 5415 1342 5454 non
1387 5400 1549 5454 modo
1583 5401 1817 5470 gaudere
1860 5409 1914 5456 et
1963 5403 2144 5456 exsul-

573 5500 711 5554 tare,
747 5492 840 5547 sed
881 5492 1043 5546 etiam
1076 5491 1143 5545 de
1175 5499 1328 5560 parta
1377 5490 1602 5544 salutari
1637 5493 1866 5546 victoria
1907 5492 2142 5562 jubilare

572 5583 836 5656 ιιι-κείμὴ.
861 5583 998 5651 Quis
1019 5593 1197 5638 autem
1229 5583 1389 5638 fuerit
1416 5581 1666 5638 Salvator
1691 5591 1740 5638 et
1770 5583 1910 5640 Deus
1933 5595 2139 5652 noster,

641 5703 686 5734 "
724 5699 868 5763 Psal.
903 5711 1107 5758 nxut.
1147 5697 1231 5756 ιε.
1309 5697 1353 5728 ⁵³
1397 5696 1499 5750 lsa.
1533 5699 1694 5759 n.5,

643 5792 718 5865 (ί)
761 5791 918 5863 Vulg.
951 5792 1132 5858 habet,
1171 5789 1307 5848 Laus
1331 5791 1523 5845 cantici
1556 5794 1650 5861 ipsi
1676 5791 1864 5847 David.

2245 4582 2304 4637 δὲ
2344 4583 2421 4655 τῷ
2477 4583 2614 4654 μετά
2647 4585 2834 4655 χεῖρας
2878 4581 3080 4653 ψαλμῷ
3131 4581 3317 4650 σαφῶς
3358 4579 3450 4632 ἐπὶ
3502 4571 3782 4645 ἀγαλλίασιν

2241 4674 2401 4744 ἥκειν
2430 4673 2757 4745 παρακαλεῖ.
2775 4673 2866 4726 Διὸ
2890 4670 3193 4744 σημειώσῃ,
3216 4672 3296 4724 ὃτι
3329 4670 3402 4742 μὴ
3424 4667 3608 4727 καλῶς
3631 4655 3783 4733 ἡγοῦν-

2244 4782 2335 4820 ται
2361 4769 2408 4820 οἱ
2441 4765 2762 4836 σκυθρωπὸν
2790 4767 2883 4820 καὶ
2921 4766 3181 4819 ἐπίλυπον
3215 4763 3527 4835 νομίζοντες
3565 4754 3688 4812 εἶναι
3709 4748 3779 4803 τὸν

2243 4843 2344 4928 τῆς
2374 4859 2680 4924 θεοσεϐείας
2715 4859 2903 4929 ζυγόν*
2937 4861 3021 4912 ἐπ’
3051 4858 3273 4927 ἀγαθοῖς
3299 4855 3406 4927 γὰρ
3443 4853 3538 4909 καὶ
3578 4842 3782 4921 φαιδροῖς

2246 4955 2477 5004 ποιεῖται
2501 4952 2599 5023 τὴν
2621 4952 2832 5021 κλῆσιν.
2856 4949 3075 5014 Τούτοις
3105 4949 3349 5018 παράθες
3374 4943 3453 5012 τὸ,
3487 4936 3777 5012 Πορεύεσθε

2244 5045 2332 5108 εἰς
2365 5044 2430 5097 τὸ
2457 5044 2575 5112 πῦρ
2616 5045 2680 5098 τὸ
2707 5045 2964 5106 αἰώνιον,
2995 5043 3087 5098 καὶ
3118 5042 3186 5096 τά
3221 5043 3400 5112 ὃμοια,
3443 5036 3684 5095 ἐναντίως
3716 5026 3777 5084 τδο

2245 5131 2437 5197 δεῦτε,
2479 5139 2590 5201 τοῖς
2633 5137 3001 5209 ἁμαρτάνουσι
3037 5133 3324 5206 λεγόμενα.
3370 5130 3580 5201 Ἐπειδὴ
3609 5129 3659 5180 ἐν
3690 5119 3774 5177 τοῖς

2246 5232 2457 5298 καιροῖς
2495 5228 2601 5282 τῶν
2627 5227 2876 5299 πολέμων
2908 5231 2956 5281 oi
2982 5227 3242 5291 νικῶντες
3259 5224 3545 5288 ἀλαλάζειν
3569 5215 3772 5275 εἰώθασι.

2247 5322 2339 5374 καὶ
2370 5321 2510 5393 μέγα
2544 5322 2670 5393 βοᾷν
2694 5320 2832 5374 κατά
2863 5319 2972 5373 τῶν
3001 5317 3293 5391 πολεμίων,
3317 5317 3538 5380 εἰκότως
3561 5312 3615 5367 οὐ
3648 5305 3772 5380 μόνον

2247 5410 2452 5482 χαίρειν
2481 5412 2574 5464 καὶ
2611 5409 2888 5480 ἀγαλλιᾷν,
2925 5407 3062 5462 ἀλλά
3089 5409 3180 5461 καὶ
3205 5404 3488 5470 ἀλαλάζειν
3519 5399 3676 5466 ὲπὶτῇ
3698 5408 3773 5482 σῳ-

2245 5481 2418 5570 τηρίῳ
2449 5499 2573 5571 νίκῃ
2603 5501 2945 5569 προστάττει.
2983 5498 3079 5561 Τίς
3103 5498 3148 5551 δ’
3178 5497 3244 5551 ἂν
3272 5497 3356 5567 εἴη
3391 5497 3420 5549 ὁ
3447 5491 3626 5564 Σωτὴρ
3649 5481 3771 5556 ἡμῶν

2249 5589 2341 5641 καὶ
2371 5587 2504 5651 Θεὸς
2541 5588 2717 5658 ἡμῶν,
2756 5588 2788 5658 ἢ
2820 5591 2848 5642 ὁ
2877 5586 2974 5643 τοῦ
3013 5586 3149 5640 Θεοῦ
3179 5586 3349 5654 Λόγος
3389 5587 3418 5638 ὁ
3451 5581 3626 5642 εἰπὼν,
3653 5576 3768 5638 ϐαρ·

1787 5697 1830 5728 ⁸⁸
1873 5697 2062 5755 Matth.
2101 5717 2172 5768 χι,
2203 5699 2292 5754 28.
2371 5701 2415 5732 ⁵⁸⁵
2457 5699 2643 5754 Matth.
2683 5717 2810 5766 τίειν,
2847 5699 2932 5754 3i.
3013 5700 3057 5730 "
3099 5701 3228 5755 ibid.
3268 5700 3356 5754 ll.
