3972 6812
1329 361 1836 420 COIMENTARIA
1863 362 1932 419 IN
1969 362 2313 420 PSALMOS.

3275 387 3283 396 '
3315 372 3454 428 mo

141 487 404 550 σαῖτε,
423 485 540 558 ἐγὼ
564 484 854 555 νενίκηκα
881 483 990 538 τὸν
1009 483 1273 553 uapor;
1299 485 1328 537 ὁ
1359 482 1454 536 καὶ
1481 482 1786 554 ῥυσάμενος

1905 483 1990 539 nisi
2053 483 2146 538 Dei
2195 481 2426 537 Verbum
2455 484 2602 554 quod
2645 483 2827 543 dixit:
2869 487 3164 557 Conﬁdite,
3217 507 3310 563 ego
3359 492 3458 546 uici

145 581 348 652 ἡμᾶς
380 579 496 634 ἀπὸ
519 579 620 649 τῆς
662 577 827 631 πάλαι
868 574 1318 645 κατακρατούσης
1343 573 1502 644 ἡμῶν
1539 573 1783 644 δαιμονι-

155 671 290 741 κῆς
346 670 654 742 ἐνεργείας,
699 662 760 722 οὗ
809 669 904 722 καὶ
943 666 1004 722 τὸ
1050 664 1257 737 Ἰησοῦς
1303 665 1473 736 δνομα
1491 679 1788 733 σωτηριον

177 759 486 832 Ἐσραῖκῇ
537 761 689 830 φωνῇ
735 759 1008 831 σημαίνει.
1057 755 1220 820 Τίνας
1256 755 1315 810 δὲ
1363 753 1789 827 προηγουμένως

162 854 201 906 ὁ
231 851 419 920 λόγος
453 852 545 904 ἐπὶ
567 850 666 922 τὴν
688 849 1002 918 άγαλλίασιν
1022 847 1348 920 παρακαλεῖ,
1380 845 1562 920 εὕροις
1583 845 1651 901 ἂν
1671 847 1790 900 ἐπι-

173 944 418 1015 στήσας
440 945 550 1004 τοίς
574 941 720 1012 ἑξῆς,
754 942 813 994 ἐν
841 933 922 1004 οἷς
950 938 1183 1010 εἴρηται,
1217 938 1380 994 Κατὰ
1409 938 1526 1007 τὴν
1563 937 1794 1008 ἡμέραν

171 1035 305 1090 τοῦ
347 1033 688 1103 πειρασμοῦ
711 1032 780 1086 ὲν
809 1029 883 1099 τῇ
917 1029 1133 1100 ἐρήμῳ,
1163 1023 1235 1087 οὗ
1273 1026 1603 1098 ἐπείρασαν
1635 1045 1714 1098 με
1735 1030 1793 1083 ol

175 1125 470 1195 πατέρες
517 1118 702 1195 ὑμῶν.
745 1122 940 1193 Σαφῶς
965 1122 1076 1194 γὰρ
1102 1121 1191 1176 διὰ
1239 1119 1440 1176 τούτων
1485 1119 1636 1194 δηλοῖ
1665 1121 1792 1184 τοὺς

177 1219 360 1283 υἱοὺς
392 1218 504 1271 τῶν
543 1218 600 1270 ἐν
634 1214 700 1287 τῇ
742 1217 934 1288 ἐρήμῳ
967 1213 1520 1285 παμπικρανάντων,
1563 1211 1720 1283 δῆλον
1746 1210 1792 1265 δ’

177 1312 276 1364 ὃτι
299 1309 439 1373 τοὺς
459 1310 524 1362 ἐκ
546 1307 865 1379 περιτομῆς.
889 1305 1120 1370 Τούτους
1140 1304 1425 1376 τοιγαροῦν
1445 1303 1793 1358 ἀνακαλεῖται

177 1401 418 1469 λέγων·
455 1399 631 1454 Δεῦτε
650 1396 1147 1468 ἀγαλλιασώμεθα
1178 1396 1259 1463 τῷ
1291 1397 1504 1465 Κυρίῳ.
1533 1394 1792 1460 θεσπίζει

180 1493 232 1546 δ’
268 1494 367 1547 ὅτι
406 1491 482 1563 μὴ
520 1487 914 1545 ὑπακούσονται
945 1492 1012 1560 τῇ
1049 1489 1274 1560 κλήσει·
1305 1489 1454 1558 λέγει
1483 1489 1528 1542 δ’
1555 1483 1647 1542 οὖν
1697 1485 1792 1540 ἐπὶ

184 1586 380 1641 τέλει·
428 1583 544 1640 Ἀεὶ
586 1581 931 1639 πλανῶνται
959 1578 1034 1650 τῇ
1082 1580 1316 1650 καρδίᾳ.
1358 1582 1539 1636 Αὐτοὶ
1576 1579 1645 1634 δὲ
1681 1581 1793 1634 οὐκ

187 1676 494 1749 ἔγνωσαν
518 1677 627 1743 τὰς
674 1673 856 1740 ὁδούς
885 1691 1026 1744 μου,
1079 1673 1161 1740 ὠς
1187 1671 1398 1742 ὤμοσα
1422 1673 1492 1728 ὲν
1527 1667 1605 1741 τῇ
1644 1666 1793 1740 ὁρτῇ

189 1784 350 1838 μου,
391 1770 448 1822 ει
482 1765 933 1822 εισελεύσονται
967 1766 1056 1832 είς
1089 1763 1206 1836 τὴν
1236 1760 1619 1818 κατάπαυσίν
1649 1777 1788 1832 μου.

1887 572 2223 637 mundum",
2254 580 2530 644 atquenos
2559 575 2628 631 ab
2660 576 2861 634 ellicaci
2905 581 2994 636 illa
3017 583 3323 638 daemonum
3345 584 3460 636 vir-

1888 670 2036 730 tute,
2097 683 2220 738 qua:
2253 667 2411 722 nobis
2429 667 2555 722 olim
2578 667 3278 740 dominabatur,liberavit;
3301 673 3461 741 cujus

1889 773 2086 814 nomen
2116 757 2296 825 Jesus,
2346 759 2582 813 salutare
2634 758 2899 815 Hebraice
2940 763 3248 834 signiﬁcat?
3275 762 3460 830 Quos-

1889 865 2015 905 nam
2049 866 2180 905 vero
2209 852 2481 922 praecipue
2513 851 2579 906 ad
2613 853 3032 910 exsultationem
3075 863 3332 927 provocet
3367 853 3463 908 de.-

1889 941 2218 1012 prebendes,
2263 942 2308 997 si
2336 941 2652 999 consideres
2693 957 2756 998 ea
2786 959 2909 1013 qua:
2939 955 3263 1016 sequuntur,
3293 953 3347 1002 et
3379 944 3461 1000 sic

1891 1033 2113 1100 habent,
2153 1033 2450 1089 Secundum
2502 1035 2641 1090 diem
2673 1039 2980 1092 tentationis
3014 1039 3070 1093 in
3104 1037 3328 1104 deserto,
3370 1037 3464 1092 ubi

1893 1135 2224 1181 tentaoerunt
2254 1143 2336 1180 me
2362 1136 2538 1194 patres
2569 1129 2744 1182 uestri.
2775 1126 2873 1184 His
2893 1129 3037 1184 enim
3069 1129 3358 1186 manifeste
3386 1129 3464 1185 si-

1891 1216 2114 1288 gnillcat
2139 1216 2278 1272 filios
2304 1231 2492 1271 eorum
2519 1215 2612 1287 qui
2637 1217 2691 1271 in
2723 1217 2944 1274 deserto
2989 1219 3464 1276 exacerbaverunt

1889 1321 2039 1370 eum,
2071 1307 2188 1362 sive
2237 1308 2499 1378 populum
2552 1321 2616 1362 ex
2667 1307 3107 1364 circumcisione.
3160 1307 3271 1364 llos
3298 1309 3464 1379 igitur

1890 1407 2081 1453 evocat
2105 1395 2317 1463 dicens,
2343 1396 2539 1460 Venite,
2565 1397 2886 1454 exsultemus
2917 1399 3163 1454 Domino.
3188 1397 3470 1454 Vaticina-

1892 1496 1982 1541 tur
2011 1500 2196 1556 porro,
2221 1501 2318 1541 eos
2345 1485 2616 1541 vocationi
2650 1501 2759 1541 non
2792 1488 3262 1558 obtemperaturos
3293 1499 3418 1546 esse
3449 1515 3465 1548 .-

1891 1577 1968 1633 an
1997 1577 2142 1634 enim
2172 1579 2276 1633 sub
2305 1577 2464 1632 linem
2493 1595 2506 1633 :
2541 1579 2758 1648 Semper
2777 1590 2956 1634 errant
2986 1580 3160 1636 corde.
3195 1579 3309 1650 Ipsi
3349 1597 3480 1637 vero

1892 1686 1999 1724 non
2032 1679 2380 1740 cognoverunt
2407 1669 2519 1724 vias
2559 1685 2723 1734 meas,
2749 1672 2883 1725 sicut
2908 1671 3090 1740 juravi
3117 1673 3276 1726 inira
3307 1681 3424 1727 tneo
3449 1713 3465 1736 .

1895 1761 1942 1816 si
1991 1762 2280 1816 introibant
2317 1762 2374 1816 in
2399 1762 2625 1832 requiem
2657 1763 2848 1818 meam.
2879 1762 3147 1829 Quoniam
3199 1764 3365 1836 igitur
3390 1763 3469 1819 illi

209 1861 384 1917 Ἐπεὶ
413 1855 506 1915 οὖν
535 1861 730 1915 ἐκεῖνοι
761 1859 849 1913 ἀεὶ
880 1857 1186 1912 πλανῶνται
1215 1859 1282 1928 τῇ
1323 1852 1540 1928 καρδίᾳ,
1570 1853 1794 1919 εἰκότως

1905 1867 2108 1923 semper
2135 1859 2325 1908 errant
2377 1853 2575 1920 corde;
2610 1855 2804 1910 merito
2856 1856 3201 1925 subsequens
3228 1851 3473 1926 psalmus

195 1953 232 2008 ό
260 1951 662 2024 ἐπιφερόμενος
716 1948 842 2022 ἐξῆς
872 1946 1084 2021 ψαλμὸς
1127 1947 1197 2002 τά
1250 1947 1376 2018 ἐθνη
1425 1947 1601 2002 πάντα
1642 1944 1796 2000 καλεῖ

200 2043 305 2096 ἐπὶ
335 2039 402 2095 τὸ
454 2040 638 2096 καινὸν
667 2036 840 2112 ᾆσμα,
889 2039 984 2095 καὶ
1015 2038 1108 2093 ἐπὶ
1148 2037 1246 2110 τὴν
1273 2039 1332 2091 ἐν
1382 2035 1502 2108 Θεῷ
1539 2035 1796 2105 ἀγαλλία-

206 2145 323 2188 σιν.

285 2225 735 2296 Προφθὰσωμεν
755 2223 820 2280 τὸ
848 2224 1174 2292 πρόσωπον
1196 2220 1383 2276 αὑτοῦ
1406 2221 1476 2274 ἐν·
1515 2220 1798 2291 ἐξομολο-

1893 1958 2088 1998 omnes
2117 1951 2306 2014 gentes
2331 1943 2396 1998 ad
2420 1944 2694 1998 canticum
2724 1960 2948 2011 novum,
2972 1956 3027 2002 et
3058 1947 3126 2003 ad
3147 1948 3471 2004 exsultatio-

1893 2048 2018 2088 nem
2051 2033 2105 2088 in
2140 2033 2247 2089 Deo
2281 2042 2562 2104 provocat.

1968 2227 2131 2283 Vens.
2151 2229 2206 2283 2.
2245 2225 2677 2298 Pra’occnpemus
2699 2227 2888 2297 faciem
2905 2226 3019 2297 ejus
3043 2226 3097 2280 in
3123 2224 3474 2295 confessione,

207 2315 418 2389 γήσει,
460 2318 560 2372 καί
599 2317 671 2372 ἐν
718 2314 979 2386 ψαλμοῖς
1022 2313 1422 2383 ἁλαλὰξωμεν
1451 2311 1628 2378 αὐτῷ.
1672 2311 1798 2365 Ἐπὶ

1905 2326 1943 2371 ιι
1967 2317 2020 2370 in
2053 2315 2273 2386 psalmis
2296 2315 2586 2385 jubilemus
2615 2317 2682 2372 ei.
2713 2315 2770 2370 In
2801 2316 2977 2386 primo
3003 2313 3220 2386 quidem
3239 2315 3476 2368 adventu

212 2405 320 2482 μὲν
350 2410 451 2480 τῆς
474 2407 697 2481 πρώτης
716 2407 882 2462 αὑτοῦ
899 2405 1202 2480 παρουσίας
1226 2401 1289 2459 τὺ
1321 2403 1610 2477 πρόσωπον
1631 2401 1796 2457 αὑτοῦ

207 2501 277 2556 τὸ
307 2501 493 2556 ἔνθεον
523 2497 845 2573 ἀποκρύψας
863 2502 893 2556 δ
928 2499 1021 2555 τοῦ
1054 2498 1190 2555 Θεοῦ
1220 2498 1411 2568 Λόγος,
1439 2498 1539 2570 τὴν
1558 2495 1652 2550 τοῦ
1672 2494 1794 2549 δού-

209 2591 312 2648 λου
351 2593 564 2665 μορφὴν
591 2591 962 2666 περιεϐάλετο·
989 2589 1068 2645 διὸ
1082 2591 1317 2663 εἴρηται·
1362 2591 1704 2657 ’Ἄνθρωπος
1727 2585 1800 2640 ἐν

215 2683 434 2754 πληγῇ
459 2685 565 2749 ὢν,
594 2685 690 2739 καὶ
716 2683 889 2752 εἰδὼς
915 2685 1121 2755 φέρειν
1168 2683 1508 2754 μαλακίαν·
1549 2680 1641 2734 ὅτι
1680 2678 1796 2734 ἀπ-

215 2776 482 2844 έστρεψε
514 2775 581 2830 τὸ
611 2778 936 2845 πρόσωπον
961 2775 1169 2841 αὐτοῦ,
1205 2770 1524 2845 ἠτιμάσθη,
1551 2773 1648 2827 καὶ
1680 2773 1791 2828 οὐκ

218 2867 536 2937 ἐλογίσθη.
579 2867 701 2920 Ἐπὶ
733 2866 790 2921 δὲ
823 2868 923 2938 τῆς
961 2866 1224 2940 δευτέρας
1273 2865 1438 2919 αὐτοῦ
1494 2862 1800 2936 παρουσίας

222 2956 730 3029 ἀνακεκαλυμμένῳ
761 2957 1038 3029 προσώπῳ
1068 2955 1165 3012 καὶ
1207 2955 1347 3028 μετὰ
1386 2956 1666 3027 δυνάμεως
1705 2954 1800 3009 καὶ

223 3039 387 3113 δόξης
424 3041 624 3113 πολλῆς
647 3043 1019 3114 ἐπιστήσεται·
1055 3043 1243 3116 διόπερ
1268 3044 1297 3096 ὁ
1321 3041 1494 3111 λόγος,
1527 3041 1800 3115 προτάξας

223 3134 296 3188 τὰ
335 3133 606 3208 εἰρημένα
633 3133 722 3188 διὰ
761 3134 872 3189 τῶν
913 3132 1166 3206 πρώτων,
1199 3135 1344 3207 άπερ
1382 3132 1550 3206 ἐχρῆν
1579 3135 1673 3186 ἐπὶ
1701 3132 1800 3204 τῆς

228 3227 503 3300 προτέρας
529 3227 695 3282 αὐτοῦ
723 3229 1026 3300 παρουσίας
1055 3229 1336 3299 πράττειν,
1355 3225 1480 3298 ἑξῆς
1496 3224 1802 3290 ἀκολούθως

229 3312 333 3388 τῆς
368 3317 628 3389 δευτέρας
685 3317 848 3373 αὐτοῦ
891 3317 987 3372 καὶ
1029 3316 1241 3384 ἐνδόξου
1290 3314 1614 3387 ἐπιφανείας
1665 3317 1801 3370 ὐπο-

233 3409 552 3480 μιμνὴσκει,
578 3407 1081 3481 παρακελευόμενος
1100 3406 1391 3481 προϐαλεῖν
1405 3407 1466 3461 τὸ
1489 3407 1698 3480 μέλλον,
1711 3404 1806 3461 καὶ

238 3501 554 3572 προτθάσαι
577 3501 640 3557 τὸ
661 3504 952 3576 πρόσωπον
986 3501 1154 3558 αὐτοῦ
1179 3504 1236 3556 ἐν
1261 3501 1662 3574 ἐξομολογήσει.
1693 3502 1807 3554 Κα-

234 3588 324 3643 λδν
345 3590 455 3662 γὰρ
477 3590 787 3662 προφθάσαι
821 3591 916 3646 καὶ
939 3591 1250 3665 προλαϐεῖν,
1290 3590 1384 3646 καὶ
1412 3589 1544 3666 πρὶν
1575 3591 1806 3662 φανῆναι

234 3681 298 3734 τὸ
327 3682 612 3753 πρόσωπον
643 3682 808 3737 αύτοῦ
839 3682 1069 3749 ἔνδοξον,
1101 3683 1187 3754 ἐφ’
1211 3679 1292 3748 οἷς
1321 3683 1640 3756 ἡμάρτομεν
1669 3684 1807 3738 ἀπο-

238 3771 502 3845 κάθαρσιν
529 3774 741 3838 ἐαυτοτς
767 3772 1092 3846 πορίσασθαι
1109 3774 1199 3831 διὰ
1218 3775 1319 3848 τῆς
1347 3775 1806 3849 ἐξομολογήσεως.

237 3862 448 3919 Γένοιτο
471 3865 514 3920 δ’
550 3865 678 3938 ἂνή
717 3865 1106 3938 ἐξομολόγησις
1132 3868 1351 3940 γνησία,
1389 3870 1439 3922 εί
1481 3871 1538 3923 ἐν
1574 3869 1811 3940 ψαλμοῖς

239 3954 590 4029 ἂλαλάξωμεν
632 3957 802 4030 αὐτῷ,
845 3956 1092 4014 τουτέστι
1136 3959 1225 4014 διὰ
1272 3959 1382 4014 τῶν
1428 3960 1676 4034 ὀργάνων
1711 3964 1810 4034 τῆς

241 4048 430 4120 ψυχῆς,
467 4049 609 4122 άπερ
647 4051 766 4104 ἐστὶ
795 4051 866 4106 τὰ
898 4047 1158 4123 σώματα·
1191 4051 1258 4105 δι’
1287 4044 1362 4105 ὢν
1413 4054 1677 4126 προσήκει
1720 4051 1812 4107 τὸν

183 4141 206 4155 “
245 4137 568 4208 καλούμενον
606 4139 921 4210 ἀλαλαγμὸν
959 4141 1247 4203 ἐπιτελεῖν,
1293 4138 1393 4212 βίῳ
1431 4140 1671 4212 σώφρονι
1717 4140 1814 4196 καί⁵

249 4229 483 4302 πολιτείᾳ
507 4229 748 4303 ἐναρέτῳ
793 4233 892 4304 τὴν
915 4229 1010 4288 τοῦ
1036 4233 1184 4286 θείου
1212 4230 1528 4304 Πνεύματος
1551 4233 1816 4305 ἁρμονίαν

249 4321 338 4375 καὶ
381 4321 470 4376 τὸν
517 4321 670 4392 ἆγιον
725 4323 931 4395 ῥυθμὸν
987 4323 1483 4395 ἐπιδεικνυμένους.
1533 4325 1715 4378 Ταῦτα
1759 4322 1818 4378 δέ

253 4407 667 4485 προηγουμένως
705 4413 845 4487 πρὸς
885 4415 977 4468 τὸν
1036 4414 1306 4469 Ἰουδαίων
1362 4414 1610 4469 λέλεκται
1663 4414 1814 4476 λαὸν,

1894 2407 2260 2472 suo,divinam
2277 2421 2432 2462 suam
2450 2407 2732 2462 occultans
2749 2403 3064 2469 faciem.Dei
3085 2402 3317 2459 Verbum
3336 2403 3480 2459 servi

1897 2499 2124 2554 formam
2143 2497 2320 2552 induit
2341 2515 2353 2551 :
2376 2511 2546 2568 quare
2563 2497 2769 2552 dictum
2792 2507 2896 2561 est,
2927 2493 3096 2548 Homo
3117 2495 3170 2547 in
3187 2494 3345 2564 plaga
3362 2509 3483 2547 con-

1896 2592 2138 2654 stitutus,
2167 2599 2217 2644 et
2240 2589 2408 2644 sciens
2429 2588 2564 2659 ferre
2582 2588 2982 2658 inﬁrmitatem;
3012 2588 3261 2657 quoniam
3292 2584 3484 2639 avertit

1896 2681 2096 2736 uultum
2127 2696 2278 2735 suum
2299 2719 2315 2745 ,
2351 2679 2699 2734 inhonoratae
2731 2687 2831 2743 est,
2863 2693 2956 2732 nec
3021 2685 3292 2746 reputatus
3306 2675 3374 2729 ".
3420 2673 3482 2729 In

1897 2772 2143 2828 secundo
2193 2781 2374 2826 autem
2434 2770 2672 2825 adventu
2731 2784 2854 2834 suo,
2891 2769 3128 2824 revelata
3162 2765 3320 2830 facie,
3355 2776 3482 2822 cum

1899 2870 2168 2935 potestate
2197 2870 2250 2918 et
2271 2861 2442 2932 gloria
2466 2875 2662 2932 magna
2692 2860 2868 2916 aderit
2899 2879 2912 2914 :
2939 2857 3291 2930 quamobrem

1901 2953 2428 3026 ptura,'pra:missis
2470 2953 2537 3007 iis
2575 2966 2698 3023 qua:
2739 2951 2886 3006 dicta
2907 2957 3067 3006 “sunt
3101 2949 3155 3004 in
3188 2936 3482 3021 principio,

1900 3062 2023 3118 qua:
2047 3047 2101 3102 in
2122 3046 2301 3116 primo
2328 3043 2560 3100 adventu
2588 3043 2708 3114 ejus
2730 3041 2940 3098 edenda
2974 3049 3154 3107 erant,
3189 3042 3317 3096 hinc
3345 3055 3482 3096 con-

1903 3144 2194 3208 sequenter
2250 3132 2548 3192 secundum
2599 3142 2654 3190 et
2710 3133 3006 3206 gloriosum
3033 3135 3153 3204 ejus
3192 3133 3484 3189 adventum

1905 3235 2318 3294 commemorat,
2343 3226 2602 3298 iubetque
2632 3225 2816 3282 futura
2839 3235 3184 3298 praevertere,
3201 3235 3257 3282 et
3290 3225 3484 3282 faciem

1904 3323 2026 3393 ejus
2049 3321 2102 3376 in
2131 3319 2476 3377 confessione
2505 3318 2967 3392 prmoccupare.E
2990 3335 3048 3375 re
3067 3335 3302 3390 namque
3325 3318 3487 3373 fuerit

1907 3419 2267 3478 antevenere,
2291 3417 2454 3483 atque
2474 3412 2770 3483 gloriosum
2789 3411 2910 3482 ejus
2935 3412 3140 3466 vultum
3167 3411 3484 3483 praevenire.

1906 3511 1962 3558 et
1993 3512 2284 3574 antequam
2332 3503 2570 3573 gloriosa
2619 3503 2741 3572 ejus
2782 3501 2952 3558 facies
2979 3511 3258 3575 appareat,
3289 3519 3489 3574 purga-

1907 3594 2111 3649 tionem
2145 3592 2469 3648 delictorum
2505 3607 2602 3664 per
2639 3593 3043 3650 confessionem
3087 3595 3248 3650 nobis
3294 3611 3490 3666 procu-

1907 3702 2050 3742 rare.
2077 3685 2368 3742 Confessio
2401 3694 2582 3742 autem
2615 3687 2830 3742 sincera
2860 3695 2913 3742 et
2946 3703 3205 3757 germana
3238 3688 3417 3750 fuerit,
3441 3686 3489 3743 si

1909 3781 1966 3836 in
2012 3780 2236 3850 psalmis
2280 3778 2578 3849 jubilemus
2603 3779 2676 3843 ei,
2709 3780 2762 3833 id
2793 3788 2896 3845 est,
2931 3795 3026 3851 per
3053 3781 3246 3834 anima:
3285 3779 3515 3848 instrui

1909 3877 2119 3936 menta,
2165 3885 2288 3940 quae
2342 3878 2473 3924 sunt
2504 3885 2736 3940 corpora
2767 3877 2955 3927 nostra
2998 3889 3010 3925 :
3041 3870 3198 3941 queis
3237 3851 3527 3926 convenit.

1912 3963 2080 4026 illam,
2109 3972 2172 4017 ut
2198 3969 2380 4025 vocat,
2398 3962 2770 4029 iubilationem
2801 3977 2900 4032 per
2921 3963 3085 4016 vitam
3113 3961 3396 4016 honestam
3426 3977 3493 4019 ac

1911 4052 2133 4109 virtutis
2156 4051 2467 4106 institutum
2489 4051 2819 4121 persolvere,
2835 4064 2900 4105 ac
2914 4051 3084 4105 divini
3107 4049 3344 4121 Spiritus
3365 4053 3492 4106 har-

1912 4145 2151 4199 moniam
2186 4158 2514 4212 sacrumque
2542 4150 2868 4198 concentum
2904 4143 3182 4198 exhibere.
3217 4141 3342 4197 llaec
3372 4160 3495 4214 por-

1913 4232 2312 4289 ro‘Judaaorum
2345 4235 2646 4303 praesertim
2681 4233 2884 4304 populo
2915 4233 3195 4302 dicuntur,
3238 4250 3494 4292 sermone

1917 4326 2066 4395 ipsos
2094 4326 2160 4380 ad
2190 4324 2490 4381 Salvatoris
2533 4326 2706 4381 nostri
2739 4326 3104 4396 cognitionem
3141 4323 3492 4397 provocante.

1916 4414 2170 4470 Attamen
2193 4415 2353 4470 nobis
2374 4415 2539 4468 etiam
2565 4415 2819 4470 omnibus
2839 4415 2952 4470 ha‘c
2982 4424 3288 4485 opportune
3320 4418 3494 4488 appli-

253 4505 684 4576 προκαλουμένου
713 4506 910 4569 αὐτοὺς
937 4506 1031 4559 τοῦ
1063 4506 1221 4575 λόγου
1254 4506 1346 4559 ἐπὶ
1379 4505 1478 4578 τὴν
1503 4506 1598 4560 τοῦ
1626 4505 1803 4573 Σωτῆ-

1919 4516 2114 4562 cenlur
2138 4524 2152 4561 :
2179 4502 2438 4562 —\’t:as.
2493 4507 2544 4561 '5.
2578 4505 2844 4572 Quoniam
2883 4505 3022 4561 Deus
3051 4524 3273 4578 magnus
3313 4509 3493 4562 Domi-

256 4613 340 4670 ρος
385 4596 542 4669 ἡμῶν
578 4597 779 4666 γνῶσιν
799 4614 811 4627 ·
846 4598 996 4668 ὅμως
1027 4596 1084 4650 δέ
1119 4597 1213 4651 καὶ
1245 4595 1382 4669 πρὸς
1429 4597 1635 4661 πάντας
1665 4599 1813 4668 ἡμᾶς

253 4689 524 4760 χρησίμως
555 4688 620 4744 ἂν
642 4688 1044 4761 ἐφαρμοσθείη.
1076 4691 1194 4743 ’Ὁτι
1220 4691 1364 4756 Θεὸς
1391 4688 1577 4760 μέγας
1601 4690 1815 4757 Κύριος

260 4779 349 4832 καί
383 4781 681 4848 ,ϐασιλεὺς
702 4780 892 4853 μέγας
918 4782 1019 4835 ἐπὶ
1046 4779 1280 4848 πάντας
1319 4781 1460 4846 τοὺς
1498 4781 1691 4846 θεούς.
1733 4779 1814 4836 Τά

264 4869 674 4944 παρηγγελμένα
704 4872 792 4926 διὰ
819 4871 928 4926 τῶν
963 4871 1270 4944 ἔμπροσθεν
1297 4873 1354 4925 ἐν
1380 4871 1460 4942 τῷ
1490 4872 1681 4942 Κυρίῳ
1718 4871 1814 4926 καὶ

265 4959 460 5033 Σωτῆρι
496 4961 676 5033 ἡμῶν,
720 4959 919 5036 δηλαδὴ
949 4962 1030 5034 τῷ
1057 4962 1150 5016 τοῦ
1181 4962 1316 5016 Θεοῦ
1363 4962 1542 5034 Λόγῳ,
1574 4961 1816 5016 ἐπιτελε-

267 5052 423 5118 στέον,
449 5048 537 5106 διά
552 5068 612 5106 τε
642 5054 710 5107 τὰ
738 5054 891 5120 ἀλλα,
918 5055 1012 5109 καὶ
1041 5054 1175 5109 διότι
1197 5051 1356 5125 φύσει
1384 5055 1557 5125 μέγας
1587 5055 1662 5108 ὢν
1685 5053 1820 5118 Θεὸς

267 5145 350 5200 καὶ
382 5145 552 5216 μέγας
579 5145 836 5215 τυγχάνει
871 5147 1139 5219 βασιλεὺς,
1176 5147 1273 5200 ἅτε
1306 5145 1599 5218 μονογενὴς
1626 5144 1702 5200 ὢν
1723 5145 1817 5200 τοῦ

267 5237 386 5292 Θεοῦ
415 5237 606 5308 Λόγος.
651 5238 912 5304 Βασιλεὺς
957 5241 1017 5294 δὲ
1069 5240 1243 5312 μέγας
1293 5238 1442 5293 ἐστὶν
1487 5241 1582 5293 ἐπὶ⁸
1612 5240 1820 5302 πάντας

268 5331 379 5394 τοὺς
405 5330 584 5394 θεοὺς,
628 5329 662 5400 ἢ
691 5330 834 5384 κατὰ
859 5327 950 5384 τδν
1001 5331 1318 5402 Σύμμαχον,
1346 5331 1547 5383 ἐπάνω
1579 5328 1822 5384 πάντων

269 5402 372 5474 nor
389 5419 537 5477 θεῶν
553 5438 569 5453 ·
603 5422 721 5492 ἦτοι
742 5421 851 5474 τῶν
889 5422 1318 5494 πεπλανημένως
1343 5422 1494 5495 παρὰ
1508 5426 1620 5486 τοῖς
1645 5421 1819 5475 ἔθνεσι

269 5513 671 5585 νενομισμένων·
708 5513 740 5584 ἢ
767 5513 874 5567 τῶν
906 5514 1131 5567 Μωῦσεῖ
1172 5513 1587 5585 παραπλησίων,
1611 5506 1819 5585 ᾦείρη-

271 5624 367 5672 ται,
399 5605 634 5660 Τέθεικά
665 5622 740 5660 σε
771 5604 908 5659 θεὸν
928 5603 1152 5660 Φαραώ·
1192 5606 1225 5668 ἦ
1258 5603 1397 5659 θεῶν
1419 5606 1546 5677 περὶ
1565 5599 1640 5660 ὧν
1670 5604 1818 5679 είρη-

1316 5762 1348 5780 ρ

333 5765 369 5817 ’Ξ
396 5763 558 5843 ’loan.
597 5777 720 5819 ττι.
759 5764 843 5822 33.
922 5765 965 5799 ⁸⁸
1008 5761 1106 5818 lsa.
1147 5778 1277 5817 LIII.
1315 5762 1368 5818 5.
1445 5763 1488 5795 ⁸⁵
1527 5760 1696 5817 Exod.
1733 5774 1803 5816 vn

1905 5764 1936 5816 ι.
2014 5761 2057 5791 ’θ
2098 5757 2240 5815 Psal.
2282 5774 2435 5816 XLIX.
2478 5760 2523 5814 l.
2604 5760 2641 5790 "
2687 5756 2828 5813 Psal.
2865 5773 3063 5819 tum,
3101 5757 3151 5813 i.

31 6487 3938 6812 _

1919 4615 2040 4664 nus,
2085 4609 2133 4654 et
2190 4616 2283 4655 rex
2324 4615 2544 4672 magnus
2578 4615 2734 4670 super
2776 4617 2952 4655 omnes
2993 4600 3137 4655 deos.
3171 4601 3302 4667 Quae
3338 4601 3493 4671 prius

1919 4701 2186 4763 praecepta
2221 4703 2276 4748 et
2324 4694 2582 4747 mandata
2625 4691 2797 4751 fuere.
2835 4693 2890 4746 in
2934 4692 3164 4748 Domino
3201 4701 3254 4748 et
3299 4691 3496 4747 Serva-

1919 4792 2039 4840 tore
2069 4792 2279 4849 nostro,
2303 4785 2515 4839 scilicet
2543 4785 2597 4839 in
2640 4783 2736 4840 Dei
2769 4781 2946 4839 Verbo
2980 4785 3300 4855 complenda
3334 4795 3492 4850 sunt;

1918 4880 2032 4926 tum
2085 4873 2210 4929 aliis
2259 4872 2328 4929 de
2373 4875 2578 4940 causis,
2609 4882 2726 4929 tum
2777 4873 2904 4944 quia
2954 4889 3079 4929 cum
3127 4886 3319 4929 natura
3349 4874 3494 4930 Deus

1921 4980 2153 5035 magnus
2185 4968 2277 5032 sit,
2310 4981 2540 5037 magnus
2578 4966 2707 5020 item
2739 4982 2837 5021 rex
2866 4965 3050 5033 fuerit,
3091 4974 3279 5037 utpote
3307 4967 3493 5037 unige-

1919 5055 2096 5109 nitum
2139 5054 2234 5110 Dei
2264 5053 2523 5112 Verbum.
2552 5055 2649 5113 Est
2679 5065 2858 5112 autem
2914 5072 3008 5111 rex
3062 5071 3293 5126 magnus
3331 5071 3496 5125 super

1919 5162 2108 5203 omnes
2136 5147 2305 5212 deos;
2346 5148 2481 5211 sive,
2522 5148 2821 5203 secundum
2877 5147 3285 5218 Symmachum,
3321 5145 3495 5214 Supra

1922 5252 2098 5290 omnes
2127 5236 2291 5299 deos;
2324 5236 2578 5291 videlicet
2625 5251 2720 5292 eos
2757 5235 2850 5305 qui
2887 5235 3129 5305 gentium
3182 5246 3368 5287 errore
3420 5231 3492 5284 dii

1923 5346 2045 5385 esse
2079 5338 2369 5399 putantur;
2406 5329 2522 5383 sive
2575 5343 2692 5388 eos,
2724 5326 2816 5397 qui
2871 5324 3041 5394 Moysi
3088 5323 3294 5378 similes
3346 5333 3494 5386 sunt,

1926 5422 2014 5476 cui
2037 5422 2240 5475 dictum
2262 5431 2346 5475 est
2365 5419 2554 5474 :Posui
2569 5429 2618 5474 te
2635 5419 2803 5474 Deum
2819 5416 3118 5472 Pharaonis
3137 5415 3204 5480 ";
3226 5415 3340 5470 sive
3362 5414 3498 5470 deos

1925 5511 1993 5566 de
2024 5513 2224 5580 quibus
2255 5512 2367 5565 lucc
2397 5511 2677 5574 dicuntur,
2710 5508 2852 5563 Deus
2887 5507 3104 5560 deorum
3138 5505 3396 5561 Dominus
3419 5503 3500 5560 lou-

1925 5614 2079 5659 cutus
2105 5603 2280 5672 est“;
2309 5617 2384 5667 et,
2425 5603 2558 5658 Deus
2592 5604 2734 5660 stetit
2775 5603 2827 5655 in
2866 5615 3132 5670 synagoga
3171 5598 3442 5656 deorum“
3479 5615 3498 5656 τ’
