  <div class='ocr_page' id='page_1' title='image "/cluster/home/n/w/nwhite01/storage/ocr_20150623/23/hvd.32044073501124/621.png"; bbox 0 0 3954 7146; ppageno 0'>
   <div class='ocr_carea' id='block_1_1' title="bbox 573 317 711 375">
    <p class='ocr_par' dir='ltr' id='par_1_1' title="bbox 573 317 711 375">
     <span class='ocr_line' id='line_1_1' title="bbox 573 317 711 375; baseline 0 -3"><span class='ocrx_word' id='word_1_1' title='bbox 573 317 711 375; x_wconf 65' lang='grc'><strong>1227</strong></span> 
     </span>
    </p>
   </div>
   <div class='ocr_carea' id='block_1_2' title="bbox 1241 324 3858 402">
    <p class='ocr_par' dir='ltr' id='par_1_2' title="bbox 1241 324 3858 402">
     <span class='ocr_line' id='line_1_2' title="bbox 1241 324 3858 402; baseline 0 -22"><span class='ocrx_word' id='word_1_2' title='bbox 1241 324 1511 382; x_wconf 83' lang='lat' dir='ltr'><strong>EUSEBII</strong></span> <span class='ocrx_word' id='word_1_3' title='bbox 1532 325 2014 402; x_wconf 64' lang='lat' dir='ltr'><strong>CAESARIENSIS</strong></span> <span class='ocrx_word' id='word_1_4' title='bbox 2049 324 2214 399; x_wconf 59' lang='lat' dir='ltr'><strong>OPP.</strong></span> <span class='ocrx_word' id='word_1_5' title='bbox 2241 325 2440 398; x_wconf 74' lang='lat' dir='ltr'><strong>PARS</strong></span> <span class='ocrx_word' id='word_1_6' title='bbox 2461 327 2550 384; x_wconf 90' lang='grc'><strong>111.</strong></span> <span class='ocrx_word' id='word_1_7' title='bbox 2582 359 2655 371; x_wconf 89' lang='lat'><strong>---</strong></span> <span class='ocrx_word' id='word_1_8' title='bbox 2683 326 3096 386; x_wconf 75' lang='lat' dir='ltr'><strong>EXEGETICA.</strong></span> <span class='ocrx_word' id='word_1_9' title='bbox 3785 327 3858 380; x_wconf 65' lang='lat' dir='ltr'><strong>ES</strong></span> 
     </span>
    </p>
   </div>
   <div class='ocr_carea' id='block_1_3' title="bbox 571 435 2152 516">
    <p class='ocr_par' dir='ltr' id='par_1_3' title="bbox 571 437 2139 512">
     <span class='ocr_line' id='line_1_3' title="bbox 571 437 2139 512; baseline 0.004 -23"><span class='ocrx_word' id='word_1_10' title='bbox 571 451 636 490; x_wconf 79' lang='lat' dir='ltr'><strong>ex</strong></span> <span class='ocrx_word' id='word_1_11' title='bbox 662 437 979 507; x_wconf 88' lang='lat' dir='ltr'><strong>splendente</strong></span> <span class='ocrx_word' id='word_1_12' title='bbox 1014 455 1140 497; x_wconf 84' lang='lat' dir='ltr'><strong>aere</strong></span> <span class='ocrx_word' id='word_1_13' title='bbox 1162 442 1392 497; x_wconf 78' lang='lat' dir='ltr'><strong>radians</strong></span> <span class='ocrx_word' id='word_1_14' title='bbox 1432 450 1488 498; x_wconf 91' lang='lat' dir='ltr'><strong>et</strong></span> <span class='ocrx_word' id='word_1_15' title='bbox 1519 442 1842 498; x_wconf 85' lang='lat' dir='ltr'><strong>tenuissima</strong></span> <span class='ocrx_word' id='word_1_16' title='bbox 1866 441 2139 512; x_wconf 87' lang='lat' dir='ltr'><strong>composi-</strong></span> 
     </span>
    </p>
   </div>
   <div class='ocr_carea' id='block_1_4' title="bbox 2255 435 3854 516">
    <p class='ocr_par' dir='ltr' id='par_1_4' title="bbox 2255 435 3854 516">
     <span class='ocr_line' id='line_1_4' title="bbox 2255 435 3854 516; baseline -0.004 -17"><span class='ocrx_word' id='word_1_17' title='bbox 2255 444 2343 515; x_wconf 66' lang='grc' dir='ltr'><strong>μέν</strong></span> <span class='ocrx_word' id='word_1_18' title='bbox 2368 446 2517 500; x_wconf 78' lang='grc' dir='ltr'>ἐστιν</span> <span class='ocrx_word' id='word_1_19' title='bbox 2543 446 2607 499; x_wconf 83' lang='grc' dir='ltr'>ὲκ</span> <span class='ocrx_word' id='word_1_20' title='bbox 2625 441 2948 516; x_wconf 83' lang='grc' dir='ltr'>φωτοειδοῦς</span> <span class='ocrx_word' id='word_1_21' title='bbox 2973 441 3130 514; x_wconf 86' lang='grc' dir='ltr'>ἀέρος</span> <span class='ocrx_word' id='word_1_22' title='bbox 3157 435 3592 512; x_wconf 75' lang='grc' dir='ltr'>φεγγοϐόλον</span> <span class='ocrx_word' id='word_1_23' title='bbox 3617 436 3716 490; x_wconf 72' lang='grc' dir='ltr'>καὶ</span> <span class='ocrx_word' id='word_1_24' title='bbox 3734 437 3854 492; x_wconf 67' lang='lat' dir='ltr'><strong>1m;</strong></span> 
     </span>
    </p>
   </div>
   <div class='ocr_carea' id='block_1_5' title="bbox 570 529 2141 601">
    <p class='ocr_par' dir='ltr' id='par_1_5' title="bbox 570 529 2141 601">
     <span class='ocr_line' id='line_1_5' title="bbox 570 529 2141 601; baseline 0.003 -17"><span class='ocrx_word' id='word_1_25' title='bbox 570 529 888 601; x_wconf 80' lang='lat' dir='ltr'><strong>ti0;caligo</strong></span> <span class='ocrx_word' id='word_1_26' title='bbox 925 541 1130 598; x_wconf 91' lang='lat' dir='ltr'><strong>autem,</strong></span> <span class='ocrx_word' id='word_1_27' title='bbox 1156 535 1371 589; x_wconf 87' lang='lat' dir='ltr'><strong>turbida</strong></span> <span class='ocrx_word' id='word_1_28' title='bbox 1403 545 1456 590; x_wconf 93' lang='lat' dir='ltr'><strong>et</strong></span> <span class='ocrx_word' id='word_1_29' title='bbox 1506 536 1742 591; x_wconf 88' lang='lat' dir='ltr'><strong>obscura</strong></span> <span class='ocrx_word' id='word_1_30' title='bbox 1792 535 2141 591; x_wconf 74' lang='lat' dir='ltr'><strong>tenebrarum</strong></span> 
     </span>
    </p>
   </div>
   <div class='ocr_carea' id='block_1_6' title="bbox 571 616 2144 694">
    <p class='ocr_par' dir='ltr' id='par_1_6' title="bbox 571 616 2144 694">
     <span class='ocr_line' id='line_1_6' title="bbox 571 616 2144 694; baseline 0.004 -23"><span class='ocrx_word' id='word_1_31' title='bbox 571 616 791 677; x_wconf 75' lang='lat' dir='ltr'><strong>oﬁusio.</strong></span> <span class='ocrx_word' id='word_1_32' title='bbox 821 619 927 678; x_wconf 88' lang='lat' dir='ltr'><strong>Per</strong></span> <span class='ocrx_word' id='word_1_33' title='bbox 955 633 1248 694; x_wconf 91' lang='lat' dir='ltr'><strong>utrumque</strong></span> <span class='ocrx_word' id='word_1_34' title='bbox 1278 640 1408 680; x_wconf 89' lang='lat' dir='ltr'><strong>vero</strong></span> <span class='ocrx_word' id='word_1_35' title='bbox 1437 626 1638 681; x_wconf 68' lang='lat' dir='ltr'><strong>divinae</strong></span> <span class='ocrx_word' id='word_1_36' title='bbox 1691 634 1904 682; x_wconf 69' lang='lat' dir='ltr'><strong>naturae</strong></span> <span class='ocrx_word' id='word_1_37' title='bbox 1953 623 2144 680; x_wconf 87' lang='lat' dir='ltr'><strong>invisi-</strong></span> 
     </span>
    </p>
   </div>
   <div class='ocr_carea' id='block_1_7' title="bbox 572 708 2146 784">
    <p class='ocr_par' dir='ltr' id='par_1_7' title="bbox 572 708 2146 784">
     <span class='ocr_line' id='line_1_7' title="bbox 572 708 2146 784; baseline 0.004 -21"><span class='ocrx_word' id='word_1_38' title='bbox 572 708 838 768; x_wconf 87' lang='lat' dir='ltr'><strong>hilitatem</strong></span> <span class='ocrx_word' id='word_1_39' title='bbox 913 730 1095 771; x_wconf 82' lang='lat' dir='ltr'><strong>sermo</strong></span> <span class='ocrx_word' id='word_1_40' title='bbox 1161 716 1421 773; x_wconf 89' lang='lat' dir='ltr'><strong>declarat.</strong></span> <span class='ocrx_word' id='word_1_41' title='bbox 1478 717 1948 784; x_wconf 85' lang='lat' dir='ltr'><strong>Quemadmodum</strong></span> <span class='ocrx_word' id='word_1_42' title='bbox 1999 717 2146 772; x_wconf 90' lang='lat' dir='ltr'><strong>enim</strong></span> 
     </span>
    </p>
   </div>
   <div class='ocr_carea' id='block_1_8' title="bbox 572 807 2146 882">
    <p class='ocr_par' dir='ltr' id='par_1_8' title="bbox 572 807 2146 882">
     <span class='ocr_line' id='line_1_8' title="bbox 572 807 2146 882; baseline 0.004 -26"><span class='ocrx_word' id='word_1_43' title='bbox 572 817 720 868; x_wconf 87' lang='lat' dir='ltr'><strong>eum,</strong></span> <span class='ocrx_word' id='word_1_44' title='bbox 745 807 836 876; x_wconf 89' lang='lat' dir='ltr'><strong>qui</strong></span> <span class='ocrx_word' id='word_1_45' title='bbox 865 809 1009 865; x_wconf 88' lang='lat' dir='ltr'><strong>nube</strong></span> <span class='ocrx_word' id='word_1_46' title='bbox 1039 809 1272 880; x_wconf 89' lang='lat' dir='ltr'><strong>quadam</strong></span> <span class='ocrx_word' id='word_1_47' title='bbox 1297 819 1351 866; x_wconf 91' lang='lat' dir='ltr'><strong>et</strong></span> <span class='ocrx_word' id='word_1_48' title='bbox 1388 812 1620 882; x_wconf 80' lang='lat' dir='ltr'><strong>caligine</strong></span> <span class='ocrx_word' id='word_1_49' title='bbox 1649 812 1979 875; x_wconf 75' lang='lat' dir='ltr'><strong>obvolvitur,</strong></span> <span class='ocrx_word' id='word_1_50' title='bbox 2011 825 2146 866; x_wconf 87' lang='lat' dir='ltr'><strong>con-</strong></span> 
     </span>
    </p>
   </div>
   <div class='ocr_carea' id='block_1_9' title="bbox 574 898 2145 969">
    <p class='ocr_par' dir='ltr' id='par_1_9' title="bbox 574 898 2145 969">
     <span class='ocr_line' id='line_1_9' title="bbox 574 898 2145 969; baseline 0.004 -19"><span class='ocrx_word' id='word_1_51' title='bbox 574 898 786 964; x_wconf 83' lang='lat' dir='ltr'><strong>spicere</strong></span> <span class='ocrx_word' id='word_1_52' title='bbox 813 899 973 969; x_wconf 88' lang='lat' dir='ltr'><strong>plane</strong></span> <span class='ocrx_word' id='word_1_53' title='bbox 997 916 1106 956; x_wconf 91' lang='lat' dir='ltr'><strong>non</strong></span> <span class='ocrx_word' id='word_1_54' title='bbox 1141 903 1302 969; x_wconf 90' lang='lat' dir='ltr'><strong>licet;</strong></span> <span class='ocrx_word' id='word_1_55' title='bbox 1359 905 1441 959; x_wconf 92' lang='lat' dir='ltr'><strong>sic</strong></span> <span class='ocrx_word' id='word_1_56' title='bbox 1495 911 1550 959; x_wconf 88' lang='lat' dir='ltr'><strong>et</strong></span> <span class='ocrx_word' id='word_1_57' title='bbox 1602 903 1898 959; x_wconf 82' lang='lat' dir='ltr'><strong>invisibilis</strong></span> <span class='ocrx_word' id='word_1_58' title='bbox 1946 909 2145 956; x_wconf 87' lang='lat' dir='ltr'><strong>natura</strong></span> 
     </span>
    </p>
   </div>
   <div class='ocr_carea' id='block_1_10' title="bbox 573 988 2148 1066">
    <p class='ocr_par' dir='ltr' id='par_1_10' title="bbox 573 988 2148 1066">
     <span class='ocr_line' id='line_1_10' title="bbox 573 988 2148 1066; baseline 0.004 -25"><span class='ocrx_word' id='word_1_59' title='bbox 573 988 744 1044; x_wconf 89' lang='lat' dir='ltr'><strong>videri</strong></span> <span class='ocrx_word' id='word_1_60' title='bbox 769 1006 996 1060; x_wconf 86' lang='lat' dir='ltr'><strong>prorsus</strong></span> <span class='ocrx_word' id='word_1_61' title='bbox 1023 995 1234 1065; x_wconf 88' lang='lat' dir='ltr'><strong>nequit.</strong></span> <span class='ocrx_word' id='word_1_62' title='bbox 1271 995 1552 1066; x_wconf 78' lang='lat' dir='ltr'><strong>Significat</strong></span> <span class='ocrx_word' id='word_1_63' title='bbox 1579 996 1708 1052; x_wconf 88' lang='lat' dir='ltr'><strong>item</strong></span> <span class='ocrx_word' id='word_1_64' title='bbox 1757 995 2014 1052; x_wconf 84' lang='lat' dir='ltr'><strong>latentem</strong></span> <span class='ocrx_word' id='word_1_65' title='bbox 2040 992 2148 1048; x_wconf 83' lang='lat' dir='ltr'><strong>Do-</strong></span> 
     </span>
    </p>
   </div>
   <div class='ocr_carea' id='block_1_11' title="bbox 574 1079 2145 1159">
    <p class='ocr_par' dir='ltr' id='par_1_11' title="bbox 574 1079 2145 1159">
     <span class='ocr_line' id='line_1_11' title="bbox 574 1079 2145 1159; baseline 0.004 -28"><span class='ocrx_word' id='word_1_66' title='bbox 574 1079 709 1133; x_wconf 89' lang='lat' dir='ltr'><strong>mini</strong></span> <span class='ocrx_word' id='word_1_67' title='bbox 732 1081 796 1134; x_wconf 90' lang='lat' dir='ltr'><strong>ad</strong></span> <span class='ocrx_word' id='word_1_68' title='bbox 833 1082 1083 1140; x_wconf 90' lang='lat' dir='ltr'><strong>homines</strong></span> <span class='ocrx_word' id='word_1_69' title='bbox 1119 1087 1434 1156; x_wconf 87' lang='lat' dir='ltr'><strong>adventum,</strong></span> <span class='ocrx_word' id='word_1_70' title='bbox 1470 1086 1690 1159; x_wconf 86' lang='lat' dir='ltr'><strong>quando</strong></span> <span class='ocrx_word' id='word_1_71' title='bbox 1722 1086 1778 1142; x_wconf 89' lang='lat' dir='ltr'><strong>in</strong></span> <span class='ocrx_word' id='word_1_72' title='bbox 1803 1086 1946 1143; x_wconf 84' lang='lat' dir='ltr'><strong>servi</strong></span> <span class='ocrx_word' id='word_1_73' title='bbox 1972 1084 2145 1140; x_wconf 89' lang='lat' dir='ltr'><strong>forma</strong></span> 
     </span>
    </p>
   </div>
   <div class='ocr_carea' id='block_1_12' title="bbox 573 1174 2146 1250">
    <p class='ocr_par' dir='ltr' id='par_1_12' title="bbox 573 1174 2146 1250">
     <span class='ocr_line' id='line_1_12' title="bbox 573 1174 2146 1250; baseline 0.008 -27"><span class='ocrx_word' id='word_1_74' title='bbox 573 1179 740 1226; x_wconf 88' lang='lat' dir='ltr'><strong>natus</strong></span> <span class='ocrx_word' id='word_1_75' title='bbox 769 1181 888 1238; x_wconf 78' lang='lat' dir='ltr'><strong>est;</strong></span> <span class='ocrx_word' id='word_1_76' title='bbox 920 1174 996 1228; x_wconf 89' lang='lat' dir='ltr'><strong>ita</strong></span> <span class='ocrx_word' id='word_1_77' title='bbox 1025 1186 1083 1229; x_wconf 92' lang='lat' dir='ltr'><strong>ut</strong></span> <span class='ocrx_word' id='word_1_78' title='bbox 1111 1177 1284 1232; x_wconf 86' lang='lat' dir='ltr'><strong>nubes</strong></span> <span class='ocrx_word' id='word_1_79' title='bbox 1326 1185 1381 1233; x_wconf 91' lang='lat' dir='ltr'><strong>et</strong></span> <span class='ocrx_word' id='word_1_80' title='bbox 1435 1177 1611 1250; x_wconf 91' lang='lat' dir='ltr'><strong>caligo</strong></span> <span class='ocrx_word' id='word_1_81' title='bbox 1641 1193 1772 1233; x_wconf 90' lang='lat' dir='ltr'><strong>caro</strong></span> <span class='ocrx_word' id='word_1_82' title='bbox 1803 1193 1946 1242; x_wconf 86' lang='lat' dir='ltr'><strong>esse,</strong></span> <span class='ocrx_word' id='word_1_83' title='bbox 1981 1191 2146 1247; x_wconf 75' lang='lat' dir='ltr'><strong>Quam</strong></span> 
     </span>
    </p>
   </div>
   <div class='ocr_carea' id='block_1_13' title="bbox 573 1262 2147 1338">
    <p class='ocr_par' dir='ltr' id='par_1_13' title="bbox 573 1262 2147 1338">
     <span class='ocr_line' id='line_1_13' title="bbox 573 1262 2147 1338; baseline 0.006 -25"><span class='ocrx_word' id='word_1_84' title='bbox 573 1262 898 1334; x_wconf 83' lang='lat' dir='ltr'><strong>assumpsit,</strong></span> <span class='ocrx_word' id='word_1_85' title='bbox 948 1263 1321 1336; x_wconf 80' lang='lat' dir='ltr'><strong>intelligatur;</strong></span> <span class='ocrx_word' id='word_1_86' title='bbox 1354 1274 1542 1338; x_wconf 82' lang='lat' dir='ltr'><strong>utpote</strong></span> <span class='ocrx_word' id='word_1_87' title='bbox 1574 1283 1696 1338; x_wconf 64' lang='lat' dir='ltr'><strong>qua</strong></span> <span class='ocrx_word' id='word_1_88' title='bbox 1727 1268 1985 1323; x_wconf 89' lang='lat' dir='ltr'><strong>deitatem</strong></span> <span class='ocrx_word' id='word_1_89' title='bbox 2015 1281 2147 1337; x_wconf 89' lang='lat' dir='ltr'><strong>ope-</strong></span> 
     </span>
    </p>
   </div>
   <div class='ocr_carea' id='block_1_14' title="bbox 575 1355 2148 1421">
    <p class='ocr_par' dir='ltr' id='par_1_14' title="bbox 575 1355 2148 1421">
     <span class='ocr_line' id='line_1_14' title="bbox 575 1355 2148 1421; baseline 0.005 -11"><span class='ocrx_word' id='word_1_90' title='bbox 575 1355 705 1421; x_wconf 83' lang='lat' dir='ltr'><strong>riat,</strong></span> <span class='ocrx_word' id='word_1_91' title='bbox 739 1359 1052 1420; x_wconf 80' lang='lat' dir='ltr'><strong>secundum,</strong></span> <span class='ocrx_word' id='word_1_92' title='bbox 1104 1362 1234 1418; x_wconf 91' lang='lat' dir='ltr'><strong>illud</strong></span> <span class='ocrx_word' id='word_1_93' title='bbox 1273 1381 1288 1417; x_wconf 92' lang='lat'><strong>:</strong></span> <span class='ocrx_word' id='word_1_94' title='bbox 1322 1363 1510 1420; x_wconf 91' lang='lat' dir='ltr'><strong>Posuit</strong></span> <span class='ocrx_word' id='word_1_95' title='bbox 1571 1367 1810 1421; x_wconf 73' lang='lat' dir='ltr'><strong>tenebras</strong></span> <span class='ocrx_word' id='word_1_96' title='bbox 1866 1366 2148 1420; x_wconf 82' lang='lat' dir='ltr'><strong>latibulum</strong></span> 
     </span>
    </p>
   </div>
   <div class='ocr_carea' id='block_1_15' title="bbox 573 1451 2148 1528">
    <p class='ocr_par' dir='ltr' id='par_1_15' title="bbox 573 1451 2148 1528">
     <span class='ocr_line' id='line_1_15' title="bbox 573 1451 2148 1528; baseline 0.006 -28"><span class='ocrx_word' id='word_1_97' title='bbox 573 1463 729 1502; x_wconf 71' lang='lat' dir='ltr'><strong>suun:</strong></span> <span class='ocrx_word' id='word_1_98' title='bbox 759 1466 778 1504; x_wconf 91' lang='lat'><strong><em>:</em></strong></span> <span class='ocrx_word' id='word_1_99' title='bbox 807 1451 863 1504; x_wconf 85' lang='lat' dir='ltr'><strong>in</strong></span> <span class='ocrx_word' id='word_1_100' title='bbox 902 1452 1127 1508; x_wconf 81' lang='lat' dir='ltr'><strong>circuitu</strong></span> <span class='ocrx_word' id='word_1_101' title='bbox 1155 1455 1271 1525; x_wconf 93' lang='lat' dir='ltr'><strong>ejus</strong></span> <span class='ocrx_word' id='word_1_102' title='bbox 1296 1456 1695 1511; x_wconf 80' lang='lat' dir='ltr'><strong>tabernaculum</strong></span> <span class='ocrx_word' id='word_1_103' title='bbox 1737 1459 1853 1528; x_wconf 89' lang='lat' dir='ltr'><strong>ejus</strong></span> <span class='ocrx_word' id='word_1_104' title='bbox 1872 1459 1938 1513; x_wconf 79' lang='grc'><strong>⁸⁷.</strong></span> <span class='ocrx_word' id='word_1_105' title='bbox 1969 1457 2148 1512; x_wconf 84' lang='lat' dir='ltr'><strong>Monet</strong></span> 
     </span>
    </p>
   </div>
   <div class='ocr_carea' id='block_1_16' title="bbox 574 1537 2146 1616">
    <p class='ocr_par' dir='ltr' id='par_1_16' title="bbox 574 1537 2146 1616">
     <span class='ocr_line' id='line_1_16' title="bbox 574 1537 2146 1616; baseline 0.007 -25"><span class='ocrx_word' id='word_1_106' title='bbox 574 1537 739 1592; x_wconf 88' lang='lat' dir='ltr'><strong>etiam</strong></span> <span class='ocrx_word' id='word_1_107' title='bbox 771 1540 946 1610; x_wconf 87' lang='lat' dir='ltr'><strong>ipsum</strong></span> <span class='ocrx_word' id='word_1_108' title='bbox 976 1559 1102 1600; x_wconf 90' lang='lat' dir='ltr'><strong>esse</strong></span> <span class='ocrx_word' id='word_1_109' title='bbox 1130 1546 1225 1616; x_wconf 91' lang='lat' dir='ltr'><strong>qui</strong></span> <span class='ocrx_word' id='word_1_110' title='bbox 1257 1546 1307 1600; x_wconf 91' lang='lat' dir='ltr'><strong>in</strong></span> <span class='ocrx_word' id='word_1_111' title='bbox 1339 1557 1527 1604; x_wconf 88' lang='lat' dir='ltr'><strong>monte</strong></span> <span class='ocrx_word' id='word_1_112' title='bbox 1557 1547 1688 1604; x_wconf 87' lang='lat' dir='ltr'><strong>Sina</strong></span> <span class='ocrx_word' id='word_1_113' title='bbox 1722 1549 1776 1604; x_wconf 91' lang='lat' dir='ltr'><strong>in</strong></span> <span class='ocrx_word' id='word_1_114' title='bbox 1801 1551 1945 1604; x_wconf 90' lang='lat' dir='ltr'><strong>nube</strong></span> <span class='ocrx_word' id='word_1_115' title='bbox 1969 1556 2023 1604; x_wconf 88' lang='lat' dir='ltr'><strong>et</strong></span> <span class='ocrx_word' id='word_1_116' title='bbox 2053 1563 2146 1604; x_wconf 88' lang='lat' dir='ltr'><strong>ca-</strong></span> 
     </span>
    </p>
   </div>
   <div class='ocr_carea' id='block_1_17' title="bbox 575 1625 2147 1704">
    <p class='ocr_par' dir='ltr' id='par_1_17' title="bbox 575 1625 2147 1704">
     <span class='ocr_line' id='line_1_17' title="bbox 575 1625 2147 1704; baseline 0.009 -24"><span class='ocrx_word' id='word_1_117' title='bbox 575 1625 742 1698; x_wconf 83' lang='lat' dir='ltr'><strong>ligine</strong></span> <span class='ocrx_word' id='word_1_118' title='bbox 762 1645 822 1686; x_wconf 88' lang='lat' dir='ltr'><strong>se</strong></span> <span class='ocrx_word' id='word_1_119' title='bbox 843 1631 1092 1689; x_wconf 83' lang='lat' dir='ltr'><strong>exhibuit</strong></span> <span class='ocrx_word' id='word_1_120' title='bbox 1116 1652 1134 1689; x_wconf 85' lang='lat'><strong>:</strong></span> <span class='ocrx_word' id='word_1_121' title='bbox 1163 1649 1228 1690; x_wconf 90' lang='lat' dir='ltr'><strong>ac</strong></span> <span class='ocrx_word' id='word_1_122' title='bbox 1251 1639 1431 1704; x_wconf 87' lang='lat' dir='ltr'><strong>docet,</strong></span> <span class='ocrx_word' id='word_1_123' title='bbox 1465 1640 1680 1695; x_wconf 88' lang='lat' dir='ltr'><strong>etiamsi</strong></span> <span class='ocrx_word' id='word_1_124' title='bbox 1727 1640 1909 1696; x_wconf 85' lang='lat' dir='ltr'><strong>divina</strong></span> <span class='ocrx_word' id='word_1_125' title='bbox 1953 1649 2147 1695; x_wconf 89' lang='lat' dir='ltr'><strong>natura</strong></span> 
     </span>
    </p>
   </div>
   <div class='ocr_carea' id='block_1_18' title="bbox 575 1718 2148 1800">
    <p class='ocr_par' dir='ltr' id='par_1_18' title="bbox 575 1718 2148 1800">
     <span class='ocr_line' id='line_1_18' title="bbox 575 1718 2148 1800; baseline 0.008 -28"><span class='ocrx_word' id='word_1_126' title='bbox 575 1718 748 1774; x_wconf 87' lang='lat' dir='ltr'><strong>videri</strong></span> <span class='ocrx_word' id='word_1_127' title='bbox 780 1731 1035 1792; x_wconf 87' lang='lat' dir='ltr'><strong>nequeat,</strong></span> <span class='ocrx_word' id='word_1_128' title='bbox 1064 1741 1226 1794; x_wconf 88' lang='lat' dir='ltr'><strong>posse</strong></span> <span class='ocrx_word' id='word_1_129' title='bbox 1253 1735 1432 1784; x_wconf 88' lang='lat' dir='ltr'><strong>tamen</strong></span> <span class='ocrx_word' id='word_1_130' title='bbox 1455 1743 1522 1783; x_wconf 85' lang='lat' dir='ltr'><strong>ex</strong></span> <span class='ocrx_word' id='word_1_131' title='bbox 1551 1732 1868 1800; x_wconf 87' lang='lat' dir='ltr'><strong>operatione</strong></span> <span class='ocrx_word' id='word_1_132' title='bbox 1895 1731 2016 1800; x_wconf 88' lang='lat' dir='ltr'><strong>ejus</strong></span> <span class='ocrx_word' id='word_1_133' title='bbox 2039 1731 2148 1785; x_wconf 88' lang='lat' dir='ltr'><strong>vir-</strong></span> 
     </span>
    </p>
   </div>
   <div class='ocr_carea' id='block_1_19' title="bbox 2243 527 3862 607">
    <p class='ocr_par' dir='ltr' id='par_1_19' title="bbox 2243 527 3862 607">
     <span class='ocr_line' id='line_1_19' title="bbox 2243 527 3862 607; baseline -0.007 -19"><span class='ocrx_word' id='word_1_134' title='bbox 2243 553 2403 590; x_wconf 86' lang='grc' dir='ltr'>τατον</span> <span class='ocrx_word' id='word_1_135' title='bbox 2434 535 2686 607; x_wconf 78' lang='grc' dir='ltr'>ὕφασμα·</span> <span class='ocrx_word' id='word_1_136' title='bbox 2719 535 2916 605; x_wconf 80' lang='grc' dir='ltr'>γνόφος</span> <span class='ocrx_word' id='word_1_137' title='bbox 2965 534 3024 588; x_wconf 79' lang='grc' dir='ltr'>δὲ</span> <span class='ocrx_word' id='word_1_138' title='bbox 3052 530 3406 604; x_wconf 76' lang='grc' dir='ltr'><strong>ἀχλυώδης</strong></span> <span class='ocrx_word' id='word_1_139' title='bbox 3465 527 3582 579; x_wconf 75' lang='grc' dir='ltr'>καὶ</span> <span class='ocrx_word' id='word_1_140' title='bbox 3623 527 3862 596; x_wconf 47' lang='lat' dir='ltr'><strong>opiﬁciis;</strong></span> 
     </span>
    </p>
   </div>
   <div class='ocr_carea' id='block_1_20' title="bbox 2247 619 3861 700">
    <p class='ocr_par' dir='ltr' id='par_1_20' title="bbox 2247 619 3861 700">
     <span class='ocr_line' id='line_1_20' title="bbox 2247 619 3861 700; baseline -0.012 -18"><span class='ocrx_word' id='word_1_141' title='bbox 2247 628 2572 699; x_wconf 86' lang='grc' dir='ltr'>σκοτασμός.</span> <span class='ocrx_word' id='word_1_142' title='bbox 2604 629 2680 680; x_wconf 79' lang='grc' dir='ltr'><strong>Δι’</strong></span> <span class='ocrx_word' id='word_1_143' title='bbox 2725 627 3050 700; x_wconf 80' lang='grc' dir='ltr'><strong>ἀμφοτέρων</strong></span> <span class='ocrx_word' id='word_1_144' title='bbox 3083 625 3144 679; x_wconf 83' lang='grc' dir='ltr'>τὸ</span> <span class='ocrx_word' id='word_1_145' title='bbox 3194 621 3603 692; x_wconf 75' lang='grc' dir='ltr'><strong>ἀθεώρητον</strong></span> <span class='ocrx_word' id='word_1_146' title='bbox 3647 619 3746 689; x_wconf 76' lang='grc' dir='ltr'>τῆς</span> <span class='ocrx_word' id='word_1_147' title='bbox 3772 619 3861 686; x_wconf 58' lang='grc' dir='ltr'>θείας</span> 
     </span>
    </p>
   </div>
   <div class='ocr_carea' id='block_1_21' title="bbox 2246 712 3895 792">
    <p class='ocr_par' dir='ltr' id='par_1_21' title="bbox 2246 712 3895 792">
     <span class='ocr_line' id='line_1_21' title="bbox 2246 712 3895 792; baseline -0.005 -19"><span class='ocrx_word' id='word_1_148' title='bbox 2246 720 2462 791; x_wconf 84' lang='grc' dir='ltr'>φύσεως</span> <span class='ocrx_word' id='word_1_149' title='bbox 2494 721 2859 792; x_wconf 85' lang='grc' dir='ltr'>ἀποσεμνύνει</span> <span class='ocrx_word' id='word_1_150' title='bbox 2885 722 2914 774; x_wconf 85' lang='grc' dir='ltr'><strong>ὁ</strong></span> <span class='ocrx_word' id='word_1_151' title='bbox 2935 720 3108 789; x_wconf 85' lang='grc' dir='ltr'>λόγος.</span> <span class='ocrx_word' id='word_1_152' title='bbox 3128 719 3413 786; x_wconf 78' lang='grc' dir='ltr'>Ὠσπερ</span> <span class='ocrx_word' id='word_1_153' title='bbox 3438 712 3572 784; x_wconf 83' lang='grc' dir='ltr'>γὰρ</span> <span class='ocrx_word' id='word_1_154' title='bbox 3605 713 3705 764; x_wconf 71' lang='grc' dir='ltr'>τὸν</span> <span class='ocrx_word' id='word_1_155' title='bbox 3729 715 3864 787; x_wconf 51' lang='lat' dir='ltr'><strong>vaga:</strong></span> <span class='ocrx_word' id='word_1_156' title='bbox 3894 771 3895 776; x_wconf 27' lang='grc' dir='ltr'><strong>η</strong></span> 
     </span>
    </p>
   </div>
   <div class='ocr_carea' id='block_1_22' title="bbox 2244 805 3862 884">
    <p class='ocr_par' dir='ltr' id='par_1_22' title="bbox 2244 805 3862 884">
     <span class='ocr_line' id='line_1_22' title="bbox 2244 805 3862 884; baseline -0.006 -19"><span class='ocrx_word' id='word_1_157' title='bbox 2244 816 2352 868; x_wconf 66' lang='lat' dir='ltr'><strong>civi</strong></span> <span class='ocrx_word' id='word_1_158' title='bbox 2386 813 2481 867; x_wconf 78' lang='grc' dir='ltr'>καὶ</span> <span class='ocrx_word' id='word_1_159' title='bbox 2511 814 2692 884; x_wconf 82' lang='grc' dir='ltr'>γνόφῳ</span> <span class='ocrx_word' id='word_1_160' title='bbox 2727 813 3270 882; x_wconf 81' lang='grc' dir='ltr'>συγκαλυπτόμενον</span> <span class='ocrx_word' id='word_1_161' title='bbox 3309 805 3638 861; x_wconf 77' lang='grc' dir='ltr'>ἀδύνατον</span> <span class='ocrx_word' id='word_1_162' title='bbox 3667 807 3862 868; x_wconf 49' lang='lat' dir='ltr'><strong>unﬁt-3t,</strong></span> 
     </span>
    </p>
   </div>
   <div class='ocr_carea' id='block_1_23' title="bbox 2245 897 3895 986">
    <p class='ocr_par' dir='ltr' id='par_1_23' title="bbox 2245 897 3895 986">
     <span class='ocr_line' id='line_1_23' title="bbox 2245 897 3895 986; baseline -0.008 -26"><span class='ocrx_word' id='word_1_163' title='bbox 2245 905 2387 960; x_wconf 88' lang='grc' dir='ltr'>οῦτω</span> <span class='ocrx_word' id='word_1_164' title='bbox 2417 907 2646 976; x_wconf 83' lang='grc' dir='ltr'>πάμπαν</span> <span class='ocrx_word' id='word_1_165' title='bbox 2693 904 2955 959; x_wconf 81' lang='grc' dir='ltr'>ἀδύνατον</span> <span class='ocrx_word' id='word_1_166' title='bbox 2991 903 3332 957; x_wconf 83' lang='grc' dir='ltr'>θεάσασθαι</span> <span class='ocrx_word' id='word_1_167' title='bbox 3387 897 3515 968; x_wconf 75' lang='grc' dir='ltr'>τὴν</span> <span class='ocrx_word' id='word_1_168' title='bbox 3552 897 3785 966; x_wconf 76' lang='grc' dir='ltr'>ἀόρατον</span> <span class='ocrx_word' id='word_1_169' title='bbox 3811 901 3866 963; x_wconf 59' lang='lat'><strong>7‘,</strong></span> 
     </span>
    </p>
   </div>
   <div class='ocr_carea' id='block_1_24' title="bbox 2249 984 3895 1066">
    <p class='ocr_par' dir='ltr' id='par_1_24' title="bbox 2249 984 3895 1066">
     <span class='ocr_line' id='line_1_24' title="bbox 2249 984 3895 1066; baseline -0.006 -18"><span class='ocrx_word' id='word_1_170' title='bbox 2249 1011 2352 1048; x_wconf 92' lang='grc' dir='ltr'>σιν.</span> <span class='ocrx_word' id='word_1_171' title='bbox 2381 995 2640 1066; x_wconf 81' lang='grc' dir='ltr'>Σημαξνει</span> <span class='ocrx_word' id='word_1_172' title='bbox 2665 993 2722 1047; x_wconf 84' lang='grc' dir='ltr'>δὲ</span> <span class='ocrx_word' id='word_1_173' title='bbox 2754 993 2848 1048; x_wconf 83' lang='grc' dir='ltr'><strong>καί</strong></span> <span class='ocrx_word' id='word_1_174' title='bbox 2875 994 2972 1064; x_wconf 78' lang='grc' dir='ltr'>τὴν</span> <span class='ocrx_word' id='word_1_175' title='bbox 3003 992 3332 1063; x_wconf 78' lang='grc' dir='ltr'>λεληθυῖαν</span> <span class='ocrx_word' id='word_1_176' title='bbox 3369 991 3446 1041; x_wconf 80' lang='grc' dir='ltr'>ὲν</span> <span class='ocrx_word' id='word_1_177' title='bbox 3480 984 3797 1058; x_wconf 79' lang='grc' dir='ltr'>ἀνθρώποις</span> <span class='ocrx_word' id='word_1_178' title='bbox 3813 989 3864 1039; x_wconf 53' lang='grc' dir='ltr'>τε</span> <span class='ocrx_word' id='word_1_179' title='bbox 3894 1011 3895 1028; x_wconf 46' lang='grc' dir='ltr'><em>ξ</em></span> 
     </span>
    </p>
   </div>
   <div class='ocr_carea' id='block_1_25' title="bbox 2247 1077 3895 1156">
    <p class='ocr_par' dir='ltr' id='par_1_25' title="bbox 2247 1077 3895 1156">
     <span class='ocr_line' id='line_1_25' title="bbox 2247 1077 3895 1156; baseline -0.007 -16"><span class='ocrx_word' id='word_1_180' title='bbox 2247 1086 2453 1156; x_wconf 79' lang='grc' dir='ltr'>Κυρίου</span> <span class='ocrx_word' id='word_1_181' title='bbox 2499 1085 2758 1150; x_wconf 82' lang='grc' dir='ltr'>κάθοδον,</span> <span class='ocrx_word' id='word_1_182' title='bbox 2807 1087 2894 1140; x_wconf 81' lang='grc' dir='ltr'>ὅτε</span> <span class='ocrx_word' id='word_1_183' title='bbox 2952 1086 3193 1156; x_wconf 80' lang='grc' dir='ltr'>πέφυκεν</span> <span class='ocrx_word' id='word_1_184' title='bbox 3263 1084 3346 1135; x_wconf 81' lang='grc' dir='ltr'>ὲν</span> <span class='ocrx_word' id='word_1_185' title='bbox 3409 1083 3495 1150; x_wconf 75' lang='grc' dir='ltr'><strong>τῇ</strong></span> <span class='ocrx_word' id='word_1_186' title='bbox 3569 1077 3677 1130; x_wconf 75' lang='grc' dir='ltr'><strong>τοῦ</strong></span> <span class='ocrx_word' id='word_1_187' title='bbox 3732 1079 3895 1156; x_wconf 62' lang='grc' dir='ltr'>δοὺὶιιξ</span> 
     </span>
    </p>
   </div>
   <div class='ocr_carea' id='block_1_26' title="bbox 2251 1170 3895 1250">
    <p class='ocr_par' dir='ltr' id='par_1_26' title="bbox 2251 1170 3895 1250">
     <span class='ocr_line' id='line_1_26' title="bbox 2251 1170 3895 1250; baseline -0.05 1"><span class='ocrx_word' id='word_1_188' title='bbox 2251 1181 2456 1250; x_wconf 80' lang='grc' dir='ltr'>μορφῇ.</span> <span class='ocrx_word' id='word_1_189' title='bbox 2503 1178 2578 1243; x_wconf 86' lang='grc' dir='ltr'>ὼς</span> <span class='ocrx_word' id='word_1_190' title='bbox 2607 1177 2842 1233; x_wconf 79' lang='grc' dir='ltr'>νοεῖσθαι,</span> <span class='ocrx_word' id='word_1_191' title='bbox 2891 1177 3118 1248; x_wconf 75' lang='grc' dir='ltr'><strong>νεφέλην</strong></span> <span class='ocrx_word' id='word_1_192' title='bbox 3147 1176 3260 1231; x_wconf 56' lang='grc' dir='ltr'><strong>καὶ</strong></span> <span class='ocrx_word' id='word_1_193' title='bbox 3313 1173 3572 1242; x_wconf 42' lang='lat' dir='ltr'><strong>Mc?”</strong></span> <span class='ocrx_word' id='word_1_194' title='bbox 3612 1170 3719 1241; x_wconf 61' lang='grc' dir='ltr'><strong>τὴν</strong></span> <span class='ocrx_word' id='word_1_195' title='bbox 3755 1170 3895 1250; x_wconf 36' lang='lat' dir='ltr'><strong>oewa</strong></span> 
     </span>
    </p>
   </div>
   <div class='ocr_carea' id='block_1_27' title="bbox 2248 1264 3865 1342">
    <p class='ocr_par' dir='ltr' id='par_1_27' title="bbox 2248 1264 3865 1342">
     <span class='ocr_line' id='line_1_27' title="bbox 2248 1264 3865 1342; baseline -0.006 -18"><span class='ocrx_word' id='word_1_196' title='bbox 2248 1270 2543 1342; x_wconf 72' lang='grc' dir='ltr'>ληφθεῖσαν</span> <span class='ocrx_word' id='word_1_197' title='bbox 2578 1271 2778 1342; x_wconf 89' lang='grc' dir='ltr'>σάρκα,</span> <span class='ocrx_word' id='word_1_198' title='bbox 2814 1271 2909 1325; x_wconf 75' lang='grc' dir='ltr'>ἅτε</span> <span class='ocrx_word' id='word_1_199' title='bbox 2941 1270 3039 1342; x_wconf 73' lang='grc' dir='ltr'>τὴν</span> <span class='ocrx_word' id='word_1_200' title='bbox 3077 1269 3346 1340; x_wconf 76' lang='grc' dir='ltr'>θεότητα</span> <span class='ocrx_word' id='word_1_201' title='bbox 3400 1264 3865 1334; x_wconf 66' lang='grc' dir='ltr'>ὑποκρύπτουεπι,</span> 
     </span>
    </p>
   </div>
   <div class='ocr_carea' id='block_1_28' title="bbox 2249 1353 3866 1428">
    <p class='ocr_par' dir='ltr' id='par_1_28' title="bbox 2249 1353 3866 1428">
     <span class='ocr_line' id='line_1_28' title="bbox 2249 1353 3866 1428; baseline -0.006 -14"><span class='ocrx_word' id='word_1_202' title='bbox 2249 1359 2392 1414; x_wconf 86' lang='grc' dir='ltr'><strong>κατά</strong></span> <span class='ocrx_word' id='word_1_203' title='bbox 2410 1360 2490 1413; x_wconf 87' lang='grc' dir='ltr'>τό·</span> <span class='ocrx_word' id='word_1_204' title='bbox 2514 1361 2715 1415; x_wconf 82' lang='grc' dir='ltr'>Ἐθετο</span> <span class='ocrx_word' id='word_1_205' title='bbox 2745 1361 2966 1428; x_wconf 80' lang='grc' dir='ltr'>σκότος</span> <span class='ocrx_word' id='word_1_206' title='bbox 2997 1357 3417 1428; x_wconf 63' lang='grc' dir='ltr'>ἁποκρυφὴν</span> <span class='ocrx_word' id='word_1_207' title='bbox 3443 1353 3692 1416; x_wconf 82' lang='grc' dir='ltr'>αὐτοῦ,</span> <span class='ocrx_word' id='word_1_208' title='bbox 3720 1355 3866 1417; x_wconf 62' lang='grc' dir='ltr'><strong>,εί-ιλιι</strong></span> 
     </span>
    </p>
   </div>
   <div class='ocr_carea' id='block_1_29' title="bbox 2248 1447 3861 1522">
    <p class='ocr_par' dir='ltr' id='par_1_29' title="bbox 2248 1447 3861 1522">
     <span class='ocr_line' id='line_1_29' title="bbox 2248 1447 3861 1522; baseline -0.004 -16"><span class='ocrx_word' id='word_1_209' title='bbox 2248 1451 2434 1506; x_wconf 86' lang='grc' dir='ltr'>αὐτοῦ</span> <span class='ocrx_word' id='word_1_210' title='bbox 2481 1451 2518 1518; x_wconf 79' lang='grc' dir='ltr'><strong><em>ἡ</em></strong></span> <span class='ocrx_word' id='word_1_211' title='bbox 2565 1451 2770 1520; x_wconf 78' lang='grc' dir='ltr'>σκηνὴ</span> <span class='ocrx_word' id='word_1_212' title='bbox 2801 1452 3008 1506; x_wconf 84' lang='grc' dir='ltr'>αὐτοῦ.</span> <span class='ocrx_word' id='word_1_213' title='bbox 3051 1449 3566 1522; x_wconf 71' lang='grc' dir='ltr'>Ἀναμιμνήσκει</span> <span class='ocrx_word' id='word_1_214' title='bbox 3606 1447 3670 1499; x_wconf 83' lang='grc' dir='ltr'>δὲ</span> <span class='ocrx_word' id='word_1_215' title='bbox 3721 1449 3861 1511; x_wconf 65' lang='lat' dir='ltr'><strong>uia;</strong></span> 
     </span>
    </p>
   </div>
   <div class='ocr_carea' id='block_1_30' title="bbox 2249 1538 3862 1616">
    <p class='ocr_par' dir='ltr' id='par_1_30' title="bbox 2249 1538 3862 1616">
     <span class='ocr_line' id='line_1_30' title="bbox 2249 1538 3862 1616; baseline -0.006 -17"><span class='ocrx_word' id='word_1_216' title='bbox 2249 1544 2413 1607; x_wconf 79' lang='grc' dir='ltr'>αὑτός</span> <span class='ocrx_word' id='word_1_217' title='bbox 2443 1545 2560 1598; x_wconf 76' lang='grc' dir='ltr'>ἐστι</span> <span class='ocrx_word' id='word_1_218' title='bbox 2605 1545 2700 1599; x_wconf 70' lang='grc' dir='ltr'>καὶ</span> <span class='ocrx_word' id='word_1_219' title='bbox 2730 1545 2758 1597; x_wconf 78' lang='grc' dir='ltr'>ὁ</span> <span class='ocrx_word' id='word_1_220' title='bbox 2789 1545 2849 1599; x_wconf 84' lang='grc' dir='ltr'>ὲν</span> <span class='ocrx_word' id='word_1_221' title='bbox 2893 1543 2974 1616; x_wconf 79' lang='grc' dir='ltr'>τῷ</span> <span class='ocrx_word' id='word_1_222' title='bbox 3013 1545 3143 1615; x_wconf 85' lang='grc' dir='ltr'>Σινᾷ</span> <span class='ocrx_word' id='word_1_223' title='bbox 3191 1543 3342 1614; x_wconf 83' lang='grc' dir='ltr'>δρει</span> <span class='ocrx_word' id='word_1_224' title='bbox 3385 1539 3499 1594; x_wconf 76' lang='grc' dir='ltr'><strong>διὰ</strong></span> <span class='ocrx_word' id='word_1_225' title='bbox 3537 1538 3778 1608; x_wconf 71' lang='grc' dir='ltr'>νεφέλης</span> <span class='ocrx_word' id='word_1_226' title='bbox 3811 1542 3862 1590; x_wconf 64' lang='grc' dir='ltr'>εξ</span> 
     </span>
    </p>
   </div>
   <div class='ocr_carea' id='block_1_31' title="bbox 2249 1632 3858 1708">
    <p class='ocr_par' dir='ltr' id='par_1_31' title="bbox 2249 1632 3858 1708">
     <span class='ocr_line' id='line_1_31' title="bbox 2249 1632 3858 1708; baseline 0 -19"><span class='ocrx_word' id='word_1_227' title='bbox 2249 1637 2447 1706; x_wconf 82' lang='grc' dir='ltr'>γνόφου</span> <span class='ocrx_word' id='word_1_228' title='bbox 2507 1637 2609 1708; x_wconf 85' lang='grc' dir='ltr'>τὴν</span> <span class='ocrx_word' id='word_1_229' title='bbox 2655 1637 2860 1692; x_wconf 87' lang='grc' dir='ltr'>οίκείαν</span> <span class='ocrx_word' id='word_1_230' title='bbox 2904 1638 3285 1707; x_wconf 78' lang='grc' dir='ltr'><strong>ποιησάμενος</strong></span> <span class='ocrx_word' id='word_1_231' title='bbox 3347 1632 3758 1702; x_wconf 54' lang='grc' dir='ltr'>ἐπιφάνειαν,</span> <span class='ocrx_word' id='word_1_232' title='bbox 3801 1634 3858 1682; x_wconf 64' lang='lat' dir='ltr'><strong>ri:</strong></span> 
     </span>
    </p>
   </div>
   <div class='ocr_carea' id='block_1_32' title="bbox 2249 1721 3890 1808">
    <p class='ocr_par' dir='ltr' id='par_1_32' title="bbox 2249 1721 3890 1808">
     <span class='ocr_line' id='line_1_32' title="bbox 2249 1721 3890 1808; baseline -0.006 -27"><span class='ocrx_word' id='word_1_233' title='bbox 2249 1727 2510 1792; x_wconf 81' lang='grc' dir='ltr'><strong>διδάσκει,</strong></span> <span class='ocrx_word' id='word_1_234' title='bbox 2544 1729 2648 1792; x_wconf 83' lang='grc' dir='ltr'>ὅτι,</span> <span class='ocrx_word' id='word_1_235' title='bbox 2683 1731 2732 1781; x_wconf 87' lang='grc' dir='ltr'><strong>εἰ</strong></span> <span class='ocrx_word' id='word_1_236' title='bbox 2761 1729 2855 1782; x_wconf 77' lang='grc' dir='ltr'>καὶ</span> <span class='ocrx_word' id='word_1_237' title='bbox 2884 1727 2982 1799; x_wconf 79' lang='grc' dir='ltr'>τὴν</span> <span class='ocrx_word' id='word_1_238' title='bbox 3016 1726 3164 1780; x_wconf 81' lang='grc' dir='ltr'>θείαν</span> <span class='ocrx_word' id='word_1_239' title='bbox 3203 1725 3413 1796; x_wconf 82' lang='grc' dir='ltr'>φύσιν</span> <span class='ocrx_word' id='word_1_240' title='bbox 3459 1721 3749 1777; x_wconf 76' lang='grc' dir='ltr'>ἀδύνατον</span> <span class='ocrx_word' id='word_1_241' title='bbox 3777 1738 3860 1772; x_wconf 71' lang='grc' dir='ltr'>κπ-</span> <span class='ocrx_word' id='word_1_242' title='bbox 3887 1803 3890 1808; x_wconf 53' lang='lat'><em>_</em></span> 
     </span>
    </p>
   </div>
   <div class='ocr_carea' id='block_1_33' title="bbox 575 1795 2152 1892">
    <p class='ocr_par' dir='ltr' id='par_1_33' title="bbox 575 1795 2148 1892">
     <span class='ocr_line' id='line_1_33' title="bbox 575 1795 2148 1892; baseline 0.008 -27"><span class='ocrx_word' id='word_1_243' title='bbox 575 1819 748 1867; x_wconf 88' lang='lat' dir='ltr'><strong>tutem</strong></span> <span class='ocrx_word' id='word_1_244' title='bbox 801 1816 1065 1886; x_wconf 80' lang='lat' dir='ltr'><strong>conspici.</strong></span> <span class='ocrx_word' id='word_1_245' title='bbox 1104 1819 1382 1890; x_wconf 89' lang='lat' dir='ltr'><strong>Siquidem</strong></span> <span class='ocrx_word' id='word_1_246' title='bbox 1427 1795 1700 1892; x_wconf 78' lang='lat' dir='ltr'><strong>justitiam</strong></span> <span class='ocrx_word' id='word_1_247' title='bbox 1745 1795 1995 1878; x_wconf 74' lang='lat' dir='ltr'><strong>homines</strong></span> <span class='ocrx_word' id='word_1_248' title='bbox 2047 1821 2148 1877; x_wconf 89' lang='lat' dir='ltr'><strong>do-</strong></span> 
     </span>
    </p>
   </div>
   <div class='ocr_carea' id='block_1_34' title="bbox 2255 1795 3890 1892">
    <p class='ocr_par' dir='ltr' id='par_1_34' title="bbox 2255 1809 3890 1889">
     <span class='ocr_line' id='line_1_34' title="bbox 2255 1809 3890 1889; baseline -0.005 -18"><span class='ocrx_word' id='word_1_249' title='bbox 2255 1809 2416 1882; x_wconf 82' lang='grc' dir='ltr'>ιδὲῖν,</span> <span class='ocrx_word' id='word_1_250' title='bbox 2465 1817 2578 1871; x_wconf 83' lang='grc' dir='ltr'>ἀλλ’</span> <span class='ocrx_word' id='word_1_251' title='bbox 2619 1813 2711 1871; x_wconf 83' lang='grc' dir='ltr'>οὖν</span> <span class='ocrx_word' id='word_1_252' title='bbox 2759 1817 2846 1871; x_wconf 79' lang='grc' dir='ltr'><strong>διὰ</strong></span> <span class='ocrx_word' id='word_1_253' title='bbox 2882 1819 2980 1889; x_wconf 80' lang='grc' dir='ltr'>τῆς</span> <span class='ocrx_word' id='word_1_254' title='bbox 3027 1817 3331 1889; x_wconf 75' lang='grc' dir='ltr'>ἐνεργείας</span> <span class='ocrx_word' id='word_1_255' title='bbox 3391 1815 3519 1886; x_wconf 80' lang='grc' dir='ltr'>τὴν</span> <span class='ocrx_word' id='word_1_256' title='bbox 3573 1812 3775 1883; x_wconf 76' lang='grc' dir='ltr'>ταύτης</span> <span class='ocrx_word' id='word_1_257' title='bbox 3798 1813 3890 1888; x_wconf 51' lang='lat'><strong>65-;</strong></span> 
     </span>
    </p>
   </div>
   <div class='ocr_carea' id='block_1_35' title="bbox 575 1907 2151 1980">
    <p class='ocr_par' dir='ltr' id='par_1_35' title="bbox 575 1907 2151 1980">
     <span class='ocr_line' id='line_1_35' title="bbox 575 1907 2151 1980; baseline 0.008 -21"><span class='ocrx_word' id='word_1_258' title='bbox 575 1907 726 1974; x_wconf 79' lang='lat' dir='ltr'><strong>cuit;</strong></span> <span class='ocrx_word' id='word_1_259' title='bbox 754 1922 818 1962; x_wconf 87' lang='lat' dir='ltr'><strong>ac</strong></span> <span class='ocrx_word' id='word_1_260' title='bbox 839 1923 935 1964; x_wconf 91' lang='lat' dir='ltr'><strong>eos</strong></span> <span class='ocrx_word' id='word_1_261' title='bbox 955 1910 1051 1980; x_wconf 88' lang='lat' dir='ltr'><strong>qui</strong></span> <span class='ocrx_word' id='word_1_262' title='bbox 1078 1913 1264 1967; x_wconf 87' lang='lat' dir='ltr'><strong>omnia</strong></span> <span class='ocrx_word' id='word_1_263' title='bbox 1297 1913 1418 1969; x_wconf 90' lang='lat' dir='ltr'><strong>sine</strong></span> <span class='ocrx_word' id='word_1_264' title='bbox 1459 1915 1673 1970; x_wconf 86' lang='lat' dir='ltr'><strong>delectu</strong></span> <span class='ocrx_word' id='word_1_265' title='bbox 1723 1925 1777 1972; x_wconf 89' lang='lat' dir='ltr'><strong>et</strong></span> <span class='ocrx_word' id='word_1_266' title='bbox 1824 1915 2151 1972; x_wconf 86' lang='lat' dir='ltr'><strong>discretione</strong></span> 
     </span>
    </p>
   </div>
   <div class='ocr_carea' id='block_1_36' title="bbox 578 2000 2150 2077">
    <p class='ocr_par' dir='ltr' id='par_1_36' title="bbox 578 2000 2150 2077">
     <span class='ocr_line' id='line_1_36' title="bbox 578 2000 2150 2077; baseline 0.006 -26"><span class='ocrx_word' id='word_1_267' title='bbox 578 2000 931 2068; x_wconf 79' lang='lat' dir='ltr'><strong>peragebant,</strong></span> <span class='ocrx_word' id='word_1_268' title='bbox 968 2012 1028 2055; x_wconf 90' lang='lat' dir='ltr'><strong>ut</strong></span> <span class='ocrx_word' id='word_1_269' title='bbox 1085 2019 1210 2058; x_wconf 88' lang='lat' dir='ltr'><strong>cum</strong></span> <span class='ocrx_word' id='word_1_270' title='bbox 1256 2013 1408 2060; x_wconf 86' lang='lat' dir='ltr'><strong>recto</strong></span> <span class='ocrx_word' id='word_1_271' title='bbox 1426 2005 1636 2076; x_wconf 90' lang='lat' dir='ltr'><strong>judicio</strong></span> <span class='ocrx_word' id='word_1_272' title='bbox 1683 2006 1849 2062; x_wconf 86' lang='lat' dir='ltr'><strong>vitam</strong></span> <span class='ocrx_word' id='word_1_273' title='bbox 1906 2016 2150 2077; x_wconf 81' lang='lat' dir='ltr'><strong>agerent,</strong></span> 
     </span>
    </p>
   </div>
   <div class='ocr_carea' id='block_1_37' title="bbox 577 2089 2150 2170">
    <p class='ocr_par' dir='ltr' id='par_1_37' title="bbox 577 2089 2150 2170">
     <span class='ocr_line' id='line_1_37' title="bbox 577 2089 2150 2170; baseline 0.006 -28"><span class='ocrx_word' id='word_1_274' title='bbox 577 2089 836 2146; x_wconf 90' lang='lat' dir='ltr'><strong>instituit.</strong></span> <span class='ocrx_word' id='word_1_275' title='bbox 890 2091 1004 2147; x_wconf 84' lang='lat' dir='ltr'><strong>Hoc</strong></span> <span class='ocrx_word' id='word_1_276' title='bbox 1061 2094 1235 2164; x_wconf 89' lang='lat' dir='ltr'><strong>ipsius</strong></span> <span class='ocrx_word' id='word_1_277' title='bbox 1275 2096 1507 2154; x_wconf 85' lang='lat' dir='ltr'><strong>thronus</strong></span> <span class='ocrx_word' id='word_1_278' title='bbox 1563 2113 1626 2154; x_wconf 88' lang='lat' dir='ltr'><strong>ac</strong></span> <span class='ocrx_word' id='word_1_279' title='bbox 1678 2114 1905 2170; x_wconf 78' lang='lat' dir='ltr'><strong>regnum</strong></span> <span class='ocrx_word' id='word_1_280' title='bbox 1955 2097 2150 2164; x_wconf 69' lang='lat' dir='ltr'><strong>efficit;</strong></span> 
     </span>
    </p>
   </div>
   <div class='ocr_carea' id='block_1_38' title="bbox 578 2181 2153 2258">
    <p class='ocr_par' dir='ltr' id='par_1_38' title="bbox 578 2181 2153 2258">
     <span class='ocr_line' id='line_1_38' title="bbox 578 2181 2153 2258; baseline 0.008 -26"><span class='ocrx_word' id='word_1_281' title='bbox 578 2194 750 2250; x_wconf 86' lang='lat' dir='ltr'><strong>quare</strong></span> <span class='ocrx_word' id='word_1_282' title='bbox 793 2181 984 2237; x_wconf 62' lang='lat' dir='ltr'><strong>addit:</strong></span> <span class='ocrx_word' id='word_1_283' title='bbox 1013 2183 1240 2240; x_wconf 73' lang='lat' dir='ltr'><strong>Iustitia</strong></span> <span class='ocrx_word' id='word_1_284' title='bbox 1288 2198 1338 2242; x_wconf 91' lang='lat' dir='ltr'><strong>et</strong></span> <span class='ocrx_word' id='word_1_285' title='bbox 1361 2188 1627 2258; x_wconf 82' lang='lat' dir='ltr'><strong>judicium</strong></span> <span class='ocrx_word' id='word_1_286' title='bbox 1680 2191 1930 2244; x_wconf 75' lang='lat' dir='ltr'><strong>correctio</strong></span> <span class='ocrx_word' id='word_1_287' title='bbox 1979 2189 2153 2244; x_wconf 80' lang='lat' dir='ltr'><strong>throni</strong></span> 
     </span>
    </p>
   </div>
   <div class='ocr_carea' id='block_1_39' title="bbox 577 2273 2156 2350">
    <p class='ocr_par' dir='ltr' id='par_1_39' title="bbox 577 2273 2156 2350">
     <span class='ocr_line' id='line_1_39' title="bbox 577 2273 2156 2350; baseline 0.006 -24"><span class='ocrx_word' id='word_1_288' title='bbox 577 2273 713 2344; x_wconf 87' lang='lat' dir='ltr'><strong>ejus.</strong></span> <span class='ocrx_word' id='word_1_289' title='bbox 735 2273 858 2330; x_wconf 73' lang='grc' dir='ltr'><strong>Ιιωρ</strong></span> <span class='ocrx_word' id='word_1_290' title='bbox 881 2276 998 2344; x_wconf 86' lang='lat' dir='ltr'><strong>fuit,</strong></span> <span class='ocrx_word' id='word_1_291' title='bbox 1027 2280 1224 2349; x_wconf 86' lang='lat' dir='ltr'><strong>inquit,</strong></span> <span class='ocrx_word' id='word_1_292' title='bbox 1250 2281 1516 2336; x_wconf 87' lang='lat' dir='ltr'><strong>adventus</strong></span> <span class='ocrx_word' id='word_1_293' title='bbox 1545 2282 1691 2336; x_wconf 90' lang='lat' dir='ltr'><strong>illius</strong></span> <span class='ocrx_word' id='word_1_294' title='bbox 1714 2296 1902 2344; x_wconf 85' lang='lat' dir='ltr'><strong>causa,</strong></span> <span class='ocrx_word' id='word_1_295' title='bbox 1936 2281 2156 2350; x_wconf 90' lang='lat' dir='ltr'><strong>utjudi-</strong></span> 
     </span>
    </p>
   </div>
   <div class='ocr_carea' id='block_1_40' title="bbox 578 2366 2154 2443">
    <p class='ocr_par' dir='ltr' id='par_1_40' title="bbox 578 2366 2154 2443">
     <span class='ocr_line' id='line_1_40' title="bbox 578 2366 2154 2443; baseline 0.007 -26"><span class='ocrx_word' id='word_1_296' title='bbox 578 2373 730 2418; x_wconf 84' lang='lat' dir='ltr'><strong>carct</strong></span> <span class='ocrx_word' id='word_1_297' title='bbox 746 2366 896 2434; x_wconf 86' lang='lat' dir='ltr'><strong>juste</strong></span> <span class='ocrx_word' id='word_1_298' title='bbox 925 2383 1150 2424; x_wconf 86' lang='lat' dir='ltr'><strong>causam</strong></span> <span class='ocrx_word' id='word_1_299' title='bbox 1175 2381 1441 2434; x_wconf 88' lang='lat' dir='ltr'><strong>nostram,</strong></span> <span class='ocrx_word' id='word_1_300' title='bbox 1477 2388 1639 2443; x_wconf 89' lang='lat' dir='ltr'><strong>quam</strong></span> <span class='ocrx_word' id='word_1_301' title='bbox 1666 2373 2154 2443; x_wconf 79' lang='lat' dir='ltr'><strong>contra-malignas</strong></span> 
     </span>
    </p>
   </div>
   <div class='ocr_carea' id='block_1_41' title="bbox 579 2455 2155 2536">
    <p class='ocr_par' dir='ltr' id='par_1_41' title="bbox 579 2455 2155 2536">
     <span class='ocr_line' id='line_1_41' title="bbox 579 2455 2155 2536; baseline 0.006 -26"><span class='ocrx_word' id='word_1_302' title='bbox 579 2464 634 2510; x_wconf 91' lang='lat' dir='ltr'><strong>et</strong></span> <span class='ocrx_word' id='word_1_303' title='bbox 663 2455 1009 2514; x_wconf 87' lang='lat' dir='ltr'><strong>adversarias</strong></span> <span class='ocrx_word' id='word_1_304' title='bbox 1033 2467 1337 2531; x_wconf 88' lang='lat' dir='ltr'><strong>potestates</strong></span> <span class='ocrx_word' id='word_1_305' title='bbox 1382 2464 1670 2520; x_wconf 85' lang='lat' dir='ltr'><strong>habemus.</strong></span> <span class='ocrx_word' id='word_1_306' title='bbox 1727 2463 1789 2520; x_wconf 87' lang='lat' dir='ltr'><strong>In</strong></span> <span class='ocrx_word' id='word_1_307' title='bbox 1815 2481 1915 2521; x_wconf 91' lang='lat' dir='ltr'><strong>nos</strong></span> <span class='ocrx_word' id='word_1_308' title='bbox 1953 2467 2155 2536; x_wconf 89' lang='lat' dir='ltr'><strong>quippe</strong></span> 
     </span>
    </p>
   </div>
   <div class='ocr_carea' id='block_1_42' title="bbox 580 2550 2154 2632">
    <p class='ocr_par' dir='ltr' id='par_1_42' title="bbox 580 2550 2154 2632">
     <span class='ocr_line' id='line_1_42' title="bbox 580 2550 2154 2632; baseline 0.01 -30"><span class='ocrx_word' id='word_1_309' title='bbox 580 2550 829 2619; x_wconf 88' lang='lat' dir='ltr'><strong>regnavit</strong></span> <span class='ocrx_word' id='word_1_310' title='bbox 849 2550 1126 2619; x_wconf 87' lang='lat' dir='ltr'><strong>Christus,</strong></span> <span class='ocrx_word' id='word_1_311' title='bbox 1175 2565 1231 2612; x_wconf 93' lang='lat' dir='ltr'><strong>ut</strong></span> <span class='ocrx_word' id='word_1_312' title='bbox 1288 2557 1392 2614; x_wconf 83' lang='lat' dir='ltr'><strong>fide</strong></span> <span class='ocrx_word' id='word_1_313' title='bbox 1453 2559 1784 2628; x_wconf 87' lang='lat' dir='ltr'><strong>justilicaret</strong></span> <span class='ocrx_word' id='word_1_314' title='bbox 1832 2577 1929 2618; x_wconf 88' lang='lat' dir='ltr'><strong>eos</strong></span> <span class='ocrx_word' id='word_1_315' title='bbox 1976 2562 2066 2632; x_wconf 87' lang='lat' dir='ltr'><strong>qui</strong></span> <span class='ocrx_word' id='word_1_316' title='bbox 2098 2562 2154 2618; x_wconf 89' lang='lat' dir='ltr'><strong>in</strong></span> 
     </span>
    </p>
   </div>
   <div class='ocr_carea' id='block_1_43' title="bbox 580 2645 2151 2723">
    <p class='ocr_par' dir='ltr' id='par_1_43' title="bbox 580 2645 2151 2723">
     <span class='ocr_line' id='line_1_43' title="bbox 580 2645 2151 2723; baseline 0.007 -26"><span class='ocrx_word' id='word_1_317' title='bbox 580 2651 805 2713; x_wconf 84' lang='lat' dir='ltr'><strong>peccato</strong></span> <span class='ocrx_word' id='word_1_318' title='bbox 824 2653 1000 2703; x_wconf 90' lang='lat' dir='ltr'><strong>erant.</strong></span> <span class='ocrx_word' id='word_1_319' title='bbox 1019 2645 1021 2647; x_wconf 76' lang='grc'><strong>’</strong></span> <span class='ocrx_word' id='word_1_320' title='bbox 1041 2646 1460 2704; x_wconf 83' lang='lat' dir='ltr'><strong>Judicioautem</strong></span> <span class='ocrx_word' id='word_1_321' title='bbox 1482 2657 1566 2706; x_wconf 83' lang='lat' dir='ltr'><strong>est</strong></span> <span class='ocrx_word' id='word_1_322' title='bbox 1597 2666 1730 2706; x_wconf 90' lang='lat' dir='ltr'><strong>usus</strong></span> <span class='ocrx_word' id='word_1_323' title='bbox 1755 2652 1913 2723; x_wconf 89' lang='lat' dir='ltr'><strong>plane</strong></span> <span class='ocrx_word' id='word_1_324' title='bbox 1942 2653 2151 2720; x_wconf 90' lang='lat' dir='ltr'><strong>divino,</strong></span> 
     </span>
    </p>
   </div>
   <div class='ocr_carea' id='block_1_44' title="bbox 579 2737 2155 2815">
    <p class='ocr_par' dir='ltr' id='par_1_44' title="bbox 579 2737 2155 2815">
     <span class='ocr_line' id='line_1_44' title="bbox 579 2737 2155 2815; baseline 0.008 -27"><span class='ocrx_word' id='word_1_325' title='bbox 579 2749 645 2789; x_wconf 91' lang='lat' dir='ltr'><strong>ac</strong></span> <span class='ocrx_word' id='word_1_326' title='bbox 675 2737 1074 2794; x_wconf 85' lang='lat' dir='ltr'><strong>humanissimo</strong></span> <span class='ocrx_word' id='word_1_327' title='bbox 1102 2753 1117 2790; x_wconf 91' lang='lat'><strong>:</strong></span> <span class='ocrx_word' id='word_1_328' title='bbox 1144 2739 1412 2810; x_wconf 82' lang='lat' dir='ltr'><strong>judicavit</strong></span> <span class='ocrx_word' id='word_1_329' title='bbox 1442 2742 1609 2806; x_wconf 86' lang='lat' dir='ltr'><strong>enim,</strong></span> <span class='ocrx_word' id='word_1_330' title='bbox 1644 2758 1753 2798; x_wconf 88' lang='lat' dir='ltr'><strong>non</strong></span> <span class='ocrx_word' id='word_1_331' title='bbox 1801 2759 1865 2798; x_wconf 82' lang='lat' dir='ltr'><strong>ex</strong></span> <span class='ocrx_word' id='word_1_332' title='bbox 1897 2745 2155 2815; x_wconf 87' lang='lat' dir='ltr'><strong>operibus</strong></span> 
     </span>
    </p>
   </div>
   <div class='ocr_carea' id='block_1_45' title="bbox 573 2826 2156 2896">
    <p class='ocr_par' dir='ltr' id='par_1_45' title="bbox 573 2826 2156 2896">
     <span class='ocr_line' id='line_1_45' title="bbox 573 2826 2156 2896; baseline 0.004 -13"><span class='ocrx_word' id='word_1_333' title='bbox 573 2826 827 2896; x_wconf 76' lang='lat' dir='ltr'><strong>iustitiae,</strong></span> <span class='ocrx_word' id='word_1_334' title='bbox 859 2827 956 2886; x_wconf 88' lang='lat' dir='ltr'><strong>sed</strong></span> <span class='ocrx_word' id='word_1_335' title='bbox 1002 2830 1304 2885; x_wconf 91' lang='lat' dir='ltr'><strong>secundum</strong></span> <span class='ocrx_word' id='word_1_336' title='bbox 1363 2832 1794 2888; x_wconf 89' lang='lat' dir='ltr'><strong>misericordiam</strong></span> <span class='ocrx_word' id='word_1_337' title='bbox 1847 2849 2001 2891; x_wconf 89' lang='lat' dir='ltr'><strong>suam</strong></span> <span class='ocrx_word' id='word_1_338' title='bbox 2039 2851 2156 2890; x_wconf 87' lang='lat' dir='ltr'><strong>ma-</strong></span> 
     </span>
    </p>
   </div>
   <div class='ocr_carea' id='block_1_46' title="bbox 577 2927 2154 2998">
    <p class='ocr_par' dir='ltr' id='par_1_46' title="bbox 577 2927 2154 2998">
     <span class='ocr_line' id='line_1_46' title="bbox 577 2927 2154 2998; baseline 0.004 -24"><span class='ocrx_word' id='word_1_339' title='bbox 577 2933 786 2990; x_wconf 80' lang='lat' dir='ltr'><strong>gnam:</strong></span> <span class='ocrx_word' id='word_1_340' title='bbox 826 2935 1036 2992; x_wconf 87' lang='lat' dir='ltr'><strong>nosque</strong></span> <span class='ocrx_word' id='word_1_341' title='bbox 1084 2937 1180 2992; x_wconf 89' lang='lat' dir='ltr'><strong>per</strong></span> <span class='ocrx_word' id='word_1_342' title='bbox 1215 2936 1418 2993; x_wconf 87' lang='lat' dir='ltr'><strong>aquam</strong></span> <span class='ocrx_word' id='word_1_343' title='bbox 1466 2933 1714 2982; x_wconf 91' lang='lat' dir='ltr'><strong>sanctam</strong></span> <span class='ocrx_word' id='word_1_344' title='bbox 1765 2936 1822 2981; x_wconf 91' lang='lat' dir='ltr'><strong>et</strong></span> <span class='ocrx_word' id='word_1_345' title='bbox 1868 2927 2154 2998; x_wconf 89' lang='lat' dir='ltr'><strong>mysticam</strong></span> 
     </span>
    </p>
   </div>
   <div class='ocr_carea' id='block_1_47' title="bbox 579 3010 2152 3084">
    <p class='ocr_par' dir='ltr' id='par_1_47' title="bbox 579 3010 2152 3084">
     <span class='ocr_line' id='line_1_47' title="bbox 579 3010 2152 3084; baseline 0.003 -19"><span class='ocrx_word' id='word_1_346' title='bbox 579 3011 760 3066; x_wconf 82' lang='lat' dir='ltr'><strong>salvos</strong></span> <span class='ocrx_word' id='word_1_347' title='bbox 791 3010 990 3077; x_wconf 75' lang='lat' dir='ltr'><strong>effecit,</strong></span> <span class='ocrx_word' id='word_1_348' title='bbox 1023 3011 1082 3068; x_wconf 87' lang='lat' dir='ltr'><strong>in</strong></span> <span class='ocrx_word' id='word_1_349' title='bbox 1109 3028 1217 3084; x_wconf 86' lang='lat' dir='ltr'><strong>qua</strong></span> <span class='ocrx_word' id='word_1_350' title='bbox 1249 3014 1521 3070; x_wconf 87' lang='lat' dir='ltr'><strong>contritus</strong></span> <span class='ocrx_word' id='word_1_351' title='bbox 1550 3025 1599 3070; x_wconf 86' lang='lat' dir='ltr'><strong>et</strong></span> <span class='ocrx_word' id='word_1_352' title='bbox 1625 3017 1983 3072; x_wconf 89' lang='lat' dir='ltr'><strong>conculcatus</strong></span> <span class='ocrx_word' id='word_1_353' title='bbox 2028 3016 2152 3082; x_wconf 92' lang='lat' dir='ltr'><strong>fuit,</strong></span> 
     </span>
    </p>
   </div>
   <div class='ocr_carea' id='block_1_48' title="bbox 580 3099 2153 3177">
    <p class='ocr_par' dir='ltr' id='par_1_48' title="bbox 580 3099 2153 3177">
     <span class='ocr_line' id='line_1_48' title="bbox 580 3099 2153 3177; baseline 0.004 -23"><span class='ocrx_word' id='word_1_354' title='bbox 580 3099 691 3154; x_wconf 93' lang='lat' dir='ltr'><strong>imo</strong></span> <span class='ocrx_word' id='word_1_355' title='bbox 718 3100 901 3170; x_wconf 87' lang='lat' dir='ltr'><strong>potius</strong></span> <span class='ocrx_word' id='word_1_356' title='bbox 949 3102 1113 3172; x_wconf 88' lang='lat' dir='ltr'><strong>periit</strong></span> <span class='ocrx_word' id='word_1_357' title='bbox 1172 3101 1340 3158; x_wconf 90' lang='lat' dir='ltr'><strong>draco</strong></span> <span class='ocrx_word' id='word_1_358' title='bbox 1395 3105 1487 3159; x_wconf 91' lang='lat' dir='ltr'><strong>ille</strong></span> <span class='ocrx_word' id='word_1_359' title='bbox 1516 3105 1705 3161; x_wconf 89' lang='lat' dir='ltr'><strong>multis</strong></span> <span class='ocrx_word' id='word_1_360' title='bbox 1764 3107 2038 3177; x_wconf 84' lang='lat' dir='ltr'><strong>capitibus</strong></span> <span class='ocrx_word' id='word_1_361' title='bbox 2067 3107 2153 3161; x_wconf 55' lang='lat' dir='ltr'><strong>in-</strong></span> 
     </span>
    </p>
   </div>
   <div class='ocr_carea' id='block_1_49' title="bbox 579 3193 2152 3267">
    <p class='ocr_par' dir='ltr' id='par_1_49' title="bbox 579 3193 2152 3267">
     <span class='ocr_line' id='line_1_49' title="bbox 579 3193 2152 3267; baseline 0.004 -21"><span class='ocrx_word' id='word_1_362' title='bbox 579 3197 848 3255; x_wconf 87' lang='lat' dir='ltr'><strong>structus,</strong></span> <span class='ocrx_word' id='word_1_363' title='bbox 906 3205 972 3247; x_wconf 89' lang='lat' dir='ltr'><strong>ac</strong></span> <span class='ocrx_word' id='word_1_364' title='bbox 1025 3205 1151 3246; x_wconf 89' lang='lat' dir='ltr'><strong>cum</strong></span> <span class='ocrx_word' id='word_1_365' title='bbox 1193 3206 1260 3248; x_wconf 91' lang='lat' dir='ltr'><strong>eo</strong></span> <span class='ocrx_word' id='word_1_366' title='bbox 1284 3193 1520 3250; x_wconf 84' lang='lat' dir='ltr'><strong>virtutes</strong></span> <span class='ocrx_word' id='word_1_367' title='bbox 1549 3194 1670 3264; x_wconf 88' lang='lat' dir='ltr'><strong>ejus</strong></span> <span class='ocrx_word' id='word_1_368' title='bbox 1711 3195 1980 3267; x_wconf 65' lang='lat' dir='ltr'><strong>malignae.</strong></span> <span class='ocrx_word' id='word_1_369' title='bbox 2027 3195 2152 3252; x_wconf 70' lang='lat' dir='ltr'><strong>llaec</strong></span> 
     </span>
    </p>
   </div>
   <div class='ocr_carea' id='block_1_50' title="bbox 577 3279 2150 3356">
    <p class='ocr_par' dir='ltr' id='par_1_50' title="bbox 577 3279 2150 3356">
     <span class='ocr_line' id='line_1_50' title="bbox 577 3279 2150 3356; baseline 0.004 -22"><span class='ocrx_word' id='word_1_370' title='bbox 577 3280 818 3334; x_wconf 79' lang='lat' dir='ltr'><strong>correxit</strong></span> <span class='ocrx_word' id='word_1_371' title='bbox 859 3279 1066 3336; x_wconf 89' lang='lat' dir='ltr'><strong>Christi</strong></span> <span class='ocrx_word' id='word_1_372' title='bbox 1094 3295 1343 3352; x_wconf 80' lang='lat' dir='ltr'><strong>regnum.</strong></span> <span class='ocrx_word' id='word_1_373' title='bbox 1389 3281 1448 3338; x_wconf 75' lang='grc' dir='ltr'><strong>ιιι</strong></span> <span class='ocrx_word' id='word_1_374' title='bbox 1496 3298 1628 3339; x_wconf 88' lang='lat' dir='ltr'><strong>sane</strong></span> <span class='ocrx_word' id='word_1_375' title='bbox 1680 3283 1807 3339; x_wconf 92' lang='lat' dir='ltr'><strong>hinc</strong></span> <span class='ocrx_word' id='word_1_376' title='bbox 1839 3286 2015 3356; x_wconf 90' lang='lat' dir='ltr'><strong>palam</strong></span> <span class='ocrx_word' id='word_1_377' title='bbox 2043 3295 2150 3351; x_wconf 88' lang='lat' dir='ltr'><strong>est,</strong></span> 
     </span>
    </p>
   </div>
   <div class='ocr_carea' id='block_1_51' title="bbox 577 3371 2155 3444">
    <p class='ocr_par' dir='ltr' id='par_1_51' title="bbox 577 3371 2155 3444">
     <span class='ocr_line' id='line_1_51' title="bbox 577 3371 2155 3444; baseline 0.003 -17"><span class='ocrx_word' id='word_1_378' title='bbox 577 3371 726 3443; x_wconf 89' lang='lat' dir='ltr'><strong>quod</strong></span> <span class='ocrx_word' id='word_1_379' title='bbox 752 3387 852 3427; x_wconf 89' lang='lat' dir='ltr'><strong>nos</strong></span> <span class='ocrx_word' id='word_1_380' title='bbox 871 3371 1094 3443; x_wconf 90' lang='lat' dir='ltr'><strong>quidem</strong></span> <span class='ocrx_word' id='word_1_381' title='bbox 1122 3372 1192 3427; x_wconf 90' lang='lat' dir='ltr'><strong>ab</strong></span> <span class='ocrx_word' id='word_1_382' title='bbox 1221 3373 1290 3429; x_wconf 88' lang='lat' dir='ltr'><strong>iis</strong></span> <span class='ocrx_word' id='word_1_383' title='bbox 1311 3374 1406 3442; x_wconf 89' lang='lat' dir='ltr'><strong>qui</strong></span> <span class='ocrx_word' id='word_1_384' title='bbox 1436 3389 1538 3429; x_wconf 91' lang='lat' dir='ltr'><strong>nos</strong></span> <span class='ocrx_word' id='word_1_385' title='bbox 1572 3373 1774 3444; x_wconf 87' lang='lat' dir='ltr'><strong>injuste</strong></span> <span class='ocrx_word' id='word_1_386' title='bbox 1815 3376 1870 3429; x_wconf 91' lang='lat' dir='ltr'><strong>in</strong></span> <span class='ocrx_word' id='word_1_387' title='bbox 1919 3377 2155 3432; x_wconf 86' lang='lat' dir='ltr'><strong>servitu-</strong></span> 
     </span>
    </p>
   </div>
   <div class='ocr_carea' id='block_1_52' title="bbox 577 3465 2151 3535">
    <p class='ocr_par' dir='ltr' id='par_1_52' title="bbox 577 3465 2151 3535">
     <span class='ocr_line' id='line_1_52' title="bbox 577 3465 2151 3535; baseline 0.001 -14"><span class='ocrx_word' id='word_1_388' title='bbox 577 3471 689 3521; x_wconf 78' lang='lat' dir='ltr'><strong>tem</strong></span> <span class='ocrx_word' id='word_1_389' title='bbox 718 3465 1041 3535; x_wconf 85' lang='lat' dir='ltr'><strong>redegerant</strong></span> <span class='ocrx_word' id='word_1_390' title='bbox 1061 3465 1274 3521; x_wconf 90' lang='lat' dir='ltr'><strong>liberati</strong></span> <span class='ocrx_word' id='word_1_391' title='bbox 1317 3465 1490 3521; x_wconf 88' lang='lat' dir='ltr'><strong>simus</strong></span> <span class='ocrx_word' id='word_1_392' title='bbox 1509 3505 1525 3530; x_wconf 92' lang='lat'><strong>,</strong></span> <span class='ocrx_word' id='word_1_393' title='bbox 1559 3466 1636 3520; x_wconf 78' lang='lat' dir='ltr'><strong>illi</strong></span> <span class='ocrx_word' id='word_1_394' title='bbox 1658 3481 1788 3521; x_wconf 90' lang='lat' dir='ltr'><strong>vero</strong></span> <span class='ocrx_word' id='word_1_395' title='bbox 1807 3467 2151 3523; x_wconf 84' lang='lat' dir='ltr'><strong>condemnati</strong></span> 
     </span>
    </p>
   </div>
   <div class='ocr_carea' id='block_1_53' title="bbox 577 3555 2154 3632">
    <p class='ocr_par' dir='ltr' id='par_1_53' title="bbox 577 3555 2154 3632">
     <span class='ocr_line' id='line_1_53' title="bbox 577 3555 2154 3632; baseline 0.001 -19"><span class='ocrx_word' id='word_1_396' title='bbox 577 3558 714 3613; x_wconf 84' lang='lat' dir='ltr'><strong>sint.</strong></span> <span class='ocrx_word' id='word_1_397' title='bbox 747 3555 874 3613; x_wconf 65' lang='lat' dir='ltr'><strong>Haec</strong></span> <span class='ocrx_word' id='word_1_398' title='bbox 896 3557 1099 3628; x_wconf 90' lang='lat' dir='ltr'><strong>quippe</strong></span> <span class='ocrx_word' id='word_1_399' title='bbox 1126 3573 1253 3613; x_wconf 89' lang='lat' dir='ltr'><strong>vera</strong></span> <span class='ocrx_word' id='word_1_400' title='bbox 1279 3557 1492 3628; x_wconf 89' lang='lat' dir='ltr'><strong>justitia</strong></span> <span class='ocrx_word' id='word_1_401' title='bbox 1530 3567 1636 3624; x_wconf 88' lang='lat' dir='ltr'><strong>est,</strong></span> <span class='ocrx_word' id='word_1_402' title='bbox 1668 3569 1728 3614; x_wconf 90' lang='lat' dir='ltr'><strong>ut</strong></span> <span class='ocrx_word' id='word_1_403' title='bbox 1761 3560 1808 3615; x_wconf 90' lang='lat' dir='ltr'><strong>is</strong></span> <span class='ocrx_word' id='word_1_404' title='bbox 1838 3561 1931 3631; x_wconf 88' lang='lat' dir='ltr'><strong>qui</strong></span> <span class='ocrx_word' id='word_1_405' title='bbox 1966 3569 2154 3632; x_wconf 85' lang='lat' dir='ltr'><strong>tyran-</strong></span> 
     </span>
    </p>
   </div>
   <div class='ocr_carea' id='block_1_54' title="bbox 579 3648 2156 3721">
    <p class='ocr_par' dir='ltr' id='par_1_54' title="bbox 579 3648 2156 3721">
     <span class='ocr_line' id='line_1_54' title="bbox 579 3648 2156 3721; baseline 0.003 -16"><span class='ocrx_word' id='word_1_406' title='bbox 579 3648 764 3705; x_wconf 84' lang='lat' dir='ltr'><strong>nidem</strong></span> <span class='ocrx_word' id='word_1_407' title='bbox 823 3649 1115 3706; x_wconf 81' lang='lat' dir='ltr'><strong>exercebat</strong></span> <span class='ocrx_word' id='word_1_408' title='bbox 1180 3649 1431 3705; x_wconf 91' lang='lat' dir='ltr'><strong>diabolus</strong></span> <span class='ocrx_word' id='word_1_409' title='bbox 1497 3650 1848 3721; x_wconf 87' lang='lat' dir='ltr'><strong>destruatur,</strong></span> <span class='ocrx_word' id='word_1_410' title='bbox 1903 3653 2156 3710; x_wconf 86' lang='lat' dir='ltr'><strong>homines</strong></span> 
     </span>
    </p>
   </div>
   <div class='ocr_carea' id='block_1_55' title="bbox 577 3739 2154 3813">
    <p class='ocr_par' dir='ltr' id='par_1_55' title="bbox 577 3739 2154 3813">
     <span class='ocr_line' id='line_1_55' title="bbox 577 3739 2154 3813; baseline 0.002 -16"><span class='ocrx_word' id='word_1_411' title='bbox 577 3755 710 3798; x_wconf 86' lang='lat' dir='ltr'><strong>vero</strong></span> <span class='ocrx_word' id='word_1_412' title='bbox 739 3739 834 3812; x_wconf 87' lang='lat' dir='ltr'><strong>qui</strong></span> <span class='ocrx_word' id='word_1_413' title='bbox 888 3739 993 3795; x_wconf 88' lang='lat' dir='ltr'><strong>sub</strong></span> <span class='ocrx_word' id='word_1_414' title='bbox 1024 3739 1312 3813; x_wconf 89' lang='lat' dir='ltr'><strong>tyrannide</strong></span> <span class='ocrx_word' id='word_1_415' title='bbox 1366 3739 1636 3812; x_wconf 83' lang='lat' dir='ltr'><strong>degebant</strong></span> <span class='ocrx_word' id='word_1_416' title='bbox 1687 3743 2007 3799; x_wconf 88' lang='lat' dir='ltr'><strong>liberentur.</strong></span> <span class='ocrx_word' id='word_1_417' title='bbox 2037 3743 2154 3800; x_wconf 66' lang='lat' dir='ltr'><strong>Cte-</strong></span> 
     </span>
    </p>
   </div>
   <div class='ocr_carea' id='block_1_56' title="bbox 579 3833 2154 3906">
    <p class='ocr_par' dir='ltr' id='par_1_56' title="bbox 579 3833 2154 3906">
     <span class='ocr_line' id='line_1_56' title="bbox 579 3833 2154 3906; baseline 0.003 -18"><span class='ocrx_word' id='word_1_418' title='bbox 579 3842 758 3888; x_wconf 90' lang='lat' dir='ltr'><strong>terum</strong></span> <span class='ocrx_word' id='word_1_419' title='bbox 801 3833 858 3890; x_wconf 92' lang='lat' dir='ltr'><strong>id</strong></span> <span class='ocrx_word' id='word_1_420' title='bbox 887 3849 1108 3905; x_wconf 90' lang='lat' dir='ltr'><strong>quoque</strong></span> <span class='ocrx_word' id='word_1_421' title='bbox 1137 3848 1167 3887; x_wconf 87' lang='lat' dir='ltr'><strong>a</strong></span> <span class='ocrx_word' id='word_1_422' title='bbox 1202 3834 1362 3889; x_wconf 89' lang='lat' dir='ltr'><strong>nobis</strong></span> <span class='ocrx_word' id='word_1_423' title='bbox 1411 3834 1640 3906; x_wconf 85' lang='lat' dir='ltr'><strong>expetit,</strong></span> <span class='ocrx_word' id='word_1_424' title='bbox 1671 3845 1730 3892; x_wconf 91' lang='lat' dir='ltr'><strong>ut</strong></span> <span class='ocrx_word' id='word_1_425' title='bbox 1777 3835 2050 3906; x_wconf 86' lang='lat' dir='ltr'><strong>justitiam</strong></span> <span class='ocrx_word' id='word_1_426' title='bbox 2099 3846 2154 3893; x_wconf 92' lang='lat' dir='ltr'><strong>et</strong></span> 
     </span>
    </p>
   </div>
   <div class='ocr_carea' id='block_1_57' title="bbox 575 3927 1423 3998">
    <p class='ocr_par' dir='ltr' id='par_1_57' title="bbox 575 3927 1423 3998">
     <span class='ocr_line' id='line_1_57' title="bbox 575 3927 1423 3998; baseline 0.001 -18"><span class='ocrx_word' id='word_1_427' title='bbox 575 3927 843 3998; x_wconf 79' lang='lat' dir='ltr'><strong>judicium</strong></span> <span class='ocrx_word' id='word_1_428' title='bbox 868 3933 1018 3982; x_wconf 86' lang='lat' dir='ltr'><strong>recte</strong></span> <span class='ocrx_word' id='word_1_429' title='bbox 1047 3939 1423 3982; x_wconf 88' lang='lat' dir='ltr'><strong>exerceamus.</strong></span> 
     </span>
    </p>
   </div>
   <div class='ocr_carea' id='block_1_58' title="bbox 652 4017 2156 4090">
    <p class='ocr_par' dir='ltr' id='par_1_58' title="bbox 652 4017 2156 4090">
     <span class='ocr_line' id='line_1_58' title="bbox 652 4017 2156 4090; baseline 0 -16"><span class='ocrx_word' id='word_1_430' title='bbox 652 4018 818 4076; x_wconf 72' lang='lat' dir='ltr'><strong>Vsus.</strong></span> <span class='ocrx_word' id='word_1_431' title='bbox 851 4020 972 4075; x_wconf 79' lang='lat'><strong>3-7.</strong></span> <span class='ocrx_word' id='word_1_432' title='bbox 1012 4017 1160 4090; x_wconf 82' lang='lat' dir='ltr'><strong>Ignis</strong></span> <span class='ocrx_word' id='word_1_433' title='bbox 1185 4019 1240 4072; x_wconf 89' lang='lat' dir='ltr'><strong>in</strong></span> <span class='ocrx_word' id='word_1_434' title='bbox 1269 4029 1550 4089; x_wconf 85' lang='lat' dir='ltr'><strong>conspectu</strong></span> <span class='ocrx_word' id='word_1_435' title='bbox 1577 4020 1691 4090; x_wconf 86' lang='lat' dir='ltr'><strong>ejus</strong></span> <span class='ocrx_word' id='word_1_436' title='bbox 1735 4020 2071 4084; x_wconf 72' lang='lat' dir='ltr'><strong>exardescet,</strong></span> <span class='ocrx_word' id='word_1_437' title='bbox 2104 4029 2156 4075; x_wconf 89' lang='lat' dir='ltr'><strong>et</strong></span> 
     </span>
    </p>
   </div>
   <div class='ocr_carea' id='block_1_59' title="bbox 577 4112 2155 4184">
    <p class='ocr_par' dir='ltr' id='par_1_59' title="bbox 577 4112 2155 4184">
     <span class='ocr_line' id='line_1_59' title="bbox 577 4112 2155 4184; baseline 0 -15"><span class='ocrx_word' id='word_1_438' title='bbox 577 4113 931 4184; x_wconf 78' lang='lat' dir='ltr'><strong>iuﬂammabit</strong></span> <span class='ocrx_word' id='word_1_439' title='bbox 976 4114 1033 4166; x_wconf 90' lang='lat' dir='ltr'><strong>in</strong></span> <span class='ocrx_word' id='word_1_440' title='bbox 1081 4114 1305 4168; x_wconf 86' lang='lat' dir='ltr'><strong>circuitu</strong></span> <span class='ocrx_word' id='word_1_441' title='bbox 1357 4114 1596 4168; x_wconf 86' lang='lat' dir='ltr'><strong>inimicos</strong></span> <span class='ocrx_word' id='word_1_442' title='bbox 1655 4113 1790 4183; x_wconf 80' lang='lat' dir='ltr'><strong>ejus.</strong></span> <span class='ocrx_word' id='word_1_443' title='bbox 1854 4112 2155 4169; x_wconf 65' lang='lat' dir='ltr'><strong>“luxerunt</strong></span> 
     </span>
    </p>
   </div>
   <div class='ocr_carea' id='block_1_60' title="bbox 580 4205 2150 4278">
    <p class='ocr_par' dir='ltr' id='par_1_60' title="bbox 580 4205 2150 4278">
     <span class='ocr_line' id='line_1_60' title="bbox 580 4205 2150 4278; baseline 0.001 -18"><span class='ocrx_word' id='word_1_444' title='bbox 580 4207 796 4278; x_wconf 76' lang='lat' dir='ltr'><strong>fulgura</strong></span> <span class='ocrx_word' id='word_1_445' title='bbox 820 4205 933 4276; x_wconf 81' lang='lat' dir='ltr'><strong>ejus</strong></span> <span class='ocrx_word' id='word_1_446' title='bbox 967 4205 1082 4259; x_wconf 84' lang='lat' dir='ltr'><strong>orbi</strong></span> <span class='ocrx_word' id='word_1_447' title='bbox 1116 4215 1272 4260; x_wconf 75' lang='lat' dir='ltr'><strong>terra:</strong></span> <span class='ocrx_word' id='word_1_448' title='bbox 1295 4221 1316 4260; x_wconf 88' lang='lat'><strong><em>:</em></strong></span> <span class='ocrx_word' id='word_1_449' title='bbox 1345 4205 1473 4261; x_wconf 77' lang='lat' dir='ltr'><strong>uidit</strong></span> <span class='ocrx_word' id='word_1_450' title='bbox 1503 4216 1554 4260; x_wconf 90' lang='lat' dir='ltr'><strong>et</strong></span> <span class='ocrx_word' id='word_1_451' title='bbox 1590 4215 1852 4260; x_wconf 88' lang='lat' dir='ltr'><strong>commota</strong></span> <span class='ocrx_word' id='word_1_452' title='bbox 1881 4216 1958 4260; x_wconf 86' lang='lat' dir='ltr'><strong>est</strong></span> <span class='ocrx_word' id='word_1_453' title='bbox 1991 4217 2150 4262; x_wconf 85' lang='lat' dir='ltr'><strong>terra.</strong></span> 
     </span>
    </p>
   </div>
   <div class='ocr_carea' id='block_1_61' title="bbox 580 4297 2154 4371">
    <p class='ocr_par' dir='ltr' id='par_1_61' title="bbox 580 4297 2154 4371">
     <span class='ocr_line' id='line_1_61' title="bbox 580 4297 2154 4371; baseline 0.003 -19"><span class='ocrx_word' id='word_1_454' title='bbox 580 4297 787 4354; x_wconf 72' lang='lat' dir='ltr'><strong>Montes</strong></span> <span class='ocrx_word' id='word_1_455' title='bbox 815 4297 952 4352; x_wconf 78' lang='lat' dir='ltr'><strong>sicut</strong></span> <span class='ocrx_word' id='word_1_456' title='bbox 984 4313 1106 4351; x_wconf 88' lang='lat' dir='ltr'><strong>cera</strong></span> <span class='ocrx_word' id='word_1_457' title='bbox 1137 4297 1406 4368; x_wconf 79' lang='lat' dir='ltr'><strong>liquefacti</strong></span> <span class='ocrx_word' id='word_1_458' title='bbox 1432 4307 1556 4353; x_wconf 80' lang='lat' dir='ltr'><strong>sunt</strong></span> <span class='ocrx_word' id='word_1_459' title='bbox 1595 4316 1628 4353; x_wconf 82' lang='grc' dir='ltr'><strong>α</strong></span> <span class='ocrx_word' id='word_1_460' title='bbox 1669 4299 1804 4369; x_wconf 79' lang='lat' dir='ltr'><strong>facie</strong></span> <span class='ocrx_word' id='word_1_461' title='bbox 1828 4297 2081 4371; x_wconf 87' lang='lat' dir='ltr'><strong>Domini,</strong></span> <span class='ocrx_word' id='word_1_462' title='bbox 2122 4320 2154 4356; x_wconf 80' lang='grc' dir='ltr'><strong>α</strong></span> 
     </span>
    </p>
   </div>
   <div class='ocr_carea' id='block_1_62' title="bbox 579 4389 2157 4460">
    <p class='ocr_par' dir='ltr' id='par_1_62' title="bbox 579 4389 2157 4460">
     <span class='ocr_line' id='line_1_62' title="bbox 579 4389 2157 4460; baseline 0.004 -16"><span class='ocrx_word' id='word_1_463' title='bbox 579 4391 718 4460; x_wconf 75' lang='lat' dir='ltr'><strong>facie</strong></span> <span class='ocrx_word' id='word_1_464' title='bbox 771 4389 986 4444; x_wconf 78' lang='lat' dir='ltr'><strong>Domini</strong></span> <span class='ocrx_word' id='word_1_465' title='bbox 1046 4392 1216 4445; x_wconf 78' lang='lat' dir='ltr'><strong>omnis</strong></span> <span class='ocrx_word' id='word_1_466' title='bbox 1282 4401 1458 4446; x_wconf 66' lang='lat' dir='ltr'><strong>terra.</strong></span> <span class='ocrx_word' id='word_1_467' title='bbox 1521 4392 1983 4449; x_wconf 78' lang='lat' dir='ltr'><strong>Annuutiaverunt</strong></span> <span class='ocrx_word' id='word_1_468' title='bbox 2041 4397 2157 4450; x_wconf 69' lang='lat' dir='ltr'><strong>cieri</strong></span> 
     </span>
    </p>
   </div>
   <div class='ocr_carea' id='block_1_63' title="bbox 2250 1906 3890 1982">
    <p class='ocr_par' dir='ltr' id='par_1_63' title="bbox 2250 1906 3890 1982">
     <span class='ocr_line' id='line_1_63' title="bbox 2250 1906 3890 1982; baseline -0.006 -18"><span class='ocrx_word' id='word_1_469' title='bbox 2250 1928 2413 1981; x_wconf 85' lang='grc' dir='ltr'>ναμιν</span> <span class='ocrx_word' id='word_1_470' title='bbox 2463 1910 2638 1964; x_wconf 76' lang='grc' dir='ltr'>ἔνεστι</span> <span class='ocrx_word' id='word_1_471' title='bbox 2673 1911 2968 1982; x_wconf 79' lang='grc' dir='ltr'>θεωρῆσαι.</span> <span class='ocrx_word' id='word_1_472' title='bbox 3016 1909 3410 1979; x_wconf 77' lang='grc' dir='ltr'><strong>Δικαιοσύνην</strong></span> <span class='ocrx_word' id='word_1_473' title='bbox 3445 1907 3580 1978; x_wconf 72' lang='grc' dir='ltr'>γὰρ</span> <span class='ocrx_word' id='word_1_474' title='bbox 3643 1906 3764 1967; x_wconf 68' lang='grc' dir='ltr'>τοὺς</span> <span class='ocrx_word' id='word_1_475' title='bbox 3795 1907 3852 1956; x_wconf 55' lang='lat' dir='ltr'><strong>ius</strong></span> <span class='ocrx_word' id='word_1_476' title='bbox 3887 1935 3890 1942; x_wconf 95' lang='lat'><strong><em>-</em></strong></span> 
     </span>
    </p>
   </div>
   <div class='ocr_carea' id='block_1_64' title="bbox 2251 1998 3846 2073">
    <p class='ocr_par' dir='ltr' id='par_1_64' title="bbox 2251 1998 3846 2073">
     <span class='ocr_line' id='line_1_64' title="bbox 2251 1998 3846 2073; baseline -0.003 -18"><span class='ocrx_word' id='word_1_477' title='bbox 2251 2001 2500 2073; x_wconf 83' lang='grc' dir='ltr'>θρώπους</span> <span class='ocrx_word' id='word_1_478' title='bbox 2541 2003 2865 2069; x_wconf 77' lang='grc' dir='ltr'>ἐπαίδευσε,</span> <span class='ocrx_word' id='word_1_479' title='bbox 2900 2004 2993 2056; x_wconf 72' lang='grc' dir='ltr'><strong>καὶ</strong></span> <span class='ocrx_word' id='word_1_480' title='bbox 3047 2004 3174 2067; x_wconf 81' lang='grc' dir='ltr'>τοὺς</span> <span class='ocrx_word' id='word_1_481' title='bbox 3225 2000 3630 2073; x_wconf 77' lang='grc' dir='ltr'>ἀδιακρὶτως</span> <span class='ocrx_word' id='word_1_482' title='bbox 3682 1998 3846 2052; x_wconf 64' lang='grc' dir='ltr'>ἄπα-ατί</span> 
     </span>
    </p>
   </div>
   <div class='ocr_carea' id='block_1_65' title="bbox 2249 2089 3845 2168">
    <p class='ocr_par' dir='ltr' id='par_1_65' title="bbox 2249 2089 3845 2168">
     <span class='ocr_line' id='line_1_65' title="bbox 2249 2089 3845 2168; baseline -0.005 -20"><span class='ocrx_word' id='word_1_483' title='bbox 2249 2094 2491 2166; x_wconf 75' lang='grc' dir='ltr'>δρῶντας</span> <span class='ocrx_word' id='word_1_484' title='bbox 2529 2095 2666 2167; x_wconf 83' lang='grc' dir='ltr'><strong>μετά</strong></span> <span class='ocrx_word' id='word_1_485' title='bbox 2709 2095 2943 2167; x_wconf 87' lang='grc' dir='ltr'>κρίσεως</span> <span class='ocrx_word' id='word_1_486' title='bbox 2977 2095 3142 2168; x_wconf 75' lang='grc' dir='ltr'>ὀρθῆς</span> <span class='ocrx_word' id='word_1_487' title='bbox 3177 2091 3420 2157; x_wconf 77' lang='grc' dir='ltr'>ἐδίδαξε</span> <span class='ocrx_word' id='word_1_488' title='bbox 3473 2089 3845 2144; x_wconf 63' lang='grc' dir='ltr'>πολιτεύεσθαι</span> 
     </span>
    </p>
   </div>
   <div class='ocr_carea' id='block_1_66' title="bbox 2252 2181 3840 2259">
    <p class='ocr_par' dir='ltr' id='par_1_66' title="bbox 2252 2181 3840 2259">
     <span class='ocr_line' id='line_1_66' title="bbox 2252 2181 3840 2259; baseline -0.004 -19"><span class='ocrx_word' id='word_1_489' title='bbox 2252 2185 2436 2241; x_wconf 83' lang='grc' dir='ltr'>Ταῦτα</span> <span class='ocrx_word' id='word_1_490' title='bbox 2472 2187 2637 2242; x_wconf 75' lang='grc' dir='ltr'>αὑτοῦ</span> <span class='ocrx_word' id='word_1_491' title='bbox 2677 2189 2706 2242; x_wconf 87' lang='grc' dir='ltr'><strong>ό</strong></span> <span class='ocrx_word' id='word_1_492' title='bbox 2745 2187 2936 2259; x_wconf 80' lang='grc' dir='ltr'>θρόνος</span> <span class='ocrx_word' id='word_1_493' title='bbox 2969 2188 3062 2241; x_wconf 63' lang='grc' dir='ltr'><strong>καὶ⁵</strong></span> <span class='ocrx_word' id='word_1_494' title='bbox 3094 2188 3127 2258; x_wconf 78' lang='grc' dir='ltr'><strong>ἡ</strong></span> <span class='ocrx_word' id='word_1_495' title='bbox 3179 2184 3470 2256; x_wconf 78' lang='grc' dir='ltr'>βασιλεία</span> <span class='ocrx_word' id='word_1_496' title='bbox 3517 2181 3840 2253; x_wconf 64' lang='grc' dir='ltr'>κατώρθωετ</span> 
     </span>
    </p>
   </div>
   <div class='ocr_carea' id='block_1_67' title="bbox 2250 2272 3842 2348">
    <p class='ocr_par' dir='ltr' id='par_1_67' title="bbox 2250 2272 3842 2348">
     <span class='ocr_line' id='line_1_67' title="bbox 2250 2272 3842 2348; baseline -0.006 -16"><span class='ocrx_word' id='word_1_497' title='bbox 2250 2279 2329 2333; x_wconf 85' lang='grc' dir='ltr'>διὸ</span> <span class='ocrx_word' id='word_1_498' title='bbox 2353 2279 2575 2348; x_wconf 78' lang='grc' dir='ltr'>ἐπάγει·</span> <span class='ocrx_word' id='word_1_499' title='bbox 2602 2279 2959 2347; x_wconf 64' lang='grc' dir='ltr'>Δικαιοσύνη</span> <span class='ocrx_word' id='word_1_500' title='bbox 2991 2279 3089 2333; x_wconf 72' lang='grc' dir='ltr'>καὶ</span> <span class='ocrx_word' id='word_1_501' title='bbox 3123 2277 3309 2348; x_wconf 76' lang='grc' dir='ltr'>κρῖμα</span> <span class='ocrx_word' id='word_1_502' title='bbox 3345 2277 3750 2344; x_wconf 82' lang='grc' dir='ltr'>κατόρθωσις</span> <span class='ocrx_word' id='word_1_503' title='bbox 3772 2272 3842 2324; x_wconf 64' lang='lat' dir='ltr'><strong>rei</strong></span> 
     </span>
    </p>
   </div>
   <div class='ocr_carea' id='block_1_68' title="bbox 2253 2365 3836 2440">
    <p class='ocr_par' dir='ltr' id='par_1_68' title="bbox 2253 2365 3836 2440">
     <span class='ocr_line' id='line_1_68' title="bbox 2253 2365 3836 2440; baseline -0.006 -15"><span class='ocrx_word' id='word_1_504' title='bbox 2253 2372 2468 2440; x_wconf 73' lang='grc' dir='ltr'>θρόνου</span> <span class='ocrx_word' id='word_1_505' title='bbox 2491 2370 2710 2426; x_wconf 77' lang='grc' dir='ltr'>αὑτοῦ.</span> <span class='ocrx_word' id='word_1_506' title='bbox 2755 2369 2926 2440; x_wconf 83' lang='grc' dir='ltr'>Δῦτη,</span> <span class='ocrx_word' id='word_1_507' title='bbox 2959 2370 3121 2440; x_wconf 77' lang='grc' dir='ltr'>φησὶ,</span> <span class='ocrx_word' id='word_1_508' title='bbox 3157 2371 3370 2439; x_wconf 85' lang='grc' dir='ltr'>γέγονε</span> <span class='ocrx_word' id='word_1_509' title='bbox 3425 2367 3550 2437; x_wconf 82' lang='grc' dir='ltr'>τῆς</span> <span class='ocrx_word' id='word_1_510' title='bbox 3588 2365 3836 2437; x_wconf 67' lang='grc' dir='ltr'>παρουσίας</span> 
     </span>
    </p>
   </div>
   <div class='ocr_carea' id='block_1_69' title="bbox 2253 2458 3895 2534">
    <p class='ocr_par' dir='ltr' id='par_1_69' title="bbox 2253 2458 3895 2534">
     <span class='ocr_line' id='line_1_69' title="bbox 2253 2458 3895 2534; baseline -0.004 -18"><span class='ocrx_word' id='word_1_511' title='bbox 2253 2464 2288 2534; x_wconf 79' lang='grc' dir='ltr'><strong>ἡ</strong></span> <span class='ocrx_word' id='word_1_512' title='bbox 2311 2463 2478 2528; x_wconf 84' lang='grc' dir='ltr'>αἰτία,</span> <span class='ocrx_word' id='word_1_513' title='bbox 2509 2463 2571 2516; x_wconf 86' lang='grc' dir='ltr'>τὸ</span> <span class='ocrx_word' id='word_1_514' title='bbox 2598 2465 2778 2534; x_wconf 85' lang='grc' dir='ltr'>κρῖναι</span> <span class='ocrx_word' id='word_1_515' title='bbox 2809 2461 3032 2525; x_wconf 81' lang='grc' dir='ltr'>δικαίως</span> <span class='ocrx_word' id='word_1_516' title='bbox 3061 2461 3160 2533; x_wconf 74' lang='grc' dir='ltr'>τὴν</span> <span class='ocrx_word' id='word_1_517' title='bbox 3194 2463 3398 2534; x_wconf 88' lang='grc' dir='ltr'>κρίσιν</span> <span class='ocrx_word' id='word_1_518' title='bbox 3439 2460 3638 2532; x_wconf 76' lang='grc' dir='ltr'>ἡμῶν,</span> <span class='ocrx_word' id='word_1_519' title='bbox 3679 2461 3738 2528; x_wconf 68' lang='grc' dir='ltr'>ἣν</span> <span class='ocrx_word' id='word_1_520' title='bbox 3757 2458 3834 2525; x_wconf 69' lang='grc' dir='ltr'><strong>ἐχο-</strong></span> <span class='ocrx_word' id='word_1_521' title='bbox 3873 2463 3895 2534; x_wconf 47' lang='lat' dir='ltr'><strong>&#39;h</strong></span> 
     </span>
    </p>
   </div>
   <div class='ocr_carea' id='block_1_70' title="bbox 2258 2519 3895 2628">
    <p class='ocr_par' dir='ltr' id='par_1_70' title="bbox 2258 2519 3895 2628">
     <span class='ocr_line' id='line_1_70' title="bbox 2258 2519 3895 2628; baseline -0.003 -19"><span class='ocrx_word' id='word_1_522' title='bbox 2258 2519 2357 2628; x_wconf 77' lang='grc' dir='ltr'><strong>μεν</strong></span> <span class='ocrx_word' id='word_1_523' title='bbox 2389 2519 2587 2627; x_wconf 75' lang='grc' dir='ltr'>δηλαδὴ</span> <span class='ocrx_word' id='word_1_524' title='bbox 2620 2519 2755 2626; x_wconf 76' lang='grc' dir='ltr'>πρὸς</span> <span class='ocrx_word' id='word_1_525' title='bbox 2785 2553 2885 2618; x_wconf 83' lang='grc' dir='ltr'><strong>τὰς</strong></span> <span class='ocrx_word' id='word_1_526' title='bbox 2929 2519 3171 2626; x_wconf 53' lang='grc' dir='ltr'>ποηληράς</span> <span class='ocrx_word' id='word_1_527' title='bbox 3201 2519 3298 2608; x_wconf 60' lang='grc' dir='ltr'>καὶ</span> <span class='ocrx_word' id='word_1_528' title='bbox 3345 2519 3759 2621; x_wconf 56' lang='grc' dir='ltr'>ἀντικειμένας</span> <span class='ocrx_word' id='word_1_529' title='bbox 3863 2519 3895 2628; x_wconf 55' lang='lat' dir='ltr'><strong>l‘</strong></span> 
     </span>
    </p>
   </div>
   <div class='ocr_carea' id='block_1_71' title="bbox 2254 2641 3824 2720">
    <p class='ocr_par' dir='ltr' id='par_1_71' title="bbox 2254 2641 3824 2720">
     <span class='ocr_line' id='line_1_71' title="bbox 2254 2641 3824 2720; baseline -0.007 -18"><span class='ocrx_word' id='word_1_530' title='bbox 2254 2648 2466 2720; x_wconf 85' lang='grc' dir='ltr'>νάμεις.</span> <span class='ocrx_word' id='word_1_531' title='bbox 2515 2645 2874 2700; x_wconf 85' lang='grc' dir='ltr'>Βεϐασίλευκε</span> <span class='ocrx_word' id='word_1_532' title='bbox 2927 2646 3035 2716; x_wconf 89' lang='grc' dir='ltr'><strong>γάρ</strong></span> <span class='ocrx_word' id='word_1_533' title='bbox 3078 2644 3233 2716; x_wconf 82' lang='grc' dir='ltr'>ήμῶν</span> <span class='ocrx_word' id='word_1_534' title='bbox 3259 2647 3288 2699; x_wconf 82' lang='grc' dir='ltr'>ὁ</span> <span class='ocrx_word' id='word_1_535' title='bbox 3333 2643 3636 2716; x_wconf 85' lang='grc' dir='ltr'>Χριστὸς,</span> <span class='ocrx_word' id='word_1_536' title='bbox 3667 2641 3743 2693; x_wconf 81' lang='grc' dir='ltr'>ἵνα</span> <span class='ocrx_word' id='word_1_537' title='bbox 3774 2641 3824 2691; x_wconf 69' lang='grc' dir='ltr'><strong>ἰε-</strong></span> 
     </span>
    </p>
   </div>
   <div class='ocr_carea' id='block_1_72' title="bbox 2255 2732 3821 2811">
    <p class='ocr_par' dir='ltr' id='par_1_72' title="bbox 2255 2732 3821 2811">
     <span class='ocr_line' id='line_1_72' title="bbox 2255 2732 3821 2811; baseline -0.008 -15"><span class='ocrx_word' id='word_1_538' title='bbox 2255 2739 2467 2811; x_wconf 76' lang='grc' dir='ltr'>καιώσῃ</span> <span class='ocrx_word' id='word_1_539' title='bbox 2490 2742 2555 2810; x_wconf 77' lang='grc' dir='ltr'><strong>τῇ</strong></span> <span class='ocrx_word' id='word_1_540' title='bbox 2586 2738 2763 2792; x_wconf 86' lang='grc' dir='ltr'>πίστει</span> <span class='ocrx_word' id='word_1_541' title='bbox 2794 2739 2918 2802; x_wconf 75' lang='grc' dir='ltr'>τοὺς</span> <span class='ocrx_word' id='word_1_542' title='bbox 2935 2740 2991 2790; x_wconf 80' lang='grc' dir='ltr'>ἐν</span> <span class='ocrx_word' id='word_1_543' title='bbox 3021 2739 3286 2811; x_wconf 76' lang='grc' dir='ltr'>ἁμαρτίᾳ.</span> <span class='ocrx_word' id='word_1_544' title='bbox 3327 2733 3733 2808; x_wconf 74' lang='grc' dir='ltr'>Ἐχρήσατυᾶ</span> <span class='ocrx_word' id='word_1_545' title='bbox 3761 2732 3821 2784; x_wconf 68' lang='grc' dir='ltr'>καὶ</span> 
     </span>
    </p>
   </div>
   <div class='ocr_carea' id='block_1_73' title="bbox 2255 2815 3895 2936">
    <p class='ocr_par' dir='ltr' id='par_1_73' title="bbox 2255 2815 3895 2936">
     <span class='ocr_line' id='line_1_73' title="bbox 2255 2815 3895 2936; baseline -0.007 -50"><span class='ocrx_word' id='word_1_546' title='bbox 2255 2831 2549 2903; x_wconf 81' lang='grc' dir='ltr'>θεοπρεπΞί</span> <span class='ocrx_word' id='word_1_547' title='bbox 2593 2829 2688 2884; x_wconf 74' lang='grc' dir='ltr'><strong>καὶ</strong></span> <span class='ocrx_word' id='word_1_548' title='bbox 2739 2829 3023 2901; x_wconf 85' lang='grc' dir='ltr'>φιλαγάθῳ</span> <span class='ocrx_word' id='word_1_549' title='bbox 3058 2830 3319 2903; x_wconf 84' lang='grc' dir='ltr'>κρίματι·</span> <span class='ocrx_word' id='word_1_550' title='bbox 3386 2825 3816 2936; x_wconf 29' lang='grc' dir='ltr'>δεδικαξωκεῡτὲρ</span> 
     </span>
    </p>
   </div>
   <div class='ocr_carea' id='block_1_74' title="bbox 2255 2911 3815 2989">
    <p class='ocr_par' dir='ltr' id='par_1_74' title="bbox 2255 2911 3815 2989">
     <span class='ocr_line' id='line_1_74' title="bbox 2255 2911 3815 2989; baseline -0.007 -17"><span class='ocrx_word' id='word_1_551' title='bbox 2255 2919 2356 2972; x_wconf 75' lang='grc' dir='ltr'>οὐκ</span> <span class='ocrx_word' id='word_1_552' title='bbox 2385 2918 2443 2982; x_wconf 74' lang='grc' dir='ltr'>ἐξ</span> <span class='ocrx_word' id='word_1_553' title='bbox 2470 2918 2646 2989; x_wconf 76' lang='grc' dir='ltr'>ἔργων</span> <span class='ocrx_word' id='word_1_554' title='bbox 2671 2917 3040 2988; x_wconf 80' lang='grc' dir='ltr'>δικαιοσύνης,</span> <span class='ocrx_word' id='word_1_555' title='bbox 3067 2918 3204 2972; x_wconf 85' lang='grc' dir='ltr'><strong>ἀλλά</strong></span> <span class='ocrx_word' id='word_1_556' title='bbox 3231 2917 3390 2972; x_wconf 73' lang='grc' dir='ltr'>κατὰ</span> <span class='ocrx_word' id='word_1_557' title='bbox 3427 2916 3498 2970; x_wconf 76' lang='grc' dir='ltr'>τὸ</span> <span class='ocrx_word' id='word_1_558' title='bbox 3535 2915 3672 2968; x_wconf 79' lang='grc' dir='ltr'>πολὺ</span> <span class='ocrx_word' id='word_1_559' title='bbox 3697 2911 3815 2966; x_wconf 68' lang='grc' dir='ltr'>αὐτοὶ</span> 
     </span>
    </p>
   </div>
   <div class='ocr_carea' id='block_1_75' title="bbox 2257 3005 3808 3080">
    <p class='ocr_par' dir='ltr' id='par_1_75' title="bbox 2257 3005 3808 3080">
     <span class='ocr_line' id='line_1_75' title="bbox 2257 3005 3808 3080; baseline -0.005 -18"><span class='ocrx_word' id='word_1_560' title='bbox 2257 3009 2423 3072; x_wconf 62' lang='grc' dir='ltr'>ἔλεος</span> <span class='ocrx_word' id='word_1_561' title='bbox 2455 3009 2661 3061; x_wconf 84' lang='grc' dir='ltr'>σέσωκε</span> <span class='ocrx_word' id='word_1_562' title='bbox 2689 3008 2747 3060; x_wconf 81' lang='grc' dir='ltr'>δὲ</span> <span class='ocrx_word' id='word_1_563' title='bbox 2781 3009 2929 3080; x_wconf 79' lang='grc' dir='ltr'>ἡμᾶς</span> <span class='ocrx_word' id='word_1_564' title='bbox 2951 3009 3044 3062; x_wconf 78' lang='grc' dir='ltr'>καὶ</span> <span class='ocrx_word' id='word_1_565' title='bbox 3075 3009 3142 3062; x_wconf 84' lang='grc' dir='ltr'><strong>δι’</strong></span> <span class='ocrx_word' id='word_1_566' title='bbox 3172 3008 3374 3074; x_wconf 78' lang='grc' dir='ltr'>ὓδατος</span> <span class='ocrx_word' id='word_1_567' title='bbox 3418 3008 3525 3063; x_wconf 85' lang='grc' dir='ltr'><strong>τοῦ</strong></span> <span class='ocrx_word' id='word_1_568' title='bbox 3569 3005 3715 3074; x_wconf 80' lang='grc' dir='ltr'>ἁγίου</span> <span class='ocrx_word' id='word_1_569' title='bbox 3743 3005 3808 3055; x_wconf 69' lang='grc' dir='ltr'><strong>καὶ</strong></span> 
     </span>
    </p>
   </div>
   <div class='ocr_carea' id='block_1_76' title="bbox 2261 3091 3895 3172">
    <p class='ocr_par' dir='ltr' id='par_1_76' title="bbox 2261 3091 3895 3172">
     <span class='ocr_line' id='line_1_76' title="bbox 2261 3091 3895 3172; baseline -0.005 -18"><span class='ocrx_word' id='word_1_570' title='bbox 2261 3100 2542 3172; x_wconf 88' lang='grc' dir='ltr'>μυστικοῦ,</span> <span class='ocrx_word' id='word_1_571' title='bbox 2567 3101 2624 3152; x_wconf 83' lang='grc' dir='ltr'>ὲν</span> <span class='ocrx_word' id='word_1_572' title='bbox 2652 3091 2696 3167; x_wconf 78' lang='grc' dir='ltr'>ᾧ</span> <span class='ocrx_word' id='word_1_573' title='bbox 2719 3099 3007 3172; x_wconf 85' lang='grc' dir='ltr'>συνετρίϐη</span> <span class='ocrx_word' id='word_1_574' title='bbox 3040 3102 3133 3154; x_wconf 67' lang='grc' dir='ltr'>καὶ</span> <span class='ocrx_word' id='word_1_575' title='bbox 3162 3101 3534 3172; x_wconf 78' lang='grc' dir='ltr'>πεπάτηται,</span> <span class='ocrx_word' id='word_1_576' title='bbox 3566 3095 3745 3170; x_wconf 78' lang='grc' dir='ltr'>μᾶλλον</span> <span class='ocrx_word' id='word_1_577' title='bbox 3770 3092 3807 3143; x_wconf 69' lang='grc' dir='ltr'>ἃ</span> <span class='ocrx_word' id='word_1_578' title='bbox 3860 3091 3895 3172; x_wconf 75' lang='lat' dir='ltr'>l&#39;</span> 
     </span>
    </p>
   </div>
   <div class='ocr_carea' id='block_1_77' title="bbox 2255 3187 3796 3265">
    <p class='ocr_par' dir='ltr' id='par_1_77' title="bbox 2255 3187 3796 3265">
     <span class='ocr_line' id='line_1_77' title="bbox 2255 3187 3796 3265; baseline -0.006 -19"><span class='ocrx_word' id='word_1_579' title='bbox 2255 3192 2349 3246; x_wconf 82' lang='grc' dir='ltr'><strong>καὶ</strong></span> <span class='ocrx_word' id='word_1_580' title='bbox 2387 3189 2664 3245; x_wconf 84' lang='grc' dir='ltr'>ἀπόλωλεν</span> <span class='ocrx_word' id='word_1_581' title='bbox 2707 3193 2737 3244; x_wconf 85' lang='grc' dir='ltr'><strong>ό</strong></span> <span class='ocrx_word' id='word_1_582' title='bbox 2783 3192 3152 3262; x_wconf 79' lang='grc' dir='ltr'>πολυκέφαλος</span> <span class='ocrx_word' id='word_1_583' title='bbox 3199 3193 3430 3265; x_wconf 80' lang='grc' dir='ltr'>δράκων</span> <span class='ocrx_word' id='word_1_584' title='bbox 3452 3235 3469 3258; x_wconf 92' lang='grc'><strong>,</strong></span> <span class='ocrx_word' id='word_1_585' title='bbox 3503 3191 3602 3244; x_wconf 72' lang='grc' dir='ltr'>καὶ</span> <span class='ocrx_word' id='word_1_586' title='bbox 3645 3189 3694 3241; x_wconf 82' lang='lat' dir='ltr'><strong>al</strong></span> <span class='ocrx_word' id='word_1_587' title='bbox 3734 3187 3796 3237; x_wconf 63' lang='lat' dir='ltr'><strong>ein</strong></span> 
     </span>
    </p>
   </div>
   <div class='ocr_carea' id='block_1_78' title="bbox 2255 3281 3895 3358">
    <p class='ocr_par' dir='ltr' id='par_1_78' title="bbox 2255 3281 3895 3358">
     <span class='ocr_line' id='line_1_78' title="bbox 2255 3281 3895 3358; baseline -0.01 -14"><span class='ocrx_word' id='word_1_588' title='bbox 2255 3285 2401 3358; x_wconf 82' lang='grc' dir='ltr'>αὐτῷ</span> <span class='ocrx_word' id='word_1_589' title='bbox 2421 3285 2676 3357; x_wconf 84' lang='grc' dir='ltr'>δυνάμεις</span> <span class='ocrx_word' id='word_1_590' title='bbox 2710 3286 2964 3358; x_wconf 86' lang='grc' dir='ltr'>πονηραί.</span> <span class='ocrx_word' id='word_1_591' title='bbox 2992 3286 3174 3340; x_wconf 86' lang='grc' dir='ltr'>Ταῦτα</span> <span class='ocrx_word' id='word_1_592' title='bbox 3208 3289 3241 3358; x_wconf 76' lang='grc' dir='ltr'>ἡ</span> <span class='ocrx_word' id='word_1_593' title='bbox 3274 3287 3375 3340; x_wconf 83' lang='grc' dir='ltr'><strong>τοῦ</strong></span> <span class='ocrx_word' id='word_1_594' title='bbox 3413 3282 3661 3357; x_wconf 83' lang='grc' dir='ltr'>Χριστοῦ</span> <span class='ocrx_word' id='word_1_595' title='bbox 3693 3281 3798 3351; x_wconf 78' lang='grc' dir='ltr'>βασι-</span> <span class='ocrx_word' id='word_1_596' title='bbox 3861 3281 3895 3358; x_wconf 73' lang='grc' dir='ltr'>Ιι</span> 
     </span>
    </p>
   </div>
   <div class='ocr_carea' id='block_1_79' title="bbox 2254 3373 3790 3452">
    <p class='ocr_par' dir='ltr' id='par_1_79' title="bbox 2254 3373 3790 3452">
     <span class='ocr_line' id='line_1_79' title="bbox 2254 3373 3790 3452; baseline -0.003 -21"><span class='ocrx_word' id='word_1_597' title='bbox 2254 3377 2372 3431; x_wconf 88' lang='grc' dir='ltr'>λεία</span> <span class='ocrx_word' id='word_1_598' title='bbox 2405 3376 2752 3451; x_wconf 83' lang='grc' dir='ltr'>κατώρθωσε.</span> <span class='ocrx_word' id='word_1_599' title='bbox 2787 3378 2955 3450; x_wconf 79' lang='grc' dir='ltr'>Δῆλον</span> <span class='ocrx_word' id='word_1_600' title='bbox 2993 3377 3051 3431; x_wconf 82' lang='grc' dir='ltr'>δὲ</span> <span class='ocrx_word' id='word_1_601' title='bbox 3106 3379 3199 3448; x_wconf 80' lang='grc' dir='ltr'><strong>ἀφ’</strong></span> <span class='ocrx_word' id='word_1_602' title='bbox 3242 3373 3317 3432; x_wconf 82' lang='grc' dir='ltr'>ὧν</span> <span class='ocrx_word' id='word_1_603' title='bbox 3359 3381 3539 3452; x_wconf 80' lang='grc' dir='ltr'>ἡμεῖς</span> <span class='ocrx_word' id='word_1_604' title='bbox 3595 3377 3683 3448; x_wconf 77' lang='grc' dir='ltr'><strong>μέν</strong></span> <span class='ocrx_word' id='word_1_605' title='bbox 3718 3373 3790 3424; x_wconf 69' lang='grc' dir='ltr'>τᾶν</span> 
     </span>
    </p>
   </div>
   <div class='ocr_carea' id='block_1_80' title="bbox 2255 3462 3792 3542">
    <p class='ocr_par' dir='ltr' id='par_1_80' title="bbox 2255 3462 3792 3542">
     <span class='ocr_line' id='line_1_80' title="bbox 2255 3462 3792 3542; baseline -0.005 -20"><span class='ocrx_word' id='word_1_606' title='bbox 2255 3467 2774 3522; x_wconf 88' lang='grc' dir='ltr'>καταδουλωσάντων</span> <span class='ocrx_word' id='word_1_607' title='bbox 2802 3468 3000 3532; x_wconf 81' lang='grc' dir='ltr'>ἀδίκως</span> <span class='ocrx_word' id='word_1_608' title='bbox 3032 3469 3526 3542; x_wconf 76' lang='grc' dir='ltr'>ἠλευθερώθημεν,</span> <span class='ocrx_word' id='word_1_609' title='bbox 3565 3467 3737 3520; x_wconf 78' lang='grc' dir='ltr'>ἐκεῖνοι</span> <span class='ocrx_word' id='word_1_610' title='bbox 3757 3462 3792 3515; x_wconf 67' lang='grc' dir='ltr'>ἂ</span> 
     </span>
    </p>
   </div>
   <div class='ocr_carea' id='block_1_81' title="bbox 2255 3555 3784 3635">
    <p class='ocr_par' dir='ltr' id='par_1_81' title="bbox 2255 3555 3784 3635">
     <span class='ocr_line' id='line_1_81' title="bbox 2255 3555 3784 3635; baseline -0.003 -20"><span class='ocrx_word' id='word_1_611' title='bbox 2255 3560 2678 3634; x_wconf 83' lang='grc' dir='ltr'>κατεκρίθησαν.</span> <span class='ocrx_word' id='word_1_612' title='bbox 2709 3561 2880 3615; x_wconf 87' lang='grc' dir='ltr'>Τοῦτο</span> <span class='ocrx_word' id='word_1_613' title='bbox 2912 3561 3020 3633; x_wconf 82' lang='grc' dir='ltr'><strong>γὰρ</strong></span> <span class='ocrx_word' id='word_1_614' title='bbox 3061 3564 3243 3635; x_wconf 78' lang='grc' dir='ltr'>κρίσις</span> <span class='ocrx_word' id='word_1_615' title='bbox 3278 3564 3506 3627; x_wconf 86' lang='grc' dir='ltr'>δικαία,</span> <span class='ocrx_word' id='word_1_616' title='bbox 3535 3561 3596 3614; x_wconf 76' lang='grc' dir='ltr'>τὸ</span> <span class='ocrx_word' id='word_1_617' title='bbox 3617 3559 3696 3612; x_wconf 81' lang='grc' dir='ltr'>τὸν</span> <span class='ocrx_word' id='word_1_618' title='bbox 3721 3555 3784 3627; x_wconf 73' lang='grc' dir='ltr'><strong>μὲν</strong></span> 
     </span>
    </p>
   </div>
   <div class='ocr_carea' id='block_1_82' title="bbox 2253 3643 3783 3725">
    <p class='ocr_par' dir='ltr' id='par_1_82' title="bbox 2253 3643 3783 3725">
     <span class='ocr_line' id='line_1_82' title="bbox 2253 3643 3783 3725; baseline -0.004 -19"><span class='ocrx_word' id='word_1_619' title='bbox 2253 3651 2620 3725; x_wconf 81' lang='grc' dir='ltr'>τυραννοῦντα</span> <span class='ocrx_word' id='word_1_620' title='bbox 2657 3651 2902 3706; x_wconf 88' lang='grc' dir='ltr'>διάϐολον</span> <span class='ocrx_word' id='word_1_621' title='bbox 2929 3652 3194 3718; x_wconf 79' lang='grc' dir='ltr'>καθελεῖν,</span> <span class='ocrx_word' id='word_1_622' title='bbox 3219 3655 3350 3717; x_wconf 79' lang='grc' dir='ltr'>τοὺς</span> <span class='ocrx_word' id='word_1_623' title='bbox 3377 3653 3441 3706; x_wconf 80' lang='grc' dir='ltr'>δὲ</span> <span class='ocrx_word' id='word_1_624' title='bbox 3481 3643 3783 3722; x_wconf 66' lang='grc' dir='ltr'>τυραννουμέ</span> 
     </span>
    </p>
   </div>
   <div class='ocr_carea' id='block_1_83' title="bbox 2255 3735 3780 3816">
    <p class='ocr_par' dir='ltr' id='par_1_83' title="bbox 2255 3735 3780 3816">
     <span class='ocr_line' id='line_1_83' title="bbox 2255 3735 3780 3816; baseline -0.005 -18"><span class='ocrx_word' id='word_1_625' title='bbox 2255 3760 2380 3807; x_wconf 88' lang='grc' dir='ltr'>νους</span> <span class='ocrx_word' id='word_1_626' title='bbox 2414 3740 2731 3816; x_wconf 79' lang='grc' dir='ltr'>ἀνθρώπους</span> <span class='ocrx_word' id='word_1_627' title='bbox 2775 3741 3154 3815; x_wconf 74' lang='grc' dir='ltr'>ἐλευθερῶσαι.</span> <span class='ocrx_word' id='word_1_628' title='bbox 3187 3743 3336 3816; x_wconf 83' lang='grc' dir='ltr'>Πλὴν</span> <span class='ocrx_word' id='word_1_629' title='bbox 3369 3742 3518 3798; x_wconf 82' lang='grc' dir='ltr'><strong>ἀλλά</strong></span> <span class='ocrx_word' id='word_1_630' title='bbox 3567 3739 3652 3795; x_wconf 71' lang='grc' dir='ltr'><strong>καί</strong></span> <span class='ocrx_word' id='word_1_631' title='bbox 3680 3735 3780 3807; x_wconf 51' lang='lat' dir='ltr'><strong>ﬁgi:</strong></span> 
     </span>
    </p>
   </div>
   <div class='ocr_carea' id='block_1_84' title="bbox 2256 3832 3556 3908">
    <p class='ocr_par' dir='ltr' id='par_1_84' title="bbox 2256 3832 3556 3908">
     <span class='ocr_line' id='line_1_84' title="bbox 2256 3832 3556 3908; baseline -0.001 -19"><span class='ocrx_word' id='word_1_632' title='bbox 2256 3834 2480 3890; x_wconf 81' lang='grc' dir='ltr'>ἀπαιτεῖ</span> <span class='ocrx_word' id='word_1_633' title='bbox 2509 3832 2857 3905; x_wconf 80' lang='grc' dir='ltr'>δικαιοσύνην</span> <span class='ocrx_word' id='word_1_634' title='bbox 2891 3834 2985 3888; x_wconf 76' lang='grc' dir='ltr'>καὶ</span> <span class='ocrx_word' id='word_1_635' title='bbox 3013 3835 3192 3907; x_wconf 82' lang='grc' dir='ltr'>κρίσιν</span> <span class='ocrx_word' id='word_1_636' title='bbox 3225 3834 3556 3908; x_wconf 70' lang='grc' dir='ltr'>κατορθοῦν.</span> 
     </span>
    </p>
   </div>
   <div class='ocr_carea' id='block_1_85' title="bbox 2329 4004 3862 4086">
    <p class='ocr_par' dir='ltr' id='par_1_85' title="bbox 2329 4004 3862 4086">
     <span class='ocr_line' id='line_1_85' title="bbox 2329 4004 3862 4086; baseline 0.005 -14"><span class='ocrx_word' id='word_1_637' title='bbox 2329 4018 2454 4086; x_wconf 86' lang='grc' dir='ltr'>Πῦρ</span> <span class='ocrx_word' id='word_1_638' title='bbox 2485 4017 2743 4074; x_wconf 72' lang='grc' dir='ltr'>ἐνώπιον</span> <span class='ocrx_word' id='word_1_639' title='bbox 2777 4016 2965 4073; x_wconf 81' lang='grc' dir='ltr'>αὐτοῦ</span> <span class='ocrx_word' id='word_1_640' title='bbox 3009 4017 3378 4085; x_wconf 73' lang='grc' dir='ltr'>καυθήσεται</span> <span class='ocrx_word' id='word_1_641' title='bbox 3397 4059 3415 4084; x_wconf 88' lang='grc'><strong>,</strong></span> <span class='ocrx_word' id='word_1_642' title='bbox 3465 4018 3566 4071; x_wconf 76' lang='grc' dir='ltr'>καὶ</span> <span class='ocrx_word' id='word_1_643' title='bbox 3601 4004 3774 4084; x_wconf 68' lang='grc' dir='ltr'><strong>φλοτιεῖ</strong></span> <span class='ocrx_word' id='word_1_644' title='bbox 3853 4004 3862 4050; x_wconf 56' lang='grc' dir='ltr'>ἶ</span> 
     </span>
    </p>
   </div>
   <div class='ocr_carea' id='block_1_86' title="bbox 2256 4099 3876 4181">
    <p class='ocr_par' dir='ltr' id='par_1_86' title="bbox 2256 4099 3876 4181">
     <span class='ocr_line' id='line_1_86' title="bbox 2256 4099 3876 4181; baseline -0.002 -17"><span class='ocrx_word' id='word_1_645' title='bbox 2256 4111 2463 4174; x_wconf 79' lang='grc' dir='ltr'>κύκλῳ</span> <span class='ocrx_word' id='word_1_646' title='bbox 2491 4111 2634 4176; x_wconf 84' lang='grc' dir='ltr'>τοὺς</span> <span class='ocrx_word' id='word_1_647' title='bbox 2659 4111 2912 4181; x_wconf 79' lang='grc' dir='ltr'>ἐχθροὺς</span> <span class='ocrx_word' id='word_1_648' title='bbox 2931 4111 3420 4181; x_wconf 65' lang='grc' dir='ltr'><strong>αὐτοῦ.Ἕφαναν</strong></span> <span class='ocrx_word' id='word_1_649' title='bbox 3448 4113 3512 4164; x_wconf 76' lang='grc' dir='ltr'>αἱ</span> <span class='ocrx_word' id='word_1_650' title='bbox 3537 4099 3773 4174; x_wconf 64' lang='grc' dir='ltr'>ἀστραπαὶ</span> 
     </span>
    </p>
   </div>
   <div class='ocr_carea' id='block_1_87' title="bbox 2255 4191 3877 4272">
    <p class='ocr_par' dir='ltr' id='par_1_87' title="bbox 2255 4191 3877 4272">
     <span class='ocr_line' id='line_1_87' title="bbox 2255 4191 3877 4272; baseline -0.001 -16"><span class='ocrx_word' id='word_1_651' title='bbox 2255 4202 2442 4256; x_wconf 83' lang='grc' dir='ltr'>αὐτοῦ</span> <span class='ocrx_word' id='word_1_652' title='bbox 2465 4201 2540 4270; x_wconf 78' lang='grc' dir='ltr'>τῇ</span> <span class='ocrx_word' id='word_1_653' title='bbox 2569 4201 2886 4272; x_wconf 81' lang='grc' dir='ltr'>οίκουμένῃ</span> <span class='ocrx_word' id='word_1_654' title='bbox 2909 4218 2924 4234; x_wconf 90' lang='grc'><strong>·</strong></span> <span class='ocrx_word' id='word_1_655' title='bbox 2956 4198 3077 4257; x_wconf 80' lang='grc' dir='ltr'>εἶδε</span> <span class='ocrx_word' id='word_1_656' title='bbox 3106 4203 3202 4256; x_wconf 80' lang='grc' dir='ltr'>καὶ</span> <span class='ocrx_word' id='word_1_657' title='bbox 3234 4203 3540 4269; x_wconf 70' lang='grc' dir='ltr'>ἐσαλεύθη</span> <span class='ocrx_word' id='word_1_658' title='bbox 3566 4201 3602 4267; x_wconf 72' lang='grc' dir='ltr'>ἢ</span> <span class='ocrx_word' id='word_1_659' title='bbox 3625 4194 3703 4266; x_wconf 68' lang='grc' dir='ltr'><strong>τῆ.</strong></span> <span class='ocrx_word' id='word_1_660' title='bbox 3723 4191 3770 4244; x_wconf 67' lang='grc' dir='ltr'><strong>Τά</strong></span> <span class='ocrx_word' id='word_1_661' title='bbox 3871 4191 3877 4254; x_wconf 73' lang='lat'><strong>&#39;~.</strong></span> 
     </span>
    </p>
   </div>
   <div class='ocr_carea' id='block_1_88' title="bbox 2257 4288 3766 4366">
    <p class='ocr_par' dir='ltr' id='par_1_88' title="bbox 2257 4288 3766 4366">
     <span class='ocr_line' id='line_1_88' title="bbox 2257 4288 3766 4366; baseline -0.005 -16"><span class='ocrx_word' id='word_1_662' title='bbox 2257 4297 2366 4366; x_wconf 83' lang='grc' dir='ltr'>ὄρη</span> <span class='ocrx_word' id='word_1_663' title='bbox 2390 4295 2533 4350; x_wconf 77' lang='grc' dir='ltr'>ὡσεὶ</span> <span class='ocrx_word' id='word_1_664' title='bbox 2557 4295 2744 4364; x_wconf 84' lang='grc' dir='ltr'>κηρὸς</span> <span class='ocrx_word' id='word_1_665' title='bbox 2764 4295 3068 4364; x_wconf 68' lang='grc' dir='ltr'>ἐτάκησαν</span> <span class='ocrx_word' id='word_1_666' title='bbox 3088 4295 3208 4350; x_wconf 81' lang='grc' dir='ltr'>ἀπὸ</span> <span class='ocrx_word' id='word_1_667' title='bbox 3231 4297 3561 4364; x_wconf 78' lang='grc' dir='ltr'>προσώπου</span> <span class='ocrx_word' id='word_1_668' title='bbox 3587 4288 3766 4357; x_wconf 68' lang='grc' dir='ltr'>Κυρίου,</span> 
     </span>
    </p>
   </div>
   <div class='ocr_carea' id='block_1_89' title="bbox 2257 4380 3765 4459">
    <p class='ocr_par' dir='ltr' id='par_1_89' title="bbox 2257 4380 3765 4459">
     <span class='ocr_line' id='line_1_89' title="bbox 2257 4380 3765 4459; baseline -0.001 -20"><span class='ocrx_word' id='word_1_669' title='bbox 2257 4387 2374 4443; x_wconf 80' lang='grc' dir='ltr'>ἀπὸ</span> <span class='ocrx_word' id='word_1_670' title='bbox 2409 4385 2744 4456; x_wconf 78' lang='grc' dir='ltr'>πρωσώπου</span> <span class='ocrx_word' id='word_1_671' title='bbox 2771 4387 2990 4456; x_wconf 78' lang='grc' dir='ltr'>Κυρίου</span> <span class='ocrx_word' id='word_1_672' title='bbox 3017 4385 3221 4455; x_wconf 76' lang='grc' dir='ltr'>πάσης</span> <span class='ocrx_word' id='word_1_673' title='bbox 3250 4387 3360 4457; x_wconf 80' lang='grc' dir='ltr'><strong>τῆς</strong></span> <span class='ocrx_word' id='word_1_674' title='bbox 3395 4388 3531 4459; x_wconf 70' lang='grc' dir='ltr'><strong>γῆς.</strong></span> <span class='ocrx_word' id='word_1_675' title='bbox 3550 4380 3765 4450; x_wconf 52' lang='grc' dir='ltr'><strong>Ἁνήτββ</strong></span> 
     </span>
    </p>
   </div>
   <div class='ocr_carea' id='block_1_90' title="bbox 581 4470 2152 4556">
    <p class='ocr_par' dir='ltr' id='par_1_90' title="bbox 581 4481 2150 4556">
     <span class='ocr_line' id='line_1_90' title="bbox 581 4481 2150 4556; baseline 0.007 -25"><span class='ocrx_word' id='word_1_676' title='bbox 581 4482 840 4536; x_wconf 82' lang='lat' dir='ltr'><strong>iustitiam</strong></span> <span class='ocrx_word' id='word_1_677' title='bbox 861 4482 1062 4552; x_wconf 57' lang='lat' dir='ltr'><strong>ejus,“</strong></span> <span class='ocrx_word' id='word_1_678' title='bbox 1091 4481 1330 4537; x_wconf 83' lang='lat' dir='ltr'><strong>viderunt</strong></span> <span class='ocrx_word' id='word_1_679' title='bbox 1349 4499 1527 4538; x_wconf 80' lang='lat' dir='ltr'><strong>omnes</strong></span> <span class='ocrx_word' id='word_1_680' title='bbox 1553 4485 1735 4554; x_wconf 84' lang='lat' dir='ltr'><strong>populi</strong></span> <span class='ocrx_word' id='word_1_681' title='bbox 1761 4485 1983 4556; x_wconf 82' lang='lat' dir='ltr'><strong>gloriam</strong></span> <span class='ocrx_word' id='word_1_682' title='bbox 2015 4489 2150 4556; x_wconf 83' lang='lat' dir='ltr'><strong>ejus.</strong></span> 
     </span>
    </p>
   </div>
   <div class='ocr_carea' id='block_1_91' title="bbox 2255 4470 3767 4556">
    <p class='ocr_par' dir='ltr' id='par_1_91' title="bbox 2255 4470 3767 4549">
     <span class='ocr_line' id='line_1_91' title="bbox 2255 4470 3767 4549; baseline -0.007 -14"><span class='ocrx_word' id='word_1_683' title='bbox 2255 4483 2374 4534; x_wconf 80' lang='grc' dir='ltr'><strong>λαν</strong></span> <span class='ocrx_word' id='word_1_684' title='bbox 2401 4483 2454 4534; x_wconf 86' lang='grc' dir='ltr'><strong>οί</strong></span> <span class='ocrx_word' id='word_1_685' title='bbox 2491 4479 2732 4548; x_wconf 74' lang='grc' dir='ltr'>οὐρανοὶ</span> <span class='ocrx_word' id='word_1_686' title='bbox 2755 4478 2871 4548; x_wconf 80' lang='grc' dir='ltr'>τὴν</span> <span class='ocrx_word' id='word_1_687' title='bbox 2893 4477 3284 4549; x_wconf 75' lang='grc' dir='ltr'>δικαιοσύνην</span> <span class='ocrx_word' id='word_1_688' title='bbox 3319 4481 3530 4544; x_wconf 83' lang='grc' dir='ltr'>αὐτοῦ,</span> <span class='ocrx_word' id='word_1_689' title='bbox 3558 4474 3646 4530; x_wconf 78' lang='grc' dir='ltr'><strong>καί</strong></span> <span class='ocrx_word' id='word_1_690' title='bbox 3665 4470 3767 4526; x_wconf 75' lang='grc' dir='ltr'>είδο-</span> 
     </span>
    </p>
   </div>
   <div class='ocr_carea' id='block_1_92' title="bbox 582 4569 2154 4648">
    <p class='ocr_par' dir='ltr' id='par_1_92' title="bbox 582 4569 2154 4648">
     <span class='ocr_line' id='line_1_92' title="bbox 582 4569 2154 4648; baseline 0.004 -22"><span class='ocrx_word' id='word_1_691' title='bbox 582 4569 990 4641; x_wconf 82' lang='lat' dir='ltr'><strong>Coufundantur</strong></span> <span class='ocrx_word' id='word_1_692' title='bbox 1010 4586 1192 4624; x_wconf 82' lang='lat' dir='ltr'><strong>ontnes</strong></span> <span class='ocrx_word' id='word_1_693' title='bbox 1213 4573 1304 4642; x_wconf 82' lang='lat' dir='ltr'><strong>qui</strong></span> <span class='ocrx_word' id='word_1_694' title='bbox 1331 4573 1560 4628; x_wconf 76' lang='lat' dir='ltr'><strong>adorant</strong></span> <span class='ocrx_word' id='word_1_695' title='bbox 1606 4575 1895 4644; x_wconf 79' lang='lat' dir='ltr'><strong>sculptilia,</strong></span> <span class='ocrx_word' id='word_1_696' title='bbox 1917 4578 2008 4647; x_wconf 86' lang='lat' dir='ltr'><strong>qui</strong></span> <span class='ocrx_word' id='word_1_697' title='bbox 2039 4577 2154 4648; x_wconf 84' lang='lat' dir='ltr'><strong>glo-</strong></span> 
     </span>
    </p>
   </div>
   <div class='ocr_carea' id='block_1_93' title="bbox 581 4663 2153 4726">
    <p class='ocr_par' dir='ltr' id='par_1_93' title="bbox 581 4663 2153 4726">
     <span class='ocr_line' id='line_1_93' title="bbox 581 4663 2153 4726; baseline 0.005 -8"><span class='ocrx_word' id='word_1_698' title='bbox 581 4663 870 4718; x_wconf 77' lang='lat' dir='ltr'><strong>rianturin</strong></span> <span class='ocrx_word' id='word_1_699' title='bbox 904 4663 1062 4718; x_wconf 82' lang='lat' dir='ltr'><strong>idolis</strong></span> <span class='ocrx_word' id='word_1_700' title='bbox 1087 4664 1221 4720; x_wconf 81' lang='lat' dir='ltr'><strong>suis.</strong></span> <span class='ocrx_word' id='word_1_701' title='bbox 1269 4663 1372 4720; x_wconf 83' lang='lat' dir='ltr'><strong>Hic</strong></span> <span class='ocrx_word' id='word_1_702' title='bbox 1427 4666 1694 4722; x_wconf 81' lang='lat' dir='ltr'><strong>terribilia</strong></span> <span class='ocrx_word' id='word_1_703' title='bbox 1743 4668 1956 4724; x_wconf 86' lang='lat' dir='ltr'><strong>ultricis</strong></span> <span class='ocrx_word' id='word_1_704' title='bbox 2007 4669 2153 4726; x_wconf 85' lang='lat' dir='ltr'><strong>illius</strong></span> 
     </span>
    </p>
   </div>
   <div class='ocr_carea' id='block_1_94' title="bbox 585 4755 2155 4832">
    <p class='ocr_par' dir='ltr' id='par_1_94' title="bbox 585 4755 2155 4832">
     <span class='ocr_line' id='line_1_94' title="bbox 585 4755 2155 4832; baseline 0.006 -22"><span class='ocrx_word' id='word_1_705' title='bbox 585 4755 800 4812; x_wconf 79' lang='lat' dir='ltr'><strong>virtutis</strong></span> <span class='ocrx_word' id='word_1_706' title='bbox 812 4771 910 4826; x_wconf 88' lang='lat' dir='ltr'><strong>per</strong></span> <span class='ocrx_word' id='word_1_707' title='bbox 923 4755 1104 4827; x_wconf 89' lang='lat' dir='ltr'><strong>ignem</strong></span> <span class='ocrx_word' id='word_1_708' title='bbox 1124 4765 1178 4812; x_wconf 91' lang='lat' dir='ltr'><strong>et</strong></span> <span class='ocrx_word' id='word_1_709' title='bbox 1198 4756 1432 4829; x_wconf 77' lang='lat' dir='ltr'><strong>fulguris</strong></span> <span class='ocrx_word' id='word_1_710' title='bbox 1455 4759 1820 4830; x_wconf 82' lang='lat' dir='ltr'><strong>splendorem,</strong></span> <span class='ocrx_word' id='word_1_711' title='bbox 1838 4775 1957 4832; x_wconf 67' lang='lat' dir='ltr'><strong>quae</strong></span> <span class='ocrx_word' id='word_1_712' title='bbox 1983 4762 2038 4816; x_wconf 91' lang='lat' dir='ltr'><strong>in</strong></span> <span class='ocrx_word' id='word_1_713' title='bbox 2067 4779 2155 4820; x_wconf 89' lang='lat' dir='ltr'><strong>se-</strong></span> 
     </span>
    </p>
   </div>
   <div class='ocr_carea' id='block_1_95' title="bbox 581 4847 2155 4923">
    <p class='ocr_par' dir='ltr' id='par_1_95' title="bbox 581 4847 2155 4923">
     <span class='ocr_line' id='line_1_95' title="bbox 581 4847 2155 4923; baseline 0.006 -21"><span class='ocrx_word' id='word_1_714' title='bbox 581 4847 765 4904; x_wconf 85' lang='lat' dir='ltr'><strong>cundo</strong></span> <span class='ocrx_word' id='word_1_715' title='bbox 789 4847 996 4905; x_wconf 79' lang='lat' dir='ltr'><strong>Christi</strong></span> <span class='ocrx_word' id='word_1_716' title='bbox 1026 4849 1262 4905; x_wconf 84' lang='lat' dir='ltr'><strong>adventu</strong></span> <span class='ocrx_word' id='word_1_717' title='bbox 1303 4849 1534 4908; x_wconf 84' lang='lat' dir='ltr'><strong>videnda</strong></span> <span class='ocrx_word' id='word_1_718' title='bbox 1562 4860 1691 4908; x_wconf 85' lang='lat' dir='ltr'><strong>sunt</strong></span> <span class='ocrx_word' id='word_1_719' title='bbox 1711 4855 2052 4923; x_wconf 83' lang='lat' dir='ltr'><strong>subindicat;</strong></span> <span class='ocrx_word' id='word_1_720' title='bbox 2091 4872 2155 4911; x_wconf 88' lang='lat' dir='ltr'><strong>ac</strong></span> 
     </span>
    </p>
   </div>
   <div class='ocr_carea' id='block_1_96' title="bbox 581 4935 2158 5018">
    <p class='ocr_par' dir='ltr' id='par_1_96' title="bbox 581 4935 2158 5018">
     <span class='ocr_line' id='line_1_96' title="bbox 581 4935 2158 5018; baseline 0.008 -29"><span class='ocrx_word' id='word_1_721' title='bbox 581 4935 954 5004; x_wconf 81' lang='lat' dir='ltr'><strong>evangelicam</strong></span> <span class='ocrx_word' id='word_1_722' title='bbox 982 4937 1436 4994; x_wconf 85' lang='lat' dir='ltr'><strong>illuminationem</strong></span> <span class='ocrx_word' id='word_1_723' title='bbox 1487 4942 1728 5008; x_wconf 84' lang='lat' dir='ltr'><strong>revelat,</strong></span> <span class='ocrx_word' id='word_1_724' title='bbox 1780 4943 1978 5001; x_wconf 73' lang='lat' dir='ltr'><strong>divinae</strong></span> <span class='ocrx_word' id='word_1_725' title='bbox 2019 4961 2158 5018; x_wconf 68' lang='lat' dir='ltr'><strong>prae-</strong></span> 
     </span>
    </p>
   </div>
   <div class='ocr_carea' id='block_1_97' title="bbox 582 5025 2157 5106">
    <p class='ocr_par' dir='ltr' id='par_1_97' title="bbox 582 5025 2157 5106">
     <span class='ocr_line' id='line_1_97' title="bbox 582 5025 2157 5106; baseline 0.009 -26"><span class='ocrx_word' id='word_1_726' title='bbox 582 5025 876 5084; x_wconf 83' lang='lat' dir='ltr'><strong>dicationis</strong></span> <span class='ocrx_word' id='word_1_727' title='bbox 910 5043 1213 5095; x_wconf 86' lang='lat' dir='ltr'><strong>sermones,</strong></span> <span class='ocrx_word' id='word_1_728' title='bbox 1242 5031 1338 5103; x_wconf 88' lang='lat' dir='ltr'><strong>qui</strong></span> <span class='ocrx_word' id='word_1_729' title='bbox 1365 5047 1462 5103; x_wconf 83' lang='lat' dir='ltr'><strong>per</strong></span> <span class='ocrx_word' id='word_1_730' title='bbox 1489 5039 1665 5088; x_wconf 89' lang='lat' dir='ltr'><strong>totum</strong></span> <span class='ocrx_word' id='word_1_731' title='bbox 1693 5037 1882 5093; x_wconf 85' lang='lat' dir='ltr'><strong>orbem</strong></span> <span class='ocrx_word' id='word_1_732' title='bbox 1908 5039 2157 5106; x_wconf 83' lang='lat' dir='ltr'><strong>resplen-</strong></span> 
     </span>
    </p>
   </div>
   <div class='ocr_carea' id='block_1_98' title="bbox 581 5117 2156 5196">
    <p class='ocr_par' dir='ltr' id='par_1_98' title="bbox 581 5117 2156 5196">
     <span class='ocr_line' id='line_1_98' title="bbox 581 5117 2156 5196; baseline 0.006 -24"><span class='ocrx_word' id='word_1_733' title='bbox 581 5117 733 5186; x_wconf 85' lang='lat' dir='ltr'><strong>dent,</strong></span> <span class='ocrx_word' id='word_1_734' title='bbox 767 5118 984 5190; x_wconf 76' lang='lat' dir='ltr'><strong>fulgura</strong></span> <span class='ocrx_word' id='word_1_735' title='bbox 1013 5135 1358 5192; x_wconf 87' lang='lat' dir='ltr'><strong>nuncupans.</strong></span> <span class='ocrx_word' id='word_1_736' title='bbox 1418 5121 1606 5196; x_wconf 82' lang='lat' dir='ltr'><strong>Neque</strong></span> <span class='ocrx_word' id='word_1_737' title='bbox 1654 5125 1799 5182; x_wconf 89' lang='lat' dir='ltr'><strong>enim</strong></span> <span class='ocrx_word' id='word_1_738' title='bbox 1855 5127 2156 5182; x_wconf 75' lang='lat' dir='ltr'><strong>dixerimus</strong></span> 
     </span>
    </p>
   </div>
   <div class='ocr_carea' id='block_1_99' title="bbox 582 5208 2153 5286">
    <p class='ocr_par' dir='ltr' id='par_1_99' title="bbox 582 5208 2153 5286">
     <span class='ocr_line' id='line_1_99' title="bbox 582 5208 2153 5286; baseline 0.008 -24"><span class='ocrx_word' id='word_1_739' title='bbox 582 5222 707 5263; x_wconf 85' lang='lat' dir='ltr'><strong>eum</strong></span> <span class='ocrx_word' id='word_1_740' title='bbox 734 5208 986 5281; x_wconf 83' lang='lat' dir='ltr'><strong>fulguris,</strong></span> <span class='ocrx_word' id='word_1_741' title='bbox 1020 5211 1218 5282; x_wconf 68' lang='lat' dir='ltr'><strong>pluviae</strong></span> <span class='ocrx_word' id='word_1_742' title='bbox 1268 5212 1464 5269; x_wconf 88' lang='lat' dir='ltr'><strong>indicis</strong></span> <span class='ocrx_word' id='word_1_743' title='bbox 1487 5251 1504 5279; x_wconf 93' lang='lat'><strong>,</strong></span> <span class='ocrx_word' id='word_1_744' title='bbox 1544 5214 1877 5271; x_wconf 85' lang='lat' dir='ltr'><strong>mentionem</strong></span> <span class='ocrx_word' id='word_1_745' title='bbox 1935 5216 2153 5286; x_wconf 88' lang='lat' dir='ltr'><strong>facere;</strong></span> 
     </span>
    </p>
   </div>
   <div class='ocr_carea' id='block_1_100' title="bbox 583 5299 2156 5378">
    <p class='ocr_par' dir='ltr' id='par_1_100' title="bbox 583 5299 2156 5378">
     <span class='ocr_line' id='line_1_100' title="bbox 583 5299 2156 5378; baseline 0.006 -25"><span class='ocrx_word' id='word_1_746' title='bbox 583 5299 680 5354; x_wconf 83' lang='lat' dir='ltr'><strong>sed</strong></span> <span class='ocrx_word' id='word_1_747' title='bbox 716 5299 887 5355; x_wconf 79' lang='lat' dir='ltr'><strong>divini</strong></span> <span class='ocrx_word' id='word_1_748' title='bbox 913 5309 967 5356; x_wconf 89' lang='lat' dir='ltr'><strong>et</strong></span> <span class='ocrx_word' id='word_1_749' title='bbox 998 5303 1302 5373; x_wconf 90' lang='lat' dir='ltr'><strong>spiritualis</strong></span> <span class='ocrx_word' id='word_1_750' title='bbox 1343 5303 1569 5361; x_wconf 82' lang='lat' dir='ltr'><strong>luminis</strong></span> <span class='ocrx_word' id='word_1_751' title='bbox 1603 5303 1890 5376; x_wconf 80' lang='lat' dir='ltr'><strong>fulgorem,</strong></span> <span class='ocrx_word' id='word_1_752' title='bbox 1925 5305 2156 5378; x_wconf 86' lang='lat' dir='ltr'><strong>fulguris</strong></span> 
     </span>
    </p>
   </div>
   <div class='ocr_carea' id='block_1_101' title="bbox 583 5391 2157 5470">
    <p class='ocr_par' dir='ltr' id='par_1_101' title="bbox 583 5391 2157 5470">
     <span class='ocr_line' id='line_1_101' title="bbox 583 5391 2157 5470; baseline 0.008 -25"><span class='ocrx_word' id='word_1_753' title='bbox 583 5391 806 5447; x_wconf 88' lang='lat' dir='ltr'><strong>nomine</strong></span> <span class='ocrx_word' id='word_1_754' title='bbox 837 5393 1143 5464; x_wconf 83' lang='lat' dir='ltr'><strong>significat;</strong></span> <span class='ocrx_word' id='word_1_755' title='bbox 1175 5405 1270 5450; x_wconf 90' lang='lat' dir='ltr'><strong>aut</strong></span> <span class='ocrx_word' id='word_1_756' title='bbox 1301 5395 1534 5453; x_wconf 84' lang='lat' dir='ltr'><strong>fortasse</strong></span> <span class='ocrx_word' id='word_1_757' title='bbox 1563 5396 1778 5470; x_wconf 87' lang='lat' dir='ltr'><strong>fulgura</strong></span> <span class='ocrx_word' id='word_1_758' title='bbox 1819 5399 2025 5456; x_wconf 84' lang='lat' dir='ltr'><strong>Christi</strong></span> <span class='ocrx_word' id='word_1_759' title='bbox 2062 5417 2157 5457; x_wconf 64' lang='grc' dir='ltr'>νος</span> 
     </span>
    </p>
   </div>
   <div class='ocr_carea' id='block_1_102' title="bbox 584 5487 2158 5566">
    <p class='ocr_par' dir='ltr' id='par_1_102' title="bbox 584 5487 2158 5566">
     <span class='ocr_line' id='line_1_102' title="bbox 584 5487 2158 5566; baseline 0.008 -28"><span class='ocrx_word' id='word_1_760' title='bbox 584 5491 674 5538; x_wconf 78' lang='lat' dir='ltr'><strong>cat</strong></span> <span class='ocrx_word' id='word_1_761' title='bbox 702 5499 818 5549; x_wconf 90' lang='lat' dir='ltr'><strong>eos,</strong></span> <span class='ocrx_word' id='word_1_762' title='bbox 842 5487 937 5558; x_wconf 90' lang='lat' dir='ltr'><strong>qui</strong></span> <span class='ocrx_word' id='word_1_763' title='bbox 970 5502 1187 5543; x_wconf 88' lang='lat' dir='ltr'><strong>sacrum</strong></span> <span class='ocrx_word' id='word_1_764' title='bbox 1220 5489 1417 5546; x_wconf 84' lang='lat' dir='ltr'><strong>divinae</strong></span> <span class='ocrx_word' id='word_1_765' title='bbox 1446 5500 1500 5547; x_wconf 91' lang='lat' dir='ltr'><strong>et</strong></span> <span class='ocrx_word' id='word_1_766' title='bbox 1527 5493 1854 5563; x_wconf 68' lang='lat' dir='ltr'><strong>evangelica:</strong></span> <span class='ocrx_word' id='word_1_767' title='bbox 1893 5495 2158 5566; x_wconf 66' lang='lat' dir='ltr'><strong>praedica-</strong></span> 
     </span>
    </p>
   </div>
   <div class='ocr_carea' id='block_1_103' title="bbox 585 5575 2158 5662">
    <p class='ocr_par' dir='ltr' id='par_1_103' title="bbox 585 5575 2158 5662">
     <span class='ocr_line' id='line_1_103' title="bbox 585 5575 2158 5662; baseline 0.01 -32"><span class='ocrx_word' id='word_1_768' title='bbox 585 5575 752 5632; x_wconf 84' lang='lat' dir='ltr'><strong>tionis</strong></span> <span class='ocrx_word' id='word_1_769' title='bbox 781 5593 980 5636; x_wconf 88' lang='lat' dir='ltr'><strong>munus</strong></span> <span class='ocrx_word' id='word_1_770' title='bbox 1011 5581 1298 5653; x_wconf 88' lang='lat' dir='ltr'><strong>obierunt,</strong></span> <span class='ocrx_word' id='word_1_771' title='bbox 1329 5582 1388 5638; x_wconf 88' lang='lat' dir='ltr'><strong>id</strong></span> <span class='ocrx_word' id='word_1_772' title='bbox 1420 5591 1507 5642; x_wconf 86' lang='lat' dir='ltr'><strong>est</strong></span> <span class='ocrx_word' id='word_1_773' title='bbox 1531 5586 1813 5657; x_wconf 81' lang='lat' dir='ltr'><strong>apostolos</strong></span> <span class='ocrx_word' id='word_1_774' title='bbox 1833 5594 1887 5645; x_wconf 86' lang='lat' dir='ltr'><strong>et</strong></span> <span class='ocrx_word' id='word_1_775' title='bbox 1921 5603 2158 5662; x_wconf 86' lang='lat' dir='ltr'><strong>evange-</strong></span> 
     </span>
    </p>
   </div>
   <div class='ocr_carea' id='block_1_104' title="bbox 653 5757 1194 5843">
    <p class='ocr_par' dir='ltr' id='par_1_104' title="bbox 653 5757 1194 5843">
     <span class='ocr_line' id='line_1_104' title="bbox 653 5757 1194 5843; baseline -0.004 -25"><span class='ocrx_word' id='word_1_776' title='bbox 653 5757 698 5791; x_wconf 80' lang='grc'><strong>⁸⁷</strong></span> <span class='ocrx_word' id='word_1_777' title='bbox 737 5757 883 5843; x_wconf 63' lang='lat' dir='ltr'><strong>Psal.</strong></span> <span class='ocrx_word' id='word_1_778' title='bbox 920 5775 1070 5831; x_wconf 86' lang='lat' dir='ltr'><strong>xvu,</strong></span> <span class='ocrx_word' id='word_1_779' title='bbox 1111 5761 1194 5817; x_wconf 65' lang='lat' dir='ltr'><strong>la.</strong></span> 
     </span>
    </p>
   </div>
   <div class='ocr_carea' id='block_1_105' title="bbox 2255 4561 3760 4640">
    <p class='ocr_par' dir='ltr' id='par_1_105' title="bbox 2255 4561 3760 4640">
     <span class='ocr_line' id='line_1_105' title="bbox 2255 4561 3760 4640; baseline 0 -14"><span class='ocrx_word' id='word_1_780' title='bbox 2255 4587 2377 4626; x_wconf 77' lang='grc' dir='ltr'>σαν</span> <span class='ocrx_word' id='word_1_781' title='bbox 2400 4570 2622 4638; x_wconf 75' lang='grc' dir='ltr'>πάντες</span> <span class='ocrx_word' id='word_1_782' title='bbox 2643 4573 2698 4626; x_wconf 80' lang='grc' dir='ltr'>οἱ</span> <span class='ocrx_word' id='word_1_783' title='bbox 2721 4571 2858 4626; x_wconf 76' lang='grc' dir='ltr'>λαοὶ</span> <span class='ocrx_word' id='word_1_784' title='bbox 2884 4570 2999 4640; x_wconf 75' lang='grc' dir='ltr'>τὴν</span> <span class='ocrx_word' id='word_1_785' title='bbox 3027 4571 3217 4637; x_wconf 80' lang='grc' dir='ltr'>δόξαν</span> <span class='ocrx_word' id='word_1_786' title='bbox 3243 4573 3451 4628; x_wconf 82' lang='grc' dir='ltr'>αὑτοῦ.</span> <span class='ocrx_word' id='word_1_787' title='bbox 3489 4561 3760 4637; x_wconf 67' lang='grc' dir='ltr'><strong>Αἰσχυνθή·</strong></span> 
     </span>
    </p>
   </div>
   <div class='ocr_carea' id='block_1_106' title="bbox 2254 4653 3762 4735">
    <p class='ocr_par' dir='ltr' id='par_1_106' title="bbox 2254 4653 3762 4735">
     <span class='ocr_line' id='line_1_106' title="bbox 2254 4653 3762 4735; baseline -0.001 -18"><span class='ocrx_word' id='word_1_788' title='bbox 2254 4679 2456 4718; x_wconf 80' lang='grc' dir='ltr'>τωσαν</span> <span class='ocrx_word' id='word_1_789' title='bbox 2484 4662 2705 4730; x_wconf 68' lang='grc' dir='ltr'>πάντες</span> <span class='ocrx_word' id='word_1_790' title='bbox 2740 4666 2795 4718; x_wconf 83' lang='grc' dir='ltr'>οι</span> <span class='ocrx_word' id='word_1_791' title='bbox 2833 4665 3318 4733; x_wconf 76' lang='grc' dir='ltr'>προσκυνοῦντες</span> <span class='ocrx_word' id='word_1_792' title='bbox 3355 4665 3483 4732; x_wconf 79' lang='grc' dir='ltr'>τοῖς</span> <span class='ocrx_word' id='word_1_793' title='bbox 3523 4653 3762 4735; x_wconf 58' lang='grc' dir='ltr'><strong>γλυπτοῖςν</strong></span> 
     </span>
    </p>
   </div>
   <div class='ocr_carea' id='block_1_107' title="bbox 2255 4746 3758 4827">
    <p class='ocr_par' dir='ltr' id='par_1_107' title="bbox 2255 4746 3758 4827">
     <span class='ocr_line' id='line_1_107' title="bbox 2255 4746 3758 4827; baseline -0.005 -18"><span class='ocrx_word' id='word_1_794' title='bbox 2255 4758 2310 4810; x_wconf 87' lang='lat' dir='ltr'><strong>ol</strong></span> <span class='ocrx_word' id='word_1_795' title='bbox 2340 4754 2776 4827; x_wconf 70' lang='grc' dir='ltr'>ἐγκαυχάψενοι</span> <span class='ocrx_word' id='word_1_796' title='bbox 2813 4757 2884 4810; x_wconf 69' lang='grc' dir='ltr'><strong>ἐν</strong></span> <span class='ocrx_word' id='word_1_797' title='bbox 2921 4756 3047 4824; x_wconf 81' lang='grc' dir='ltr'>τοῖς</span> <span class='ocrx_word' id='word_1_798' title='bbox 3070 4757 3339 4824; x_wconf 72' lang='grc' dir='ltr'>είδώλοις</span> <span class='ocrx_word' id='word_1_799' title='bbox 3361 4757 3572 4813; x_wconf 77' lang='grc' dir='ltr'>αὐτῶν.</span> <span class='ocrx_word' id='word_1_800' title='bbox 3588 4753 3660 4806; x_wconf 79' lang='grc' dir='ltr'>Ἐν</span> <span class='ocrx_word' id='word_1_801' title='bbox 3677 4746 3758 4801; x_wconf 72' lang='grc' dir='ltr'><strong>τσύο</strong></span> 
     </span>
    </p>
   </div>
   <div class='ocr_carea' id='block_1_108' title="bbox 2255 4839 3760 4924">
    <p class='ocr_par' dir='ltr' id='par_1_108' title="bbox 2255 4839 3760 4924">
     <span class='ocr_line' id='line_1_108' title="bbox 2255 4839 3760 4924; baseline -0.001 -24"><span class='ocrx_word' id='word_1_802' title='bbox 2255 4864 2368 4912; x_wconf 83' lang='grc' dir='ltr'>τοις</span> <span class='ocrx_word' id='word_1_803' title='bbox 2388 4847 2458 4902; x_wconf 88' lang='grc' dir='ltr'><strong>τά</strong></span> <span class='ocrx_word' id='word_1_804' title='bbox 2481 4847 2687 4920; x_wconf 81' lang='grc' dir='ltr'>φοϐερὰ</span> <span class='ocrx_word' id='word_1_805' title='bbox 2704 4849 2802 4920; x_wconf 86' lang='grc' dir='ltr'>τῆς</span> <span class='ocrx_word' id='word_1_806' title='bbox 2826 4851 3255 4921; x_wconf 83' lang='grc' dir='ltr'>ἀνταποδοτικῆς</span> <span class='ocrx_word' id='word_1_807' title='bbox 3270 4851 3549 4924; x_wconf 84' lang='grc' dir='ltr'>δυνάμεως</span> <span class='ocrx_word' id='word_1_808' title='bbox 3575 4839 3760 4901; x_wconf 71' lang='grc' dir='ltr'>ὑποδείκ-</span> 
     </span>
    </p>
   </div>
   <div class='ocr_carea' id='block_1_109' title="bbox 2256 4931 3755 5015">
    <p class='ocr_par' dir='ltr' id='par_1_109' title="bbox 2256 4931 3755 5015">
     <span class='ocr_line' id='line_1_109' title="bbox 2256 4931 3755 5015; baseline 0.005 -24"><span class='ocrx_word' id='word_1_809' title='bbox 2256 4955 2397 5002; x_wconf 88' lang='grc' dir='ltr'>νυσι,</span> <span class='ocrx_word' id='word_1_810' title='bbox 2430 4939 2520 4992; x_wconf 72' lang='grc' dir='ltr'><strong>διὰ</strong></span> <span class='ocrx_word' id='word_1_811' title='bbox 2543 4939 2635 4993; x_wconf 86' lang='grc' dir='ltr'><strong>τοῦ</strong></span> <span class='ocrx_word' id='word_1_812' title='bbox 2670 4941 2841 5012; x_wconf 81' lang='grc' dir='ltr'>πυρὸς</span> <span class='ocrx_word' id='word_1_813' title='bbox 2870 4944 2964 4996; x_wconf 76' lang='grc' dir='ltr'>καὶ</span> <span class='ocrx_word' id='word_1_814' title='bbox 2988 4946 3086 5015; x_wconf 79' lang='grc' dir='ltr'>τῆς</span> <span class='ocrx_word' id='word_1_815' title='bbox 3119 4943 3439 5014; x_wconf 83' lang='grc' dir='ltr'>διαττούσης</span> <span class='ocrx_word' id='word_1_816' title='bbox 3469 4936 3704 5013; x_wconf 73' lang='grc' dir='ltr'>ἀστραπῆς</span> <span class='ocrx_word' id='word_1_817' title='bbox 3719 4931 3755 4982; x_wconf 63' lang='grc' dir='ltr'><strong>έν</strong></span> 
     </span>
    </p>
   </div>
   <div class='ocr_carea' id='block_1_110' title="bbox 2256 5019 3759 5103">
    <p class='ocr_par' dir='ltr' id='par_1_110' title="bbox 2256 5019 3759 5103">
     <span class='ocr_line' id='line_1_110' title="bbox 2256 5019 3759 5103; baseline -0.001 -22"><span class='ocrx_word' id='word_1_818' title='bbox 2256 5031 2320 5099; x_wconf 83' lang='grc' dir='ltr'><strong>τῇ</strong></span> <span class='ocrx_word' id='word_1_819' title='bbox 2345 5029 2573 5100; x_wconf 79' lang='grc' dir='ltr'>δευτέρᾳ</span> <span class='ocrx_word' id='word_1_820' title='bbox 2596 5029 2834 5101; x_wconf 81' lang='grc' dir='ltr'>Χριστοῦ</span> <span class='ocrx_word' id='word_1_821' title='bbox 2855 5031 3128 5103; x_wconf 76' lang='grc' dir='ltr'>παρουσίᾳ</span> <span class='ocrx_word' id='word_1_822' title='bbox 3147 5049 3160 5062; x_wconf 86' lang='grc'><strong>·</strong></span> <span class='ocrx_word' id='word_1_823' title='bbox 3188 5031 3512 5086; x_wconf 73' lang='grc' dir='ltr'>ὲκκαλύπτει</span> <span class='ocrx_word' id='word_1_824' title='bbox 3537 5031 3584 5084; x_wconf 81' lang='grc' dir='ltr'>δὲ</span> <span class='ocrx_word' id='word_1_825' title='bbox 3609 5019 3759 5088; x_wconf 73' lang='grc' dir='ltr'>καὶτὴν</span> 
     </span>
    </p>
   </div>
   <div class='ocr_carea' id='block_1_111' title="bbox 2257 5107 3753 5194">
    <p class='ocr_par' dir='ltr' id='par_1_111' title="bbox 2257 5107 3753 5194">
     <span class='ocr_line' id='line_1_111' title="bbox 2257 5107 3753 5194; baseline 0.002 -21"><span class='ocrx_word' id='word_1_826' title='bbox 2257 5119 2614 5192; x_wconf 82' lang='grc' dir='ltr'>εὑαγγελικὴν</span> <span class='ocrx_word' id='word_1_827' title='bbox 2645 5123 3025 5190; x_wconf 73' lang='grc' dir='ltr'>φωταγωγίαν,</span> <span class='ocrx_word' id='word_1_828' title='bbox 3053 5123 3339 5194; x_wconf 77' lang='grc' dir='ltr'>ἀστραπὰς</span> <span class='ocrx_word' id='word_1_829' title='bbox 3371 5123 3539 5192; x_wconf 83' lang='grc' dir='ltr'>λέγων</span> <span class='ocrx_word' id='word_1_830' title='bbox 3567 5118 3670 5177; x_wconf 68' lang='grc' dir='ltr'>τοὺς</span> <span class='ocrx_word' id='word_1_831' title='bbox 3690 5107 3753 5163; x_wconf 49' lang='grc' dir='ltr'><strong>τοῦ</strong></span> 
     </span>
    </p>
   </div>
   <div class='ocr_carea' id='block_1_112' title="bbox 2258 5207 3754 5286">
    <p class='ocr_par' dir='ltr' id='par_1_112' title="bbox 2258 5207 3754 5286">
     <span class='ocr_line' id='line_1_112' title="bbox 2258 5207 3754 5286; baseline 0.003 -24"><span class='ocrx_word' id='word_1_832' title='bbox 2258 5207 2401 5262; x_wconf 84' lang='grc' dir='ltr'>θείου</span> <span class='ocrx_word' id='word_1_833' title='bbox 2435 5210 2784 5281; x_wconf 80' lang='grc' dir='ltr'>κηρύγματος</span> <span class='ocrx_word' id='word_1_834' title='bbox 2809 5211 3023 5280; x_wconf 85' lang='grc' dir='ltr'>λόγους,</span> <span class='ocrx_word' id='word_1_835' title='bbox 3056 5215 3104 5267; x_wconf 83' lang='grc' dir='ltr'>οἳ</span> <span class='ocrx_word' id='word_1_836' title='bbox 3135 5213 3277 5267; x_wconf 85' lang='grc' dir='ltr'><strong>κατά</strong></span> <span class='ocrx_word' id='word_1_837' title='bbox 3309 5216 3489 5286; x_wconf 82' lang='grc' dir='ltr'>πάσης</span> <span class='ocrx_word' id='word_1_838' title='bbox 3521 5213 3606 5282; x_wconf 83' lang='grc' dir='ltr'>τῆς</span> <span class='ocrx_word' id='word_1_839' title='bbox 3627 5209 3754 5260; x_wconf 74' lang='grc' dir='ltr'><strong>οἷκου⁹</strong></span> 
     </span>
    </p>
   </div>
   <div class='ocr_carea' id='block_1_113' title="bbox 2261 5294 3886 5379">
    <p class='ocr_par' dir='ltr' id='par_1_113' title="bbox 2261 5294 3886 5379">
     <span class='ocr_line' id='line_1_113' title="bbox 2261 5294 3886 5379; baseline -0.003 -22"><span class='ocrx_word' id='word_1_840' title='bbox 2261 5303 2430 5373; x_wconf 81' lang='grc' dir='ltr'>μένης</span> <span class='ocrx_word' id='word_1_841' title='bbox 2455 5303 2842 5375; x_wconf 82' lang='grc' dir='ltr'>ὲκλάμπουσιν.</span> <span class='ocrx_word' id='word_1_842' title='bbox 2869 5305 2944 5358; x_wconf 65' lang='lat' dir='ltr'><strong>Ui:</strong></span> <span class='ocrx_word' id='word_1_843' title='bbox 2969 5305 3078 5379; x_wconf 84' lang='grc' dir='ltr'>γὰρ</span> <span class='ocrx_word' id='word_1_844' title='bbox 3099 5306 3272 5378; x_wconf 84' lang='grc' dir='ltr'>δήπου</span> <span class='ocrx_word' id='word_1_845' title='bbox 3301 5309 3499 5378; x_wconf 70' lang='grc' dir='ltr'>φαμὲν,</span> <span class='ocrx_word' id='word_1_846' title='bbox 3518 5308 3588 5360; x_wconf 75' lang='grc' dir='ltr'><strong>ὅτι</strong></span> <span class='ocrx_word' id='word_1_847' title='bbox 3610 5301 3687 5370; x_wconf 78' lang='grc' dir='ltr'>τῆς</span> <span class='ocrx_word' id='word_1_848' title='bbox 3699 5294 3752 5353; x_wconf 77' lang='grc' dir='ltr'><strong>είς</strong></span> <span class='ocrx_word' id='word_1_849' title='bbox 3863 5294 3886 5340; x_wconf 63' lang='grc' dir='ltr'><em>π</em></span> 
     </span>
    </p>
   </div>
   <div class='ocr_carea' id='block_1_114' title="bbox 2259 5383 3752 5472">
    <p class='ocr_par' dir='ltr' id='par_1_114' title="bbox 2259 5383 3752 5472">
     <span class='ocr_line' id='line_1_114' title="bbox 2259 5383 3752 5472; baseline 0.006 -24"><span class='ocrx_word' id='word_1_850' title='bbox 2259 5395 2447 5458; x_wconf 80' lang='grc' dir='ltr'>ὑετοὺς</span> <span class='ocrx_word' id='word_1_851' title='bbox 2471 5397 2841 5467; x_wconf 82' lang='grc' dir='ltr'>γεγενημένης</span> <span class='ocrx_word' id='word_1_852' title='bbox 2865 5399 3153 5470; x_wconf 79' lang='grc' dir='ltr'>ἀστραπῆς</span> <span class='ocrx_word' id='word_1_853' title='bbox 3179 5403 3410 5454; x_wconf 76' lang='grc' dir='ltr'>ἐποιεῖτο</span> <span class='ocrx_word' id='word_1_854' title='bbox 3437 5402 3646 5472; x_wconf 67' lang='grc' dir='ltr'>μνήμην,</span> <span class='ocrx_word' id='word_1_855' title='bbox 3663 5383 3752 5443; x_wconf 52' lang='grc' dir='ltr'>ἀλλὰ</span> 
     </span>
    </p>
   </div>
   <div class='ocr_carea' id='block_1_115' title="bbox 2259 5477 3751 5564">
    <p class='ocr_par' dir='ltr' id='par_1_115' title="bbox 2259 5477 3751 5564">
     <span class='ocr_line' id='line_1_115' title="bbox 2259 5477 3751 5564; baseline 0.007 -28"><span class='ocrx_word' id='word_1_856' title='bbox 2259 5485 2357 5555; x_wconf 80' lang='grc' dir='ltr'>τῂν</span> <span class='ocrx_word' id='word_1_857' title='bbox 2388 5483 2480 5537; x_wconf 86' lang='grc' dir='ltr'><strong>τοῦ</strong></span> <span class='ocrx_word' id='word_1_858' title='bbox 2521 5485 2663 5540; x_wconf 88' lang='grc' dir='ltr'>θείου</span> <span class='ocrx_word' id='word_1_859' title='bbox 2699 5489 2794 5541; x_wconf 80' lang='grc' dir='ltr'>καὶ</span> <span class='ocrx_word' id='word_1_860' title='bbox 2841 5489 3034 5560; x_wconf 84' lang='grc' dir='ltr'>νοητοῦ</span> <span class='ocrx_word' id='word_1_861' title='bbox 3071 5492 3246 5560; x_wconf 84' lang='grc' dir='ltr'>φωτὸς</span> <span class='ocrx_word' id='word_1_862' title='bbox 3287 5493 3582 5564; x_wconf 74' lang='grc' dir='ltr'>ἀνάλαμψιν</span> <span class='ocrx_word' id='word_1_863' title='bbox 3606 5483 3666 5556; x_wconf 74' lang='grc' dir='ltr'>τῷ</span> <span class='ocrx_word' id='word_1_864' title='bbox 3687 5477 3751 5547; x_wconf 61' lang='grc' dir='ltr'><strong>τῆς</strong></span> 
     </span>
    </p>
   </div>
   <div class='ocr_carea' id='block_1_116' title="bbox 2259 5569 3750 5659">
    <p class='ocr_par' dir='ltr' id='par_1_116' title="bbox 2259 5569 3750 5659">
     <span class='ocr_line' id='line_1_116' title="bbox 2259 5569 3750 5659; baseline 0.009 -30"><span class='ocrx_word' id='word_1_865' title='bbox 2259 5577 2544 5650; x_wconf 78' lang='grc' dir='ltr'>ἀστραπῆς</span> <span class='ocrx_word' id='word_1_866' title='bbox 2567 5596 2776 5653; x_wconf 78' lang='grc' dir='ltr'>καταση</span> <span class='ocrx_word' id='word_1_867' title='bbox 2785 5581 2965 5652; x_wconf 83' lang='grc' dir='ltr'>μαίνει</span> <span class='ocrx_word' id='word_1_868' title='bbox 2995 5584 3244 5659; x_wconf 80' lang='grc' dir='ltr'>ὀνόματι·</span> <span class='ocrx_word' id='word_1_869' title='bbox 3272 5585 3305 5656; x_wconf 82' lang='grc' dir='ltr'><strong>ἢ</strong></span> <span class='ocrx_word' id='word_1_870' title='bbox 3333 5583 3596 5658; x_wconf 75' lang='grc' dir='ltr'>ἀστραπὰς</span> <span class='ocrx_word' id='word_1_871' title='bbox 3616 5569 3750 5643; x_wconf 59' lang='lat' dir='ltr'><strong>MP“</strong></span> 
     </span>
    </p>
   </div>
  </div>
