3976 6436
225 465 352 523 1233

1349 466 1856 527 COMMENTARIA
1894 466 1958 524 IN
1998 459 2334 526 PSALMOS.

3328 473 3465 528 1256

217 582 367 640 εἶναι
382 602 458 640 σε
471 587 558 653 είς
575 589 878 656 σωτηρίαν
896 590 1008 658 ἓως
1021 590 1284 663 ἐσχάτου
1301 591 1410 658 τῆς
1424 589 1556 660 γῆς.
1574 588 1787 660 Ἐπειδὴ

1896 588 1950 642 in
1982 589 2208 644 salutem
2256 605 2416 660 usque
2459 589 2528 643 ad
2568 590 2812 643 ultimum
2857 589 3088 644 terra".
3135 585 3272 654 Quia
3319 591 3462 644 enim

219 676 321 748 γὰρ
353 679 468 742 τοῖς
507 675 829 750 θαυμασίοις
859 682 1222 755 πατριάρχαις
1269 683 1364 736 καὶ
1395 680 1473 752 τῷ
1503 678 1664 733 Δαυῒδ
1693 679 1794 734 ὑπ-

216 766 404 840 έσχετο
431 769 582 837 ὁςτῶν
611 769 746 825 ὅλων
761 771 894 836 Θεὸς
915 773 980 828 ἐκ
998 774 1092 828 τοῦ
1117 773 1427 847 σπέρματος
1454 768 1632 825 αὐτῶν
1653 769 1792 824 κατὰ

220 860 399 934 σάρκα
427 860 518 915 τὸν
549 863 780 936 Χριστὸν
808 865 1150 939 ἀναστήσειν,
1183 867 1277 922 καὶ
1306 864 1579 938 σωτηρίαν
1606 863 1671 918 δι’
1694 863 1793 917 αύ-

215 952 305 1006 τοῦ
339 956 505 1007 πᾶσιν
526 953 830 1026 ἀνθρώποις
851 956 1126 1028 παρέξειν,
1147 956 1412 1030 διαθήκην
1438 955 1666 1010 ἐκάλεσε
1693 952 1792 1025 τὴν

215 1042 350 1113 πρὸς
381 1043 509 1105 τοὺς
541 1042 784 1114 πατέρας
809 1046 1108 1119 γενομένην
1142 1045 1494 1116 ἐπαγγελίαν.
1540 1043 1701 1108 Γένος
1736 1041 1792 1095 δὲ

215 1133 380 1188 αὐτοῦ
429 1137 523 1189 τὸν
568 1137 784 1209 Ἰσραὴλ
836 1137 1133 1210 κέκληκεν·
1181 1137 1367 1211 ἐπειδῆ
1417 1137 1485 1205 ἐξ·
1525 1136 1793 1192 Ἰουδαίων

213 1226 356 1281 κατὰ
389 1227 568 1300 σάρκα
599 1227 850 1301 Χριστός.
885 1229 1102 1285 Δέδωκά
1130 1247 1189 1284 σε
1215 1230 1396 1284 τοίνυν
1421 1232 1500 1289 είς
1531 1229 1791 1300 διαθήκην

212 1314 424 1384 γένους,
443 1316 891 1382 τουτέστιν,ὦστε
916 1319 1200 1392 πληρῶσαι
1223 1319 1323 1385 τὰς
1342 1319 1477 1391 πρὸς
1510 1319 1792 1382 Ἰουδαίους

214 1406 588 1477 γεγενημένας
624 1407 922 1478 συνθήκας·
955 1409 1072 1463 ἀλλ’
1100 1411 1180 1474 είς
1231 1410 1348 1481 φῶς
1395 1410 1495 1463 οὐκ
1539 1409 1620 1463 ἐτι
1665 1411 1792 1464 ’1ου-

210 1496 403 1564 ὰίων,
437 1497 552 1552 ἀλλ’
586 1499 787 1553 ἐθνῶν’
822 1491 1113 1574 οὗτοιγὰρ
1158 1499 1247 1555 διὰ
1296 1501 1398 1572 τῆς
1428 1501 1661 1565 πίστεως
1691 1501 1791 1572 τῆς

211 1591 491 1666 σωτηρίας
533 1591 853 1664 μετέλαχον·
889 1593 1085 1647 ἐκεῖνοι
1124 1592 1180 1646 δὲ
1224 1592 1316 1647 τὸν
1345 1591 1507 1662 ζόφον
1528 1591 1630 1663 τῆς
1658 1593 1788 1647 άπι-

212 1685 370 1747 στίας
424 1682 738 1755 ἠγάπησαν.
765 1684 934 1738 Τοῦτο
987 1685 1080 1738 καὶ
1140 1683 1373 1740 ἐνταῦθα
1435 1684 1538 1756 ἔφη
1589 1685 1796 1739 Aau16°~

219 1774 533 1846 Ἐμνήσθη
556 1776 661 1831 τοῦ
693 1775 904 1844 ἐλέους
931 1778 1118 1832 αὐτοῦ
1143 1776 1221 1844 τῷ
1261 1777 1480 1843 Ἰακὼϐ,
1519 1778 1686 1850 ἤγουν
1710 1777 1785 1849 τῷ

1895 677 2233 736 admirandis
2261 679 2371 736 illis
2405 680 2731 752 patriarchis
2769 689 2823 737 et
2866 679 3050 735 Davidi
3083 681 3462 736 universorum

1894 767 2039 824 Deus
2070 771 2416 841 promiserat,
2440 788 2499 829 se
2522 788 2586 830 ex
2613 774 2822 830 semine
2850 787 3039 829 eorum
3071 771 3347 828 Christum
3377 787 3465 828 se-

1895 861 2134 916 cundum
2163 877 2385 918 carnem
2415 865 2802 933 excitaturum,
2834 879 2900 920 ac
2931 879 3026 936 per
3052 863 3203 919 illum
3232 865 3461 921 salutem

1894 948 2150 1005 omnibus
2181 949 2500 1009 hominibus
2532 953 2790 1009 daturum
2822 969 2979 1021 esse;
3011 954 3323 1024 hujusmodi
3347 957 3464 1025 pol-

1894 1039 2248 1096 licitationem
2283 1043 2530 1113 patribus
2558 1044 2761 1109 datam,
2803 1053 3188 1101 testamentum
3225 1049 3458 1103 vocavit.

1893 1129 2070 1201 Ipsius
2099 1141 2278 1188 autem
2306 1149 2476 1204 genus
2505 1135 2760 1192 lsraelem
2783 1138 3030 1203 vocavit;
3059 1137 3188 1208 quia
3209 1134 3460 1194 Christus

1893 1223 2194 1280 secundum
2224 1240 2442 1283 carnem
2475 1233 2549 1283 'ex
2577 1225 2782 1284 Iudaeis
2819 1237 2924 1284 est.
2960 1228 3088 1284 Dedi
3121 1238 3171 1284 te
3204 1229 3368 1298 igitur
3406 1232 3459 1284 in

1891 1323 2279 1371 testamentum
2313 1319 2564 1389 generis;
2599 1319 2650 1374 id
2693 1327 2799 1385 est,
2838 1328 2894 1374 ut
2923 1331 3078 1391 pacta
3109 1339 3232 1374 cum
3259 1319 3462 1377 Judaeis

1891 1405 2024 1460 inita
2060 1407 2423 1478 impleantur;
2455 1410 2548 1464 sed
2583 1411 2638 1465 in
2683 1413 2855 1466 lucem
2888 1410 3008 1465 dedi
3053 1419 3124 1476 te,
3167 1429 3272 1466 non
3321 1413 3461 1467 ultra

1889 1497 2111 1568 Iudaeis,
2145 1500 2240 1556 sed
2284 1502 2536 1572 gentibus
2559 1544 2574 1568 ,
2611 1519 2706 1573 per
2742 1503 2904 1560 tidem
2933 1503 3079 1559 enim
3115 1506 3195 1560 ha:
3228 1506 3459 1560 salutem

1889 1597 2065 1644 nacta
2094 1598 2255 1646 sunt:
2289 1592 2366 1647 illi
2397 1608 2525 1648 vero
2560 1593 2894 1651 infidelitatis
2938 1597 3225 1664 caliginem
3253 1597 3458 1653 dilexe-

1888 1687 2038 1735 runt.
2072 1678 2127 1735 ld
2161 1681 2236 1735 ait
2268 1683 2371 1737 hoc
2415 1684 2536 1738 loco
2573 1682 2739 1739 David
2776 1701 2804 1736 :-
2830 1684 3150 1742 Recordatus
3185 1699 3258 1742 est
3307 1690 3460 1742 mise-

1887 1771 2135 1828 ricordia:
2159 1790 2272 1839 sua:
2315 1773 2517 1840 Jacob,
2563 1778 2773 1833 scilicet
2802 1777 3011 1847 lsraeli,
3064 1782 3116 1836 id
3156 1793 3259 1846 est,
3303 1783 3459 1840 datas

219 1865 456 1939 Ἰσραὴλ,
512 1868 757 1920 τουτέστι
801 1866 900 1932 τὰς
949 1868 1086 1940 πρὸς
1134 1868 1375 1933 ἐκείνους
1417 1868 1787 1939 γεγενημένας

1892 1863 2026 1934 ipsis
2063 1865 2456 1935 promissioues
2505 1868 2771 1940 implevit,
2811 1881 2866 1928 et
2916 1873 2984 1927 ad
3028 1889 3142 1928 rem
3190 1872 3455 1931 deduxit:
3538 1866 3548 1884 ³

205 1959 542 2027 ἐπαγγελίας
579 1959 884 2033 ἐπλήρωσε,
918 1960 1013 2014 καὶ
1056 1962 1136 2025 είς
1163 1960 1322 2033 ἔργον
1349 1961 1523 2032 ἦγαγε
1549 1977 1563 1992 ·
1595 1959 1675 2014 διὸ
1706 1960 1783 2014 εἴ·

1889 1971 2056 2026 quare
2091 1955 2331 2011 viderunt
2377 1975 2553 2014 omnes
2594 1963 2804 2016 termini
2864 1973 3017 2019 terra:
3054 1964 3311 2021 Salutare
3367 1967 3461 2022 Dei

205 2047 406 2102 δοσαν
425 2049 624 2104 πάντα
639 2051 711 2106 τὰ
729 2050 950 2120 πέρατα
985 2050 1092 2119 τῆς
1115 2051 1226 2122 τῆς
1247 2052 1314 2105 τὸ
1343 2051 1646 2122 Σωτήριον
1679 2052 1786 2105 τοῦ

209 2141 360 2196 Θεοῦ
384 2141 570 2212 ἡμῶν.
589 2144 964 2216 Κηρυχθέντος
977 2143 1088 2216 γὰρ
1105 2143 1198 2197 τοῦ
1210 2143 1536 2215 Εὐαγγελίου
1554 2145 1611 2197 ἐν
1635 2143 1786 2217 πάσῃ

198 2237 270 2305 τῇ
297 2233 391 2287 ὑπ’
404 2234 466 2287 ού
476 2235 634 2306 ρανὸν
656 2236 749 2289 καὶ⁵
768 2237 826 2288 ἐν
845 2234 990 2306 πάσῃ
1003 2237 1069 2306 τῇ·
1084 2237 1232 2289 οίκου
1240 2233 1374 2307 μένῃ
1390 2236 1468 2298 είς
1491 2233 1786 2306 μαρτύριον

201 2330 342 2382 πᾶσι
376 2331 490 2393 τοῖς
521 2328 718 2394 ἔθνεσι,
753 2329 893 2384 κατὰ
919 2331 1018 2403 τὴν
1050 2329 1283 2402 Χριστοῦ
1317 2321 1687 2400 χρησμῳδίαν,
1708 2321 1786 2381 εἶ-

196 2421 293 2474 δον
322 2421 502 2476 πάντα
522 2420 588 2476 τὰ
615 2422 826 2495 πέρατα
857 2423 956 2494 τῆς
986 2426 1089 2495 γῆς
1121 2420 1376 2495 Χριστὸν,
1411 2421 1470 2474 τὺ
1512 2421 1786 2491 Σωτήριον

201 2512 302 2565 τοῦ
333 2511 493 2566 Θεοῦ.

287 2625 653 2691 Ἄλαλάξατε
698 2626 777 2693 τῷ
825 2626 967 2693 Θεῷ,
999 2625 1169 2682 πᾶσα
1213 2626 1253 2695 ἡ
1306 2624 1406 2696 τῆ,
1436 2623 1644 2692 ᾆσαι-ε,
1687 2621 1787 2677 καὶ

195 2716 578 2787 ἀγαλλιᾶσθε
609 2719 704 2773 καὶ
737 2718 990 2788 gradata.
1021 2717 1260 2773 Ψάλατε
1283 2718 1364 2785 τῷ
1386 2719 1580 2786 Κυρίῳ
1602 2717 1672 2771 ἐν
1699 2735 1787 2770 κι-

194 2809 378 2879 θάρᾳ,
403 2809 474 2864 ἐν
499 2809 710 2880 κιθάρᾳ
755 2810 856 2864 καὶ
892 2809 1062 2880 φωνῇ
1081 2809 1348 2881 ψαλμοῦ,
1371 2810 1442 2863 ἐν
1460 2808 1788 2878 σάλπιγξιν

192 2901 468 2969 exarat},
501 2902 600 2957 καὶ
638 2901 809 2972 φωνῇ
845 2903 1182 2974 σάλπιγγος
1203 2902 1534 2972 κερατίνης.
1555 2901 1788 2956 Naidi-

191 2994 348 3061 ξατε
377 2993 636 3050 ἐνώπιον
669 2996 775 3050 τοῦ
799 2995 1108 3063 ,ϐασιλέως
1129 2996 1371 3064 Κυρίου,
1401 2997 1493 3048 καὶ
1532 2995 1601 3049 τὰ
1635 2994 1783 3065 ἑξῆς.

191 3084 366 3139 Κατά
392 3084 489 3155 μὲν
524 3084 584 3138 τὸ
617 3085 797 3157 ρητδν,
827 3084 1298 3156 συνάψατε,,φησὶ,
1330 3087 1440 3149 τοῖς
1473 3084 1661 3156 ὕμνοις
1695 3085 1786 3138 καὶ

191 3174 416 3247 δργιανα
445 3174 729 3247 summa
762 3179 900 3231 κατὰ
931 3177 988 3230 δὲ
1016 3177 1326 3248 ἀναγωγὴν,
1346 3176 1545 3246 κιθάρα
1577 3179 1610 3249 ἡ
1643 3193 1788 3249 πρα-

1886 2049 2072 2106 nostri.
2107 2049 2400 2122 Evangelio
2438 2053 2581 2108 enim
2628 2056 2682 2110 in
2732 2059 2880 2112 omni
2931 2066 3099 2126 terra,
3156 2062 3458 2116 secundum

1883 2137 2087 2194 Christi
2127 2143 2464 2207 vaticinium,
2493 2146 2625 2200 etin
2660 2148 2917 2204 universo
2945 2159 3214 2206 terrarum
3242 2153 3373 2208 orbe
3405 2154 3460 2209 in

1886 2234 2261 2291 testimonium
2292 2239 2550 2295 onmibus
2579 2241 2832 2310 gentibus
2862 2243 3175 2313 praedicam,
3206 2246 3462 2304 viderunt

1886 2340 2078 2382 omnes
2119 2325 2254 2383 fines
2288 2335 2446 2384 terra
2476 2327 2790 2396 Christum,
2817 2329 3066 2388 Salutare
3098 2331 3228 2390 Dei-

1959 2617 2126 2674 Vsus.
2161 2618 2270 2674 4ο.
2315 2616 2553 2674 Jubilate
2580 2614 2708 2682 Deo,
2750 2619 2923 2672 omnis
2963 2627 3129 2684 terra,
3175 2629 3384 2675 cantate
3408 2631 3476 2677 et‘

1887 2710 2154 2766 exsuttate
2185 2721 2234 2764 et
2260 2711 2495 2780 psallite.
2533 2709 2760 2765 Psallite
2793 2708 3018 2764 Domino
3063 2711 3118 2765 in
3145 2711 3373 2778 cithara,
3403 2715 3462 2769 in

1887 2803 2092 2857 cithara
2118 2811 2167 2857 et
2201 2819 2319 2856 voce
2366 2802 2593 2872 psalmi,
2636 2802 2691 2856 in
2727 2801 2864 2855 tubis
2904 2800 3218 2870 ductilibus,
3262 2815 3311 2859 et
3342 2818 3462 2861 voce

1889 2895 2025 2950 tuba:
2075 2912 2296 2952 corneae.
2332 2894 2571 2950 Jubilate
2619 2897 2673 2949 in
2714 2905 2992 2948 consoectu
3046 2897 3181 2968 regis
3229 2895 3466 2964 Domini,

1884 2981 1938 3044 ct
1953 2990 2264 3047 caetera.Ad
2290 2990 2507 3046 verbum
2532 2986 2774 3057 quidem,
2805 2987 3154 3059 hymnis,ait,
3183 2988 3468 3060 adjungite

1885 3090 1939 3136 ct
1969 3082 2332 3137 instrumenta
2352 3083 2635 3152 psalmiea.
2661 3081 2972 3138 Secundum
2993 3083 3344 3154 anagogicum
3365 3098 3461 3136 au-

1885 3181 1994 3227 tem
2045 3171 2442 3243 interpretandi
2499 3175 2746 3238 modum,
2794 3173 3017 3228 cithara
3053 3181 3137 3230 est
3177 3175 3457 3243 praetica;

189 3267 403 3337 κτική’
453 3267 602 3341 φωνὴ
650 3269 708 3323 δὲ
738 3268 952 3341 ψαλμοῦ
1001 3271 1034 3341 ὴ
1088 3267 1309 3341 θεωρία,
1342 3265 1610 3334 Δοξάσατε
1675 3262 1780 3336 δῦν,

1889 3281 1986 3320 vox
2020 3281 2152 3320 vero
2181 3265 2400 3335 psalmi,
2421 3263 2656 3322 theoria.
2681 3266 2912 3321 Domino
2943 3267 3151 3346 itaque:
3173 3267 3270 3331 ait,
3303 3269 3459 3337 praxi

189 3359 362 3430 φησι,
391 3359 482 3413 τὸν
506 3360 710 3433 Κύριον
738 3360 826 3415 διὰ
856 3361 1106 3433 πράξεως
1139 3362 1234 3416 καὶ
1257 3361 1508 3434 θεωρίας,
1536 3361 1784 3433 καὶπρὸς

185 3452 290 3509 τὸν
316 3453 535 3524 ψαλμὸν
564 3454 653 3510 τὸν
682 3454 770 3511 διὰ
808 3454 903 3508 τοῦ
940 3456 1172 3528 ὀργάνου
1201 3454 1588 3527 πληττόμενον,
1620 3457 1785 3526 ἤγουν

186 3547 303 3610 τὰς
328 3545 419 3599 διὰ
450 3545 543 3600 τοῦ
577 3545 822 3617 σώματος
856 3547 1132 3617 ἐνεργείας
1159 3547 1258 3611 τὰς
1288 3546 1407 3600 κατ’
1436 3547 1658 3618 ἀρετὴν,
1694 3548 1786 3600 καὶ

187 3637 360 3709 cgnovi;
393 3653 476 3710 τις
508 3637 680 3707 ᾀδέτω
703 3639 736 3709 ἡ
761 3639 888 3710 περὶ
921 3637 1027 3691 τῶν
1056 3637 1343 3710 πρακτέων
1369 3635 1599 3708 θεωρία·
1634 3638 1788 3693 κιθά-

189 3707 306 3802 ραν
343 3707 454 3799 γὰρ
477 3729 575 3800 τὴν
602 3729 696 3782 τοῦ
725 3707 976 3800 σώματος
1010 3707 1146 3802 πρδς
1177 3729 1275 3802 τὴν
1302 3707 1490 3800 ψυχὴν
1522 3731 1786 3802 ἁρμονίαν

184 3819 378 3888 λέγει.
408 3819 519 3872 Καὶ
550 3819 736 3874 τοῦτον
765 3820 822 3873 δὲ
855 3821 944 3877 τὸν
977 3821 1139 3892 νόμον
1172 3821 1321 3876 ἐστιν
1359 3822 1785 3892 ίδεῖντιηνεκῶς

185 3912 256 3965 ἐν
291 3912 421 3974 ταῖς
444 3910 757 3981 ἐκκλησίαις
784 3911 1156 3985 πληρούμενον
1176 3927 1188 3940 ·
1214 3915 1280 3986 τῇ
1301 3913 1412 3986 γὰρ
1439 3916 1784 3986 πνευματικῇ

183 4002 413 4076 κιθάρα
440 4004 540 4075 τὴν
578 4003 725 4059 θείαν
754 4005 1167 4076 ἀνακρουόμεθα
1200 4007 1484 4078 μελῳδίαν.
1517 4009 1788 4079 Ποιοῦμεν

179 4095 254 4150 δὲ
292 4095 393 4150 καὶ
429 4097 589 4166 ἡμεῖς
619 4095 840 4166 λογικὰς
864 4097 1096 4168 κιθάρας
1135 4099 1204 4152 τὰ
1242 4098 1496 4171 ἡμέτερα»
1520 4100 1784 4172 στόματα,

181 4188 302 4243 καὶ
335 4187 598 4261 χρώμεθα
628 4190 748 4244 dmi.
783 4190 880 4262 μὲν
920 4191 1124 4264 χορδῶν
1160 4193 1273 4256 τοῖς
1311 4192 1540 4259 ὀδοῦσιν,
1573 4194 1696 4247 ἀντὶ
1727 4193 1784 4247 δὲ

183 4280 415 4354 χαλκοῦ
448 4284 560 4347 τοῖς
579 4281 779 4353 χείλεσι
803 4301 816 4314 ·
851 4282 1212 4356 πλήκτρουδέ
1249 4283 1448 4347 παντὸς
1487 4285 1521 4356 ή
1565 4285 1784 4353 γλῶσσα

178 4372 466 4446 ὀξύτερον
514 4374 822 4446 κινουμένη,
872 4375 971 4447 τὴν
1016 4375 1331 4448 ἐναρμόνιον
1381 4376 1635 4430 ἀποτελεῖ
1677 4377 1785 4430 τῶν

177 4462 569 4536 κρουσμάτων
602 4466 744 4538 ηχήν
764 4468 938 4520 ⁸-κινεῖ
959 4466 1014 4519 δὲ
1046 4465 1142 4537 τὴν
1167 4465 1410 4534 γλῶτταν
1443 4468 1473 4519 ὀ
1503 4465 1646 4531 νοῦς,
1675 4463 1784 4523 οἷόν

170 4573 285 4619 τις
327 4555 584 4624 μουσικὸς
619 4557 734 4627 μετ’
764 4558 1074 4629 ἐπιστήμης
1115 4558 1432 4630 ποιούμενος
1459 4557 1558 4630 τὴν
1582 4558 1784 4630 ταύτης

1887 3365 1942 3413 et
1970 3357 2418 3412 theoriwlaudem
2435 3358 2600 3414 dicite
2635 3377 2648 3413 :
2676 3367 2728 3414 et
2745 3366 2941 3428 praeter
2963 3358 3231 3430 psalmum
3263 3361 3462 3416 instru-

1886 3458 2072 3506 mento
2103 3451 2402 3521 pulsatum,
2428 3453 2680 3508 videlicet
2710 3461 2905 3524 prmter
2933 3456 3182 3525 corporis
3215 3455 3475 3511 actiones

1886 3557 2010 3596 cum
2041 3541 2245 3598 virtute
2282 3543 2483 3608 editas,
2515 3561 2625 3599 vox-
2670 3546 2798 3601 item
2841 3554 3022 3612 canat,
3080 3547 3130 3602 id
3165 3557 3267 3610 est,
3302 3563 3461 3617 agen-

1886 3633 2079 3688 darum
2109 3649 2294 3689 rerum
2324 3635 2537 3692 theoria
2568 3636 2704 3708 (sive
2730 3638 3052 3710 speculatio)
3084 3639 3316 3695 addatur
3338 3658 3352 3694 :
3374 3639 3458 3694 ci-

1888 3724 2098 3780 tharam
2123 3725 2328 3797 quippe
2349 3736 2528 3793 vocat,
2557 3730 2805 3800 corporis
2836 3746 2960 3785 cum
2996 3732 3174 3786 anima
3225 3746 3461 3787 concen-

1886 3827 2022 3872 tum.
2059 3816 2213 3874 Hauc
2241 3834 2407 3888 porro
2431 3820 2604 3893 legem
2636 3822 2821 3877 videre
2848 3821 3010 3876 liceat
3043 3822 3263 3877 assidue
3291 3823 3344 3876 in
3372 3837 3460 3877 ec-

1886 3909 2073 3966 clesiis
2096 3910 2348 3981 impleri:
2380 3927 2506 3966 nam
2529 3913 2800 3984 spirituali
2831 3914 3040 3969 cithara
3063 3914 3302 3970 divinam
3336 3915 3458 3984 put.

1886 4017 2075 4058 samus
2118 4002 2433 4058 melodiam.
2485 4002 2598 4059 lmo
2635 4005 2804 4059 etiam
2843 4020 2938 4059 ora
2983 4014 3172 4061 nostra
3218 4005 3458 4061 citharas

1884 4095 2184 4152 rationales
2209 4094 2506 4161 etlicimus;
2545 4102 2601 4152 et
2646 4111 2747 4167 pro
2775 4097 3022 4161 chordis,
3047 4095 3301 4152 dentibus
3343 4097 3456 4151 uti-

1885 4205 2049 4257 mur;
2081 4203 2182 4259 pro
2213 4204 2342 4255 aere,
2374 4187 2534 4244 labiis
2562 4205 2576 4241 :
2619 4188 2818 4260 quovis
2850 4197 3028 4245 autem
3075 4190 3284 4261 plectro
3314 4191 3457 4248 cele-

1884 4283 2007 4350 rius
2051 4283 2250 4354 agitata
2302 4283 2508 4352 lingua,
2557 4283 2887 4347 concinnum
2923 4283 3034 4339 edit
3087 4283 3455 4354 pulsationum

1885 4389 2081 4428 sonum
2116 4391 2130 4428 :
2167 4387 2320 4428 mens
2355 4380 2535 4428 autem
2582 4373 2823 4445 linguam
2868 4383 3066 4436 movet,
3101 4389 3200 4429 ceu
3250 4375 3470 4442 peritus.

1884 4466 2106 4539 quidam
2156 4465 2401 4522 musicus
2443 4467 2580 4521 scite
2626 4467 2745 4537 ejus
2794 4468 3151 4521 mutationem
3195 4463 3456 4521 emciens.

1887 4559 2016 4615 llam
2041 4558 2253 4613 cithara
2289 4557 2400 4613 Deo
2445 4557 2652 4627 gratior
2677 4566 2782 4620 est,
2827 4573 2989 4628 quam
3037 4558 3125 4610 illa
3155 4557 3321 4612 animi
3360 4572 3471 4614 exn

176 4646 530 4721 μετάϐασιν.
550 4647 694 4718 Αῦτη
728 4646 805 4720 τῷ
833 4647 950 4718 Θεῷ
982 4650 1015 4719 ἡ
1043 4648 1242 4723 κιθάρα
1264 4650 1360 4722 τῆς
1390 4650 1596 4720 ἀψύχου
1615 4649 1782 4721 θυμη-

1889 4669 2031 4722 ιιθτει
2062 4652 2234 4723 Cujus
2267 4652 2346 4707 rei
2388 4653 2544 4706 testis
2585 4653 2699 4722 ipse
2732 4659 2814 4706 est
2853 4667 2950 4720 per
2988 4652 3307 4720 prophetam
3342 4649 3458 4707 haec

171 4739 462 4817 ρεστέρα.
490 4740 599 4795 Καὶ
629 4740 834 4812 μάρτυς
866 4741 1027 4805 αὐτὸς
1052 4741 1140 4796 διὰ
1171 4742 1264 4796 τοῦ
1292 4744 1572 4814 προφήτου
1608 4741 1747 4813 βοῶν
1767 4758 1779 4771 ο

184 4834 597 4901 Ἆπόστησου
618 4834 715 4902 ἀφ’
736 4833 907 4902 ἡμῶν
930 4830 1085 4904 ἦχον
1109 4833 1276 4903 ᾠδῶν
1296 4852 1434 4902 σου,
1454 4836 1552 4889 καὶ
1577 4835 1784 4904 φωνῆς

164 4925 479 4996 ὀργάνων
508 4943 625 4982 σου
656 4927 768 4980 οὐκ
795 4927 1144 4997 ἀκούσομαι.
1163 4928 1262 4981 Ἐν
1287 4927 1619 4997 σάλπιγξιν
1641 4929 1782 4983 ἐλα-

159 5016 359 5083 ταῐς,
376 5017 473 5072 καὶ
494 5015 663 5086 φωνῇ
677 5016 1009 5090 σάλπιγγος
1025 5019 1356 5088 κερατίνης.
1377 5019 1590 5074 Ἑλατα)⁸
1607 5020 1784 5088 λέγον-

161 5124 298 5164 ται
331 5106 628 5176 σάλπιγγες
657 5108 706 5160 οἱ
734 5106 880 5177 λόγοι
911 5107 1374 5162 τῶν’ἀποστὸλων
1404 5108 1498 5162 τοῦ
1528 5109 1782 5181 Σωτῆρος

166 5203 220 5273 ﬁ
231 5197 368 5272 μῶν
387 5198 475 5252 διὰ
502 5199 563 5252 τὸ
579 5198 1034 5272 βεϐασανισμένον
1059 5201 1151 5256 καὶ
1172 5201 1565 5272 πεπυρωμένον
1578 5202 1676 5274 τῆς
1699 5203 1783 5256 πί-

168 5305 383 5353 στεως
417 5289 627 5343 αὐτῶνθ
668 5291 948 5363 κεράτιναι
979 5291 1035 5346 δὲ
1067 5292 1153 5346 διὰ
1184 5291 1246 5346 τδ
1279 5294 1595 5364 πρακτικόν.
1633 5293 1782 5347 Βοῶν

159 5381 320 5452 γὰρ
349 5381 406 5434 αἱ
437 5383 714 5453 κεράτιναι
748 5383 1040 5452 σάλπιγγες
1059 5401 1073 5416 ·
1096 5384 1220 5454 βοῦς
1237 5385 1294 5439 δὲ
1319 5387 1605 5459 ἐργατικὸν
1623 5386 1778 5452 ζῶον.

156 5475 322 5534 Καὶ
349 5477 602 5549 περὶτῶν
626 5477 939 5531 ἀποστόλων
969 5477 1025 5531 δέ
1055 5481 1262 5549 (gnatae
1282 5480 1494 5544 Παῦλος
1517 5497 1529 5510 ·
1547 5479 1645 5548 Μὴ
1666 5479 1783 5534 τῶν

151 5563 557 5635 βοῶνμέλει
588 5567 668 5634 τῷ
694 5569 973 5641 Κυρίῳ;ἥ
1000 5569 1066 5622 δι’
1083 5571 1229 5640 ἡμᾶς
1251 5572 1466 5636 πάντως
1493 5571 1782 5641 λέγει.Φω-

153 5659 301 5716 ναὶ
348 5660 634 5730 τοιγαροῦν
685 5660 794 5714 τῶν
846 5662 1004 5733 ιερῶν
1055 5660 1150 5714 τοῦ
1199 5663 1452 5734 Σωτῆρος
1474 5664 1782 5718 ἀποστόλων

1887 4747 2163 4799 clamans:
2197 4744 2384 4797 Averte
2411 4759 2444 4796 a
2477 4741 2626 4796 nobis
2655 4757 2841 4795 sonum
2865 4741 3193 4794 canticorum
3224 4750 3475 4802 tuorum.

1885 4846 1935 4890 et
1982 4851 2156 4891 uocem
2198 4835 2668 4889 instrumentorum
2691 4842 2900 4885 tuorum
2921 4848 3022 4884 non
3051 4830 3267 4885 audiam
3295 4830 3363 4885 “.
3392 4829 3459 4883 In

1887 4930 2022 4984 tubis
2063 4927 2382 4992 ductilibus,
2423 4935 2472 4981 et
2533 4941 2654 4980 voce
2701 4924 2839 4980 tubw
2887 4941 3112 4978 corneae.
3147 4921 3313 4978 Tuba
3355 4922 3459 4976 du-

1887 5021 2046 5077 ctiles
2096 5020 2359 5079 dicuntur
2395 5032 2680 5074 sermones
2727 5016 3099 5088 apostolorum
3152 5013 3475 5069 Servatoris.

1891 5111 2090 5178 nostri,
2134 5112 2207 5168 ob
2255 5110 2540 5183 probatam
2588 5119 2642 5166 et
2694 5111 2817 5182 igne
2864 5109 3225 5164 examinatam
3267 5121 3467 5160 eorum.

1891 5205 2084 5272 tidem;
2150 5219 2368 5260 corneae
2445 5218 2573 5259 vero
2651 5211 2874 5274 propter
2950 5202 3212 5254 actiones.
3288 5198 3466 5253 Boum

1888 5298 2030 5355 enim
2099 5307 2228 5352 sunt
2286 5297 2430 5351 tuine
2482 5312 2695 5351 cornea:
2739 5311 2753 5348 :
2813 5303 2897 5351 est
2951 5301 3130 5347 autem
3187 5291 3286 5346 bos
3335 5290 3460 5344 aui-

1889 5385 1997 5440 mal
2048 5385 2404 5439 laboriosum.
2460 5383 2536 5440 De
2590 5385 2852 5455 apostolis
2903 5399 3031 5438 vero
3083 5383 3160 5436 ait
3205 5380 3456 5436 Paulus:

1893 5474 2150 5545 Nunquid
2192 5477 2256 5529 de
2312 5475 2472 5531 bobus
2511 5493 2643 5530 cura
2699 5489 2774 5532 est
2850 5476 3063 5529 Domine
3089 5474 3182 5529 "1’
3221 5472 3303 5526 vel
3345 5487 3464 5540 pro-

1891 5581 2012 5640 pter
2043 5585 2142 5625 nos
2185 5570 2410 5625 omnino
2444 5569 2548 5624 hoc
2569 5570 2723 5626 dicit.
2770 5569 2940 5624 Voces
2971 5569 3146 5638 usque
3179 5579 3458 5620 sacrorum

1891 5661 2192 5718 Salvatoris
2232 5663 2650 5733 apostolorum,
2677 5662 2907 5716 ductiles
2953 5660 3115 5716 simul
3149 5665 3203 5715 et
3249 5669 3469 5713 cornea

149 5749 402 5810 ἐλαταὶ
423 5750 560 5820 ὁμοῦ
593 5753 686 5805 καὶ
718 5753 996 5824 κεράτιναι
1023 5751 1319 5820 σάλπιγγες
1348 5753 1662 5824 ἐτύγχανον.
1686 5755 1787 5807 Κι-

1892 5755 2037 5812 tuba:
2054 5763 2228 5812 erant.
2250 5756 2376 5812 Alio
2387 5764 2584 5813 autem
2597 5760 2778 5820 modo,
2800 5755 3061 5810 citharam
3091 5770 3161 5811 ne
3187 5748 3484 5811 cuucteri‘s.

278 5901 334 5934 ”
374 5903 478 5960 lea.
513 5921 679 5972 χιιι,
714 5904 766 5962 ϐ.
841 5908 886 5945 ’δ
925 5907 1091 5964 Amos
1124 5924 1178 5974 ν,
1214 5907 1303 5974 23.
1380 5908 1426 5940 ”
1466 5905 1487 5962 ι
1519 5908 1646 5966 Cor.
1684 5925 1773 5977 ix,
1809 5909 1862 5966 9.
