3954 7146
479 441 639 522 νεεδ

1247 466 1516 524 EUSEBII
1555 462 2035 523 CESARIENSIS
2071 460 2222 518 OPP.
2263 460 2444 519 PARS
2480 459 2570 518 Ill.
2605 493 2668 506 -—
2708 459 3116 518 EXEGETICA.

3611 460 3737 518 1236

497 586 684 643 dicere
703 588 1020 644 universum
1059 587 1265 646 Christi
1289 590 1573 661 populum,
1601 605 1669 646 ex
1693 588 1930 646 diversis
1960 585 2073 642 ani-

2183 583 2342 658 θάραν
2391 585 2448 640 δὲ
2497 585 2670 649 ἄλλως
2722 582 2796 656 μὴ
2842 583 2985 638 δκνει
3004 581 3182 651 λέγειν
3212 579 3304 634 τὸν
3336 580 3630 652 σύμπαντα
3654 580 3740 635 τοῦ

499 677 725 744 ιιιεὸιιε,
774 688 1036 750 tanquam
1089 695 1156 736 ex
1203 679 1456 751 pluribus
1485 680 1726 748 chordis,
1773 681 2074 736 concinna-

499 776 641 836 tum,
675 780 837 842 atque
871 771 1092 828 unicam
1133 772 1438 836 orationem
1470 780 1526 830 et
1556 773 1860 845 gratiarum
1903 772 2078 828 actio-

499 876 625 916 nem
652 860 764 918 Deo
787 861 1124 923 oli’erentem.

748 972 1072 1031 PSALMUS
1128 975 1258 1033 1951
1323 976 1552 1033 cum.
1577 961 1848 1034 ‘xcvm.

573 1061 836 1142 Vsas._l,
865 1065 920 1120 2.
949 1065 1212 1123 Dominus
1246 1069 1505 1140 regnavit,
1536 1069 1844 1124 irascantur
1871 1071 2077 1140 populi,

502 1153 594 1235 qui
613 1155 756 1208 sedet
795 1157 952 1227 super
982 1158 1271 1225 cherubim,
1303 1168 1576 1215 moueatur
1606 1169 1770 1216 terra.
1801 1159 1901 1216 llic
1933 1161 2081 1232 psalo

502 1258 629 1299 mus
674 1245 819 1316 apud
871 1245 1128 1304 Hebraeos
1166 1249 1326 1305 titulo
1355 1258 1506 1306 caret
1539 1269 1554 1308 :
1590 1259 1784 1322 estque
1830 1268 1975 1309 unus
2013 1267 2080 1308 ex

503 1335 574 1392 iis
594 1336 690 1408 qui
712 1335 919 1394 Christi
949 1355 1177 1410 regnum
1211 1341 1563 1400 annuntiant.
1586 1341 1723 1398 Cum
1742 1342 1890 1398 enim
1919 1359 2080 1400 nemo

503 1425 672 1484 irasci
721 1444 782 1485 se
810 1429 958 1485 dicat
986 1431 1134 1502 quod
1180 1431 1326 1488 Deus
1354 1433 1739 1490 universorum
1791 1434 1846 1489 in
1889 1450 2080 1492 omnes

503 1535 734 1592 regnum
765 1521 1045 1591 obtineat;
1079 1523 1148 1579 de
1172 1523 1378 1580 Christi
1405 1532 1588 1580 tamen
1637 1540 1806 1596 regno
1837 1525 1912 1579 ait
1941 1542 2080 1597 pra:-

504 1627 636 1667 sens
685 1627 867 1668 sermo
925 1614 1159 1688 populos
1199 1615 1386 1681 irasci,
1433 1616 1691 1672 videlicet
1745 1617 1976 1688 papulas
2014 1633 2082 1674 ex

504 1702 932 1760 circumcisione
970 1714 1026 1761 et
1075 1721 1141 1762 ex
1185 1707 1464 1778 gentibus,
1499 1708 1595 1780 qui
1635 1708 1692 1763 in
1743 1709 1923 1781 ipsum
1970 1723 2082 1765 non

504 1793 760 1849 credunt.
800 1795 935 1862 Quis
970 1797 1042 1854 sit
1095 1806 1277 1854 autem
1325 1797 1614 1868 Dominus,
1665 1817 1790 1857 mox
1841 1801 2082 1858 declarat

503 1885 694 1942 dicens
733 1907 746 1944 :
807 1889 912 1956 Qui
957 1890 1098 1946 sedet
1129 1908 1286 1962 super
1333 1892 1621 1948 cherubim.
1675 1892 1884 1951 Mordet
1935 1895 2080 1951 enim

505 1976 776 2045 inﬁdeles,
822 1981 1064 2053 ipsisque
1123 1982 1272 2039 dolet
1325 1987 1568 2056 gentium
1620 2000 1719 2055 pro
1761 1986 1937 2040 salute
1967 1992 2083 2042 stu-

503 2069 698 2128 dium:
737 2072 1004 2144 siquidem
1047 2075 1394 2147 propheticas
1433 2077 1501 2133 de
1547 2093 1714 2150 regno
1757 2077 1878 2148 ejus
1920 2093 2085 2140 voces

505 2175 618 2217 non
659 2163 1065 2222 intellexerunt.
1107 2165 1385 2223 Moventur
1407 2177 1566 2224 terra.
1600 2167 1882 2225 Daemones
1913 2169 2080 2235 enim,

504 2255 600 2326 qui
633 2255 763 2310 olim
793 2255 1091 2328 plurimum
1121 2259 1404 2325 valebant,
1431 2259 1688 2314 infirmati
1723 2267 1880 2328 sunt;
1911 2259 1985 2314 ita
2025 2269 2084 2314 ut

504 2359 696 2401 omnes
724 2359 914 2400 eorum
957 2347 1190 2405 virtutes
1225 2356 1514 2404 commotas
1557 2349 1690 2417 sint,
1719 2358 1774 2406 et
1807 2350 2084 2421 operatio-

504 2445 604 2488 nes
625 2432 984 2490 cessaverint.
1007 2434 1272 2493 Homines
1289 2452 1506 2508 quoque
1524 2447 1724 2494 terram
1755 2438 2079 2506 incolentes,

501 2525 913 2596 resipiscentes,
933 2528 1148 2598 paterni
1173 2529 1380 2586 erroris
1405 2530 1699 2602 perniciem
1719 2539 2080 2602 agnoverunt,

503 2616 674 2674 Deum
708 2617 945 2674 Verbum
979 2620 1083 2676 sibi
1113 2620 1401 2677 Dominum
1433 2622 1784 2678 ascribentes.
1811 2622 1924 2679 Imo
1953 2639 2084 2680 vero

504 2708 674 2778 quiin
712 2725 836 2764 eum
872 2711 1138 2767 increduli
1171 2711 1414 2781 fuerunt,
1447 2715 1796 2772 vehementer
1821 2717 2081 2772 commoti

505 2808 657 2865 sunt,
687 2801 740 2856 vi
764 2801 1029 2859 doctrinae
1066 2804 1187 2874 ejus
1209 2805 1464 2863 concussi
1511 2815 1673 2878 atque
1717 2811 1984 2880 percussi.
2013 2809 2084 2864 ll-

506 2899 600 2954 lud
634 2906 841 2966 autem,
881 2902 972 2973 qui
1000 2902 1165 2966 sedet,
1197 2903 1355 2973 quasi
1391 2903 1639 2960 homines
1670 2903 1952 2976 alloquens
1981 2904 2078 2960 ait.

502 2989 712 3048 Natura
742 2991 946 3064 quippe
978 2993 1300 3064 incorporea
1337 2993 1791 3065 incomprehensa
1826 3003 1880 3050 et
1907 2995 2080 3050 incir-

503 3087 840 3158 cumscripta
869 3094 973 3142 est.
1013 3085 1270 3140 Dominus
1303 3085 1358 3140 in
1389 3084 1518 3140 Sion
1555 3103 1797 3156 magnus,
1837 3097 1886 3142 et
1911 3087 2083 3142 excel-

504 3194 597 3235 sus
629 3193 787 3248 super
804 3194 982 3232 omnes
1012 3177 1251 3247 populos.
1295 3177 1427 3232 Sion
1471 3176 1741 3248 significat
1779 3180 2080 3247 speculam;

2178 677 2416 750 Χριστοῦ
2461 676 2588 730 λαὸν
2635 679 2699 730 ἐκ
2738 674 3009 748 διαφόρων
3053 672 3240 744 ψυχῶν
3280 670 3357 736 ὡς
3397 673 3462 725 ἐκ
3497 670 3740 724 πλειόνων

2179 769 2383 843 χορδῶν
2411 767 2777 841 ἡρμοσμένον,
2813 767 2944 840 μίαν
2985 783 3046 820 τε
3094 764 3259 838 εὐχὴν
3290 764 3385 820 καὶ
3408 764 3740 836 εὐχαριστίαν

2177 862 2258 934 τῷ
2281 861 2401 932 Θεῷ
2428 860 2846 932 ἀναπέμποντα.

2563 969 2856 1024 mmo}:
2887 970 2975 1042 Ta
2993 968 3212 1024 ΔΑΥΙΔ.
3241 969 3366 1036 ηην.

2262 1065 2316 1118 Ὁ
2358 1065 2572 1134 Κύριος
2611 1064 3012 1118 ἐϐασίλευσεν
3029 1101 3046 1126 ,
3106 1061 3544 1133 ὀργιζὲσθωσαν
3583 1064 3742 1130 λαοί,

2180 1161 2216 1214 ὁ
2230 1156 2558 1227 καθήμενος
2580 1156 2678 1210 ἐπὶ
2717 1156 3023 1226 χερουὸὶμ,
3039 1155 3389 1222 σαλευθήτω
3413 1157 3450 1224 ἠ
3473 1155 3569 1225 γῆ.
3611 1158 3744 1211 Ἄνε-

2181 1250 2455 1323 πίγραφος
2482 1249 2628 1322 παρ’
2658 1247 2930 1320 Ἑϐραίοις
2955 1250 2984 1302 6
3008 1247 3221 1319 ψαλμός
3242 1264 3259 1280 ο
3289 1243 3370 1312 εἷς
3391 1249 3448 1302 δέ
3481 1249 3574 1302 καὶ
3603 1249 3745 1314 αὐτὸς

2180 1339 2434 1412 τυγχάνει
2452 1339 2561 1394 τῶν
2581 1336 3084 1411 εὐαγγελιζομένων
3109 1338 3209 1410 τὴν
3233 1337 3328 1392 τοῦ
3341 1339 3580 1411 Χριστοῦ
3607 1339 3745 1410 βασι.

2179 1434 2348 1488 λείαν.
2405 1433 2560 1486 Ἐπεὶ
2614 1432 2711 1504 μὲν
2771 1431 2880 1502 γὰρ
2905 1430 2984 1502 τῷ
3017 1430 3320 1501 βασιλεύειν
3361 1432 3621 1485 ἀπάντων
3659 1433 3748 1516 τῶ)

2179 1528 2318 1581 ὅλων
2346 1526 2499 1592 Θεὸν,
2558 1525 2751 1580 οὐδένα
2803 1524 2868 1579 ἀν
2890 1541 2976 1588 τις
3028 1523 3343 1596 ὀργίζεσθαι
3389 1525 3543 1596 φαίη,
3591 1526 3748 1580 ἐςτὶᾶ

2181 1623 2247 1692 τῇ
2274 1618 2372 1673 τοῦ
2404 1617 2642 1692 Χριστοῦ
2665 1616 2912 1690 βασιλείᾳ
2946 1617 3110 1687 φησιν
3135 1618 3164 1670 6
3189 1614 3380 1687 παρὼν
3410 1615 3569 1685 λόγος
3615 1616 3748 1688 ὀργί-

2181 1709 2368 1776 ζεσθαι
2410 1709 2604 1774 λαούςο
2655 1709 2790 1780 φησὶ
2816 1709 2874 1762 δὲ
2902 1709 3028 1771 τοὺς
3065 1709 3131 1761 ἐκ
3158 1707 3466 1780 περιτομῆς
3511 1708 3608 1761 καὶ
3641 1709 3749 1773 τοὺς

2180 1801 2242 1870 ἐξ
2292 1801 2462 1856 ἐθνῶν
2504 1800 2868 1864 ἀπιστοῦντας
2910 1799 3080 1871 αὐτῷ.
3109 1799 3207 1864 Τίς
3231 1799 3289 1853 δέ
3321 1801 3468 1853 ἐστιν
3496 1801 3524 1854 6
3555 1800 3751 1870 Κύριος

2180 1894 2434 1964 διασαφεῖ
2460 1892 2635 1963 λέγων
2665 1889 2828 1962 ἐξῆςο
2869 1890 2924 1944 '0
2977 1891 3314 1960 καθήμενος
3349 1889 3502 1958 ὑπὲρ
3555 1907 3752 1960 κερουο

2183 1986 2301 2054 ϐίμ.
2355 1983 2550 2038 Δάκνει
2603 1981 2712 2056 γὰρ
2741 1982 2872 2047 τοὺς
2907 1982 3171 2045 ἀπίστους
3192 1981 3288 2034 καὶ
3316 1981 3474 2034 λυπεῖ
3505 1984 3533 2035 6
3575 1980 3671 2034 ἐπὶ
3699 1983 3754 2052 τῇ

2185 2073 2429 2146 σωτηρίᾳ
2451 2071 2558 2126 τῶν
2583 2072 2751 2127 ἐθνῶν
2783 2070 2942 2144 ζῆλος
2961 2087 2979 2106 ο
3012 2071 3074 2124 οὐ
3103 2070 3212 2144 γάρ
3246 2074 3482 2144 συνῆκαν
3505 2070 3610 2135 τάς
3643 2072 3756 2143 περὶ

2182 2163 2280 2232 τῆς
2315 2161 2591 2233 βασιλείας
2616 2161 2782 2217 αὑτοῦ
2795 2159 3140 2234 προφητικάς
3166 2159 3349 2231 φωνάς
3369 2179 3384 2192 ·
3405 2162 3756 2228 Σαλευθήτω

2181 2259 2221 2328 ’ἦ
2382 2257 2448 2312 Οἵ
2476 2273 2536 2310 τε
2575 2255 2684 2328 γὰρ
2730 2254 2897 2310 πάλαι
2947 2251 3118 2307 πολλὰ
3179 2252 3466 2323 δυνάμενοι
3509 2252 3755 2323 δαίμονες

2182 2352 2568 2426 ἐξησθένησαν,
2604 2349 2680 2414 ὡς
2713 2347 2892 2412 πάσας
2937 2346 3116 2400 αὐτῶν
3149 2344 3251 2409 τάς
3281 2345 3536 2416 δυνάμεις
3568 2344 3755 2397 σαλευ-

2183 2446 2364 2519 θῆναι,
2393 2445 2488 2498 καὶ
2530 2441 2834 2513 παυσθῆναι
2867 2439 2966 2504 τὰς
3004 2438 3284 2511 ἐνεργείας
3305 2454 3320 2470 ·
3361 2437 3416 2491 οἵ
3440 2455 3501 2490 τε
3528 2437 3636 2508 τὴν
3664 2436 3756 2507 γῆν

2181 2537 2458 2601 οἰκοῦντες
2478 2535 2572 2590 ἀνθ
2582 2551 2772 2608 ρωποι,
2795 2531 3208 2604 μεταϐαλόντες,
3229 2530 3330 2600 τῆς
3350 2528 3612 2602 πατρῴας
3628 2529 3755 2582 11:16-

2181 2646 2280 2700 νης
2317 2626 2409 2681 τὸν
2448 2625 2666 2698 ὄλεθρον
2713 2623 3052 2692 ἐπέγνωσαν,
3093 2621 3185 2674 τὸν
3217 2620 3350 2674 Θεὸν
3377 2620 3550 2689 Λόγον
3583 2619 3755 2673 αὐτῶν

2182 2719 2386 2790 Κύριον
2447 2714 2904 2786 ἐπιγραψάμενοι.
2944 2713 3019 2766 Οὐ
3078 2710 3184 2783 μὴν
3235 2709 3371 2764 ἀλλὰ
3403 2709 3497 2764 καὶ
3537 2711 3589 2762 οἱ
3628 2711 3751 2763 ἀπι-

2183 2811 2440 2872 στοῦντες
2461 2807 2606 2878 αὐτῷ
2628 2846 2643 2872 ,
2698 2805 2947 2878 μεγάλως
2996 2803 3396 2874 ἐσαλεύθησαν,
3450 2803 3750 2873 κινούμενοι

2181 2904 2276 2959 κα)⁵
2306 2897 2804 2971 καταπληττόμενοι
2829 2895 2930 2966 τῆς
2971 2893 3317 2978 διδασκαλίας
3357 2892 3520 2948 αὐτοῦ
3549 2893 3648 2964 τὴν
3673 2891 3751 2944 δύ-

2180 3007 2365 3061 ναμιν.
2396 2989 2469 3043 Τὸ
2495 2989 2573 3053 δὲ,
2595 2985 2948 3056 καθήμενος,
2974 2985 3050 3049 ὡς
3077 2983 3213 3057 πρὸς
3243 2981 3556 3053 ἀνθρώπους
3581 2981 3750 3034 διαλε-

2181 3085 2408 3155 γόμενος
2466 3082 2708 3154 εἴρηκεν.
2763 3081 2826 3134 Ἦ
2873 3079 2981 3152 γὰρ
3025 3076 3316 3149 ἀσώματος
3356 3075 3511 3146 φύσις
3555 3075 3746 3144 ἀπερί-

2181 3177 2386 3248 ληπτος
2435 3176 2532 3230 καὶ
2583 3172 2981 3246 ἀπερίγραφος.
3025 3171 3238 3240 Κύριος
3275 3169 3342 3224 ἐν
3373 3168 3515 3222 Σιὼν
3536 3167 3742 3240 μέγας.

506 3270 588 3326 sic
624 3278 805 3325 autem
857 3269 1131 3341 appellare
1169 3269 1354 3325 divina
1410 3269 1696 3342 Scriptura
1744 3272 1882 3328 solet
1917 3288 2079 3328 omne

2184 3267 2282 3322 καὶ
2311 3266 2550 3336 ὑψηλός
2585 3265 2758 3319 ἐστιν
2793 3263 2894 3318 ἐπὶ
2934 3262 3164 3328 πάντας
3191 3260 3332 3328 τοὺς
3375 3261 3578 3326 λαούς.
3611 3257 3750 3312 Σιὼν

505 3361 822 3434 religiosum
857 3361 1192 3426 institutum,
1225 3369 1391 3433 atque
1429 3362 1532 3417 hoc
1569 3363 1728 3418 modo
1761 3363 2080 3420 indicantur

505 3453 544 3509 ii
577 3456 671 3526 qui
722 3455 966 3511 caelestia
999 3455 1374 3526 speculantur,
1405 3456 1584 3525 qualis
1634 3463 1752 3512 erat
1783 3457 2078 3528 Apostolus

503 3545 597 3616 qui
622 3545 741 3601 ait:
786 3543 910 3598 Non
955 3542 1347 3614 speculantibus
1391 3542 1543 3597 nobis
1596 3552 1826 3606 terrena,
1861 3545 1952 3598 sed
1977 3561 2079 3600 cae-

503 3634 660 3690 lestia
689 3634 757 3689 ⁹⁶.
786 3635 942 3706 Apud
977 3635 1100 3691 illos
1129 3635 1274 3690 enim
1302 3649 1535 3705 magnus
1561 3642 1644 3690 est
1674 3633 1959 3691 Dominus.

571 3901 740 3960 Vsus.
793 3904 846 3959 3.
883 3903 1248 3974 Conﬁteantur
1293 3907 1496 3960 nomini
1552 3915 1641 3960 tuo
1694 3922 1906 3976 magno,
1955 3922 2079 3976 quo-

499 3996 646 4052 niam
669 3995 903 4050 terribile
928 4006 979 4050 et
1003 4006 1244 4050 sanctum
1267 4006 1365 4052 est.
1401 3995 1559 4052 Nunc
1584 3996 1804 4068 quidem
1827 3998 2078 4054 irascun-

499 4097 594 4144 tur
613 4087 799 4160 populi
825 4089 1089 4144 adversus
1117 4104 1348 4160 regnum
1381 4087 1689 4158 ‘Salvatoris
1719 4090 1893 4146 nostri
1922 4109 1937 4146 :
1971 4090 2078 4147 erit

500 4194 667 4252 porro
695 4187 909 4249 tempus
938 4196 1047 4251 quo
1085 4181 1188 4251 ipsi
1217 4195 1433 4252 quoque
1467 4179 1674 4236 nomini
1722 4195 1920 4251 magno
1956 4179 2077 4252 ejus

497 4271 926 4335 confitebuntur,
950 4272 1158 4342 quando
1177 4289 1328 4328 omne
1349 4289 1481 4344 genu
1503 4273 1742 4342 flectetur
1761 4272 2070 4340 calestium,

500 4374 659 4433 atque
689 4365 1037 4428 terrestrium,
1065 4375 1116 4420 et
1144 4367 1316 4420 omnis
1347 4365 1530 4437 lingua
1567 4365 1923 4436 conﬁtebitur,
1947 4367 2074 4437 quia

2181 3359 2539 3433 ἑρμηνεύεται
2571 3356 3044 3425 σκοπευτήριον·
3084 3354 3226 3408 οὕτω
3255 3353 3311 3406 δὲ
3335 3351 3615 3424 ὀνομάζειν
3635 3350 3751 3414 ἒθος

2179 3451 2280 3524 τὴν
2312 3451 2459 3506 θείαν
2507 3452 2728 3522 Γραφὴν
2768 3451 2874 3503 πᾶν
2904 3449 2964 3502 τὸ
3008 3447 3254 3512 θεοσεϐὲς
3301 3446 3622 3516 πολίτευμα,
3649 3443 3753 3496 τῶν

2179 3543 2250 3602 τὰ
2301 3543 2598 3614 ἐπουράνια
2652 3540 2996 3596 σκοπούντων
3040 3532 3229 3593 τοῦτον
3273 3537 3618 3610 δηλουμένων
3667 3536 3754 3588 τὸν

2179 3636 2376 3710 τρόπον
2436 3637 2616 3698 ὁποῖος
2678 3630 2745 3706 ἦν
2777 3634 2950 3704 λέγων
2987 3634 3016 3686 6
3055 3631 3371 3694 ’Δπόστολος
3396 3647 3410 3662 ο
3465 3631 3758 3684 Σκοπούν-

2179 3745 2298 3782 των
2328 3727 2496 3798 ἡμῶν
2506 3729 2576 3782 οὐ
2594 3727 2665 3782 τὰ
2684 3727 2932 3797 ἐπίγεια,
2957 3723 3118 3780 ἀλλὰ
3135 3724 3206 3778 τὰ
3225 3723 3572 3793 ἐπουράνια.
3598 3719 3760 3793 Παρά

2177 3817 2386 3883 τούτοις
2413 3813 2506 3872 οὖν
2537 3818 2709 3890 μέγας
2737 3819 2882 3871 ἐστὶν
2905 3819 2934 3871 6
2960 3815 3182 3888 Κύριος.

2265 3907 2964 3978 Ἐξομολογησάσθωσαν
2995 3905 3075 3973 τῷ
3109 3906 3356 3976 ὀνόματι
3390 3920 3503 3958 σου
3536 3901 3616 3968 τῷ
3649 3919 3762 3972 με·

2179 4001 2360 4073 γάλῳ,
2390 4001 2478 4056 ὅτι
2505 4003 2763 4072 φοϐερὸν
2799 4002 2898 4056 καὶ
2939 4000 3110 4070 ἅγιόν
3142 4001 3293 4053 ἐστι.
3341 3996 3447 4052 Νῦν
3475 3995 3571 4068 μὲν
3601 3994 3764 4065 697i-

2178 4094 2361 4159 ζονται
2402 4093 2520 4148 λαοὶ
2566 4095 2658 4148 ἐπὶ
2691 4094 2783 4147 τοῦ
2817 4094 3068 4165 Σωτῆρος
3105 4091 3262 4164 ἡμῶν
3300 4088 3570 4161 βασιλεῐᾳσ
3601 4087 3760 4140 ἔσται

2175 4187 2234 4242 δέ
2271 4205 2354 4251 τις
2398 4187 2587 4258 καιρὸς
2633 4189 2688 4240 ἐν
2725 4181 2770 4255 ᾧ
2795 4185 2889 4240 καὶ
2946 4186 3099 4240 αὐτοὶ
3152 4181 3636 4254 ἐξομολογήσονται
3679 4176 3761 4246 τῷ

2177 4279 2403 4351 ὀνόματι
2427 4277 2594 4333 αὐτοῦ
2623 4279 2701 4350 τῷ
2757 4277 2999 4351 μεγάλῳ,
3029 4278 3162 4332 Ὄτς
3193 4274 3317 4330 πᾶν
3354 4275 3501 4345 γόνυ
3535 4270 3760 4340 seduli-st

2176 4371 2549 4440 ἐπουρανίων
2572 4372 2670 4425 καὶ
2705 4371 2998 4440 ἐπιγείων,
3031 4369 3128 4423 καὶ
3157 4366 3323 4422 πᾶσα
3347 4363 3597 4436 γλῶσσα
3630 4363 3764 4425 ἑξο-

501 4455 760 4512 Dominus
807 4457 966 4512 Iesus
997 4459 1049 4512 in
1077 4459 1248 4530 gloria
1297 4457 1480 4512 Patris
1503 4457 1572 4512 ’⁷.
1604 4488 1675 4500 -
1724 4456 1895 4514 Vens.
1919 4458 1973 4512 4.
2006 4457 2077 4512 Et

2183 4463 2595 4534 μολοτήσεται,
2625 4463 2714 4516 ὅτι
2745 4463 2960 4530 Κύριος
3002 4459 3230 4529 Ἰησοῦς
3280 4459 3368 4523 είς
3415 4454 3604 4519 δόξαν
3639 4454 3764 4505 Πα-

500 4550 668 4605 honor
697 4553 830 4621 regis
869 4551 1132 4621 judicium
1173 4551 1371 4623 diligit.
1409 4550 1598 4607 Honor
1635 4560 1689 4607 et
1719 4551 1894 4605 virtus
1929 4550 2074 4621 regis

2183 4557 2333 4626 τρός.
2371 4555 2482 4610 Καὶ
2521 4554 2660 4625 τιμὴ
2693 4552 3002 4620 βασιλέως
3044 4552 3248 4620 κρίσιν
3265 4547 3487 4619 ἀγαπᾷ.
3549 4546 3618 4598 Ἡ
3667 4542 3766 4597 τοῦ

499 4656 626 4695 cum
665 4640 894 4712 judicio.
941 4643 1063 4698 aliis
1111 4642 1332 4713 quidem
1394 4657 1592 4697 nomen
1641 4642 1762 4707 ejus
1812 4641 2071 4706 terribile,

2183 4648 2444 4719 βασιλέως
2476 4649 2607 4719 τιμή
2669 4664 2729 4700 τε
2774 4646 2868 4700 καὶ
2891 4644 3060 4716 ἀρετὴ
3100 4645 3324 4706 εἰκότως
3353 4639 3491 4712 μετά
3525 4637 3768 4709 κρίσεως

500 4730 624 4788 aliis
649 4749 777 4788 vero
805 4743 1054 4788 sanctum
1090 4734 1284 4789 merito
1306 4733 1488 4789 eﬂicit.
1516 4733 1575 4789 Si
1599 4735 1744 4790 enim
1778 4736 1871 4806 qui
1902 4735 2074 4805 legem

2183 4742 2290 4804 τοῖς
2315 4741 2413 4812 μὲν
2454 4738 2710 4808 ἐπίφοϐον
2739 4739 2969 4792 ποιεῖται
2996 4735 3058 4789 τὸ
3095 4735 3263 4805 ὃνομα
3303 4730 3489 4796 αὐτοῦ,
3543 4730 3662 4792 τοῖς
3707 4725 3770 4781 ἃ

498 4817 620 4889 ejus
673 4823 1173 4892 transgrediuntur.
1215 4839 1312 4894 per
1361 4825 1534 4895 ipsam
1583 4826 2076 4898 transgressionem

2183 4831 2354 4901 ἅγιον.
2407 4831 2469 4884 Εί
2505 4830 2613 4903 γὰρ
2663 4830 2714 4882 οἱ
2767 4826 3188 4900 παραϐαίνοντες
3226 4817 3389 4878 αὐτοῦ
3420 4822 3513 4875 τὸν
3572 4822 3766 4892 νόμον,

500 4909 652 4965 illum
682 4912 1013 4968 inhonorant
1039 4931 1052 4979 ;
1083 4915 1176 4983 qui
1207 4916 1446 4971 divinam
1477 4918 1652 4987 legem
1675 4926 2071 4989 exsequuntur,

502 5001 621 5056 vice
651 5018 830 5068 versa,
873 5020 970 5073 per
1017 5005 1138 5075 ejus
1193 5008 1603 5064 exsecutionem
1657 5025 1839 5080 regem
1895 5011 2074 5082 ipsum

499 5094 593 5164 qui
647 5095 820 5167 legem
869 5096 1018 5153 dedit
1067 5097 1275 5154 honore
1326 5099 1588 5164 alliciunt,
1634 5101 1902 5171 judicium
1955 5103 2077 5173 ejus

499 5185 788 5257 diligentes
819 5208 832 5246 :
865 5190 1099 5246 scientes
1134 5192 1345 5262 justum
1379 5209 1502 5249 esse
1527 5193 1794 5264 judicium
1824 5195 1967 5266 ejus,
2010 5211 2075 5252 ac

499 5293 560 5333 se
577 5278 758 5335 divina
781 5283 1001 5352 praemia
1023 5293 1418 5341 consecuturos
1449 5302 1592 5349 esse.
1620 5288 1747 5358 quia
1770 5289 2074 5346 secundum

497 5371 837 5428 voluntatem
871 5375 992 5446 ejus
1024 5375 1112 5446 pie
1141 5383 1196 5432 et
1221 5376 1370 5448 juste
1390 5386 1637 5449 egerunt.

569 5552 737 5611 Vens.
768 5557 821 5612 5.
849 5557 927 5611 Tu
957 5561 1163 5627 parasti
1185 5560 1520 5638 directiones,
1544 5562 1809 5630 judicium
1838 5571 1891 5619 et
1909 5563 2079 5634 justi-

501 5647 630 5701 tiam
672 5649 725 5702 in
755 5647 920 5704 Jacob
953 5660 1007 5705 tu
1036 5651 1226 5721 fecisti.
1279 5652 1530 5708 Exaltate
1567 5655 1854 5710 Dominum
1907 5655 2077 5710 Deum

495 5751 759 5804 nostrum,
812 5750 918 5798 etc.
985 5743 1178 5811 Nemo,
1220 5745 1420 5816 inquit,
1451 5746 1726 5802 existimet
1774 5747 1861 5803 hic
1909 5746 2076 5803 alium

601 5897 646 5931 "
689 5897 728 5952 ll
762 5897 885 5955 Cor.
921 5917 1006 5966 tv,
1044 5901 1128 5956 18.
1202 5903 1249 5936 ’⁷
1288 5901 1522 5964 Philion.
1560 5918 1630 5966 tt,
1671 5904 1771 5964 ll).
1814 5905 1897 5960 ll.

2177 4924 2242 4977 δι’
2267 4924 2432 4976 αὐτοῦ
2451 4922 2545 4976 τοῦ
2575 4920 2930 4993 παραϐαίνειν
2955 4917 3308 4989 ἀτιμάζουσιν
3346 4914 3540 4969 αὐτόν’
3573 4915 3630 4967 oi
3661 4925 3776 4967 δια-⁸

2177 5015 2497 5088 ’πορθοῦντες
2547 5015 2638 5068 τὸν
2669 5014 2810 5068 Θεῖον
2832 5013 2995 5084 νόμον
3044 5010 3113 5064 δι’
3163 5009 3330 5064 αὐτοῦ
3377 5006 3471 5061 τοῦ
3513 5007 3770 5078 ἐνεργεῖν

2183 5109 2324 5163 κατά
2356 5109 2550 5162 ταύτὸν
2578 5106 2776 5178 τιμῶσι
2815 5106 2907 5158 τὸν
2955 5102 3388 5174 νομοθετήσαντα
3413 5098 3576 5153 αὐτὸν
3606 5098 3770 5169 βασις

2182 5200 2302 5265 λέα,
2328 5198 2646 5267 ἀγαπῶντες
2673 5196 2770 5268 τὴν
2802 5197 2933 5268 παρ’
2957 5193 3122 5248 αὐτοῦ
3167 5192 3370 5265 κρίσιν,
3406 5191 3772 5260 ἐπιστάμενοι

2178 5290 2386 5344 δίκαιον
2434 5289 2496 5345 τὸ
2554 5292 2728 5362 κρῖμα
2787 5287 2973 5350 αὐτοῦ,
3018 5287 3110 5340 καὶ
3155 5285 3236 5338 ὅτι
3277 5283 3549 5350 τεύξονται
3597 5281 3774 5335 θείων

2179 5380 2442 5452 ἁμοιϐῶν,
2479 5381 2620 5434 κατά
2673 5381 2730 5434 τὸ
2759 5379 3007 5452 βούλημα
3060 5376 3248 5444 αὐτοῦ,
3284 5375 3522 5438 εὐσεϐῶς
3551 5373 3649 5426 καὶ
3675 5373 3773 5426 δι-

2181 5470 2351 5533 καίως
2387 5469 2858 5540 πολιτευσάμενοι.

2248 5563 2333 5617 Σὺ
2369 5563 2703 5631 ἡτοίμασας
2756 5563 3106 5630 εὐθύτητας,
3137 5560 3342 5629 κρίσιν
3374 5559 3474 5613 καί
3528 5558 3774 5610 δίκαιος-

2177 5655 2379 5721 σύνην
2391 5655 2462 5707 ἐν
2487 5653 2688 5708 Ἰακὼὸ
2699 5654 2780 5708 σὺ
2811 5654 3126 5722 ἐποίησας.
3144 5652 3391 5721 Ὑψοῦτε
3405 5649 3627 5718 Κύριον
3643 5647 3776 5701 τὸν

2183 5743 2332 5800 Θεὸν
2375 5741 2568 5815 ἡμῶν,
2628 5743 2724 5798 καὶ
2774 5742 2844 5798 τὰ
2882 5742 3026 5815 ἑξῆς.
3063 5741 3288 5815 Μηδεὶς,
3309 5739 3461 5813 φησι,
3478 5733 3782 5809 νομίζοιτο
