1977 3573
142 194 209 223 1257
704 190 958 219 COMMENTARIA
976 192 1010 220 IN
1029 191 1198 220 PSALMOS.
1695 188 1766 218 1258

139 250 233 287 ἓτερον
250 248 320 278 εἶναι
332 249 378 277 τὸν
389 249 505 277 ινταῦθα
518 249 742 285 δοεολογούμενον
759 250 862 286 Κύριον
882 250 931 278 τοῦ

993 251 1123 279 Iominum
1138 250 1225 286 gloria
1248 247 1393 279 celebrari,
1411 255 1492 283 quam
1517 246 1601 275 Deum
1615 246 1662 281 qui
1683 246 1768 281 legem

140 296 208 323 Θεοῦ
221 295 268 323 τοῦ
282 295 512 331 νομοθετήσαντος
524 296 553 322 ἐν
568 297 600 330 τῇ
616 296 722 331 ἐρήμῳ.
734 296 771 322 Σὺ
777 296 842 331 γὰρ,
854 296 930 331 φησὶ,

141 340 240 377 Κύριε,
256 337 287 367 οὗ
300 340 349 376 τὴν
367 340 505 375 βασιλείαν
520 340 694 375 θεσπίζομεν,
715 340 798 372 αὐτὸς
814 340 852 367 ῶν
867 349 932 375 τυγ-

143 385 244 422 χάνεις,
260 386 274 412 ό
283 386 331 412 καὶ
343 386 382 421 τῷ
394 386 427 412 ὲκ
438 385 588 420 περιτομῆς
599 385 656 420 λαῷ
664 385 755 421 κρίσιν
769 386 816 412 καὶ
830 385 933 413 δικαιο-

144 431 226 467 σύνην
236 431 432 466 διαταξάμενος
449 431 519 457 κατὰ
539 430 588 466 τὴν
603 430 726 457 δοθεῖσαν
742 432 834 463 αὐτοῖς
853 439 930 467 νομο-

143 477 247 509 θεσίαν,
255 476 427 512 δικαιώματα
442 476 490 503 καὶ
501 476 623 512 κρίματα
639 476 829 512 περιέχουσαν.
846 477 883 504 Σὺ
904 476 933 504 δὲ

143 524 225 556 αὐτὸς
239 524 287 551 καὶ
303 522 456 559 εὐθύτητας
467 522 619 558 ἡτοίμασας
633 522 705 550 κατὰ
722 522 767 549 τὸν
780 522 830 558 τῆς
853 523 934 550 ἀντα-

143 569 279 601 ποδόσεως
290 568 384 604 καιρὸν
394 568 633 603 ἀποδοθησομένας
645 569 701 600 τοῖς
711 567 874 603 φυλάττουσι
886 568 934 604 τὴν

145 614 235 651 κρίσιν
249 613 297 641 καὶ
309 613 358 650 τὴν
368 612 551 648 δικαιοσύνην.
565 612 697 647 Μωῠσῆς
711 612 762 639 καὶ
782 612 889 647 Ἀαρὼν
900 612 936 640 ἐν

145 660 207 694 τοῖς
221 659 352 694 ιερεῦσιν
365 658 468 692 αὐτοῦ,
485 658 534 686 καὶ
552 658 694 693 Σαμουὴλ
707 659 741 685 ἐν
757 658 820 692 τοῖς
835 658 936 685 ἐπικα-

144 702 303 738 λουμένοις
318 702 351 730 τὸ
366 702 459 738 ὄνομα
469 702 572 730 αὑτοῦ.
587 702 805 730 Ἐπεκαλοῦντο
819 704 872 730 τὸν
879 703 936 729 Κύ-

140 758 218 783 ριον,
244 748 294 776 καί
319 748 411 782 αὐτὸς
431 747 603 783 είσήκουεν,
625 749 660 775 ἐν
680 750 782 781 στύλῳ
806 749 938 784 νεφέλης

145 794 249 822 ἐλάλει
269 794 345 829 πρὸς
363 795 485 828 αὐτούς.
518 795 711 830 Ἐφύλιισσον
736 795 771 822 τὰ
790 795 938 830 μαρτύρια

144 840 249 873 αὐτοῦ,
264 841 314 868 καὶ
327 840 363 868 τὰ
372 841 583 876 προστάγματα
601 840 619 868 ἅ
635 841 747 868 ἔδωκεν
759 841 871 874 αὐτοῖς.
889 842 936 872 Τὸ,

143 888 182 914 Et
191 887 390 914 ἐπιστεύσατε
396 886 520 921 Μωῦσῇ,
530 887 728 914 ἐπιστεύσατε
735 887 844 922 ᾰνέμοι
852 895 859 902 ·
872 887 939 921 περὶ

148 934 202 969 τὰρ
215 934 289 969 ἐμοῦ
302 934 417 967 ἐκεῖνος
429 933 552 969 ἔγραψε,
562 934 612 970 τῆς
624 932 670 961 οὖν
681 934 766 969 αὐτῆς
776 933 867 970 ἔχεται
881 934 938 960 δια-
954 930 974 956 Β

148 979 222 1012 νοίας
249 980 297 1007 καὶ
320 980 354 1008 τὰ
379 980 558 1016 προκείμενα.
576 979 677 1007 Τοῦτον
688 980 743 1016 γὰρ
756 980 803 1007 τὸν
824 979 936 1016 Κύριον,

149 1028 194 1054 καὶ
208 1028 258 1062 οὐχ
272 1029 376 1063 ἓτερον,
389 1027 467 1063 φησὶ,
482 1027 527 1053 τὸν
543 1028 571 1054 ἐν
587 1026 625 1061 τῷ
638 1027 753 1062 παρόντι
763 1025 939 1061 Θεολογούμε-

147 1081 208 1105 νον,
227 1072 274 1099 καὶ
295 1072 416 1107 Μωῠσῆς
438 1072 484 1099 καὶ
502 1072 605 1108 Ἀαρὼν
624 1072 671 1099 καὶ
688 1072 830 1108 Σαμουὴλ,
850 1072 899 1099 καὶ
915 1071 941 1099 ετ

148 1125 189 1149 τις
206 1117 370 1153 ἓτερος,είτε
382 1117 540 1153 προφητῶν,
554 1118 608 1144 εἴτε
624 1117 731 1152 ἱερέων,
746 1117 938 1145 ἐπεκαλοῦντο.

150 1163 204 1190 Καὶ
217 1160 294 1196 οὗτος
306 1161 340 1199 ἦν
355 1163 436 1195 αὐτὸς
450 1165 464 1190 ὀ
476 1164 524 1190 τοῦ
545 1163 612 1190 Θεοῦ
624 1164 720 1198 Λόγος,
751 1164 799 1191 καὶ
822 1163 870 1191 νῦν
893 1163 940 1190 ἐπὶ

148 1209 252 1241 πάντας
267 1209 329 1242 τοὺς
341 1209 421 1241 λαοὺς
435 1209 536 1245 ὑψηλὸς
552 1210 693 1246 ὑπάρχων,
712 1210 759 1237 καὶ
777 1209 852 1247 παρὰ
872 1210 941 1237 πᾶσι

147 1256 203 1286 τοῖς
225 1254 313 1282 Ξθνεσι
334 1255 521 1291 δοξαζόμενος,
539 1257 554 1283 ό
576 1256 710 1283 κάκείνων
732 1256 882 1283 είσακούων
893 1256 941 1283 καὶ

147 1300 235 1328 λαλῶν
250 1301 342 1333 αὐτοῖς
367 1302 396 1329 ὲν
417 1302 505 1338 στύλῳ
525 1302 651 1337 νεφέλης.
673 1301 731 1328 Οὐκ
746 1301 833 1334 ἄλλως
846 1302 875 1328 δὲ
890 1301 942 1337 τῆς

147 1343 282 1383 τοσαύτης
298 1348 375 1381 ἀξίας
391 1347 485 1383 ἔτυχον
501 1348 525 1375 οί
542 1347 717 1383 δηλωθέντες,
732 1348 756 1374 εί
769 1347 862 1383 μὴλότι
874 1347 942 1381 equip

147 1393 244 1420 λαπον
259 1393 294 1420 τά
305 1393 443 1429 μαρτύρια
467 1394 561 1427 αὑτοῦ,
581 1394 628 1420 καὶ
644 1394 674 1420 τὺ
696 1394 859 1430 πρόσταγμα
872 1394 887 1421 ὃ
900 1394 943 1421 δέ-

148 1439 235 1467 δωκεν
255 1440 356 1471 αὐτοῖς.
377 1439 470 1471 οὕτως
493 1438 540 1466 οὖν
562 1439 609 1466 καὶ
626 1441 694 1475 ἡμῖν
710 1439 759 1467 διὰ,
772 1439 820 1475 τῆς
837 1439 944 1474 Καινῆς

151 1484 290 1520 Διαθήκης
312 1485 326 1510 ό
349 1484 430 1515 αὐτὸς
462 1483 662 1520 προστάγματα
685 1485 732 1511 καὶ
755 1484 874 1516 ἐντολὰς,
895 1483 944 1511 καὶ

153 1530 290 1567 μαρτύρια
307 1530 416 1562 ἔδωκεν,
443 1529 513 1567 ἅπερ
542 1530 566 1556 εί
588 1530 780 1565 φυλάττοιμεν,
799 1530 853 1557 τῶν
879 1528 945 1556 ίσων

151 1576 198 1602 καὶ
211 1576 287 1603 αὐτοὶ
297 1575 569 1611 καταξιωθησόμεθα.

983 298 1058 325 dedit
1084 297 1111 324 in
1127 297 1245 324 deserto.
1266 294 1308 323 Tu
1323 295 1407 326 enim,
1427 294 1527 329 inquit,
1545 292 1669 324 Domine,
1690 291 1770 327 cujus

983 351 1098 379 regnum
1120 342 1314 374 vaticinamur,
1328 341 1400 368 idem
1426 340 1484 376 ipse
1500 347 1530 367 es
1549 339 1595 374 qui
1620 338 1721 374 populo
1737 346 1768 365 ex

983 387 1192 415 circumcisione
1208 386 1342 421 judicium
1357 385 1530 420 etjustitiam
1547 383 1709 419 praecepisti,
1725 391 1771 411 se-

983 434 1102 461 cundum
1114 437 1245 461 statutam
1264 432 1332 468 ipsis
1349 432 1447 466 legem,
1462 430 1673 465 iustiﬁcationes
1686 433 1713 457 et
1725 429 1772 462 ju-

983 480 1053 508 dicia
1073 480 1309 514 complectentem.
1326 477 1367 505 Tu
1386 481 1476 505 autent
1498 477 1556 512 ipsc
1577 476 1680 511 parasti
1701 474 1773 502 dirc—

983 526 1100 557 ctiones,
1116 524 1304 553 retributionis
1316 528 1440 558 tempore
1453 522 1487 551 iis
1499 521 1652 550 reddendas
1662 520 1709 556 qui
1727 520 1773 554 ju-

984 571 1085 599 dicium
1112 575 1139 599 et
1165 570 1301 605 justitiam
1330 568 1521 597 custodierint.
1550 582 1585 587 —
1603 566 1728 596 Vens.6.
1746 565 1771 592 7.

985 617 1090 653 Moyses
1103 621 1127 645 et
1140 616 1230 643 Aaron
1246 616 1273 643 iit
1289 614 1470 643 sacerdotibus
1490 613 1558 648 ejus,
1570 618 1594 640 et
1606 611 1716 640 Samuel
1731 612 1773 638 iu-

986 669 1025 692 ter
1038 672 1081 691 eos
1094 665 1139 699 qui
1149 663 1270 690 invocant
1292 670 1385 689 nomen
1401 661 1468 696 ejus.
1493 659 1656 687 Invocabaut
1682 657 1774 685 Domi-

986 718 1061 742 num,
1077 715 1102 737 et
1117 709 1171 743 ipse
1186 707 1347 736 exaudiebat
1356 715 1412 738 eos,
1427 707 1454 734 in
1466 706 1588 733 columna
1599 704 1676 733 nubis
1690 704 1775 739 loqua-

987 755 1067 782 ba‘tur
1090 754 1124 782 ad
1141 763 1196 786 eos,
1209 753 1392 781 custodiebant
1418 752 1567 780 testimonia
1588 751 1656 786 ejus,
1669 755 1693 778 et
1705 758 1774 784 pm-

987 806 1062 836 cepta
1088 809 1146 836 qua:
1168 800 1240 828 dedit
1259 800 1326 827 illis.
1353 798 1433 831 Illud,
1452 799 1482 826 Si
1512 798 1654 825 crederetis
1675 795 1775 831 Moysi,

988 848 1127 876 crederetis
1150 848 1238 882 utique
1262 847 1337 879 mihi,
1354 847 1386 873 de
1402 855 1442 873 me
1469 846 1538 873 enim
1562 844 1607 871 ille
1622 842 1775 878 scripsit".

989 894 1111 929 ejusdem
1128 894 1270 922 sententiae
1288 899 1330 921 est
1354 897 1436 928 atque
1457 892 1501 919 illa
1517 899 1577 926 quae
1597 890 1653 925 jam
1678 893 1777 916 tracta-

990 948 1062 968 nuts.
1078 939 1145 967 Nam
1161 939 1405 974 eutndem,inquit.
1415 942 1509 966 etnon
1522 937 1604 964 alium
1621 935 1777 963 Dominum.

989 986 1035 1022 qui
1049 986 1105 1021 jam
1117 985 1376 1021 Deus-praedicatur,
1386 984 1504 1020 Moyses.
1515 983 1605 1010 Aaron
1615 986 1642 1010 et
1658 981 1777 1011 Samuel,

989 1040 1022 1059 ac
1032 1032 1056 1060 si
1064 1032 1126 1067 quis
1137 1032 1221 1064 alius,
1231 1031 1288 1059 sive
1300 1031 1504 1066 prophetarum,
1520 1029 1577 1057 sive
1592 1027 1778 1058 sacerdotum,

990 1079 1164 1106 invocabant.
1182 1077 1217 1106 Et
1239 1078 1283 1105 hic.
1312 1081 1371 1105 erat
1392 1076 1482 1111 ipsum
1509 1074 1557 1102 Dei
1576 1073 1706 1104 Verbum,
1722 1072 1779 1107 jam

991 1129 1061 1159 apud
1085 1131 1181 1151 omnes
1196 1122 1311 1158 populos
1333 1121 1472 1149 excelsum
1494 1123 1521 1147 et
1539 1118 1610 1154 apud
1637 1118 1781 1146 universas

990 1173 1086 1206 gentes
1101 1169 1187 1204 gloria
1199 1168 1336 1197 allectum.
1353 1165 1425 1202 quod
1445 1166 1509 1192 illos
1527 1164 1592 1193 olim
1606 1163 1779 1195 exaudiebat,

991 1215 1058 1242 etin
1071 1215 1201 1242 columna
1215 1214 1297 1241 nuhis
1314 1213 1477 1248 loquebatur
1495 1211 1528 1238 ad
1542 1218 1601 1238 eos.
1618 1209 1710 1245 Neque
1727 1209 1781 1236 alio

992 1261 1074 1289 modo
1089 1260 1233 1289 memorati
1251 1260 1301 1288 vit'i
1316 1263 1419 1286 tantam
1438 1257 1597 1293 dignitatem
1617 1255 1691 1283 nacti
1702 1258 1779 1287 sunt,

993 1308 1046 1335 nisi
1061 1307 1125 1343 quia
1142 1306 1300 1334 testimonia
1314 1306 1374 1341 ejus
1389 1309 1416 1333 et
1428 1307 1609 1340 praeceptum,
1622 1302 1695 1338 quod
1706 1301 1782 1329 dedit

993 1354 1059 1386 illis,
1089 1352 1290 1381 custodiebant.
1323 1351 1370 1378 Sic
1400 1351 1493 1386 itaque
1522 1350 1566 1378 ille
1594 1356 1642 1384 per
1674 1347 1780 1375 Novum

993 1399 1199 1428 Testamentum
1215 1402 1359 1434 praeceptm
1369 1401 1396 1425 et
1418 1396 1545 1424 mandata
1561 1399 1644 1430 atque
1658 1394 1782 1422 testimo-

994 1446 1039 1473 nia
1059 1446 1139 1474 nobis
1151 1446 1236 1479 dedit,
1250 1452 1311 1480 quae
1328 1444 1351 1472 si
1374 1443 1574 1473 custodiamus,
1589 1441 1717 1477 pariatet,
1727 1440 1780 1476 ipsi

994 1491 1187 1520 obtinebimus,

184 1621 272 1655 Κύριε
285 1621 357 1654 Θεὸς
372 1609 465 1656 tum,
478 1609 519 1649 ονὺ
541 1621 690 1656 ἑπήκουες
704 1622 814 1655 αὐτῶν,
826 1622 867 1649 σὺ
884 1623 941 1650 siit-

1031 1613 1114 1641 Veus.
1130 1614 1156 1641 8.
1173 1613 1284 1640 Domine
1300 1613 1369 1640 Deus
1388 1616 1489 1643 noster,
1504 1615 1532 1637 tu
1552 1609 1713 1638 exn-diebus
1725 1616 1782 1641 eos,

151 1666 243 1699 λατος
262 1666 364 1700 ὲγίνου
377 1666 489 1700 αὐτοῖς,
505 1667 553 1694 καὶ
573 1667 699 1694 ἐκδικῶν
711 1667 761 1694 ἐπὶ
789 1667 890 1695 πάντα
908 1667 945 1695 τὰ

151 1710 370 1746 ἐπιτηδεύματα
383 1711 491 1738 αὐτῶν.
504 1712 551 1745 Σὺ,
564 1712 658 1748 φησὶν,
668 1713 682 1739 ὸ
699 1712 831 1748 ἡμέτερος
844 1712 946 1748 Κύριος

153 1755 201 1783 καὶ
215 1756 292 1789 Θεὸς,
308 1758 322 1784 6
334 1757 388 1784 τῶν
404 1757 489 1785 seven
504 1758 642 1793 βασιλεὺς,
658 1759 672 1786 ὁ
683 1758 728 1794 ὑφ’
747 1758 826 1794 ἡμῶν
841 1767 945 1795 κηρυτ-

153 1802 274 1838 τόμενος,
302 1804 381 1836 αὐτὸς
400 1802 472 1840 ἦσθα.
497 1805 512 1831 ὸ
537 1804 584 1831 καὶ
604 1804 658 1831 τῶν
678 1805 750 1840 ἀμφὶ
764 1804 881 1832 Μωῡσέα
898 1805 946 1832 καὶ

159 1847 265 1883 ’Δαρὼν
280 1849 425 1876 ὑπακούων
441 1870 449 1882 ,
464 1851 511 1877 καὶ
524 1850 574 1886 τῆς
585 1850 720 1885 τοσαύτης
731 1850 847 1883 ἐκείνοις
863 1859 946 1886 μετα-

152 1893 240 1926 διδοὺς
266 1895 432 1931 παρρησίας,
461 1896 626 1931 ἱλεουμένοις
647 1905 677 1923 σε
694 1896 764 1932 ὑπὲρ
778 1896 826 1923 τοῦ
842 1904 946 1931 παρορ-

152 1940 276 1975 γίζοντος
290 1941 366 1974 λαοῦ,
385 1942 431 1968 καὶ
452 1941 551 1977 πολλῆς
572 1943 670 1975 αὐτοὺς
686 1942 769 1975 ἀξιῶν
790 1942 943 1978 εὐμενείας.

153 1986 185 2013 Et
198 1987 253 2022 γὰρ
265 1987 311 2013 καί
323 1997 393 2014 τισιν
417 1988 569 2020 ἀσθενείαις
586 1989 764 2025 περιέπιπτον
780 1989 818 2021 ὡς
839 1988 946 2025 ἄνθρω⁴

155 2039 212 2064 ποι,
236 2032 274 2063 ὡς
296 2033 415 2068 Μωῦσῆς
440 2034 487 2060 ἐπὶ
510 2035 543 2069 τῇ
560 2034 675 2070 ἀπιστίᾳ
698 2034 746 2061 τοῦ
767 2034 877 2067 ὕδατος,
898 2034 946 2060 καὶ

161 2076 266 2112 ’Δαρὼν
274 2078 320 2104 ἐπὶ
329 2080 361 2113 τῇ
375 2079 545 2115 μοσχοποιίᾳ,
561 2081 604 2111 σὺ,
616 2080 654 2111 ὡς
666 2080 827 2115 παναγάθου
842 2080 945 2115 πατρὸς

157 2123 312 2157 πανάγαθος
334 2124 400 2155 υίὸς,
429 2125 507 2156 ἵλεως
532 2125 622 2157 αὐτοῖς
652 2126 752 2159 ὲγίνου,
778 2125 945 2161 συγγνώμην

156 2170 246 2204 νέμων
260 2171 293 2205 τῇ
311 2169 394 2205 θνητῇ
413 2170 548 2207 ἀσθενείᾳ.
564 2171 619 2198 Καὶ
636 2171 762 2198 ἐκδικῶν
782 2171 830 2199 ἐπὶ
848 2171 947 2199 πάντα

156 2216 192 2243 τὰ
212 2216 433 2251 ἐπιτηδεύματα
452 2216 561 2244 αὐτῶν.
578 2217 610 2244 Et
627 2218 674 2244 καὶ
690 2217 783 2249 ἔδοξάν
799 2227 836 2250 τι,
850 2217 944 2253 φησὶν,

158 2262 325 2298 ἁμαρτάνειν
349 2262 386 2294 ὡς
409 2262 557 2298 ἄνθρωποι,
574 2263 630 2289 ἀλλ’
648 2263 788 2295 ἐπαίδευες
802 2264 901 2295 αὐτοὺς
917 2264 945 2289 ὲν

158 2304 199 2338 οἷς
214 2307 338 2340 παιδείας
359 2307 474 2334 ἐδέοντο.
495 2308 639 2344 Ἦλὲγχετο
656 2308 710 2344 γὰρ
724 2310 770 2336 ὲπὶ
784 2309 830 2336 τοῦ
845 2310 945 2345 μόσχου

159 2353 319 2389 ἀμαρτήσας
340 2353 454 2389 Ἀαρὼν,
470 2354 517 2380 καὶ
530 2354 649 2389 Μωῡσῆς
666 2355 712 2381 ἐπὶ
730 2355 776 2381 τοῦ
788 2354 883 2385 ὕδατος
895 2354 946 2389 τῆς

159 2397 322 2432 ἀντιλογίας.

199 2443 321 2478 ἰ’ψοῦτε
340 2446 448 2479 Κύριον
467 2445 518 2472 τὸν
536 2445 609 2472 Θεὸν
627 2445 721 2480 ἡμῶν,
740 2445 789 2472 καὶ
813 2454 947 2480 apemtu-

157 2488 236 2516 νεῒτε
253 2490 297 2522 εἰς
322 2489 389 2523 ὅρος
405 2491 490 2523 ἅγιον
509 2491 613 2523 αὐτοῦ,
634 2492 678 2518 ὅτι
701 2491 785 2526 ἅγιος
801 2492 908 2525 Κύριος
931 2493 948 2519 ὁ

161 2535 232 2568 Θεὸς
246 2535 339 2569 ἡμῶν.
359 2537 447 2572 Μηδὲν
461 2537 598 2569 ταπεινὸν,
613 2538 690 2573 φησι,
712 2538 757 2564 καὶ
778 2537 946 2573 ἀνθρώπινον

161 2582 224 2616 περὶ
234 2581 280 2608 τοῦ
298 2581 400 2617 Κυρίου
414 2585 550 2617 φρονεῖτε·
568 2584 626 2610 ἀλλ’
644 2583 742 2618 ὑψοῦτε
760 2584 840 2610 αὑτὸν
857 2583 947 2619 ὑψηλὰ.

161 2625 224 2662 περὶ
256 2625 338 2652 αὐτοῧ
366 2626 536 2659 δοξάζοντες,
567 2628 613 2654 καὶ
646 2628 676 2655 τὸ
704 2628 842 2664 προσῆκον
871 2627 946 2663 αὺτῷ

160 2672 360 2707 προσενέγκατε
389 2672 480 2704 σέϐας.
497 2674 577 2709 Ὄρος
591 2674 619 2700 δὲ
637 2674 713 2708 ἅγιον
736 2674 821 2701 πάλαι
848 2673 897 2709 μὲν
915 2673 946 2700 τδ

161 2716 230 2744 Σιὼν
261 2718 394 2750 ἐκαλεῖτο,
418 2719 465 2745 νῦν
492 2719 520 2746 δὲ
553 2720 602 2754 τῆς
623 2720 787 2754 θεογνωσίας
809 2720 840 2747 τὺ
861 2719 944 2755 ὗψος’

160 2762 232 2790 οὕτω
237 2763 291 2799 γὰρ
300 2764 346 2790 καὶ
360 2764 473 2795 Ἡσαΐας
483 2764 529 2791 καὶ
537 2764 655 2799 Μιχαίας
669 2765 815 2791 ὲθέσπισαν
823 2773 831 2780 ·
841 2766 947 2792 Ἔσται

160 2810 196 2839 ἄν
203 2810 268 2843 ταῖς
277 2810 418 2844 ἐσχάταις
433 2810 552 2844 ἡμέραις
559 2810 689 2845 ἐμφανὲς
695 2810 727 2837 τὸ
738 2811 806 2844 ὅρος
819 2811 929 2844 Κυρίου
938 2819 944 2825 ·

199 2901 223 2916 "‘
241 2899 319 2927 toan.
339 2909 364 2933 v.,
384 2900 428 2927 46.
467 2900 488 2915 ’⁸
510 2900 550 2927 lea
584 2907 619 2930 ιι,
637 2899 654 2925 9.
668 2907 675 2932 ς
690 2898 771 2926 )lich.
789 2907 824 2931 tv,
848 2899 872 2925 i.

997 1665 1025 1687 tu
1038 1661 1168 1695 propitius
1181 1660 1257 1694 fuisti
1268 1660 1318 1691 eis,
1330 1664 1355 1686 et
1369 1657 1498 1685 ulciscens
1515 1658 1541 1683 iu
1555 1664 1642 1683 omnes
1657 1655 1784 1683 adiiweno

997 1707 1080 1734 tiones
1091 1714 1194 1734 eorum.
1213 1705 1265 1738 'l‘u,
1283 1705 1381 1740 inquit,
1398 1703 1532 1731 Dominus
1544 1708 1571 1731 et
1586 1702 1656 1729 Deus
1678 1705 1782 1733 noster,

996 1753 1116 1781 omnium
1130 1760 1189 1785 rex,
1209 1751 1283 1787 quia
1300 1750 1381 1779 nobis
1395 1749 1566 1786 praedicaris,
1579 1748 1638 1783 ipse
1650 1755 1713 1775 eras
1736 1747 1784 1784 qui

996 1799 1116 1833 Moysem
1134 1803 1162 1826 et
1189 1798 1324 1825 Aaroncm
1354 1796 1529 1829 exaudiebas,
1547 1803 1578 1822 ac
1601 1798 1703 1822 tantam
1729 1793 1784 1820 illis

997 1845 1117 1872 addebas
1133 1844 1270 1874 liduciam,
1285 1850 1347 1870 cum
1370 1848 1396 1869 to
1410 1841 1587 1869 exacerbanti
1604 1839 1705 1875 populo
1720 1845 1784 1873 pro~

996 1891 1094 1926 pitium
1120 1889 1275 1919 redderent,
1291 1888 1392 1923 quique
1407 1887 1468 1914 illos
1484 1886 1571 1913 multa
1595 1883 1784 1912 benevolentia

997 1936 1156 1972 dignabare.
1173 1935 1287 1962 Etiamsi
1303 1933 1375 1961 enim
1399 1933 1426 1960 in
1450 1931 1584 1967 quasdam
1611 1929 1785 1957 inﬁrmitates

997 1982 1164 2013 laberentur,
1183 1984 1277 2015 utpote
1291 1975 1664 2012 hornines,quemadmodum
1680 1973 1785 2009 Moyses

996 2028 1025 2056 in
1042 2027 1260 2056 incredulitatem
1273 2026 1347 2054 circa
1364 2032 1474 2060 aquam,
1493 2027 1520 2051 et
1533 2023 1622 2049 Aaron
1636 2021 1663 2048 in
1681 2019 1786 2048 conﬂa-

997 2074 1099 2101 tionem
1126 2072 1222 2104 vituli;
1242 2077 1270 2099 tu
1291 2076 1321 2099 ut
1331 2070 1427 2106 optimi
1452 2069 1538 2105 patris
1556 2067 1676 2103 optimus
1700 2066 1783 2099 (ilius,

997 2119 1132 2154 propitius
1147 2118 1214 2153 ipsis
1237 2125 1310 2149 eras,
1327 2124 1358 2144 ac
1385 2116 1492 2143 mortali
1514 2113 1665 2141 inﬁrmitati
1677 2111 1783 2139 veniam

997 2163 1178 2191 concedebas.
1209 2161 1243 2189 Et
1268 2162 1394 2189 ulciscens
1420 2161 1447 2187 in
1472 2167 1560 2187 omnes
1587 2157 1784 2185 adinventiunes

997 2217 1098 2236 eorum.
1123 2208 1249 2240 Etiamsi,
1264 2207 1364 2243 inquit,
1380 2211 1472 2241 utpote
1489 2205 1625 2236 homines,
1646 2204 1673 2231 in
1693 2203 1785 2238 aliquo

998 2263 1110 2290 peccare
1125 2254 1298 2286 viderentur,
1311 2257 1339 2280 tu
1351 2253 1505 2288 castigabas
1518 2259 1578 2282 eos,
1593 2258 1654 2278 cum
1669 2249 1786 2284 castiga~

998 2302 1072 2329 tione
1089 2309 1158 2336 opus
1173 2305 1242 2329 erat.
1257 2300 1324 2327 Nam
1350 2300 1383 2327 de
1400 2298 1517 2327 conﬂato
1532 2297 1617 2324 vitulo
1632 2297 1724 2324 Aaron
1742 2303 1785 2322 re-

998 2348 1193 2382 darguebatur,
1211 2350 1239 2374 ct
1255 2346 1362 2381 Moyses
1382 2344 1453 2380 apud
1473 2351 1571 2379 aquam
1591 2340 1786 2370 contradictio-

999 2396 1050 2422 nis.
1695 2394 1698 2398 ’

1036 2443 1117 2469 Vens.
1143 2441 1169 2468 9.
1195 2439 1318 2467 Exaltate
1334 2437 1474 2465 Dominum
1502 2436 1587 2463 Deum
1613 2439 1743 2465 nostrum,
1759 2437 1784 2460 et

999 2489 1108 2516 adat-ate
1125 2488 1152 2514 in
1172 2490 1257 2513 nwute
1273 2490 1364 2514 sancta
1383 2484 1453 2519 ejus,
1466 2482 1590 2519 quoniam
1605 2485 1712 2508 sanctus
1730 2478 1785 2505 Do-

1001 2535 1087 2560 minus
1104 2533 1172 2559 Deus
1194 2536 1292 2559 noster.
1308 2530 1390 2561 Nihil,
1416 2529 1514 2565 inquit,
1530 2526 1633 2555 humile
1647 2529 1674 2553 et
1689 2526 1785 2551 huma-

1000 2587 1065 2607 num
1077 2579 1111 2606 de
1120 2578 1235 2605 Domino
1257 2577 1373 2608 sentite;
1400 2575 1449 2603 sed
1472 2573 1579 2602 excelsa
1595 2572 1629 2599 de
1648 2570 1694 2598 illo
1709 2568 1786 2604 cogi-

1000 2630 1090 2652 tantes
1108 2625 1197 2659 ipsutn
1222 2623 1349 2653 exaltate,
1380 2622 1488 2656 ipsique
1508 2618 1631 2646 debitum
1657 2615 1785 2644 exhibete

999 2672 1113 2699 cultum.
1127 2670 1204 2698 Mons
1218 2673 1308 2697 autem
1324 2673 1437 2699 sanctus
1451 2667 1515 2693 olim
1541 2665 1606 2692 Sion
1622 2662 1784 2692 vocabatur,

1000 2724 1073 2744 nunc
1089 2724 1154 2744 vero
1166 2715 1264 2742 divinae
1290 2713 1442 2742 sublimitas
1457 2710 1642 2746 cognitionis;
1658 2707 1696 2735 ita
1710 2705 1784 2733 enim

1001 2763 1086 2791 Isaias
1100 2766 1127 2790 et
1150 2761 1276 2789 Michteas
1289 2758 1431 2787 vaticinati
1444 2760 1509 2786 sunt
1525 2764 1531 2781 :
1550 2754 1608 2782 Erit
1626 2754 1654 2780 in
1671 2751 1784 2780 novissi-

1002 2809 1050 2836 mis
1070 2808 1160 2836 diebus
1176 2807 1332 2843 manifestus
1355 2813 1428 2832 mons
1451 2802 1556 2831 Domini
1565 2801 1606 2834 "',
1622 2799 1649 2827 id
1665 2802 1718 2831 est,
1735 2797 1784 2826 Dei

0 3211 1796 3572 —
