3954 7146
469 442 610 502 1230

1131 440 1402 499 EUSEBll
1432 439 1910 499 ωεεΑιιιεΝςιιε
1941 441 2043 500 0P1

2146 441 2308 500 PARS
2335 439 2426 498 111.
2467 470 2538 482 -
2577 438 2984 498 EXEGETICA.

465 564 710 634 ρυειιίιίο
750 570 936 630 aperta
988 560 1245 617 omnibus
1278 561 1403 618 erit.
1456 557 1592 616 Nam
1657 563 1774 634 ipse
1821 579 2039 635 quoque

2146 564 2416 620 τουτέστιν
2455 564 2489 634 ἡ
2518 561 2615 616 τοῦ
2647 561 2784 618 Θεοῦ
2828 561 3030 632 γνῶσις
3059 563 3194 617 πᾶσι
3233 562 3364 635 δήλη
3404 563 3758 634 γενήσεται.

467 654 766 726 A-postolus
811 659 1054 710 montem
1108 651 1240 708 Sion
1286 653 1629 724 spiritualem
1680 659 1933 727 agnovit;
1965 659 2044 714 ait

467 747 671 818 quippe
704 762 720 798 ι
757 745 1068 802 Accessistis
1097 745 1168 800 ad
1221 756 1450 802 montem
1495 745 1647 810 Sion,
1681 757 1730 803 et
1777 750 2042 806 civitatem

471 837 568 894 Dei
591 839 824 901 uiuentis,
874 836 1176 893 Jerusalem
1217 839 1532 894 caelestem'.
1569 838 1834 896 Jubemur
1861 843 2043 915 itaque

471 945 569 1000 pro
596 931 793 986 collata
822 930 982 987 nobis
1012 946 1043 986 a
1072 930 1184 988 Deo
1203 933 1518 1003 cognitione
1537 934 1642 1004 ipsi
1666 935 2040 994 adorationem

467 1015 710 1075 offerre:
753 1019 846 1090 qui
906 1018 1173 1078 Dominus
1198 1033 1386 1077 noster
1431 1031 1537 1090 est,
1571 1025 1699 1094 quia
1753 1042 1853 1082 nos
1899 1031 2040 1084 servi

469 1110 592 1181 ejus
619 1127 841 1180 sumus;
873 1120 931 1168 et
962 1112 1108 1168 Deus
1166 1113 1295 1168 item
1337 1122 1439 1179 est
1478 1122 1665 1186 utpote
1697 1119 1898 1188 Opifex.
1945 1125 2042 1173 At-

469 1218 578 1276 que
600 1204 676 1260 ita
702 1205 975 1277 spinituali
1001 1220 1154 1261 more
1178 1207 1448 1274 psalmum
1475 1209 1864 1280 intelligamus.

631 1297 956 1371 PSALMUS
993 1314 1059 1370 IN
1099 1314 1648 1375 CONFESSIONEM.
1693 1317 1878 1378 xcnx.

541 1403 709 1464 Vens.
747 1406 801 1472 2,
835 1407 889 1462 3.
951 1405 1188 1461 Jubilate
1261 1407 1506 1476 Domino,
1549 1413 1718 1466 omnis
1780 1421 1940 1468 terra.
1987 1413 2042 1469 Id

468 1508 576 1564 est,
601 1508 791 1572 gentes
821 1514 942 1570 qua:
987 1499 1041 1555 in
1089 1509 1232 1553 terra
1279 1508 1447 1555 sunt:
1481 1517 1602 1571 quae
1639 1503 1722 1557 liis
1752 1505 1934 1560 verbis
1973 1505 2042 1560 ad

470 1591 828 1665 pristinorum
874 1599 1221 1662 peccatorum
1271 1591 1675 1648 confessionem
1719 1606 2040 1660 evocantur,

473 1683 528 1738 in
558 1682 758 1753 quibus
795 1681 1015 1752 quando
1062 1683 1333 1738 idolorum
1381 1686 1555 1740 errori
1616 1687 1813 1742 dedila:
1863 1699 2042 1753 erant,

470 1772 876 1828 volutabantur.
909 1773 1274 1840 Quamobrem
1331 1778 1578 1846 psalmus
1617 1777 1916 1849 inscriptus
1961 1788 2046 1836 est

473 1863 541 1920 In
571 1866 972 1936 confessionem.
1014 1864 1218 1922 Servite
1263 1867 1492 1923 Domino
1530 1871 1586 1924 in
1622 1869 1834 1932 latitia,
1870 1871 2044 1940 ipsius

468 1958 601 2030 iugo
624 1973 720 2012 vos
758 1958 1161 2013 submittentes.
1194 1957 1427 2014 Perinde
1465 1975 1699 2032 namque
1732 1970 1815 2016 est
1839 1937 2044 2017 servire
2075 1937 2118 1993 Β

473 2050 598 2122 ipsi,
629 2057 794 2119 atque
845 2051 1050 2105 servire
1081 2049 1214 2114 luci,
1261 2059 1315 2104 et
1361 2052 1568 2106 servire
1611 2052 1756 2115 vitae,
1803 2054 2040 2118 veritati,

468 2141 698 2215 justitia:
724 2151 778 2197 et
813 2142 1089 2196 sanctitati
1124 2159 1137 2193 :
1176 2144 1288 2197 haec
1311 2144 1510 2214 quippe
1544 2145 1728 2199 omnia
1778 2145 2042 2201 Dominus

471 2245 574 2290 est.
611 2233 833 2289 Introite
862 2236 916 2288 in
958 2241 1236 2303 conspectu
1283 2235 1396 2304 ejus
1440 2239 1493 2290 in
1554 2238 1926 2294 exsultatione.
1985 2238 2041 2292 Si

470 2329 597 2399 quis
628 2338 810 2383 autem
839 2342 948 2383 non
1005 2330 1208 2384 serviat
1245 2330 1348 2400 ipsi
1399 2329 1454 2382 in
1509 2329 1716 2391 laetitia,
1748 2347 1816 2386 ne
1846 2332 2044 2385 audeat

467 2421 784 2492 conspectui
814 2419 933 2491 ejus
963 2437 1023 2476 se
1046 2423 1264 2484 sistere,
1296 2422 1463 2476 illotis
1493 2422 1722 2491 pedibus
1758 2425 1823 2478 ad
1860 2423 2046 2479 Eccle-

471 2512 611 2568 siam
635 2511 756 2580 ejus
791 2511 1082 2566 accedens.
1124 2509 1325 2567 Scitote
1352 2510 1602 2582 quoniam
1641 2510 1900 2566 Dominus
1931 2513 2045 2582 ipse

469 2602 709 2658 est‘Deus
739 2617 759 2658 :
785 2604 896 2674 ipse
925 2603 1047 2673 fecit
1067 2621 1184 2668 nos,
1213 2613 1262 2660 et
1285 2620 1387 2658 non
1416 2604 1516 2674 ipsi
1541 2620 1657 2668 nos,
1679 2605 1902 2674 populus
1925 2606 2043 2675 ejus

468 2705 884 2766 etouespascuw
927 2713 1063 2766 ejus.
1095 2696 1230 2751 Cum
1289 2697 1434 2752 enim
1493 2698 1806 2752 noverimus
1863 2701 2041 2768 Ipsum

469 2783 664 2853 Deum,
692 2788 870 2854 ipsum
898 2787 1184 2842 Dominum
1210 2802 1354 2856 esse,
1384 2793 1516 2841 tunc
1548 2802 1644 2858 per
1677 2787 1824 2841 illam
1855 2789 2045 2858 cogni-

468 2879 672 2934 tionem
697 2880 752 2934 in
778 2887 1130 2951 conspectum
1158 2881 1278 2949 ejus
1307 2879 1562 2950 ingressi,
1588 2880 1766 2950 ipsum
1792 2879 2042 2950 Opiﬁcem

469 2979 721 3030 nostrum
762 2988 886 3029 esse
931 2972 1332 3028 conﬁtebimur.
1373 2972 1529 3040 Quod
1588 2974 1733 3028 enim
1797 2989 1905 3028 non
1941 2989 2044 3028 nos

469 3065 572 3136 ipsi
620 3080 722 3124 nos
764 3064 1070 3131 faciamus,
1117 3066 1532 3140 etsi.auctores
1583 3064 1866 3119 videamur
1921 3079 2044 3120 esse

469 3156 839 3229 generationis
879 3156 1200 3218 liberorum,
1253 3156 1382 3210 hinc
1431 3157 1611 3226 palam
1655 3165 1762 3224 est,
1790 3155 1936 3226 quod
1974 3172 2042 3211 ex

471 3255 624 3320 patre
645 3256 698 3304 et
725 3256 898 3303 matre
922 3247 1089 3320 geniti
1109 3246 1214 3302 Job
1237 3255 1290 3302 et
1315 3247 1506 3311 David,
1557 3248 1716 3302 ambo
1746 3256 1929 3300 tamen
1959 3245 2043 3300 di-
2070 3277 2112 3335 ο

469 3347 598 3393 cant
628 3358 642 3394 :
675 3337 870 3393 Manus
903 3351 1006 3394 tua:
1027 3339 1259 3408 fecerunt
1287 3356 1366 3393 me
1401 3349 1449 3394 et
1477 3339 1870 3408 plasmaverunt
1903 3356 1982 3393 me
1998 3339 2040 3402 ',

470 3444 534 3485 ac
555 3429 802 3485 Ieremia:
831 3430 946 3501 ipse
991 3429 1136 3485 Deus
1167 3431 1241 3483 ait
1269 3447 1280 3480 :
1312 3430 1608 3498 Antequam
1663 3440 1710 3484 te
1759 3431 2045 3501 formarem

467 3517 524 3576 in
549 3529 717 3588 utero,
743 3522 860 3575 novi
896 3521 1000 3576 ιε’.
1035 3520 1167 3574 Nam
1202 3537 1448 3584 uxorem,
1475 3539 1597 3592 quin
1649 3539 1838 3578 errore
1884 3523 2045 3576 ducta

466 3610 589 3664 viro
615 3626 716 3666 suo
753 3611 969 3667 dicebat
1002 3629 1016 3666 :
1045 3611 1152 3666 Aut
1201 3611 1271 3664 da
1309 3611 1437 3665 mihi
1464 3612 1680 3673 liberos,
1727 3614 1812 3667 sin
1847 3614 2043 3676 minus,

470 3701 646 3755 occide
669 3719 748 3756 me
766 3701 809 3767 ⁸,
844 3703 950 3764 vir,
979 3716 1103 3757 cum
1133 3702 1354 3773 sapiens
1379 3708 1547 3766 esset,
1583 3703 1745 3758 docte
1797 3703 2048 3773 increpat

467 3789 558 3846 his
586 3793 768 3848 verbis
802 3807 815 3843 :
855 3790 1111 3862 Nunquid
1149 3807 1242 3861 pro
1266 3791 1376 3848 Deo
1397 3809 1488 3864 ego
1525 3791 1617 3845 tibi
1646 3809 1784 3858 sum,
1823 3795 1911 3864 qui
1937 3794 2049 3862 pri-

467 3881 607 3932 vavit
646 3886 694 3930 te
723 3877 901 3946 fructu
945 3875 1222 3931 ventris'?
1252 3877 1478 3932 Etiamsi
1526 3877 1672 3932 enim
1742 3887 1924 3947 patres
1973 3877 2051 3932 vi-

469 3970 702 4023 deantur
733 3969 935 4025 liberos
979 3984 1304 4041 procreare,
1332 3979 1386 4023 at
1417 3969 1560 4024 Deus
1597 3969 1720 4026 illos
1745 3971 1906 4025 cﬂicit
1939 3986 1951 4021 :
1983 3986 2047 4025 ac

470 4057 562 4115 ille
582 4059 798 4130 quidem
833 4075 999 4114 causa
1021 4069 1124 4123 est.
1155 4062 1232 4115 illi
1277 4077 1408 4117 vero
1446 4071 1832 4134 cooperantur,
1861 4071 2048 4133 utpote

469 4151 562 4222 qui
579 4150 761 4222 jussui
784 4150 904 4220 ejus
939 4152 1194 4222 primitus
1225 4151 1354 4207 dato
1393 4153 1794 4208 obsecundent.
1842 4154 2048 4220 Quam-

469 4243 658 4298 obrem
690 4242 848 4297 multi
881 4242 982 4296 etsi
1009 4241 1210 4297 liberos
1254 4243 1538 4312 suscipere
1585 4251 1896 4314 per0ptent,
1934 4259 2045 4298 non

469 4342 701 4405 possunt
746 4341 949 4389 tamen.
1010 4332 1372 4406 Symmachus
1417 4351 1551 4390 vero
1599 4337 1716 4389 ait:
1753 4334 1872 4404 Ipse
1921 4336 2047 4404 fecit

467 4441 587 4492 nos,
615 4443 719 4482 non
740 4428 1072 4483 exsistentes.
1099 4426 1214 4481 Nos
1233 4437 1406 4482 autem
1435 4429 1658 4497 populus
1687 4445 1901 4498 pascua:
1929 4429 2044 4499 ejus

466 4529 518 4574 et
537 4535 653 4575 oves
685 4537 872 4576 manus
900 4523 1069 4576 illius.
1103 4518 1200 4576 His
1226 4537 1356 4576 vero
1388 4537 1494 4575 non
1516 4523 1851 4577 dominatum
1883 4521 2046 4576 modo

469 4627 662 4678 suum;
720 4612 816 4668 sed
865 4613 1030 4666 etiam
1081 4611 1478 4681 providentiam
1541 4628 1694 4670 suam
1739 4611 2036 4666 indicavit:
2070 4652 2120 4712 Β

467 4720 579 4759 non
623 4705 801 4760 solum
845 4705 992 4759 enim
1044 4705 1310 4762 Dominus
1373 4715 1559 4762 uoster
1606 4703 1845 4768 est;sed
1875 4707 2041 4759 etiam

465 4805 655 4870 pastor
680 4813 805 4854 cum
837 4802 929 4859 sit,
985 4799 1124 4852 bona
1154 4798 1315 4853 nobis
1345 4813 1548 4868 pascua
1575 4796 1752 4852 oll‘ert.
1794 4794 1909 4850 Nos
1940 4813 2040 4849 au-

465 4901 570 4946 tem
615 4892 840 4962 populus
886 4891 1024 4961 ejus,
1070 4899 1258 4962 utpote
1288 4892 1624 4962 regis;oves
1683 4900 1863 4944 autem
1893 4889 2038 4959 ejus,

466 4994 654 5056 utpote
683 4985 920 5055 pastoris
959 5001 972 5036 :
1012 4985 1247 5055 populus
1279 4995 1427 5048 sunt,
1462 4984 1556 5055 qui
1588 4984 1842 5039 meliores
1862 4991 1916 5038 et
1945 4997 2036 5036 ra-

463 5073 875 5140 tionabiliores;
903 5089 1032 5129 oves
1082 5083 1288 5141 autem,
1321 5075 1414 5145 qui
1469 5075 1537 5130 iis
1571 5073 1861 5130 inferiores
1885 5081 2034 5143 sunt,

463 5173 520 5220 et
549 5165 1066 5220 irrationabiiiorem
1098 5166 1345 5222 ordinem
1369 5166 1643 5230 obtinent,
1683 5183 1862 5238 neque
1893 5167 2038 5222 divi-

465 5274 660 5314 norum
710 5259 1060 5313 oraculorum
1110 5261 1268 5330 periti
1315 5268 1480 5327 sunt;
1517 5261 1818 5316 secundum
1853 5260 2028 5316 illud:

465 5349 658 5404 Erravi
686 5349 821 5403 sicut
844 5350 952 5404 ovis
980 5367 1096 5421 qua:
1121 5352 1271 5419 periit
1289 5352 1328 5406 ⁸.
1354 5351 1620 5406 Cmteruin
1641 5368 1766 5408 cum
1787 5353 2032 5408 omnium

466 5438 625 5495 Deus.
642 5449 697 5496 et
729 5444 982 5497 conditor
1009 5443 1103 5506 sit,
1139 5443 1320 5498 omnia
1355 5452 1536 5508 vocat,
1571 5446 1752 5499 omnia
1777 5445 1880 5500 sibi
1907 5460 2036 5517 pro-

469 5528 584 5600 pria
605 5529 784 5587 edicit.
813 5531 1065 5589 Homines
1083 5535 1283 5605 quippe
1309 5544 1360 5589 et
1379 5535 1623 5604 jumenta
1646 5538 1816 5592 salvat
1834 5537 1976 5592 Deus
1992 5539 2035 5604 ";

471 5625 594 5682 illos
614 5628 858 5698 quidem,
883 5636 940 5683 ut
978 5632 1238 5702 pupulum
1278 5646 1474 5698 suum;
1513 5633 1606 5686 illa
1639 5649 1787 5696 vero,
1828 5641 1886 5686 ut
1907 5648 2038 5688 oves

471 5731 665 5776 manus
693 5734 825 5776 suae.

542 5835 557 5864 '
594 5831 908 5910 _chr.ixu,
939 5838 1028 5893 2'2.
1107 5841 1127 5871 ¹
1166 5838 1311 5910 Psal.
1344 5857 1510 5896 cxvii:
1533 5883 1548 5906 ,
1585 5841 1686 5905 75;
1717 5841 1820 5898 Job
1851 5858 1984 5910 vm,
2019 5842 2105 5897 10.

2147 653 2268 714 οἶδε
2290 657 2398 730 γὰρ
2429 656 2523 710 καὶ
2546 657 2576 710 ό
2615 653 2935 719 ’Δπόστολος
2957 654 3148 726 νοητὸν
3170 654 3296 727 ὄρος
3323 652 3463 708 Σιών
3481 671 3495 684 ·
3525 657 3760 722 Προσ-

2143 750 2478 818 εληλύθατε
2504 747 2615 820 γὰρ
2634 746 2755 816 ὄρει
2803 745 2957 802 Σιὼν
2989 746 3087 800 καὶ
3117 747 3289 801 πόλει
3332 746 3480 800 Θεοῦ
3509 745 3764 814 ζῶντος

2156 838 2545 908 Ἰερουσαλὴμ
2599 837 2956 906 ἐπουρανίῳ.
3019 835 3483 908 Προστετάγμεθα
3546 835 3758 889 τοίνυν

2143 930 2288 986 κατὰ
2318 932 2416 1002 τὴν
2442 930 2830 1000 δοθεῖσανῄιῖν
2855 928 2958 984 ὑπὸ
2994 926 3130 980 Θεοῦ
3162 926 3363 996 γνῶσιν
3395 925 3762 999 προσφέρειν

2143 1021 2294 1094 αὐτῷ
2328 1021 2726 1093 προσκύνησιν·
2773 1021 2832 1084 ὃς
2869 1021 2962 1074 καὶ
3010 1018 3215 1088 Κύριος
3258 1019 3416 1090 ἡμῶν
3470 1020 3632 1073 ἐστιν
3662 1018 3754 1082 ὥς

2144 1112 2366 1175 δούλων,
2396 1113 2488 1167 καὶ
2515 1112 2648 1175 Θεὸς
2669 1113 2746 1176 ὡς
2781 1113 3044 1182 πλάστης.
3088 1111 3228 1164 Ἀλλ’
3255 1111 3394 1166 οὓτω
3435 1111 3542 1184 μὲν
3567 1129 3748 1165 πνευ-

2149 1200 2424 1273 ματικώτε
2433 1219 2524 1274 ρον
2547 1201 2638 1256 τὸν
2660 1201 2871 1272 ψαλμὸν
2904 1203 3218 1274 νοήσαιμεν.

2357 1318 2655 1372 ΨΑΛΜΟΣ
2686 1317 2793 1370 ΕΙΣ
2816 1317 3360 1372 ΕΞΟΜΟΛΟῙἮΣῙΝ.
3394 1316 3513 1385 ιβ’.

2228 1408 2596 1474 Ἀλαλάξατε
2626 1407 2704 1474 τῷ
2740 1409 2933 1477 Κυρίῳ
2970 1408 3137 1464 πᾶσα
3164 1411 3201 1476 ἠ
3236 1408 3338 1478 τῆ.
3369 1410 3646 1463 Τουτὲστι
3673 1411 3750 1465 τὰ

2145 1501 2241 1555 ἐπὶ
2260 1503 2363 1572 γῆς
2397 1499 2521 1572 ἔθνη
2543 1517 2556 1530 ο
2591 1501 2685 1554 καὶ
2715 1500 2803 1554 διὰ
2827 1499 3030 1553 τούτων
3060 1499 3319 1570 κέκληται
3351 1497 3445 1552 ἐπὶ
3475 1495 3752 1567 ἐξομολὸ-

2144 1610 2308 1665 γησιν
2335 1593 2444 1646 τῶν
2478 1591 2756 1664 προτέρων
2811 1591 3245 1662 ἁμαρτημάτων,
3296 1591 3354 1642 ὲν
3392 1584 3477 1652 οἷς
3517 1587 3752 1644 ἐκαλιν-

2144 1684 2332 1740 δοῦντο
2379 1685 2468 1738 ὅτε
2524 1686 2592 1755 τῇ
2642 1682 3012 1756 εἰδωλολάτρῳ
3066 1685 3356 1755 προσεῖχον
3398 1681 3612 1752 πλάνῃ.
3656 1679 3754 1734 Διὸ

2147 1774 2551 1846 ἐπιγέγραπται
2605 1773 2816 1844 ψαλμὸς
2841 1777 2946 1841 Εἰς
2982 1774 3440 1844 ἐξομολόγησιν.
3471 1774 3752 1827 400.186-

2146 1881 2295 1919 σατε
2329 1863 2408 1930 τῷ
2439 1865 2638 1932 Κυρίῳ
2674 1863 2744 1918 ἐν
2797 1865 3166 1934 εὐφροσύνῃ,
3210 1862 3576 1926 ὑποϐαλόντες
3619 1863 3754 1914 ἑαυ-

2145 1957 2273 2020 τοὺς
2294 1955 2373 2028 τῷ
2405 1956 2572 2011 αὑτοῦ
2618 1955 2791 2027 ζυγῷ.
2829 1958 3054 2028 Ὅμοιον
3081 1956 3189 2028 γάρ
3226 1956 3342 2009 ἐστι
3371 1955 3431 2009 τὸ
3460 1953 3754 2008 δουλεύειν

2145 2050 2294 2121 αὐτῷ
2326 2049 2402 2120 τῷ
2460 2047 2731 2103 δουλεύειν
2784 2048 2955 2116 φωτὶ,
3020 2047 3112 2100 καὶ
3160 2045 3428 2100 δουλεύειν
3473 2045 3594 2118 ζωῇ
3654 2047 3753 2100 καὶ

2143 2139 2393 2212 ἀληθεία,
2438 2140 2530 2193 καὶ
2571 2138 2888 2212 δικαιοσύνῃ
2928 2139 3022 2191 καὶ
3066 2137 3358 2208 ἁγιασμῷο
3397 2139 3584 2192 πάντα
3633 2137 3754 2209 γὰρ

2143 2231 2318 2286 ταῦτά
2349 2234 2497 2286 ἐστιν
2535 2234 2564 2286 ὁ
2619 2231 2842 2303 Κύριος.
2893 2231 3210 2285 Εῐσέλθετε
3248 2229 3506 2284 ἐνώπιον
3543 2229 3754 2286 αὐτοῦ

2144 2323 2614 2394 ὲνὰγαλλίάσει.
2661 2325 2723 2378 Et
2767 2325 2824 2378 δέ
2870 2342 2954 2388 τις
2993 2324 3066 2396 μὴ
3095 2323 3333 2377 δουλεύοι
3365 2323 3515 2395 αύτῷ
3557 2326 3628 2377 ὲν
3660 2326 3754 2378 εὑ-

2145 2414 2410 2486 φροσύνῃ,
2446 2414 2522 2485 μὴ
2549 2413 2802 2485 τολμάτω
2838 2413 3092 2484 παριέναι
3133 2411 3363 2466 ἐνώπιον
3399 2410 3594 2477 αὑτοῦ,
3629 2411 3756 2465 ἁνι-

2143 2520 2302 2567 πτοις
2355 2506 2481 2556 ποσὶ
2519 2503 2880 2574 παραϐάλλων
2914 2506 2993 2566 εἰς
3027 2502 3125 2574 τὴν
3165 2503 3498 2574 Ἐκκλησίαν
3542 2502 3746 2556 αὑτοῦ.

2144 2595 2347 2649 Γνῶτε
2387 2594 2477 2649 ὅτι
2527 2597 2743 2662 Κύριος
2783 2595 2967 2660 αὐτός
3011 2595 3183 2646 ἐστιν
3229 2597 3262 2648 d
3325 2595 3468 2660 Θεός
3493 2610 3508 2624 ο
3547 2593 3750 2661 αὐτὸς

2143 2681 2435 2751 ἐποίησεν
2484 2681 2660 2752 ἡμᾶς,
2709 2683 2809 2736 καὶ
2851 2685 2963 2752 οὐχ
2995 2683 3184 2749 ἡμεῖς,
3229 2684 3380 2750 ,Ιαὸς
3404 2683 3598 2746 afuat?
3641 2683 3745 2738 καὶ

2143 2775 2409 2842 πρόϐατα
2434 2773 2624 2844 νομῆς
2644 2773 2848 2829 αὐτοῦ.
2881 2775 3048 2828 Ὅταν
3079 2775 3188 2847 γὰρ
3210 2774 3423 2845 γνῶμεν
3452 2774 3538 2827 ὅτι
3572 2773 3746 2839 αὑτὸς

2143 2867 2276 2932 Θεός
2307 2869 2474 2934 ἐστιν,
2502 2868 2664 2932 αὐτὸς
2688 2871 2716 2922 ό
2751 2868 2972 2940 Κύριος,
3017 2868 3081 2922 τὸ
3108 2866 3359 2938 τηνικάδε
3425 2865 3594 2920 αὐτοῦ
3642 2865 3742 2919 τοῦ

2143 2959 2432 3030 γινώσκειν
2455 2958 2684 3013 ἐνώπιον
2710 2959 2873 3012 αὑτοῦ
2903 2957 3342 3030 εἰσεληλυθότες,
3371 2958 3468 3012 καὶ
3501 2956 3743 3030 ποιητὴν

2145 3052 2352 3106 ἑαυτῶν
2371 3051 2774 3123 ὁμολογήσομεν
2791 3051 2969 3105 αὐτόν.
2996 3051 3118 3104 Ὅτι
3133 3050 3190 3104 δὲ
3207 3051 3303 3120 οὐχ
3324 3052 3483 3121 ἡμεῖς
3507 3051 3741 3113 ἑαυτοὺς

2146 3145 2428 3216 ποιοῦμεν,
2448 3144 2549 3197 κᾶν
2577 3145 2739 3197 αἴτιοι
2763 3143 3006 3214 δοκῶμεν
3029 3142 3315 3213 τυγχάνειν
3344 3143 3447 3213 τῆς
3469 3142 3566 3195 τῶν
3590 3141 3733 3196 παῖ-

2143 3238 2247 3292 δων
2277 3237 2559 3306 γενέσεως,
2611 3235 2792 3306 δῆλον
2827 3235 3110 3289 ἐντεῦθεν
3140 3239 3203 3290 ἐκ
3248 3235 3455 3308 πατρὸς
3487 3235 3588 3306 γὰρ
3627 3235 3736 3288 καὶ

2152 3330 2358 3403 μητρὸς
2399 3330 2678 3399 γενόμενοι
2717 3327 2837 3382 Ἰὼϐ
2884 3329 2975 3380 καὶ
3025 3326 3208 3391 Δαυῖδ,
3253 3328 3416 3397 φασὶν
3456 3327 3735 3399 ἑκάτεροι.

2145 3425 2215 3478 Αἱ
2243 3420 2435 3491 χεῖρές
2460 3436 2576 3475 σου
2625 3419 2922 3487 ἐποίησάν
2949 3435 3024 3488 με
3071 3419 3168 3472 καὶ
3196 3417 3476 3474 ἕπλασάν
3503 3436 3608 3490 με·
3637 3420 3738 3473 καὶ

2146 3513 2283 3586 πρὸς
2323 3512 2592 3585 Ἱερεμίαν
2625 3510 2784 3575 αὐτὸς
2810 3513 2838 3564 ὸ
2869 3509 3020 3573 Θεὸς,
3074 3509 3194 3578 Πρὸ
3242 3509 3349 3564 τοῦ
3387 3527 3465 3580 με
3499 3507 3738 3564 πλάσαι

2147 3621 2220 3659 σε
2249 3605 2320 3657 ἐν
2342 3605 2557 3670 κοιλίᾳ,
2605 3603 2932 3672 ἐπίσταμαί
2965 3619 3059 3657 σε.
3097 3602 3176 3673 Τῇ
3209 3601 3338 3671 γοῦν
3376 3602 3740 3673 ἐσφαλμένως

2146 3695 2375 3768 λεγούσῃ
2397 3695 2474 3768 τῷ
2495 3695 2751 3767 ἀνδρὶ,“Ὴ
2769 3694 2872 3761 δός
2899 3712 2999 3764 μοι
3031 3695 3231 3759 τέκνα,
3263 3697 3313 3748 el
3347 3693 3416 3748 δὲ
3441 3694 3553 3764 μὴ,
3583 3695 3730 3748 ἀετό-

2146 3791 2383 3845 κτεινόν
2397 3807 2496 3859 με,
2531 3789 2689 3858 σοφὸς
2704 3787 2782 3841 ῶν
2818 3790 2847 3841 ό
2892 3789 3057 3862 ἀνὴρ,
3095 3787 3440 3858 δογματικῶς
3475 3789 3734 3859 ἐπιτιμᾷ,

2145 3884 2242 3952 Μὴ
2267 3882 2400 3936 ἀντὶ
2439 3881 2587 3935 Θεοῦ
2632 3896 2730 3934 σοι
2765 3879 2883 3950 εἰμὶ
2912 3878 3046 3950 ἐγὼ,
3080 3879 3148 3947 ὃς
3165 3877 3458 3948 ἐστέρησέ
3484 3894 3562 3934 σε
3595 3897 3738 3947 καρ-

2145 3969 2265 4024 πὸν
2285 3970 2556 4033 κοιλίας-ς
2581 3969 2642 4022 Εἰ
2673 3969 2779 4041 γὰρ
2805 3967 2900 4022 καὶ
2927 3968 3174 4022 δοκοῦσιν
3199 3970 3248 4022 οἱ
3291 3970 3526 4040 πατέρες
3561 3971 3737 4025 ποιεῖν

2145 4062 2212 4117 τὰ
2234 4061 2418 4124 τέκνα,
2457 4061 2572 4116 ἀλλ’
2603 4057 2696 4115 οὖν
2737 4062 2765 4113 ὁ
2813 4060 2945 4125 Θεὸς
2995 4059 3166 4114 ταῦτα
3196 4063 3364 4114 ποιεῖ’
3402 4062 3498 4115 καὶ
3548 4062 3578 4113 ό
3633 4059 3737 4132 μὲν

2145 4155 2334 4218 αἴτιος,
2369 4155 2417 4208 οἱ
2440 4154 2496 4207 δὲ
2523 4153 2804 4220 συναίτιοι,
2839 4153 2916 4217 ὡς
2947 4152 3025 4225 τῷ
3051 4153 3108 4220 ἐξ
3138 4153 3311 4224 ἀρχῆς
3345 4151 3512 4206 αὐτοῦ
3544 4153 3734 4207 6mm-

2144 4245 2360 4310 νοῦντες
2388 4246 2789 4319 προστάγματι.
2819 4244 2918 4298 Διὰ
2948 4244 3107 4298 τοῦτο
3157 4244 3359 4306 πολλοὶ,
3392 4244 3571 4299 καίτοι
3610 4248 3734 4300 sm-

2147 4338 2444 4410 Θυμοῦντες
2477 4337 2832 4401 παιδοποιεῖν,
2861 4338 2921 4390 ού
2951 4335 3226 4392 δύνανται.
3264 4336 3320 4390 Ὀ
3349 4337 3406 4390 δὲ
3436 4337 3730 4409 Σύμμαχός

2145 4451 2335 4504 φησιν,
2389 4431 2584 4498 Αὐτὸς
2618 4431 2907 4497 ἐποίησεν
2950 4429 3110 4500 ἡμᾶς
3150 4433 3262 4484 οὐκ
3315 4430 3524 4496 ὄντας·
3559 4429 3732 4500 ἡμεῖς

2144 4525 2213 4578 δὲ
2247 4523 2399 4591 λαὸς
2424 4522 2616 4594 νομῆς
2648 4521 2835 4577 αὐτοῦ
2873 4523 2970 4576 καὶ
3004 4522 3268 4592 πρόϐατα
3292 4521 3491 4592 χειρὸς
3520 4521 3727 4576 αὐτοῦ.

2146 4617 2243 4670 Διὰ
2292 4615 2496 4670 τούτων
2539 4615 2599 4668 οὐ
2644 4615 2803 4686 μόνον
2831 4613 2929 4685 τὴν
2971 4613 3307 4676 δεσποτείαν,
3347 4613 3484 4667 ἀλλὰ
3514 4617 3609 4668 καὶ
3631 4613 3731 4686 τὴν

2100 4698 2114 4778 ί
2146 4698 2472 4780 κηδεμονίαν
2505 4705 2830 4779 ἐγνώρισενο
2855 4707 2915 4760 οὐ
2947 4705 3107 4778 μόνον
3139 4705 3247 4778 γὰρ
3277 4707 3309 4776 ἡ
3319 4705 3435 4776 μῶν
3465 4705 3731 4779 δεσπότης

2146 4803 2316 4864 ἐστὶν,
2348 4799 2484 4854 ἀλλὰ
2508 4801 2602 4853 καὶ
2621 4799 2844 4871 ποιμὴν,
2867 4799 2965 4870 τὴν
2990 4799 3199 4870 ἀγαθὴν
3223 4800 3255 4870 ἡ
3265 4799 3380 4870 μῶν
3403 4799 3731 4872 προσφέρω-ι

2145 4896 2338 4966 νομήν.
2393 4892 2584 4964 Ἡμεῖς
2622 4891 2691 4946 δὲ
2711 4893 2861 4959 λαός
2903 4891 3112 4958 αὑτοῦ,
3151 4892 3227 4956 ὡς
3267 4892 3554 4964 βασιλέως,
3603 4890 3730 4964 πρό-

2145 4985 2286 5040 ϐατα
2321 4985 2377 5038 δὲ
2402 4985 2478 5050 ὡς
2507 4985 2763 5056 ποιμένος
2782 5001 2796 5015 ο
2826 4984 2955 5047 λαὸς
2982 4986 3030 5037 οῖ
3065 4985 3344 5056 κρείττους
3373 4985 3467 5038 καὶ
3499 4983 3731 5051 λογικῶ-

2143 5096 2291 5150 τεροι
2311 5095 2322 5108 ⁸
2357 5076 2604 5150 πρόϐατα
2616 5077 2665 5130 οἱ
2687 5076 3107 5147 ὑποϐεϐηκότες,
3132 5077 3228 5130 καὶ
3254 5077 3354 5148 τὴν
3385 5076 3728 5148 ἀλογωτέραν

2145 5172 2297 5236 τάξιν
2344 5170 2655 5240 ἐπέχοντες,
2696 5169 2894 5238 καὶμὴ
2954 5170 3011 5221 ὲν
3039 5168 3206 5239 πείρᾳ
3246 5167 3354 5223 τῶν
3379 5167 3537 5222 θείων
3576 5169 3726 5230 ὅντες

2143 5262 2370 5330 λογίων·
2407 5261 2549 5316 κατὰ
2589 5262 2670 5324 τὸ,
2715 5259 3097 5329 Ἐπλίινήθην
3144 5261 3223 5326 ὡς
3241 5261 3538 5328 πρόϐατον
3577 5259 3723 5312 ἀπο-

2141 5357 2358 5422 λωλός.
2419 5355 2565 5427 Πλὴν
2613 5353 2748 5407 ἀλλὰ
2803 5355 3022 5407 πάντων
3075 5351 3204 5416 Θεὸς
3237 5352 3312 5404 ῶν
3345 5352 3438 5406 καὶ
3473 5349 3718 5421 ποιητὴς,

2144 5450 2324 5503 πάντα
2344 5447 2497 5502 καλεῖ
2533 5447 2628 5500 καὶ
2665 5443 3039 5510 ὲξοικειοῦται.
3081 5441 3454 5512 Ἀνθρώπους
3490 5443 3595 5516 γὰρ
3623 5443 3720 5497 καὶ

2144 5540 2334 5608 κτήνη
2393 5536 2560 5599 σώζει
2601 5541 2634 5591 ό
2669 5538 2842 5603 Θεός·
2883 5538 3009 5600 τοὺς
3040 5537 3160 5608 μὲν,
3192 5536 3265 5599 ὡς
3294 5536 3420 5590 λαὸν
3442 5535 3626 5600 αὐτοῦ,
3653 5535 3723 5590 τὰ

2144 5633 2221 5696 δὲ,
2251 5632 2327 5696 ὡς
2357 5630 2604 5704 πρόϐατα
2635 5629 2818 5702 χειρὸς
2845 5628 3028 5683 αὑτοῦ.

2181 5843 2203 5873 ³
2239 5842 2438 5899 .lcrem.
2476 5858 2534 5910 I,
2575 5841 2624 5898 5.
2707 5842 2727 5872 ⁸
2765 5840 2900 5897 Gen.
2958 5857 3094 5906 xxx,
3139 5844 3183 5892 ί.
3234 5839 3421 5909 Vulg,
3485 5835 3722 5909 otioquin

471 5904 688 5965 morior.
767 5909 789 5941 '
827 5909 956 5965 ibid.
993 5911 1046 5964 Ξ.
1125 5911 1144 5942 ⁸
1184 5909 1324 5970 Psal.
1361 5904 1542 5969 cxvni
1569 5904 1690 5970 176.
1765 5914 1793 5982 τ,
1829 5904 1981 5970 ΡεοΙζ
2012 5929 2043 5968 x

2146 5914 2272 5971 '.7.
