3954 7146
533 431 674 491 1245

1273 439 1541 499 EUSEBII
1568 441 2045 500 CESARIENSIS
2079 443 2229 500 OPP.
2266 445 2446 503 PARS
2486 445 2572 506 ill.
2611 480 2680 492 —
2714 449 3124 508 EXEGETICA.

3697 449 3874 506 1964

531 552 826 622 peccabatn
855 556 992 614 :sed
1029 557 1076 615 si
1123 559 1256 630 quid
1297 561 1432 616 mihi
1467 562 1788 620 humanitus
1819 562 2084 620 acciderit

2212 565 2259 617 εί
2283 565 2338 619 δὲ
2369 567 2463 620 καί
2494 585 2548 622 τι
2578 567 2774 642 συνέϐη
2820 568 3177 640 ἀνθρώπινον,
3219 569 3330 624 ἀλλ’
3360 570 3421 624 ού
3448 566 3870 641 προθεμένην

532 643 588 699 id
615 661 723 702 non
747 663 816 704 ex
842 651 1124 720 proposito
1151 668 1274 708 meo
1308 653 1513 710 factum
1541 664 1648 712 est.

603 736 768 793 Vens.
806 740 861 796 4.
903 740 1026 798 Νοη
1072 744 1299 802 adhmit
1334 747 1463 801 mihi
1495 765 1586 802 cor
1621 764 1862 818 pravum.
1897 751 2106 808 Diaboli

531 830 784 896 consilia,
832 841 1023 905 utpote
1047 852 1170 907 quas
1211 847 1424 895 rectum
1470 840 1609 896 nihil
1638 842 1896 910 habeant,
1939 861 2107 916 prava

531 935 665 978 sane
685 932 739 978 et
764 937 1017 994 perversa
1042 937 1195 996 sunt,
1235 945 1360 1002 quae
1385 949 1692 1004 nunquam,
1729 934 1828 998 ait,
1866 934 1920 989 in
1944 935 2108 993 corde

532 1013 771 1070 admisi:
801 1032 1006 1087 gnarus
1050 1035 1204 1089 vero,
1249 1038 1376 1079 eum
1424 1025 1521 1096 qui
1571 1024 1808 1082 adhaeret
1835 1026 1988 1098 justo
2014 1029 2108 1099 ju-

530 1113 676 1162 stum
726 1106 865 1175 fore,
897 1126 1114 1169 omnem
1160 1131 1479 1187 perversum
1534 1135 1622 1175 me
1673 1123 1992 1193 contingere
2040 1137 2106 1178 ac

529 1198 662 1252 mihi
701 1200 978 1259 adhaerere
1003 1205 1332 1262 abnuebam.
1360 1208 1497 1264 Nam
1541 1221 1748 1266 rectum
1783 1227 1953 1268 curvo
1977 1229 2106 1269 coa-

528 1290 668 1358 ptari
710 1293 922 1363 nequit,
951 1304 1142 1368 utpote
1171 1300 1318 1370 quod
1337 1301 1611 1372 quadrare
1646 1313 1900 1374 nequeat.
1933 1305 2106 1362 Decli-

528 1389 688 1436 mmte
716 1399 750 1437 a
772 1400 854 1439 me
874 1388 1108 1460 maligno
1134 1407 1242 1446 non
1259 1391 1653 1462 cognoscebam.
1683 1392 1784 1449 Vir
1805 1395 2100 1467 perfectus,

526 1477 619 1547 qui
647 1493 745 1533 cor
781 1495 1100 1550 perversum
1139 1500 1250 1542 non
1290 1485 1454 1542 habet
1483 1488 1540 1542 in
1568 1489 1714 1558 quod
1738 1491 1914 1560 possit
1946 1493 2105 1548 mali-

445 1608 462 1622 .
523 1583 667 1638 gnus
695 1573 933 1641 operari,
966 1573 1078 1630 Deo
1117 1577 1396 1648 repletur;
1425 1580 1500 1634 ita
1533 1587 1592 1635 ut
1641 1583 1938 1654 malignus,
1973 1601 2099 1642 cum

446 1653 480 1689 ’-
526 1660 705 1714 locum
735 1664 878 1732 apud
903 1679 1028 1719 eum
1059 1680 1167 1720 non
1211 1668 1470 1738 reperiat,
1497 1668 1736 1727 declinet
1762 1653 1831 1730 ab
1855 1689 1921 1731 eo
1953 1695 1967 1731 :
2000 1677 2102 1733 de-i

523 1751 766 1808 clinante
795 1763 978 1811 autem
1005 1757 1120 1822 illo,
1153 1757 1351 1830 inquit,
1379 1776 1490 1816 non
1513 1764 1932 1837 cognoscebam,
1970 1769 2098 1839 quia

524 1844 828 1911 praesentia:
870 1846 991 1916 ejus
1022 1863 1189 1905 sensu
1235 1849 1530 1908 destitutus
1565 1868 1738 1924 eram,
1770 1857 1862 1928 qui
1895 1873 1998 1914 nec
2031 1860 2099 1916 de

523 1934 620 1990 illo
649 1938 978 2008 cogitabam,
1022 1957 1125 1998 nec
1171 1958 1313 2014 opus
1359 1961 1484 2000 cum
1518 1947 1613 2003 illo
1653 1949 1944 2006 habebam.
1974 1951 2102 2009 Hauc
2132 1930 2177 1986 Β

525 2039 692 2096 porro
734 2028 1004 2102 intelliges
1034 2045 1254 2104 quoque
1293 2032 1362 2090 de
1389 2035 1630 2092 homine
1669 2039 1930 2112 maligno,
1973 2044 2102 2114 quia

521 2133 626 2174 nec
651 2134 776 2175 cum
807 2122 1112 2190 accederet,
1137 2141 1239 2181 nec
1262 2141 1387 2182 cum
1417 2128 1744 2194 discederet,
1777 2134 2100 2206 sentiebam,

523 2207 600 2262 ita
632 2211 925 2280 pestiferos
957 2213 1209 2272 homines
1244 2216 1668 2288 vilipendeham,
1704 2237 1767 2278 ac
1799 2239 1907 2279 non
1938 2241 2102 2283 nosse

519 2300 844 2358 simulabam
892 2323 906 2360 :
961 2321 1062 2362 nec
1120 2308 1266 2364 enim
1330 2309 1596 2381 dignabar
1649 2315 1860 2372 amicus
1908 2333 2097 2374 eorum

517 2405 663 2448 esse.
685 2392 830 2456 ,Num
863 2397 989 2466 quia
1018 2399 1288 2468 superbus
1317 2414 1378 2456 es
1397 2401 1424 2454 ι
1451 2400 1829 2474 Nequaquam,
1863 2407 1977 2476 ait;
2001 2410 2098 2466 sed

445 2519 450 2522 -
519 2483 704 2540 sciens
735 2485 890 2551 illud,
915 2486 1270 2558 Corrumpunt
1299 2508 1467 2546 mores
1493 2491 1653 2549 bonos
1681 2496 1946 2568 colloquia
1978 2516 2100 2566 pra-

517 2590 582 2628 va
601 2574 646 2639 ',
680 2591 805 2632 cum
835 2579 993 2634 malis
1019 2581 1337 2639 societatem
1368 2599 1478 2640 non
1506 2585 1732 2642 inibam.

585 2745 754 2806 Vens.
798 2752 852 2808 5.
894 2752 1260 2812 Detrahentem
1304 2770 1500 2816 secreto
1535 2765 1779 2833 proximo
1811 2783 1928 2836 suo,
1957 2770 2095 2825 hunc

512 2841 880 2912 persequebar.
907 2845 1045 2902 Cum
1076 2849 1373 2918 hominem,
1411 2853 1612 2925 inquit,
1659 2863 1774 2913 tum
1816 2862 2094 2932 cogitatio-

513 2947 640 2990 nem
669 2935 805 2991 mihi
843 2938 1049 3010 aliquid
1077 2942 1202 2996 mali
1227 2954 1419 3000 contra
1445 2949 1757 3019 quempiam
1787 2967 2089 3024 suggeren-

511 3030 646 3108 tem,
669 3041 738 3081 ex
766 3029 932 3084 corde
961 3031 1227 3100 pellebam
1257 3043 1318 3089 ut
1340 3051 1533 3092 canem
1559 3039 1702 3094 clam
1720 3043 2086 3102 mordentem.

510 3113 648 3173 Nam
674 3120 756 3176 vir
777 3121 1006 3192 probus,
1039 3126 1130 3196 qui
1166 3127 1222 3182 in
1252 3130 1511 3188 omnibus
1543 3132 1774 3189 ﬁdenter
1811 3153 1974 3208 agere
2004 3157 2089 3197 so-

513 3209 606 3276 let,
648 3211 792 3268 sicut
815 3229 880 3269 ea
914 3231 1036 3286 qua:
1065 3218 1206 3273 clam
1240 3229 1499 3291 aguntur,
1541 3233 1727 3296 utpote
1756 3229 2087 3288 confusione

510 3299 696 3371 digna,
727 3315 1041 3376 aversatur;
1088 3309 1162 3364 ita
1198 3319 1411 3368 secreto
1440 3324 1634 3370 contra
1668 3322 1976 3392 quempiam
2001 3326 2085 3381 vel

510 3392 693 3450 dicere
723 3396 926 3467 aliquid
954 3399 1038 3455 vel
1075 3401 1266 3459 audire
1293 3419 1403 3460 non
1437 3408 1712 3466 sustinet:
1747 3427 1870 3466 nam
1903 3415 1955 3469 id
1991 3416 2089 3470 im-

512 3484 667 3555 probi
697 3495 753 3541 et
779 3487 1058 3547 illiberalis
1088 3503 1235 3550 esset
1262 3513 1276 3549 :
1307 3512 1406 3554 nec
1425 3497 1698 3568 ejusmodi
1721 3519 1808 3560 res
1840 3507 2086 3576 pericqu

511 3585 690 3644 vacat,
723 3596 847 3636 cum
880 3581 1163 3650 Scriptura
1197 3586 1384 3646 dicat:
1413 3588 1500 3654 Ille~
1517 3609 1661 3650 ames
1693 3601 1988 3669 actrahcre,
2023 3621 2087 3659 ne

453 3659 472 3669 ’
509 3667 573 3724 de
624 3671 794 3727 medio
842 3675 1127 3744 tollaris’;
1162 3687 1236 3745 et,
1287 3680 1470 3740 Nolite
1515 3686 1790 3747 detrahere
1837 3659 2080 3766 invicem,

507 3763 726 3831 fratres,
769 3783 832 3821 ne
857 3767 955 3822 sub
979 3770 1242 3839 judicium
1284 3776 1493 3833 cadatis
1514 3781 1580 3838 ¹⁰.
1618 3781 1759 3849 Quid
1790 3787 1862 3841 sit
1894 3763 2083 3846 detra;

509 3855 658 3924 here,
673 3860 832 3928 quasi
855 3865 1104 3934 exemplo
1121 3865 1512 3926 declarandum
1534 3881 1645 3931 est:
1675 3893 1786 3932 non
1817 3881 1990 3950 enim,
2017 3885 2085 3942 de

508 3947 695 4018 aliquo
717 3950 859 4006 clam
890 3954 1111 4026 obloqui
1150 3973 1369 4030 quoque
1396 3963 1581 4033 modo,
1622 3966 1758 4024 illud
1787 3978 1872 4027 est
1895 3947 2084 4030 detra-

508 4037 660 4096 here.
687 4039 1012 4114 Plerumque
1047 4046 1194 4102 enim
1223 4048 1291 4106 de
1314 4051 1501 4124 aliquo
1529 4065 1664 4112 tunc
1691 4060 1920 4119 absente
1941 4066 2084 4122 male

508 4131 807 4201 loquimur,
849 4151 960 4192 non
1009 4139 1155 4208 quod
1209 4140 1500 4202 detrahere
1545 4147 1650 4220 ipsi
1682 4153 1952 4226 velimus,
1985 4161 2082 4216 sed

506 4223 754 4283 dolentes
779 4228 929 4298 quod
963 4229 1012 4286 is
1047 4229 1282 4290 fortasse
1311 4235 1596 4308 improbus
1630 4243 1743 4300 sit:
1771 4223 1946 4318 atque
1969 4249 2084 4308 haec

507 4331 732 4374 narrare
762 4320 1048 4378 studemus
1071 4323 1160 4389 iis,
1191 4327 1286 4397 qui
1319 4331 1548 4399 perinde
1579 4341 1743 4404 atque
1771 4353 1872 4394 nos
1902 4355 1969 4396 ex
1994 4342 2082 4397 di-

506 4405 759 4464 lectionis
793 4409 992 4466 all‘ectu
1025 4413 1092 4468 de
1115 4415 1206 4470 illo
1236 4428 1433 4474 curant
1454 4428 1509 4477 et
1545 4424 1766 4481 solliciti
1796 4437 1944 4486 sunt.
1976 4432 2080 4500 Qui

507 4497 674 4570 igitur
719 4501 799 4557 sic
843 4511 1034 4560 contra
1088 4506 1366 4566 absentem
1415 4513 1678 4585 loquitur,
1735 4497 2079 4594 nequaquam

2213 673 2318 727 μου
2346 657 2504 712 τοῦτο
2527 660 2759 728 ἐγένετο.

2287 753 2412 806 Οὐκ
2437 752 2740 822 ἐκολλήθη
2767 771 2876 823 μοι·
2901 752 3115 823 καρδία
3151 754 3409 824 σωμόή.
3439 753 3530 807 Τὰ
3561 751 3690 806 τοῦ
3727 749 3868 801 Es:-

2213 841 2370 898 δόλου
2403 843 2764 916 βουλεύματα,
2799 847 2895 900 ἅτε
2930 847 3096 918 μηδὲν
3129 847 3285 911 εύθὲς
3324 846 3544 917 ἔχοντα,
3577 841 3868 913 σκαμεά

2211 936 2273 990 τέ
2324 938 2440 992 ἐστι
2487 937 2581 993 καὶ
2625 938 3052 1011 διεστραμμένα,
3105 939 3250 1009 ἅπερ
3301 939 3569 992 οὐδέποτε
3625 941 3716 990 ὲν
3783 939 3862 1006 τῇ

2213 1029 2409 1102 καρδίᾳ
2429 1029 2788 1102 είσδέδεγμαι,
2820 1032 3003 1103 φησιν’
3035 1029 3190 1096 εἰδὼς
3225 1031 3300 1097 δέ,
3331 1032 3412 1084 δτι
3441 1032 3470 1083 ὁ
3511 1027 3861 1098 κολλώμε-

2211 1135 2302 1182 νος
2346 1117 2536 1190 δικαίῳ
2577 1118 2786 1185 δίκαιος
2827 1121 3002 1188 ἐσται,
3044 1121 3228 1174 πάντα
3251 1120 3587 1193 διάστροφον
3635 1119 3862 1189 ἄνδρα

2212 1210 2572 1284 παρῃτούμην
2600 1211 2970 1268 συνάπτεσθαι
2987 1229 3080 1284 μοι
3115 1212 3212 1266 καὶ
3238 1211 3538 1266 κολλᾶσθαί
3581 1228 3728 1282 μοι-
3775 1210 3860 1263 ’Β

2210 1302 2318 1376 γὰρ
2367 1302 2495 1358 εὐθὺ
2539 1302 2618 1376 τῷ
2665 1303 2909 1376 στρεϐλῷ
2965 1303 3299 1374 συνοφθῆναι
3348 1304 3410 1357 οὐ
3455 1303 3722 1357 δύναται
3767 1303 3856 1365 ὡς
3952 1309 3954 1344 ῖ

2209 1394 2576 1468 ἀνάρμοστον.
2615 1396 3032 1464 Ἐκκλίνοντος
3063 1396 3164 1451 ἀπ’
3199 1395 3345 1465 ἐμοῦ
3380 1395 3486 1450 τοῦ
3522 1391 3854 1462 πονηροῦ

2207 1490 2320 1542 οὐκ
2360 1488 2710 1559 ἐγίνωσκον.
2748 1488 2808 1542 '0
2847 1487 3070 1553 τέλειος,
3114 1487 3338 1561 καρδίαν
3384 1488 3660 1558 σκαμσὴν
3729 1487 3850 1538 οὐκ
3952 1487 3954 1522 ι

2207 1577 2367 1649 ἔχων,
2401 1580 2481 1642 είς
2529 1579 2594 1650 ἣν
2622 1581 2862 1650 ἐνεργεῖν
2899 1581 2928 1633 ὁ
2965 1578 3199 1651 πονηρὸς
3241 1577 3483 1642 δύναται,
3526 1577 3635 1630 τοῦ
3671 1573 3846 1629 Θεοῦ

2208 1670 2565 1742 πεπλήρωται
2584 1686 2598 1704 ο
2633 1669 2773 1723 ὥστε
2819 1669 2921 1724 τὸν
2956 1671 3210 1742 πονηρὸν,
3260 1669 3336 1743 μὴ
3378 1670 3584 1741 ἔχοντα
3637 1671 3842 1723 τόπον

2206 1761 2338 1832 παρ’
2381 1760 2552 1832 αύτῷ,
2596 1759 2863 1815 ἐκκλίνειν
2915 1760 3009 1815 ἀπ’
3061 1760 3266 1814 αὐτοῦ’
3320 1761 3686 1824 ἐκκλίνοντος
3744 1759 3838 1822 δὲ,

2207 1852 2389 1924 φησὶν,
2424 1853 2526 1906 οὐκ
2567 1852 2902 1921 ἐγίνωσκονο
2936 1851 3015 1924 τῷ
3063 1852 3139 1924 μὴ
3184 1853 3437 1926 αῐσθησιν
3476 1854 3835 1923 παρουσίας

2205 1943 2368 1998 αὐτοῦ
2399 1944 2690 2017 ἐσχηκέναι
2710 1961 2724 1974 ·
2754 1945 2816 1998 ού
2835 1944 2944 2017 γὰρ
2971 1944 3261 2018 ἐνθύμημα
3287 1945 3324 2016 ἢ
3352 1943 3510 2016 ἔργον
3547 1945 3669 1998 τῶν
3715 1944 3834 1998 αι’,-

2203 2037 2298 2091 τοῦ
2322 2036 2478 2107 ἔσχον
2509 2037 2642 2110 παρ’
2669 2037 2812 2108 ἐμοί.
2841 2037 3075 2108 Νοήσεις
3104 2035 3161 2090 δὲ
3196 2036 3372 2090 ταῦτα
3397 2036 3491 2089 καὶ
3523 2038 3672 2108 περὶ
3710 2036 3828 2090 ἀν-

2204 2129 2425 2202 θρώπου
2463 2127 2723 2202 πονηροῦ,
2770 2129 2851 2182 ὅτι
2895 2128 3006 2182 οὐδ’
3049 2128 3140 2182 ὅτε
3188 2127 3509 2201 προσῆλθεν,
3543 2127 3666 2181 οὐδ’
3711 2128 3826 2181 ὅτι

2203 2220 2467 2293 ἀνεχώρει
2497 2219 2748 2292 αἴσθησιν
2775 2218 3098 2291 ἐλάμϐανον,
3131 2218 3304 2284 οὕτως
3329 2221 3388 2274 ἐν
3416 2219 3606 2273 οὐδενὶ
3639 2219 3822 2291 μέρει

2201 2313 2501 2384 ἐποιούμην
2544 2313 2672 2376 τοὺς
2716 2311 2957 2384 λοιμοὺς,
3026 2311 3123 2366 καὶ
3166 2311 3317 2367 οὐδὲν
3364 2311 3568 2365 εἰδέναι
3623 2329 3804 2383 apos-

2199 2403 2530 2475 εποιούμην’
2567 2404 2626 2457 οὐ
2661 2403 2770 2474 γάρ
2807 2402 2994 2473 ⁴ἠξίουν
3023 2398 3161 2457 εἶναι
3201 2393 3382 2474 φίλονχ
3397 2403 3609 2457 αὐτῶν.
3647 2399 3816 2474 ’Ἄρα

2199 2496 2276 2562 ὡς
2315 2497 2696 2570 ύπερήφανος;
2743 2495 3030 2568 Οὐδαμῶς,
3078 2495 3278 2568 φησίν·
3333 2495 3456 2550 ἀλλ’·
3486 2495 3683 2561 εἰδὼς,
3717 2497 3818 2550 δτι

2198 2590 2554 2660 Φθείρουσιν
2591 2589 2707 2658 ἤθη
2733 2588 2966 2659 χρηστὰ
2997 2588 3222 2658 ὁμιλίαι
3249 2588 3446 2655 κακαὶ,
3474 2588 3536 2642 οὐ
3579 2589 3814 2642 συνδιεο

2196 2681 2310 2736 τιθέ
2317 2699 2424 2754 μην
2454 2685 2568 2746 τοῖς
2596 2683 2873 2754 πονηροῖς.

2273 2773 2384 2829 Τὸν
2411 2774 2872 2830 statuam/toﬁna
2900 2773 3095 2843 λάθρα
3121 2773 3228 2828 τὸν
3266 2773 3532 2843 πλησίον
3569 2772 3804 2837 αὐτοῦ.

2195 2866 2411 2920 τοῦτον
2433 2866 2772 2931 ἐξεδίωκον.
2817 2866 2931 2919 Καὶ
2959 2864 3269 2937 ἄνθρωπον,
3307 2866 3459 2938 φησι,
3491 2866 3596 2920 καὶ
3641 2866 3802 2938 λογι-

2195 2958 2332 3028 σμὸν
2358 2957 2732 3012 ύποὸἁλλοντά
2764 2975 2816 3012 τι
2854 2957 3087 3030 πονηρόν
3125 2976 3216 3030 μοι
3261 2959 3402 3012 κατά
3424 2976 3575 3023 τινος
3599 2958 3804 3024 ἐξέϐα-

2192 3049 2284 3104 λον
2311 3052 2376 3104 ἐκ
2415 3050 2517 3122 τῆς
2557 3050 2783 3122 καρδίας
2819 3067 2941 3122 μου,
2983 3049 3058 3115 ὡς
3101 3050 3238 3105 κύνα
3278 3051 3684 3124 λαθροδήκτην.
3731 3053 3795 3108 ’0

2191 3143 2301 3214 γὰρ
2342 3141 2648 3206 σπουδαῖος,
2685 3143 2742 3196 ἐν
2782 3141 2944 3195 παντί
2974 3159 3053 3212 τῳ
3097 3143 3411 3214 παρρησίαν
3450 3143 3602 3214 ἔχειν
3651 3145 3791 3212 ἁγα-

2192 3233 2334 3302 πῶν,
2363 3234 2552 3306 ὥσπερ
2591 3234 2661 3288 τὰ
2704 3233 2880 3306 λάθρα
2925 3232 3177 3306 δρώμενα
3219 3233 3297 3306 τῷ
3343 3235 3613 3307 αἰσχύνης
3651 3234 3788 3290 εἶναι

2189 3326 2337 3395 ἄξια,
2378 3330 2762 3400 παραιτεῖταιο
2807 3326 2950 3380 οῦτω
2991 3327 3088 3381 καὶ
3135 3326 3196 3381 τὺ
3241 3327 3421 3397 λέγειν
3468 3328 3501 3400 ἢ
3553 3330 3789 3383 ἀκούειν

2187 3420 2334 3474 κατά
2370 3436 2516 3483 τινος
2564 3418 2806 3491 κρύϐδην
2846 3419 2946 3472 οὐκ
2993 3419 3274 3490 ἀνέχεται·
3315 3420 3628 3492 κακοήθους
3677 3424 3784 3495 γάρ

2187 3513 2282 3566 καὶ
2317 3509 2668 3584 ἀνελευθέρου
2713 3510 2776 3564 τὸ
2813 3511 3039 3583 χρῆμα,
3080 3513 3388 3584 ἐπήρτηται
3428 3513 3485 3566 δὲ
3530 3513 3784 3578 κίνδυνος

2183 3601 2264 3674 τῷ
2303 3602 2623 3676 πράγματι,
2661 3605 2760 3674 τῆς
2803 3603 3026 3676 Γραφῆς
3075 3603 3375 3676 λεγούσης⁶
3420 3607 3518 3675 Μὴ
3563 3607 3782 3675 ἀνάστα

2186 3695 2568 3766 κατα-λαλεῖν,
2618 3696 2718 3748 ἵνα
2757 3695 2845 3764 μὴ
2886 3695 3146 3765 ἐξαρθῇς
3164 3713 3177 3727 ·
3225 3699 3339 3762 καὶ,
3365 3697 3461 3767 Μὴ
3507 3703 3782 3754 καταλα-

2184 3785 2346 3841 λεῖτε
2373 3786 2682 3854 ἀλλήλων,
2727 3788 3000 3859 ἀδελφοὶ,
3028 3791 3128 3844 ἵνα
3161 3789 3248 3860 μὴ
3279 3791 3399 3846 ὑπὸ
3432 3793 3646 3860 κρίσιν
3678 3793 3781 3847 .τέ-

2185 3891 2351 3946 σητε.
2387 3879 2451 3931 Τί
2475 3879 2532 3932 δέ
2561 3881 2677 3933 ἐστι
2707 3879 2766 3933 τὸ
2793 3881 3114 3936 καταλαλεῖν
3140 3881 3217 3947 ὡς
3250 3884 3308 3936 ἐν
3344 3883 3500 3954 τύπῳ
3534 3885 3778 3955 παραδο-

2182 3972 2336 4027 τέονο
2371 3971 2432 4024 ού
2477 3970 2585 4044 γὰρ
2615 3973 2676 4026 τὸ
2707 3973 2957 4028 ὁπωσοῦν
2987 3974 3165 4044 λέγειν
3205 3976 3333 4046 περί
3355 3994 3498 4041 τινος
3542 3979 3644 4031 καὶ
3678 3978 3774 4032 λὰ-

2183 4065 2290 4139 θρα
2314 4064 2522 4119 ἐκείνου
2553 4065 2872 4122 καταλαλεῖν
2891 4053 3041 4122 ἐστι·
3069 4068 3328 4134 πολλάκις
3351 4071 3479 4140 γοῦν
3509 4071 3774 4144 ἀγορεύο-

2187 4157 2288 4227 μέν
2319 4175 2444 4211 τινα
2474 4157 2660 4223 κακῶς
2701 4159 2928 4228 ἀπόντα,
2968 4161 3030 4214 ού
3077 4162 3402 4218 καταλαλεῖν
3440 4164 3608 4218 αὐτοῦ
3645 4164 3772 4234 βουο

2183 4248 2416 4319 λόμενοι,
2451 4247 2587 4302 ἀλλὰ
2633 4249 2958 4324 λυπούμενοι
3005 4252 3094 4305 διὰ
3131 4252 3192 4306 τὸ
3241 4249 3380 4307 εἷναι
3426 4255 3586 4309 αὐτὸν
3639 4255 3770 4320 ἴσως

2183 4339 2386 4408 φαῦλον
2410 4357 2426 4372 ·
2479 4339 2802 4412 πειρώμεθα
2843 4342 2899 4395 δὲ
2941 4342 3123 4410 λέγειν
3165 4343 3234 4396 τὰ
3275 4345 3402 4416 περὶ
3449 4344 3614 4398 αῦτοῦ
3655 4350 3770 4410 τοῖς

2180 4432 2442 4498 ὡσαύτως
2487 4437 2620 4506 ἡμῖν
2663 4435 2984 4507 κηδομένοις
3033 4436 3196 4490 αὐτοῦ
3241 4438 3335 4491 καὶ
3391 4439 3768 4508 φροντίζουσιν

2181 4525 2290 4580 ἀπὸ
2327 4525 2622 4590 διαθέσεως
2667 4527 2905 4599 φιλικῆς.
2959 4528 3016 4583 '0
3071 4525 3162 4583 οὖν
3213 4529 3357 4584 οὕτω
3400 4530 3577 4599 λέγων
3623 4533 3765 4585 κατὰ

506 4591 809 4649 maledicus
836 4601 922 4650 est
950 4615 963 4650 :
997 4597 1153 4670 (nam
1188 4601 1488 4661 maledicus
1533 4622 1639 4662 non
1675 4609 1749 4662 ita
1770 4591 1880 4682 agit
1908 4591 1951 4683 ),
1983 4615 2077 4671 sed

2193 4619 2426 4691 ἀπόντος,
2446 4621 2506 4674 ού
2539 4591 3012 4684 κατάλαλὸςέστιν
3035 4637 3048 4650 ·
3086 4620 3223 4676 ἀλλὰ
3252 4591 3490 4694 σπουδὴν
3519 4623 3632 4696 ἔχει
3671 4625 3764 4676 σὺν

506 4698 633 4738 cum
675 4687 956 4758 voluptate
988 4699 1183 4750 contra
1216 4698 1508 4766 quemdam
1538 4700 1801 4772 loquitur,
1830 4721 1940 4760 non
1971 4724 2084 4763 mo-

507 4774 644 4832 leste
679 4775 864 4836 ferens
893 4783 1040 4852 quod
1073 4784 1166 4840 ille
1202 4786 1331 4842 talia
1361 4791 1624 4859 patrarit;
1671 4793 1768 4848 sed
1810 4795 1878 4850 de
1924 4812 1988 4852 ea
2021 4813 2082 4854 re

505 4865 736 4925 lmtatur.
791 4869 924 4942 Ejus
976 4891 1213 4948 namque
1258 4888 1413 4950 gesta
1469 4883 1749 4942 malevolis
1807 4899 2078 4956 recenset,

503 4963 598 5033 qui
647 4979 710 5020 ea
753 4973 997 5038 retegere
1043 4979 1098 5027 et
1151 4975 1470 5032 renuntiare
1514 4987 1746 5047 possunt
1788 4983 1912 5038 aliis
1942 4983 2080 5040 bene

501 5056 712 5114 multis.
763 5058 902 5127 Quid
941 5063 1045 5120 sibi
1080 5066 1197 5120 vult
1235 5077 1414 5125 autem
1448 5071 1582 5126 illud
1621 5075 2074 5147 quodadjicitur,

501 5159 720 5217 secreto,
788 5170 908 5210 cum
954 5157 1132 5226 palam
1171 5160 1240 5214 sit
1280 5163 1578 5232 quamlibet
1623 5165 2074 5228 obtrectationem

501 5253 715 5301 secreto
745 5245 907 5303 fieri?
934 5248 1030 5306 Vel
1056 5251 1110 5306 id
1145 5252 1279 5314 dicit
1319 5256 1468 5326 quod
1497 5259 1712 5329 agitur;
1749 5268 1842 5316 aut
1891 5265 1963 5318 ita
1995 5265 2075 5320 di-

500 5337 886 5410 stinguendum
938 5353 1023 5398 est
1059 5345 1527 5405 :ol-trectatoruin
1573 5355 1839 5422 quosdam
1882 5367 2074 5412 contra

499 5440 797 5498 praesentes
818 5449 1005 5489 coram
1035 5438 1286 5510 obloqui;
1314 5439 1368 5494 hi
1397 5457 1561 5511 porro
1591 5446 1995 5504 conviciatores
2019 5459 2074 5502 et

499 5525 882 5580 contumeliosi
935 5539 1157 5584 assueto
1202 5547 1353 5587 more
1403 5545 1703 5605 vocantur;
1758 5541 1850 5596 sed
1892 5551 2072 5598 tamen

498 5616 628 5684 quia
666 5625 854 5673 centra
887 5624 1197 5692 quempiam
1226 5625 1547 5697 loquuntur,
1593 5630 1932 5688 detractores
1959 5634 2073 5688 fne-

499 5707 645 5777 rint;
677 5711 771 5766 alii
800 5729 929 5766 vero
957 5715 1095 5770 clam
1127 5726 1179 5772 et
1209 5720 1528 5778 absentibus
1556 5722 1644 5790 iis,
1671 5724 1873 5794 quibus
1901 5727 2072 5782 male-

565 5887 594 5925 ⁸
628 5890 647 5946 l
682 5891 810 5949 Cor.
849 5909 936 5962 xv,
974 5895 1061 5950 53.
1086 5937 1100 5962 ,
1204 5899 1222 5930 ⁸
1262 5897 1423 5956 Prov.
1465 5917 1554 5970 xx,
1612 5901 1695 5968 13,
1733 5920 1835 5959 sec.
1873 5901 2035 5957 LXX.

2185 4710 2378 4782 ἡδονῆς
2419 4714 2536 4765 κατ’
2567 4713 2776 4766 ἐκείνου
2816 4712 3015 4782 λέγειν,
3053 4713 3154 4766 οὐκ
3193 4714 3504 4785 ἀχθόμενος
3543 4717 3636 4768 ἐπὶ
3684 4716 3762 4786 τῷ

2182 4803 2405 4857 τοιαῦτα
2428 4807 2634 4858 ἐκεῖνον
2661 4805 3040 4876 πεποιηκέναι,
3065 4806 3202 4859 ἀλλὰ
3225 4808 3315 4860 καὶ
3345 4808 3572 4882 χαίρων.
3597 4810 3758 4878 Λέγει

2181 4892 2311 4961 γοῦν
2336 4894 2564 4959 ἐκείνοις
2585 4896 2656 4949 τὰ
2687 4896 2816 4966 περὶ
2845 4896 3010 4950 αὑτοῦ
3041 4901 3154 4962 τοῖς
3188 4898 3436 4969 μισοῦσιν
3457 4901 3640 4965 αὑτὸν,
3667 4902 3756 4957 καὶ

2182 4987 2492 5058 φανερῶσαι
2521 4988 2836 5055 δυναμένοις
2862 4989 2930 5044 δι’
2955 4990 3286 5059 ἐπαγγελίας
3320 4992 3526 5064 ἑτέροις
3551 4994 3752 5048 πλείοσι

2179 5077 2248 5132 τὰ
2289 5081 2418 5150 περὶ
2447 5081 2631 5136 αὐτοῦ.
2660 5081 2724 5135 Τί
2753 5082 2810 5136 δὲ
2845 5082 3088 5152 βούλεται
3123 5084 3513 5156 προσκείμενον
3543 5085 3623 5148 τὸ,
3650 5084 3752 5138 .ld-

2179 5173 2308 5238 θρα,
2347 5173 2580 5245 φανεροῦ
2605 5174 2774 5238 ὄντος,
2804 5175 2884 5228 ὅτι
2908 5176 3056 5228 πᾶσα
3090 5177 3392 5248 κατηγορία
3412 5175 3586 5248 λάθρα
3612 5177 3750 5244 γίνε-

2175 5280 2294 5331 ται;
2331 5266 2400 5320 Ἦ
2435 5266 2566 5319 αὐτὸ
2591 5266 2737 5336 λέγει
2760 5268 2820 5320 τὸ
2843 5267 2921 5331 ὃν,
2952 5268 2984 5340 ἢ
3009 5268 3306 5338 διαιρετέον
3337 5267 3498 5334 οῦτω,
3533 5270 3615 5323 ὅτι
3639 5271 3748 5324 τῶν

2177 5363 2626 5434 κατηγορούντων
2658 5364 2830 5429 τινὰς,
2870 5365 2919 5417 οἱ
2963 5364 3060 5436 μὲν
3093 5363 3234 5418 κατὰ
3276 5363 3564 5435 πρόσωπον
3610 5383 3746 5438 παρ-

2174 5455 2332 5518 όντας
2379 5457 2769 5526 κακ-ηγοροῦσι,
2814 5457 3043 5528 λοίδοροι
3083 5456 3140 5510 δὲ
3181 5449 3324 5511 οὗτοι
3358 5457 3451 5510 καὶ
3500 5457 3744 5527 ὕϐρισται

2178 5543 2420 5613 συνήθως
2463 5545 2782 5600 καλοῦνται·
2815 5547 2964 5618 ὅμως
2997 5543 3088 5600 οὖν
3131 5546 3207 5618 τῷ
3234 5549 3375 5601 κατά
3402 5565 3543 5611 τινος
3571 5548 3744 5616 λέγειν

2174 5634 2462 5689 κατάλαλοι
2502 5636 2569 5689 ἂν
2604 5634 2711 5691 εἷεν
2731 5655 2744 5668 ·
2779 5639 2828 5691 οἱ
2871 5637 2927 5691 δὲ
2978 5638 3151 5707 λάθρα
3199 5639 3290 5692 καὶ
3342 5640 3590 5694 ἀπόντων
3637 5639 3745 5695 τῶν

2174 5728 2664 5800 κατηγορουμένων
2713 5730 2929 5801 λέγουσι
2973 5732 3098 5788 κατ’
3141 5730 3336 5785 αὐτῶν.
3393 5731 3495 5786 Τὸν
3546 5730 3748 5804 ταύτην

2180 5906 2222 5939 ¹⁰
2259 5905 2372 5963 Jac.
2409 5924 2481 5976 tv,
2526 5910 2605 5964 ll.
