3954 7146
511 426 654 482 ηδτ

1220 426 1486 483 EUSEBII
1516 421 1996 483 εεελωειιειε
2033 420 2079 477 0

2179 460 2187 476 .
2224 419 2408 477 PARS
2446 418 2533 474 ΙΙΙ.
2581 450 2646 460 -
2705 419 3118 476 ειεοετιω.

3733 419 3900 474 Ιξιξ

508 549 767 621 μάστιν
793 551 994 620 irrigua,
1023 565 1124 604 non
1149 551 1412 622 dirigebat
1435 553 1488 606 in
1503 561 1784 622 conspectu
1809 550 2079 605 oculorum

2187 563 2304 616 μως
2331 546 2530 608 είπεῖν,
2565 545 2747 598 πᾶσαν
2784 543 3000 598 ἀδικίαν
3029 543 3500 614 ἀπεστρεςὸξιην,
3531 541 3734 595 αρὶᾶ
3789 547 3904 610 τὴν

511 657 766 697 mrum.
797 640 870 697 lit
887 641 1211 712 compendio
1239 643 1420 699 dicam
1440 683 1462 709 ,
1501 659 1720 700 omnem
1758 642 2082 711 injustitiam

509 731 826 794 aversabar,
841 747 1024 801 neque
1037 733 1122 788 vel
1143 733 1434 789 verborum
1459 743 1625 791 tenus
1648 749 1768 790 eam
1799 733 2036 790 ferebam
2066 752 2081 788 :

509 837 640 878 nam
668 823 762 893 qui
787 822 1112 893 loquebatur
1139 823 1329 894 iniqua
1351 824 1488 879 nibil
1513 825 1886 896 promovebat,
1909 839 2086 894 neque

509 913 650 972 bene
675 930 788 970 rem
814 915 1038 985 gerebat
1070 916 1126 970 in
1157 925 1454 987 conspectu
1484 932 1628 980 meo,
1655 931 1760 972 nec
1787 933 1850 971 ea
1877 932 1999 987 qua:
2028 919 2084 971 in

509 1005 698 1062 animo
725 1005 950 1061 baberet
982 1007 1320 1077 perficiebat.

582 1092 748 1150 Vns.
783 1094 839 1150 8.
880 1093 948 1148 In
980 1096 1239 1150 matutino
1269 1094 1649 1164 interﬁciebam
1684 1111 1860 1149 omnes
1902 1111 2085 1162 pecca-

511 1195 650 1241 tores
681 1193 855 1250 terra,
887 1197 943 1240 ut
970 1185 1328 1256 disperderem
1345 1191 1410 1241 de
1438 1187 1649 1240 ciuitate
1669 1184 1886 1240 Domini
1906 1200 2083 1240 omnes

510 1286 784 1345 operante:
809 1278 1162 1342 iniquitatem.
1193 1274 1293 1330 llic
1325 1283 1593 1342 exactam,
1626 1276 1877 1332 stabilem
1905 1286 1961 1331 et
1993 1291 2085 1331 so-

511 1367 684 1424 briam
725 1366 954 1438 iustitiae
985 1367 1253 1423 rationem
1285 1367 1586 1423 describit:
1616 1382 1742 1421 nam
1775 1366 1872 1431 ait,
1909 1381 2085 1438 neque

511 1462 594 1516 ira
619 1500 636 1526 ,
687 1476 864 1532 neque
893 1461 1130 1517 ebrietas
1170 1459 1373 1516 eadem
1407 1459 1538 1514 mihi
1584 1459 1950 1530 suggerebat:
2002 1460 2084 1515 ira

509 1553 708 1624 quippe
737 1554 952 1608 etiamsi
1001 1554 1254 1609 hesterna
1293 1551 1384 1607 die
1431 1567 1519 1606 me
1564 1551 1979 1620 inﬂammabat;
2027 1559 2087 1607 at

510 1643 868 1700 diuturnitate
901 1645 1081 1700 noctis
1137 1645 1386 1715 mitigata
1417 1643 1628 1711 fuerat;
1661 1645 1900 1700 ebrietas
1927 1660 2080 1711 vero,

512 1735 638 1792 lcet
669 1735 852 1807 gravis
899 1735 1225 1807 vespertinis
1267 1736 1416 1791 boris
1463 1736 1751 1801 adfuisset,
1781 1751 1976 1792 somno
2006 1745 2084 1790 ta.

510 1841 635 1882 men
664 1827 912 1883 discussa
941 1826 1140 1883 fuerat.
1199 1825 1347 1881 Pura
1373 1827 1558 1898 itaque
1605 1842 1769 1882 manu
1803 1834 1857 1881 et
1899 1835 2081 1883 mente

2187 636 2353 709 μέχρι
2389 637 2566 706 λόγων
2605 634 2989 705 ὑπομένωνοό
3029 635 3142 706 γάρ
3183 634 3360 689 λαλῶν
3407 636 3638 689 ἄδικα
3701 637 3898 689 εὒζὶ-ν

2181 729 2364 799 ἧνυεν,
2409 728 2512 781 οὐκ
2553 726 2816 782 ciu-£0510
2857 726 3088 781 ἐνώπιόν
3135 743 3259 795 μου.
3289 728 3352 780 οὗ
3401 726 3810 798 vim
3861 730 3894 781 ἒ

2183 820 2535 884 ἐσπούδαζεν.

2257 1090 2366 1154 Εἰς
2381 1088 2490 1155 τὰς
2506 1091 2728 1157 arguta;-
2753 1088 3111 1144 ἀπέκτεινον
3140 1091 3372 1156 πάντας
3401 1090 3584 1154 τοὺς
3633 1089 3876 1157 ἀμπί-

2182 1179 2414 1246 τιωλοὺς
2457 1178 2570 1248 τῆς
2614 1179 2749 1250 τῆς,
2794 1180 2904 1236 τοῦ
2939 1181 3370 1250 ἐξολοθρεῦσαι
3417 1183 3508 1235 ἐκ
3558 1182 3870 1244 κάλει-ς

2182 1271 2404 1339 Κυρίου
2431 1269 2664 1338 πάντας
2703 1271 2846 1338 τοὺς
2879 1269 3302 1342 ἐργαζομένους
3347 1272 3476 1339 τὴν
3518 1269 3860 1325 ﬁcia.

2183 1365 2257 1417 Τὸ
2280 1363 2504 1435 ἀκριϐὲς
2522 1365 2616 1417 καὶ
2639 1363 2874 1428 ἀπλανὲς
2897 1365 2992 1420 καὶ
3019 1365 3279 1435 νηφάλιον
3301 1369 3402 1436 τῆς
3446 1365 3660 1436 δίκης
3697 1383 3860 1433 ηρ-

2188 1455 2399 1522 ίστησιν
2434 1471 2450 1485 ’
2499 1454 2583 1508 ὃτι
2647 1452 2772 1508 οὔτε
2819 1454 3012 1526 θυμὸς,
3066 1457 3252 1530 φησὶν,
3295 1455 3424 1510 οὔτε
3481 1457 3668 1528 μέθη

2185 1546 2472 1618 ἀναίρεσιν.
2491 1546 2776 1601 ὑπετίθετο
2792 1565 2806 1579 ο
2840 1549 2870 1600 ό
2891 1548 2992 1620 μὲν
3016 1547 3126 1621 γάρ
3151 1548 3319 1620 θυμὸς
3335 1552 3386 1604 εί
3413 1552 3534 1603 καὶ
3571 1553 3660 1620 τῇ
3693 1549 3842 1621 χῦὲς

2183 1637 2369 1710 ἡμέρᾳ
2399 1637 2738 1708 παρώξυνεν,
2767 1638 2904 1693 ἀλλὰ
2939 1639 3030 1693 διὰ
3063 1639 3156 1694 τοῦ
3197 1641 3406 1712 μήκους
3433 1643 3562 1711 τῆς
3598 1643 3846 1704 νυκτὶ-ς

2183 1729 2520 1799 ἐμαλάσσετο
2534 1746 2556 1777 .·
2601 1733 2637 1802 ὴ
2669 1731 2725 1784 δὲ
2756 1730 2916 1803 μέθη,
2950 1730 3055 1784 κᾶν
3089 1730 3246 1800 ὀψίας
3505 1733 3834 1800 προπγέ-

2183 1836 2324 1884 νετο,
2355 1818 2450 1876 διὰ,
2470 1818 2565 1873 τοῦ
2599 1819 2767 1873 ὕπνου
2800 1821 3001 1885 ἱκανῶς
3033 1820 3371 1875 ἐλεπτύνετο.
3405 1822 3692 1893 Καθαρᾷ
3723 1821 3834 1876 οἷν

509 1925 705 1974 contra
753 1933 848 1974 eos
873 1919 967 1989 qni
1006 1918 1062 1973 in
1092 1917 1261 1974 Deum
1294 1894 1651 1989 peccaverant
1699 1918 1998 1975 instructus
2026 1927 2079 1975 et

2183 1913 2274 1966 καὶ
2299 1915 2443 1984 χειρὶ
2467 1914 2563 1966 καὶ
2594 1913 2789 1986 γνώμῃ
2816 1915 2960 1967 κατά
2992 1915 3102 1969 τῶν
3133 1917 3214 1978 είς
3253 1915 3387 1970 Θεὸν
3415 1917 3830 1987 ἁμαρτανόν-

510 2020 752 2066 armatus
774 2026 944 2074 eram.
970 2027 1147 2084 neque
1172 2029 1237 2068 ex
1270 2013 1402 2068 vino
1422 2028 1598 2083 neque
1617 2029 1682 2068 ex
1707 2014 1786 2067 ira
1808 2015 1991 2069 animo
2016 2030 2082 2070 ac

509 2102 778 2156 sententia
805 2102 1138 2172 decipiebar.
1185 2100 1512 2158 Peccatores
1547 2112 1729 2158 autem
1764 2119 1873 2158 non
1904 2105 2080 2160 solum

513 2204 610 2261 per
639 2191 947 2246 universam
979 2199 1204 2257 terram,
1227 2191 1324 2248 sed
1351 2207 1448 2248 eos
1474 2192 1636 2248 etiam
1665 2193 1764 2264 qui
1796 2194 1850 2249 in
1876 2194 2083 2251 ditione

507 2291 818 2340 merant
866 2283 1182 2339 occidebam
1212 2303 1227 2340 :
1258 2300 1434 2354 neque
1483 2286 1644 2342 simul
1693 2303 1885 2344 omnes
1914 2329 1930 2354 ,
1980 2289 2084 2346 sed

511 2374 674 2429 modo
704 2375 873 2441 iitum,
909 2390 1033 2431 mox
1066 2375 1253 2432 alium.
1307 2375 1507 2432 Verum
1555 2377 1759 2434 nemini
1789 2387 1922 2450 puto
1969 2396 2080 2436 non

508 2466 855 2523 tnanifestum
885 2483 1010 2524 esse
1037 2468 1152 2524 haec
1177 2469 1516 2541 aeuigmatice
1545 2469 1692 2524 dicta
1723 2471 1932 2540 fuisse;
1979 2489 2076 2529 ne-

506 2573 616 2629 que
652 2560 802 2615 enim.
827 2576 892 2615 ea
918 2569 1003 2617 est
1032 2561 1163 2617 dicti
1189 2564 1481 2629 sententia,
1510 2579 1595 2619 me
1624 2565 1938 2623 ineuntibus
1959 2567 2078 2622 sin-

507 2649 650 2721 gulis
709 2649 903 2705 diebus
958 2650 1199 2706 humano
1259 2654 1524 2724 sanguine
1576 2669 1773 2710 manus
1845 2655 2081 2712 fmdasse

510 2753 661 2796 meas
690 2757 705 2795 :
736 2739 790 2795 id
827 2740 973 2795 enim
1008 2750 1371 2813 praeterquam
1401 2744 1546 2814 quod
1581 2744 1961 2802 detestandum
1994 2764 2082 2804 es-

507 2842 612 2898 set,
641 2835 955 2891 nullatenus
987 2837 1248 2894 credibile
1291 2847 1397 2894 est.
1455 2840 1744 2908 Quomodo
1788 2847 1937 2899 enim
1964 2846 2081 2902 sin-

507 2928 649 3000 gulis
678 2930 964 2986 matutinis
994 2945 1184 2996 omnes
1213 2942 1527 3002 peccatores
1550 2942 1712 2991 teme
1760 2951 1922 2992 manu
1951 2953 2079 3008 pro-

508 3017 628 3088 pria
663 3019 930 3075 coniicere
963 3021 1271 3091 potuisset?
1304 3021 1489 3093 Neque
1513 3025 1658 3080 enim
1703 3042 1848 3082 unus
1886 3042 2082 3084 omnes

509 3124 768 3180 superare
792 3111 1072 3178 valuisset,
1103 3129 1227 3168 cum
1247 3155 1266 3181 ,
1289 3121 1348 3168 nt
1385 3101 1680 3172 verisimile
1717 3128 1836 3185 est,
1882 3134 2079 3191 magna

507 3209 654 3258 esset
685 3212 1030 3272 peccatorum
1057 3205 1348 3261 multitudo
1374 3225 1388 3262 :
1420 3222 1484 3261 ac
1501 3208 1545 3264 si
1563 3223 1659 3265 eos
1675 3209 1729 3264 in
1751 3211 1889 3266 bello
1912 3211 2066 3267 vicis.

508 3303 726 3358 set,uno
745 3295 797 3349 in
815 3295 1081 3351 matutino
1094 3311 1282 3353 omnes
1298 3298 1684 3367 interfecisset,
1701 3317 1876 3373 neque
1891 3302 2079 3375 singu-

509 3383 579 3441 lis
597 3387 1054 3458 matntinisipsos
1074 3389 1293 3459 propria
1323 3405 1486 3446 manu
1517 3393 1902 3452 interemisset.
1933 3395 2076 3464 Quid

509 3477 693 3548 itaque
721 3478 988 3550 significet
1009 3481 1179 3536 illud?
1204 3481 1480 3540 Attentius
1502 3495 1556 3542 et
1583 3486 1909 3558 prudentius
1933 3488 2080 3544 dicta

509 3568 896 3641 intelligamus,
921 3588 989 3628 ne
1017 3575 1335 3646 prophetica
1368 3579 1592 3632 oracula
1619 3564 1891 3636 mendacii
1921 3596 2080 3636 accu-

509 3676 720 3728 semus,
759 3663 904 3734 quod
954 3664 1109 3722 nefas
1145 3675 1309 3724 esset.
1350 3668 1554 3725 Civitas
1606 3668 1819 3726 Domini
1848 3682 1932 3728 est
1974 3675 2078 3728 hu-

511 3768 685 3810 mana:
710 3761 999 3812 structura:
1027 3759 1382 3829 compositio;
1415 3769 1731 3831 peccatores
1754 3772 1936 3819 autem
1965 3772 2078 3820 ter-

511 3862 586 3904 ra
612 3847 648 3902 ii
681 3856 807 3904 sunt
841 3847 909 3904 de
931 3849 1150 3922 quibus
1163 3849 1538 3920 Salvatonait,
1573 3853 1648 3908 Ab
1672 3856 1812 3910 intus
1840 3871 1906 3910 ea:
1923 3855 2080 3911 corde

511 3946 695 3993 exeunt
721 3938 1066 4009 cogitationes
1099 3941 1276 4004 malua,
1304 3941 1618 4008 homicidia,
1653 3945 1936 4012 adulteria,
1971 3945 2081 4016 {or-

511 4027 828 4094 nicationes,
894 4029 1074 4098 Iurta,
1129 4030 1274 4100 falsa
1329 4034 1664 4098 testimonia,
1721 4036 2075 4106 blasphemiae.

513 4116 642 4174 Han:
671 4128 814 4184 sunt,
839 4136 957 4190 quis
981 4122 1322 4195 coinquinant
1367 4123 1628 4180 hominem
1658 4127 1721 4184 “.
1755 4127 1868 4184 Hos
1897 4140 2080 4186 autem

512 4218 827 4280 peccatores
857 4227 922 4268 ex
954 4222 1096 4268 terra
1133 4221 1308 4280 ortos,
1341 4215 1397 4270 id
1427 4224 1532 4282 est,
1567 4233 1634 4274 ex
1673 4225 1890 4275 terrena
1915 4235 2082 4276 carne

512 4299 857 4372 prodeuntes,
889 4304 1017 4361 dum
1046 4305 1272 4378 singulae
1295 4307 1363 4364 de
1411 4306 1523 4364 Deo
1551 4311 1909 4381 cogitationes
1947 4327 2080 4366 exo-

512 4391 750 4462 riuntur,
767 4409 834 4451 ex
860 4397 1080 4468 propria
1106 4406 1385 4454 structura
1416 4401 1558 4455 tollit
1588 4402 1681 4472 qui
1714 4417 1835 4458 sese
1863 4413 2077 4476 purgat.

511 4484 836 4540 Matutinum
864 4494 1046 4544 autem
1089 4498 1144 4546 et
1173 4491 1474 4548 diluculum
1507 4495 1561 4550 in
1599 4495 1780 4549 anima
1811 4505 1916 4564 est,
1941 4513 2078 4568 quo-

2180 2022 2289 2058 των
2321 2005 2716 2078 ἐξωπλιζόμην,
2746 2008 2883 2078 μήτε
2917 2008 3017 2079 τῆς
3059 2007 3120 2072 ἐξ
3161 2008 3304 2061 οῑνου
3335 2008 3612 2079 γνώμης,
3651 2011 3822 2079 μήτι

2178 2097 2279 2168 τῆς
2323 2099 2388 2151 ἐκ
2435 2097 2609 2169 θυμοῦ
2660 2098 3001 2170 σφαλλούσης
3056 2100 3149 2152 τὸν
3191 2098 3470 2170 λογισμόν.
3535 2101 3706 2161 Τοὺς
3749 2101 3820 2153 ἃ

2179 2187 2536 2260 ἁμαρτωλοὺς
2565 2189 2885 2244 ἀπέκτεινον
2914 2190 3011 2260 οὐχ
3040 2190 3225 2254 ἀτελῶς
3247 2191 3466 2262 ἀπάσης
3507 2191 3630 2260 τῆς
3661 2193 3812 2262 τῆς,

2179 2286 2314 2340 ἀλλὰ
2349 2286 2452 2358 τῆς
2483 2287 2573 2341 ὑπ’
2600 2287 2732 2358 ἐμέ·
2757 2288 2852 2342 καὶ
2879 2288 3088 2350 πάντας
3111 2287 3170 2340 δὲ
3193 2288 3292 2358 οὐχ
3317 2287 3454 2358 ἅμα,
3486 2288 3658 2340 ἀλλὰ
3699 2287 3808 2340 νῦν

2182 2380 2282 2451 μὲν
2309 2379 2518 2444 τοῦτον,
2560 2380 2655 2434 νῦν
2688 2381 2746 2434 δὲ
2786 2383 3011 2434 ἐκεῖνον.
3051 2380 3269 2434 Μᾶλλον
3294 2381 3350 2436 δέ
3387 2381 3566 2434 τοῦτο
3613 2383 3802 2434 παντὲ

2179 2487 2281 2524 που
2315 2470 2491 2542 δῆλον,
2519 2472 2601 2524 ὅτι
2631 2473 2688 2524 ἐν
2717 2472 2998 2541 αἰνίγματι
3039 2471 3465 2542 κεκαλυμμένως
3501 2475 3756 2544 apt-:1:
3779 2491 3796 2504 ·

2176 2563 2238 2617 οὐ
2267 2563 2375 2636 γὰρ
2405 2564 2488 2617 ὅτι
2525 2562 2647 2616 καθ’
2685 2563 2920 2634 ἑκάστην
2956 2563 3282 2636 ἀρχὴῑέτῆςο
3310 2565 3536 2636 ἡμέρας
3571 2565 3790 2634 αἵματι

2177 2655 2478 2730 ἀνθρώπων
2505 2673 2604 2721 τας
2633 2661 2820 2729 χεῖρας
2850 2659 3214 2729 ἐμολυνομην,
3239 2658 3298 2711 ού
3337 2656 3494 2710 τοῦτό
3533 2675 3724 2728 φησιν
3753 2661 3784 2710 ό

2176 2747 2359 2816 λόγος·
2388 2745 2547 2802 τοῦτο
2577 2747 2686 2819 γὰρ
2716 2747 2854 2820 πρὸς
2879 2747 2958 2818 τῷ
2985 2746 3167 2816 ἐναγεῖ
3205 2746 3286 2799 ἐτι
3315 2745 3412 2800 καὶ
3457 2746 3518 2798 τὸ
3571 2744 3786 2798 ἀπίοι.

2177 2856 2265 2892 νον
2315 2839 2444 2910 εχει.
2497 2839 2618 2904 Πῶς
2660 2839 2769 2910 γὰρ
2814 2839 3032 2893 πάντων
3073 2837 3303 2908 ηδύνατο
3345 2837 3467 2891 καθ’
3515 2838 3780 2907 ἑκάστην

2177 2932 2391 3006 πρωῖαν
2420 2931 2672 3003 αὐτόχειρ
2697 2932 2939 3001 γίνεσθαι
2970 2931 3081 2996 τῶν
3117 2929 3455 3002 ἁμαρτωλῶν
3485 2927 3600 2998 τῆς
3625 2928 3772 2996 τῆς

2176 3023 2251 3076 υύ
2283 3021 2391 3094 γὰρ
2437 3019 2812 3095 περιγίνεσθαι
2858 3022 3078 3076 πάντων
3117 3021 3342 3074 δυνατὸν
3382 3019 3502 3082 ἕνα,
3549 3019 3772 3072 ττσλλῶν

2175 3109 2283 3163 τῶν
2307 3109 2790 3182 ἐξαμαρτανόντων
2821 3114 2902 3174 είς
2927 3112 2989 3165 rb
3013 3111 3161 3175 sino;
3197 3110 3397 3164 ὄντων·
3429 3111 3526 3164 καὶ
3570 3112 3623 3163 εξ
3663 3127 3765 3163 ποι

2178 3201 2328 3272 λέμῳ
2377 3201 2556 3256 αὐτῶν
2603 3202 3030 3275 κατεκράτησεν,
3080 3210 3139 3256 ἐν
3193 3205 3293 3275 μιᾷ
3351 3203 3416 3258 ἂν
3467 3203 3765 3260 ἀπέκτεινε

2181 3295 2360 3366 πρωῖα
2410 3295 2537 3359 τοὺς
2598 3295 2936 3366 σύμπαντας,
2996 3296 3114 3350 ἀλλ’
3169 3297 3290 3366 οὐχὶ
3340 3296 3462 3350 καθ’
3517 3297 3762 3367 ἑκάστην

2179 3389 2391 3460 πρωϊαν
2429 3388 2683 3460 αὐτόχειρ
2709 3388 2889 3442 αὐτῶν
2927 3389 3156 3458 ἐγίνετο.
3193 3389 3259 3442 Τί
3288 3385 3383 3444 οὖν
3405 3389 3566 3443 τοῦτό
3609 3390 3758 3454 tam;

2177 3481 2544 3554 Συνετώτερον
2565 3481 2668 3537 τῶν
2698 3481 3004 3552 λεγομένων
3033 3483 3374 3554 ἀκούσωμεν,
3406 3484 3495 3536 ἶνα
3527 3483 3604 3554 μὴ
3629 3499 3760 3538 κατι

2178 3573 2539 3644 ηγορήσωμεν
2597 3574 2691 3646 ἐπὶ
2723 3573 2907 3644 ψεύδει
2936 3573 3044 3628 τῶν
3088 3574 3436 3647 προφητικῶν
3471 3574 3685 3643 λογίων,
3724 3575 3756 3628 ὃ

2182 3664 2256 3735 μὴ
2283 3661 2459 3735 θέμις.
2499 3663 2660 3728 Πόλις
2681 3663 2774 3720 τοῦ
2799 3666 3022 3738 Κυρίου,
3040 3668 3076 3738 ἡ
3111 3665 3369 3729 σύστασις
3398 3667 3515 3719 ἐστι
3535 3668 3634 3736 τῆς
3655 3666 3746 3719 ἀν-

2179 3754 2456 3827 θρωπίνης
2490 3757 2864 3828 κατασκευῆςο
2914 3757 3230 3829 ἁμαρτωλοὶ
3258 3757 3316 3810 δὲ
3345 3757 3468 3828 γῆς,
3511 3759 3640 3827 περὶ
3672 3750 3746 3810 ὧν

2180 3865 2342 3919 φησιν
2371 3850 2400 3902 ὁ
2427 3847 2638 3919 Σωτὴρ,
2670 3849 2753 3901 ὅτι
2777 3850 3034 3904 Ἕσωθεν
3067 3850 3136 3903 ἐκ
3166 3847 3276 3917 τῆς
3309 3847 3555 3916 καρδίας
3582 3847 3745 3916 ἐξέρ-

2182 3957 2386 4006 χονται
2432 3941 2711 4010 λογισμοί
2755 3941 3026 4009 πονηροὶ.
3057 3941 3253 4011 φόνοι,
3286 3941 3560 4011 μοιχεῖαι,
3602 3955 3742 4008 πορ-

2178 4035 2329 4090 νεῖαι
2357 4077 2371 4098 ,
2428 4033 2647 4090 κλοπαὶ
2673 4073 2688 4098 ,
2749 4033 3252 4102 ψευδομαρτυρίαι
3273 4073 3288 4096 ,
3343 4033 3734 4104 βλασφημία.

2183 4123 2375 4179 Ταῦτά
2393 4125 2525 4178 ἐστι
2565 4121 2638 4178 τὰ
2662 4121 2984 4178 κοινοῦντα
3019 4124 3127 4177 τὸν
3162 4122 3492 4191 ἄνθρωπον.
3519 4123 3736 4187 Τούτσδς

2177 4217 2241 4289 δὴ
2269 4217 2395 4281 τοὺς
2440 4219 2506 4272 ἐκ
2549 4219 2648 4289 τῆς
2693 4216 2798 4286 γῆς
2841 4215 3218 4288 ἁμαρτωλοὺς,
3255 4214 3499 4268 τουτέστι
3527 4215 3646 4277 τοὺς
3672 4216 3732 4268 ἐκ

2177 4311 2275 4382 τῆς
2303 4311 2496 4381 γηῖνης
2542 4309 2739 4381 σαρκὸς
2769 4308 3072 4380 προϊόντας,
3111 4307 3233 4361 καθ’
3273 4306 3506 4370 ἑκάστην
3541 4305 3728 4359 ἔννοιαν

2177 4400 2276 4471 τὴν
2313 4401 2443 4472 περὶ
2479 4399 2612 4454 Θεοῦ
2641 4399 2952 4468 ἐξαφανίζει
2993 4401 3056 4453 ἐκ
3082 4399 3184 4470 τῆς
3229 4399 3362 4462 ἰδίας
3388 4398 3679 4459 συστάσεως
3699 4398 3726 4450 ό

2179 4491 2385 4545 ἑαυτῶν
2418 4490 2782 4562 ἐκκαθαίριιιν.
2830 4491 3021 4562 Πρωῒα
3057 4485 3148 4543 οὖν
3186 4492 3276 4544 καὶ
3302 4487 3497 4560 ὄρθρος
3523 4489 3575 4540 ἐν
3594 4487 3720 4556 ψυχῇ

511 4575 615 4634 ties
638 4578 896 4636 salutaris
932 4580 1202 4653 dogmatis
1253 4595 1407 4642 ortus
1457 4588 1690 4654 accidit,
1737 4604 1847 4659 quo
1887 4605 2078 4647 omnes

2183 4582 2299 4636 καθ’
2328 4582 2562 4653 ἑκάστην
2599 4581 2787 4636 ἀνατὸ)
2797 4581 2862 4652 ὴν
2895 4581 3162 4653 σωτηρίου
3207 4570 3476 4653 δόγματος
3518 4579 3717 4648 γίνεται,

509 4669 889 4740 cogitationes,
917 4687 1036 4742 quae
1073 4686 1368 4746 operantur
1399 4679 1761 4750 iniquitatem,
1794 4682 1862 4738 de
1901 4683 2079 4739 medio

510 4760 627 4816 tolli
655 4770 887 4833 Oportet.
912 4762 1027 4819 Nisi
1057 4766 1201 4821 enim
1233 4767 1390 4838 primi
1419 4767 1614 4824 animae
1648 4779 1830 4827 motus
1859 4770 1928 4826 ad
1959 4787 2076 4828 ma-

508 4853 684 4910 litiam
723 4855 1135 4923 exscindantur,
1162 4861 1533 4916 necessarium
1574 4869 1660 4917 est
1697 4859 1981 4933 cupidines
2009 4864 2077 4920 ad

509 4958 650 5015 opus
674 4945 985 5014 procedere.
1024 4945 1268 5022 Exempli
1293 4966 1482 5015 causa,
1514 4961 1771 5022 peccator
1803 4962 1963 5009 terrae
1993 4963 2079 5010 est

511 5037 770 5107 cogitatio
823 5038 1236 5097 fornicationem
1276 5057 1604 5115 suggerens,
1653 5061 1772 5117 quae
1812 5046 1972 5103 elllcit
2019 5055 2080 5103 ut

510 5130 637 5199 quis
664 5129 947 5186 mulierem
990 5133 1246 5204 respiciat
1289 5135 1359 5190 ad
1392 5137 1887 5208 concupiscendum
1918 5155 2075 5196 eam:

513 5218 627 5275 haec
661 5234 824 5291 porro
856 5221 962 5278 nisi
993 5223 1048 5280 in
1073 5225 1253 5280 anima
1283 5226 1565 5283 occidatur
1588 5267 1602 5293 ,
1643 5243 1708 5283 ac
1739 5229 1952 5286 ratione
1977 5244 2077 5287 ceu

512 5311 690 5382 gladio
710 5314 989 5372 scindente
1011 5325 1065 5371 et
1093 5317 1319 5374 allectus
1347 5319 1569 5376 tollente
1601 5320 1840 5377 caedatur
1860 5361 1876 5385 ,
1915 5322 2080 5394 idque

518 5403 568 5458 in
605 5405 868 5460 matutino
888 5405 1172 5473 efficiatur,
1194 5410 1404 5465 scilicet
1437 5426 1560 5466 cum
1593 5414 1826 5484 primum
1861 5415 1952 5470 illa
1982 5429 2079 5486 pa-

519 5498 621 5554 lam
672 5497 1096 5568 deprehenditur
1142 5502 1289 5572 (nam
1339 5503 1556 5573 quidvis
1595 5508 1949 5578 conspicuum
1983 5508 2077 5564 lux

519 5598 641 5662 est).
676 5598 798 5662 post
828 5592 972 5646 illam
1007 5592 1061 5646 in
1094 5593 1260 5650 corde
1303 5593 1738 5668 fornicationem,
1763 5599 1830 5654 ad
1857 5602 2078 5672 gravius

519 5681 675 5736 etiam
709 5691 987 5754 peccatum
1037 5685 1127 5740 illa
1171 5685 1443 5744 hominem
1487 5689 1748 5760 deducet;
1777 5690 1832 5748 id
1861 5700 1965 5761 est,
2011 5693 2076 5750 ad

593 5836 628 5865 "
675 5833 860 5890 Matth.
896 5852 980 5900 xv,
1025 5837 1105 5902 l9.
1136 5837 1223 5892 20.

2159 4675 2237 4735 ,ἐν
2353 4672 2770 4742 ἐξαφανίζεσθαι
2811 4673 2893 4727 δεῖ
2937 4673 3143 4736 πάντας
3177 4665 3304 4736 τοὺς
3350 4670 3716 4744 ἐργαζομένους

2177 4765 2275 4837 τὴν
2307 4766 2536 4836 ἀνομίαν
2580 4765 2891 4834 λογισμούς.
2930 4766 2994 4818 Ei
3027 4771 3138 4834 γὰρ
3171 4774 3246 4836 μη
3278 4764 3347 4818 τά
3384 4764 3567 4835 πρῶτα
3596 4765 3724 4834 πρὸς

2179 4857 2443 4930 πονηρίας
2462 4859 2737 4928 κινήματα
2761 4859 2860 4929 τῆς
2885 4857 3061 4930 ψυχῆς
3088 4856 3410 4928 ἐκτμηθείη,
3433 4857 3622 4927 ἀνάγκη
3645 4858 3712 4917 εἰς

2178 4950 2336 5022 ἔργον
2361 4951 2719 5022 προχωρῆσαι
2749 4948 2841 5014 τὰς
2861 4949 3182 5021 ἐνθυμήσεις
3199 4962 3213 4976 ·
3241 4943 3352 5002 οἷον
3379 4947 3479 5019 γῆς
3501 4949 3713 5019 ἁμαρτω»

2177 5042 2269 5106 λός
2299 5044 2446 5096 ἐστιν
2477 5045 2507 5096 ὁ
2535 5045 2636 5105 τὴν
2667 5040 2908 5115 μοιχείαν
2936 5041 3253 5096 ὑποϐἀλλων
3279 5041 3561 5112 λογισμὸς,
3586 5041 3708 5102 ὅστκ

2178 5135 2392 5207 ἐνεργεῖ
2413 5135 2476 5190 τὸ
2504 5135 2770 5206 ἐμϐλέψαι
2799 5135 3014 5204 γυναικὶ
3051 5133 3185 5206 πρὸς
3207 5133 3269 5187 τὸ
3294 5133 3606 5205 ἐπιθυμῆσαι
3625 5133 3706 5184 αύ-

2177 5231 2275 5302 τῆς
2293 5246 2306 5260 ·
2334 5221 2489 5294 οὗτος
2507 5231 2604 5282 ἐὰν
2630 5229 2703 5301 μὴ
2729 5227 3040 5299 ἀποκτανθῇ
3070 5229 3132 5281 ἐκ
3158 5225 3255 5296 τῆς
3273 5227 3468 5297 ψυχῆς,
3489 5227 3622 5280 οἱονεὶ
3642 5225 3703 5289 ξί-

2180 5341 2268 5392 φει
2287 5323 2392 5376 τινὶ
2415 5321 2493 5392 τῷ
2513 5319 2761 5391 τμητικῷ
2780 5319 2924 5390 λόγῳ
2945 5322 3038 5374 καὶ
3055 5318 3394 5390 ἀφανιστικῷ
3408 5319 3512 5372 τῶν
3531 5316 3700 5380 παθῶν,

2178 5416 2273 5467 καὶ
2297 5412 2456 5467 τοῦτο
2483 5417 2707 5483 γένηται
2731 5413 2787 5464 ἐν
2809 5413 3012 5483 πρωῖᾳ,
3038 5411 3282 5464 τουτέστι
3302 5410 3443 5464 κατά
3463 5407 3548 5481 τὴν
3568 5410 3630 5471 εἰς
3650 5406 3701 5458 τδ

2179 5505 2408 5577 φανερὸν
2443 5503 2784 5574 ἀποκάλυψιν
2829 5505 2956 5573 (πᾶν
2983 5503 3094 5575 γὰρ
3122 5503 3182 5556 τὺ
3211 5499 3588 5572 φανερούμενον
3607 5495 3700 5568 φῶς

2179 5597 2339 5670 ἐστι),
2362 5597 2500 5669 μετὰ
2514 5595 2612 5665 τὴν
2629 5599 2684 5650 ἐν
2701 5595 2896 5668 καρδίᾳ
2917 5595 3179 5666 μοιχείαν,
3199 5595 3289 5650 xa‘t
3305 5593 3398 5647 ἐπὶ
3411 5593 3505 5664 τὴν
3521 5591 3696 5663 μείζονα

2177 5689 2380 5760 ταύτης
2405 5687 2680 5760 ἁμαρτίαν
2703 5686 2924 5759 προάξει
2951 5687 3038 5741 τὸν
3065 5685 3365 5758 ἄνθρωπον,
3391 5684 3520 5757 πρὸς
3535 5680 3698 5753 τὴνδώ
