3954 7146
547 314 685 372 1251
1257 317 1528 376 EUSEBll
1566 317 2049 375 CESARlENSIS
2087 317 2240 374 OPP.
2271 315 2455 372 PARS
2492 315 2581 374 Ill.
2622 349 2692 360 —-
2732 317 3142 374 EXEGETICA.
3755 310 3932 367 12$

541 431 750 501 guinem
790 430 1059 500 judicent,
1111 431 1308 504 singuli
1337 433 1638 501 proaimum
1683 449 1836 486 suum
1867 432 2119 487 tribulant

2227 433 2325 487 καὶ
2351 435 2383 486 ό
2403 430 2704 500 κατορθῶν
2722 433 2792 486 ἐν
2811 433 3144 503 ἀνθρώποις
3163 434 3276 503 οὐχ
3295 433 3564 504 ὑπάρχει
3584 449 3599 462 ·
3621 429 3928 492 πάντες

544 521 885 576 tribulatione
903 523 976 588 ",-
1011 533 1067 578 et
1097 523 1190 594 qui
1243 523 1478 587 diccbat,
1534 523 1658 578 Non
1702 536 1781 579 est
1823 526 1914 596 qui
1955 526 2119 595 faciat

2227 527 2315 591 είς
2339 526 2556 594 αἵματα
2588 524 2952 591 δικάζονται,
2996 525 3254 592 ἕκαστος
3281 529 3388 580 τὸν
3422 527 3774 594 πλησίον
3801 521 3926 573 σύ-

543 616 736 668 bonum
756 615 818 670 “.
841 614 1108 671 Caeterum
1141 631 1348 686 pauper
1373 618 1466 688 qui
1494 617 1562 673 de
1592 617 1660 673 iis
1684 618 2048 673 contristatur
2068 629 2125 673 et

541 709 709 772 dolet,
757 710 952 764 morbo
998 724 1101 766 suo
1132 710 1398 766 medelam
1424 711 1700 783 excogitat
1739 731 1752 766 :
1789 712 1904 766 haec
1941 719 2122 767 autem

541 809 660 857 erat
683 802 861 856 oratio
887 801 954 856 ad
988 800 1179 866 Deum,
1205 819 1368 873 quam
1401 805 1574 859 solam
1604 804 1840 860 habebat
1871 805 2125 861 consola-

542 894 766 960 tionem,
797 908 904 964 qua
961 895 1198 949 animam
1238 895 1558 966 expandens
1617 912 1796 962 suam,
1832 904 1886 952 et
1931 912 2124 954 omnes

540 988 899 1057 cogitationes
928 1003 1058 1044 suas
1079 989 1134 1043 in
1161 997 1462 1060 conspectu
1502 989 1597 1044 Dei
1631 989 1887 1055 ob‘erens,
1919 990 2124 1046 dicitur

542 1077 598 1132 in
675 1087 974 1150 conspectu
1042 1080 1258 1136 Domini
1317 1081 1597 1137 elIundere
1669 1082 2123 1152 supplicationem

539 1185 718 1237 suam,
764 1172 900 1235 sive,
974 1174 1235 1244 loquelam
1281 1191 1475 1240 suam,
1528 1174 1830 1230 secundum
1879 1173 2127 1246 Symma-

540 1265 723 1320 chum.
781 1264 893 1322 lmo
942 1268 1104 1322 etiam
1163 1268 1211 1324 is
1252 1270 1346 1339 qui
1374 1267 1677 1324 secundum
1725 1266 1889 1322 Deum
1918 1281 2125 1337 pauper

539 1364 625 1414 est
645 1397 662 1423 ,
699 1357 753 1413 id
784 1366 890 1424 est,
920 1358 1310 1430 prophetarum
1341 1359 1566 1423 chorus,
1599 1358 1790 1413 dolore
1823 1358 2017 1428 plenus
2056 1357 2125 1412 de

539 1449 740 1518 prioris
773 1450 958 1520 populi
989 1451 1170 1516 ruina,
1202 1449 1491 1506 Dominum
1532 1451 1668 1519 adit,
1691 1449 2122 1522 supplicationes

2231 618 2336 672 τοῦ
2367 619 2757 671 ἐκθλίϐουσιν
2799 617 3049 686 ἐκθλιϐῇ
3070 636 3084 648 ·
3113 619 3210 672 καὶ⁵
3237 621 3267 672 ὁ
3301 619 3509 672 εἰπών’
3545 620 3702 671 οὐκ
3757 614 3924 668 ἐστι

2230 709 2417 764 ποιῶν
2438 710 2836 779 χρηστότητα.
2873 710 3020 782 Πλὴν
3046 712 3138 763 ἐπὶ
3162 710 3371 774 τούτοις
3392 714 3419 765 ὁ
3447 711 3714 781 πτωχὸς
3749 709 3926 776 ἀκε-

2230 802 2357 855 διῶν
2387 802 2482 856 καὶ
2508 801 2734 873 ἀθυμῶν
2752 842 2766 865 ,
2808 803 3102 874 φάρμακον
3127 804 3223 856 τοῦ
3253 805 3460 868 πάθους
3498 804 3920 876 θεραπευτι-

2232 895 2326 946 κὸν
2356 898 2596 965 περινοεῖ
2624 893 2802 966 ἑαυτῷ
2821 912 2834 925 ο
2861 894 3020 948 τοῦτο
3049 895 3104 948 δὲ
3133 891 3202 967 ἦν
3231 901 3265 967 η
3296 897 3430 966 πρὸς
3460 896 3564 949 τὸν
3593 895 3786 948 Θεὸν
3813 893 3918 943 εὖ-

2230 988 2320 1058 χὴ,
2355 987 2421 1058 ἣν
2452 987 2618 1059 μόνην
2647 984 2759 1058 εἶχε
2789 989 3168 1060 παραμυθίαν,
3199 988 3266 1041 δι’
3293 985 3362 1062 ἦς
3385 988 3664 1054 ὲξαπλῶν
3687 984 3914 1040 air-:5:

2232 1080 2328 1152 τὴν
2369 1080 2548 1151 ψυχὴν
2572 1123 2586 1145 ,
2633 1082 2730 1134 καὶ
2784 1080 3108 1151 σύμπαντας
3147 1082 3341 1136 ἑαυτοῦ
3369 1084 3505 1146 τοὺς
3537 1081 3916 1149 λογισμοὺς

2235 1171 2556 1244 προσφέρων
2578 1171 2807 1226 ἐνώπιον
2826 1171 2920 1226 τοῦ
2939 1171 3098 1238 Θεοῦ,
3122 1172 3334 1242 λέγεται
3357 1172 3614 1225 ἐνώπιον
3633 1173 3908 1241 Κυρίου

2229 1264 2440 1334 ὲκχέειν
2462 1264 2559 1336 τὴν
2582 1264 2764 1335 δέησιν
2785 1264 2974 1328 αὐτοῦ,
2995 1265 3052 1337 ἢ,
3072 1263 3185 1332 τὴν
3203 1266 3576 1335 λογυποιίαν
3595 1261 3906 1324 ἐαιντινὶ,

2229 1357 2371 1410 κατὰ
2394 1356 2484 1410 τὸν
2515 1355 2828 1428 Σύμμαχον.
2878 1356 3040 1410 Ἀλλὰ
3068 1358 3162 1411 καὶ
3192 1361 3221 1412 ὁ
3253 1357 3394 1412 κατὰ
3420 1356 3569 1410 Θεὸν
3599 1355 3900 1423 muli;

2227 1450 2504 1504 τουτέστιν
2546 1449 2576 1502 ὁ
2619 1449 2728 1503 τῶν
2762 1449 3058 1522 προφητῶν
3087 1451 3280 1522 χορὸς,
3311 1450 3497 1523 λύπης
3533 1450 3900 1520 πεπληρω-

535 1555 664 1595 cum
691 1540 902 1611 jejunio
946 1548 1001 1598 et
1059 1542 1320 1614 lacrymis
1367 1557 1467 1612 pro
1505 1543 1709 1613 populo
1739 1541 2036 1602 emittens;
2064 1547 2119 1594 ut

2232 1540 2390 1611 μένος
2413 1539 2506 1593 ἐπὶ
2526 1541 2592 1611 τῇ
2617 1540 2711 1593 τοῦ
2739 1539 3004 1611 προτέρου
3031 1540 3163 1594 λαοῦ
3183 1545 3574 1614 καταστροφῇ,
3602 1541 3900 1614 προσέρ-

540 1633 906 1706 ipse-quoque
934 1636 1169 1705 populus
1193 1635 1632 1691 misericordiam
1657 1641 2049 1705 consequatur.

2229 1646 2382 1701 χεται
2410 1628 2490 1704 τῷ
2521 1630 2732 1702 Κυρίῳ,
2761 1630 2862 1693 τὰς
2883 1629 3022 1702 ὑπὲρ
3045 1630 3141 1684 τοῦ
3171 1631 3301 1686 λαοῦ
3325 1634 3708 1705 ἀναπέμπων
3733 1633 3896 1704 δεῇ-

541 1742 656 1789 σεις
691 1727 830 1798 μετὰ
853 1728 1108 1797 νηστείας
1135 1728 1231 1782 καὶ
1263 1727 1539 1800 δακρύων,
1570 1729 1721 1792 ὅπως
1744 1728 1810 1783 ἂν
1841 1727 1936 1781 καὶ
1964 1724 2128 1788 αὐτὸς
2164 1724 2193 1776 ὁ
2225 1720 2352 1785 λαὸς
2377 1722 2716 1794 οἰκτειρηθῇ.

614 1815 778 1873 Vsus.
805 1819 858 1873 ὅ.
890 1817 955 1872 In
983 1835 1290 1888 quacunque
1321 1819 1408 1873 die
1442 1819 1670 1873 tribulor
1698 1819 1899 1873 inclina
1926 1817 1995 1872 ad
2043 1834 2119 1872 me

2310 1802 2411 1867 "Er
2429 1808 2468 1885 ᾗ
2497 1815 2574 1867 ἂν
2593 1813 2784 1884 ἡμέρᾳ
2806 1814 3094 1884 θλίϐωμαι
3119 1816 3330 1871 κλῖνον
3348 1819 3508 1886 πρὸς
3521 1819 3610 1888 μὲ
3646 1821 3724 1874 τὸ
3745 1816 3880 1886 οὖς

539 1925 721 1964 aurem
776 1921 943 1966 tuam.
996 1911 1097 1967 llic
1133 1911 1355 1968 dicatur
1387 1914 1520 1970 illud
1551 1912 1706 1970 Isaiae
1749 1933 1763 1970 :
1801 1915 2047 1978 Domine,
2066 1915 2119 1969 in

2223 1920 2359 1962 a'ov.
2426 1907 2689 1961 Ἐνταῦθα
2722 1909 2958 1981 εἰρήσθω
2985 1910 3046 1963 τὸ
3085 1910 3179 1964 τοῦ
3223 1911 3480 1965 Ἡσαΐου·
3514 1915 3722 1983 Κύριε
3742 1956 3762 1980 ,
3793 1917 3878 1967 ἐν

537 2005 879 2060 tribulatione
903 2008 1166 2061 recordati
1197 2024 1380 2063 sumus
1407 2010 1506 2072 tui,
1525 2009 1580 2063 in
1603 2009 1942 2066 tribulatione
1959 2025 2119 2078 parva

2223 1998 2426 2066 θλίψει
2459 1998 2847 2070 ἐμνήσθημέν
2887 1993 3004 2056 σοὺ
3024 2043 3040 2066 ,
3073 2002 3144 2056 ἐν
3189 2004 3392 2072 θλίψει
3414 2004 3619 2074 μικρᾷ
3647 2008 3693 2075 ἠ
3717 2021 3878 2059 και-

537 2098 822 2170 disciplina
851 2110 942 2155 tua
971 2101 1120 2156 nobis
1140 2103 1205 2157 “.
1236 2103 1377 2158 Ante
1401 2103 1714 2160 alllictionis
1746 2111 1963 2176 tempus
1983 2103 2119 2160 divi-

2222 2085 2352 2140 δεία
2381 2102 2498 2142 σου
2531 2089 2696 2157 ἡμῖν.
2735 2089 2854 2162 Χρὴ
2891 2092 2948 2145 δὲ
2978 2093 3084 2164 ἄρα
3118 2093 3213 2146 καὶ
3243 2095 3348 2166 πρὸ
3378 2095 3475 2148 τοῦ
3519 2096 3868 2156 θλίϐεσθαι,

537 2192 626 2248 nis
645 2193 902 2263 precibus
930 2195 1243 2251 vacandum
1287 2203 1392 2261 est,
1427 2211 1606 2267 neque
1643 2196 1820 2252 solum
1843 2197 1897 2252 in
1931 2197 2119 2252 adver-

2222 2181 2344 2242 ταῖς
2377 2179 2676 2251 ἱκετηρίαις
2711 2182 3023 2253 σχολάζειν,
3053 2185 3147 2239 καὶ
3179 2186 3254 2256 μὴ
3285 2187 3446 2255 μόνον
3477 2191 3546 2242 ὲν
3581 2192 3716 2254 τοῖς
3749 2209 3866 2243 π-

536 2285 615 2338 sis
652 2285 1012 2354 temporibus.
1048 2283 1148 2340 Hic
1195 2285 1378 2355 itaque
1416 2287 1500 2340 vir
1529 2294 1757 2343 sanctus
1803 2297 1980 2359 rogat,
2011 2303 2119 2343 non

2225 2277 2554 2346 ριστατικοῖς
2576 2278 2804 2347 καιροῖς.
2843 2277 2900 2330 '0
2929 2277 3112 2348 μέντοι
3133 2280 3287 2349 ἅγιος
3308 2281 3534 2353 εὔχεται
3557 2284 3674 2355 οὐχ
3696 2286 3868 2348 3mg;

540 2383 598 2430 ut
627 2375 920 2431 afﬂictione
949 2385 1155 2440 careat,
1188 2377 1241 2432 id
1295 2378 1440 2432 enim
1494 2378 1612 2434 ﬁeri
1657 2380 1884 2449 nequit;
1931 2379 2026 2435 sed
2061 2388 2119 2434 ut

2227 2364 2302 2435 μὴ
2331 2363 2485 2437 θλίὸῃ
2506 2403 2521 2428 ,
2557 2365 2814 2420 ἀδύνατον
2843 2368 2952 2440 γὰρ
2975 2369 3151 2435 τοῦτο,
3183 2371 3296 2424 ἀλλ’
3321 2374 3470 2438 ὅπως
3499 2375 3866 2448 θλιϐόμενος

537 2467 770 2523 afﬂictus
797 2483 865 2523 ne
895 2477 1204 2539 superetur,
1243 2475 1297 2524 et
1326 2477 1385 2522 ut
1417 2484 1514 2539 spe
1561 2469 1804 2540 gaudens
1845 2483 2119 2524 aerumnas

2227 2457 2302 2528 μὴ
2339 2457 2567 2530 ἡττηθῇ,
2602 2460 2696 2512 καὶ
2727 2461 2876 2524 ὅπως
2910 2464 2974 2533 τῇ
3015 2463 3191 2518 ἑλπίδι
3213 2466 3422 2537 χαίρων
3445 2468 3862 2543 ὑπομένει-,τὰς

2225 2548 2432 2620 θλίψεις
2473 2552 2568 2604 καὶ
2600 2552 2951 2625 καυχώμενος
2983 2555 3042 2608 ὲν
3073 2557 3282 2622 αὑταῖς.
3351 2560 3423 2615 Ἠ
3463 2563 3587 2633 γὰρ
3619 2567 3860 2634 θλίψις

2223 2641 2337 2710 τὴν
2355 2643 2573 2697 ἐλπίδα
2588 2643 2685 2698 διὰ
2723 2644 2832 2714 τῆς
2859 2648 3172 2717 ὑπομονῆς
3203 2651 3300 2704 καὶ
3332 2651 3852 2726 δοκιμῆς-γεννᾷ.

2237 2734 2567 2790 Ἐπάκουσον
2589 2733 2682 2792 οὖν
2707 2756 2831 2810 μου,
2859 2741 3046 2810 φησὶν,
3070 2744 3126 2794 ὲν
3210 2743 3275 2797 ἂν
3304 2745 3490 2818 ἡμέρᾳ
3521 2747 3850 2822 θλιδωμαε,

2225 2826 2504 2892 ὲπικλίνας
2523 2847 2622 2899 μου
2639 2832 2737 2902 τὴν
2753 2831 3133 2905 φιλάνθρωπον
3144 2836 3330 2909 ἀκοήν.
3341 2839 3564 2894 κλίνειν
3580 2843 3644 2896 δὲ
3659 2846 3695 2897 ὀ
3709 2845 3850 2908 Θεὸς

2221 2916 2284 2970 τὸ
2311 2914 2400 2982 οὖς
2432 2919 2596 2974 αὐτοῦ
2633 2921 2884 2990 λέγεται,
2915 2924 2991 2989 ὡς
3030 2925 3129 2979 οὐκ
3158 2928 3570 3004 ἐφικνουμένης
3605 2937 3716 3006 τῆς
3749 2940 3850 2991 ἀν-

2224 3007 2501 3082 θρωπίνης
2532 3012 2814 3084 δυνάμεώς
2841 3033 2901 3068 τε
2946 3019 3041 3072 καὶ
3085 3021 3334 3092 κραυγῆς
3365 3023 3604 3093 φθάνειν
3637 3031 3750 3083 ἐπὶ
3779 3032 3846 3083 τι

2223 3100 2357 3171 ὕψος
2407 3103 2508 3174 τῆς
2550 3105 2717 3160 αὐτοῦ
2751 3105 3038 3180 θεότητοςδ
3075 3111 3263 3183 διόπερ
3295 3116 3458 3180 αὐτὸς
3505 3119 3840 3176 ὕποχα-τών

2218 3195 2322 3264 τῆς
2361 3196 2526 3251 αὑτοῦ
2577 3200 2997 3274 μεγαλειότητος
3041 3205 3318 3261 ὐποκλίνει
3358 3209 3460 3281 τὴν
3493 3212 3686 3285 ἀκοὴν
3725 3219 3836 3280 τοῖς

2218 3285 2664 3358 καταξιουμὲνοις
2723 3293 3126 3348 εἰσακούεσθαι.
3192 3298 3265 3350 Τὸ
3327 3299 3405 3363 δὲ,
3472 3302 3588 3356 Ἐν
3648 3300 3698 3376 ᾖ
3759 3306 3834 3358 ἂν

2218 3373 2410 3444 ἡμέρᾳ
2463 3379 2744 3448 θλίϐωμαι
2764 3420 2779 3445 ,
2829 3382 2951 3435 ἀντὶ
2994 3384 3086 3437 τοῦ
3109 3424 3124 3449 ,
3161 3386 3253 3457 Μὴ
3296 3385 3391 3440 νῦν
3428 3389 3602 3460 μόνον
3625 3373 3669 3456 ,⁷

2219 3467 2350 3538 παρ’
2418 3467 2546 3538 ὃλην
2600 3468 2745 3542 ζωὴν
2766 3511 2781 3537 ,
2814 3473 2974 3528 πλέον
3006 3475 3069 3544 ,δὲ
3116 3478 3175 3529 ὲν
3233 3477 3477 3549 θλίψεσι·
3549 3484 3680 3536 τότε
3725 3485 3828 3557 γὰρ

2222 3558 2460 3630 μάλιστα
2491 3562 2649 3633 χρεία
2681 3565 2954 3636 βοηθείας.
2994 3568 3065 3621 Ἣ
3104 3570 3244 3640 τάχα
3275 3573 3373 3643 οὐχ
3409 3573 3487 3638 ὡς
3519 3579 3662 3648 περὶ
3703 3579 3825 3649 μελ-

2218 3649 2416 3724 λούσης
2461 3653 2716 3724 θλίψεως,
2751 3657 2868 3710 ἀλλ’
2903 3659 2980 3723 ὡς
3014 3661 3329 3736 ἐνεστώσης
3374 3666 3630 3739 ετρηται.
3687 3672 3822 3724 Βού-

2216 3743 2366 3836 λεται
2424 3746 2532 3819 γὰρ
2587 3749 2763 3803 εἰπεῖν
2802 3750 2919 3814 ὅτι,
2982 3753 3105 3806 ἐπεὶ
3165 3753 3304 3829 αὕτη
3336 3757 3484 3812 ἐστὶν
3535 3763 3573 3829 ή
3637 3764 3822 3836 ημὲρα

2214 3833 2286 3912 ἦς
2316 3839 2416 3892 οὐκ
2439 3839 2584 3895 ἐστιν
2614 3841 2935 3912 ὑπενεγκεῖν
2954 3843 3052 3917 τὴν
3075 3845 3376 3919 βαρύτητα,
3401 3833 3704 3925 κάμφθητι

2217 3934 2438 4001 ταχεῖαν
2462 3932 2551 3996 δὸς
2575 3933 2672 4006 τὴν
2695 3933 2966 4008 βοήθειαν.
3013 3939 3117 3994 Ἑν
3133 3934 3174 4012 ᾗ
3205 3940 3282 3995 ἂν
3307 3943 3496 4012 ἡμέρᾳ
3525 3945 3817 4003 ἐπικαλέ-

2214 4025 2411 4092 σωμαι
2432 4040 2539 4090 σε,
2576 4027 2728 4098 ταχὺ
2759 4029 3111 4086 ἐπάκουσον
3139 4052 3279 4103 μου.
3343 4037 3453 4090 Καὶ
3478 4037 3533 4090 τί
3576 4041 3642 4092 τὸ
3687 4059 3820 4094 κατ-

2216 4118 2463 4184 επεῖγον;
2496 4119 2645 4172 αἰτία
2661 4120 2718 4173 δὲ
2730 4121 2837 4187 τίς,
2863 4123 2896 4193 ἢ
2921 4125 3049 4177 ποία
3073 4126 3173 4194 τῆς
3210 4127 3547 4200 ταχύτητος;
3575 4133 3711 4186 Ὀτι
3728 4134 3817 4198 ἐξ·

2215 4208 2428 4264 έλιπον
2443 4214 2502 4266 ai
2527 4213 2737 4282 ἡμέραι
2758 4233 2880 4285 μου
2905 4217 3048 4271 ὡσεὶ
3069 4221 3300 4286 καπνός
3318 4238 3331 4252 ·
3362 4222 3422 4275 τὸ
3441 4224 3814 4300 ὀλιγοχρόνιον

2216 4304 2310 4358 καὶ
2331 4305 2700 4361 ἀνυπόστατον
2734 4309 2822 4363 διὰ
2854 4311 2948 4364 τοῦ
2974 4313 3184 4366 καπνοῦ
3215 4313 3383 4386 δηλοῖ.
3413 4320 3520 4372 Καὶ
3555 4321 3634 4376 τὰ
3660 4321 3812 4377 ὀστᾶ

537 2559 678 2615 {erat
729 2561 787 2614 in
836 2561 1015 2630 iisque
1051 2560 1314 2630 glorietur
1349 2579 1362 2616 :
1415 2560 1713 2616 Tribulatio
1737 2561 1875 2615 enim
1904 2577 1996 2631 per
2023 2575 2123 2629 pa-

537 2654 776 2708 tientiam
821 2663 871 2708 et
923 2652 1312 2722 probationem,
1369 2668 1510 2722 spem
1563 2663 1776 2723 generat
1797 2654 1864 2708 ¹⁰.
1912 2652 2121 2708 Exaudi

537 2761 644 2808 me.
664 2748 860 2818 inquit,
882 2747 937 2802 in
959 2762 1291 2818 quacunque
1313 2747 1401 2801 die
1429 2746 1683 2810 tribulcr,
1725 2746 1928 2801 inclina
1951 2745 2019 2799 ad
2037 2762 2122 2801 me

535 2845 877 2892 mansuetam
907 2852 1094 2892 aurem
1137 2844 1308 2892 tuam.
1343 2836 1486 2892 Deus
1517 2844 1696 2892 autem
1741 2852 1928 2893 aurem
1965 2838 2123 2892 ineli-

536 2944 671 2986 nare
698 2930 924 2995 dicitur,
943 2932 1100 3001 quasi
1132 2931 1372 2985 humana
1395 2931 1476 2984 vis
1498 2937 1552 2985 et
1575 2931 1785 2984 clamor
1806 2930 1870 2983 ad
1898 2930 2122 2986 celsituo

535 3017 718 3071 dinem
770 3015 991 3073 deitatis
1039 3017 1160 3087 ejus
1191 3019 1501 3088 pertingere
1560 3025 1840 3088 nequeat:
1877 3033 2120 3090 quapro-

535 3116 657 3180 pter
681 3109 800 3180 ipse
829 3124 860 3163 a
888 3110 1263 3180 magnitudine
1290 3125 1389 3166 sua
1425 3125 1546 3165 sese
1581 3110 1895 3172 demittens,
1927 3125 2117 3164 aurem

537 3199 766 3254 inclinat
799 3200 886 3264 iis,
934 3216 1072 3270 quos
1104 3201 1366 3256 exaudire
1406 3201 1684 3272 dignatur.
1724 3199 1858 3254 Illud
1889 3209 2068 3256 autem
2100 3219 2116 3254 :

538 3292 604 3345 In
632 3309 939 3363 quacunque
957 3291 1044 3346 die
1068 3293 1328 3357 tribulor,
1366 3308 1431 3349 ac
1455 3293 1500 3349 si
1526 3293 1734 3348 diceret
1774 3312 1786 3347 :
1818 3292 1939 3348 Non
1973 3309 2118 3348 nunc

536 3392 768 3448 tantum,
795 3386 890 3440 sed
924 3393 1039 3440 toto
1063 3386 1187 3439 vitae
1223 3399 1357 3439 mea;
1393 3394 1660 3455 tempore,
1695 3385 2044 3476 maximequq
2064 3385 2118 3439 in

535 3476 1023 3540 tribulationibus;
1083 3485 1214 3532 tunc
1264 3479 1409 3532 enim
1461 3477 1736 3547 praecipue
1779 3477 1985 3532 auxilio
2034 3484 2120 3531 est

534 3584 695 3639 opus.
727 3568 837 3623 Aut
867 3569 1102 3624 fortasse
1126 3585 1234 3623 non
1259 3569 1418 3639 quasi
1443 3570 1510 3623 de
1533 3569 1716 3623 futura
1745 3569 2116 3632 tribulatione.

535 3661 636 3717 sed
664 3662 733 3716 de
763 3662 1022 3732 praesenti
1046 3661 1252 3716 dictum
1277 3670 1381 3717 est.
1414 3659 1489 3714 Ea
1520 3661 1666 3716 enim
1699 3661 1819 3732 ejus
1850 3662 2119 3717 sententia

533 3760 619 3807 est
649 3767 662 3804 :
688 3749 826 3818 Quia
851 3751 976 3807 talis
1005 3751 1120 3806 haec
1147 3751 1266 3807 dies
1281 3760 1387 3816 est,
1416 3759 1474 3805 ut
1495 3752 1615 3823 ejus
1637 3753 1957 3825 gravitatem
1977 3750 2120 3808 ferre

534 3860 646 3900 non
677 3843 910 3909 valeam,
955 3841 1175 3898 ﬂectere
1205 3851 1259 3899 et
1306 3855 1619 3916 promptum
1669 3845 1932 3900 auxilium
1974 3860 2118 3915 prte-

534 3939 687 3992 stito.
721 3935 788 3992 In
809 3953 1119 4009 quacunque
1137 3937 1222 3991 die
1245 3937 1551 3992 invocarem
1568 3950 1638 4002 te,
1659 3938 1904 3993 velociter
1922 3939 2119 3993 exaudi

534 4047 637 4087 me.
667 4028 876 4102 Ecquid
911 4037 1122 4084 tantum
1175 4030 1371 4102 urget?
1410 4045 1532 4099 quae
1582 4031 1665 4085 vel
1720 4031 1896 4102 qualis
1951 4045 2118 4086 causa

533 4123 881 4182 velocitatis?
909 4123 1051 4190 Quia
1103 4122 1401 4194 defecerunt
1433 4123 1571 4177 sicut
1608 4123 1786 4193 fumus
1828 4123 1940 4178 dies
1972 4124 2116 4178 mei:

535 4215 798 4288 temporis
848 4216 1170 4272 brevitatem
1217 4225 1272 4272 et
1325 4215 1740 4271 instabilitatem
1781 4230 1880 4286 per
1908 4214 2117 4270 fumum

534 4309 829 4381 signiﬁcat.
857 4307 925 4363 Et
946 4325 1070 4364 oua
1094 4325 1210 4362 mea
1240 4308 1377 4363 sicut
1402 4309 1652 4362 cremium
1675 4317 1948 4363 aruerunt.
1985 4307 2118 4362 Per-

533 4417 720 4456 cussus
754 4418 871 4456 sum
901 4410 957 4454 ut
986 4401 1164 4471 fenum
1183 4410 1232 4456 et
1260 4401 1471 4455 exaruit
1495 4417 1587 4455 cor
1617 4416 1808 4464 meum,
1834 4401 1960 4471 quia
1985 4399 2118 4454 obli-

2219 4414 2329 4466 μου
2353 4398 2496 4453 ὡσεὶ
2516 4402 2770 4472 φρύγιον
2788 4406 3282 4476 συνεφρύγησαν.
3327 4411 3475 4464 Ἐπλ
3485 4411 3648 4481 ήγην
3665 4417 3813 4471 ὡσεὶ

535 4504 621 4548 tu
649 4510 768 4548 sum
801 4493 1070 4549 comedere
1104 4509 1292 4563 panem
1324 4509 1515 4548 meum.
1555 4494 1599 4547 Α
1625 4509 1746 4548 voce
1771 4493 1996 4563 gemitus
2018 4492 2117 4546 mei

2219 4493 2448 4560 χόρτος,
2479 4494 2579 4548 καὶ
2597 4494 2900 4565 ἐξηράνθη
2923 4499 2960 4568 ἠ
2987 4500 3200 4568 καρδία
3225 4519 3366 4571 μου,
3397 4502 3488 4558 ὅτι
3517 4505 3812 4565 ἐπελαθό-

533 4584 760 4639 αάΙιιεεὶε
806 4603 863 4639 οι
894 4602 1065 4640 meum
1100 4587 1251 4639 carni
1308 4602 1455 4642 tuear.
1502 4585 1636 4653 Quae
1665 4585 1868 4656 populo
1909 4585 2119 4639 accide-

2219 4602 2345 4655 μην
2369 4587 2477 4642 τοῦ
2511 4588 2725 4657 φαγεῖν
2754 4589 2863 4643 τὸν
2888 4591 3070 4660 ἄρτον
3107 4612 3249 4663 μου.
3294 4596 3427 4650 Ἀπὸ
3453 4598 3666 4668 φωνῆς
3703 4602 3812 4657 τοῦ

533 4685 664 4731 runt
689 4683 748 4740 ut
772 4676 876 4732 sibi
904 4676 1124 4748 propria
1151 4684 1374 4732 enarrat
1396 4677 1750 4747 propheticus
1778 4676 2002 4739 chorus,
2036 4676 2119 4730 vel

2222 4681 2562 4749 στεναγμοῦ
2575 4699 2697 4750 μου
2716 4681 3020 4752 ἐκολλήθη
3047 4685 3113 4740 τὸ
3136 4687 3365 4742 ὀστοῦν
3380 4707 3502 4758 μου
3523 4690 3608 4760 τῇ
3628 4696 3812 4762 σαρκί

533 4771 696 4825 etiam
734 4770 850 4840 ipse
903 4767 1071 4824 David
1122 4787 1135 4824 :
1181 4769 1529 4839 declaratque
1565 4768 1874 4850 universam
1925 4781 2117 4822 eorum

2219 4789 2354 4839 μου.
2389 4773 2469 4826 Τὰ
2491 4775 2776 4844 συμδάντα
2797 4776 2875 4847 τῷ
2899 4777 3014 4848 λαῷ
3041 4780 3448 4836 οἰκειοποιεῑται
3471 4785 3500 4836 ὁ
3529 4801 3808 4858 προφητε-

533 4862 815 4926 virtutem,
857 4876 965 4932 qua
1003 4860 1194 4932 legalis
1232 4861 1417 4918 cultus
1465 4859 1826 4925 consistebat,
1890 4859 2119 4931 periisse

2222 4863 2316 4930 κὸς
2345 4865 2536 4936 χορὸς,
2569 4866 2602 4936 ἢ
2638 4868 2732 4920 καὶ
2761 4871 2790 4921 ὀ
2824 4870 3016 4924 Δαυῖδ·
3070 4872 3164 4926 καὶ
3201 4873 3473 4928 δείκνυσιν
3526 4879 3614 4932 ὅτι
3657 4885 3811 4936 πᾶσα

2144 3168 2188 3228 C

533 4971 599 5011 ac
647 4955 1053 5026 pessumivisse.
1132 4951 1257 5011 Haec
1313 4967 1478 5024 porro
1521 4960 1676 5008 erant
1727 4951 2116 5016 sacerdotium,

533 5049 822 5120 templum,
851 5062 1110 5119 pecorum
1138 5047 1430 5110 sacriﬁcia,
1459 5045 1637 5117 gentis
1663 5045 1754 5115 jus
1783 5052 1838 5100 et
1867 5044 2112 5100 libertas.

535 5141 856 5199 Sublimiori
890 5156 1020 5197 vero
1052 5156 1240 5203 sensu,
1273 5140 1367 5212 qui
1415 5139 1715 5195 secundum
1764 5136 1934 5194 Deum
1981 5153 2117 5208 pau-

2220 4953 2448 5024 δύναμις
2471 4955 2673 5021 αὐτῶν,
2706 4958 2773 5011 δι’
2799 4953 2865 5030 ἦς
2895 4964 3231 5033 συνειστήκει
3257 4965 3324 5017 τὰ
3343 4967 3442 5037 τῆς
3473 4968 3622 5021 κατὰ
3646 4971 3810 5041 νόμον

2221 5044 2476 5116 λατρείας
2495 5087 2509 5110 ,
2557 5048 2822 5122 διεφθάρη
2850 5052 2944 5105 καὶ
2978 5053 3276 5111 ἀπόλωλεν.
3309 5053 3414 5111 τΗν
3439 5060 3497 5112 δὲ
3525 5061 3704 5115 ταῦτα
3775 5067 3807 5134 ἠ

2222 5137 2620 5208 ἀρχιερωσύνη,
2653 5143 2682 5194 ὁ
2706 5141 2862 5205 ναὸς,
2898 5144 2952 5195 αι
2985 5143 3073 5196 διὰ
3091 5144 3200 5197 τῶν
3239 5145 3566 5218 θρεμμάτων
3596 5151 3800 5214 θυσίαι,

536 5252 633 5308 per
683 5244 790 5301 est,
848 5235 1088 5307 primum
1126 5249 1287 5289 suum
1345 5231 1560 5287 facinus
1612 5235 1881 5296 enuntiat,
1925 5246 2119 5310 nempe

2219 5232 2313 5285 καὶ
2343 5232 2376 5303 ὴ
2410 5233 2705 5304 αὑτονομία
2740 5235 2834 5288 τοῦ
2869 5235 3072 5302 ἔθνους.
3135 5238 3492 5313 ’Υψηλότερον
3518 5243 3574 5296 δὲ
3599 5245 3632 5296 ὁ
3659 5248 3800 5300 κατὰ

536 5327 683 5399 quod
709 5337 1076 5397 temporaneae
1100 5323 1227 5378 vitae
1259 5322 1377 5377 dies
1411 5321 1497 5378 sui
1541 5324 1718 5378 instar
1747 5321 1881 5377 fumi
1911 5321 2122 5378 defece-

533 5417 668 5483 rint,
699 5431 826 5472 cum
854 5416 1120 5486 inglorius
1154 5421 1209 5470 et
1249 5415 1521 5469 obscurus
1567 5414 1718 5483 ipsos
1767 5414 2113 5485 transegerit.

536 5508 653 5565 Hoc
682 5515 862 5565 autem
894 5507 1164 5578 intelliges
1191 5522 1257 5561 ex
1291 5505 1376 5560 bis
1414 5521 1536 5576 qua:
1561 5505 1665 5562 Job
1705 5508 1781 5561 ait
1826 5527 1840 5562 :
1885 5507 2117 5574 Quando

537 5600 744 5656 lucebat
769 5600 983 5655 lucerna
1003 5615 1160 5669 super
1179 5609 1336 5667 caput
1367 5613 1561 5664 meum,
1593 5599 1804 5669 quando
1835 5617 1980 5654 eram
2005 5617 2118 5655 ma-

611 5783 652 5836 ."
695 5781 856 5839 Micb.
893 5797 962 5836 vu
989 5820 1004 5849 ,
1047 5781 1100 5848 i,
1133 5779 1188 5835 2.
1267 5781 1309 5814 ¹⁸
1347 5779 1493 5838 Psal.
1530 5795 1624 5835 xu!
1651 5820 1666 5846 ,
1705 5780 1757 5835 '5.

2215 5322 2348 5376 Θεὸν
2381 5325 2592 5396 πτωχὸς
2636 5325 2852 5397 πρῶτον
2894 5329 3059 5384 αὑτοῦ
3094 5332 3425 5404 κατόρθωμα
3463 5335 3704 5392 διδάσκει
3739 5341 3798 5393 τὺ

2213 5416 2582 5472 ἐκλελοιπέναι
2612 5420 2822 5474 καπνοῦ
2842 5421 3124 5494 δίκηνοτὰς
3151 5424 3253 5494 τῆς
3286 5428 3624 5500 προσκαίρου
3653 5431 3799 5504 ζωῆς

2215 5509 2428 5580 ἡμέρας
2448 5510 2632 5575 αὑτοῦ,
2661 5512 2864 5578 ἀδόξως
2887 5517 2981 5568 καὶ
3005 5516 3226 5587 ἀφανῶς
3248 5517 3418 5583 αὑτὰς
3435 5507 3794 5590 διεξάγοντος.

2211 5599 2445 5671 Νοήσεις
2476 5601 2533 5654 δι
2562 5602 2720 5658 τοῦτο
2748 5606 2842 5675 ἀφ’
2875 5601 2950 5663 ὧν
2982 5609 3012 5662 ὁ
3048 5608 3168 5666 Ἰὼσ
3202 5625 3368 5681 φησιν
3387 5630 3399 5643 ·
3466 5614 3602 5669 ὀι-ε
3628 5615 3796 5688 norat

1838 5782 1880 5814 "
1919 5781 2024 5837 lsa.
2070 5799 2223 5846 xxvi,
2263 5783 2349 5839 £6.
2427 5785 2472 5817 "
2510 5784 2668 5842 Rom.
2701 5804 2754 5844 γ.
2790 5788 2844 5844 4.
