3954 7146
543 349 681 404 1255

1186 343 1454 400 EUSEBll
1484 334 1968 399 CESARIENSIS
2004 338 2159 398 OPP.
2198 337 2380 394 PARS
2419 335 2506 393 Ill.
2547 366 2620 378 —
2657 335 3070 393 EXEGETICA.

3755 338 3918 393 1256

541 473 724 524 servat
745 467 888 522 enim
913 479 1020 538 qua
1042 471 1235 521 ventus
1263 463 1472 536 perllet,
1502 471 1666 534 atque
1697 462 1822 518 inde
1842 477 2110 518 venenum

2218 460 2303 514 τὸν
2326 460 2402 514 ίόν
2422 475 2434 488 ·
2465 463 2791 532 metamus?
2809 461 2917 532 γάρ
2945 462 3068 515 ὅθεν
3093 465 3216 516 πνεῖ
3237 465 3265 515 6
3289 465 3524 534 ἂνεμος,
3577 462 3910 516 atdans.

541 572 702 615 suum
730 558 894 628 pullis
918 555 1154 621 exhalat,
1189 556 1263 609 ita
1297 562 1358 608 ut
1385 555 1677 610 intereant.
1706 551 1811 608 Sed
1838 561 1992 623 pater
2015 567 2113 607 eo-

542 664 668 706 rum
713 663 909 703 rursus
938 646 1225 712 advolans,
1258 660 1323 700 ac
1360 643 1596 700 naturali
1642 645 1856 699 ratione
1888 641 2116 697 insidias

544 734 918 810 conspicatus,
985 737 1135 791 novit
1180 742 1235 791 et
1287 737 1406 806 ipse
1447 751 1560 806 quo
1604 743 1762 806 pacto
1793 733 2118 788 reviviscere

543 832 777 904 possint.
813 829 1020 884 Nubem
1053 829 1198 884 enim
1228 829 1506 892 observat,
1532 835 1587 884 et
1617 829 1671 882 in
1693 827 1927 884 sublime
1944 826 2112 887 volat,

543 938 608 980 ac
664 937 830 992 supra
871 927 1033 991 caput
1067 919 1285 974 illorum
1331 919 1537 976 sensim
1575 919 1784 982 volitat,
1836 918 2115 986 lateraque

543 1014 740 1086 pennis
766 1013 1138 1068 vehementius
1163 1012 1438 1082 quatiens,
1460 1011 1744 1081 sanguinis
1771 1017 1953 1082 guttas
1981 1009 2116 1079 ipsis

541 1105 798 1176 exprimit
837 1112 892 1158 et
919 1104 1157 1159 emittit:
1189 1103 1294 1158 illa
1324 1117 1453 1158 vero
1477 1117 1574 1173 per
1594 1102 1793 1158 nubem
1823 1102 2112 1159 stillantes.

473 1189 476 1194 ’
540 1195 811 1250 vivitlcam
832 1193 1066 1248 mortuis
1082 1193 1188 1246 vim
1211 1191 1468 1255 ell'erunt,
1495 1201 1658 1261 atque
1677 1193 1749 1245 ita
1777 1191 1854 1245 illi
1872 1191 2117 1245 excitan-

540 1293 652 1342 tur.
682 1283 991 1340 Pellicanus
1021 1284 1207 1353 itaque
1248 1298 1348 1354 pro
1391 1282 1620 1339 Domino
1659 1283 1946 1354 accipitur,
1982 1282 2114 1352 pulli

540 1391 642 1449 pro
676 1376 868 1446 primis
895 1374 1238 1446 parentibus,
1272 1373 1436 1430 nidus
1465 1390 1563 1444 pro
1587 1374 1864 1445 paradiso,
1887 1389 2115 1444 serpens

541 1483 642 1538 pro
661 1475 914 1538 apostata
942 1466 1182 1522 diabolo.
1213 1464 1515 1521 lnsuﬂlavit
1540 1482 1672 1537 ergo
1703 1467 1794 1522 ille
1828 1482 1928 1538 per
1953 1466 2114 1520 inob-

541 1559 883 1629 sequentiam
916 1559 1112 1630 primis
1156 1559 1476 1629 parentibus
1512 1559 1568 1614 in
1606 1558 1863 1629 paradiso
1895 1557 2113 1629 positis,

540 1662 882 1721 mortemque
944 1650 1151 1706 invexit
1204 1651 1313 1706 illis
1362 1669 1376 1704 :
1425 1650 1684 1706 Christus
1736 1665 1866 1707 vero
1925 1665 2112 1705 amore

2223 550 2442 620 ἐμφυσᾷ
2464 551 2578 612 τοῖς
2610 551 2840 614 νεοττοῖς
2870 550 2962 602 τὸν
2996 550 3072 603 ίδν
3101 550 3265 605 αὑτοῦ
3282 591 3297 615 ,
3327 553 3422 606 καὶ
3451 550 3910 606 τελευτῶσιν-

2229 641 2365 694 ‘AD.’
2385 642 2414 693 6
2445 642 2734 712 γεννήσας,
2763 643 2945 705 αὐτοῖς
2973 643 3207 706 ἐπιπτάς
3224 638 3397 708 αὖθις,
3422 646 3536 697 καὶ
3575 641 3728 713 τὴν
3767 644 3902 694 ἐπι-

2216 732 2408 804 ϐουλὴν
2434 735 2682 802 φυσικοῖς
2701 731 2879 800 λόγοις
2899 732 3055 796 εἰδὼς
3069 774 3084 796 ,
3112 729 3220 787 οἶδε
3241 734 3399 789 πάλιν
3419 734 3700 805 ὁμοίως
3735 733 3906 794 ὅπως

2216 822 2629 876 ἀναϐιώσονται.
2693 825 2892 877 Σκοπεῖ
2931 825 3041 897 γὰρ
3071 825 3302 897 νεφέλην
3332 827 3427 879 καὶ
3467 825 3778 877 πέτεται
3819 828 3900 887 εἰς

2218 911 2370 982 ὕψος,
2397 915 2490 966 καὶ
2516 913 2659 967 κατά
2682 913 2924 987 κορυφὴν
2952 916 3135 986 ἠρέμα
3164 917 3253 968 ἐπ’
3278 917 3466 980 αὑτοῖς
3501 913 3896 986 πτερύσσε-

2215 1020 2328 1066 ται,
2358 1005 2451 1058 καὶ
2469 1003 2538 1058 τὰ
2565 1005 2770 1076 πλευρά
2795 1008 2907 1070 τοῖς
2934 1009 3154 1078 πτεροῖς
3178 1007 3540 1080 ἑκατέρωθεν
3571 1005 3896 1076 πλήσσων

2219 1096 2606 1168 σφοδρότερον,
2653 1097 2884 1169 αἵματος
2916 1098 3100 1162 αὐτοῖς
3125 1099 3340 1170 ῥανίδας
3379 1098 3693 1170 ἀφίησιν·
3729 1099 3800 1149 αἱ
3833 1099 3890 1150 δέ

2216 1187 2303 1242 διὰ
2332 1188 2430 1260 τῆς
2461 1189 2688 1260 νεφέλης
2722 1190 3105 1256 ἐπιστάζουσαι
3137 1189 3399 1260 ζωογόνον
3439 1193 3590 1254 τοῖς
3639 1207 3888 1260 νεκρω-

2216 1280 2386 1335 θεῖσιν
2417 1281 2682 1335 ἐντιθέασι
2708 1281 2957 1352 δύναμιν,
2986 1283 3081 1337 καὶ⁹
3103 1283 3424 1354 ἐγείρονται.
3447 1280 3884 1352 Λαμεὰνεται

2215 1369 2309 1426 οῦν
2333 1375 2361 1427 6
2394 1372 2627 1426 πελεκάν
2666 1375 2748 1438 είς
2777 1374 2868 1428 τὸν
2900 1374 3102 1446 Κύριον
3121 1415 3136 1436 ,
3162 1377 3210 1427 oi
3238 1374 3296 1428 δὲ
3327 1373 3564 1429 νεοττοὶ
3605 1375 3718 1437 εἰς
3751 1375 3884 1436 τοὺς

2216 1465 2672 1536 πρωτοπλὼτους
2694 1505 2710 1530 ,
2733 1467 2766 1538 ἡ
2799 1465 2855 1519 δὲ
2885 1465 3045 1519 καλιὰ
3071 1468 3148 1529 εἰς
3173 1467 3263 1519 τὸν
3291 1466 3682 1538 παράδεισον
3703 1505 3724 1528 ,
3765 1467 3798 1518 6
3823 1466 3874 1518 δὲ

2214 1557 2336 1627 ὄφις
2359 1557 2439 1619 είς
2465 1557 2556 1610 τὸν
2578 1557 2887 1628 ἀποστάτην
2908 1557 3172 1612 διάϐολον.
3208 1557 3612 1628 Ἐνεφύσησεν
3637 1551 3762 1609 οὖν
3787 1550 3876 1608 οἱ-

2213 1665 2307 1712 τος
2347 1647 2437 1702 διὰ
2478 1647 2576 1719 τῆς
2606 1649 2890 1720 παρακοῆς
2927 1651 3040 1712 τοῖς
3063 1650 3121 1702 ἐν
3149 1647 3227 1719 τῷ
3255 1648 3608 1721 παραδείσῳ
3645 1647 3870 1702 τεθεῖσι

540 1743 714 1798 nostri
767 1751 1070 1815 permotus,
1117 1743 1174 1797 in
1201 1758 1367 1799 cruce
1416 1743 1710 1810 exaltatus,
1737 1757 1800 1798 ac
1831 1745 1888 1798 in
1943 1744 2112 1799 latere

2218 1740 2694 1814 npmzonlactmc,
2747 1741 2841 1795 καὶ
2886 1741 3152 1812 νέκρωσιν
3185 1743 3371 1806 αὐτοῖς
3405 1742 3813 1797 ἐντέθεικεν·
3843 1745 3868 1794 ὀ

539 1810 880 1898 vulneratus,
912 1835 1184 1889 viviticum
1209 1834 1337 1890 inde
1370 1835 1690 1905 sanguinem
1723 1835 1930 1891 stillare
1964 1833 2112 1900 fecit,

2218 1810 2276 1887 at
2305 1820 2537 1905 Χριστὸς
2567 1832 2657 1886 διὰ
2687 1832 2787 1904 τὴν
2819 1832 2954 1904 πρὸς
2985 1810 3132 1904 ημᾶς
3160 1835 3381 1906 ἀγάπην
3410 1834 3576 1904 ὑψοῦ
3615 1835 3864 1903 γενόμε-

540 1943 751 1997 nosque
771 1935 1018 1983 mortuos
1051 1942 1148 1998 per
1179 1929 1381 1983 nubem
1429 1927 1606 1983 sancti
1669 1926 1908 1998 Spiritus
1936 1926 2116 1982 vivifi-

539 2021 686 2076 cavit
708 2038 726 2075 :
749 2019 947 2074 Factus
975 2036 1093 2074 sum
1121 2020 1253 2075 sicut
1287 2020 1594 2090 nycticoraa:
1620 2019 1675 2074 in
1702 2018 1993 2074 domicilio.
2020 2020 2116 2074 Ti-

539 2113 722 2170 midus
737 2123 818 2169 est
831 2114 1177 2184 nycticorax;
1200 2127 1372 2184 quare
1389 2113 1534 2168 ultro
1559 2111 1809 2183 citroque
1827 2111 2039 2184 fugiens
2057 2113 2113 2166 in

538 2205 942 2261 domiciliorum
981 2205 1269 2260 ruderibus
1297 2213 1601 2276 pernoctat,
1633 2218 1699 2260 ac
1728 2204 1781 2259 in
1804 2205 1981 2272 [nocte
2005 2219 2116 2276 prae

541 2293 835 2351 formidine
851 2296 1116 2350 clamitat.
1141 2293 1244 2350 Per
1262 2295 1589 2366 pollicanutu
1610 2295 1796 2368 itaque
1813 2303 2112 2352 extremam

537 2389 720 2460 populi
753 2389 1062 2444 vastitatrm
1093 2395 1147 2443 et
1205 2387 1558 2442 solitudinem
1613 2386 1978 2458 signiﬁcabat,
2018 2402 2115 2460 per

538 2480 940 2550 nycticoraeem
976 2493 1106 2533 vero
1135 2477 1392 2534 tenebras
1424 2477 1652 2543 indicat,
1683 2479 1842 2550 queis
1874 2480 2113 2551 populus

539 2572 751 2628 oll'usus
779 2578 863 2626 est
894 2569 1263 2641 :denotatque
1305 2587 1422 2633 eos,
1453 2571 1728 2627 exstincto
1766 2573 1971 2629 lumine
2007 2574 2113 2630 sibi

536 2659 855 2727 irradiante,
888 2661 1191 2733 ignorantia
1220 2663 1314 2720 Dei
1341 2663 1585 2727 all‘ectos,
1608 2664 1765 2735 quasi
1791 2664 1848 2719 in
1873 2663 2113 2718 tenebris

539 2758 596 2804 et
623 2751 678 2805 in
705 2761 866 2807 nocte
890 2755 1118 2809 versari.
1148 2753 1404 2810 Fortasse
1432 2754 1516 2808 vir
1566 2759 1815 2818 sanctus,
1849 2753 1978 2823 quia
2012 2767 2114 2806 no-

539 2842 720 2898 ctibus
749 2843 981 2913 singulis
1012 2845 1219 2900 orando
1259 2845 1476 2911 clamet,
1510 2853 1817 2916 opportune
1849 2861 1971 2902 sese
2009 2861 2111 2916 ny-

539 2935 797 2989 cticoracr
823 2935 1054 2990 confert.

610 3107 777 3167 Vsus.
811 3109 963 3166 8—H.
1027 3111 1272 3183 Vigilavi,
1305 3122 1353 3166 et
1399 3111 1575 3182 factus
1605 3129 1722 3166 sum
1765 3114 1901 3168 sicut
1931 3129 2114 3182 passer

539 3203 814 3259 solitarius
842 3205 896 3258 in
936 3214 1088 3260 tecto.
1117 3205 1249 3260 Tota
1279 3205 1362 3259 die
1403 3204 1791 3275 exprobrabant
1835 3207 1964 3260 mihi
2008 3207 2116 3261 ini-

540 3297 664 3349 mici
695 3297 795 3351 mei
828 3314 846 3352 :
876 3306 925 3351 et
950 3298 1040 3366 qui
1084 3296 1373 3352 laudabant
1404 3315 1505 3361 me,
1539 3299 1816 3354 aduersum
1855 3315 1936 3354 me
1955 3299 2115 3369 jura-

541 3384 689 3440 bant.
721 3383 988 3442 DerisiOni
1031 3385 1108 3441 fui
1154 3388 1389 3444 inimicis
1420 3407 1432 3443 :
1465 3398 1519 3443 et
1557 3389 1652 3459 qui
1683 3390 1812 3444 olim
1862 3393 2119 3446 aemulan-

539 3474 644 3531 dus
675 3487 727 3530 et
756 3476 983 3532 illustris
1011 3492 1182 3540 eram,
1203 3493 1349 3533 nunc
1377 3479 1442 3534 ad
1468 3479 1858 3549 jusjurandum
1883 3498 2119 3553 usurpor

540 3565 611 3622 ab
645 3566 714 3637 iis
747 3569 837 3636 qui
866 3583 952 3621 me
980 3568 1108 3621 olim
1146 3569 1488 3624 mirabantur
1513 3585 1526 3622 :
1559 3585 1654 3641 per
1684 3586 1832 3627 meas
1862 3574 2006 3627 enim
2036 3589 2120 3627 ca-

539 3659 812 3714 lamitates
832 3659 1044 3727 jurant,
1071 3657 1149 3714 Ne
1180 3661 1358 3731 patiar
1384 3677 1447 3717 ea
1478 3677 1600 3733 qua:
1621 3663 1844 3734 quidam
1871 3667 2117 3735 perpessi

541 3747 689 3801 eunt.
725 3746 794 3801 Et
823 3749 910 3817 qui
944 3748 1236 3803 laudabant
1271 3768 1372 3816 me,
1401 3753 1680 3808 adversum
1715 3771 1794 3809 me
1817 3755 2117 3826 jurabant:

543 3849 729 3917 mpetu
759 3843 850 3901 qui
900 3840 1067 3898 Deum
1116 3842 1423 3918 adjutorem
1459 3861 1570 3901 non
1616 3847 1898 3905 haberem.
1932 3849 2120 3922 Neque

539 3941 716 3996 solum
750 3940 953 3994 inimici
984 3939 1078 3995 Dei
1113 3939 1228 3994 haec
1257 3946 1525 4010 agmut;
1566 3939 1662 3996 sed
1696 3942 1860 3996 ctiam
1906 3942 2001 4012 qui
2033 3959 2120 3999 tne

539 4032 856 4104 diligebant,
888 4034 1174 4088 adversum
1201 4049 1287 4087 me
1309 4031 1594 4100 iurabant,
1639 4033 1692 4089 id
1719 4042 1804 4090 est
1830 4037 2119 4091 contribu-

539 4124 624 4183 les
654 4127 780 4181 mei.
827 4124 963 4180 Nam
1011 4126 1067 4180 hi
1099 4141 1318 4196 quoque
1363 4127 1499 4197 ipsis
1529 4129 1832 4199 prophetiis
1860 4147 1968 4185 non
1998 4147 2120 4187 cre-

539 4216 782 4272 debant:
815 4218 911 4271 sed
934 4217 1277 4273 hortationes
1301 4233 1366 4272 ac
1408 4218 1718 4275 futurorum
1753 4225 2020 4292 promissa
2046 4225 2120 4280 ir-

539 4309 802 4372 ridentes,
857 4308 1146 4364 adversum
1194 4325 1280 4365 tne
1322 4311 1614 4381 iurabant,
1655 4315 1930 4372 vaticiniis
1983 4318 2118 4372 meis

541 4398 700 4454 (idem
736 4405 1016 4469 negantes.
1047 4399 1189 4466 Quia
1207 4404 1432 4456 cinerem
1473 4413 1724 4474 tanquam
1756 4423 1946 4475 panem
1974 4426 2121 4464 mart-

2219 1943 2308 1990 νος
2333 1925 2427 1979 ἐπὶ
2450 1924 2543 1979 τοῦ
2567 1925 2800 1998 σταυροῦ
2815 1966 2830 1990 ,
2846 1927 2940 1980 καὶ
2964 1927 3147 1996 νυγεὶς
3174 1927 3272 1998 τὴν
3288 1926 3587 2000 πλευρὰν,
3627 1927 3860 1980 ἐκεῖθεν

2217 2015 2280 2070 τὸ
2311 2014 2626 2090 ζωήρῤυτον
2657 2015 2948 2080 ἐστάλαξεν
2974 2011 3144 2086 αἷμα,
3188 2019 3282 2072 καὶ
3307 2017 3396 2072 διά
3432 2018 3554 2088 τῆς
3602 2017 3856 2086 νεφέλης

2217 2109 2313 2163 τοῦ
2354 2109 2512 2178 ἁγίου
2544 2109 2858 2180 Πνεύματος
2886 2109 3257 2181 νεκρωθέντας
3287 2110 3436 2182 ἡμᾶς
3457 2107 3852 2173 ἀνεζιὶιωσεν·

2231 2199 2559 2271 Ἓτενήθην
2588 2201 2730 2255 ὡσεὶ
2757 2202 3119 2268 νυκτικόραξ
3138 2201 3208 2255 ἐν
3227 2199 3556 2266 οὶκοπέδῳ.
3600 2199 3850 2254 Δειὶὺνὸ

2219 2291 2579 2364 νυκτικὸραξ·
2631 2291 2714 2345 διὸ
2747 2291 2959 2361 φεύγων
3017 2291 3354 2363 πανταχόθεν
3395 2293 3521 2355 τοῖς
3557 2292 3848 2362 ὲρειπξοις

2217 2382 2326 2437 τῶν
2350 2384 2667 2456 οἰκημάτων
2695 2381 3051 2449 ἐναυλίζεται,
3088 2383 3182 2438 καὶ
3207 2385 3265 2437 ἐν
3295 2384 3451 2438 νυκτὶ
3477 2381 3716 2455 κράζει
3746 2383 3846 2435 ὑπὸ

2217 2471 2434 2537 δειλίας.
2473 2473 2570 2528 Διά
2592 2473 2691 2546 μὲν
2718 2471 2813 2528 οὖν
2841 2473 2934 2530 τοῦ
2959 2474 3254 2539 πελεκᾶνος
3277 2476 3378 2554 τὴν
3411 2474 3683 2545 παντελῆ
3713 2476 3841 2544 ἐρηο

2222 2564 2350 2636 μίαν
2379 2564 2474 2619 τοῦ
2501 2565 2629 2620 λαοῦ
2665 2567 2903 2638 ἐσήμανε
2923 2583 2936 2596 ·
2980 2565 3068 2620 διὰ
3106 2566 3163 2620 δὲ
3195 2565 3290 2620 τοῦ
3323 2565 3758 2637 νυκτικόρακος
3783 2567 3840 2618 τὸ

2219 2653 2544 2726 κατειληφὸς
2567 2655 2756 2720 σκότος
2774 2655 2865 2710 τὸν
2886 2657 3012 2712 λαὸν
3036 2656 3215 2728 δηλοῖ·
3237 2658 3332 2711 καὶ
3350 2657 3455 2721 ὅτι,
3477 2656 3592 2711 τοῦ
3618 2673 3836 2712 καταυ-

2218 2745 2479 2814 γάζοντος
2503 2749 2700 2814 αὐτοὺς
2728 2751 2903 2819 φωτὸς
2927 2751 3356 2817 ἀποσϐεσθέντος
3374 2791 3390 2816 ,
3414 2745 3504 2808 οἷα
3536 2753 3608 2806 ὲν
3631 2751 3832 2821 σκοτίᾳ

2219 2839 2326 2892 elei.
2348 2841 2440 2893 καὶ
2460 2841 2614 2894 νυκτὶ
2635 2842 2907 2910 ἀγνωσίαν
2922 2842 3056 2897 Θεοῦ
3082 2843 3314 2914 ἔχοντες.
3337 2844 3576 2914 Τάχαδὲ
3595 2847 3628 2899 6
3645 2846 3824 2914 ἅγιος.

2218 2931 2405 3004 ἐπειδὴ
2420 2933 2711 3004 παννύχεις
2732 2933 2861 2988 ἐϐόα
2879 2935 3330 3007 προσευχόμενος,
3353 2937 3686 3004 ἀναγκαίως
3708 2940 3820 2990 ἐαιν

2217 3022 2310 3079 τὸν
2334 3023 2671 3098 παραϐάλλει
2704 3027 3076 3098 νυκτικόρακι.
3113 3055 3118 3062 υ

2301 3117 2705 3189 Ὴπρύπνησα,
2733 3118 2833 3172 καὶ
2858 3117 3152 3188 ἐγενήθην
3181 3120 3325 3174 ὡσεὶ
3345 3120 3688 3188 στρουθίον
3711 3137 3816 3190 μο-
3924 3117 3925 3182 l

2218 3209 2398 3270 νάζον
2415 3210 2513 3264 ἐπὶ
2539 3208 2777 3279 δώματι.
2809 3210 3004 3275 Ὅλην
3021 3208 3136 3278 τὴν
3149 3209 3377 3278 ’ἡμέραν
3393 3209 3720 3271 ὠνείδιζόν
3739 3227 3812 3280 με

2217 3307 2272 3358 οι
2296 3304 2498 3373 ἐχθροί
2536 3319 2658 3371 μου
2683 3343 2698 3366 ,
2749 3302 2849 3356 καὶ
2880 3304 2934 3357 οὶ
2963 3302 3355 3369 ἐπαινοῦντές
3381 3320 3459 3372 με
3486 3305 3624 3356 κατ’
3661 3303 3806 3373 ἐμοῦ

2217 3393 2472 3464 ὤμνυον.
2499 3391 2916 3461 Καταγέλαστος
2939 3391 3203 3462 ἐγενόμην
3229 3394 3344 3454 τοῖς
3365 3390 3684 3461 δυσμενέσι,
3717 3391 3805 3443 καὶ

2216 3487 2246 3538 6
2277 3485 2442 3540 πάλαι
2471 3484 2708 3555 ζηλωτὸς
2741 3485 2832 3537 καὶ
2855 3483 3214 3556 περίϐλεπτος
3235 3523 3250 3547 ,
3285 3482 3380 3536 νῦν
3415 3483 3583 3554 ὅρκος
3606 3482 3802 3551 γέγονα

2216 3580 2328 3641 τοῖς
2350 3576 2514 3632 πάλαι
2537 3575 2870 3648 θαυμάζουσι
2895 3593 2908 3606 ο
2935 3575 3078 3630 κατὰ
3099 3577 3209 3648 γὰρ
3237 3575 3346 3630 τῶν
3370 3574 3516 3646 ἐμῶν
3534 3576 3798 3647 ὀμνύουσι

2220 3668 2548 3741 συμφορῶν·
2579 3669 2671 3740 Μὴ
2696 3669 2923 3740 πάθοιμι
2958 3667 2994 3722 ἃ
3028 3670 3081 3722 οἱ
3107 3668 3277 3732 δεῖνες
3304 3667 3633 3722 πεπόνθασι.
3691 3667 3797 3722 Kal

2217 3765 2271 3817 oi
2294 3762 2682 3830 ἐπαινοῦντές
2693 3779 2769 3832 με
2792 3763 2918 3816 κατ’
2940 3761 3086 3831 ἐμοῦ
3112 3761 3351 3830 ὤμνυον
3368 3777 3382 3790 ·
3407 3761 3482 3824 ὡς
3507 3759 3585 3830 μὴ
3607 3759 3792 3829 ἔχοντα

2220 3853 2410 3926 βοηθὸν
2429 3854 2519 3907 τὸν
2540 3855 2689 3910 Θεόν.
2719 3856 2829 3908 Καὶ
2852 3855 2913 3907 οὐ
2938 3855 3094 3925 μόνον
3119 3855 3168 3907 οἱ
3188 3853 3372 3926 ἐθχροὶ
3385 3853 3478 3906 τοῦ
3493 3852 3630 3907 Θεοῦ
3649 3853 3792 3907 ταῦτ’

2218 3943 2516 4016 ἔπραττον,
2548 3945 2683 3999 ἀλλά
2710 3947 2805 3999 καὶ
2837 3947 2886 3999 οἱ
2914 3946 3236 4015 ἀγαπῶντες
3267 3963 3334 4016 με
3368 3948 3489 4001 κατ’
3515 3947 3650 4017 ἐμοῦ
3677 3947 3787 4018 ὤμ-

2217 4054 2341 4092 νυον
2361 4077 2376 4101 ,
2410 4038 2688 4092 τουτέστιν
2719 4041 2768 4092 οί
2803 4039 2911 4094 ἀπὸ
2937 4038 3033 4092 τοῦ
3059 4039 3225 4092 αὑτοῦ
3253 4039 3439 4102 ἔθνους
3463 4025 3561 4093 ’καὶ
3584 4039 3782 4108 γένους.

2217 4132 2328 4185 Καὶ
2348 4124 2490 4185 οὗτοι
2514 4130 2642 4200 γοῦν
2664 4132 2926 4202 ἠπίστουν
2947 4135 3066 4196 ταῖς
3087 4133 3276 4195 αὐταῖς
3299 4132 3672 4204 προφητείαις,
3691 4135 3782 4198 τάς

2216 4239 2278 4276 τε
2323 4223 2694 4295 παρακλήσεις
2724 4224 2818 4277 καὶ
2849 4224 2948 4288 τὰς
2979 4224 3088 4276 τῶν
3123 4225 3423 4295 μελλόντων
3465 4225 3778 4292 ἐπαγγελίας

2217 4313 2562 4386 διασύροντες
2593 4315 2710 4368 κατ’
2745 4315 2880 4387 ἐμοῦ
2905 4314 3119 4387 ὤμνυον
3140 4355 3154 4378 ,
3189 4314 3250 4368 τδ
3279 4314 3352 4386 μὴ
3383 4314 3648 4370 πιστεύειν
3673 4319 3777 4378 τοῖς

2218 4407 2307 4460 ὑπ’
2330 4407 2464 4477 ἐμοῦ
2491 4408 3009 4480 προφητευομένοις.
3047 4409 3174 4461 Ὅτι
3198 4405 3433 4460 σποδὸν
3452 4407 3590 4461 ὡσεί
3609 4407 3776 4476 ἄρτον

539 4488 823 4556 ducabam,
857 4501 907 4545 et
934 4500 1114 4560 patum
1153 4509 1324 4547 meum
1359 4512 1479 4550 cum
1518 4497 1646 4566 ﬂetu
1677 4499 1982 4556 miscebant.
2015 4501 2113 4556 llis

2218 4497 2462 4569 ἔφαγον,
2486 4499 2584 4553 καὶ
2611 4498 2676 4553 τὸ
2701 4502 2861 4570 πόμα
2873 4517 2994 4571 μου
3013 4502 3164 4571 μετὰ
3186 4503 3496 4572 κλαυθμοῦ
3515 4504 3768 4572 ἐκίρνων.

543 4580 740 4634 similia
764 4591 887 4636 sunt
913 4598 1034 4652 quae
1064 4584 1119 4638 in
1145 4587 1357 4654 psalmo
1387 4604 1572 4652 LXXIX,
1607 4590 1918 4647 habentur:
1954 4593 2115 4649 Oiba-

539 4667 622 4726 bt's
647 4687 742 4727 nos
770 4688 903 4740 pane
931 4675 1314 4746 lacrymarum,
1350 4688 1401 4732 et
1437 4690 1617 4749 potum
1665 4681 1817 4738 dabis
1866 4685 2016 4740 nobis
2058 4687 2116 4742 in

541 4761 793 4834 lacrymis
824 4765 880 4819 in
912 4768 1242 4824 memura".
1268 4767 1480 4826 Doloris
1517 4787 1646 4827 vero
1684 4776 2114 4846 magnitudinem

541 4853 632 4913 his
660 4855 922 4912 declarat.
957 4856 1093 4913 Nam
1124 4859 1172 4914 si
1202 4859 1394 4916 edendi
1425 4872 1641 4934 tempus
1680 4864 1868 4922 dolore
1893 4869 2112 4938 plenum

538 4953 681 5014 erat,
705 4947 852 5019 quod
878 4950 1026 5005 aliud
1058 4959 1272 5022 tempus
1301 4953 1491 5012 dolore
1520 4973 1754 5014 vacuum
1793 4960 1958 5017 fuerit
1975 4964 2000 5017 ?
2018 4963 2116 5020 His

545 5045 748 5105 autem,
775 5040 974 5111 inquit,
1019 5043 1424 5117 circumcingor
1472 5050 1654 5115 malis,
1701 5053 1829 5123 quia
1879 5064 1960 5121 tu,
2011 5055 2117 5111 Do-

543 5128 710 5196 mine,
749 5129 886 5187 iram
919 5142 1066 5188 tuam
1116 5135 1406 5193 adversum
1462 5155 1550 5195 me
1587 5147 1954 5202 commovisti.
1987 5146 2114 5205 Hzee

542 5235 710 5290 porro
749 5221 1020 5294 Propheta
1063 5224 1222 5292 dicit,
1269 5229 1452 5298 populi
1493 5230 1859 5290 calamitatem
1905 5244 1964 5292 ut
1986 5251 2113 5308 pro-

543 5313 719 5385 priam
749 5315 853 5371 sibi
894 5316 1201 5382 ascribens,
1227 5332 1291 5373 ac
1317 5328 1480 5375 tantae
1517 5322 1885 5382 multitudinis
1931 5329 2110 5398 perni-

543 5408 684 5464 ciem
719 5409 934 5481 lugens.
962 5411 1006 5466 Α
1040 5403 1179 5482 facie
1207 5414 1302 5468 ira
1329 5425 1376 5469 et
1418 5416 1798 5490 indignationis
1832 5429 1958 5485 tute,
1987 5422 2114 5492 quia

541 5501 750 5557 elevans
784 5501 1003 5557 allisisti
1042 5519 1143 5560 me.
1173 5502 1306 5571 Quae
1339 5509 1540 5577 populo
1566 5517 1620 5564 et
1646 5511 1766 5566 loco
1795 5511 2113 5569 acciderunt

547 5601 610 5655 ut
633 5593 736 5648 sibi
768 5593 991 5664 propria
1019 5601 1259 5664 enarrat,
1286 5611 1350 5653 ac
1380 5599 1559 5668 docet,
1583 5600 1650 5656 ad
1698 5617 1950 5675 magnam
1994 5605 2113 5676 glo-

617 5765 663 5797 ”
701 5765 844 5821 Psal.
880 5781 1076 5835 ιιιιι,
1113 5767 1166 5834 6.

2217 4589 2440 4654 Τούτοις
2485 4592 2841 4665 παραπλήσια
2873 4593 2941 4648 τὰ
2971 4594 3030 4647 ἐν
3057 4593 3134 4665 τῷ
3159 4595 3245 4648 οθθ
3277 4595 3476 4668 ψαλμῴ
3495 4613 3509 4624 ·
3543 4596 3772 4666 Ψωμιεῒς

2214 4680 2373 4751 ἡμᾶς
2397 4682 2579 4751 ἄρτον
2595 4683 2889 4752 δακρύων,
2920 4686 3018 4739 καί
3049 4686 3274 4753 ποτιεῐς
3301 4686 3460 4757 ἡμᾶς
3479 4689 3546 4742 ἐν
3567 4687 3769 4758 δάκρυ-

2213 4786 2318 4824 σιν
2345 4772 2416 4826 ἐν
2439 4770 2652 4842 μέτρῳ.
2683 4774 2794 4845 Τὴν
2817 4775 2876 4830 δὲ
2904 4776 3004 4847 τῆς
3027 4777 3218 4849 ὀδύνης
3247 4778 3546 4850 ὑπερϐολὴν
3563 4779 3645 4833 διὰ
3665 4780 3768 4833 τού-

2212 4877 2322 4915 των
2348 4862 2514 4936 δηλοῖ.
2537 4864 2602 4918 Εἰ
2626 4865 2733 4938 γὰρ
2757 4867 2787 4920 6
2809 4866 2906 4938 τῆς
2922 4868 3132 4939 τροφῆς
3158 4869 3351 4941 καιρὸς
3369 4869 3556 4942 ὀδύνης
3574 4871 3765 4942 bar}st

2217 4954 2446 5024 μεστὸς,
2492 4955 2578 5020 τίς
2621 4955 2689 5010 ἂν
2719 4957 2878 5022 ἄλλος
2925 4959 3116 5031 καιρὸς
3145 4961 3350 5035 ταύτης
3381 4961 3646 5036 ἐλεύθερος
3669 4959 3762 5033 in;

2214 5045 2436 5114 Τούτοις
2463 5046 2519 5101 δὲ
2543 5087 2561 5115 ,
2591 5049 2745 5120 φησὶ,
2777 5049 3173 5124 περικλύζομαι
3205 5057 3319 5118 τοῖς
3350 5057 3565 5120 κακοῖς·
3593 5057 3758 5129 ἐπειδὴ

2213 5137 2304 5202 σὺ,
2336 5137 2604 5204 Δέσποτα,
2633 5139 2927 5213 κεκίνηκας
2955 5144 3076 5198 κατ’
3104 5144 3241 5216 ἐμοῦ
3266 5146 3366 5220 τὴν
3392 5149 3572 5220 ὀργήν.
3597 5149 3754 5204 Ταῦτα

2211 5231 2270 5286 δέ
2286 5233 2500 5313 φησινό
2519 5234 2835 5307 Προφήτης,
2865 5236 3232 5308 οίκειούμενος
3245 5239 3346 5312 τὴν
3375 5241 3470 5294 τοῦ
3502 5241 3615 5296 λαοῦ
3637 5259 3750 5313 συμ-

2213 5311 2405 5394 φορὰν,
2433 5326 2530 5388 καὶ
2555 5325 2951 5399 ὀλοφυρόμενος
2978 5328 3083 5400 τὴν
3113 5311 3391 5387 ἀπώλειαν
3418 5331 3513 5388 τοῦ
3532 5311 3748 5390 τοσούτου

2214 5413 2451 5486 πλήθους
2469 5454 2484 5478 ,
2523 5415 2666 5472 Ἀπὸ
2703 5417 3030 5486 προσώπου
3059 5419 3168 5489 τῆς
3204 5422 3390 5494 ὀργῆς
3421 5425 3519 5479 καὶ
3549 5427 3639 5482 τοῦ
3663 5430 3726 5482 ου

2205 5505 2328 5576 μοῦ
2347 5520 2498 5572 σου,
2524 5505 2614 5560 ὅτι
2640 5506 2868 5577 ἐπάρας
2895 5509 3264 5582 κατέρῤαξάς
3286 5531 3383 5584 με.
3416 5516 3495 5573 Ta
3516 5517 3720 5590 συμϐεϐη

2213 5598 2346 5652 κάτα
2373 5597 2450 5670 τῷ
2473 5597 2587 5670 λαῷ
2616 5599 2709 5679 καὶ
2735 5600 2812 5672 τῷ
2835 5604 2990 5676 τύπῳ
3023 5605 3354 5664 ίδιοποιεῖται
3384 5609 3651 5679 διδάσκων,
3673 5612 3738 5667 ὅτι
