3954 7146
189 419 224 473 1
235 419 340 473 9.57

1332 415 1825 474 COMMENTARIA
1869 417 1933 470 IN
1974 416 2312 474 PSAL‘MOS.

3298 415 3434 470 I258

187 535 280 598 είς
315 533 455 605 μέγα
489 532 647 604 δόξης
677 534 909 607 ἀρθέντα
938 534 1026 587 τὸν
1051 533 1196 598 λαὸν⁹
1227 532 1302 597 ὡς
1329 532 1463 586 Θεοῦ
1491 531 1616 587 λαὸν
1636 549 1764 604 χρη-

1877 533 2012 588 riam
2064 533 2298 589 levatum
2331 531 2611 604 papulum,
2644 530 2716 586 ita
2749 543 2806 586 ut
2838 531 3069 603 populus
3097 528 3190 586 Dei
3213 545 3437 587 vocare-

193 623 449 693 ματίσαι,
483 624 628 680 τόνδε
657 624 748 678 τὸν
781 621 925 679 οίκον
956 625 1089 679 Θεοῦ
1123 624 1483 696 ὀνομασθῆναι
1508 623 1598 678 διὰ
1622 624 1683 678 τὸ
1711 626 1768 678 ἐν

190 712 350 784 αὐτῷ
374 714 637 788 ἀγίασμα.
684 716 923 790 Ἐπάρας
950 717 1042 770 καὶ
1068 717 1305 787 τιμήσας
1331 717 1360 769 ό
1383 715 1515 780 Θεὸς
1534 714 1767 786 ἐφαμίλ-

188 803 307 869 λως
337 808 404 877 τῇ
440 807 519 870 είς
549 806 679 878 ὕψος
704 806 931 882 ἀρθείσῃ
962 808 1138 862 αὐτῶν
1164 809 1313 883 δόξῃ,
1346 810 1426 874 είς
1452 809 1511 864 τὸ
1532 810 1768 864 ἐναντίον

189 897 558 968 παραγαγὼν,
585 899 882 972 κατέρῤαξε
901 917 915 931 ο
938 900 1030 954 τὸν
1057 900 1155 974 μὲν
1180 901 1344 956 τόπον
1366 901 1651 974 πολιορκίᾳ
1674 919 1773 956 πα-

195 989 396 1059 ραδοὺς
441 992 535 1044 καὶ
586 990 834 1046 παντελεῖ
881 993 1120 1066 ἐρημίᾳ,
1165 994 1256 1050 τὸν
1293 995 1348 1050 δὲ
1387 995 1514 1051 λαὸν
1568 997 1770 1068 αἰχμα-

190 1078 391 1152 λωσίᾳ.

259 1172 330 1224 Αἱ
354 1170 563 1240 ἡμέραι
577 1190 698 1242 μου
715 1174 858 1231 ὡσεί
888 1175 1035 1232 σκιὰ
1057 1177 1406 1246 ἐκλίθησαν,
1436 1176 1599 1248 κάγὼ
1627 1179 1770 1232 ὡσεί

192 1260 410 1328 χόρτος
441 1263 794 1336 ἐξηράνθην.
844 1266 1020 1324 Πᾶσα
1039 1249 1345 1338 γὰρ’σὰρξ
1372 1270 1586 1340 χόρτος
1604 1309 1620 1336 ,
1671 1271 1768 1324 καί

191 1351 364 1408 πᾶσα
389 1354 537 1421 δόξα
558 1357 749 1428 αὐτῆς
773 1359 852 1427 ὡς
889 1360 1072 1428 ἄνθος
1096 1363 1334 1431 χόρτου.
1394 1362 1563 1416 Πάλιν
1593 1380 1768 1417 κοινο-

191 1444 519 1517 ποιούμενος
559 1449 650 1504 τὸν
691 1452 818 1523 περὶ
843 1450 936 1506 τοῦ
963 1451 1094 1506 λαοῦ
1128 1453 1315 1522 λόγον,
1345 1452 1607 1523 ἐπιλέγει⁹
1657 1454 1767 1509 Καὶ

188 1533 308 1604 ἐγὼ
331 1537 474 1592 ὡσεί
493 1541 708 1610 χόρτος
725 1543 1082 1614 ἐξηράνθηγ.
1109 1545 1195 1600 Σὺ
1217 1544 1306 1611 δὲ,
1333 1547 1528 1614 Κύριε,
1554 1549 1642 1614 είς
1664 1547 1770 1602 τὸν

188 1625 376 1684 αἰῶνα
393 1628 596 1699 μένεις
615 1673 629 1696 ,
660 1635 757 1689 καὶ
798 1635 863 1689 τὸ
881 1638 1277 1708 μνημόσυνόν
1297 1653 1414 1693 σου
1447 1641 1534 1707 είς
1557 1639 1771 1711 γενεὰν

190 1719 291 1774 καί
316 1723 549 1791 γενεάν.
571 1724 652 1779 ra:
678 1726 774 1796 μὲν
803 1723 992 1800 θνητὰ,
1021 1729 1174 1800 φησι,
1197 1731 1292 1786 καὶ
1319 1731 1636 1804 ἀνθρώπινα
1661 1750 1770 1788 τοι-

191 1812 364 1877 αῦτα,
397 1809 484 1869 οἷα
516 1817 609 1870 καὶ
635 1817 956 1890 δεδήλωται,
986 1821 1276 1893 τυγχάνει,
1307 1824 1646 1896 εὐμετάϐολα
1674 1826 1768 1882 καὶ

1874 634 1984 692 tur,
2017 639 2080 679 ac
2107 625 2302 679 domus
2335 625 2536 680 Domus
2565 623 2660 681 Dei
2692 625 2762 680 ob
2788 624 3160 681 sanetuarium
3187 623 3260 678 ibi
3295 625 3439 694 posi-

1873 722 1988 771 tum
2022 716 2314 792 diceretur.
2353 713 2490 772 Cum
2523 723 2706 773 autem
2734 706 2770 772 av
2797 715 2910 774 Deo
2935 725 3152 774 erectus
3174 724 3228 772 et
3258 715 3436 772 hono-

1873 815 2028 864 ratus
2074 807 2289 873 fuisset,
2334 809 2578 866 vicissim
2617 817 2809 882 postea
2836 809 2960 866 loco
3005 808 3151 865 illius
3185 807 3440 865 sublimis

1873 899 2076 970 gloriae,
2108 900 2164 955 in
2195 901 2533 956 contrarium
2562 899 2833 972 dejectum
2849 916 2996 966 eum,
3027 900 3243 957 allisum
3272 913 3304 953 a
3330 897 3441 956 Deo

1875 988 2046 1045 fuisse
2081 990 2180 1057 ait,
2209 990 2286 1045 ita
2315 999 2375 1046 ut
2405 991 2583 1047 locum
2615 993 2891 1050 obsidioni
2912 1003 2967 1049 et
2995 999 3254 1049 extrema:
3270 995 3439 1048 vasti-

1875 1080 1993 1148 tati,
2030 1079 2290 1151 populum
2313 1096 2444 1138 vero
2465 1081 2769 1154 captivitati
2800 1081 3056 1140 traderEt.

1945 1171 2111 1229 Vens.
2142 1161 2330 1230 12-14.
2367 1172 2492 1230 Dies
2522 1175 2623 1230 mei
2645 1176 2782 1250 sicut
2821 1178 3010 1230 umbra
3027 1175 3439 1242 declinaverunt,

1873 1272 1923 1317 et
1946 1278 2039 1334 ego
2067 1263 2204 1318 sicut
2224 1262 2401 1333 fenum
2432 1265 2570 1318 arui.
2614 1263 2798 1321 Omnis
2826 1265 2966 1319 enim
2997 1282 3124 1320 caro
3156 1265 3356 1336 fenum,
3391 1276 3442 1321 et

1876 1355 2045 1409 omnis
2074 1353 2246 1426 gloria
2286 1357 2399 1425 ejus
2432 1357 2587 1426 quasi
2610 1357 2711 1426 ﬂos
2747 1356 2932 1427 feni“.
2967 1355 3209 1413 Rursum
3238 1355 3306 1413 de
3343 1373 3442 1428 po-

1876 1445 2004 1516 pulo
2047 1462 2352 1504 sermonem
2396 1447 2553 1520 quasi
2591 1445 2696 1504 sibi
2729 1443 3012 1520 prcprium
3053 1447 3285 1506 eﬂ‘erens
3309 1450 3440 1505 sub-

1870 1539 2070 1610 jungit,
2110 1538 2180 1592 Et
2216 1555 2307 1610 ego
2341 1541 2479 1594 sicut
2517 1539 2693 1609 fenum
2725 1541 2868 1596 arui.
2911 1539 2990 1594 Tu
3020 1551 3217 1606 autem,
3257 1538 3442 1596 Domi-

1875 1649 1958 1698 ne,
1995 1633 2049 1685 in
2075 1642 2324 1687 (sternam
2350 1648 2645 1702 permanes,
2673 1638 2723 1686 et
2753 1630 3060 1686 memoriale
3089 1642 3235 1685 tuum
3266 1631 3323 1685 in
3355 1648 3443 1703 ge-

1875 1724 2198 1778 nerationem
2241 1734 2290 1778 et
2327 1724 2734 1794 generationem.
2777 1721 2909 1789 Res,
2943 1723 3042 1789 ait,
3081 1724 3346 1784 mortales
3389 1733 3444 1780 et

1876 1814 2125 1868 humana:
2179 1816 2314 1871 tales
2345 1824 2492 1880 sunt,
2527 1815 2718 1885 quales
2760 1829 2929 1885 supra
2958 1815 3297 1871 declaratum
3333 1825 3441 1882 est,

192 1902 480 1976 ἀνώμαλα,
499 1909 750 1963 οὐδέποτε
770 1911 861 1964 ἐπὶ
881 1915 995 1977 τοῖς
1010 1914 1192 1979 αὐτοῖς
1213 1916 1440 1986 μένοντα
1458 1935 1471 1948 ·
1494 1919 1607 1972 ἀλλ’
1623 1920 1764 1973 ἐπαι-

1873 1908 2159 1963 mutationi
2203 1909 2415 1965 scilicet
2461 1917 2515 1966 ει
2559 1909 2970 1980 inaequabilitati
3009 1910 3278 1976 obnoxiae,
3322 1926 3444 1982 qua:

197 1999 426 2070 ρόμενα,
444 2001 537 2054 καὶ
557 2003 1067 2076 καταρῤηγνύμενα,
1094 2006 1370 2079 ὑψούμενά
1387 2028 1447 2064 τε
1468 2012 1562 2065 καὶ
1579 2029 1769 2066 ταπει-

192 2090 435 2164 νούμενα
455 2135 471 2160 ,
507 2094 600 2147 καὶ
632 2096 891 2160 παντοίας
921 2097 1130 2168 τροπὰς
1172 2101 1266 2155 καὶ
1301 2102 1601 2172 μεταόολάς
1633 2104 1768 2158 ὑπο-

196 2183 426 2256 μένοντα
452 2185 540 2241 διά
561 2187 660 2259 τὴν
682 2188 739 2240 ἐν
761 2185 1066 2262 ἀνθρώποις
1095 2191 1513 2267 πολιτευομένην
1539 2197 1736 2250 κακίαν
1752 2211 1767 2228 ⁸

195 2277 262 2330 σὺ
287 2276 364 2341 δὲ,
383 2277 576 2350 Κύριε,
598 2279 747 2334 ούδὲν
767 2279 904 2352 ἔχων
926 2280 1115 2354 θνητὸν
1138 2285 1258 2338 οὐδὲ
1283 2286 1561 2358 ἐπίκηρον,
1581 2290 1661 2354 είς
1680 2289 1770 2342 τὸν

191 2367 365 2421 αἰῶνα
400 2368 580 2440 μένεις
598 2411 612 2434 ,
643 2371 728 2425 ἀεὶ
762 2373 900 2428 κατά
928 2375 998 2430 τά
1025 2375 1166 2430 αὐτὰ
1194 2377 1287 2431 καὶ
1318 2377 1581 2444 ὡσαύτως
1607 2381 1767 2453 ἔχων,

189 2460 268 2526 ὡς
297 2461 465 2526 ἀΐδιος
494 2465 588 2518 καὶ
612 2465 965 2532 ἀναλλοίωτος
983 2508 998 2533 ,
1030 2471 1125 2523 καὶ
1152 2470 1220 2524 τὰ
1247 2471 1393 2540 ἅπαξ
1418 2471 1523 2527 ὑπὸ
1557 2473 1650 2529 σοῦ
1691 2476 1768 2548 (l)

190 2552 522 2608 σαλευθέντα
545 2596 559 2621 ,
589 2557 682 2611 καὶ
709 2559 766 2612 ἐν
791 2560 1090 2634 ἐπαγγελίᾳ
1123 2562 1480 2620 θεσπισθέντα
1509 2565 1660 2638 μένει
1690 2570 1771 2633 είς

189 2647 537 2719 μνημόσυνον
558 2649 746 2716 ἀίδιον,
771 2652 804 2725 ἢ
833 2652 934 2708 κᾶν
961 2655 1034 2728 μὴ
1061 2657 1128 2727 τῇ
1150 2656 1396 2730 παρούσῃ
1426 2659 1608 2730 γενεᾷ,
1633 2655 1774 2715 ἀλλᾶ

186 2741 253 2809 τῇ
284 2739 554 2812 ἐρχομένῃ
582 2741 722 2796 κατά
751 2744 849 2816 τὴν
872 2745 1205 2818 ψαλμῳδίαν.
1261 2749 1372 2802 Καὶ
1403 2748 1560 2804 τοῦτο
1584 2746 1676 2805 οὗν
1710 2767 1769 2804 σε

191 2829 428 2901 μάλιστα
471 2833 780 2904 ἐπικάμψαι
822 2837 1063 2906 ὀφείλει,
1099 2837 1378 2905 Δέσποτα,
1411 2843 1492 2896 ὅτι
1518 2841 1629 2912 ἐγὼ
1673 2844 1770 2916 μὲν

189 2923 285 2976 καὶ
299 2922 394 2995 τὴν
413 2922 572 2993 φύσιν
589 2925 839 2998 τοιαύτην
865 2929 971 3001 ἔχω
987 2930 1252 3004 ἐπίκηρον
1269 2933 1362 2987 καὶ
1383 2934 1768 3008 ὀλιγοχρόνιον,

189 3013 286 3064 καὶ
322 3018 626 3087 συμφοραῖς
659 3016 958 3090 συνεζύγην
999 3021 1317 3087 τοσαύταις·
1360 3024 1426 3076 σὺ
1458 3024 1514 3078 δέ
1557 3026 1772 3090 αἰώνιος

187 3101 284 3156 καὶ
330 3103 626 3171 ἀθάνατος,
660 3107 801 3162 ὥστε
847 3109 1148 3183 μεταϐολήν
1177 3131 1300 3168 τινα
1344 3112 1456 3168 τῶν
1488 3117 1772 3189 παρόντων

187 3196 378 3249 κακῶν
401 3198 598 3270 ῥᾳδίως
627 3201 690 3254 ἀν
728 3219 816 3272 μοι
846 3204 1113 3275 χαρίσαιο.
1154 3206 1326 3261 Τοῦτο
1351 3209 1458 3282 γὰρ
1480 3210 1729 3284 ἐπιφέρει
1749 3229 1763 3244 ο

187 3285 273 3339 Σὺ
298 3287 565 3357 ἀναστὰς
579 3291 967 3361 οίκτειρήσεις
989 3301 1105 3366 τὴν
1124 3296 1299 3366 Σιὼν,
1323 3297 1411 3352 ὅτι
1430 3301 1634 3371 καιρὸς
1656 3302 1764 3358 τοῦ

187 3375 548 3446 οίκτειρῆσαι
587 3380 812 3451 αὐτὴν,
861 3382 950 3438 ὅτι
993 3385 1123 3454 ἣκει
1166 3390 1390 3459 καιρός.
1425 3391 1546 3458 Δὸς,
1578 3395 1761 3466 φησιν,

187 3468 396 3538 ἀμείνω
437 3471 735 3546 μεταϐολὴν
765 3473 862 3546 τῆς
901 3479 1210 3552 συμφορᾶς·
1243 3482 1272 3532 ὁ
1302 3478 1410 3552 γὰρ
1444 3483 1634 3556 καιρὸς
1669 3483 1763 3540 τὸν

187 3559 336 3615 ἐλὲον
369 3563 614 3618 ἀπαιτεῖ·
654 3565 1056 3623 συντετέλεσται
1087 3570 1197 3643 γὰρ
1229 3572 1372 3645 ὁτῆς
1392 3573 1762 3650 ταλαιπωρίας

186 3651 343 3724 ήμῶν
387 3655 597 3726 χρόνος.
660 3657 963 3714 Δίνίττεται
994 3660 1050 3714 δὲ
1080 3660 1170 3716 διά
1199 3662 1406 3718 τούτων
1435 3666 1535 3737 τῆς
1569 3671 1682 3732 τοῖς
1710 3669 1760 3721 0'

182 3741 331 3798 [rem
353 3764 418 3799 πε
425 3749 794 3823 ριωρισμένης
811 3753 1077 3826 τιμωρίας
1096 3757 1190 3811 καὶ
1209 3757 1581 3829 αίχμαλωσίας
1598 3758 1658 3814 τδ
1675 3760 1761 3814 τέ-

181 3835 294 3900 λος.
347 3837 506 3892 οὕτω
552 3841 646 3894 καὶ
671 3843 702 3896 ό
747 3841 1048 3916 θαυμάσιος
1092 3845 1288 3921 Δανιὴλ
1313 3849 1626 3924 ἀριθμήσας
1661 3853 1761 3927 τῆς

181 3931 562 4003 αίχμαλωσίας
603 3934 694 3990 τὸν
737 3937 927 4011 χρόνον
972 3939 1270 4015 προσφέρει
1312 3942 1409 4016 τὴν
1457 3945 1758 4020 ἱκετηρίαν,

183 4023 278 4076 καὶ
329 4023 543 4094 συνᾴδει
580 4025 790 4093 τούτοις
822 4030 925 4102 τῆς
971 4034 1350 4106 πνευματικῆς
1388 4037 1654 4108 μελῳδίας
1690 4038 1761 4093 τά

187 4111 426 4182 ῥήματα.
473 4116 584 4168 Καὶ
627 4119 657 4171 δ
701 4119 978 4193 Ζαχαρίας
1018 4121 1076 4177 δὲ
1108 4126 1542 4198 προσευχόμενος
1580 4127 1756 4197 ἐλεγεο

184 4201 360 4270 Κύριε
389 4206 796 4277 παντόκρατορ
818 4248 833 4274 ,
883 4211 1060 4281 μέχρι
1091 4209 1235 4266 πότε
1275 4215 1348 4267 οὐ
1374 4207 1474 4283 μὴ’
1493 4207 1759 4285 ἐλεήσῃς

185 4291 302 4362 τὴν
328 4295 731 4370 Ἰερουσαλὴμ,
750 4300 968 4369 καὶτὰς
981 4305 1188 4370 πόλεις
1216 4301 1420 4370 Ἰούδα,
1437 4305 1512 4373 ἀς
1525 4307 1760 4376 ὑπερεῖ-

183 4384 317 4454 δες;
349 4387 522 4442 τοῦτο
557 4389 1000 4461 ἑϐδομηκοστὸν
1025 4395 1180 4461 ἔτος.
1228 4393 1676 4468 Προφητεύεσθαι
1701 4400 1759 4452 δέ

184 4479 415 4536 ἐνταῦθα
445 4477 597 4554 οἶμαι
625 4484 719 4538 καὶ
750 4485 848 4558 τὴν
876 4487 934 4558 ἐν
956 4486 1262 4561 ἀνθρώποις
1288 4489 1527 4561 Χριστοῦ
1559 4492 1758 4562 ἐπιφά-

185 4589 350 4641 νειαν,
373 4574 548 4628 αίτίαν
573 4575 836 4648 ἐσομένην
854 4577 946 4632 τοῦ
970 4579 1452 4654 ἀνοικοδομηθῆναι
1474 4582 1572 4656 τὴν
1594 4583 1753 4654 Σιὼν,

185 4665 424 4720 τουτέστι
455 4666 550 4721 τοῦ
575 4668 908 4743 ἀνεῳχθῆναι
929 4669 990 4724 τὸ
1010 4672 1110 4742 τῆς
1130 4671 1410 4740 εὐσεϐείας
1431 4675 1750 4748 πολίτευμα.

186 4757 280 4821 Τίς
299 4758 354 4812 δὲ
372 4761 401 4813 ὁ
425 4761 750 4828 πολύευκτος
777 4763 869 4817 καὶ
895 4765 1216 4836 τριπόθητος
1232 4766 1441 4839 καιρὸς,
1468 4767 1528 4821 ἐν
1546 4761 1592 4836 ᾧ
1617 4767 1755 4841 πλη-

188 4850 421 4923 ρωθῆναι
452 4851 664 4921 λέγεται
696 4855 764 4910 τὰ
791 4855 943 4929 παρά
967 4858 1066 4928 τῆς
1097 4857 1233 4912 Σιὼν
1259 4857 1642 4932 ἐπηγγελμένα
1663 4862 1752 4927 ;'0

183 4944 282 5015 τῆς
302 4946 645 5013 ἀναπάσεὼς
671 4966 786 5016 σου,
803 4950 996 5025 Κύριε.
1015 4953 1165 5006 Ἐπεὶ
1179 4952 1284 5027 γὰρ
1304 4955 1402 5026 τὴν
1424 4954 1519 5008 τοῦ
1543 4955 1748 5026 κόσμου

183 5037 454 5110 ἁμαρτίαν
486 5035 616 5111 ἆραι
648 5039 936 5113 ἐλήλυθαςο
971 5045 1072 5098 οὐκ
1099 5045 1204 5098 ἔδει
1231 5046 1288 5100 δὲ
1313 5046 1404 5100 τὸν
1433 5046 1749 5120 τηλικοῦτον

182 5129 319 5202 ὑπὲρ
337 5129 532 5200 ὀλίγων
542 5133 874 5204 ἁμαρτωλῶν
896 5136 1067 5191 ἐλθεῖν
1087 5139 1180 5194 καὶ
1202 5137 1391 5193 παθεῖν
1407 5156 1419 5168 ·
1443 5140 1532 5194 ὅτε
1559 5140 1748 5212 ἐνέστη

181 5223 209 5276 ὁ
235 5223 452 5296 χρόνος,
487 5225 610 5280 καθ’
635 5227 695 5282 ὃν
726 5227 939 5301 εἴρηται
964 5230 1073 5296 ὅτι,
1098 5251 1114 5285 ι
1144 5233 1348 5298 Πάντες
1375 5233 1748 5305 ἦμαρτονκαὶ

184 5316 531 5388 ὑστεροῦνται
571 5320 670 5391 τῆς
699 5320 856 5393 δόξης
890 5322 983 5375 τοῦ
1010 5324 1142 5378 Θεοῦ
1164 5365 1178 5389 ,
1221 5325 1340 5380 τότε
1373 5325 1512 5380 ὑπέο
1546 5326 1745 5388 παντὸς

180 5408 387 5478 ἐγεύσω
417 5409 668 5466 θανάτου.
706 5431 725 5464 ι

246 5739 298 5776 ³⁸
330 5741 435 5798 lsa.
470 5760 572 5809 xc,
605 5742 658 5800 6.
733 5743 780 5778 "
813 5745 1044 5804 Zachar.
1081 5761 1136 5814 ι,
1171 5749 1255 5806 l2.
1331 5753 1377 5785 ¹⁶
1416 5750 1576 5808 Rom.
1615 5767 1708 5819 ιιι,
1740 5751 1840 5806 25.

248 5897 326 5970 (I)
357 5897 607 5955 Mendum
638 5902 782 5958 haud
815 5904 998 5959 dubie.

411 5996 681 6056 Panos.
731 5998 844 6058 (in.
899 5997 1134 6060 XXIII.

1 6471 3950 6920 ["-

1870 2017 2149 2074 nunquam
2171 2004 2360 2059 eodem
2385 2003 2440 2058 in
2478 2010 2627 2060 statu
2662 2013 2946 2072 maneant;
2977 2007 3074 2061 sed
3102 2005 3266 2060 modo
3287 2006 3442 2061 emi-

1871 2101 2016 2158 tata},
2068 2109 2193 2151 mox
2238 2095 2448 2164 allisze;
2495 2095 2657 2152 modo
2686 2103 2902 2164 erectae,
2937 2111 3066 2151 mox
3114 2095 3337 2166 deiecta:
3363 2097 3444 2151 vi-

1869 2186 2125 2251 deantur,
2160 2201 2223 2242 ac
2270 2188 2626 2244 mutationem
2655 2189 3182 2262 conversionemque
3208 2189 3444 2260 quamli-

1870 2277 1960 2333 bet
1981 2277 2234 2344 subeant,
2264 2279 2335 2335 ob
2367 2279 2670 2350 nequitiam
2705 2294 2824 2351 quae
2859 2281 3002 2336 inter
3037 2282 3288 2338 homines
3324 2297 3446 2338 ver-

1870 2376 2044 2425 satur.
2073 2370 2153 2424 Tu
2185 2377 2390 2438 autem,
2419 2369 2646 2426 Domine
2667 2411 2684 2438 ,
2719 2370 2814 2442 qui
2855 2369 2992 2426 nihil
3013 2372 3264 2440 mortale,
3307 2371 3444 2428 nihil

1869 2464 2074 2521 ﬂuxum
2126 2464 2317 2542 babes,
2369 2462 2426 2520 in
2469 2473 2731 2521 aeternum
2777 2480 3089 2537 permanes,
3133 2480 3199 2520 ac
3231 2480 3444 2537 semper

1869 2556 2058 2612 eodem
2081 2556 2264 2621 medo,
2295 2555 2488 2612 eodem
2521 2557 2576 2610 in
2607 2563 2754 2612 statu
2785 2557 3260 2627 verSaris,‘utpote
3287 2570 3446 2613 aeter-

1872 2663 1976 2704 nus
2013 2655 2069 2704 et
2098 2647 2458 2702 immutabilis
2493 2666 2506 2702 :
2540 2663 2604 2702 ac
2637 2645 2758 2718 qua:
2797 2649 2966 2704 semel
3009 2637 3112 2704 abs
3143 2658 3197 2704 te
3237 2656 3442 2704 statuta

1871 2749 2021 2808 sunt,
2051 2745 2106 2795 et
2141 2741 2196 2796 in
2231 2740 2510 2797 vaticiniis
2551 2740 2824 2811 premissa
2871 2739 3114 2806 fuerunt,
3143 2742 3198 2795 in
3235 2751 3448 2795 memo-

1875 2833 2005 2890 riale
2035 2833 2427 2905 sempiternum
2451 2841 2706 2897 manent,
2734 2834 2952 2889 etiamsi
2973 2849 3083 2888 non
3109 2833 3160 2887 in
3184 2833 3443 2902 prmseuti

1872 2927 2246 2998 generatione,
2295 2933 2350 2980 at
2393 2926 2448 2981 in
2481 2923 2665 2980 futura
2715 2925 3013 2982 secundum
3061 2925 3440 2998 psalmodiam.

1870 3017 2047 3088 Atque
2073 3016 2178 3071 hoc
2209 3023 2284 3082 te,
2309 3014 2558 3081 Domine,
2591 3011 2826 3071 maxime
2849 3013 3065 3071 ﬂectere
3085 3015 3288 3082 debet,
3313 3016 3442 3087 quia

1870 3121 1971 3177 ego
1994 3104 2213 3176 quidem
2247 3106 2409 3161 talem
2441 3104 2616 3161 habeo
2643 3099 2920 3173 naturam,
2957 3104 3179 3172 ﬂuxam,
3219 3105 3444 3161 brevem

1871 3205 1925 3252 et
1956 3191 2030 3252 ita
2060 3193 2474 3262 calamitosam;
2508 3205 2565 3251 tu
2604 3211 2734 3254 vero
2772 3205 3008 3254 aeternus
3033 3203 3088 3252 et
3112 3196 3443 3253 immortalis

1866 3303 1958 3354 es;
1985 3287 2061 3341 ita
2092 3295 2152 3342 ut
2201 3287 2555 3359 praesentium
2584 3288 2854 3344 malorum
2902 3289 3263 3344 mutationem
3309 3289 3444 3346 mihi

1865 3397 2126 3453 perquam
2176 3381 2337 3438 facile
2393 3382 2712 3454 przbueris.
2761 3371 2831 3438 Id‘
2865 3395 3104 3453 namque
3141 3381 3330 3447 infert,
3361 3381 3443 3436 Tu

1861 3493 2145 3549 exsurgens
2178 3476 2502 3532 misereberis
2547 3475 2706 3540 Sion,
2752 3474 2878 3546 quia
2919 3483 3118 3544 tempus
3161 3474 3444 3528 miserendi

1863 3569 1999 3639 ejus,
2025 3571 2150 3641 quia
2181 3571 2318 3623 venit
2344 3577 2565 3638 tempus.
2599 3567 2696 3632 Da,
2721 3553 2920 3638 inquit,
2960 3564 3289 3621 calamitatis
3319 3580 3442 3620 mu-

1862 3661 2124 3717 tationem
2174 3662 2230 3716 in
2274 3657 2469 3716 melius
2512 3679 2526 3716 :
2569 3675 2694 3714 nam
2743 3666 2961 3730 tempus
3003 3657 3442 3714 misericordiam

1865 3754 2132 3823 postulat;
2177 3752 2412 3808 miseriae
2451 3749 2654 3824 quippe
2703 3759 2905 3807 nostra:
2945 3751 3272 3821 completum
3312 3765 3440 3822 spa-

1862 3845 1999 3898 tium
2030 3851 2134 3899 est.
2168 3840 2266 3899 His
2291 3858 2458 3916 porro
2486 3841 2802 3901 subindicat
2833 3844 3091 3914 supplicii
3136 3843 3298 3899 annis
3348 3857 3439 3899 se-

1861 3936 2148 4010 ptuaginta
2194 3937 2597 4010 circumscripti
2644 3945 2700 3995 et
2753 3937 3083 4010 captivitatis
3131 3935 3315 3992 ﬂnem.
3346 3935 3440 3992 Sic

1861 4031 1991 4086 item
2046 4028 2238 4085 Daniel
2289 4029 2380 4085 ille
2431 4029 2738 4096 mirabilis,
2781 4030 3054 4086 recensito
3101 4029 3437 4100 captivitatis

1862 4133 2129 4195 tempore,
2158 4121 2612 4200 supplicationem
2645 4120 2804 4178 oﬂ‘cr’t
2834 4135 3025 4181 suam:
3061 4120 3256 4192 hisque
3280 4122 3438 4192 spiri-

1860 4218 2026 4274 tualis
2077 4215 2327 4272 melodis:
2374 4214 2538 4271 verba
2593 4216 2874 4270 accinunt.
2937 4213 3231 4269 Zacharias
3303 4213 3434 4268 item

1859 4309 2067 4365 orando
2095 4309 2310 4365 dicebat
2345 4326 2359 4364 :
2395 4306 2616 4362 Domine
2656 4307 2998 4376 omnipotens,
3033 4323 3294 4379 usquequo
3330 4310 3433 4360 non‘

1861 4401 2182 4458 misereberis
2201 4401 2523 4465 Jerusalem,
2567 4408 2618 4455 et
2657 4400 2933 4454 civitatum
2969 4398 3138 4464 Iuda,
3177 4415 3308 4469 quas
3337 4398 3432 4454 de-

1858 4494 2121 4565 spexisti?
2154 4491 2237 4546 hic
2282 4492 2694 4564 septuagesima:
2734 4507 2903 4546 annus
2937 4491 3098 4547 est".
3129 4490 3230 4546 Hic
3266 4489 3431 4547 etiam

1859 4579 2213 4654 praenuntiari
2260 4590 2392 4650 puto
2439 4578 2648 4638 Christi
2697 4579 2764 4637 ad
2812 4581 3064 4637 homines
3114 4582 3428 4648 adventum,

1860 4674 1952 4746 qui
2003 4675 2056 4728 in
2089 4689 2257 4729 causa
2306 4673 2524 4729 futurus
2564 4681 2668 4741 εει,
2703 4680 2762 4728 ιιι
2806 4680 3149 4731 restauretur
3191 4672 3346 4739 Sion,
3375 4673 3429 4729 id

1860 4772 1965 4829 est,
1995 4772 2054 4819 ut
2091 4764 2308 4835 pietatis
2362 4764 2674 4821 institutum
2711 4766 3008 4836 aperiatur.
3041 4764 3198 4832 Quod
3247 4774 3429 4823 autem

1861 4856 1994 4913 illud
2021 4855 2116 4914 est
2131 4856 2535 4928 optatissimum
2557 4865 2614 4912 ει
2631 4856 3159 4913 desideratissimum
3189 4865 3426 4929 tempus,

1859 4967 1969 5022 quo
2021 4949 2294 5022 implenda
2347 4964 2470 5006 esse
2511 4948 2794 5013 dicuntur,
2821 4965 2942 5021 qua:
2981 4949 3049 5004 de
3097 4947 3262 5006 Sione
3300 4966 3429 5020 pro-

1856 5044 2026 5099 missa
2071 5041 2234 5101 sunt?
2271 5041 2408 5097 Illud
2446 5048 2530 5097 est
2575 5051 2788 5112 tempus
2831 5041 3257 5098 resurrectionis
3287 5035 3423 5107 tum,

1858 5136 2107 5193 Domine.
2131 5135 2271 5204 Quia
2299 5127 2446 5193 enim
2487 5131 2774 5208 peccatum
2807 5135 2998 5191 mundi
3029 5135 3305 5191 sublatum
3333 5149 3427 5189 ve-

1855 5229 2026 5284 nisti:
2059 5233 2158 5284 nec’
2188 5228 2472 5300 oportebat
2511 5235 2724 5282 tantum
2766 5225 2918 5282 illum
2949 5224 3291 5282 Servatorem
3327 5239 3426 5295 pro

1856 5311 2044 5391 paucis
2087 5319 2464 5391 peccatoribus
2513 5317 2699 5374 venire
2748 5327 2800 5374 et
2849 5317 2992 5388 pati;
3026 5329 3152 5372 cum
3194 5315 3426 5370 instaret

1855 5420 2092 5482 tempus,
2120 5426 2229 5482 quo
2251 5405 2458 5466 dictum
2483 5416 2587 5475 est,
2628 5429 2646 5462 ι
2671 5406 2876 5466 Omnes
2915 5411 3214 5481 peccarunt
3229 5405 3424 5480 et‘glo—

1853 5503 1936 5557 ria
1961 5501 2059 5560 Dei
2083 5505 2448 5574 privamur",
2483 5510 2614 5560 tunc
2642 5517 2743 5576 pro
2773 5499 3030 5559 omnibus
3064 5509 3294 5558 mortem
3328 5501 3423 5558 de-

1851 5593 2100 5667 gustasti.
2135 5614 2154 5649 ι
