3954 7146
573 302 708 360 {259

1295 299 1564 358 EUSEBll
1593 301 2064 358 CAESARIENSIS
2093 302 2242 359 OPP.
2285 303 2466 360 PARS
2491 302 2582 360 lll.
2621 335 2683 350 ρ-
2709 302 3120 360 EXEGETICA.

3725 301 3859 354 teca

644 423 809 479 Vsus.
831 423 1278 492 15-17.Quoniam
1293 423 1605 494 placuerunt
1627 421 1788 480 servis
1807 425 1912 479 tuis
1927 424 2111 494 lapide:

2290 427 2414 480 Ὅτι
2432 425 2775 494 εὐδόκησαν
2787 427 2840 480 οἱ
2852 424 3060 479 δοῦλοί
3073 439 3189 478 σου
3208 423 3346 490 τοὺς
3359 423 3598 486 λίθους
3619 417 3856 484 αὑτῆς,

571 517 687 588 ejus
715 526 764 572 et
787 517 987 586 pulveri
1015 516 1128 586 ejus
1156 515 1554 570 miserebantur.
1587 513 1656 568 Et
1687 515 1938 571 timebunt
1959 525 2132 588 gentes

493 647 496 670 ;
572 625 759 664 nomen
793 620 961 671 tuum,
995 607 1240 673 Domine,
1264 616 1314 662 et
1339 624 1514 662 omnes
1549 623 1688 678 reges
1710 608 1936 678 gloriam
1966 617 2130 663 tuam.

571 697 764 754 Merito
791 708 1078 770 postquam
1129 697 1341 753 dixerat
1385 696 1658 768 placuisse
1699 696 1906 769 lapides
1935 698 2135 769 prioris

570 789 776 862 populi,
827 790 1068 861 gentium
1117 789 1453 844 vocationem
1506 786 1727 858 adjicit,
1773 798 1934 859 atque
1979 805 2135 860 aper-

569 883 678 938 tius
705 881 965 946 declarat,
1002 891 1132 936 tunc
1158 895 1252 935 eas
1281 879 1576 935 salutarem
1608 879 1856 936 timorem
1885 889 2134 952 acceptu-

565 989 658 1029 ras
699 980 753 1028 et
799 971 966 1027 Deum
991 972 1252 1054 .culturas
1307 987 1450 1028 esse.
1501 972 1678 1044 Reges
1738 982 1919 1029 autem
1968 974 2128 1040 dixit,

563 1080 664 1136 pro
684 1064 887 1136 regnis.
911 1063 1097 1134 Neque
1125 1065 1270 1120 enim
1291 1065 1376 1120 vel
1408 1081 1541 1136 gens
1593 1065 1679 1122 vel
1723 1082 1951 1140 regnum
1996 1077 2077 1124 est
2111 1109 2128 1135 ,

561 1155 708 1227 quod
738 1156 822 1210 vel
862 1171 924 1212 ex
953 1163 1066 1212 toto
1095 1156 1178 1212 vel
1207 1173 1272 1210 cx
1323 1165 1478 1226 parte
1529 1159 1754 1229 gloriam
1785 1159 1988 1214 Christi
2018 1175 2128 1216 non

557 1257 863 1303 veneretur.
898 1247 1163 1313 Quoniam
1188 1247 1474 1318 mdi/icabit
1497 1249 1753 1306 Dominus
1777 1248 1927 1316 Sion,
1959 1263 2008 1306 et
2051 1253 2128 1307 vi-

556 1340 763 1394 debitur
788 1341 841 1395 in
879 1341 1050 1413 gloria
1081 1359 1199 1396 sua.
1237 1342 1358 1397 Alio
1388 1341 1572 1407 modo,
1605 1343 1895 1400 mdiﬁcabit
1938 1343 2124 1401 Domi-

553 1447 662 1488 nus
683 1429 850 1496 Sion,
895 1431 949 1486 id
977 1439 1080 1496 est,
1118 1432 1414 1490 Ecclesiam
1445 1453 1458 1489 :
1498 1433 1908 1491 aediﬁcationem
1943 1446 2122 1493 autem

553 1521 702 1576 illam
730 1520 818 1575 hic
840 1520 1101 1587 declarat,
1127 1537 1232 1590 qua
1268 1530 1458 1593 gentes
1488 1539 1586 1594 per
1614 1523 1771 1580 ﬁdem
1813 1527 2126 1586 constitutae

535 1620 683 1669 .sunt
711 1631 724 1667 :
755 1621 808 1668 et
833 1620 963 1666 tunc
989 1612 1162 1681 gloria
1194 1614 1458 1670 aﬂicietur
1486 1615 1543 1670 in
1577 1615 1732 1687 ipsis.

611 1808 791 1869 γεω.
832 1814 1016 1872 18-25.
1052 1814 1295 1885 Respexit
1331 1817 1385 1872 in
1412 1819 1701 1874 orationem
1736 1820 2041 1888 humilium,
2070 1832 2118 1876 et
2153 1791 2196 1850 Β

548 1924 654 1963 non
691 1909 878 1977 sprevit
907 1924 1108 1977 precem
1137 1925 1335 1964 eorum.
1392 1909 1668 1966 Scribatur
1691 1912 1802 1968 haec
1829 1915 1882 1968 in
1904 1931 2119 1986 genera-

550 2003 742 2058 tionem
776 2003 1034 2068 alteram,
1078 2014 1128 2059 et
1176 2003 1398 2072 populus
1431 2006 1522 2076 qui
1566 2003 1830 2060 creabitur
1875 2007 2117 2064 laudabit

548 2095 877 2152 Dominum:
905 2101 1031 2168 quia
1079 2099 1346 2170 prospexit
1402 2099 1466 2153 de
1512 2099 1717 2154 excelso
1757 2111 1938 2155 sancto
1987 2117 2115 2170 suo,

545 2189 805 2245 Dominus
835 2190 898 2244 de
933 2191 1060 2245 caelo
1095 2191 1150 2244 in
1190 2201 1386 2246 terram
1431 2193 1656 2261 aspexit,
1689 2201 1746 2245 ut
1787 2182 1994 2246 audiret
2030 2209 2118 2263 ge-

543 2281 704 2336 mitus
732 2282 1162 2350 compeditorum,
1185 2293 1242 2336 ut
1268 2283 1488 2339 solveret
1507 2286 1648 2356 ﬁlios
1668 2287 2112 2356 interemptorum,

543 2381 602 2424 ut
634 2373 944 2426 annuntient
973 2371 1027 2425 in
1056 2370 1188 2427 Sion
1213 2389 1398 2429 nomen
1429 2374 1668 2441 Domini,
1691 2385 1740 2431 et
1769 2376 1979 2430 laudem
2001 2379 2114 2448 ejus

541 2464 596 2517 in
624 2463 942 2521 Jerusalem.
983 2465 1050 2521 In
1097 2466 1442 2522 conveniendo
1475 2468 1694 2537 populos
1741 2469 1795 2522 in
1828 2485 2022 2535 unum,
2064 2479 2114 2524 et

541 2571 682 2625 reges
702 2565 760 2610 ut
787 2559 1016 2612 serviant
1040 2557 1284 2614 Domino.
1316 2557 1600 2629 Respondit
1623 2561 1671 2614 ei
1703 2559 1758 2614 in
1795 2563 1877 2615 via
1905 2561 2114 2616 virtutis

538 2662 649 2702 suae
673 2665 694 2702 .'
723 2648 1058 2705 Paucitatem
1089 2651 1294 2706 dierum
1343 2667 1575 2705 meorum
1612 2652 1799 2706 nuntia
1838 2653 1987 2708 mihi.
2029 2651 2114 2708 Ne

535 2755 740 2794 revoces
765 2757 847 2796 me
872 2742 927 2795 in
957 2742 1177 2796 dimidio
1227 2741 1430 2796 dierum
1459 2757 1712 2796 meorum.
1768 2740 1868 2796 Hic
1898 2742 2125 2798 videtur

537 2831 672 2886 mihi
707 2833 1062 2904 propheticus
1084 2833 1286 2890 chorus
1312 2833 1602 2890 sublimius
1644 2833 1953 2903 signiﬁcare
1981 2851 2113 2907 gen-

534 2921 672 2978 tium
699 2939 796 2994 per
819 2922 1157 2980 Salvatorem
1196 2935 1445 2980 nostrum
1483 2925 1819 2980 vocationem
1845 2967 1858 2990 ,
1903 2927 2112 2996 lugere-

534 3031 638 3086 que
657 3017 802 3088 quod
818 3031 940 3072 eam
967 3016 1071 3087 ipsi
1102 3032 1214 3072 non
1243 3017 1354 3071 sint
1375 3017 1681 3072 consecuti.
1706 3017 1762 3070 ln
1799 3016 2110 3072 futurorum

531 3123 769 3180 namque
810 3109 1079 3163 bonorum
1131 3107 1388 3172 adventu,
1423 3111 1642 3178 quando
1686 3115 1876 3177 gentes
1927 3117 1980 3162 et
2014 3124 2109 3163 ea-
2136 3145 2178 3202 α

529 3218 655 3258 rum
676 3215 831 3274 reges
856 3215 966 3255 non
986 3201 1127 3256 ultra
1151 3200 1358 3271 patrios
1381 3199 1676 3267 daemones,
1695 3200 1790 3255 sed
1815 3199 2102 3255 Dominum

531 3295 870 3360 adorabunt;
896 3293 1011 3357 tali,
1040 3293 1238 3363 inquit,
1269 3301 1512 3364 tempore
1536 3292 1708 3348 robur
1737 3307 1919 3347 meum
1941 3308 2103 3347 ener-

527 3387 677 3441 vavit
711 3386 1006 3451 Dominus,
1039 3394 1097 3441 ut
1119 3386 1236 3442 dies
1276 3401 1428 3442 meos
1471 3386 1895 3458 praescinderet,
1929 3403 1998 3441 ne
2033 3385 2103 3440 ad

529 3479 664 3535 illud
694 3486 910 3549 tempus
939 3478 1273 3534 devenirem.
1306 3477 1666 3549 Pr0pheticus
1690 3480 1872 3551 itaque
1901 3480 2105 3537 chorus

527 3583 614 3630 est
642 3573 737 3644 qui
783 3571 1106 3642 respondet,
1152 3571 1266 3625 sive
1306 3571 1488 3641 potius
1536 3572 1631 3644 qui
1662 3573 1960 3644 interrogat
1987 3583 2042 3628 et
2075 3589 2108 3628 a

525 3669 643 3723 Deo
671 3665 982 3722 sciscitatur
1009 3663 1189 3734 qualis
1221 3663 1405 3718 futura
1443 3663 1514 3718 sit
1551 3665 1661 3719 vita
1713 3673 1922 3720 nostra.
1974 3664 2105 3720 Edi-

521 3771 686 3814 scere
703 3756 905 3827 quippe
937 3754 1278 3825 peroptabat,
1305 3769 1437 3810 num
1468 3755 1534 3808 ad
1565 3754 1684 3810 dies
1717 3755 1840 3811 illos
1871 3771 2104 3826 perven-

524 3859 650 3904 tura
683 3849 795 3903 vita
827 3847 947 3916 ejus
974 3853 1155 3911 esset,
1204 3847 1362 3916 queis
1411 3846 1727 3902 incarnatus
1779 3847 2100 3919 Unigenitus

524 3941 581 3994 in
611 3948 757 3996 terra
793 3937 1216 4008 conspiciendus
1263 3943 1398 3991 erat.
1448 3934 1601 3991 Viam
1663 3947 1845 3992 autem
1879 3940 2100 3995 virtutis

523 4033 644 4104 ejus
675 4039 832 4087 vocat
858 4032 1032 4101 ipsius
1062 4030 1118 4084 in
1142 4040 1344 4085 terram
1379 4029 1671 4084 adventum
1711 4048 1724 4084 :
1753 4030 1902 4084 venit
1953 4033 2101 4088 enim

524 4132 584 4178 ut
615 4121 810 4178 fortem
845 4121 998 4175 illum
1035 4120 1315 4190 alligaret;
1367 4119 1657 4176 dimidium
1706 4137 1834 4176 vero
1885 4123 2098 4180 dierum

523 4227 771 4278 suorum,
803 4226 898 4267 seu
925 4211 1051 4265 vita:
1088 4225 1219 4277 suae,
1251 4209 1384 4264 illud
1415 4211 1546 4265 dicit
1599 4213 1860 4282 spatium,
1891 4230 2000 4284 quo
2048 4216 2101 4270 in

523 4309 979 4379 contemplatione
1001 4307 1122 4377 ejus
1143 4307 1452 4378 praesentire
1487 4307 1708 4365 futurus
1742 4317 1881 4365 erat.
1920 4309 2100 4382 ltoga-

521 4399 616 4452 bat
645 4413 777 4468 ergo
805 4397 1019 4468 impleri
1047 4405 1222 4452 totum
1255 4398 1380 4452 vitae
1401 4413 1515 4453 sua:
1537 4407 1758 4470 tempus
1785 4440 1801 4466 ,
1841 4407 1896 4456 et
1940 4403 2100 4471 quasi

2235 517 2333 573 καί
2343 518 2450 572 τὸν
2462 517 2614 588 χοῦν
2627 516 2779 586 αὐτῆ
2785 537 2816 582 ς
2830 516 3286 585 οἰκτειρήσουσι.
3305 513 3410 568 Kal
3425 509 3860 582 φοϐηθήσον-

2234 629 2326 665 ται
2343 611 2413 665 τὰ
2428 610 2568 678 ἔθνη
2585 608 2651 663 τὸ
2673 607 2859 679 ὄνομά
2883 623 3020 671 σου,
3046 607 3243 675 Κύριε,
3268 605 3366 659 καὶ
3381 604 3644 668 πάντες
3675 601 3864 664 01,81:-

2232 701 2424 768 σιλεῖς
2445 700 2560 770 τὴν
2579 699 2768 760 δόξαν
2795 714 2930 754 σου.
2958 699 3196 759 Εἰκότως
3215 696 3272 750 δὲ
3295 697 3502 767 μεταξῦ
3536 692 3667 748 τοῦ
3703 692 3856 745 εθισ-

2233 793 2441 850 κεῖσθαι
2464 795 2588 858 τοὺς
2619 793 2798 857 λίθους
2821 791 2914 846 τοῦ
2941 791 3202 864 προτέρου
3229 789 3357 843 λαοῦ
3381 791 3484 862 τὴν
3511 789 3654 842 τῶν
3679 784 3856 839 ἐθνῶν

2231 886 2587 943 ὲπισυνάπτει
2615 885 2835 956 κλῆσιν,
2865 884 2960 940 καὶ
2991 883 3304 954 λευκότερον
3331 882 3714 954 παρίστησιν
3733 919 3751 942 ,
3779 879 3856 930 ὅτε

2233 981 2320 1035 τὸν
2345 982 2610 1053 σωτήριον
2637 976 3000 1050 ἀναλήψονταί
3024 993 3154 1030 ποτε
3183 975 3376 1046 φόϐον,
3415 973 3524 1028 καὶ
3555 971 3854 1043 θεοσεϐεῖ-

2232 1089 2432 1126 σουσιν.
2472 1069 2824 1136 Οἰβασιλεῖς
2849 1069 2906 1124 δὲ
2931 1066 3079 1122 εἶπεν
3107 1067 3225 1122 ἀντὶ
3253 1066 3344 1120 τοῦ
3362 1107 3376 1132 ,
3394 1069 3460 1120 al
3472 1063 3849 1131 βασιλεῖαι.

2228 1163 2300 1218 Οὐ
2314 1162 2422 1236 γάρ
2439 1165 2606 1230 ἐστιν,
2619 1163 2717 1216 οὐκ
2733 1161 2902 1226 ἔθνος,
2919 1161 2980 1215 οὐ
2999 1159 3307 1233 βασιλεία,ἡ
3331 1158 3406 1231 μὴ
3422 1155 3854 1229 προσκυνοῦσα

2226 1255 2324 1328 τὴν
2355 1254 2509 1321 δόξαν
2533 1254 2770 1328 Χριστοῦ
2791 1293 2805 1320 ,
2838 1253 2872 1326 ἢ
2907 1251 3132 1307 καθόλου
3181 1253 3214 1324 ἢ
3261 1251 3369 1306 ἀπὸ
3413 1251 3678 1324 μέρους.
3721 1249 3848 1301 ὀτι

2225 1347 2606 1418 οἰκοδομήσει
2635 1348 2850 1416 Κύριος
2890 1345 3004 1416 τὴν
3033 1345 3217 1411 Σιὼν,
3245 1345 3342 1399 καὶ
3375 1343 3757 1414 ὀφθήσεται
3785 1343 3848 1394 ἐν

2225 1436 2300 1507 τῇ
2335 1438 2482 1508 δόξῃ
2513 1437 2719 1492 αὑτοῦ.
2763 1435 2992 1506 Ἑτέρως
3023 1435 3079 1489 δὲ
3106 1435 3448 1506 οἰκοδομήσει
3482 1435 3600 1506 τὴν
3647 1432 3842 1486 Σιὼνζ

2223 1529 2447 1602 Κύριος,
2473 1527 2718 1582 τουτέστι
2747 1526 2844 1598 τὴν
2879 1525 3228 1598 Ἐκκλησίαν·
3259 1525 3564 1597 οἰκοδομὴν
3595 1525 3670 1578 δέ
3703 1541 3842 1594 φημι

2221 1619 2346 1674 καθ’
2376 1620 2442 1690 ἢν
2469 1618 2690 1690 ἐκτίσθη
2729 1615 2800 1670 τὰ
2829 1614 2956 1687 ἔθνη
2988 1615 3075 1669 διὰ
3111 1615 3212 1687 τῆς
3236 1618 3478 1680 πίστεως
3497 1634 3517 1647 ⁸
3568 1615 3685 1670 καὶ
3721 1619 3840 1669 τις

2221 1709 2604 1783 δοξασθήσεται
2633 1710 2690 1763 ὲν
2721 1709 2924 1772 αὐτοῖς.

2295 1822 2664 1893 Ἐπέϐλεψεν
2689 1823 2785 1878 ἐπὶ
2814 1823 2929 1894 τὴν
2957 1822 3308 1893 προσευχὴν
3330 1821 3449 1876 τῶν
3478 1821 3832 1883 ταπεινῶν,

2219 1919 2317 1973 καί
2337 1920 2448 1974 οὐκ
2475 1915 2847 1983 ἐξουδένωσε
2876 1917 2991 1985 τὴν
3020 1916 3232 1985 δέησιν
3252 1914 3474 1972 αὐτῶν.
3507 1916 3836 1985 Γραρήτυ

2215 2010 2366 2080 αὕτη
2411 2012 2498 2077 εὶς
2530 2009 2743 2080 γενεὰν
2769 2007 3012 2078 ἑτέραν,
3057 2007 3154 2062 καί
3198 2007 3345 2075 λαός
3378 2011 3412 2062 ό
3451 2007 3834 2078 κτιζόμεττς

2215 2101 2442 2158 αἰνέσει
2495 2101 2604 2156 τὸν
2662 2102 2880 2171 Κύριον
2915 2118 2928 2132 ο
2997 2098 3086 2155 ὅτι
3128 2099 3425 2169 ἐξέκυψεν
3473 2099 3557 2164 ἐξ
3611 2101 3833 2169 ὕψους

2215 2196 2386 2266 ἁγίου
2413 2194 2621 2260 αὐτοῦ,
2656 2197 2863 2265 Κύριος
2886 2193 2955 2260 ἐξ
2970 2193 3226 2262 οὐρανοῦ
3250 2193 3347 2247 ἐπὶ
3375 2192 3498 2262 τὴν
3525 2191 3668 2262 γῆν
3693 2192 3830 2246 ἐπέ.

2216 2290 2423 2358 ὅλεψε,
2465 2289 2574 2344 τοῦ
2617 2286 2874 2342 ἀκοῦσαι
2927 2287 3032 2342 τοῦ
3070 2285 3408 2357 στεναγμοῦ
3447 2284 3587 2339 τῶν
3631 2302 3826 2339 πεπε-

2214 2378 2508 2450 δημένων,
2565 2377 2670 2432 τοῦ
2699 2377 2884 2432 λῦσαι
2929 2375 3070 2442 τοὺς
3103 2375 3268 2442 υἱοὺς
3298 2373 3418 2428 τῶν
3462 2377 3823 2428 τεθανατω-

2207 2472 2428 2542 μένων,
2461 2471 2566 2527 τοῦ
2597 2469 2941 2542 ἀναγγεῖλαι
2968 2469 3038 2523 ἐν
3062 2467 3216 2523 Σιὼν
3241 2468 3306 2522 τὸ
3331 2469 3528 2538 ὄνομα
3555 2471 3821 2537 Καρίας,

2214 2562 2314 2616 καὶ
2345 2561 2460 2630 τὴν
2487 2561 2724 2615 αἵνεσιν
2755 2559 2946 2614 αὑτοῦ
2989 2560 3060 2614 ἐν
3098 2559 3522 2630 Ἰερουσαλήμ.
3599 2561 3720 2615 Ἐν
3749 2560 3823 2625 τῷ

2212 2652 2592 2724 συναχθῆναι
2623 2653 2813 2720 λαοὺς
2832 2653 2929 2707 ἐπὶ
2954 2651 3020 2706 τὸ
3052 2653 3221 2717 αὐτὸ,
3247 2653 3342 2708 καὶ
3369 2652 3683 2718 ,ϐασιλεῖς
3713 2653 3820 2706 τοῦ

2211 2743 2526 2798 δουλεύειν
2539 2741 2616 2808 τῷ
2631 2742 2843 2810 Κυρίῳ.
2869 2741 3181 2810 Ἀπεκρίθη
3193 2736 3348 2804 αὐτῷ
3358 2739 3428 2793 ἐν
3438 2738 3571 2805 ὁδῷ
3590 2739 3816 2807 ἰσχύος

2211 2833 2417 2890 αὐτοῦ’
2442 2834 2559 2902 Τὴν
2582 2834 2896 2902 ὀλιγότητα
2918 2830 3035 2886 τῶν
3049 2829 3281 2901 ἡμερῶν
3290 2847 3409 2900 μου
3425 2829 3818 2900 distinctior

2206 2946 2328 2998 μοι.
2360 2928 2457 2995 Μὴ
2478 2925 2786 2996 ἀναγάγῃς
2793 2943 2871 2994 με
2885 2925 2954 2978 ἐν
2973 2923 3177 2993 ἡμίσει
3197 2921 3429 2993 ἡμερῶν
3440 2940 3600 2992 μου.
3639 2924 3814 2993 ’Υπ-

2211 3019 2428 3092 λὸτερον
2456 3019 2512 3072 δὲ
2539 3018 2686 3073 δοκεῖ
2720 3036 2808 3089 μοι
2841 3017 2929 3071 διὰ
2957 3015 3160 3070 τούτων
3193 3017 3222 3068 ὁ
3251 3017 3607 3089 προφητικὸς
3647 3015 3811 3088 χορὸς

2213 3111 2499 3183 σημαίνειν
2537 3109 2634 3182 τὴν
2684 3109 2772 3163 διὰ
2812 3107 2906 3162 τοῦ
2953 3107 3202 3180 Σωτῆρος
3241 3107 3397 3178 ἡμῶν
3440 3107 3655 3179 κλῆσιν
3701 3108 3810 3160 τῶν

2210 3202 2413 3258 ἐθνῶν·
2450 3200 2848 3257 ἀποκλαίεσθαι
2876 3199 2969 3266 δὲ,
3024 3200 3106 3253 ὅτι
3162 3199 3235 3270 μὴ
3269 3197 3363 3253 καὶ
3405 3199 3574 3253 αὐτοὶ
3609 3200 3806 3270 ἔτυχον

2209 3290 2430 3361 ταύτης.
2475 3291 2562 3344 Ἐν
2600 3289 2709 3362 γὰρ
2736 3293 2802 3362 τῇ
2833 3289 2942 3344 τῶν
2970 3288 3268 3360 μελλόντων
3314 3288 3546 3358 ἀγαθῶν
3593 3308 3802 3361 παραυ-

2211 3385 2321 3456 σίᾳ,
2345 3383 2432 3436 ὅτε
2457 3381 2525 3435 τὰ
2550 3381 2676 3454 ἔθνη
2698 3383 2794 3436 καὶ
2817 3383 2866 3434 οἰ
2888 3381 3092 3435 τούτων
3117 3381 3352 3452 βασιλεῖς
3371 3381 3798 3454 λατρεύσουσιν,

2207 3475 2390 3529 οὐκέτι
2417 3477 2530 3539 τοῖς
2579 3475 2854 3546 πατρῴοις
2892 3474 3129 3546 δαίμοσι,
3177 3473 3313 3529 ἀλλὰ
3358 3473 3436 3545 τῷ
3463 3475 3710 3546 Κυρίῳ·
3747 3476 3799 3528 ἐν

2207 3567 2356 3639 αὐτῷ
2387 3567 2450 3639 δὴ
2476 3566 2555 3638 τῷ
2582 3565 2812 3638 τοιούτῳ
2834 3567 3028 3639 καιρῷ,
3071 3567 3168 3638 τὴν
3201 3565 3360 3638 ἐμὴν,
3396 3567 3595 3637 φησὶν,
3642 3567 3798 3637 ἰσχὺν

2206 3660 2487 3714 ἐκάκωσεν
2513 3661 2542 3712 ὁ
2568 3659 2792 3732 Κύριος,
2830 3658 3129 3713 κολοϐῶσαι
3178 3657 3276 3722 τὰς
3305 3659 3553 3730 ἡμέρας,
3611 3659 3694 3724 ὡς
3723 3661 3793 3729 μὴ

2206 3751 2410 3822 φθάσαι
2444 3751 2590 3823 κάμὲ
2625 3753 2706 3815 εἰς
2749 3753 2957 3805 ἐκεῖνον
3005 3751 3099 3804 τὸν
3131 3749 3342 3822 καιρόν.
3413 3750 3471 3804 '0
3508 3767 3792 3823 προφητιο

2206 3841 2301 3907 κὸς
2336 3840 2434 3914 μὲν
2464 3836 2556 3895 οὖν
2590 3843 2708 3894 ἐστι
2751 3840 2910 3913 χορὸς
2943 3840 2972 3893 ὁ
3004 3839 3454 3911 ἀποκρινόμενος,
3490 3841 3618 3910 ἦτοι
3657 3843 3790 3911 ἐρω-

2203 3932 2312 3987 τῶν
2345 3933 2439 3988 καὶ
2469 3933 2643 4002 λέγων
2677 3933 2814 4005 πρὸς
2854 3933 2946 3987 τὸν
2978 3933 3111 3986 Θεὸν
3153 3933 3336 3996 ὁποῖος
3368 3931 3528 3986 ἔσται
3575 3935 3605 3986 ὁ
3648 3935 3790 4002 ἠμέ-

2203 4039 2359 4098 τερος
2388 4025 2521 4096 βίος.
2559 4024 2766 4096 Ηῦχετο
2788 4025 2897 4098 γὰρ
2922 4024 3114 4096 μαθεῖν
3149 4025 3198 4077 εἰ
3237 4023 3491 4093 φθάσειεν
3525 4025 3611 4088 εἰς
3643 4025 3788 4076 ὲκεί-

2203 4135 2301 4183 νας
2321 4119 2418 4182 τὰς
2443 4118 2656 4192 ἡμέρας
2685 4119 2718 4190 ἡ
2754 4117 2867 4188 ζωὴ
2892 4117 3078 4183 αὐτοῦ,
3130 4115 3249 4170 καθ’
3275 4115 3343 4179 ἃς
3372 4115 3606 4187 ἔμελλεν
3633 4118 3786 4170 ἐναν-

2203 4211 2500 4284 θρωπὴσας
2534 4212 2627 4265 ἐπὶ
2652 4211 2755 4282 γῆς
2786 4210 3124 4280 φαίνεσθαιὸ
3158 4212 3487 4282 Μονογενής.
3539 4212 3697 4265 Ὃδὸν
3727 4213 3780 4264 δὲ

2206 4303 2389 4374 ἰσχύος
2408 4303 2568 4356 αὐτοῦ
2599 4303 2696 4374 τὴν
2722 4303 2814 4356 ἐπὶ
2834 4303 2935 4375 γῆς
2956 4303 3256 4375 παρουσίαν
3288 4302 3444 4356 καλεῖ
3466 4321 3479 4332 ·
3512 4299 3650 4374 ἦλθε
3676 4307 3782 4374 γὰρ

2203 4393 2290 4446 ἵνα
2318 4393 2454 4466 δήσῃ
2478 4394 2568 4447 τὸν
2595 4394 2833 4466 ἰσχυρόν.
2865 4395 3071 4465 Ἥμισυ
3095 4392 3149 4446 δὲ
3171 4392 3278 4445 τῶν
3300 4392 3491 4446 ἑαυτοῦ
3528 4395 3638 4463 ἡμε
3649 4395 3776 4464 pan,

524 4489 750 4560 produci
783 4490 948 4544 vitam
972 4505 1148 4553 suam,
1181 4499 1243 4544 ut
1269 4489 1441 4559 ipsius
1484 4506 1666 4546 rerum
1716 4500 1941 4548 eventus
1967 4509 2100 4550 con-

2213 4487 2322 4559 ήτοι
2349 4487 2449 4559 τῆς
2504 4488 2669 4558 ζωῆς,
2728 4486 2788 4539 τὸ
2836 4485 2972 4550 τέως
3028 4488 3107 4539 ὲν·
3141 4485 3343 4558 θεωρία
3389 4485 3648 4554 γενέσθαι
3685 4487 3781 4556 τῆς

525 4591 714 4652 spectu
735 4581 1085 4652 dignaretur;
1123 4582 1198 4635 ita
1240 4584 1384 4636 enim
1430 4581 1673 4636 futurum
1712 4592 1830 4638 erat
1873 4593 1933 4639 ut
1983 4593 2096 4640 tota

522 4674 634 4728 vita
661 4673 780 4743 ejus
819 4675 1156 4744 impleretur.
1186 4672 1398 4728 Interea
1422 4673 1590 4737 enim,
1629 4675 1724 4740 ait,
1751 4675 1804 4729 in
1839 4679 2098 4748 praesenti

521 4766 654 4821 dum
682 4767 798 4821 hac
833 4767 1160 4836 praenuntia,
1196 4781 1261 4820 ac
1293 4764 1474 4821 futura
1496 4768 1807 4839 prospicio,
1861 4769 1917 4823 in
1942 4780 2099 4840 parte

523 4858 632 4915 diei
667 4857 762 4914 Dei
789 4859 1122 4916 constitutus
1172 4859 1398 4915 videor:
1449 4862 1691 4930 reliquus
1729 4872 1912 4918 autem
1961 4865 2097 4919 mihi

521 4959 607 5007 est
637 4951 753 5021 ipse
791 4966 975 5006 rerum
1027 4953 1511 5022 prtenuntiatarum
1548 4962 1901 5022 conspectus,
1931 4969 2095 5024 quem

523 5060 572 5098 ει
619 5057 960 5114 consequar,
993 5050 1168 5099 totum
1196 5043 1319 5100 vitae
1351 5059 1483 5098 mea!
1531 5059 1756 5101 cursum
1788 5046 2092 5116 accipiam;

521 5137 607 5192 sin
647 5152 873 5208 scopum
901 5137 1167 5193 orationis
1197 5153 1334 5193 mea:
1382 5154 1490 5194 non
1537 5138 1840 5210 attingam,
1899 5139 2098 5195 similis

522 5247 618 5286 ero
653 5231 720 5285 iis
748 5229 843 5300 qui
882 5230 938 5284 in
983 5228 1211 5284 dimidio
1250 5229 1461 5286 dierum
1495 5231 1788 5286 immature
1817 5238 1870 5286 et
1901 5231 2100 5286 intem-

523 5322 732 5393 pestive
759 5321 928 5375 vitam
949 5319 1338 5390 deposuerunt.
1369 5319 1708 5392 Videturque
1736 5321 1868 5374 mihi
1906 5319 2099 5374 Serva-

523 5425 698 5470 torem
752 5423 1000 5471 nostrum
1037 5414 1108 5469 ob
1147 5414 1237 5468 illa
1273 5415 1660 5484 prophetarum
1696 5426 1818 5468 vom
1851 5413 2093 5468 dixisse:

523 5506 685 5562 Multi
715 5507 978 5577 propheta:
1006 5517 1054 5562 et
1077 5509 1211 5578 justi
1252 5506 1525 5562 voluerunt
1551 5508 1725 5562 videre
1759 5524 1875 5577 qua:
1901 5524 1988 5561 ros
2022 5506 2097 5560 vi-

523 5600 680 5664 detis,
705 5609 881 5652 etnon
915 5599 1186 5665 viderunt;
1217 5611 1266 5654 et
1297 5601 1482 5653 audire
1509 5616 1626 5670 qua:
1652 5599 1874 5664 auditis,
1907 5609 1958 5652 et
1992 5615 2096 5653 non

516 5693 901 5748 audierunt".
968 5691 1278 5748 Secundum
1337 5691 1620 5749 historiam
1669 5707 1799 5747 vero
1857 5690 2091 5747 dixerit:

596 5811 640 5845 ⁸⁷
682 5808 869 5866 Matth.
907 5823 1026 5872 xm,
1067 5807 1146 5861 Η.

2205 4579 2545 4651 ἐπιφανείας.
2579 4577 2787 4650 Ηῦχετο
2813 4574 2906 4631 οὖν
2932 4577 3282 4650 πληρωθῆναι
3322 4578 3412 4630 τὸν
3447 4577 3572 4631 ὅλον
3611 4580 3779 4632 αὖτοῦ

2201 4675 2412 4745 χρόνον,
2449 4671 2543 4726 καὶ
2580 4665 2691 4724 οἶόν
2725 4688 2784 4723 τε
2821 4668 3228 4741 παρεκταθῆναι
3267 4668 3366 4740 τὴν
3404 4668 3553 4739 ζωὴν
3589 4670 3781 4727 αὐτοῦ.

2200 4764 2346 4829 ὅπως
2394 4764 2458 4818 ἂν
2505 4764 2602 4818 καὶ
2639 4763 2808 4834 αὐτῆς
2839 4763 2936 4832 τῆς
2967 4759 3074 4814 τῶν
3113 4761 3457 4832 πραγμάτων
3490 4762 3782 4824 ἐκϐάσεως

2201 4856 2642 4927 καταξιωθῆναι·
2714 4854 2856 4908 οὕτω
2897 4853 3006 4926 γὰρ
3049 4852 3274 4924 ἔμελλεν
3422 4855 3576 4906 πᾶσα
3613 4855 3782 4907 αἱ»τοῦ

2203 4947 2316 5020 ζωὴ
2351 4947 2708 5020 πληροῦσθαι.
2736 4947 2883 5010 Τέως
2913 4945 3009 5016 μὲν
3037 4945 3163 5016 γὰρ,
3197 4945 3380 5014 φησὶν,
3400 4943 3492 4996 ἐπὶ
3506 4943 3607 4996 τοῦ
3637 4963 3782 5016 παρ-

2202 5044 2371 5107 όντος,
2405 5043 2492 5095 ὅτε
2525 5041 2698 5095 ταῦτα
2725 5037 3080 5113 προφητεύω,
3121 5038 3212 5090 καὶ
3269 5036 3528 5107 μέλλοντα
3555 5037 3783 5090 ἔσεσθαι

2201 5133 2440 5208 προορῶ,
2475 5132 2629 5186 ἔοικα
2658 5134 2715 5185 ἐν
2749 5130 2903 5202 μέρει
2950 5129 3162 5200 ἡμέρας
3210 5125 3348 5181 εἶναι
3379 5127 3513 5182 Θεοῦ
3534 5144 3550 5157 ·
3598 5127 3782 5180 λείπει

2201 5228 2257 5282 δέ
2282 5245 2372 5299 μοι
2420 5229 2454 5298 ἡ
2500 5225 2734 5296 αὑτοψῐα
2766 5223 2866 5295 τῆς
2906 5223 3014 5277 τῶν
3061 5223 3559 5294 προφητευομένων
3611 5223 3782 5276 ἐκϐά-

2202 5313 2431 5392 σεως,ἦς
2447 5319 2496 5370 εἰ
2511 5316 2750 5388 τύχοιμι,
2766 5315 2980 5368 τελείαν
2991 5313 3229 5385 λήψομαι
3243 5314 3341 5384 τὴν
3354 5312 3593 5384 ἐμαυτοῦ
3607 5311 3773 5383 ζωήν·

2201 5411 2327 5465 εἰδὲ
2355 5411 2640 5478 ἁστοχήσω
2661 5407 2757 5478 τῆς
2801 5407 2984 5477 εὐχῆς,
3015 5405 3166 5459 ἔοικα
3190 5407 3303 5469 τοῖς
3327 5407 3383 5460 ἐν
3407 5404 3601 5475 ἡμίσει
3634 5407 3778 5474 ἠμε-

2203 5502 2311 5576 ρῶν
2349 5502 2448 5572 τὴν
2479 5497 2626 5570 ζωὴν
2657 5497 2822 5569 ἀτελῆ
2848 5499 2942 5551 καὶ
2972 5496 3153 5568 ἄωρον
3185 5494 3622 5566 ἁποτιθεμένοις.
3661 5495 3772 5548 Καί

2202 5609 2294 5663 μοι
2334 5590 2482 5643 δοκεῖ
2510 5588 2601 5642 διὰ
2633 5587 2730 5652 τὰς
2783 5585 3032 5651 τοιαύτας
3087 5585 3196 5638 τῶν
3244 5583 3542 5656 προφητῶν
3604 5585 3776 5655 εὐχὰς

2197 5683 2226 5734 ὁ
2257 5679 2444 5752 Σωτὴρ
2487 5678 2644 5752 ήμῶν
2686 5677 2963 5751 εἰρηκέναι
2998 5694 3010 5708 ·
3051 5675 3283 5748 ,Πολλοὶ
3322 5672 3623 5746 προφῆται
3667 5674 3773 5730 καὶ
