3954 7146
0 4871 7 4918 ἐ

0 479 8 482 ,.
118 425 272 482 1261

1249 416 1750 477 COMMENTABIA
1789 415 1858 470 IN
1897 411 2236 471 PSALMOS.

3229 406 3368 465 {9.8!

0 555 14 596 ξ
113 541 354 596 δίκαιοι
395 539 780 608 επεθύμησαν
815 533 963 590 ἰδεῖν
993 533 1031 588 ἂ
1070 532 1237 603 ὑμεῖς
1275 533 1559 598 ⁶βλέπετε,
1606 530 1705 585 καὶ

1830 527 1944 582 )um
1970 541 2053 582 me
2079 524 2351 580 infirmum
2372 528 2425 576 et
2450 528 2734 595 gravatum
2757 533 2942 584 cerno,
2968 517 3218 590 suspicor
3235 516 3366 574 mihi

0 655 10 690 ε
115 635 247 688 οὐκ
269 628 451 696 δίδον,
489 630 586 685 καὶ
613 628 867 684 ἀκοῦσαι
897 626 934 681 ἅ
959 627 1226 688 ἀκούετε,
1256 624 1353 679 καὶ
1381 627 1492 680 οὐκ
1520 623 1704 693 ἤκου-

3 753 15 786 ι
113 734 275 772 σαν.
314 716 470 770 Κατὰ
497 715 553 769 δὲ
581 715 678 788 τὴν
715 715 952 786 ἱστορίαν
974 755 989 778 ,
1016 713 1258 777 Βλέπων,
1292 713 1476 784 φησὶν,
1531 714 1702 785 ἐμαυ-

0 831 16 880 ί
111 804 224 858 τὸν
260 803 548 858 ἀτονοῦντα
582 803 678 856 καὶ
711 801 1094 874 βαρυνόμενον,
1127 803 1304 871 ὀλίγον
1334 802 1698 875 ὑπολαμϐάνω

0 938 16 970 _.
113 897 326 969 καιρὸν
355 896 736 968 ὑπολελεῖφθαι
767 913 855 968 μοι
893 896 1055 966 ζωῆς.
1083 895 1174 967 Μὴ
1199 893 1293 950 οὖν
1332 895 1703 969 ὲκδημήσαιμι

109 987 226 1042 τοῦ
277 989 527 1060 σώματος
575 990 632 1043 ὲν
675 987 754 1060 τῷ
799 988 988 1060 ἡμίσει
1027 990 1122 1042 καὶ
1175 988 1355 1042 ἀτελεῖ
1401 988 1510 1042 τῶν
1563 990 1699 1059 ἡμε-

118 1079 266 1152 ρῶν.
315 1083 410 1134 Ἐν
463 1080 638 1152 γενεᾷ
691 1079 910 1152 γενεῶν
935 1080 1006 1135 τὰ
1032 1081 1136 1150 ἐτη
1190 1096 1326 1135 σου.
1366 1080 1701 1151 Ἀναγκαίως

115 1172 413 1245 προειπών
436 1189 449 1204 ·
500 1177 558 1228 Μ
561 1171 594 1241 ἡ
633 1171 939 1243 ἀναγάγῃς
974 1189 1052 1242 με
1099 1171 1170 1226 ἐν
1219 1173 1422 1244 ἡμίσει
1469 1172 1702 1243 ἡμερῶν

109 1282 273 1332 μου,
298 1265 591 1337 εὐξάμενός
635 1281 694 1319 τε
733 1265 1054 1338 παραθεῖναι
1099 1265 1198 1338 τὴν
1241 1266 1384 1337 ζωὴν
1413 1265 1572 1337 μέχρι
1600 1264 1701 1334 τῆς

119 1354 417 1421 ἐκϐάσεως
445 1356 550 1409 τῶν
575 1357 1088 1428 προφητευομένων,
1125 1357 1326 1429 συνορᾷ
1351 1355 1412 1409 τὸ
1444 1355 1700 1410 ἀδύνατον

117 1443 221 1500 διὰ
255 1446 314 1499 τὸ
343 1446 566 1511 ἀσθενὲς
591 1448 685 1500 καὶ
710 1447 1072 1519 ὀλιγοχρόνιον
1100 1448 1197 1518 τῆς
1224 1447 1423 1520 θνητῆς
1451 1447 1664 1517 φύσεως
1685 1465 1700 1480 ⁸

118 1530 257 1589 εἶτα
290 1535 392 1607 ἔφη
419 1552 432 1566 ·
470 1535 570 1590 Σοῦ
599 1537 782 1608 μόνου,
813 1536 1007 1608 Κύριε,
1041 1537 1110 1591 τά
1143 1536 1236 1609 ἔτη
1277 1538 1354 1602 είς
1386 1537 1577 1607 γενεὰν
1609 1540 1702 1593 καὶ

2 1639 18 1702 ἰ
117 1625 330 1693 γενεὰν
367 1625 616 1681 διατείνει
641 1644 656 1658 θ
694 1627 787 1681 καὶ
833 1628 897 1682 σὺ
929 1628 1079 1699 ἥξεις
1124 1629 1204 1694 είς
1247 1629 1460 1703 ἐκείνην
1493 1631 1590 1705 τὴν
1615 1649 1707 1700 γε-

11 1715 18 1724 ’
119 1721 290 1787 νεάν,
330 1723 580 1777 κάκεῖνον
615 1723 704 1777 τὸν
729 1725 876 1789 λαὸν,
903 1725 1030 1796 περὶ
1055 1717 1130 1780 ὧν
1163 1726 1419 1801 ἀνωτέρω
1448 1729 1698 1799 ἐλέγετοο
1731 1728 2022 1797 Γραφήτω
2044 1728 2194 1796 αὕτη
2232 1729 2317 1794 εις
2343 1725 2458 1795 τὴν
2502 1725 2711 1796 γενεὰν
2755 1722 2987 1792 ἑτέραν,
3022 1723 3118 1776 καὶ
3136 1719 3207 1775 τὰ
3238 1719 3385 1791 ἑξῆς·

209 1814 361 1866 Kar‘
421 1813 611 1883 ἀρχὰς
647 1813 760 1881 τὴν
816 1813 933 1884 τὴν
966 1814 1082 1878 σὺ,
1150 1817 1344 1885 Κύριε,
1393 1817 1704 1887 ἐθεμελίω-
1737 1805 1780 1861 Β

123 1919 280 1970 σας,
315 1905 410 1959 καὶ
439 1904 580 1974 ἔργα
618 1903 732 1958 τῶν
761 1903 972 1974 χειρῶν
1009 1906 1122 1959 σού
1159 1908 1317 1960 εἰσιν
1352 1911 1405 1961 ol
1441 1910 1703 1977 ai‘vparol.

128 1994 323 2048 Λῠτοὶ
358 1995 747 2060 ἀπολοῦνται,
799 1997 880 2051 σὺ
911 1995 978 2050 δὲ
1023 1996 1336 2067 διαμένεις.
1374 2000 1436 2053 Ei
1471 2001 1570 2072 μὲν
1601 2000 1710 2074 γὰρ

129 2087 204 2140 οὐ
245 2086 504 2159 συνῆσθα,
540 2088 692 2159 φησὶ,
731 2088 850 2141 κατ’
882 2088 1074 2160 ἀρχὰς,
1109 2083 1153 2144 ὦ
1198 2091 1392 2164 Κύριε,
1441 2095 1534 2148 καὶ
1556 2094 1605 2147 εἰ
1637 2092 1711 2164 μὴ

135 2179 285 2250 ἔργα
311 2178 419 2232 τῶν
453 2178 652 2251 χειρῶν
693 2197 787 2233 σου
823 2179 1063 2252 ὑπῆρχον
1092 2183 1141 2236 οἱ
1188 2182 1426 2254 οὐρανοὶ.
1465 2185 1563 2256 οὐχ
1603 2180 1712 2239 οἷόν

140 2288 211 2324 τε
241 2267 309 2343 ἦν
331 2270 472 2324 αὐτὰ
500 2269 873 2342 μετατεθῆναι,
912 2272 1032 2326 οὐδὲ
1063 2274 1141 2338 είς
1179 2274 1478 2347 μεταϐολὴν
1507 2276 1708 2330 ἐλθεῖν·

138 2364 196 2417 ει
230 2363 339 2436 γὰρ
371 2363 610 2437 ἀγένητα
633 2359 722 2437 ἦν,
747 2366 966 2437 ἔμειναν
998 2365 1064 2420 ἄν
1101 2367 1194 2420 καὶ
1227 2365 1555 2439 ἀτελεύτητα
1574 2386 1588 2402 ο
1619 2369 1714 2424 νῦν

136 2454 226 2520 δὲ,
255 2455 378 2508 ἐπεὶ
395 2455 621 2527 ποιητὴς
640 2456 818 2510 αὐτῶν
853 2457 1103 2529 γέγονας,
1131 2457 1353 2522 δυνατὸς
1380 2455 1432 2512 εῐ
1457 2460 1550 2513 καὶ
1576 2476 1715 2530 παρ-

141 2549 379 2616 αγαγεῖν
425 2549 564 2604 αὐτά
618 2548 848 2624 θελήσας
884 2568 897 2581 ’
959 2551 1174 2621 φύσεως
1221 2551 1330 2624 γὰρ
1411 2551 1716 2624 ὑπάρχουσι

139 2639 394 2712 φθαρτῆς
448 2642 543 2694 καὶ
586 2643 962 2717 ἀπολλυμένης
988 2663 1001 2676 ·
1058 2647 1164 2712 ὅτι,
1201 2647 1294 2700 καὶ
1349 2643 1424 2718 μὴ
1455 2647 1718 2719 πρότερον

145 2731 305 2797 εντα,
348 2734 413 2803 σῇ
448 2733 607 2805 βουλῇ
640 2734 733 2787 καὶ
765 2735 990 2807 δυνάμει
1023 2736 1266 2806 γέγονεν.
1323 2738 1419 2790 Ἐν
1461 2736 1569 2808 γάρ
1603 2738 1720 2790 ἐστι

151 2821 322 2892 μένον
361 2823 469 2881 ἀεὶ.
511 2824 605 2876 καὶ
636 2823 832 2878 οὔποτε
864 2826 1160 2896 δυνάμενον
1211 2827 1286 2898 μὴ
1328 2822 1489 2889 εἶναι,
1520 2826 1720 2897 δηλαδὴ

149 2912 225 2966 σὺ
250 2913 412 2977 αὐτὸς
439 2915 467 2967 ὁ
497 2913 655 2985 μόνος
690 2915 796 2968 τῶν
819 2916 954 2969 ὅλων
980 2920 1227 2989 ποιητής.
1269 2917 1372 2970 Καὶ
1399 2918 1620 2984 πάντες
1645 2918 1724 2983 ὡς

150 3005 389 3076 ἱμάτιον
432 3007 975 3076 παλαιωθήσονται,
1026 3009 1122 3062 καὶ
1166 3008 1309 3063 ὡσεὶ
1351 3009 1726 3079 περιϐόλαιον

149 3096 380 3162 ἑλίξεις
431 3097 672 3164 αὐτοὺς,
698 3098 794 3152 καὶ
828 3099 1269 3169 ἐλιχθήσονται.
1299 3101 1409 3154 Καὶ
1431 3101 1478 3154 oi
1511 3099 1727 3171 οὐρανοὶ⁸

1804 618 2066 690 perbreve
2087 625 2301 688 tempus
2331 615 2453 670 vitae
2487 612 2768 670 residuum
2801 627 2942 668 esse.
2980 609 3060 666 Ne
3088 611 3271 680 itaque
3314 610 3368 664 in

1803 707 2033 764 dimidio
2073 707 2283 762 dierum
2339 712 2395 761 et
2446 704 2735 760 immature
2779 717 2811 757 a
2855 715 3083 772 corpore
3153 700 3373 773 proﬁci-

1805 815 1947 856 scar.
1983 797 2050 854 In
2071 799 2401 870 generatione
2422 797 2820 868 generationum
2839 795 2968 850 anni
2993 795 3092 850 tui.
3117 793 3256 850 Cum
3287 793 3376 850 di-

1805 893 1999 959 xisset,
2028 890 2111 947 Ne
2143 908 2344 946 revoces
2375 907 2456 946 me
2489 890 2543 944 in
2558 887 2782 943 dimidio
2806 886 3008 942 dierum
3033 903 3293 952 meorum,
3310 902 3376 942 ac

1803 995 2050 1059 rogasset
2080 987 2249 1042 vitam
2279 1000 2434 1043 suam
2470 1000 2642 1055 usque
2689 983 2759 1039 ad
2809 998 2993 1040 rerum
3042 982 3378 1053 praenuntia-

1806 1088 1985 1134 tarum
2010 1086 2263 1136 eventum
2295 1077 2610 1150 prorogari;
2641 1075 2788 1132 videt
2817 1075 2921 1131 hoc
2953 1075 3024 1130 ob
3050 1074 3377 1129 imbecillam

1807 1181 1861 1230 et
1888 1173 2089 1229 ﬂuxam
2136 1172 2382 1228 mortalis
2427 1177 2640 1226 natura:
2687 1168 3059 1224 conditionem
3101 1165 3218 1222 ﬁeri
3271 1181 3382 1222 non

1811 1281 1999 1336 posse;
2026 1265 2221 1321 deinde
2255 1264 2362 1320 ait:
2396 1263 2504 1318 Tui
2547 1262 2719 1318 solius
2749 1262 2901 1325 anni,
2935 1258 3183 1324 Domine,
3214 1258 3270 1314 in
3297 1272 3384 1329 ge-

1808 1355 2144 1411 nerationem
2189 1363 2243 1410 et
2290 1353 2692 1425 generationem
2735 1351 3163 1422 producuntur:
3218 1358 3386 1421 tuque

1810 1449 2095 1520 pervenies
2144 1447 2212 1503 ad
2262 1448 2412 1502 illam
2442 1449 2846 1519 generationem
2882 1454 2937 1500 et
2969 1443 3228 1516 populum
3261 1483 3278 1507 ,
3319 1443 3387 1498 de

1809 1541 2008 1612 quibus
2033 1542 2284 1612 superius
2310 1540 2628 1597 dicebatur:
2658 1539 2939 1596 Scribatur
2975 1536 3086 1592 hac
3137 1537 3194 1591 in
3231 1551 3390 1607 gene-

1816 1634 2073 1688 rationem
2098 1631 2343 1696 alteram,
2378 1641 2432 1686 et
2461 1641 2678 1688 caetera.

1886 1817 2052 1876 Vens.
2098 1818 2286 1875 26-29.
2340 1817 2505 1873 Initio
2562 1828 2644 1883 tu,
2707 1815 2957 1880 Domine,
3011 1824 3211 1868 terram
3274 1813 3393 1883 fun-

1809 1913 1970 1978 dasti,
2034 1923 2082 1967 et
2137 1927 2296 1982 opera
2351 1927 2602 1965 manuum
2657 1917 2870 1963 tuarum
2921 1915 3045 1961 sunt
3091 1906 3227 1960 caeli.
3280 1902 3395 1972 Ipsi

1808 2005 2069 2075 peribunt.
2100 2013 2155 2059 tu
2209 2016 2386 2060 autem
2441 2019 2737 2075 permanes.
2796 1999 2915 2057 Nisi
2948 2000 3096 2056 enim
3144 2012 3176 2053 a
3237 1997 3394 2070 prin-

1811 2094 1990 2166 cipio,
2045 2093 2303 2160 Domine,
2349 2093 2550 2152 fuisses
2577 2134 2594 2160 ,
2654 2101 2710 2150 et
2754 2092 2861 2148 nisi
2906 2091 3030 2146 caeli
3062 2101 3233 2160 opera
3280 2103 3398 2142 ma-

1812 2203 1980 2244 nuum
2009 2196 2224 2242 tuarum
2277 2193 2497 2252 essent,
2531 2200 2642 2240 non
2698 2188 2923 2254 possent
2962 2180 3053 2235 illa
3081 2192 3245 2250 opera
3274 2192 3398 2233 mu-

1813 2279 1959 2346 tari,
2003 2294 2105 2336 nec
2159 2279 2215 2333 in
2259 2277 2422 2333 aliam
2464 2275 2834 2332 conditionem
2882 2273 3068 2329 venire
3119 2291 3132 2327 :
3190 2285 3317 2326 nam
3347 2269 3396 2326 si

1813 2383 1924 2424 non
1960 2369 2101 2424 facta
2155 2376 2360 2433 essent,
2395 2369 2516 2424 sine
2571 2367 2677 2423 line
2725 2372 3028 2421 manerent.
3087 2361 3206 2418 Jam
3268 2376 3399 2418 vero

1815 2462 1943 2534 quia
1997 2475 2188 2517 eorum
2237 2458 2418 2530 opifex
2475 2457 2660 2524 fuisti,
2725 2467 2880 2528 poles
2930 2456 3020 2511 illa
3078 2461 3293 2510 mutare
3351 2452 3400 2508 si

1813 2555 1993 2611 velis:
2037 2567 2162 2608 nam
2211 2551 2370 2607 ﬂuxae
2424 2559 2477 2606 et
2529 2548 2906 2619 corruptibilis
2953 2559 3162 2604 natura:
3221 2554 3396 2603 sunt:

1817 2646 1944 2716 quia
2004 2659 2128 2700 cum
2191 2657 2300 2697 non
2358 2641 2512 2711 prius
2552 2640 2913 2707 exsisterent,
2967 2640 3246 2696 voluntate
3335 2649 3402 2691 ac

1817 2737 2019 2790 virtute
2072 2743 2164 2789 tua
2212 2731 2431 2786 condita
2489 2737 2636 2785 sunt.
2685 2727 2868 2784 Unum
2925 2728 3124 2798 quippe
3151 2734 3237 2783 est
3256 2724 3404 2797 quod

1820 2833 2024 2892 nanet,
2057 2832 2112 2880 et
2141 2838 2420 2894 nunquam
2451 2837 2559 2877 non
2605 2836 2730 2876 esse
2769 2820 2966 2892 potuit,
3001 2835 3194 2891 nempe
3225 2827 3282 2872 tu
3314 2832 3403 2873 so-

1821 2922 1908 2977 lus
1938 2918 2179 2974 omnium
2223 2915 2493 2971 conditor.
2541 2912 2603 2968 Et
2631 2929 2807 2968 omnes
2860 2914 2998 2967 sicut
3040 2912 3405 2967 vestimentum

1822 3016 2158 3073 veterasunt,
2185 3015 2235 3062 et
2262 3006 2400 3062 velut
2429 3005 2686 3060 amictum
2709 3004 2876 3059 volves
2897 3020 3008 3068 eos,
3031 3012 3081 3058 et
3110 3003 3399 3060 solventur.

1825 3103 1961 3159 Caeli
1981 3114 2200 3173 quoque
2228 3099 2444 3156 etiamsi
2485 3113 2740 3170 magnum
2776 3096 3409 3169 praestantissimumun

151 3188 239 3250 δὲ,
270 3189 317 3242 εἰ
349 3187 442 3242 καὶ
473 3188 612 3260 μέγα
643 3189 736 3242 καί
764 3189 1036 3261 ἐξαίρετόν
1063 3208 1114 3244 τι
1145 3191 1469 3262 τυγχάνουσι
1495 3191 1723 3262 κτίσμα,

1830 3191 1938 3247 sint
1981 3189 2294 3261 opificium,
2354 3193 2595 3241 attamen
2637 3186 2741 3257 ipsi
2787 3199 3009 3256 quoque
3064 3183 3407 3255 corruptioni

155 3278 277 3332 ἀλλ’
315 3280 459 3350 ὅμως
491 3279 582 3334 καὶ
637 3279 789 3334 αὐτοὶ
845 3280 1308 3353 ὑποϐληθήσονται
1343 3282 1544 3356 φθορᾷ·
1590 3285 1625 3356 ἡ
1669 3283 1727 3338 δὲ

157 3367 339 3440 φθορά
361 3369 496 3441 αὕτη
524 3372 810 3442 γενήσεται
833 3370 1015 3435 αὐτοῖς
1051 3373 1129 3436 είς
1173 3371 1585 3446 ἀνακαινισμὸν,
1633 3373 1728 3426 καὶ

161 3460 440 3526 συπελεῖς
472 3463 664 3527 αὐτοὺς
700 3461 938 3534 εὐχερῶς
971 3462 1142 3528 οὕτως
1169 3463 1245 3528 ὡς
1269 3464 1470 3518 ἑλίσσει
1501 3482 1584 3530 τις
1631 3481 1728 3518 πε-

162 3551 435 3624 ριϐόλαιον
454 3570 467 3583 ·
508 3554 876 3626 ἑλιχθήσονται
897 3555 1005 3628 γὰρ
1024 3558 1103 3620 είς
1132 3555 1336 3627 βέλτιον
1358 3556 1543 3628 σχῆμα
1573 3572 1731 3628 μετα-

162 3644 508 3716 ὗαλὶόμενοι,
544 3648 636 3701 καὶ
666 3649 1079 3721 ἀλλαγήσονται,
1129 3650 1222 3702 καὶ
1265 3647 1473 3720 τροπὴν
1521 3646 1730 3719 ἀγαθὴν

164 3734 500 3806 ὑπομενοῦσι
530 3737 628 3809 τὴν
657 3738 764 3792 ἀπὸ
803 3740 900 3810 τῆς
947 3739 1303 3810 παλαιότητος
1343 3740 1437 3794 ἐπὶ
1468 3739 1568 3813 τὴν
1600 3741 1733 3796 ἁνα-

165 3828 404 3882 καίνισιν
433 3830 526 3884 καὶ
547 3830 647 3902 τὴν
680 3830 1008 3903 ἀφθαρσίαν.
1049 3831 1133 3886 Σὺ
1164 3831 1233 3885 δὲ
1263 3835 1296 3886 ὁ
1316 3832 1499 3900 αὐτὸς
1534 3829 1606 3899 εἴ,
1634 3833 1736 3888 καί

162 3920 244 3977 τὰ
268 3921 372 3991 ἐτη
391 3935 506 3977 σου
538 3924 648 3977 οὐκ
679 3921 1054 3992 euersam.
1106 3925 1168 3978 Ol
1211 3923 1325 3978 υίοί
1360 3921 1476 3977 τῶν
1501 3923 1736 3979 δούλων

166 4030 290 4070 σου
317 4015 879 4084 κατασκηνώσουσι,
923 4019 1019 4070 καὶ
1052 4015 1118 4070 τὸ
1155 4013 1393 4086 σπέρμα
1425 4015 1623 4071 αὐτῶν
1650 4019 1738 4083 εις

165 4107 280 4161 τὸν
292 4106 474 4160 αἰῶνα
503 4105 1061 4174 κατευθυνθήσεται.
1087 4107 1307 4172 Καινοῖς
1324 4108 1398 4178 (2)
1432 4108 1739 4179 γενομένοις

1837 3282 2232 3355 subjicientur:
2267 3281 2382 3336 haec
2413 3288 2594 3335 autem
2625 3278 2907 3351 corruptio
2934 3277 3070 3350 ipsis
3091 3277 3147 3332 in
3178 3293 3410 3335 renova-

1834 3379 2039 3436 tionem
2061 3383 2254 3440 vertet,
2290 3384 2453 3444 atque
2477 3372 2626 3444 ipsos
2656 3371 2729 3427 ita
2761 3369 2924 3427 facile
2946 3368 3244 3426 contrahes
3273 3409 3290 3433 ,
3343 3382 3408 3424 ac

1834 3472 1881 3530 si
1918 3471 2043 3542 quis
2069 3469 2328 3525 amictum
2357 3467 2684 3522 convolvat:
2743 3480 2871 3519 nam
2899 3464 3182 3521 meliorem
3211 3464 3266 3518 in
3306 3462 3414 3520 for-

1835 3580 1978 3620 mam
1999 3563 2302 3625 volventur,
2331 3575 2395 3616 ac
2417 3558 2774 3614 mutabuntur
2799 3566 2962 3629 atque
2987 3555 3409 3613 conversionem

1837 3656 2096 3727 optimam
2131 3653 2427 3717 subibunt,
2474 3665 2504 3704 a
2539 3655 2814 3705 vetustate
2863 3664 3056 3719 nempe
3083 3647 3152 3703 ad
3179 3661 3414 3704 renova-

1840 3747 2045 3802 tionem
2071 3755 2125 3801 et
2154 3741 2616 3813 incorruptionem
2656 3739 2929 3795 translati.
2969 3738 3050 3792 Tu
3079 3746 3254 3792 autem
3275 3735 3414 3791 idem

1841 3841 1949 3910 ipse
1977 3855 2052 3904 es,
2083 3847 2132 3893 et
2165 3837 2292 3892 anni
2325 3837 2400 3890 tui
2466 3851 2570 3890 non
2621 3831 2884 3902 deﬁcient.
2956 3829 3086 3885 Filii
3145 3845 3414 3886 servorum

1843 3942 2055 3986 tuorum
2093 3928 2431 3992 habitabant,
2459 3935 2510 3981 et
2543 3941 2717 3980 semen
2745 3939 2926 3980 eorum
2961 3923 3016 3977 in
3045 3920 3303 3978 saxulum
3325 3921 3414 3974 di-

1841 4025 2056 4095 rigetur.
2107 4019 2354 4076 lnnovati
2407 4017 2616 4074 scilicet
2635 4023 2797 4072 erunt
2815 4031 2876 4072 ac
2911 4015 3190 4071 meliorem
3213 4012 3268 4068 in
3300 4012 3414 4068 for-

1842 4129 1985 4170 mam
2005 4113 2276 4173 translati,
2309 4119 2358 4166 et
2382 4125 2552 4164 semen
2582 4124 2761 4163 eorum
2795 4148 2810 4176 ,
2860 4107 3068 4164 scilicet
3131 4119 3415 4166 servorum

169 4199 270 4252 καὶ
297 4198 386 4250 ἐπὶ
417 4197 478 4251 τὸ
503 4201 747 4267 κρεῖττον
782 4198 1223 4269 μεθαρμοσθεῖσι,
1255 4200 1352 4252 καὶ
1393 4200 1458 4252 τὸ
1505 4198 1728 4269 σπέρμα

1844 4214 2082 4269 tuorum,
2120 4206 2173 4259 in
2201 4202 2455 4258 secutum
2486 4199 2760 4273 dirigetur.

172 4293 422 4359 ἑαυτῶν,
450 4294 649 4365 δηλαδὴ
682 4293 789 4348 τῶν
826 4293 1023 4348 δούλων
1045 4311 1156 4359 σου,
1181 4295 1260 4359 είς
1291 4295 1382 4349 τὸν
1407 4294 1576 4348 αίῶνα
1608 4297 2111 4372 κατευθυνθήσεται.

704 4436 791 4508 Τῼ
821 4436 1038 4490 ΔΑΥΙΔ.
1071 4436 1190 4489 PB'.

245 4551 512 4621 Εῠλόγει,
545 4550 582 4618 ἡ
609 4550 778 4621 ψυχή
811 4569 951 4620 μου,
984 4550 1090 4604 τὸν
1116 4553 1352 4620 Κύριον.
1379 4551 1529 4622 Τάχα
1553 4550 1610 4605 δὲ
1643 4550 1738 4624 μέ-

178 4661 280 4713 σην
305 4641 718 4712 ἀπολειφθεῖσαν
747 4643 845 4714 τὴν
875 4642 1052 4714 ψυχὴν
1099 4640 1192 4696 τοῦ
1224 4641 1471 4713 σώματος
1512 4643 1605 4696 καὶ
1647 4643 1741 4696 τοῦ

180 4733 506 4806 πνεύματος,
536 4736 596 4789 τὸ
631 4734 730 4806 μὲν
759 4736 917 4807 σῶμα
957 4736 1048 4788 ἐπὶ
1078 4735 1175 4799 τὰς
1219 4735 1422 4800 οἰκείας
1455 4736 1744 4807 ἐπιθυμίας

181 4827 278 4880 καὶ
348 4825 768 4898 ἀνδραποδώδεις
835 4826 1026 4898 ἡδονὰς
1079 4826 1359 4891 καθέλκει,
1408 4828 1594 4900 ὥσπερ
1651 4830 1744 4898 ἀφ’

184 4916 352 4987 ὕψους
380 4915 582 4971 ἄνωθέν
610 4919 772 4973 ποθεν
789 4919 1121 4974 καταϐάλλον
1151 4919 1340 4989 αὐτήψ
1365 4915 1424 4972 τὺ
1446 4919 1504 4974 δὲ
1530 4919 1746 4991 πνεῦμα

184 5009 349 5065 πάλιν
376 5008 510 5081 πρὸς
541 5011 698 5064 ἑαυτὸ
743 5011 954 5067 ἀνέλκει
991 5013 1103 5068 ἄνω
1138 5029 1238 5066 που
1285 5013 1421 5084 πρὸς
1459 5011 1590 5067 Θεὸν
1619 5014 1748 5067 ἀνά-

184 5116 302 5170 γον,
354 5099 455 5154 καὶν
484 5097 579 5153 τοῦ
618 5101 821 5172 Κυρίου
853 5101 1209 5174 μνημονεύειν
1241 5102 1570 5174 παρακαλεῖ,
1603 5103 1750 5156 εὐλο-

186 5194 307 5263 γεῖν
337 5209 397 5245 τε
427 5190 607 5256 αὐτὸν,
633 5192 726 5246 καὶ
753 5191 858 5264 πρὸ
885 5192 1173 5264 ὀφθαλμῶν
1199 5193 1288 5246 διὰ
1337 5191 1537 5257 παντὸς
1565 5193 1708 5264 ἔχειν
1730 5210 1745 5225 ο

185 5284 222 5357 ἢ
257 5283 418 5349 αὐτὸς
449 5284 639 5338 ἑαυτὸν
673 5286 764 5339 ἐπὶ
811 5284 904 5338 τὸν
944 5283 1110 5357 ὕμνον
1141 5285 1429 5360 διεγείρειν
1469 5288 1560 5340 καὶ
1594 5286 1750 5340 εὐλο-

186 5379 304 5444 γεῖν
352 5376 444 5430 τὸν
498 5374 632 5430 Θεὸν
661 5376 1026 5445 ὲγκελεύεται,
1055 5379 1222 5433 καλὸν
1262 5377 1440 5449 ἑαυτῷ
1473 5377 1748 5450 σωτηρίας

187 5469 480 5541 φάρμακον
503 5468 603 5541 τὴν
622 5470 702 5533 εἰς
728 5468 818 5524 τὸν
848 5468 981 5523 Θεὸν
1013 5467 1260 5538 εὐλογίαν
1292 5469 1748 5542 προϐαλλόμενος.

187 5561 298 5616 Kal
325 5559 521 5616 πάντα
545 5561 618 5616 τὰ
643 5561 816 5630 ἐντός
830 5579 949 5632 μου
967 5561 1033 5616 τὸ
1058 5560 1244 5632 ὄνομα
1265 5563 1333 5618 τὸ
1348 5563 1517 5634 ἅγιον
1545 5562 1751 5618 αὐτοῦ.

189 5651 318 5716 Τοῖς
349 5651 500 5718 ἐντὸς
530 5650 693 5706 αὐτοῦ
723 5651 1051 5723 προστάσσει
1078 5650 1316 5723 εὐλογεῖν
1345 5652 1404 5708 τὸ
1436 5654 1607 5726 ὄνομα
1644 5654 1756 5708 Κυ-

197 5743 338 5816 ρίου,
367 5745 608 5801 τουτέστι
631 5748 698 5819 τῇ
726 5743 882 5817 φύσει
902 5743 1009 5801 τῶν
1039 5743 1238 5802 ἔσωθεν
1262 5745 1629 5820 ἐξερχομένων
1650 5743 1758 5800 δια-

272 5853 348 5924 (2)
371 5853 480 5911 Sic.

1775 4467 1818 4522 ο
2343 4434 2472 4493 lPSl
2512 4433 2735 4491 DAVID.
2797 4433 2909 4493 cu.

1913 4551 2077 4608 Vens.
2116 4551 2160 4606 ι.
2199 4551 2456 4617 Benedic,
2484 4551 2665 4606 anima
2694 4565 2845 4614 mea,
2875 4547 3126 4606 Domino.
3163 4547 3424 4608 Fortasse

1841 4649 2074 4706 mediam
2105 4646 2348 4702 relictam
2379 4645 2613 4699 animam
2641 4642 2784 4698 inter
2806 4655 3008 4712 corpus
3036 4648 3093 4697 et
3131 4641 3382 4714 Spiritum
3401 4683 3418 4710 ,

1843 4757 2043 4812 corpus
2067 4738 2287 4811 quidem
2310 4736 2378 4792 ad
2399 4737 2652 4807 proprias
2671 4734 3153 4805 concupiscentias
3173 4742 3228 4792 et
3252 4737 3424 4792 servi-

1845 4835 1925 4891 les
1950 4834 2258 4903 voluptates
2279 4829 2547 4902 pertrahit
2564 4868 2582 4894 ,
2609 4827 2766 4900 quasi
2789 4841 2857 4884 ex
2887 4828 3109 4886 sublimi
3134 4837 3190 4885 et
3219 4830 3426 4886 altissi-

1847 4941 1936 4982 mo
1963 4925 2087 4982 loco
2115 4923 2380 4994 dejiciens
2412 4920 2561 4976 illam
2587 4937 2603 4987 ;
2633 4918 2866 4991 spiritus
2889 4936 3020 4976 vero
3049 4930 3242 4976 contra
3269 4921 3336 4976 ad
3363 4938 3424 4978 se

1849 5028 2066 5070 sursum
2101 5011 2302 5078 trahit,
2335 5016 2392 5066 et
2434 5009 2502 5064 ad
2542 5007 2713 5065 Deum
2761 5008 3020 5076 adducit,
3064 5010 3426 5080 hortaturque

1850 5113 1910 5161 ut
1940 5105 2230 5160 Dominum
2259 5109 2556 5171 memoret,
2588 5103 2694 5174 ipsi
2723 5103 3044 5170 benedicat,
3089 5105 3268 5176 ipsum
3311 5119 3424 5176 prae

1849 5197 2026 5255 oculis
2059 5210 2272 5268 semper
2300 5194 2500 5251 habeat
2525 5213 2539 5251 :
2572 5193 2658 5262 vel
2689 5194 2928 5252 fortasse
2953 5195 3251 5268 quemlibet
3277 5196 3424 5269 seip-

1853 5305 1971 5345 sum
1999 5287 2237 5345 excitare
2265 5301 2330 5342 ac
2365 5285 2475 5343 Deo
2500 5285 2825 5343 benedicere
2851 5285 3035 5356 jubet,
3075 5287 3282 5343 bonum
3313 5287 3421 5348 sibi

1853 5379 1920 5434 ad
1943 5379 2174 5436 salutem
2194 5393 2317 5434 esse
2334 5376 2444 5434 Deo
2458 5376 2786 5434 benedicere
2803 5391 3133 5448 proponens.
3153 5375 3223 5431 Et
3244 5379 3424 5432 omnia

1854 5471 2108 5526 interiora
2149 5486 2267 5524 mea
2305 5469 2507 5524 nomini
2546 5479 2734 5524 sancto
2776 5469 2916 5540 ejus.
2953 5467 3172 5526 Nomini
3204 5468 3426 5526 Domini

1855 5559 2176 5617 benedicere
2202 5559 2358 5630 jubet
2385 5557 2648 5615 interiora
2675 5574 2811 5626 sua,
2839 5558 2893 5614 id
2919 5565 3035 5624 est,
3063 5558 3428 5631 cogitationes

1858 5667 1987 5710 suas
2017 5666 2139 5724 quae
2181 5651 2250 5708 ab
2291 5650 2444 5708 intus
2470 5649 2808 5722 procedunt,
2842 5666 3074 5723 quarum
3107 5651 3309 5724 duplex
3343 5663 3436 5710 est

1861 5745 2031 5802 ordo:
2073 5744 2194 5801 aliae
2223 5743 2367 5802 enim
2400 5760 2583 5816 pravae
2615 5753 2779 5807 sunt,
2818 5760 3010 5816 nempe
3033 5785 3048 5810 ,
3081 5745 3290 5813 caedes,
3321 5745 3431 5805 for-

908 6609 913 6625 ‘
989 6604 1391 6666 ..ι-

479 7092 523 7146 I.
