3954 7146
568 375 708 430 £263

1269 371 1538 428 EUSEBII
1577 368 2054 427 CESARIENSES
2085 368 2234 427 OPP.
2276 368 2461 426 PARS
2487 367 2579 426 ἰῐῖ.
2607 402 2671 414 -
2709 369 3123 427 EXEGETICA.

3713 363 3834 418 {2435

563 491 870 548 nicationes
907 498 962 545 et
1009 488 1152 544 l'urta‘
1198 493 1549 559 spectantes;
1590 489 1710 543 aliae
1745 503 1878 544 vero
1907 488 2127 544 urbana!

2231 488 2525 560 λογισμῶν,
2541 480 2617 543 ὧν
2641 487 2860 543 διπλοῦν
2884 491 3002 542 ἐστι
3029 488 3093 542 τὸ
3120 487 3306 558 τάγμα
3324 503 3339 516 ·
3357 487 3412 540 οἱ
3432 486 3554 557 μὲν
3577 482 3712 552 γὰρ
3731 496 3838 548 pago

560 593 620 642 et
663 584 933 640 salutares
961 621 976 647 ,
1024 595 1218 652 nempe
1264 581 1613 640 humanitas.
1664 583 2024 652 temperantia
2075 590 2131 637 et

560 674 949 731 communitas.
980 669 1033 727 Is
1065 671 1249 742 itaque
1277 671 1438 740 cujus
1471 671 1656 725 omnia
1691 669 1952 725 interiora
1980 680 2129 726 recta

560 773 694 824 sunt
737 775 794 821 et
842 770 1032 836 parata
1079 763 1149 817 ad
1198 762 1632 819 benedicendum
1681 763 1886 820 no’mini
1938 770 2131 820 sancto

561 857 692 925 Dei,
735 857 982 913 interiori
1024 872 1126 914 suo
1167 856 1364 912 aﬂ'ectu
1403 866 1554 912 recte
1586 856 1781 921 utitur,
1815 856 1883 912 ad
1917 857 2127 927 gratia-

560 965 687 1005 rum
721 949 968 1006 actiones
1003 950 1110 1006 Deo
1137 948 1408 1020 agendas,
1459 958 1622 1020 atque
1652 949 1834 1005 omnia
1867 948 2129 1004 interiora

562 1057 664 1098 sua
696 1049 1017 1124 consecrat,
1066 1053 1366 1112 omnesque
1415 1044 1610 1098 animae
1657 1042 1890 1098 virtutes
1939 1046 1993 1096 et
2032 1054 2131 1096 co-

560 1131 856 1204 gitationes
886 1132 953 1186 ad
985 1131 1231 1188 divinum
1275 1133 1540 1206 hymnum
1583 1134 1842 1189 concitat.
1882 1133 1934 1188 ls
1980 1130 2126 1188 enim

560 1221 882 1285 ratiocinia,
917 1220 1319 1295 cogitationes,
1366 1239 1668 1295 omnesque
1694 1223 1861 1278 animi
1899 1230 2084 1278 motus
2105 1261 2122 1288 ,

562 1318 728 1382 atque
772 1313 957 1371 varias
1005 1315 1126 1386 ejus
1175 1317 1405 1370 virtutes
1451 1315 1731 1380 advocat,
1781 1315 1888 1368 vim
1931 1326 2127 1384 nempe

561 1403 871 1478 cogitandi,
901 1407 1284 1471 discernendi,
1322 1399 1653 1477 respiciendi
1673 1447 1690 1472 ,
1724 1406 1953 1477 agendi,
1985 1405 2128 1459 ima-

561 1498 806 1567 ginandi,
853 1498 1211 1565 recordandi,
1245 1505 1301 1555 et
1331 1499 1468 1555 alias
1499 1517 1516 1554 :
1547 1513 1675 1554 nam
1705 1499 1891 1552 multa:
1924 1497 1981 1552 in
2011 1496 2132 1550 ani-

558 1605 650 1645 ma
699 1591 931 1647 virtutes
986 1591 1234 1662 variique
1286 1597 1468 1646 motus
1521 1598 1672 1645 sunt.
1733 1588 1914 1656 Quare
1966 1586 2127 1642 modo

557 1689 846 1737 strenuum
885 1680 1163 1753 quidpiam
1195 1685 1536 1752 cogitamus,
1579 1679 1743 1734 modo
1782 1676 2131 1748 concupis’ci-

547 1788 720 1836 mus,
762 1787 889 1828 mox
926 1771 1280 1842 judicamus;
1325 1769 1623 1842 aliquando
1669 1769 1952 1840 quaepiam
1981 1769 2128 1824 desi-

2233 579 2387 652 θηροί
2409 581 2534 644 εἰσι,
2555 578 2723 648 φόνοι,
2754 582 3011 650 μοιχεῖαι,
3046 577 3242 632 κλοπαί
3261 595 3275 606 ·
3307 580 3355 631 οἱ
3389 577 3452 630 δὲ
3485 573 3736 629 ἀστεῖα
3763 572 3838 623 καὶ

2232 671 2524 743 σωτήριοι,
2570 670 2968 742 φιλανθρωπία,
3000 668 3342 741 σωφροσύνη,
3378 667 3446 720 τὸ
3475 664 3836 720 mtuo-antis.

2229 757 2301 835 Ὦ
2323 764 2504 817 τοίνυν
2534 763 2708 818 πάντα
2731 763 2798 816 τὰ
2818 763 2967 826 ἐντὸς
2987 761 3342 833 κατώρθωται
3366 762 3455 823 είς
3485 756 3838 826 ὲτοιμότξτι

2229 855 2323 911 τοῦ
2364 857 2604 926 εὐλογεῖν
2633 855 2695 908 τὸ
2731 854 2900 925 ὄνομα
2927 853 3021 908 τοῦ
3052 852 3189 907 Θεοῦ
3223 853 3283 905 τὺ
3309 852 3494 921 ἅγιον,
3527 845 3728 908 οὗτος
3754 864 3840 898 u-

2229 951 2336 1015 λῶς
2387 949 2916 1021 συμπαραλαμϐάνει
2963 948 3062 1019 τὴν
3114 946 3260 1000 ἔνδον
3300 944 3564 999 διάθεσιν
3625 943 3722 1002 εἰς
3761 941 3840 1008 τῇ

2228 1041 2323 1095 τοῦ
2353 1039 2490 1094 Θεοῦ
2523 1039 2893 1112 εὐχαριστίαν,
2925 1039 3021 1092 καὶ
3055 1037 3237 1092 πάντα
3276 1036 3344 1089 τὰ
3373 1036 3544 1098 ἐντὸς
3589 1031 3844 1100 καθιεροῖ

2230 1135 2326 1188 καὶ
2359 1135 2537 1198 πάσας
2575 1135 2672 1204 τῆς
2699 1133 2876 1204 ψυχῆς
2922 1132 3020 1194 τὰς
3058 1131 3336 1201 δυνάμεις,
3380 1128 3491 1182 καὶ
3523 1126 3744 1178 πᾶν-τα
3772 1124 3842 1175 λο-

2229 1226 2425 1298 γισμὸν
2456 1227 2536 1291 είς
2558 1227 2648 1281 τὸν
2686 1225 2826 1279 θεῖον
2855 1223 3022 1295 ῦμνον
3054 1223 3330 1278 ἀνακινεῖ·
3365 1219 3534 1282 ἐντὸς
3561 1217 3701 1288 γὰρ
3732 1217 3844 1268 bd-

2229 1319 2352 1372 λεσε
2382 1319 2510 1383 τοὺς
2529 1317 2823 1388 λογισμοὺς
2859 1313 3074 1378 καὶτὰς
3111 1313 3470 1383 ἐνθυμήσεις,
3520 1309 3641 1362 καὶ
3675 1307 3844 1358 πάντα

2228 1413 2330 1484 τῆς
2365 1411 2543 1483 ψυχῆς
2571 1409 2641 1464 τὰ
2675 1410 2946 1480 κινήματα
2973 1407 3068 1461 καὶ
3088 1405 3190 1467 τάς
3214 1405 3522 1475 διαφόρους
3567 1400 3842 1468 δυνάμεις

2229 1505 2418 1577 αὐτῆς,
2447 1503 2545 1575 τὴν
2564 1501 2840 1574 νοητικὴν,
2857 1501 2954 1572 τὴν
2969 1497 3335 1568 διανοητικὴν,
3349 1497 3459 1566 τὴν
3493 1494 3840 1564 figmenti,

2227 1597 2326 1668 τὴν
2348 1593 2674 1668 όρμητικὴν,
2695 1593 2794 1664 τὴν
2813 1589 3200 1662 φανταστικὴν,
3226 1589 3322 1660 τὴν
3342 1605 3454 1660 μνη
3461 1584 3839 1658 μονευτικῆῖ.

2228 1690 2328 1754 τὰς
2368 1687 2596 1760 ἐτέρας·
2630 1684 2820 1739 πολλαὶ
2847 1682 2956 1753 γὰρ
2986 1682 3242 1754 δυνάμεις
3268 1681 3363 1735 καὶ
3387 1680 3668 1750 διάφρα
3704 1680 3844 1744 κινή-

2233 1799 2379 1854 ματα
2410 1781 2548 1851 ὲντῇ
2578 1777 2724 1849 ψυχῇ
2745 1795 2759 1808 °
2790 1777 2909 1831 καθ’
2935 1775 2972 1831 ἀ
3004 1776 3133 1829 ποτὲ
3161 1773 3258 1846 μὲν
3293 1771 3614 1826 σπουδαῖόν
3647 1787 3714 1822 τι
3744 1768 3841 1820 διι-

557 1863 836 1926 deramus,
872 1861 1166 1933 aliquando
1197 1877 1560 1928 aversamur;
1612 1876 1676 1915 ac
1711 1875 1930 1916 rursum
1967 1859 2127 1915 modo

2231 1849 2670 1943 νοοῦμεθα,νποτὲ
2702 1870 2760 1923 δὲ
2793 1866 3189 1938 ἐπιθυμοῦμεν,
3225 1865 3356 1918 ποτε
3397 1863 3462 1916 δὲ
3511 1860 3840 1930 ἐπιθυμιά-

557 1954 742 2026 aliquo
804 1954 1121 2020 tendimus,
1179 1954 1342 2010 modo
1397 1953 1782 2020 declinamus;
1849 1952 2128 2008 interdum

556 2049 742 2104 maesti
783 2063 1005 2115 sumus,
1057 2055 1248 2119 postea
1288 2061 1419 2101 vero
1466 2047 1684 2117 pacati,
1724 2045 1834 2101 lati
1875 2054 1931 2101 et
1976 2053 2130 2099 tran-

555 2140 734 2211 quilli.
782 2138 986 2197 Omnes
1023 2140 1208 2210 itaque
1245 2138 1562 2210 hujusmodi
1601 2138 1797 2193 animae
1837 2136 2127 2192 facultates

557 2228 779 2284 divinus
820 2227 1059 2300 Spiritus
1099 2229 1351 2285 hortatur
1390 2235 1452 2284 ut
1498 2228 1828 2284 benedicant
1870 2226 2123 2283 Domino.

552 2323 713 2389 Quod
747 2323 791 2378 si
827 2323 916 2376 cui
961 2336 1225 2392 corporeo
1266 2336 1418 2376 more
1455 2320 1666 2376 dictum
1711 2320 1964 2392 excipere
2006 2320 2126 2374 ani-

553 2431 682 2472 mus
715 2417 821 2480 sit,
851 2414 1034 2481 dicat,
1075 2414 1205 2485 quia
1244 2415 1436 2470 omnia
1473 2413 1721 2484 corporis
1769 2414 1943 2470 nostri
1987 2413 2128 2470 inte-

554 2509 705 2564 riora
733 2515 788 2563 et
811 2507 1028 2563 viscera
1066 2505 1503 2578 profundissima
1542 2504 1637 2562 Dei
1679 2505 1949 2576 sapientia
1993 2519 2128 2559 con-

556 2601 779 2655 cinnata
799 2606 929 2656 sunt
954 2641 970 2664 ,
1003 2599 1080 2654 ita
1105 2608 1164 2654 ut
1193 2598 1386 2654 inutile
1413 2597 1552 2652 nihil
1577 2597 1634 2652 in
1658 2597 1816 2653 nobis
1839 2595 1943 2660 sit,
1965 2604 2126 2664 atque

555 2691 650 2748 illa
683 2691 928 2748 omnium
960 2698 1150 2746 mutua
1183 2689 1481 2745 concordia
1509 2695 1563 2744 et
1591 2703 1898 2745 consensus
1932 2687 2000 2742 ad
2030 2687 2126 2742 Dei

554 2784 774 2839 laudem
804 2791 860 2840 et
891 2781 1328 2839 benedictionem
1362 2778 1651 2836 conferat:
1681 2779 1807 2851 jure
1843 2781 1948 2835 ista
1988 2795 2127 2850 quo—

554 2891 664 2947 que
692 2875 761 2931 ad
791 2874 903 2932 Deo
931 2873 1366 2931 benedicendum
1396 2873 1638 2930 evocari.
1685 2871 1744 2928 Si
1785 2873 1970 2944 itaque
2001 2874 2124 2928 ani-

554 2980 703 3022 mam
733 2967 908 3038 ipsam
937 2979 1202 3038 corporeo
1231 2979 1384 3020 more
1419 2975 1600 3020 sermo
1635 2961 1838 3035 elﬁngit
1861 3004 1876 3030 ,
1908 2973 1962 3020 et
2004 2980 2129 3019 cor-

555 3072 758 3130 poreas
808 3070 990 3129 partes
1047 3057 1104 3112 in
1157 3072 1222 3114 ea
1276 3056 1527 3127 partibus
1583 3064 1806 3112 carente
1864 3057 2123 3127 reponit;

555 3161 742 3221 partes
766 3151 1058 3206 attributas
1101 3151 1332 3214 animat,
1379 3165 1502 3221 qua:
1551 3164 1684 3206 sane
1725 3150 1781 3205 in
1821 3157 2005 3220 partes
2043 3149 2127 3205 di-

552 3243 787 3300 visibilis
818 3259 927 3298 non
956 3249 1076 3307 est,
1112 3241 1222 3296 alio
1261 3242 1370 3296 ritu
1413 3241 1815 3311 cogitabimus;
1851 3249 2127 3310 caputque

547 3334 800 3391 dicemus
824 3374 840 3398 ,
872 3344 1148 3402 mentem;
1179 3334 1378 3389 collum
1411 3333 1756 3403 opinionem,
1790 3340 1976 3404 utpote
2011 3347 2131 3404 qua:

560 3441 662 3482 ceu
705 3426 1028 3482 intermedia
1058 3427 1132 3481 sit
1177 3425 1320 3480 inter
1362 3426 1688 3481 rationabile
1736 3432 1790 3480 et
1839 3425 2131 3479 irrationa-

559 3518 711 3587 bile;
764 3526 990 3589 pectus,
1049 3519 1339 3582 animum;
1399 3528 1679 3584 ventrem,
1737 3518 2131 3588 concupiscen-

559 3614 691 3666 tiam
744 3629 760 3669 :
817 3610 1008 3666 harum
1065 3611 1300 3682 partium
1335 3610 1650 3666 nominibus
1707 3625 1807 3666 ceu
1866 3611 2128 3666 virtutum

559 3703 898 3775 singularum
935 3702 1199 3774 symbolis
1232 3703 1342 3758 usi'.

627 3965 795 4023 Vens.
834 3966 968 4021 2-4.
1009 3965 1276 4031 Benedic,
1325 3965 1507 4020 anima
1555 3981 1712 4029 mea,
1759 3963 1986 4020 Domino
2011 4005 2027 4030 ,
2078 3974 2128 4020 et

555 4055 666 4112 uolt
695 4056 933 4111 oblivisci
976 4071 1154 4111 omnes
1198 4057 1567 4112 retributiones
1611 4057 1746 4128 ejus.
1797 4057 1903 4124 Qui
1944 4058 2126 4127 propi-

558 4149 989 4204 tiatur'omnibus
1017 4148 1384 4220 iniquitatibus
1406 4151 1532 4217 tuis,
1553 4149 1644 4220 qui
1666 4159 1821 4204 sanat
1845 4167 2021 4204 omnes
2043 4151 2128 4204 in-

557 4239 838 4308 ﬁrmitates
866 4249 984 4293 tuas
1008 4255 1027 4294 :
1059 4241 1148 4310 qui
1169 4239 1379 4294 redimit
1409 4239 1474 4294 de
1503 4240 1725 4294 interitu
1753 4241 1916 4296 vitam
1947 4250 2125 4309 tuam,

555 4331 646 4400 qui
674 4339 892 4385 coronat
924 4340 972 4386 te
998 4331 1056 4385 in
1088 4330 1452 4406 misericordia
1479 4340 1530 4385 et
1559 4332 2006 4388 miserationibus.
2035 4333 2129 4388 Ha:

557 4429 687 4476 sunt
726 4423 1114 4478 retributiones
1165 4423 1323 4479 nobis
1367 4438 1398 4478 a
1447 4423 1554 4479 Deo
1593 4437 1910 4480 concessae:
1941 4424 2127 4480 Primo

2235 1963 2376 2036 μεθα
2399 1963 2495 2035 (1),
2529 1961 2658 2016 ποτὲ
2675 1960 2735 2014 δὲ
2757 1960 3042 2032 κρίνομενο
3073 1957 3167 2012 καὶ
3185 1956 3372 2011 ἄλλοτε
3403 1955 3517 2025 μὲν
3551 1950 3840 2022 ἐφιέμεθα

2229 2075 2407 2122 τινων,
2438 2057 2621 2113 ἄλλοτε
2665 2055 2722 2109 δὲ
2751 2049 3242 2125 ἀποστρεφόμεθα·
3284 2049 3380 2102 nat
3407 2047 3596 2102 πάλιν
3647 2046 3836 2100 ἄλλος
3901 2051 3910 2112 ς

2229 2150 2334 2220 μὲν
2388 2147 2678 2219 ὁρμῶμεν,
2729 2143 2916 2199 ἄλλοτε
2947 2142 3031 2195 ’δὲ
3098 2138 3415 2210 ὲκκλίνομεν
3452 2179 3473 2204 ,
3537 2135 3659 2189 καὶ
3719 2136 3835 2187 ποτὲ
3901 2164 3904 2222 έ

2229 2243 2329 2314 μὲν
2373 2238 2690 2310 διακείμεθα
2735 2232 3029 2306 λυπηρῶς,
3075 2231 3207 2285 ποτὶ
3250 2229 3307 2284 δὲ
3354 2229 3637 2300 εὐμενεῖς
3677 2229 3834 2297 ἐσμεν

2223 2336 2322 2389 καὶ
2370 2331 2585 2404 φαιδροὶ
2628 2329 2722 2386 καὶ
2772 2328 3062 2398 ἀνειμένοι.
3129 2325 3316 2388 Πάσας
3374 2319 3476 2376 οῦν
3531 2320 3698 2392 ὁμοῦ
3751 2321 3836 2380 τὰς

2219 2421 2479 2484 τοιαύτας
2531 2419 2628 2491 τῆς
2675 2417 2852 2488 ψυχῆς
2901 2415 3158 2486 δυνάμεις
3204 2413 3514 2485 προτρέπει
3565 2413 3640 2465 τὺ
3703 2410 3832 2463 θεῖσι

2225 2515 2450 2585 Πνεῦμα
2519 2513 2760 2581 εὐλογεῖν
2836 2509 2928 2563 τὸν
2998 2509 3222 2580 Κύριον.
3305 2507 3367 2560 Et
3425 2506 3494 2560 δὲ
3558 2505 3672 2559 καὶ

2223 2604 2596 2678 ,ματίκώτερον
2625 2602 2906 2674 βουληθείη
2937 2607 3020 2665 τις
3063 2599 3311 2654 ἐκλαϐεῖν
3329 2599 3424 2652 τὸν
3455 2598 3663 2667 λόγον,
3696 2595 3830 2648 εἶτα

2228 2700 2316 2762 ἂν,
2349 2698 2536 2770 ἐπειδὴ
2577 2699 2670 2752 καὶ
2696 2695 2789 2750 τοῦ
2815 2695 3066 2766 σώματος
3097 2692 3189 2747 τοῦ
3218 2692 3498 2763 ἡμετέρου
3538 2690 3740 2744 πάντα
3769 2691 3827 2740 τὲ

2225 2790 2374 2853 ὲντδς
2397 2789 2607 2858 ἔγκατά
2637 2805 2698 2841 τε
2725 2788 2820 2842 καὶ
2851 2787 3132 2857 σπλάγχνα
3160 2785 3433 2858 βαθυτάτῃ
3467 2783 3624 2838 Θεοῦ

2227 2881 2693 2945 κατεσκεῦασται,
2736 2881 2817 2944 ὡς
2866 2880 3032 2952 μηδὲν
3074 2879 3346 2950 ἄχρηστον
3396 2873 3551 2930 εἶναι
3596 2876 3719 2929 τῶν
3775 2878 3822 2926 ἐν

2226 2974 2379 3045 ἡμῖν,
2405 2972 2806 3045 συμϐάλλεσθαι
2831 2972 2888 3026 δὲ
2914 2975 2980 3043 τῇ
3009 2970 3103 3024 τοῦ
3135 2968 3266 3023 Θεοῦ
3297 2965 3598 3040 δοξολογίᾳ
3639 2984 3708 3020 τε
3737 2966 3819 3018 καὶ

2227 3065 2446 3137 εὐλογίᾳ
2488 3067 2587 3136 τὴν
2633 3063 2768 3136 ὁμοῦ
2804 3064 3019 3118 πάντων
3060 3062 3197 3134 πρὸς
3233 3060 3435 3132 ἄλληλα
3491 3061 3818 3131 συμφωνίαν

2225 3172 2284 3208 τε
2310 3136 2428 3208 ’καὶ
2464 3155 2748 3226 ἁρμονίαν,
2797 3153 3021 3216 εἰκότως
3067 3153 3160 3206 καὶ
3205 3151 3379 3205 ταῦτα
3425 3151 3534 3204 ἐπὶ
3579 3153 3686 3220 τὴν
3734 3147 3814 3201 τοῦ

2230 3247 2364 3302 Θεοῦ
2391 3247 2638 3316 εὐλογίαν
2666 3245 2947 3317 κέκληται.
2980 3245 3044 3298 Ei
3073 3245 3254 3316 μέντοι
3287 3243 3385 3316 τὴν
3416 3241 3618 3314 ψυχὴν
3657 3241 3814 3311 uiti-,1
3894 3241 3931 3322 Ιᾗ

2231 3339 2604 3412 σωματοειδῶς
2649 3341 2678 3392 ὁ
2713 3337 2869 3408 λόγος
2907 3337 3156 3403 πλάττει,
3185 3337 3280 3390 καὶ
3320 3337 3459 3408 μέρη
3515 3335 3809 3406 σωματικὰ

2227 3433 2294 3501 τῇ
2328 3431 2522 3500 ἀμερεῖ
2572 3427 2944 3499 περιπλάττει,
2993 3427 3197 3498 ἑτέρως
3236 3427 3512 3496 νοήσομεν
3559 3428 3656 3478 ἐπ’
3689 3427 3807 3493 αὑτῇ

2228 3521 2298 3576 τὰ
2323 3519 2713 3592 περιτιθέμενα
2755 3519 2896 3591 μέρη
2935 3520 3004 3593 τῇ
3036 3517 3271 3590 ἀμερεία
3309 3519 3374 3588 τῇ
3413 3515 3573 3570 κατὰ
3619 3517 3809 3587 ψυχὴν,

2227 3610 2444 3673 οἰκείως
2486 3608 2725 3680 κεφαλὴν
2771 3609 2870 3679 μὲν
2896 3608 2987 3661 τὸν
3012 3607 3160 3673 νοῦν,
3202 3607 3404 3677 αὐχένα
3429 3607 3488 3660 δὲ
3525 3607 3638 3680 τὴν
3669 3607 3808 3672 δόξαν

2227 3701 2305 3766 ὡς
2335 3703 2393 3756 ὲν
2428 3702 2580 3772 μέσῳ
2608 3699 2825 3771 λογικοῦ
2860 3701 2956 3754 κα)⁴
2987 3699 3182 3769 ἀλόγου
3206 3715 3222 3731 ·
3260 3699 3453 3770 στῆθος
3487 3701 3594 3754 τὸν
3627 3701 3808 3770 θυμὸν,

2227 3793 2468 3865 γαστέρα
2488 3793 2585 3864 τὴν
2631 3792 2956 3864 ἐπιθυμίαν,
3003 3794 3117 3856 τοῖς
3165 3790 3274 3844 τῶν
3332 3791 3522 3863 μερῶν
3588 3793 3807 3864 ὀνόμασι

2230 3885 2513 3958 συμϐόλοις
2545 3885 2651 3939 τῶν
2671 3885 2953 3957 δυνάμεων
2975 3883 3266 3958 χρώμενοι,

2293 3978 2566 4048 Εὐλόγει,
2620 3977 2660 4046 ἠ
2703 3977 2872 4047 ψυχή
2923 3995 3064 4048 μου,
3114 3977 3223 4032 τὸν
3270 3978 3524 4046 Κύριον,
3589 3978 3700 4032 καί
3736 3973 3806 4046 μὴ

2227 4068 2630 4125 ἐπιλανθάνου
2661 4069 2769 4136 τὰς
2812 4069 3255 4136 ἀνταποδόσεις
3296 4069 3506 4125 αὑτοῦ.
3547 4069 3674 4124 Τὸν
3713 4071 3809 4123 εὑτ-

2227 4164 2557 4218 λατεύοντα
2593 4162 2818 4228 πάσαις
2853 4160 2983 4228 ταῖς
3017 4163 3293 4232 arcula“;
3321 4177 3458 4225 σου,
3491 4160 3611 4214 τὸν
3648 4161 3807 4230 ἰώμε-

2227 4271 2339 4309 νον
2365 4253 2568 4320 πάσας
2600 4257 2708 4321 τὰς
2744 4255 2969 4322 νόσους
2989 4269 3126 4319 σου,
3163 4253 3271 4308 τὸν
3299 4255 3734 4322 λυτρούμενον
3753 4253 3808 4306 ἐι

2228 4343 2453 4413 φθορᾶς
2494 4343 2610 4414 τὴν
2651 4343 2804 4415 ζωήν
2837 4363 2976 4412 σου,
3002 4345 3113 4400 τὸν
3155 4345 3581 4416 στεφανοῦν-τά
3618 4362 3704 4400 σε
3751 4345 3808 4399 ἐν

2227 4435 2379 4490 ἐλέει
2412 4436 2511 4490 καὶ
2541 4437 2878 4508 οίκτιρμοῒς.
2897 4431 3064 4493 Αῦταί
3085 4439 3222 4492 είσιν
3246 4439 3302 4491 αἱ
3343 4438 3470 4509 περὶ
3499 4439 3656 4508 ἡμᾶς
3693 4440 3808 4491 ἀντ-

557 4513 998 4585 propitiationem
1025 4515 1210 4586 posuit
1239 4531 1342 4588 pro
1375 4517 1618 4588 peccatis
1647 4519 1855 4574 nostris
1873 4559 1889 4586 ,
1920 4533 2041 4589 quae
2070 4518 2125 4574 in

2229 4525 2515 4592 αποδόσεις
2565 4527 2660 4581 τοῦ
2698 4527 2834 4582 Θεοῦ
2858 4545 2871 4560 ο
2925 4528 3148 4601 Πρῶτον
3196 4528 3421 4601 ἱλασμὸν
3485 4528 3672 4600 ἐθεικε
3711 4529 3809 4583 τῶν

557 4620 746 4661 errore
789 4613 850 4661 et
895 4605 1206 4662 idololatria
1243 4608 1612 4665 admisimus:
1657 4609 1996 4682 singulisque
2034 4623 2131 4664 eo-

558 4710 680 4750 rum
707 4695 1091 4766 prOpitius‘ille
1116 4696 1250 4764 fuit,
1277 4697 1728 4770 supplicationem
1761 4708 2091 4771 pravertens
2111 4737 2128 4765 ,

558 4787 883 4859 veniamque
907 4787 1280 4860 tribuensper
1301 4789 1755 4861 propitiatio’nem'
1783 4797 1937 4849 suam
1957 4832 1973 4858 ,
2003 4807 2127 4864 qua:

559 4885 647 4937 est
671 4879 966 4948 Christus;
998 4879 1271 4947 secundo,
1301 4883 1430 4952 quia
1474 4881 1640 4938 etiam
1679 4891 1803 4953 post
1851 4883 2130 4940 remissio-

559 4981 688 5024 nem
717 4973 800 5033 te,
831 4981 865 5022 ο
895 4968 1106 5036 anima,
1153 4967 1421 5026 inﬁrmari
1460 4973 1718 5044 contigit,
1750 4973 1806 5028 in
1850 4974 2124 5031 humanos

561 5059 793 5116 all‘ectus
843 5060 1165 5133 delapsam:
1213 5065 1274 5120 et‘
1317 5063 1416 5121 has
1459 5066 1812 5137 aegritudines
1867 5066 2126 5124 Senator

560 5153 979 5210 rationabilibus
1033 5164 1088 5211 et
1143 5157 1525 5227 spiritualibns
1571 5157 1864 5227 remediis,
1907 5176 2029 5232 quae
2070 5162 2125 5217 in

561 5245 766 5303 divinis
811 5249 932 5318 ejus
975 5249 1274 5321 Scripturis
1313 5250 1742 5319 fundata-sunt,
1775 5255 2028 5322 curavit;
2059 5254 2130 5312 ad

562 5336 679 5394 hac
728 5341 924 5407 tertio,
972 5344 1142 5397 vitam
1189 5348 1339 5399 tuam
1371 5384 1385 5408 .
1439 5359 1572 5416 qum‘
1611 5346 1667 5400 in
1718 5347 2128 5417 corruptionem

562 5447 824 5498 cessura,
872 5443 926 5491 et
972 5451 1003 5492 a
1046 5445 1226 5494 morte
1265 5439 1610 5496 absorbenda
1657 5451 1775 5504 est,
1827 5441 2124 5496 secundum

487 5525 490 5528 ’
540 5524 698 5581 'illud
717 5566 732 5592 ,
763 5527 959 5582 Anima
991 5541 1108 5601 qua:
1139 5533 1422 5601 peccaverit
1442 5557 1470 5597 ,ε
1494 5533 1612 5601 ipsa
1643 5533 1991 5598 morietur",
2028 5533 2129 5587 mi-

566 5619 878 5674 sericordiae
907 5635 1021 5675 sum
1051 5631 1474 5679 consentaneum
1505 5639 1619 5680 rem
1654 5629 1822 5697 agens
1841 5665 1857 5693 ,
1889 5641 1955 5682 ac
1987 5641 2128 5697 pra:-

637 5730 682 5762 ²⁸
720 5730 914 5787 Ezech.
953 5749 1114 5800 xvm,
1147 5737 1200 5791 4.

2229 4621 2512 4694 ἡμετέρων
2541 4622 2844 4696 ἁμαρτιῶν,
2873 4623 2940 4686 ἃς
2965 4625 3023 4678 ὲν
3058 4621 3234 4696 πλάνῃ
3268 4623 3362 4676 καὶ
3391 4621 3811 4694 είδωλολατρεξᾳ

2228 4712 2669 4787 διεπραξάμεθα’
2722 4716 2816 4769 καὶ
2861 4714 3018 4780 ἵλεως
3064 4715 3269 4787 ἑκάστῃ
3316 4714 3520 4768 τούτων
3569 4716 3808 4784 ἐγένετο.

2231 4805 2516 4878 προλαϐὼν
2549 4809 2728 4862 πᾶσαν
2757 4807 3040 4880 ἱκετηρίαν
3075 4809 3170 4861 καὶ
3201 4807 3297 4878 τὴν
3326 4806 3518 4876 ἄφεσιν
3564 4806 3696 4871 δοὺς
3731 4808 3812 4860 διὰ

2230 4897 2324 4950 τοῦ
2359 4898 2586 4970 ἱλασμοῦ
2629 4899 2816 4966 αὐτοῦ,
2850 4900 2909 4964 ὃς
2958 4901 3073 4953 ἐστι
3120 4899 3385 4972 Χριστόςο
3435 4899 3698 4972 δεύτερον
3739 4901 3810 4958 δὲ.

2230 4989 2418 5062 ἐπειδὴ
2460 4991 2554 5044 καὶ
2587 4991 2722 5062 μετά
2764 4990 2862 5062 τὴν
2909 4990 3109 5061 ἄφεσιν
3160 4991 3358 5062 συνέϐη
3413 5008 3470 5045 σε
3525 4996 3734 5056 νοσεῖν,
3773 4986 3812 5044 ὦ

2230 5082 2398 5154 ψυχὴ,
2433 5084 2867 5156 ὑπολισθήσασαν
2894 5087 3008 5150 τοῖς
3045 5085 3404 5158 ἀνθρωπίνοις
3444 5085 3666 5150 πάθεσι,
3721 5089 3813 5140 καὶ

2230 5176 2433 5240 ταύτας
2502 5177 2602 5241 τὰς
2669 5177 2858 5242 νόσους
2927 5179 2957 5232 ὁ
3020 5179 3210 5252 Σωτὴρ
3265 5180 3359 5233 καὶ
3421 5177 3659 5248 λογικοῖς
3721 5181 3814 5232 καὶ

2233 5265 2518 5337 σωτηρίοις
2549 5266 2881 5338 φαρμάκοις,
2909 5271 3023 5332 τοῖς
3047 5271 3105 5322 ὲν
3129 5272 3246 5333 ταῖς
3279 5268 3448 5333 θείαις
3474 5267 3640 5321 αὐτοῦ
3666 5268 3814 5337 Γρα-

2233 5357 2360 5424 φαῖς
2390 5356 2900 5428 καταϐεϐλημένοις,
2934 5358 3262 5430 ἐθεράπευσε
3287 5375 3303 5389 ο
3329 5359 3512 5428 τρίτον
3555 5359 3652 5413 ἐπὶ
3683 5359 3813 5411 τού-

2235 5463 2348 5510 τοις
2392 5446 2488 5517 τὴν
2535 5445 2681 5519 ζωήν
2731 5463 2824 5501 σου
2880 5449 3174 5520 μέλλουσαν
3226 5452 3422 5522 χωρεῖν
3454 5449 3534 5513 εἶς
3570 5448 3812 5519 φθορὰν,

2235 5539 2330 5592 καὶ
2361 5538 2750 5594 καταπίνεσθαι
2774 5541 2880 5594 ὑπὸ
2925 5540 3019 5595 τοῦ
3051 5540 3304 5608 θανάτου,
3344 5543 3486 5599 κατά
3515 5543 3597 5607 τὸ,
3627 5543 3812 5614 Ψυχή

2234 5631 2274 5700 ἡ
2315 5631 2687 5701 ἁμαρτοῦσα,
2738 5632 2890 5704 αὐτὴ
2949 5634 3349 5706 ἀποθανεῖται,
3411 5635 3682 5692 ἀκόλουθα
3732 5637 3814 5709 τῷ

635 5825 714 5900 (1)
764 5827 1257 5905 Ἐπιθυμοῦμεν...
1284 5835 1739 5907 ἐπιθυμοίνμεθα.
1779 5836 2111 5893 Alterutrum

2229 5836 2446 5895 [undare
2477 5838 2709 5896 videtur.
2741 5835 2896 5895 Enn.
2937 5838 3179 5895 Panos.
