3954 7146
107 380 144 435 1
159 383 302 440 ’265

1240 377 1744 436 COMMENTARIA
1780 378 1848 433 IN
1885 374 2224 434 PSALMOS.

3167 323 3203 342 ν

3259 377 3397 434 1266

113 497 332 550 αὐτοῦ
365 494 619 568 πράττων
661 492 816 563 ἐλέῳ,
864 490 1035 562 λύτρα
1061 490 1184 554 δοὺς
1214 489 1356 561 ὑπὲρ
1389 489 1483 544 σοῦ
1523 488 1600 561 τῷ
1636 489 1732 544 θαι

1855 475 2004 544 nium
2035 503 2135 560 pro
2165 497 2220 543 te
2252 484 2415 542 morti
2449 487 2768 558 sanguinem
2793 485 3069 559 Unigeniti
3114 488 3397 556 tribuens,

112 589 307 660 νάτῳ
333 588 393 641 τὸ
409 587 502 640 τοῦ
520 583 855 654 Μονογενοῦς
874 578 1034 653 αἷμα,
1063 581 1186 635 ὲλυτ
1194 581 1404 654 ρώσατο
1421 599 1434 613 ·
1452 581 1731 654 τέταρτον,

109 680 335 750 οἰκεία
370 676 750 749 φιλανθρωπίᾳ
792 674 888 728 καὶ
916 672 1051 726 ὲλέει
1078 671 1173 725 καὶ
1197 674 1500 744 οἰκτιρμοΐς
1518 671 1737 745 χρώμε-

111 788 264 834 νος,
300 769 425 823 ἐπεὶ
453 769 513 834 ἐξ
552 769 728 842 ἔργων
755 765 928 831 οὐδεὶς
960 764 1284 830 δικαιοῦται,
1310 764 1650 835 ἐστεφάνωσέ
1674 781 1735 818 σε

109 861 228 933 τῷ
262 861 364 933 τῆς
395 859 667 922 υἱοθεσίας
706 857 1022 931 χαρίσματι.
1071 857 1182 911 Καὶ
1231 855 1418 919 ἁπλῶς
1459 851 1613 920 οὗτός
1652 873 1734 911 σοι

116 957 458 1029 δεδώρηται
501 953 609 1026 τῶν
642 952 1050 1025 ἁμαρτημάτων
1079 951 1176 1023 τὴν
1208 950 1422 1020 ἄφεσιν,
1453 941 1609 1014 οὗτός
1653 967 1735 1004 σοι

121 1049 463 1121 δεδώρηται
503 1047 610 1101 τῶν
659 1043 846 1100 παθῶν
884 1043 983 1116 τὴν
1030 1043 1196 1108 ἴασιν,
1242 1043 1342 1114 τῆς
1389 1043 1738 1108 ἀναστάσεως

123 1143 259 1213 ’τὴν
285 1140 502 1204 ἐλπίδα,
543 1138 634 1192 τὸν
663 1135 958 1208 ἀῤῥασῶνα
990 1135 1084 1190 τοῦ
1119 1134 1464 1206 -Πνεύματος,
1507 1136 1602 1189 καὶ
1646 1135 1738 1189 τὸν

127 1232 261 1304 τῆς
286 1229 590 1301 ἀφθαρσίας
633 1228 835 1300 χιτῶνα
861 1227 1096 1293 ἐνέδυσε,
1140 1227 1236 1282 καὶ
1281 1227 1460 1300 χάριτι
1507 1227 1736 1284 σέσωκε.

129 1325 398 1393 Χάριτος
450 1323 558 1394 γὰρ
609 1323 704 1375 καὶ
751 1319 1159 1391 φιλανθρωπίας
1210 1320 1248 1372 ὁ.
1291 1319 1573 1389 στέφανος.
1629 1320 1741 1374 Καὶ

131 1417 336 1474 ταῦτα
369 1415 547 1470 πάντα
578 1414 702 1468 ἕδνα
731 1413 828 1467 τοῧ
853 1411 1086 1484 νυμφίου
1120 1415 1215 1468 καὶ
1235 1412 1411 1484 δῶραο
1431 1412 1614 1466 πίστιν
1632 1412 1742 1484 γὰρ

132 1510 183 1579 ἠ
222 1507 416 1579 νύμφη
445 1507 810 1577 προσενήνοχε
867 1504 1046 1577 μόνον.
1067 1506 1140 1561 ού
1170 1504 1329 1577 μόνον
1362 1504 1440 1568 δὲ,
1474 1503 1612 1558 ἀλλὰ
1649 1505 1742 1560 καὶ

133 1597 552 1669 πνευματικῶν
595 1595 819 1664 ἀγαθῶν
867 1611 928 1650 σε
967 1594 1350 1667 ἑνέπλησεν,ἢ
1397 1594 1494 1650 καὶ
1538 1595 1638 1666 τὴν
1683 1597 1742 1650 ὲν

135 1690 390 1761 ἀγαθοῖς
427 1688 720 1761 ἐπιθυμίαν
753 1705 847 1743 σου
875 1687 1211 1760 ἐπλήρωσεν,
1245 1687 1305 1752 δς
1326 1688 1422 1760 τήν
1445 1704 1508 1757 γε
1529 1687 1743 1760 ψυκτὴν

139 1781 347 1853 ψυχὴν
373 1779 727 1851 ἀπαγορεύει,
747 1777 934 1847 δίδωσι
957 1778 1013 1830 δὲ
1042 1776 1222 1846 ἀγαθὰ
1247 1780 1359 1842 τοῖς
1385 1778 1625 1836 αἰτοῦσιν
1646 1779 1744 1834 αύ-

303 1840 377 1923 Ἐί
407 1869 464 1924 δὲ
501 1840 686 1939 ⁷βούλει
714 1840 856 1924 κατὰ
888 1840 1245 1924 ταύτὴν--ίδεῖν
1298 1840 1596 1940 παθήματα
1649 1870 1746 1932 καὶ
1777 1840 1824 1896 Β

147 1965 542 2036 ἁμαρτήματα
583 1962 838 2032 λυόμενα,
867 1959 1013 2032 ἔχεις
1047 1960 1140 2015 τὸν
1167 1960 1471 2032 παράλυτον
1524 1961 1626 2031 τῆς
1667 1961 1746 2018 διν

150 2057 311 2128 πλῆς
352 2055 557 2126 ταύτης
609 2053 994 2112 ἀπολαύσαντα
1045 2053 1268 2125 χάριτος
1297 2071 1311 2084 ·
1367 2055 1566 2126 ηκουσε
1613 2053 1743 2126 γὰρ,

169 2148 496 2216 Ἅφέωνταί
527 2163 627 2202 σοι
656 2158 714 2200 at
761 2147 1036 2216 ἁμαρτίαι
1073 2161 1212 2213 σου,
1271 2147 1382 2212 καὶ,
1412 2144 1591 2216 Ἆρον
1641 2147 1748 2202 τὸν

0 2247 10 2278 ί
157 2240 506 2309 κράϐὄατόν
531 2257 647 2296 σου
669 2258 682 2271 ·
712 2239 886 2305 οὕτως
914 2244 948 2312 η
977 2240 1296 2313 ἁμαρτωλὸς
1325 2239 1460 2313 γυνὴ
1481 2240 1747 2312 τετύχηκε

0 2341 10 2374 ‘-
155 2331 271 2401 τῆς
308 2331 576 2401 ἀφέσεως,
613 2333 642 2386 ὁ
671 2327 896 2406 λῃστής,
924 2334 975 2387 oi
997 2333 1249 2398 τελῶναι,
1284 2332 1470 2397 ἁπλῶς
1509 2334 1745 2400 ἅπαντες

155 2422 217 2475 oi
249 2421 656 2488 πιστεύσαντες.

245 2513 357 2567 Τὸν
379 2511 807 2584 ἑμπιμπλῶντα
853 2513 924 2569 ἐν
977 2513 1220 2583 ἀγαθοῖς
1273 2515 1389 2585 τὴν
1429 2518 1760 2588 ἐπιθυμίαν

157 2622 308 2672 σου,
341 2605 911 2673 ἀνακαινισθήσεται
951 2606 1034 2674 ὡς
1066 2607 1246 2662 ἀετοῦ
1281 2609 1320 2677 ἠ
1353 2613 1564 2678 νεότης
1595 2626 1712 2665 σου
1729 2626 1746 2640 ·

161 2697 313 2752 ὥστε
340 2697 780 2762 ἀνακαινίζεσθαι
806 2698 978 2771 αὐτὴν
1017 2698 1111 2754 τδν
1141 2699 1371 2755 παλαιὸν
1405 2701 1750 2772 ἀποθεμένην

163 2788 480 2860 ἄνθρωπον,
518 2789 612 2842 τὸν
637 2790 697 2843 δὲ
719 2790 860 2856 νέον,
887 2789 980 2845 τὸν
1021 2790 1477 2863 ἀνακαινούμενον
1517 2794 1598 2856 είς
1632 2794 1751 2846 ὲπίέ

165 2897 377 2951 γνωσιν
407 2880 500 2935 τοῦ
528 2881 811 2946 κτίσαντος
838 2881 1019 2948 αὐτὸν,
1055 2881 1456 2953 λαμϐάνουσαν.
1487 2884 1650 2939 ,υύτω
1673 2885 1750 2952 δὲ,

169 2972 364 3044 φησὶν,
407 2975 441 3045 ἡ
483 2973 672 3046 νεότης
729 2989 824 3027 σου
849 2973 1393 3044 ἀνακαινισθήσεται,
1425 2975 1500 3039 ὡς
1555 2977 1752 3048 μηκέτι

172 3063 559 3128 παλαιοῦσθαι,
593 3063 726 3136 μηδὲ
767 3065 848 3127 είς
898 3063 1106 3137 φθορὰν
1133 3061 1289 3130 αὖθις
1326 3070 1541 3138 χωρεῖν,
1577 3069 1666 3123 ἀεὶ
1695 3069 1753 3123 δὲ

175 3155 515 3229 παραμένειν
545 3156 602 3209 ὲν
626 3155 703 3228 τῷ
721 3155 934 3219 νεάζειν
973 3157 1033 3210 ὲν
1063 3159 1129 3229 τῇ
1162 3156 1426 3230 ἀφθάρτῳ
1447 3158 1582 3232 ζωῇ.
1601 3159 1753 3215 Ἐπεὶ

1 3279 9 3298 ρ
87 3273 97 3282 ~
175 3247 234 3302 δὲ
265 3249 294 3301 ό
323 3247 481 3312 ἀετὸς
513 3246 622 3300 τῶν
643 3246 846 3319 ὀρνέων
871 3247 988 3300 ἐστὶ
1017 3247 1460 3318 βασιλικώτατον,
1479 3250 1626 3305 ,ἀλλὰ
1657 3253 1752 3307 καὶ

0 3371 10 3404 ι
179 3339 630 3410 ὑψιπετέστατος,
661 3339 822 3415 μόνος
847 3339 904 3394 δὲ
933 3338 1086 3405 ζώων
1121 3341 1271 3413 ἡλίου
1319 3344 1497 3411 φωτὸς
1538 3361 1754 3417 μαρμα-

3 3461 9 3472 .
181 3433 375 3503 ρυγαῖς
406 3431 673 3490 ἀντωπεῖν
698 3430 940 3504 δυνατὸς,
972 3432 1064 3487 καὶ
1108 3433 1294 3497 ἀτενὲς
1335 3435 1557 3506 ἀφορᾷν-
1575 3435 1751 3506 αὐτῷ,

181 3523 405 3587 εἰκότως
435 3524 535 3596 τὴν
565 3522 861 3578 ἀνανέωσιν
898 3525 997 3596 τῆς
1032 3524 1230 3595 ψυχῆς,
1262 3527 1355 3581 καὶ
1383 3527 1482 3598 τὴν
1507 3528 1616 3582 ἀπὸ
1653 3529 1757 3600 γῆς

182 3616 264 3679 είς
287 3614 512 3687 οὐρανὸν
540 3615 756 3686 πτῆσιν,
791 3615 886 3670 καὶ
911 3615 1002 3670 τὸν
1032 3615 1144 3686 βίον
1176 3617 1346 3688 αὐτῆς
1386 3617 1477 3672 τὸν
1513 3621 1570 3674 ὲν
1601 3619 1757 3691 ἄκρῳ

183 3706 325 3776 φωτὶ
355 3707 736 3777 γενησόμενον,
765 3705 926 3762 ἀετοῦ
958 3705 1118 3776 φύσει
1152 3706 1448 3780 παρέϐαλε.

255 3795 448 3850 Ποιῶν
482 3797 895 3866 ἐλεημοσύνας
923 3800 958 3851 d
983 3796 1218 3864 Κύριος,
1251 3797 1352 3852 καὶ
1383 3799 1570 3868 ,κρίμα
1606 3797 1760 3858 πᾶσι

185 3888 309 3956 τοῖς
336 3888 772 3959 ἀδικουμένοις,
787 3889 1076 3960 ἐγνώρισε
1102 3888 1208 3956 τὰς
1234 3889 1415 3956 ὀδοὺς
1465 3891 1652 3946 αὐτοῦ
1677 3890 1757 3957 τῷ

186 3979 394 4049 Μωσῇ,
444 3981 568 4048 τοῖς
609 3981 762 4048 υἱοῖς
815 3981 1053 4052 Ἰσραὴλ
1099 3984 1171 4038 τὰ
1219 3983 1519 4052 θελήματα
1550 3983 1757 4038 αὐτοῦ.

202 4073 294 4125 Ἐκ
337 4073 434 4144 τῆς
477 4074 645 4144 αὐτῆς
688 4075 745 4128 δὲ
782 4074 1025 4138 Μωσέως
1069 4075 1290 4147 Γραφῆς
1341 4074 1560 4148 μαθήσῃ
1600 4077 1761 4130 ὁποῖα

0 4209 6 4222 ,
191 4162 434 4234 κρίματα
463 4163 703 4233 παρέσχε
747 4167 859 4227 τοῖς
899 4163 1300 4236 ἀδικουμένοιςο
1341 4164 1519 4237 κρίσει
1547 4165 1654 4236 γὰρ
1686 4165 1763 4219 δι-

0 4303 6 4336 ,
193 4252 320 4325 καίᾳ
375 4253 606 4324 μετῆλθε
647 4252 774 4316 τοὺς
817 4254 1166 4322 Αἰγυπτίους,
1213 4253 1449 4325 πληγαῖς
1483 4253 1762 4324 θεηλάτοις

193 4346 426 4410 κολάσας
472 4345 668 4410 αὐτοὺς
716 4345 856 4416 ὑπὲρ
889 4345 998 4399 τῶν
1040 4346 1220 4400 αὐτῶν
1249 4346 1592 4418 ἠδικημένων
1630 4348 1762 4402 υἱῶν

206 4437 435 4509 Ἰσραήλ.
503 4435 826 4505 Οίκτίρμων
864 4434 964 4490 καὶ
1002 4433 1270 4504 ἐλεήμων
1299 4439 1332 4490 d
1370 4437 1603 4506 Κύριος,
1645 4454 1761 4507 μα-

1838 580 2127 647 liberavit;
2156 587 2387 650 quarto,
2418 577 2637 649 propria
2663 579 2953 634 clementia
2974 618 2990 642 ,
3021 580 3401 636 misericordia

1837 682 1894 730 et
1923 671 2366 730 miserationibus
2395 686 2552 737 usus,
2585 672 2717 741 quia
2748 687 2910 726 nemo
2939 687 3004 727 ex
3035 673 3294 742 Operibus
3312 673 3413 743 jus

1837 765 2129 831 stilicatur,
2163 764 2556 836 adoptioniste
2584 764 2762 836 gratia
2792 765 3098 820 coronavit.
3150 763 3211 820 In
3253 779 3405 821 sum-

1834 872 1946 922 ma,
1981 857 2082 912 -bic
2124 866 2178 912 te
2224 863 2571 928 peccatorum
2599 855 2759 911 venia
2792 855 3044 922 donavit,
3089 859 3403 914 morborum

1838 951 2006 1007 animi
2037 951 2299 1007 medelam
2331 949 2557 1017 tribuit,
2593 965 2804 1006 necnon
2847 966 3000 1022 spem
3043 954 3407 1008 resurrectio-

1835 1045 1960 1111 nis,
2010 1044 2210 1116 pignus
2245 1041 2486 1115 Spiritus
2509 1061 2535 1098 :-
2570 1057 2634 1098 ac
2678 1050 2733 1099 te
2773 1043 3206 1114 incorruptionis
3257 1053 3409 1101 veste

1838 1136 2052 1202 induit,
2085 1136 2257 1208 gratia
2288 1149 2390 1191 sua
2416 1135 2627 1191 salvum
2660 1134 2811 1190 fecit.
2845 1133 2978 1189 Nam
3013 1137 3201 1206 gratiae
3226 1142 3279 1191 et
3304 1137 3410 1191 cle-

1839 1230 2057 1285 mentia:
2106 1243 2309 1286 corona
2365 1234 2471 1284 est.
2529 1226 2707 1297 Atque
2761 1227 2876 1282 haec
2930 1228 3150 1293 omnia,
3205 1228 3411 1284 dotalia

1839 1323 2028 1394 sponsi
2055 1337 2282 1384 munera
2313 1329 2371 1376 et
2396 1319 2540 1378 dona
2569 1327 2698 1375 sunt
2725 1338 2738 1374 :
2771 1335 2976 1390 sponsa
3007 1321 3209 1392 quippe
3236 1321 3410 1380 solam

1843 1413 2004 1476 ﬁdem
2042 1412 2258 1468 obtulit.
2303 1411 2490 1485 Neque
2525 1413 2701 1468 solum
2737 1412 2849 1468 illis
2874 1451 2890 1477 ,
2924 1412 3020 1469 sed
3051 1413 3212 1468 etiam
3245 1413 3412 1484 spiri-

1842 1505 2086 1570 tualibus
2114 1505 2274 1562 bonis
2300 1513 2354 1561 te
2381 1505 2612 1577 replevit
2639 1523 2654 1573 ;
2691 1505 2807 1561 sive
2836 1505 3000 1562 etiam
3035 1513 3142 1562 tuo.
3169 1508 3227 1562 in
3255 1507 3415 1564 bonis

1795 1667 1806 1677 ,
1843 1599 2116 1662 desiderio
2169 1598 2470 1664 satisfecit,
2526 1597 2622 1668 qui
2675 1596 2924 1668 frigidam
2969 1598 3208 1660 animam
3252 1614 3417 1670 repu-

1843 1689 1956 1745 diat
1975 1728 1990 1755 ,
2024 1689 2168 1744 bona
2194 1703 2325 1744 vero
2359 1687 2674 1759 petentibus
2703 1702 2762 1742 se
2793 1685 3006 1742 tribuit.
3045 1685 3206 1754 Quod
3237 1689 3283 1745 si
3315 1705 3417 1746 vo-

1845 1781 2016 1850 lueris
2043 1781 2267 1838 morbos
2298 1779 2463 1837 simul
2494 1787 2549 1836 et
2581 1787 2805 1850 peccata
2842 1780 3022 1840 soluta
3059 1779 3280 1849 videre,
3316 1783 3417 1838 lia—

1845 1874 1940 1932 bes
1961 1873 2325 1946 paralyticum
2360 1873 2463 1928 hac
2487 1872 2690 1944 duplici
2719 1872 2894 1942 gratia
2923 1871 3184 1928 donatum
3215 1892 3230 1941 ;
3264 1875 3422 1934 audi-

1844 1968 1922 2022 vit
1949 1966 2131 2029 enim,
2172 1963 2530 2020 Dimittuntur
2582 1962 2678 2017 tibi
2721 1973 2943 2032 peccata
2987 1973 3115 2031 tua,
3161 1974 3246 2030 et,
3272 1965 3422 2022 Tolle

1849 2057 2130 2129 grabatum
2159 2066 2308 2110 tuum
2331 2056 2422 2109 υτ
2455 2056 2536 2111 sic
2581 2056 2860 2125 peccatrix
2899 2056 3097 2114 mulier
3140 2058 3420 2114 remissio-

1846 2166 1970 2216 nem
2017 2155 2314 2206 consecuta
2355 2156 2474 2213 est;
2517 2147 2599 2203 sic
2637 2146 2813 2211 latro,
2854 2146 3172 2217 publicani,
3215 2163 3280 2204 ac
3324 2148 3422 2204 de-

1847 2258 1994 2298 mum
2028 2256 2222 2298 omnes
2252 2241 2346 2312 qui
2376 2238 2744 2296 crediderunt.

1920 2507 2088 2570 Vnus.
2129 2507 2183 2562 5.
2227 2505 2334 2572 Qui
2373 2507 2536 2576 reptet
2575 2506 2634 2560 in
2673 2505 2827 2567 bonis
2871 2506 3190 2568 desiderium
3235 2516 3422 2575 tuum,

1850 2599 2186 2652 renovabitur
2225 2607 2284 2650 ut
2323 2597 2518 2668 aquilae
2557 2596 2798 2664 iuventus
2841 2604 2983 2661 tua;
3032 2597 3107 2652 ita
3151 2604 3209 2654 ut
3252 2598 3422 2669 priori

1850 2687 2100 2760 deposito
2129 2688 2381 2766 homine,
2411 2703 2480 2744 ac
2501 2702 2642 2744 novo
2655 2729 2677 2758 ,
2701 2689 2798 2759 qui
2823 2695 3119 2744 renovatur
3141 2689 3207 2744 ad
3233 2690 3425 2760 cogni-

1851 2781 2056 2846 tionem
2089 2779 2367 2842 Creatoris
2387 2779 2520 2845 sui,
2550 2780 2843 2852 adjuncto,
2874 2788 2929 2836 et
2959 2780 3076 2852 ipsa
3107 2789 3420 2841 renovetur.

1853 2875 1946 2930 Sic
1961 2884 2164 2938 autem,
2180 2873 2548 2943 ait,juventus
2564 2882 2658 2930 tua
2677 2875 3051 2938 renovabitur,
3067 2882 3127 2930 ut
3142 2889 3426 2946 nunquam

1853 2975 2188 3031 veterascat.
2221 2981 2401 3038 neque
2443 2967 2513 3024 ad
2547 2967 2953 3037 corruptionem
2993 2981 3192 3026 rursus
3229 2967 3424 3034 abeat,

1851 3056 1952 3120 sed
1981 3072 2198 3128 semper
2229 3069 2415 3129 vegeta
2439 3063 2664 3122 maneat
2693 3057 2750 3112 in
2780 3057 3098 3128 incorrupta
3124 3057 3259 3113 vita.
3287 3057 3429 3116 Cum

1857 3155 2038 3212 autem
2061 3149 2250 3220 aquila
2275 3149 2348 3208 sit
2377 3147 2557 3203 avium
2585 3162 2680 3203 rex
2699 3184 2716 3212 ,
2749 3146 3123 3218 altissimaque
3151 3149 3331 3214 volet,
3362 3161 3429 3204 ac

1849 3241 1972 3304 sola
2005 3241 2150 3304 inter
2179 3239 2437 3304 animalia
2465 3237 2679 3294 solares
2723 3235 2910 3303 radios
2951 3239 3131 3298 valeat
3171 3238 3454 3304 obtueri,_,

1851 3333 2145 3404 ipsumque
2179 3339 2392 3396 attente
2434 3331 2754 3404 conspicere
2777 3349 2809 3400 :1
2832 3329 3255 3396 renovationem
3308 3330 3430 3385 ani-

1853 3440 1988 3484 mm.
2024 3433 2079 3488 et
2107 3439 2140 3482 e
2163 3431 2316 3484 terra
2349 3421 2419 3480 ad
2459 3421 2658 3478 costum
2703 3423 2978 3488 volatum,
3021 3421 3300 3492 vitamque
3335 3436 3431 3478 su-

1853 3531 2044 3589 premo
2095 3517 2149 3572 in
2189 3515 2398 3576 lumine
2437 3523 2780 3579 versaturam
2831 3515 3029 3586 aquila:
3061 3523 3273 3576 natura!
3313 3529 3450 3572 me»

1847 3611 1962 3672 site
1977 3608 2342 3680 comparavit.

1928 3784 2095 3844 Vatis.
2136 3783 2290 3840 6-16.
2329 3781 2564 3850 Faciens
2610 3783 3006 3850 misericordias
3046 3783 3307 3848 Dominus
3331 3825 3347 3850 ,
3378 3793 3432 3840 et

1850 3875 2114 3947 judicium
2145 3873 2386 3941 omnibus
2425 3873 2688 3942 injuriam
2717 3874 3036 3942 patientibus
3061 3916 3077 3942 ,
3107 3885 3265 3938 notas
3301 3875 3448 3945 fecit.

1858 3969 1970 4023 vias
2009 3984 2138 4028 suas
2169 3965 2382 4036 Moysi,
2433 3964 2564 4037 ﬁliis
2604 3965 2779 4022 Israel
2819 3969 3115 4024 voluntates
3155 3985 3305 4032 suas.
3349 3967 3431 4024 Et

1855 4060 1976 4130 ipsa
2005 4074 2134 4114 uero
2165 4057 2367 4130 Moysis
2395 4057 2685 4130 Scriptura
2714 4059 2959 4127 edisces,
2991 4061 3176 4133 qualia
3209 4075 3309 4132 pro
3341 4062 3436 4118 Ιπ-

1859 4152 1938 4205 sis
1967 4148 2174 4218 judicia
2199 4148 2432 4214 tulerit:
2461 4148 2616 4220 justo
2643 4165 2880 4220 namque
2907 4150 3118 4220 judicio
3145 4148 3458 4222 Egyptios.

1863 4243 2091 4308 invasit,
2115 4241 2379 4308 divinitus
2405 4241 2627 4297 inﬂictis
2655 4243 2832 4314 plagis
2857 4245 3136 4314 castigans
3163 4243 3291 4298 illos
3317 4258 3452 4314 pro-.

1864 4338 1983 4403 pter
2014 4331 2156 4388 ﬁlios
2187 4330 2355 4387 lsrael
2387 4332 2458 4386 ab
2489 4331 2626 4402 ipsis
2657 4333 2893 4402 pessime
2925 4332 3165 4390 habitos.
3205 4331 3438 4392 Misera-

1867 4434 1949 4480 tor
1988 4435 2037 4482 et
2078 4424 2374 4480 misericors
2422 4422 2716 4490 Dominus,
2763 4423 3080 4495 longanimis
3117 4431 3165 4478 et
3212 4424 3459 4490 multum-

194 4530 482 4598 κρόθυμος
512 4528 608 4582 καὶ
641 4529 990 4593 πολυέλεος,
1023 4529 1132 4582 οὐκ
1165 4530 1251 4595 είς
1291 4527 1466 4597 τέλος
1488 4530 1752 4601 ὀργισθή-

1868 4517 2168 4572 misericors
2190 4556 2205 4581 ,
2235 4533 2337 4570 non
2367 4517 2424 4572 in
2451 4517 2612 4586 ﬁnem
2648 4516 2932 4582 irascetur,
2977 4531 3140 4586 neque
3181 4517 3238 4570 in
3277 4525 3442 4580 teter-

196 4635 380 4686 σεται,
432 4619 575 4674 οὐδὲ
621 4621 708 4686 εἰς
732 4619 840 4673 τὸν
867 4616 1052 4672 αίῶνα
1091 4619 1310 4689 μηνιεῖ.
1355 4622 1438 4676 Οὺ
1472 4622 1623 4676 κατὰ
1658 4622 1764 4690 τὰς

196 4712 477 4780 ἁμαρτίας
523 4710 694 4780 ἡμῶν
737 4710 1028 4778 ἐποίησεν
1060 4709 1223 4780 ἡμῖν,
1271 4709 1413 4765 οὐδὲ
1457 4711 1606 4766 κατὰ
1658 4714 1766 4780 τὰς

199 4803 446 4872 ἀνομίας
475 4803 642 4872 ήμῶν
665 4801 1084 4857 ἁνταπέδωκεν
1125 4801 1288 4871 ἡμῖν.
1325 4802 1453 4857 Ὅτι
1486 4803 1638 4858 κατὰ
1697 4803 1765 4858 τὸ

198 4894 354 4964 ὕψος
396 4895 501 4949 τοῦ
531 4896 787 4964 ούρανοῦ
825 4896 942 4951 ἀπὸ
975 4895 1083 4965 τῆς
1113 4895 1224 4966 γῆς
1261 4897 1623 4965 ὲκραταίωσο
1653 4899 1768 4952 Κύ-

192 5005 320 5057 ριος
374 4987 439 5040 τὸ
503 4989 673 5053 ἕλεος
735 4989 920 5044 αὐτοῦ
971 4989 1068 5042 ἐπὶ
1145 4988 1286 5054 τοὺς
1344 4989 1764 5058 ίςεοόουμὲνους

199 5080 400 5134 αὐτόν.
495 5081 773 5135 Καθόσον
860 5080 1196 5150 ἀπέχουσιν
1290 5081 1577 5138 ἀνατολαὶ
1649 5082 1765 5136 ἀπὸ

199 5170 477 5241 δυσμῶν,
553 5170 888 5241 ἐμάκρυνεν
955 5173 1055 5241 ἀφ’
1103 5173 1272 5243 ἡμῶν
1339 5173 1446 5240 τὰς
1516 5173 1768 5242 ἀνομίας

202 5263 384 5334 ἡμῶν.
444 5263 652 5329 Καθὼς
701 5263 970 5331 οὶκτείρει
1029 5263 1226 5333 πατὴρ
1284 5263 1455 5330 υἱοὺς
1476 5303 1492 5328 ,
1563 5263 1767 5335 ᾠκτεί-

196 5373 350 5425 ρησε
411 5356 628 5424 Κύριος
703 5355 846 5421 τοὺς
917 5356 1325 5426 φοϐουμένους
1381 5354 1605 5423 αὑτὸν,
1679 5355 1769 5410 ὅτι

203 5443 381 5510 αὐτὸς
451 5445 604 5514 ἔγνω
648 5442 714 5498 τὸ
765 5442 1016 5514 πλάσμα
1071 5443 1257 5514 ἡμῶν.
1309 5444 1623 5514 Μνήσθητι
1681 5445 1770 5499 ὅτι

206 5538 348 5608 χοῦς
396 5539 602 5608 ἐσμενο
659 5539 986 5608 ἄνθρωπος,
1017 5540 1158 5594 ὡσεὶ
1209 5541 1419 5610 χόρτος
1469 5543 1530 5596 αι
1560 5539 1771 5612 ἡμέραι

207 5633 406 5689 αὐτοῦ’
437 5633 578 5686 ὡσεὶ
608 5633 788 5699 ἄνθος
845 5631 950 5688 τοῦ
973 5631 1178 5704 ἀγροῦ,
1211 5632 1400 5701 οὕτως
1427 5630 1768 5700 ἐξανθήσει.

275 5813 321 5849 ³³
361 5812 527 5871 Marc.
566 5827 648 5879 ιι,
676 5812 732 5867 9.

789 6359 796 6368 ο

1869 4626 1992 4666 num
2021 4610 2362 4664 succensebit.
2396 4608 2520 4664 Non
2541 4609 2832 4670 secundum
2856 4618 3072 4678 peccata
3101 4618 3287 4682 nostra
3313 4610 3456 4679 fecit.

1869 4704 2050 4769 nobis,
2081 4721 2241 4774 neque
2269 4706 2555 4758 secundum
2583 4703 2893 4774 iniquitates
2933 4711 3146 4758 nostras
3183 4704 3436 4764 retribuit

1871 4795 2042 4850 nobis.
2082 4794 2347 4861 Quoniam
2377 4791 2665 4847 secundum
2697 4793 3033 4849 altitudinem
3067 4795 3187 4849 costi
3222 4811 3255 4848 a
3295 4804 3457 4854 terra.

1870 4887 2229 4943 corroboravit
2264 4885 2523 4940 Dominus
2554 4886 2976 4942 misericordiam
3005 4904 3158 4950 suam
3181 4901 3338 4956 super
3373 4886 3443 4938 ti-

1869 4991 2066 5034 mentes
2097 4996 2170 5035 se.
2205 4979 2475 5045 Quantum
2503 4977 2670 5040 distat
2694 4988 2841 5033 ortus
2872 4979 2936 5032 ab
2967 4979 3259 5044 occidente,
3290 4979 3464 5049 longe

1869 5071 1990 5141 fecit
2021 5089 2052 5124 a
2082 5070 2230 5125 nobis
2257 5071 2560 5140 iniquitates
2595 5080 2826 5125 nostras.
2853 5071 3128 5136 Quomodo
3165 5071 3443 5124 miseretur

1865 5175 2019 5232 pater
2049 5163 2316 5230 ﬁliorum,
2344 5161 2589 5216 misertus
2619 5167 2697 5214 est
2725 5158 2985 5215 Dominus
3017 5157 3317 5220 timentibus
3348 5174 3402 5212 se
3424 5196 3440 5220 ,

1867 5255 2118 5328 quoniam
2142 5254 2253 5323 ipse
2276 5253 2515 5324 cognouit
2536 5253 2842 5323 ﬁgmentum
2865 5260 3123 5320 nostrum.
3151 5248 3442 5313 Recordare

1869 5348 2116 5417 quoniam
2150 5345 2322 5415 pulsis
2351 5358 2566 5408 sumus;
2599 5343 2775 5405 homo,
2805 5342 2940 5396 sicut
2965 5339 3142 5409 fenum
3155 5339 3266 5394 dies
3291 5338 3405 5407 ejus
3423 5378 3440 5402 ,

1871 5452 2123 5511 tanquam
2157 5440 2258 5508 ﬂos
2299 5439 2435 5510 agri,
2479 5439 2556 5492 sic
2595 5435 2862 5508 emorebit.
2908 5432 3174 5500 Quoniam
3221 5433 3442 5503 spiritus

1871 5531 2210 5602 pertransibit
2241 5531 2296 5584 in
2326 5528 2420 5585 illo
2445 5538 2493 5584 et
2524 5545 2628 5583 non
2657 5527 2934 5591 subsistet,
2965 5534 3014 5580 et
3041 5541 3144 5579 non
3172 5532 3463 5595 cognoscet.-

1873 5626 2101 5694 amplius
2152 5625 2324 5680 locum
2368 5640 2542 5679 suum.
2597 5616 3066 5689 Quemadmodum
3117 5634 3151 5674 a
3203 5619 3456 5682 tenebris
