3954 7146
487 5952 534 5987 l.

572 433 598 487 1
608 433 706 487 167

1250 427 1519 484 EUSEBll
1555 425 2033 484 CESARIENSIS
2070 425 2218 482 OPP.
2260 426 2440 482 PARS
2473 427 2560 483 111.
2599 459 2667 468 -
2700 423 3106 482 EXEGETICA.

3709 413 3842 471 {€53

569 551 888 624 ignorantiae
930 549 1168 618 peccatis
1209 546 1445 602 inductae
1488 545 1558 600 ad
1601 546 1776 601 lucem
1808 545 2133 617 cognitionis

2240 547 2355 600 ’Ότι
2387 546 2622 617 πνεῦμα
2659 544 2908 615 διῆλθεν
2933 543 3002 597 ἐν
3037 538 3224 606 αὐτῷ,
3254 539 3351 594 καὶ
3386 539 3507 607 οὐχ
3539 532 3842 602 ὑπάρξεε,

567 658 683 702 suae
721 658 823 700 nos
863 639 1140 696 transtulit
1171 655 1188 706 ;
1230 638 1455 708 haecque
1495 637 1625 693 fecit
1661 645 1722 694 ut
1759 637 1938 693 bonus
1980 645 2133 709 pater

2240 635 2340 692 acui
2359 638 2473 691 οὐκ
2500 636 2888 708 ἐπιγνώσεται
2915 635 3002 690 ἐτι
3022 633 3128 688 τὸν
3156 633 3344 686 τόπον
3369 629 3602 684 αὐτοῦ-
3632 628 3845 695 “ib-.5;

567 734 908 791 insanientes
957 731 1097 788 ﬁlios
1135 731 1468 796 miseratus,
1505 744 1571 785 ac
1597 744 1727 801 erga
1761 729 1964 785 liberos
1992 729 2133 785 male

2240 727 2348 782 ἀπὸ
2377 727 2597 793 σκότους
2632 728 2731 798 τῆς
2771 727 2879 781 τῶν
2930 724 3336 798 ἁμαρτημάτων
3364 722 3614 792 ἀγνοίας
3669 719 3777 772 ἐπὶ

567 826 792 882 affectos
824 825 1084 894 majorem
1115 823 1646 880 commiserationem
1679 837 2004 879 assumens:
2036 836 2134 878 eo-

2239 817 2356 889 φῶς
2402 819 2503 890 τῆς
2547 819 2710 874 αὑτοῦ
2757 817 3009 889 γνώσεως
3065 817 3432 888 μετεστήσατο
3485 814 3668 883 ἡμᾶς
3689 829 3707 841 ·

568 918 694 973 dem
724 917 813 971 ille
843 914 1006 970 modo
1035 930 1136 971 nos
1166 914 1464 970 miseratus
1496 920 1581 970 est
1603 952 1618 978 ,
1649 927 1714 968 ac
1741 928 1809 969 ex
1859 912 2036 968 atheis
2079 918 2133 967 et

2240 909 2410 966 ταῦτα
2439 910 2672 984 ἔπραξεν
2692 911 2768 976 ὡς
2781 911 2982 980 ἀγαθὸς
3003 909 3183 980 πατὴρ
3197 908 3751 979 σπλαγχνιζόμενος
3777 907 3852 955 Et:

570 1014 772 1068 timore
801 1010 1116 1066 carentibus
1134 1049 1150 1074 ,
1183 1009 1304 1078 pios
1332 1023 1397 1062 ac
1427 1023 1487 1063 se
1515 1007 1772 1063 timentes
1801 1021 1905 1062 nos
1931 1005 2130 1063 effecit.

2241 1007 2379 1066 υἱοῖς
2415 1003 2699 1075 μεμηνόσι,
2747 1002 2842 1058 καὶ
2873 1003 2966 1056 ἐπὶ
2998 1001 3185 1066 κακῶς
3219 999 3612 1070 διακειμένοις
3641 996 3850 1058 τέχνης

575 1105 798 1179 μείζονα
823 1102 1000 1159 οἶκτον
1033 1101 1315 1159 ἀναλαϐών
1333 1118 1350 1134 ο
1383 1102 1474 1156 τὸν
1536 1101 1697 1157 αὑτὸν
1727 1100 1926 1174 τρόπον
1987 1101 2084 1157 καὶ
2115 1100 2276 1166 αὐτὸς
2309 1099 2640 1173 ᾠκτείρησεν
2697 1098 2866 1168 ἡμᾶς,
2923 1095 2982 1164 ἐξ
3026 1095 3199 1152 ἀθέων
3249 1095 3342 1149 καὶ
3392 1091 3653 1163 ecf/56m
3712 1092 3852 1143 2-3::-

570 1205 685 1268 ϐεἴς
713 1203 808 1258 καὶ
829 1202 1191 1274 φοϐουμένους
1210 1200 1370 1255 αὐτὸν
1394 1200 1864 1274 ἀπεργασάμενος.

637 1315 806 1373 Vens.
850 1316 918 1371 17
949 1316 1034 1372 l9.
1075 1314 1443 1370 Misericordia
1459 1325 1634 1370 autem
1656 1314 1868 1370 Domini
1899 1315 1965 1370 ab
1985 1326 2141 1370 auer-

565 1427 670 1470 no.
697 1418 747 1463 et
779 1425 944 1478 usque
993 1409 1049 1462 in
1107 1418 1359 1464 internum
1415 1425 1573 1476 super
1607 1409 1844 1465 timentes
1896 1424 2034 1464 eum.
2072 1406 2143 1463 Et

557 1502 775 1573 justitia
803 1501 948 1555 illius
978 1501 1031 1554 in
1060 1499 1202 1568 ﬁlios
1227 1501 1460 1570 ﬁliorum
1479 1541 1494 1565 ,
1523 1500 1604 1555 his
1628 1501 1717 1570 qui
1741 1509 1950 1556 servant
1977 1508 2140 1555 testa-

565 1577 801 1648 mentum
829 1593 970 1663 ejus,
999 1603 1050 1646 et
1078 1609 1328 1648 memores
1355 1603 1478 1648 sunt
1499 1593 1871 1648 mandatorum
1893 1593 2040 1648 illius
2069 1592 2139 1647 ad

568 1686 866 1758 faciendum
895 1704 976 1741 ea.
1005 1684 1144 1742 Huic
1174 1685 1352 1741 simile
1378 1685 1509 1741 illud
1543 1704 1556 1740 :
1587 1684 1814 1743 Faciens
1841 1687 2140 1742 misericor-

567 1779 713 1833 diam
744 1776 1084 1848 diligentibus
1122 1793 1222 1831 me.
1273 1775 1406 1831 Nam
1459 1775 1837 1833 misericordia
1863 1776 2135 1844 tDomini,

2317 1309 2396 1366 Τὸ
2447 1307 2620 1376 ἕλεος
2666 1306 2736 1362 δὲ
2773 1305 2880 1361 τοῦ
2918 1303 3136 1372 Κυρίου
3187 1299 3302 1356 ἀπὸ
3333 1298 3442 1353 τοῦ
3473 1295 3742 1360 αἰῶνος
3773 1299 3846 1346 rei.

2247 1405 2351 1470 ἕως
2389 1403 2494 1459 τοῦ
2525 1401 2738 1467 αἰῶνος
2750 1397 2850 1453 ἐπὶ
2865 1396 3006 1463 τοὺς
3033 1393 3443 1467 φοϐουμένους
3455 1392 3698 1444 αὐτόν
3721 1405 3738 1418 ο
3771 1405 3849 1439 2oz;

2245 1497 2285 1565 ἡ
2325 1494 2674 1562 δικαιοσύνη
2723 1490 2910 1546 αὐτοῦ
2951 1489 3050 1544 ἐπὶ
3089 1487 3230 1552 τοὺς
3262 1484 3432 1550 υιοὺς
3483 1481 3635 1536 τῶν·
3697 1481 3840 1535 vii}:-

2246 1537 2371 1658 ἑοῖς
2400 1537 2794 1660 φυλάσσουσι
2829 1581 2946 1652 τὴν
2988 1580 3280 1648 διαθήκην
3313 1575 3539 1639 αὐτοῦ,
3593 1573 3724 1628 καὶ
3765 1592 3852 1642 με-
3895 1599 3898 1602 ~

2296 1699 2323 1700 η
2604 1675 2719 1700 _.~.--
2750 1676 2881 1700 1----
2900 1673 3011 1700 ..τη
3060 1671 3241 1700 ...ιυε
3289 1670 3398 1700 -...~.
3432 1666 3730 1700 mus...
3767 1669 3849 1700 ...-,,

2242 1679 2570 1752 μνημένοις
2599 1675 2719 1732 τῶν
2745 1673 3011 1730 ἐντολῶν
3055 1671 3261 1738 αὐτοῦ,
3289 1670 3398 1726 τοῦ
3427 1666 3736 1769 manicae
3907 1666 3909 1770 Σ

2243 1769 2371 1838 τάς.
2407 1771 2630 1840 Ὅμοιον
2662 1766 2758 1820 καὶ
2806 1765 2888 1830 τὸ,
2935 1763 3129 1818 Ποιῶν
3170 1763 3342 1828 ἔλεος
3385 1758 3525 1826 τοῖς
3557 1755 3854 1828 struma-1°
3907 1755 3909 1786 ἒ

565 1880 622 1927 et
672 1885 898 1940 compar
944 1870 1064 1940 ejus
1106 1868 1319 1939 justitia
1363 1870 1418 1924 in
1467 1884 1686 1926 omnem
1733 1869 2133 1942 generationem

2240 1879 2332 1932 με.
2363 1858 2687 1932 Παρατείνει
2713 1854 2824 1928 γὰρ
2856 1854 2919 1908 τὸ
2946 1853 3093 1918 ἕλεος
3133 1853 3354 1926 κυρίου,
3379 1851 3476 1904 καὶ
3525 1853 3570 1922 ἡ
3617 1849 3851 1916 σύζυτά

566 1961 882 2017 extenditur
915 1958 972 2013 in
1009 1958 1264 2014 timentes
1297 1973 1424 2013 eum
1444 2000 1459 2019 .
1494 1965 1550 2013 et
1580 1960 1637 2015 in
1667 1959 1808 2018 ﬁlios
1828 1976 2018 2018 eorum
2042 2001 2058 2027 ,
2091 1958 2133 2014 id

2245 1950 2412 2008 αὑτοῦ
2453 1947 2787 2018 δικαιοσύνη,
2830 1947 2910 2011 είς
2938 1949 3118 2001 πᾶσαν
3171 1947 3271 2018 τὴν
3316 1944 3521 2016 γενεὰν
3577 1944 3696 1998 ἐπὶ
3745 1945 3853 2004 τὰς

564 2052 686 2109 est,
720 2049 777 2101 in
801 2045 1148 2102 aemulatores
1176 2051 1454 2117 gestorum
1488 2053 1734 2116 Ipsorum
1754 2084 1770 2110 ,
1805 2044 1862 2099 in
1897 2059 1992 2101 eos
2026 2046 2136 2101 sci-

566 2135 726 2201 licet,
749 2135 842 2206 qui
869 2150 979 2191 non
1006 2135 1168 2191 modo
1189 2142 1583 2206 praeceptorum
1606 2135 1726 2206 ejus
1745 2135 2133 2201 recordamur,

569 2226 664 2281 sed
695 2226 1043 2283 sermonibus
1073 2240 1240 2296 opera
1267 2225 1567 2296 adjiciunt,
1612 2234 1667 2282 et
1713 2226 1817 2282 hoc
1864 2226 2028 2282 modo
2055 2227 2137 2282 vi-

569 2325 678 2370 tam
712 2317 1046 2372 concinnant
1071 2315 1360 2372 suam-Ea
1405 2317 1606 2389 quippe
1647 2318 1867 2385 dantur,
1917 2333 2025 2376 non
2078 2329 2138 2375 ut

566 2408 812 2478 ipsorum
854 2408 1056 2463 nudam
1101 2409 1422 2463 memoriam
1453 2421 1507 2464 et
1535 2409 1783 2464 notitiam
1815 2425 2134 2478 servemus;

565 2501 662 2556 sed
697 2508 756 2555 ut
784 2503 1043 2558 memoria
1087 2502 1154 2557 ad
1194 2501 1533 2572 operandum
1565 2510 1802 2556 utamur.
1836 2501 1974 2556 Illud
2001 2517 2136 2573 quo-

563 2607 673 2662 que
705 2591 963 2649 Servator
997 2593 1240 2649 declarat
1285 2591 1370 2649 his
1401 2591 1624 2647 verbis:
1659 2591 1765 2658 Qui
1797 2592 1952 2647 habet
1982 2609 2136 2647 man-

564 2682 696 2738 data
744 2700 890 2750 mea,
934 2697 984 2739 et
1025 2693 1196 2740 servat
1239 2699 1332 2749 ea,
1373 2682 1465 2738 ille
1499 2691 1578 2738 est
1608 2683 1699 2754 qui
1738 2681 1912 2754 diligit
1941 2699 2023 2737 me
2053 2683 2134 2738 "z

565 2791 694 2834 nam
740 2778 1108 2834 observationi
1145 2775 1864 2846 tantum._non~memorite
1911 2791 2134 2842 eorum,

563 2883 776 2925 merces
805 2869 1071 2938 debetur;
1105 2885 1283 2941 neque
1309 2869 1586 2926 auditores
1606 2910 1621 2936 ,
1656 2867 1753 2925 sed
1786 2869 2024 2925 cultores
2059 2869 2138 2924 le-

561 2959 648 3031 gis
669 2960 1137 3030 justillcabuntur.
1158 2961 1390 3018 Pulchre
1409 2970 1591 3017 autem
1617 2961 1701 3016 lex
1725 2957 1821 3016 Dei
1843 2967 2138 3018 testamen-

562 3059 680 3106 tum
707 3060 902 3108 vocata
929 3061 1049 3117 est,
1094 3061 1154 3108 ut
1185 3053 1279 3126 qui
1307 3069 1426 3109 eam
1461 3053 1820 3110 observamus
1841 3091 1859 3116 ,
1910 3051 2139 3110 haeredi-

562 3153 729 3200 tatem
763 3145 889 3201 inde
930 3160 1233 3218 speremus.
1283 3144 1442 3212 Quod
1469 3153 1647 3202 autem
1687 3153 1884 3200 natura
1915 3144 2134 3216 quidem

562 3243 752 3292 nostra
773 3233 917 3291 ﬂuxa
943 3236 1046 3302 sit,
1073 3236 1257 3292 divina
1287 3252 1416 3294 vero
1439 3235 1728 3293 clementia
1747 3234 1984 3292 debitam
2008 3251 2138 3308 pro-

2242 2037 2610 2111 φοϐουμένους
2640 2038 2803 2094 αὐτὸν
2847 2038 3091 2104 καὶτοὺς
3128 2045 3278 2106 υῑους
3322 2039 3538 2105 αὐτῶν,
3597 2042 3848 2094 tussis:

2240 2133 2364 2196 τοὺς
2403 2130 2511 2186 τῶν
2553 2131 2729 2203 ἔργων
2775 2131 2939 2184 αὐτοῦ
2992 2131 3259 2204 ζηλωτὰς,
3304 2133 3431 2197 τοὺς
3479 2133 3605 2204 οὐχ

2245 2223 2625 2296 μεμνημένους
2663 2223 2772 2279 τῶν
2823 2224 3052 2278 ὲντολῶν
3091 2225 3280 2290 αὐτοῦ,
3329 2226 3448 2280 ἀλλ’
3475 2227 3845 2289 ἐπιτιθέντες

2241 2318 2354 2379 τοῖς
2375 2314 2551 2385 λόγοις
2579 2315 2647 2369 τὰ
2673 2313 2831 2387 ἔργα,
2871 2316 2966 2369 καὶ
2992 2315 3133 2368 κατὰ
3159 2315 3322 2370 ταὺτὸ
3349 2316 3442 2370 τὸν
3474 2320 3720 2372 οἰκεῖον

2241 2406 2622 2479 ῥυθμίζοντας.
2672 2407 2914 2462 Δίδονται
2938 2407 3048 2480 γὰρ
3093 2400 3252 2461 αὗται
3296 2408 3396 2462 οὐκ
3427 2409 3526 2463 ἐπὶ
3575 2410 3672 2481 τῷ
3719 2411 3840 2482 me}-
3885 2431 3892 2496 ἱ

2245 2516 2352 2571 μην
2383 2498 2562 2554 αὐτῶν
2593 2498 2755 2570 ψιλὴν
2779 2499 2873 2554 καὶ
2903 2499 3102 2567 γνῶσιν
3133 2498 3278 2571 ἔχειν
3307 2503 3477 2571 ἡμᾶς,
3511 2501 3685 2555 ἀλλὰ
3721 2503 3843 2572 μνή-

2244 2607 2351 2664 μην
2394 2592 2475 2654 είς
2516 2590 2576 2646 τὸ
2607 2590 2850 2662 ποιῆσαι.
2879 2590 3050 2644 Τοῦτο
3083 2591 3177 2645 καὶ
3212 2594 3243 2646 ὁ
3268 2592 3461 2665 Σωτὴρ
3491 2595 3838 2664 παρίστησι

2241 2681 2499 2737 εἰπών-Ὁ
2529 2683 2686 2754 ἔχων
2708 2681 2814 2750 τὰς
2832 2682 3085 2750 ἐντολάς
3111 2701 3230 2754 μου
3258 2684 3356 2738 καὶ
3383 2684 3600 2754 τηρῶν
3632 2687 3837 2751 αὐτὸς.

2239 2773 2472 2842 ἐκεῖνός
2517 2775 2689 2830 ἐστιν
2725 2778 2760 2830 ό
2803 2773 3053 2844 ἀγαπῶν
3091 2791 3170 2846 με
3191 2793 3205 2806 ·
3251 2776 3354 2847 τῆς
3395 2776 3510 2847 γὰρ
3555 2780 3835 2848 ποιήσεως

2241 2866 2355 2920 ἀλλ’
2382 2867 2441 2921 οὐ
2473 2867 2574 2939 τῆς
2617 2868 2836 2940 μνήμης
2873 2867 3054 2922 αὐτῶν
3087 2867 3252 2940 μόνης
3278 2870 3308 2923 ό
3345 2869 3576 2940 μισθός
3621 2870 3728 2923 καὶ
3755 2871 3835 2937 οἰχ

2240 2961 2290 3012 0i
2312 2960 2599 3032 ἀκροαταὶ,
2629 2959 2742 3016 ἀλλ’
2772 2961 2823 3014 oi
2865 2959 3081 3032 ποιηταὶ
3111 2959 3206 3014 τοῦ
3240 2960 3402 3032 νόμου
3432 2960 3832 3034 δικαιωθήσσιι

2241 3068 2352 3106 ται.
2386 3049 2584 3116 Καλῶς
2623 3050 2681 3106 δὲ
2711 3050 2945 3123 διαθήκη
2993 3053 3023 3106 ό
3057 3050 3219 3123 νόμος
3247 3051 3342 3104 τοῦ
3375 3051 3516 3106 Θεοῦ
3549 3053 3831 3124 1190.31376—

2245 3160 2430 3216 ρευται
2459 3183 2475 3210 ,
2525 3143 2613 3200 ἵνα
2671 3143 3032 3216 κληρονομίαν
3084 3143 3394 3214 ὲλπίζωμεν
3449 3145 3513 3210 ἐξ
3557 3148 3754 3215 αὐτῆς
3787 3146 3827 3197 οἱ

2243 3236 2626 3307 φυλάσσοντες.
2659 3235 2682 3257 ⁹
2709 3236 2806 3291 Οτι
2845 3235 2903 3290 δὲ
2947 3237 2982 3307 ή
3015 3235 3114 3308 μὲν
3140 3235 3302 3306 φύσις
3331 3236 3490 3308 ήμῶν
3533 3239 3824 3308 ὲπίκιςρες,

562 3327 904 3398 genitoribus
941 3327 1170 3398 justitise
1212 3328 1520 3384 mercedem
1563 3343 1738 3400 usque
1797 3326 1868 3384 ad
1912 3334 2133 3400 nepotes

2240 3327 2352 3400 ηδε
2378 3326 2499 3382 θεία
2525 3326 2903 3400 φιλανθρωπία
2946 3328 3041 3380 καὶ
3079 3326 3270 3400 μέχρις
3307 3328 3553 3397 ἐγγόνων
3589 3328 3827 3398 διατημῖ

561 3427 883 3485 conservet,
932 3430 1192 3492 sexcenta
1221 3421 1454 3492 hujusce
1495 3419 1575 3475 rei
1619 3419 1940 3476 testimonia
1980 3435 2136 3491 repe.

561 3509 696 3566 rias.
727 3509 862 3565 Nam
891 3511 963 3567 ob
980 3511 1307 3576 Abrahami,
1338 3509 1510 3567 lsaaci
1535 3516 1590 3566 et
1612 3507 1801 3566 Jacobi
1825 3507 2098 3580 justitiam
2117 3547 2134 3575 ,

561 3602 824 3674 populum
855 3617 923 3658 ex
954 3603 1022 3658 iis
1051 3610 1241 3675 postea
1267 3608 1519 3659 exortum
1549 3601 1840 3658 vocatione
1883 3607 1938 3658 et
1977 3614 2140 3672 pecu-

563 3693 686 3748 li‘ari
732 3693 1072 3764 providentia
1111 3693 1372 3769 dignatus
1409 3701 1517 3750 est.
1553 3692 1694 3750 Jehu
1731 3699 1916 3748 autem
1960 3705 2138 3764 usque

562 3782 633 3838 ad
685 3791 936 3855 quartam
984 3787 1393 3856 generationem
1452 3799 1685 3856 regnum
1741 3783 2133 3851 conservavit,

559 3873 779 3930 etiamsi
809 3889 919 3929 non
967 3874 1194 3930 omnino
1238 3874 1438 3946 pietate
1479 3873 1743 3946 praeditus
1783 3881 1973 3943 esset;
2007 3875 2137 3946 quia

559 3967 617 4022 in
649 3967 919 4039 principio
951 3968 1101 4042 regni
1135 3969 1220 4026 sui
1251 3956 1493 4025 studium
1522 3983 1653 4040 erga
1679 3967 1852 4025 Deum
1878 3968 2136 4026 exhibue-

556 4069 664 4116 rat.
687 4059 918 4116 Mirabili
940 4075 1070 4116 vero
1098 4059 1286 4116 Davidi
1313 4061 1695 4117 inexstinctam
1722 4061 2021 4119 custodivit
2042 4078 2134 4135 ge-

558 4152 709 4208 neris
732 4153 1024 4208 scintillam
1042 4192 1058 4220 ,
1087 4154 1189 4210 etsi
1212 4153 1365 4226 impii
1389 4153 1545 4209 multi
1575 4153 1717 4210 inter
1741 4153 1861 4226 ejus
1885 4161 2134 4226 posteros

559 4245 734 4300 exorti
764 4245 894 4302 sint.
921 4245 1178 4302 Dominus
1209 4247 1263 4307 in
1292 4247 1420 4301 calo
1446 4248 1654 4317 paravit
1685 4247 1929 4302 thronum
1953 4264 2130 4311 suum.

556 4345 607 4389 et
663 4352 880 4407 regnum
927 4338 1092 4406 ipsius
1135 4338 1379 4394 omnibus
1425 4337 1808 4394 dominabitur.
1862 4341 2133 4397 Accurale

557 4424 763 4480 dictum
794 4437 911 4491 est,
945 4427 1184 4482 omnibus
1213 4427 1618 4494 dominabitur;
1647 4429 1740 4486 sed
1779 4444 1890 4485 non
1915 4470 1929 4498 ,
1963 4432 2132 4485 omni-

558 4517 653 4570 bus
682 4515 1022 4584 dominatur,
1053 4519 1184 4589 quia
1227 4534 1336 4574 non
1363 4533 1555 4575 omnes
1589 4519 1742 4592 digni
1790 4527 1920 4576 sunt
1962 4535 2130 4590 regno

557 4607 726 4663 illius.
774 4607 1141 4674 Quamobrem
1177 4609 1246 4665 iis
1275 4611 1370 4682 qui
1400 4611 1771 4682 evangelicam
1803 4612 1969 4666 vitam
2005 4611 2126 4668 exi-

555 4705 728 4769 gunt,
788 4715 1017 4769 regnum
1068 4701 1334 4758 caelorum
1386 4698 1638 4756 Salvator
1685 4699 1967 4771 pollicitus
2019 4707 2122 4755 est.

555 4791 679 4846 Alio
728 4790 856 4846 item
904 4790 1243 4862 intelligendi
1294 4807 1446 4847 more
1489 4791 1748 4848 omnibus
1789 4790 2126 4853 dominatur,

557 4881 723 4936 etiam
765 4881 833 4936 iis
870 4881 965 4952 qui
1010 4897 1178 4954 regno
1223 4883 1488 4939 cmlorum
1534 4881 1744 4953 indigni
1781 4890 1910 4939 sunt
1959 4883 2128 4953 impe-

555 4990 688 5030 rans
720 4992 734 5041 ;
765 4983 1037 5048 quatenus
1067 4989 1262 5046 nempe
1291 4973 1536 5030 omnium
1565 4972 1829 5030 Dominus
1857 4981 1962 5030 est.

626 5151 793 5208 Vens.
834 5153 924 5210 20.
967 5153 1266 5209 Benedicite
1287 5153 1534 5218 Domino,
1569 5171 1745 5211 omnes
1773 5153 1947 5225 angeli
1973 5153 2124 5225 ejus.

552 5254 788 5314 potentes
815 5248 1010 5303 uirtute
1031 5288 1048 5314 ,
1091 5247 1343 5319 facientes
1371 5249 1585 5304 uerbum
1615 5248 1764 5304 illius
1791 5247 1862 5303 ad
1905 5247 2126 5302 audien—

553 5337 679 5392 dam
707 5355 882 5394 uocem
910 5357 1212 5396 sermonum
1236 5341 1372 5412 ejus.
1407 5341 1672 5414 Superius
1699 5341 1917 5413 quidem
1949 5339 2127 5412 Spiri-

553 5433 696 5487 ritus
724 5431 944 5489 divinus
978 5434 1216 5490 hominis
1247 5435 1487 5489 animam
1521 5436 1588 5491 ad
1622 5438 1921 5508 gratiarum
1955 5436 2128 5492 actio-

553 5539 678 5578 nem
711 5531 768 5581 et
798 5524 1235 5582 benedictionem
1268 5525 1364 5583 Dei
1400 5527 1665 5583 invitabat
1697 5528 1886 5586 dicens
1908 5569 1923 5594 ,
1959 5529 2127 5584 Bene—

553 5617 641 5670 dic
665 5657 682 5684 ,
711 5618 893 5673 anima
922 5635 1058 5686 mea,
1091 5619 1347 5686 Domino;
1375 5637 1522 5689 nunc
1549 5631 1754 5685 autem.
1782 5625 1910 5696 quia
1941 5623 2124 5678 throni

555 5705 654 5765 Dei
693 5715 750 5764 et
792 5709 1096 5767 caelestium
1141 5715 1486 5772 mansionum
1511 5756 1525 5782 ,
1574 5731 1710 5786 quas
1755 5716 1935 5789 dignis
1976 5713 2121 5772 Deus

623 5862 668 5898 ³⁸
706 5860 859 5923 Joan.
898 5881 1008 5932 xiv,
1046 5869 1134 5926 21.

691 6085 756 6144 ,Ἴ

2239 3418 2338 3492 τὴν
2390 3419 2504 3484 τοῖς
2562 3417 2847 3490 προγόνοις
2895 3418 3250 3492 ὀφειλομένην
3314 3419 3412 3490 τῆς
3475 3413 3822 3485 δικαιοσύνης

2239 3512 2529 3578 ἀντίδοσιν,
2575 3510 2744 3584 μυρία
2775 3511 2844 3566 ἂν
2889 3511 3069 3586 εὕροις
3117 3511 3410 3584 μαρτύρια.
3442 3512 3550 3566 Διὰ
3579 3512 3709 3586 γὰρ

2236 3602 2332 3658 τοῦ
2373 3601 2623 3676 Ἀϐραὰμ
2670 3602 3036 3676 δικαιοσύνην,
3083 3603 3179 3658 καὶ
3220 3603 3318 3676 τὴν
3355 3602 3450 3656 τοῦ
3489 3602 3705 3658 Ἰσαὰκ
3747 3605 3814 3658 tu"

2249 3695 2464 3762 Ἰακὼϐ,
2495 3695 2590 3751 τὸν
2633 3694 2695 3762 ἐξ
2729 3695 2910 3750 αὐτῶν
2948 3695 3121 3767 φύντα
3169 3696 3309 3768 μετὰ
3337 3696 3515 3750 ταῦτα
3545 3696 3696 3752 λαὸν

2235 3787 2481 3860 κλήσεως
2508 3784 2607 3842 καὶ
2641 3787 2743 3857 τῆς
2779 3786 2985 3852 οἰκείας
3017 3787 3320 3859 ἐπισκοπῆς
3350 3787 3682 3859 κατηξίωσε
3708 3807 3724 3818 ⁸
3757 3806 3813 3850 τοι

2213 3880 2222 3887 ’
2248 3879 2390 3950 Ἰηοῦ
2414 3880 2576 3952 μέχρι
2591 3878 2859 3952 τετάρτης
2880 3879 3072 3948 γενεᾶς
3099 3878 3198 3950 τὴν
3215 3878 3490 3950 βασιλείαν
3517 3882 3810 3954 τετήρηκε.

2236 3971 2414 4026 καίτοι
2441 3969 2576 4042 μηδὲ
2605 3968 2816 4024 τελείαν
2837 3961 3165 4041 κτησαμένῳ
3181 3968 3479 4031 εὐσέϐειαν,
3513 3969 3640 4022 ἀλλ’
3679 3972 3738 4022 ἐν
3761 3970 3809 4035 τῇ

2233 4063 2377 4134 ἀρχῇ
2423 4061 2524 4132 τῆς
2575 4059 2851 4130 βασιλείας
2903 4058 3294 4130 ὲπιδειξαμένῳ
3341 4059 3431 4112 τὸν
3486 4058 3666 4129 ζῆλον
3688 4079 3704 4090 ο
3753 4059 3812 4126 τῷ

2235 4151 2504 4223 θεσπεσίῳ
2535 4150 2715 4217 Δαυῒδ,
2754 4150 3016 4204 ἄσϐεστον
3063 4151 3298 4221 ἐτήρησε
3341 4147 3432 4203 τὸν
3480 4151 3583 4203 τοῦ
3633 4155 3811 4215 γέπυς

2237 4243 2530 4316 σπινθῆρα,
2571 4242 2666 4297 καὶ
2695 4242 2869 4296 ταῦτα
2895 4241 3103 4295 πολλῶν
3145 4241 3422 4295 δυσσεϐῶν
3448 4243 3507 4295 ὲν
3551 4244 3721 4315 μέσῳ
3744 4242 3810 4312 βε-

2241 4336 2637 4408 ϐλαστηκότων.
2669 4335 2885 4402 Κύριος
2916 4334 2987 4387 ἐν
3025 4333 3104 4400 τῷ
3127 4332 3359 4403 οὐρανῷ
3380 4333 3694 4405 ἡτοίμασε
3725 4337 3810 4390 τεῒν

2235 4430 2452 4498 θρόνον
2500 4426 2709 4489 αὐτοῦ,
2761 4425 2858 4480 καί
2911 4427 2950 4495 ἡ
2995 4425 3288 4490 ,βασιλεία
3335 4425 3524 4480 αὐτοῦ
3575 4427 3810 4482 πάντων

2234 4519 2543 4575 δεσπόσει.
2596 4516 2864 4590 Ἀκριϐὧς
2885 4515 2942 4569 δὲ
2971 4517 3034 4570 τὸ
3057 4515 3300 4570 πάντων
3317 4515 3636 4582 δεσπόσει,
3669 4521 3801 4589 εῐρη-

2232 4610 2345 4678 ται,
2393 4609 2508 4664 ἀλλ’
2553 4610 2638 4676 οὐ,
2685 4608 2928 4665 πάντων
2971 4607 3274 4670 δεσπόζειο
3325 4610 3446 4662 ἐπεὶ
3492 4610 3572 4682 μὴ
3617 4611 3808 4672 πάντες

2234 4703 2377 4768 ἄξιοι
2404 4703 2729 4773 τυγχάνουσι
2759 4702 2860 4773 τῆς
2906 4699 3072 4755 αὐτοῦ
3119 4701 3411 4772 βασιλείας.
3457 4702 3552 4768 Διὸ
3579 4708 3703 4768 τοῖς
3735 4705 3806 4756 τὸν

2234 4790 2584 4860 εὐαγγελικδν
2616 4789 2938 4863 κατορθοῦσι
2978 4790 3093 4862 βίον
3117 4791 3218 4863 τὴν
3246 4791 3355 4846 τῶν
3381 4792 3630 4866 οὐρανῶν
3668 4795 3806 4864 βασι-

2233 4879 2383 4934 λείαν
2428 4882 2457 4934 ό
2508 4879 2696 4954 Σωτὴρ
2753 4881 3132 4953 ἐπηγγείλατο.
3183 4883 3443 4948 Δεσπόζει
3487 4883 3546 4937 δὲ
3594 4885 3804 4939 πάντων

2232 4970 2355 5026 καθ’
2384 4971 2576 5044 ἑτέραν
2614 4973 2856 5028 ἐπίνοιαν
2887 4973 2982 5026 καὶ
3013 4971 3123 5027 τῶν
3149 4971 3381 5038 ἀναξίων
3407 4974 3507 5045 τῆς
3533 4974 3804 5045 βασιλείας

2232 5065 2396 5120 αὑτοῦ
2433 5065 2672 5138 κρατῶν,
2699 5060 2787 5119 οἵα
2815 5065 2879 5137 δὴ
2907 5065 3124 5120 πάντων
3146 5066 3371 5138 Κύριος.

2299 5156 2617 5227 Εὑλογεῖτε
2658 5157 2765 5210 τὸν
2803 5157 3041 5224 Κύριον,
3081 5157 3303 5224 πάντες
3343 5161 3398 5213 oi
3439 5158 3680 5229 ἄγγελοι
3709 5164 3806 5215 οὐ·

2233 5249 2360 5314 τοῦ,
2391 5248 2636 5304 δυνατοὶ
2668 5250 2854 5318 ἰσχύϊ,
2886 5250 3202 5317 ποιοῦντες
3236 5251 3346 5304 τὸν
3383 5254 3571 5322 λόγον
3599 5254 3801 5314 αὐτοῦ.

2231 5343 2340 5397 τοῦ
2360 5341 2620 5397 ἀκοῦσαι
2647 5339 2760 5409 τῆς
2793 5340 3000 5411 φωνῆς
3024 5339 3142 5397 τῶν
3163 5345 3360 5413 λόγων
3384 5345 3594 5400 αὐτοῦ.
3642 5347 3803 5400 Ἀνω-

2231 5435 2376 5508 τέρω
2405 5435 2502 5506 μὲν
2529 5435 2590 5489 τὸ
2619 5433 2760 5488 θεῖον
2790 5434 3012 5506 Πνεῦμα
3042 5434 3138 5507 τὴν
3181 5436 3274 5488 τοῦ
3305 5435 3590 5509 ἀνθρώπου
3632 5439 3804 5510 ψυχήν

2231 5528 2414 5582 ἐκάλει
2455 5527 2547 5580 ἐπὶ
2589 5527 2689 5599 τὴν
2729 5529 3077 5599 εὐχαριστίαν
3125 5531 3218 5584 καί⁵
3261 5529 3362 5601 τὴν
3413 5530 3668 5600 εὐλογίαν
3713 5531 3803 5587 τοῦ

2231 5620 2387 5685 Θεοῦ,
2423 5619 2630 5689 φάσκον
2649 5633 2663 5647 °
2698 5621 2970 5690 Εὺλότει,
3000 5621 3038 5688 ἡ
3065 5621 3234 5692 ψυχή
3253 5640 3395 5692 μου,
3418 5621 3524 5678 τὸν
3548 5625 3800 5693 Κύριονο

2231 5713 2324 5769 νῦν
2367 5713 2444 5779 δὲ,
2497 5714 2682 5787 ἐπειδὴ
2724 5714 2816 5768 τοῦ
2862 5713 3051 5785 θρόνου
3093 5715 3186 5770 τοῦ
3227 5714 3363 5769 Θεοῦ
3408 5716 3800 5790 ἐμνημόνευσε.
