3954 7146
173 450 224 507 1
237 455 402 514 269
1351 457 1829 519 COMMENTARU.

1934 462 1954 519 ί
1994 463 2326 524 PSALMOS.
3355 482 3489 536 127.)

182 577 348 631 καὶ
380 577 494 634 τῶν
523 578 787 652 οὐρανίων
830 578 1139 654 διατριϐῶν,
1183 579 1249 646 ἃς
1286 581 1398 646 τοῖς
1424 582 1595 650 ἀξίοις
1635 585 1664 638 ὁ
1704 584 1829 650 Θεὺς

1936 589 2259 659 praeparavit
2283 629 2298 655 ,
2325 589 2650 649 mentionem
2675 595 2802 652 fecit
2821 637 2837 662 ,
2865 597 3151 655 admodum
3181 614 3488 670 congruen-

179 669 546 742 ἡτοίμασε,
579 672 779 745 σφόδρα
807 672 1110 740 ἀκολούθως
1130 676 1250 739 ταῖς
1275 674 1542 748 οὐρανίοις
1569 677 1829 748 δυνάμεσι

1939 687 2022 735 ter
2064 681 2318 738 caelestes
2363 685 2592 741 virtutes
2628 686 2785 756 jubet
2814 691 3007 745 animae
3051 693 3213 748 saluti
3254 669 3492 764 congau-

185 764 578 836 συγχαίρειν
617 767 682 836 τῇ
735 764 836 836 τῆς
885 765 1062 837 ψυχῆς
1101 767 1342 839 σωτηρίᾳ
1376 767 1829 840 παρακελεύεται,

1938 769 2103 838 dere,
2136 773 2434 829 secundum
2473 775 2577 831 hoc
2619 775 2922 838 Salvatoris
2967 782 3207 848 dictum,
3248 785 3490 850 scilicet,

177 855 397 910 κατὰ
435 856 528 911 τὸν
561 859 824 930 σωτήριον
854 858 1010 928 λόγον
1041 859 1294 931 φήσαντα
1319 861 1490 933 χαρὰν
1518 860 1736 917 ἔσεσθαι
1773 864 1829 918 ἐν

1934 863 2192 932 gaudium
2227 865 2343 922 fore
2375 869 2428 922 in
2460 869 2599 924 cmlo
2633 885 2798 941 super
2842 889 2951 928 uno
2991 884 3274 946 peccatore
3320 879 3496 949 poeni-

177 946 314 1020 τῷ
372 947 592 1022 οὐρανῷ
639 949 731 1003 ἐπὶ
778 950 859 1004 ἐνὶ
908 951 1216 1024 ἁμαρτωλῷ
1272 951 1652 1024 μετανοοῦντιο
1695 952 1829 1010 ἀλλά

1934 959 2155 1014 tentiam
2204 969 2397 1033 agente
2449 963 2492 996 ³¹
2526 982 2540 1020 :
2570 962 2667 1020 sed
2715 966 2878 1021 etiam
2923 985 3045 1024 cum
3093 946 3338 1028 hominis
3375 972 3495 1026 ani-

187 1041 336 1095 καὶ
384 1044 466 1106 είς
520 1041 669 1106 τέλος
715 1041 844 1112 ἄγει
879 1043 978 1114 τὴν
1034 1043 1320 1118 ἀνθρώπου
1368 1046 1545 1119 ψυχὴν
1591 1047 1686 1104 καὶ
1731 1048 1829 1114 τὰς

1934 1061 2114 1117 mam,
2149 1058 2264 1106 tum
2302 1054 2554 1112 caelestes
2583 1058 2818 1114 virtutes
2849 1059 2906 1114 in
2955 1059 3116 1116 finem
3158 1063 3302 1132 agit:
3351 1063 3494 1119 idem

190 1132 537 1206 οὐρανίους
568 1135 827 1207 δυνάμεις
848 1151 861 1165 ο
897 1134 962 1189 τὸ
998 1135 1106 1208 γὰρ
1135 1137 1267 1192 αὐτὸ
1309 1137 1409 1210 τῆς
1455 1139 1703 1210 εὐλογίας
1736 1141 1829 1213 ἐρ-

1934 1131 2076 1196 enim
2109 1142 2464 1202 benedicendi
2492 1164 2694 1206 munus
2727 1156 2837 1204 tam
2872 1151 2984 1218 illi,
3017 1169 3179 1223 quam
3201 1131 3333 1211 istis
3360 1171 3496 1226 prae-

199 1238 340 1293 γον
388 1225 682 1300 καὶταύτῃ
717 1226 989 1292 κάκείνοις
1027 1227 1326 1285 ἐπιτάττει.
1371 1231 1828 1302 Δυνατοίίσχύῖ,

1934 1233 2143 1289 scribit.
2176 1235 2424 1292 Potentes
2454 1240 2674 1306 virtute,
2703 1241 2953 1311 facientes
2979 1244 3188 1298 verbum
3218 1225 3398 1312 illius,
3427 1247 3496 1302 ad

204 1317 568 1384 ποιοῦντες
618 1318 725 1371 τὸν
769 1319 957 1388 λόγον
1007 1317 1214 1384 αὐτοῦ,
1255 1318 1364 1374 τοῦ
1411 1313 1672 1376 ’ἀκοῦσαι
1721 1319 1829 1389 τῆς

1937 1326 2253 1385 audiendam
2297 1347 2467 1387 vocem
2505 1351 2805 1389 sermonum
2834 1339 2968 1408 ejus.
3005 1337 3167 1412 Quod
3196 1339 3262 1393 ad
3293 1347 3345 1396 te
3373 1356 3496 1412 spe-

205 1407 459 1478 ςοωνῆς
491 1406 609 1463 τῶν
627 1411 826 1480 λόγων
844 1410 1052 1466 αὑτοῦ.
1078 1411 1160 1464 Τὰ
1181 1411 1280 1482 μὲν
1296 1411 1438 1466 κατά
1467 1413 1547 1476 σὲ,
1568 1412 1752 1484 φησὶν,
1784 1406 1829 1466 ὦ

1934 1425 2079 1486 ctat,
2113 1435 2147 1476 o
2174 1423 2385 1488 anima,
2438 1427 2710 1482 imbecilla
2755 1427 3080 1500 inﬁrmaque
3117 1405 3180 1486 es
3219 1430 3288 1488 ad
3328 1430 3495 1486 Deum

203 1499 434 1574 ψυχὴ,
487 1499 765 1566 ἐξασθενεῖ
818 1502 954 1574 πρὸς
1004 1503 1066 1556 τὸ
1117 1505 1236 1558 κατ’
1289 1504 1446 1570 ἀξίαν
1506 1505 1694 1576 ὑμνεῖν
1738 1505 1829 1559 τὸν

1937 1526 2036 1580 pro
2066 1511 2328 1582 dignitate
2359 1517 2783 1575 celebrandum:
2847 1499 3084 1575 attamen
3127 1521 3180 1576 id
3221 1536 3288 1576 ex
3344 1533 3497 1592 parte

201 1593 414 1648 Gedv'
450 1595 515 1649 ἐκ
550 1594 748 1667 μέρους
777 1594 835 1649 δὲ
874 1596 1022 1667 ὅμως
1054 1595 1212 1650 τοῦτο
1245 1598 1407 1651 ποίει.
1461 1597 1598 1651 Ἵσθι
1631 1597 1711 1664 δὲ,
1750 1598 1829 1652 ὅτι

1934 1604 2269 1673 exsequaris.
2315 1605 2466 1664 Scito
2501 1618 2683 1665 autem
2715 1612 2939 1682 angelos
2965 1612 3121 1683 ejus,
3153 1628 3277 1668 cum
3309 1623 3500 1684 potent.

213 1686 285 1743 οἱ
337 1686 562 1756 ἄγγελοι
590 1686 776 1754 αὐτοῦ,
804 1686 1017 1742 δυνατοὶ
1053 1686 1196 1760 ίσχύῖ
1235 1690 1406 1755 ὄντες,
1439 1688 1534 1744 καὶ
1559 1687 1829 1745 ἀδιαπτώ-

1936 1703 2019 1750 tes
2041 1697 2245 1754 virtute
2267 1699 2378 1755 sint
2397 1740 2412 1765 ,
2435 1710 2489 1756 et
2517 1701 2889 1759 indesinenter
2910 1705 3132 1759 verbum
3160 1706 3253 1760 Dei
3273 1704 3498 1774 faciant,

219 1794 356 1842 τως
381 1777 478 1832 τὸν
521 1777 677 1846 λόγον
709 1777 872 1832 αὐτοῦ
904 1777 1201 1847 ποιοῦντες,
1234 1779 1373 1845 ἄξιοί
1403 1797 1460 1834 τε
1487 1780 1705 1836 ἀκούειν
1729 1780 1829 1851 τῆς

1934 1787 2188 1862 dignique
2217 1793 2326 1848 sint
2349 1793 2443 1864 qui
2466 1809 2655 1850 vocem
2684 1805 2735 1850 et
2762 1812 3068 1853 sermonem
3091 1800 3213 1869 ejus
3238 1802 3461 1856 audiant
3481 1840 3496 1862 ,

229 1869 440 1938 φωνῆς
479 1868 643 1923 αὐτοῦ
693 1869 923 1924 καὶτῶν
952 1870 1126 1942 λόγων
1169 1870 1356 1938 αὐτοῦ,
1391 1872 1710 1944 πρεπόντως
1735 1873 1829 1926 καὶ

1934 1883 2189 1939 decenter
2218 1901 2281 1940 ac
2306 1887 2572 1958 condigne
2603 1887 2707 1957 ipsi
2739 1888 3081 1947 benedicere.
3116 1868 3271 1958 Quod
3301 1893 3348 1948 si
3377 1898 3499 1963 qui-

234 1964 374 2016 κατ’
392 1962 550 2030 ἀξίαν
586 1962 894 2032 εὐλογοῦσιν
929 1963 1110 2018 αὐτόν.
1133 1964 1196 2016 Ei
1225 1964 1283 2018 δὲ
1308 1965 1403 2019 καὶ
1437 1966 1495 2018 ἐν
1520 1963 1828 2036 ἀνθρώποις

237 2050 359 2108 εἶέν
394 2071 540 2118 τινες
563 2054 654 2108 τὸν
688 2055 968 2124 ίσάγγελον
1000 2055 1114 2127 βίον
1152 2045 1557 2128 μετερχόμενοι,
1599 2055 1692 2110 ἆτε
1733 2056 1830 2128 τὴν

238 2149 438 2202 εἰκόνα
484 2147 578 2202 τοῦ
623 2149 944 2221 ἐπουρανίου
988 2147 1300 2221 φοροῦντες,
1338 2148 1610 2220 ἰσχύοντες
1641 2150 1697 2204 δὲ
1738 2150 1832 2203 καὶ

239 2241 412 2295 αὐτοὶ
443 2243 612 2294 ποιεῖν
643 2241 733 2294 τὸν
763 2240 918 2310 λόγον
943 2240 1129 2308 αὐτοῦ,
1160 2240 1254 2295 καὶ
1282 2240 1498 2296 δυνατοὶ
1523 2241 1623 2312 τῆς
1649 2242 1832 2315 φωνῆς

241 2333 422 2395 αὐτοῦ
455 2333 769 2397 ὑπακούειν,
800 2332 942 2387 κατά
975 2333 1066 2388 τὸν
1097 2335 1376 2405 φήσανταο
1405 2331 1610 2388 Πάντα
1643 2335 1831 2403 ἰσχύω

239 2426 318 2480 ἐν
349 2424 432 2492 τῷ
461 2425 896 2496 ἐνδυναμοῦντί
921 2442 1019 2495 με.
1071 2427 1180 2479 Καὶ
1223 2419 1390 2489 οὗτοι,
1431 2425 1706 2496 ἰσάγγελοι
1746 2425 1832 2479 δν.

239 2535 360 2584 τες,
413 2518 800 2588 εὐλογείτωσαν
843 2519 1027 2574 αὐτὸν.
1077 2519 1282 2592 Μηδεὶς
1328 2521 1384 2574 δὲ
1413 2520 1521 2575 τῶν
1553 2519 1829 2592 παραϐαι-

240 2609 450 2664 νόντων
480 2611 571 2665 τὸν
615 2610 771 2680 λόγον
800 2611 1085 2666 αὐτοῦκαὶ
1132 2613 1549 2684 παρακουόντων
1587 2613 1686 2684 τῆς
1717 2629 1829 2682 φω-

241 2702 346 2773 νῆς
370 2701 558 2767 αὐτοῦ,
594 2703 1027 2775 προπετέστερον
1062 2702 1313 2775 τολμάτω
1341 2701 1499 2756 τοῦτο
1527 2705 1719 2756 ποιεῖν.
1791 2735 1794 2738 ~

317 2793 643 2865 Εὐλογεῒτε
682 2794 790 2848 τὸν
831 2795 1066 2862 Κύριον,
1098 2793 1288 2850 πᾶσαι
1323 2797 1382 2848 αἱ
1409 2793 1694 2863 δυνάμεις
1721 2796 1829 2848 αὐ-

247 2885 383 2952 τοῦ,
433 2885 764 2957 λειτουργοὶ
808 2885 1016 2953 αὐτοῦ,
1049 2886 1363 2952 ποιοῦντες
1406 2886 1478 2940 τὰ
1529 2884 1833 2956 θελήματα

249 2978 464 3033 αὐτοῦ.
481 2979 540 3032 '0
564 2979 662 3050 μὲν
682 2976 863 3044 Δαυῖὸ,
890 2979 1184 3051 ἐπειδήπερ
1209 2977 1315 3032 εἰσὶ
1345 2979 1440 3033 καὶ
1461 2979 1831 3050 ἀντικείμεναι

251 3070 534 3140 δυνάμεις,
568 3069 772 3141 σφόδρα
812 3071 1125 3140 ἀναγκαίως
1157 3069 1408 3143 ἐπιφέρει
1446 3069 1533 3124 τό·
1568 3073 1834 3137 λειτουρ-

253 3162 348 3236 γοί
379 3159 587 3228 αὑτοῦ,
621 3162 929 3230 ποιοῦντες
964 3161 1037 3218 τὰ
1064 3161 1369 3233 θελήματα
1393 3161 1599 3225 αὐτοῦ,
1620 3162 1833 3227 δεικνὺς

1931 1975 2055 2030 dam
2093 1976 2232 2032 inter
2278 1978 2527 2036 homines
2559 1981 2668 2036 sint
2697 1982 2790 2052 qui
2827 1983 2992 2036 vitam
3027 1985 3284 2054 angelicae
3314 2000 3496 2055 parem
3543 1971 3546 1976 ’

1933 2065 2120 2122 ineunt
2136 2108 2150 2132 ,
2177 2077 2363 2139 utpote
2381 2071 2475 2142 qui
2500 2071 2790 2144 imaginem
2814 2076 3056 2131 caelestis
3079 2076 3496 2144 circumferant,
3557 2081 3565 2088 ‘

1931 2173 1995 2211 ac
2026 2159 2130 2229 ipsi
2164 2176 2384 2231 quoque
2427 2163 2652 2218 verbum
2681 2165 2801 2235 ejus
2837 2167 3062 2236 exsequi
3095 2175 3150 2224 et
3177 2183 3362 2225 vocem
3395 2185 3496 2224 au.-

1930 2249 2046 2306 dire
2071 2252 2324 2319 valeant,
2349 2254 2654 2310 secundum
2687 2271 2810 2312 eum
2843 2259 2937 2328 qui
2965 2259 3130 2325 dicit,
3165 2259 3357 2318 Omnia
3383 2277 3498 2330 pos-

1930 2357 2047 2396 sum
2099 2343 2153 2397 in
2197 2360 2256 2399 eo
2293 2346 2383 2416 qui
2428 2363 2509 2401 me
2542 2348 2808 2417 confurtat
2840 2349 2918 2416 ³²;
2964 2350 3018 2404 hi
3047 2366 3266 2422 quoque
3287 2352 3496 2423 angelis

1933 2448 2092 2502 pares
2123 2449 2245 2489 cum
2272 2437 2416 2502 sint,
2434 2437 2754 2494 benedicant
2780 2440 2851 2494 ei.
2878 2440 3046 2496 Nemo
3075 2450 3255 2498 autem
3280 2459 3494 2510 eorum,

1931 2527 2024 2596 qui
2056 2529 2282 2584 verbum
2316 2529 2435 2599 ejus
2467 2533 2944 2603 transgrediuntur
2973 2549 3036 2590 ac
3075 2537 3198 2591 voci
3227 2537 3347 2608 ejus
3387 2553 3499 2596 non

1933 2619 2336 2692 obtemperant,
2365 2631 2566 2679 temere
2597 2625 2700 2680 hoc
2723 2639 2881 2697 agere
2907 2638 3220 2698 praesumat.

2005 2794 2168 2852 Vens.
2203 2797 2294 2863 21,
2321 2797 2411 2853 92.
2454 2799 2749 2856 Benedicite
2777 2801 3023 2869 Domino,
3065 2822 3240 2860 omnes
3279 2808 3497 2865 virtutes

1930 2888 2066 2957 ejus,
2102 2890 2335 2945 ministri
2371 2891 2506 2960 ejus,
2543 2895 2633 2963 qui
2661 2895 2839 2964 facitis
2869 2897 3158 2952 voluntates
3184 2898 3316 2966 ejus.
3351 2898 3526 2967 ρυο-.

1932 2981 2078 3036 niam
2117 2982 2442 3039 adversariae
2464 2999 2682 3056 quoque
2711 2987 2940 3043 virtutes
2977 2997 3125 3054 sunt,
3174 2990 3298 3046 ideo
3326 2990 3496 3046 David

1931 3074 2245 3130 necessario
2295 3074 2426 3130 illud
2457 3077 2667 3146 adjicit,
2724 3079 2955 3134 ministri
2996 3081 3132 3150 ejus,
3174 3084 3264 3152 qui
3317 3083 3495 3154 facitis

1933 3163 2225 3218 voluntates
2256 3164 2412 3234 ejus:
2443 3164 2729 3221 declarans
2770 3181 2908 3236 quas
2957 3176 3011 3224 et
3039 3168 3344 3237 cujusmodi
3386 3171 3500 3224 vir—

252 3259 408 3324 τίνας
433 3256 792 3329 βούλεταιηκαὶ
817 3255 1006 3320 ὁποίας
1021 3255 1280 3326 δυνάμεις
1299 3255 1538 3324 εὐλογεῖν
1563 3254 1656 3310 τὸν
1676 3254 1828 3309 Θεόν’

1935 3264 2080 3311 tutes
2124 3255 2232 3312 Deo
2270 3255 2591 3312 benedicere
2641 3258 2770 3313 velit
2805 3277 2818 3313 :
2850 3274 2961 3314 non
3035 3275 3226 3316 omnes
3273 3262 3494 3332 quippe,

253 3353 339 3407 ὅτι
375 3351 449 3424 μὴ
479 3351 678 3415 πάσας,
717 3349 850 3421 μηδὲ
895 3347 995 3413 τάς
1041 3347 1307 3414 ἐναντίας,
1333 3347 1470 3402 ἀλλά
1526 3348 1684 3419 μόνος
1729 3347 1828 3412 τάς

1937 3361 2114 3418 neque
2145 3348 2522 3418 adversarias;
2559 3349 2854 3406 sed‘solum
2887 3366 2983 3408 eas
3003 3366 3128 3420 quae
3145 3351 3324 3423 dignae
3343 3363 3494 3416 sunt,

260 3442 416 3510 ἀξίας
462 3444 563 3507 τὰς
613 3444 672 3496 ἐν
712 3441 989 3513 διαφόροις
1013 3441 1197 3516 τάξεσι
1219 3440 1632 3513 λειτουργούσας
1662 3439 1827 3511 αὐτῷ,

259 3538 375 3609 ἦτοι
409 3535 668 3599 ποιούσας
693 3533 857 3590 αὐτοῦ
886 3533 947 3588 τὸ
986 3533 1214 3606 θέλημα.
1248 3535 1562 3606 Λειτουργοὶ
1588 3535 1696 3605 γάρ
1727 3536 1830 3588 είσι

259 3625 392 3681 Θεοῦ
413 3626 668 3696 δυνάμεις
689 3622 1051 3696 ὐπερητοῦσαι
1071 3623 1221 3696 αὐτῷ
1241 3625 1320 3688 είς
1339 3623 1375 3679 ἃ
1397 3624 1639 3695 βούλεται
1662 3631 1832 3679 ποιεῖν

260 3718 328 3770 δι’
353 3715 532 3771 αὐτῶν
560 3716 647 3769 ἐπ’
674 3715 964 3788 εὐεργεσίᾳ
996 3717 1088 3769 καὶ
1113 3714 1349 3787 ὠφελείᾳ
1378 3716 1606 3780 παντός·
1632 3716 1714 3770 διὸ
1739 3717 1832 3770 καὶ⁹

262 3811 432 3864 ποιεῖν
471 3809 541 3864 τά
585 3809 864 3881 θελήματα
890 3808 1054 3863 αὐτοῦ
1087 3807 1351 3882 εἴρηνται.
1379 3809 1693 3879 Εὑλογεῖτε
1726 3809 1833 3864 τὸν

266 3904 496 3972 Κύριον,
525 3901 720 3957 πάντα
741 3901 811 3956 τὰ
841 3901 984 3971 ἔργα
1008 3899 1298 3966 αὐτοῦ,ἐν
1327 3901 1506 3956 παντὶ
1532 3903 1694 3968 τόπῳ
1723 3901 1833 3969 τῆς

265 3995 613 4061 δεσποτείας
635 3994 840 4049 αὐτοῦ.
868 3993 1203 4064 emeram
1234 3993 1403 4063 ψυχή
1429 4011 1570 4064 μου,
1598 3993 1702 4048 τὸν
1720 3997 1832 4048 K2}-

260 4086 490 4154 ριον.Ἦ
521 4086 622 4156 τῆς
652 4085 974 4149 ἀκολουθίας
1014 4084 1223 4140 διάνοια
1267 4085 1456 4139 τοῦτον
1498 4085 1672 4139 ἔοικεν
1702 4086 1833 4139 ὐπο-

271 4174 476 4229 δάλλειν
514 4175 606 4228 τὸν
651 4174 774 4228 νοῦν
794 4191 808 4207 ·
839 4175 904 4228 Εἰ
935 4174 1036 4247 μὲν
1064 4172 1306 4243 ἀγγέλων
1336 4169 1424 4246 ἦν,
1455 4175 1608 4246 φησὶ,
1653 4175 1830 4246 μόνον,

272 4267 360 4323 καὶ
399 4267 560 4322 θείων
607 4267 888 4338 δυνάμεων
923 4267 1018 4320 καὶ
1048 4266 1313 4339 οὐρανίων
1342 4267 1668 4338 λειτουργῶν
1696 4266 1830 4321 Θεοῦ

271 4360 330 4415 τδ
354 4360 591 4428 εὐλογεῖν
619 4358 802 4422 αὐτὸν,
835 4358 1013 4422 καλῶς
1030 4358 1096 4413 ἂν
1120 4355 1284 4430 εἶχες,
1308 4352 1353 4412 ὦ
1382 4357 1546 4430 ψυχὴ,
1574 4360 1834 4414 ὑποστέλ-

271 4453 448 4508 λεσθαι
483 4452 700 4524 ἑαυτὴν,
720 4454 832 4516 τοῖς
861 4452 1130 4523 κρείττοσι
1153 4450 1554 4522 παραχωροῦσα
1569 4449 1666 4522 τὴν
1686 4451 1832 4504 εὐλο-

274 4545 418 4617 γίαν’
453 4543 637 4614 ἐπειδὴ
661 4543 718 4597 δέ
742 4542 771 4596 ό
805 4541 947 4606 θεῖος
970 4541 1126 4612 λόγος
1155 4543 1291 4596 πᾶσι
1317 4544 1430 4604 τοῖς
1462 4541 1643 4612 ἔργοις
1666 4540 1830 4596 αὐτοῦ

1933 3447 1987 3496 et
2010 3439 2176 3495 variis
2205 3439 2488 3497 ordinibus
2514 3441 2618 3512 ipsi
2649 3441 2980 3506 ministrant,
3010 3443 3126 3499 sive
3147 3458 3266 3516 qua:
3291 3443 3499 3500 faciunt
3523 3485 3527 3490 ι

1930 3531 2270 3588 voluntatem
2313 3532 2455 3603 ejus.
2499 3532 2636 3588 Nam
2679 3533 2923 3592 ministri
2961 3535 3055 3592 Dei
3105 3546 3234 3592 sunt
3267 3537 3528 3594 virtutes.

1933 3624 2036 3694 ipsi
2069 3625 2138 3680 ad
2179 3625 2431 3696 quaelibet
2460 3641 2686 3681 munera
2729 3641 2829 3696 pro
2872 3627 3138 3683 beneﬁcio
3166 3635 3221 3684 et
3265 3629 3498 3685 utilitate

1933 3716 2176 3773 universi
2211 3716 2586 3773 ministrantes
2617 3736 2631 3772 :
2658 3732 2829 3787 quare
2853 3719 3162 3774 voluntates
3186 3720 3307 3790 ejus
3339 3736 3498 3777 exse-

1933 3809 2025 3880 qui
2061 3808 2337 3864 dicuntur.
2364 3809 2664 3865 Benedicite
2697 3809 2948 3877 Domino,
2970 3811 3150 3866 omnia
3178 3827 3334 3880 opera
3360 3812 3496 3882 ejus,

1934 3904 1987 3958 in
2007 3904 2151 3958 omni
2175 3903 2288 3957 loco
2320 3901 2701 3956 dominationis
2729 3901 2865 3971 ejus.
2889 3901 3136 3970 Benedic,
3159 3903 3338 3956 anima
3357 3919 3494 3968 mea,

1933 3993 2182 4050 Domino.
2213 3991 2340 4047 Haec
2369 3991 2531 4047 seriei
2556 4005 2708 4046 mens
2731 3998 2786 4045 et
2815 3992 3084 4046 sententia
3107 3991 3495 4050 videturesse:

1939 4085 1996 4141 Si
2025 4085 2365 4156 angelorum,
2396 4082 2596 4152 inquit,
2639 4081 3003 4146 solummodo,
3044 4081 3352 4138 divinarum
3384 4083 3498 4139 vir-

1936 4185 2133 4241 tutum,
2157 4175 2574 4245 caalestiumque
2606 4171 2704 4229 Dei
2733 4172 3109 4228 ministrorum
3143 4173 3375 4229 oﬂieium
3408 4189 3500 4230 es-

1935 4277 2018 4326 set
2041 4269 2145 4340 ipsi
2174 4267 2517 4333 benedicere,
2557 4275 2704 4322 recte
2732 4280 2940 4336 posses,
2971 4280 3005 4319 o
3043 4266 3244 4328 anima,
3278 4273 3332 4322 te
3359 4281 3494 4322 con-

1933 4361 2127 4423 tinere,
2153 4374 2218 4415 ac
2244 4365 2299 4415 te
2322 4357 2636 4413 melioribus
2658 4355 3092 4412 benedictionem
3118 4355 3342 4424 cedere;
3365 4357 3525 4426 quina

1934 4466 2065 4508 vero
2103 4451 2324 4506 divinus
2357 4463 2538 4505 sermo
2561 4447 2777 4502 cunctis
2809 4446 2930 4516 ejus
2959 4447 3218 4518 operibus
3246 4448 3494 4524 praecipit

1935 4552 1996 4600 ut
2027 4543 2258 4599 Domino
2293 4542 2651 4608 benedicant;
2686 4556 2787 4614 par
2809 4549 2894 4596 est
2921 4540 3067 4594 enim
3096 4554 3312 4594 omnem
3341 4555 3498 4594 crea-

274 4638 506 4709 εὐλογεῖν
525 4637 616 4691 τὸν
634 4635 838 4708 Κύριον
857 4636 1180 4709 προστάττει
1200 4652 1215 4666 ο
1241 4635 1506 4707 προσήκει
1529 4635 1635 4706 γὰρ
1651 4636 1829 4688 πᾶσαν

1935 4644 2111 4691 turam
2161 4649 2262 4705 pro
2311 4633 2589 4698 facultate,
2641 4637 3031 4702 congruentem
3075 4628 3187 4684 Deo
3236 4630 3495 4701 hymnum

277 4730 365 4804 τὴν
405 4731 580 4785 κτίσιν
627 4728 767 4784 κατά
810 4728 909 4800 τὴν
955 4728 1121 4800 αὐτῆς
1162 4727 1386 4799 δύναμιν
1417 4727 1509 4781 τὸν
1555 4727 1830 4798 πρέποντα

281 4823 434 4895 ὕμνον
459 4822 766 4878 ἀποδιδόναι
790 4820 869 4892 τῷ
899 4819 1048 4891 Θεῷ’
1081 4819 1135 4872 τί
1167 4818 1398 4891 μέλλεις,
1422 4812 1467 4872 ὦ
1489 4818 1632 4891 ψυχή
1655 4836 1669 4886 ;
1699 4821 1831 4890 Οὐχὶ

281 4913 547 4983 natanti},
580 4912 674 4966 ἀτε
724 4911 882 4981 ἔργον
929 4911 1028 4964 οὐκ
1075 4908 1542 4980 εὐκαταφρόνητον
1574 4904 1704 4961 οὖσα
1736 4907 1829 4960 τοῦ

282 5005 428 5071 Θεοῦ,
455 5004 590 5058 ἀλλά
617 5005 737 5059 κατ’
763 5002 941 5059 εἰκόνα
965 5000 1158 5056 ἑαυτοῦ
1192 5002 1554 5072 πεποιημένη,
1575 4999 1828 5072 ἀνεγείρῃ

287 5096 502 5168 σεαυτὴν
547 5097 638 5149 ἐπὶ
680 5097 778 5169 τὴν
821 5094 1097 5164 θεολογίαν
1133 5093 1227 5147 καὶ
1257 5094 1514 5162 εὐλογίανε
1533 5093 1626 5147 τοῦ
1655 5092 1827 5157 Θεοῦ;

295 5188 500 5260 Ἐπειδὴ
529 5190 562 5258 ἡ
588 5186 868 5242 δεσποτεία
895 5188 1078 5253 αὐτοῦ,
1113 5187 1340 5245 κατὰ-τὸ
1358 5187 1664 5258 εἰρημένον,
1696 5187 1831 5240 πάν-

284 5299 379 5338 των
395 5278 664 5344 δεσπόζει,
695 5278 978 5350 οὐρανίων,
996 5281 1270 5345 ἐπιγείων,
1298 5278 1681 5349 καταχθονίων,
1699 5278 1830 5330 ἀκο-

284 5372 474 5436 λούθως
515 5369 690 5424 πάντα
715 5369 783 5422 τὰ
811 5367 944 5440 ἔργα
972 5368 1159 5435 αὐτοῦ,
1191 5369 1267 5433 ὡς
1299 5368 1364 5422 ἂν
1399 5369 1502 5422 ὑπὸ
1538 5367 1635 5439 τὴν
1666 5366 1830 5420 αὐτοῦ

285 5461 582 5518 δεσποτείαν
603 5459 751 5524 ὄντα,
773 5458 844 5512 τά
885 5457 1170 5530 σύμπαντα
1185 5457 1324 5530 γὰρ,
1355 5458 1506 5530 φησὶ,
1535 5457 1696 5512 δοῦλα
1741 5456 1828 5522 σά,

286 5554 352 5621 ὡς
380 5555 674 5626 ποιήματα,
705 5551 988 5620 εὐλογείτω
1037 5553 1216 5604 αὐτόν.
1247 5553 1356 5606 Καὶ
1401 5550 1516 5615 πῶς
1556 5550 1832 5620 εὐλογοῦσι

287 5645 350 5700 τὰ
368 5646 530 5716 ἄλογα
561 5646 655 5699 καὶ
682 5644 750 5699 τὰ
775 5643 990 5714 ἄψυχα,
1037 5643 1124 5706 Ὠς
1145 5645 1362 5714 οὐρανοὶ
1399 5643 1708 5716 διηγοῦνται
1749 5643 1832 5696 δό-

293 5738 376 5810 ξαν
410 5737 578 5804 Θεοῦ,
610 5737 824 5801 πάντως
852 5736 973 5790 ἀντὶ
1006 5735 1190 5806 φωνῆς
1225 5735 1481 5808 χρώμενα
1506 5740 1572 5810 τῇ
1606 5738 1724 5809 ὄψει
1753 5739 1831 5802 είς

354 5915 392 5952 ³⁸
429 5915 561 5974 Luc.
595 5933 685 5986 xv,
723 5917 774 5972 7.
850 5917 894 5950 ³³
931 5914 1163 5987 Philipp.
1201 5931 1273 5982 tv,
1313 5916 1398 5971 15.

0 6523 368 6990 Ε

1931 4725 2199 4790 emittere,
2230 4723 2360 4798 quid
2397 4723 2694 4787 cunctaris,
2717 4736 2751 4776 ο
2783 4718 3291 4791 αηίωαῖλΝιιηίιιιὶᾱ
3332 4729 3496 4777 etlam

1933 4819 2074 4886 ipsa,
2100 4822 2294 4886 utpote
2317 4829 2455 4884 opus
2479 4811 2573 4868 Dei
2599 4827 2708 4867 non
2739 4810 3128 4882 spernendum,
3162 4811 3257 4867 sed
3272 4812 3339 4867 ad
3359 4812 3497 4866 ima-

1936 4911 2115 4983 ginem
2148 4909 2268 4980 ejus
2301 4908 2526 4972 iactum,
2558 4906 2903 4975 temetipsam
2943 4906 3150 4963 excitas
3185 4906 3252 4960 ad
3281 4905 3516 4963 divinas.

1933 5001 2123 5057 laudes
2143 5007 2197 5056 et
2229 4999 2298 5054 ad
2327 4996 2758 5054 benedicendum
2785 4995 2928 5052 Deo?
2955 4995 3221 5062 Quoniam
3253 4996 3497 5050 domina-

1932 5093 2012 5149 tio
2037 5093 2180 5162 ejus,
2224 5099 2282 5145 ut
2315 5090 2528 5145 dictum
2553 5097 2657 5152 est,
2693 5089 2946 5145 omnibus
2989 5088 3219 5158 imperat
3258 5085 3497 5142 caelesti-

1935 5186 2060 5250 bus,
2108 5184 2459 5240 terrestribus
2508 5191 2564 5238 et
2609 5181 2870 5248 infernis;
2919 5182 3042 5235 ideo
3097 5180 3281 5233 omnia
3329 5193 3498 5250 opem

1933 5280 2074 5351 ejus,
2117 5284 2306 5348 utpote
2330 5275 2502 5346 ipsius
2534 5271 2893 5328 dominationi
2929 5268 3167 5336 subdita,
3197 5268 3300 5338 ipsi
3332 5269 3496 5324 bene-

1932 5374 2137 5428 dieant.
2167 5369 2304 5424 Nam
2325 5368 2528 5434 omnia,
2565 5366 2764 5437 inquit,
2797 5364 2892 5418 tibi
2921 5362 3352 5431 subdita,utpote
3376 5360 3496 5430 opi-

1936 5464 2060 5518 licia
2087 5471 2202 5528 tua,
2233 5459 2555 5517 benedicere
2581 5458 2679 5514 tibi
2708 5457 2924 5513 debent.
2957 5451 3023 5507 Et
3044 5451 3318 5524 quomodo
3337 5451 3498 5507 bene-

1932 5555 2118 5611 dicant
2144 5552 2546 5608 irrationabilia
2569 5558 2624 5608 et
2655 5548 2994 5605 inanimata?
3033 5547 3152 5614 Quo
3183 5544 3342 5601 modo
3368 5544 3506 5600 caeli.

1932 5657 2191 5703 enarrant
2219 5647 2446 5719 gloriam
2473 5644 2588 5709 Dei,
2628 5643 2719 5714 qui
2749 5656 2880 5696 sane
2924 5647 3221 5710 conspectu
3257 5653 3358 5694 suo
3391 5652 3504 5693 ceu.

1934 5758 2086 5808 voce,
2136 5741 2203 5798 ad
2241 5738 2600 5798 exhibendam
2629 5735 2725 5793 Dei
2754 5734 3012 5791 virtutem
3054 5739 3285 5788 utuntur
3311 5751 3325 5788 :
3353 5734 3520 5788 unde-
