3954 7146
527 405 659 459 1271

1242 400 1510 457 EUSEBII
1545 397 2022 458 CESARIENSIS
2051 397 2201 455 OPP.
2239 397 2416 455 PARS
2455 398 2544 455 Ill.
2580 430 2653 442 -—
2688 399 3100 456 EXEGETICA.

3671 397 3836 452 12ἷέ

523 537 623 592 ego
647 522 904 576 laudandi
935 525 1278 576 occasionem
1318 520 1551 592 accipio,
1581 528 1635 576 et
1673 519 1740 576 ad
1769 520 2082 576 Creatorem

2207 518 2420 590 ἱμςρασιν
2451 519 2549 590 τῆς
2579 517 2724 582 θείας
2755 519 3034 590 δυνάμεως
3052 535 3066 548 ·
3102 518 3230 589 παρ’
3259 508 3335 571 ὧν
3357 517 3477 586 ἐγὼ

521 614 906 668 celebrandum
945 625 1231 683 provocor.
1275 610 1342 666 Et
1380 612 1518 667 alias
1560 613 1737 668 solent
1767 612 2085 684 plerumque

521 706 800 777 prephetaa
821 706 983 761 etiam
1012 704 1438 761 irrationabilem
1464 713 1714 760 naturam
1748 705 1815 760 ad
1840 704 1934 761 Dei
1968 705 2086 760 lau-

523 798 622 853 des
679 795 982 854 eli‘erendas
1029 812 1331 862 assumere,
1387 799 1547 870 quasi
1592 797 1934 854 rationabilis
1976 812 2084 852 non

523 888 775 956 sufﬁciat,
814 889 891 945 uti
921 905 1107 945 revera
1136 890 1290 960 pueri
1328 890 1384 944 in
1426 891 1643 945 camino
1673 891 1938 946 fecerunt.
1971 889 2088 944 Cae-

521 991 698 1039 terum
731 985 987 1039 omnibus
1017 984 1072 1039 in
1106 984 1242 1041 locis
1279 1000 1475 1040 canere
1501 983 1702 1041 Iudaeis
1746 1001 1854 1039 non
1889 998 2089 1039 conve—

521 1078 623 1132 nit.
672 1075 752 1130 Illi
796 1077 996 1148 quippe
1045 1078 1113 1132 ab
1147 1077 1216 1134 iis
1243 1076 1336 1149 qui
1387 1093 1446 1132 se
1483 1077 1538 1131 in
1589 1076 1955 1148 captivitatem
1992 1076 2088 1129 ab-

522 1169 815 1235 duxerant,
865 1169 921 1223 in
965 1168 1242 1241 Babylone
1292 1185 1359 1225 ex
1402 1168 1637 1225 canticis
1692 1168 1824 1224 Sion
1866 1175 2090 1224 cantare

520 1257 686 1328 jussi,
724 1259 999 1326 dixerunt,
1048 1268 1103 1316 et
1128 1259 1349 1330 quidem
1385 1259 1686 1316 secundum
1715 1260 1886 1330 legem
1927 1273 2091 1328 agen-

521 1348 951 1415 tes:Quomodo
1007 1352 1232 1405 cantabo
1283 1352 1552 1406 canticum
1577 1350 1791 1404 Domini
1836 1350 1891 1404 in
1949 1358 2090 1404 terra

524 1439 698 1496 aliena
716 1442 806 1497 “1’
833 1442 1001 1500 Nobis
1025 1452 1204 1499 autem
1265 1444 1483 1501 divinus
1518 1445 1812 1514 Apostolus
1849 1441 2092 1515 praecipit

523 1537 586 1584 ut
629 1531 684 1586 in
735 1534 883 1589 omni
944 1535 1065 1590 loco
1113 1543 1338 1591 orantes
1391 1536 1668 1592 elevemus
1712 1544 1932 1590 sanctas
1973 1547 2093 1589 ma-

524 1638 632 1681 nus
673 1623 738 1680 “.
795 1624 1033 1697 ldipsum
1101 1627 1367 1684 Dominus
1421 1627 1676 1686 Christus
1737 1627 2094 1684 Samaritana:

525 1712 685 1778 dixit,
721 1715 948 1771 localem
996 1716 1372 1774 adorationem
1399 1718 1468 1774 de
1497 1719 1676 1774 medio
1719 1715 1939 1780 tollens,
1975 1717 2096 1771 cul-

523 1813 750 1876 tumque
769 1806 972 1864 docens
995 1807 1047 1864 in
1075 1808 1284 1880 Spiritu
1311 1819 1365 1865 et
1389 1809 1616 1866 veritate
1635 1808 1999 1865 exhibendum
2024 1808 2088 1863 ³⁸.

1063 1920 1385 1979 PSALMUS
1421 1921 1551 1980 CIII.

602 2009 770 2067 Vens.
825 2011 876 2078 1,
926 2012 985 2068 2.
1027 2012 1272 2079 Benedic,
1328 2016 1529 2078 anima,
1586 2013 2098 2070 Domino:Damine

511 2096 668 2155 'Deus
707 2118 873 2166 meus,
919 2105 1289 2175 magniﬁcatus
1334 2121 1387 2160 es
1427 2105 1742 2160 vehementer
1767 2123 1785 2159 :
1808 2105 2097 2176 confessio-

525 2208 643 2248 nem
675 2203 725 2248 et
759 2193 996 2249 decorem
1025 2194 1271 2260 induisti,
1299 2197 1524 2250 amictus
1567 2196 1761 2250 lumine
1783 2197 1919 2252 sicut
1947 2197 2099 2251 uesti-

527 2293 720 2341 mento.
748 2286 794 2342 Α
823 2294 1202 2342 creaturarum
1235 2288 1636 2358 magnitudine,
1670 2289 2012 2361 providentia
2045 2295 2099 2345 et

525 2377 790 2432 varietate
826 2376 1057 2432 docetur
1107 2378 1289 2433 anima
1329 2379 1564 2450 gaudere
1613 2395 1678 2436 ac
1717 2380 1970 2436 ﬁduciam
2012 2396 2100 2436 su-

527 2483 714 2524 mere:
749 2469 824 2523 ita
858 2477 919 2524 ut
956 2470 1011 2525 in
1045 2486 1110 2527 eo
1153 2471 1440 2542 glorietur,
1475 2487 1537 2527 ac
1567 2472 1855 2528 Dominum
1900 2472 2099 2528 Deum-

528 2575 636 2629 que
661 2574 821 2615 suum
851 2575 1106 2633 magnum
1137 2570 1414 2619 tantarum
1441 2580 1622 2620 rerum
1647 2564 1895 2635 Opiﬁcem
1926 2563 2100 2620 ascri-

527 2651 645 2719 bat,
682 2669 919 2725 eumque
969 2655 1075 2710 sibi
1123 2657 1408 2728 pr0prium
1453 2657 1709 2727 praedicet
1747 2673 1873 2712 cum
1901 2657 2098 2712 all'ectu

529 2745 742 2812 dicens,
779 2746 1001 2802 Domine
1031 2747 1175 2804 Deus
1219 2767 1387 2805 meus.
1431 2748 1824 2818 Confessionem
1856 2759 1906 2805 et
1945 2749 2100 2805 deco-

528 2853 642 2891 rem
670 2837 911 2905 induisti,
931 2841 1156 2896 amictus
1180 2841 1375 2896 lumine
1393 2841 1529 2895 sicut
1554 2842 1880 2916 vestimento.
1905 2839 2101 2909 Quem-

516 2915 824 2998 jadmodum
857 2932 904 2988 is
936 2934 1029 3004 qui
1073 2935 1318 2990 sensibili
1356 2935 1681 2990 vestimento
1712 2931 1979 2998 induitur,
2005 2948 2102 2988 un-

517 3023 698 3098 .dique
742 3028 977 3098 tegitur;
1010 3028 1091 3083 sic
1136 3030 1283 3098 quod
1333 3024 1429 3082 Dei
1461 3027 1644 3083 lumen
1697 3025 1960 3082 sustineri
2003 3039 2101 3080 ne-

523 3125 715 3190 queat,
755 3117 1358 3190 incomprehensibilem
1399 3129 1521 3175 esse
1563 3120 1710 3175 illius
1741 3117 2097 3174 substantiam

518 3209 795 3296 declarat.
835 3211 940 3268 Sed
967 3212 1100 3283 quid
1144 3212 1247 3277 ais,
1293 3228 1326 3268 ο
1375 3211 1582 3267 David?
1608 3211 1954 3282 Evangelista
1981 3210 2097 3266 ait:

2208 3234 2340 3272 πτον
2365 3215 2530 3272 αὐτοῦ
2567 3216 2664 3287 τὴν
2692 3213 2883 3270 οὐσίαν
2927 3214 3274 3288 παρίστησιν.
3293 3213 3451 3268 Ἀλλά
3489 3215 3545 3268 τί
3577 3213 3723 3286 φῂς,
3752 3208 3796 3268 ὦ

518 3299 659 3374 'Ipse
689 3313 766 3360 est
817 3304 911 3360 lux
959 3321 1101 3370 vera,
1139 3320 1256 3376 qua:
1299 3305 1564 3359 illuminat
1601 3320 1806 3358 omnem
1843 3303 2102 3358 hominem

497 5965 528 5986 ο-

531 3397 820 3452 uenientem
857 3397 914 3449 in
953 3395 1088 3450 [tunc
1121 3395 1376 3450 mundum
1395 3397 1460 3450 “.
1508 3394 1712 3452 Paulus
1765 3410 1896 3450 vero
1944 3393 2101 3458 dicit,

531 3488 716 3558 ipsum
752 3488 927 3542 lucem
978 3487 1287 3544 inhabitare
1335 3488 1794 3552 inaccessibilem,
1835 3495 1890 3544 et
1921 3494 1982 3542 tu
2023 3486 2104 3541 ais

533 3581 713 3652 ipsum
738 3581 943 3636 lumine
969 3580 1122 3635 indui
1151 3580 1296 3637 sicut
1322 3581 1682 3637 vestimento?
1710 3579 1906 3638 Videu’
1931 3594 2107 3648 neque

531 3672 877 3744 prophetam,
911 3687 1090 3743 neque
1122 3672 1535 3744 evangelistam,
1589 3686 1767 3743 neque
1797 3670 2104 3744 apostolum

536 3779 702 3834 posse
726 3780 846 3821 eam
881 3765 1187 3820 claritatem
1232 3763 1558 3834 complecti;
1589 3763 1683 3820 sed
1715 3778 1746 3817 a
1794 3761 2106 3816 nominibus

538 3855 685 3927 apud
725 3872 827 3912 nos
858 3856 1076 3912 usitatis
1103 3854 1365 3927 paulatim
1395 3854 1778 3918 ascendentes,
1814 3855 2106 3908 obscuram

537 3948 827 4020 quamdam
867 3947 1156 4004 ineﬂ'abilis
1199 3947 1350 4003 illius
1396 3945 1585 4018 gloria:
1618 3943 1986 4016 cognitionem
2028 3943 2108 3996 af-

531 4023 723 4095 lerre?
753 4038 891 4106 Quia
932 4039 1080 4095 enim
1116 4038 1372 4110 ignorant
1401 4051 1524 4108 quae
1553 4035 1626 4092 sit
1655 4033 1747 4090 illa
1777 4032 2104 4095 substantia,

543 4148 575 4187 a
621 4133 787 4190 rebus
834 4133 978 4204 apud
1034 4146 1137 4188 nos
1172 4130 1491 4202 conspicuis
1537 4143 1638 4201 pro
1661 4127 1918 4184 facultate
1960 4126 2108 4181 illam

542 4225 830 4296 complecti
862 4229 1150 4280 conantur.

613 4405 780 4463 Vsus.
829 4406 886 4471 5,
917 4405 971 4461 4.
1013 4403 1314 4484 Extendens
1359 4403 1547 4458 caelum
1589 4402 1726 4457 sicut
1768 4399 1976 4470 pellem,
2011 4400 2111 4472 'gui

543 4501 667 4572 tegit
695 4500 846 4570 aquis
881 4498 1158 4568 superiora
1177 4497 1290 4569 ejus
1320 4513 1337 4552 :
1365 4497 1455 4576 qui
1477 4496 1624 4568 ponit
1656 4493 1815 4550 nubes
1837 4509 2111 4550 ascensum

2184 610 2277 664 τοῦ
2310 612 2498 682 ὑμνεῖν
2541 611 2640 676 τὰς
2691 612 2965 682 ἀφορμὰς,
2999 611 3090 664 καὶ
3136 609 3388 682 κινοῦμαι
3419 608 3584 680 πρὸς
3631 610 3834 678 εὔφη·-

2189 703 2316 774 μίαν
2350 702 2444 757 τοῦ
2479 703 2994 767 κτίσαντος.”Δλλως
3028 719 3086 755 τε
3113 701 3365 756 εἰώθασιν
3393 703 3451 754 οἱ
3494 701 3834 770 προφῆται

2186 797 2280 850 καὶ
2323 795 2421 869 τὴν
2452 796 2644 865 ἀλογον
2681 795 2842 866 φύσιν
2890 795 3146 859 πολλάκις
3185 795 3701 868 ,παραλαμβάνειν
3747 797 3832 857 εἰς

2187 888 2460 959 εὐφημίαν
2487 887 2582 941 τοῦ
2616 886 2772 953 Θεοῦ,
2798 887 2873 953 ὡς
2900 887 2999 941 οὐκ
3029 887 3356 960 ἀποχρώσης
3378 888 3490 958 τῆς
3531 887 3830 956 λεῖα-ἧς.

2187 981 2436 1053 καθάπερ
2466 980 2654 1052 ἀμέλει
2693 981 2785 1034 καὶ
2825 981 2875 1033 οἱ
2922 979 3108 1043 παῖδες
3143 980 3200 1056 ἐν
3239 983 3306 1051 τῇ
3342 979 3610 1050 καμίνῳ.
3659 979 3830 1050 Πλὴν

2187 1076 2248 1130 τὸ
2276 1077 2334 1129 ὲν
2367 1075 2527 1128 παντὶ
2547 1074 2697 1145 τόπῳ
2721 1073 2864 1148 ᾅδειν
2901 1073 2999 1150 οὐχ
3033 1070 3288 1144 ἁρμόττει
3314 1073 3427 1135 τοῖς
3476 1071 3826 1144 Ἰουδαξοις.

2202 1168 2425 1222 Ἐκεῖνοι
2458 1165 2583 1240 γὰρ.
2621 1166 2726 1220 ὑπὸ
2754 1165 2862 1219 τῶν
2915 1163 3417 1236 ἀνδραποδισάντων
3449 1159 3608 1236 ᾆσαι
3641 1179 3830 1235 προσ-

2189 1257 2476 1329 ταχθέντες
2521 1257 2585 1310 ὲκ
2621 1255 2728 1310 τῶν
2767 1255 2919 1327 ᾠδῶν
2961 1255 3098 1310 Σιὼν
3124 1257 3181 1308 ὲν
3209 1254 3530 1317 Βαϐυλῶνι,
3561 1255 3825 1323 ἔτρεσαν.

2189 1352 2409 1421 ἔννομον
2445 1347 2678 1420 δρῶντες
2699 1365 2712 1378 ·
2745 1349 2878 1415 Πῶς
2915 1347 3133 1417 ᾄσομαι
3179 1347 3294 1424 τὴν
3339 1347 3524 1416 ᾠδὴν
3569 1349 3826 1415 Κεφάλ-

2188 1445 2288 1502 ἐπὶ
2321 1441 2430 1514 γῆς
2445 1441 2963 1521 ἀλλοτρίας-,Ἡμῖν
2983 1441 3088 1496 δὲὸ
3119 1440 3263 1504 θεῖος
3280 1439 3642 1504 ’Δπόστολος
3673 1457 3828 1512 περ·
3914 1505 3915 1510 η

2191 1537 2364 1608 εγγυᾷ
2394 1537 2453 1589 ὲν
2492 1536 2656 1589 παντὶ
2695 1534 2845 1605 τόπῳ
2887 1532 3342 1606 προσερχομένας
3376 1535 3580 1604 αἴρειν
3623 1531 3824 1594 ὁσίσυῖ

2183 1605 2398 1702 χεῖρας.
2430 1629 2601 1684 Τοῦτο
2628 1629 2721 1684 καὶ
2750 1628 2780 1681 ὸ
2817 1605 3082 1698 δεσπότης
3109 1626 3342 1700 Χριστὸς
3373 1625 3527 1697 πρὸς
3566 1624 3688 1695 τὴν
3725 1625 3824 1677 ab
3913 1605 3915 1638 ε

2196 1721 2442 1793 μαρεῖτιν
2468 1719 2593 1790 ἔφη,
2615 1719 2716 1790 τὴν
2745 1717 2973 1790 τοπικὴν
3001 1715 3238 1788 ἀναιρῶν
3270 1713 3824 1787 προσκύνησιν,τῂ

2757 1923 3049 1980 ΨΑΛΜΟΣ
3073 1922 3172 1978 PI"

2269 2021 2541 2089 Εὺλότει,
2572 2017 2611 2084 ἦ
2659 2017 2828 2087 ψυχή
2869 2035 3009 2087 μου,
3053 2016 3163 2071 τὸν
3210 2017 3467 2081 Κύριον·
3525 2018 3747 2084 Κύριε
3789 2020 3822 2070 ὁ

2200 2115 2344 2180 Θεός
2372 2069 2492 2183 μέν
2510 2069 2975 2180 ξέιὶεπᾙύιᾶήξ
2995 2069 3283 2180 eam;
3300 2069 3820 2180 amas...”
3897 2069 3917 2182 l

2197 2205 2296 2278 καὶ
2339 2202 2702 2272 εὐπρέπειαν
2742 2200 3008 2256 ἐνεδύσω
3034 2240 3050 2266 ,
3103 2201 3623 2269 ἀναϐαλλόμενος
3681 2198 3816 2268 png

2197 2297 2278 2362 ὡς
2323 2293 2571 2364 ἱμάτιον.
2620 2290 2718 2348 Διά
2751 2292 2848 2362 τῆς
2871 2291 2978 2346 τῶν
3004 2293 3316 2362 κτισμάτων
3367 2290 3817 2363 μεγαλουργῷ

2198 2390 2292 2446 καὶ
2321 2387 2577 2460 προνοίας
2622 2387 2717 2441 καὶ
2761 2385 3133 2457 ποικιλότητος
3165 2386 3374 2457 χαίρειν
3411 2384 3479 2456 δὴ
3506 2385 3580 2437 ὲν
3617 2383 3812 2452 ταύτῷ

2198 2481 2294 2537 καὶ
2318 2480 2518 2553 θάρσος
2543 2476 2940 2548 ἀναλαμϐάνειν
2967 2477 3275 2538 διδάσκεται
3299 2477 3334 2548 ή
3362 2476 3534 2548 ψυχὴ.
3575 2474 3810 2534 Etim-3
3893 2474 3919 2560 li

2201 2571 2578 2646 σεμνύνεσθαι,
2605 2571 2697 2625 καὶ
2727 2570 2928 2642 Κύριον
2959 2571 3157 2643 ἑαυτῆς
3184 2572 3278 2624 καὶ
3295 2571 3428 2624 Θεὸν
3450 2569 3570 2623 τῶν
3597 2569 3806 2623 τοσοὺο

2197 2639 2306 2720 τιον
2327 2651 2697 2736 μεγαλουργὸν
2721 2639 3143 2735 ἐπιγράφεσθαι,
3167 2665 3261 2718 καὶ
3286 2663 3682 2718 ίδιοποιεῖσθαι
3703 2664 3805 2716 αὖ·
3895 2639 3919 2736 l

2197 2756 2288 2812 τὸν
2339 2759 2398 2811 ὲν
2443 2757 2522 2828 τῷ
2571 2757 2783 2826 λέγειν·
2827 2756 2882 2809 '0
2924 2756 3066 2822 Θεός
3112 2773 3252 2826 μου,
3285 2756 3420 2829 μετά
3462 2755 3800 2824 διαθέσεως,

2197 2847 2635 2919 ἐξομολόγησιν
2673 2848 2770 2902 καὶ
2818 2846 3181 2916 εὐπρέπειαν
3203 2848 3490 2913 ἐνεδύσω,
3517 2849 3802 2903 ἀναϐαλ-

2198 2944 2454 3012 λόμενος
2511 2939 2638 3011 φῶς
2687 2941 2767 3008 ὡς
2817 2939 3067 3018 ἱμάτιον.
3112 2941 3198 3004 Ὠς
3258 2943 3287 2995 ὁ
3341 2940 3804 3011 ἀναϐαλλόμενος

2201 3031 2455 3104 αἰσθητὸν
2501 3029 2714 3102 ἱμάτιον
2747 3029 3013 3084 πάντοθεν
3042 3029 3397 3096 καλύπτεται,
3426 3029 3579 3083 οὕτω
3620 3030 3692 3082 τὸ
3726 3031 3797 3100 μὴ

2196 1757 2442 1793 μενων..
2468 1757 2593 1790 ..μμ
2627 1757 2714 1790 ..μ
2757 1757 2971 1790 .-.πων
3001 1757 3235 1788 -..πεπυ
3277 1757 3712 1787 ..ν..-..-,.,--,,
3735 1757 3819 1786 -.ν
3913 1769 3915 1778 ε

2125 1811 2250 1923 1³’δὲ
2280 1813 2340 1866 ἐν
2355 1812 2630 1882 Πνεύματι
2657 1809 2749 1864 καὶ
2778 1808 3286 1882 ἀληθειᾳιδιδάσκων
3315 1808 3476 1879 λατρε
3487 1808 3620 1861 ῖαν.
3897 1757 3915 2014 1

2757 1923 3049 1980 ΨΑΛΜΟΣ
3073 1922 3172 1978 PI"

2199 3122 2454 3180 δύνασθαι
2503 3123 2742 3195 διασχεῖν
2784 3121 2846 3175 τὸ
2891 3123 3019 3194 περὶ
3049 3121 3140 3191 τὸν
3171 3121 3303 3176 Θεὸν
3332 3121 3466 3191 φῶς,
3501 3121 3798 3192 ἀκατάλη-

2202 3309 2397 3375 Δαυῖδ;
2459 3310 2516 3364 Ὀ
2563 3307 2951 3378 εὑαγγελιστής
3011 3325 3208 3379 φησιν·
3253 3308 3370 3362 Ὅτι
3419 3309 3610 3374 αὐτός
3665 3308 3794 3362 ἐστι

2201 3399 2330 3470 φῶς
2383 3397 2691 3468 ἀληθινὸν,
2741 3396 2774 3452 ὃ
2819 3396 3045 3466 φωτίζει
3090 3396 3288 3452 πάντα
3329 3398 3664 3466 ἄνθρωπον
3705 3399 3796 3466 ἐρ-

2205 3493 2464 3564 χόμενον
2492 3493 2579 3558 εὶς
2607 3490 2716 3546 τὸν
2746 3491 2999 3560 κόσμον.
3017 3492 3074 3544 Ὀ
3099 3491 3153 3544 δὲ
3181 3489 3414 3554 Παῦλος,
3452 3491 3539 3544 ὅτι
3567 3490 3696 3559 φῶς
3721 3492 3794 3542 οξ-

2207 3583 2317 3636 κῶν
2349 3582 2663 3654 ἀπρόσιτον,
2701 3581 2763 3634 σὺ
2800 3580 3220 3653 περιϐεϐλῆσθαι
3252 3581 3313 3635 τὸ
3342 3580 3458 3652 φῶς
3482 3580 3659 3635 αὐτὸν
3689 3580 3792 3650 qi}:

2205 3674 2280 3739 ὡς
2313 3673 2560 3745 ἱμάτιον;
2605 3673 2785 3745 Ὁρᾷς,
2817 3674 2921 3737 ὅτι,
2957 3673 3060 3728 κᾶν
3085 3673 3367 3746 προφήτης
3387 3669 3422 3747 ᾖ
3443 3690 3552 3739 τις,
3571 3671 3683 3728 κᾶν
3703 3675 3788 3726 εὖ·

2206 3764 2549 3835 αγγελιστὴς,
2591 3762 2695 3818 κᾶν
2741 3763 3057 3827 ἀπόστολος,
3086 3763 3148 3817 οὐ
3193 3762 3412 3818 δύναται
3450 3762 3785 3836 περιδράξα-

2211 3862 2332 3914 σθαι
2365 3861 2463 3930 τῆς
2498 3858 2812 3929 σαφηνείας,
2846 3857 2961 3912 ἀλλ’
2989 3856 3099 3911 ἀπὸ
3125 3855 3231 3910 τῶν
3274 3858 3399 3927 παρ’
3428 3859 3563 3927 ἡμῖν
3586 3857 3786 3928 ὀνομά-

2207 3970 2314 4005 των
2361 3950 2738 4011 άναϐαίνοντες
2781 3949 2924 4001 κατὰ
2959 3947 3150 4018 μικρὸν
3197 3946 3442 4018 ἀμυδράν
3477 3963 3600 4000 τινα
3647 3965 3786 4018 παρα

2212 4045 2428 4099 ιστῶσιν
2449 4044 2654 4097 ἔννοιαν
2691 4041 2790 4111 τῆς
2832 4042 3070 4113 ἀρρήτου
3111 4039 3268 4111 δόξης
3310 4039 3547 4110 ἐκείνης.
3566 4040 3782 4110 Ἐπειδὴ

2209 4139 2318 4210 γὰρ
2348 4136 2480 4190 αὐτὸ
2499 4135 2551 4188 τί
2577 4133 2708 4188 ποτέ
2737 4135 2853 4186 ἐστι
2878 4132 2974 4203 τὴν
2993 4133 3179 4186 οὐσίαν
3197 4131 3297 4184 οὐκ
3327 4129 3520 4196 ἴσασιν,
3538 4132 3646 4186 ἀπὸ
3675 4132 3780 4186 τῶν

2211 4231 2484 4301 παρ’ήμῖν
2511 4223 2780 4297 λαμπρῶν
2814 4223 3205 4292 φιλονεικοῦσιν
3231 4221 3583 4278 ἐπιλαϐέσθαι
3611 4224 3778 4296 αὐτῆς

2209 4322 2285 4385 ὡς
2312 4317 2423 4374 οἷόν
2452 4338 2532 4374 τε.

2295 4412 2602 4468 Ἐκτείνων
2628 4411 2737 4467 τὸν
2756 4409 3014 4480 οὐρανὸν
3031 4409 3174 4464 ὡσεὶ
3194 4409 3412 4479 δέρριν,
3428 4410 3462 4464 ὁ
3487 4407 3776 4480 στετόζων

2213 4510 2282 4562 ἐν
2305 4507 2475 4562 ὕδατι
2494 4507 2568 4560 τὰ
2591 4503 2828 4574 ὑπερῷα
2846 4501 3054 4566 αὐτοῦ,
3077 4504 3110 4557 ό
3134 4501 3314 4568 τιθεὶς
3339 4500 3490 4571 νέφη
3517 4501 3629 4570 τὴν
3648 4502 3770 4556 ἐπί-

542 4609 718 4678 διιαρι,
747 4591 837 4662 qui
865 4590 1102 4645 ambulat
1141 4606 1296 4660 super
1334 4605 1531 4659 pennas
1565 4595 1857 4643 uentorum.
1894 4585 1999 4654 Qui
2027 4584 2101 4656 fa-

2212 4603 2390 4656 ϐασιν
2407 4598 2616 4663 αὐτοῦ,
2634 4601 2668 4654 ό
2698 4594 3037 4667 περιπατῶν
3061 4594 3157 4648 ἐπὶ
3189 4594 3494 4663 πτερύγων
3523 4593 3764 4664 ἀνέμων,

541 4687 614 4738 rit
663 4682 875 4755 angelos
923 4698 1048 4737 suos
1088 4681 1328 4751 spiritus,
1377 4689 1428 4736 et
1471 4680 1740 4736 ministros
1775 4695 1899 4736 suos
1943 4678 2111 4750 ignem

545 4787 800 4830 urentem.
841 4773 1002 4837 Hinc,
1047 4783 1105 4828 ut
1139 4787 1236 4843 par
1276 4779 1378 4836 est,
1411 4770 1685 4841 serapliim
1721 4769 1908 4825 Graece
1940 4769 2114 4839 expli-

545 4875 761 4934 cantur,
793 4865 1146 4922 iueendentes
1177 4879 1241 4919 ac
1274 4863 1680 4919 comburentes.
1714 4862 1780 4918 Et
1820 4879 1922 4918 vox
1965 4877 2114 4918 sera-

547 4960 696 5032 phim
745 4957 1058 5015 incendium
1093 4956 1404 5028 signiﬁcare
1454 4956 1786 5012 declaratur.
1831 4955 2011 5023 Quare
2047 4954 2115 5009 de

548 5050 791 5122 angelica
816 5049 1016 5104 virtute
1032 5047 1234 5103 dicitur
1257 5066 1270 5102 :
1300 5046 1403 5115 Qui
1431 5047 1561 5116 facit
1589 5046 1801 5117 angelos
1823 5063 1945 5102 suos
1965 5046 2121 5117 spiri-

549 5153 654 5209 tus,
691 5150 744 5198 et
781 5142 1054 5198 ministros
1089 5156 1210 5195 suos
1232 5140 1406 5211 ignem
1427 5147 1684 5194 urentem.

619 5419 789 5478 Vsus.
821 5421 975 5478 5-15.
1019 5421 1123 5489 Qui
1151 5422 1342 5492 [undat
1369 5429 1564 5478 terram
1595 5439 1751 5493 super
1770 5422 2116 5478 stabilitatem

549 5529 724 5574 suam,
752 5530 856 5569 non
887 5514 1228 5568 inclinabitur
1256 5515 1311 5568 in
1353 5515 1607 5569 sarculum
1653 5517 1855 5571 saeculi.
1879 5515 2115 5586 Abyssus

549 5607 686 5660 sicut
732 5607 1091 5662 uestimentum
1131 5607 1355 5662 amictus
1394 5606 1531 5676 ejus,
1560 5623 1717 5676 super
1765 5618 1962 5662 montes
2004 5618 2118 5662 sta-

551 5697 678 5752 bunt
705 5714 875 5770 aqua.
907 5697 988 5754 Ab
1017 5699 1371 5770 increpatione
1399 5709 1490 5755 tua
1527 5699 1749 5772 fugient,
1774 5718 1807 5756 a
1843 5717 1961 5756 uoce
1989 5700 2118 5756 toni-

2213 4696 2246 4748 d
2269 4690 2452 4748 ποιῶν
2465 4691 2607 4758 τοὺς
2635 4689 2930 4760 ἀγγέλους
2953 4685 3138 4748 αὐτοῦ
3163 4687 3488 4754 πνεύματα,
3513 4684 3608 4748 καὶ
3637 4685 3764 4751 τοὺς

2213 4781 2594 4853 λειτουργοὺς
2621 4781 2807 4836 αὑτοῦ
2849 4779 2968 4848 πῦρ
2991 4779 3236 4850 paterer.
3254 4775 3528 4840 Ἐντεῦθεν
3557 4777 3762 4841 εἰκότως

2216 4875 2623 4948 ὲρμηνευόμενα
2667 4873 2734 4928 τὰ
2775 4872 3037 4945 σεραφὶμ,
3079 4872 3158 4934 εἰς
3208 4869 3304 4941 τὴν
3343 4867 3565 4924 Ἐλλάδα
3596 4869 3759 4938 φωνήν

2217 4966 2603 5040 ἐμπιπρῶντες
2635 4966 2668 5038 ἢ
2714 4963 3026 5038 ὲμπρησταὶ
3068 4961 3408 5033 σημαίνουσι.
3440 4961 3550 5014 Καὶ
3575 4959 3646 5024 τὸ,
3674 4976 3756 5013 σε·

2219 5059 2394 5131 ραφὶμ
2437 5057 2531 5112 τὸν
2570 5056 2894 5129 ἐμπρησμὸν
2920 5053 3112 5126 δηλοῦν
3143 5051 3380 5122 λέγεται.
3409 5050 3499 5104 Διὸ
3523 5051 3641 5123 πεῷ⁶
3665 5051 3753 5120 τῆς

2216 5147 2508 5218 ἀγγελικῆς
2556 5146 2835 5217 δυνάμεως
2890 5144 3136 5216 εἴρηται·
3171 5143 3226 5195 '0
3266 5139 3453 5195 ποιῶν
3489 5141 3750 5211 ἀγγέλους

2221 5238 2402 5294 αὐτοῦ
2450 5230 2778 5308 πνεύματα,
2814 5234 2914 5290 λαὶ
2969 5234 3113 5299 τοὺς
3159 5231 3540 5302 λειτουργοὺς
3588 5231 3749 5286 αὐτοῦ

2217 5331 2337 5400 πῦρ
2361 5329 2604 5401 φλέγον.
3077 5331 3081 5335 ’

2300 5425 2353 5482 Ὁ
2375 5419 2659 5492 θεμελιῶν
2682 5418 2797 5489 τὴν
2824 5417 2940 5489 γῆν
2964 5419 3062 5473 ἐπὶ
3097 5419 3210 5487 τὴν
3225 5415 3563 5486 ἀσφάλειαν
3586 5413 3742 5484 αὐτῆς

2219 5517 2291 5571 οὺ
2323 5512 2668 5579 κλιθήσεται
2695 5513 2784 5577 εἰς
2825 5509 2932 5564 τὸν
2964 5509 3148 5564 αἰῶνα
3188 5508 3293 5564 τοῦ
3333 5507 3742 5576 αἰῶνος-πέλειν-

2220 5628 2331 5677 σος
2363 5610 2442 5676 ὠς
2477 5606 2704 5678 ἱμάτιον
2748 5604 2816 5660 τὸ
2860 5607 3238 5675 περιϐόλαιον
3266 5605 3472 5672 αὑτοῦ,
3524 5603 3610 5659 ἐπὶ
3647 5603 3744 5657 τῶν

2221 5697 2406 5767 ὀρέων
2459 5695 2789 5763 στήσονται
2832 5695 3040 5753 ὕδατα.
3059 5697 3188 5756 Ἀπὸ
3236 5693 3612 5766 ἐπιτιμήσεώς
3644 5710 3740 5750 σου

630 5851 674 5884 ’³
705 5851 847 5908 Psal.
889 5868 1125 5916 cxxxvr,
1159 5853 1212 5909 4.
1290 5855 1310 5886 ⁸
1376 5857 1394 5910 l
1431 5853 1569 5912 Tim.
1606 5870 1678 5921 ιι,
1715 5856 1748 5910 8
1845 5855 1891 5888 "
1931 5853 2085 5910 Joan.

2228 5853 2320 5909 2L.
2397 5852 2440 5886 ³⁸
2477 5849 2631 5908 loan.
2670 5868 2724 5918 ι,
2758 5853 2811 5909 9.
