1977 3573
32 198 160 229 1-2Ἰ3

675 202 927 231 (ΞΟΜΜΕΝΤΑΒΙΑ
946 204 979 232 ιΝ
998 204 1167 235 PSALMOS.

1664 206 1732 236 1274

33 261 288 295 φεύξονται,
311 261 369 289 ἀπὸ
390 261 491 297 φωνῆς
512 260 647 296 ,βροντῆς
662 269 720 290 σου
736 261 881 290 osa/tutam

938 266 1011 293 ,trui
1030 266 1070 292 tui
1083 265 1271 300 formidabant.
1290 265 1438 293 Aseendunt
1460 268 1559 293 montes
1582 269 1606 292 et
1627 264 1734 293 deuen-

35 315 146 335 σιν.
160 307 412 336 Ἁναόαἰνουσιν
430 308 494 343 ὅρη,
515 309 563 336 καὶ
583 309 795 337 καταϐαίνουσι
813 309 902 337 πεδία

35 353 114 386 εις
148 354 274 380 τόπον
287 353 324 381 ὃν
339 354 536 389 ἐθεμελίωσας
556 354 768 389 αὐτοῖς.”ορισν
789 355 869 385 ἔθου,
884 356 900 383 ὃ

38 399 102 425 οὐ
138 400 421 434 παρελεύσονται,
442 400 512 427 οὐδὲ
531 400 748 436 ἐπιστρέψουσι
767 402 900 436 καλῦψαι

39 445 140 480 τὴν
160 445 292 481 τῆν-’0
314 445 546 485 ἐξαποστέλλω
564 446 661 481 πηγὰς
682 446 717 474 ἐν
741 446 898 482 φάραγξιν,

44 491 142 518 ἀνὰ
159 491 283 527 μέσον
298 490 357 518 τῶν
375 491 467 525 ὀρέων
490 491 696 519 διελεύσονται
720 492 825 520 ὕδατα.
843 494 901 519 [Ιο-

44 537 199 565 τιοῦσι
219 537 325 565 ,πάντα
338 537 373 564 τὰ
385 537 472 572 θηρία
487 537 541 564 τοῦ
555 538 657 572 ἀγροῦ,
683 538 900 572 προσδέξονται

50 584 228 621 Eram;
251 586 297 617 είς
315 585 409 619 δίψαν
430 584 606 613 αὺτῶν.Ὲπ⁸
624 585 700 613 αὐτὰ
722 586 758 613 τὰ
779 588 899 614 πετεινὰ

51 630 136 658 τοῦ
165 631 318 666 οὐρανοῦ
340 630 578 665 κατασκηνώσει,
597 631 633 658 ἐκ
650 631 748 666 μέσου
769 631 829 659 τῶν
850 640 899 659 πε-

54 677 169 711 τρῶν
208 677 351 706 δώσουσι
378 677 493 713 φωνήν.
522 677 650 709 Ποτίζων
680 677 734 714 ὄρη
768 678 804 706 ἐκ
838 678 899 705 τῶν

57 723 248 757 ὑπερῴων
272 724 376 751 αὐτοῦ.
394 723 471 751 Ἐπεὶ
493 724 541 751 καὶ
563 724 713 761 ἀρχόμενος
739 724 845 759 ἔλεγεν·
866 725 898 751 '0

56 769 257 804 στενάζων
280 770 316 798 ἐν
339 769 424 798 ὕδατι
450 770 487 798 τὰ
509 770 630 806 ὑπερῷα
655 770 768 799 αὐτοῦ·
782 770 830 798 νῦν
846 779 898 807 φη-

61 823 124 842 σιο
158 815 309 847 Ποτιᾷυν
329 816 384 851 ὅρη
410 817 444 844 ἐκ
465 817 526 846 τῶν
547 817 688 852 ὑπερῴαν
711 825 788 845 σου’
808 818 833 845 ει
857 818 895 854 μή

62 870 120 897 τῳ
154 862 250 897 φίλον
278 862 390 899 ὑπερῷα
416 863 463 891 τοῦ
490 863 559 891 Θεοῦ
587 864 626 896 ὡς
657 864 723 900 παρ’
739 863 821 891 αὑτοῦ
847 872 896 892 πε-

67 907 243 944 ποιημένα
267 908 313 935 τὸν
335 908 404 945 ἀέρα
423 910 504 942 νοεῖν,
517 911 573 942 τοῖς
587 909 680 945 νέφεσι
698 909 895 946 περιϐαλλόμε-

69 961 143 982 νον.
161 954 286 987 Ποτίζει
300 955 444 991 τοιγαροῦν
458 957 473 983 ό
486 956 552 989 Θεὸς
564 956 599 984 τὰ
612 956 663 993 ὅρη
677 957 725 985 καὶ
740 957 774 984 τὰ
789 957 819 984 ὲν
835 957 897 984 τού-

73 1007 146 1032 τοις
159 999 255 1027 πεδία
268 1000 319 1036 τήν
334 1009 365 1027 τε
378 1000 476 1037 λοιπὴν
493 1002 638 1037 σύμπασαν
649 1003 702 1038 γῆν
716 1002 766 1030 οὐκ
777 1002 832 1030 ἀπὸ
841 1002 896 1030 τῶν

72 1046 92 1070 ὖ
133 1046 205 1078 ταῖς
224 1046 347 1082 φάραγξι
360 1048 467 1083 πηγῶν,
480 1048 534 1075 οὐδ’
549 1048 603 1076 ἀπὸ
617 1048 672 1076 τῶν
680 1048 836 1085 φερομένων
845 1057 895 1076 κα-

84 1091 120 1119 ca
138 1092 201 1127 γῆς
222 1093 366 1129 ποταμῶν,
385 1093 505 1121 ἀλλ’ἀπὸ
515 1093 569 1121 τῶν
580 1094 712 1130 ὑπερῴων
725 1094 807 1122 αὑτοῦ
826 1094 896 1122 ἅνω-

81 1137 135 1165 θεν
146 1137 200 1173 ἀφ’
209 1137 298 1173 ὕψους
311 1140 374 1171 τοὺς
386 1140 531 1175 αὐτάρκεις
541 1140 587 1167 καὶ
600 1142 824 1178 μεμετρημένους
835 1143 895 1169 ὲπι-

81 1183 229 1219 χορηγῶν
246 1184 487 1221 ὐετούς.”Υπερῷα
509 1186 538 1213 δὲ
562 1186 630 1213 Θεοῦ
651 1186 696 1214 τὸν
718 1188 787 1223 ἀέρα
805 1187 892 1219 καλεῖ,

83 1229 228 1265 καθάπερ
255 1230 303 1257 ἐπὶ
325 1231 389 1265 μιᾶς
407 1231 495 1263 οίχίας
511 1231 559 1258 τοῦ
583 1232 682 1264 παντὸς
705 1232 892 1269 κόσμου.¹’ορη

86 1275 143 1311 μέν
162 1275 238 1303 εἰσιν
252 1277 279 1303 ot
293 1278 510 1315 πνευματοφόροι
525 1279 620 1315 ἄνδρες
631 1287 638 1295 ’
652 1278 805 1311 ποτίζονται
819 1279 848 1306 δὲ
860 1280 892 1307 ἐκ

84 1319 146 1347 τῶν
165 1320 306 1357 ὑπερῴων
323 1322 406 1350 αὑτοῦ
425 1323 471 1350 τοῦ
483 1323 561 1355 Θεοῦ,
576 1323 759 1359 πληρούμενοι
773 1323 828 1351 τῶν
844 1323 891 1351 τοῦ

87 1365 261 1402 Πνεῦματος
284 1369 471 1405 χαρισμάτων,
486 1369 566 1404 λόγου
583 1371 679 1405 σοφίας
696 1370 811 1397 καὶτῶν
828 1370 891 1406 ἑξῆς

89 1414 484 1452 ἁπηριθμημένων.¹Υπεριῖ›α
506 1416 534 1443 δὲ
560 1416 639 1449 Θεοῦ,
660 1416 706 1451 ἀφ’
723 1413 760 1443 ὧν
784 1416 819 1443 τὰ
839 1416 890 1452 ὅρη

92 1458 216 1492 ποτίζει,
230 1460 392 1496 ἀκραιφνεῖς
407 1462 455 1489 καὶ
472 1462 689 1498 ὑπερσάλλουσαι
710 1462 821 1498 θεωρίαι
840 1462 891 1497 τῆς

92 1504 229 1541 ἀληθείας
243 1506 417 1542 τυγχάνουσι.
433 1506 545 1543 ὑπερῷα
562 1507 736 1543 καλούμεναι,
753 1507 792 1543 τῷ
807 1506 890 1544 μηδὲν

93 1551 184 1584 αὐτὰς
208 1552 489 1588 ὑπερανασεὸηκέναι.
498 1553 565 1581 Ἀπὸ
587 1553 702 1588 καρποῦ
723 1553 782 1581 τῶν
794 1554 890 1589 ἔργων

953 311 1019 339 dunt
1038 312 1125 347 campi
1141 311 1167 339 in
1189 311 1274 339 locum
1287 319 1360 347 quem
1380 310 1498 346 fundasti
1511 311 1559 339 eis.
1583 311 1733 339 Terminum

952 357 1074 391 posuisti,
1093 365 1168 391 quem
1194 365 1245 384 non
1267 356 1504 392 transgredientur,
1525 364 1605 392 neque
1628 365 1734 384 conver-

952 406 1040 428 tentur
1052 402 1152 436 operire
1169 406 1276 430 terram.
1292 402 1344 435 Qui
1358 403 1455 429 emittis
1467 403 1551 437 fontes
1564 403 1591 429 in
1607 402 1733 430 convalli-

951 447 1009 479 bus,
1022 448 1089 475 inter
1104 448 1217 475 medium
1232 449 1359 475 montium
1369 449 1564 483 pertransibunt
1579 456 1663 485 aqua.
1678 448 1733 476 Po-

951 493 1045 520 tabuut
1071 502 1159 522 omnes
1183 494 1271 523 bestia:
1294 494 1363 530 agri,
1385 494 1570 528 exspectabunt
1591 495 1685 531 onagri
1705 496 1733 522 in

950 539 996 566 u‘ti
1022 547 1082 568 sua.
1101 538 1184 574 Super
1211 549 1242 568 ea
1273 540 1389 569 volucre:
1416 541 1474 568 caeli
1497 540 1671 574 habitabunt,
1701 541 1734 569 de

950 584 1036 612 medio
1068 590 1202 619 petrarum
1240 585 1339 613 dabunt
1369 594 1467 615 vocem.
1502 586 1600 623 Riguus
1632 592 1733 615 montes

953 630 986 658 de
1012 631 1193 666 superioribus
1224 632 1290 659 suis.
1323 632 1392 665 Quia
1421 633 1498 668 prius
1530 633 1654 666 dixerat,
1679 632 1734 667 Qui

949 677 1012 712 tegis
1027 685 1095 712 aqua
1111 677 1247 711 superiora
1261 678 1335 710 eius;
1350 677 1396 706 hic
1410 678 1460 713 ait,
1475 677 1573 714 Rigam
1588 684 1687 706 montes
1700 679 1733 706 de

947 720 1126 755 superioribus
1153 722 1215 750 tuis.
1231 721 1290 750 Nisi
1316 722 1394 751 malit
1416 723 1478 758 quis
1505 723 1648 759 superiora
1670 722 1731 757 Dei,

947 768 1026 803 quasi
1040 767 1073 795 ab
1087 775 1120 795 eo
1136 772 1292 796 constructa
1305 776 1396 797 aerem
1409 769 1528 799 nubibus
1543 770 1673 799 amictum
1690 771 1733 799 in-

947 813 1080 849 telligere.
1097 814 1168 842 Deus
1188 815 1280 855 itaque
1296 819 1402 844 montes
1422 820 1449 844 et
1463 824 1574 852 campos
1588 817 1635 853 qui
1649 817 1677 846 in
1691 817 1733 845 eis

946 864 1020 892 sunt,
1035 865 1064 888 et
1082 861 1237 888 universam
1255 861 1387 896 reliquam
1405 866 1504 889 terram
1525 862 1605 897 rigat,
1627 870 1682 890 non
1698 869 1732 890 ex

947 905 1069 934 fontibus
1084 906 1259 939 convallium,
1279 914 1367 942 neque
1385 915 1419 935 ex
1435 907 1592 936 ﬂuminibus
1608 915 1669 944 quae
1683 915 1732 944 per

947 957 1047 980 terram
1071 952 1204 985 deﬂuunt,
1220 953 1268 981 sed
1285 953 1319 981 de
1346 954 1533 989 superioribus
1550 955 1608 983 suis
1626 955 1731 990 pluvias

946 1006 979 1026 ex
997 999 1053 1026 alto
1075 998 1239 1027 sullicientes
1268 1006 1300 1027 ac
1324 999 1481 1029 moderatas
1506 1000 1729 1029 subministrans.

947 1045 1095 1081 Superiora
1111 1050 1200 1073 autem
1221 1045 1269 1073 Dei
1286 1051 1365 1074 vocat
1381 1054 1484 1080 aerem,
1499 1046 1533 1074 de
1550 1050 1607 1074 toto
1628 1047 1732 1074 mundo

944 1091 1023 1126 quasi
1038 1090 1071 1118 de
1085 1090 1166 1118 domo
1179 1090 1297 1126 quadam
1311 1092 1393 1119 verba
1413 1092 1527 1120 faciens.
1545 1091 1650 1120 Montes
1670 1092 1731 1127 qui-

944 1139 1005 1167 dem
1026 1144 1091 1167 sunt
1113 1139 1270 1174 spirituales
1295 1138 1348 1166 viri
1365 1148 1372 1166 :
1387 1138 1415 1166 hi
1429 1142 1519 1165 autem
1535 1138 1684 1174 irrigantur
1698 1138 1732 1165 de

943 1186 1133 1222 superioribus
1157 1185 1245 1221 ipsius
1269 1184 1328 1217 Dei,
1355 1184 1474 1220 Spiritus
1492 1184 1579 1212 sancti
1593 1184 1673 1211 donis
1688 1191 1737 1224 re-'

943 1232 1019 1268 pleti,
1034 1232 1160 1260 videlicet
1184 1238 1312 1259 sermone
1332 1231 1481 1270 sapientiae,
1507 1230 1666 1265 ueterisque
1686 1238 1731 1257 re-

942 1279 1066 1307 censitis.
1087 1278 1235 1315 Superiora
1250 1285 1314 1306 vero
1328 1276 1386 1309 Dei.
1404 1277 1437 1305 de
1456 1277 1556 1313 quibus
1574 1281 1679 1304 montes
1692 1276 1731 1303 ir-

942 1326 1023 1361 rigat,
1052 1330 1116 1354 sunt
1140 1325 1271 1353 sublimes
1293 1332 1325 1352 ac
1347 1323 1453 1352 eximiae
1469 1323 1592 1351 veritatis
1607 1327 1730 1350 contem-

941 1370 1085 1405 plationes,
1099 1377 1161 1406 quae
1177 1369 1320 1405 superiora
1336 1372 1480 1401 vocantur,
1496 1368 1569 1404 quod
1584 1368 1653 1395 nihil
1667 1367 1729 1396 illas

941 1412 1127 1443 transcendat.
1155 1414 1193 1442 De
1222 1414 1310 1449 fructu
1331 1422 1437 1449 operum
1459 1419 1563 1441 tuorum
1586 1413 1729 1441 satiabitur

941 1466 1022 1488 terra.
1051 1461 1112 1496 Ipse
1134 1468 1252 1496 namque
1275 1459 1354 1492 dixit,
1380 1459 1513 1487 Germinet
1530 1464 1601 1486 terra
1619 1458 1727 1486 herbam

938 1507 993 1542 feni
1008 1512 1032 1535 et
1046 1507 1144 1543 lignum
1159 1506 1326 1542 [ructiferum
1337 1506 1437 1541 [aciem
1453 1506 1569 1541 fructum
1579 1506 1611 1538 '7,
1626 1509 1653 1533 et
1665 1506 1728 1533 reli-

938 1561 1002 1589 qua.
1022 1552 1062 1580 Ex
1078 1552 1143 1590 Jcsu
1160 1552 1290 1589 operibus
1301 1560 1350 1588 per
1363 1552 1543 1580 ceconomiam
1557 1551 1649 1584 editis,
1666 1560 1728 1588 quae

95 1606 155 1625 σου
182 1598 423 1632 χορτασθήσεται
440 1599 460 1634 ἠ
478 1598 526 1634 τῆ.
543 1599 629 1632 Αὐτὸς
643 1599 697 1636 γὰρ
713 1598 773 1626 εἷπε
783 1608 790 1615 ·
810 1602 881 1627 Βλα-

939 1599 1033 1628 multis
1058 1599 1196 1628 fructibus
1227 1598 1364 1627 instructa
1390 1603 1465 1632 sunt,
1497 1599 1625 1627 universa
1652 1603 1726 1627 terra

96 1642 240 1676 στησάτω
254 1644 273 1678 ἡ
286 1642 323 1679 γῆ
333 1643 469 1678 ,ϐοτάνην
479 1644 658 1679 χόρτου,καί
672 1645 768 1679 ξύλον
782 1645 886 1681 κάρπι-

96 1697 156 1724 μον
169 1688 277 1716 ποιοῦν
287 1690 411 1724 καρπὸν,
420 1690 466 1717 καὶ
478 1691 512 1718 τὰ
521 1691 593 1727 ἑξῆς.
603 1692 650 1718 Ἐκ
658 1691 712 1718 τῶν
720 1691 805 1728 Ἰησοῦ
816 1692 887 1719 κατὰ

99 1734 148 1771 τὴν
164 1735 317 1771 οἰκονομίαν
328 1736 426 1772 ἔργων,
434 1736 516 1764 πολὺν
533 1738 639 1774 καρπὸν
651 1738 778 1774 ἐχόντων,
793 1738 887 1766 ἅπασα

100 1782 117 1816 ὴ
130 1782 166 1817 γῆ
181 1783 350 1818 χορτάζεται,
362 1785 605 1821 μεταλαμϐάνουσα
617 1785 671 1811 τῶν
685 1784 756 1812 οὕτω
770 1784 887 1820 παραδό-

103 1826 154 1859 ξως
168 1828 219 1855 ὑπὸ
231 1828 318 1865 Ἰησοῦ
334 1831 523 1866 γεγενημένων
532 1839 539 1846 ·
557 1827 635 1863 οὗτος
647 1831 702 1867 γὰρ
714 1831 819 1867 καρπὸς
831 1830 886 1858 τῶν

102 1873 188 1909 ῑργων
200 1874 280 1901 αὐτοῦ
291 1875 428 1910 τυγχάνει.
438 1876 492 1903 Καὶ
506 1877 520 1903 ό
533 1876 611 1911 λόγος
625 1876 654 1907 δὲ
669 1878 683 1904 ό
697 1877 761 1913 περὶ
775 1876 829 1904 τῶν
842 1876 886 1913 ἔρ-

939 1646 1066 1678 satiatur,
1083 1645 1220 1681 particeps
1233 1652 1328 1673 eorum
1349 1652 1409 1681 quae
1422 1652 1438 1672 a
1453 1644 1517 1673 Jesu
1532 1645 1600 1673 adeo
1614 1644 1726 1672 mirabi-

939 1692 1001 1719 liter
1019 1695 1173 1727 perpetrata
1201 1694 1288 1718 sunt:
1305 1690 1350 1719 hic
1378 1690 1450 1718 enim
1482 1690 1588 1718 fructus
1612 1698 1725 1726 operum

918 1735 923 1740 “
937 1737 997 1771 ejus
1008 1741 1060 1764 est.
1076 1736 1109 1763 Et
1122 1737 1230 1772 quidem
1241 1744 1332 1764 sermo
1347 1736 1379 1765 de
1392 1736 1521 1772 operibus
1534 1736 1682 1765 creationis
1697 1741 1725 1764 et

937 1782 1114 1818 providentiae
1141 1783 1239 1818 ipsius,
1254 1790 1303 1810 ceu
1333 1781 1439 1810 fructus
1465 1789 1577 1818 operum
1593 1782 1642 1810 Dei
1662 1790 1724 1810 esse

937 1828 1102 1859 intellectus,
1133 1831 1235 1855 terram
1265 1827 1392 1861 satiabit;
1423 1834 1520 1862 nempe
1547 1827 1672 1855 homines
1695 1827 1723 1855 iu

938 1879 1010 1902 terra
1025 1877 1176 1902 versantes.

103 1927 156 1954 γων
168 1919 214 1955 τῆς
228 1920 407 1957 δημιουργίας
418 1922 464 1949 καὶ⁹
480 1923 604 1959 προνοίας
620 1923 702 1950 αὐτοῦ
729 1922 845 1958 νοηθεὶς,
863 1919 907 1949 οἷα
934 1922 1040 1958 καρπὸς
1063 1921 1151 1957 ἔργων
1175 1920 1242 1948 Θεοῦ
1263 1920 1414 1956 τυγχάνων,
1433 1920 1559 1957 χορτάσει
1578 1919 1626 1956 τὴν
1649 1919 1700 1954 γῆν
1712 1928 1720 1935 ·

105 1967 172 2002 φημὶ
182 1966 212 2003 δὴ
223 1967 285 2000 τοὺς
299 1969 346 1995 ἐπὶ
359 1969 409 2004 τῆς
423 1969 475 2005 γῆς
488 1970 673 2006 διατρίϐοντας
686 1970 855 2007 ἀνθρώπους.

153 2025 173 2050 ο
182 2024 388 2057 etim-atellam
394 2027 501 2062 χόρτον
507 2028 569 2061 τοῖς
579 2028 713 2063 κτήνεσι,
722 2028 772 2056 καί
783 2029 880 2064 χλόην

107 2068 141 2103 τῇ
152 2069 266 2104 δουλεία
278 2069 337 2097 τῶν
355 2072 526 2105 ἀνθρώπων.
543 2074 596 2101 τοῦ
617 2075 774 2110 ἐξαγαγεῖν
792 2075 883 2109 ἄρτον

108 2118 138 2144 ἐκ
148 2116 197 2149 τῆς
205 2116 265 2150 γῆς*
277 2117 325 2143 καὶ
334 2115 526 2153 οἶνοςεῠφιιίιί
528 2129 571 2147 νει
579 2121 704 2154 καρδίαν
712 2122 879 2156 ἀνθρώπου,

109 2164 152 2190 καὶ
168 2163 197 2190 τὰ
211 2163 279 2198 ἑξῆς.
297 2162 391 2197 Εἶπεν,
407 2165 446 2191 ὅτι
468 2166 522 2192 ἀπὸ
540 2166 586 2192 τοῦ
604 2167 681 2193 ὑετοῦ
699 2168 795 2194 κτᾶται
812 2168 880 2205 πλη-

969 2026 1053 2055 Vnus.
1078 2025 1123 2058 Η,
1148 2025 1192 2053 lii.
1215 2022 1366 2052 Producem
1377 2024 1466 2058 fenum
1476 2025 1605 2056 jumentis
1622 2029 1645 2052 et
1658 2024 1720 2053 her-

933 2072 992 2100 bam
1005 2072 1125 2099 servituti
1145 2071 1291 2103 hominum,
1314 2076 1341 2097 ut
1364 2069 1461 2098 educas
1475 2077 1570 2104 panem
1585 2070 1617 2097 de
1633 2076 1718 2103 terra;

930 2124 954 2146 et
969 2120 1057 2146 vinum
1074 2118 1193 2149 lmtiﬁcat
1211 2126 1256 2144 cor
1267 2118 1391 2147 hominis.
1407 2122 1434 2144 et
1447 2121 1555 2144 caetera.
1572 2116 1617 2144 Ait
1631 2124 1645 2144 a
1660 2119 1718 2152 plu-

930 2166 972 2192 via
991 2165 1141 2194 satietatem
1163 2170 1242 2192 terra:
1257 2163 1357 2199 parari,
1375 2163 1429 2191 Deo
1447 2171 1532 2199 aquas
1546 2171 1579 2191 ex
1595 2164 1662 2190 mari
1675 2172 1717 2192 re-

111 2209 200 2244 σμονὴν
213 2210 227 2245 ἡ
240 2209 284 2245 γῆ,
295 2209 342 2236 τοῦ
355 2210 422 2237 Θεοῦ
436 2212 616 2247 ἐργαζομένου
631 2214 679 2249 τὴν
695 2215 726 2241 ἐκ
742 2214 879 2250 θαλάσσης

938 2212 1056 2239 lucente.
1072 2210 1174 2238 Deinde
1189 2211 1291 2238 indicat
1312 2211 1454 2238 utilitatem
1473 2210 1536 2237 hinc
1550 2217 1715 2245 promanan-

110 2254 158 2281 τῶν
171 2254 265 2281 ὑδάτων
277 2255 430 2292 ἀναγωγήν.
447 2255 513 2284 Εἶτα
526 2258 574 2293 τὴν
589 2259 713 2286 ἐντεῦθεν
722 2261 878 2288 ὑποδείκνυ-

938 2266 995 2290 em,
1007 2258 1071 2293 quia
1090 2265 1221 2292 aquarum
1243 2256 1401 2291 irrigatione
1417 2256 1594 2291 impinguata,
1609 2257 1715 2283 cunctis

113 2309 149 2326 σιν
161 2301 289 2335 ὠφέλειαν,
307 2302 348 2328 ὅτι
370 2303 511 2330 πιανθεῖσα
527 2306 558 2331 ἐκ
575 2305 624 2340 τῆς
637 2306 690 2332 τῶν
711 2307 814 2334 ὑδάτων
830 2316 876 2342 χο-

116 2347 199 2381 ρηγίας
219 2348 233 2383 ἡ
259 2349 303 2383 γῆ,
317 2347 485 2380 ὲξανατέλλει
501 2352 556 2382 τοῖς
570 2352 615 2377 ἀπ’
630 2352 714 2387 αὐτῆς
728 2354 812 2380 ἆπασι
828 2354 876 2386 τὰς

115 2393 261 2428 προσφόρους
276 2394 378 2429 τροφάς
388 2403 394 2409 ·
414 2396 548 2431 ἀνθρώπῳ
566 2398 614 2432 μὲν
628 2399 732 2433 εὐγενεῖ
743 2399 814 2434 ζώῳ,
829 2401 876 2426 καὶ

116 2437 160 2464 ὑπὸ
171 2438 209 2464 τοῦ
221 2439 282 2466 Θεοῦ
295 2442 476 2477 τετιμημένῳ,
491 2442 628 2478 ἐξαίρετον
649 2445 696 2471 καὶ
717 2446 875 2481 ἀφωρισμέ-

116 2492 157 2518 νην
175 2485 271 2519 τροφὴν,
289 2486 379 2521 ἄρτον,
393 2489 439 2514 καὶ
455 2486 524 2514 οἶνον
541 2490 588 2515 καὶ
603 2490 706 2517 ἔλαιον·
723 2491 804 2527 ἄρτον
825 2493 873 2527 μὲν

118 2530 156 2574 ἔτι
174 2530 205 2564 τῷ
225 2531 393 2565 στηρίζεσθαι
416 2534 462 2560 καὶ
484 2534 666 2570 δυναμοῦσθαι
682 2537 730 2573 τὴν
749 2538 871 2574 καρδίαν,

118 2573 174 2602 οἶνον
192 2576 215 2602 δὲ
229 2576 270 2602 ἐπὶ
291 2577 331 2612 τῷ
346 2581 588 2615 κατευφραίνεσθαι
605 2583 653 2618 τὴν
666 2584 763 2619 ψυχὴν,
786 2573 872 2611 ἔλαιον

118 2622 140 2648 δὲ
152 2623 188 2649 ἐπὶ
197 2623 228 2658 τῷ
239 2625 428 2660 φαιδρύνεσθαι
441 2628 470 2654 τὺ
484 2628 572 2664 σῶμα,
583 2630 628 2656 καὶ
640 2631 822 2658 άπαλῦνεσοαι
834 2633 873 2659 0:-

121 2670 273 2704 pzmobpsvov
293 2672 324 2698 ἐκ
337 2672 386 2707 τῆς
399 2674 528 2701 ἐπιπόνου
547 2676 763 2712 σχληραγωγίας.
779 2678 871 2711 Οὕτως

119 2714 178 2748 αὐτῷ
190 2715 302 2743 πλουσίαν
326 2719 372 2744 καὶ
394 2719 426 2745 ὲκ
447 2719 575 2748 πλειόνων
597 2723 733 2758 τράπεζαν
749 2724 789 2755 είς
805 2724 870 2750 ἀπό-

120 2759 194 2787 λαυσιν
203 2758 236 2788 οἷα
247 2763 338 2798 πατὴρ
353 2765 367 2790 ὁ
381 2764 446 2796 Θεὸς
462 2766 623 2802 ἐδωρήσατο.
640 2768 677 2794 Οὐ
692 2768 744 2804 μὴν
761 2769 806 2795 καὶ
820 2769 870 2804 τῆς

121 2806 163 2832 τῶν
175 2807 255 2835 λοιπῶν
274 2809 350 2840 ζώων
364 2812 589 2849 κατωλιγώρησεν
606 2815 773 2849 ἐπιμελείας·
791 2825 870 2851 φρον-

123 2853 183 2885 τίζων
199 2855 220 2880 δὲ
238 2856 281 2882 καὶ
302 2856 352 2891 τῆς
373 2858 474 2886 τούτων
496 2859 624 2895 διαμονῆς
635 2861 684 2896 τὴν
697 2862 869 2897 ἁρμόζουσαν

160 2933 165 2946 ⁷
181 2930 230 2959 Gl'h.
248 2941 268 2966 Ι¹
289 2934 329 2961 Η.

930 2305 1026 2332 incolis
1038 2305 1094 2332 suis
1100 2308 1294 2339 congruentem
1302 2303 1392 2331 cibum
1401 2302 1523 2338 profert,-
1534 2302 1637 2330 homini
1650 2307 1713 2338 qui-

927 2351 987 2378 dem
1003 2349 1215 2382 nobilianimali,
1228 2354 1254 2377 et
1265 2350 1335 2385 apud
1350 2349 1433 2378 Deum
1450 2350 1477 2376 in
1490 2349 1593 2378 honore
1610 2351 1712 2381 habito.

928 2397 1057 2425 einnium
1072 2404 1103 2424 ac
1116 2396 1246 2424 selectum
1261 2396 1363 2428 cibum,
1375 2403 1483 2431 panem,
1495 2396 1598 2428 vinum,
1614 2400 1640 2424 et
1656 2398 1713 2424 ole-

926 2452 981 2476 um;
998 2451 1094 2478 panem
1109 2443 1216 2478 quidem
1233 2450 1286 2478 quo
1302 2444 1350 2470 cur
1364 2442 1493 2470 fulciatur
1514 2447 1540 2469 et
1556 2442 1710 2474 roboretur,

922 2490 1013 2517 vinum
1029 2498 1083 2525 quo
1097 2490 1188 2518 anima
1203 2490 1363 2521 la-tiﬁcetur,
1376 2490 1465 2516 oleum
1486 2497 1540 2524 quo
1552 2497 1652 2524 corpus
1666 2497 1712 2516 ex-

924 2536 1056 2564 hilaretur
1078 2541 1188 2571 atquea
1216 2536 1351 2565 laboriosa
1367 2535 1561 2570 defatigatione
1588 2542 1708 2562 curetur.

923 2582 966 2609 Sic:
994 2588 1082 2610 autem
1099 2583 1136 2610 illi
1154 2583 1271 2618 opimam
1292 2587 1318 2610 et
1329 2582 1578 2610 variisinstructam
1590 2589 1709 2609 mensam

922 2628 956 2655 ad
972 2637 1052 2656 usum
1067 2637 1117 2657 ceu
1133 2633 1207 2664 pater
1219 2628 1325 2664 paravit
1347 2627 1430 2656 Deus.
1448 2628 1540 2663 Neque
1553 2632 1641 2656 tamen
1656 2637 1707 2656 ca:-

923 2681 1044 2703 lcrorum
1061 2676 1219 2703 animalium
1237 2683 1330 2703 curam
1348 2676 1482 2711 neglexit;
1500 2676 1546 2704 sed
1563 2675 1597 2703 de
1614 2683 1707 2703 eorum

922 2731 1030 2758 quoque
1045 2723 1251 2750 conservatione
1271 2724 1414 2756 sollicitus,
1434 2728 1627 2758 congruentem
1641 2723 1707 2758 ipsis

922 2777 1012 2797 escam
1043 2769 1271 2802 subministravit,
1302 2770 1392 2797 fenum
1422 2770 1530 2804 quidem
1557 2769 1704 2805 jumentis,

921 2815 1044 2843 servituti
1062 2821 1151 2843 autem
1173 2816 1324 2848 hominum,
1346 2816 1456 2843 herbam
1473 2815 1635 2851 producens.
1652 2817 1705 2842 Ac-

920 2864 1091 2892 euratissime
1108 2871 1171 2892 vero
1185 2864 1315 2899 propheta
1333 2863 1489 2891 animalium
1502 2863 1702 2891 distinctionem
