3954 7146
516 411 680 482 '4275

1213 419 1479 478 LUSEBII
1512 419 1991 477 CESARIENSIS
2023 419 2115 477 UPL

2218 418 2391 476 PARS
2431 418 2517 475 l‘ll.
2555 450 2628 463 —
2665 417 3068 475 EXEGETICA.
3655 415 3814 469 li";

535 537 697 606 fecit;
746 537 989 610 iumenta
1041 536 1259 610 quidem
1293 538 1594 610 generatim
1625 540 1905 612 appellans
1945 555 2105 595 omne

2218 539 2299 592 καῖ
2331 539 2540 602 τούτοις
2567 538 2825 609 ἀπένειμε
2853 537 3091 609 τροφήν·
3130 532 3323 608 χόρτον
3372 533 3481 604 μὲν
3525 534 3639 591 cui;
3657 539 3822 585 ττι-

535 631 740 688 animal
788 631 954 687 herba
1000 639 1266 698 vescens;
1297 631 1614 688 servitutem
1645 648 1774 688 vero
1801 631 2102 700 hominum,

515 719 824 779 'mansueta
853 727 905 776 et
934 720 1334 792 quodammodo
1382 722 1561 777 civilia
1601 723 1860 778 animalia
1900 722 1967 777 ad
2008 723 2108 778 ho-

513 815 747 872 'minum
774 828 933 868 usum
963 813 1239 884 deputata,
1260 829 1492 884 quorum
1523 814 1628 869 alia
1657 815 1873 885 quidem
1905 822 2104 870 terram

539 914 700 962 arant
755 905 1072 977 hominique
1125 921 1283 977 opem
1328 905 1531 973 ferunt,
1577 912 1636 960 ut
1684 906 1818 973 bos;
1849 907 1954 960 alia
2012 921 2108 978 ge-

539 1005 687 1055 stant
736 1012 922 1063 onera,
953 1006 1013 1053 ut
1061 998 1282 1063 asinus;
1313 998 1418 1052 alia
1453 997 1669 1053 demum
1714 996 1860 1052 aliud
1891 997 2106 1052 mortali

537 1089 724 1163 generi
767 1089 1131 1146 ministerium
1175 1097 1436 1161 praestant
1467 1109 1480 1145 :
1510 1105 1630 1160 quae
1669 1090 1887 1160 preprie
1928 1097 1985 1144 et
2011 1105 2105 1160 op-

534 1187 770 1252 portune
813 1182 1127 1238 servitutem
1163 1182 1444 1238 hominum
1489 1183 1721 1244 vocavit,
1751 1181 1950 1252 quibus
1978 1181 2105 1237 her-

533 1272 658 1327 bam
687 1271 868 1327 datam
893 1288 1016 1329 esse
1053 1273 1150 1338 ait,
1187 1273 1395 1330 scilicet
1425 1274 1496 1329 ab
1525 1273 1834 1329 hominibus
1866 1273 2105 1328 semina-

533 1365 644 1412 tam
669 1367 724 1414 et
750 1359 988 1428 cultam;
1020 1361 1233 1417 caeteris
1263 1377 1394 1416 vero
1415 1361 1679 1431 jumentis
1702 1373 1897 1434 sponte
1918 1370 2104 1417 natum

534 1448 741 1506 fenum.
782 1449 1020 1507 Possunt
1047 1459 1226 1508 autem
1260 1463 1494 1526 utraque
1533 1455 1718 1517 simul,
1757 1454 1924 1509 herba
1957 1452 2105 1506 vide-

535 1543 664 1599 licet
713 1552 768 1600 et
790 1543 993 1608 fenum,
1040 1554 1093 1600 et
1135 1546 1400 1616 jumentis
1433 1555 1488 1602 et
1531 1548 1780 1603 servituti
1822 1547 2102 1602 hominum

534 1635 661 1690 data
693 1633 884 1691 fuisse.
906 1634 1092 1706 Neque
1125 1635 1268 1692 feras
1317 1638 1406 1692 hic
1454 1653 1631 1708 neque
1655 1638 1869 1709 reptilia
1899 1653 2105 1693 memo-

531 1725 697 1790 ravit,
726 1726 853 1797 quia
911 1727 1024 1782 haec
1064 1728 1172 1783 alio
1223 1737 1453 1783 utuntur
1481 1730 1640 1796 cibo;
1671 1730 1775 1783 alia
1807 1728 1954 1783 enim
1985 1743 2105 1783 car-

531 1816 726 1872 nivora
755 1826 918 1886 sunt;
951 1821 1163 1890 reptilia
1185 1828 1366 1877 autem
1398 1821 1515 1892 ipsa
1546 1829 1690 1876 terra
1714 1827 2032 1876 vescuntur.

2207 648 2343 697 νεσι,
2365 633 2432 703 τῇ
2459 629 2517 684 δὲ
2543 629 2753 702 δουλείᾳ
2774 628 2882 683 τῶν
2899 627 3197 700 ἀνθρώπων
3221 627 3396 698 χλόην
3425 624 3776 691 simile;

2207 724 2420 794 Σφόδρα
2461 721 2518 776 δὲ
2565 721 2810 792 ἀκριϐῶς
2838 722 2867 774 6
2897 721 3180 793 προφήτης
3226 719 3326 790 τὴν
3367 717 3489 770 τῶν
3523 714 3670 780 ζώων
3692 735 3806 768 ἐς-ν

2207 815 2427 888 ποίηται
2454 814 2718 886 διαίρεσιν
2737 828 2750 842 δ
2780 814 2950 885 κτήνη
2975 813 3073 883 μὲν
3094 811 3327 882 γενικῶς
3355 811 3478 862 πᾶν
3499 807 3568 860 τὺ
3599 817 3806 876 1:31;;—

2207 925 2302 976 γον
2333 906 2489 973 ζῶον,
2506 905 2744 960 δουλείαν
2759 905 2817 959 δὲ
2843 902 3145 977 ἀνθρώπων
3171 902 3240 957 τὰ
3266 903 3467 973 ἣμερα
3489 899 3594 952 καῖ
3619 898 3792 966 εζητ-’.ξε

2207 998 2459 1054 πολιτικὰ
2487 997 2600 1063 ζῶα
2642 997 2709 1051 τὰ
2743 999 2822 1061 είς
2869 995 3174 1068 ὑπηρεσίαν
3218 992 3551 1067 ἀνθρώπιον
3600 990 3794 1060 ἁφωρρν

2208 1091 2399 1163 σμένα,
2426 1082 2502 1144 ὧν
2531 1085 2600 1143 τὰ
2631 1089 2728 1163 μὲν
2755 1089 2880 1156 ἀροῖ
2906 1088 3003 1162 τὴν
3033 1089 3133 1159 γῆν
3165 1084 3558 1158 συνεργοῦντα

2207 1199 2315 1253 πῳ,
2347 1181 2422 1245 ὡς
2456 1179 2581 1253 βοῦς
2601 1199 2616 1213 ·
2648 1178 2716 1233 τὰ
2744 1177 2801 1232 δὲ
2833 1177 3146 1248 ἀχθοφορεῖ,
3171 1175 3244 1240 ὡς
3267 1175 3396 1238 δνος
3414 1190 3432 1203 ·
3457 1173 3534 1224 τὰ
3561 1170 3628 1224 δὲ
3649 1171 3776 1223 εκπ-

2204 1271 2327 1325 τινὰ
2345 1270 2541 1342 χρῆσιν
2563 1268 2642 1340 τῷ
2661 1265 2840 1340 θνητῷ
2861 1266 3008 1337 γένει
3035 1264 3366 1338 παρέχεται·
3403 1261 3446 1316 ἃ
3471 1261 3760 1322 elatam}:

2206 1363 2499 1436 προσφυῶς
2547 1361 2785 1418 δουλείαν
2844 1355 3146 1431 ἀνθρώπων
3195 1354 3492 1424 ὠνόμασεν
3515 1393 3534 1415 ,
3593 1344 3678 1414 οξ

2207 1455 2368 1527 χλόην
2419 1453 2661 1509 δεδόσθαι
2704 1451 2872 1524 φησὶ,
2905 1449 3154 1504 τουτέστι
3197 1446 3296 1518 τὴν
3348 1447 3450 1500 ὑπ’
3499 1441 3768 1512 mpm

2211 1549 2512 1618 σπαρεῖσαν
2543 1547 2638 1600 καὶ
2667 1543 3077 1616 γεωργηθεῖσαν
3097 1556 3110 1570 ·
3141 1541 3254 1602 τοῖς
3282 1537 3341 1590 δὲ
3367 1535 3575 1598 ἄλλοις
3621 1535 3774 1602 κτήνε-

2208 1656 2281 1703 σι,
2315 1639 2408 1693 τὸν
2434 1639 2754 1710 αὐτομάτως
2788 1634 3100 1708 βλαστῶντα
3131 1631 3345 1704 χόρτον.
3362 1627 3628 1682 Δύναται
3723 1644 3776 1676 zz

2205 1730 2492 1802 ἀμφότερα
2516 1731 2550 1801 ἦ
2575 1747 2633 1782 τε
2665 1728 2793 1800 χλόη
2825 1728 2920 1782 καὶ
2945 1729 2972 1781 6
3004 1726 3213 1798 χόρτος,
3238 1720 3374 1790 ὁμοῦ
3401 1720 3518 1772 καὶ·
3541 1721 3670 1780 τοῖς

2207 1839 2324 1875 νεσι
2356 1821 2454 1876 καὶ
2484 1823 2550 1893 τῇ
2578 1820 2791 1892 δουλείᾳ
2813 1817 2918 1872 τῶν
2946 1816 3248 1889 ἀνθρώπων
3267 1812 3553 1868 δεδόσθαι.
3585 1809 3730 1862 0k:
3753 1810 3782 1860 Ξ

533 1911 739 1982 θηρίων
767 1916 824 1968 ὲν
846 1915 1076 1980 τούτοις,
1103 1915 1227 1969 οῦτε
1259 1917 1502 1989 ἑρπετῶν
1535 1917 1930 1990 ἐμνημόνευσε,
1957 1916 2046 1970 διὰ
2064 1915 2124 1970 τὸ
2151 1916 2312 1990 ἑτέρα
2344 1917 2641 1990 κεχρῆσθαι
2668 1915 2838 1971 ταῦτα
2865 1915 3072 1986 τροφῇ·
3104 1912 3172 1967 τὰ
3206 1911 3302 1986 μὲν
3330 1911 3446 1983 γάρ
3495 1911 3632 1962 ἐστι

532 2003 761 2076 κοὸόρα·
793 2004 862 2060 τὰ
893 2007 950 2060 δὲ
989 2008 1212 2078 ἑρπετὰ,
1243 2009 1380 2080 αὐτῇ
1416 2011 1480 2080 τῇ
1510 2011 1579 2080 γῇ
1609 2008 1872 2081 κέχρηται
1909 2009 2084 2079 τροφῇ

604 2118 992 2175 Animadverte
1037 2137 1199 2191 porro
1250 2137 1556 2180 sermonem
1589 2123 1735 2178 hunc
1783 2123 2110 2178 circuitione
2140 2128 2182 2184 Β

533 2210 633 2275 uti,
666 2224 729 2263 ac
757 2210 1136 2267 manifestiora
1159 2214 1380 2284 quidem
1408 2215 1599 2270 leviter
1626 2222 1872 2286 tangere,
1895 2214 1966 2272 iis
1987 2230 2116 2270 vero

531 2299 788 2358 insistere
845 2303 1046 2372 quibus
1098 2305 1254 2360 multi
1295 2306 1704 2372 contradicunt,
1735 2322 1912 2378 neque
1945 2307 2118 2361 absti-

489 2415 498 2424 ·
531 2406 666 2446 nere
712 2393 780 2446 ab
814 2393 1302 2458 irrationabilibus.
1328 2413 1430 2453 nec
1462 2399 1533 2454 ab
1571 2415 1674 2454 usu
1705 2399 2118 2470 ministerioque

531 2499 746 2540 eorum.
797 2483 858 2540 ld
918 2501 1048 2541 vero
1105 2487 1307 2558 duplici
1363 2487 1432 2544 de
1479 2505 1647 2546 causa
1694 2490 1965 2562 agit;alia
2009 2497 2114 2555 est,

533 2582 597 2631 ut
633 2591 699 2630 ex
730 2576 1032 2632 abundanti
1065 2578 1457 2650 impudentiam
1497 2581 1715 2636 illorum
1741 2581 1998 2648 refrenet,
2023 2581 2116 2653 qui

531 2666 725 2722 dicunt
753 2667 963 2741 aliquid
999 2669 1054 2725 in
1085 2671 1290 2726 mundo
1318 2687 1784 2742 supervacaneum
1821 2682 1876 2730 et
1925 2675 2117 2730 inutile

533 2761 836 2827 exsistere;
870 2763 976 2816 alia
1004 2777 1153 2828 vero,
1185 2772 1245 2818 ut
1268 2763 1522 2819 ostendat
1554 2772 1760 2834 quanta
1791 2765 1864 2824 sit
1899 2765 2010 2840 Deo
2049 2767 2118 2824 de

531 2851 856 2910 hominibus
899 2856 1231 2922 sollicitudo,
1282 2856 1500 2927 quando
1545 2858 1613 2914 de
1660 2858 1882 2931 iisquae
1927 2874 2117 2914 eorum

533 2961 702 3002 causa
755 2947 979 3002 condita
1035 2958 1162 3004 sunt
1213 2956 1422 3004 tantam
1455 2950 1620 3006 habet
1651 2950 1940 3007 rationem.
1975 2949 2118 3018 Quid

533 3036 668 3094 huic
714 3053 863 3094 curae
896 3055 994 3109 par
1027 3055 1150 3096 esse
1183 3041 1377 3111 possit,
1406 3041 1850 3113 quandoquidem
1889 3057 1954 3098 ea
1995 3059 2119 3116 quae

536 3125 700 3182 nobis
729 3128 976 3183 serviunt
1004 3129 1078 3182 ita
1110 3131 1304 3195 nutrit,
1331 3146 1432 3187 nec
1465 3133 1669 3202 patitur
1698 3139 1760 3187 ut
1781 3133 1838 3188 in
1861 3134 2118 3192 omnibus

537 3218 864 3288 gravemur?
894 3217 1081 3290 Neque
1107 3221 1254 3276 enim
1294 3222 1566 3278 hominem
1603 3223 1863 3293 deservit,
1903 3241 2004 3282 nec
2036 3226 2117 3281 la-

535 3309 768 3366 boribus
823 3311 1000 3381 ipsum
1050 3322 1260 3385 gravat,
1297 3315 1452 3370 vario
1499 3316 1654 3372 illum
1689 3318 1882 3374 salutis
1920 3334 2118 3389 genere

538 3399 774 3457 donans.
800 3400 1072 3472 l‘licjuvat
1099 3418 1244 3470 eum,
1281 3405 1373 3474 qui
1405 3420 1740 3476 congeneres
1761 3416 1982 3464 nostros
2009 3423 2121 3462 ser-

2283 2120 2426 2192 Ὅρα
2457 2117 2514 2172 δὲ
2553 2116 2738 2190 κύκλῳ
2767 2117 3049 2188 περιϊόντα
3075 2115 3168 2172 τὸν
3193 2115 3352 2184 λόγον
3392 2115 3502 2169 καὶ
3543 2113 3622 2167 τὰ
3658 2119 3791 2184 63;:-

2217 2230 2383 2285 στερα
2411 2212 2843 2284 παρατρέχοντα,
2886 2208 3366 2281 ὲμφιλοχωροῦντα
3401 2206 3466 2259 δὲ
3501 2209 3628 2269 τοῖς
3669 2224 3792 2278 περς

2213 2303 2322 2356 τῶν
2352 2300 2562 2356 πολλῶν
2584 2299 3040 2371 ἀντιλεγομένοις,
3057 2297 3278 2352 καὶτῶν
3297 2297 3526 2364 ἀλόγων
3559 2299 3676 2350 οὐκ
3699 2299 3795 2364 ﬁgi.
3824 2309 3854 2371 ι.

2218 2393 2501 2465 στάμενονν
2530 2391 2625 2446 καὶ
2650 2393 2749 2464 τῆς
2779 2391 2965 2463 χρείας
2997 2389 3176 2444 αὐτῶν
3208 2388 3300 2444 καὶ
3337 2388 3438 2458 τῆς
3472 2389 3796 2460 Nmpe-sig;

2216 2487 2368 2540 Ποιεῖ
2396 2485 2452 2538 δὲ
2477 2483 2634 2538 τοῦτο
2666 2483 2754 2538 διὰ
2783 2483 2876 2538 δύο
2903 2483 3106 2537 ταῦτα·
3135 2482 3201 2535 δι’
3228 2481 3286 2535 ἓν
3321 2479 3447 2551 μὲν,
3493 2481 3594 2534 τνα
3624 2482 3700 2533 ὲκ
3729 2499 3801 2533 ’.Ξ-

2218 2581 2461 2652 ριουσίας
2494 2579 2818 2652 ἐπιστομίσῃ
2850 2579 2948 2652 τὴν
2984 2577 3368 2652 ἀναισχυντίαν
3392 2575 3514 2630 τῶν
3546 2577 3802 2646 λεγοντα,

2215 2669 2354 2728 εἷναί
2374 2691 2426 2728 τι
2455 2673 2707 2744 περιττὸν
2732 2673 2790 2725 ὲν
2819 2671 2897 2743 τῷ
2925 2672 3115 2742 κόσμῳ
3142 2671 3236 2724 καὶ
3264 2669 3557 2741 ἄχρηστον
3577 2686 3594 2699 ·
3622 2670 3696 2722 δι’
3719 2671 3807 2722 ἕτε-

2220 2783 2310 2839 ρον
2337 2764 2416 2831 δὲ,
2451 2765 2537 2818 ἵνα
2565 2764 2715 2838 δείξῃ
2740 2765 2837 2836 ὅση
2867 2763 2944 2834 τῷ
2976 2762 3094 2835 Θεῷ
3125 2763 3235 2818 τῶν
3266 2761 3596 2836 ἀνθρώπων
3635 2765 3672 2833 ἡ
3721 2781 3806 2833 ιζ-

2214 2857 2456 2929 δεμονία,
2483 2857 2620 2912 ὅπου
2651 2874 2716 2926 γε
2745 2857 2854 2910 τῶν
2889 2855 2955 2908 δι’
2981 2856 3222 2920 ἐκείνους
3257 2855 3590 2927 γενομένων
3633 2855 3808 2909 τοσοῦ-

2214 2967 2307 3004 τον
2339 2952 2572 3004 ποιεῖται
2603 2949 2779 3020 λόγον.
2801 2947 2865 3002 Τί
2889 2947 3094 3020 ταύτης
3115 2943 3230 3000 ἴσον
3257 2947 3460 3016 γένοιτ’
3477 2947 3560 3002 ἂν
3591 2949 3698 3018 τῆς
3726 2965 3808 3018 κη’

2216 3041 2487 3114 δεμονίας,
2510 3042 2638 3096 ὅταν
2666 3043 2761 3096 καὶ
2789 3039 2858 3095 τὰ
2883 3039 3200 3093 δουλεύοντα
3238 3041 3368 3114 ἡμῖν
3413 3037 3578 3094 οὕτω
3622 3039 3809 3111 τρέφῃ,

2217 3135 2311 3189 κα)⁸
2367 3133 2442 3205 μὴ
2496 3135 2748 3205 συγχωρῇ
2792 3133 3067 3193 πονεῖσθαι
3100 3149 3165 3185 πε
3175 3132 3225 3203 ρὶ
3263 3131 3478 3197 πάντας
3519 3131 3676 3184 οὔτε
3715 3133 3808 3202 γὰρ

2216 3226 2369 3279 εἴασε
2397 3225 2488 3278 τὸν
2517 3224 2821 3297 ἄνθρωπον,
2847 3223 2970 3278 οὔτε
3002 3224 3222 3297 βαρύνει
3243 3225 3355 3288 eoi;
3395 3222 3604 3287 πόνοις
3636 3225 3809 3285 adesa,

2217 3317 2506 3371 ποικίλλων
2523 3316 2687 3370 αὐτοῦ
2708 3317 2804 3388 τὴν
2830 3316 3121 3387 σωτηρίαν.
3141 3315 3407 3369 Ἐνταῦθα
3433 3315 3624 3371 καλὸν
3650 3318 3808 3368 εἰπεῖν

2219 3407 2356 3480 πρὸς
2399 3407 2492 3461 τὸν
2531 3407 2658 3471 τοὺς
2689 3409 2967 3478 ὁμογενεῖς
2994 3404 3492 3475 καταδουλούμενον
3512 3421 3526 3434 ·
3574 3405 3684 3474 μία
3707 3405 3810 3456 δῦ)-

538 3493 714 3548 vilute
742 3495 1019 3564 opprimit,
1049 3495 1130 3550 sic
1161 3495 1365 3566 alloqui
1391 3515 1404 3550 :
1437 3513 1547 3551 una
1573 3497 1856 3554 hominum
1881 3501 2115 3556 servitus

2219 3473 2339 3553 λεία
2356 3499 2462 3552 τῶν
2483 3473 2782 3571 ἀνθρώπων
2803 3473 2872 3552 τὰ
2895 3498 3064 3566 ἄλογα
3080 3515 3092 3528 ·
3119 3499 3182 3550 σὺ
3205 3497 3265 3550 δὲ
3287 3473 3468 3550 ταῦτα
3498 3473 3808 3567 ὀλιγωρεξ·

543 3592 672 3640 sunt
721 3576 1227 3652 irrationabilia,'tu
1271 3603 1400 3642 vero
1434 3588 1550 3644 haec
1592 3589 1829 3661 despicis
1878 3609 1893 3646 :
1950 3607 2122 3663 quare

541 3682 796 3730 naturam
854 3691 886 3730 a
937 3677 1199 3732 servitute
1244 3685 1298 3732 et
1345 3676 1719 3735 dominatione
1756 3680 2035 3748 scindens,
2066 3681 2120 3736 id

544 3764 798 3831 ell'ecisti,
825 3776 884 3822 ut
917 3767 1022 3824 sibi
1053 3769 1171 3840 ipsa
1207 3769 1437 3823 serviret
1471 3777 1526 3823 et
1557 3769 1952 3827 dominaretur.
1983 3771 2120 3826 Eum

543 3858 638 3927 qui
674 3857 742 3912 ad
777 3857 1190 3915 similitudinem
1223 3858 1316 3914 Dei
1349 3858 1526 3916 factus
1558 3867 1665 3928 est,
1701 3860 1826 3931 quis
1854 3863 2118 3927 vendidit,

547 3949 672 4020 quis
722 3948 876 4018 emit,
914 3965 1040 4004 cum
1086 3951 1141 4005 id
1182 3952 1334 4007 solus
1359 3949 1502 4006 Deus
1535 3953 1710 4021 possit
1743 3952 1984 4021 ellicere;
2013 3953 2122 4009 imo

547 4056 680 4098 vero
711 4056 813 4096 nec
851 4040 967 4111 ipse
1006 4039 1168 4106 Deus,
1201 4055 1328 4095 nam
1375 4041 1517 4096 dona
1548 4041 1668 4110 ejus
1697 4052 1826 4100 sunt
1859 4044 1977 4100 sine
2003 4059 2122 4113 poe-

549 4135 820 4189 nitentia“!
855 4133 1013 4200 Quod
1065 4133 1113 4189 si
1157 4132 1303 4189 Deus
1341 4132 1396 4188 id
1453 4132 1603 4203 quod
1642 4134 1872 4190 liberum
1900 4144 1984 4193 est
2013 4152 2124 4192 non

549 4226 746 4298 redigit
787 4225 842 4280 in
878 4225 1219 4290 servitutem,
1248 4224 1373 4295 quis
1403 4229 1700 4298 potentiam
1727 4244 1883 4284 suam
1933 4239 2124 4301 poten-

551 4320 642 4375 tiae
691 4318 784 4375 Dei
833 4319 1144 4390 praeponat?
1173 4319 1438 4375 Caeterum
1485 4330 1570 4379 sat
1595 4321 1780 4378 oneris
1827 4322 2125 4394 imponitur

551 4411 642 4478 iis,
667 4412 760 4482 qui
792 4411 948 4466 liberi
975 4421 1124 4476 sunt,
1147 4411 1293 4483 quod
1327 4413 1591 4480 serviant,
1630 4422 1890 4486 tantaque
1917 4415 1973 4471 in
1999 4417 2123 4487 pul-

555 4517 678 4560 vere
719 4505 790 4560 sit
836 4503 1161 4570 differentia,
1198 4513 1258 4560 ut
1308 4504 1448 4561 alius
1476 4509 1724 4576 imperet,
1750 4507 1872 4563 ali-is
1901 4509 2126 4577 impere-

551 4605 660 4650 tur.
691 4597 756 4650 At
785 4611 962 4666 neque
984 4597 1198 4668 jugum,
1229 4611 1408 4667 neque
1437 4598 1765 4669 supplicium
1789 4599 1963 4671 primo
1995 4615 2124 4671 pec-

551 4698 676 4742 cato
706 4696 896 4744 nostro
933 4687 1288 4752 destinatum,
1321 4689 1729 4762 aggravandum
1767 4699 1872 4748 est.
1910 4689 2123 4747 Produ-

2219 3591 2300 3645 διὸ
2339 3590 2437 3663 τὴν
2486 3589 2647 3661 φύσιν
2675 3589 2919 3653 δουλείας
2949 3589 3044 3643 καὶ
3066 3589 3385 3661 κυριότητος
3415 3589 3631 3658 σχίσας
3659 3589 3810 3658 αἱ.τῄ

2220 3686 2384 3755 ἑαυτῇ
2433 3683 2700 3737 δουλεύειν
2746 3684 2841 3737 καὶ
2878 3685 3044 3754 ἑαυτῇ
3079 3681 3351 3752 κυριεύειν
3380 3681 3696 3753 ἐποίησας.
3723 3682 3811 3733 To:

2220 3777 2342 3830 καθ’
2373 3777 2661 3847 ὁμοιότητα
2683 3775 2818 3829 Θεοῦ
2845 3775 2974 3829 ὄντα
3002 3776 3104 3828 καὶ·
3122 3774 3302 3844 πάσης
3325 3774 3428 3844 γῆς
3456 3775 3719 3845 ἄρχοντα
3743 3775 3810 3836 τίς

2219 3869 2248 3922 ὁ
2276 3867 2635 3938 άπεμπολῶν;
2657 3867 2742 3932 τίς
2768 3869 2797 3921 6
2821 3865 3160 3937 ὠνούμενος;
3203 3867 3360 3936 μόνου
3391 3865 3537 3918 Θεοῦ
3563 3866 3639 3918 τὸ
3664 3867 3789 3936 δυνη

2222 3959 2380 4030 θῆναι
2409 3959 2586 4025 τοῦτο,
2633 3958 2830 4030 μᾶλλον
2872 3959 2928 4012 δὲ
2978 3957 3099 4012 οὑδὲ
3131 3956 3293 4011 αὐτοῦ
3327 3956 3422 4010 τοῦ
3454 3956 3606 4010 Θεοῦ
3630 3975 3648 3988 ·
3692 3960 3816 4027 ἀμε-

2220 4049 2500 4120 ταμέλητα
2529 4049 2637 4120 γὰρ
2664 4046 2829 4102 αὐτοῦ
2862 4046 2932 4100 τὰ
2961 4047 3294 4118 χαρίσματα.
3331 4047 3393 4098 El
3423 4045 3484 4098 δὲ
3511 4047 3556 4098 ‘6
3584 4046 3734 4109 Θεὸς
3760 4046 3813 4098 οὗ

2219 4139 2394 4193 δουλοῖ
2430 4141 2491 4194 τὸ
2539 4140 2842 4211 ἐλεύθερον,
2873 4139 2955 4202 τίς
2981 4141 3010 4192 6
3038 4138 3347 4209 ὑπερτιθεὶς
3391 4137 3488 4191 τοῦ
3541 4139 3695 4193 Θεοῦ
3724 4143 3814 4212 τὴν

2222 4231 2415 4286 ἑαυτοῦ
2441 4231 2792 4298 δυναστείαν;
2828 4231 2976 4303 Πλὴν
3006 4232 3166 4303 ἀρκεῖ
3203 4228 3475 4282 δουλεύειν
3511 4233 3640 4294 τοῖς
3677 4233 3818 4284 €3.94-

2223 4323 2420 4396 θέροις,
2447 4325 2541 4377 καὶ
2564 4324 2816 4377 τοσοῦτον
2846 4317 2984 4375 εἶναι
3009 4322 3067 4374 τὸ
3097 4321 3371 4393 διάφορον,
3407 4319 3556 4376 ὥστε
3583 4322 3695 4374 τοῦ
3725 4325 3814 4376 αὑ-

2222 4415 2315 4469 τοῦ
2353 4415 2475 4487 χοὸς
2507 4414 2566 4469 τὸ
2601 4415 2698 4486 μὲν
2731 4418 2972 4486 κρατεῖν,
3007 4413 3072 4468 τὺ
3102 4413 3162 4467 δὲ’
3189 4411 3472 4484 ἄρχεσθαι.
3521 4413 3614 4484 Μὴ
3647 4415 3816 4486 βαρο-

2222 4507 2396 4562 νέσθω
2439 4507 2496 4560 δὲ
2519 4509 2547 4562 ό
2578 4507 2760 4576 ζυγὸς,
2803 4505 2937 4578 μηδὲ
2965 4505 3064 4576 τῆς
3090 4504 3310 4576 πρώτης
3336 4504 3494 4576 ἡμῶν
3533 4507 3817 4578 ἁμαρτίας

2221 4600 2283 4653 τὸ
2326 4598 3004 4670 ἐπιτίμιον.Ἐξανατέλλει
3043 4598 3102 4650 δὲ
3148 4600 3206 4652 ἐν
3256 4595 3468 4661 τούτοις
3499 4598 3818 4669 ὑπερφυέσι

2223 4693 2317 4747 καὶ
2352 4692 2703 4764 ὑψηλοτάτοις
2731 4691 2909 4761 λόγοις
2929 4687 3096 4745 αὑτοῦ
3130 4690 3313 4760 ὄρεσιν
3341 4685 3461 4744 οὖσι
3486 4690 3726 4762 χόρτον·
3761 4692 3816 4744 ὃν

551 4781 626 4836 cit
674 4791 855 4837 autem
901 4781 960 4836 in
1018 4782 1106 4839 his
1169 4783 1683 4854 supernaturalibus
1729 4784 2115 4858 altissimisque

2227 4785 2486 4857 φέρεσθαι
2516 4784 2720 4857 τροφὴν
2748 4779 2848 4838 οἷοί
2874 4784 2936 4838 τέ
2963 4783 3188 4839 εἰσιν-οῖ
3211 4781 3741 4854 ἀλογώτεροι.Ἔπι
3759 4783 3812 4836 δὲ

552 4875 899 4930 sermonibus
954 4875 1090 4940 suis,
1131 4877 1225 4947 qui
1255 4885 1470 4934 montes
1509 4886 1658 4944 sunt,
1690 4876 1873 4934 fenum
1909 4896 1922 4932 :
1961 4894 2115 4949 quem

2228 4882 2257 4933 6
2287 4881 2344 4933 ὲν
2372 4877 2578 4942 τούτοις
2619 4880 2731 4942 τοῖς
2771 4877 2922 4949 ὄρεσι
2965 4876 3155 4947 χόρτος
3180 4876 3208 4928 6
3234 4875 3363 4946 περὶ
3398 4874 3505 4927 τῶν
3533 4873 3812 4944 αἰσθητῶν

550 4965 736 5021 cibum
784 4966 1278 5026 irrationabiliores
1335 4968 1479 5028 ferre
1521 4971 1757 5028 valeant.
1799 4969 1898 5027 Est
1937 4981 2120 5028 autem

553 5057 736 5114 fenum
782 5059 838 5114 in
867 5059 1017 5116 hisce
1046 5061 1325 5121 montibus
1355 5063 1614 5135 positum,
1649 5079 1831 5120 sermo
1859 5063 1924 5119 de
1949 5065 2124 5120 sensi-

553 5151 753 5207 bilibus
781 5160 835 5208 et
867 5153 1045 5208 littera
1080 5152 1411 5225 Scriptum;
1455 5155 1566 5211 imo
1592 5155 1755 5211 etiam
1785 5171 1967 5212 sermo
2005 5172 2124 5211 mo-

552 5242 707 5309 ralis,
748 5259 908 5314 quem
962 5246 1257 5302 multitudo
1304 5262 1524 5318 quoque
1571 5248 1851 5319 percipere
1897 5247 2120 5306 valebit.

553 5333 864 5391 dicentibus
920 5335 1175 5408 singulis,
1228 5336 1487 5393 Dominus
1532 5339 1703 5408 pascit
1750 5355 1849 5407 me,
1892 5350 1942 5393 et
1990 5339 2124 5393 nihil

2229 4970 2384 5040 λόγος
2412 4971 2504 5026 καὶ¹
2529 4969 2589 5023 τὸ
2616 4968 2850 5042 γράμμα
2885 4967 2983 5036 τῆς
3005 4967 3226 5039 Γραφῆς
3244 4983 3259 4997 ·
3285 4965 3421 5020 ἀλλὰ
3446 4966 3542 5020 καὶ
3561 4969 3592 5019 6
3612 4965 3811 5036 ἠθικώ-

2228 5081 2406 5136 τερος,
2435 5056 2497 5116 οὗ
2535 5061 2854 5134 μεταλαϐεῖν
2881 5061 2974 5113 καὶ
3003 5061 3052 5112 οἱ
3081 5059 3264 5112 πολλοὶ
3301 5059 3638 5130 δυνήσονται,
3676 5060 3804 5111 ἐκό-

2231 5172 2358 5208 στου
2390 5153 2497 5207 τῶν
2528 5152 2782 5206 τοιούτων
2811 5150 3088 5218 λέγοντος·
3128 5150 3341 5218 Κύριος
3369 5149 3664 5218 ποιμαίνει
3706 5166 3808 5216 με,

2230 5245 2330 5302 καί
2375 5243 2556 5298 οὐδέν
2592 5259 2670 5312 με
2711 5239 3074 5308 ὑστερήσει·
3113 5241 3198 5305 είς
3235 5240 3420 5292 τόπον
3450 5240 3643 5308 χλόης
3679 5237 3807 5291 ἐκεῖ

2223 5355 2300 5408 με
2342 5335 2838 5404 κατεσκήνωσεν·
2871 5333 2972 5388 ἐπὶ
3001 5332 3220 5400 ὓδατος
3244 5333 3642 5398 ἀναπαύσεως
3671 5331 3796 5395 ἐξέ-

553 5427 684 5480 mihi
711 5427 874 5482 deerit
903 5444 921 5483 :
952 5429 1009 5483 in
1037 5429 1152 5484 loco
1187 5445 1396 5499 pascua:
1437 5432 1512 5486 ibi
1539 5449 1620 5488 me
1647 5432 1943 5498 collocavit,
1975 5447 2115 5501 stipe:

2235 5428 2418 5499 θρεψέ
2455 5425 2934 5500 με.Ύπερ6άντες
2963 5425 3022 5480 δέ
3065 5441 3195 5478 ποτε
3226 5424 3325 5496 τὴν
3347 5422 3600 5493 τοιαύτην
3633 5424 3798 5476 κατά-

555 5537 746 5592 aquam
759 5519 1054 5590 refectioni:
1066 5522 1304 5578 educavit
1323 5540 1402 5579 me
1413 5524 1480 5578 ³⁸.
1500 5524 1604 5593 Qui
1618 5535 1800 5582 autem
1820 5527 2115 5596 bujusmod‘

2237 5539 2444 5586 στασιν,
2473 5518 2657 5574 οὐκέτι
2689 5520 2746 5574 ὲν
2775 5516 2986 5591 δουλείᾳ
3019 5515 3126 5571 τῶν
3154 5515 3456 5586 ἀνθρώπιον
3481 5515 3656 5578 ὄντες,

556 5619 759 5668 statum
798 5615 1256 5669 transcenderunt
1289 5630 1413 5670 cum
1438 5631 1548 5670 non
1581 5617 1636 5671 in
1669 5619 1932 5674 servitute
1960 5617 2132 5673 homi—

555 5718 688 5758 num
731 5713 1039 5770 versentur,
1065 5705 1158 5763 sed
1204 5707 1462 5766 homines.
1488 5708 1614 5766 facti
1645 5710 1778 5778 sint,
1805 5710 2007 5782 singuli
2029 5711 2130 5768 ite-

633 5857 678 5890 ⁸⁸
715 5857 858 5916 Psal.
899 5875 1043 5930 χιιι,
1084 5861 1152 5932 l,
1185 5862 1239 5919 2.

2234 5613 2508 5687 ἄνθρωποι
2537 5611 2910 5683 γεγενημένοι,
2934 5607 3116 5681 ὲροῦσι
3145 5607 3304 5662 πάλιν
3328 5608 3584 5671 ἕκαστος·
3630 5607 3800 5661 Ἠτοί-

2231 5723 2434 5778 μασας
2453 5705 2709 5766 ἐνώπιόν
2734 5722 2851 5777 μου
2880 5700 3167 5773 τράπεζαν
3187 5700 3535 5768 ἐξεναντίας
3559 5699 3674 5754 τῶν
3689 5701 3800 5754 0.1:-
