3954 7146
121 460 363 514 1277

1357 455 1865 513 COMMENTARIA
1907 457 1971 512 [Ν
2009 455 2348 514 PSALMOS.

2995 0 3042 2 _-
3081 0 3396 9 ___~q‘____
3419 0 3598 2 —__
3677 0 3710 2 γ
3757 0 3796 2 _
3837 0 3868 2 _

3327 457 3466 515 1278

121 579 248 632 ϐό
259 599 456 635 rtem
477 597 550 650 με
571 597 583 609 ·
613 580 904 645 ἐλίπανας
927 579 996 632 ἐν
1025 577 1204 642 ἐλαίῳ
1227 575 1338 645 τὴν
1366 574 1638 645 κεφαλήν
1659 594 1799 646 μου,

1930 593 2025 630 ὐιη
2051 576 2236 632 dicent
2283 596 2296 630 :
2335 574 2556 629 Parasti
2581 573 2634 628 in
2669 582 2940 644 conspectu
2975 591 3086 630 meo
3125 590 3354 629 mensam
3377 575 3472 630 ad-

131 673 304 726 καὶ
352 672 427 726 τὸ
452 669 737 739 ποτήριόν
753 689 872 740 μου
896 670 1204 740 μεθύσκον
1221 668 1301 734 ὠς
1330 666 1673 737 κράτιστον.
1690 667 1799 720 Καὶ

1904 683 2082 722 versus
2113 683 2200 721 eos
2227 667 2317 737 qui
2347 665 2604 719 tribulant
2641 681 2756 731 me;
2794 664 3134 736 impinguasti
3167 666 3223 721 in
3251 666 3363 722 oteo
3385 682 3474 721 ca-

135 766 253 818 τὸ
311 767 502 832 ἔλεός
525 780 643 819 σου
673 761 1097 826 καταδιώξεταί
1121 777 1196 829 με
1222 758 1423 825 πάσας
1445 758 1550 824 τὰς
1581 757 1802 827 ἡμέρας

1930 769 1997 812 ἀἱ
2029 775 2219 822 meum,
2255 767 2305 812 et
2339 757 2481 812 calix
2511 773 2654 812 meus
2677 756 2964 824 inebrians,
3001 774 3159 828 quam
3183 759 3472 827 prwclarus

143 854 330 922 τῆς
363 853 516 922 ζωῆς
531 871 671 923 μου,
693 853 790 905 καὶ
817 851 881 904 τὸ
909 849 1204 904 κατοικεῖν
1228 866 1306 919 με
1327 849 1396 902 ἐν
1419 848 1561 915 οἴκῳ
1582 849 1802 918 Κυρίου

1933 858 2002 903 st.
2049 848 2118 906 Et
2160 848 2524 903 misericordia
2585 860 2677 902 tua
2735 848 3074 919 subsequatur
3105 865 3186 906 me
3233 846 3474 924 omnibus

149 947 298 1010 εις
325 947 681 1015 μακρότητα
707 939 961 1012 ἡμερῶν.

287 1122 419 1176 Τοῦ
483 1119 795 1190 ἐξαγαγεῖν
855 1120 1032 1187 ἄρτον
1071 1119 1139 1172 ἐκ
1178 1116 1288 1184 τῆς
1331 1116 1461 1188 γῆς,
1511 1117 1608 1170 καὶ
1644 1112 1807 1181 οῒνος

168 1214 538 1283 εὐφραίνει
575 1211 823 1280 καρδίαν
858 1210 1170 1278 ἀνθρώπου
1189 1228 1202 1240 ·
1225 1211 1329 1265 τοῦ
1362 1210 1636 1278 ίλαρῦναι
1667 1209 1808 1276 πρό-

173 1322 445 1359 σωπον
491 1305 562 1358 ἐν
606 1304 806 1371 ἐλαίῳ,
851 1305 949 1357 καὶ
981 1302 1159 1372 ἄρτος
1205 1303 1452 1372 καρδίαν
1496 1301 1808 1370 ἀνθρώπου

177 1396 510 1466 στηρίξει.
544 1396 726 1463 Ἀξιον
765 1395 998 1450 ἐνταῦθα
1031 1394 1261 1467 ζητῆσαι
1294 1396 1438 1458 τίνος
1458 1396 1614 1467 χάριν
1643 1393 1810 1448 εἰπὼν

179 1490 224 1540 ὀ
271 1488 473 1552 Δαυῒδ,
498 1491 527 1542 ό
556 1488 921 1555 ἐξανατέλλων
981 1487 1173 1560 χόρτον
1219 1489 1330 1550 τοῖς
1364 1489 1638 1558 κτήνεσιν,
1677 1486 1812 1556 ἐπή-

182 1601 404 1654 γαγε·
445 1585 555 1639 Τοῦ
599 1583 912 1654 ἐξαγαγεῖν
938 1583 1119 1651 ἄρτον
1145 1583 1213 1636 ἐκ
1257 1581 1366 1650 τῆς
1407 1581 1539 1652 γῆς,
1581 1579 1690 1635 ἀπὸ
1717 1578 1812 1634 τοῦ

190 1678 386 1732 σίτου
427 1677 625 1748 δηλαδὴ
659 1675 1218 1746 κατασκευαζόμενον.
1252 1675 1316 1727 Τί
1341 1673 1472 1726 ποτέ
1500 1674 1648 1726 ἐστιν
1679 1672 1815 1742 ὅπερ

195 1770 546 1836 αἰνίξασθαι
593 1770 869 1842 βούλεται;
922 1771 1043 1822 Ὅτι
1092 1768 1155 1820 τὸ
1207 1766 1338 1820 αὐτὸ
1395 1765 1616 1837 σπέρμα
1660 1766 1814 1832 κοινὴ

201 1863 450 1932 γίνεται
481 1863 649 1934 ἐδωδὴ
701 1863 793 1916 καὶ
823 1861 1038 1930 ἀλόγοις
1067 1860 1162 1914 καὶ
1199 1856 1524 1931 ἀνθρώποις,
1566 1857 1626 1910 οὐ
1675 1855 1816 1910 κατὰ

1909 940 2090 996 diebus
2130 943 2250 996 vitm
2279 958 2429 1005 mem,
2455 950 2503 995 et
2533 952 2588 994 ut
2611 940 2896 996 inhabilem
2917 943 2971 996 in
2997 941 3152 997 domo
3180 941 3394 998 Domini
3420 941 3476 995 in

1907 1032 2282 1103 longitudinem
2317 1033 2518 1088 dierum
2533 1036 2598 1089 ³³.

1987 1124 2053 1178 Ut
2087 1124 2279 1180 educas
2306 1141 2496 1195 panem
2525 1124 2588 1180 de
2629 1134 2794 1191 terra,
2826 1134 2875 1180 et
2913 1125 3088 1180 uinum
3125 1127 3362 1198 la'tiﬁcat
3387 1146 3479 1184 cor

1912 1213 2178 1278 hominis;
2202 1223 2260 1268 ut
2290 1214 2546 1269 exhilaret
2577 1213 2766 1283 [aciem
2798 1215 2852 1269 in
2880 1215 3013 1281 oleo,
3037 1226 3085 1270 et
3108 1218 3260 1286 panis
3281 1235 3372 1272 cor
3394 1220 3480 1274 ho-

1911 1305 2075 1359 minis
2106 1308 2408 1376 conﬁrmat.
2442 1305 2542 1362 ilic
2576 1313 2884 1377 Opportune
2925 1317 3224 1378 quaaratur,
3261 1325 3366 1380 qua
3407 1309 3476 1365 dc

1913 1411 2082 1452 causa
2114 1413 2239 1452 cum
2270 1398 2502 1455 dixisset
2560 1398 2730 1454 David
2764 1421 2776 1454 :
2813 1399 3116 1454 Producens
3169 1400 3347 1469 fenum
3392 1399 3482 1467 iu-

1917 1491 2148 1554 mentis;
2180 1490 2546 1561 subjunxerit,
2579 1489 2646 1545 Ut
2683 1490 2876 1547 educas
2907 1508 3094 1556 panem
3119 1491 3181 1546 de
3226 1503 3386 1559 terra,
3416 1507 3486 1550 ex

1917 1585 2190 1642 frumento
2223 1602 2419 1658 nempe
2447 1587 2781 1643 confectum.
2817 1587 2955 1655 Quid
2989 1596 3170 1644 autem
3203 1597 3290 1645 est
3340 1590 3488 1661 quod

1916 1677 2205 1733 insinuare
2256 1677 2412 1732 vult?
2443 1675 2590 1733 idem
2648 1678 2860 1735 scilicet
2909 1693 3095 1736 semen
3143 1695 3486 1737 communem

1916 1784 2099 1826 escam
2129 1776 2389 1824 essetam
2429 1768 2609 1826 brutis
2662 1756 2823 1840 quam
2859 1771 3192 1840 hominibus,
3225 1773 3324 1828 sed
3376 1787 3488 1829 non

1920 1863 2107 1918 eadem
2139 1863 2371 1919 ratione.
2407 1861 2584 1932 Atque
2621 1862 2754 1918 illud
2804 1862 2898 1918 Dei
2930 1863 3212 1934 sapientia:
3255 1861 3380 1918 fuit.
3423 1863 3491 1919 Et

207 1955 292 2009 τὸ
325 1956 484 2009 αὑτό.
528 1933 646 2008 Kal.
665 1954 821 2007 τοῦτο
851 1953 908 2006 δὲ
939 1953 1039 2024 τῆς
1070 1952 1166 2006 τοῦ
1201 1951 1334 2006 Θεοῦ
1368 1951 1576 2020 σοφίας.
1615 1948 1813 2002 Σκόπει

1930 1969 2055 2009 vero
2079 1955 2130 2008 id
2161 1952 2569 2008 animadvertas
2599 1953 2795 2008 velim:
2827 1933 3102 2024 spargitur
3129 1951 3486 2019 frumentum,

209 2046 322 2100 δέ·
374 2046 786 2100 Καταὸάλλεται
833 2047 1000 2108 σῖτος,
1053 2045 1189 2108 τέως
1224 2044 1322 2115 μὲν
1371 2043 1672 2117 ἀνθρώπων
1703 2045 1819 2098 ἐστὶ

215 2138 418 2208 τροφὴ
465 2138 652 2208 μόνον·
694 2135 912 2189 ἐπειδὰν
953 2137 1009 2189 δὲ
1045 2135 1338 2209 βλαστάνῃ,
1371 2136 1543 2190 ἄνεισι
1583 2137 1679 2190 καὶ
1721 2135 1820 2206 τὴν

220 2231 348 2284 τῶν
378 2231 588 2300 ἀλόγων
615 2229 752 2300 ἔχων
785 2231 1012 2302 τροφήν.
1049 2231 1258 2302 Ὥσπερ
1290 2230 1398 2301 γάρ
1430 2230 1563 2283 αὐτὸ
1594 2230 1653 2283 τὸ
1682 2225 1820 2284 εἶναι

223 2322 300 2375 δι’
337 2324 487 2394 ἡμᾶς
518 2322 673 2375 ἔλαϐε
705 2321 774 2375 τὰ
808 2322 941 2387 ζῶα.
971 2320 1112 2375 οὕτω
1146 2320 1241 2375 καὶ
1269 2323 1302 2392 ἡ
1334 2320 1506 2393 τροφὴ
1551 2321 1731 2375 αὐτῶν
1757 2323 1822 2374 ἐκ

231 2417 341 2487 τῆς
372 2417 646 2488 ἡμετέρας
687 2416 892 2488 τροφῆς
921 2416 1031 2487 ἔχει
1063 2415 1160 2486 τὴν
1203 2416 1396 2486 ἀρχήν.
1445 2415 1508 2468 'Il
1540 2415 1648 2486 γὰρ
1691 2415 1820 2485 χλόη

227 2506 331 2559 διὰ
367 2506 522 2559 τοῦτο
552 2505 978 2577 προηγουμένως
1007 2504 1249 2574 γέγονεν,
1287 2505 1374 2558 ἵνα
1417 2505 1509 2557 τὸν
1534 2507 1678 2559 σῖτον
1704 2504 1821 2558 δια-

229 2601 408 2669 τηρῇ.
440 2594 592 2661 Εἶδες
623 2592 716 2650 οὖν
741 2597 812 2650 τὰ
841 2595 1010 2664 ἄλογα
1038 2597 1098 2650 οὐ
1136 2595 1295 2668 μόνον
1319 2598 1450 2666 ἡμῖν
1481 2595 1819 2658 δουλεύοντα,

236 2688 382 2742 ἀλλά
407 2688 500 2741 καὶ
524 2686 624 2758 τὴν
655 2687 859 2759 τροφὴν
892 2687 999 2741 τῶν
1029 2688 1234 2756 ἀλόγων
1265 2688 1333 2758 τῇ
1369 2687 1617 2758 ἡμετέρᾳ
1649 2690 1820 2758 τροφῇ

239 2780 717 2851 ὑπηρετουμένην,
757 2780 853 2832 καὶ
883 2781 950 2849 τῇ
985 2780 1136 2844 τάξει
1189 2778 1349 2832 πάλιν
1396 2779 1456 2832 τὸ
1503 2779 1632 2832 αὐτὸ
1669 2779 1826 2832 τοῦτο

245 2869 614 2940 μιμουμένην.
651 2870 863 2939 ’Ὠσπερ
891 2870 997 2938 γὰρ
1041 2868 1304 2941 πρότερον
1345 2868 1534 2936 ἄλογα,
1571 2869 1664 2922 καὶ
1701 2869 1823 2922 τότε

244 2960 556 3031 ἄνθρωπος,
590 2960 777 3031 ἐπειδὴ
809 2959 896 3014 διὰ
926 2959 1015 3012 τὸν
1043 2960 1327 3031 ἄνθρωπον
1355 2959 1425 3013 τὰ
1452 2960 1650 3028 ἄλογα’
1686 2959 1827 3014 οὕτω

246 3053 342 3106 καὶ
365 3053 578 3123 πρῶτον
601 3052 752 3122 χλόη.
775 3051 868 3104 καὶ
889 3052 1009 3105 τότε
1037 3054 1178 3115 σῖτος
1207 3053 1264 3104 ὲν
1290 3054 1356 3123 τῇ
1386 3051 1611 3124 βλάστῃ,
1640 3050 1825 3122 ἐπειδὴ

247 3145 339 3198 διὰ
366 3145 456 3198 τὸν
490 3147 632 3198 σῖτον
661 3146 694 3216 ὴ
726 3145 876 3216 χλόη.
910 3143 1018 3198 Καὶ
1049 3141 1212 3211 οἶνος
1243 3145 1547 3214 εὐφραίνει
1577 3144 1829 3212 καρδίαν

249 3235 586 3306 ἀνθρώπου.
617 3237 695 3293 Οὐ
739 3239 869 3301 πᾶς,
896 3237 929 3308 ἦ
965 3236 1124 3308 μόνος
1165 3238 1194 3290 ὁ
1223 3236 1321 3306 τὴν
1360 3236 1571 3304 γένεσιν
1600 3235 1736 3307 έχων
1765 3237 1829 3288 ὲκ

250 3327 347 3379 τοῦ
391 3327 667 3393 εἰπόντος’
729 3328 876 3399 Ἐγώ
905 3330 1020 3398 ειμι
1069 3329 1108 3397 ἡ
1155 3326 1422 3397 ἄμπελος
1463 3329 1502 3396 ἠ
1549 3325 1824 3395 ἀληθινή.

267 3421 404 3474 Ἀλλ’
445 3423 567 3476 ἐπεὶ
597 3423 668 3477 τά
710 3422 944 3494 αἰσθητά
974 3423 1152 3476 πάντα
1178 3421 1251 3492 γῆ
1279 3421 1366 3475 διὰ
1398 3421 1457 3474 τὺ
1492 3421 1672 3474 ὑλικὸν
1711 3423 1828 3475 ὀνο-

259 3516 504 3586 μάζεται,
530 3518 609 3580 εἰς
632 3516 818 3570 τοῦτον
839 3516 894 3569 δὲ
917 3514 1100 3567 λαϐεῖν
1122 3517 1237 3568 ἐστι
1260 3515 1416 3583 λόγον
1439 3515 1831 3578 ἁναϐιϐάζοντα

255 3609 344 3663 διά
369 3627 510 3674 τινος
541 3608 828 3677 ἀναλογίας
855 3611 946 3662 ἐπὶ
976 3609 1044 3663 τά
1079 3607 1275 3682 νοητά”
1313 3607 1407 3660 καὶ
1437 3603 1588 3670 οὗτος
1621 3607 1649 3659 ὁ
1677 3607 1833 3675 λόγος

257 3703 420 3773 ἄρτος
449 3702 595 3754 ἐστὶν
624 3703 689 3755 ὲκ
732 3701 829 3771 τῆς
861 3702 963 3772 γῆς
1009 3701 1356 3771 ἐξαγόμενος,
1391 3701 1482 3752 ἐπὶ
1515 3699 1578 3751 τὸ
1615 3699 1832 3770 τρέφειν

257 3792 350 3844 τὸν
382 3793 529 3845 ἔνδον
565 3795 660 3846 καὶ
703 3793 760 3846 ὲν
807 3791 1036 3864 κρυπτῷ
1080 3792 1386 3866 ἄνθρωπον,
1427 3791 1523 3850 καὶ
1567 3791 1674 3844 ἀπὸ
1723 3790 1832 3844 τῶν

265 3882 590 3952 σωματικῶν
617 3883 674 3936 δὲ
701 3885 798 3954 τῆς
833 3884 1049 3955 γραφῆς
1086 3883 1438 3954 διηγημάτων
1467 3883 1555 3936 διὰ
1587 3883 1648 3936 τὸ
1687 3884 1831 3935 ιστο-

263 3976 408 4047 ρικὸν
443 3977 513 4047 γῆ
561 3978 865 4049 εἰρημένον.
903 3977 1100 4047 "Apso;
1137 3976 1464 4047 ἐξαγόμενος
1507 3976 1536 4028 ὁ
1573 3975 1834 4046 μυστικὸς

263 4069 373 4119 ἐστι
403 4067 576 4135 λόγος.
629 4067 739 4121 Τοῦ
767 4066 1114 4136 ἑξιλαρῦναι
1157 4067 1485 4135 πρόσωπον
1515 4066 1584 4118 ἐν
1628 4065 1831 4128 ἐλαίῳ,

265 4159 358 4212 καὶ
399 4159 576 4228 ἄρτος
615 4160 866 4227 καρδίαν
892 4159 1206 4228 ἀνθρώπου
1238 4159 1516 4227 στηρίξει.
1561 4158 1834 4231 ἰλαρύνε-

265 4269 350 4304 ται
376 4252 429 4306 δὲ
463 4252 555 4305 καὶ
587 4252 934 4324 φαιδρύνεται
961 4252 1020 4306 τὸ
1054 4252 1340 4322 πρόσωπον
1370 4250 1464 4304 τοῦ
1497 4251 1603 4304 ἔσω
1628 4248 1836 4322 ἀνθρὼ-

268 4361 364 4396 που
396 4343 559 4414 ἐλαίῳ
588 4342 668 4413 τῷ
705 4342 981 4414 Ορεπτικῷ
1011 4341 1102 4395 τοῦ
1140 4341 1284 4395 Θείου
1311 4341 1506 4410 φωτὸς,
1539 4341 1634 4394 καὶ
1657 4339 1835 4394 λύοντι

267 4437 360 4502 τὰς
387 4437 570 4501 νόσους
599 4436 694 4490 καὶ
719 4436 845 4500 τοὺς
874 4436 1068 4499 πόνους
1096 4435 1194 4506 τῆς
1220 4435 1420 4505 ψυχῆς,
1454 4433 1666 4506 ἐπινοίᾳ
1700 4433 1834 4505 μόνῃ

272 4529 516 4602 διαφέρον
566 4527 662 4582 τοῦ
715 4528 1069 4592 ἀποδοθέντος
1108 4527 1273 4581 οἴνου.
1327 4527 1385 4581 '0
1431 4512 1538 4597 γάρ
1570 4524 1664 4579 τοῦ
1699 4523 1833 4578 Θεοῦ

1923 2056 2086 2119 atque
2110 2048 2378 2103 hactenus
2423 2046 2645 2118 quidem
2689 2045 2970 2101 hominum
3022 2052 3107 2101 est
3149 2045 3491 2114 cibusgcum

1923 2150 2110 2198 autem
2141 2141 2546 2213 germinaverit,
2612 2141 2879 2210 exsurgit,
2923 2139 3211 2194 brutorum
3273 2155 3492 2212 quoque

1922 2234 2242 2288 alimentum
2275 2230 2584 2302 proferens.
2619 2230 3082 2297 Quemadmodum
3113 2231 3258 2286 enim
3284 2231 3492 2288 anima-

1921 2323 1996 2380 lia
2025 2323 2076 2378 id
2109 2323 2279 2377 nostri
2330 2335 2495 2376 causa
2550 2327 2882 2392 acceperunt
2911 2320 3056 2391 quod
3098 2321 3386 2387 exsistant,
3417 2319 3492 2374 ita

1924 2423 1978 2470 et
2006 2429 2133 2469 esca
2167 2414 2382 2468 illorum
2408 2429 2440 2468 a
2470 2420 2662 2467 nostra
2692 2412 2908 2467 initium
2940 2413 3122 2469 habet.
3158 2411 3292 2467 Nam
3325 2410 3493 2468 herba

1925 2510 2048 2565 ideo
2083 2512 2318 2564 maxime
2345 2507 2687 2578 producitur.
2725 2516 2786 2563 ut
2817 2508 3148 2562 frumentum
3181 2513 3490 2563 conservet.

1924 2601 2094 2657 Vides
2118 2601 2285 2671 igitur
2324 2616 2436 2656 non
2466 2602 2644 2656 solum
2678 2601 2838 2655 bruta
2885 2601 3044 2656 nobis
3089 2599 3366 2665 famulari,
3400 2615 3496 2656 ve-

1926 2709 2049 2749 rum
2079 2694 2241 2748 etiam
2277 2693 2459 2748 cibum
2510 2708 2700 2748 eorum
2731 2693 2855 2747 cibo
2901 2703 3092 2748 nostro
3145 2693 3382 2756 servire,
3411 2699 3496 2746 at-

1928 2802 2035 2857 que
2058 2786 2248 2842 eodem
2278 2784 2472 2840 ordine
2495 2793 2548 2840 et
2569 2785 2781 2840 ratione
2802 2785 2857 2840 id
2887 2784 3064 2856 ipsum
3095 2800 3274 2856 agere.
3299 2784 3499 2852 Quem-

1927 2875 2221 2931 admodum
2266 2875 2410 2930 enim
2448 2875 2602 2946 prius
2650 2873 2833 2940 bruta,
2882 2874 3078 2931 deinde
3127 2876 3312 2940 homo,
3365 2874 3494 2945 quia

1928 2973 2154 3037 pr0pter
2185 2966 2462 3021 hominem
2519 2967 2714 3033 bruta;
2769 2965 2851 3021 sic
2914 2966 3092 3035 primo
3138 2966 3330 3030 herba,
3367 2979 3490 3019 mox

1931 3056 2264 3112 frumentum
2297 3057 2354 3110 in
2411 3055 2673 3126 germine,
2702 3057 2831 3126 quia
2887 3062 3110 3126 propter
3162 3053 3494 3110 frumentum

1929 3147 2121 3206 herba.
2155 3146 2226 3200 Et
2263 3149 2440 3202 vinum
2477 3147 2714 3217 latiﬁcat
2763 3163 2852 3202 cor
2891 3147 3116 3202 hominis
3152 3161 3170 3200 :
3199 3162 3309 3201 non
3341 3161 3500 3201 omne

1929 3237 2137 3305 vinum,
2164 3238 2260 3294 sed
2289 3237 2422 3293 illud
2445 3238 2620 3293 solum
2647 3238 2792 3308 quod
2820 3247 3002 3293 ortum
3022 3239 3188 3294 habet
3217 3238 3285 3293 ab
3305 3253 3371 3292 eo
3399 3237 3493 3308 qui

1931 3329 2100 3385 dicit:
2127 3329 2238 3402 Ego
2269 3347 2388 3385 sum
2417 3329 2538 3385 uitis
2564 3329 2768 3385 uera“.
2789 3330 2896 3386 Sed
2923 3331 3052 3402 quia
3074 3331 3297 3386 sensilia
3317 3330 3502 3385 omnia

1932 3424 2002 3480 ob
2031 3424 2319 3481 materiam
2371 3434 2516 3479 terra
2548 3432 2836 3490 vocantur,
2889 3432 3052 3495 atque
3105 3423 3172 3480 de
3214 3423 3309 3479 illo
3359 3422 3502 3478 accio

1934 3517 2165 3588 piendus
2189 3533 2371 3574 sermo
2395 3527 2501 3584 est,
2533 3518 2624 3588 qui
2653 3516 2885 3587 quadam
2925 3517 3137 3572 ratione
3177 3523 3231 3573 et
3272 3532 3501 3588 propor-

1935 3610 2082 3665 tione
2109 3609 2174 3664 ad
2206 3609 2514 3681 Spiritualia
2537 3610 2733 3665 deinde
2753 3610 2948 3679 erigit;
2977 3609 3065 3664 hic
3092 3625 3310 3680 quoque
3325 3623 3504 3665 sermo

1935 3700 2094 3769 panis
2123 3707 2208 3755 est
2235 3700 2302 3755 de
2324 3707 2469 3756 terra
2500 3699 2754 3764 eductus,
2791 3707 2851 3754 ut
2873 3699 3188 3755 interiorem
3216 3707 3270 3756 et
3319 3699 3503 3754 occul-

1935 3801 2052 3847 tum
2081 3792 2358 3849 hominem
2389 3794 2596 3849 nutriat
2628 3810 2641 3846 :
2677 3801 2840 3864 atque
2874 3809 2904 3847 a
2925 3795 3204 3864 corporeis
3256 3792 3505 3863 Scriptu-

1935 3901 2010 3940 ra:
2043 3885 2480 3950 narrationibus,
2513 3885 2586 3941 ob
2617 3884 2924 3940 naturalem
2952 3886 3190 3940 historiae
3209 3885 3500 3946 rationem,

1934 3986 2080 4034 terra
2115 3978 2342 4033 dicitur.
2390 3976 2556 4032 Panis
2589 3977 2791 4048 quippe
2831 3977 3086 4041 eductus,
3125 3982 3211 4032 est
3237 3974 3503 4046 mysticus

1935 4084 2139 4125 sermo.
2175 4068 2241 4122 Ut
2269 4069 2526 4122 exhilaret
2558 4068 2748 4136 faciem
2789 4068 2842 4122 in
2875 4067 3011 4133 oleo,
3041 4076 3091 4120 et
3115 4067 3269 4135 panis
3300 4082 3389 4120 cor
3409 4068 3504 4119 ho-

1934 4161 2091 4214 minis
2115 4160 2416 4229 conﬁrmat.
2441 4158 2787 4212 Exhilaratur
2806 4173 2972 4229 porro
2995 4174 3058 4213 ac
3083 4159 3389 4214 illustratur
3421 4157 3506 4211 in-

1937 4251 2156 4308 terioris
2189 4251 2428 4306 hominis
2458 4250 2628 4306 facies
2661 4252 2803 4315 oleo,
2837 4251 2982 4321 quod
3007 4249 3246 4304 divinam
3286 4250 3383 4303 alit
3422 4249 3498 4304 lu-

1935 4360 2078 4410 cem,
2105 4360 2170 4399 ac
2203 4345 2428 4399 morbos
2461 4344 2787 4416 laboresque
2822 4344 3018 4399 animm
3055 4344 3236 4407 solvit,
3282 4343 3507 4414 solaque

1941 4437 2278 4507 intelligendi
2333 4437 2548 4492 ratione
2575 4451 2605 4490 a
2637 4443 2944 4492 memorato
2989 4437 3117 4492 vino
3159 4435 3359 4492 differt.
3409 4435 3506 4491 Dei

1938 4527 2138 4598 quippe
2161 4527 2410 4590 verbum,
2443 4535 2502 4580 ut
2527 4525 2678 4588 vitis,
2713 4525 2791 4579 ita
2821 4533 2875 4579 et
2922 4523 3066 4578 oliva
3107 4532 3209 4579 est.
3245 4521 3380 4593 Ego,
3421 4521 3506 4576 in-

271 4623 416 4694 λόγος
443 4622 630 4695 ὥσπερ
659 4620 921 4692 ἄμπελος,
956 4618 1098 4673 οὕτω
1139 4621 1233 4673 καὶ
1261 4618 1419 4674 ἐλαία
1446 4618 1620 4672 ἐστίν·
1667 4617 1827 4688 Ἐγὼ,

1940 4621 2081 4690 quit,
2116 4620 2250 4673 sicut
2300 4617 2440 4673 oliva
2489 4616 2875 4688 fructifera,in
2937 4614 3092 4669 domo
3150 4613 3334 4670 Dei“.
3370 4613 3502 4669 Nam

273 4717 459 4785 φησὶν,
503 4713 647 4768 ὡσεὶ
697 4714 874 4768 ἐλαία
918 4711 1298 4780 κατάκαρπος
1323 4710 1394 4764 ἐν
1437 4708 1518 4775 τῷ
1551 4710 1693 4780 οτκῳ
1726 4708 1833 4762 τοῦ

277 4804 432 4858 Θεοῦ.
479 4801 540 4858 Ἦ
571 4803 678 4876 γάρ
706 4801 871 4858 αὐτοῦ
902 4799 1218 4856 διδασκαλία
1243 4798 1384 4854 κατὰ
1414 4799 1668 4870 διάφορον
1712 4798 1834 4869 σχέ-

278 4911 352 4950 σιν
374 4891 511 4960 οἶνός
541 4915 599 4951 τε
633 4898 728 4952 καὶ
757 4895 932 4951 ἔλαιόν
959 4897 1074 4949 ἐστι
1098 4893 1192 4948 καὶ
1225 4893 1409 4966 ἄρτος.

339 4991 812 5059 Χορτασθήσεται
841 4991 914 5045 τὰ
947 4989 1104 5055 ξύλα
1136 4987 1243 5043 τοῦ
1273 4987 1504 5049 πεδίου,
1541 4989 1600 5040 al
1635 4984 1831 5057 κέδροι

278 5086 372 5141 τοῦ
395 5083 650 5139 Λιϐάνου
677 5082 750 5150 ἇς
772 5084 1114 5152 ἐφύτευσας
1130 5097 1144 5111 ο
1175 5079 1304 5134 ἐκεῖ
1319 5080 1603 5147 στρουθιά
1622 5079 1834 5134 ἐννοσ-

279 5179 581 5234 σεύσουσι.
621 5175 730 5229 Τοῦ
760 5173 1004 5243 ἐρωδιοῦ
1054 5175 1094 5243 ἡ
1143 5175 1302 5227 οἰκία
1333 5171 1558 5244 ἡγεῖται
1605 5172 1831 5226 αὐτῶν·

285 5273 375 5342 ὅρη
401 5270 472 5326 τὰ
503 5268 713 5339 ὑψηλὰ
736 5267 864 5334 ταῖς
883 5267 1150 5337 ἐλάφοις,
1174 5266 1358 5334 πέτρα
1378 5262 1688 5334 καταφυγὴ
1711 5263 1834 5330 τοῖς

1943 4712 2065 4782 ejus
2094 4710 2341 4765 doctrina
2371 4710 2672 4766 secundum
2703 4709 2976 4764 diversam
3018 4708 3304 4772 rationem,
3332 4712 3387 4761 et
3422 4703 3498 4760 vi-

1938 4818 2069 4858 num
2097 4811 2153 4860 et
2189 4803 2367 4859 oleum
2394 4811 2449 4858 et
2483 4803 2642 4873 panis
2667 4809 2776 4858 est.

2011 4982 2177 5038 Vsus.
2213 4981 2398 5039 16-18.
2431 4978 2827 5038 Saturabuntur
2861 4979 3004 5050 ligna
3027 4979 3219 5047 campi,
3245 4976 3386 5031 cedri
3414 4974 3502 5030 Li-

1941 5075 2086 5140 bani,
2109 5091 2239 5146 quas
2270 5075 2547 5145 plantasti,
2579 5072 2689 5126 illic
2715 5086 2951 5140 passeres
2982 5066 3346 5139 nidiﬁcabunt.
3368 5065 3497 5122 Ero-

1943 5167 2019 5221 dii
2049 5167 2236 5222 domus
2285 5166 2395 5220 dux
2439 5173 2516 5220 est
2564 5179 2745 5218 eorum
2775 5180 2793 5218 :
2825 5171 3025 5216 montes
3075 5158 3266 5214 excelsi
3317 5160 3502 5224 cervis,

1940 5269 2090 5330 petra
2134 5259 2394 5330 refugium
2435 5257 2737 5314 herinaciis.
2795 5253 3122 5312 liebraicum
3151 5251 3428 5321 exemplar
3451 5258 3506 5305 cl.

286 5341 761 5436 χοιρογρυλλίοις.
814 5360 872 5414 '0
913 5360 1160 5431 Ἐσραῖος
1219 5359 1313 5412 καὶ
1361 5359 1409 5411 oi
1451 5357 1648 5424 λοιποὶ,
1683 5355 1827 5420 ξύλα

1941 5353 2138 5422 reliqui
2202 5351 2555 5422 interpretes,
2619 5349 2764 5420 ligna
2822 5345 3060 5410 Domini,
3100 5341 3506 5436 habeutaCum

288 5434 376 5512 τοῦ
427 5455 682 5524 Κυρίου,
731 5451 1030 5506 τεθείκασι.
1076 5449 1370 5516 Διεξελθὼν
1419 5447 1488 5504 τὰ
1541 5447 1827 5520 κάρπιμα,

1937 5444 2228 5501 fructifera
2283 5444 2680 5511 recensuisset,
2731 5441 3041 5498 necessario
3108 5437 3272 5493 etiam
3324 5434 3505 5490 fructu

288 5547 582 5617 ἀναγκαίως
614 5543 937 5617 μνημονεύει
985 5543 1079 5596 καὶ
1107 5543 1215 5596 τῶν
1242 5542 1526 5616 ἀκάρπων,
1556 5541 1632 5604 ὡς
1675 5539 1827 5608 ἀναγ·

1939 5540 2181 5594 carentia
2214 5547 2499 5606 memorat,
2531 5545 2719 5608 utpote
2745 5550 2864 5606 qua:
2899 5531 3211 5587 hominibus
3239 5528 3307 5584 ad
3342 5543 3502 5585 usum

291 5639 431 5698 καίαν
481 5637 790 5710 ἀνθρώποις
842 5635 936 5689 καὶ
989 5633 1168 5688 αὐτῶν
1223 5634 1568 5705 παρεχόντων
1629 5631 1827 5703 χρείαν.

1941 5631 2257 5686 necessaria
2284 5631 2413 5686 sint.
2445 5629 2677 5701 Ideoque
2716 5629 2833 5698 ipsa
2888 5624 3105 5682 Domini
3145 5619 3502 5694 nuncupavit.

292 5734 373 5790 Διὰ
397 5731 551 5786 τοῦτο
578 5733 671 5784 καὶ
697 5728 901 5801 Κυρίου
943 5727 1084 5782 αὐτὰ
1115 5727 1567 5799 προσηγόρευσεν,
1590 5724 1666 5789 ὡς
1687 5725 1827 5780 αὐτο

1946 5730 2005 5778 ut
2037 5731 2232 5794 sponte
2254 5723 2559 5790 nascentia,
2584 5736 2762 5792 neque
2801 5735 2965 5776 manu
2990 5718 3171 5787 culta;
3197 5715 3293 5773 sed
3317 5714 3502 5774 divino

349 5891 391 5925 "
417 5888 558 5946 Psal.
589 5905 722 5956 nn,
757 5888 870 5943 5-7.
947 5889 992 5922 "
1031 5883 1186 5942 Joan.
1225 5900 1310 5951 xv,
1350 5885 1396 5940 i.
1474 5884 1515 5916 “
1555 5881 1700 5938 Psal.
1735 5897 1811 5948 ιι,
1845 5880 1958 5964 10..

3 6513 460 6778 I’
1211 6522 1827 6778 “'-

1283 6522 3948 6778 —
