3994 6424
607 357 747 418 1279

1266 367 1536 425 EUSEBII
1572 371 2046 430 CAESARIENSIS
2083 374 2231 432 OPP.
2272 375 2562 441 PARSJII.
2587 410 2656 420 —
2694 378 3100 439 EXEGETICA.

3657 400 3675 454 l
3686 404 3753 459 £80

604 472 774 525 verbo
823 471 1209 542 germinantia.
1269 475 1425 533 Cedri
1479 478 1672 536 Libani
1699 499 1832 554 quas
1891 485 2124 555 plantas!

606 559 839 587 διιιιιιι-ι.
903 562 1186 587 ..-ΑΙ--..μμ
1249 567 1502 587 ..1---.-.ομ
1567 586 1572 587 ,
1710 571 1747 587 ιι
2017 577 2029 587 ι
2106 577 2117 587 .

2216 492 2246 549 Α
2273 489 2384 557 τρυᾶ
2411 488 2505 542 καὶ
2529 489 2588 542 οὐ
2621 490 2979 563 χειρόκμητα,
3008 493 3143 548 ἀλλὰ
3182 495 3257 567 τῷ
3286 496 3407 570 θείῳ
3433 501 3561 576 λόγῳ
3583 507 3753 587 gum.

605 559 842 617 Pulchre
899 562 1189 620 cedrorum
1249 567 1641 637 plantationem
1707 571 1818 630 Deo
1888 577 2167 647 ascripsit,

604 653 731 724 quia
757 654 875 710 sine
901 655 1012 710 ulla
1073 656 1312 714 humana
1360 677 1491 716 cura
1537 663 1593 718 in
1630 674 1836 721 tantam
1890 669 2172 725 celsitudi-

602 761 725 800 nem
757 755 1140 803 excreverunt.
1184 748 1306 808 Non
1353 754 1499 808 enim
1551 755 1816 827 lignarios
1845 760 2042 831 aliquis
2079 776 2174 817 ea-

601 851 722 890 rum
753 837 932 892 cultor
967 837 1069 893 fuit
1093 858 1106 906 ;
1133 841 1228 896 sed
1254 841 1498 899 divinum
1524 847 1751 902 verbum
1782 851 2048 906 montium
2077 867 2171 908 ca-

599 929 818 982 cumina
849 929 936 986 his
966 945 1137 1001 opaca
1171 932 1318 989 fecit.
1358 935 1513 1003 Quod
1565 937 1610 994 si
1657 938 1776 1011 ipse
1817 941 2166 1012 plantaverit,

596 1035 728 1075 sane
755 1021 916 1078 utiles
949 1031 1119 1080 sunt:
1157 1025 1363 1097 optima
1412 1030 1613 1101 quippe
1656 1039 1786 1088 sunt
1831 1049 2167 1106 quaecunque

595 1110 740 1168 Deus
761 1111 958 1170 ell‘ecit.
983 1114 1118 1170 Cum
1138 1133 1301 1187 porro
1317 1118 1510 1176 Libani
1536 1130 1799 1196 tanquam
1821 1125 2165 1183 celeberrimi

593 1205 927 1263 mentionem
990 1209 1138 1276 fecit,
1196 1228 1410 1271 necnon
1476 1217 1766 1274 cedrorum
1825 1219 1969 1290 ejus,
2025 1221 2164 1280 alios

590 1298 754 1352 etiam
779 1310 992 1358 montes
1022 1310 1075 1358 et
1105 1304 1330 1362 arbores
1365 1307 1450 1364 his
1482 1310 1833 1382 signiﬁcavit.
1871 1312 2000 1368 Illic
2034 1330 2161 1384 pas-

588 1404 726 1444 seres
772 1390 1140 1463 nidi/icabunt.
1185 1394 1376 1454 Erodii
1429 1399 1617 1459 domus
1659 1405 1770 1460 dua:
1834 1417 1914 1463 est
1954 1424 2157 1464 eorum.

585 1478 782 1550 Aquila
827 1484 908 1540 sic
946 1484 1111 1544 habet
1149 1504 1163 1542 :
1197 1489 1320 1546 Illic
1380 1510 1499 1550 aves
1551 1496 1923 1568 nidiﬁcabunt.
1959 1500 2158 1558 Erodio

585 1571 781 1630 abietes
809 1575 995 1632 domus
1032 1581 1154 1649 ipsi.
1200 1581 1336 1640 Nam
1393 1585 1478 1643 hac
1526 1588 1660 1660 ipsae
1712 1590 1938 1649 arbores
1990 1594 2157 1650 alium

583 1664 805 1730 quidem
850 1668 1187 1742 hominibus,
1218 1677 1384 1733 alium
1416 1696 1546 1737 vero
1580 1682 1773 1741 avibus
1815 1701 1975 1743 usum
2017 1703 2158 1759 prte-

582 1750 733 1810 bent.

650 1929 820 1990 Vens.
870 1936 958 1993 l9.
998 1937 1148 1996 Fecit
1183 1943 1363 2000 lunam
1392 1947 1447 2002 in
1468 1958 1703 2022 tempora
1735 1971 1754 2010 :
1787 1957 1870 2012 sol
1912 1963 2146 2030 cognovit

579 2037 823 2079 occasum
851 2045 1026 2085 suum.
1055 2034 1191 2089 Cum
1252 2045 1466 2096 terrena
1523 2046 1705 2100 omnia
1751 2053 2145 2122 recensuisset,

576 2113 1040 2193 invisibiliumque
1068 2134 1385 2187 naturarum
1433 2136 1762 2193 creationem
1785 2141 2144 2212 exhibuisset,

575 2207 842 2263 caelorum
875 2211 1005 2269 item
1036 2217 1313 2287 opiﬁcium
1358 2223 1783 2296 subindicasset,
1810 2248 1958 2289 nunc
1984 2235 2146 2292 lumi-

573 2298 790 2353 narium
821 2305 1152 2362 mentionem
1185 2309 1334 2378 facit,
1366 2330 1487 2385 qua:
1531 2328 1727 2388 quarto
1783 2321 1873 2380 die
1920 2326 2142 2384 condita

567 2568 692 2636 bus,
725 2571 792 2628 de
824 2575 1063 2634 nubibus
1086 2587 1141 2637 et
1165 2583 1340 2639 ventis
1357 2587 1520 2642 verba
1540 2587 1762 2660 fecerat,
1784 2610 1930 2652 nunc
1956 2613 2138 2655 sermo

565 2663 831 2732 resumit,
889 2683 952 2724 ea
1000 2679 1124 2741 post
1177 2682 1258 2729 tot
1305 2675 1412 2732 alia
1455 2683 1727 2738 recensita
1795 2702 2134 2761 memorans;

563 2766 753 2809 verum
773 2765 834 2811 ut
852 2757 1044 2817 doceat
1086 2763 1199 2821 haec
1225 2783 1444 2842 quoque
1476 2773 1544 2828 ad
1578 2775 1870 2834 utilitatem
1914 2757 2134 2840 condita

562 2839 756 2900 fuisse.
785 2844 1035 2906 Forsitan
1090 2855 1234 2910 enim
1263 2858 1307 2914 si
1347 2839 1460 2916 hanc
1501 2862 1681 2933 primo
1732 2869 1853 2926 loco
1893 2887 2133 2930 comme-

555 3309 712 3355 erant
756 3306 1172 3383 existimarent;
1205 3319 1445 3376 animum
1477 3326 1806 3397 appulerunt
1842 3339 1903 3386 ut
1956 3332 2126 3389 solem

553 3393 609 3441 et
645 3389 851 3462 lunam,
881 3404 1140 3470 tanquam
1173 3404 1308 3463 deos
1365 3389 1758 3483 generationis,
1797 3419 2042 3478 alimenti
2072 3432 2128 3479 et

555 3479 874 3542 incrementi
917 3495 1092 3550 nostri
1125 3506 1401 3571 auctores,
1440 3506 1701 3564 colerent.
1743 3509 1846 3568 Sed
1908 3514 2126 3574 divinus

552 3588 733 3632 sermo
761 3577 815 3634 id
845 3583 1069 3643 minime
1098 3593 1295 3659 probat
1328 3613 1342 3650 :
1376 3597 1657 3656 enimvero
1688 3603 1935 3672 atlirmat,
1959 3609 2123 3665 etiam

551 3666 688 3723 citra
715 3669 924 3740 isthaac,
952 3678 1317 3739 universalem
1365 3685 1514 3743 illam
1558 3689 1654 3750 Dei
1700 3698 2121 3769 providentiam,

549 3772 659 3813 non
687 3761 865 3819 solum
893 3782 1014 3838 qua:
1043 3771 1099 3826 in
1134 3775 1309 3843 cmlis,
1344 3779 1440 3835 sed
1470 3782 1635 3838 etiam
1675 3803 1798 3856 quae
1854 3791 1909 3844 in
1952 3801 2118 3861 terra,

546 3850 805 3942 animalia
834 3873 1028 3931 nempe
1044 3864 1386 3940 plantasque,
1420 3850 1772 3942 produxisse.
1822 3879 1946 3938 llaec
1991 3850 2119 3942 item

545 3939 764 4014 Moyses
786 3954 844 4003 ut
864 3950 1104 4020 doceret,
1123 3939 1300 4027 primo
1327 3939 1640 4034 plantarum
1663 3976 2003 4031 terrestrium
2029 3993 2121 4032 or-

544 4040 682 4101 tum,
702 4038 1259 4104 deindeluminarium
1280 4053 1693 4122 productionem
1711 4061 1943 4119 induxit.
1963 4065 2116 4124 Nunc

543 4124 671 4182 item
703 4129 871 4189 David
894 4134 1074 4194 denuo
1094 4143 1330 4199 recurrit
1349 4146 1415 4201 ad
1438 4150 1744 4207 caelestium
1766 4155 1912 4212 illam
1934 4161 2117 4230 provi-

542 4218 807 4294 dentiam,
840 4243 904 4285 ac
931 4233 1080 4288 nulla
1129 4238 1237 4291 alia
1292 4239 1359 4296 de
1400 4256 1568 4300 causa
1616 4250 1894 4306 conditam
1927 4253 2113 4312 lunam

542 4310 713 4372 fuisse
739 4320 833 4385 ait,
849 4337 1011 4392 quam
1032 4325 1099 4381 ad
1122 4335 1588 4392 enumerationem
1615 4347 1669 4394 et
1688 4341 1937 4399 notitiam
1960 4362 2112 4403 meu-

537 4683 847 4743 anni.Nam
895 4691 1039 4749 lunae
1086 4700 1418 4759 variationes
1445 4703 1501 4760 id
1539 4718 1820 4777 praestant,
1854 4721 1914 4768 ut
1937 4717 2109 4784 possit

534 4781 752 4848 tempus
804 4789 1085 4844 numerari
1115 4795 1360 4852 :mensis
1409 4798 1609 4871 quippe
1649 4819 1964 4863 mensuram
2013 4811 2107 4868 illa

534 4867 1380 4959 incrementoimminutioneque
1414 4867 1514 4948 sua
1545 4893 1744 4965 elIicit;
1777 4899 1852 4953 ita
1880 4910 1939 4955 ut
1961 4903 2105 4960 lunas

531 4965 738 5021 crcatio
787 4967 853 5024 ad
911 4977 1217 5043 temporum
1270 4980 1575 5040 doctrinam
1607 4987 1750 5044 facta
1783 4991 1874 5047 sit.
1917 4993 2103 5066 Neque

532 5054 745 5111 modica
771 5057 898 5115 hinc
928 5063 1134 5122 utilitas
1162 5073 1362 5138 evenit,
1387 5075 1533 5145 quod
1575 5079 1783 5136 scilicet
1809 5054 2101 5158 tempesta-

529 5153 613 5203 tes
673 5149 1098 5226 dignoscantur,
1159 5170 1213 5216 et
1273 5166 1340 5220 ad
1383 5171 1565 5226 omnia
1626 5149 1936 5245 quemlibet
1978 5194 2098 5238 sese

529 5238 798 5300 adornare
853 5245 1086 5308 facultas
1125 5254 1218 5310 sit.
1259 5256 1318 5325 Si
1352 5260 1498 5316 enim
1530 5279 1636 5320 non
1677 5267 1750 5321 ita
1785 5285 1844 5324 se
1881 5285 1969 5327 res
2000 5271 2099 5326 ha-

527 5330 702 5401 beret,
731 5339 917 5396 omnia
940 5355 1163 5402 ruerent
1192 5347 1246 5403 in
1290 5351 1517 5409 exitium
1543 5374 1559 5424 ;
1583 5373 1714 5425 lcum
1746 5377 1922 5433 neque
1953 5365 2097 5436 agri-

525 5425 663 5495 cola,
707 5446 884 5503 neque
929 5446 1118 5506 nauta,
1153 5443 1234 5498 vel
1288 5451 1487 5515 terram
1524 5451 1607 5510 vel
1657 5468 1807 5510 mare
1847 5455 2094 5514 sulcandi

526 5530 896 5602 opportunum
952 5537 1167 5608 tempus
1216 5537 1587 5600 internoscere
1645 5547 1905 5610 valerent.
1969 5551 2094 5612 llzec

526 5623 690 5678 porro
717 5624 1018 5688 temporum
1056 5628 1269 5695 notitia,
1310 5647 1419 5686 non
1450 5632 1760 5694 hominibus
1789 5641 1972 5709 modo,
1997 5643 2092 5700 sed

523 5699 686 5757 etiam
720 5703 898 5766 brutis
940 5712 1134 5771 idonea
1177 5721 1575 5796 utilissimaque
1602 5735 1705 5783 est.
1748 5728 1822 5786 De
1859 5731 2092 5790 lumina-

523 5791 673 5851 ribus
716 5798 878 5856 ctiam
932 5802 987 5860 in
1025 5806 1219 5869 Genesi
1264 5791 1503 5873 dicitur;
1531 5817 1651 5875 Sint
1687 5822 1738 5876 in
1762 5823 1911 5894 signa
1953 5837 2000 5882 cl
2037 5829 2088 5884 in

2274 595 2460 633 σαντα.
2492 583 2560 634 Αἰ
2589 580 2784 651 κέδροι
2823 585 2929 639 τοῦ
2961 587 3219 642 Λιϐάνου
3245 589 3318 657 ἀς
3345 592 3657 667 ἐφύτευσας.
3677 580 3755 661 κά.

2271 669 2377 736 λῶς
2411 671 2489 742 τῷ
2525 673 2644 746 Θεῷ
2689 677 3036 749 προσέγραψε
3081 680 3188 734 τῶν
3223 682 3421 754 κέδρων
3449 687 3536 760 τὴν
3560 696 3752 758 φυτείαν·

2268 761 2348 816 ὄτι
2374 763 2529 828 ἐκτὸς
2558 765 2900 840 ἀνθρωπίνης
2924 772 3238 843 ἐπιμελείας
3283 775 3372 828 ἐπὶ
3397 781 3616 836 τοσοῦτον
3637 787 3755 861 ηύξή.

2269 853 2457 926 θησαν.
2489 858 2563 910 υύ
2592 859 2701 930 γὰρ
2726 860 3026 935 ἀλσοκόμος
3050 883 3135 930 τις
3162 866 3365 923 τούτων
3388 869 3559 940 γέγονε
3582 853 3754 954 φυτουρ-

2266 946 2391 1014 γός⁸
2420 946 2534 1002 ἀλλ’
2558 951 2586 1003 ό
2617 949 2759 1017 θεῖος
2804 954 2994 1023 Λόγος,
3036 957 3365 1030 ἀμφιλαφεῖς
3400 963 3490 1028 τὰς
3529 967 3622 1022 τῶν
3655 946 3756 1045 ὀρῶν

2266 1039 2559 1110 εἰργάσατο
2603 1047 2866 1117 κορυφάς.
2916 1048 2979 1102 EE
3009 1049 3066 1102 δέ
3099 1051 3260 1116 αὐτὸς
3303 1054 3568 1124 ἐφύτευσε,

2263 1130 2345 1184 ὅτι
2381 1135 2622 1207 χρήσιμα
2641 1154 2655 1167 ·
2693 1137 2869 1192 πάντα
2905 1140 3022 1214 γὰρ
3045 1145 3144 1196 ὅσα
3179 1145 3429 1218 ἐποίησεν
3456 1151 3482 1203 ὁ
3507 1151 3635 1218 Θεὸς,

2263 1221 2401 1278 λίαν.
2435 1227 2541 1281 Τοῦ
2585 1228 2686 1300 μὲν
2727 1231 2959 1287 Λιϐάνου
3002 1234 3078 1299 ὡς
3119 1236 3392 1309 ἐπισήμου
3436 1248 3756 1316 μνημονεύσας,

2262 1315 2356 1369 καὶ
2383 1315 2492 1371 τῶν
2519 1318 2578 1372 ἐν
2620 1320 2768 1394 αὐτῷ
2795 1323 3024 1397 κέδρων,
3058 1327 3152 1382 καὶ
3180 1329 3248 1384 τὰ
3275 1330 3409 1384 ἄλλα
3433 1333 3530 1405 ὅρη
3569 1338 3646 1393 καὶ
3675 1339 3756 1393 δένο

2261 1406 2364 1478 δρα
2406 1409 2494 1464 διά
2541 1412 2744 1469 τούτων
2788 1416 3074 1489 ἐδήλωσεν.
3113 1421 3279 1476 Ἐκεῖ
3299 1428 3574 1492 στρουθία
3599 1430 3758 1487 ἐννοσ-

2257 1501 2576 1558 σεύσουσι.
2605 1506 2716 1560 Τοῦ
2739 1497 2982 1577 ἐρωδιοῦ
3011 1511 3048 1580 ἠ
3080 1515 3242 1568 οἰκία
3266 1515 3487 1586 ἡγεῖται
3513 1521 3693 1580 αὐτῶν,
3719 1527 3758 1579 '0

2270 1592 2499 1661 Ἀκύλας
2525 1595 2696 1664 οὕτως
2732 1599 2847 1671 ἔχει
2867 1619 2880 1632 ’
2936 1604 3098 1658 Ἐκεῖ
3133 1605 3309 1676 ὄρνεα
3350 1615 3756 1672 νοσσεύσουσιν.

2268 1683 2517 1754 Ἐρωδιῷ
2551 1687 2757 1744 ἐλάται
2787 1687 2951 1759 οἶκος
2982 1694 3160 1761 αὐτῷ.
3194 1699 3273 1751 Ta
3304 1700 3414 1774 γὰρ
3460 1703 3585 1757 αὐτά
3619 1705 3760 1781 δένδρα

2255 1775 2419 1848 ἄλλην
2470 1777 2571 1850 μὲν
2611 1779 2919 1853 ἀνθρώποις
2959 1786 3167 1858 χρείαν,
3198 1789 3367 1862 ἄλλην
3393 1791 3446 1846 δὲ
3485 1797 3585 1860 τοῖς
3606 1775 3760 1868 ὀρνέοις

2256 1884 2328 1921 πα
2337 1868 2499 1940 ρέχει.

2335 1961 2614 2034 Ἐποίησε
2642 1967 2918 2038 σελήνην
2951 1974 3040 2039 εὶς
3082 1977 3348 2044 καῳούςο
3397 1981 3430 2033 ό
3462 1979 3616 2050 ἣλιος
3648 1985 3762 2055 ἔγνω

2248 2052 2363 2122 τὴν
2393 2054 2572 2111 δύσιν
2600 2059 2808 2116 αὐτοῦ.
2835 2062 2915 2116 Τὰ
2958 2065 3098 2121 κατὰ
3135 2068 3239 2140 γῆν
3268 2069 3483 2128 ἅπαντα
3515 2052 3758 2143 διεξελθὼν,

2248 2146 2342 2199 καὶ
2381 2146 2488 2202 τῶν
2532 2149 2780 2222 ἀοράτων
2819 2155 3033 2224 φύσεων
3071 2160 3172 2231 τὴν
3208 2161 3563 2236 δημιουργίαν
3599 2166 3757 2233 δείξας,

2245 2238 2340 2292 καὶ
2364 2236 2471 2292 τῶν
2496 2238 2739 2312 οὐρανῶν
2763 2244 3050 2314 ὑποδείξας
3077 2249 3176 2325 τὴν
3201 2252 3442 2323 ποίησιν,
3474 2254 3562 2308 νῦν
3583 2257 3761 2312 καὶτῶν

2245 2333 2547 2404 φωστήρων
2579 2338 2814 2391 ποιεῖται
2838 2322 2940 2412 τὴν
2971 2322 3212 2415 μνήμην,
3242 2345 3292 2398 οἳ
3316 2322 3471 2400 κατά
3493 2348 3583 2419 τὴν
3612 2350 3761 2422 estap-

2242 2441 2340 2496 την
2365 2424 2577 2498 ἡμέραν
2611 2427 2875 2497 ἐγένοντο.
2907 2430 3022 2486 Οὐκ
3048 2435 3306 2501 ἀσκόπως
3327 2437 3409 2502 δὲ,
3441 2434 3582 2511 οἶμαι
3619 2442 3675 2496 τὰ
3701 2443 3762 2496 δό-

2243 2514 2406 2580 ξαντα
2435 2518 2492 2572 ἐν
2522 2521 2634 2583 τοῖς
2664 2521 2775 2576 ἀνω
2820 2523 3265 2597 παραλελεῖφθαι,
3298 2530 3392 2584 ὅτε
3421 2531 3487 2585 τά
3509 2536 3615 2587 κατ’
3638 2535 3762 2606 οὐρα-

2239 2605 2329 2658 νὸν
2357 2607 2450 2660 καὶ
2499 2607 2566 2662 τά
2605 2611 2732 2682 περὶ
2771 2615 2948 2684 νεφῶν
2992 2616 3086 2671 καὶ
3121 2618 3341 2691 ἀνέμων
3386 2621 3609 2693 ἐλέγετο,
3645 2605 3762 2678 νῦνό

2237 2695 2393 2765 λόγος
2452 2700 2891 2775 ἐπαναλαμϐάνει
2915 2747 2930 2772 ,
2978 2707 3115 2779 μετά
3161 2711 3400 2768 τοσαῦτα
3442 2715 3761 2786 μνημονεύσας

2236 2788 2434 2854 αὐτῶν,
2475 2791 2591 2846 ἀλλ’
2623 2794 2764 2868 ὑπὲρ
2795 2796 2888 2850 τοῦ
2925 2796 3157 2867 διδάξαι,
3187 2803 3268 2857 ὅτι
3302 2805 3404 2859 καὶ
3435 2807 3596 2862 ταῦτα
3617 2809 3763 2880 χρείας

2234 2876 2416 2932 ἕνεκεν
2443 2881 2671 2954 ὑπέστη.
2701 2886 2854 2957 Τάχα
2880 2887 3008 2961 γὰρ,
3039 2895 3088 2945 εἰ
3121 2893 3340 2965 πρῶτον
3373 2876 3762 2970 αὐτῶν

2115 2966 2130 3022 i
2233 2974 2669 3048 νευσεν,ἀιρορμή
2693 2994 2778 3041 τις
2806 2981 3156 3038 κατελείπετο
3169 2989 3282 3051 τοῖς
3307 2988 3390 3054 ὡς
3415 2989 3528 3044 θεῖα
3547 2966 3643 3046 δείν
3656 2966 3762 3045 αὐτὰ

2233 3065 2410 3122 σέϐειν
2453 3071 2795 3144 ἡγουμένοις,
2848 3077 2943 3130 καὶ
2985 3079 3061 3144 ὠς
3113 3081 3261 3136 αίτια
3306 3085 3412 3157 τῆς
3441 3085 3545 3140 τῶν
3571 3088 3651 3141 ἐπὶ
3681 3087 3760 3158 γῆς

2155 3186 2198 3246 C
2232 3157 2384 3222 ζώων
2420 3177 2481 3215 τε
2525 3164 2619 3217 καὶ
2653 3165 2879 3237 καρπῶν
2913 3172 3241 3238 συστάσεως.
3281 3177 3456 3233 Τοῦτο
3485 3180 3605 3250 γοῦν
3626 3181 3667 3234 οἱ
3687 3182 3760 3252 τῆς

2231 3251 2512 3317 εὐσεϐείας
2531 3254 2799 3328 ἀλλότριοι
2825 3262 3145 3332 νομίσαντες
3169 3265 3506 3342 ὡρμήθησαν
3530 3271 3684 3326 σέϐειν
3701 3273 3757 3334 ὼς

2230 3342 2384 3410 θεοὺς
2413 3346 2561 3418 ἥλιον
2588 3351 2682 3404 xal.
2725 3352 2976 3426 σελήνην,
3007 3355 3083 3422 ὡς
3110 3357 3174 3413 ἂν
3220 3361 3322 3434 τῆς
3359 3365 3619 3438 ἡμετέρας
3643 3367 3760 3435 γενέ-

2231 3435 2368 3501 σεὼς
2412 3455 2471 3491 τε
2523 3441 2616 3494 καὶ
2660 3445 2867 3518 τροφῆς
2913 3449 3005 3502 καὶ
3048 3451 3327 3524 αὐξήσεως
3376 3435 3590 3521 αἰτίους.
3649 3457 3757 3509 Ἀλλ’

2226 3526 2408 3581 οὐκέτι
2433 3528 2461 3581 ὁ
2488 3529 2631 3596 θεῖος
2667 3534 2824 3604 λόγος
2859 3539 3016 3594 τοῦτο
3037 3544 3413 3618 παρίστησιν,
3444 3548 3553 3602 ἀλλ’
3585 3552 3656 3604 ὅτι
3686 3549 3759 3604 καὶ

2225 3615 2427 3674 τούτων
2483 3623 2696 3697 ἐκτὸςή
2728 3627 2956 3682 καθόλου
2994 3634 3216 3704 πρόνοια
3247 3637 3343 3691 τοῦ
3382 3640 3515 3695 Θεοῦ
3553 3643 3608 3696 οὐ
3633 3644 3758 3713 μόνον

2222 3705 2292 3760 τὰ
2331 3712 2449 3764 κατ’
2493 3715 2740 3786 οὐρανὸν,
2785 3720 2920 3775 ἀλλὰ
2961 3724 3055 3777 καὶ
3083 3725 3152 3779 τὰ
3177 3729 3270 3782 ἐπὶ
3295 3731 3403 3802 γῆς
3441 3705 3758 3807 συνεστήσατο

2222 3800 2337 3866 cod:
2358 3821 2416 3858 τε
2439 3808 2532 3861 καὶ
2550 3811 2710 3878 φυτά.
2730 3813 2900 3869 Τοῦτο
2924 3818 3018 3872 καὶ
3040 3821 3243 3892 Μωσῆς
3265 3800 3478 3892 διδάξαι
3500 3800 3754 3898 βουληθεὶς,

2219 3893 2439 3966 πρῶτον
2474 3899 2738 3973 εἰσήγαγε
2771 3907 2870 3978 τὴν
2906 3908 3013 3962 τῶν
3059 3910 3166 3965 ἀπὸ
3201 3914 3304 3986 γῆς
3349 3893 3532 3987 φυτῶν
3561 3893 3755 3989 γένεσιν,

2218 3984 2318 4040 εἷθ’
2343 3991 2514 4057 οὔτως
2540 3994 2638 4067 τὴν
2663 3997 2773 4052 τῶν
2799 4002 3100 4073 φωστήρων
3128 4004 3408 4064 σύστασιν.
3453 4013 3558 4066 Καὶ
3598 4014 3678 4066 νῦν
3712 4013 3756 4066 δὲ

2215 4084 2244 4136 ό
2263 4082 2425 4136 Δαυῒδ
2452 4086 2739 4160 ἀνατρέχει
2762 4092 2922 4146 πάλιν
2942 4095 3033 4147 ἐπὶ
3055 4097 3152 4167 τὴν
3174 4097 3232 4151 ἐν
3252 4100 3503 4172 οὐρανοῖς
3523 4107 3754 4179 πρόνοιαν,

2213 4173 2279 4228 δι’
2321 4175 2473 4232 οὐδὲν
2519 4177 2705 4251 ἕτερον
2749 4183 2850 4256 τὴν
2894 4187 3123 4262 σελήνην
3173 4196 3504 4267 γεγενῆσθαι
3528 4173 3753 4269 λέγων,ἣ

2213 4267 2349 4339 πρὸς
2378 4270 2608 4341 ἀριθμὸν
2649 4275 2743 4328 καὶ
2787 4277 3074 4346 διάγνωσιν
3120 4285 3305 4355 μηνῶν
3331 4306 3393 4343 τε
3421 4295 3512 4346 καὶ
3538 4267 3750 4364 ἡμερῶν

2211 4355 2270 4409 τὸ
2307 4358 2436 4431 γὰρ,
2455 4363 2542 4428 είς
2564 4365 2832 4433 καιροὺς,
2865 4370 3022 4426 τοῦτο
3056 4373 3239 4446 δηλοίο
3282 4355 3672 4448 τουτέστιν,ἐίς
3706 4382 3753 4434 τὸ

2209 4445 2586 4516 διαγινώσκειν
2609 4453 2696 4508 διὰ
2719 4458 2827 4513 τῶν
2851 4462 2907 4514 ἐν
2931 4463 3065 4537 αὐτῇ
3087 4469 3304 4539 τροπῶν
3329 4470 3430 4536 τὰς
3454 4473 3559 4528 τῶν
3582 4472 3752 4545 καιρῶν

687 4519 702 4568 ;
735 4503 788 4558 id
820 4514 924 4573 est.
958 4516 1490 4575 utconversionihus
1511 4521 1632 4590 ejus
1668 4533 1970 4596 temporum
1995 4545 2109 4585 mu-

687 4608 777 4630 nnc
819 4594 1213 4630 nlinnnannns.._
1289 4622 1349 4630 --
1399 4625 1603 4630 μμηη
1928 4629 1933 4630 ,

2309 4503 2320 4516 ,
2616 4503 2695 4508 --η
2731 4503 2822 4513 η..
2851 4503 2904 4514 π
2931 4503 3049 4518 ..-η
3098 4503 3115 4519 .
3158 4503 3303 4523 vuwv
3329 4503 3400 4525 νιυι
3454 4503 3559 4528 ἰων
3583 4503 3662 4528 και
3734 4503 3751 4525 ν

2216 4539 2534 4609 μεταϐολὰς,
2567 4547 2647 4610 είς
2673 4548 2733 4603 τὸ
2779 4551 2956 4622 μῆνας
2980 4503 3231 4630 aptet:er
3262 4564 3357 4616 καὶ
3391 4503 3751 4629 ἕνιαυτούςῇξ

2211 4632 2320 4704 γὰρ
2359 4635 2459 4706 τῆς
2497 4638 2726 4712 σελήνης
2770 4643 3082 4713 ἀλλοιώσεις
3109 4655 3428 4726 μετρεῖσθαι
3462 4657 3553 4711 τὸν
3595 4659 3752 4732 χῴνθν

2210 4729 2682 4798 παρασκευάζουσι
2699 4751 2711 4764 ’
2739 4735 2834 4790 τοῦ
2855 4737 2963 4811 γὰρ
2987 4743 3154 4813 μηνὸς
3173 4745 3235 4799 τὸ
3254 4747 3458 4821 μέτρον
3479 4751 3610 4822 αὐτη
3628 4729 3754 4806 ’ποιεί

2206 4817 2264 4870 ἐν
2299 4821 2588 4888 τοσαύταις
2630 4826 2866 4900 ἡμέραις
2909 4831 3218 4900 αὐξάνουσά
3257 4817 3316 4893 τε
3354 4817 3454 4896 καὶ
3486 4817 3746 4912 φθίνουσα·

2204 4905 2344 4962 ὥστε
2370 4911 2402 4981 ή
2442 4911 2543 4982 τῆς
2586 4914 2813 4988 σελήνης
2843 4919 3171 4993 δημιουργία
3199 4927 3288 4982 διὰ
3311 4930 3413 5002 τὴν
3439 4905 3545 4987 τῶν
3573 4933 3749 5006 καιρῶν

2201 4999 2547 5056 διδασκαλίαν
2576 5005 2816 5075 γέγονεν·
2847 5012 2959 5084 Οὐχ
2993 5015 3024 5085 ἡ
3059 5017 3294 5087 τυχοῦσα
3326 4999 3383 5076 δέ
3416 5026 3570 5096 χρεία
3594 4999 3748 5079 ἐντεῦ-

2201 5093 2291 5147 θεν
2316 5095 2534 5152 ἀνύεται
2569 5101 2633 5154 ἐκ
2662 5101 2755 5155 τοῦ
2791 5109 3012 5176 καιροὺς
3053 5111 3253 5166 εἰδέναι
3298 5115 3393 5168 καὶ
3423 5119 3746 5189 παρασκευα-

2200 5185 2386 5250 ζεσθαι
2416 5189 2551 5262 πρὸς
2584 5191 2824 5250 ἅπανταο
2865 5197 2962 5264 ὡς,
2993 5202 3040 5253 εί
3069 5205 3142 5273 μὴ
3184 5204 3341 5259 τοῦτο
3367 5202 3457 5278 ἦν,
3501 5209 3664 5264 πάντα
3691 5207 3746 5262 ἂν

2197 5278 2485 5342 ἀπολώλει,
2513 5282 2637 5340 οὔτε
2674 5289 2943 5361 γεωργοῦ,
2984 5291 3106 5346 οὐτε
3139 5297 3357 5360 ναύτου,
3390 5299 3488 5353 τοῦ
3537 5302 3630 5372 μὲν
3663 5303 3746 5372 τὴν

2196 5369 2298 5440 γῆν
2324 5370 2661 5444 ἀνατέμνειν,
2685 5376 2778 5430 τοῦ
2804 5378 2861 5432 δὲ
2881 5379 2981 5452 τὴν
3004 5381 3278 5440 θάλασσαν
3300 5388 3498 5454 είδότος
3517 5369 3575 5445 ἐν
3593 5369 3744 5464 καιρῷ

2195 5457 2272 5530 τῷ
2306 5463 2652 5533 προσήκοντι.
2686 5467 2833 5540 Αὕτη
2869 5471 2902 5543 ἠ
2934 5472 3000 5527 ἐκ
3025 5475 3132 5530 τῶν
3162 5479 3368 5552 καιρῶν
3389 5483 3594 5538 τούτων
3623 5485 3743 5556 γνῶ·

2184 5569 2280 5635 ,σις
2306 5554 2407 5611 οὐκ
2433 5555 2742 5628 ἀνθρώποις
2775 5563 2953 5634 μόνον,
2981 5566 3114 5624 ἀλλά
3143 5573 3238 5625 καὶ
3255 5573 3468 5644 ἀλόγοις
3491 5554 3744 5648 ἐπιτηδεία

2196 5651 2289 5703 καὶ
2342 5655 2761 5727 χρησιμωτάτη.
2797 5657 2932 5730 Περὶ⁹
2973 5660 3082 5716 τῶν
3121 5666 3423 5737 φωστήρων
3467 5670 3561 5723 καὶ
3596 5672 3651 5724 ἐν
3685 5672 3738 5740 τῇ

2192 5741 2403 5796 Γενέσει
2437 5744 2672 5816 εἴρηται·
2715 5747 3027 5804 Ἔστωσαν
3048 5754 3135 5818 εἰς
3160 5755 3378 5823 σημεῖα
3405 5758 3503 5810 καὶ
3526 5760 3611 5825 εις
3633 5773 3738 5812 και-

2182 5832 2352 5901 ροὺς,
2397 5836 2496 5890 καὶ
2537 5842 2622 5906 είς
2655 5841 2878 5911 ἡμέρας
2908 5844 3006 5899 καί
3042 5849 3129 5913 είς
3168 5848 3511 5918 ἐνιαυτούς·
3541 5853 3618 5914 εἰς
3653 5867 3734 5918 σις-
