3954 7146
93 342 347 404 ιὲὃι

1285 344 1785 404 COMMENTARIA
1823 342 1888 398 IN
1926 342 2261 400 PSALMOS.

3317 337 3456 392 £282.

97 461 340 524 μεῖα
386 461 494 532 μὲν
519 460 842 534 ἐπομϐρίας,
877 461 1121 532 αὐχμῶν,
1148 461 1469 532 πνευμάτων
1499 463 1793 533 κινήσεως·

1901 469 2154 527 tempora,
2186 456 2240 509 in
2277 455 2467 510 dies'et
2512 470 2677 509 annos
2719 454 2795 521 “;
2831 453 2885 507 in
2920 451 3074 524 signa
3095 451 3314 522 quidem
3359 453 3458 504 im-

101 549 254 612 εἲς
307 545 562 624 καιροὺς
593 552 670 617 δὲ,
704 552 802 616 τὰς
827 551 935 605 τῶν
957 551 1133 623 ἀέρων
1166 549 1482 620 ἐναλλαγπ,
1510 549 1796 622 χειμῶνος,

103 637 228 694 ἔα
242 658 404 714 ρος,
445 643 658 715 θέρους,
709 642 1025 716 μετοπώρου
1049 661 1062 674 ·
1097 643 1163 707 ἃς
1193 643 1480 708 εὐτάκτως.
1513 637 1659 714 ἡμᾶς
1703 659 1800 696 πε-

121 734 494 801 ριοδεύειν
519 735 581 788 τὸ
609 734 935 805 τεταγμένον
959 735 1058 806 τῆς
1076 736 1342 806 κινήσεως
1361 735 1468 790 τῶν
1497 737 1682 808 φωστή
1693 753 1799 808 ρων

121 825 497 896 παρέχειο
530 827 612 890 είς
639 826 850 897 ἡμέρας
879 827 956 891 δὲ,
1003 827 1101 897 οὐχ
1148 825 1290 881 ῶστε
1336 827 1550 898 ἡμέρας
1592 830 1795 882 ποιεῖν’

117 916 406 990 ἡμέρα
442 916 555 1002 ¹γὰρ
599 919 694 972 uel.
720 918 825 989 ,νὺξ
861 915 1204 992 πρεσϐύτερα
1227 919 1328 991 τῆς
1356 920 1464 974 τῶν
1497 922 1798 993 φωστήρων

10 1027 16 1036 ~
127 1006 528 1072 γενέσεως·
577 1007 692 1061 ἀλλ’
738 1007 877 1061 ὥστε
923 1009 1216 1081 κατάρχειν
1263 1009 1375 1064 τῶν
1419 1009 1682 1082 ἡμερῶν·
1719 1013 1798 1076 είς

134 1093 238 1146 ὲν
249 1096 510 1159 ιαυτοὺς
536 1096 612 1161 δέ,
645 1097 728 1150 ὅτι
756 1095 950 1168 σελήνη
985 1095 1103 1168 μὲν,
1143 1097 1362 1152 ἐπειδὰν
1389 1097 1684 1164 δωδεκάκις
1709 1099 1800 1155 τὸν

143 1185 428 1259 ἑαυτῆς
479 1187 732 1260 ἐκτελέσῃ
783 1187 1002 1260 δρόμον,
1043 1189 1286 1243 ἐνιαυτοῦ
1335 1191 1452 1244 ἐστι
1502 1193 1794 1264 ποιητική·

145 1277 452 1348 ἡλιακὸς
481 1278 538 1332 δέ
579 1279 725 1332 ἐστιν
763 1278 1006 1344 ἐνιαυτὸς
1039 1282 1073 1353 ὴ
1110 1281 1219 1335 άπὸ
1250 1282 1342 1335 τοῦ
1377 1282 1538 1336 αὑτοῦ
1571 1283 1798 1355 σημείου

148 1369 296 1422 ἐπὶ
333 1369 407 1423 τὸ
436 1369 564 1423 αύτδ
593 1373 814 1442 σημεῖον
839 1371 932 1425 τοῦ
962 1373 1112 1444 ήλίου
1140 1373 1600 1438 ἀποκατάστασις.

283 1463 362 1516 Ὀ
398 1463 576 1531 ἥλιος
593 1465 746 1536 ἔγνω
766 1464 879 1534 τὴν
904 1465 1084 1520 δύσιν
1109 1466 1316 1520 αὐτοῦ.
1346 1468 1518 1521 Ἔθου
1553 1469 1794 1536 σκότος,

157 1550 305 1603 καὶ
350 1551 598 1621 ἐγένετο
626 1553 741 1617 νύξ
761 1569 776 1583 ⁸
805 1553 876 1606 ἐν
896 1552 1050 1622 αὐτῇ
1075 1553 1484 1610 maleﬁcos-tat
1510 1555 1705 1610 πάντα
1726 1558 1799 1611 τὰ

161 1642 402 1710 θηρία
438 1644 544 1698 τοῦ
590 1643 836 1713 δρυμοῦ.
862 1646 1119 1715 Σκύμνοι
1145 1645 1467 1718 ὠρυόμενοι
1509 1647 1794 1717 ἁρπάσαι,

167 1735 311 1790 καί
367 1735 621 1806 ζητῆσαι
675 1737 835 1806 παρὰ
894 1737 999 1792 τοῦ
1053 1738 1202 1793 Θεοῦ
1272 1739 1508 1809 βρῶσιν
1570 1741 1792 1808 αὐτοῖς.

195 1803 573 1881 Ἀνέτειλεν
601 1828 636 1880 ό
669 1803 838 1896 ἣλιος
855 1870 871 1892 ,
919 1827 1017 1881 καί
1050 1803 1539 1898 συναχθήσονται
1559 1869 1572 1893 ,
1602 1829 1700 1882 καί
1726 1803 1799 1884 έν
1826 1803 1870 1859 Β

179 1916 350 1984 ταῖς
387 1916 685 1987 μάνδραις
721 1918 920 1973 αὐτῶν
967 1917 1483 1987 κοιτασθήσονται.
1527 1921 1794 1986 Ἕξελεύ-

185 2025 398 2064 σεται
424 2009 733 2080 ἄνθρωπος
759 2011 857 2065 ἐπὶ
887 2012 950 2065 τὸ
975 2011 1154 2082 ἔργον
1189 2013 1394 2076 αὐτοῦ,
1431 2013 1527 2067 καί
1554 2013 1652 2069 ἐπὶ
1683 2015 1798 2084 τὴν

185 2101 521 2170 ἐργασίαν
548 2101 732 2160 αὐτοῦ
756 2102 866 2170 ἕως
889 2102 1169 2173 ἑσπέρας.
1209 2103 1304 2172 Ὠς
1327 2104 1699 2176 ὲμεγαλύνθη
1725 2105 1798 2160 τὰ

197 2191 370 2264 ἔργα
423 2210 562 2263 σου,
623 2195 830 2263 Κύριε]
879 2194 1074 2249 πάντα
1109 2196 1180 2251 ἐν
1221 2198 1408 2265 σοφίᾳ
1466 2198 1792 2267 ἐποίησας’

193 2287 546 2356 ἐπληρώθη
572 2289 610 2357 ἠ
632 2287 706 2359 γῆ
741 2289 850 2358 τῆς
901 2287 1148 2355 κτίσεώς
1182 2303 1318 2343 σου.
1367 2289 1425 2344 '0
1463 2289 1613 2361 ἥλιος
1657 2289 1797 2360 ἔγνω

202 2380 319 2449 τὴν
368 2379 522 2434 δύσιν
568 2379 754 2445 αὐτοῦ,
794 2380 1035 2435 τουτέστι
1073 2381 1171 2454 τὴν
1209 2381 1314 2435 ὑπὸ
1353 2381 1448 2436 τοῦ
1494 2381 1798 2454 κρείττονος

199 2469 376 2542 αὐτῷ
415 2472 863 2545 διατεταγμένην.
910 2473 1084 2530 Μόνον
1126 2474 1235 2547 γάρ
1294 2475 1546 2546 φωτίζειν
1596 2475 1797 2548 ἔμαθεν

203 2564 378 2635 ἥλιος
399 2579 416 2596 ο
469 2565 591 2619 Οὐδ’
641 2566 729 2620 ἀεὶ
795 2566 890 2619 καὶ
944 2565 1267 2633 διαπαντὸς,
1312 2568 1412 2639 τῆς
1475 2567 1534 2621 δέ
1586 2568 1796 2640 ἡμέρας

212 2656 426 2727 ἀρχὴν,
454 2657 589 2710 ἀλλά
613 2658 706 2710 καὶ
740 2659 797 2712 ἐν
828 2660 983 2714 νυκτὶ
1029 2661 1143 2723 τοῖς
1195 2660 1255 2714 ἐν
1300 2660 1472 2732 ταύτῃ
1520 2659 1800 2730 φαίνουσιν

213 2746 455 2816 ἄστροις
497 2751 843 2819 παραχωρεῖν
871 2750 962 2803 τὸν
1007 2751 1203 2803 οἰκεῖον
1233 2749 1511 2804 ἀποτελεῖν
1554 2751 1752 2823 δρόμον
1778 2766 1794 2782 ο

215 2837 380 2902 ὅπως
417 2839 605 2903 νυκτὸς
639 2841 952 2912 γενομένης,
966 2841 1067 2895 καὶ
1092 2840 1522 2906 ἐπιπολάσαντος
1547 2841 1642 2895 τοῦ
1673 2841 1798 2896 σκό-

223 2944 354 2994 τους
391 2931 458 3001 τῇ
497 2932 589 3001 γῇ,
641 2931 1004 3003 ὑππαλῆναι
1047 2932 1147 3003 μὲν
1194 2934 1289 2988 καὶ
1337 2933 1688 3006 ἀναχωρῆσαι
1730 2933 1799 2989 τὰ

222 3020 416 3093 ἥμερα
445 3020 554 3076 τῶν
581 3020 753 3090 ζώων,
801 3024 904 3078 ὅσα
931 3023 990 3078 δέ
1019 3025 1168 3078 ἐστιν
1211 3024 1378 3098 ἄγρια
1405 3025 1594 3098 θηρία,
1626 3026 1798 3082 ταῦτα

229 3111 520 3184 προσέλθοι
559 3116 653 3168 ἐπὶ
687 3115 787 3187 τὴν
829 3115 1034 3171 οἰκείαν
1075 3118 1282 3190 τροφήν
1305 3135 1320 3150 ο
1373 3120 1431 3172 ἐν
1462 3120 1644 3191 οίκείῳ
1692 3119 1800 3192 γὰρ
1829 3133 1870 3190 c

232 3205 527 3278 άρμόζοντι
555 3209 735 3272 αὐτοῖς
762 3209 954 3281 χρόνῳ,
989 3209 1066 3282 τῷ
1097 3211 1198 3283 τῆς
1233 3211 1424 3276 νυκτὸς
1453 3212 1796 3285 διαστήματι.

235 3301 494 3368 Σκύμνοι
530 3299 847 3370 ὠρυόμενοι
892 3300 1179 3371 ἁρπάσαι,
1229 3303 1327 3359 καί
1359 3303 1605 3374 ζητῆσαι
1643 3308 1804 3376 παρὰ

235 3387 343 3444 τοῦ
372 3387 518 3443 Θεοῦ
543 3389 775 3458 βρῶσιν
803 3391 1008 3459 αὐτοῖς
1029 3408 1043 3424 ο
1070 3393 1152 3447 ὅτι
1174 3393 1250 3466 μὴ
1284 3395 1378 3448 καὶ
1401 3395 1586 3460 αὐτοῖς
1613 3396 1801 3460 ἐξανέ-

236 3479 471 3552 τειλενή
502 3480 576 3552 γῆ
608 3481 799 3552 χόρτον
832 3481 1019 3556 ὥσπερ
1049 3487 1162 3550 τοῖς
1203 3486 1460 3558 κτήνεσι,
1500 3487 1593 3540 καὶ
1639 3487 1802 3560 χλόην

237 3574 304 3643 τῇ
335 3571 548 3645 δουλείᾳ
572 3573 680 3628 τῶν
703 3573 1020 3647 ἀνθρώπων.
1064 3577 1122 3631 '0
1148 3576 1280 3642 Θεὸς
1301 3577 1378 3642 ὡς
1406 3578 1513 3632 τῶν
1546 3579 1802 3635 ἁπάντων

240 3663 508 3737 κηδεμὼν,
539 3668 752 3739 καὶτῆς
778 3667 886 3722 τῶν
921 3668 1136 3723 πάντων
1162 3669 1420 3742 διαμονῆς
1439 3688 1499 3724 τε
1534 3672 1628 3726 καὶ
1657 3671 1802 3743 ζωῆς
1841 3691 1846 3694 ·

242 3757 491 3828 πρόνοιαν
522 3759 820 3831 είσφέρων,
849 3759 915 3814 τὰ
946 3761 1042 3832 μὲν
1090 3761 1405 3816 ἐλαύνεσθαι
1425 3763 1530 3816 ὑπὸ
1570 3763 1677 3818 τῶν
1704 3761 1801 3817 τοῦ

239 3847 388 3920 ἡλίου
423 3849 831 3922 μαρμαρυγῶν,
876 3850 972 3905 καὶ
1014 3849 1203 3925 ὥσπερ
1247 3851 1438 3924 ἐχθρὸν
1493 3853 1710 3923 φεύγειν
1741 3853 1802 3908 τδ

246 3939 356 4012 φῶς
383 3941 764 4014 ᾠκονομήσατο
787 3961 800 3974 ο
840 3943 908 3998 τὰ
933 3944 990 3998 δὲ
1030 3944 1107 4008 ὡς
1136 3943 1232 3998 τοῦ
1272 3945 1449 4016 φωτὸς
1479 3945 1713 4017 συγγενῆ
1741 3948 1800 4000 ἐν

247 4029 419 4103 ἡμέρᾳ
446 4031 710 4102 προϊέναι,
733 4033 829 4086 καὶ
853 4033 944 4087 τὸν
983 4033 1095 4104 βίον
1127 4033 1304 4088 αὐτῶν
1328 4034 1388 4087 ἐν
1412 4034 1490 4105 τῷ
1512 4036 1650 4104 φωτὶ
1679 4035 1799 4090 διά⁴

249 4133 358 4185 γειν
386 4118 754 4191 συνεχώρησε·
799 4120 905 4175 τῶν
939 4123 1037 4191 μὲν
1079 4121 1282 4194 θηρίων
1312 4124 1391 4187 είς
1436 4123 1534 4186 τὰς
1561 4123 1800 4194 μάνδρας

252 4209 418 4264 αὐτῶν
441 4211 854 4284 κοιταζομένων,
885 4213 981 4266 τοῦ
1021 4214 1080 4268 δὲ
1109 4213 1326 4284 λογικοῦ
1356 4214 1494 4281 ζώου
1523 4219 1582 4271 ἐν
1618 4218 1801 4291 ήμέρᾳ

254 4301 338 4355 καὶ
356 4303 488 4371 φωτὶ
513 4302 791 4373 προϊόντος
823 4305 915 4358 ἐπὶ
943 4305 1004 4358 τὸ
1024 4305 1184 4378 ἐργον
1221 4305 1384 4362 αὑτοῦ
1423 4309 1516 4362 καὶ
1559 4309 1654 4363 ἐπὶ
1699 4307 1799 4382 τήν

255 4392 498 4465 ἐργασίαν
525 4392 690 4448 αὐτοῦ
714 4393 818 4458 ἓως
843 4395 1103 4468 ἐσπέρας.

316 4486 466 4554 Αὕτη
493 4487 533 4554 ἡ
556 4485 836 4542 θάλασσα
862 4488 901 4556 ἡ
922 4488 1155 4560 μεγάλη
1179 4489 1278 4544 καὶ
1303 4491 1656 4562 εὐρύχωρος,
1675 4491 1804 4548 ἐκεῖ
1825 4485 1872 4544 ι)

254 4577 452 4647 ἑρπετὰ
485 4571 573 4632 ὧν
616 4579 727 4632 οὐκ
762 4578 932 4634 ἐστιν
959 4581 1204 4651 ἀριθμός
1220 4599 1236 4614 ο
1281 4581 1392 4645 ζῶα
1426 4586 1608 4656 μικρὰ
1647 4589 1800 4658 μετὰ

253 4667 525 4739 μεγάλων.
577 4669 669 4726 Ἓν
708 4669 918 4735 τούτοις
955 4673 1314 4746 παρίστησιν,
1351 4677 1465 4744 ὅτι,
1507 4677 1695 4752 ὥσπερ
1738 4680 1800 4735 τὸ

259 4759 346 4830 τῆς
374 4761 469 4832 γῆς
497 4763 754 4834 στοιχεῖον
784 4762 992 4818 πολλῶν
1022 4765 1138 4817 ἐστι
1166 4764 1320 4830 ζώων
1361 4771 1671 4841 γεννητικὸν
1695 4773 1791 4828 καὶ

262 4846 546 4919 θρεπτικὸν,
579 4852 670 4906 τὸν
692 4853 852 4908 αὐτὸν
885 4854 1084 4926 τρόπον
1114 4856 1208 4910 καὶ
1236 4858 1269 4929 ή
1294 4858 1434 4930 ὑγρὰ
1457 4859 1612 4916 οὐσία
1645 4881 1797 4936 παμ-

263 4936 417 5010 πληθῆ
437 4938 565 5010 γένη
590 4939 742 5003 ζώων
765 4942 970 5013 τρέφει.
994 4943 1069 4996 Οὐ
1096 4942 1204 5016 γὰρ
1228 4947 1416 5010 κενοὺς
1437 4948 1564 5012 τοὺς
1589 4948 1798 5023 χώρους

265 5034 292 5086 ό
324 5032 440 5096 Θεὸς
466 5033 716 5104 ἐποίησεν
734 5073 748 5099 ,
795 5035 929 5090 ἀλλὰ
972 5034 1124 5101 ζώων
1169 5038 1345 5093 πάντα
1395 5039 1656 5115 ἐνέπλησε
1707 5043 1798 5099 τὸν

267 5125 402 5196 ἀέρα,
426 5123 520 5195 τὴν
538 5125 661 5196 γῆν,
682 5125 779 5198 τὴν
792 5126 1075 5190 ,θάλασσαν
1092 5146 1106 5161 ο
1131 5130 1222 5185 τὸν
1251 5131 1350 5203 μὲν
1369 5133 1594 5206 ὀρνίθων
1615 5135 1795 5208 μόνον,

265 5217 350 5288 τὴν
371 5215 423 5270 δέ
446 5217 787 5300 τετραπόδων
841 5222 935 5274 καὶ
980 5221 1291 5295 πτερωτῶν,
1320 5223 1418 5298 τὴν
1447 5225 1505 5280 δὲ
1556 5227 1798 5300 ἀπείρων

271 5305 469 5378 ίχθύων’
528 5299 603 5360 ὧν
655 5307 704 5362 οἱ
743 5308 842 5378 μὲν
877 5308 1125 5379 μείζους,
1173 5313 1225 5367 oi
1269 5313 1326 5368 δὲ
1366 5313 1654 5381 ἐλάττους,
1694 5299 1797 5370 καὶ

267 5397 414 5471 τροφὴ
462 5400 572 5463 τοῖς
611 5398 850 5470 μείζοσιν
885 5403 935 5455 ei
981 5402 1276 5471 ἐλάττονες,
1322 5407 1501 5462 καὶτὸ
1543 5408 1700 5478 γένος
1732 5409 1794 5462 οὒ

267 5489 555 5543 δαπανᾶται.
585 5489 694 5542 Καὶ
728 5489 883 5544 τοῦτο
905 5492 964 5546 δὲ
992 5493 1090 5565 τῆς
1119 5494 1272 5559 θείας
1307 5499 1627 5569 κηδεμονίας
1670 5515 1796 5553 τεκ-

275 5582 459 5654 μήριον,
481 5582 542 5635 τὸ
568 5581 637 5636 τὰ
665 5583 872 5655 σμικρὰ
899 5583 1029 5658 γένη
1054 5587 1171 5657 ξτοίς
1193 5587 1446 5658 μεγάλοις
1484 5590 1786 5646 συνδιαιτῶ
1805 5656 1856 5678 Ι,

211 5795 232 5819 ,ι
334 5759 372 5796 δ’
400 5762 528 5819 Gen.
567 5763 733 5832 ι,1Δ.

1895 549 2094 617 brium,
2123 555 2352 605 metuum
2380 562 2442 604 ac
2461 541 2745 604 ventorum
2768 545 3085 602 mutationis
3103 560 3118 612 ;
3136 543 3191 599 in
3212 551 3460 614 tempora

1895 657 2026 698 vero
2075 641 2218 698 aeris
2262 641 2623 696 mutationum
2649 681 2665 708 ,
2703 638 2920 704 hiemis,
2958 637 3124 718 veris,
3163 637 3369 692 uastatis
3405 644 3462 690 et

1897 733 2176 800 autumni;
2207 747 2328 804 quae
2348 739 2408 787 ut
2427 731 2617 787 ordine
2637 731 2888 803 periodos
2926 737 3088 802 agant
3117 736 3354 814 statutus
3381 730 3464 784 lu-

1895 821 2185 878 minarium
2230 831 2412 880 motus
2452 823 2609 879 nobis
2642 822 2915 880 eﬂicitzin
2956 823 3074 880 dies
3101 833 3311 888 autem,
3347 837 3458 880 non

1897 916 1972 972 ita
1992 923 2055 971 ut
2088 916 2206 972 dies
2259 915 2513 981 elﬁciant,
2541 915 2657 973 dies
2698 917 2842 973 enim
2876 927 2930 972 et
2960 931 3068 972 nox
3105 917 3458 972 luminarium

1896 1005 2114 1064 conditu
2147 1007 2482 1079 antiquiores
2511 1015 2676 1076 sunt;
2724 1007 2822 1064 sed
2847 1015 2907 1063 ut
2927 1007 3035 1064 diei
3074 1007 3457 1065 dominentur:

1895 1098 1952 1154 in
1982 1113 2155 1156 annos
2183 1097 2423 1166 demum,
2451 1099 2580 1170 quia
2610 1099 2738 1154 luna
2765 1098 2983 1170 quidem
3012 1114 3140 1153 cum
3169 1097 3462 1155 duodecies

1896 1204 2118 1246 cursum
2165 1204 2323 1245 suum
2368 1189 2632 1261 perﬁciat,
2685 1191 2815 1246 anni
2862 1197 2948 1245 est
2991 1197 3230 1245 auctor:
3264 1189 3460 1245 solaris

1897 1283 2024 1338 item
2062 1287 2148 1338 est
2206 1296 2402 1345 annus,
2437 1297 2632 1353 nempe
2661 1281 2729 1337 ab
2761 1280 2952 1337 eodem
2999 1281 3159 1353 signo
3205 1280 3273 1337 ad
3313 1280 3460 1337 idem

1898 1373 2076 1444 ipsum
2113 1372 2328 1444 signum
2368 1373 2504 1429 solis
2541 1373 2828 1430 revolutio.

1965 1461 2334 1519 ἢπερ-ει.
2357 1461 2452 1519 Sol
2479 1463 2713 1534 cognovit
2745 1479 2990 1518 occasum
3012 1478 3187 1517 suum.
3221 1461 3460 1517 Posuisti

1898 1554 2159 1619 tenebras,
2212 1564 2263 1609 et
2303 1553 2447 1624 facta
2498 1562 2574 1608 est
2624 1569 2753 1616 nox,
2805 1555 2859 1608 in
2912 1555 3028 1624 ipsa
3069 1553 3460 1623 pertransibunt

1896 1660 2072 1699 omnes
2105 1644 2283 1699 bestiae
2321 1643 2488 1699 sileat.
2529 1642 2708 1698 Catuli
2747 1643 2952 1698 leonum
2994 1643 3254 1714 rugientes
3283 1652 3340 1696 ut
3370 1659 3462 1696 ra-

1894 1733 2061 1802 piant,
2095 1742 2145 1788 et
2202 1742 2444 1804 qucerant
2469 1750 2501 1786 a
2536 1731 2643 1788 Deo
2670 1749 2842 1787 escam
2885 1734 3005 1788 sibi.
3052 1731 3214 1789 Ortus
3242 1741 3319 1787 est
3355 1733 3458 1800 sol,

1895 1834 1942 1878 et
1983 1825 2453 1896 congregabantur,
2499 1832 2547 1878 et
2579 1825 2634 1878 in
2677 1822 2936 1879 cubilibus
2976 1827 3086 1879 suis
3125 1825 3460 1880 collocaban-

1897 1925 2004 1971 tur.
2040 1916 2218 1971 Exibit
2251 1917 2404 1971 homo
2430 1917 2499 1970 ad
2532 1932 2660 1986 opus
2709 1932 2884 1982 suum,
2917 1927 2968 1971 et
3003 1917 3072 1971 ad
3107 1923 3463 1988 operationem

1895 2026 2049 2065 suam
2086 2026 2246 2080 usque
2297 2011 2366 2065 ad
2415 2027 2701 2080 vesperum.
2749 2011 2920 2078 Quam
2965 2011 3307 2083 magniﬁcam
3340 2019 3464 2065 sunt

1895 2116 2052 2170 opera
2087 2111 2198 2167 tua,
2242 2101 2498 2157 Domine!
2529 2102 2785 2156 omniain
2816 2101 3076 2171 sapientia
3123 2101 3326 2171 fecisti,
3363 2102 3464 2155 im-

1894 2192 2036 2261 pleta
2062 2201 2138 2248 est
2169 2201 2308 2248 terra
2354 2185 2615 2248 creatione
2658 2203 2770 2247 tua.
2808 2190 2901 2247 Sol
2933 2193 3187 2264 cognovit
3206 2207 3463 2248 occasum

1897 2300 2079 2354 suum,
2119 2286 2328 2343 scilicet
2350 2301 2473 2342 eum
2506 2287 2599 2358 qui
2639 2287 2742 2343 sibi
2776 2302 2807 2341 a
2837 2285 2948 2342 Deo
2976 2287 3327 2357 prmscriptus
3355 2293 3460 2342 est.

1898 2375 1992 2432 Sol
2029 2376 2228 2448 quippe
2256 2377 2438 2432 lucere
2473 2384 2685 2432 tantum
2730 2376 2912 2445 novit;
2943 2391 3118 2448 neque
3161 2376 3217 2432 id
3250 2391 3466 2448 semper

1896 2482 1961 2523 ac
1993 2476 2290 2540 perpetuo;
2337 2469 2433 2525 sed
2481 2468 2574 2523 uni
2614 2483 2850 2540 praeesse
2893 2468 3026 2535 diei,
3055 2469 3111 2525 in
3146 2477 3308 2526 nocte
3335 2463 3466 2526 vero

1896 2559 2071 2618 stellis
2095 2569 2226 2615 tunc
2258 2561 2648 2631 apparentibus
2679 2561 2980 2617 concedere
3003 2562 3181 2617 locum
3212 2562 3385 2628 solet,
3406 2570 3467 2619 ut

1897 2652 2178 2722 proprium
2231 2649 2336 2706 sibi
2381 2665 2605 2706 cursum
2663 2649 2980 2718 conﬁciant,
3031 2660 3092 2707 ut
3144 2651 3469 2709 adveniente

1898 2746 2058 2794 nocte
2096 2753 2162 2793 ac
2193 2737 2435 2795 tenebris
2481 2746 2639 2795 terra
2677 2737 2982 2810 superﬁciei
3019 2738 3466 2808 imminentibus,

1897 2829 2116 2884 mitiora
2143 2829 2362 2900 quidem
2411 2839 2466 2886 et
2500 2827 2873 2886 mansuetiora
2903 2830 3158 2886 animalia
3186 2833 3476 2904 receptum"

1900 2919 2135 2977 habeant
2175 2927 2232 2977 et
2279 2921 2576 2990 secedant;
2619 2920 2749 2978 ferte
2787 2937 2918 2979 vero
2946 2922 3200 2994 quaelibet
3239 2922 3308 2978 ad
3339 2938 3468 2994 pro-

1903 3012 2081 3084 prium
2112 3011 2370 3084 quareud
2383 3027 2473 3068 um
2505 3013 2690 3070 cibum
2731 3022 2945 3082 exeant,
2979 3015 3034 3070 in
3065 3016 3287 3087 ιιι-ορΗο
3315 3015 3468 3072 scili-

1903 3109 1990 3159 cet
2022 3117 2087 3158 ac
2117 3103 2442 3175 congruenti
2469 3103 2575 3160 sibi
2599 3115 2839 3176 tempore
2855 3120 2920 3161 ac
2947 3107 3128 3164 noctis
3157 3107 3466 3164 intervallo.

1905 3194 2084 3250 Catuli
2113 3196 2320 3252 leonum
2347 3197 2608 3268 rugientes
2635 3206 2691 3250 ut
2707 3198 2940 3267 rapiant,
2963 3207 3014 3254 et
3031 3208 3272 3269 quierant
3301 3215 3336 3254 a
3361 3197 3474 3254 Deo'

1899 3302 2073 3342 escam
2129 3287 2260 3353 sibi,
2307 3287 2437 3359 quia
2486 3303 2678 3359 nempe
2736 3297 2880 3345 terra
2926 3305 3037 3345 non
3071 3291 3206 3361 ipsis
3245 3291 3472 3362 perinde

1901 3388 2065 3452 atque
2083 3379 2344 3452 jumentis
2375 3379 2558 3436 fenum
2588 3380 2865 3452 produxit,
2883 3392 2937 3439 et
2963 3382 3187 3438 herbam
3216 3384 3468 3439 servituti

1903 3471 2201 3528 hominum.
2241 3471 2384 3528 Deus
2431 3479 2616 3543 utpote
2657 3473 2899 3529 omnium
2945 3488 3134 3530 curam
3167 3489 3372 3548 agens,
3403 3491 3470 3532 ac

1899 3561 2140 3618 omnium
2163 3563 2566 3619 conservationi
2601 3578 2665 3620 ac
2686 3564 2812 3620 vita:
2839 3567 3201 3637 prospiciens,
3229 3569 3302 3622 ita
3335 3583 3468 3639 pro-

1900 3655 2056 3719 vidit,
2088 3661 2148 3710 ut
2181 3655 2287 3710 alia
2334 3655 2556 3727 quidem
2585 3671 2615 3710 a
2641 3658 2774 3713 solis
2810 3658 2982 3714 radiis
3013 3659 3366 3731 pellerentur,
3405 3675 3472 3716 ac

1901 3747 2074 3803 lucem
2125 3753 2186 3802 ut
2231 3743 2508 3803 inimicam
2560 3748 2664 3804 sibi
2707 3747 2986 3820 fugerent;
3019 3751 3126 3806 alia
3159 3766 3308 3816 vero,
3343 3761 3470 3806 tau-

1900 3851 2061 3909 quam
2125 3838 2234 3894 luci
2292 3837 2509 3904 aﬂinia,
2553 3838 2611 3894 in
2650 3840 2738 3896 die
2783 3841 3186 3912 procederent:
3221 3843 3468 3914 ipsisque

1897 3932 2174 3987 concessit
2201 3943 2261 3986 ut
2294 3932 2350 3986 in
2393 3931 2514 3986 luce
2550 3933 2717 3987 vitam
2749 3933 3028 4005 degerent,
3067 3933 3202 3990 leris
3245 3934 3468 4006 quidem

1900 4025 1955 4079 in
1985 4023 2176 4080 lustris
2215 4023 2331 4080 suis
2359 4025 2714 4091 cubantibus,
2745 4027 3053 4082 rationabili
3086 4041 3219 4083 vero
3242 4027 3466 4083 animali

1899 4115 1956 4170 in
1985 4114 2072 4170 die
2097 4128 2162 4170 ac
2193 4115 2314 4170 luce
2349 4114 2651 4186 prodeunte
2685 4117 2753 4172 ad
2777 4131 2916 4188 opus
2947 4131 3129 4185 suum,
3156 4126 3212 4175 et
3241 4117 3309 4174 ad
3333 4133 3468 4191 ope-

1899 4205 2165 4262 rationem
2192 4220 2351 4263 suam
2385 4221 2558 4278 usque
2586 4206 2655 4262 ad
2680 4221 2988 4279 vesperum.

1968 4491 2132 4549 Vsus.
2163 4485 2363 4558 25,26.
2389 4490 2503 4546 Hoc
2522 4507 2668 4546 mare
2700 4505 2948 4561 magnum
2978 4498 3028 4546 et
3058 4491 3371 4559 spatiosum,
3392 4491 3463 4546 il-

1905 4586 1973 4642 lic
2004 4585 2237 4656 reptilia,
2257 4600 2477 4657 quorum
2507 4597 2612 4640 non
2648 4593 2728 4640 est
2763 4600 3054 4639 numerus:
3080 4585 3338 4640 animalia
3365 4603 3466 4656 pu-

1903 4678 2030 4736 silla
2060 4695 2178 4734 cum
2225 4679 2452 4750 magnis.
2503 4676 2602 4731 His
2643 4675 2904 4740 declarat,
2956 4675 3099 4732 sicut
3143 4684 3302 4731 terrm
3350 4675 3464 4732 ele-

1904 4777 2144 4825 mentum
2178 4768 2348 4824 multa
2381 4767 2737 4822 animantium
2766 4769 2965 4838 genera
2991 4767 3243 4838 producit
3263 4774 3317 4823 et
3335 4765 3462 4833 alit;

1905 4861 1978 4915 ila
2018 4859 2291 4915 humidam
2325 4859 2709 4923 substantiam,
2740 4859 3005 4930 permulta
3028 4859 3338 4913 animalium
3371 4873 3466 4930 ge-

1904 4965 2037 5006 nera
2066 4950 2326 5006 enutrirc.
2361 4948 2548 5020 Neque
2575 4953 2720 5006 enim
2765 4949 2909 5006 Deus
2953 4965 3124 5006 vacua
3163 4950 3280 5004 loca
3311 4949 3460 5012 fecit,

1905 5040 2000 5100 sed
2030 5041 2357 5097 animalibus
2409 5043 2594 5097 omnia
2637 5042 2886 5112 replevit,
2919 5055 3124 5105 aerem,
3158 5049 3378 5107 terram,
3409 5049 3465 5096 et

1903 5150 2086 5203 mare;
2117 5148 2296 5190 aerem
2333 5133 2550 5205 quidem
2581 5133 2774 5191 avibus
2807 5143 3052 5202 tantum;
3095 5141 3298 5188 terram
3336 5148 3466 5202 qua-

1904 5225 2236 5298 drupedibus
2257 5232 2311 5282 et
2328 5225 2579 5298 aligeris;
2614 5240 2764 5283 mare
2779 5226 3006 5282 inﬁnitis
3021 5224 3264 5297 piscibus
3293 5243 3307 5280 :
3330 5239 3466 5295 quo-

1903 5333 2026 5374 rum
2057 5319 2163 5374 alia
2181 5318 2413 5389 majora,
2440 5317 2651 5374 minora
2675 5319 2780 5373 alia
2817 5325 2974 5386 sunt;
3005 5332 3069 5373 ac
3101 5316 3313 5372 minora
3348 5331 3467 5372 ma-

1899 5411 2186 5484 joribusin
2207 5423 2389 5467 escam
2419 5411 2638 5478 dantur,
2674 5418 2729 5467 et
2763 5418 2946 5466 tamen
2973 5423 3146 5480 genus
3167 5423 3278 5464 non
3307 5408 3465 5464 absu-

1903 5503 2091 5557 mitur.
2127 5501 2302 5574 Atque
2322 5501 2454 5558 illud
2475 5501 2672 5558 divina:
2697 5501 3052 5574 providentiae
3073 5499 3333 5556 indicium
3355 5508 3459 5564 est,

1903 5594 2049 5668 quod
2096 5608 2221 5653 cum
2273 5607 2441 5670 parva
2494 5595 2810 5652 animalium
2859 5609 3061 5669 genera
3100 5609 3223 5652 cum
3254 5593 3464 5666 magnis
