3954 7146
521 348 660 405 1285
1199 353 1466 411 EUSEBII
1499 352 1970 410 CAESARIENSIS
2005 353 2155 411 OPP.

2195 353 2376 411 PARS
2411 355 2498 411 lli.
2515 386 2586 396 —
2623 355 3024 413 EXEGETICA.

3679 357 3710 409 l
3721 360 3760 408 ἑ
3771 358 3826 410 ξεί

521 473 812 520 versentur
840 510 854 534 ,
885 484 991 524 non
1016 467 1260 526 funditus
1293 470 1362 526 ab
1387 470 1496 526 illis
1539 469 1930 538 absumantur;
1957 485 2082 525 nam
2111 539 2112 544 η

2211 470 2326 536 θαι,
2349 471 2446 525 καὶ
2472 471 2548 544 μὴ
2572 471 2847 536 παντελῶς
2871 473 2961 525 ὑπ’
2988 470 3205 525 ἐκείνων
3229 469 3822 524 muniis-assde:-

521 555 790 612 validiora
809 557 1025 614 inﬁrma
1057 560 1340 626 devorant,
1370 575 1472 617 nec
1500 562 1717 631 penitus
1746 563 2036 618 destruunt
2069 581 2082 618 :

524 646 654 720 quia
683 659 979 719 proventus
1007 667 1298 724 expensam
1321 663 1560 725 superat.
1591 653 1688 711 His
1712 655 1920 711 similes
1963 664 2091 710 sunt

524 747 796 811 quotquot
827 741 970 798 inter
1001 743 1248 801 homines
1276 761 1372 801 eos
1399 748 1492 817 qui
1520 745 1807 804 inferiores
1828 746 1933 802 sibi
1963 755 2092 804 sunt

525 830 809 888 devorant.
859 833 1061 891 Verum
1111 838 1204 892 illa
1237 837 1457 909 quidem
1503 841 1663 911 culpa
1698 841 2091 896 vacant:illud

525 924 674 980 enim
723 941 792 982 ex
834 932 1034 984 natura
1082 931 1370 1002 contingit,
1415 939 1474 987 tu
1515 948 1646 989 vero
1696 949 1768 990 ne
1807 935 2091 990 minimam

525 1018 748 1090 quidem
773 1021 852 1076 tui
882 1023 1148 1094 purgandi
1189 1025 1330 1079 viam
1353 1027 1614 1098 reperias.
1647 1026 1742 1098 qui
1774 1042 1902 1082 cum
1923 1035 1978 1084 et
2002 1042 2093 1082 ra-

525 1109 677 1167 tione
697 1118 752 1168 et
781 1113 899 1185 lege
925 1114 1228 1173 honoratus
1255 1117 1352 1182 sis,
1375 1117 1444 1173 ad
1473 1119 1619 1172 illam
1643 1119 1927 1174 brutorum
1955 1135 2094 1176 con-

525 1199 804 1260 fusionem
830 1205 1040 1263 ordinis
1055 1207 1327 1283 declinas.
1358 1209 1623 1266 Ceterum
1654 1211 1867 1282 reptilia
1917 1211 2095 1283 pisces

525 1299 688 1347 vocat
712 1308 726 1344 :
747 1292 878 1364 quia
904 1295 1134 1366 pedibus
1160 1308 1350 1354 carent
1363 1305 1418 1354 et
1431 1301 1589 1370 quasi
1619 1300 1674 1355 in
1691 1301 1829 1356 mari
1855 1309 2093 1373 reptant,

425 1423 430 1430 .
530 1389 590 1439 ut
617 1386 834 1455 reptilia
863 1386 918 1440 in
944 1394 1109 1443 terra.

601 1475 729 1532 Illic
756 1494 911 1533 naves
957 1489 1346 1548 pertranseunt,
1381 1480 1437 1537 in
1471 1482 1607 1537 mari
1639 1483 1912 1540 videlicet.
1956 1483 2096 1540 Cum

529 1569 862 1626 declarasset
910 1580 1167 1642 quantam
1222 1573 1534 1644 progeniem
1586 1589 1736 1630 mare
1773 1575 2097 1641 nutriat,et

528 1662 673 1733 quod
695 1677 870 1733 neque
885 1663 1140 1718 animalia
1155 1665 1274 1735 ejus
1290 1682 1539 1732 numero,
1559 1683 1735 1738 neque
1752 1667 1929 1738 ipsum
1947 1683 2099 1724 men—

530 1766 659 1806 sura
686 1751 944 1807 :estimari
973 1754 1184 1817 valeat;
1211 1754 1326 1824 jam
1361 1764 1585 1810 enarrat
1617 1773 1778 1827 quam
1814 1757 1886 1813 sit
1917 1759 2095 1828 ipsum

540 1840 855 1898 hominibus
902 1841 1054 1897 utile.
1101 1841 1204 1898 Per
1250 1845 1524 1899 nauticam
1574 1846 1772 1916 quippe
1830 1854 2002 1902 artem
2047 1855 2101 1901 et
2133 1849 2174 1906 Β

532 1935 872 2006 gubernandi
917 1936 1191 2007 peritiam,
1256 1938 1567 1993 necessaria
1607 1947 1797 1993 mutuo
1851 1953 2098 1994 commu-

531 2027 802 2091 nicamus,
834 2026 1158 2098 fructusque
1197 2026 1253 2081 in
1280 2034 1427 2082 terra
1454 2036 1642 2084 nostra
1661 2037 1949 2086 nascentes
1977 2030 2099 2086 aliis

532 2117 1042 2183 subministramus,
1072 2119 1140 2174 ab
1173 2118 1349 2190 iisque
1371 2121 1672 2191 accipimus
1693 2137 1859 2189 suos;
1881 2122 1955 2177 ita
1969 2130 2028 2178 ut
2046 2134 2101 2178 et

532 2208 678 2280 quod
719 2208 1048 2279 superﬂuum
1093 2216 1178 2264 est
1215 2225 1323 2264 non
1351 2210 1542 2266 inutile
1565 2212 1656 2279 sit,
1679 2212 1895 2282 etquod
1926 2211 2099 2276 deest,

533 2298 729 2355 advehi
746 2300 937 2370 possit.
966 2298 1281 2355 Sublimiori
1313 2311 1492 2357 autem
1521 2303 1733 2358 ratione
1761 2303 1888 2358 navi
1916 2301 2102 2358 Eccle-

533 2391 674 2448 siam
699 2392 941 2460 confert;
979 2393 1116 2446 mari
1147 2409 1276 2448 vero
1298 2393 1589 2448 humanam
1617 2396 1804 2460 vitam,
1834 2394 1981 2465 quod
2014 2409 2102 2449 res

533 2482 654 2554 ejus
683 2483 971 2542 instabiles
999 2499 1066 2539 ac
1104 2500 1319 2556 semper
1360 2485 1416 2539 in
1447 2494 1597 2539 motu
1631 2486 1761 2541 sint.
1793 2486 2105 2542 Innumera-

533 2574 645 2630 bile
669 2590 834 2645 porro
865 2575 1139 2646 reptilium
1167 2591 1362 2647 genus,
1387 2577 1788 2633 multitudinem
1820 2578 2101 2633 hominum

535 2677 718 2737 vocat,
748 2677 804 2726 et
834 2669 1007 2725 forma
1030 2679 1084 2724 et
1111 2686 1346 2741 persona
1367 2671 1525 2741 quasi
1565 2671 2006 2742 discrepantem;
2031 2672 2104 2727 ita

536 2770 597 2818 ut
619 2762 920 2819 diﬁ'erentia
948 2780 1016 2820 ex
1042 2763 1308 2819 varietate
1324 2762 1612 2818 affectuum
1625 2765 1941 2820 aestimetur.
1969 2763 2105 2819 Nam

536 2864 733 2910 natura
775 2854 995 2926 quidem
1023 2853 1276 2909 omnibus
1308 2859 1392 2908 est
1415 2867 1542 2921 una,
1579 2867 1680 2908 nec
1707 2852 1921 2909 diversa
1953 2861 2106 2910 ortus

536 2948 719 3003 ratio:
747 2963 906 3004 mens
938 2955 1118 3002 autem
1173 2949 1321 3004 varie
1342 2945 1718 3017 distinguitur,
1755 2961 1960 3017 corque
2003 2961 2106 3002 no-

538 3048 720 3096 strum
773 3039 1146 3095 diversitatem
1199 3039 1591 3095 sententiarum
1647 3036 1900 3092 admittit.
1949 3035 2108 3104 Quod

537 3145 664 3187 cum
691 3137 880 3188 nosset
913 3130 1208 3201 quispiam,
1239 3129 1412 3184 dixit:
1442 3127 1910 3195 Quemadmodum
1942 3126 2109 3183 facies

539 3223 784 3280 {aciebus
815 3223 1022 3281 similes
1044 3237 1151 3277 non
1165 3229 1326 3290 sunt;
1350 3221 1431 3278 sic
1446 3236 1546 3276 nec
1565 3227 1774 3276 mentes
1805 3219 2106 3275 hominum.
2137 3203 2182 3265 (ἶ

541 3317 720 3373 Naves
747 3324 928 3372 autem
955 3315 1189 3371 dicimus
1217 3330 1340 3371 esse
1366 3330 1460 3371 eas
1493 3329 1612 3386 quae
1631 3313 1684 3368 in
1705 3313 1807 3368 hoc
1837 3312 2111 3384 spirituali

538 3409 678 3465 mari
707 3416 1111 3477 pertranseunt,
1132 3418 1190 3463 ut
1219 3407 1479 3478 scriptum
1506 3415 1591 3461 est
1606 3405 1674 3470 “,
1701 3405 1951 3461 videlicet
1981 3419 2111 3461 san-

541 3509 660 3556 ctas
711 3499 1018 3556 Servatoris
1056 3499 1228 3555 nostri
1276 3497 1570 3562 Ecclesias,
1619 3513 1741 3569 qua:
1789 3497 2008 3568 quidem
2057 3496 2113 3551 in

542 3592 769 3658 mundo,
820 3591 915 3648 sed
955 3591 1268 3662 superiores
1313 3589 1516 3645 mundo
1562 3597 1719 3656 sunt;
1757 3590 1900 3646 sicut
1924 3602 2114 3644 revera

541 3686 826 3741 onerarias
854 3684 1039 3742 videre
1067 3693 1172 3750 est,
1208 3685 1264 3739 in
1313 3698 1452 3755 aqua
1484 3698 1638 3747 sane,
1670 3682 1763 3739 sed
1805 3681 2115 3752 superiores

544 3778 727 3848 aquis.
771 3776 1028 3833 Ecclesiae
1073 3777 1238 3848 igitur
1279 3777 1511 3832 navibus
1547 3775 1790 3842 similes,
1835 3773 2115 3844 spirituale

543 3883 696 3924 mare
724 3867 1080 3939 trajicientes,
1099 3867 1284 3924 ﬁdeles
1299 3867 1548 3923 homines
1570 3865 1859 3937 recipiunt,
1881 3874 1936 3921 et
1954 3865 2117 3938 quasi

543 3959 603 4016 in
633 3961 796 4016 aliam
829 3968 1030 4017 terram
1071 3969 1165 4016 aut
1194 3961 1468 4032 regionem
1507 3957 1866 4021 transferunt,
1910 3957 2118 4014 scilicet

545 4053 617 4110 ad
649 4070 876 4126 regnum
900 4054 1188 4119 caelorum,
1219 4053 1285 4109 ad
1313 4067 1465 4124 spem
1487 4051 1540 4107 in
1564 4051 1783 4107 Christo
1813 4050 2113 4116 fundatam,

547 4146 617 4202 ad
650 4145 1137 4204 sanctiﬁcationem
1191 4147 1436 4218 spiritus,
1483 4153 1537 4201 et
1581 4145 1651 4200 ad
1685 4145 1960 4212 virtutem,
1997 4161 2118 4217 qua:

549 4247 865 4296 sanctorum
913 4241 1090 4311 patria
1131 4249 1237 4296 est.
1281 4238 1418 4293 Nam
1470 4252 1617 4305 cum,
1667 4237 1811 4293 sicut
1856 4237 2119 4310 scriptum

549 4339 655 4398 est,
690 4333 910 4388 advenae
956 4341 1011 4388 et
1059 4332 1331 4404 peregrini
1382 4333 1492 4387 sint
1538 4347 1702 4404 super
1749 4339 1972 4397 terram,
2009 4347 2121 4387 non

549 4422 752 4479 habent
804 4424 892 4479 hic
941 4431 1250 4480 manentem
1293 4425 1566 4480 civitatem
1585 4425 1630 4456 “
1675 4443 1688 4478 :
1734 4424 1830 4481 sed
1863 4423 1931 4479 ad
1972 4424 2120 4478 illam

552 4513 832 4578 festinant,
864 4515 1023 4586 cujus
1051 4515 1248 4572 artifex
1275 4524 1329 4572 et
1369 4523 1585 4572 creator
1611 4521 1696 4571 est
1729 4515 1953 4572 Deus“.
1981 4515 2116 4570 Cum
2148 4550 2197 4609 υ

550 4624 680 4678 ergo
712 4608 946 4664 mundus
973 4608 1064 4663 hic
1097 4615 1280 4665 noster
1301 4609 1546 4679 exemplo
1575 4607 1745 4665 maris
1767 4607 2116 4679 intelligatur,

554 4716 655 4772 pro
685 4701 878 4773 cymba
916 4709 971 4757 et
999 4701 1254 4756 navicula
1293 4700 1538 4757 Ecclesia
1581 4700 1978 4766 testimabitur,
2019 4713 2120 4770 pro

554 4789 738 4845 nautis
769 4789 977 4846 habens
1003 4790 1386 4855 sanctiﬁcatos,
1416 4791 1534 4862 qui,
1571 4789 1716 4862 quod
1742 4789 1900 4845 ﬁdem
1932 4804 2124 4846 susce-

555 4884 756 4956 perint,
790 4881 1072 4939 Christum
1097 4899 1285 4940 secum
1313 4891 1621 4939 versantem
1653 4899 1868 4953 semper
1896 4882 2121 4947 habent,

555 4978 970 5048 tranquillitatis
1021 4986 1318 5034 auctorem.
1370 4975 1486 5032 Alia
1533 4977 1660 5034 item
1714 4977 1927 5032 ratione
1957 4991 2124 5031 naves

557 5077 836 5140 nuncupat
875 5085 992 5135 eos,
1035 5071 1128 5141 qui
1176 5070 1230 5124 in
1271 5084 1500 5140 corpore
1547 5085 1684 5135 suo,
1727 5055 1954 5139 hujusce
1996 5068 2122 5123 vita:

559 5159 722 5216 salsis
749 5168 804 5216 et
831 5161 1150 5218 decumanis
1181 5161 1436 5218 fluctibus
1467 5161 1759 5232 agitantur.
1805 5159 2121 5216 Laudantur

559 5268 724 5324 porro
750 5269 918 5311 naves
943 5269 1064 5325 quae
1101 5269 1250 5311 mare
1278 5263 1682 5325 pertranseunt,
1714 5269 1823 5310 non
1857 5267 1984 5309 vero
2002 5268 2124 5323 quae

560 5344 635 5401 ibi
667 5353 1003 5416 permanent,
1030 5346 1113 5402 vel
1131 5362 1253 5418 qua:
1275 5344 1528 5402 ﬂuctibus
1554 5345 1965 5418 demerguntur.
1987 5344 2126 5399 Nam

559 5435 656 5506 qui
693 5435 747 5490 in
772 5449 936 5493 carne
955 5449 1106 5503 sunt,
1135 5453 1235 5494 nec
1272 5437 1571 5494 secundum
1601 5453 1820 5494 carnem
1868 5437 2124 5500 militant,

561 5525 686 5581 vitae
711 5525 936 5581 fluctum
983 5527 1284 5592 calcantes,
1319 5542 1492 5598 eoque
1535 5525 1872 5598 superiores,
1916 5524 2125 5581 faciunt

562 5617 930 5686 operationem
959 5618 1014 5674 in
1043 5618 1200 5690 aquis
1233 5618 1436 5684 multis,
1466 5631 1532 5674 ac
1576 5616 1937 5682 descendunt,
1964 5624 2024 5671 ut
2054 5631 2122 5671 ex

2191 562 2470 633 βόσκονται
2499 563 2608 636 γὰρ
2642 564 2690 616 οί
2731 563 3084 635 δυνατώτεροι
3119 565 3243 626 τοὺς
3273 563 3516 616 καταδεε
3527 561 3824 630 πέρσεις,

2190 657 2284 708 καὶ
2305 656 2406 710 οὐκ
2436 654 2798 727 ἀνηλώκασιν,
2825 653 2960 708 άλλά
2984 655 3108 725 νικᾷ
3129 653 3226 725 τὴν
3245 655 3506 724 δαπάνην
3551 655 3604 722 ἡ
3647 654 3826 721 τιμάς.

2189 747 2326 812 οδος.
2393 746 2613 812 Τούτοις
2663 748 2901 801 ἐοίκασιν
2947 748 3060 801 ὅσοι
3117 747 3223 799 τῶν
3276 746 3636 818 ἀνθράκων
3703 749 3828 807 20;;

2192 839 2640 911 καταδεεστέρους
2695 839 3100 893 καταπίνουσιν.
3149 837 3285 890 Ἀλλ’
3338 839 3466 890 ἐκεῖ
3523 837 3670 906 μὲν
3733 837 3828 887 ei:

2193 931 2442 1004 ἔγκλημα
2479 929 2540 983 τὸ
2593 930 2908 1000 γινόμενον·
2963 929 3174 998 φύσεως
3211 928 3320 998 γάρ
3363 930 3494 980 ἐστι
3543 927 3636 980 τὸ
3681 943 3820 994 συμ-

2193 1023 2372 1076 ϐαῖνον
2390 1038 2403 1051 ⁸
2445 1022 2508 1074 σὺ
2534 1020 2591 1074 δὲ
2625 1018 2746 1074 ούδέ
2774 1018 2901 1089 μίαν
2929 1017 3069 1084 ἐξεις
3095 1016 3416 1086 ἀπολογίαν,
3447 1018 3482 1068 ὁ
3509 1016 3704 1084 λόγῳ
3735 1019 3824 1067 καὶ

2193 1115 2342 1185 νόμῳ
2364 1111 2722 1184 τετιμημένος
2747 1108 2992 1180 καὶπρὸς
3012 1109 3111 1179 τὴν
3134 1109 3237 1162 τῶν
3261 1109 3486 1177 ἀλόγων
3519 1108 3822 1176 σύγχυετε

2195 1205 2383 1260 ἐαυτὸν
2409 1204 2636 1272 ἐξάγων.
2673 1201 2914 1273 Ἐρπετά
2942 1218 3005 1269 γε
3045 1200 3151 1271 μὴν
3185 1201 3308 1262 τοὺς
3337 1199 3546 1269 ἰχθύας
3597 1198 3821 1266 ὀνομά-

2195 1297 2298 1362 ζει,
2345 1297 2432 1350 διὰ
2477 1297 2538 1349 τὸ
2585 1294 2786 1356 ἄποδας
2836 1293 3029 1356 αὐτοὺς
3088 1293 3247 1346 οἱονεὶ
3285 1289 3706 1360 ἐπισύρεσθαι
3753 1292 3816 1358 τνξ

2196 1390 2369 1453 ὕδατι,
2397 1387 2472 1452 ὡς
2501 1387 2568 1440 τὰ
2593 1384 2896 1458 ἐρπυστικά
2923 1386 2990 1456 τῇ
3020 1387 3113 1456 γῇ.

2277 1480 2432 1535 Ἐκεῖ
2479 1479 2660 1533 πλοῖα
2713 1478 3192 1546 διαπορεὺονταιο
3254 1477 3341 1530 Ἐν
3401 1478 3482 1546 τῇ
3543 1474 3816 1544 θαλάττῃ

2195 1574 2416 1646 δηλαδή.
2457 1571 2637 1626 Εἰπὼν
2663 1572 2793 1641 ὅσην
2817 1573 2850 1642 ή
2890 1569 3132 1623 θάλασσα
3158 1569 3414 1640 ἐκτρέφει
3449 1567 3650 1636 γονὴν
3669 1607 3690 1626 ,
3731 1569 3820 1617 22’.

2196 1664 2423 1719 ὃτιούτε
2455 1664 2524 1717 τά
2566 1663 2684 1727 ζῶα
2731 1662 3077 1734 ἀριθμεῖται,
3124 1659 3244 1714 οὔτε
3284 1661 3423 1727 αὑτὴ
3472 1661 3816 1730 μετρείτιι,

2198 1757 2344 1824 λέγει
2383 1757 2477 1810 καὶ
2501 1756 2623 1809 ὅσον
2656 1754 2821 1825 αὐτῆς
2869 1754 3132 1824 χρήσιμον
3173 1753 3253 1816 εἰς
3292 1749 3684 1823 ἀνθρώπους.
3720 1753 3814 1802 Διὶ

2201 1847 2543 1919 ναυπηγικῆς
2569 1845 2678 1918 γάρ
2698 1845 2890 1915 τέχνης
2918 1845 3012 1897 καὶ
3033 1843 3429 1916 κυϐερνητικῆς
3457 1844 3818 1911 ἐπιήμῃς

2203 1936 2332 2007 παρ’
2391 1935 2631 2008 ἀλλήλων
2686 1933 3023 2005 κομιζόμεθα
3077 1932 3146 1986 τά
3201 1933 3446 1988 ἐνδέοντα
3467 1971 3488 1995 ,
3565 1932 3684 1985 καὶ
3731 1934 3816 1985 τίτι

2201 2028 2329 2098 παρ’
2353 2027 2482 2098 ἡμῖν
2512 2026 2778 2096 φυόμενον
2808 2025 3019 2096 καρπὸν
3045 2021 3384 2097 χορηγοῦμεν
3419 2023 3697 2093 ἑτέροις,
3725 2029 3818 2075 καὶ

2199 2118 2464 2190 δεχόμεθα
2498 2117 2558 2170 τὸ
2611 2119 2740 2189 παρ’
2781 2117 3007 2178 ἐκείνοις
3062 2114 3372 2186 γινόμενον·
3408 2114 3578 2168 ὥστε
3632 2115 3724 2185 μὴ
3761 2116 3816 2166 τὲ

2202 2210 2516 2284 περιττεῦον
2554 2205 2694 2264 εἶναι
2729 2210 3016 2280 ἀνόνητον,
3054 2208 3190 2280 μήτε
3221 2208 3280 2261 τὸ
3306 2206 3488 2261 ἐνδέον
3539 2209 3814 2261 ἀνεπινό-

2201 2322 2379 2376 νητον.
2435 2302 2790 2374 ’Υψηλότερον
2828 2301 2887 2354 δὲ
2931 2300 3098 2371 πλοίῳ
3143 2299 3467 2372 παρεικάζει
3513 2301 3636 2371 τὴν
3688 2301 3812 2353 Ἐκ-

2203 2397 2462 2467 κλησίαν,
2506 2395 2742 2467 θαλάττῃ
2770 2395 2826 2448 δὲ
2868 2393 2960 2448 τὸν
3004 2393 3338 2465 ἀνθρώπινον
3386 2393 3509 2464 βίον
3535 2434 3556 2457 ,
3609 2394 3714 2447 διὰ
3755 2397 3810 2448 τέ

2203 2492 2548 2563 ἀστάθμητον
2577 2493 2671 2545 καὶ
2693 2490 2995 2561 ἀεικίνητον
3016 2488 3125 2542 τῶν
3149 2489 3206 2542 ἐν
3236 2486 3384 2558 αύτῷ
3409 2489 3808 2558 πραγμάτων.

2217 2583 2489 2655 ,Ερπετῶν
2518 2583 2575 2636 δὲ
2602 2581 2664 2636 τὸ
2692 2583 2846 2650 γένος
2878 2581 2939 2634 τὸ
2975 2580 3341 2652 ἀναρίθμητον
3377 2579 3480 2650 τὴν
3531 2580 3806 2650 πολυειδῆ

2206 2677 2299 2730 καὶ
2322 2675 2483 2728 οἱονεὶ
2516 2673 2942 2744 πολυπρόσωπον
2974 2671 3081 2724 τῶν
3113 2670 3413 2744 ἀνθρώπων
3443 2671 3616 2739 λέγει
3669 2673 3808 2741 πὶις-

2207 2771 2340 2834 θὺν,
2396 2771 2474 2833 είς
2517 2767 2616 2838 τὴν
2653 2768 2752 2838 τῆς
2797 2764 2964 2830 ἐξεως
3016 2765 3287 2820 ποικιλίαν
3339 2764 3664 2835 νοουμένης
3711 2765 3806 2832 τῆς

2207 2861 2522 2930 ἐξαλλαγῆς.
2561 2859 2725 2922 Φύσις
2761 2858 2858 2930 μὲν
2886 2856 2995 2929 γὰρ
3037 2859 3200 2912 πᾶσιν
3227 2858 3263 2930 ἡ
3303 2857 3465 2926 αὑτὴ,
3501 2858 3617 2910 καὶ
3643 2859 3676 2910 ὁ
3707 2858 3802 2924 τῆς

2207 2953 2471 3023 γενέσεως
2512 2951 2711 3022 τρόπος
2747 2951 2845 3022 οὐχ
2873 2952 3135 3022 ἑτεροῖος,
3174 2947 3497 3019 πολυσχιδὴς
3523 2947 3599 3001 δὲ
3651 2948 3801 3010 vei;

2209 3045 2303 3099 καὶ
2346 3042 2716 3114 πολυγνιὶψων
2759 3043 2817 3095 ὲν
2860 3045 2992 3114 ἡμῖν
3024 3041 3238 3114 καρδία.
3270 3043 3380 3096 Καὶ
3418 3041 3592 3094 τοῦτο
3645 3041 3800 3104 eiad;

2207 3155 2292 3202 τις
2323 3136 2558 3206 ἔφασκεν
2576 3153 2588 3165 ο
2613 3135 2824 3206 Ὠσπερ
2845 3135 2943 3205 οὐχ
2967 3134 3127 3206 ὃμοια
3148 3133 3414 3205 πρόσωπα
3442 3134 3796 3206 προσώποις,

2210 3231 2380 3294 οὕτως
2421 3229 2540 3284 οὐδὲ
2594 3229 2650 3283 αἱ
2702 3228 2927 3283 διάνοιαι
2981 3228 3087 3281 τῶν
3133 3225 3454 3299 ἀνθρώπων.
3510 3228 3702 3282 Πλοία
3741 3229 3796 3281 δὲ

2211 3316 2350 3375 εἷναί
2378 3336 2577 3390 φαμεν,
2626 3318 2662 3373 ὃ.
2695 3318 2789 3372 καὶ
2828 3320 2883 3371 ἐν
2911 3316 3033 3388 τῇδε
3059 3318 3126 3388 τῇ
3169 3319 3332 3388 νοητῇ
3377 3315 3637 3388 θαλάσσῃ
3681 3317 3796 3370 δια-

2212 3414 2536 3487 πορεύεται,
2579 3413 2722 3467 κατά
2751 3412 2814 3466 τὸ
2861 3411 3281 3482 γεγραμμένον,
3330 3409 3428 3474 τὰς
3476 3411 3655 3480 ἁγίας
3705 3411 3795 3464 τοῦ

2213 3508 2460 3579 Σωτῆρος
2480 3505 2634 3577 ἡμῶν
2662 3503 2984 3575 Ἐκκλησίας
3003 3501 3166 3566 οὔσας
3187 3503 3283 3573 μὲν
3317 3503 3373 3556 ἐν
3402 3502 3626 3572 κόσμῳ,
3661 3502 3794 3572 πλὴν

2213 3599 2468 3670 ἀνωτέρω
2517 3597 2611 3652 τοῦ
2657 3597 2902 3668 κόσμου,
2960 3596 3208 3668 καθάπερ
3266 3596 3457 3668 ἀμέλει
3520 3598 3624 3652 καὶ
3699 3598 3795 3661 τὰς

2213 3691 2442 3755 ὁλκάδας
2469 3690 2616 3743 ἐστὶν
2645 3691 2793 3761 ὁρᾷν,
2813 3688 2976 3752 οὔσας
3007 3689 3105 3759 μὲν
3136 3690 3193 3741 ἐν
3220 3688 3391 3751 ὕδατι,
3418 3687 3558 3760 πλὴν
3580 3689 3794 3744 ὑδάτων

2215 3779 2508 3851 ἀνωτέρας.
2527 3779 2590 3831 Ai
2605 3779 2780 3831 τοίνυν
2798 3777 3002 3832 ὑδάτων
3020 3777 3094 3848 (5)
3113 3777 3309 3831 πλοίων
3339 3777 3632 3848 ἐκκλησίαι
3651 3818 3670 3842 ,
3699 3779 3792 3849 τὴν

2215 3869 2408 3941 νοητὴν
2458 3868 2840 3940 διανηχόμεναι
2884 3867 3153 3921 θάλασσαν
3176 3905 3193 3930 ,
3231 3867 3470 3937 δέχονται
3523 3868 3627 3936 μὲν
3667 3868 3792 3928 τοὺς

2218 3959 2601 4023 πιστεύοντας,
2652 3957 3044 4028 ἀποκομίζουσι
3086 3956 3143 4009 δέ
3187 3956 3437 4027 καθάπερ
3468 3957 3549 4019 είς
3593 3957 3790 4028 ἑτέραν

2216 4051 2337 4105 τινὰ
2373 4053 2476 4122 γῆν
2505 4051 2538 4121 ἢ
2563 4048 2746 4121 χώραν
2779 4048 2876 4120 τὴν
2921 4047 3030 4100 τῶν
3059 4045 3302 4118 οὐρανῶν
3339 4046 3656 4118 βασιλείαν,
3702 4048 3790 4099 καὶ

2219 4142 2406 4197 ἐλπίδα
2430 4141 2527 4213 τὴν
2555 4141 2611 4195 ἐν
2658 4139 2876 4212 Χριστῷ
2915 4140 3006 4194 καὶ
3037 4142 3116 4203 είς
3141 4138 3410 4209 ἁγιασμὺν
3435 4137 3525 4190 τὸν
3558 4136 3647 4190 διὰ
3697 4137 3786 4190 τοῦ

2219 4235 2535 4307 Πνεύματος
2561 4275 2577 4300 ,
2631 4233 2726 4286 καὶ
2779 4235 2858 4296 είς
2909 4232 3004 4299 τὴν
3048 4231 3156 4285 τῶν
3203 4232 3372 4300 ἁγίων
3413 4229 3647 4302 πατρίδα
3691 4232 3786 4300 τὴν

2220 4328 2442 4400 ἀρετήν.
2480 4325 2741 4397 Πάροικοι
2775 4323 2884 4393 γὰρ
2911 4322 3060 4385 ὄντες
3094 4322 3186 4374 καὶ
3212 4319 3600 4392 παρεπίδημοι,
3647 4320 3784 4372 κατά

2221 4420 2281 4473 τὸ
2308 4417 2712 4490 γεγραμμένον,
2739 4415 2830 4472 ἐπὶ
2859 4416 2958 4485 τῆς
2993 4415 3116 4485 γῆς,
3167 4415 3268 4468 οὐκ
3303 4413 3513 4484 ἔχουσιν
3552 4405 3652 4466 ὧδε
3690 4412 3782 4484 μέ-

2221 4529 2415 4566 νουσαν
2434 4509 2587 4563 πόλιν
2603 4525 2616 4538 ·
2640 4506 2948 4576 ἐπείγονται
2969 4506 3025 4558 δὲ
3047 4505 3182 4577 πρὸς
3202 4505 3436 4575 ἐκείνην,
3454 4498 3521 4574 ἦς
3541 4503 3783 4573 τεχνίτης

2222 4605 2317 4659 καὶ
2351 4601 2679 4676 δημιουργὸς
2716 4602 2747 4654 ό
2792 4599 2942 4662 Θεός.
2987 4598 3076 4651 Ἐν
3119 4597 3357 4668 σχήματι
3390 4591 3483 4649 οὖν
3517 4595 3782 4666 θαλάσσης

2222 4693 2373 4748 τοῦδε
2413 4691 2507 4746 τοῦ
2552 4691 2672 4745 καθ’
2702 4690 2848 4761 ἡμᾶς
2893 4686 3179 4758 νοουμένου
3212 4685 3444 4757 κόσμου,
3502 4685 3704 4754 σκάφος
3748 4685 3778 4756 ἦ

2226 4784 2405 4838 πλοῖον
2440 4784 2474 4855 ὴ
2527 4779 2821 4852 Ἐκκλησία
2851 4775 3210 4851 νοηθήσεται,
3261 4777 3550 4847 πλωτῆρας
3594 4776 3780 4846 ἔχουσα

2223 4879 2348 4942 τοὺς
2371 4876 2756 4949 ήγιασμένους,
2791 4874 2840 4927 οἳ
2891 4873 2981 4927 καὶ
3009 4873 3096 4926 διὰ
3139 4870 3232 4924 τοῦ
3267 4869 3653 4934 καταδέξασθαι
3683 4871 3778 4940 τὴν

2227 4970 2406 5023 πίστιν
2437 4967 2661 5023 συνόντα
2689 4964 2779 5020 διὰ
2813 4963 3010 5028 παντὸς
3039 4962 3219 5034 ἔχουσι
3238 4961 3330 5016 τὸν
3361 4961 3590 5034 Χριστὸν
3613 4960 3775 5014 εὐδίαν

2227 5060 2501 5116 ἁπλοῦντα
2541 5059 2640 5132 τὴν
2681 5058 2914 5130 ἁπαλήν.
2964 5055 3194 5126 Ἑτέρως
3230 5053 3287 5108 δὲ
3339 5053 3498 5107 πλοῖα
3539 5052 3772 5123 ὀνομάζει

2225 5155 2351 5218 τοὺς
2380 5153 2466 5207 διὰ
2502 5152 2609 5206 τῶν
2652 5149 2916 5222 σωμάτων
2947 5151 3004 5203 ἐν
3037 5147 3114 5218 τῷ
3161 5145 3388 5219 ἁλμυρῷ
3427 5145 3644 5199 κλύδωνι
3679 5145 3769 5198 τοῦ

2232 5246 2348 5318 βίου
2390 5244 2579 5300 τούτου
2636 5241 3045 5315 σαλευομένους.
3093 5241 3201 5294 Καὶ
3219 5225 3382 5293 ’ἐστιν
3431 5237 3768 5309 ἐπαινούμενα

2231 5340 2390 5392 πλοῖα
2415 5337 2484 5392 τὰ
2525 5335 2865 5390 διαϐαίνοντα
2893 5333 2990 5406 τὴν
3029 5333 3302 5388 θάλασσαν
3323 5371 3338 5396 ,
3380 5331 3515 5384 ἀλλά
3551 5330 3620 5401 μὴ
3659 5332 3770 5384 ἐνα-

2230 5430 2533 5484 ποιιένοντα
2559 5430 2720 5500 αὐτῇ,
2753 5427 2886 5500 μηδὲ
2920 5423 3431 5495 καταϐαπτιζόμενα
3471 5426 3579 5485 τοῖς
3611 5418 3770 5493 κύμα-

2233 5541 2336 5578 σιν.
2370 5524 2434 5576 Οἱ
2466 5521 2574 5594 γὰρ
2614 5524 2672 5575 ἐν
2716 5521 2884 5590 σαρκὶ
2925 5519 3110 5586 ὄντες,
3163 5519 3259 5573 καὶ
3304 5518 3381 5590 μὴ
3429 5515 3567 5570 κατά
3609 5515 3766 5587 σάρκα

2234 5615 2671 5688 στρατευόμενοι,
2699 5613 3134 5678 καταπατοῦντες
3155 5610 3245 5667 τὸν
3269 5608 3511 5666 κλύδωνα
3539 5606 3624 5663 τοῦ
3642 5608 3763 5679 βίου,

632 5713 680 5746 ⁸⁸
714 5714 733 5769 Ι
765 5714 895 5774 Cor.
926 5732 990 5784 x,
1021 5717 1071 5774 l.
1149 5716 1194 5750 “
1232 5715 1396 5774 llebr.
1433 5731 1566 5783 xtn,
1603 5714 1692 5772 M.
1769 5715 1814 5750 “
1852 5711 2016 5771 ilebr.
2052 5729 2129 5780 tu,
2163 5711 2251 5769 l0.

636 5805 711 5878 ('5)
744 5807 828 5864 Sit
