3954 7146
63 321 282 383 1285

1250 327 1753 388 COMMENTARIA
1792 331 1860 389 IN
1897 333 2235 398 PSALMOS.

3295 355 3432 413 1286

61 443 200 542 ταὶ
255 448 636 523 ὑψηλότεροι
686 444 849 504 αὐτοῦ
896 445 1067 512 ὄντες,
1107 434 1364 534 ποιοῦσιν
1389 449 1652 520 ἐργασίαν
1703 451 1728 504 ἐ

1862 451 2130 510 demersis
2156 454 2370 527 aliquos
2406 455 2707 518 lucrentur.
2741 463 3076 540 lnsuperque
3113 469 3277 542 hujus
3310 475 3435 531 vita:

59 527 308 594 ιδασι
371 542 619 607 πολλοῖς,
667 537 1190 610 συγκαταϐαίνοντες
1233 525 1328 592 ἐπὶ
1374 537 1454 610 τῷ
1500 539 1761 610 κερδῆσαί

57 641 308 697 τινας
392 634 508 689 τῶν
572 631 998 705 βεὸυθισμένων.
1046 631 1166 684 Ἔτι
1214 629 1305 684 τὸν
1342 629 1467 701 τῇδε
1510 630 1605 684 τοῦ
1647 631 1760 702 βίου

55 727 593 800 περισπασμδν,
621 726 714 780 καὶ
741 725 841 798 τὴν
875 725 932 776 ἐν
969 721 1116 794 αὐτῷ
1144 720 1253 775 τῶν
1293 722 1632 794 πραγμάτων
1672 741 1761 777 πι-

54 817 294 884 κρὰν
339 819 628 892 ἀνάχυσιν.
679 817 896 872 καὶτὸν
939 815 1279 888 ἀναφυρμὸν,
1315 816 1593 888 σημαίνων
1629 819 1760 887 ἡμῖν

53 907 408 976 ἀστείως
443 913 474 965 6
509 910 762 984 μελῳδὸς,
808 909 969 976 Αὕτη
1001 907 1039 976 ἡ
1074 906 1376 974 θάλασσα,
1411 910 1572 979 φησὶν
1593 950 1606 973 ,
1639 909 1770 963 ἐκεῖ

65 1001 420 1070 ἑρπετὰ,
459 998 547 1060 ὧν
574 1006 684 1059 οὐκ
734 1003 905 1058 ἐστιν
935 1001 1198 1072 ἀριθμὸς,
1229 1000 1341 1062 ζῶα
1383 1001 1567 1072 μικρὰ
1612 1005 1764 1073 μετὰ

63 1095 478 1164 μεγάλων.
529 1096 728 1168 Ἰχθύσι
775 1096 885 1167 γὰρ
923 1096 1322 1168 παρεικαστέον
1356 1090 1415 1149 εὖ
1453 1095 1596 1167 μάλα
1634 1096 1761 1161 τοὺς

48 1184 220 1237 list-3
292 1189 496 1244 οὐδενὶ
541 1189 640 1260 μὲν
673 1187 784 1241 ἔσθ’
813 1188 901 1242 ὅτε
952 1188 1062 1242 τῶν
1105 1189 1413 1258 ἀναγκαίων
1456 1191 1535 1254 είς
1576 1189 1761 1262 ὄνησιν

46 1280 284 1351 ῖστῆδε
325 1283 560 1336 κάκεῖσε
597 1280 939 1352 διᾴττοντας,
981 1281 1075 1335 καὶ
1119 1282 1255 1353 μόνα
1306 1280 1659 1350 συλλέγοντας
1691 1282 1759 1336 τὰ

85 1371 387 1445 ὅσαπερ
415 1375 483 1428 ἂν
514 1373 788 1445 ἀποφῆναι
841 1375 1135 1446 σαρκικοὺς
1155 1415 1172 1442 ,
1221 1374 1316 1429 καὶ
1347 1375 1585 1439 εἰκαίους
1631 1376 1761 1429 ἀνα-

89 1462 364 1534 τλῆναι
401 1462 815 1535 παρασκευάζει
851 1463 1066 1528 πόνους.
1109 1464 1317 1518 Οὐκοῦν
1353 1465 1548 1536 ἰχθύων
1579 1465 1762 1537 διανη-

42 1569 48 1594 '-
91 1556 382 1628 χόμεθα
426 1557 582 1629 δίκην
612 1557 710 1630 τὴν
761 1557 1018 1614 πλατεῖαν
1058 1557 1261 1630 ταύτην
1309 1559 1405 1613 καὶ
1447 1559 1762 1631 εὐρύχωρον

40 1659 46 1690 ί
93 1651 140 1702 ὁ
173 1650 461 1705 ἑκάστου
488 1648 621 1720 βίος.

1861 544 2301 614 distractionem,
2332 556 2385 605 et
2412 564 2653 608 amaram
2684 554 2832 611 illam
2874 573 3056 615 rerum
3083 559 3205 632 ejus
3234 563 3432 619 confu-

1861 638 2068 694 sionem
2113 642 2662 718 commistionemque
2700 650 2911 706 urbane
2973 653 3133 711 nobis
3180 654 3433 715 indicans

1864 731 2184 802 Psalmista,
2221 733 2338 791 Hoc
2373 754 2538 808 mare,
2571 739 2767 812 inquit,
2803 743 2915 798 illic
2937 745 3169 814 reptilia,
3209 765 3436 819 quorum

1864 839 1968 877 non
2003 831 2081 878 est
2111 825 2382 893 numeras,
2415 836 2520 885 etc.
2556 828 2691 885 Nam
2731 833 2975 904 piscibus
3022 837 3267 908 apposite
3301 855 3434 897 con-

1863 911 2132 982 ferantur,
2160 916 2254 986 qui
2287 915 2353 970 ad
2383 920 2778 988 comparandas
2801 924 2900 980 sibi
2922 940 3011 982 res
3037 943 3212 1000 neque
3241 945 3435 989 ncces-

1863 1005 2063 1072 sarias,
2105 1022 2284 1078 neque
2329 1009 2511 1072 utiles.
2561 1011 2668 1069 huc
2708 1014 2839 1070 illuc
2876 1019 3212 1090 transiliunt,
3248 1029 3303 1078 et
3341 1023 3433 1079 illa

1861 1095 1977 1151 sola
2005 1095 2288 1168 colligunt,
2324 1113 2445 1169 qua:
2465 1099 2587 1156 illos
2619 1103 2866 1159 carnales
2891 1119 3014 1162 esse
3036 1104 3334 1174 declarent,
3367 1123 3434 1164 ac

1863 1187 2083 1244 labores
2127 1203 2320 1244 eorum
2354 1205 2526 1247 vanos
2559 1191 2858 1265 irritosque
2887 1194 3111 1251 faciant.
3136 1195 3306 1268 igitur
3353 1199 3435 1269 pi—

1866 1280 2040 1337 scium
2068 1279 2240 1336 instar
2264 1280 2368 1337 hoc
2384 1297 2533 1339 mare
2559 1299 2814 1357 magnum
2838 1292 2892 1343 et
2919 1287 3216 1357 spatiosum
3249 1298 3435 1345 trana-

1865 1387 2012 1436 mns,
2048 1371 2302 1427 videlicet
2346 1374 2610 1430 mundum
2640 1395 2656 1431 ι
2689 1391 2815 1432 nam
2844 1377 3112 1450 cujusque
3139 1380 3247 1435 vita
3279 1381 3434 1438 varia

1866 1462 2234 1534 diﬂ‘erensque
2260 1472 2367 1520 est.

1818 1556 2116 1624 θάλασσαν,
2175 1556 2422 1612 τουτέστι
2455 1557 2548 1613 τὸν
2582 1559 2817 1633 κόσμον·
2869 1560 3122 1636 διάφορος
3167 1565 3275 1636 γάρ
3316 1580 3433 1628 πως

211 1811 488 1884 Δράκων
541 1805 738 1876 οὗτος,
789 1810 861 1863 ὃν
905 1809 1184 1876 ἔπλασας
1218 1808 1522 1880 ἐμπαίζειν
1573 1808 1733 1876 αὐτῷ

1933 1798 2096 1857 Vens.
2123 1799 2314 1855 27-29.
2357 1800 2533 1857 Draco
2563 1803 2681 1869 iste,
2733 1819 2882 1875 quem
2921 1806 3168 1876 formasti
3198 1812 3268 1864 ad
3304 1813 3432 1866 illa-

111 1903 379 1959 Hdrta
403 1903 556 1975 πρὸς
585 1903 660 1958 σὲ
697 1900 1095 1973 προσδοκῶσι,
1125 1901 1334 1957 δοῦναι
1373 1901 1488 1971 τὴν
1523 1902 1754 1972 τροφὴν

32 2029 44 2062 ε
113 1996 379 2063 αὐτοῖς
425 1997 721 2067 εὔκαιρον.
782 1996 1000 2060 Δόντος
1048 2009 1166 2050 σου
1222 1995 1426 2062 αὐτοῖς
1453 2035 1467 2060 ,
1529 1993 1745 2048 avlae-

30 2121 38 2152 ε
120 2086 385 2151 ἔθυον
433 2086 788 2152 ἄνοιξαν-τος
833 2083 899 2138 δέ
941 2101 1059 2138 σου
1100 2083 1217 2154 τὴν
1266 2083 1456 2154 χεῖρα,
1495 2084 1566 2138 τὰ
1597 2085 1752 2154 σύμ-

35 2220 42 2250 ί
121 2191 370 2231 παντα
395 2176 852 2245 πλησθήσονται
874 2177 1300 2246 χρηστότητος.
1322 2176 1464 2248 Ὅρα
1480 2177 1527 2228 cl
1547 2175 1753 2248 δυνήσῃ

28 2311 38 2340 _.
127 2268 463 2323 καθολικδν
487 2268 594 2322 ἀπὸ
608 2269 796 2322 τούτου
825 2267 1071 2321 ἐκλαϐεῖν
1093 2267 1289 2339 δόγμα,
1307 2267 1382 2332 ὡς
1410 2268 1625 2321 πάντων
1645 2266 1756 2319 τῶν

129 2359 419 2430 γενητῶν
441 2359 775 2431 πενομένων,
798 2359 1134 2430 λειπομένων
1161 2376 1220 2412 τε
1252 2359 1345 2412 καὶ
1366 2359 1633 2430 δεομένων
1653 2361 1754 2430 τῆς

24 2503 34 2514 ,
129 2451 320 2524 παρὰ
350 2451 448 2506 τοῦ
482 2452 616 2506 Θεοῦ
645 2451 927 2524 χορηγίας,
958 2447 1024 2524 ἦς
1071 2451 1439 2522 μεταλαόόντα
1481 2451 1752 2522 δυναμοῦο

24 2525 36 2608 ξ
128 2561 250 2597 ται
289 2544 391 2598 καὶ
424 2543 616 2616 ἰσχύει,
648 2543 837 2616 ὥσπερ
861 2543 948 2597 διὰ
978 2543 1182 2616 τροφῆς
1218 2543 1520 2616 ζωούμενα.
1549 2542 1750 2598 Πάντα

20 2623 34 2698 ξ
133 2633 315 2704 πρὸς
349 2635 427 2688 σὲ
459 2633 900 2704 προσδοκῶσιν,
919 2633 1130 2688 δοῦναι
1167 2635 1280 2704 τὴν
1299 2635 1751 2706 τροφὴν-αὐτοῖς

20 2785 32 2792 δ
135 2727 467 2795 εὔκαιρον.
511 2725 591 2779 Τὰ
625 2726 802 2780 πάντα
837 2725 894 2779 δὲ
928 2727 1108 2798 φήσας
1137 2729 1166 2780 6
1208 2726 1365 2798 λόγος
1397 2728 1748 2800 περιείληφεν

18 2807 28 2890 ξ
137 2819 300 2891 ὁμοῦ
335 2818 435 2884 τὰς
467 2817 662 2890 νοητὰς
691 2817 786 2871 καὶ
819 2817 979 2886 ἁγίας
1010 2815 1288 2888 δυνάμεις,
1329 2817 1430 2880 τάς
1463 2834 1523 2870 τε
1559 2816 1748 2886 αξσοη-

139 2910 262 2976 τὰς
288 2911 386 2966 καὶ
418 2911 518 2976 τὰς
548 2913 605 2966 ἐν
639 2910 852 2983 θνητοῖς
893 2908 1157 2981 σώμασιν.
1206 2909 1361 2964 Οῦτω
1398 2910 1506 2982 γὰρ
1541 2909 1740 2980 μᾶλλον

1859 1891 2088 1948 dentium
2117 1892 2187 1947 ei.
2216 1891 2408 1947 Omnia
2450 1911 2482 1947 a
2511 1903 2559 1948 te
2587 1905 2888 1965 exspectant
2915 1909 2971 1950 at
3005 1897 3095 1954 des
3125 1900 3234 1955 illis
3257 1918 3432 1956 escam

1859 1985 1914 2040 in
1946 1994 2191 2054 tempore.
2221 1984 2398 2040 Dante
2429 1994 2477 2040 te
2507 1986 2616 2041 illis
2643 1988 2911 2059 colligent,
2945 1993 3204 2060 aperiente
3226 2003 3275 2048 te
3311 2012 3431 2050 ma-

1859 2093 1984 2131 num
2025 2077 2204 2130 omnia
2256 2077 2615 2147 implebantur
2665 2080 2913 2136 bonitate.
2956 2081 3092 2140 Vide
3137 2100 3206 2140 an
3252 2089 3433 2158 possis

1860 2168 1988 2224 hinc
2021 2168 2216 2239 dogma
2258 2169 2590 2225 catholicum
2633 2173 2903 2242 excipere,
2938 2174 3084 2246 quod
3120 2191 3313 2234 omnes
3341 2195 3433 2236 res

1858 2270 2056 2316 creata:
2098 2261 2292 2331 inopes
2343 2261 2456 2316 sint
2514 2277 2578 2316 ac
2616 2261 2712 2318 Dei
2741 2264 3028 2337 largitione
3077 2278 3290 2338 egeant,
3321 2286 3429 2342 qua

1856 2362 2081 2424 accepta
2105 2354 2440 2410 roborantur
2466 2370 2531 2410 ac
2563 2356 2764 2427 vigent,
2786 2367 2974 2429 utpote
2989 2375 3112 2416 esca
3143 2362 3310 2417 vitam
3343 2379 3432 2418 ac-

1854 2445 2142 2518 cipientes.
2179 2445 2374 2501 Omnia
2410 2456 2513 2501 ate
2545 2457 2869 2518 exspectant,
2900 2461 2957 2504 ut
2987 2451 3078 2508 des
3105 2453 3216 2508 illis
3253 2470 3430 2510 escam

1853 2541 1910 2595 in
1940 2549 2189 2610 tempore.
2237 2538 2375 2596 Cum
2420 2555 2588 2612 porro
2627 2544 2806 2597 omnia
2853 2543 3072 2613 dixerit,
3116 2549 3429 2619 spirituales

1851 2639 1907 2688 et
1928 2639 2150 2688 sanctas
2173 2632 2430 2698 virtutes,
2463 2647 2679 2690 necnon
2711 2637 3020 2704 sensibiles,
3053 2655 3173 2709 qua:
3196 2642 3249 2696 in
3281 2657 3430 2696 mor-

1851 2723 2052 2779 talibus
2109 2723 2434 2793 corporibus
2483 2734 2631 2789 sunt,
2660 2741 2768 2780 una
2808 2729 3127 2799 complexus
3154 2739 3257 2787 est.
3290 2731 3430 2789 Nam

1850 2816 1925 2871 ita
1966 2815 2061 2872 Dei
2103 2815 2322 2871 bonitas
2366 2817 2540 2887 magis
2571 2817 2848 2884 elucescit,
2898 2820 3043 2890 quod
3071 2829 3181 2878 tam
3228 2824 3428 2898 dignis,

1847 2923 2009 2978 quam
2035 2907 2296 2979 indignis,
2331 2923 2486 2963 suam
2530 2908 2806 2978 impertiat
2835 2911 3246 2985 benignitatem.

150 3003 432 3076 μειζόνως
454 3007 489 3077 ἠ
522 3003 791 3076 ἀναθότης
818 3001 1131 3074 διαλάμπει,
1159 3002 1238 3074 τῷ
1265 3004 1360 3058 καὶ
1391 3003 1560 3071 ἀξίοις
1586 3005 1677 3059 καὶ
1707 3002 1781 3076 μὴ
1814 3002 1984 3067 ἀξίοις
2020 2999 2120 3074 τῆς
2150 3002 2280 3074 παρ’
2307 3001 2470 3055 αὐτοῦ
2505 3005 2868 3078 χρηστότητος
2902 3007 3240 3078 μεταδοῦναι.

247 3165 613 3233 Ἀντανελεῖς
635 3165 702 3220 τὸ
731 3165 966 3237 πνεῦμα
993 3163 1191 3221 αὐτῶν
1223 3164 1322 3218 καὶ
1356 3164 1733 3234 ἐκλείψουσι.

1910 3162 2078 3218 Vens.
2109 3158 2198 3217 50.
2229 3162 2448 3231 Auferes
2478 3162 2718 3231 spiritum
2753 3179 2957 3228 eorum,
2986 3174 3036 3218 et
3064 3167 3328 3237 deﬁcient,
3373 3181 3426 3228 et

9 3238 22 3289 ί
153 3259 262 3312 καὶ
279 3261 367 3324 εις
388 3258 496 3312 τὸν
524 3258 677 3328 χοῦν
699 3257 897 3313 αὐτῶν
910 3257 1367 3327 ἐπιστρέφουσι.
1386 3257 1741 3321 Ἐεαποστε-

8 3345 18 3378 ²
156 3349 294 3417 ,ιεῖς
311 3350 378 3405 τὸ
394 3349 784 3421 πνεῦμάέσου,
803 3350 902 3404 καὶ
918 3350 1368 3419 κτισθήσονται,
1393 3349 1490 3403 καὶ
1507 3350 1742 3404 ἀνακαι-

158 3441 314 3508 νιεῖς
339 3441 406 3495 τὸ
438 3443 766 3511 πρόσωπον
796 3441 907 3510 τῆς
937 3441 1070 3513 γῆς.
1108 3442 1243 3514 Περὶ
1275 3440 1578 3514 ἀνθρώπων
1626 3441 1683 3494 δὲ
1712 3441 1742 3493 6

159 3528 343 3599 λόγος,
378 3532 474 3586 καὶ
517 3526 668 3602 οἶμαι
708 3549 771 3601 γε
821 3531 907 3586 διὰ
946 3531 1151 3586 τούτων
1183 3532 1284 3604 τὴν
1334 3532 1427 3586 τοῦ
1476 3531 1742 3604 παρόντος

163 3622 361 3686 αἰῶνος
382 3622 669 3696 δηλοῦσθαι
704 3624 1014 3679 συντέλειαν
1037 3664 1052 3689 ,
1084 3625 1179 3680 καὶ
1207 3625 1306 3697 τὴν
1329 3623 1421 3678 τοῦ
1455 3625 1738 3696 μέλλοντος

160 3713 477 3768 ἀνανέωσιν·
503 3714 579 3779 ὼς
607 3714 672 3769 ἂν
704 3717 775 3788 μή
795 3733 879 3780 τις
911 3717 1182 3790 ὑπονοήσῃ
1207 3717 1286 3780 είς
1314 3717 1536 3787 ἄπειρον
1568 3733 1739 3769 κατα-

159 3807 357 3860 τείνειν
377 3807 474 3878 τὴν
503 3807 782 3879 παροῦσαν
803 3808 898 3862 τοῦ
923 3808 1129 3879 κόσμου
1160 3807 1436 3871 σύστασιν,
1460 3807 1574 3862 ἀλλ’
1596 3807 1738 3877 ἔχοι-

167 3910 267 3964 μεν
291 3894 508 3960 ἐλπίδας
535 3898 616 3960 είς
648 3897 854 3951 ἐκεῖνον
880 3899 970 3951 τὸν
1001 3898 1119 3951 νέον
1156 3897 1328 3952 αἰῶνα
1355 3897 1448 3950 καὶ
1478 3898 1577 3970 τὴν
1602 3897 1736 3951 ἀνά-

167 3999 370 4047 στασιν,
396 3986 461 4056 ἢν
490 3989 519 4040 6
546 3986 701 4056 λόγος
732 3988 1030 4060 παρίστησι
1061 3986 1196 4060 μετὰ
1217 3988 1276 4041 τὸ
1299 3989 1483 4057 φάναι,
1505 3990 1608 4054 Εἰς
1629 3990 1739 4043 τὸν

170 4075 318 4144 χοῦν
341 4076 537 4131 αὐτῶν
584 4079 1090 4148 ἐπιστρέψωσιν,
1125 4079 1451 4149 ἐπαγαγών·
1496 4081 1737 4145 Ἐξαπο-

172 4167 399 4232 στελεῖς
434 4169 501 4221 τὸ
535 4170 769 4242 πνεῦμά
797 4186 913 4226 σου
949 4172 1011 4225 τὸ
1045 4172 1327 4237 ζωοποιδν,
1360 4172 1459 4226 καὶ
1495 4170 1737 4240 κτισθή-

173 4274 394 4324 vortat,
427 4261 490 4313 ἐκ
543 4261 646 4331 γῆς
698 4263 1084 4333 ἀνιστάμενοι,
1131 4264 1230 4318 καὶ
1273 4264 1638 4329 ἀνακαινιεῖς
1667 4265 1734 4318 τὸ

174 4354 488 4421 πρόσωπον
509 4353 621 4422 τῆς
649 4353 780 4424 γῆς,
806 4355 865 4408 τὸ
892 4355 1084 4420 κάλλος
1115 4356 1216 4427 τῆς
1240 4357 1363 4426 γῆς,
1389 4356 1586 4428 δηλαδὴ
1610 4357 1735 4420 τοὺς

174 4448 276 4503 ἀπὸ
343 4447 446 4518 γῆς
494 4447 829 4511 πλασθέντας
893 4447 1232 4520 ἀνθρώπους.
1314 4447 1576 4503 Ἐνταῦθα
1638 4465 1734 4502 σα-

1844 3255 1899 3310 in
1949 3257 2215 3325 pulverem
2279 3270 2433 3310 suum
2488 3263 2828 3309 revertentur.
2881 3254 3105 3312 Emittes
3176 3262 3425 3330 spiritum

1846 3353 2079 3410 tuum,et
2101 3345 2440 3408 creabantur,
2471 3353 2520 3398 et
2551 3345 2823 3400 renovabis
2853 3346 3044 3415 faciem
3069 3351 3424 3412 terrmrEsti-

1843 3453 1933 3493 mo
1953 3437 2021 3493 de
2047 3437 2364 3493 hominibus
2396 3437 2486 3492 hic
2511 3452 2818 3493 sermonem
2845 3438 3057 3504 haberi,
3092 3456 3156 3496 ac
3179 3457 3423 3513 praesen-

1842 3530 1914 3586 tis
1934 3529 2120 3586 saeculi
2153 3529 2677 3585 consummationem
2707 3530 2988 3603 futurique
3009 3537 3419 3594 renovationem

1842 3619 1928 3675 his
1954 3618 2286 3691 signiﬁcari;
2319 3625 2380 3673 ut
2414 3633 2482 3673 ne
2506 3622 2628 3690 quis
2645 3620 3021 3692 suspicaretur
3039 3623 3203 3697 hujus
3227 3627 3420 3682 mundi

1841 3718 2044 3767 statum
2085 3711 2140 3766 in
2169 3719 2436 3766 aeternum
2464 3726 2784 3768 mansurum
2819 3729 2974 3782 esse;
3010 3717 3108 3772 sed
3141 3734 3294 3788 spem
3317 3719 3416 3775 ha-

1839 3803 2094 3859 beremus
2124 3802 2180 3857 in
2214 3801 2347 3857 illud
2382 3818 2584 3858 novum
2629 3804 2913 3870 saeculum,
2948 3821 3013 3860 ac
3059 3810 3419 3874 resurrectio,-

1839 3910 1965 3952 nem
1995 3910 2158 3966 quam
2188 3911 2370 3952 sermo
2394 3897 2656 3961 declarat,
2692 3913 2814 3953 cum
2848 3906 3203 3970 posteaquam
3252 3902 3412 3968 dixit,

1841 3987 1906 4043 In
1925 3988 2186 4058 pulverem
2216 4003 2370 4043 suum
2396 3995 2735 4053 revertentur,
2760 3989 3006 4059 subjicit,
3033 3989 3258 4046 Emittes
3288 3993 3404 4060 spi-

1838 4082 1998 4136 ritum
2021 4091 2169 4136 tuunt
2199 4081 2496 4144 viviﬁcum,
2524 4089 2574 4134 et
2600 4079 2938 4146 creabantur,
2971 4097 3038 4137 ex
3065 4091 3208 4137 terra
3235 4099 3414 4139 resur-

1837 4182 2050 4245 gentes,
2086 4182 2136 4229 et
2180 4172 2452 4228 renovabis
2496 4172 2687 4242 faciem
2731 4183 2905 4237 teme,
2949 4174 3412 4243 pulchritudinem

1836 4265 2086 4320 videlicet
2113 4272 2291 4330 terrae,
2316 4264 2370 4317 id
2397 4271 2502 4328 est,
2525 4263 2775 4319 homines
2801 4279 2868 4320 ex
2901 4268 3408 4324 terra‘etlormatos.

1837 4354 1938 4411 llic
1983 4355 2132 4412 clare
2174 4355 2336 4410 nobis
2375 4354 2860 4422 resurrectionem,
2905 4370 3103 4410 novam
3152 4371 3249 4427 per
3279 4371 3411 4412 san-

1836 4447 2144 4504 ctissimum
2175 4443 2440 4517 Spiritum
2477 4444 2664 4510 vitam,
2701 4459 2766 4499 ac
2795 4445 3159 4500 humanorum
3209 4463 3409 4520 corpo-

175 4541 281 4612 φῶς
327 4542 455 4612 ἡμῖν
486 4540 579 4594 καὶ
611 4538 708 4611 τὴν
743 4533 1038 4595 ¹ἀνάστασιν
1079 4539 1450 4613 προεκήρυξε,
1491 4542 1585 4593 καὶ
1633 4540 1733 4612 τὴν

1844 4557 1959 4595 rum
1988 4540 2045 4595 in
2069 4538 2372 4596 novissimo
2401 4538 2586 4593 saeculi
2618 4545 2863 4608 tempore
2889 4540 2944 4592 in
2971 4539 3262 4609 pristinam
3295 4541 3409 4598 for-

175 4634 257 4688 διὰ
282 4633 372 4687 τοῦ
417 4633 681 4702 παναγίου
726 4633 1040 4706 Πνεῦματος
1075 4634 1392 4698 ἀναϐίωσιν,
1421 4635 1516 4686 καὶ
1547 4632 1640 4687 τὸν
1673 4635 1732 4687 ἐν

177 4727 409 4798 ἐσχάτοις
440 4727 534 4780 τοῦ
564 4726 757 4791 αἰῶνος
785 4729 997 4799 καιροῖς
1018 4727 1126 4779 τῶν
1160 4725 1512 4799 ἀνθρωπίνων
1544 4726 1732 4797 σωμά-

177 4836 294 4882 των,
327 4819 709 4892 ἀναπλασμόν·
740 4821 839 4892 τήν
871 4837 928 4872 τε
957 4821 1038 4884 είς
1078 4819 1139 4872 τὸ
1181 4815 1332 4884 αὖθις
1363 4815 1501 4874 εῖναι
1553 4836 1731 4891 παρα-

178 4913 366 4982 γωγήν.
391 4913 498 4966 Καὶ
531 4913 821 4976 δείκνυσιν,
848 4912 924 4978 ὡς
949 4914 1108 4978 αὐτός
1133 4915 1277 4968 ἐστιν
1305 4915 1334 4968 6
1370 4915 1466 4969 καὶ
1495 4913 1726 4968 θανάτου

179 5003 264 5057 καὶ
283 5002 419 5073 ζωῆς
442 5003 811 5075 δεσπότης.οὑ
839 5004 947 5077 γὰρ
978 5002 1224 5075 βούλεται
1255 5007 1364 5068 τοῖς
1386 5003 1728 5077 σκυθρωποῖς

179 5095 529 5166 ἐνδιατρίϐειν,
549 5096 684 5150 ἀλλὰ
714 5096 968 5150 τοσοῦτον
995 5095 1164 5150 εἰπὼν
1188 5098 1311 5150 ὅσον
1339 5095 1595 5169 φοϐῆσαι,
1623 5095 1728 5151 πά·-

179 5184 254 5239 λιν
276 5187 359 5240 ἐπὶ
381 5185 449 5239 τὰ
464 5185 674 5258 χρηστὰ
701 5187 961 5254 ἐπανάγει
976 5186 1068 5240 τὸν
1086 5186 1262 5254 λόγον,
1281 5187 1374 5240 καὶ
1401 5185 1538 5258 ὅπερ
1559 5186 1726 5240 ἀλλα-

179 5275 264 5349 χοῦ
282 5277 506 5350 εἴρηται,
529 5279 610 5332 ὃτι
640 5279 732 5332 καὶ
748 5277 977 5332 θανάτου
1008 5279 1102 5333 καὶ
1125 5277 1271 5350 ζωῆς
1298 5278 1460 5342 αὑτός
1489 5280 1606 5332 ἐστι
1623 5278 1730 5333 Κύ-

181 5366 466 5441 ριος,τοῦτο
484 5368 715 5422 ἐνταῦθα
737 5368 904 5440 δηλοῖ,
937 5368 1030 5423 καί
1059 5385 1191 5441 φησι
1217 5369 1345 5433 τοὺς
1371 5370 1452 5432 εἰς
1481 5369 1574 5424 τὸν
1595 5369 1725 5441 χοῦν

180 5459 587 5533 ἐπιστρέψαντας
603 5461 705 5514 ὑπὸ
721 5460 812 5514 τοῦ
829 5459 1145 5533 Πνεύματος
1174 5461 1473 5528 κτίζεσθαι,
1492 5464 1587 5516 καὶ
1604 5465 1726 5517 ἁνα-

179 5552 492 5618 καινιζεσθαι
524 5555 629 5608 τῶν
654 5553 954 5626 ἀνθρώπων
982 5554 1043 5607 τὸ
1073 5554 1228 5622 γένος
1251 5572 1265 5584 ·
1297 5556 1330 5626 ἡ
1359 5554 1467 5626 γὰρ
1492 5555 1727 5608 ἀνάστα-

145 5627 152 5642 ’
183 5660 256 5709 σις
271 5645 340 5708 είς
361 5645 421 5697 τὸ
453 5645 678 5717 ἀρχαῖόν
711 5647 859 5698 ἐστιν
896 5646 1354 5710 ἀποκατάστασις.
1399 5646 1727 5718 Ἀποστολὴν

182 5735 230 5789 δὲ
261 5734 404 5790 καλεῖ
429 5737 522 5790 τοῦ
559 5736 871 5808 Πνεῦματος
902 5738 1002 5808 τὴν
1035 5737 1174 5809 πρὸς
1198 5738 1258 5792 τὸ
1285 5738 1529 5809 ἐνεργεῖν
1562 5737 1726 5791 αὐτοῦ

184 5829 573 5899 σνγκατάὃασιν,
599 5831 659 5885 οὐ
689 5830 785 5903 τὴν
811 5833 872 5884 ἐκ
901 5831 1068 5885 τόπον
1097 5833 1174 5895 είς
1203 5832 1366 5886 τόπον
1393 5831 1690 5902 μετάϐασιν
1709 5850 1723 5864 ·

3 6492 3894 7136 IT.-

576 6816 919 7146 Α

1833 4647 1978 4687 mam
2036 4630 2461 4696 restitutionem,
2509 4630 2841 4701 praenuntiat
2873 4648 2887 4684 :
2927 4630 3167 4702 itemque
3203 4633 3408 4705 produ-

1832 4721 2069 4776 ctionem
2099 4721 2248 4774 illam
2291 4729 2352 4775 ut
2394 4735 2615 4776 rursum
2653 4721 3001 4776 exsistamus.
3047 4720 3409 4794 Ostenditque

1833 4812 2015 4883 ipsum
2045 4826 2170 4868 esse
2209 4817 2266 4868 et
2295 4813 2488 4867 mortis
2513 4822 2569 4867 et
2608 4810 2732 4866 vita:
2771 4810 3085 4871 Dominum.
3125 4812 3247 4868 Non
3290 4817 3407 4870 vult

1830 4905 1978 4961 enim
2026 4918 2128 4960 nos
2164 4904 2220 4958 in
2265 4903 2517 4960 tristibus
2565 4917 2919 4974 permanere;
2967 4905 3064 4961 sed
3113 4913 3405 4978 postquam

1829 5005 2060 5054 eatenus
2082 4997 2173 5051 illa
2199 4995 2357 5062 dixit,
2389 5004 2666 5068 quatenus
2691 5012 2794 5054 nos
2822 4997 3304 5069 perterrefaceret;
3336 5000 3403 5054 ad

1815 5088 2050 5144 'mitiora
2086 5102 2306 5144 rursum
2340 5103 2651 5144 sermonem
2698 5088 2949 5146 reducit:
2980 5098 3036 5146 et
3079 5091 3228 5160 quod
3271 5091 3400 5147 alibi

1830 5180 2039 5237 dictum
2065 5187 2171 5246 est,
2199 5180 2459 5253 quoniam
2505 5182 2631 5237 vita:
2672 5188 2729 5237 et
2768 5183 2964 5240 mortis
2995 5184 3112 5254 ipse
3135 5181 3402 5240 Dominus

1829 5280 1935 5342 est,
1963 5273 2202 5345 idipsum
2227 5273 2342 5344 jam
2370 5273 2577 5330 indicat
2603 5282 2658 5331 et
2687 5275 2787 5342 ait,
2804 5291 2900 5332 eos
2921 5277 3016 5347 qui
3039 5276 3094 5329 in
3120 5275 3402 5346 pulverem

1829 5366 2033 5422 reversi
2050 5373 2179 5422 sunt
2201 5382 2232 5422 a
2257 5363 2462 5438 Spiritu
2479 5367 2767 5432 creandos,
2783 5383 2846 5422 ac
2877 5368 3248 5423 renovandum
3276 5381 3402 5424 esse

1829 5474 2002 5530 genus
2034 5459 2330 5515 humanum
2359 5474 2517 5514 :nam
2547 5461 2878 5517 resurrectio
2917 5468 3003 5517 est
3029 5461 3085 5516 in
3105 5460 3401 5533 pristinum

1828 5551 2127 5608 restitutio.
2171 5550 2532 5609 Emissionem
2584 5562 2766 5610 autem
2825 5553 3063 5624 Spiritus
3119 5563 3401 5628 nuncupat

1828 5645 1949 5716 ejus
1979 5643 2048 5699 ad
2080 5643 2416 5714 operandum
2438 5644 2784 5711 descensum,
2813 5661 2927 5702 non
2964 5661 3095 5704 vero
3139 5648 3400 5704 mutatio-

1829 5753 1953 5796 nem
1983 5754 2014 5794 a
2051 5739 2170 5794 loco
2211 5738 2268 5794 in
2299 5737 2502 5802 locum,
2535 5737 2664 5807 quia
2691 5736 2923 5808 Spiritus
2953 5738 3165 5795 Domini
3184 5739 3398 5810 repleuit

1836 5831 2324 5911 orbem-terrarum,
2359 5848 2388 5888 a
2417 5847 2527 5903 quo
2551 5831 2718 5891 iacies
2744 5840 2904 5891 terrae
2961 5843 3276 5894 renovatur.
3305 5830 3399 5890 Et-
