3954 7146
579 379 716 435 1287

1209 373 1470 430 EUSEBII
1510 370 1983 428 CAESARIENSIS
2021 369 2171 426 OPP.
2226 369 2404 426 PARS
2444 368 2530 425 Ill.
2572 399 2642 409 —
2680 361 3085 425 EXEGETICA:

3739 368 3878 420 i2“

575 499 718 553 enim
739 495 852 549 haec
867 500 949 548 est
973 500 1129 547 terra:
1159 490 1526 562 pulchritudo,
1555 487 1812 543 animalia
1841 503 1961 558 quae
1991 488 2045 540 in
2072 501 2135 539 ea

2241 486 2316 540 ὅτι
2354 485 2595 556 Πνεῦμα
2628 485 2847 556 Κυρίου
2891 483 3241 553 πεπλήρωκε
3275 483 3393 552 τὴν
3425 482 3872 550 οἱκουμέππ,

577 597 726 652 sunt,
770 587 990 657 plantae,
1037 590 1092 638 et
1141 582 1422 638 hominum
1462 595 1653 652 genus.
1699 576 1770 635 Ut
1811 589 1991 634 autem
2044 579 2132 633 illa

575 679 1000 739 constituantur,
1035 674 1343 729 necessaria
1377 681 1460 728 est
1487 671 1710 742 spiratio
1731 677 1786 727 et
1808 670 1916 724 vita
1947 670 2014 726 ab
2043 670 2135 725 illo

575 771 721 835 data,
769 785 932 840 quam
960 774 1015 823 et
1045 766 1177 822 dare
1219 771 1273 820 et
1301 762 1546 834 accipere
1590 763 1690 833 ipsi
1740 760 1999 832 perfacile
2029 768 2134 827 est,

577 871 737 932 atque
764 860 878 914 haec
904 857 1087 912 omnia
1113 862 1340 927 repente
1361 868 1426 908 ac
1454 853 1605 908 nullo
1634 852 1851 924 negotio
1885 853 2131 922 peragit:

577 955 630 1008 id
658 955 802 1008 enim
849 950 934 1006 vel
983 948 1280 1004 maximum
1329 954 1413 1002 est
1445 945 1662 1000 virtutis
1695 944 1814 1015 ejus
1851 957 2137 1014 argumen-

577 1049 711 1093 tum.
754 1035 916 1092 Vides
958 1033 1122 1092 etiam
1150 1036 1205 1090 in
1239 1033 1490 1106 praesenti
1520 1033 1628 1088 vita
1659 1032 2134 1096 resurrectionem,

577 1132 632 1185 in
668 1128 997 1193 seminibus,
1040 1127 1096 1182 in
1134 1126 1356 1198 plantis,
1393 1133 1555 1196 atque
1592 1125 1645 1179 in
1694 1125 1810 1194 ipso
1856 1123 2137 1178 hominum

579 1240 775 1296 genere
809 1236 1121 1294 expressam
1161 1219 1230 1273 ad
1267 1217 1654 1274 meditandum.
1703 1218 1978 1288 Siquidem
2020 1216 2138 1270 ani-

578 1318 740 1372 malia
772 1323 826 1372 et
857 1316 1053 1386 planta:
1083 1323 1378 1368 extremam
1417 1311 1540 1367 vita:
1570 1311 1832 1366 rationem
1865 1311 2133 1373 obtinent,

577 1425 683 1480 qua
714 1408 948 1473 sublata,
974 1413 1035 1461 ut
1062 1405 1264 1460 dictum
1293 1410 1398 1469 est,
1424 1410 1536 1458 tota
1568 1405 1677 1458 vita
1703 1402 1884 1459 deficit
1911 1421 1924 1457 :
1947 1409 2001 1458 et
2017 1416 2138 1473 quae

577 1501 792 1557 residua
821 1507 970 1563 sunt,
1005 1499 1146 1569 quod
1183 1513 1292 1568 pra:
1338 1496 1651 1572 infirmitate
1694 1496 1858 1550 vitam
1909 1509 2135 1550 conser-

575 1610 704 1650 vare
731 1607 840 1648 non
888 1593 1119 1663 possint,
1151 1591 1218 1645 ad
1263 1605 1431 1644 unum
1468 1597 1524 1644 et
1573 1589 1714 1642 idem
1753 1593 2134 1652 revertuntur;

575 1701 639 1742 ac
683 1699 877 1740 rursus
917 1682 1174 1738 animalia
1223 1680 1378 1736 fiunt.
1419 1678 1683 1750 Quodque
1734 1677 2134 1732 divinissimum

575 1787 680 1844 est,
709 1793 812 1834 nos
854 1792 921 1832 ex
950 1783 1088 1840 toto,
1117 1773 1371 1830 videlicet
1403 1772 1614 1828 animas
1641 1779 1695 1827 et
1737 1770 1871 1842 ipsis
1903 1769 2136 1838 conjun-

2240 579 2329 648 ὑφ’
2366 574 2426 634 οὗ
2452 578 2512 632 τὸ
2562 578 2850 650 πρόσωπον
2881 577 2979 648 τῆς
3006 576 3109 648 γῆς
3163 576 3640 640 άνακαινίξεται.
3705 575 3876 628 T951:

2239 672 2348 746 γὰρ
2379 671 2608 737 κάλλος,
2662 671 2760 744 τῆς
2793 669 3116 742 οἰκουμένης
3162 668 3231 723 τά
3280 669 3401 735 ζῶα
3435 667 3514 720 τὰ
3557 670 3648 720 ἐν
3697 669 3866 738 αὐτ-ξ,

2239 768 2307 822 τὰ
2335 765 2496 838 φυτὰ,
2540 765 2646 819 τῶν
2685 762 2984 836 ἀνθρώπων
3023 762 3086 817 τδ
3136 763 3318 832 γένος’
3352 762 3508 816 ὥστε
3549 761 3642 815 δὲ
3699 761 3872 816 ταῦτι

2242 858 2532 930 συστῆναι,
2588 859 2685 929 τῆς
2732 857 2861 927 παρ’
2907 853 3073 910 αὑτοῦ
3110 854 3390 926 διδομένης
3447 851 3654 924 χρεία
3703 855 3870 916 πνεῖς

2241 950 2334 1005 καὶ
2367 949 2511 1021 ζωῆς
2535 965 2548 980 ⁸
2577 950 2645 1022 ῆν
2695 949 2788 1002 καὶ
2816 947 3004 1003 δοῦναι·
3035 947 3129 1000 καὶ
3162 946 3341 1000 λαϐεῖν
3390 945 3564 1016 αὐτῷ
3635 945 3864 1015 ῥᾴδιςν,

2240 1043 2336 1097 καὶ
2382 1042 2557 1097 πάντα
2614 1041 2752 1113 μετὰ
2787 1042 2982 1111 τάχους
3027 1039 3123 1093 καὶ
3173 1039 3447 1103 εὐκολίας.
3507 1037 3656 1091 Καὶ
3719 1038 3862 1089 τοί-τε

2244 1132 2478 1203 μάλιστα
2509 1131 2778 1185 δείκνυσιν
2800 1130 2965 1184 αὑτοῦ
2990 1131 3089 1203 τὴν
3119 1129 3287 1200 ἰσχύν.
3333 1130 3516 1201 Ὁρᾷς
3550 1127 3683 1180 καὶ
3711 1128 3776 1178 ἐν
3801 1129 3862 1196 τᾷ

2243 1223 2469 1297 παρόντι
2533 1222 2634 1294 βίῳ
2687 1221 3063 1294 μελετωμένην
3095 1221 3194 1293 τὴν
3251 1222 3577 1276 ἀνάστασιν
3642 1223 3721 1273 ὲν
3767 1224 3862 1276 τινες

2242 1316 2580 1388 σπέρμασιν,
2634 1317 2691 1368 ὲν
2717 1319 2829 1379 τοῖς
2869 1318 3054 1385 φυτοῖς
3077 1355 3091 1380 ,
3123 1314 3216 1368 καὶ
3263 1315 3321 1367 ὲν
3365 1311 3541 1383 αὐτῷ
3571 1311 3684 1382 τῷ
3729 1313 3842 1378 τένε

2240 1407 2347 1460 τῶν
2372 1406 2691 1481 ἀνθρώπων.
2716 1409 2826 1461 Καὶ
2863 1404 2975 1471 ζῶα
3001 1405 3110 1478 γάρ
3134 1406 3227 1459 καὶ
3259 1403 3402 1474 φυτὰ
3437 1403 3586 1457 κατ’
3623 1402 3854 1470 ἔσχετε.

2240 1501 2508 1572 ἀπήχημα
2534 1499 2634 1570 τῆς
2673 1499 2817 1571 ζωῆς
2841 1498 3020 1569 ἔχουσι
3059 1498 3120 1550 τὸ
3151 1495 3304 1554 εἶναι.
3344 1493 3415 1567 ἧς
3465 1497 3856 1563 ἀνταναιρω.

2244 1589 2411 1660 μένης
2443 1588 2583 1643 κατὰ
2611 1588 2671 1642 τὸ
2695 1588 2894 1658 λόγιον,
2940 1587 3178 1642 ἐκλείπει
3206 1589 3356 1640 πᾶσα
3379 1585 3537 1656 ζωὴ,
3571 1584 3696 1638 καὶ
3735 1587 3854 1653 12;);

2241 1653 2298 1734 ἓν
2325 1653 2395 1734 τά
2419 1653 2861 1752 ἐκλελοιπότα-τῇ
2880 1653 3031 1751 πρὸς
3053 1680 3114 1734 τὸ
3161 1680 3410 1750 μετέχειν
3441 1653 3658 1748 dixit;
3707 1677 3850 1728 zis‘ss-

2240 1773 2357 1847 νείᾳ
2399 1775 2560 1828 πάλιν
2613 1745 3048 1846 ἐπιστρεφόμενα
3072 1812 3087 1836 ,
3117 1745 3424 1836 πάλιντξῶα
3462 1745 3746 1840 γίνεται.
3797 1770 3850 1820 Ti
3897 1745 3915 1847 ξ

576 1879 664 1926 cta
693 1881 943 1938 corpora,
972 1865 1039 1920 ad
1073 1862 1439 1919 omnimodam
1482 1863 1645 1917 vitam
1676 1869 1730 1918 et
1763 1861 2137 1916 immortalita-

2241 1864 2297 1917 δὲ
2348 1862 2640 1928 θειότατον,
2673 1864 2754 1917 δτι
2793 1863 2886 1917 καὶ
2929 1863 3064 1928 ὅλως
3097 1864 3264 1935 ἡμᾶς,
3317 1861 3513 1932 ψυχάς
3553 1878 3732 1930 φημι
3777 1879 3846 1913 zz:

576 1970 686 2017 tem
715 1956 1126 2016 transferendos
1148 1971 1270 2012 esse
1297 1955 1352 2009 in
1385 1953 1670 2025 promissis
1691 1953 1987 2010 habemus:
2016 1967 2137 2023 quae

575 2069 666 2109 res
709 2067 841 2108 sane
884 2048 1126 2120 antiquis
1172 2055 1366 2118 praeter
1395 2055 1646 2102 naturam
1687 2061 1810 2102 esse
1843 2043 1985 2100 forte
2019 2045 2136 2100 visa

574 2142 742 2199 fuerit
769 2157 784 2194 :
813 2155 878 2195 ac
918 2153 1107 2194 revera
1140 2143 1194 2191 et
1219 2137 1457 2192 divinum
1482 2151 1620 2206 opus
1646 2144 1732 2192 est
1761 2142 1816 2190 et
1840 2149 2006 2206 supra
2037 2148 2135 2188 na-

574 2241 786 2300 turam;
816 2238 1086 2292 naturam,
1125 2227 1367 2298 inquam,
1399 2235 1663 2291 nostram,
1693 2241 1801 2281 non
1830 2240 1960 2281 vero
1991 2225 2138 2280 illam

575 2326 726 2384 omni
751 2325 952 2378 virtute
989 2321 1240 2392 plenam:
1275 2319 1403 2374 huic
1434 2319 1579 2374 enim
1626 2317 1774 2374 nulla
1807 2317 1917 2372 vita
1944 2325 2139 2388 praeter

575 2427 827 2475 naturam
873 2421 967 2470 aut
999 2427 1164 2490 supra
1205 2419 1452 2466 naturam
1495 2417 1608 2477 est;
1634 2409 1819 2481 itaque
1864 2407 1992 2464 hinc
2025 2423 2140 2464 sero

575 2523 792 2571 mones,
819 2502 1122 2562 secundum
1141 2498 1381 2554 Simonis
1405 2497 1671 2553 insaniam
1697 2495 1981 2550 adversum
2013 2507 2140 2564 pro-

575 2600 696 2666 lati,
737 2595 1114 2668 repudieutur.
1148 2591 1379 2659 Quidam
1413 2604 1544 2646 vero
1572 2589 1652 2644 sic
1690 2587 1856 2642 hosce
1895 2585 2140 2642 versicu-

575 2693 659 2749 los
689 2690 1005 2761 explicant:
1041 2683 1260 2739 Emitte:
1282 2681 1541 2753 Spiritum
1572 2689 1738 2745 tuum,
1771 2677 1864 2748 qui
1905 2691 2002 2746 per
2041 2674 2139 2730 ba-

575 2785 838 2860 ptismum
867 2776 1099 2844 accedit,
1124 2784 1180 2832 et
1219 2774 1552 2830 creabuntur
1595 2771 1651 2827 in
1678 2785 1872 2826 novam
1924 2763 2141 2822 creatu-

573 2891 717 2940 ram,
749 2874 805 2930 in
826 2886 1024 2929 novum
1048 2868 1341 2941 populum;
1373 2867 1448 2922 ita
1477 2873 1535 2921 ut
1551 2864 1700 2936 prior
1726 2863 1940 2936 quidem
1971 2860 2141 2916 inter-

576 2968 810 3042 pretatio
858 2963 1193 3036 intelligatur
1235 2960 1302 3016 de
1344 2956 1746 3015 resurrectione
1776 2970 1841 3011 ex
1886 2953 2138 3016 mortuis,

577 3058 798 3133 quando
833 3066 980 3114 terra
1017 3055 1384 3118 renovabitur,
1449 3057 1504 3106 et
1539 3048 1854 3104 liberabitur
1887 3057 2141 3101 a'corru-

579 3154 806 3228 ptione;
841 3149 1085 3208 secunda
1112 3164 1265 3214 vero,
1298 3145 1367 3202 de
1405 3141 1812 3215 regeneratione
1839 3153 1938 3212 per
1961 3136 2140 3208 bapti-

577 3262 777 3304 unum.

651 3361 813 3418 Vens.
839 3359 1031 3416 δι’-εδ.
1062 3357 1144 3413 Sit
1169 3355 1339 3426 gloria
1363 3351 1575 3408 Domini
1601 3351 1658 3405 in
1685 3348 1957 3414 siccatum,
1991 3346 2142 3401 lana-

580 3455 719 3508 bitur
750 3453 1006 3507 Dominus
1037 3447 1358 3518 inioperibur
1383 3447 1514 3502 suis.
1539 3443 1646 3512 Qui
1677 3442 1888 3512 respicit
1920 3450 2138 3505 terram,

576 3554 627 3599 et
653 3543 783 3613 facit
817 3557 934 3596 eam
963 3548 1201 3602 tremere,
1228 3537 1514 3608 qui‘tangit
1545 3541 1742 3588 montes
1776 3543 1826 3586 et
1856 3530 2138 3601 fumigant.

579 3632 819 3690 Cantabo
872 3629 1102 3686 Domino
1151 3629 1206 3683 in
1251 3628 1358 3682 vita
1405 3641 1542 3690 mea,
1593 3617 1825 3693 psallam
1871 3622 1982 3676 Deo
2027 3637 2142 3676 meo

576 3725 812 3798 quandiu
836 3739 973 3779 sum.
997 3715 1468 3789 Quandoquidem,
1493 3715 1589 3781 ait,
1630 3715 1744 3770 haec
1769 3713 1988 3776 edidici,
2016 3711 2142 3768 ideo

577 3823 747 3872 totam
785 3809 947 3868 vitam
983 3809 1156 3868 meam
1189 3811 1246 3864 in
1275 3809 1505 3880 hymnOs
1525 3812 1580 3862 et
1609 3805 1825 3861 laudem
1864 3804 2140 3860 Creatoris

577 3906 853 3964 insumam
880 3920 895 3960 :
929 3910 985 3960 et
1011 3899 1250 3974 quandiu
1273 3897 1531 3954 vivamoet
1559 3896 1616 3952 in
1654 3896 1755 3951 hac
1786 3895 1896 3951 vita
1921 3894 2138 3966 degam,

577 3997 822 4056 debitum
848 3989 1118 4068 psalmum
1142 3989 1364 4047 reddam
1400 3987 1512 4044 Deo
1539 3995 1680 4044 meo.
1708 3984 1822 4041 Hoc
1848 3998 2013 4057 porro
2043 3983 2141 4039 ad-

578 4091 934 4146 ditamentum
966 4083 1218 4157 magnum
1250 4081 1467 4137 exhibet
1492 4075 1826 4136 all‘ectum'et
1855 4077 2139 4132 familiari-

577 4188 746 4237 tatem
772 4194 896 4235 cum
925 4176 1056 4233 Deo.
1083 4173 1202 4231 Non
1231 4173 1368 4229 dixit
1399 4172 1566 4235 enim,
1587 4170 1817 4241 psallam
1851 4168 1985 4236 Deo,
2015 4177 2141 4224 tan-

578 4277 717 4337 tum,
752 4270 869 4335 sed,
908 4268 1016 4324 Deo
1045 4283 1177 4323 meo.
1211 4265 1436 4321 Videtur
1474 4277 1707 4334 namque
1731 4261 1932 4327 dicere,
1965 4259 2137 4332 ei'qui

579 4357 667 4419 me
688 4358 912 4423 creavit,
947 4374 1011 4414 ac
1039 4357 1321 4422 euutrivit,
1347 4355 1701 4425 omniumque
1732 4353 1998 4409 bonorum
2037 4368 2136 4408 au-

577 4460 698 4508 ctor
725 4452 858 4508 mihi
895 4449 1012 4505 fuit.
1055 4447 1154 4503 llic
1180 4457 1358 4503 autem
1393 4447 1664 4501 canticum
1699 4445 1850 4510 dicit,
1880 4459 1989 4500 non
2019 4460 2138 4500 ver-

2241 1954 2308 2008 τά
2337 1954 2541 2026 συζυγῆ
2570 1953 2816 2026 σώματα,
2851 1953 2987 2027 πρὸς
3018 1953 3251 2025 παντελῆ
3281 1952 3427 2025 ζωὴν
3475 1955 3594 2006 καὶ
3643 1953 3846 2006 ἁθανε-

2244 2046 2364 2101 σίαν
2389 2046 2716 2119 ἐπήγγελται
2743 2048 3097 2119 μεταθήσειν·
3129 2048 3357 2120 πρᾶγμα
3379 2049 3446 2117 τῇ
3495 2045 3844 2112 mima-.7.
3897 2027 3910 2096 ί

2245 2139 2343 2210 μὲν
2367 2138 2495 2202 ῐσως
2518 2139 2667 2210 παρὰ
2696 2137 2855 2208 φύσιν
2885 2137 3095 2202 δοκοῦν,
3129 2139 3270 2210 τῇδὲ
3294 2137 3544 2210 ἀληθείᾳ
3575 2139 3692 2190 καὶ
3717 2139 3844 2190 Θεῖο

2243 2231 2337 2284 καὶ
2375 2230 2514 2302 ὑπὲρ
2543 2229 2704 2299 φύσιν
2729 2230 2825 2302 τὴν
2863 2229 2984 2284 καθ’
3025 2230 3193 2300 ἡμᾶς,
3234 2231 3295 2283 οὐ
3345 2228 3446 2301 την
3507 2229 3840 2298 παυσθεοο-ξ·
3891 2281 3894 2302 ς

2242 2321 2377 2392 αὐτῇ
2409 2299 2516 2392 γὰρ
2544 2320 2664 2374 οὐδὲ
2700 2299 2796 2392 μία
2829 2318 2940 2391 ζωὴ
2980 2299 3128 2392 παρὰ
3163 2319 3342 2388 φύσιν,
3438 2318 3611 2391 ὑπὲρ
3661 2319 3839 2389 φύστν.

2243 2410 2382 2464 ὥστε
2410 2411 2460 2464 oi
2505 2411 2634 2482 περὶ
2664 2409 2866 2464 τούτων
2900 2409 3000 2480 τῆς
3031 2410 3316 2481 παροινίας
3346 2409 3624 2480 Σίμωνος
3657 2410 3840 2480 ἀντ’-ῥ-

2245 2504 2456 2576 ρητικοὶ
2480 2504 2627 2574 λόγοι
2665 2503 3144 2577 άπεληλάσθωσαν.
3188 2503 3345 2566 Τινὲς
3367 2503 3428 2557 δὲ
3457 2503 3632 2558 οὕτω
3664 2503 3836 2556 νούὖει

2243 2598 2368 2662 τοὺς
2393 2596 2608 2668 στίχους
2625 2614 2638 2627 ο
2681 2596 3020 2660 Ἀποστελεῖς
3051 2595 3111 2650 τὸ
3134 2595 3355 2666 Πνεῦμά
3380 2613 3503 2662 σου,
3533 2596 3608 2649 τὸ
3633 2596 3734 2649 διὰ
3757 2595 3834 2649 τοῦ

2245 2691 2397 2759 ἁγίου
2429 2689 2798 2761 βαπτίσματος
2824 2690 3144 2758 ἐπιφοιτῶν,
3173 2689 3267 2742 καὶ
3304 2689 3727 2759 κτισθησονται
3769 2691 3835 2750 εἰς

2244 2781 2436 2852 καινὴν
2475 2781 2670 2848 κτίσιν,
2708 2783 2788 2845 είς
2822 2779 2939 2835 νέον
2989 2779 3148 2834 λαόν·
3184 2779 3259 2843 ὡς
3295 2779 3544 2834 νοεῖσθαι
3585 2779 3698 2852 τὴν

2246 2873 2513 2945 προτέραν
2543 2872 2836 2944 ἑρμηνείαν
2881 2873 3010 2945 περὶ
3057 2875 3156 2944 τῆς
3188 2874 3254 2926 ὲκ
3302 2871 3520 2943 νεκρῶν
3591 2873 3828 2925 ἀναστᾶ-

2247 2981 2401 3030 σεως,
2431 2965 2519 3017 ὅτε
2566 2964 2721 3035 καὶὴ
2767 2964 2836 3036 γῆ
2889 2963 3395 3035 ἀνακαινισθήσεται
3426 2965 3528 3018 καὶ
3585 2964 3828 3018 datalia-

2244 3057 2468 3128 γήσεται
2496 3056 2594 3128 τῆς
2632 3054 2869 3127 φθορᾶς,
2916 3054 3014 3128 τὴν
3044 3055 3100 3110 δὲ
3141 3056 3394 3130 δευτέραν
3433 3056 3578 3128 περὶ
3633 3057 3738 3128 τῆς
3773 3060 3826 3108 ἐκ

2249 3146 2623 3219 βαπτίσματος
2661 3147 3100 3216 παλιγγενεσίας.

2315 3331 2471 3385 Ἤτω
2499 3331 2539 3400 ἡ
2575 3329 2724 3395 δόξα
2753 3329 2974 3398 Κυρίου
3010 3331 3098 3396 είς
3142 3328 3248 3384 τὸν
3294 3327 3513 3384 αιῶναο
3563 3333 3824 3402 εὐφραν-

2241 3421 2491 3490 θήσεται
2527 3422 2740 3490 Κύριος
2782 3421 2883 3476 ἐπὶ
2934 3421 3061 3488 τοῖς
3104 3419 3299 3492 ἔργοις
3335 3423 3546 3478 αὐτοῦ.
3601 3425 3672 3479 '0
3704 3427 3818 3480 ἐει-

2241 3512 2478 3569 meum
2497 3513 2596 3567 ἐπὶ
2624 3512 2741 3582 τὴν
2769 3512 2887 3584 γῆν
2913 3511 3014 3568 καὶ
3042 3513 3229 3567 ποιῶν
3268 3513 3461 3581 αὐτὴν
3492 3515 3762 3586 τρέμειν,
3791 3523 3818 3572 ὁ

2240 3608 2570 3678 ἁπτόμενος
2599 3607 2720 3663 τῶν
2757 3607 2941 3677 ὀρέων
2968 3608 3067 3662 καί
3097 3606 3498 3669 ecastr-(Certae.
3533 3611 3712 3680 ’ᾼσω
3745 3611 3814 3675 τῷ

2239 3697 2435 3766 Κυρίῳ
2471 3698 2544 3751 ἐν
2585 3696 2659 3766 τῇ
2702 3697 2812 3768 ζωῇ
2852 3717 2992 3769 μου,
3030 3699 3206 3769 ψαλῶ
3245 3698 3324 3765 τῷ
3363 3697 3487 3765 Θεῷ
3529 3719 3665 3770 μου
3713 3704 3814 3768 ἐις

2239 3787 2505 3858 ὑπάρχω.
2545 3789 2760 3861 Ἐπειδὴ
2787 3789 2966 3854 ,ταῦτα
3007 3791 3318 3862 δεδίδαγμαι
3337 3833 3354 3857 ,
3403 3792 3570 3865 φησὶ,
3630 3796 3810 3848 τούτου

2241 3883 2398 3955 χάριν
2429 3884 2608 3937 πᾶσαν
2643 3881 2742 3955 τὴν
2780 3881 2924 3955 ζωήν
2967 3899 3066 3954 μου
3107 3885 3188 3946 είς
3232 3882 3398 3954 ὕμνον
3439 3885 3809 3940 καταναλὼσυ

2238 3973 2316 4046 τῷ
2341 3973 2684 4047 δημιουργῷ·
2720 3974 2814 4028 καὶ
2853 3973 2958 4038 ἓως
2995 3973 3062 4029 ἂν
3099 3973 3175 4039 ζῶ
3217 3975 3311 4027 καὶ
3355 3974 3590 4046 ὑπάρχω
3637 3977 3700 4030 ὲν
3739 3977 3805 4046 τῷ

2240 4066 2340 4139 βίῳ
2370 4067 2542 4138 τούτῳ
2569 4066 2660 4122 τὸν
2683 4065 3024 4138 ὀφειλόμενον
3047 4065 3260 4137 ψαλμὸν
3292 4065 3560 4122 ἀποδώσω
3587 4069 3675 4138 τῷ
3701 4069 3804 4139 Θεῴ

2241 4175 2362 4230 μου.
2394 4157 2598 4230 Πολλὴν
2625 4157 2681 4211 δὲ
2707 4157 2957 4228 ἐμφαίνει
2987 4155 3222 4210 διάθεσιν
3249 4157 3344 4210 καὶ
3367 4157 3651 4211 οίκείωσιν
3680 4159 3804 4230 πρὸς

2237 4250 2328 4304 τὸν
2351 4249 2480 4304 Θεὸν
2511 4251 2544 4321 ὴ
2569 4249 2872 4322 προσθήκη.
2906 4249 2980 4302 Οὐ
3018 4247 3126 4320 γάρ
3157 4243 3275 4302 εἷπε
3295 4287 3311 4312 ,
3343 4247 3524 4318 ψαλῶ
3549 4247 3634 4314 τῷ
3672 4250 3800 4315 Θεῷ,

2237 4343 2391 4408 ἀλλὰ,
2422 4342 2501 4410 τῷ
2531 4342 2650 4409 Θεῷ
2672 4359 2811 4412 μου.
2843 4343 3025 4396 Ἔοικε
3052 4341 3161 4414 γὰρ
3186 4342 3432 4411 φάσκειν,
3454 4342 3535 4412 τῷ
3563 4345 3801 4397 κτίσαντξ

2241 4454 2306 4508 με
2335 4436 2428 4489 καὶ
2458 4409 2715 4506 θρέψαντι
2741 4436 2832 4488 καὶ
2865 4409 3078 4489 πάντων
3101 4409 3257 4505 α-ίτίῳ
3292 4450 3381 4505 μοι
3411 4409 3660 4502 γεγονότι
3705 4437 3798 4488 τῶν
3909 4409 3911 4444 Ι

577 4543 667 4600 bis
720 4542 904 4606 modo,
951 4540 1046 4596 sed
1091 4547 1143 4596 et
1193 4538 1450 4610 operibus
1499 4535 1932 4610 persolvendum.
1979 4535 2136 4604 Quod

2241 4523 2477 4596 ἀγαθῶν.
2516 4524 2668 4596 ’ῼδὴν
2720 4523 2778 4577 δὲ
2818 4523 3048 4578 ἐνταῦθα
3093 4523 3237 4594 λέγει
3296 4525 3358 4577 οὐ
3399 4522 3496 4594 τὴν
3558 4523 3651 4578 διὰ
3707 4528 3798 4579 τῶν

577 4635 722 4690 enim
746 4647 868 4689 sese
893 4635 1004 4688 Deo
1030 4631 1322 4686 multorum
1347 4631 1644 4687 debitorem
1666 4638 2009 4701 agnosceret,
2033 4645 2134 4686 ne-

577 4735 686 4796 que
709 4722 1183 4796 dignam'aliquam
1204 4723 1615 4778 retributionem
1641 4721 1887 4794 proferre
1909 4722 2132 4787 valeret,

579 4831 740 4888 quam
786 4815 967 4879 habet,
998 4815 1140 4870 hanc
1172 4814 1413 4885 deponit,
1446 4821 1506 4870 ut
1538 4815 1748 4870 scilicet
1779 4829 1902 4869 eum
1943 4827 2137 4884 perpe-

579 4916 676 4963 tuo
703 4907 916 4982 hymnis
938 4905 1192 4970 celebret,
1219 4920 1283 4961 ac
1303 4920 1367 4962 ea
1386 4905 1441 4960 in
1465 4921 1524 4961 re
1552 4912 1719 4960 totam
1745 4905 1912 4960 vitam
1935 4906 2138 4960 transi-

579 5006 688 5071 εει.
719 4997 957 5053 Audlant
987 4997 1078 5068 qui
1111 5004 1223 5052 tota
1246 4997 1334 5053 die
1357 4997 1411 5051 in
1435 4993 1899 5069 negotiationibus
1927 5006 1982 5054 et
2001 5010 2135 5052 cau-

580 5090 738 5162 ponis
770 5099 1092 5145 versantur:
1116 5102 1180 5142 ac
1224 5101 1293 5144 ne
1332 5087 1416 5143 vel
1459 5086 1628 5142 semel
1671 5086 1737 5141 ad
1781 5101 1972 5156 preces
2015 5099 2138 5142 sese

579 5185 922 5246 convertunt,
969 5185 1296 5250 quantorum
1351 5190 1643 5232 munerum
1695 5175 1971 5232 debitores
2025 5173 2137 5231 Deo

581 5272 712 5330 sint.
745 5267 860 5328 Hoc
893 5271 1018 5328 vitae
1047 5271 1258 5326 lucrum
1287 5275 1391 5333 eet,
1435 5267 1546 5324 Deo
1587 5263 1934 5330 benedicere.
1972 5273 2138 5338 atque

583 5363 685 5418 hac
711 5361 768 5417 in
808 5375 868 5418 re
896 5361 1060 5417 vitam
1097 5373 1256 5430 agere
1283 5359 1503 5430 dignum
1531 5367 1635 5416 est.
1661 5356 1792 5415 Iure
1820 5363 2002 5413 autem
2040 5357 2138 5412 ad-

577 5454 710 5525 jecit
749 5451 903 5517 illud,
956 5449 1025 5507 In
1070 5451 1177 5506 vita
1223 5465 1372 5515 mea;
1419 5458 1478 5506 et
1521 5450 1677 5515 illud,
1718 5449 1970 5517 Quandiu
2017 5464 2135 5504 sum

575 5542 806 5614 multum
844 5543 969 5599 Deo.
997 5541 1182 5613 Neque
1222 5541 1367 5597 enim
1408 5548 1494 5597 est
1527 5540 1801 5612 quispiam
1849 5539 1904 5594 in
1939 5548 2134 5603 morte,

577 5632 674 5704 qui
695 5647 908 5690 memor
941 5633 1013 5690 sit
1038 5634 1180 5705 ejus,
1216 5633 1270 5687 in
1295 5631 1508 5686 inferno
1539 5640 1721 5686 autem
1751 5630 1876 5701 quis
1902 5629 2134 5685 confite-

579 5723 766 5779 bitur?
792 5721 885 5778 Sic
914 5722 1078 5779 fatuis
1108 5722 1406 5794 virginibus
1427 5721 1686 5794 nuptialis
1705 5721 1942 5777 cubiculi
1963 5719 2135 5791 janua

579 5816 766 5874 plausa
791 5824 897 5876 est.
927 5813 1055 5886 quia
1081 5827 1295 5889 tempus
1344 5815 1487 5879 quod
1523 5815 1577 5871 in
1615 5812 1851 5872 ferendis
1879 5813 2166 5888 lampadig

2240 4619 2518 4691 ῥημάτων,
2544 4616 2680 4672 ἀλλὰ
2706 4615 2799 4670 καὶ¹
2828 4615 2928 4688 τὴν
2952 4615 3040 4696 διὰ
3074 4616 3182 4670 τῶν
3216 4615 3410 4688 ἔργων.
3449 4618 3666 4691 Ἐπειδὴ
3701 4621 3800 4690 γὰρ

2235 4707 2391 4784 εὗρεν
2428 4708 2617 4765 ἑαυτὸν
2650 4707 2860 4762 πολλῶν
2898 4708 3027 4762 ὅντα
3071 4709 3367 4765 ὑπεύθυνον
3403 4712 3482 4784 τῷ
3520 4711 3660 4783 Θεῷ.
3715 4715 3798 4767 καὶ

2235 4803 2497 4858 ἀντίδοσιν
2527 4801 2779 4873 οὐδεμίαν
2824 4801 2981 4867 ἀξίαν
3011 4801 3302 4874 δυνάμενον
3347 4803 3670 4858 ωταὸαλεῖν
3689 4847 3704 4870 ,
3737 4810 3794 4878 ἢν

2236 4896 2368 4966 ἔχει,
2401 4893 2604 4966 ταύτην
2625 4894 2966 4965 κατατίθησι,
2989 4893 3052 4948 τὸ
3088 4894 3348 4965 διηνεκῶς
3379 4897 3585 4967 ὑμνεῖν,
3609 4897 3670 4949 τὸ
3697 4903 3790 4950 πί-

2237 5005 2334 5042 σαν
2365 4990 2444 5052 εἰς
2481 4987 2638 5041 τοῦτο
2665 4987 2964 5056 δαπανῆσαι
3008 4986 3108 5057 τὴν
3153 4985 3319 5059 ζωήν.
3359 4988 3718 5042 ’Δκουέτωσαν
3745 4991 3784 5042 οξ

2236 5078 2638 5150 πραγματείαις
2667 5079 2760 5132 καὶ
2797 5076 3118 5148 καπηλείαις
3150 5078 3238 5132 διὰ
3277 5078 3458 5151 πάσης
3489 5083 3780 5149 κατασηπόσ

2239 5187 2387 5242 μενοι
2413 5174 2511 5244 τῆς
2544 5170 2775 5242 ἡμέρας,
2805 5169 2900 5223 καὶ
2938 5168 3060 5223 οὐδὲ
3099 5169 3247 5236 ἅπαξ
3283 5172 3362 5234 είς
3405 5170 3567 5241 εὐχὴν
3597 5174 3776 5242 τρεπῶ

2238 5279 2408 5334 μενοι,
2431 5264 2554 5318 ὅσον
2587 5262 2723 5317 είσὶν
2747 5261 3032 5316 ὑπεύθυνοι
3069 5263 3148 5338 τῷ
3174 5263 3292 5334 Θεῷ
3310 5279 3323 5292 ·
3350 5261 3504 5316 τοῦτο
3524 5263 3616 5333 τῆς
3638 5263 3774 5334 ζωῆς

2234 5354 2296 5408 τὸ
2321 5355 2532 5426 κέρδος,
2567 5354 2625 5408 τὸ
2662 5354 2900 5422 εὐλογεῖν
2939 5354 3030 5409 τὸν
3075 5354 3226 5420 Θεὸν,
3259 5355 3350 5406 ἐπὶ
3381 5353 3550 5426 τούτῳ
3575 5355 3775 5425 καῖζῇν

2235 5446 2400 5514 ἄξιον.
2435 5447 2670 5511 Εἰκότως
2707 5445 2762 5500 δὲ
2795 5446 3121 5518 προσέθηκε,
3165 5447 3238 5502 ἐν
3271 5445 3346 5516 τῇ
3385 5446 3494 5516 ζωῇ
3524 5465 3649 5517 μου,
3689 5451 3774 5502 καὶ

2232 5540 2314 5605 τὸ,
2340 5539 2449 5606 ἕως
2485 5537 2754 5609 ὑπάρχω,
2791 5539 2970 5608 ψαλῶ
3013 5539 3094 5606 τῷ
3135 5539 3276 5608 Θεῷ.
3305 5540 3382 5596 Οὐ
3413 5540 3518 5612 γάρ
3553 5543 3684 5595 ἐστιν
3722 5544 3772 5595 ὲν

2235 5630 2448 5701 θανάτῳ
2493 5631 2520 5683 ὁ
2564 5631 2931 5702 ’μνημονεύων
2990 5631 3153 5686 αὑτοῦ
3177 5672 3192 5697 ,
3254 5633 3313 5686 ὲν
3361 5632 3418 5687 δὲ
3462 5631 3537 5704 τῷ
3576 5633 3659 5705 ᾅδῃ
3697 5633 3772 5696 τίς

2233 5720 2714 5794 ἐξομολογήσεται;
2763 5721 2948 5787 Οὖτως
3006 5723 3334 5796 ἀπεκλείσθη
3403 5725 3520 5788 ταῖς
3584 5727 3769 5796 μωραίς

2235 5812 2523 5885 παρθένοις
2556 5813 2647 5868 τοῦ
2681 5814 2963 5885 νυμφῶνος
3018 5814 3237 5890 ήθύρα,
3292 5816 3381 5871 τὸν
3433 5817 3530 5888 τῆς
3572 5817 3765 5888 λαμπα-
