3954 7146
149 356 344 418 1289

1365 344 1870 414 COMMENTARIA
1905 349 1973 411 IN
2010 351 2351 412 PSALMOS.

3319 355 3457 416 {299

131 475 462 551 εηφορίας
527 478 718 552 καιρὸν
790 480 869 544 εἰς
925 463 1221 552 ἀγορασίαν
1287 477 1465 548 ἐλαίου
1533 475 1780 530 δαπανώ-

1884 476 1988 532 bus
2012 477 2319 548 transigere
2345 472 2640 537 debebant,
2680 471 2737 528 in
2769 471 2890 529 oleo
2933 473 3165 530 emendo
3203 489 3456 530 consunv

145 585 345 636 σαις.

275 685 596 755 Ἡδυνθείη
616 683 777 751 αὐτῷ
798 687 838 754 ἡ
860 682 1112 754 «Staieni
1130 699 1249 753 μου
1269 697 1283 711 ⁸
1308 680 1425 752 ἐγὼ
1445 680 1516 735 δὲ
1535 682 1783 750 stigmar-

143 777 461 848 ϐήσομαι
485 779 585 832 ἐπὶ
612 777 932 858 τῷ-Κυρίῳ.
963 776 1084 848 Eii},
1114 776 1267 847 φησὶ,
1301 775 1528 830 τοιαῦτά
1560 791 1626 848 με
1652 772 1782 846 ᾄσαι

147 869 291 922 καὶ
323 845 516 939 ᾧάλαι,
548 869 623 935 ὡς
647 853 939 941 ὴδυνθῆναι
968 845 1240 940 αὑτῷτδν
1266 866 1400 938 ἐμοῦ
1426 845 1782 938 καρτὲὺν,ϋιν

14 951 32 1040 ’ἢ
147 957 454 1034 διαλογήν
505 977 642 1032 μου’
685 959 932 1015 τουτέστι
968 961 1069 1033 τὴν
1101 959 1330 1026 διάλεξίν
1365 978 1487 1032 μου,
1525 959 1623 1031 τὴν
1655 960 1780 1030 ὁμι-

151 1046 315 1105 λίαν
352 1067 475 1121 μου,
509 1055 609 1123 τὴν
635 1051 870 1105 αῖνεσιψ
907 1054 936 1105 6
989 1050 1094 1124 γάρ
1135 1051 1354 1122 ψάλλων
1381 1053 1500 1124 Θεῷ
1540 1052 1781 1122 διαλέγε-

14 1137 32 1226 ξ
147 1156 307 1195 ται.
343 1142 410 1195 Τί
438 1142 497 1196 δέ
538 1144 708 1208 ἐστιν,
760 1142 1063 1211 Ἠδυνθείη
1099 1145 1259 1211 αὑτῷ
1286 1145 1326 1214 ἠ
1355 1145 1606 1216 διαλογὴ
1631 1163 1749 1214 μου
1761 1161 1780 1210 ;

155 1232 588 1304 εὐπρόσδεκτος
638 1236 872 1302 γένοιτο,
925 1235 1119 1308 ἀρέσαι
1167 1237 1403 1310 δεχθείη,
1449 1237 1638 1310 ἡδίστη
1689 1239 1782 1292 καὶ

155 1326 537 1396 τερπνοτάτη
596 1325 782 1398 ὀφθείη
838 1325 918 1399 τῷ
961 1328 1099 1399 Θεῷ.
1152 1330 1293 1401 ’Ἄρα
1341 1332 1374 1402 ἡ
1434 1331 1567 1402 εὐχὴ
1630 1329 1780 1386 οὐδὲν

155 1416 384 1484 ἔτερόν
411 1419 556 1470 ἐστιν
594 1417 628 1488 ἢ
663 1418 896 1484 διάλεξις
928 1421 1066 1492 πρὸς
1098 1421 1249 1476 Θεόν.
1290 1422 1570 1492 Ἐννόησον
1603 1419 1781 1476 τοίνυν

153 1505 288 1598 τὴν
315 1505 656 1578 ψαλμῳδίαν,
683 1511 741 1562 ἐν
762 1509 895 1580 αὐτῇ
921 1513 1019 1581 τὴν
1045 1503 1551 1584 ἀμοισὴνέχουσαν.
1577 1513 1644 1566 Τί
1670 1513 1780 1584 γὰρ

153 1596 308 1652 ἴσον
353 1599 550 1668 γένοιτ’
585 1600 652 1655 ἂν
691 1599 788 1654 τοῦ
826 1601 946 1673 Θεῷ
991 1603 1371 1674 διαλέγεσθαι;
1440 1604 1502 1658 'H
1553 1604 1779 1677 τοιαύτη

158 1688 442 1761 θορύϐων
476 1692 878 1748 ἀπαλλάττεται
921 1693 1092 1765 ψυχὴ,
1133 1697 1212 1760 είς
1256 1696 1348 1750 τὸν
1381 1697 1606 1768 οὐρανὸν
1653 1696 1782 1767 μεθ-

157 1777 435 1844 ῐσταται,
458 1779 567 1834 τῶν
585 1781 894 1853 συνδέσμων
914 1783 1009 1837 τοῦ
1033 1783 1283 1856 σώματος
1305 1786 1618 1851 ἀπολύεται,
1653 1804 1782 1840 πτε-

169 1871 406 1941 ροῦται,
448 1873 748 1945 κουφοτέρα
783 1875 1125 1942 καθίσταται,
1156 1871 1470 1932 ἀποτίθεται
1502 1878 1572 1933 τὰ
1602 1879 1774 1950 πάθη,

166 1961 488 2018 ἀποδύεται
513 1965 581 2021 τὰ
609 1968 904 2038 νοσήματα.
956 1970 1020 2023 El
1046 1969 1154 2041 γὰρ
1174 1971 1444 2044 ἀνθρώπῳ
1463 1986 1550 2036 τις
1575 1971 1779 2043 συνετῷ

171 2056 290 2109 καὶ
337 2053 464 2111 νοῦν
511 2057 685 2129 ἔχοντι
731 2059 1143 2132 διαλεγόμενος,
1179 2065 1296 2118 ’ἀπὸ
1335 2061 1436 2137 τῆς
1474 2063 1690 2136 ὁμιλίας
1727 2083 1780 2120 τι

171 2146 465 2218 κερδάνας
509 2137 827 2222 ἀπέρχεται,
856 2153 886 2205 6
932 2149 1072 2224 πρὸς
1125 2152 1218 2208 τὸν
1272 2155 1405 2208 Θεὸν
1444 2155 1670 2226 ὁμιλῶν,
1698 2171 1782 2208 εν-

175 2238 389 2312 νόησον
434 2238 606 2312 πόσην
655 2239 1006 2314 καρπώσεται
1048 2243 1148 2316 τὴν
1184 2247 1406 2318 ἀρετήν.
1427 2229 1579 2320 ’Ἃρα
1613 2245 1782 2319 ὕμνος

177 2331 354 2386 τοῦτό
397 2335 542 2387 ἐστιν
583 2335 616 2406 ἡ
661 2335 800 2407 πρὸς
839 2335 970 2390 Θεὸν
1020 2337 1224 2407 ὁμιλία.
1271 2338 1400 2403 Πῶς
1432 2339 1478 2394 δ’
1528 2341 1597 2394 ἂν
1642 2335 1780 2408 αῦτη

177 2423 447 2497 ἠδυνΘείη
488 2425 564 2498 τῷ
605 2425 761 2497 Θεῷε
799 2428 859 2480 El
895 2427 1005 2492 βίος
1042 2429 1126 2498 εῐη
1151 2428 1410 2500 καθαρὸς,
1441 2433 1490 2484 εί
1518 2431 1662 2502 ψυχὴ
1690 2449 1780 2502 φι-

177 2509 518 2586 λοσοφοῦσα.
547 2520 716 2575 Ὅταν
750 2521 859 2594 γὰρ
901 2522 1082 2576 πᾶσαν
1117 2521 1402 2596 άναλώσῃς
1441 2524 1539 2598 τὴν
1569 2523 1782 2599 ἡμέραν

180 2606 513 2678 εὐχόμενος,
545 2609 648 2680 τῆς
680 2612 955 2676 πολιτείας
979 2613 1464 2686 ἀντιπραττούσης,
1492 2618 1591 2670 οὐκ
1618 2619 1782 2672 ἀκου-

184 2696 371 2770 σθήσῃ
406 2699 623 2771 ῥᾳδίως,
649 2701 710 2755 ού
743 2703 905 2774 μόνον
930 2703 1110 2770 αὐτὸς,
1143 2705 1258 2760 ἀλλ’
1287 2707 1398 2760 οὐδ’
1425 2709 1612 2780 ἕτερος
1637 2709 1777 2781 ὑπὲρ

184 2789 290 2842 σοῦ
320 2789 478 2844 τοῦτο
503 2792 692 2846 ποιῶν.
725 2794 911 2850 Ταῦτα
931 2795 989 2849 δὲ
1017 2795 1181 2866 λέγω,
1221 2799 1322 2868 οὐχ
1364 2798 1452 2853 ἵνα
1499 2800 1575 2870 μὴ
1617 2809 1784 2871 προσο

184 2881 510 2953 ευχώμεθα,
545 2883 655 2937 οὐδ’
685 2885 771 2939 ἵνα
805 2885 880 2959 μὴ
909 2886 1218 2958 ψάλλωμεν,
1249 2889 1368 2943 ἀλλ’
1404 2890 1491 2944 ἵνα
1519 2891 1655 2962 μετὰ
1685 2890 1780 2946 τοῦ

185 2971 418 3041 ψάλλειν
443 2973 538 3026 καὶ
560 2973 676 3044 βίου
705 2975 800 3029 καὶ
823 2975 1096 3040 πολιτείας
1115 2979 1524 3052 ἐπιμελώμεθα.
1547 2982 1781 3053 Νοήσεις

188 3064 252 3118 δὲ
293 3065 388 3119 τδν
423 3065 604 3136 στίχον
646 3066 740 3121 καὶ
781 3066 982 3132 οὕτως’
1009 3069 1200 3124 Πολλοὶ
1232 3072 1375 3127 κατὰ
1425 3075 1780 3148 συναρπαγὴν

191 3157 664 3248 παρηλλαγμένως
702 3155 802 3221 τὰς
837 3158 1047 3229 κρίσεις
1084 3161 1397 3234 ἐκφέρουσι,
1445 3165 1553 3237 πρὸ
1607 3183 1777 3220 κατα·
1805 3187 1849 3248 α

195 3247 411 3324 λήψεως
447 3250 547 3320 τῆς
585 3250 646 3314 ἐξ
692 3250 877 3305 ἱκανοῦ
917 3251 1096 3322 λόγου,
1129 3256 1221 3310 καὶ
1251 3256 1527 3311 ὲπιπλεῐον
1556 3259 1778 3330 ἐρευνη-

1811 1837 1853 1892 Β

197 3340 404 3407 θέντος,
437 3339 815 3415 ἐγγινομένης.
842 3341 1218 3409 ἀϐασανίστως
1258 3347 1400 3400 κατά
1447 3347 1777 3419 προπέτειαν

194 3432 312 3496 τὰς’
338 3434 464 3504 περὶ
511 3435 741 3490 ἑκάστου
784 3437 1057 3509 δόγματος
1085 3435 1402 3508 ῥιπτοῦντες
1435 3439 1776 3508 συγκαταθέ-

198 3539 330 3588 σεις.
377 3527 443 3578 Ἦ
464 3525 522 3580 δὲ
544 3527 644 3597 τῆς
669 3527 1010 3599 διαλεκτικῆς
1035 3528 1197 3599 φύσις
1224 3529 1459 3600 μάλιστα
1485 3531 1778 3584 πεπίστευ-

195 3621 287 3668 ται
319 3613 492 3669 ταῦτα
535 3615 795 3688 παρέχειν
825 3617 1105 3683 δύνασθαι,
1144 3618 1372 3690 διαιρεῖν
1402 3618 1648 3689 ἀκριϐῶς
1677 3618 1775 3684 τὰς

194 3705 304 3759 τῶν
335 3706 686 3777 πραγμάτων
712 3707 902 3778 φύσεις
937 3710 1030 3763 καὶ
1057 3709 1126 3765 τά
1152 3710 1316 3782 ὅμοια
1346 3711 1654 3782 γνωρίζειν,
1682 3711 1779 3765 καὶ⁵

195 3796 264 3850 τά
305 3798 504 3869 ἑαυτῆς
553 3798 870 3870 διακρίνειν.
917 3801 1115 3873 Διόπερ
1164 3801 1419 3866 συνειδὼς
1465 3800 1645 3874 έαυτῷ
1679 3802 1778 3875 τὴν

197 3885 346 3940 θείαν
373 3887 715 3961 διαλεκτικὴν
737 3889 935 3962 ἔχοντι,
965 3891 1149 3961 ἔλεγεν
1187 3894 1217 3946 ὁ
1251 3893 1414 3948 Δαυῒδ
1444 3893 1526 3959 τὸ,
1573 3894 1778 3951 Ἠδυν-

199 3978 324 4046 θείη
355 3993 457 4035 σοι
482 3981 522 4050 ἠ
552 3979 804 4052 malum
827 3999 968 4052 μου.
1003 3984 1068 4037 Ἠ
1097 3983 1207 4057 γὰρ
1236 3985 1346 4041 τῶν
1370 3987 1658 4058 ἐριστικῶς
1683 3987 1778 4042 καὶ

201 4068 513 4138 φιλονείκως
535 4072 973 4144 ἐπεμϐαινόντων
992 4080 1104 4141 τοῖς
1128 4077 1413 4149 πράγμασι
1437 4078 1774 4150 διαλεκτικὴ,

201 4161 298 4232 οὐχ
325 4162 495 4233 ἡδεῖα,
523 4164 661 4218 ἀλλὰ
691 4168 1206 4239 παραπικραίνουσά
1225 4170 1309 4235 τίς
1332 4172 1499 4225 ἐστιν.
1525 4173 1648 4226 Ὀτι
1676 4172 1778 4243 μὲν

203 4247 294 4305 οὖν
320 4252 446 4324 ἡδὺς
477 4253 595 4326 Θεῷ
619 4255 776 4325 λόγος
811 4260 842 4312 6
867 4261 948 4324 είς
977 4259 1244 4333 ὀρθότητα
1269 4261 1502 4332 βλέπων,
1533 4263 1694 4328 αὐτὸς
1719 4267 1777 4319 ἂν

204 4342 280 4415 τῷ
315 4343 516 4416 ᾄσματι
540 4344 686 4415 λέγει
702 4362 719 4380 ο
746 4349 970 4418 Κηρίον
997 4347 1406 4413 ἀποστάζουσι
1435 4355 1607 4424 χείλη
1635 4369 1774 4423 σου,

204 4433 431 4506 ἀδελφή
446 4455 566 4507 μου
589 4440 790 4509 νύμφη
812 4455 826 4470 ο
846 4440 988 4510 μέλι
1011 4445 1109 4498 καὶ
1133 4442 1286 4514 τάλα
1311 4445 1430 4500 ὑπὸ
1459 4445 1571 4514 τὴν
1593 4445 1780 4517 γλῶσο

1885 581 2137 644 pserunt.

1955 683 2122 743 Vens.
2183 685 2275 740 54.
2336 683 2643 738 Jucundum
2697 685 2766 738 sit
2816 685 2864 739 ei
2915 683 3180 754 eloquium
3221 700 3393 739 meum
3438 699 3457 738 :

1883 793 1974 847 ego
2009 793 2128 831 vero
2156 775 2456 830 delectabar
2493 777 2548 830 in
2585 775 2835 831 Domino.
2872 773 3114 840 Utinam,
3149 775 3348 846 inquit,
3383 777 3458 830 ita

1884 875 2100 923 cantem
2129 877 2182 922 et
2215 867 2468 937 psallam,
2517 875 2576 922 ut
2609 865 2824 921 fructus
2869 881 3024 922 meus
3069 866 3172 937 ipsi
3212 867 3456 938 placeat;

1883 959 2161 1031 eloquium
2189 959 2461 1023 videlicet,
2495 939 2612 1014 sive
2635 959 2966 1029 colloquium
2995 973 3198 1023 meum,
3230 973 3458 1014 conver‘

1885 1049 2027 1106 satio
2052 1056 2107 1105 et
2147 1049 2264 1104 laus
2291 1064 2410 1106 mea
2445 1069 2458 1105 :
2492 1063 2618 1104 nam
2647 1049 2740 1121 qui
2767 1050 2972 1120 psallit,
3007 1048 3179 1106 Deum
3219 1051 3456 1120 alloqui-

1885 1148 1995 1196 tur.
2022 1140 2166 1206 Quid
2190 1149 2372 1196 autem
2393 1151 2478 1196 est
2499 1139 2656 1204 illud,
2679 1138 2986 1194 Iucundum
3008 1141 3078 1194 sit
3109 1141 3158 1195 ei
3189 1141 3457 1211 eloquium

1885 1247 2055 1284 meum
2074 1232 2100 1286 ?
2128 1229 2182 1285 id
2209 1237 2293 1288 est
2323 1230 2655 1300 acceptabile
2682 1231 2754 1287 sit
2775 1230 2903 1302 ipsi,
2929 1233 3134 1302 placeat
3162 1232 3234 1299 ei,
3255 1236 3457 1302 jucun-

1884 1319 2174 1376 dissimum
2200 1333 2279 1398 ac
2324 1319 2759 1390 placidissimum
2802 1319 2912 1376 Deo
2957 1320 3226 1376 videatur.
3269 1319 3455 1377 Oratio

1883 1409 2070 1480 itaque
2111 1409 2250 1465 nihil
2283 1410 2432 1464 aliud
2460 1417 2563 1478 est,
2595 1425 2759 1480 quam
2793 1411 3128 1481 colloquium
3160 1427 3286 1466 cum
3320 1410 3452 1468 Deo.

1883 1501 2270 1557 Animadverte
2318 1503 2484 1571 igitur
2526 1502 2886 1572 psalmodiam
2929 1502 2988 1558 in
3037 1488 3456 1559 se'retributiod

1883 1608 2009 1648 nem
2038 1594 2339 1648 continere.
2366 1592 2508 1659 Quid
2531 1593 2678 1648 enim
2705 1593 2944 1664 alloquio
2973 1592 3067 1649 Dei
3098 1594 3302 1666 aequari
3337 1610 3458 1666 pos-

1885 1685 1991 1740 sit?
2022 1684 2351 1755 Hujusmodi
2398 1685 2584 1740 anima
2617 1685 3021 1743 a'tumultibus
3068 1687 3352 1752 liberatur,
3401 1687 3457 1741 in

1883 1779 2083 1832 emtum
2109 1776 2460 1843 transfertur,
2509 1777 2741 1834 vinculis
2789 1779 3034 1850 corporis
3073 1775 3325 1843 salvitur,
3355 1778 3457 1833 alis

1882 1869 2200 1938 instruitur,
2243 1869 2417 1926 levnor
2457 1869 2709 1935 efﬁcitur,
2759 1868 2987 1926 allectus
3023 1869 3266 1942 deponit,
3307 1885 3456 1925 mor-

1883 1960 1984 2017 bus
2019 1961 2190 2017 exuit.
2221 1959 2357 2015 Nam
2385 1963 2431 2016 si
2460 1977 2527 2016 ex
2563 1961 2848 2032 prudentis
2879 1961 2979 2016 viti
3022 1962 3298 2032 colloquio
3332 1961 3458 2034 quis

1881 2053 2095 2107 lucrum
2124 2059 2411 2122 reportans
2442 2051 2710 2119 abscedit,
2747 2053 2923 2124 cogita
2943 2061 3208 2123 quantum
3235 2053 3457 2107 virtutis

1881 2152 2047 2199 metet
2069 2159 2136 2200 ex
2165 2143 2258 2200 Dei
2289 2144 2586 2214 colloquio.
2617 2142 2862 2216 Hymnus
2893 2159 3024 2215 ergo
3049 2152 3134 2215 est
3162 2145 3457 2201 collocutio

1881 2251 2006 2293 cum
2039 2237 2168 2294 Deo.
2210 2237 2498 2304 Quomodo
2529 2245 2714 2293 autem
2753 2237 2869 2292 haec
2909 2237 3021 2293 Deo
3049 2237 3292 2308 jucunda
3331 2238 3455 2295 fuc-

1880 2331 1990 2385 rit?
2019 2328 2080 2386 Si
2119 2331 2230 2384 vita
2254 2330 2326 2387 sit
2364 2345 2523 2401 pura,
2556 2329 2604 2385 si
2638 2330 2820 2384 anima
2849 2330 3282 2400 philos‘ophetur.
3319 2330 3457 2386 Nam

1881 2422 1930 2479 si
1975 2429 2144 2478 totam
2193 2421 2339 2478 diem
2381 2421 2592 2478 orando
2633 2423 2930 2494 transigas,
2979 2421 3108 2492 dum
3153 2422 3278 2478 vitae
3316 2425 3457 2478 ratio

1881 2515 2114 2570 orationi
2144 2524 2430 2588 repugnat,
2454 2530 2567 2571 non
2596 2513 2757 2591 facile
2780 2514 3124 2580 exaudiaris;
3160 2531 3271 2572 non
3293 2516 3458 2572 modo

1880 2613 1941 2660 tu
1973 2606 2114 2676 ipse,
2143 2607 2241 2662 sed
2269 2608 2434 2661 etiam
2455 2605 2636 2677 quivis
2675 2606 2815 2661 alius
2843 2605 2937 2676 qui
2967 2621 3066 2677 pro
3097 2614 3150 2662 te
3178 2616 3453 2678 precetur.

1882 2697 2008 2754 Haec
2039 2713 2206 2770 porro
2234 2697 2378 2764 dico,
2414 2713 2524 2753 non
2563 2705 2624 2752 ut
2662 2714 2732 2754 ne
2767 2713 2987 2754 oremus
3035 2713 3211 2769 neque
3253 2699 3457 2770 psalla-

1881 2805 2028 2859 mus,
2061 2789 2158 2847 sed
2191 2795 2254 2844 ut
2281 2799 2405 2860 post
2442 2791 2684 2860 psalmos
2716 2790 2785 2846 de
2816 2791 2927 2845 vita
2953 2800 3009 2847 et
3035 2793 3456 2847 conversatione

1882 2892 2070 2939 nostra
2097 2883 2321 2939 solliciti
2351 2883 2546 2938 simus.
2579 2881 2694 2938 Hac
2722 2891 2852 2939 item
2885 2883 3096 2939 ratione
3120 2883 3455 2939 versiculum

1881 2975 2032 3032 hunc
2058 2974 2340 3047 explices:
2369 2973 2524 3029 Multi
2557 2977 2801 3045 quaestus
2827 2989 2994 3031 causa
3023 2987 3283 3046 perverse
3302 2976 3455 3045 judi-

1881 3069 1968 3126 cia
2002 3068 2207 3133 lerunt,
2233 3065 2329 3124 sed
2355 3074 2410 3122 et
2437 3072 2729 3138 antequam
2753 3081 2852 3137 per
2875 3073 3192 3122 accuratum
3223 3081 3453 3123 examen

1881 3171 1936 3220 et
1967 3163 2442 3235 perquisitionem,
2467 3176 2573 3232 qua
2607 3161 2676 3217 de
2703 3175 2762 3217 re
2791 3168 2986 3231 agatur
3016 3159 3341 3231 intelligant.
3373 3169 3456 3215 te-

1881 3271 2029 3311 meie
2075 3255 2307 3326 singulis
2340 3254 2627 3312 sententiis
2666 3268 2954 3310 assensum
2984 3247 3262 3324 praebent:
3287 3255 3358 3307 At
3387 3268 3452 3310 ea

1879 3343 2176 3399 dialectica:
2217 3353 2412 3400 natura
2468 3351 2572 3412 est,
2607 3350 2670 3399 ut
2695 3358 2878 3399 rerum
2926 3353 3152 3400 naturas
3195 3354 3454 3400 accurate

1879 3433 2274 3508 distinguendi,
2324 3434 2526 3490 similia
2581 3435 2968 3506 cognoscendi,
3027 3442 3082 3491 et
3127 3449 3249 3506 quae
3285 3434 3354 3490 ad
3393 3448 3456 3491 se

1878 3529 2184 3600 pertineant
2226 3527 2601 3595 discernendi,
2650 3527 2965 3583 lacultatem
2997 3535 3260 3598 praestare
3290 3541 3455 3598 posse

1877 3629 2118 3691 putetur.
2147 3619 2512 3687 Quamobrem
2531 3618 2700 3674 David
2717 3633 2842 3675 cum
2872 3634 2932 3675 se
2960 3617 3145 3676 divina
3165 3617 3453 3674 dialectica

1877 3714 2207 3769 instructum
2224 3727 2348 3770 esse
2367 3719 2742 3784 cognosceret,
2767 3711 2982 3769 dicebat
3008 3731 3021 3767 :
3051 3709 3356 3766 Iucundum
3379 3713 3452 3766 sit

1877 3806 1972 3861 tibi
2010 3805 2276 3878 eloquium
2303 3820 2496 3870 meum,
2525 3804 2641 3861 sive
2677 3804 2964 3861 dialectica
2989 3821 3131 3862 mea.
3155 3803 3292 3859 Nam
3331 3805 3453 3861 dia-

1878 3898 2070 3954 lectica
2104 3913 2294 3954 eorum
2331 3897 2425 3968 qui
2457 3895 2753 3952 altercandi
2789 3912 2852 3952 ac
2879 3896 3241 3954 contendendi
3268 3897 3453 3952 animo

1876 4004 1966 4047 res
2003 3989 2415 4061 aggrediuntur,
2447 4003 2558 4044 non
2581 3987 2844 4060 jucunda,
2885 3987 2980 4044 sed
3013 3987 3198 4060 potius
3221 4004 3453 4060 exaspe-

1876 4094 2006 4135 rans
2039 4087 2144 4134 est.
2184 4077 2341 4145 Quod
2386 4086 2568 4135 autem
2604 4092 2786 4134 sermo
2817 4079 3127 4148 aaquitatem
3172 4088 3452 4150 spectans,

1871 4173 2150 4245 jucundius
2179 4172 2289 4228 Deo
2320 4172 2411 4238 sit,
2440 4173 2559 4244 ipse
2600 4173 2656 4228 in
2697 4173 2915 4229 cantico
2944 4172 3176 4228 allirmat
3199 4189 3216 4226 :
3243 4171 3453 4228 Fanum

1876 4266 2143 4320 distillant
2174 4264 2320 4319 labia
2341 4274 2456 4330 tua,
2481 4281 2635 4320 soror
2662 4282 2778 4321 mea
2798 4280 2990 4334 sponsa
3017 4267 3156 4321 :mel
3178 4275 3227 4322 ct
3251 4267 3334 4321 lac
3355 4265 3452 4320 sub

1879 4358 2060 4430 lingua
2093 4368 2187 4414 tua
2210 4359 2275 4414 “.
2309 4357 2467 4426 Quod
2492 4373 2621 4415 vero
2653 4359 2744 4429 qui
2773 4357 2970 4430 frigida
2999 4367 3054 4415 et
3083 4359 3260 4416 [utilia
3287 4359 3454 4416 verba

1877 4452 2030 4522 loqui
2061 4452 2220 4516 solet,
2252 4452 2586 4522 injucundus
2623 4451 2715 4516 sit,
2747 4451 2799 4506 id
2847 4452 3150 4522 psalmodia
3187 4452 3453 4521 declarat,

205 4522 322 4616 σάν
346 4541 485 4582 σου.
518 4527 638 4581 Ὀτι
660 4527 718 4582 δὲ
752 4529 782 4581 6
823 4529 1178 4602 ψυχρολογεῖν
1224 4533 1430 4600 εἰωθὼς
1455 4535 1715 4608 ἀκαλλὴς,
1741 4539 1777 4610 ή

1882 4559 2006 4600 cum
2033 4545 2111 4599 ait
2147 4559 2161 4596 :
2201 4542 2513 4614 Sepulcrum
2537 4553 2720 4612 patens
2743 4551 2820 4599 est
2845 4553 3026 4615 guttur
3055 4559 3236 4599 eorum
3249 4543 3316 4598 ⁸⁷.
3345 4544 3455 4616 Ego

206 4615 488 4689 ψαλμῳδία
514 4619 842 4692 παρίστησι⁶
874 4620 1066 4691 Τάρος
1095 4621 1225 4696 γάρ,
1259 4626 1444 4698 φησὶν,
1482 4627 1780 4700 ἀνεῳγμέ-

210 4723 310 4774 νος
353 4711 388 4762 ὁ
434 4709 668 4780 λάρυγξ
713 4711 932 4768 αὐτῶν.
975 4714 1115 4786 Ἐ’τηὼ
1171 4714 1239 4770 δὲ
1291 4719 1779 4791 εὐφρανθήσομαι

211 4797 305 4852 ἐπὶ
328 4793 406 4868 τῷ
423 4803 638 4871 Κυρίῳ.
659 4803 924 4878 Εῦχομαι,
947 4808 1103 4880 φησὶ,
1124 4809 1328 4884 ταύτην
1350 4830 1450 4884 μου
1474 4813 1573 4886 τὴν
1599 4813 1778 4884 ὑμνῳ-

210 4892 323 4948 δίαν
352 4894 446 4948 καὶ
487 4894 718 4965 διάλεξιν
754 4893 976 4973 ἡδίστην
1009 4901 1239 4973 ὀφθῆναι
1279 4903 1360 4975 τῷ
1395 4905 1532 4976 Θεῷ.
1576 4904 1777 4958 Τούτου

212 4984 314 5057 γὰρ
340 4987 650 5058 γενομένου,
686 4990 795 5060 ἐγὼ
833 4993 931 5066 τὴν
973 4994 1223 5051 ὲντεῦθεν
1266 4996 1530 5068 εὐθυμίαν
1552 4996 1779 5068 καρπιίμ

213 5094 388 5148 σομαι,
421 5080 515 5133 καὶ
545 5081 986 5158 εὐφρανθήσομαι
1017 5089 1110 5144 ἐπὶ
1139 5088 1218 5162 τῷ
1258 5089 1465 5163 Κυρίῳ,
1503 5091 1783 5146 τουτέστιν

212 5171 298 5225 ἐπὶ
324 5174 390 5242 τῇ
425 5170 670 5245 λατρεία,
700 5175 792 5230 ἐπὶ
824 5181 890 5250 τῇ
931 5183 1297 5254 προσκυνήσει
1330 5183 1424 5238 καὶ
1455 5186 1569 5248 τοῖς
1593 5184 1782 5238 ἐπιτά-

212 5277 373 5332 γμασι
417 5264 520 5327 τοῖς
551 5265 739 5332 αὑτοῦ,
773 5267 865 5322 ἐπὶ
907 5270 986 5341 τῷ
1031 5273 1269 5329 τοιοῦτον
1307 5276 1451 5347 ἔχειν
1489 5274 1776 5347 δεσπότην.

215 5353 357 5408 Καλά
388 5355 486 5426 μὲν
519 5356 628 5428 γὰρ
659 5359 754 5412 καὶ
792 5359 860 5414 τά
892 5360 1161 5433 ὁρώμενα,
1195 5367 1290 5420 καὶ
1324 5365 1516 5439 τέρπει
1549 5367 1580 5420 ὁ
1615 5369 1779 5440 οὐρα·-

215 5444 320 5511 νδς,
358 5449 452 5502 καὶ
491 5449 770 5522 εὐφραίνει
811 5453 841 5504 6
887 5451 1070 5522 ἥλιος,
1124 5458 1218 5510 καὶ
1259 5459 1330 5529 γῆ
1377 5459 1559 5530 ἀνίησι
1613 5461 1779 5533 σπέρ-

219 5560 356 5638 ματα
392 5545 487 5600 καὶ
528 5549 672 5617 φυτά
689 5563 705 5582 ο
741 5547 875 5638 ἀλλ’.
904 5551 1017 5617 ἐγὼ
1087 5553 1292 5609 τούτων
1337 5557 1558 5612 πάντων
1601 5557 1693 5612 ἐπὶ
1737 5557 1816 5629 τῷ

1884 4653 2002 4693 vero
2047 4638 2347 4694 delectabar
2385 4640 2439 4693 in
2488 4637 2735 4693 Domino.
2767 4637 2988 4706 Precor,
3024 4639 3219 4710 inquit,
3259 4648 3320 4695 ut
3356 4640 3455 4712 hy-

1884 4745 2046 4786 mnus
2087 4739 2142 4785 et
2187 4731 2461 4801 eloquium
2509 4729 2676 4796 istud,
2715 4729 3175 4797 jucundissimum
3215 4729 3326 4786 Deo
3368 4730 3454 4784 vi.

1883 4822 2095 4876 deatur.
2131 4820 2188 4877 ω
2226 4823 2370 4876 enim
2409 4822 2455 4878 si
2498 4827 2611 4890 ttat,
2655 4823 2783 4877 binc
2817 4837 2917 4894 ego
2947 4821 3276 4877 hilaritatem
3321 4836 3454 4876 con-

1884 4928 2107 4984 sequar,
2137 4923 2192 4969 et
2214 4913 2525 4970 delectabor
2547 4914 2601 4968 in
2629 4911 2881 4979 Domino,
2913 4913 2962 4967 id
2989 4921 3094 4974 est.
3121 4913 3174 4966 in
3198 4913 3371 4978 cultu,
3397 4911 3452 4966 in

1879 5003 2219 5070 adoratione,
2251 5006 2306 5060 in
2349 5005 2633 5076 praeceptis
2660 5006 2802 5075 ejus,
2833 5005 2980 5076 quod
3007 5005 3132 5060 talis
3163 5002 3294 5057 mihi
3339 5001 3453 5055 Do-

1882 5096 2064 5152 minus
2090 5095 2180 5151 sit.
2210 5095 2345 5151 Nam
2377 5112 2499 5167 quae
2523 5089 2638 5153 sub.
2659 5106 2937 5168 aspectum
2963 5096 3183 5160 cadunt,
3221 5094 3453 5165 pulchra

1881 5189 2100 5260 quidem
2154 5198 2302 5255 sunt,
2334 5189 2532 5244 emtum
2581 5184 2826 5253 delectat,
2870 5190 2953 5246 sot
3001 5189 3256 5253 laetiﬁcat,
3309 5199 3455 5244 terra

1885 5281 2092 5334 semina
2120 5271 2442 5350 plantasque
2480 5281 2720 5352 profert;
2752 5291 2807 5335 at
2841 5297 2943 5350 ego
2980 5279 3102 5349 plus
3131 5280 3369 5334 delector
3398 5279 3452 5332 in

1883 5369 2165 5434 Creatore,
2189 5389 2352 5444 quam
2382 5379 2434 5428 in
2465 5374 2552 5430 his
2576 5375 2849 5430 omnibus.
2875 5369 3002 5428 Haec
3025 5372 3158 5427 mihi
3181 5371 3455 5441 voluptas,

1886 5460 2001 5516 haec
2024 5461 2230 5527 laetitia,
2257 5463 2340 5518 ha:
2363 5456 2586 5540 deliciae,
2612 5463 2726 5522 haec
2747 5463 2956 5518 inﬁnita
2979 5463 3121 5520 bona
3147 5463 3280 5519 mihi
3303 5472 3454 5518 sunt.

1881 5561 2164 5632 ποιήσαντι
2220 5561 2386 5624 πλέον,
2427 5561 2804 5634 εὐφραίνομαι.
2873 5560 3041 5615 Τοῦτό
3101 5579 3188 5632 μοι
3239 5559 3457 5633 τρυφὴ.

215 5633 358 5688 τοῦτὸ
385 5653 475 5706 μοι
512 5637 836 5711 εὐφροσύνη,
863 5633 1028 5694 ’τοῦτο
1062 5641 1254 5716 ἡδονὴ,
1293 5647 1448 5701 τοῦτο
1483 5647 1553 5702 τὰ
1587 5649 1756 5722 μυρία
1781 5649 1981 5721 ἀγαθά.

279 5786 321 5822 ⁸⁸
355 5789 516 5846 Cant.
557 5809 632 5856 tv,
670 5793 755 5848 i2.
833 5794 878 5828 ⁸⁷
918 5794 1064 5851 Psal.
1099 5813 1154 5863 ν,
1189 5799 1278 5854 il.

492 5879 768 5947 ΡΑΤιιοι..
801 5887 846 5949 G
861 5907 920 5950 ιι.
979 5889 1217 5951 XXIII.
