3954 7146
575 349 711 408 1-291
1251 349 1521 410 EUSEBII
1563 353 2041 412 CzESARlENSlS
2077 354 2228 416 OPP.
2269 356 2452 414 PARS
2486 359 2578 415 ΠΙ.
2616 389 2690 404 -
2724 361 3154 420 ΕΧΕΟΕΤΙΩΛ.’
3747 371 3866 428 12?!

643 436 812 518 Vens.
838 462 929 518 55.
957 462 1221 535 Deﬁciunt
1250 473 1550 533 peccatores
1581 482 1615 519 a
1645 474 1789 521 terra
1805 477 1854 521 et
1875 467 2134 538 iniquiﬁtl

2236 528 2237 534 η
2349 470 2736 528 Ὲκλίποισαν
2766 477 3099 544 ἁμαρτωλοί
3128 478 3246 532 ἀπὸ
3285 479 3401 548 τῆς
3429 479 3558 550 γῆς
3597 482 3726 534 καὶ
3767 486 3876 540 ἀτε-

556 562 624 609 'ut
657 573 760 610 non
798 558 926 611 sint.
961 555 1020 612 In
1044 557 1138 612 illo
1166 556 1421 612 videlicet
1445 565 1711 628 tempore,
1743 575 1856 629 quo
1882 560 2107 615 audient
2135 579 2148 615 :

564 647 834 703 Discedite
863 665 897 702 a
924 665 1024 713 me,
1063 648 1354 709 maledicti.
1387 649 1444 702 in
1473 649 1646 720 ignem
1678 661 1955 714 aeternum,
1985 667 2150 721 para-

563 748 676 794 tum
701 740 914 795 diabolo
943 748 996 794 et
1015 741 1218 810 angelis
1244 755 1382 808 ejus.
1413 739 1624 795 Esurivi
1649 742 1812 804 enim,
1846 752 1895 796 et
1923 759 2028 796 non
2058 744 2150 799 de-

561 832 718 887 distis
757 831 886 886 mihi
927 832 1288 897 manducare;
1327 832 1490 898 sitivi,
1526 841 1578 886 et
1619 849 1724 887 non
1763 835 1987 900 potaslis
2029 851 2146 901 me;

561 924 745 993 hospes
773 939 943 987 eram,
989 932 1040 977 et
1093 939 1196 977 non
1241 923 1528 993 collegistis
1570 939 1688 987 me;
1735 924 1932 988 nudus,
1967 934 2017 978 et
2046 943 2153 981 non

559 1014 910 1085 cooperuistis
947 1029 1062 1078 me;
1093 1015 1339 1084 inﬁrmus
1371 1024 1420 1068 et
1447 1017 1499 1069 in
1530 1032 1740 1070 carcere
1761 1056 1776 1082 ,
1807 1026 1858 1071 et
1893 1034 1998 1072 non
2027 1018 2155 1072 risi-

559 1108 714 1162 tastis
744 1123 824 1160 me
852 1107 940 1160 "‘z
977 1115 1033 1162 et
1080 1121 1190 1162 non
1223 1115 1387 1162 erunt
1427 1108 1483 1162 in
1531 1108 1782 1178 portione
1829 1124 2017 1164 eorum
2055 1108 2152 1182 qui

557 1200 671 1255 Deo
698 1198 1050 1254 benedicunt.
1075 1198 1145 1252 At
1169 1199 1293 1270 quis
1325 1200 1466 1255 forte
1495 1200 1644 1255 dicat
1673 1219 1687 1256 :
1718 1200 1931 1272 Ergone
1958 1202 2152 1260 beatus

554 1289 830 1362 Propheta
857 1292 1194 1362 imprecatur
1226 1292 1295 1347 iis
1319 1291 1415 1362 qui
1466 1293 1522 1346 in
1574 1294 1818 1364 peccatis
1851 1304 2001 1363 sunt,
2031 1310 2152 1350 om-

553 1397 765 1454 nesque
816 1386 933 1436 vuit
987 1383 1165 1453 perire
1201 1398 1266 1438 ac
1305 1384 1549 1457 destrui?
1605 1384 1674 1439 At
1726 1386 1913 1442 decuit
1963 1388 2145 1458 potius

551 1474 735 1528 virum
771 1481 1022 1530 sanctum
1074 1487 1140 1528 ac
1191 1473 1533 1543 spiritualem
1579 1490 1679 1546 pro
1737 1475 2144 1534 inﬁrmantibus

552 1562 790 1634 precari.
846 1561 1119 1618 Caeterum
1161 1563 1323 1630 audi,
1370 1565 1572 1634 .paucis
1623 1565 1770 1619 enim
1816 1565 2140 1623 absolvam:

550 1656 693 1713 Ante
723 1655 1034 1712 Servatoris
1083 1656 1380 1712 adventum
1425 1671 1617 1712 omnes
1649 1658 1706 1712 in
1731 1658 1977 1728 peccatis
2015 1673 2140 1714 era-

550 1764 698 1812 mus,
729 1755 888 1804 terra:
909 1748 1212 1818 imperabat
1231 1746 1492 1814 Satanas,
1515 1765 1623 1805 non
1649 1759 1766 1805 erat
1790 1750 1884 1821 qui
1935 1751 2141 1808 faceret
2168 1806 2176 1814 ,

552 1842 783 1907 bonum,
812 1857 920 1898 non
952 1849 1072 1897 erat
1117 1856 1291 1912 usque
1322 1841 1392 1896 ad
1425 1857 1594 1896 unum
1628 1861 1643 1898 :
1673 1858 1865 1899 omnes
1892 1842 2134 1900 declina-

2236 1849 2356 1918 πὺν,
2391 1848 2502 1921 ἐρῶ
2531 1849 2640 1922 γὰρ
2670 1851 2758 1904 διὰ
2785 1850 3058 1923 βραχέωψ
3097 1853 3203 1924 πρὸ
3251 1853 3349 1923 μὲν
3395 1854 3508 1924 τῆς
3539 1854 3652 1908 τοῦ

550 1945 762 2001 verant,
787 1935 952 1992 simul
986 1935 1206 1991 inutiles
1240 1935 1369 1990 facti
1421 1942 1600 1992 erant.
1641 1934 1778 1990 Nam
1809 1935 1988 1993 Graeci
2014 1937 2140 2009 qui-

551 2029 676 2086 dem
715 2029 990 2087 idolorum
1029 2031 1270 2086 cultores
1291 2069 1304 2092 ,
1336 2030 1613 2100 wqttitatis
1640 2031 1861 2086 modum
1914 2032 2140 2103 ignora-

547 2121 722 2189 bant,
777 2123 934 2179 bonae
964 2123 1090 2178 vitae
1139 2123 1332 2178 callem
1384 2123 1740 2191 nesciebant;
1784 2124 1896 2179 imo
1954 2125 2138 2195 potius

549 2218 797 2272 omnium
853 2232 1036 2274 rerum
1076 2215 1328 2286 opiﬁcem
1375 2224 1430 2271 et
1465 2215 1806 2272 Salvatorem
1851 2217 2136 2274 Christum

549 2308 865 2363 nullatenus
895 2298 1322 2378 cognoscebant.
1353 2304 1528 2360 Judaei
1553 2305 1682 2362 item
1715 2307 1886 2379 legem
1911 2308 2136 2378 quidem

547 2401 824 2458 habebant
873 2415 973 2470 pro
1007 2400 1344 2470 paedagogo:
1379 2408 1434 2454 at
1489 2415 1600 2454 non
1650 2408 1865 2470 poterat
1916 2417 1986 2456 ex
2021 2402 2136 2474 lege

547 2490 715 2548 homo
737 2491 1027 2563 iustiﬁcari
1066 2511 1080 2547 :
1109 2505 1304 2548 omnes
1337 2493 1502 2564 igitur
1530 2492 1586 2547 in
1617 2495 1861 2564 peccatis
1890 2509 2131 2560 eramus,

547 2592 695 2641 terra
722 2585 1006 2656 iniquitate
1052 2586 1212 2655 plena
1248 2592 1388 2640 erat.
1421 2584 1725 2656 Postquam
1751 2595 1932 2641 autem
1965 2601 2133 2658 appa-

547 2677 660 2732 ruit
685 2677 1029 2748 unigenitum
1057 2675 1150 2732 Dei
1174 2675 1436 2741 Verbum,
1470 2684 1525 2732 et
1568 2678 1771 2732 factum
1814 2686 1898 2733 est
1933 2679 2130 2746 homo,

545 2780 680 2828 tunc
729 2771 1057 2828 defecerunt
1090 2781 1430 2843 peccatores,
1467 2772 1786 2830 defecerunt
1839 2774 1877 2828 ii
1927 2775 2022 2845 qui
2073 2775 2132 2832 in

547 2865 838 2937 iniquitate
871 2867 1254 2924 versabantur.
1282 2867 1569 2934 Quomodo
1596 2875 1691 2922 aut
1731 2882 1840 2939 qua
1881 2869 2133 2926 ratione?

546 2971 738 3013 amnes
763 2956 966 3028 quippe
999 2957 1419 3026 justiﬁcaverat,
1451 2971 1481 3012 a
1521 2957 1823 3014 sceleribus
1863 2958 2133 3016 liberave-

545 3058 654 3116 rat,
678 3065 872 3106 omnes
907 3049 1135 3116 liberos,
1153 3065 1331 3120 .puros
1376 3065 1442 3107 ac
1475 3059 1652 3106 tersos
1683 3050 1956 3106 eﬁ‘ecerat.
1991 3051 2130 3108 Hinc

544 3148 677 3212 ergo
706 3139 954 3210 sequitur
974 3155 1178 3210 paucos
1202 3141 1259 3196 in
1299 3141 1541 3210 peccatis
1571 3141 1934 3207 remansisse,
1985 3143 2126 3197 mul-

2254 577 2378 630 μοι,
2414 559 2569 616 ὥστε
2594 562 2681 632 μὴ
2717 566 3015 635 ὑπάρχειν
3040 570 3283 636 αὐτούς.
3326 571 3418 624 Ἐν
3451 573 3694 643 ἐκεί-εξ)
3719 574 3872 642 5:39-

2257 654 2341 707 ότι
2362 655 2440 723 τῷ
2464 655 2660 728 καιρῷ,
2682 657 3002 712 ἀκούσονται
3032 661 3160 731 γὰρ,
3185 663 3534 732 Πορεύεσθε
3567 665 3704 719 ἀπ’

2258 745 2312 797 οἱ
2349 747 2764 816 κατηραμένοι,
2803 751 2888 816 είς
2917 749 2984 802 τὸ
3027 751 3148 820 πῦρ
3190 752 3258 805 τὸ
3283 753 3571 822 αἰώνιον,
3613 756 3704 809 τὸ
3745 759 3872 824 ἠτρ-

2250 837 2566 907 μασμένον
2609 838 2691 906 τῷ
2726 839 2980 908 διαϐόλῳ
3022 845 3120 896 καὶ
3157 844 3281 912 τοῖς
3315 845 3638 918 ἀγγέλοις
3677 850 3857 903 ani-tri

2269 933 2595 986 Ἐπείνασα
2645 931 2778 1001 γὰρ,
2837 933 2936 986 καὶ
2987 935 3100 987 οὐκ
3142 935 3399 991 ἐδώκατέ
3441 957 3556 1007 μοι
3629 942 3870 1008 φιτ)τᾶ-

2252 1023 2540 1092 edita-nou,
2559 1021 2658 1078 καὶ
2689 1025 2800 1078 οὐκ
2832 1023 3154 1079 ἐποτίσατέ
3174 1043 3252 1095 με
3273 1044 3286 1057 ο
3324 1028 3514 1094 ξένος
3547 1028 3776 1096 ἥμην,
3795 1050 3864 1084 κε

2255 1117 2327 1169 οὐ
2363 1114 2740 1186 συνηγάγετέ
2777 1131 2884 1185 με’
2928 1116 3174 1186 γυμνὸς,
3215 1118 3314 1172 καὶ
3352 1121 3428 1173 οὐ
3471 1120 3866 1187 περιεϐάλετέ

2242 1224 2355 1282 με’
2389 1208 2656 1276 ἀσθενὴς
2687 1208 2783 1262 καὶ
2815 1209 2884 1261 ἐν
2913 1209 3181 1278 φυλακῇ,
3218 1212 3314 1264 καὶ
3358 1213 3481 1265 οὐκ
3510 1213 3864 1280 exscidia.

2251 1303 2362 1354 σθέ
2393 1317 2499 1369 με*
2547 1300 2643 1353 καὶ
2691 1301 2790 1354 οὐκ
2839 1300 3049 1375 ἔσονται
3094 1303 3153 1354 ἐν
3197 1305 3264 1375 τῇ
3312 1303 3504 1375 μερίδι
3545 1304 3695 1356 τῶν

2249 1392 2488 1462 γούντων
2515 1393 2604 1446 τὸν
2634 1393 2788 1447 Θεόν.
2830 1393 2969 1446 Ἀλλ’
3013 1374 3130 1466 ἐρεῖ
3165 1374 3258 1459 τις
3291 1374 3458 1466 τυχόν
3479 1413 3498 1427 ο
3533 1392 3692 1466 τΔρ’
3729 1395 3820 1449 οἷν
3843 1415 3862 1452 δ

2251 1485 2520 1558 μακάριος
2551 1487 2845 1558 Προφήτης
2871 1486 3197 1557 κατεύχεται
3223 1487 3331 1542 τῶν
3355 1489 3538 1543 ὄντων
3569 1492 3649 1542 ὲν
3695 1490 3858 1562 ἀμαρ-

2245 1579 2408 1644 τίαις,
2452 1579 2544 1632 καί¹
2582 1579 2792 1642 πάντας
2829 1577 3124 1633 ἀπολέσθαι
3168 1581 3260 1634 καὶ
3304 1580 3718 1652 ἀφανισθῆναι
3763 1582 3860 1651 βείν-

2245 1672 2428 1739 λεται;
2463 1671 2655 1726 Καίτοι
2687 1671 2884 1742 μᾶλλον
2917 1673 3084 1743 ἐχρῆν
3109 1673 3261 1740 ἅγιον
3297 1672 3426 1728 ὄντα
3468 1675 3575 1727 καὶ
3609 1691 3856 1743 meum.

2241 1761 2470 1832 τοφόρον
2503 1760 2899 1832 ὑπερεύχεσθαι
2931 1761 3040 1815 τῶν
3071 1763 3472 1833 ὴσθενηκότων.
3497 1752 3746 1818 ’Ἄκουε
3772 1765 3852 1816 12-

2241 1960 2334 2015 ρος
2381 1943 2674 2014 ἐπιδημίας
2727 1943 2967 2010 ἅπαντες
3007 1941 3146 2018 ἦμεν
3187 1947 3243 1999 ἐν
3292 1947 3656 2018 ἁμαρτίαις,
3713 1965 3850 2000 1:":—

2238 2034 2430 2105 κράτει
2471 2035 2571 2105 τῆς
2595 2034 2687 2087 ὑπ’
2715 2035 2942 2107 οὐρανὸν
2987 2037 3016 2088 ὁ
3061 2037 3322 2104 Σατανᾶς,
3349 2038 3452 2090 οὐκ
3501 2032 3583 2108 ἦν
3614 2039 3652 2091 ὁ
3697 2039 3848 2089 ποσὶν

2237 2125 2600 2197 χρηστότητα,
2663 2127 2764 2180 οὐκ
2813 2121 2882 2198 ἢν
2927 2128 3034 2202 ἕως
3079 2129 3228 2192 ἑνός·
3277 2128 3483 2191 πάντες
3539 2126 3846 2192 ἐξέκλινα-ι,

2237 2218 2353 2289 ἅμα
2379 2219 2775 2292 ἠχρειῶθησαν.
2801 2218 3060 2290 Ἕλληνες
3097 2220 3194 2290 μὲν
3231 2219 3338 2291 γὰρ
3368 2221 3421 2272 οἱ
3453 2218 3582 2272 τῶν
3619 2219 3848 2273 sidcis?»

2237 2312 2760 2384 προσκυνηταὶ,τοὺς
2775 2313 2874 2384 τῆς
2893 2313 3190 2376 ἐπιεικείας
3207 2313 3306 2365 οὐκ
3327 2312 3566 2383 ᾔδεισαν
3590 2312 3845 2383 τρόπους.
3877 2315 3892 2384 g

2234 2405 2333 2476 τῆς
2356 2404 2589 2470 εὗξωῖας
2623 2405 2723 2476 τὴν
2751 2405 2867 2459 ὁδὸν
2896 2405 2998 2458 οὐκ
3027 2405 3347 2474 ἠπίσταντο·
3385 2404 3612 2474 μᾶλλον
3643 2404 3710 2457 δὲ
3743 2406 3842 2458 οἱ.ιέ

2234 2496 2396 2551 αὐτὸν
2421 2496 2714 2565 ἐγίνωσκον
2744 2496 2880 2560 ὅλως
2907 2495 2998 2548 τὸν
3026 2495 3131 2550 τῶν
3159 2496 3294 2550 ὅλων
3319 2498 3742 2567 γενεσιουργὸν
3769 2503 3842 2547 ut

2233 2587 2462 2659 Σωτῆρα
2492 2588 2755 2660 Χριστόν⁹
2797 2585 3037 2641 Ἰουδαῖοι
3066 2587 3123 2640 δὲ
3153 2586 3311 2641 πάλιν
3343 2583 3490 2657 εἶχον
3538 2588 3654 2656 μὲν
3695 2589 3840 2656 νόμον

2232 2679 2324 2734 τὸν
2353 2680 2726 2750 παιδαγωγόν·
2772 2679 2888 2734 ἀλλ’
2919 2681 3020 2734 οὑκ
3061 2675 3128 2752 ἦν
3173 2682 3231 2734 ἐν
3272 2681 3425 2750 νόμῳ
3467 2678 3837 2748 δικαιωθῆναι

2231 2773 2324 2826 τὸν
2351 2772 2655 2845 ἄνθρωπον.
2688 2773 2894 2828 Οὐκοῦν
2937 2771 3176 2836 ἅπαντες
3221 2769 3360 2844 ἦμεν
3393 2774 3455 2826 ἐν
3503 2771 3833 2844 ἁμαρτὰς.

2231 2865 2463 2935 ἀνομίας
2486 2861 2556 2938 ἦν
2589 2865 2801 2938 πλήρης
2825 2867 2860 2937 ἡ
2893 2866 2986 2936 γῆ.
3035 2865 3249 2937 Ἐπειδὴ
3275 2865 3332 2918 δέ
3369 2863 3666 2934 ἐπέφανεν
3695 2867 3726 2916 ὁ
3754 2881 3832 2934 μεσ-

2231 2958 2455 3030 νογενὴς
2477 2957 2572 3011 τοῦ
2599 2956 2731 3011 Θεοῦ
2749 2957 2942 3027 Λόγος,
2962 2958 3056 3011 καὶ
3080 2957 3296 3026 γέγονεν
3323 2955 3654 3027 ἄνθρωπος,

2231 3066 2330 3103 πον
2353 3050 2404 3102 οἱ
2423 3048 2759 3120 ἁμαρτωλοὶ,
2803 3047 3178 3106 ἐκλελοίπασιν
3207 3050 3254 3101 οἱ
3287 3047 3436 3111 ὅντες
3459 3049 3522 3102 ἐν
3551 3049 3826 3119 ἀνομίαις.

2229 3142 2355 3205 Πῶς
2385 3141 2418 3213 ἢ
2443 3141 2563 3195 τίνα
2591 3141 2826 3212 τρόπον;
2855 3140 3172 3195 δεδικαίωκε
3207 3141 3315 3212 γὰρ
3344 3141 3636 3206 ἅπαντας,
3669 3144 3826 3214 ἀπέρσ

545 3242 633 3289 tos
654 3240 834 3286 autem
866 3232 1196 3302 justiﬁcatos
1219 3249 1361 3289 esse.
1399 3234 1583 3304 Itaque
1619 3234 1707 3289 hic
1735 3251 1847 3290 non
1877 3244 2128 3290 naturam

2236 3233 2358 3301 λαξε
2407 3232 2516 3289 τῶν
2564 3232 3147 3305 πεπλημμελημένων,
3201 3232 3522 3303 ἐλευθέρους
3577 3235 3824 3304 ἀπέφηνε

543 3324 758 3382 destrui
789 3333 966 3396 rogat,
993 3341 1170 3396 neque
1192 3327 1441 3383 homines
1469 3327 1720 3383 funditus
1747 3329 1913 3384 exitio
1944 3329 2087 3384 tradi
2111 3345 2126 3396 ;

546 3417 644 3474 sed
667 3425 944 3488 precatur,
975 3425 1034 3471 ut
1064 3425 1321 3488 peccator
1355 3419 1619 3474 malitiam
1650 3420 1890 3487 deserat,
1923 3429 1985 3475 ut
2017 3435 2130 3476 non

546 3512 688 3566 ultra
718 3518 972 3582 peccator
998 3512 1092 3576 sit,
1131 3511 1224 3567 sed
1254 3512 1604 3582 immuteturt;
1643 3529 1709 3570 ne
1765 3515 1839 3571 sit
1870 3517 2126 3588 iniquus,

545 3603 642 3658 sed
669 3603 975 3673 resipiscat.
1027 3601 1354 3660 Sanctorum
1389 3605 1593 3676 quippe
1622 3605 1820 3664 animae
1868 3624 1978 3664 non
2029 3625 2129 3681 pro

546 3694 742 3765 seipsis
771 3703 1005 3762 tantum,
1033 3696 1126 3752 sed
1155 3711 1254 3767 pro
1299 3697 1558 3752 universo
1580 3697 1714 3754 orbe
1744 3700 2022 3756 orationes
2048 3701 2126 3757 ef.

543 3789 729 3844 ferunt
781 3803 931 3845 suas.
983 3786 1141 3844 Nunc
1195 3789 1360 3860 igitur
1408 3789 1610 3856 David,
1649 3807 1880 3848 arcanas
1931 3793 2130 3850 divime

542 3881 972 3954 pulchritudinis
1022 3880 1280 3947 divitias,
1318 3882 1500 3953 quoad
1537 3883 1790 3939 humanae
1847 3883 2129 3944 facultatis

541 3979 682 4039 erat,
706 3973 1023 4043 explorans,
1051 3987 1244 4028 omnes
1273 3972 1523 4030 homines
1567 3975 1717 4046 paris
1753 3975 1961 4031 notitia:
1996 3991 2128 4031 con-

542 4070 723 4120 sortes
759 4077 881 4119 esse
906 4065 1249 4134 peroptabat,
1285 4071 1746 4138 peccatorumque
1771 4077 1974 4124 sortem
2003 4083 2128 4124 om-

541 4154 674 4210 nino
705 4153 939 4210 deﬁcere
985 4155 1344 4224 precabatur;
1407 4171 1519 4211 non
1555 4165 1615 4212 ut
1659 4167 1883 4228 pereant
1933 4169 2127 4230 postu-

539 4249 685 4318 lans,
717 4247 814 4305 sed
837 4256 897 4303 ut
930 4249 1288 4320 resipiscam,
1329 4255 1498 4320 utque
1521 4264 1712 4304 eorum
1741 4261 1941 4318 coetus,
1973 4262 2127 4323 post-

540 4355 707 4412 quam
755 4340 1046 4411 pristinam
1098 4339 1410 4395 divinorum
1451 4341 1702 4396 notitiam
1739 4357 2042 4414 posuerunt
2072 4358 2128 4402 et

540 4431 892 4503 abjecerunt,
939 4431 1206 4486 deleatur.
1243 4429 1394 4487 Vane
1421 4432 1584 4503 igitur
1609 4435 1937 4491 contentiosi
1962 4436 2040 4489 illi
2068 4436 2126 4492 in

539 4524 920 4582 obdurationis
941 4540 1054 4580 suae
1075 4525 1440 4595 patrocinium
1483 4525 1798 4595 hujusmodi
1831 4544 1994 4584 voces
2025 4545 2124 4601 op-

2232 3326 2327 3380 καὶ
2376 3325 2827 3398 διεσμηγμὲνους.
2875 3324 3084 3380 Οὐκοῦν
3121 3324 3294 3394 ’ὀλίγοι
3339 3326 3647 3395 γεγόνασιν
3681 3330 3734 3380 οἱ
3777 3330 3823 3378 ἐν

2229 3417 2547 3488 ἁμαρτίαις,
2596 3415 2780 3470 πολλοὶ
2825 3414 2882 3469 δὲ
2923 3414 3045 3469 λίαν
3083 3416 3132 3468 oi.
3177 3414 3638 3485 δεδικαιωμένοι·
3691 3416 3820 3468 ὥστε

2229 3508 2465 3563 ἐνταῦθα
2519 3509 2580 3562 οὺ
2635 3507 2732 3580 τὴν
2775 3507 2961 3561 οὐσίαν
2997 3505 3360 3577 ἀφανισθῆναι
3400 3506 3662 3578 εῠχεται,
3707 3508 3819 3562 οὕτε

2229 3604 2356 3666 τοὺς
2383 3600 2703 3673 ἀνθρώπους
2745 3600 3076 3672 πανολεθρίᾳ
3113 3599 3514 3672 παραδοθῆναιο
3551 3601 3704 3654 ἀλλὰ
3729 3601 3818 3672 τὴν

2230 3693 2492 3768 πονηρίαν
2521 3694 2729 3749 ἐκλίποι
2761 3693 3101 3765 ἁμαρτωλὸς,
3132 3691 3274 3747 ὥστε
3301 3691 3375 3764 μὴ
3395 3687 3538 3746 εἶναι
3567 3693 3818 3765 ἁμαρτω-

2228 3788 2338 3852 λὸς,
2376 3787 2512 3844 ἀλλὰ
2557 3786 2943 3859 μετατεθῆναν
2979 3786 3053 3858 μὴ
3079 3786 3313 3858 ὑπάρχοι
3352 3790 3382 3841 ό
3423 3785 3660 3857 ἄνομος,
3691 3788 3814 3840 ἀλλὰ

2232 3884 2654 3958 μεταϐληθῆναι.
2701 3883 2966 3948 Τοιαύτας
3013 3883 3123 3954 γὰρ
3176 3886 3231 3936 αἱ
3285 3883 3393 3936 τῶν
3427 3883 3612 3950 ἁγίων
3657 3883 3810 3954 ψυχαὶ

2228 3978 2326 4050 οὐχ
2357 3978 2497 4050 ὑπὲρ
2523 3977 2730 4032 ἑαυτῶν
2775 3977 2954 4049 μόνον,
3003 3976 3118 4030 ἀλλ’
3158 3975 3298 4047 ὑπὲρ
3347 3975 3447 4047 τῆς
3488 3978 3810 4049 οἰκουμένης

2229 4071 2448 4142 ἁπάσης
2496 4069 2594 4134 τὰς
2635 4069 2848 4142 δεήσεις
2892 4067 3241 4140 ἀναφέρουσι.
3295 4067 3402 4121 Καὶ
3442 4065 3545 4121 νῦν
3585 4069 3810 4123 toi.qu

2227 4163 2411 4231 Δαυῒδ,
2442 4163 2502 4218 τὺ
2527 4162 2667 4217 θεῖον
2691 4161 2886 4226 κάλλος
2917 4160 3059 4216 κατὰ
3099 4160 3190 4216 τὸν
3224 4161 3536 4233 ἀπόρρητον
3562 4159 3806 4216 πλοῦτον.

2226 4255 2304 4319 ὡς
2330 4255 2459 4325 ἐνῆν
2493 4251 2806 4325 ἀνθρωπεία
2835 4251 2996 4322 φύσει
3022 4249 3324 4316 διεξελθὼν,
3361 4252 3574 4315 πάντας
3605 4252 3804 4323 avepe

2227 4363 2362 4410 παυς
2403 4345 2640 4418 ἱμείρετο
2679 4344 2781 4415 τῆς
2817 4343 2986 4414 αὐτῆς
3034 4343 3355 4414 μεταλαχεῖν
3393 4342 3680 4412 γνώσειικ,
3729 4348 3808 4396 καὶ

2223 4437 2323 4510 τὴν
2363 4438 2474 4490 τῶν
2527 4433 2867 4508 ἁμαρτωλῶν
2921 4435 3154 4505 πάμπαν
3206 4433 3450 4502 ἐκλεῖψαι
3498 4437 3810 4508 συμμορίαν

2227 4530 2486 4586 ἱκετεύειο
2529 4529 2630 4582 οὐκ
2679 4528 2876 4592 αὐτοὺς
2923 4525 3216 4580 ἀπολέσθαι
3267 4525 3637 4596 παρακαλῶν,
3681 4529 3806 4583 ἀλλὰ

541 4625 784 4692 ponunt;
824 4620 968 4689 quod
1003 4617 1174 4674 David
1224 4617 1480 4674 videlicet
1517 4617 1748 4674 deﬁcere
1779 4632 2124 4689 peccatorem

2236 4623 2634 4696 μεταϐληθῆναι
2676 4621 2955 4692 δεόμενος,
3007 4620 3102 4673 καὶ
3150 4618 3461 4672 παύσασθαι
3511 4621 3702 4675 αὐτῶν
3753 4623 3806 4675 τέ

539 4719 778 4782 exoptet,
807 4725 871 4765 ac
903 4709 1186 4777 infamiam
1226 4708 1715 4781 confusionemque
1748 4711 1986 4768 inimicis
2015 4713 2122 4768 im-

539 4805 830 4876 precetur;
860 4802 1006 4874 quod
1033 4800 1302 4859 Jeremias
1333 4803 1598 4858 ultionem
1633 4818 1663 4858 a
1715 4803 1828 4860 Deo
1855 4808 2118 4861 adversa-

538 4897 640 4952 riis
661 4897 776 4952 suis
810 4895 1072 4951 inﬂictam
1108 4895 1295 4952 videre
1345 4897 1578 4968 cupidus
1607 4897 1707 4964 sit;
1759 4898 1907 4969 quod
1955 4897 2116 4965 Osee,

425 5036 432 5043 .
539 5001 601 5045 ut
625 4989 920 5046 infecunda
950 4990 1113 5044 vulva
1138 5004 1497 5061 mammaeque
1517 4991 1686 5046 aridae
1720 4990 1960 5046 inimicis
1986 4992 2121 5047 den-

537 5090 631 5136 tur
668 5083 979 5154 supplicet:
1030 5095 1094 5137 ac
1155 5079 1357 5136 similia
1403 5083 1540 5137 bene
1589 5083 1761 5136 multa
1813 5083 1869 5138 in
1919 5083 2120 5142 divinis

539 5172 844 5246 Scripturis
885 5175 1094 5245 passim
1145 5173 1323 5244 posita
1367 5173 1660 5244 colligunt,
1707 5181 1768 5228 ut
1795 5173 1926 5228 hinc
1952 5175 2112 5230 evin-

537 5277 687 5335 cant,
723 5269 958 5324 inimicis
990 5267 1278 5339 imprecari
1323 5266 1406 5322 fas
1437 5283 1578 5332 esse,
1608 5275 1772 5338 atque
1797 5267 2122 5345 .siclacerbi-

537 5364 667 5420 tatis
687 5378 801 5418 sua:
820 5361 915 5418 Dei
950 5362 1248 5418 bonitatem
1273 5360 1543 5417 vindicem
1575 5359 1798 5416 faciant.

2229 4717 2416 4787 στίφος
2445 4713 2759 4778 ἁντιδολῶν,
2810 4711 3263 4783 μεταταξαμένων
3317 4709 3410 4765 καὶ
3466 4713 3804 4782 μεταμαθόιν.

2225 4826 2333 4862 των
2373 4809 2443 4862 τὰ
2485 4805 2624 4860 θεῖα.
2659 4806 2822 4859 Ὥστε
2857 4804 3033 4876 μάτην
3073 4804 3121 4856 oi
3164 4803 3428 4875 ἐριστικαὶ
3466 4803 3548 4867 εἰς
3583 4821 3800 4877 συνηγο-

2230 4903 2350 4973 ρίαν
2376 4900 2473 4972 τῆς
2493 4898 2703 4953 ἑαυτῶν
2727 4897 2953 4970 πικρίας
2988 4895 3088 4960 τὰς
3129 4895 3382 4961 τοιαύτας
3413 4895 3596 4964 φωνὰς
3629 4913 3798 4970 παρα.

2225 4991 2492 5046 τίθενται·
2520 4990 2611 5044 τὸν
2638 4986 2798 5042 Δαυῒδ
2827 4987 3096 5042 ἐκλείπειν
3126 4986 3216 5040 τὸν
3237 4987 3562 5058 ἁμαρτωλὸν
3590 4989 3798 5044 1100051,-

2227 5100 2316 5148 τα,
2358 5084 2453 5137 καὶ
2484 5081 2745 5152 αἰσχύνην
2787 5081 2881 5133 καὶ
2916 5078 3182 5150 ἐντροπὴν
3219 5078 3328 5131 τῶν
3361 5077 3569 5150 ἐχθρῶν
3610 5097 3793 5134 κατευ-

2228 5176 2482 5247 χόμενον·
2515 5173 2604 5227 τὸν
2647 5170 2913 5244 Ἰερεμίαν
2962 5169 3088 5224 ἰδεῖν
3117 5169 3212 5242 τὴν
3246 5170 3396 5242 παρὰ
3423 5169 3516 5223 τοῦ
3547 5170 3676 5224 Θεοῦ
3709 5175 3794 5226 ἐκ-

2227 5269 2440 5339 δίκησιν
2489 5267 2556 5320 ἐκ
2599 5264 2708 5319 τῶν
2751 5263 3010 5318 ἐναντίων
3054 5261 3452 5334 ἐπιθυμοῦνταο
3501 5263 3596 5316 τὸν
3641 5264 3790 5336 Ὠσηὲ

2230 5362 2440 5433 μήτραν
2469 5355 2800 5412 ἀτεκνοῦσαν
2829 5357 2925 5411 καὶ
2951 5353 3188 5428 μαστοὺς
3225 5354 3422 5426 ξηροὺς
3449 5353 3657 5426 δοθῆναι
3685 5360 3790 5419 eoi;

535 5458 752 5532 ἐχθροῖς
791 5460 1044 5530 δεόμενον
1065 5477 1078 5490 ι
1120 5459 1214 5512 καὶ
1255 5455 1424 5510 πολλὰ
1481 5457 1708 5510 τοιαῦτα
1761 5453 2034 5528 σποράδην
2075 5454 2372 5526 ἐγκείμενα
2433 5455 2551 5518 ταῖς
2613 5453 2786 5515 θείαις
2825 5452 3068 5523 Γραφαῖς
3125 5449 3500 5519 ἀναλέγονται,
3547 5453 3786 5506 συνιστά·

540 5571 691 5626 μενοι
761 5555 840 5627 τῷ
892 5555 1001 5609 δεῖν
1049 5553 1156 5608 τῶν
1208 5541 1461 5608 ἐναντίων
1530 5551 1923 5622 κατεύχεσθαι,
1961 5551 2173 5622 καὶτῆς
2205 5550 2412 5606 ἑαυτῶν
2463 5549 2690 5621 πικρίας
2735 5546 3001 5622 συνεργὸν
3047 5535 3321 5602 ποιεῖσθαι
3368 5545 3468 5620 τὴν
3514 5545 3608 5603 τοῦ
3657 5547 3786 5602 Θεοῦ

535 5647 880 5720 ἁγαθόιιητα.⁸

610 5823 657 5857 ⁸⁸
698 5821 889 5878 Matth.
930 5837 1057 5888 xxv,
1095 5819 1284 5877 41-43.
