3954 7146
79 390 122 445 1
133 390 312 448 3.93

1315 386 1819 445 COMMENTARIA
1856 385 1923 442 IN
1964 386 2302 445 PSALMOS.

3294 393 3432 449 1294

220 507 402 562 Ἀλλ⁹
431 500 606 571 οὐδεὶς
628 505 736 559 τῶν
767 505 982 577 ἀληθῶς
1009 502 1196 572 ἁγίων,
1218 495 1292 557 ὧν
1319 506 1374 558 αἱ
1407 505 1594 575 ῥήσεις
1619 503 1761 557 κατὰ

1932 502 2134 558 Verum
2165 517 2328 557 nemo
2355 517 2546 557 eorum
2575 500 2670 572 qui
2701 517 2827 558 vere
2869 501 3046 559 sancti
3089 512 3252 571 sunt,
3297 521 3434 576 quo.

89 599 326 656 θείαν
368 599 684 672 οἰκονομίαν
720 601 800 662 εἰς
841 598 1118 652 νουθεσίαν
1150 596 1259 650 τῶν
1301 595 1494 667 ἐφεξῆς
1535 595 1765 667 ἀνεγρὰ-

95 709 379 765 φησαν,
415 693 506 746 ἐπί
534 710 640 747 τινι
668 691 822 762 κακῷ
846 691 944 763 τὴν
971 689 1202 761 σπουδὴν
1225 687 1363 760 ἔχων
1392 687 1765 758 ἐπιδειχθήσε-

93 800 271 850 ται,
308 783 459 839 ἁλλά
483 786 592 848 πᾶς
621 785 802 847 αὐτοῖς
827 785 855 836 6
886 781 1083 845 σκοπὸς
1111 780 1220 835 τῶν
1259 780 1432 850 λόγων
1465 780 1601 852 πρὸς
1629 779 1766 852 διόρ-

103 875 341 931 Basore
372 877 480 948 τῆς
513 874 1000 948 ἐμπολιτευομένης
1030 875 1094 945 τῇ
1126 873 1284 942 φύσει
1327 873 1523 935 κακίας
1557 871 1760 942 βλέπει.

107 967 394 1042 Ὠσπερ
444 969 622 1022 τοίνυν
670 968 700 1020 6
742 965 1031 1036 εὐχόμενος
1070 965 1144 1036 μὴ
1178 960 1316 1017 εἶναι
1345 964 1652 1028 νοσοῦντας,
1691 964 1766 1036 μὴ

113 1055 314 1113 εἶναι
369 1057 781 1128 πτωχεύοντας,
827 1055 887 1108 ού
940 1055 1046 1108 τῶν
1101 1049 1402 1126 ἀνθρώπων
1455 1054 1765 1126 ἀναίρεσιν,

117 1149 311 1204 ἀλλὰ
342 1151 450 1222 τῆς
479 1150 634 1204 νόσου
673 1150 769 1202 καὶ
812 1147 912 1218 τῆς
943 1146 1213 1218 πτωχείας
1239 1145 1542 1216 ἀφανισμὸν
1583 1146 1770 1198 ἐπιθυ-

131 1246 266 1313 μεῖ
314 1243 610 1313 γενέσθαν
650 1236 791 1294 οὕτω
839 1239 933 1294 καὶ
980 1238 1086 1292 τῶν
1125 1237 1296 1308 ἁγίων
1343 1239 1571 1302 ἕκαστος
1607 1238 1666 1292 τὸ
1699 1242 1766 1310 τῇ

127 1335 342 1406 φύσει
407 1333 704 1404 πολέμιον,
765 1332 844 1395 είς
907 1330 1210 1402 ἀφανισμὸν
1267 1330 1438 1384 ἐλθεῖν
1497 1329 1764 1403 εὔχονται.

135 1428 356 1481 Ὀταν
404 1427 512 1497 γὰρ
559 1427 588 1479 6
615 1423 919 1495 Ψαλμῳδδς
967 1423 1128 1496 εἴτι-η’
1175 1424 1562 1478 Ἐκλίποισαν
1589 1425 1772 1493 ἁμαρ-

129 1517 358 1572 τωλοί
402 1515 521 1570 ἀπὸ
563 1513 673 1583 τῆς
706 1511 819 1584 γῆς
861 1512 958 1565 καὶ
993 1509 1223 1581 ἄνομοι,
1262 1510 1418 1564 ὥστε
1452 1510 1537 1581 μὴ
1581 1509 1772 1580 ὑπάρ-

137 1627 312 1679 χειν
344 1609 590 1674 αὐτοὺς,
617 1606 713 1678 τὴν
733 1605 1006 1676 ἁμαρτίαν
1029 1605 1270 1658 ἐκλιπεῖν
1296 1604 1391 1658 καὶ
1418 1605 1517 1675 τὴν
1539 1605 1772 1676 ἀνομίαν

139 1703 429 1774 εὔχεται.
463 1702 536 1755 Οὐ
567 1699 676 1772 γὰρ
716 1699 1000 1770 ἄνθρωπος
1033 1696 1304 1770 ἀνθρώπῳ
1345 1698 1622 1769 πολέμιος,
1656 1697 1771 1753 ἀλλ’

139 1797 192 1866 ὴ
239 1793 401 1849 κατά
433 1793 631 1847 κακίαν
663 1793 758 1863 τῆς
800 1789 1171 1863 προαιρέσεως
1198 1791 1412 1862 κίνησις
1451 1793 1532 1855 είς
1575 1789 1770 1862 ἐχθροῦ

1829 611 1984 667 _rum
2016 594 2162 648 dicta
2187 609 2255 649 ex
2297 594 2480 648 divina
2527 593 2934 664 dispensatione
2976 597 3045 652 ad
3092 608 3434 667 posterorum

1866 687 2267 742 institutionem
2295 688 2608 757 conscripta
2661 687 2812 743 fuere
2837 728 2851 751 ,
2914 689 2980 743 ad
3013 689 3218 744 malum
3262 691 3439 760 quod-

1866 780 2009 851 piam
2035 778 2277 834 studium
2301 794 2462 835 suum
2495 780 2794 836 contulisse
2823 779 3316 850 demonstrabitur;
3343 781 3440 839 sed

1866 879 2015 928 totus
2033 886 2221 928 eorum
2255 885 2457 942 scopus
2487 871 2553 926 ad
2586 871 2949 942 improbitatis
2980 873 3035 927 in
3079 873 3317 928 humana
3341 889 3442 929 na-

1867 972 1990 1019 tura
2015 965 2282 1019 versantis
2323 964 2756 1020 emendationem
2791 966 3035 1036 respicit.
3085 965 3446 1033 Quemadmo-

1867 1056 1996 1112 dum
2026 1058 2073 1112 is
2093 1059 2184 1128 qni
2210 1068 2462 1128 precatur
2476 1074 2582 1112 non
2599 1074 2722 1116 esse
2744 1059 3012 1125 infirmos,
3037 1076 3145 1115 non
3166 1075 3290 1116 esse
3307 1075 3443 1130 pau-

1869 1167 2046 1222 peres,
2081 1168 2189 1207 non
2215 1153 2496 1208 hominum
2529 1153 2978 1215 destructionem.
3023 1152 3119 1208 sed
3161 1153 3446 1208 infirmita—

1869 1249 1980 1298 tem
2033 1252 2513 1316 paupertatemque
2567 1245 2772 1301 aboleri
2824 1245 3060 1314 expetit;
3112 1245 3186 1300 ita
3242 1245 3444 1318 singuli

1872 1343 2186 1391 sanctorum
2217 1336 2362 1408 quod
2411 1345 2624 1392 natura:
2653 1337 2974 1394 adversatur
3003 1339 3072 1394 de
3116 1338 3295 1394 medio
3326 1340 3445 1394 tolli

1871 1427 2167 1498 postulant.
2194 1426 2328 1482 Nam
2367 1442 2489 1482 cum
2524 1427 2810 1484 Psalmista
2843 1429 2938 1494 ait,
2977 1428 3240 1499 Deﬁciant
3262 1445 3449 1499 pecca-

1873 1525 2010 1570 tores
2043 1534 2076 1570 a
2109 1526 2250 1572 terra
2271 1526 2319 1572 et
2346 1517 2534 1589 iniqui,
2562 1519 2639 1572 ita
2672 1528 2728 1572 ut
2759 1535 2863 1573 non
2889 1519 2996 1574 sint
3015 1561 3032 1588 ,
3081 1531 3362 1590 peccatum
3393 1531 3450 1578 et

1873 1606 2214 1677 iniquitatem
2244 1608 2475 1666 deficere
2504 1618 2780 1681 precatur.
2821 1610 2941 1666 Non
2971 1612 3117 1668 enim
3150 1613 3315 1670 homo
3349 1614 3450 1671 ho--

1871 1698 2008 1754 mini
2033 1701 2292 1758 inimicus
2314 1711 2432 1768 est;
2477 1703 2570 1758 sed
2604 1711 2790 1759 motus
2836 1705 3138 1762 voluntatis
3181 1705 3249 1760 ad
3290 1707 3450 1760 mali-

1872 1792 2028 1858 tiam,
2060 1793 2203 1863 quod
2233 1801 2428 1849 natura
2458 1795 2814 1864 conjunctum
2844 1805 2962 1851 erat
2990 1797 3057 1852 ad
3104 1798 3445 1853 inimicitiam

149 1886 341 1953 τάξιν
372 1886 434 1939 τὸ
461 1888 525 1957 τῇ
569 1885 726 1954 φύσει
773 1881 1114 1953 συνημμένον
1147 1882 1468 1953 κατέστησε.
1500 1881 1574 1936 Τὸ
1604 1881 1771 1935 κακὸν

1881 1884 2120 1942 deduxit.
2173 1885 2370 1942 Malum
2403 1887 2570 1959 igitur
2595 1889 2826 1946 deficere
2869 1898 3165 1961 precatur:
3197 1898 3253 1946 at
3286 1891 3451 1948 homo

155 1979 372 2035 τοίνυν
423 1977 662 2032 ἐκλιπεῖν
699 1974 948 2045 εύχεται’
991 1976 1020 2028 6
1061 1973 1117 2027 δὲ
1154 1973 1436 2046 ἄνθρωπος
1479 1973 1646 2027 κακὸν
1671 1972 1773 2025 οὐκ

159 2071 324 2126 ἐστι.
362 2071 487 2135 Πῶς
513 2069 622 2142 γὰρ
653 2069 718 2123 ἂν
747 2068 832 2138 εἴη
859 2066 1028 2120 κακὸν
1056 2065 1150 2119 τοῦ
1179 2065 1383 2135 ἀγαθοῦ
1409 2065 1468 2118 τὸ
1493 2064 1770 2136 ὁμοίωμας

164 2163 385 2228 Οὕτως
419 2163 520 2217 κᾶν
549 2159 810 2233 αἰσχύνην
839 2160 934 2214 καὶ
964 2159 1231 2231 ἐντροπὴν
1256 2158 1364 2212 τῶν
1402 2156 1610 2229 ἐχθρῶν
1642 2174 1775 2211 κατ-

169 2257 458 2328 εύχηται,
507 2254 870 2308 δείκνυσίσοι
916 2252 976 2306 τὸ
1027 2251 1210 2321 στίφος
1247 2250 1356 2304 τῶν
1403 2249 1678 2313 ἐναντίων,
1711 2249 1776 2302 ὲκ

169 2351 283 2404 ’τοῦ
321 2351 555 2422 ἀοράτου
609 2351 674 2420 τῇ
720 2345 1032 2420 ἀνθρωπίνῃ
1084 2343 1604 2416 προσπολεμούντων
1639 2340 1772 2413 ζωῇ.

175 2443 317 2497 Ὅτι
369 2444 425 2496 δὲ
467 2444 566 2496 οὐκ
607 2440 928 2512 ἀνθρώπων,
957 2439 1090 2492 ἀλλά
1121 2437 1387 2508 δαιμόνων
1430 2435 1773 2506 κατεύχεται,

172 2536 343 2609 δηλοί
369 2536 467 2606 τῆς
494 2534 657 2606 εὐχῆς
689 2533 746 2587 τὸ
770 2529 906 2596 εἶδος
934 2548 946 2561 ·
976 2529 1486 2600 Αἱσχυνθήτωσαν
1513 2528 1644 2600 γάρ,
1672 2545 1780 2599 φηα

180 2631 301 2693 civ,
334 2631 391 2682 οἱ
428 2625 741 2695 ζητοῦντες
771 2625 886 2694 τὴν
915 2622 1128 2694 ⁴ψυχήν
1151 2642 1292 2694 μου,
1316 2623 1422 2678 τοῦ
1447 2621 1653 2692 ἐξᾶραι
1681 2621 1781 2675 αὐ·

177 2721 328 2790 τήν.
370 2717 949 2790 Ἀποστραερήτωσαν
975 2719 1062 2784 εἰς
1099 2719 1170 2770 τὰ
1209 2716 1401 2770 ὀπίσω
1446 2715 1542 2768 καὶ
1570 2715 1776 2780 ἐντρα-

183 2815 489 2884 πήτωσαν
529 2817 582 2869 ol
621 2810 899 2878 θέλοντές
941 2829 1043 2880 μοι
1086 2809 1260 2863 κακά.
1299 2808 1779 2878 Κομισὰσθωσαν

187 2907 561 2979 παραχρῆμα
611 2905 912 2977 αἰσχύνην
963 2901 1160 2958 αὐτῶν
1198 2903 1252 2955 οί
1304 2897 1585 2970 λέγοντές
1633 2916 1734 2968 μοι
1762 2939 1777 2962 ,

193 3000 382 3073 Εὖγε,
424 2997 581 3072 εὖγε.
621 2997 1104 3070 Ἀταλλιάσαιντο
1152 2995 1247 3049 καί
1303 2993 1781 3064 εὐφρανθείησαν

191 3096 296 3151 ἐπὶ
323 3095 422 3150 σοί
448 3094 671 3161 πάντες
697 3094 750 3147 οι
780 3088 1091 3159 ζητοῦντές
1125 3103 1219 3154 σε,
1253 3088 1453 3156 Κύριε,
1483 3084 1581 3140 καὶ
1617 3083 1781 3140 εἰπά-

195 3205 406 3244 τωσαν
455 3185 813 3252 διαπαντὸς,
870 3180 1313 3253 Πεγαλυνθήτω
1368 3181 1402 3234 ό
1457 3179 1688 3247 Κύριος,
1727 3181 1780 3233 οἱ

1874 1992 1984 2033 non
2020 1980 2222 2034 malum
2251 1981 2532 2051 quidpiam
2563 1991 2669 2038 est.
2717 1982 3000 2050 Quomodo
3043 1985 3188 2040 enim
3244 1984 3450 2039 malum

1874 2071 2004 2126 boni
2049 2073 2352 2128 similitudo
2400 2073 2596 2129 fuerit?
2648 2073 2726 2129 Ita
2758 2076 3008 2146 quamvis
3063 2075 3344 2131 infamiam
3397 2085 3455 2133 et

1827 2235 1838 2244 ν
1875 2165 2250 2222 confusionem
2275 2167 2516 2223 inimicis
2544 2178 2812 2238 precetur,
2846 2168 2936 2222 hic
2969 2169 3067 2224 tibi
3118 2170 3454 2225 adversario.

1876 2271 2019 2322 rum,
2049 2256 2140 2326 qui
2167 2257 2218 2310 in
2251 2257 2467 2312 occulto
2490 2257 2786 2313 humanam
2813 2263 3069 2313 naturam
3094 2269 3408 2332 oppugnant
3433 2301 3450 2326 ,

1877 2354 2077 2402 emtum
2095 2349 2357 2403 declarat.
2387 2348 2546 2415 Quod
2564 2358 2746 2406 autem
2779 2349 3120 2407 daemonibus
3137 2368 3246 2408 non
3276 2353 3454 2408 homi-

1875 2438 2039 2494 nibus
2068 2438 2420 2509 imprecetur,
2447 2439 2565 2510 ipsa
2599 2440 2866 2497 orationis
2897 2440 3070 2496 forma
3108 2443 3451 2514 comprobat:

1878 2527 2310 2600 Confundantur,
2339 2532 2536 2603 inquit,
2569 2533 2660 2604 qui
2699 2545 2940 2604 quaerunt
2971 2535 3204 2589 animam
3243 2552 3412 2590 meam
3435 2573 3452 2601 ,

1877 2633 1934 2677 ut
1967 2624 2212 2693 auferant
2254 2641 2393 2679 eam.
2443 2625 2829 2682 Convertuntur
2867 2638 3158 2683 retrorsum
3193 2637 3243 2683 et
3273 2629 3459 2684 erube-

1878 2723 2028 2768 scant
2052 2716 2142 2785 qui
2170 2717 2347 2771 volunt
2378 2717 2506 2771 mihi
2531 2720 2696 2773 mala.
2736 2717 2936 2774 Ferant
2967 2719 3247 2789 confestim
3272 2723 3461 2790 confu-

1879 2806 2075 2859 sionem
2105 2823 2259 2861 suam
2285 2809 2374 2878 qui
2403 2807 2584 2863 dicunt
2613 2809 2774 2876 mihi,
2808 2809 2976 2882 Euge,
3001 2829 3149 2884 euge.
3179 2812 3460 2869 Exsultent

1878 2906 1927 2952 et
1948 2897 2190 2953 lwtentur
2219 2900 2272 2954 in
2302 2911 2350 2955 te
2375 2917 2553 2957 omnes
2590 2902 2679 2974 qui
2719 2913 2962 2974 quierunt
3004 2916 3072 2974 te,
3115 2906 3338 2963 Domine
3361 2948 3377 2974 ,
3409 2918 3461 2963 et

1881 2990 2059 3044 dicunt
2083 3007 2315 3062 semper,
2364 2991 2740 3064 Magniﬁcetur
2770 2995 3055 3066 Dominus,
3095 3001 3186 3071 qui
3229 3000 3462 3072 diligunt

1882 3085 2120 3140 salutare
2151 3097 2300 3140 tuum
2322 3085 2386 3140 ⁸ο.
2423 3084 2534 3142 Soli
2567 3089 2768 3160 quippe
2797 3089 3072 3149 daemones
3111 3092 3308 3149 animae
3334 3095 3462 3151 insi-

1885 3176 2108 3232 diantur
2138 3197 2151 3230 :
2188 3177 2384 3233 anima:
2413 3186 2594 3234 autem
2618 3179 2830 3236 insidia:
2855 3189 2984 3237 sunt
3013 3181 3270 3238 alienatio
3299 3200 3329 3239 a
3352 3183 3466 3242 Deo

199 3277 551 3351 ἀγαπῶντες
577 3277 643 3331 τὸ
673 3275 971 3345 σωτήριόν
999 3291 1136 3330 σου.
1168 3273 1333 3328 Μόνοι
1366 3272 1474 3343 γὰρ
1515 3273 1562 3326 οί
1595 3273 1783 3344 δαίμο-

1883 3271 1952 3326 ob
1973 3287 2198 3342 pravum
2232 3273 2398 3328 animi
2431 3272 2722 3330 aﬂ‘ectum.
2745 3273 2814 3328 Ut
2845 3290 2976 3348 ergo
2998 3275 3054 3330 in
3087 3276 3200 3332 haec
3233 3293 3344 3334 non
3381 3279 3466 3334 iu—

202 3389 292 3436 νες
342 3373 422 3435 είς
475 3370 652 3443 ψυχὴν
698 3368 1133 3424 ἐπιϐουλεύουσιο
1185 3366 1360 3439 ψυχῆς
1415 3367 1470 3420 δὲ
1527 3365 1784 3438 ἐπιϐουλὴ

203 3461 340 3517 Θεοῦ
386 3461 733 3535 ἁλλοτρίωσις
780 3460 866 3514 διὰ
904 3458 1004 3531 τῆς
1043 3458 1322 3530 ἐμπαθοῦς
1354 3459 1642 3530 γινομένης
1671 3459 1784 3513 δια-

36 3561 40 3594 ¹
206 3555 424 3620 θέσεως.
469 3555 558 3619 Ὠς
601 3554 667 3608 ἂν
713 3549 804 3608 οὖν
853 3552 927 3626 μὴ
969 3551 1125 3607 τοῦτο
1171 3551 1352 3617 πάθοι,
1391 3551 1651 3624 αἰσχύνην
1679 3552 1785 3606 τῶν

36 3641 41 3688 ί
208 3647 667 3704 ἁντιπαλαιύντων
717 3645 953 3719 εὔχεται.
996 3644 1165 3700 Τοῦτο
1194 3645 1250 3699 δὲ
1283 3645 1434 3700 οὐδὲν
1477 3644 1604 3700 ἄλλο
1640 3644 1786 3698 ἐστὶν

36 3749 40 3780 ι
209 3741 447 3815 ἢὲαυτῷ
493 3740 649 3813 νίκην
697 3739 838 3795 κατὰ
881 3739 990 3795 τῶν
1033 3738 1307 3811 πολεμίων
1345 3737 1702 3806 ἐπεύξασθαι·
1736 3737 1787 3791 oi

36 3847 41 3876 ι
210 3832 267 3890 δὲ
301 3835 548 3908 πολέμιοι
596 3835 665 3889 τά
706 3833 850 3906 πάθη
894 3833 1049 3888 είσίν.
1087 3832 1274 3897 Οῦτως
1313 3833 1580 3905 Ἱερεμίας
1626 3829 1786 3902 ζῆλον

211 3929 307 4000 τῆς
339 3925 642 3992 θεοσεϐείας
669 3926 826 3998 ἔχων,
863 3925 1367 3998 είδωλολατροῦντος
1400 3923 1494 3978 τοῦ
1528 3923 1788 3995 βασιλέως

215 4019 307 4073 καὶ
359 4018 450 4072 τοῦ
503 4017 654 4081 λαοῦ,
684 4017 784 4070 οὐκ
833 4015 964 4070 ἴδιόν
1015 4035 1065 4070 τι
1111 4012 1400 4086 θεραπεύει
1449 4011 1637 4076 πὰθος,
1673 4011 1787 4066 ἀλλ’

217 4106 353 4178 ὕπερ
392 4105 487 4160 τοῦ
541 4105 719 4160 κοινοῦ
764 4105 871 4160 τῶν
920 4103 1220 4178 ἀνθρώπων
1265 4105 1532 4176 προσάγει
1563 4103 1641 4174 τῷ
1671 4101 1790 4173 Θεῷ

217 4198 312 4271 τὴν
347 4197 547 4270 δέησιν,
587 4199 653 4270 τῇ
704 4197 845 4252 κατά
873 4197 980 4251 τῶν
1026 4195 1410 4268 ἀσεϐησάντων
1458 4196 1601 4266 ὁρμῇ
1648 4193 1792 4248 ἁπαν

222 4291 643 4362 σωφρονισθῆναι
688 4290 853 4355 ἀξιῶν
893 4289 953 4342 τὸ
1003 4287 1358 4362 ἀνθρώπινον.
1397 4288 1507 4341 Καὶ
1548 4287 1705 4359 Ὠσηὲ
1736 4286 1793 4340 δὲ

223 4381 611 4452 πολυγονοῦσαν
641 4382 764 4436 τότε
796 4381 892 4452 τὴν
942 4381 1140 4434 κακίαν
1185 4381 1245 4433 ὲν
1287 4382 1399 4444 τοῖς
1435 4377 1794 4450 Ἰσραηλίταις

222 4479 285 4550 τῇ
315 4474 535 4548 ἀτεκνίᾳ
577 4474 949 4540 καταδικάζει,
991 4473 1085 4527 καὶ
1115 4471 1214 4538 τὰς
1258 4470 1460 4543 πικρὰς
1502 4468 1670 4544 θηλὰς
1697 4470 1794 4542 τῆς

1886 3363 2051 3429 cidat,
2078 3365 2406 3422 adversariis
2463 3365 2746 3421 infamiam
2796 3376 3072 3438 precatur.
3131 3370 3269 3426 illud
3331 3387 3464 3429 vero

1885 3455 2024 3512 nihil
2056 3458 2205 3512 aliud
2239 3465 2344 3523 est,
2377 3473 2542 3529 quam
2571 3458 2858 3515 victoriam
2893 3459 2998 3514 sibi
3033 3459 3101 3518 de
3132 3461 3466 3520 adversariis

1887 3549 2207 3620 postulare:
2257 3549 2463 3605 inimici
2513 3567 2642 3606 vero
2694 3559 2825 3608 sunt
2865 3551 3034 3606 animi
3083 3551 3332 3610 aﬂ'cctus.
3375 3551 3470 3610 Sic

1886 3639 2152 3698 Jeremias
2198 3642 2314 3697 zelo
2347 3642 2626 3714 religionis
2667 3643 2992 3714 instructus,
3024 3660 3153 3716 rege
3183 3653 3237 3701 et
3266 3647 3469 3718 populo

1888 3733 2033 3790 idola
2062 3735 2389 3801 colentibus,
2422 3750 2532 3789 non
2588 3737 2918 3805 peculiarem
2965 3735 3256 3807 quemdam
3301 3737 3468 3792 animi

1888 3827 2139 3882 morbum
2178 3835 2356 3894 curat,
2385 3827 2482 3884 sed
2515 3842 2612 3898 pro
2638 3829 2912 3882 communi
2940 3829 3224 3883 hominum
3260 3829 3470 3900 suppli-

1890 3919 2160 3976 cationem
2190 3919 2298 3976 Deo
2323 3918 2500 3988 offert,
2528 3935 2728 3992 rogans
2753 3929 2811 3975 ut
2837 3929 3030 3977 contra
3069 3921 3266 3992 impios
3297 3920 3468 3993 impe-

1890 4019 2005 4066 tum
2042 4012 2238 4080 faciat,
2285 4020 2340 4067 et
2391 4013 2472 4068 sic
2521 4027 2712 4068 omnes
2764 4012 3016 4069 homines
3065 4012 3136 4068 ad
3186 4013 3468 4070 meliorem

1892 4104 2103 4177 frugem
2131 4114 2479 4161 revocentur.
2516 4105 2580 4159 Et
2610 4104 2748 4161 Osee
2777 4106 3041 4160 malitiam
3072 4113 3204 4160 tunc
3225 4105 3366 4176 apud
3393 4103 3472 4160 ls-

1891 4199 2116 4254 raelitas
2155 4213 2276 4254 sese
2304 4197 2781 4269 multiplicantem,
2814 4196 3198 4254 infecunditati
3225 4196 3470 4262 damnat,
3553 4193 3581 4218 ’

1893 4299 1946 4344 et
1972 4289 2199 4346 acerbas
2230 4289 2440 4360 peccati
2465 4304 2728 4346 mammas
2757 4289 3027 4345 exsiccari
3075 4290 3282 4360 expetit
3313 4288 3382 4353 ",
3410 4295 3474 4343 u:

1893 4396 1963 4435 ne
1994 4381 2194 4435 malum
2229 4381 2374 4452 apud
2404 4381 2653 4437 homines
2707 4383 2793 4438 vel
2845 4383 3096 4454 gignatur
3127 4381 3210 4438 vel
3269 4382 3471 4438 alatur.

1896 4471 1974 4526 Ac
2002 4471 2047 4528 si
2083 4472 2208 4542 quis
2236 4474 2376 4530 alius
2411 4473 2555 4544 apud
2605 4483 2828 4530 sanctos
2853 4475 3003 4529 viros
3035 4474 3236 4532 similis
3265 4490 3470 4538 sermo,

224 4569 486 4641 ἁμαρτίας
516 4567 848 4642 ξηρανθῆναι
894 4563 1162 4637 βούλεται,
1190 4564 1265 4628 ὡς
1296 4563 1363 4617 ἂν
1395 4565 1532 4635 μήτε
1560 4562 1783 4617 τίκτοιτι

1898 4565 1992 4621 ira:
2025 4567 2262 4637 speciem
2319 4567 2643 4638 praeferens,
2691 4567 3146 4640 deprehenditur,
3207 4567 3276 4624 ad
3332 4567 3478 4624 hanc

228 4663 281 4715 ὲν
302 4663 405 4727 τοῖς
431 4656 737 4733 ἀνθρώποις
759 4659 819 4712 τὸ
838 4658 1030 4722 κακὸν,
1059 4656 1193 4729 μήτε
1221 4656 1490 4728 τρέφοιτο.
1509 4657 1620 4710 Καὶ
1645 4652 1794 4720 εἴτις

230 4753 372 4818 ἄλλος
419 4754 656 4818 τοιοῦτος
700 4754 758 4807 ὲν
805 4753 914 4816 τοῖς
964 4749 1137 4820 ἁγίοις
1179 4747 1376 4822 εὑρεθῇ
1427 4747 1582 4818 λόγος
1619 4746 1790 4820 θυμοῦ

1897 4673 2127 4728 prorsus
2161 4667 2395 4714 mentem
2439 4659 2698 4731 respicit;
2731 4660 2941 4716 scilicet
2969 4661 3172 4714 malum
3205 4659 3474 4723 eliminat,

1899 4750 2171 4808 hominem
2201 4768 2330 4807 vero
2352 4767 2458 4808 non
2490 4755 2693 4808 atterit.

232 4848 454 4920 ἔμφασιν
494 4849 651 4922 ἔχων,
706 4849 843 4922 πρὸς
888 4847 984 4921 τὴν
1020 4844 1276 4918 τοιαύτην
1308 4846 1522 4910 πάντως
1553 4845 1792 4900 διάνοιαν
1821 4845 2033 4916 βλέπει,
2067 4849 2100 4919 ἢ
2163 4848 2392 4920 ἐξορίζει
2434 4849 2497 4902 τὸ
2544 4849 2740 4903 κακόν·
2774 4849 2872 4904 οὐκ
2933 4848 3198 4921 ἐπιτρίϐει
3243 4847 3334 4903 τὸν
3386 4847 3479 4902 ἄν·

235 4946 451 5019 θρωπον.

301 5065 431 5119 me
459 5079 542 5128 τις
571 5064 768 5135 ἑτέρως
803 5065 869 5118 τὰ
918 5065 1012 5118 τοῦ
1059 5063 1222 5117 Δαυῖδ
1259 5065 1399 5118 νοεῖν
1431 5063 1697 5135 βούλεται,
1725 5064 1802 5127 ὡς

1969 5061 2124 5129 Quod
2157 5062 2204 5117 si
2247 5061 2373 5132 quis
2403 5061 2505 5114 alia
2557 5060 2768 5116 ratione
2825 5058 3050 5116 Davidis
3086 5060 3233 5115 dicta
3279 5059 3484 5117 intell'i"

237 5155 321 5210 τοῦ
356 5156 641 5226 Προφήτω
681 5155 806 5218 τοὺς
854 5156 1142 5228 δυσσεϐείᾳ
1177 5157 1454 5222 συζῶντας
1481 5157 1642 5227 ἀραῖς
1672 5155 1783 5209 ὑπο

1897 5168 2026 5224 gere
2062 5152 2211 5216 velit,
2243 5152 2316 5206 ita
2347 5159 2406 5206 ut
2430 5149 2700 5220 Propheta
2725 5165 2821 5206 eos
2862 5151 2956 5222 qui
3005 5151 3058 5204 in
3091 5149 3368 5220 impietate
3397 5151 3483 5204 vi-

240 5249 504 5312 θάλλοντος
527 5265 540 5279 ο
577 5248 670 5303 καὶ
702 5247 873 5312 οὕτως
910 5249 1134 5321 εὑρήσει
1173 5252 1238 5321 τῇ
1278 5248 1610 5320 ἀποστολικῇ
1655 5248 1802 5302 διδα-

1903 5253 2034 5300 vunt
2083 5243 2446 5300 exsecrationi
2500 5243 2795 5313 subjiciat:
2849 5243 2921 5297 ita
2967 5257 3186 5313 quoque
3242 5241 3486 5298 inveniet

243 5340 419 5413 σκαλίᾳ
448 5341 548 5412 τὴν
589 5341 924 5413 προφητείαν
966 5342 1390 5412 συμϐαίνουσαν.
1440 5341 1648 5407 Παῦλος
1692 5341 1783 5414 γὰε

1899 5337 2243 5410 prophetiam
2267 5351 2391 5392 cum
2421 5337 2722 5408 apostolica
2746 5335 2996 5390 doctrina
3017 5334 3306 5405 quadrare.
3338 5333 3484 5389 Pau-

244 5433 526 5505 Κορινθίοις
556 5432 902 5498 ἐπιστέλλων,
933 5433 1171 5488 τοιοῦτον
1200 5434 1606 5508 ἀκροτελεύτιον
1633 5433 1807 5488 τέθει-

245 5546 344 5584 κενο
364 5530 435 5582 ΕΖ
454 5547 544 5593 τις
569 5531 640 5584 οὐ
665 5528 831 5598 φιλεῖ
851 5527 955 5582 τὸν
980 5531 1197 5597 Κύριον
1227 5531 1480 5599 Ἰησοῦν,
1509 5528 1630 5598 ἤτω
1657 5527 1801 5582 ἀνά-

247 5625 390 5691 θεμα.
419 5621 576 5675 ’ῐδιον
613 5621 722 5692 γὰρ
750 5619 857 5676 τῶν
891 5620 1109 5692 θερμῶς
1147 5621 1484 5691 ἀγαπώντων
1523 5620 1585 5675 τὸ
1623 5622 1802 5692 μισεῖν

247 5716 353 5777 τοὺς
401 5713 689 5784 μισοῦντας
719 5712 810 5767 τὸν
872 5712 1252 5784 ἀγαπώμενον.
1289 5714 1440 5785 Τάχα
1475 5713 1534 5767 δὲ
1569 5712 1664 5766 καὶ
1703 5711 1803 5784 τὴν

1899 5433 1987 5488 lus
2023 5433 2226 5504 quippe
2263 5430 2563 5487 Corinthiis
2601 5430 2871 5494 scribens,
2897 5429 3001 5483 hoc
3031 5427 3194 5483 modo
3228 5427 3434 5484 claudit
3466 5448 3482 5486 :

1908 5525 1968 5582 Si
1995 5527 2112 5599 quis
2139 5543 2242 5581 non
2274 5536 2418 5580 amat
2445 5525 2729 5580 Dominum
2773 5523 2976 5585 Iesum,
3006 5523 3290 5576 anathema
3321 5520 3389 5575 sit
3415 5523 3485 5579 ".-

1909 5617 2043 5672 Nam
2091 5633 2281 5674 eorum
2338 5619 2450 5690 qui.
2495 5617 2746 5672 ardenter
2793 5623 2975 5668 amant
3035 5614 3313 5684 proprium
3359 5621 3486 5679 ost,-

1909 5711 2092 5767 odisse
2121 5726 2217 5766 eos
2247 5709 2341 5782 qui
2370 5709 2627 5766 dilectum
2657 5706 2781 5762 odio
2814 5706 3034 5762 habent.
3066 5702 3322 5762 Fortasse
3358 5703 3490 5759 item

313 5869 349 5902 δ’
382 5867 524 5927 Psal.
559 5885 759 5937 nux,
797 5871 980 5926 ιιι-17.
1058 5873 1101 5903 ⁸ο
1141 5869 1267 5926 Ose.
1307 5889 1392 5936 Ix,
1427 5872 1510 5926 Η.
1589 5872 1630 5904 ⁸⁸
1677 5869 1694 5924 l
1728 5870 1783 5926 Ct

1893 5885 1978 5923 ut
2002 5909 2014 5931 ,
2059 5863 2147 5920 ‘22.
