3954 7146
508 356 648 414 ωε

506 566 1000 640 Davidsigniﬁcat,
1033 565 1254 638 quando
1297 564 1434 621 dicit
1490 566 1659 622 laetari
1707 567 1998 623 Dominum
2029 568 2085 622 in

504 662 763 733 operibus
818 661 970 725 suis,
1014 657 1397 716 deﬁcientibus
1449 660 1828 729 peccatoribus
1856 676 1886 714 a
1921 668 2084 716 terra.

503 752 789 824 Quomodo
817 753 964 809 enim
1023 751 1149 822 quis
1203 765 1236 803 a
1297 756 1524 820 peccato
1559 749 1981 818 denominetur,
2038 749 2086 806 si

503 856 790 920 peccatum
851 859 960 899 non
1020 843 1219 898 fuerit?
1266 840 1393 896 Haec
1447 848 1507 897 tu
1552 857 1771 913 quoque
1824 856 2083 913 precare:

503 941 690 1013 Aperi,
727 938 971 1004 Domine,
1002 936 1224 992 divitem
1266 951 1486 992 manum
1512 946 1660 990 tuam
1689 935 1756 991 nd
1784 936 2085 1007 spiritualis

503 1030 751 1089 beneﬁcii
777 1027 1275 1101 diSpensationem;
1309 1033 1368 1080 ut
1389 1025 1731 1082 amarissima
1759 1035 1813 1082 et
1845 1025 2085 1082 crudelis

503 1125 685 1180 anima
745 1137 863 1178 mea
917 1121 1210 1191 impleatur
1269 1119 1559 1174 bonitate:
1621 1118 1776 1173 mitte
1818 1115 2083 1189 Spiritum

502 1224 755 1271 sanctum
790 1224 966 1278 tuum,
987 1221 1044 1269 et
1071 1225 1275 1268 renova
1303 1218 1616 1282 corruptam
1639 1217 1841 1265 terram
1872 1224 2082 1278 meam;

502 1316 563 1361 ut
601 1316 729 1360 tunc
757 1306 908 1360 laeter
931 1305 986 1358 in
1016 1303 1276 1374 operibus
1314 1303 1444 1366 tuis,
1473 1301 1760 1359 diabolicis
1792 1302 2083 1374 praestigiis

502 1400 557 1454 in
591 1399 757 1455 corde
788 1413 908 1452 meo
935 1394 1334 1452 deﬁcientibus.

573 1580 821 1648 Benedic,
851 1581 1031 1633 anima
1060 1595 1198 1642 mea,
1221 1577 1470 1632 Domino.
1488 1575 1756 1634 Omnibus
1775 1591 1899 1632 cum
1922 1576 2086 1633 laude

501 1672 796 1735 absolutis,
847 1672 902 1725 in
952 1668 1146 1726 eodem
1199 1668 1474 1724 versiculo
1521 1668 1792 1739 psalmum
1855 1667 2084 1724 benedi-

501 1768 682 1822 ctione
711 1763 939 1831 claudit,
968 1777 1036 1818 ac
1065 1769 1191 1832 post
1219 1761 1428 1833 jactum
1471 1759 1887 1816 fundamentum
1907 1802 1923 1827 ,
1961 1776 2080 1816 ser-

1211 353 1483 412 EUSEBII
1520 355 1997 414 CESARIENSIS
2033 355 2184 413 OPP.
2225 355 2407 413 PARS
2443 355 2534 416 Ill.
2576 387 2638 400 -—
2683 356 3097 416 EXEGETICA.

506 485 709 535 statum
740 473 834 546 qui
877 481 1004 546 post
1053 472 1516 531 resurrectionem
1550 473 1770 530 futurus
1823 481 1942 541 est,
1995 475 2076 531 hic

2191 475 2330 546 μετὰ
2387 474 2486 547 τὴν
2525 474 2821 528 ἀνάστασιν
2865 475 2956 528 διὰ
2994 474 3206 529 τούτων
3247 475 3275 530 6
3313 474 3486 530 Δαυῖδ
3533 479 3832 546 σημαίνει
3885 473 3888 476 ’

3881 279 3886 314 ι

3685 361 3888 419 1236'

2189 569 2544 630 κατάστασιν,
2580 570 2670 622 ὅτε
2717 569 2811 622 καὶ
2861 568 3244 640 εὐφραίνεσθαι
3293 568 3387 622 τὸν
3445 569 3704 640 Κύριον
3745 572 3832 622 ἐπὶ

2185 662 2301 724 τοῖς
2332 659 2515 731 ἔργοις
2539 659 2704 713 αὐτοῦ
2733 659 2904 728 λέγει,
2940 660 3268 714 ἐκλιπόντων
3299 661 3410 715 τῶν
3443 661 3832 733 ἁμαρ-ὠ,

2187 751 2294 805 ἀπὺ
2317 753 2417 823 τῆς
2448 751 2574 822 γῆς.
2608 752 2734 817 Πῶς
2758 752 2867 824 γάρ
2892 770 2975 816 τις
3013 751 3073 818 ἐξ
3099 754 3375 825 ἁμαρτίας
3399 752 3829 823 ὀνομασθήσε-

2184 860 2299 910 ται,
2355 845 2456 916 τῆς
2493 845 2766 918 ἁμαρτίας
2810 845 2912 898 οὐκ
2972 844 3178 915 cbo-qq;
3221 845 3468 899 Τοιαῦτα
3503 844 3705 915 εὐχςευ
3737 849 3828 897 καί
3887 844 3893 918 j

2189 937 2253 992 σύ
2274 956 2288 969 ⁶
2311 937 2581 1005 Ἀνοιξον,
2598 937 2793 1011 Κύριε,
2810 939 2909 1012 τὴν
2931 939 3189 993 πλουσίαν
3215 957 3306 992 σου
3325 943 3494 1010 χεῖρα
3518 940 3618 1001 εἰς
3647 956 3824 1010 Ioer-

2185 1031 2313 1100 γίαν
2343 1031 2719 1104 πνευματικῆς
2757 1032 3078 1104 εὐεργεσίας
3099 1047 3113 1062 ⁶
3149 1033 3238 1086 ἵνα
3266 1035 3299 1104 ἡ
3346 1034 3700 1103 turpata-:1;
3735 1035 3824 1086 ni

2184 1125 2402 1198 ἀπηνής
2429 1141 2528 1197 μου
2569 1123 2718 1198 ψυχὴ
2757 1125 2972 1199 πλησθῇ
3013 1126 3397 1198 χρηστότητος.
3435 1126 3819 1180 ’Δπύστεελςιο

2183 1215 2246 1270 τδ
2278 1215 2505 1288 Πνεῦμά
2528 1233 2622 1270 σου
2657 1217 2721 1271 τὸ
2749 1216 2925 1288 ἅγιον,
2958 1217 3054 1271 καὶ
3092 1216 3446 1271 άνακαίνισον
3488 1215 3606 1287 τὴν
3653 1234 3818 1268 κατε-

2186 1307 2504 1380 φθαρμένην
2534 1326 2636 1380 μου
2665 1311 2791 1381 γῆν,
2821 1309 2908 1363 ἴνα
2949 1309 3070 1363 τότε
3112 1307 3400 1380 εὐφρανθῶ
3425 1309 3537 1361 ἐπὶ
3559 1311 3700 1371 τοῖς
3731 1310 3816 1378 ἐρ-

2184 1415 2302 1467 γθις
2328 1417 2442 1466 σου,
2476 1401 2586 1455 τῶν
2625 1401 2959 1474 δαιμονικῶν
3007 1402 3496 1472 μαγγανευμάτων
3545 1402 3816 1454 ἐκλιπέτ-

2183 1509 2292 1547 των
2321 1487 2429 1546 ἀπὸ
2454 1494 2552 1565 τῆς
2583 1494 2808 1566 καρδίας
2839 1511 2960 1565 μου.

2252 1585 2521 1655 Eulog—st,
2546 1581 2585 1654 ἡ
2612 1585 2783 1656 ψυχή
2808 1603 2947 1655 μου,
2979 1584 3087 1640 τὸν
3111 1585 3350 1654 Κύριον.
3381 1583 3689 1638 Ἐνταῦθα
3721 1602 3810 1636 xz-

2182 1674 2423 1740 ταλύσας
2453 1676 2514 1730 τὸ
2545 1677 2653 1730 πᾶν
2687 1678 2768 1741 είς
2798 1676 3125 1746 δοξολογίαν,
3157 1679 3234 1741 είς
3260 1677 3562 1747 εὐφημίαν
3725 1677 3812 1728 αὖ·

2182 1766 2262 1838 τῷ
2293 1767 2461 1840 στίχῳ
2497 1766 2772 1838 συγκλείει
2804 1769 2895 1822 τὸν
2920 1768 3155 1840 ψαλμὸν,
3211 1768 3428 1839 ἀσφαλῆ
3491 1767 3658 1839 μετὰ
3725 1767 3810 1820 es;

502 1859 652 1914 moni
683 1865 890 1912 tectum
921 1829 1186 1925 imposuit
1207 1829 1236 1918 ,⁷
1255 1867 1320 1910 ac
1364 1853 1634 1924 prommio
1688 1860 2076 1924 congruentem

2186 1829 2444 1930 θεμελίου
2462 1858 2554 1913 τὸν
2576 1829 2786 1933 ’ὄροφον
2810 1829 3017 1925 ἐπιθεὶς
3035 1829 3121 1932 τῷ
3143 1829 3318 1932 λόγῳ,
3347 1829 3446 1914 καλ¹
3614 1877 3812 1931 προει-

501 1952 666 2006 ﬁnem
698 1947 936 2004 induxit.
968 1944 1054 2001 Tu
1081 1945 1252 2011 enim,
1291 1944 1494 2016 inquit,
1529 1959 1564 1998 o
1595 1945 1779 1998 anima
1832 1942 2082 2014 opiﬁcem

502 2055 567 2097 ac
590 2039 932 2096 Salvatorem
956 2045 1114 2093 tuum
1143 2035 1365 2093 assidue
1395 2035 1613 2108 hymnis
1643 2035 1939 2092 celebrato.
1964 2032 2085 2105 lpse

503 2149 739 2206 namque
772 2141 827 2188 te
867 2148 898 2186 a
931 2138 1081 2186 sorte
1124 2129 1499 2201 improborum
1529 2127 1822 2191 amovebit,
1869 2137 1922 2182 et
1952 2143 2083 2182 san-

502 2239 720 2283 ciorum
749 2226 1033 2283 consortio
1063 2224 1285 2298 dignam
1314 2222 1701 2280 eﬁiciet."l‘um
1734 2223 1792 2277 in
1827 2221 2080 2288 exordio,

503 2336 617 2381 tun
663 2326 717 2380 in
775 2324 882 2379 ﬁne
928 2323 1200 2379 sermonis
1237 2323 1343 2392 ipsi
1379 2320 1816 2378 benedictionem
1863 2320 2084 2374 emittas

500 2419 635 2473 Nam
661 2416 886 2474 assidua
937 2413 1030 2470 Dei
1061 2413 1370 2472 benedictio
1403 2412 1474 2468 ad
1517 2418 1731 2468 rectum
1770 2411 2082 2466 institutum

500 2511 668 2566 vitam
693 2508 991 2565 concinnat
1027 2513 1298 2562 nostram.

1034 2617 1405 2676 ALLELUIA.
1446 2615 1584 2675 CW.

569 2713 737 2772 Vens.
775 2716 829 2778 1,
859 2714 915 2770 2.
956 2711 1298 2784 Conﬁtemini
1350 2712 1594 2773 Domina,
1623 2719 1673 2766 et
1704 2712 1945 2766 invocata
1985 2726 2083 2765 no-

497 2823 617 2862 men
640 2807 777 2878 ejus,
796 2808 1110 2862 annuntiate
1141 2805 1280 2859 inter
1307 2813 1485 2876 gentes
1509 2819 1668 2874 opera
1696 2803 1830 2873 ejus.
1854 2802 2082 2858 Cautate

497 2901 547 2956 ei
581 2910 629 2954 et
677 2897 894 2968 psallite
939 2897 1010 2963 ei,
1031 2906 1250 2951 narrate
1292 2896 1470 2950 omnia
1498 2894 1772 2949 mirabilia
1799 2895 1934 2964 ejus.
1980 2894 2080 2951 Hic

498 2992 746 3062 psalmus
777 2989 992 3062 primus
1020 3004 1211 3044 eorum
1251 2996 1337 3044 est
1367 2987 1462 3058 qui
1505 2988 1738 3041 Alleluia
1769 2987 2079 3042 inscribun-

500 3095 607 3140 tur.
655 3083 749 3140 Est
811 3090 994 3138 autem
1055 3081 1287 3138 Alleluia
1355 3081 1669 3136 adhortatio
1722 3083 1976 3154 mystica,
2008 3082 2078 3137 ad

499 3185 667 3234 neum
710 3175 1045 3234 laudandum
1077 3190 1267 3231 aurem
1304 3174 1554 3232 excitans
1576 3213 1591 3239 ,
1633 3174 1709 3228 ita
1743 3182 1803 3229 ut
1839 3173 1962 3228 haec"
2004 3175 2077 3228 sit

495 3273 618 3343 ejus
644 3271 994 3342 signiﬁcatio,
1023 3268 1266 3323 Laudate
1291 3267 1602 3325 Dominum.
1625 3265 1762 3321 Nam
1791 3266 1845 3321 in
1875 3267 2076 3337 quibus

497 3373 704 3422 sancta:
758 3362 1059 3434 Scriptura:
1114 3361 1366 3433 partibus
1411 3360 1527 3415 haec
1582 3375 1685 3415 vox
1744 3360 2073 3430 apponitur,

497 3455 740 3511 Laudare
785 3451 1104 3520 Dominum,
1150 3449 1437 3507 Hebraicis
1476 3451 1660 3506 verbis
1702 3467 1798 3522 per
1841 3450 2078 3504 Alleluia

496 3544 844 3616 exprimitur.
872 3542 978 3598 Per
1004 3539 1139 3597 illud
1171 3541 1316 3598 enim
1349 3541 1545 3608 Allelu,
1575 3542 1696 3596 laus
1725 3541 2074 3614 intelligitur,

495 3654 617 3709 qua:
647 3635 713 3693 ad
755 3635 923 3692 Deum
949 3635 1220 3704 refertur;
1271 3634 1405 3689 illud
1439 3643 1621 3690 autem
1653 3634 1742 3700 1a,
1778 3651 1949 3690 unum
1992 3643 2078 3692 est

493 3748 562 3786 ex
615 3730 936 3787 nominibus
989 3729 1148 3800 queis
1208 3728 1395 3784 divina
1456 3735 1654 3783 natura
1711 3729 2073 3801 signiﬁcatur.

493 3820 692 3875 Totum
749 3835 878 3875 vero
927 3819 1160 3874 Alleluia
1219 3821 1528 3890 explicatur
1587 3820 1705 3874 laus
1767 3818 1884 3874 Dei.
1934 3821 2073 3875 Cum

493 3914 679 3984 itaque
725 3913 830 3969 hoc
878 3927 1081 3969 nomen
1131 3912 1459 3985 inscriptum
1488 3914 1545 3970 in
1585 3913 1891 3986 psalmodia
1919 3928 2076 3984 repe-

492 4007 666 4074 ritur,
698 4013 833 4061 tunc
869 4005 1282 4079 intelligendum
1306 4016 1392 4063 est
1423 4006 1478 4062 id
1523 4007 1671 4078 quod
1724 4007 2076 4078 subjungitur

431 4173 438 4178 ν
492 4098 559 4153 ad
590 4099 805 4154 laudem
839 4097 934 4154 Dei
966 4113 1282 4169 provocare.
1310 4099 1404 4155 Sic
1437 4101 1490 4156 in
1523 4101 1817 4171 postremis
1839 4099 2078 4157 maxime

493 4190 619 4245 libri
659 4191 909 4262 psalmis,
939 4192 1094 4247 multi
1145 4192 1463 4262 huiusmodi
1508 4193 1650 4247 tituli
1687 4194 2072 4264 reperiuntur:

488 4280 650 4350 queis
685 4279 990 4352 intelligere
1013 4281 1141 4338 licet
1164 4283 1268 4346 eis,
1305 4283 1402 4353 qui
1434 4283 1502 4338 ad
1535 4283 1756 4338 virtutis
1789 4283 2077 4354 perfectio-

491 4390 617 4430 nem
649 4374 763 4445 jam
801 4375 1144 4430 devenerunt
1171 4383 1225 4430 et
1249 4375 1342 4446 qui
1375 4391 1406 4431 a
1440 4376 1877 4446 praecedentibus
1924 4375 2075 4448 psal-

490 4469 688 4524 modiae
747 4469 1036 4540 partibus,
1091 4470 1394 4525 secundum
1459 4470 1786 4525 sententiam
1857 4468 2073 4541 purgati

491 4567 642 4628 sunt,
677 4559 775 4616 Dei
825 4560 1016 4617 laudes
1051 4562 1392 4617 convenire:
1442 4569 1606 4632 atque
1647 4575 1712 4616 ea
1756 4561 2074 4616 conditione

2187 1953 2295 2025 μίῳ
2319 1953 2494 2017 ἐοικὸς
2513 1953 2575 2006 τὸ
2595 1953 2744 2017 τέλος
2773 1953 3087 2021 ἐπαγαγών.
3113 1953 3184 2006 Σὺ
3217 1953 3347 2024 γάρ,
3383 1953 3593 2023 φησιν,
3629 1944 3685 2005 ὦ
3713 1953 3810 2019 ςυ-

2183 2045 2274 2116 χὴ,
2311 2045 2601 2118 ἐνδελεχῶς
2633 2047 2723 2100 τὸν
2753 2041 2843 2099 σὸν
2862 2045 3019 2118 ὐμνει
3042 2045 3371 2118 δημιουργὸν
3399 2046 3500 2099 καὶ
3537 2043 3806 2115 ἓως-ἦρα.
3881 2041 3886 2108 1

2182 2135 2354 2200 Αὐτὸς
2384 2137 2492 2208 γάρ
2512 2131 2607 2190 καὶ
2642 2137 2737 2190 τοῦ
2762 2137 2872 2190 τῶν
2913 2135 3167 2208 πονηρῶν
3198 2137 3509 2207 ἀποστήσει
3563 2134 3806 2206 κλήρων

2182 2233 2280 2284 καί
2307 2203 2417 2283 τῶν
2434 2203 2605 2299 άγίων
2636 2229 2917 2294 ἀξιοῦσθαι
2943 2203 3180 2301 ποιῆσει.
3212 2231 3324 2282 Καὶ
3357 2203 3552 2300 ἀρχὴν
3585 2203 3806 2282 16-
3871 2203 3893 2301 H1

2183 2340 2280 2393 γου
2316 2323 2411 2376 καὶ
2439 2322 2591 2387 τέλος
2621 2323 2720 2393 τὴν
2747 2325 2828 2388 είς
2861 2321 3024 2378 αὐτὸν
3057 2322 3304 2392 εὐλογίαν
3333 2321 3522 2376 ποιοῦ.
3557 2323 3802 2391 Εὐλογία

2182 2411 2289 2484 γάρ
2312 2411 2448 2465 Θεοῦ
2473 2412 2727 2485 διηνεκὴς
2759 2415 2841 2477 είς
2867 2411 3100 2478 εὐξωῒαν
3124 2411 3374 2484 ῥυθμίζει
3399 2412 3496 2466 τύν
3514 2415 3804 2485 ἡμέτερον

2184 2503 2324 2575 βίον.

2641 2617 3087 2673 ’ΔΛΛΗΛΟΥΙΑ.
3121 2619 3241 2674 PA'.

2262 2709 2754 2782 Ἐεομολογεῒσθε
2785 2709 2868 2777 τῷ
2896 2712 3113 2780 Κιφίῳ,
3140 2711 3238 2766 καί
3275 2710 3697 2767 ἐπικαλεῖσθε
3737 2713 3796 2766 τὲ

2182 2802 2370 2872 ἄνομα
2397 2801 2607 2857 αὑτοῦ·
2635 2802 3035 2873 ἀπαγγείλατε
3052 2803 3124 2857 ἐν
3152 2802 3277 2870 τοῖς
3302 2802 3514 2859 ἔθνεσι
3546 2805 3635 2858 τὰ
3655 2804 3798 2872 ἔργα

2179 2894 2385 2950 αὐτοῦ.
2445 2896 2666 2966 ’ᾼσατε
2723 2895 2883 2962 αὐτῷ
2937 2895 3030 2950 καί
3060 2895 3295 2966 siquam
3325 2895 3513 2962 αὐτῷ,
3583 2895 3796 2967 διηγή-

2178 2989 2373 3040 σασθε
2397 2985 2592 3040 πάντα
2612 2988 2684 3041 τὰ
2719 2986 3018 3058 θαυμάσια
3046 2987 3253 3043 αὐτοῦ.
3273 2988 3394 3042 Τῶν
3425 2988 3792 3060 ἐπιγεγραμ-

2183 3078 2362 3149 μένων
2395 3079 2760 3145 Ἀλληλούτα
2777 3078 2992 3151 πρῶτος
3005 3082 3032 3134 ὁ
3045 3079 3234 3152 παρὼν
3255 3080 3517 3153 τυγχάνει
3539 3081 3790 3154 ψαλμξξ.

2183 3171 2338 3224 Ἐστι
2360 3169 2416 3224 δὲ
2434 3171 2494 3224 τὸ
2512 3170 2828 3243 ’Δλληλούῑα
2848 3173 3248 3246 παρακέλευσις
3263 3175 3502 3246 μυστικὴ
3521 3175 3683 3247 πρὸς
3695 3177 3787 3247 τὴν

2177 3263 2272 3318 τοῦ
2305 3262 2439 3317 Θεοῦ
2474 3263 2747 3336 ὑμνῳδίαν
2773 3263 2872 3337 τὴν
2893 3265 3064 3336 ἀκοὴν
3077 3265 3459 3340 ἐπεγείρουσα⁸
3489 3266 3591 3321 ἵνα
3616 3265 3788 3320 τοιοῦ-

2178 3352 2328 3430 τονῇ
2367 3354 2561 3408 τούτου
2600 3355 2661 3409 τὺ
2688 3356 3103 3427 σημαινόμενον,
3135 3357 3363 3412 Αἰνεῖτε
3385 3357 3496 3412 τὸν
3530 3360 3786 3427 Κύριον.

2190 3445 2280 3500 Ἐν
2296 3440 2379 3512 οἷς
2409 3447 2520 3520 γὰρ
2552 3447 2741 3519 μέρεσι
2767 3446 2867 3518 τῆς
2892 3448 3053 3518 άγίας
3086 3450 3307 3524 Γραφῆς
3331 3448 3480 3522 αὕτη
3503 3451 3780 3523 πρόσκει-

2176 3555 2268 3592 ται
2325 3541 2362 3611 ἡ
2405 3540 2580 3611 φωνὴ,
2604 3541 2641 3610 ἡ
2681 3538 2938 3608 λέγουσα,
2981 3539 3211 3594 Αὶνεῒτε
3243 3543 3350 3595 τὸν
3389 3543 3652 3611 Κύριον,
3701 3543 3784 3596 διὰ

2176 3633 2273 3688 τοῦ
2300 3635 2664 3704 Ἀλληλοιπα
2696 3636 2754 3687 ἐν
2778 3638 2901 3700 ταῖς
2940 3631 3255 3709 Ἑόραῖκαῖς
3279 3639 3484 3707 φωναῖς
3505 3637 3574 3691 τὸ
3604 3638 3782 3693 τοιοῦ-

2175 3742 2268 3779 τον
2289 3727 2634 3798 σημαίνεται.
2654 3727 2728 3780 Τὸ
2745 3727 2845 3798 μὲν
2881 3728 3180 3796 Ἁλληλοὺ
3203 3724 3350 3793 αἶνος
3371 3732 3603 3796 νοεῖται,
3629 3731 3694 3795 ὃς
3707 3732 3782 3795 εἰς

2176 3819 2310 3872 Θεὸν
2339 3821 2438 3892 τὴν
2470 3820 2752 3892 ἀναφορὰν
2765 3820 2896 3892 ἔχει·
2925 3821 3056 3875 τὸδὲ
3091 3823 3184 3877 Ἴα
3215 3822 3272 3876 ἓν
3303 3821 3410 3876 τῶν
3441 3824 3780 3895 ἑρμηνευτι-

2175 3911 2290 3966 κῶν
2337 3913 2439 3984 τῆς
2475 3912 2692 3984 φύσεως
2739 3914 2841 3985 τῆς
2898 3914 3049 3979 θείας
3081 3916 3230 3969 ἐστὶν
3272 3916 3462 3988 ὄνομα.
3510 3917 3686 3970 Ὄλον
3723 3918 3780 3972 δὲ·

2176 4006 2334 4076 κοινῇ
2347 4003 2428 4068 τὸ,
2447 4005 2823 4074 Ἁλληλούῖα,
2842 4000 3022 4072 Ᾱῖνος
3039 4006 3188 4062 Θεοῦ
3204 3991 3586 4080 ἑρμηνεύεται.
3607 4011 3776 4066 Ὅταν

2173 4097 2354 4150 τοίνυν
2374 4097 2532 4151 τοῦτο
2555 4097 2616 4151 τὸ
2645 4099 2796 4170 ῥῆμα
2828 4099 3325 4171 προγεγραμμένον
3409 4101 3512 4173 τῆς
3533 4101 3771 4175 ψαλμῳ-

2173 4188 2317 4253 δίας,
2343 4189 2560 4261 νοητέον
2587 4189 2652 4244 ἂν
2700 4191 2785 4263 εἴη
2816 4191 2880 4245 τὸ
2915 4191 3025 4246 δεῖν
3057 4190 3276 4257 πάντως
3302 4191 3364 4246 τὸ
3401 4192 3778 4267 ὑποκείμενον

2174 4282 2260 4346 είς
2285 4281 2592 4352 δοξολογίαν
2614 4282 2772 4352 ἄγειν
2798 4282 2957 4337 Θεοῦ.
2987 4282 3144 4338 οὕτω
3172 4285 3268 4338 καὶ
3297 4287 3410 4349 τοῖς
3436 4284 3771 4350 τελευταίοις

2178 4375 2414 4446 μάλιστα
2428 4378 2528 4448 τῆς
2560 4376 2744 4448 βίϐλου
2762 4377 2868 4431 τῶν
2893 4376 3124 4449 ψαλμῶν
3153 4379 3210 4432 αἱ
3239 4377 3430 4432 πολλαὶ
3461 4378 3576 4433 τῶν
3594 4380 3768 4434 τοιού-

2173 4485 2281 4522 των
2303 4469 2610 4544 ἐπιγραφαὶ
2653 4471 3095 4543 ἐφευρίσκονται,
3128 4471 3196 4525 δι’
3227 4463 3304 4526 ῶν
3345 4471 3495 4526 ἐστιν
3543 4475 3770 4538 ἐννοεῖν,

2175 4569 2386 4633 ὅτιτοῖς
2415 4565 2516 4639 ἥδη
2549 4564 2687 4637 πρὸς
2709 4564 2771 4618 τὸ
2790 4559 2996 4618 τέλειον
3013 4562 3252 4633 φθάσασι
3275 4563 3376 4636 τῆς
3407 4566 3532 4618 κατ’
3563 4565 3765 4638 ἀρετὴν

491 4651 616 4707 illos
647 4666 772 4707 esse
792 4667 902 4722 qua
930 4651 1248 4723 angelorum
1279 4662 1475 4707 natura
1498 4669 1621 4708 esse
1646 4653 1910 4708 creditur.
1933 4651 2069 4707 Nul-

2180 4627 2471 4724 πολυιείας,
2642 4627 2732 4711 διὰ
2762 4655 2870 4711 τῶν
2911 4627 3291 4729 προλαϐόντων
3323 4627 3421 4728 σῆς
3447 4627 3768 4729 ψαλμιρδίας

490 4745 598 4799 lam
651 4745 800 4800 enim
847 4745 1009 4799 aliam
1071 4761 1262 4800 eorum
1316 4746 1732 4818 occupationem
1777 4745 2072 4803 didicimus

487 4849 635 4903 esse,
661 4851 823 4908 quam
846 4836 1018 4893 Deum
1041 4838 1303 4906 laudare;
1334 4855 1512 4910 neque
1546 4839 1618 4896 iis
1649 4840 1745 4911 qui
1777 4839 1835 4894 in
1867 4841 2072 4897 virtute

487 4929 715 5000 perfecti
765 4937 895 4984 sunt
921 4929 1028 4986 alia
1068 4947 1200 4988 cura
1233 4941 1289 4987 et
1334 4932 1579 4987 studium
1636 4941 1761 4999 est,
1793 4949 1960 5005 quam
2011 4943 2071 4988 ut

484 5022 724 5079 alliciant
742 5031 912 5080 totam
941 5023 1109 5078 vitam
1158 5039 1315 5080 suam
1346 5023 1440 5080 Dei
1480 5024 1698 5082 laudem
1747 5041 1892 5082 esse.
1916 5025 2066 5092 Quo-

486 5116 637 5171 niam
683 5116 851 5188 igitur
898 5116 935 5171 ii
980 5117 1178 5188 psalmi
1227 5119 1321 5189 qui
1371 5119 1785 5189 inscriptionem
1837 5118 2064 5184 habent,

485 5209 744 5277 Alleluia,
777 5226 970 5278 omnes
1006 5209 1121 5267 fere
1151 5210 1206 5266 in
1253 5221 1533 5282 postrema
1565 5212 1884 5284 psalmodiae
1913 5224 2067 5285 parte

484 5302 994 5374 deprehenduntur,
1036 5303 1165 5359 hinc
1206 5303 1512 5376 intelligere
1539 5305 1692 5370 licet,
1723 5305 1949 5362 sublimi
1983 5305 2064 5360 illi

485 5395 762 5460 ascensui,
823 5396 917 5467 qui
966 5396 1023 5451 in
1077 5395 1304 5468 psalmis
1354 5397 1654 5466 reperitur,
1708 5397 2067 5468 {Imminere

483 5497 819 5560 postremam
866 5489 1184 5559 psalmodiaa
1231 5497 1474 5562 partem,
1524 5490 1578 5545 in
1625 5505 1768 5560 qua,
1804 5498 1865 5545 ut
1893 5489 2068 5561 pluri-

484 5596 658 5645 mum,
695 5580 816 5637 laus
845 5581 964 5647 Dei,
1000 5583 1117 5639 sive
1143 5581 1458 5637 adhortatio
1505 5583 1573 5637 ad
1613 5581 1790 5638 Deum
1832 5582 2067 5637 laudan-

483 5673 637 5738 dum,
675 5673 1076 5744 frequentatur.
1122 5675 1182 5731 In
1227 5676 1334 5731 hoc
1383 5691 1513 5746 ergo
1555 5677 1770 5746 psalmo
1797 5675 2064 5746 apostolis

429 5765 438 5774 '
483 5765 728 5836 praecipit
754 5763 994 5836 Spiritus
1023 5775 1273 5834 sanctus,
1305 5775 1366 5823 ut
1394 5769 1578 5824 omnia
1613 5767 1910 5833 mirabilia,
1939 5781 2064 5838 qua:

481 5860 540 5915 in
567 5873 670 5917 suo
703 5858 939 5918 adventu
973 5860 1102 5919 fecit
1136 5859 1422 5929 Dominus,
1467 5863 1667 5929 populo
1705 5877 1772 5919 ex
1806 5862 2064 5929 gentibus

2173 4751 2478 4825 τμημάτων
2531 4749 2674 4804 κατὰ
2727 4748 2827 4822 τὴν
2874 4748 3156 4822 νοηθεῖσαν
3188 4750 3276 4802 ἐπ’
3309 4748 3489 4804 αὐτῶν
3527 4747 3769 4822 θεωρῶν

2174 4843 2616 4915 ἐκκαθαρθεῖσιν,
2667 4840 2900 4914 ἁρμόζει
2939 4841 3002 4895 τὸ
3047 4842 3216 4895 αίνεῖν
3252 4839 3344 4894 τὸν
3376 4840 3530 4906 Θεὸν,
3576 4842 3675 4896 καὶ
3706 4844 3762 4896 ἐν

2171 4932 2383 4998 τούτοις
2407 4928 2569 4998 εἶναι,
2600 4934 2658 4986 ὲν
2691 4926 2774 4996 οἷς
2811 4931 2906 4986 καὶ
2938 4929 3106 5003 ¹ίιτῶν
3127 4929 3376 5000 ἀγγέλων
3398 4931 3563 5001 φύσις
3619 4924 3758 4984 εῖναι

2174 5025 2549 5081 πεπίστευται.
2596 5024 2738 5080 Οὐτε
2768 5025 2880 5098 γὰρ
2915 5022 3138 5078 ἐκείνων
3171 5021 3568 5095 μεμαθήκαμεν
3595 5023 3756 5094 ἀσχο·

2173 5115 2293 5172 λίαν
2323 5117 2490 5191 ἄλλην
2521 5117 2643 5174 τινὰ
2682 5118 2820 5190 πλὴν
2854 5116 2947 5171 τοῦ
2978 5117 3148 5170 αἰνεῖν
3180 5115 3274 5169 τὸν
3304 5114 3456 5179 Θεὸν,
3489 5113 3615 5168 οὐτε
3643 5117 3754 5178 τοῖς

2173 5211 2293 5265 κατ’
2317 5212 2518 5286 ἀρετὴν
2563 5212 2785 5276 τελείοις
2816 5211 3003 5282 ἕτερόν
3026 5228 3080 5264 τι
3117 5206 3476 5272 σπουδάζεται
3503 5207 3536 5279 ἢ
3565 5207 3627 5260 τὸ
3652 5207 3752 5278 τὴν

2171 5305 2317 5378 ζωὴν
2359 5305 2551 5360 ἑαυτοῦ
2591 5300 2739 5359 αἶνον
2779 5299 2918 5358 εἶναι
2943 5303 3079 5358 Θεοῦ
3118 5301 3553 5376 παρασκευάσαι.
3601 5301 3750 5354 Ἐπεὶ

2169 5397 2348 5452 τοίνυν
2393 5399 2446 5452 οι
2491 5397 2592 5469 τὴν
2634 5395 2946 5469 ἐπιγραφὴν
2989 5395 3206 5468 ἔχοντες
3239 5395 3334 5449 τοῦ
3372 5395 3748 5464 Ἀλληλούτω

2171 5491 2372 5554 πάντες
2405 5491 2589 5561 σχεδὸν
2620 5489 2699 5560 τῷ
2731 5489 3024 5560 τελευταίῳ
3052 5489 3301 5561 τμήματι
3316 5487 3419 5558 τῆς
3435 5483 3746 5558 ψαλμῳδίας

2169 5582 2532 5655 εὑρίσκονται,
2575 5581 2763 5652 σαφῶς
2795 5581 2910 5635 ἔστι
2935 5582 3287 5653 κατανοῆσαι,
3322 5579 3417 5634 καὶ
3454 5579 3537 5632 ὅτι
3570 5578 3740 5649 πάσης

2169 5674 2492 5748 ὑπέρκειται
2519 5674 2617 5746 τῆς
2647 5674 2856 5746 ὑψηλῆς
2903 5673 2992 5729 διὰ
3017 5673 3126 5727 τῶν
3170 5671 3405 5743 ψαλμῶν
3437 5669 3738 5733 ἀναϐάσεως

2166 5767 2230 5820 τι
2255 5767 2563 5822 τελευταῖον
2593 5767 2793 5840 τμῆμα
2809 5767 2912 5838 τῆς
2937 5765 3272 5840 ψαλμῳδίας,
3291 5767 3350 5819 ἐν
3366 5757 3484 5834 (Imb
3507 5761 3737 5815 πλεῖστον

2167 5863 2303 5919 Θεοῦ
2339 5859 2486 5928 αῐνός
2513 5865 2682 5931 ἐστιν,
2729 5863 2850 5930 ἦτοι
2879 5863 2960 5926 είς
2991 5861 3054 5918 τὸ
3076 5862 3244 5916 αἰνεῖν
3275 5859 3366 5914 τὸν
3410 5856 3542 5913 Θεὸν
3571 5871 3730 5926 παρα-
