3954 7146
93 457 318 517 129?
1317 464 1821 523 COMMENTARIA
1857 465 1926 522 IN
1961 465 2300 523 PSALMOS.
3319 469 3455 525 l298

101 579 461 647 κέλευσις.
491 582 821 655 Προστάττει
848 582 1030 653 μέντοι
1053 584 1112 638 ἐν
1143 583 1224 656 τῷ
1250 584 1387 656 μετά
1420 587 1610 656 χεῖρας
1637 585 1776 655 ψαλ-

1884 587 2248 658 patefaciant:
2281 591 2519 658 itemque
2550 592 2776 642 narrent
2810 602 2933 656 qua:
2978 586 3242 643 beneﬁcia
3271 589 3458 658 prisco

113 673 257 745 μῷ
285 676 421 740 τοῖς
445 676 622 744 ἁγίοις
653 675 970 740 ἀποστόλοις
994 675 1057 729 τὸ
1081 676 1306 748 Πνεῦμα
1326 678 1390 731 τὸ
1429 677 1585 746 ἀγιον
1612 677 1691 749 τῷ
1717 677 1776 746 ἐξ

1881 678 1960 734 illi
2011 679 2212 750 populo
2255 679 2600 743 exhibuerit,
2650 687 2706 735 et
2771 695 2942 750 quam
2994 680 3170 736 vicem
3224 681 3458 752 singulis

109 764 363 820 ἐθνῶν
412 765 526 838 λαῷ
562 769 802 840 φανεράς
831 767 1054 838 ποιῆσαι
1081 769 1265 832 πάσας
1289 768 1390 833 τὰς
1431 769 1776 842 Θαυματουρ-

1881 783 2071 828 earum
2104 769 2273 840 gestis
2301 769 2618 824 reddiderit.
2650 766 2878 838 Insuper
2911 768 3000 824 hic
3026 769 3458 840 promissionum

115 857 341 925 γιας,
378 858 450 924 ἃς
470 859 760 932 πεποίηται
793 859 887 914 ἐπὶ
916 860 1017 930 τῆς
1048 859 1214 915 αὐτοῦ
1249 861 1555 932 παρουσίας
1583 862 1614 916 ό
1658 861 1775 915 Κύρ-

1882 873 1914 915 a
1952 857 2064 915 Deo
2098 858 2431 930 patriarchis
2497 856 2768 914 factarum
2828 845 3035 915 mentio
3093 859 3358 926 habetur,
3402 867 3460 915 et

123 964 324 1021 ρωςο
351 951 449 1006 ναὶ
479 950 586 1024 μὴν
615 952 709 1012 καὶ
727 953 828 1008 ὅσα
848 951 1184 1024 εὐηργέτησε
1206 952 1300 1006 τὸν
1317 951 1484 1007 πάλαι
1502 952 1650 1019 λαὸν,
1683 952 1776 1008 καὶ¹

1880 957 2084 1021 quanta
2123 950 2366 1022 ipsorum
2397 948 2576 1021 gratia
2601 949 2891 1020 nepotibus
2927 965 3114 1006 eorum
3151 951 3289 1004 bona
3321 967 3457 1006 con-

122 1035 294 1096 οἷον
333 1041 456 1096 ἀνθ’
486 1041 601 1098 οἴου
631 1042 904 1112 ἐποίησεν.
941 1043 1063 1096 Ἐτι
1081 1042 1139 1096 δὲ
1160 1043 1218 1095 ἐν
1250 1040 1427 1112 τούτῳ
1456 1043 1552 1096 καὶ
1584 1045 1774 1114 μνήμη

1880 1055 2034 1099 cessa
2067 1039 2291 1099 fuerint.
2324 1039 2534 1098 Horum
2562 1042 2767 1112 quippe
2797 1044 3251 1098 connnemoratio
3271 1051 3358 1098 est
3387 1043 3458 1098 ad

125 1131 293 1187 τῶν
327 1133 474 1206 πρὸς
503 1134 628 1198 τοὺς
668 1134 1011 1206 πατριάρχας
1035 1134 1142 1188 ὐπὺ
1169 1133 1264 1187 τοῦ
1301 1133 1438 1188 Θεοῦ
1473 1134 1776 1205 γεγενημέ-

1880 1133 2142 1193 beneﬁcio
2157 1134 2390 1193 donatos
2408 1135 2568 1192 avita:
2589 1136 2811 1193 virtutis
2831 1135 3016 1193 studio
3038 1136 3458 1194 inﬂammandos

133 1241 290 1282 νων
315 1227 687 1298 ὑποσχέσεων,
734 1227 830 1281 καί⁵
859 1226 969 1281 τῶν
991 1225 1060 1280 δι’
1095 1225 1338 1290 ἐκείνους
1362 1227 1452 1279 ὑπ’
1475 1226 1642 1280 αὐτοῦ
1668 1244 1774 1282 πα-

1880 1227 2034 1286 Batis.
2062 1224 2264 1286 Postea
2301 1241 2432 1285 vero
2480 1228 2644 1284 docet
2675 1243 2880 1285 novum
2922 1229 3207 1300 populum,
3243 1227 3458 1284 scilicet

139 1318 569 1389 ρεισχεθέντων
613 1317 835 1388 ἀγαθῶν
864 1320 978 1383 τοῖς
1024 1319 1249 1372 ἐκείνων
1279 1317 1543 1387 ἐκγόνοις.
1592 1318 1774 1391 Ἰκανὴ

1880 1333 1946 1375 ex
1975 1317 2252 1390 gentibus,
2275 1335 2336 1376 se
2381 1320 2652 1391 ingratam
2690 1321 2837 1376 illam
2880 1329 3095 1393 gentem
3119 1321 3302 1377 divina
3331 1335 3458 1392 pro-

139 1409 292 1483 γὰρ
325 1411 536 1465 τούτων
565 1412 598 1483 ή
628 1412 819 1484 μνήμη
837 1410 965 1474 τοὺς
995 1409 1268 1466 τοσούτων
1298 1411 1628 1486 εὐεργεσιῶν
1651 1411 1776 1465 ἀπο-

1881 1410 2123 1466 videntia
2153 1426 2265 1467 non
2291 1412 2495 1483 injuste
2516 1415 2806 1484 spoliasse,
2826 1422 2886 1470 ut
2917 1413 3123 1484 pariter
3150 1430 3217 1470 ex
3241 1413 3457 1484 justitia

137 1501 498 1568 λαύσαντας
541 1505 620 1568 είς
641 1501 802 1575 ζῆλον
830 1503 928 1575 τῆς
954 1503 1062 1556 τῶν
1080 1503 1360 1576 προγόνων
1382 1505 1583 1576 ἀρετῆς
1610 1503 1776 1576 ἐρεθί-

1885 1505 2178 1575 sententiae.
2193 1513 2393 1561 contra
2427 1506 2551 1563 illos
2581 1506 2726 1571 latae,
2755 1507 2872 1563 viso
2898 1509 3096 1578 ingrati
3127 1506 3292 1562 animi
3323 1522 3461 1578 pra:-

18 1632 22 1664 ε
141 1609 294 1650 σαι.
332 1594 591 1649 Διδάσκει
612 1593 670 1648 δέ
708 1593 848 1650 κατά
873 1594 1037 1650 ταύτὸ
1063 1594 1269 1648 καὶτὸν
1294 1594 1414 1649 νέον
1445 1581 1594 1659 λαὸν,
1613 1594 1776 1665 ἡγουν

1887 1593 2022 1656 mio,
2053 1603 2383 1650 moneantur
2410 1611 2480 1652 ne
2511 1597 2568 1652 in
2601 1595 2793 1654 eadem
2826 1611 2933 1667 qua
2965 1595 3136 1658 Judaei
3184 1595 3271 1651 via
3306 1597 3460 1652 ince-

140 1685 313 1751 τηῦς
346 1687 411 1755 ἐξ
438 1685 609 1741 ἐθνῶν
634 1685 710 1751 ὡς
737 1687 837 1740 οὐκ
862 1686 1063 1750 ἀδίκως
1093 1686 1186 1741 τὸν
1230 1686 1529 1758 ἀχάριστον
1573 1687 1776 1739 ἐκεῖνον

1886 1683 2048 1750 dant,
2091 1685 2186 1742 sed
2217 1687 2275 1742 in
2305 1695 2458 1744 recto
2483 1689 2622 1744 calle
2652 1689 2931 1745 insistant.

18 1821 24 1850 ε
143 1776 316 1833 λαὸν
343 1781 448 1852 τῆς
470 1779 675 1846 οίκείας
700 1780 1028 1853 κηδεμονίας
1046 1779 1382 1852 ἐγύμνωσεν,
1412 1778 1487 1844 ὡς
1525 1777 1661 1850 ὁμοῦ
1710 1779 1776 1832 ἐκ
1803 1777 1904 1849 τῆς
1928 1779 2048 1840 κατ’
2075 1779 2300 1842 ἐκείνων
2322 1780 2698 1853 ἐξενεχθείσης
2717 1783 2904 1854 ψήφου
2938 1782 3000 1837 τὸ
3031 1781 3238 1843 δίκαιον
3294 1796 3462 1835 κατα-

155 1874 442 1948 μάθοιεν,
478 1876 697 1948 καὶτῆς
733 1875 1057 1948 ἀχαριστίας
1111 1873 1348 1948 ὁρῶντες
1373 1873 1444 1930 τά
1492 1873 1766 1946 ἐπίχειρα,
1802 1872 1880 1952 μὴ
1907 1874 2012 1946 τὴν
2058 1875 2229 1956 αὐτὴν
2270 1877 2542 1942 Ἰουδαίοις
2590 1877 2880 1948 βαδίζοιεν,
2911 1878 3054 1940 ἀλλά
3107 1879 3208 1951 τὴν
3247 1876 3461 1944 εὐθεῖαν

152 1968 308 2023 ὁδὸν
335 1967 599 2023 όδεύοιεν.
1287 2001 1300 2016 .
2941 1989 2954 2005 α

265 2115 762 2190 ἐξομολογεῒσθε
787 2114 867 2182 τῷ
904 2116 1118 2184 Κυρίῳ,
1147 2117 1246 2171 καί
1281 2115 1667 2174 ἐπικαλεῖσθε
1715 2115 1776 2175 τὸ

1954 2111 2290 2182 Con/itemini
2329 2113 2572 2178 Domino,
2604 2123 2654 2170 et
2685 2117 2922 2172 invocata
2951 2135 3138 2173 nomen
3171 2119 3460 2180 eius.Cum

161 2213 383 2282 ὄνομα
413 2211 620 2267 αὐτοῦ.
645 2209 849 2280 Διπλῆς
875 2207 1043 2280 οῦσης
1071 2210 1127 2263 ἐν
1152 2213 1217 2282 τῇ
1244 2213 1485 2282 γραφικῇ
1519 2209 1776 2283 συνηθείᾳ

1885 2203 2168 2275 Scriptura
2221 2205 2395 2260 soleat
2444 2203 2647 2275 duplici
2682 2222 2847 2263 sensu
2889 2206 3292 2264 confessionem
3331 2225 3460 2284 pro-

165 2303 284 2375 τῆς
336 2302 460 2357 κατ’
503 2302 888 2377 ἐξομολόγησιν
938 2302 1233 2376 σημασίας,
1279 2301 1375 2355 καὶ
1413 2299 1508 2359 νῦν
1547 2303 1645 2373 μὲν
1677 2301 1776 2376 τὴν

1883 2295 2048 2365 ferre,
2092 2311 2159 2353 ac
2209 2297 2373 2353 modo
2405 2297 2508 2356 hac
2545 2315 2679 2355 voce
2711 2310 3061 2371 peccatorum
3093 2301 3462 2360 denuntiatio-

167 2394 564 2467 ἐξαγόρευσιν,
585 2391 742 2461 αὖθις
761 2396 819 2450 δὲ
839 2396 936 2470 τὴν
961 2393 1310 2466 εὐχαριστίαν
1341 2391 1773 2465 ἐνδεικνυμένης,

167 2487 428 2543 ἐνταῦθα
474 2491 594 2543 κατ’
625 2489 941 2563 ἀμφοτέρας
975 2488 1074 2553 τὰς
1104 2487 1311 2552 ἐννοίας
1344 2488 1481 2560 πρὸς
1515 2487 1604 2540 τὸν
1654 2487 1776 2540 κατ’

165 2579 396 2652 ἀρετὴν
439 2579 554 2651 βίον
581 2580 1087 2654 χειραγωγούμεθα·
1117 2582 1152 2653 ἦ
1203 2598 1262 2634 τε
1288 2578 1398 2655 γὰρ
1426 2580 1778 2652 ἐξαγόρευσις

170 2671 471 2743 χωρισμόν
497 2689 622 2726 τινα
647 2674 741 2729 καὶ
755 2672 1108 2746 ἀλλοτρίωσιν
1131 2671 1239 2726 τῶν
1265 2671 1454 2730 κακῶν
1469 2669 1779 2743 ἀπεργάζε-

173 2747 303 2828 ται,
339 2763 402 2817 τό
422 2780 483 2817 τε
511 2764 648 2836 πρὸς
681 2766 779 2838 τὴν
797 2765 1149 2839 εὐχαριστίαν
1170 2763 1449 2836 πρόθυμον
1471 2761 1775 2828 πλεονάζει,

177 2857 285 2912 καὶ
299 2855 402 2928 τὴν
430 2856 558 2928 περὶ
584 2855 679 2910 τοῦ
695 2839 984 2928 εὐεργέτου
1007 2856 1166 2928 χάριν
1183 2857 1276 2909 ἐπὶ
1299 2854 1408 2910 τῶν
1441 2855 1777 2927 εὐαισθήτως

174 2951 494 3023 δεχομένων
508 2950 607 3014 τάς
621 2951 884 3016 εὐποιίας,
915 2947 1357 3022 Παρακελεύεται
1372 2948 1551 3001 τοίνυν
1577 2949 1606 3001 ὁ
1621 2946 1780 3016 λόγος

179 3043 289 3116 τὴν
327 3043 745 3116 εὐχαριστήριον
773 3041 1047 3114 ὑμνῳδίαν
1070 3041 1422 3114 προσφέρειν,
1448 3040 1543 3094 καὶ
1573 3038 1779 3109 διηγεῖ-

186 3138 318 3192 σθαι
369 3136 473 3201 τάς
515 3136 665 3202 θείας
714 3134 1054 3205 εὐεργεσίας.
1111 3133 1186 3186 Τὸ
1217 3133 1326 3205 γάρ
1373 3131 1777 3195 ἐπικαλεῖσθε,

188 3230 535 3298 κηρύσσετε
577 3230 606 3282 ό
637 3227 936 3299 Σύμμαχος
977 3226 1342 3297 ἡρμήνευσεν·
1388 3223 1574 3295 ἔτερος
1603 3223 1661 3276 δὲ
1689 3225 1782 3296 ἐρρ

194 3321 471 3394 μηνευτής
501 3337 654 3392 φησι,
679 3320 790 3374 Καὶ
819 3317 1196 3374 ἐπικαλεῖσθε
1219 3318 1539 3386 ἑνόνόματι
1568 3317 1774 3372 αὐτοῦ’

197 3413 342 3486 μέγα
371 3430 424 3467 τι
453 3412 842 3484 αἰνιττόμενος.
875 3412 974 3464 Ἂν
1021 3409 1130 3482 γάρ
1171 3409 1563 3482 ὲξομολογήσῃ,
1620 3409 1778 3480 φησὶ,

1881 2403 2028 2457 nem,
2064 2387 2227 2448 modo
2259 2391 2558 2462 gratiarum
2594 2394 2864 2451 actionem
2907 2394 3211 2466 signiﬁcet;
3241 2396 3331 2452 hic
3364 2413 3461 2454 se-

1881 2481 2119 2536 cundum
2147 2491 2436 2554 utramque
2465 2486 2756 2553 rationem,
2790 2486 2856 2542 ad
2897 2486 3062 2543 vitam
3095 2504 3220 2545 cum
3255 2491 3461 2548 virtute

1881 2572 2145 2646 agendam
2177 2572 2532 2629 instituimur.
2564 2574 2700 2632 Nam
2744 2576 3071 2634 confessio'a
3100 2579 3258 2636 malis
3280 2579 3462 2637 homi-
3503 2625 3514 2658 κ

1881 2679 2007 2720 nem
2038 2673 2281 2722 semovet
2331 2675 2387 2722 et
2417 2667 2485 2723 iis
2517 2669 2753 2725 alienum
2782 2669 2944 2726 eﬁicit
2971 2690 2983 2726 :
3031 2672 3330 2745 gratiarum
3361 2689 3458 2729 au-

1884 2763 1992 2810 tem
2035 2757 2266 2814 actionis
2326 2757 2565 2813 studium
2607 2761 2750 2833 apud
2794 2760 3094 2820 beneﬁcum
3138 2773 3297 2836 auget
3330 2780 3458 2837 gra-

1883 2847 2015 2902 tiam
2045 2864 2172 2922 erga
2202 2865 2298 2906 eos
2328 2853 2422 2922 qui
2449 2860 2605 2924 grato
2634 2853 2816 2908 animo
2837 2854 3105 2912 beneﬁcia
3130 2857 3277 2912 nacti
3305 2865 3452 2914 sunt.

1884 2937 2146 2995 Hortatur
2179 2942 2360 3014 itaque
2382 2960 2562 2999 sermo
2595 2945 2664 3001 ad
2697 2945 2927 3018 hymnos
2955 2948 3252 3019 gratiarum
3286 2949 3458 3004 actio-

1882 3034 1970 3090 nis
1991 3033 2318 3100 eﬁ‘erendos,
2343 3046 2397 3092 et
2419 3038 2486 3093 ad
2509 3037 2694 3093 divina
2717 3039 2976 3096 beneﬁcia
3009 3043 3299 3096 narranda.
3322 3041 3458 3097 Nam

1883 3123 2040 3188 illud,
2069 3125 2324 3190 invocata,
2355 3125 2740 3198 Symmachus,
2771 3130 3057 3197 prwdicale
3089 3131 3249 3184 vertit
3275 3149 3288 3184 :
3317 3129 3459 3186 alius

1884 3226 2062 3271 autem
2102 3218 2371 3288 interpres
2420 3219 2516 3284 ait,
2569 3218 2634 3278 Et
2680 3220 2912 3274 invocate
2958 3221 3011 3274 in
3054 3223 3264 3276 nomine
3305 3223 3456 3292 ejus;

1883 3325 2139 3382 magnum
2172 3311 2451 3383 quidpiam
2503 3311 2882 3368 subindicans.
2922 3314 2989 3367 At
3027 3315 3170 3373 enim
3220 3316 3267 3372 si
3326 3332 3460 3371 con-

1885 3401 2066 3458 fessus
2099 3402 2300 3469 fueris,
2359 3403 2468 3470 ait,
2515 3411 2569 3460 et
2603 3415 2825 3474 peccata
2855 3406 3208 3478 deposueris,
3255 3423 3458 3465 nomen

194 3477 295 3561 καί
310 3505 520 3577 ἀποθῇς
541 3505 612 3558 τά
637 3477 1278 3576 ἀμαρτήματαξδύνήσῃ,
1308 3477 1776 3573 μετάτπαρῤησίας

1880 3495 1999 3566 ejus
2056 3510 2180 3550 cum
2241 3495 2442 3552 ﬁducia
2485 3495 2791 3551 invocando
2833 3477 3031 3570 magna
3081 3498 3244 3555 edere
3292 3515 3457 3570 opera

192 3601 256 3654 τὺ
268 3599 438 3671 ὄνομα
469 3597 632 3653 αὐτοῦ
663 3596 922 3661 καλέσας,
964 3595 1177 3667 μεγάλα
1212 3592 1548 3666 ἐργάσασθαι
1574 3590 1775 3660 ἀγαθά.

196 3693 272 3747 Οὐ
300 3692 474 3764 μάτην
501 3690 557 3744 δὲ
584 3687 1018 3760 ἐξομολογεῖσθαι
1067 3685 1352 3758 πρότερον,
1388 3685 1484 3739 καὶ
1523 3683 1776 3756 δεύτερον

195 3782 850 3854 ἐπικαλεῖσθαιβούλεται·
888 3778 1001 3833 ἀλλ’
1031 3777 1140 3843 ἵνα,
1179 3776 1410 3848 καθαροὶ
1443 3774 1532 3828 διά
1561 3774 1660 3845 τῆς
1691 3774 1777 3841 ἐξ-

1880 3587 2108 3644 valebis.
2145 3586 2331 3658 Neque
2362 3587 2484 3644 sine
2512 3602 2676 3643 causa
2722 3589 2899 3658 primo
2944 3591 3229 3658 conﬁteri,
3267 3599 3456 3662 postea

1881 3678 2138 3734 invocare
2165 3686 2418 3750 exoptat;
2445 3679 2541 3735 sed
2573 3689 2630 3734 ut
2660 3696 2758 3750 per
2779 3681 3182 3740 confessionem
3213 3685 3453 3756 purgati,

1879 3784 1944 3824 ex
1977 3785 2112 3839 puro
2145 3770 2512 3832 instrumento
2539 3772 2801 3842 hymnum
2821 3773 3136 3831 offeramus.

194 3874 536 3950 αγορεύσεως
559 3874 862 3945 γενόμενοι,
891 3871 955 3925 ἐκ
973 3867 1213 3942 καθαροῦ
1238 3869 1470 3940 όργάνου
1491 3864 1585 3920 τὸν
1609 3866 1778 3938 ὕμνον
1807 3862 2288 3936 προσενέγκωμεν,

275 4014 692 4084 Ἐπατγείλατε
717 4013 788 4067 ἐν
813 4010 940 4078 τοῖς
967 4010 1169 4065 ἔθνεσι
1195 4008 1268 4062 τὰ
1292 4008 1437 4077 ἔργα
1467 4005 1673 4062 αὐτοῦ.
1718 4005 1778 4058 '0

201 4106 335 4180 μετά
353 4107 542 4178 χεῖρας
571 4099 720 4167 αἶνος
756 4103 854 4174 τὴν
893 4102 1136 4174 ἱστορίαν
1163 4099 1512 4170 ἐπιτέμνεται
1534 4097 1634 4168 τὴν
1667 4096 1778 4150 ἀπὸ

211 4198 458 4272 Ἀϐραὰμ
484 4197 580 4249 καὶ
632 4197 726 4250 ἐπὶ
761 4195 936 4261 ἔξοδον
980 4194 1089 4248 τῶν
1132 4192 1262 4246 υἱῶν
1302 4189 1520 4261 Ἰσραὴλ
1543 4189 1642 4260 τὴν
1668 4188 1777 4242 ἀπὸ

203 4291 490 4361 Αἰγύπτου·
521 4287 590 4358 ἢν
635 4287 732 4340 καὶ
776 4286 1132 4356 ἐπαγγέλλειν
1179 4286 1294 4348 τοῖς
1334 4281 1510 4335 ἔθνεσι
1533 4281 1594 4334 τὸ
1635 4281 1774 4334 θεῖον

203 4381 420 4454 Πνεῦμα
447 4378 900 4452 παρακελεύεται,
919 4379 1058 4431 ὥστε
1073 4376 1162 4432 διά
1186 4374 1389 4430 τούτων
1414 4372 1586 4443 δηλῶν
1606 4373 1773 4438 ἐστιν,

205 4478 471 4548 ὼςδνησιν
499 4475 600 4528 οὐκ
630 4470 905 4533 Ἰουδαίοις
934 4466 1267 4540 μόνον,ἀλλά
1291 4477 1387 4520 καί
1406 4467 1516 4528 τοῖς
1533 4464 1590 4531 ἐξ
1607 4464 1776 4522 ἐθνῶν

209 4565 670 4640 πραγματεύεται,
702 4561 798 4615 τοῦ
827 4561 1139 4630 Πνεῦματος
1169 4559 1296 4620 τοὺς
1339 4555 1448 4610 τῶν
1467 4554 1636 4608 ἐθνῶν
1668 4554 1776 4608 διε-

208 4661 469 4733 γείροντος
507 4657 757 4730 κήρυκας
790 4654 870 4716 είς
895 4652 958 4704 τὸ
987 4651 1168 4720 ζητεῖν
1187 4648 1279 4702 τὸν
1307 4649 1512 4719 Κύριον
1551 4646 1646 4701 καὶ
1674 4663 1775 4718 κη-

213 4752 413 4824 ρύσσειν
443 4750 512 4803 τά
538 4748 669 4820 περὶ
707 4742 872 4801 αὐτοῦ
917 4741 1248 4813 διηγήματα.
1292 4738 1402 4792 Kal.
1431 4737 1604 4796 ταῦτα
1649 4736 1772 4809 μεθ’

213 4805 400 4913 ὐμνωνο
419 4841 552 4912 φησὶ
564 4805 713 4908 γοῦνο
745 4839 967 4907 ’ᾼσατε
1189 4829 1290 4884 καί
1319 4829 1554 4899 Wars
1587 4805 1767 4894 αὐτῷ·
1804 4805 1848 4862 D

213 4932 564 5004 διηγήσασθε
584 4930 780 4984 πάντα
811 4927 883 4981 τὰ
929 4922 1230 4994 θαυμάσια
1271 4921 1479 4979 αὐτοῦ.
1514 4920 1772 4975 Βούλεται

214 5021 607 5093 ἀπαγγελθῆναι
643 5021 756 5084 τοῖς
783 5018 1010 5079 ἔθνεσιν,
1037 5015 1113 5079 ὡς
1137 5013 1388 5083 ἀγνοοῦσι
1419 5014 1513 5067 καὶ
1544 5013 1771 5084 μηδέπω

221 5114 591 5191 μεμαθηκόσιν,
639 5111 823 5170 ὁποίας
865 5108 1032 5164 παῖ-αι
1081 5107 1343 5178 πρότερον
1389 5103 1709 5176 εὐεργεσίας
1740 5103 1770 5155 ό

218 5209 334 5273 θεὸς
357 5205 433 5278 τῷ
465 5206 713 5277 προτέρῳ
736 5200 849 5272 λαῷ
876 5200 1198 5272 παρέσχετο·
1232 5199 1330 5252 καὶ
1357 5198 1523 5261 ὅπως,
1560 5196 1770 5268 μυρίων

221 5301 419 5373 ἀγαθῶν
445 5295 595 5370 παρά
615 5295 708 5350 τοῦ
730 5293 864 5348 Θεοῦ
884 5293 1263 5365 τετυχηκότες,
1302 5290 1624 5363 παρέϐησαν
1644 5291 1772 5344 ἀσε-

223 5394 482 5464 ϐήσαντες
523 5388 618 5441 καὶ
659 5385 736 5449 ὡς
777 5384 865 5438 διὰ
906 5384 1006 5449 τὰς
1056 5383 1401 5457 παρανομίας
1447 5383 1626 5438 αὐτῶν
1667 5382 1768 5453 τῆς

223 5485 355 5548 θείας
406 5478 709 5550 ἐπισκοπῆς
765 5475 1170 5532 ἐκπεπτώκασι.
1207 5475 1436 5531 Κελεύει
1468 5475 1524 5530 δέ
1555 5476 1648 5531 καὶ
1685 5475 1772 5547 έρ-

229 5573 405 5648 μηνέας
438 5569 687 5642 γίνεσθαι
723 5568 818 5625 καὶ
858 5568 1192 5641 σαφηνιστάς
1223 5569 1334 5625 τῶν
1371 5571 1431 5625 ἐν
1454 5571 1566 5634 τοῖς
1602 5568 1770 5632 θείοις

226 5665 400 5735 λογίοις
431 5662 777 5736 ἀπορρήτων·
827 5661 972 5733 ἅπερ
1014 5659 1082 5715 ἂν
1111 5661 1196 5732 εἴη
1239 5661 1310 5716 τά
1354 5660 1632 5732 θαυμάσια
1668 5660 1771 5714 αὐ-

228 5759 323 5813 τοῦ·
354 5755 446 5811 καὶ
475 5754 662 5818 ἀπλῶς
697 5753 991 5826 ὑμνῳδίαις
1031 5751 1194 5808 αὐτὸν
1217 5752 1540 5824 ἀμείϐεσθαι
1573 5753 1664 5807 καὶ
1704 5753 1774 5806 τά

232 5851 339 5921 παρ’
365 5848 523 5904 αὐτοῦ
557 5846 824 5924 γενόμενα
866 5846 992 5912 τοὺς
1030 5843 1354 5916 ἀγνοοῦντας
1387 5844 1594 5912 διδάξαι
1643 5845 1775 5900 θαυ-

238 5943 406 6024 {illam

1949 4000 2275 4062 Annunziate
2321 4004 2460 4058 inter
2500 4012 2675 4073 gentes
2723 4018 2882 4071 opera
2937 4003 3074 4074 ejus.
3132 4002 3260 4060 Haec
3310 4004 3454 4072 laus,

1877 4108 2040 4164 quam
2088 4102 2428 4159 tractamus,
2477 4095 2762 4150 historiam
2812 4096 3138 4167 compendio
3185 4106 3372 4152 narrat
3421 4113 3454 4152 a

1878 4192 2124 4255 tempore
2177 4185 2476 4240 Abrahami
2522 4185 2594 4240 ad
2639 4186 2845 4244 exitum
2878 4187 3114 4244 ﬁliorum
3162 4189 3333 4244 Israel
3384 4205 3454 4245 ex

1877 4275 2141 4349 ASgypto;
2170 4293 2334 4349 quam
2366 4277 2620 4349 gentibus
2663 4279 2992 4336 annuntiare
3027 4281 3182 4350 jubet
3213 4280 3454 4352 Spiritus

1879 4368 2133 4437 divinus;
2163 4369 2236 4424 ita
2274 4378 2333 4425 ut
2366 4370 2452 4426 his
2488 4370 2728 4427 declaret
2773 4387 2882 4426 non
2916 4371 3229 4430 Judaeorum
3261 4373 3450 4440 modo,

1878 4469 1975 4526 sed
2001 4469 2166 4525 etiam
2199 4471 2439 4540 gentium
2473 4471 2763 4528 utilitatem
2798 4470 2984 4525 curari
3011 4489 3024 4524 :
3057 4469 3262 4540 Spiritu
3300 4471 3453 4527 scili-

1877 4569 1965 4622 cet
2022 4576 2302 4633 praecones
2350 4563 2594 4634 gentium
2645 4563 2923 4620 excitante
2975 4565 3042 4618 ad
3093 4563 3451 4634 qumrendum

1877 4640 2165 4710 Dominum
2211 4662 2268 4711 et
2289 4657 2357 4711 ad
2385 4655 2728 4727 praedicanda
2761 4656 2884 4728 ejus
2912 4669 3094 4728 Opera.
3126 4654 3293 4726 quue
3324 4670 3452 4712 cum

1876 4747 2094 4820 hymnis
2124 4746 2394 4818 agendum
2443 4748 2602 4805 docet
2623 4789 2639 4814 ,
2693 4749 2771 4804 ait
2817 4748 2961 4806 enim
2997 4767 3018 4808 :_
3066 4745 3292 4808 Cantale
3319 4747 3368 4800 ei
3399 4754 3452 4801 et

1875 4840 2086 4909 psallite
2114 4840 2185 4906 ei,
2222 4849 2440 4901 narrate
2465 4842 2644 4898 omnia
2692 4840 2964 4898 mirabilia
2990 4841 3127 4912 ejus.
3159 4839 3286 4896 Vult
3318 4857 3452 4912 gen-

1875 4932 2058 4997 tibus,
2113 4939 2303 5004 utpote
2349 4933 2731 5004 ignorantibus
2778 4949 2844 4989 ac
2894 4933 3138 4992 nondum
3189 4932 3402 4989 eductis
3429 4972 3445 4998 ,
3513 4991 3519 4998 ,

1875 5025 2190 5086 annuntiari
2219 5031 2428 5096 quanta
2476 5027 2605 5081 olim
2652 5027 2916 5082 beneﬁcia
2960 5027 3102 5082 Deus
3132 5025 3316 5096 prisco
3345 5040 3447 5095 po-

1875 5120 2004 5192 pulo
2049 5113 2410 5188 impertierit;
2453 5134 2518 5174 ac
2569 5119 2845 5190 quomodo
2873 5121 2956 5176 illi.
2999 5118 3208 5173 inﬁnita
3252 5132 3282 5170 a
3337 5115 3448 5172 Deo

1877 5227 2100 5267 munera
2125 5213 2428 5276 consecuti,
2463 5212 2625 5283 impie
2653 5212 2984 5282 transgressi
3015 5211 3160 5276 sint;
3186 5225 3294 5280 qua
3315 5210 3446 5264 item

1873 5303 2087 5358 ratione
2117 5305 2188 5359 ob
2221 5303 2538 5374 iniquitates
2569 5317 2698 5359 suas
2724 5319 2755 5357 a
2793 5302 2886 5356 Dei
2929 5297 3268 5374 providentia
3308 5300 3448 5370 lapsi

1874 5393 2004 5450 sint.
2035 5391 2195 5450 lubet
2213 5403 2392 5449 autem
2419 5408 2513 5449 eos
2539 5400 2598 5448 et
2614 5393 2948 5462 interpretes
2965 5401 3020 5446 et
3064 5390 3450 5460 explanatores

1873 5498 1998 5541 esse
2017 5497 2345 5540 arcanorum
2376 5498 2496 5554 quae
2518 5483 2701 5538 divina
2721 5482 2936 5552 eloquia
2963 5481 3402 5550 complectuntur
3425 5495 3448 5532 ι

1871 5591 1996 5647 quae
2047 5590 2180 5632 sane
2229 5575 2500 5631 mirabilia
2529 5575 2650 5646 ejus
2689 5573 2930 5628 fuerint:
2967 5588 3033 5628 ae
3067 5571 3345 5643 przecipit,
3388 5578 3450 5628 ut

1874 5668 2094 5740 hymnis
2153 5668 2256 5740 ipsi
2312 5667 2484 5724 vicem
2531 5665 2867 5740 rependant,
2898 5675 2952 5723 et
2985 5665 3084 5722 abs
3115 5679 3176 5720 se
3232 5669 3461 5735 patrata.

1877 5760 2149 5818 mirabilia
2181 5759 2562 5834 ignorantibus
2593 5759 2868 5833 «νιρςι-ἰιιιι.

17 6465 3934 7146 i-
