3994 6424
575 423 728 510 .1299

664 540 826 597 Vens.
859 535 893 596 5
941 541 995 595 4.
1042 541 1366 599 Laudamini
1417 546 1472 599 in
1527 547 1734 600 nomine
1780 553 1962 600 sancto
1996 543 2108 612 eius
2148 561 2166 598 :
2197 557 2244 613 Α

587 633 800 689 laetetur
831 651 921 690 cor
958 636 1306 704 querentium
1354 637 1664 694 Dominum.
1717 637 1951 705 Quaerite
1986 638 2171 693 Domi-

588 743 736 794 num,
771 737 821 782 et
855 729 1270 798 eunﬁrmamini,
1305 732 1526 800 quwrite
1577 730 1768 799 faciem
1801 731 1915 800 ejus
1949 747 2166 797 semper.

588 818 734 877 Laus
801 824 948 876 enim
991 830 1044 878 et
1091 823 1263 894 gloria
1319 823 1386 879 iis
1449 832 1534 880 est
1585 824 1679 895 qui
1747 823 1841 879 Dei
1913 825 2170 880 virtutem

587 922 867 970 enarrant.
899 915 1096 988 Aquila
1139 932 1268 972 vero
1313 917 1436 972 loco
1481 918 1648 981 illius,
1707 917 2026 982 l‘audamini,
2086 919 2172 972 in-

586 1015 940 1078 terpretatur,
975 1010 1304 1080 gloriamini.
1338 1009 1591 1082 Praecipit
1621 1020 1803 1066 autem
1833 1027 2014 1066 sermo
2041 1026 2170 1081 apo-

586 1095 746 1152 stolis
768 1112 1068 1168 eorumque
1096 1101 1535 1166 successoribus,
1569 1109 1626 1156 ut
1655 1117 1724 1157 ne
1773 1102 1826 1156 in
1855 1101 2084 1166 divitiis,
2113 1101 2169 1154 in

584 1186 810 1254 robore,
845 1189 900 1243 in
925 1193 1191 1260 potentia,
1224 1194 1395 1248 altum
1427 1195 1641 1264 sapiant
1667 1213 1682 1251 :
1714 1194 1811 1251 sed
1839 1195 1894 1250 in
1927 1195 2042 1250 veri
2071 1194 2168 1250 Dei

584 1282 901 1358 cognitione
929 1293 982 1340 et
1011 1286 1377 1356 providentia,
1413 1302 1476 1342 ac
1511 1291 1566 1342 in
1601 1304 1666 1343 eo
1699 1288 1843 1358 quod
1869 1287 2168 1343 Christiani

586 1354 873 1431 vocentur.
909 1354 1027 1431 Hoc
1074 1381 1206 1431 item
1232 1379 1388 1447 jubet
1419 1378 1641 1434 divinus
1670 1354 1986 1449 Apostolus,
2038 1378 2167 1432 dum

585 1467 664 1520 ait
696 1486 710 1524 :
739 1467 845 1535 Qui
882 1470 1165 1540 gloriatur,
1195 1473 1249 1525 in
1283 1471 1507 1526 Domino
1547 1473 1803 1542 glorietur
1831 1487 1864 1538 ξ,
1889 1488 1992 1526 non
2030 1472 2170 1526 enim

584 1560 676 1630 qui
702 1560 933 1629 seipsum
978 1563 1307 1618 commendat
1351 1564 1441 1619 ille
1467 1565 1720 1634 probatus
1748 1573 1858 1629 est,
1896 1564 1987 1619 sed
2017 1581 2168 1636 quem

583 1650 845 1708 Dominus
867 1655 1195 1710 commendat
1215 1658 1281 1711 ".
1307 1656 1543 1728 ldipsum
1564 1657 1850 1722 Jeremias,
1874 1659 1924 1714 id
1950 1673 2008 1713 sa
2017 1659 2169 1730 pien-

584 1747 795 1802 tissima
818 1748 976 1803 Anna
1001 1751 1362 1819 pronuntiant
1394 1769 1408 1805 :
1437 1748 1560 1805 Non
1593 1751 1850 1821 glorietur
1875 1752 2084 1821 sapiens
2113 1753 2169 1806 in

582 1840 847 1908 sapientia
879 1857 998 1907 sua,
1033 1850 1083 1894 et
1122 1858 1226 1895 non
1271 1841 1531 1912 glorietur
1575 1842 1731 1912 fortis
1767 1844 1824 1897 in
1853 1841 2169 1912 fortitudine

1229 425 1524 494 (EUSEBll
1578 427 2063 486 CESARIENSIS
2091 429 2242 488 OPP.
2287 427 2466 485 PARS
2491 427 2580 484 Ill.
2603 426 3100 486 —EXEGETICA.

3645 440 3748 500 1500

2355 543 2723 600 Ἐπαινεῖσθε
2753 545 2824 597 ἐν
2846 543 2928 610 τῷ
2953 545 3176 612 ὀνόματ’
3178 560 3199 596 ι
3225 540 3305 608 τῷ
3341 541 3471 612 ἁγίῳ
3492 547 3656 604 αὐτοῦ’
3679 558 3748 610 εὐ·

2273 637 2588 708 ερρανθήτω
2633 635 2845 704 καρδία
2896 635 3231 704 ζητούντων
3267 634 3371 688 τὸν
3393 637 3590 705 Κύριον.
3615 645 3750 715 lim}.

2273 745 2420 783 σατε
2467 728 2575 782 τὸν
2612 729 2851 797 Κύριον,
2881 727 2983 780 καὶ
3015 724 3421 796 κραταιώθητε·
3438 728 3671 798 ζητήσητε
3703 739 3754 791 τὸΔ

2273 823 2598 892 πρόσωπον
2618 820 2804 874 αὑτοῦ
2821 819 3167 885 διαπαντός.
3194 820 3442 882 Ἐπαινος
3467 820 3556 892 γὰρ
3577 826 3652 877 καὶ
3662 826 3752 890 δόξα

2272 917 2384 976 τοῖς
2402 913 2501 983 τὴν
2519 911 2720 984 ἀρετὴν
2746 911 2841 965 τοῦ
2861 911 2996 965 Θεοῦ
3024 911 3416 982 διηγουμένοις.
3445 913 3494 965 '0
3507 913 3554 966 δὲ
3585 916 3753 983 ’Δκύλας

2272 1005 2394 1059 ἀντὶ
2431 1003 2524 1057 τοῦ
2579 1003 2940 1070 ἐπαινεῖσθε,
2985 1000 3296 1072 καυχᾶσθε
3338 1001 3545 1060 τέθεικε.
3569 1009 3754 1081 Rapax:-

2271 1096 2487 1151 λεύεται
2512 1095 2569 1148 δὲ
2593 1096 2622 1147 ὁ
2654 1095 2810 1164 λόγος
2827 1098 2940 1159 τοῖς
2979 1095 3299 1158 ἀποστόλοις
3332 1096 3422 1148 xal.
3445 1101 3542 1162 τοῖς
3562 1101 3756 1172 διαδόχοις

2274 1188 2474 1254 αὐτῶν,
2513 1189 2587 1261 μὴ
2632 1189 2724 1242 ἐπὶ
2754 1187 2991 1258 πλούτῳ,
3038 1188 3110 1260 μὴ
3137 1189 3228 1242 ἐπὶ
3264 1188 3436 1263 ῥώμῃ,
3459 1190 3616 1262 μὴὲπὶ
3640 1193 3754 1246 δυνα-

2275 1284 2446 1355 στείᾳ,
2497 1284 2639 1355 μέγα
2663 1284 2901 1354 φρονεῖν·
2933 1281 3048 1334 ἀλλ’
3091 1283 3148 1335 ὲν
3193 1285 3258 1354 τῇ
3297 1282 3392 1334 τοῦΔ
3429 1283 3642 1356 ἀληθινοῦ
3664 1286 3758 1340 Θεοῦ

2273 1377 2468 1447 γνώσει
2496 1376 2591 1430 καὶ
2616 1373 2928 1448 προμηθείᾳ
2952 1374 3047 1428 καὶ
3071 1372 3148 1444 τῷ
3165 1374 3442 1433 καλεῖσθαι
3463 1377 3756 1449 Χριστιανούς.

2272 1469 2446 1523 Τοῦτο
2471 1467 2830 1540 παρηγγύησε
2851 1467 2944 1521 καὶ
2960 1468 2989 1520 ὁ
3009 1467 3154 1530 θεῖος
3188 1465 3509 1530 Ἀπόστολος·
3537 1469 3580 1520 Ὁ
3593 1468 3763 1538 καυχώ-

2265 1579 2452 1632 μενος
2481 1561 2610 1632 γάρ,
2651 1560 2835 1630 φησιν,
2862 1559 2933 1612 ἐν
2951 1559 3146 1627 Κυρίῳ
3185 1557 3514 1628 καυχάσθω·
3540 1561 3600 1614 οὐ
3635 1561 3716 1631 τὰρ
3741 1565 3766 1616 ὁ

2270 1655 2489 1712 ἑαυτὸν
2515 1653 2823 1708 συνιστῶν
2846 1652 3075 1719 ἐκεῖνος
3101 1652 3366 1722 δόκιμος,
3403 1654 3529 1707 ἀλλ’
3557 1653 3618 1707 ὃν
3639 1657 3664 1708 ὁ
3687 1655 3766 1708 Κύ-

2263 1764 2395 1817 ριος
2428 1746 2779 1813 συνίστησι.
2832 1743 3016 1798 Ταῦτα
3043 1743 3137 1797 καὶ
3169 1741 3438 1814 Ἱερεμίας
3472 1742 3555 1796 κα)⁸
3583 1744 3612 1814 ἡ
3641 1759 3766 1813 σοφω-

2269 1839 2405 1910 τάτη
2444 1839 2612 1892 Ἀννα
2641 1837 2878 1904 διέξεισι·
2912 1835 3008 1905 Μὴ
3055 1835 3384 1904 καυχάσθω
3411 1839 3442 1890 ό
3467 1837 3633 1904 σοφὸς
3653 1834 3768 1902 ἐντῇ

583 1947 705 1996 sua,
737 1942 786 1985 et
816 1948 918 1986 non
969 1931 1226 2003 glorietur
1273 1931 1416 1987 dives
1460 1934 1515 1986 in
1569 1933 1770 1988 divitiis
1806 1935 1916 1987 suis
1943 1948 1961 1986 :
1993 1932 2082 1988 sed
2110 1935 2163 1988 in

2268 1933 2456 2001 σοφίᾳ
2478 1929 2686 1998 αὐτοῦ,
2722 1929 2818 1984 καὶ
2839 1928 2925 1999 μὴ
2956 1928 3281 1997 καυχάσθω
3318 1931 3352 1982 ό
3384 1930 3610 1996 ἰσχυρὸς
3633 1928 3688 1980 ἐν
3716 1926 3768 1994 τῇ

581 2021 680 2077 hoc
708 2023 964 2095 glorietur
991 2025 1082 2095 qui
1104 2025 1388 2095 gloriatur,
1416 2025 1754 2099 intelligendo
1779 2035 1828 2080 et
1851 2043 2167 2097 cognoscen-

581 2116 670 2181 do,
693 2119 820 2190 quia
841 2135 934 2191 ego
962 2135 1079 2172 sum
1113 2118 1393 2183 Dominus,
1427 2120 1519 2189 qui
1557 2119 1697 2194 [acia
1745 2119 2165 2175 misericordiam

581 2218 631 2264 et
653 2209 926 2279 justitiam
953 2213 1008 2268 in
1039 2221 1183 2266 terra
1223 2213 1290 2266 ⁸³.
1316 2212 1549 2268 Lwtetnr
1571 2231 1663 2268 cor
1682 2215 2029 2286 quaerentium
2051 2213 2164 2276 Do,-

581 2303 812 2368 minum,
847 2303 900 2358 id
929 2311 1034 2368 est,
1068 2304 1440 2362 invocantium
1461 2322 1585 2362 eum
1611 2307 1678 2363 ad
1711 2308 2023 2380 opem,sive
2052 2309 2165 2361 vir-

582 2402 698 2448 tute
737 2395 805 2448 ad
839 2411 962 2450 eum
1003 2396 1363 2465 tendentium,
1389 2414 1419 2452 a
1445 2399 1646 2470 quibus
1675 2400 1841 2454 etiam
1867 2398 2160 2454 invenitur.

581 2487 746 2544 Docet
789 2497 970 2547 autem
998 2499 1202 2566 quanta
1235 2493 1444 2549 utilitas
1468 2509 1535 2555 ex
1576 2492 1924 2549 confessione
1965 2507 2160 2563 prove-

580 2580 712 2635 niet.
748 2579 886 2640 Nam
909 2583 1054 2653 quod
1097 2586 1447 2655 quaesivistis,
1483 2586 1581 2650 ait,
1629 2586 1682 2642 id
1720 2584 1932 2643 accidet
1973 2585 2162 2652 vobis;

580 2671 834 2728 videlicet
864 2675 1033 2730 animi
1078 2676 1263 2733 laetitia
1296 2696 1308 2731 :
1345 2678 1436 2732 illa
1478 2679 1678 2753 quippe
1713 2678 1829 2749 spei
1859 2678 1970 2734 Deo
2005 2694 2164 2750 repo-

581 2763 700 2820 sita;
744 2763 958 2823 fructus
1008 2775 1114 2823 est.
1160 2768 1545 2827 Animadverte
1589 2778 1768 2827 autem
1816 2773 2092 2843 quomodo
2131 2787 2164 2831 a

582 2856 935 2914 confessione
987 2859 1274 2932 inceperit,
1315 2871 1368 2917 et
1394 2861 1449 2916 in
1482 2862 1727 2917 laetitiam
1762 2863 1995 2919 desinat.
2024 2861 2161 2918 Nam

580 2951 859 3021 profectus
900 2954 1201 3008 secundum
1249 2953 1419 3010 Deum
1467 2955 1684 3012 initium
1727 2954 2002 3012 confessio
2035 2963 2160 3022 est;

580 3039 707 3094 linis
735 3047 916 3098 autem
954 3041 1137 3096 laetitia
1183 3043 1482 3099 secundum
1535 3044 1703 3100 Deum
1731 3064 1746 3107 ε,
1769 3045 2000 3115 plurima
2032 3060 2163 3104 vero

582 3132 784 3188 suntin
805 3133 984 3190 medio
1009 3135 1205 3189 horum
1236 3137 1436 3207 posita.
1465 3134 1694 3207 Oportet
1717 3137 1881 3208 igitur
1913 3137 2161 3194 homines

580 3225 761 3295 primo
791 3224 1037 3283 confiteri
1069 3224 1300 3282 Domino
1331 3243 1428 3297 per
1455 3230 1724 3283 sinceram
1760 3229 2157 3298 paenitentiam,

581 3331 647 3370 ac
696 3332 794 3386 per
834 3316 1048 3373 fructus
1096 3317 1426 3374 confessioni
1489 3328 1852 3389 congruentes
1902 3335 1915 3371 :
1966 3319 2162 3377 deinde

580 3422 712 3462 vero
750 3409 815 3462 ad
851 3409 1076 3463 meliora
1103 3409 1377 3480 profectos
1407 3411 1680 3466 conlidere
1704 3421 1758 3469 et
1784 3414 2037 3469 invocare
2063 3430 2164 3469 no-

579 3515 705 3555 men
733 3500 852 3569 ejus
886 3519 900 3556 :
930 3501 1118 3573 sicque
1145 3502 1237 3557 ubi
1265 3513 1390 3572 post
1418 3502 1826 3560 confessionem
1866 3506 2162 3562 invocave-

579 3593 690 3649 rint
718 3607 866 3657 eum,
917 3593 1119 3650 divinis
1171 3594 1595 3655 charismatibus
1635 3595 1868 3664 donari;
1915 3597 2018 3652 sub
2048 3598 2164 3654 hanc

578 3685 668 3742 his
692 3687 953 3758 acceptis,
986 3703 1152 3758 Opera
1173 3704 1295 3759 quae
1325 3687 1634 3744 didicerunt
1662 3691 1918 3746 omnibus
1949 3707 2164 3745 annun-

579 3780 789 3846 tiando,
811 3780 934 3835 aliis
964 3795 1180 3850 quoque
1210 3779 1371 3834 utiles
1393 3795 1515 3834 esse
1549 3797 1561 3834 :
1590 3793 1654 3833 ac
1684 3791 1880 3849 printer
1901 3781 2014 3835 haec
2045 3797 2164 3836 om-

580 3873 693 3936 nia,
728 3879 916 3943 utpote
965 3872 1152 3926 laetitia
1191 3873 1304 3936 illa,
1346 3889 1470 3943 qua:
1517 3874 1824 3928 secundum
1855 3874 2022 3928 Deum
2055 3883 2160 3943 est,

579 3966 854 4036 dignatos,
884 3975 1109 4022 cantare
1151 3965 1199 4020 ei
1229 3974 1282 4023 et
1305 3967 1537 4036 psallere
1559 3968 1606 4022 ei
1642 3986 1655 4022 :
1687 3967 1988 4023 secundum
2024 3967 2159 4032 htec,

579 4061 962 4130 explanatores
985 4075 1106 4115 esse
1135 4075 1481 4127 arcanorum,
1513 4078 1632 4132 qua
1661 4063 1713 4114 in
1737 4061 1937 4116 divinis
1961 4076 2164 4116 sermo-

577 4152 742 4206 nibus
769 4153 1156 4219 continentur;
1186 4153 1335 4216 hinc,
1369 4162 1556 4224 utpote
1588 4154 1680 4224 qui
1711 4154 1826 4208 lucc
1862 4154 2043 4208 omnia
2076 4169 2164 4208 re-

576 4251 665 4298 cte
690 4244 1024 4314 peregerint,
1053 4245 1264 4300 laudari
1295 4247 1348 4300 in
1375 4247 1597 4302 nomine
1619 4247 1771 4317 ejus;
1797 4246 2015 4300 demum
2040 4256 2162 4316 post

577 4335 695 4390 haec
751 4338 937 4392 omnia
1003 4338 1182 4393 anima
1242 4339 1434 4404 laetari,
1480 4356 1602 4411 qua:
1649 4355 1745 4395 cor
1778 4340 2000 4395 dicitur.
2037 4339 2162 4395 llaec

577 4444 743 4499 porro
770 4446 891 4500 qua:
920 4431 1208 4485 Dominum
1243 4432 1514 4502 quaesivit,
1543 4440 1660 4488 tum
1691 4448 1757 4488 ex
1790 4433 1907 4504 ipsa
1939 4433 2162 4504 perqui-

577 4518 801 4582 sitione,
828 4527 943 4573 tum
977 4521 1123 4590 quod
1151 4522 1448 4590 quaerendo
1497 4523 1758 4593 reperiat,
1811 4539 1875 4580 ea
1919 4540 2040 4595 quae
2073 4541 2162 4581 se-

577 4609 818 4664 cundum
844 4609 1016 4665 Deum
1048 4620 1132 4667 est
1164 4613 1350 4668 laetitia
1386 4614 1620 4669 fruatur.

649 4793 839 4851 lethaeo
871 4809 1003 4848 vero
1027 4795 1211 4850 omnia
1243 4796 1456 4852 aestimo
1485 4797 1555 4853 ad
1604 4813 1895 4869 personam
1929 4812 2154 4874 aposto-

576 4888 755 4942 lorum
787 4903 816 4940 a
841 4886 1047 4957 Spiritu
1081 4896 1274 4943 sancto
1303 4889 1520 4947 referri.
1548 4891 1682 4947 Nam
1717 4893 1849 4950 illud
1885 4914 1898 4950 :
1928 4897 2155 4953 Annun-

577 4981 706 5035 tiate
733 4984 784 5035 in
813 4980 1051 5050 gentibus
1083 4998 1242 5051 opera
1269 4982 1405 5052 ejus,
1429 5000 1541 5040 non
1577 4986 1700 5041 aliis
1732 4987 1915 5044 dicere
1956 5007 2158 5048 conve-

574 5073 659 5129 nit.
678 5089 842 5144 quam
864 5073 992 5128 illis.
1019 5071 1300 5130 Sermonis
1329 5092 1494 5147 porro
1515 5079 1799 5133 veritatem
1822 5081 1938 5151 ipse
1968 5099 2151 5138 rerum

573 5174 805 5223 eventus
835 5167 1184 5222 testificatur.
1213 5166 1428 5224 Etenim
1466 5171 1504 5226 ii
1539 5173 1641 5227 soli
1665 5173 1720 5226 in
1745 5176 2001 5243 gentibus
2030 5193 2152 5248 qua:

575 5277 673 5316 sua
705 5276 872 5330 opera
918 5261 1298 5341 universorum
1328 5262 1518 5319 ,Denm
1553 5277 1947 5338 cognoverunt,
1982 5286 2147 5341 opera

572 5351 672 5409 Dei
711 5352 1199 5415 annuntiaverunt,
1231 5335 1369 5422 quas
1417 5363 1606 5424 gentes
1659 5359 1913 5427 superius
1957 5376 2151 5416 novam

572 5443 977 5514 generationem
1024 5450 1078 5498 et
1129 5431 1385 5514 pepulum
1416 5446 1508 5514 qui
1547 5455 1766 5502 creatur
1797 5452 2152 5520 nuncupavit.

572 5536 711 5590 Eum
746 5535 931 5605 itaque
964 5535 1058 5605 qui
1093 5535 1378 5590 Dominum
1409 5538 1740 5607 quaesiturus
1769 5551 1874 5607 est,
1907 5558 2044 5612 opus
2072 5554 2157 5600 est

573 5627 751 5697 primo
772 5641 867 5695 per
889 5625 1159 5680 sinceram
1183 5627 1560 5696 pmnitentiam
1584 5634 1638 5681 et
1657 5644 1753 5697 per
1775 5628 1988 5687 fructus
2005 5631 2156 5700 ejus-

573 5717 699 5772 dem
746 5715 993 5771 conllteri
1038 5735 1055 5774 ;
1097 5733 1224 5774 nam
1261 5718 1356 5786 qui
1391 5716 1516 5772 talis
1545 5724 1650 5781 est,
1684 5716 1852 5774 Deum
1885 5735 2150 5790 quaerere,

645 5873 692 5910 "
732 5872 776 5933 11
808 5873 936 5934 Cor.
972 5890 1040 5944 ι,
1076 5875 1165 5943 17,
1202 5875 1288 5932 18.
1367 5876 1414 5908 ⁸³
1452 5873 1559 5933 Jcr.
1601 5892 1674 5945 Ix,
1708 5875 1811 5947 2'5,
1847 5877 1937 5933 ιιι.

2267 2025 2440 2093 ἰσχύϊ
2458 2022 2666 2088 αὑτοῦ,
2699 2023 2796 2076 καὶ
2827 2020 2914 2092 μὴ
2941 2021 3262 2092 καυχάσθω
3293 2023 3326 2076 ό
3362 2022 3626 2096 πλούσιος
3646 2022 3700 2074 ἐν
3717 2020 3772 2085 τῷ

2266 2117 2506 2192 πλούτῳ
2537 2114 2745 2170 αὐτοῦ·
2771 2116 2907 2170 ἀλλ’
2938 2115 2976 2184 ἣ
2993 2115 3062 2169 ἐν
3082 2116 3270 2182 τούτῳ
3301 2112 3602 2182 καυχάσθω
3624 2115 3649 2166 ὀ
3664 2129 3770 2165 καυ-

2265 2213 2551 2282 χώμενος,
2591 2210 2827 2266 συνιεῒν
2874 2208 2971 2266 καὶ
3022 2208 3361 2280 γινώσκειν,
3407 2207 3490 2261 ὅτι
3531 2204 3627 2277 ἐγώ
3649 2208 3773 2276 ειμιό

2265 2305 2480 2372 Κύριος
2510 2307 2543 2358 ὁ
2571 2301 2758 2361 ποιῶν
2787 2302 2962 2368 ἕλεος
3005 2301 3104 2356 καὶ
3157 2301 3544 2369 δικαιοσύνην
3575 2298 3655 2353 ἐπὶ
3699 2297 3773 2364 τῆς

2265 2395 2399 2471 γῆς.
2430 2395 2835 2466 Ενὺφρανθήτω
2865 2395 3078 2465 καρδία
3108 2393 3443 2463 ζητούντων
3476 2393 3572 2457 τὸν
3594 2395 3774 2461 Κύριον·

2263 2491 2540 2544 τουτέστιν
2579 2488 3022 2560 ἐπικαλουμένων
3072 2487 3235 2541 αὐτὸν
3284 2488 3369 2551 είς
3413 2487 3653 2558 βοήθειαν,
3678 2485 3704 2556 ἢ
3728 2484 3775 2537 δι’

2264 2585 2468 2657 ἀρετῆς
2501 2583 2638 2656 πρὸς
2667 2581 2827 2636 αὐτὸν
2845 2581 3159 2644 ὁδευόντων,
3186 2573 3269 2644 οἷς
3287 2579 3386 2632 καὶ
3402 2577 3676 2650 εὑρίσκεται
3712 2578 3777 2629 Δι-

2263 2677 2452 2732 δάσκει
2477 2675 2534 2729 δὲ
2551 2674 2715 2729 πόσον
2747 2673 2937 2743 ὄφελος
2964 2675 3027 2726 ὲκ
3038 2672 3130 2726 τοῦ
3150 2671 3576 2744 ἐξομολογεῖσθαι
3605 2670 3777 2739 γενήσει

2261 2787 2375 2827 ται.¹
2415 2769 2479 2822 Ὅ
2499 2767 2607 2840 γὰρ
2628 2767 2950 2840 ἐζητήσατε,
2970 2766 3124 2838 φησὶ,
3148 2764 3309 2819 τοῦτο
3339 2761 3778 2836 ωμὸήσεταιῦμῖν,

2262 2866 2296 2936 ή
2328 2863 2454 2934 περὶ
2485 2861 2577 2917 τὸν
2603 2861 2726 2914 νοῦν
2755 2859 3081 2931 εὐφροσύνη·
3113 2859 3215 2935 τῆς
3240 2858 3355 2936 γὰρ
3382 2861 3460 2923 είς
3481 2856 3599 2910 Θεὸν
3619 2852 3780 2915 ἐλπίδος

2264 2956 2402 3028 αὕτη
2431 2957 2660 3026 καρπός.
2691 2955 2800 3009 Θέα
2824 2953 2881 3006 δὲ
2903 2953 3048 3025 ὅπως
3081 2951 3190 3009 ἀπὸ
3221 2952 3643 3032 ὲξομολογήσεως
3655 2945 3780 3018 ἦρξα·

2260 3069 2344 3115 το,
2388 3050 2481 3104 καὶ
2519 3048 2814 3120 κατέληξεν
2841 3048 2921 3111 εἰς
2969 3045 3331 3117 εὐφροσύνην.
3379 3044 3538 3117 Ἀρχὴ
3584 3042 3667 3114 μὲν
3704 3039 3782 3108 γάρ

2262 3144 2364 3213 τῆς
2413 3140 2554 3199 κατὰ
2593 3139 2725 3193 Θεὸν
2768 3137 3050 3211 προκοπῆς
3091 3135 3498 3211 ἐξομολόγησις·
3538 3130 3668 3194 τέλος
3693 3127 3785 3194 6ὲὴ

2265 3233 2409 3289 κατὰ
2431 3235 2563 3287 Θεὸν
2582 3231 2908 3304 εὐφροσύνη·
2929 3231 3156 3287 πλεῖστα
3187 3230 3244 3282 δὲ
3277 3229 3352 3282 τὰ
3387 3227 3578 3300 μεταξὺ
3611 3227 3784 3277 τούτων.

2264 3327 2458 3398 Δεήσει
2487 3324 2667 3378 τοίνυν
2707 3321 2924 3394 πρῶτον
2956 3320 3398 3392 ἐξομολογεῖσθαι
3431 3318 3505 3389 τῷ
3536 3314 3698 3397 Κυρίῳ
3724 3312 3788 3365 διὰ

2263 3418 2493 3491 γνησίας
2519 3414 2826 3487 μετανοίας,
2858 3415 2954 3469 καὶ
2982 3413 3209 3486 καρπῶν
3230 3413 3548 3488 πρεπόντων
3566 3412 3623 3481 τῇ
3647 3405 3789 3474 ἐξομο-

2264 3512 2502 3582 λογήσει·
2539 3509 2726 3563 ἔπειτα
2761 3507 3147 3580 βελτιωθέντας
3174 3506 3403 3578 θαρρεῖν
3441 3505 3531 3558 καὶ
3567 3498 3790 3555 ἐπικαλεῖ-

2267 3601 2390 3664 σθαι
2419 3601 2480 3654 τὸ
2506 3600 2677 3671 ὄνομα
2712 3597 2898 3662 αὐτοῦ,
2915 3596 3011 3650 καὶ
3036 3595 3208 3659 οὕτως
3245 3595 3391 3668 μετὰ
3412 3593 3506 3665 τὴν
3536 3589 3792 3662 ὲξομολόγτζε

2267 3712 2349 3748 σιν
2381 3691 2838 3763 ἐπικαλουμένους
2865 3688 3256 3755 καταξιοῦσθαι
3291 3688 3405 3741 τῶν
3439 3685 3582 3758 παρὰ
3599 3681 3679 3737 τοῦ
3691 3678 3791 3733 Θεοῦ

2264 3787 2638 3858 χαρισμάτων·
2667 3780 2785 3839 εἶτα
2817 3782 3022 3836 τούτων
3067 3781 3343 3854 τυχόντες,
3378 3780 3591 3852 ἐτέρους
3615 3773 3794 3843 ὡεελεῖν

2263 3877 2351 3932 διά
2377 3876 2469 3930 τοῦ
2497 3875 2861 3946 ἀπαγγέλλειν
2883 3876 2962 3938 είς
2988 3873 3254 3939 ἅπαντας,
3284 3872 3434 3945 ἅπερ
3469 3867 3792 3943 μεμαθήκασιν

2263 3973 2401 4043 ἔργα
2449 3969 2632 4026 αὑτοῦ·
2667 3971 2762 4023 καὶ
2809 3969 2901 4022 ἐπὶ
2953 3967 3162 4031 τούτοις
3191 3967 3268 4030 ὡς
3303 3966 3372 4020 ἂν
3422 3960 3795 4030 καταξιωθέντες

2262 4066 2363 4136 τῆς
2389 4063 2531 4119 κατά
2544 4062 2675 4116 Θεὸν
2702 4061 2986 4134 θυμηδίας,
3012 4061 3159 4134 ᾅδειν
3189 4059 3338 4131 αὐτῷ
3377 4059 3474 4112 καὶ
3501 4055 3710 4127 ψάλλειν·
3727 4048 3795 4101 καὶ

2267 4155 2406 4227 μετά
2457 4153 2633 4208 ταῦτα
2664 4151 3000 4224 σαφηνιστάς
3030 4149 3275 4222 γίνεσθαι
3315 4150 3428 4203 τῶν
3454 4150 3512 4202 ὲν
3543 4148 3644 4208 τοῖς
3673 4141 3797 4200 θείοις

2261 4247 2460 4316 λογίοις
2487 4247 2838 4320 ἀπορρήτων·
2856 4240 2952 4299 εἶτ’
2979 4245 3079 4317 ἤδη
3101 4242 3539 4315 κατωρθωκότας
3568 4238 3628 4294 τὰ
3647 4231 3796 4289 τοσαῦ-

2261 4357 2330 4392 τα
2358 4339 2699 4393 ἐπαινεῖσθαι
2730 4339 2787 4391 ἐν
2810 4336 2888 4408 τῷ
2917 4337 3138 4408 ὀνόματι
3167 4334 3352 4389 αὐτοῦ·
3400 4335 3495 4390 καὶ
3526 4332 3666 4394 τέλος
3696 4323 3798 4399 μετᾶ

2263 4431 2459 4494 πάντα,
2491 4429 2875 4502 εὐφραίνεσθαι
2894 4427 3036 4482 κατὰ
3054 4427 3313 4490 διάνοιαν,
3332 4424 3561 4497 καρδίαν
3590 4416 3798 4490 ὀνομαζο-

2265 4525 2451 4596 μένην.
2503 4521 2663 4594 Αὕτη,
2692 4523 2784 4574 τὸν
2834 4519 3036 4591 Κύριον
3095 4517 3428 4586 ἐκζητοῦσα,
3466 4516 3524 4583 ἐξ
3559 4513 3710 4582 αὐτῆς
3728 4510 3801 4576 τῆς

2188 4635 2232 4690 D
2263 4617 2542 4688 ζητήσεως
2575 4616 2668 4669 καὶ
2694 4615 2792 4686 τῆς
2806 4613 3188 4684 ἐπιγινομένης
3203 4614 3270 4683 τῇ
3293 4613 3524 4683 ζητήσει
3555 4605 3799 4678 εὑρέσεως.

2263 4708 2584 4763 ἀπολαυὲτω
2599 4709 2700 4779 τῆς
2724 4706 2866 4761 κατὰ
2892 4706 3024 4764 Θεὸν
3049 4704 3413 4778 εὐφροσύνης.

2333 4802 2520 4856 Ταῦτα
2561 4801 2618 4854 δὲ
2652 4801 2829 4856 πάντα
2859 4799 3102 4872 ἡγοῦμαι
3134 4800 3214 4864 εἰς
3255 4797 3551 4870 πρόσωπον
3573 4790 3674 4845 τῶν
3697 4787 3800 4840 ἀπο-

2263 4895 2466 4949 στόλων
2493 4894 2597 4947 ύπὸ
2640 4893 2735 4948 τοῦ
2786 4895 2942 4964 ἁγίου
2984 4893 3301 4963 Πνεύματος
3350 4884 3724 4961 ἀναφέρεσθαι.
3751 4873 3805 4928 Τδ

2262 4988 2390 5060 γὰρ,
2415 4988 2828 5057 Ἀπαγγείλατε
2867 4986 2937 5040 ἐν
2975 4985 3098 5053 τοῖς
3128 4986 3331 5040 ἔθνεσι
3374 4983 3451 5038 τὰ
3479 4984 3617 5051 ἔργα
3635 4971 3801 5060 αὐτοῦ,

2260 5059 2362 5132 οὐκ
2383 5078 2564 5143 ἄλλοις
2599 5078 2827 5149 ἁρμόζει
2857 5077 3111 5146 λέγεσθαι
3156 5077 3189 5148 ἢ
3224 5076 3433 5141 αὐτοῖς.
3475 5059 3806 5159 Μαρτυρείξέ

2258 5167 2337 5238 τῷ
2369 5168 2516 5240 λόγῳ
2544 5169 2607 5222 τὸ
2641 5168 3008 5240 ἀποτέλεσμα·
3048 5167 3198 5240 μόνοι
3239 5166 3349 5238 γὰρ
3385 5161 3714 5234 ἀπήγγειλαν
3732 5170 3802 5206 τοι·

2257 5258 2391 5313 Θεοῦ
2437 5261 2507 5314 τὰ
2534 5260 2672 5333 ἔργα
2698 5264 2755 5315 ὲν
2798 5264 2910 5326 τοῖς
2945 5260 3123 5314 ἔθνεσι
3147 5263 3260 5324 τοῖς
3303 5260 3370 5313 δι’
3398 5258 3582 5312 αὐτῶν
3605 5255 3685 5309 τὸν
3723 5247 3804 5302 τῶν

2255 5353 2391 5406 ὅλων
2424 5354 2555 5406 Θεὸν
2588 5354 2975 5422 ὲπεγνωκόσιν,
3010 5352 3103 5417 οὒς
3133 5353 3393 5423 ἀνωτέρω
3420 5348 3615 5419 καινὴν
3646 5340 3800 5413 γενεὰν

2257 5445 2353 5498 καὶ
2380 5445 2506 5499 λαὸν
2535 5446 2851 5518 κτιζόμενον
2908 5445 3338 5518 προσηγόρευσε.
3397 5445 3492 5496 Δεῖ
3535 5439 3702 5495 τοίνυν
3736 5431 3801 5484 τὸν

2259 5539 2519 5609 μέλλοντα
2551 5539 2736 5612 ζητεῖν
2765 5540 2856 5594 τὸν
2882 5541 3087 5612 Κύριον
3110 5538 3554 5610 ἐξομολογεῖσθαι
3582 5531 3799 5604 πρότερον

2254 5631 2322 5685 δι’
2348 5632 2672 5704 εἰλικρινοῦς
2725 5635 3014 5706 μετανοίας
3060 5634 3153 5688 καὶ
3179 5633 3286 5686 τῶν
3313 5630 3530 5700 ταύτης
3561 5621 3762 5696 καρπῶν
3786 5630 3797 5641 ’

2256 5727 2284 5778 ὁ
2313 5725 2420 5797 γὰρ
2471 5725 2709 5792 τοιοῦτος
2749 5729 2841 5782 καὶ
2876 5725 3061 5798 ζητεῖν
3110 5725 3353 5790 δύναται,
3413 5723 3511 5778 καὶ
3548 5715 3712 5792 ζητῶν
3737 5707 3797 5767 εὖ·
