3994 6424
239 461 368 517 4501

1337 422 1942 535 continuum-mm
1982 462 2318 520 PSALMOS.

3342 461 3480 522 13οΞ

237 581 365 638 ρεῖν.
398 577 464 632 El
494 578 604 651 γὰρ
657 580 751 636 ἐπὶ
800 581 960 635 λίθων
989 601 1192 655 τιμιων.
1215 585 1325 639 τῶν
1371 585 1589 639 εἰδότων
1625 585 1794 656 χρεία,

1906 589 1962 638 et
1987 582 2283 653 quaerendo
2307 581 2556 638 invenire
2581 590 2782 653 potest.
2806 581 2938 636 Nam
2965 582 3012 637 si
3045 597 3167 637 eum
3190 582 3257 638 de
3284 583 3481 654 lapidi-

234 673 325 726 καὶ
340 673 432 726 ἐπὶ
455 672 812 745 κολυμϐητῶν
835 676 1033 748 πολλῆς
1058 678 1157 748 τῆς
1180 679 1489 750 ἐπιστήμης
1509 679 1610 742 δεῖ,
1631 677 1806 748 πολλῷ

233 764 428 835 μᾶλλον
455 766 548 826 ἐπὶ
578 766 733 821 Θεοῦ.
762 770 938 824 Πολλὰ
963 773 1071 842 γάρ
1107 774 1223 825 ἐστι
1249 772 1319 825 τὰ
1341 772 1618 826 κωλύοντα
1647 771 1805 826 αὑτὸν

229 857 428 927 εὑρεῖν,
458 858 553 911 καὶ
586 861 927 931 πραγμάτων
948 863 1124 934 ὄχλος,
1157 864 1251 919 καὶ
1284 863 1485 936 σαρκὸς
1502 865 1806 918 ἐπαναστά-

230 965 360 1012 σεις,
405 951 501 1004 καὶ
531 951 811 1023 νοσήματα
829 953 1037 1025 ψυχῶν,
1069 955 1165 1008 καὶ
1197 955 1466 1027 δαιμόνων
1498 954 1802 1018 ἐπιϐουλαὶ,

227 1039 319 1091 καὶ
369 1039 614 1112 ῥᾳθυμία
672 1043 917 1116 γνώμης.
985 1047 1100 1100 Κᾶν
1133 1047 1538 1118 ἀπαλλαγῶμεν
1598 1047 1804 1101 τούτων

215 1130 502 1198 ἁπάντων,
540 1138 748 1206 ταχέως
782 1139 944 1204 αὑτὸν
985 1139 1311 1213 εὑρήσομεν,
1346 1142 1443 1196 καὶ
1474 1140 1572 1213 τὴν
1604 1142 1803 1196 κακίαν

224 1223 624 1296 ἀποδυσόμεθα,
677 1231 771 1284 καὶ⁸
822 1230 930 1301 τὴν.
965 1233 1166 1304 ἀρετὴν
1195 1233 1460 1304 ἑλώμεθα.
1510 1231 1658 1304 Αὕτη
1691 1233 1800 1304 γάρ

220 1316 369 1371 ἐστιν
399 1319 435 1389 ή
479 1321 597 1372 ἐκεῖ
618 1321 857 1393 φέρουσα
893 1323 1031 1390 ὁδός.
1067 1326 1132 1385 Τί
1159 1321 1252 1387 οῦν
1276 1327 1392 1387 ἐστι
1424 1325 1687 1396 ζήτησιςς
1741 1325 1802 1379 τὸ

221 1412 462 1481 συνεχῶς
477 1413 682 1468 ἐκεῖνον
703 1419 902 1471 ἐννοεῖν
931 1419 1024 1476 καὶ
1056 1418 1381 1488 λογίζεσθαι·
1421 1421 1450 1473 ό
1480 1419 1589 1491 γὰρ
1623 1418 1799 1491 ζητῶν

215 1501 308 1560 ἐπὶ
331 1502 570 1570 διανοίας
593 1506 702 1566 ἔγει
726 1508 788 1563 τὸ
814 1509 1160 1572 ζτκτούαενον.

279 1678 600 1750 Ζητήσατε
640 1684 746 1739 τὸν
782 1687 999 1756 Κύριον
1040 1690 1140 1744 καί
1173 1689 1588 1758 κραταιώθητεε
1625 1690 1796 1759 ζητήε

211 1781 367 1825 cate
394 1771 460 1826 τὸ
487 1777 813 1843 πρόσωπον
853 1780 1040 1834 αὐτοῦ
1085 1781 1432 1850 διαπαντός.
1467 1784 1532 1836 Τί
1559 1785 1674 1837 ἐστι
1735 1785 1798 1838 τὸ

211 1867 402 1937 ζητεῖν
428 1871 521 1920 τὸν
552 1867 790 1938 Κύριον;
815 1869 874 1923 τὺ
907 1869 976 1925 τὰ
998 1871 1207 1927 ἐκείνου
1235 1876 1471 1944 φρονεῖν,
1496 1874 1556 1927 τὸ
1581 1875 1668 1930 ἀεὶ
1696 1875 1795 1928 αὑ-

207 1959 305 2012 τὸν
342 1959 672 2028 λογίζεσθαι,
716 1961 778 2015 τὸ
801 1962 886 2016 ἀεὶ
916 1964 975 2018 ἐν
1017 1964 1224 2037 διανοίᾳ
1251 1965 1414 2036 ἔχειν,
1437 1965 1498 2019 τὸ
1531 1966 1795 2036 μηδέποτε

209 2048 490 2106 παύεσθαι
522 2049 811 2121 ὁμιλοῦντα
835 2050 982 2123 αὐτῷ
1008 2052 1095 2106 διὰ
1121 2053 1220 2124 τῆς
1244 2052 1550 2125 προσευχῆς
1569 2054 1663 2112 καὶ
1689 2053 1797 2107 τῶν

211 2140 442 2210 ἀγαθῶν
473 2141 743 2214 πράξεων.
791 2144 1026 2216 Ἀμαχοι
1055 2145 1113 2201 δὲ
1147 2147 1196 2199 οξ
1256 2143 1542 2215 ζητοῦντες
1587 2144 1796 2199 ἔσονται.

211 2234 313 2288 καὶ⁸
343 2233 622 2305 ἀήττητοι,
656 2235 1028 2307 Παρορμήσας
1061 2235 1243 2306 μέντοι
1285 2235 1500 2304 ό,λόγος
1533 2237 1660 2298 τοὺς
1688 2235 1796 2290 τῶν

208 2326 391 2383 ἐθνῶν
425 2328 671 2399 κήρυκας
705 2329 799 2389 ἐπὶ
822 2329 884 2383 τὸ
918 2327 1212 2402 προθύμως
1236 2329 1534 2400 ἐκζητῆσαι
1569 2329 1658 2383 τὸν
1678 2329 1796 2383 Κύ-

210 2435 355 2488 ριον,
380 2417 461 2472 ἔτι
480 2419 679 2490 μᾶλλον
700 2421 895 2485 αὐτοὺς
906 2420 1271 2494 ἐπιρρώννυσι
1299 2421 1492 2490 λέγων,
1511 2421 1798 2491 Κραταιώ-

209 2512 382 2576 θητε.
411 2509 678 2574 τουτέστι,
725 2509 817 2580 Μὴ
845 2508 1139 2588 χαυνοῦσθε
1177 2511 1259 2574 είς
1290 2510 1351 2564 τὸ
1401 2511 1585 2583 ζητεῖν
1611 2511 1791 2566 αὐτόν.

209 2599 392 2662 Τοῦτο
441 2601 500 2654 δὲ
537 2605 849 2674 προσφωνεῖ
894 2603 1098 2667 αὐτοῖς,
1149 2604 1226 2667 ὡς
1260 2602 1533 2674 δεομένοις
1561 2603 1793 2674 κράτους

207 2693 314 2749 καὶ
367 2693 651 2764 δυνάμεως
699 2695 779 2758 εἰς
831 2693 892 2746 τὸ
942 2693 1156 2764 ἰσχῦσαι
1208 2691 1270 2748 τὸ
1327 2691 1794 2764 προστεταγμένον

207 2783 464 2854 ποιῆσαι·
495 2784 633 2856 ὅπερ
663 2781 730 2856 ἦν
757 2784 817 2838 τὸ
851 2783 1029 2837 ἔθνεσι
1055 2781 1310 2855 κηρύξαι,
1347 2781 1572 2852 Ἕλλησί
1603 2798 1664 2834 τε
1697 2782 1792 2835 καὶ

203 2873 536 2947 βαρϐάροις,
564 2877 706 2930 κατὰ
737 2876 817 2937 τὺ,
853 2878 1068 2944 Κύριος
1081 2875 1258 2928 δώσει
1287 2872 1453 2942 ῥῆμα
1476 2872 1599 2939 τοῖς
1627 2874 1795 2939 εὐαγ-

201 2965 612 3038 τελιζομένοις
643 2966 889 3036 δυνάμει
918 2964 1140 3034 πολλῇ.
1179 2964 1454 3020 Διδάσκων
1480 2963 1536 3017 δὲ
1563 2963 1679 3038 πῶς
1713 2962 1794 3021 δεῖ

199 3059 263 3113 τὸ
292 3058 481 3132 ζητεῖν
509 3064 702 3126 ποιεῖν,
725 3061 818 3114 καὶ
853 3060 934 3114 ὅτι
955 3060 1054 3130 οὐχ
1085 3057 1234 3123 ἅπαξ
1268 3057 1301 3129 ἢ
1329 3057 1430 3122 δίς,
1474 3055 1608 3110 ἀλλὰ
1639 3053 1793 3126 παρά

199 3151 395 3210 πάντα
418 3152 509 3206 τὸν
533 3151 646 3228 βίον
671 3151 771 3223 τὴν
796 3150 1001 3206 ἄνωθεν
1038 3149 1355 3220 ἐπικουρίαν
1394 3150 1659 3221 προσήκει
1691 3147 1790 3218 ξη-

195 3247 324 3297 τεῖν
352 3243 448 3296 καὶ
477 3243 574 3314 τὴν
610 3242 872 3312 ὠφέλειαν
919 3241 1281 3312 καρποῦσθαι,
1309 3241 1574 3311 ἐπήγαγε
1600 3240 1790 3308 Ζητή-
1814 3270 1858 3329 c

196 3350 359 3398 σατε
411 3333 480 3387 τὸ
512 3334 835 3403 πρόσωπον
883 3333 1068 3392 αὐτοῦ
1110 3332 1455 3398 διαπαντόςο
1489 3333 1549 3385 οὐ
1607 3332 1789 3402 τρίτον

195 3426 298 3479 τοῦ
325 3425 602 3488 ἐνιαυτοῦ,
630 3425 771 3479 κατὰ
806 3424 896 3478 τὸν
925 3424 1030 3478 ὑπὸ
1060 3424 1337 3489 Μωῦσέως
1368 3423 1586 3483 δοθέντα
1626 3424 1789 3496 νόμον

196 3519 445 3585 ξνώπιον
473 3516 637 3572 αὑτοῦ
663 3517 994 3588 φαινόμενοι,
1015 3515 1148 3572 ἀλλὰ
1175 3515 1324 3588 παρᾶ
1347 3515 1522 3570 πάντα
1535 3516 1624 3568 τὸν
1654 3515 1784 3586 βίον.

196 3612 510 3683 Πρόσωπον
537 3611 592 3664 δὲ
610 3609 842 3663 ἐνταῦθα
870 3609 970 3680 τὴν
991 3608 1308 3678 ἐπιφάνειαν
1336 3607 1498 3662 αὑτοῦ
1521 3608 1671 3685 φησὶ,
1691 3606 1788 3678 τὴν

195 3696 536 3768 ἐπισκοπὴν,
565 3696 662 3769 τὴν
695 3696 970 3768 πρόνοιαν,
1013 3695 1111 3770 τὴν
1142 3695 1485 3768 κηδεμονίαν,
1518 3697 1615 3768 τὴν
1661 3695 1789 3767 βοή-

195 3787 388 3852 θειαν,
414 3786 511 3857 τὴν
535 3771 870 3858 συμμαχίαν,
893 3788 993 3858 τὴν
1014 3786 1228 3841 ἔννοιαν
1245 3787 1343 3859 τὴν
1367 3789 1493 3859 περὶ
1512 3788 1692 3841 αὐτόν.
1717 3787 1790 3840 Τὸ

193 3880 314 3950 γὰρ
349 3879 450 3949 τῆς
472 3880 658 3943 οὐσίας
698 3880 985 3950 πρόσωπον
1004 3879 1176 3942 οὐδεὶς
1199 3878 1387 3949 ὄψεται
1413 3880 1506 3933 καὶ
1546 3878 1788 3952 ζήσεται.

194 3973 513 4043 Πρόσωπον
542 3970 600 4024 δὲ
626 3970 791 4024 αὐτοῦ
824 3971 920 4024 καὶ
947 3972 976 4025 ὁ
1005 3971 1153 4035 Υίός.

270 4058 602 4127 Μνήσθητε
643 4060 758 4116 τῶν
789 4061 1137 4131 θαυμασίων
1177 4061 1366 4116 αὐτοῦ
1402 4055 1489 4116 ὧν
1516 4061 1787 4130 ἐποίησε,

191 4153 276 4206 τὰ
311 4150 532 4219 τέρατα
557 4153 746 4217 αὑτοῦ
785 4153 884 4208 καί
931 4153 1003 4207 τὰ
1045 4154 1297 4224 κρίματα
1338 4155 1445 4208 τοῦ
1493 4155 1790 4223 στόματος

189 4244 435 4300 αὐτοῦ’
469 4245 577 4298 εἴτε
617 4245 726 4300 τῶν
757 4245 815 4300 ὲν
849 4249 914 4318 τῇ
949 4246 1168 4318 Παλαιᾷ
1193 4246 1408 4316 Γραφῇ,
1439 4246 1548 4298 εἴτε
1583 4244 1691 4298 τῶν
1730 4247 1788 4299 ἐν

190 4339 323 4401 τοῖς
368 4336 740 4405 Εὐαγγελίοις.
775 4336 959 4391 Ταῦτα
987 4338 1094 4409 γὰρ
1124 4338 1306 4408 δεήσει
1341 4338 1484 4406 ὑμᾶς
1518 4338 1643 4401 τοὺς
1680 4337 1787 4390 τῶν

190 4429 386 4482 ἐθνῶν
414 4429 661 4500 κήρυκας
698 4431 778 4494 είς
820 4430 998 4484 πάντα
1039 4429 1108 4483 τὰ
1148 4429 1274 4500 ἔθνη
1317 4428 1619 4483 διαδοῦναιο
1667 4429 1788 4482 ἐπεὶ

192 4521 284 4592 μὴ
334 4519 598 4591 πρότερον
639 4519 776 4574 αὐτὰ
817 4520 968 4592 παρὰ
1004 4537 1149 4584 τινος
1194 4520 1351 4575 ἄλλον
1385 4521 1783 4592 μεμαθήκασιν.

1907 676 2010 731 bus
2039 677 2298 746 pretiosis
2322 674 2522 745 agitur,
2559 674 2746 743 peritis
2773 683 2858 730 est
2883 689 3044 745 opus,
3074 683 3129 730 et
3155 675 3202 731 si
3234 677 3480 731 urinato-

1906 784 1997 824 res
2028 769 2199 822 multa
2231 767 2461 823 scientia
2495 776 2690 838 egent,
2719 768 2892 823 multo
2915 768 3089 838 magis
3116 784 3240 822 cum
3270 769 3338 823 de
3367 768 3478 824 Deo

1905 862 2103 931 agitur.
2145 859 2312 913 Multa
2337 858 2481 914 enim
2510 859 2896 929 impedimento
2916 867 3045 915 sunt
3068 859 3362 929 quominus
3388 859 3477 912 in-

1905 951 2179 1016 veniatur,
2237 951 2580 1022 negotiorum
2637 951 2930 1015 tumultus,
2979 952 3164 1006 carnis
3213 950 3474 1013 insultus,

1903 1046 2210 1100 animarum
2252 1045 2449 1109 morbi,
2497 1044 2802 1099 daemonum
2833 1043 3066 1109 insidiae,
3099 1044 3264 1098 animi
3295 1044 3478 1114 segni-

1904 1137 2043 1204 ties;
2068 1137 2115 1192 si
2142 1137 2227 1194 his
2248 1136 2503 1193 omnibus
2529 1136 2848 1200 liberemur,
2868 1137 3270 1207 quamprimum
3294 1137 3474 1207 ipsum

1902 1228 2264 1295 inveniemus,
2322 1228 2586 1283 malitiam
2625 1242 2911 1298 ponemus,
2953 1235 3008 1283 et
3055 1229 3312 1283 virtutem
3357 1215 3481 1282 am?

1901 1321 2262 1392 plexabimur.
2299 1319 2424 1376 Haec
2455 1320 2656 1390 quippe
2683 1319 2773 1374 via
2801 1325 2887 1376 est
2915 1319 3008 1375 illo
3049 1320 3300 1375 tendens.
3333 1318 3474 1386 Quid

1899 1427 2031 1483 ergo
2052 1420 2138 1468 est
2193 1412 2288 1467 illa
2339 1410 2664 1483 inquisitio?-
2697 1409 3013 1480 frequenter
3050 1409 3203 1464 illum
3230 1409 3474 1480 cogitare

1897 1511 1954 1562 et
1974 1504 2158 1560 animo
2184 1519 2408 1562 versare
2441 1523 2456 1560 :
2489 1518 2616 1559 nam
2661 1502 2756 1574 qui
2788 1503 3004 1573 quaerit,
3055 1503 3111 1557 in
3147 1502 3264 1573 ipsa
3291 1507 3474 1557 mente

1897 1596 2043 1666 quod
2073 1596 2268 1666 quaerit
2308 1596 2490 1652 habet.

1969 1687 2149 1755 Quwri
2157 1697 2204 1742 te
2225 1688 2509 1743 Dominum
2525 1698 2574 1742 et
2590 1685 2978 1758 conﬁrmamini
3002 1700 3021 1738 :
3040 1686 3256 1756 quaerite
3279 1684 3474 1752 faciem

1895 1781 2010 1848 ejus
2038 1795 2258 1849 semper.
2292 1777 2434 1846 Quid
2462 1786 2548 1835 est
2587 1779 2875 1835 Dominum
2928 1777 3214 1849 quaerere?
3247 1791 3368 1847 quae
3402 1777 3469 1830 ad

1899 1871 2049 1928 illum
2070 1870 2342 1940 pertinent
2368 1885 2581 1939 sapere,
2598 1869 2666 1925 de
2689 1869 2781 1924 illo
2803 1884 3022 1939 semper
3049 1867 3312 1938 cogitare,
3343 1882 3468 1920 eum

1897 1962 1952 2018 in
1980 1971 2160 2018 mente
2183 1977 2398 2032 semper
2419 1977 2659 2026 versare,
2690 1976 2968 2032 nunquam
2994 1975 3119 2016 cum
3141 1975 3208 2015 80
3228 1975 3322 2028 per
3345 1973 3473 2013 ora-

1896 2052 2100 2109 tionem
2121 2062 2176 2108 et
2192 2053 2335 2107 bona
2362 2067 2526 2124 opera
2557 2052 2921 2109 conversandi
2948 2051 3110 2108 finem
3139 2049 3338 2105 facere.
3364 2048 3469 2116 Qui

1896 2152 2077 2200 autem
2133 2143 2310 2212 ipsum
2360 2143 2665 2214 inquirunt,
2707 2142 2893 2198 invicti
2959 2149 3014 2196 et
3067 2139 3470 2211 insuperabiles

1895 2238 2075 2289 erunt.
2111 2233 2247 2288 Cum
2299 2232 2463 2303 igitur
2508 2247 2690 2288 sermo
2740 2233 2982 2302 gentium
3022 2245 3300 2302 praecones
3331 2231 3470 2286 inci-

1895 2331 2070 2380 tasset
2097 2334 2158 2379 ut
2182 2323 2472 2379 Dominum
2509 2324 2767 2380 alacriter
2787 2325 3160 2396 exquirerent,
3187 2337 3336 2378 nunc
3359 2337 3470 2376 ma-

1895 2417 1977 2486 gis
2018 2416 2299 2487 magisque
2327 2417 2612 2471 conﬁrmat
2637 2417 2760 2472 illos
2782 2415 2970 2472 dicens
2995 2434 3010 2471 :
3039 2414 3467 2485 Conﬁrmamini,

1895 2507 1952 2562 id
1983 2516 2088 2570 est,
2110 2507 2191 2562 Ne
2217 2507 2454 2562 molliter
2481 2507 2537 2561 in
2565 2507 2658 2564 illo
2688 2508 2981 2577 quaerendo
3009 2506 3210 2578 agatis.
3246 2504 3337 2560 Sic
3365 2519 3467 2558 au-

1893 2605 2003 2655 tem
2036 2599 2186 2670 ipsos
2217 2599 2533 2670 alloquitur,
2565 2607 2628 2656 ut
2656 2599 2854 2654 robore
2877 2614 2941 2656 ac
2981 2599 3185 2654 virtute
3217 2595 3469 2667 indigen-

1893 2697 1998 2756 tes,
2032 2707 2140 2762 quo
2171 2691 2294 2747 illos
2332 2691 2399 2746 ad
2441 2691 2656 2761 jussum
2712 2691 3079 2762 peragendum
3123 2689 3410 2745 conﬁrmet
3449 2703 3466 2740 :

1891 2791 2010 2848 erat
2035 2797 2199 2854 porro
2227 2782 2383 2849 illud,
2413 2790 2470 2839 ut
2499 2783 2753 2854 gentibus
2775 2783 3155 2853 praedicarent,
3183 2780 3390 2836 Graaeis
3412 2789 3469 2835 et

1892 2874 2163 2938 barbaris,
2208 2874 2510 2929 secundum
2548 2873 2682 2930 illud
2717 2889 2731 2926 :
2774 2873 3032 2935 Dominus
3076 2872 3223 2932 dabit
3251 2871 3464 2928 verbum

1889 2966 2364 3037 euangelizantibus
2383 2967 2573 3024 uirtute
2602 2968 2773 3025 multa
2791 2967 2858 3022 “.
2876 2967 3150 3037 Docetque
3173 2981 3283 3037 quo
3301 2974 3483 3036 pacto

1891 3074 2134 3129 quaerere
2163 3059 2314 3112 illum
2351 3067 2624 3129 oporteat,
2669 3069 2722 3116 et
2747 3058 2893 3131 quod
2921 3073 3031 3120 non
3044 3057 3212 3113 semel
3231 3065 3325 3112 aut
3353 3049 3460 3121 bis”,

1892 3151 1986 3211 sed
2012 3167 2108 3222 per
2139 3161 2308 3207 totam
2330 3153 2520 3216 vitam,
2552 3167 2850 3223 supernum
2884 3151 3147 3207 auxilium
3173 3149 3463 3220 exquirere

1891 3227 2039 3316 opus.
2061 3244 2154 3311 sit,
2213 3253 2376 3314 atque
2417 3244 2547 3300 hinc
2593 3246 2880 3308 utilitatem
2919 3258 3134 3314 capere.
3175 3239 3463 3296 Subsumit

1889 3334 2084 3394 deinde
2110 3353 2124 3390 :
2152 3334 2385 3402 Quwrite
2418 3335 2607 3405 faciem
2637 3337 2750 3410 ejus
2778 3350 2994 3404 semper.
3014 3333 3135 3390 Non
3169 3346 3253 3388 ter
3281 3333 3336 3387 in
3363 3348 3464 3388 an-

1891 3441 1982 3491 no,
2006 3432 2067 3480 ut
2095 3427 2152 3480 in
2183 3426 2299 3497 lege
2317 3425 2518 3500 Moysis
2549 3425 2845 3493 ferebatur,
2871 3425 2925 3480 in
2958 3433 3314 3495 conspectum
3340 3423 3462 3494 ejus

1891 3518 2200 3586 venientes,
2242 3518 2338 3582 sed
2366 3535 2461 3590 per
2499 3527 2667 3574 totam
2697 3519 2880 3573 vitam.
2932 3516 3150 3584 Faciem
3197 3531 3328 3572 vero
3374 3515 3463 3570 hic

1889 3617 2047 3670 vocat
2075 3610 2195 3681 ejus
2251 3610 2566 3675 adventum,
2611 3610 3000 3674 visitationem,
3038 3607 3460 3679 providentiam,

1889 3715 2098 3770 curam,
2126 3702 2409 3767 auxilium,
2429 3702 2830 3771 commilitium,
2853 3701 3304 3761 benevolentiam.
3325 3698 3460 3753 Nam

1891 3795 2208 3854 substantia:
2230 3795 2350 3871 ejus
2380 3794 2570 3850 faciem
2598 3809 2761 3848 nemo
2786 3793 2991 3849 videbit
3012 3800 3066 3848 et
3091 3791 3252 3846 vivet.
3271 3789 3461 3846 Facies

1889 3889 2018 3946 item
2047 3889 2167 3960 ejus
2193 3897 2275 3950 est
2314 3886 2506 3943 Filius.

1970 4064 2134 4124 Vens.
2191 4067 2243 4122 5.
2283 4064 2595 4125 Mementote
2631 4064 2956 4118 mirabilium
3001 4064 3114 4135 ejus
3161 4077 3278 4135 qua!
3316 4061 3462 4131 fecit,

1887 4157 2127 4230 prodigia
2173 4158 2285 4227 ejus
2327 4166 2376 4211 et
2416 4156 2626 4226 judicia
2655 4157 2764 4210 oris
2812 4155 2963 4219 eius;
2988 4155 3102 4210 sive
3125 4153 3214 4208 illa
3250 4166 3371 4223 quae
3403 4151 3462 4206 in

1890 4248 2070 4304 Veteri
2108 4250 2414 4320 Scriptura,
2439 4249 2554 4305 sive
2581 4249 2673 4304 illa
2689 4264 2810 4325 qua:
2830 4250 2885 4304 in
2916 4246 3225 4318 Evangeliis
3255 4259 3464 4307 memo-

1837 4381 1845 4392 .
1888 4350 2100 4397 rantur.
2142 4339 2267 4396 Hazc
2285 4341 2430 4396 enim
2455 4357 2594 4414 opus
2623 4342 2728 4398 erit
2769 4355 2868 4397 vos
2906 4339 3150 4413 gentium
3183 4350 3464 4416 praecones

1889 4433 2146 4489 omnibus
2194 4433 2446 4504 gentibus
2490 4434 2740 4502 tradere;
2775 4431 2994 4504 quando
3044 4429 3150 4484 illa:
3197 4444 3260 4485 ea
3298 4442 3330 4482 a
3367 4442 3466 4482 ne-

1890 4529 2036 4584 mine
2083 4528 2314 4583 antehac
2350 4529 2711 4588 edidicerunt,
2767 4526 3114 4598 Quaecunque
3165 4523 3329 4594 igitur
3366 4521 3465 4578 Dei

188 4604 361 4665 ’Ὀσα
390 4611 567 4665 τοίνυν
610 4611 1036 4684 ὲνανθρωπήσας
1060 4612 1088 4665 ό
1118 4612 1288 4681 Λόγος
1323 4611 1647 4684 διεπράξατο
1677 4615 1788 4676 τοῖς

1894 4616 2129 4673 Verbum
2147 4617 2489 4673 incarnatum
2508 4617 2733 4696 peregit,
2751 4632 2873 4673 cum
2888 4613 3127 4686 antiquis
3147 4613 3462 4684 conjuncta,

188 4703 468 4766 παλαιοῖς
519 4702 652 4773 ὁμοῦ
708 4703 1072 4773 συνάψαντες,
1130 4703 1403 4775 μνήσθητε
1455 4702 1788 4776 παραδοῦναι
1830 4702 1835 4707 ’

183 4797 327 4859 τοῖς
375 4794 601 4849 ἔθνεσιν.
646 4795 911 4852 Ἐνταῦθα
956 4815 1045 4868 μοι
1071 4796 1218 4850 δοκεῖ
1241 4795 1345 4868 τὴν
1367 4796 1483 4850 ὁδὸν
1519 4796 1790 4851 δεικνύναι

183 4889 271 4944 δι’
311 4881 384 4959 ἧς
413 4886 634 4942 δυνατὸν
659 4887 754 4953 καὶ
787 4887 966 4960 ζητεῖν
990 4889 1084 4943 καὶ
1115 4889 1292 4962 εὑρεῖν
1323 4888 1414 4943 τὸν
1443 4889 1593 4945 Θεόν.
1619 4889 1715 4952 Τίς
1732 4889 1791 4942 δὲ

182 4985 246 5056 ἡ⁷
267 4980 426 5044 ὁδός;
448 4981 510 5033 τὸ
535 4981 795 5052 διηνεκῶς
828 4982 919 5035 ἐπὶ
945 4983 1166 5055 μνήμης
1192 4983 1374 5054 φέρειν
1401 4981 1470 5036 τὰ
1511 4982 1790 5054 παράδοξα

187 5071 382 5128 αὐτοῦ
426 5072 582 5144 ἔργα,
625 5073 720 5128 καὶ
764 5073 890 5138 τοὺς
923 5073 1118 5145 νόμους
1164 5075 1256 5128 καὶ
1305 5075 1401 5138 τὰς
1430 5074 1676 5140 ἐντολάς·
1711 5074 1790 5128 διὸ

183 5165 433 5233 ἐπάγει,
469 5165 544 5219 Τὰ
568 5164 780 5234 τέρατα
810 5165 996 5220 αὑτοῦ
1024 5165 1123 5221 καί
1147 5166 1219 5221 τὰ
1246 5166 1499 5236 κρίματα
1522 5167 1628 5222 τοῦ
1651 5168 1792 5222 στό-

187 5273 401 5326 ματος
442 5255 658 5310 αὐτοῦ’
707 5258 906 5331 τέρατα
954 5259 1052 5330 μὲν
1094 5258 1194 5324 τὰς
1238 5258 1564 5331 θεοσημείας
1595 5260 1788 5329 λέγων,

185 5347 459 5421 κρίματα
481 5348 538 5401 δὲ
578 5347 677 5413 τὰς
715 5349 1040 5420 ἀποφάσεις,
1071 5350 1171 5414 τὰς
1223 5350 1462 5415 ἐντολὰς,
1491 5351 1533 5423 ἢ·
1558 5350 1627 5404 τὰ
1657 5352 1790 5406 ἐνδί-

187 5454 332 5501 κως
367 5439 463 5491 καὶ
501 5437 679 5510 κρίσει
720 5439 904 5513 δικαίᾳ
959 5440 1070 5494 ὑπὸ
1117 5440 1211 5495 τοῦ
1261 5440 1405 5496 Θεοῦ
1449 5441 1790 5514 γεγενημένα

183 5525 495 5598 θαύματα.
525 5531 660 5583 Ποῖα
681 5529 737 5583 δὲ
765 5531 988 5602 τέρατα,
1019 5531 1145 5585 εί.πὲ
1167 5549 1285 5602 μοις
1311 5531 1390 5586 Τὰ
1410 5533 1468 5586 ἐν
1508 5531 1786 5603 Αἰγύπτῳ,

187 5620 282 5676 τὰ
337 5619 475 5689 μετὰ
509 5621 610 5692 τὴν
659 5623 952 5692 Αἴγυπτον,
991 5624 1061 5679 τὰ
1110 5625 1216 5697 πρὸ
1258 5626 1357 5696 τῆς
1400 5625 1695 5695 Αἰγύπτου,
1721 5626 1791 5679 τὰ

186 5709 364 5784 μετὰ
393 5711 494 5784 τὴν
535 5715 836 5786 παρουσίαν
874 5716 971 5789 τὴν
1017 5717 1199 5774 αὐτοῦ.
1239 5719 1424 5775 Πάντα
1467 5719 1576 5792 γὰρ
1617 5719 1787 5775 ταῦτα

291 5894 355 5972 ιδ,
379 5895 520 5962 Psal.
557 5915 730 5963 vatt.
767 5899 858 5960 l2.

1890 4711 2143 4782 gentibus
2160 4711 2377 4775 tradere
2401 4711 2774 4766 memineritis.
2795 4708 2895 4764 llic
2916 4708 3129 4762 videtur
3155 4705 3290 4760 mihi
3317 4705 3462 4768 viam

1889 4800 2178 4856 ostendere
2208 4815 2313 4870 qua
2346 4801 2620 4870 possimus
2656 4799 2825 4853 Deum
2855 4812 3098 4869 quarere
3119 4807 3174 4852 et
3197 4795 3459 4850 invenire.

1890 4891 2146 4960 Quaenam
2165 4875 2255 4946 illa
2281 4893 2407 4946 via?
2431 4891 2700 4962 Perpetuo
2724 4891 2780 4946 in
2809 4890 3075 4946 memoria
3113 4889 3329 4944 volvere
3353 4883 3461 4938 mi-

1890 4986 2081 5040 rabilia
2131 4986 2250 5055 ejus
2297 5001 2462 5057 opera
2488 5027 2503 5052 ,
2538 4986 2683 5059 leges
2716 4994 2773 5042 et
2794 4993 3062 5058 prmcepta
3090 5000 3102 5035 :
3133 4995 3302 5054 quare
3328 4977 3464 5035 sub-

1889 5075 1991 5140 dit,
2023 5075 2278 5147 Prodigia
2300 5077 2414 5147 ejus
2445 5086 2491 5132 et
2514 5077 2713 5142 iudicia
2741 5079 2849 5142 oris
2889 5077 3027 5148 ejus.
3060 5071 3314 5143 Prodigia
3347 5069 3462 5141 qui-

1891 5168 2014 5233 dem
2052 5169 2238 5225 divina
2289 5170 2446 5241 signa
2498 5170 2716 5238 dicens;
2745 5169 2950 5250 judicia
2979 5183 3130 5230 vero,
3158 5165 3376 5220 decreta
3408 5171 3464 5218 et

1890 5275 2180 5332 praecepta,
2205 5262 2319 5317 sive
2347 5278 2434 5328 ea,
2475 5279 2598 5335 quae
2624 5262 2693 5317 ad
2724 5264 2984 5319 ultionem
3013 5261 3165 5330 justo
3200 5255 3409 5326 judicio
3430 5269 3463 5308 a

1891 5355 2236 5423 Deopatrata
2260 5361 2410 5417 sunt,
2435 5342 2723 5410 mirabilia.
2746 5357 2874 5421 Quae
2892 5349 3160 5423 prodigia,
3185 5347 3274 5401 die
3292 5345 3464 5400 mihi?

1891 5446 2021 5513 Quae
2071 5448 2123 5499 in
2156 5445 2410 5518 Aﬂgypto,
2447 5462 2570 5518 qua:
2623 5454 2751 5503 ante
2796 5455 2849 5501 et
2886 5451 3009 5514 post
3053 5441 3354 5512 profectum
3407 5439 3460 5492 in

1892 5539 2207 5610 Egyptum,
2242 5555 2363 5610 qua:
2413 5547 2537 5611 post
2587 5541 2876 5595 adventum
2919 5537 3059 5606 ejus.
3096 5534 3220 5589 Haec
3261 5533 3476 5602 quippe
3539 5571 3549 5583 .

1891 5633 2072 5688 omnia
2101 5632 2419 5688 admiranda
2452 5642 2506 5690 et
2538 5633 2803 5704 stupenda
2830 5644 2996 5698 opera
3027 5633 3177 5692 sunt,
3201 5641 3324 5698 qua:
3363 5626 3460 5680 ttu-

1891 5738 2112 5781 manum
2175 5732 2392 5798 captum
2449 5731 2728 5797 superant.
2791 5721 2916 5778 Sive
2936 5720 3184 5799 prodigia
3217 5717 3491 5796 quidem»,

2117 6051 2251 6135 Ἀ
