3954 7146
38 375 247 434 .305

1363 391 1870 456 counsursnm
1901 400 1973 459 IN
1994 388 2334 466 pS'ALuos.

3332 425 3474 485 {506

37 496 142 564 εῷ
195 501 598 573 Ἀϐραὰμ,
629 503 727 560 καί
754 505 862 561 τοῦ
896 505 1079 578 ὅρκου
1095 509 1284 566 αυτοῦ
1312 510 1396 578 τῷ
1425 514 1626 573 Ἰσαάκ
1647 534 1661 549 ε
1694 533 1771 578 κα

1896 521 2157 592 disposuit
2185 526 2256 580 ad
2282 526 2576 597 Abraham,
2602 539 2656 586 et
2672 532 2971 602 juramenti
3004 535 3090 591 sui
3119 535 3188 590 ad
3215 535 3396 604 Isaac,
3421 550 3473 596 et

37 588 448 662 ἔστησεν
478 595 698 650 αὑτὸν
719 595 801 662 τῷ
838 598 1038 654 Ἰακὼϐ
1065 601 1154 668 είς
1185 603 1557 678 πρόσταγμα,
1590 609 1688 663 καί
1719 609 1800 677 τῷ

37 683 422 755 Ἰσραὴλ
464 688 587 754 εις
613 687 906 758 διαθήκην
930 690 1203 759 αἰώνιον,
1236 695 1431 765 λέγων
1448 712 1464 730 ’
1493 697 1597 752 Σοί
1626 699 1798 756 δώσω

37 775 210 844 τὴν
253 778 443 850 γῆν
485 779 778 847 Χαναὰν,
814 784 1145 853 σχοινισμα
1173 788 1579 858 κληρονομίας
1605 789 1794 864 ὑμῶν.

37 868 210 922 ’Er
247 871 376 938 τῷ
415 868 617 928 εῖναι
641 875 863 940 αὐτοὺς
889 875 1112 946 ἀριθμῷ
1146 877 1420 948 βραχεῖς,
1441 867 1798 952 ὀλιγοστοὺς

37 960 190 1014 καὶ
267 966 690 1034 παροίκους
721 967 791 1019 ἐν
830 966 1002 1036 αὐτῇ.
1046 967 1159 1028 Καὶ
1185 969 1438 1040 διῆλθον
1474 967 1546 1039 ἐξ
1579 976 1796 1047 ἔθνους

37 1054 180 1120 εις
247 1056 552 1124 ἔθνος,
591 1056 697 1112 καί
743 1057 812 1112 ἐκ
853 1058 1182 1126 βασιλείας
1231 1062 1322 1127 εις
1367 1063 1524 1118 λαὸν
1564 1064 1791 1135 ἕτερον.

38 1147 240 1200 οὐκ
275 1148 590 1219 ἀφῆκεν
611 1145 927 1218 ἄνθρωπον
944 1150 1230 1221 ἀδικῆσαι
1247 1155 1492 1222 αὐτοὺς,
1505 1158 1606 1212 καί
1623 1158 1796 1232 ἤλεγ-

49 1237 226 1304 ξεν
265 1242 480 1312 ὑπέγ)
513 1243 730 1297 αὐτῶν
761 1242 1067 1313 βασιλεῖς.
1095 1244 1194 1316 Μὴ
1241 1245 1503 1305 ἅπτεσθε
1531 1249 1652 1306 τῶν
1676 1269 1797 1322 χρι-

61 1332 314 1386 στῶν
345 1350 536 1403 μου,
575 1334 681 1388 καί
715 1334 787 1390 ἐν
817 1335 943 1404 τοῖς
970 1336 1304 1407 προφήταις
1340 1357 1461 1410 μου
1486 1341 1574 1412 μὴ
1606 1355 1796 1413 πονη-

59 1425 459 1490 ρεύεσθε.
517 1426 866 1500 Ἐπιστήσας
913 1427 1157 1502 άκριδῶς
1199 1430 1285 1495 τίς
1335 1426 1408 1503 ἦν
1461 1435 1491 1488 ό
1534 1433 1692 1504 λόγος
1733 1436 1795 1491 ὃν

78 1516 500 1572 ἐνετείλατο
551 1519 640 1583 εἰς
679 1517 881 1583 πολλὰς
924 1519 1117 1588 γενεὰς
1145 1519 1546 1593 ἐξικνούμενον,
1589 1524 1652 1577 οὐ
1684 1524 1795 1598 γὰρ

83 1607 290 1662 ἑτῶν
359 1609 662 1682 ἀριθμὸν,
713 1609 850 1664 άλλά
879 1609 942 1664 τὸ
970 1611 1217 1682 διηνεκὲς
1253 1613 1549 1669 αἰνίττεται
1599 1616 1693 1670 καὶ
1731 1616 1796 1670 τὸ

93 1698 403 1772 πλῆθος,
447 1700 542 1764 ὡς
572 1699 637 1754 τδ
677 1701 924 1768 ἑπτάκις,
959 1703 1164 1772 Στεὶρα
1197 1703 1408 1760 ἔτεκεν
1431 1706 1603 1773 ἑπτὰ,
1635 1725 1794 1765 τουτ-

104 1790 273 1845 έστι
329 1791 567 1858 πολλὰ,
605 1793 721 1861 καὶ,
754 1794 1028 1863 Ἑπτάκις
1063 1797 1330 1853 πεσεῖται
1357 1802 1390 1854 ό
1415 1798 1664 1867 δίκαιος,
1691 1801 1792 1865 καί

1897 619 2086 672 statuit
2123 619 2260 674 illud
2287 619 2454 679 Iacob
2481 623 2538 677 in
2573 634 2912 695 preceptum,
2939 635 2992 682 et
3019 627 3194 684 Israel
3225 631 3281 684 in
3309 640 3472 686 testa-

1896 718 2128 766 mentum
2167 720 2444 778 wternum,
2489 714 2668 772 dicens
2706 731 2726 770 :
2759 717 2881 773 Tibi
2924 717 3062 774 dabo
3091 730 3288 776 terram
3325 721 3470 778 Cha-

1896 815 2061 867 naan,
2092 803 2390 872 funiculum
2422 805 2743 864 hereditatis
2773 820 2974 868 vestrm.
3011 810 3144 868 Cum
3173 823 3343 870 essent
3371 833 3472 870 nu-

1895 909 2041 951 mero
2069 893 2230 960 brevi,
2270 900 2580 967 paucissimi
2600 909 2651 956 et
2675 901 2865 957 incola:
2891 903 2946 958 in
2982 920 3067 962 ea.
3095 903 3163 958 Et
3189 916 3470 975 pertrans—

1892 985 2070 1041 ierunt
2102 987 2168 1044 de
2197 999 2345 1060 gente
2371 991 2426 1045 in
2465 1001 2688 1064 gentem,
2735 1002 2786 1049 et
2812 994 2878 1049 de
2910 1012 3067 1066 regno
3105 997 3175 1051 ad
3219 999 3470 1068 populum

1895 1079 2143 1136 alterum.
2177 1079 2303 1136 Non
2331 1082 2543 1155 reliquit
2574 1084 2836 1142 hominem
2873 1104 3058 1144 nocere
3088 1091 3187 1156 eis,
3226 1100 3276 1146 et
3305 1094 3472 1146 eorria

1893 1171 2006 1239 puit
2034 1187 2133 1241 pro
2166 1174 2243 1229 eis
2297 1191 2460 1246 reges.
2506 1176 2690 1234 Nolite
2729 1185 2938 1251 tangere
2973 1180 3199 1237 christos
3227 1199 3391 1250 meos,
3422 1193 3472 1239 et

1893 1264 1950 1319 in
1979 1265 2243 1336 prophetis
2265 1269 2394 1322 meis
2428 1268 2590 1328 nolite
2624 1272 2930 1343 malignari.
2970 1272 3027 1329 Si
3057 1285 3312 1332 accurate
3350 1293 3472 1348 per-

1893 1358 2103 1426 pendas
2141 1359 2289 1428 quod
2342 1359 2477 1416 illud
2508 1361 2730 1422 verbum
2761 1363 2942 1430 fuerit,
2979 1365 3127 1437 quod
3166 1369 3469 1434 mandavit,

1896 1447 1953 1503 in
2005 1449 2209 1506 multas
2237 1453 2618 1522 generationes
2651 1456 2957 1526 pervadens
2994 1476 3008 1514 :
3041 1472 3150 1514 non
3181 1459 3330 1514 enim
3363 1477 3470 1515 nu-

1893 1553 2104 1598 merum
2159 1557 2450 1611 annorum,
2499 1547 2595 1602 sed
2644 1557 2966 1619 perpetuum
3009 1549 3324 1608 subindicat
3369 1568 3473 1608 nu-

1893 1649 2078 1692 merus
2109 1636 2448 1708 hujusmodi,
2481 1647 2542 1694 ut
2568 1655 2619 1695 v.
2645 1653 2699 1713 g.
2743 1642 2946 1712 septies
2967 1682 2982 1707 ,
3027 1640 3238 1698 Sterilis
3273 1646 3472 1715 peperit

1893 1733 2086 1795 septem
2108 1725 2178 1793 “,
2204 1728 2258 1784 id
2297 1735 2382 1786 est
2410 1729 2648 1798 multos;
2675 1739 2752 1796 et,
2789 1731 2992 1802 Septies
3021 1732 3175 1788 cadet
3185 1733 3370 1804 justus
3419 1743 3472 1793 et

1895 1828 2130 1892 resurget
2157 1821 2232 1888 ";
2262 1820 2366 1877 bac
2390 1823 2600 1878 ratione
2627 1821 2762 1879 illud
2789 1825 3024 1880 Abrahae
3075 1825 3284 1881 dictum
3312 1841 3467 1882 com-

113 1883 652 1952 ἀναστήσεται·
678 1887 934 1958 εὑρήσεις
957 1888 1118 1944 αὐτὸν
1146 1890 1434 1962 εἰρημένον
1464 1892 1636 1958 οὕτως
1656 1895 1771 1967 πρὸ

1895 1871 2095 1978 peries,
2127 1909 2196 1965 Et
2221 1911 2588 1968 benedicentur
2603 1915 2657 1969 in
2692 1924 2740 1970 te
2776 1931 2955 1972 omnes
2997 1927 3172 1988 gentes
3212 1925 3367 1973 terrae
3399 1918 3466 1972 “.

136 1975 483 2049 Ἀϐραὰμ,
511 1978 632 2033 Kal
655 1978 1241 2050 ἐνευλογηθήσονται
1267 1982 1338 2036 ἐν
1371 1983 1472 2038 σοι
1495 1983 1692 2040 πάντα
1718 1990 1794 2043 τὰ

125 2067 318 2138 ἔθνη
381 2069 516 2138 τῆς
566 2070 700 2141 τῆς.
755 2072 885 2137 Καὶ,
936 2071 1548 2144 Ἐνευλογηθήσονται
1593 2077 1665 2132 ἐν
1711 2079 1794 2146 τῷ

139 2158 502 2230 σπέρματί
541 2176 662 2217 σου
694 2161 884 2218 πᾶσαι
920 2166 981 2218 al
1000 2165 1186 2234 φυλαί
1213 2164 1325 2234 τῆς
1354 2166 1487 2236 τῆς,
1509 2169 1607 2222 καὶ
1635 2172 1792 2239 πλη-

145 2254 386 2308 θύνων
417 2255 727 2322 πληθυνῶ
756 2256 823 2310 τὸ
856 2258 1094 2328 σπέρμα
1130 2275 1266 2314 σου.
1306 2259 1503 2332 Εὖροις
1535 2261 1582 2316 δ’
1619 2262 1687 2318 ἂν
1722 2261 1792 2318 τὰ

149 2341 570 2414 παραπλήσια
619 2344 712 2397 καὶ
739 2344 820 2416 τῷ
867 2346 1049 2400 Ἰσαὰκ
1089 2347 1479 2420 ἐπηγγελμένα
1524 2350 1621 2404 καὶ
1661 2351 1791 2422 ὀμο-

153 2433 387 2488 σθέντα
438 2434 579 2508 περί
622 2452 684 2489 τε
733 2437 835 2509 τῆς
884 2439 990 2510 γῆς
1045 2440 1139 2493 καὶ
1181 2439 1274 2494 τοῦ
1329 2441 1646 2514 πληθυσμοῦ
1694 2443 1788 2498 τοῦ

38 2525 42 2554 ί
157 2524 541 2597 σπέρματος.
595 2525 783 2584 Ταῦτα
822 2528 880 2584 δὲ
921 2529 1061 2602 μετά
1116 2531 1375 2598 πλείστας
1419 2534 1550 2599 ὅσας
1595 2535 1789 2604 γενεὰς

69 2667 72 2670 .
161 2617 506 2690 ἐπληροῦτο
529 2619 621 2674 διὰ
655 2621 754 2694 τῆς
786 2623 1108 2693 ἐπιφανείας
1139 2625 1377 2696 Χριστοῦ
1402 2627 1498 2681 τοῦ
1521 2628 1588 2681 ἐκ
1620 2628 1790 2700 σπέρ-

39 2711 44 2743 ῖ
174 2725 363 2780 ματος
406 2709 690 2783 Ἀϐραάμ,
718 2714 1011 2785 γενομένου
1034 2717 1285 2789 Σωτῆρος
1315 2718 1492 2789 ήμῶν.
1523 2720 1706 2774 Είσέτι
1726 2737 1786 2775 τε

173 2799 287 2858 νῦν
315 2802 545 2876 ἐνεργεῖ
573 2805 667 2859 καὶ
699 2805 942 2878 διαμένει
982 2808 1016 2878 ἡ
1046 2809 1367 2878 ὲπαγγεὶκα,
1408 2811 1600 2884 μέχρις
1626 2808 1688 2866 οὗ
1725 2813 1787 2868 τὸ

179 2893 481 2965 πλήρωμα
508 2895 620 2951 τῶν
645 2897 812 2952 ἐθνῶν
834 2897 1068 2973 εἰσέλθῃ.
1097 2895 1263 2966 Οὗτος
1289 2897 1383 2957 οὖν
1410 2903 1547 2975 μετὰ
1575 2906 1785 2976 μακρὸν

185 2985 392 3050 αἰῶνα,
425 2989 526 3042 καὶ
558 2988 698 3060 μετὰ
740 2989 998 3054 πλείστας
1041 2992 1246 3065 σφόδρα
1283 2993 1498 3063 γενεὰς,
1532 2995 1632 3061 τὰς
1673 2998 1784 3071 γάρ

189 3077 444 3148 χιλιάδας
486 3080 610 3134 ἀντὶ
647 3081 758 3136 τῶν
809 3082 1021 3137 πολλῶν
1067 3085 1392 3157 παρείληφε,
1446 3089 1540 3144 καὶ
1579 3089 1784 3156 ταύτας

197 3171 444 3246 ἐπλήρου
495 3175 598 3240 τὰς
651 3176 789 3248 πρὸς
842 3179 969 3241 τοὺς
1017 3181 1363 3252 πατριάρχας
1424 3184 1778 3255 ἐπαγγελίας,

1893 1998 1981 2067 Et,
2013 2001 2396 2058 Benedicentur
2430 2005 2484 2059 in
2515 2007 2710 2062 semine
2757 2016 2847 2062 tuo
2873 2024 3050 2063 omnes
3081 2007 3246 2064 tribus
3291 2018 3465 2064 term.

1893 2089 1965 2145 Et
1989 2093 2348 2162 multiplicans
2377 2095 2740 2166 multiplicabo
2771 2114 2945 2154 semen
2977 2107 3124 2153 tuum
3157 2098 3222 2153 “.
3255 2097 3466 2154 Similia

1892 2182 2021 2239 item
2053 2181 2243 2240 lsaaco
2275 2186 2546 2256 promissa
2591 2188 2838 2258 reperias
2873 2187 3233 2259 jurejurando
3264 2188 3468 2244 conﬁr-

1890 2284 2056 2340 mata,
2084 2284 2194 2332 tam
2227 2277 2295 2334 de
2323 2285 2493 2343 terra,
2515 2294 2678 2349 quam
2710 2280 2778 2336 de
2813 2281 3266 2350 multiplicatione
3301 2280 3468 2336 semi-

1891 2368 1999 2424 nis.
2033 2366 2148 2423 Hoc
2176 2383 2343 2440 porro
2387 2377 2512 2440 post
2550 2371 2816 2441 plurimas
2864 2372 3244 2444 generationes
3274 2372 3466 2442 imple-

1888 2468 2007 2515 tum
2027 2468 2113 2517 est
2129 2460 2185 2516 in
2209 2461 2445 2518 adventu
2457 2461 2663 2520 Christi
2677 2479 2741 2520 ex
2755 2465 2963 2522 semine
2980 2464 3212 2521 Abrahae
3223 2465 3462 2521 oriundi.

1888 2551 1956 2607 Et
1975 2553 2042 2608 ad
2081 2553 2186 2609 hoc
2204 2567 2380 2624 usque
2417 2561 2632 2626 tempus
2655 2555 2801 2628 viget
2820 2547 2886 2613 ἐι
2919 2563 3202 2628 permanet
3227 2557 3465 2628 promis-

1887 2642 1991 2707 sio,
2025 2643 2204 2700 donec
2243 2644 2526 2715 plenitudo
2567 2649 2810 2718 gentium
2851 2648 3098 2720 ingressa
3144 2647 3328 2704 fuerit.
3361 2644 3464 2702 Hie

1888 2735 2072 2807 itaque
2098 2735 2418 2794 diuturnum
2447 2746 2570 2810 post
2615 2755 2816 2805 aevum,
2875 2748 2928 2797 et
2961 2749 3086 2812 post
3127 2742 3328 2796 multas
3360 2757 3462 2796 ex-

1887 2831 2040 2882 actas
2068 2827 2472 2899 generationes,
2504 2844 2630 2885 nam
2666 2830 2756 2888 hic
2780 2831 3034 2888 millenas
3073 2847 3174 2903 pro
3208 2830 3460 2904 plurimis

1884 2918 2114 2990 accepit,
2163 2919 2285 2978 illas
2337 2923 2664 2992 patriarchis
2715 2923 2874 2983 datas
2920 2925 3314 2998 promissiones
3362 2939 3460 2996 per

1885 3005 2220 3065 Salvatorem
2254 3017 2503 3067 nostrum
2531 3010 2740 3081 Jesum,
2772 3029 2836 3070 ac
2872 3031 2969 3086 per
2999 3015 3120 3087 ejus
3149 3015 3456 3070 doctrinam

1882 3096 2146 3169 implevit,
2177 3100 2434 3157 omnibus
2471 3103 2726 3175 gentibus
2763 3105 2998 3162 Abrahae
3041 3105 3457 3178 promissionem

1881 3189 2219 3260 impertiens.

200 3263 292 3363 διά
323 3265 420 3319 τοῦ
451 3267 706 3340 Σοηῆρος
741 3270 899 3342 ήμῶν
950 3272 1124 3343 Ἰησοῦ
1167 3275 1262 3328 καὶ
1310 3274 1400 3330 διὰ
1453 3277 1552 3349 τῆς
1603 3279 1767 3336 αὐτοῦ
1818 3280 2165 3349 διδασκαλίας
2207 3285 2342 3340 πᾶσι
2383 3287 2497 3351 τοῖς
2529 3287 2706 3341 ἔθνεσι
2736 3287 2836 3360 τὴν
2875 3288 2968 3343 τοῦ
3019 3289 3266 3363 Ἀδραὰμ
3308 3290 3458 3345 εὐλο-

203 3353 330 3425 γίαν
353 3356 561 3428 δεδωρη
569 3359 746 3429 μένος.

281 3477 392 3531 Kal
416 3477 668 3533 ἐκάλεσε
697 3477 875 3548 λιμὸν
898 3479 996 3533 ἐπὶ
1027 3478 1142 3549 τὴν
1165 3482 1302 3551 γῆν,
1336 3481 1459 3538 πᾶν
1485 3483 1771 3555 στήριγμα

1951 3481 2116 3539 Vsus.
2155 3483 2242 3540 16.
2280 3483 2350 3538 Et
2385 3487 2586 3540 vocavit
2619 3485 2814 3562 famem
2855 3503 3012 3558 super
3043 3500 3260 3561 terram,
3304 3512 3456 3556 omne

214 3569 392 3639 ἄρτου
425 3570 802 3639 συνέτριψεν.
842 3571 932 3624 Ἐν
967 3572 1175 3636 τούτοις
1207 3574 1236 3626 ὁ
1263 3573 1418 3644 λόγος
1443 3575 1539 3629 καὶ
1571 3575 1697 3630 ἄλλο
1726 3595 1777 3631 τι

38 3661 54 3712 ε
215 3661 430 3734 λεληθὸς
468 3663 591 3727 τοὺς
635 3662 862 3728 πολλοὺς
888 3664 1147 3722 διδάσκει.
1183 3666 1294 3738 Τὴν
1335 3666 1442 3739 γὰρ
1480 3667 1658 3722 αἰτίαν
1682 3667 1775 3722 τοῦ

41 3757 56 3806 3'
219 3754 472 3826 κληθῆναι
503 3754 656 3825 δίκην
681 3754 924 3826 ἐμψύχου
954 3754 1093 3820 ζὼου
1119 3756 1210 3810 τὸν
1233 3755 1391 3827 λιμὸν
1414 3758 1507 3812 ἐπὶ
1523 3757 1622 3831 τὴν
1649 3760 1773 3832 γῆν,

221 3843 356 3913 λέγω
375 3843 436 3915 δὴ
466 3841 558 3914 τήν
579 3844 932 3916 ὲνεργητικὴν
960 3843 1187 3916 δύναμιν
1215 3843 1309 3900 τοῦ
1341 3845 1521 3918 λιμοῦ,
1560 3848 1772 3902 καὶτοῦ

38 3963 55 3996 ;
228 3935 552 4006 συντριϐῆναι
593 3937 702 3989 πᾶν
745 3937 1023 4008 στήριγμα
1067 3936 1254 4008 ἄρτου,
1287 3939 1634 4010 παρίστησιν,
1687 3939 1774 3993 ἴνα

38 4039 56 4088 (2
231 4025 320 4078 καὶ
345 4027 508 4092 (pava
542 4041 642 4077 που
675 4025 837 4096 ἄρτος
868 4027 942 4097 μὴ
979 4025 1220 4096 στηρίζοι
1252 4029 1379 4091 τοὺς
1416 4028 1772 4099 ἐμπιπλαμέ-

38 4147 56 4182 ,
233 4131 346 4177 νους
377 4115 429 4181 ἐξ
473 4115 649 4180 αὐτοῦ,
684 4117 826 4170 κατὰ
862 4118 944 4181 τὸ,
984 4119 1188 4186 Ἀρτος
1219 4119 1478 4187 στηρίξει
1521 4120 1772 4188 καρδίαν

46 4223 56 4272 5
236 4205 536 4274 ἀνθρώπου.
561 4205 728 4260 Τοῦτο
764 4207 871 4278 γάρ
903 4209 1050 4262 ἐστιν
1077 4209 1106 4262 ὃ
1138 4209 1370 4279 μάλιστα
1395 4210 1681 4280 συμϐαίνει
1711 4212 1769 4265 ὲν

39 4321 59 4370 ε
236 4300 337 4362 τοῖς
363 4298 539 4370 λιμοῑς,
567 4300 688 4352 κατ’
720 4299 888 4372 ὀργὴν
913 4300 1048 4354 Θεοῦ
1071 4302 1410 4374 γιγνόμενον,
1434 4301 1494 4355 τὸ
1519 4303 1613 4356 καὶ
1643 4306 1770 4369 τοὺς

38 4377 56 4464 ξ
241 4391 486 4455 ἐσθίοντας
511 4389 577 4462 μὴ
607 4391 972 4464 στηρίζεσθαι.

314 4480 650 4536 Ἀπέστειλεν
695 4481 1034 4552 ἔμπροσθεν
1076 4483 1276 4537 αὐτῶν
1316 4483 1646 4554 ἄνθρωπον,
1679 4491 1768 4556 εὶς

38 4604 58 4656 ἃ
244 4573 438 4640 δοῦλον
469 4574 679 4644 ἐπράθη
717 4576 949 4645 Ἰωσήφ.
984 4577 1428 4633 Ἐταπείνωσαν
1462 4579 1531 4633 ἐν
1558 4580 1767 4649 πέδαις

38 4697 60 4746 ε,
248 4669 370 4736 τοὺς
397 4672 562 4739 πόδας
591 4673 794 4738 αὐτοῦ,
831 4673 1085 4743 σίδηρον
1115 4675 1363 4745 διῆλθεν
1401 4679 1440 4746 ἠ
1466 4679 1636 4749 ψυχὴ
1665 4682 1766 4735 αὺ-

38 4803 58 4842 ;
252 4761 360 4825 τοῦ,
394 4762 539 4833 μέχρι
581 4765 686 4820 τοῦ
730 4766 930 4822 ἐλθεῖν
967 4770 1074 4822 τὸν
1102 4771 1288 4840 λόγον
1321 4771 1528 4827 αὐτοῦ.
1579 4773 1764 4828 Πάντα

38 4899 59 4953 F
252 4849 396 4904 ταῦτα
435 4852 668 4922 ὑπέμεινε
710 4855 872 4928 μέχρι
914 4855 1008 4909 τοῦ
1054 4856 1227 4911 ἐλθεῖν
1263 4859 1354 4912 τὸν
1383 4858 1539 4930 λόγον
1574 4861 1760 4936 αὐτοῦ,

254 4939 304 4994 ὃν
341 4941 417 4994 ἐπὶ
449 4943 542 5006 τοῖς
577 4943 840 5015 δράμασιν
885 4945 1007 5001 ἰδὼν
1032 4946 1213 5013 ἐξεῖπε
1257 4949 1336 5020 τῷ
1374 4951 1562 5005 ἑαυτοῦ
1593 4955 1762 5026 πατρὶ

256 5033 334 5094 καὶ
361 5035 454 5097 τοῖς
475 5011 700 5102 ἀδελιροῖς
734 5039 926 5109 φήσας,
953 5011 1256 5112 ἑωρακέναι
1284 5011 1447 5096 αὑτὸν
1469 5011 1761 5116 δράγματα

259 5125 336 5178 καὶ
369 5125 472 5188 τοὺς
508 5125 755 5196 ἀδελφοὺς
788 5133 986 5201 ὁμοίως
1028 5133 1408 5205 ἀναλέγοντας,
1453 5136 1642 5191 ἔπειτα
1689 5137 1759 5194 τὰ

261 5216 440 5270 ἐκείνων
463 5217 512 5270 τὺ
537 5217 718 5271 ἑαυτοῦ
755 5226 1250 5298 προσκεκυνηκέναι
1279 5227 1526 5299 δράγμα⁹
1555 5229 1758 5299 ὁμοίως

263 5306 309 5360 δὲ
329 5307 400 5362 τὸν
417 5308 554 5380 ἥλιον,
579 5311 671 5364 καὶ
698 5311 798 5384 τὴν
832 5313 1080 5387 σελήνην,
1110 5320 1204 5374 καὶ
1227 5321 1353 5385 τοὺς
1375 5320 1566 5378 ἕνδεκα
1598 5321 1758 5391 ἀστέ-

267 5414 346 5472 ρας
368 5404 635 5472 προσκυνεῖν
664 5403 832 5474 αὐτῷ.
861 5407 1047 5477 Μέχρι
1079 5411 1183 5464 τοῦ
1208 5411 1408 5466 ἐλθεῖν
1436 5413 1543 5478 τὸν
1568 5414 1755 5484 λόγον

267 5492 429 5549 αὑτοῦ.
471 5493 526 5549 Τὸ
559 5497 766 5565 λόγιον
796 5499 1017 5566 Κυρίου
1047 5501 1358 5571 ἐπύρωσεν
1398 5506 1602 5561 αὐτόν.
1655 5505 1749 5574 Τὸ,

271 5582 436 5652 Λότιον
452 5586 641 5654 Κυρίου
671 5585 986 5658 ἐκύρωσεν
1015 5592 1217 5659 αὐτὸν,
1245 5592 1431 5667 ὅμοιον
1465 5595 1564 5668 τῷ,
1601 5598 1749 5668 Οὐχὶ

329 5761 368 5831 οξ
393 5759 408 5813 1
435 5761 536 5831 Reg.
567 5779 603 5818 ιι
618 5805 632 5826 ,
667 5767 720 5823 5.

285 5829 318 5868 ⁸⁸
345 5829 446 5896 Gen.
476 5829 555 5901 ιι.
588 5834 640 5900 8.

825 5771 866 5802 ⁵³
904 5766 1066 5838 Prov.
1133 5787 1294 5840 xxiv,
1347 5773 1460 5830 ιθ..

1879 3581 2270 3651 ﬁrmamentum
2285 3583 2438 3651 panis
2455 3583 2720 3639 contriuit.
2743 3582 2801 3638 In
2819 3583 2907 3642 his
2929 3601 3110 3644 sermo
3123 3589 3268 3646 aliud
3291 3595 3453 3664 quid-

1878 3673 2043 3744 piam,
2066 3673 2254 3730 multis
2277 3675 2576 3742 occultum,
2595 3676 2806 3733 edocet.
2835 3675 3070 3735 Causam
3095 3681 3238 3737 enim
3263 3698 3363 3739 cur
3381 3686 3456 3740 fa-

1876 3781 2040 3831 mem,
2057 3766 2230 3823 instar
2262 3767 2516 3824 animalis
2549 3769 2856 3839 cujusdam,
2870 3772 3148 3828 vocaverit
3174 3789 3339 3845 super
3353 3787 3455 3832 ler-

1875 3873 2013 3923 ram,
2045 3859 2097 3914 id
2132 3868 2214 3914 est
2246 3860 2504 3914 virtutem
2529 3859 2691 3917 famis
2718 3860 3067 3930 ell‘ectricem,
3095 3873 3149 3921 et
3172 3881 3271 3921 cur
3291 3883 3452 3925 omne

1875 3949 2273 4006 ﬁrmamentum
2319 3952 2479 4022 panis
2528 3953 2880 4018 contriverit,
2918 3954 3008 4010 hic
3069 3955 3342 4024 declarat,
3389 3966 3451 4014 ut

1873 4040 2163 4112 patefaciat
2193 4057 2302 4113 quo
2327 4043 2383 4097 in
2417 4058 2549 4100 casu
2587 4045 2742 4115 panis
2775 4061 2883 4100 non
2908 4046 3084 4102 ﬁrmet
3116 4063 3211 4105 eos
3232 4051 3321 4121 qni
3356 4051 3450 4107 illo

1871 4133 2169 4203 replentur,
2197 4135 2502 4190 secundum
2542 4134 2699 4200 illud,
2736 4135 2900 4192 Panis
2935 4154 3026 4192 cor
3069 4139 3293 4195 hominis
3322 4159 3449 4196 eon-

1869 4225 2053 4293 ﬁrmat
2085 4223 2150 4277 ⁸⁸.
2189 4223 2246 4282 ιιι
2287 4226 2434 4282 enim
2471 4228 2710 4284 maxime
2742 4235 2992 4302 tempore
3045 4228 3206 4289 famis
3243 4235 3443 4302 evenit,

1869 4331 1934 4370 ex
1967 4317 2045 4371 ira
2073 4316 2167 4372 Dei
2197 4318 2530 4384 immissum,
2553 4327 2615 4376 ut
2648 4321 2857 4381 scilicet
2883 4323 2977 4393 qui
3009 4323 3302 4380 comedunt
3333 4342 3444 4383 non

1869 4407 2282 4463 conﬁrmentur.

1938 4498 2106 4556 Vens.
2156 4500 2343 4557 17-22.
2374 4500 2526 4556 Misit
2551 4514 2674 4558 ante
2702 4519 2788 4560 eos
2823 4505 3106 4571 hominem,
3144 4509 3196 4562 in
3238 4525 3440 4564 serva

1867 4589 2208 4652 venumdatus
2227 4601 2307 4646 est
2327 4591 2542 4662 Joseph.
2577 4592 3003 4650 Humiliarerunt
3027 4597 3080 4650 in
3107 4599 3438 4667 compedibus

1863 4679 2016 4748 pedes
2025 4679 2158 4749 ejus,
2175 4679 2372 4749 ferrum
2388 4682 2695 4748 pertransiit
2715 4683 2894 4736 anima
2909 4683 3044 4753 ejus,
3069 4684 3230 4739 donec
3245 4687 3437 4740 veniret

1866 4772 2075 4827 verbum
2091 4770 2366 4841 ejulezec
2389 4773 2571 4828 omnia
2593 4773 2837 4842 pertulit,
2873 4774 3044 4832 donec
3072 4777 3282 4832 veniret
3311 4791 3435 4832 ver-

1864 4865 1992 4920 bum
2009 4863 2151 4934 ejus,
2167 4865 2312 4935 quod
2330 4879 2454 4919 cum
2482 4864 2539 4918 in
2566 4865 2871 4922 visionibus
2896 4867 3193 4936 accepisset
3217 4866 3356 4936 patri
3379 4873 3435 4920 et

1865 4953 2127 5010 fratribus
2143 4955 2260 5010 suis
2273 4953 2628 5020 renuntiavit,
2641 4955 2828 5013 dicens
2843 4955 3046 5014 vidisse
3061 4956 3300 5026 seipsum
3324 4953 3433 5009 fra-

1861 5053 2083 5115 tresque
2101 5060 2231 5101 suos
2250 5045 2558 5115 manipulos
2571 5046 2908 5118 colligentes,
2927 5062 2992 5102 ac
3011 5047 3226 5102 illorum
3238 5044 3432 5101 deinde

1862 5136 2170 5206 manipulos
2180 5151 2341 5192 suum
2361 5138 2699 5209 manipulum
2724 5137 3013 5204 adorasse;
3034 5137 3432 5207 similiterquo-

1861 5241 1967 5296 quc
1986 5227 2156 5282 solem
2176 5235 2232 5282 et
2247 5227 2430 5281 lunam
2447 5234 2608 5298 atque
2625 5227 2878 5285 undecim
2901 5229 3086 5285 stellas
3105 5229 3282 5299 ipsum
3299 5228 3431 5283 ado-

1859 5332 2032 5376 rasse.
2062 5317 2239 5374 Donec
2272 5319 2466 5381 ueniret
2490 5318 2702 5375 uerbum
2721 5321 2855 5390 ejus.
2886 5319 3174 5390 Eloquium
3210 5319 3429 5374 Domini

1857 5410 2210 5484 inﬂammavit
2238 5427 2378 5468 eum.
2429 5410 2592 5476 Illud,
2632 5411 2914 5485 Eloquium
2955 5409 3168 5472 Domini
3207 5413 3426 5482 inﬂam-

1859 5504 2020 5559 mavit
2065 5519 2208 5569 eum,
2239 5503 2420 5560 simile
2447 5514 2532 5562 est
2568 5505 2698 5563 huic
2729 5524 2744 5561 :
2777 5503 2969 5564 Nonne
3012 5522 3106 5578 per
3133 5505 3298 5562 Deum
3329 5506 3425 5562 de-

1855 5597 2082 5654 claratio
2123 5595 2340 5653 illorum
2367 5606 2448 5654 est
2474 5599 2566 5654 “2
2631 5597 2820 5670 Neque
2862 5600 3044 5668 enim,
3081 5600 3179 5666 ait,
3211 5599 3422 5657 somnia

1595 5775 1727 5834 Gen.
1795 5791 1901 5844 xu,
1954 5776 2007 5832 5.
2104 5776 2149 5810 ⁸⁵
2183 5773 2318 5842 Gen.
2379 5789 2530 5850 uti,
2594 5772 2804 5844 17,18.
2882 5778 2925 5810 ⁸⁸
2964 5776 3109 5835 Psal.
3166 5793 3294 5848 cm,
3328 5778 3416 5854 15,
