  <div class='ocr_page' id='page_1' title='image "/cluster/home/n/w/nwhite01/storage/ocr_20150623/23/hvd.32044073501124/664.png"; bbox 0 0 3954 7146; ppageno 0'>
   <div class='ocr_carea' id='block_1_1' title="bbox 79 357 172 418">
    <p class='ocr_par' dir='ltr' id='par_1_1' title="bbox 79 357 172 418">
     <span class='ocr_line' id='line_1_1' title="bbox 79 357 172 418; baseline 0.022 -2"><span class='ocrx_word' id='word_1_1' title='bbox 79 357 172 418; x_wconf 65' lang='grc' dir='ltr'><strong>ιε</strong></span> 
     </span>
    </p>
   </div>
   <div class='ocr_carea' id='block_1_2' title="bbox 1279 369 2283 443">
    <p class='ocr_par' dir='ltr' id='par_1_2' title="bbox 1279 369 2283 443">
     <span class='ocr_line' id='line_1_2' title="bbox 1279 369 2283 443; baseline 0.008 -8"><span class='ocrx_word' id='word_1_2' title='bbox 1279 369 1789 439; x_wconf 66' lang='lat' dir='ltr'><strong>communis</strong></span> <span class='ocrx_word' id='word_1_3' title='bbox 1832 383 1901 439; x_wconf 79' lang='lat' dir='ltr'><strong>IN</strong></span> <span class='ocrx_word' id='word_1_4' title='bbox 1939 369 2283 443; x_wconf 73' lang='lat' dir='ltr'><strong>PSALMOS.</strong></span> 
     </span>
    </p>
   </div>
   <div class='ocr_carea' id='block_1_3' title="bbox 3278 391 3425 448">
    <p class='ocr_par' dir='ltr' id='par_1_3' title="bbox 3278 391 3425 448">
     <span class='ocr_line' id='line_1_3' title="bbox 3278 391 3425 448; baseline -0.014 0"><span class='ocrx_word' id='word_1_5' title='bbox 3278 391 3425 448; x_wconf 72' lang='lat' dir='ltr'><strong>i5“</strong></span> 
     </span>
    </p>
   </div>
   <div class='ocr_carea' id='block_1_4' title="bbox 78 476 1710 578">
    <p class='ocr_par' dir='ltr' id='par_1_4' title="bbox 78 476 1708 578">
     <span class='ocr_line' id='line_1_4' title="bbox 78 476 1708 578; baseline 0.017 -52"><span class='ocrx_word' id='word_1_6' title='bbox 78 491 186 578; x_wconf 62' lang='lat' dir='ltr'><strong>af</strong></span> <span class='ocrx_word' id='word_1_7' title='bbox 236 476 814 578; x_wconf 46' lang='grc' dir='ltr'><em>ἔξευθερωθέντες,</em></span> <span class='ocrx_word' id='word_1_8' title='bbox 857 491 957 545; x_wconf 83' lang='grc' dir='ltr'><strong>οὐκ</strong></span> <span class='ocrx_word' id='word_1_9' title='bbox 992 491 1256 561; x_wconf 72' lang='grc' dir='ltr'><em>ἔγνωσαν,</em></span> <span class='ocrx_word' id='word_1_10' title='bbox 1289 496 1373 550; x_wconf 82' lang='grc' dir='ltr'><strong>δτι</strong></span> <span class='ocrx_word' id='word_1_11' title='bbox 1421 497 1484 550; x_wconf 89' lang='grc' dir='ltr'><em>ού</em></span> <span class='ocrx_word' id='word_1_12' title='bbox 1523 497 1612 553; x_wconf 86' lang='grc' dir='ltr'><strong>διὰ</strong></span> <span class='ocrx_word' id='word_1_13' title='bbox 1637 499 1708 553; x_wconf 76' lang='grc' dir='ltr'><em>τὰ</em></span> 
     </span>
    </p>
   </div>
   <div class='ocr_carea' id='block_1_5' title="bbox 1826 476 3424 578">
    <p class='ocr_par' dir='ltr' id='par_1_5' title="bbox 1839 503 3424 578">
     <span class='ocr_line' id='line_1_5' title="bbox 1839 503 3424 578; baseline 0.005 -21"><span class='ocrx_word' id='word_1_14' title='bbox 1839 503 1986 575; x_wconf 86' lang='lat' dir='ltr'><strong>quod</strong></span> <span class='ocrx_word' id='word_1_15' title='bbox 2023 520 2132 559; x_wconf 93' lang='lat' dir='ltr'><strong>non</strong></span> <span class='ocrx_word' id='word_1_16' title='bbox 2153 503 2384 574; x_wconf 69' lang='lat' dir='ltr'><strong>iustitiae</strong></span> <span class='ocrx_word' id='word_1_17' title='bbox 2404 519 2518 560; x_wconf 73' lang='lat' dir='ltr'><strong>sum</strong></span> <span class='ocrx_word' id='word_1_18' title='bbox 2547 505 2738 572; x_wconf 80' lang='lat' dir='ltr'><strong>causa,</strong></span> <span class='ocrx_word' id='word_1_19' title='bbox 2771 521 2949 577; x_wconf 82' lang='lat' dir='ltr'><strong>neque</strong></span> <span class='ocrx_word' id='word_1_20' title='bbox 2977 505 3123 578; x_wconf 85' lang='lat' dir='ltr'><strong>quod</strong></span> <span class='ocrx_word' id='word_1_21' title='bbox 3176 507 3284 576; x_wconf 90' lang='lat' dir='ltr'><strong>ipsi</strong></span> <span class='ocrx_word' id='word_1_22' title='bbox 3325 506 3424 565; x_wconf 82' lang='lat' dir='ltr'><strong>Del</strong></span> 
     </span>
    </p>
   </div>
   <div class='ocr_carea' id='block_1_6' title="bbox 76 568 1733 662">
    <p class='ocr_par' dir='ltr' id='par_1_6' title="bbox 76 568 1733 662">
     <span class='ocr_line' id='line_1_6' title="bbox 76 568 1733 662; baseline 0.013 -39"><span class='ocrx_word' id='word_1_23' title='bbox 76 568 244 662; x_wconf 62' lang='grc' dir='ltr'><em>’τῶν</em></span> <span class='ocrx_word' id='word_1_24' title='bbox 285 572 729 645; x_wconf 79' lang='grc' dir='ltr'><strong>δικαιοσύνας,</strong></span> <span class='ocrx_word' id='word_1_25' title='bbox 749 581 873 636; x_wconf 73' lang='grc' dir='ltr'><em>οὔτε</em></span> <span class='ocrx_word' id='word_1_26' title='bbox 899 583 1062 638; x_wconf 78' lang='grc' dir='ltr'><em>διὰτὸ</em></span> <span class='ocrx_word' id='word_1_27' title='bbox 1090 583 1229 639; x_wconf 70' lang='grc' dir='ltr'><em>εἶναι</em></span> <span class='ocrx_word' id='word_1_28' title='bbox 1264 590 1574 662; x_wconf 77' lang='grc' dir='ltr'><em>ἐπισκοπῆς</em></span> <span class='ocrx_word' id='word_1_29' title='bbox 1595 589 1733 645; x_wconf 80' lang='grc' dir='ltr'><strong>Θεοῦ</strong></span> 
     </span>
    </p>
   </div>
   <div class='ocr_carea' id='block_1_7' title="bbox 74 659 1734 746">
    <p class='ocr_par' dir='ltr' id='par_1_7' title="bbox 74 659 1734 746">
     <span class='ocr_line' id='line_1_7' title="bbox 74 659 1734 746; baseline 0.01 -24"><span class='ocrx_word' id='word_1_30' title='bbox 74 659 283 732; x_wconf 73' lang='grc' dir='ltr'><em>ἔιους,</em></span> <span class='ocrx_word' id='word_1_31' title='bbox 359 669 490 726; x_wconf 80' lang='grc' dir='ltr'><em>διὰ</em></span> <span class='ocrx_word' id='word_1_32' title='bbox 533 672 591 726; x_wconf 82' lang='grc' dir='ltr'><em>δὲ</em></span> <span class='ocrx_word' id='word_1_33' title='bbox 630 674 693 727; x_wconf 90' lang='grc' dir='ltr'><strong>τὸ</strong></span> <span class='ocrx_word' id='word_1_34' title='bbox 721 674 927 746; x_wconf 81' lang='grc' dir='ltr'><em>πλῆθος</em></span> <span class='ocrx_word' id='word_1_35' title='bbox 957 676 1050 730; x_wconf 80' lang='grc' dir='ltr'><em>τοῦ</em></span> <span class='ocrx_word' id='word_1_36' title='bbox 1083 677 1268 743; x_wconf 85' lang='grc' dir='ltr'><em>ὲλέους</em></span> <span class='ocrx_word' id='word_1_37' title='bbox 1317 681 1486 736; x_wconf 81' lang='grc' dir='ltr'><em>αὐτοῦ</em></span> <span class='ocrx_word' id='word_1_38' title='bbox 1528 659 1734 738; x_wconf 80' lang='grc' dir='ltr'><em>τούτων</em></span> 
     </span>
    </p>
   </div>
   <div class='ocr_carea' id='block_1_8' title="bbox 74 758 502 830">
    <p class='ocr_par' dir='ltr' id='par_1_8' title="bbox 74 758 502 830">
     <span class='ocr_line' id='line_1_8' title="bbox 74 758 502 830; baseline -0.005 -2"><span class='ocrx_word' id='word_1_39' title='bbox 74 758 502 830; x_wconf 52' lang='lat' dir='ltr'><strong>“vitam.</strong></span> 
     </span>
    </p>
   </div>
   <div class='ocr_carea' id='block_1_9' title="bbox 97 850 1734 930">
    <p class='ocr_par' dir='ltr' id='par_1_9' title="bbox 97 850 1734 930">
     <span class='ocr_line' id='line_1_9' title="bbox 97 850 1734 930; baseline 0.01 -29"><span class='ocrx_word' id='word_1_40' title='bbox 97 850 196 901; x_wconf 82' lang='grc' dir='ltr'><strong>οι</strong></span> <span class='ocrx_word' id='word_1_41' title='bbox 257 855 576 924; x_wconf 79' lang='grc' dir='ltr'><strong>πατέρες</strong></span> <span class='ocrx_word' id='word_1_42' title='bbox 617 857 785 928; x_wconf 72' lang='grc' dir='ltr'><em>ἡμῶν</em></span> <span class='ocrx_word' id='word_1_43' title='bbox 819 858 888 911; x_wconf 79' lang='grc' dir='ltr'><em>ἐν</em></span> <span class='ocrx_word' id='word_1_44' title='bbox 918 859 1194 928; x_wconf 79' lang='grc' dir='ltr'><em>Αίγύπτῳ</em></span> <span class='ocrx_word' id='word_1_45' title='bbox 1235 863 1306 916; x_wconf 84' lang='grc' dir='ltr'><em>οὺ</em></span> <span class='ocrx_word' id='word_1_46' title='bbox 1353 861 1631 930; x_wconf 81' lang='grc' dir='ltr'><em>συνῆκαν</em></span> <span class='ocrx_word' id='word_1_47' title='bbox 1661 863 1734 918; x_wconf 76' lang='grc' dir='ltr'><em>τὰ</em></span> 
     </span>
    </p>
   </div>
   <div class='ocr_carea' id='block_1_10' title="bbox 69 937 1732 1022">
    <p class='ocr_par' dir='ltr' id='par_1_10' title="bbox 69 937 1732 1022">
     <span class='ocr_line' id='line_1_10' title="bbox 69 937 1732 1022; baseline 0.013 -35"><span class='ocrx_word' id='word_1_48' title='bbox 69 937 446 1006; x_wconf 67' lang='grc' dir='ltr'><em>ιυμάσιά</em></span> <span class='ocrx_word' id='word_1_49' title='bbox 471 961 610 1011; x_wconf 90' lang='grc' dir='ltr'><em>σου,</em></span> <span class='ocrx_word' id='word_1_50' title='bbox 636 949 745 1001; x_wconf 77' lang='grc' dir='ltr'><strong>οὐκ</strong></span> <span class='ocrx_word' id='word_1_51' title='bbox 773 945 1170 1016; x_wconf 77' lang='grc' dir='ltr'><strong>ἐμνήσθησαν</strong></span> <span class='ocrx_word' id='word_1_52' title='bbox 1194 949 1301 1004; x_wconf 81' lang='grc' dir='ltr'><em>τοῦ</em></span> <span class='ocrx_word' id='word_1_53' title='bbox 1325 952 1598 1022; x_wconf 73' lang='grc' dir='ltr'><em>πλήθους</em></span> <span class='ocrx_word' id='word_1_54' title='bbox 1626 953 1732 1008; x_wconf 88' lang='grc' dir='ltr'><em>τοῦ</em></span> 
     </span>
    </p>
   </div>
   <div class='ocr_carea' id='block_1_11' title="bbox 67 1028 1734 1111">
    <p class='ocr_par' dir='ltr' id='par_1_11' title="bbox 67 1028 1734 1111">
     <span class='ocr_line' id='line_1_11' title="bbox 67 1028 1734 1111; baseline 0.011 -31"><span class='ocrx_word' id='word_1_55' title='bbox 67 1028 314 1099; x_wconf 65' lang='grc' dir='ltr'><em>πέους</em></span> <span class='ocrx_word' id='word_1_56' title='bbox 355 1050 524 1091; x_wconf 84' lang='grc' dir='ltr'><em>σου.</em></span> <span class='ocrx_word' id='word_1_57' title='bbox 563 1039 674 1092; x_wconf 84' lang='lat' dir='ltr'><strong>Kal</strong></span> <span class='ocrx_word' id='word_1_58' title='bbox 717 1039 1171 1107; x_wconf 78' lang='grc' dir='ltr'><strong>παρεπίκραναν</strong></span> <span class='ocrx_word' id='word_1_59' title='bbox 1210 1041 1640 1111; x_wconf 79' lang='grc' dir='ltr'><em>ἀναϐαίνοντες</em></span> <span class='ocrx_word' id='word_1_60' title='bbox 1661 1044 1734 1099; x_wconf 79' lang='grc' dir='ltr'><em>ἐν</em></span> 
     </span>
    </p>
   </div>
   <div class='ocr_carea' id='block_1_12' title="bbox 68 1117 1730 1208">
    <p class='ocr_par' dir='ltr' id='par_1_12' title="bbox 68 1117 1730 1208">
     <span class='ocr_line' id='line_1_12' title="bbox 68 1117 1730 1208; baseline 0.001 -18"><span class='ocrx_word' id='word_1_61' title='bbox 68 1117 116 1190; x_wconf 69' lang='grc' dir='ltr'>ἦ</span> <span class='ocrx_word' id='word_1_62' title='bbox 181 1123 512 1198; x_wconf 79' lang='grc' dir='ltr'><em>Ἐρυθρᾷ</em></span> <span class='ocrx_word' id='word_1_63' title='bbox 567 1131 870 1202; x_wconf 76' lang='grc' dir='ltr'><em>θαλάσσῃ.</em></span> <span class='ocrx_word' id='word_1_64' title='bbox 933 1129 1119 1186; x_wconf 80' lang='grc' dir='ltr'><em>Ταῦτα</em></span> <span class='ocrx_word' id='word_1_65' title='bbox 1172 1134 1274 1205; x_wconf 84' lang='grc' dir='ltr'><em>μὲν</em></span> <span class='ocrx_word' id='word_1_66' title='bbox 1320 1135 1350 1188; x_wconf 89' lang='grc' dir='ltr'><strong>ό</strong></span> <span class='ocrx_word' id='word_1_67' title='bbox 1395 1135 1503 1208; x_wconf 86' lang='grc' dir='ltr'><strong>πρὸ</strong></span> <span class='ocrx_word' id='word_1_68' title='bbox 1537 1136 1730 1191; x_wconf 84' lang='grc' dir='ltr'><em>τούτου</em></span> 
     </span>
    </p>
   </div>
   <div class='ocr_carea' id='block_1_13' title="bbox 66 1215 1730 1296">
    <p class='ocr_par' dir='ltr' id='par_1_13' title="bbox 66 1215 1730 1296">
     <span class='ocr_line' id='line_1_13' title="bbox 66 1215 1730 1296; baseline 0.01 -30"><span class='ocrx_word' id='word_1_69' title='bbox 66 1215 362 1289; x_wconf 77' lang='grc' dir='ltr'><em>ιείληφε</em></span> <span class='ocrx_word' id='word_1_70' title='bbox 410 1222 656 1294; x_wconf 77' lang='grc' dir='ltr'><em>ψαλμὸς,</em></span> <span class='ocrx_word' id='word_1_71' title='bbox 697 1224 1027 1296; x_wconf 76' lang='grc' dir='ltr'><strong>ἐπετέμνετο</strong></span> <span class='ocrx_word' id='word_1_72' title='bbox 1062 1225 1118 1280; x_wconf 81' lang='grc' dir='ltr'><em>δὲ</em></span> <span class='ocrx_word' id='word_1_73' title='bbox 1153 1227 1315 1292; x_wconf 83' lang='grc' dir='ltr'><em>αὐτὸς</em></span> <span class='ocrx_word' id='word_1_74' title='bbox 1352 1230 1446 1283; x_wconf 78' lang='grc' dir='ltr'><strong>καὶ</strong></span> <span class='ocrx_word' id='word_1_75' title='bbox 1492 1229 1592 1295; x_wconf 83' lang='grc' dir='ltr'><em>τὰς</em></span> <span class='ocrx_word' id='word_1_76' title='bbox 1637 1231 1730 1284; x_wconf 72' lang='grc' dir='ltr'><strong>ἐπὶ</strong></span> 
     </span>
    </p>
   </div>
   <div class='ocr_carea' id='block_1_14' title="bbox 64 1307 1729 1394">
    <p class='ocr_par' dir='ltr' id='par_1_14' title="bbox 64 1307 1729 1394">
     <span class='ocr_line' id='line_1_14' title="bbox 64 1307 1729 1394; baseline 0.002 -24"><span class='ocrx_word' id='word_1_77' title='bbox 64 1307 162 1380; x_wconf 75' lang='grc' dir='ltr'><strong>ἧς</strong></span> <span class='ocrx_word' id='word_1_78' title='bbox 209 1313 481 1385; x_wconf 77' lang='grc' dir='ltr'><em>ἐρήμου</em></span> <span class='ocrx_word' id='word_1_79' title='bbox 509 1315 985 1388; x_wconf 78' lang='grc' dir='ltr'><em>παραδοξοποιίας,</em></span> <span class='ocrx_word' id='word_1_80' title='bbox 1023 1319 1186 1390; x_wconf 83' lang='grc' dir='ltr'><em>μηδὲν</em></span> <span class='ocrx_word' id='word_1_81' title='bbox 1216 1322 1602 1394; x_wconf 76' lang='grc' dir='ltr'><em>κατηγορήσας</em></span> <span class='ocrx_word' id='word_1_82' title='bbox 1633 1323 1729 1378; x_wconf 80' lang='grc' dir='ltr'><strong>τοῦ</strong></span> 
     </span>
    </p>
   </div>
   <div class='ocr_carea' id='block_1_15' title="bbox 62 1401 1728 1486">
    <p class='ocr_par' dir='ltr' id='par_1_15' title="bbox 62 1401 1728 1486">
     <span class='ocr_line' id='line_1_15' title="bbox 62 1401 1728 1486; baseline 0.008 -32"><span class='ocrx_word' id='word_1_83' title='bbox 62 1401 237 1455; x_wconf 61' lang='grc' dir='ltr'><em>ποῦ.</em></span> <span class='ocrx_word' id='word_1_84' title='bbox 301 1403 378 1458; x_wconf 83' lang='grc' dir='ltr'>Ὀ</span> <span class='ocrx_word' id='word_1_85' title='bbox 435 1406 497 1460; x_wconf 75' lang='grc' dir='ltr'><em>δὲ</em></span> <span class='ocrx_word' id='word_1_86' title='bbox 550 1407 743 1479; x_wconf 84' lang='grc' dir='ltr'><em>παρὼν</em></span> <span class='ocrx_word' id='word_1_87' title='bbox 802 1410 1248 1481; x_wconf 77' lang='grc' dir='ltr'><em>ὲπαναλαμϐἀνει</em></span> <span class='ocrx_word' id='word_1_88' title='bbox 1305 1412 1404 1482; x_wconf 78' lang='grc' dir='ltr'><em>τὴν</em></span> <span class='ocrx_word' id='word_1_89' title='bbox 1453 1413 1728 1486; x_wconf 76' lang='grc' dir='ltr'><em>διήγησιν,</em></span> 
     </span>
    </p>
   </div>
   <div class='ocr_carea' id='block_1_16' title="bbox 59 1494 1726 1572">
    <p class='ocr_par' dir='ltr' id='par_1_16' title="bbox 59 1494 1726 1572">
     <span class='ocr_line' id='line_1_16' title="bbox 59 1494 1726 1572; baseline 0.009 -26"><span class='ocrx_word' id='word_1_90' title='bbox 59 1494 158 1547; x_wconf 73' lang='grc' dir='ltr'><em>ιαὶ</em></span> <span class='ocrx_word' id='word_1_91' title='bbox 242 1498 474 1564; x_wconf 82' lang='grc' dir='ltr'><em>πάσας</em></span> <span class='ocrx_word' id='word_1_92' title='bbox 539 1501 633 1554; x_wconf 84' lang='grc' dir='ltr'><em>τοῦ</em></span> <span class='ocrx_word' id='word_1_93' title='bbox 700 1501 832 1554; x_wconf 79' lang='grc' dir='ltr'><em>λαοῦ</em></span> <span class='ocrx_word' id='word_1_94' title='bbox 899 1503 1000 1567; x_wconf 81' lang='grc' dir='ltr'><em>τὰς</em></span> <span class='ocrx_word' id='word_1_95' title='bbox 1071 1504 1389 1569; x_wconf 90' lang='grc' dir='ltr'><em>δυσσεϐείας</em></span> <span class='ocrx_word' id='word_1_96' title='bbox 1456 1504 1726 1572; x_wconf 80' lang='grc' dir='ltr'><strong>διέξεισιν.</strong></span> 
     </span>
    </p>
   </div>
   <div class='ocr_carea' id='block_1_17' title="bbox 60 1585 1729 1672">
    <p class='ocr_par' dir='ltr' id='par_1_17' title="bbox 60 1585 1729 1672">
     <span class='ocr_line' id='line_1_17' title="bbox 60 1585 1729 1672; baseline 0.008 -31"><span class='ocrx_word' id='word_1_97' title='bbox 60 1585 254 1642; x_wconf 67' lang='grc' dir='ltr'><em>Ἐστι</em></span> <span class='ocrx_word' id='word_1_98' title='bbox 290 1589 368 1644; x_wconf 74' lang='grc' dir='ltr'><em>δὲ</em></span> <span class='ocrx_word' id='word_1_99' title='bbox 410 1593 513 1646; x_wconf 83' lang='grc' dir='ltr'><strong>καὶ</strong></span> <span class='ocrx_word' id='word_1_100' title='bbox 548 1594 577 1647; x_wconf 80' lang='grc' dir='ltr'><strong>ό</strong></span> <span class='ocrx_word' id='word_1_101' title='bbox 621 1595 731 1658; x_wconf 73' lang='grc' dir='ltr'><em>πᾶς</em></span> <span class='ocrx_word' id='word_1_102' title='bbox 763 1593 919 1663; x_wconf 82' lang='grc' dir='ltr'><strong>λόγος</strong></span> <span class='ocrx_word' id='word_1_103' title='bbox 942 1593 1038 1649; x_wconf 80' lang='grc' dir='ltr'><strong>τοῦ</strong></span> <span class='ocrx_word' id='word_1_104' title='bbox 1093 1593 1363 1652; x_wconf 84' lang='grc' dir='ltr'><strong>Ἰουδαίων</strong></span> <span class='ocrx_word' id='word_1_105' title='bbox 1395 1598 1526 1653; x_wconf 81' lang='grc' dir='ltr'><em>λαοῦ</em></span> <span class='ocrx_word' id='word_1_106' title='bbox 1558 1617 1729 1672; x_wconf 84' lang='grc' dir='ltr'><em>κατη-</em></span> 
     </span>
    </p>
   </div>
   <div class='ocr_carea' id='block_1_18' title="bbox 57 1681 1728 1762">
    <p class='ocr_par' dir='ltr' id='par_1_18' title="bbox 57 1681 1728 1762">
     <span class='ocr_line' id='line_1_18' title="bbox 57 1681 1728 1762; baseline 0.008 -31"><span class='ocrx_word' id='word_1_107' title='bbox 57 1681 366 1762; x_wconf 67' lang='grc' dir='ltr'><em>γορικός.</em></span> <span class='ocrx_word' id='word_1_108' title='bbox 435 1684 546 1740; x_wconf 81' lang='lat' dir='ltr'><strong>Kal</strong></span> <span class='ocrx_word' id='word_1_109' title='bbox 592 1688 1043 1755; x_wconf 76' lang='grc' dir='ltr'><em>παρεπίκραναν</em></span> <span class='ocrx_word' id='word_1_110' title='bbox 1073 1686 1503 1758; x_wconf 80' lang='grc' dir='ltr'><em>ἀναϐαίνοντες</em></span> <span class='ocrx_word' id='word_1_111' title='bbox 1545 1691 1616 1745; x_wconf 81' lang='grc' dir='ltr'><em>ἐν</em></span> <span class='ocrx_word' id='word_1_112' title='bbox 1650 1689 1728 1762; x_wconf 77' lang='grc' dir='ltr'><em>τῇ</em></span> 
     </span>
    </p>
   </div>
   <div class='ocr_carea' id='block_1_19' title="bbox 56 1759 1729 1855">
    <p class='ocr_par' dir='ltr' id='par_1_19' title="bbox 56 1759 1729 1855">
     <span class='ocr_line' id='line_1_19' title="bbox 56 1759 1729 1855; baseline 0.009 -32"><span class='ocrx_word' id='word_1_113' title='bbox 56 1759 389 1842; x_wconf 74' lang='grc' dir='ltr'><em>ἺΞρυΟρᾷ</em></span> <span class='ocrx_word' id='word_1_114' title='bbox 413 1776 718 1847; x_wconf 77' lang='grc' dir='ltr'><em>θαλάσσῃ.</em></span> <span class='ocrx_word' id='word_1_115' title='bbox 737 1779 1135 1850; x_wconf 81' lang='grc' dir='ltr'><em>Προσελθόντες</em></span> <span class='ocrx_word' id='word_1_116' title='bbox 1165 1784 1373 1854; x_wconf 80' lang='grc' dir='ltr'><em>Μωῦσῇ</em></span> <span class='ocrx_word' id='word_1_117' title='bbox 1399 1784 1494 1837; x_wconf 74' lang='grc' dir='ltr'><strong>καὶ</strong></span> <span class='ocrx_word' id='word_1_118' title='bbox 1523 1785 1597 1855; x_wconf 77' lang='grc' dir='ltr'><strong>φή</strong></span> <span class='ocrx_word' id='word_1_119' title='bbox 1608 1759 1729 1837; x_wconf 51' lang='grc' dir='ltr'><em>σανέ</em></span> 
     </span>
    </p>
   </div>
   <div class='ocr_carea' id='block_1_20' title="bbox 1841 595 3425 670">
    <p class='ocr_par' dir='ltr' id='par_1_20' title="bbox 1841 595 3425 670">
     <span class='ocr_line' id='line_1_20' title="bbox 1841 595 3425 670; baseline 0.003 -21"><span class='ocrx_word' id='word_1_120' title='bbox 1841 596 2184 666; x_wconf 72' lang='lat' dir='ltr'><strong>providentia</strong></span> <span class='ocrx_word' id='word_1_121' title='bbox 2229 595 2379 667; x_wconf 79' lang='lat' dir='ltr'><strong>digni</strong></span> <span class='ocrx_word' id='word_1_122' title='bbox 2433 605 2660 663; x_wconf 78' lang='lat' dir='ltr'><strong>essent,</strong></span> <span class='ocrx_word' id='word_1_123' title='bbox 2718 597 2813 654; x_wconf 90' lang='lat' dir='ltr'><strong>sed</strong></span> <span class='ocrx_word' id='word_1_124' title='bbox 2863 599 2935 654; x_wconf 92' lang='lat' dir='ltr'><strong>ob</strong></span> <span class='ocrx_word' id='word_1_125' title='bbox 2991 597 3425 670; x_wconf 73' lang='lat' dir='ltr'><strong>magnitudinem</strong></span> 
     </span>
    </p>
   </div>
   <div class='ocr_carea' id='block_1_21' title="bbox 1840 685 3086 757">
    <p class='ocr_par' dir='ltr' id='par_1_21' title="bbox 1840 685 3086 757">
     <span class='ocr_line' id='line_1_21' title="bbox 1840 685 3086 757; baseline 0.005 -17"><span class='ocrx_word' id='word_1_126' title='bbox 1840 685 2233 743; x_wconf 81' lang='lat' dir='ltr'><strong>misericordiae</strong></span> <span class='ocrx_word' id='word_1_127' title='bbox 2263 685 2460 757; x_wconf 85' lang='lat' dir='ltr'><strong>ipsius,</strong></span> <span class='ocrx_word' id='word_1_128' title='bbox 2503 687 2616 742; x_wconf 80' lang='lat' dir='ltr'><strong>lucc</strong></span> <span class='ocrx_word' id='word_1_129' title='bbox 2644 689 2928 745; x_wconf 87' lang='lat' dir='ltr'><strong>consecuti</strong></span> <span class='ocrx_word' id='word_1_130' title='bbox 2955 689 3086 746; x_wconf 90' lang='lat' dir='ltr'><strong>sint.</strong></span> 
     </span>
    </p>
   </div>
   <div class='ocr_carea' id='block_1_22' title="bbox 1909 859 3424 936">
    <p class='ocr_par' dir='ltr' id='par_1_22' title="bbox 1909 859 3424 936">
     <span class='ocr_line' id='line_1_22' title="bbox 1909 859 3424 936; baseline 0.005 -23"><span class='ocrx_word' id='word_1_131' title='bbox 1909 861 2077 917; x_wconf 75' lang='lat' dir='ltr'><strong>Vens.</strong></span> <span class='ocrx_word' id='word_1_132' title='bbox 2107 862 2161 926; x_wconf 88' lang='lat'><strong>7,</strong></span> <span class='ocrx_word' id='word_1_133' title='bbox 2185 860 2239 916; x_wconf 92' lang='lat'><strong>8.</strong></span> <span class='ocrx_word' id='word_1_134' title='bbox 2269 859 2461 916; x_wconf 89' lang='lat' dir='ltr'><strong>Patres</strong></span> <span class='ocrx_word' id='word_1_135' title='bbox 2492 862 2662 917; x_wconf 91' lang='lat' dir='ltr'><strong>nostri</strong></span> <span class='ocrx_word' id='word_1_136' title='bbox 2689 864 2746 918; x_wconf 91' lang='lat' dir='ltr'><strong>in</strong></span> <span class='ocrx_word' id='word_1_137' title='bbox 2775 862 3008 936; x_wconf 62' lang='lat' dir='ltr'><strong>Egypto</strong></span> <span class='ocrx_word' id='word_1_138' title='bbox 3031 881 3136 920; x_wconf 90' lang='lat' dir='ltr'><strong>non</strong></span> <span class='ocrx_word' id='word_1_139' title='bbox 3156 864 3424 920; x_wconf 58' lang='lat' dir='ltr'><strong>intelleaea</strong></span> 
     </span>
    </p>
   </div>
   <div class='ocr_carea' id='block_1_23' title="bbox 1838 954 3424 1024">
    <p class='ocr_par' dir='ltr' id='par_1_23' title="bbox 1838 954 3424 1024">
     <span class='ocr_line' id='line_1_23' title="bbox 1838 954 3424 1024; baseline 0.001 -16"><span class='ocrx_word' id='word_1_140' title='bbox 1838 963 1964 1008; x_wconf 88' lang='lat' dir='ltr'><strong>runt</strong></span> <span class='ocrx_word' id='word_1_141' title='bbox 1993 954 2264 1008; x_wconf 80' lang='lat' dir='ltr'><strong>mirabilia</strong></span> <span class='ocrx_word' id='word_1_142' title='bbox 2303 965 2416 1020; x_wconf 83' lang='lat' dir='ltr'><strong>tua,</strong></span> <span class='ocrx_word' id='word_1_143' title='bbox 2463 971 2567 1010; x_wconf 91' lang='lat' dir='ltr'><strong>non</strong></span> <span class='ocrx_word' id='word_1_144' title='bbox 2607 954 2822 1024; x_wconf 74' lang='lat' dir='ltr'><strong>fuerunt</strong></span> <span class='ocrx_word' id='word_1_145' title='bbox 2875 972 3130 1011; x_wconf 85' lang='lat' dir='ltr'><strong>memores</strong></span> <span class='ocrx_word' id='word_1_146' title='bbox 3175 956 3424 1011; x_wconf 86' lang='lat' dir='ltr'><strong>multitu-</strong></span> 
     </span>
    </p>
   </div>
   <div class='ocr_carea' id='block_1_24' title="bbox 1835 1042 3422 1104">
    <p class='ocr_par' dir='ltr' id='par_1_24' title="bbox 1835 1042 3422 1104">
     <span class='ocr_line' id='line_1_24' title="bbox 1835 1042 3422 1104; baseline 0.004 -8"><span class='ocrx_word' id='word_1_147' title='bbox 1835 1042 1978 1098; x_wconf 87' lang='lat' dir='ltr'><strong>dinis</strong></span> <span class='ocrx_word' id='word_1_148' title='bbox 2010 1044 2392 1099; x_wconf 72' lang='lat' dir='ltr'><strong>misericordia:</strong></span> <span class='ocrx_word' id='word_1_149' title='bbox 2432 1056 2557 1100; x_wconf 77' lang='lat' dir='ltr'><strong>tum.</strong></span> <span class='ocrx_word' id='word_1_150' title='bbox 2597 1044 2663 1099; x_wconf 86' lang='lat' dir='ltr'><strong>Et</strong></span> <span class='ocrx_word' id='word_1_151' title='bbox 2696 1047 3040 1102; x_wconf 78' lang='lat' dir='ltr'><strong>irritaverant</strong></span> <span class='ocrx_word' id='word_1_152' title='bbox 3084 1047 3422 1104; x_wconf 87' lang='lat' dir='ltr'><strong>ascendentes</strong></span> 
     </span>
    </p>
   </div>
   <div class='ocr_carea' id='block_1_25' title="bbox 1836 1131 3422 1208">
    <p class='ocr_par' dir='ltr' id='par_1_25' title="bbox 1836 1131 3422 1208">
     <span class='ocr_line' id='line_1_25' title="bbox 1836 1131 3422 1208; baseline 0.005 -21"><span class='ocrx_word' id='word_1_153' title='bbox 1836 1132 1892 1187; x_wconf 90' lang='lat' dir='ltr'><strong>in</strong></span> <span class='ocrx_word' id='word_1_154' title='bbox 1919 1148 2066 1186; x_wconf 87' lang='lat' dir='ltr'><strong>mare</strong></span> <span class='ocrx_word' id='word_1_155' title='bbox 2087 1131 2343 1190; x_wconf 79' lang='lat' dir='ltr'><strong>Rubrum.</strong></span> <span class='ocrx_word' id='word_1_156' title='bbox 2380 1132 2504 1189; x_wconf 71' lang='lat' dir='ltr'><strong>Haec</strong></span> <span class='ocrx_word' id='word_1_157' title='bbox 2526 1135 2745 1205; x_wconf 87' lang='lat' dir='ltr'><strong>quidem</strong></span> <span class='ocrx_word' id='word_1_158' title='bbox 2798 1136 3117 1208; x_wconf 63' lang='lat' dir='ltr'><strong>praecedens</strong></span> <span class='ocrx_word' id='word_1_159' title='bbox 3172 1138 3422 1208; x_wconf 85' lang='lat' dir='ltr'><strong>psalmus</strong></span> 
     </span>
    </p>
   </div>
   <div class='ocr_carea' id='block_1_26' title="bbox 1835 1226 3423 1300">
    <p class='ocr_par' dir='ltr' id='par_1_26' title="bbox 1835 1226 3423 1300">
     <span class='ocr_line' id='line_1_26' title="bbox 1835 1226 3423 1300; baseline 0.003 -20"><span class='ocrx_word' id='word_1_160' title='bbox 1835 1226 2137 1289; x_wconf 74' lang='lat' dir='ltr'><strong>enarravit,</strong></span> <span class='ocrx_word' id='word_1_161' title='bbox 2170 1226 2443 1282; x_wconf 88' lang='lat' dir='ltr'><strong>mirabilia</strong></span> <span class='ocrx_word' id='word_1_162' title='bbox 2478 1241 2610 1282; x_wconf 81' lang='lat' dir='ltr'><strong>vero</strong></span> <span class='ocrx_word' id='word_1_163' title='bbox 2642 1227 2697 1282; x_wconf 91' lang='lat' dir='ltr'><strong>in</strong></span> <span class='ocrx_word' id='word_1_164' title='bbox 2747 1227 2967 1285; x_wconf 88' lang='lat' dir='ltr'><strong>deserto</strong></span> <span class='ocrx_word' id='word_1_165' title='bbox 3011 1237 3228 1300; x_wconf 86' lang='lat' dir='ltr'><strong>patrata</strong></span> <span class='ocrx_word' id='word_1_166' title='bbox 3265 1245 3423 1286; x_wconf 87' lang='lat' dir='ltr'><strong>com-</strong></span> 
     </span>
    </p>
   </div>
   <div class='ocr_carea' id='block_1_27' title="bbox 1838 1307 3426 1391">
    <p class='ocr_par' dir='ltr' id='par_1_27' title="bbox 1838 1307 3426 1391">
     <span class='ocr_line' id='line_1_27' title="bbox 1838 1307 3426 1391; baseline 0.004 -21"><span class='ocrx_word' id='word_1_167' title='bbox 1838 1317 2036 1388; x_wconf 87' lang='lat' dir='ltr'><strong>pendio</strong></span> <span class='ocrx_word' id='word_1_168' title='bbox 2063 1318 2273 1382; x_wconf 82' lang='lat' dir='ltr'><strong>retulit,</strong></span> <span class='ocrx_word' id='word_1_169' title='bbox 2308 1307 2627 1389; x_wconf 75' lang='lat' dir='ltr'><strong>nullamque</strong></span> <span class='ocrx_word' id='word_1_170' title='bbox 2679 1320 2734 1374; x_wconf 92' lang='lat' dir='ltr'><strong>in</strong></span> <span class='ocrx_word' id='word_1_171' title='bbox 2791 1321 3051 1391; x_wconf 87' lang='lat' dir='ltr'><strong>p0pulum</strong></span> <span class='ocrx_word' id='word_1_172' title='bbox 3110 1324 3426 1377; x_wconf 81' lang='lat' dir='ltr'><strong>accusatio-</strong></span> 
     </span>
    </p>
   </div>
   <div class='ocr_carea' id='block_1_28' title="bbox 1836 1407 3478 1482">
    <p class='ocr_par' dir='ltr' id='par_1_28' title="bbox 1836 1407 3478 1482">
     <span class='ocr_line' id='line_1_28' title="bbox 1836 1407 3478 1482; baseline 0.004 -19"><span class='ocrx_word' id='word_1_173' title='bbox 1836 1423 1961 1464; x_wconf 87' lang='lat' dir='ltr'><strong>nem</strong></span> <span class='ocrx_word' id='word_1_174' title='bbox 2006 1409 2266 1465; x_wconf 80' lang='lat' dir='ltr'><strong>instituit.</strong></span> <span class='ocrx_word' id='word_1_175' title='bbox 2304 1407 2404 1464; x_wconf 87' lang='lat' dir='ltr'><strong>Hic</strong></span> <span class='ocrx_word' id='word_1_176' title='bbox 2450 1425 2582 1465; x_wconf 89' lang='lat' dir='ltr'><strong>vero</strong></span> <span class='ocrx_word' id='word_1_177' title='bbox 2610 1412 2857 1482; x_wconf 82' lang='lat' dir='ltr'><strong>psalmus</strong></span> <span class='ocrx_word' id='word_1_178' title='bbox 2888 1414 3116 1468; x_wconf 75' lang='lat' dir='ltr'><strong>resumit</strong></span> <span class='ocrx_word' id='word_1_179' title='bbox 3145 1415 3420 1470; x_wconf 84' lang='lat' dir='ltr'><strong>narratio-</strong></span> <span class='ocrx_word' id='word_1_180' title='bbox 3473 1427 3478 1434; x_wconf 91' lang='lat'>&#39;</span> 
     </span>
    </p>
   </div>
   <div class='ocr_carea' id='block_1_29' title="bbox 1834 1503 3414 1573">
    <p class='ocr_par' dir='ltr' id='par_1_29' title="bbox 1834 1503 3414 1573">
     <span class='ocr_line' id='line_1_29' title="bbox 1834 1503 3414 1573; baseline 0.003 -16"><span class='ocrx_word' id='word_1_181' title='bbox 1834 1517 1982 1565; x_wconf 89' lang='lat' dir='ltr'><strong>nem,</strong></span> <span class='ocrx_word' id='word_1_182' title='bbox 2041 1517 2344 1573; x_wconf 89' lang='lat' dir='ltr'><strong>omnesque</strong></span> <span class='ocrx_word' id='word_1_183' title='bbox 2402 1504 2588 1572; x_wconf 84' lang='lat' dir='ltr'><strong>populi</strong></span> <span class='ocrx_word' id='word_1_184' title='bbox 2637 1503 2945 1571; x_wconf 89' lang='lat' dir='ltr'><strong>impietates</strong></span> <span class='ocrx_word' id='word_1_185' title='bbox 2997 1515 3414 1562; x_wconf 85' lang='lat' dir='ltr'><strong>commemorat.</strong></span> 
     </span>
    </p>
   </div>
   <div class='ocr_carea' id='block_1_30' title="bbox 1834 1589 3416 1664">
    <p class='ocr_par' dir='ltr' id='par_1_30' title="bbox 1834 1589 3416 1664">
     <span class='ocr_line' id='line_1_30' title="bbox 1834 1589 3416 1664; baseline 0.004 -20"><span class='ocrx_word' id='word_1_186' title='bbox 1834 1589 2118 1662; x_wconf 82' lang='lat' dir='ltr'><strong>Totusque</strong></span> <span class='ocrx_word' id='word_1_187' title='bbox 2157 1605 2340 1646; x_wconf 80' lang='lat' dir='ltr'><strong>sermo</strong></span> <span class='ocrx_word' id='word_1_188' title='bbox 2358 1589 2602 1646; x_wconf 63' lang='lat' dir='ltr'><strong>Judaice</strong></span> <span class='ocrx_word' id='word_1_189' title='bbox 2623 1593 2807 1664; x_wconf 77' lang='lat' dir='ltr'><strong>gentis</strong></span> <span class='ocrx_word' id='word_1_190' title='bbox 2850 1594 3134 1649; x_wconf 86' lang='lat' dir='ltr'><strong>accusatio</strong></span> <span class='ocrx_word' id='word_1_191' title='bbox 3184 1603 3289 1651; x_wconf 87' lang='lat' dir='ltr'><strong>est.</strong></span> <span class='ocrx_word' id='word_1_192' title='bbox 3344 1594 3416 1650; x_wconf 84' lang='lat' dir='ltr'><strong>Et</strong></span> 
     </span>
    </p>
   </div>
   <div class='ocr_carea' id='block_1_31' title="bbox 1832 1682 3416 1752">
    <p class='ocr_par' dir='ltr' id='par_1_31' title="bbox 1832 1682 3416 1752">
     <span class='ocr_line' id='line_1_31' title="bbox 1832 1682 3416 1752; baseline 0.004 -16"><span class='ocrx_word' id='word_1_193' title='bbox 1832 1683 2175 1737; x_wconf 71' lang='lat' dir='ltr'><strong>irritaverant</strong></span> <span class='ocrx_word' id='word_1_194' title='bbox 2201 1682 2538 1738; x_wconf 72' lang='lat' dir='ltr'><strong>ascendentes</strong></span> <span class='ocrx_word' id='word_1_195' title='bbox 2561 1684 2618 1737; x_wconf 90' lang='lat' dir='ltr'><strong>in</strong></span> <span class='ocrx_word' id='word_1_196' title='bbox 2646 1700 2793 1739; x_wconf 87' lang='lat' dir='ltr'><strong>mare</strong></span> <span class='ocrx_word' id='word_1_197' title='bbox 2821 1683 3054 1739; x_wconf 83' lang='lat' dir='ltr'><strong>Rubrum</strong></span> <span class='ocrx_word' id='word_1_198' title='bbox 3077 1687 3158 1752; x_wconf 67' lang='lat'><strong>7°;</strong></span> <span class='ocrx_word' id='word_1_199' title='bbox 3189 1701 3316 1742; x_wconf 91' lang='lat' dir='ltr'><strong>cum</strong></span> <span class='ocrx_word' id='word_1_200' title='bbox 3345 1688 3416 1742; x_wconf 88' lang='lat' dir='ltr'><strong>ad</strong></span> 
     </span>
    </p>
   </div>
   <div class='ocr_carea' id='block_1_32' title="bbox 1833 1771 3416 1844">
    <p class='ocr_par' dir='ltr' id='par_1_32' title="bbox 1833 1771 3416 1844">
     <span class='ocr_line' id='line_1_32' title="bbox 1833 1771 3416 1844; baseline 0.006 -18"><span class='ocrx_word' id='word_1_201' title='bbox 1833 1771 2080 1844; x_wconf 81' lang='lat' dir='ltr'><strong>Moysem</strong></span> <span class='ocrx_word' id='word_1_202' title='bbox 2119 1774 2449 1830; x_wconf 82' lang='lat' dir='ltr'><strong>accedentes</strong></span> <span class='ocrx_word' id='word_1_203' title='bbox 2479 1775 2728 1836; x_wconf 84' lang='lat' dir='ltr'><strong>dicerent</strong></span> <span class='ocrx_word' id='word_1_204' title='bbox 2757 1791 2770 1827; x_wconf 89' lang='lat'><strong>:</strong></span> <span class='ocrx_word' id='word_1_205' title='bbox 2806 1775 3023 1830; x_wconf 81' lang='lat' dir='ltr'><strong>Utinam</strong></span> <span class='ocrx_word' id='word_1_206' title='bbox 3051 1779 3249 1833; x_wconf 83' lang='lat' dir='ltr'><strong>mortui</strong></span> <span class='ocrx_word' id='word_1_207' title='bbox 3274 1795 3416 1836; x_wconf 83' lang='lat' dir='ltr'><strong>esse-</strong></span> 
     </span>
    </p>
   </div>
   <div class='ocr_carea' id='block_1_33' title="bbox 56 1861 1710 1945">
    <p class='ocr_par' dir='ltr' id='par_1_33' title="bbox 56 1867 1710 1945">
     <span class='ocr_line' id='line_1_33' title="bbox 56 1867 1710 1945; baseline 0.008 -28"><span class='ocrx_word' id='word_1_208' title='bbox 56 1871 197 1928; x_wconf 72' lang='lat' dir='ltr'><strong>tsq,</strong></span> <span class='ocrx_word' id='word_1_209' title='bbox 226 1867 530 1936; x_wconf 72' lang='grc' dir='ltr'><em>Ὄφελον</em></span> <span class='ocrx_word' id='word_1_210' title='bbox 542 1870 660 1940; x_wconf 80' lang='grc' dir='ltr'><strong>μὲν</strong></span> <span class='ocrx_word' id='word_1_211' title='bbox 673 1869 1052 1942; x_wconf 79' lang='grc' dir='ltr'><strong>ἀπεθάνομεν</strong></span> <span class='ocrx_word' id='word_1_212' title='bbox 1065 1873 1135 1927; x_wconf 87' lang='grc' dir='ltr'><em>ἐν</em></span> <span class='ocrx_word' id='word_1_213' title='bbox 1155 1872 1232 1943; x_wconf 78' lang='grc' dir='ltr'><strong>γῇ</strong></span> <span class='ocrx_word' id='word_1_214' title='bbox 1250 1875 1546 1944; x_wconf 68' lang='grc' dir='ltr'><em>Αἰγύπτῳ,</em></span> <span class='ocrx_word' id='word_1_215' title='bbox 1561 1875 1598 1945; x_wconf 83' lang='grc' dir='ltr'>ἢ</span> <span class='ocrx_word' id='word_1_216' title='bbox 1615 1875 1710 1930; x_wconf 66' lang='grc' dir='ltr'><strong>ἐπὶ</strong></span> 
     </span>
    </p>
   </div>
   <div class='ocr_carea' id='block_1_34' title="bbox 1826 1861 3414 1945">
    <p class='ocr_par' dir='ltr' id='par_1_34' title="bbox 1826 1861 3414 1942">
     <span class='ocr_line' id='line_1_34' title="bbox 1826 1861 3414 1942; baseline 0.006 -26"><span class='ocrx_word' id='word_1_217' title='bbox 1826 1877 1942 1917; x_wconf 79' lang='lat' dir='ltr'><strong>mus</strong></span> <span class='ocrx_word' id='word_1_218' title='bbox 1979 1863 2037 1917; x_wconf 89' lang='lat' dir='ltr'><strong>in</strong></span> <span class='ocrx_word' id='word_1_219' title='bbox 2067 1861 2322 1934; x_wconf 54' lang='lat' dir='ltr'><strong>.Egypto,</strong></span> <span class='ocrx_word' id='word_1_220' title='bbox 2349 1874 2442 1918; x_wconf 82' lang='lat' dir='ltr'><strong>aut</strong></span> <span class='ocrx_word' id='word_1_221' title='bbox 2472 1866 2527 1920; x_wconf 88' lang='lat' dir='ltr'><strong>in</strong></span> <span class='ocrx_word' id='word_1_222' title='bbox 2559 1869 2657 1921; x_wconf 79' lang='lat' dir='ltr'><strong>hac</strong></span> <span class='ocrx_word' id='word_1_223' title='bbox 2686 1867 3008 1922; x_wconf 72' lang='lat' dir='ltr'><strong>solitudine!</strong></span> <span class='ocrx_word' id='word_1_224' title='bbox 3031 1877 3087 1924; x_wconf 90' lang='lat' dir='ltr'><strong>et</strong></span> <span class='ocrx_word' id='word_1_225' title='bbox 3120 1888 3134 1924; x_wconf 94' lang='lat'><strong>:</strong></span> <span class='ocrx_word' id='word_1_226' title='bbox 3167 1871 3252 1924; x_wconf 82' lang='lat' dir='ltr'><strong>An</strong></span> <span class='ocrx_word' id='word_1_227' title='bbox 3285 1873 3414 1942; x_wconf 82' lang='lat' dir='ltr'><strong>quia</strong></span> 
     </span>
    </p>
   </div>
   <div class='ocr_carea' id='block_1_35' title="bbox 57 1954 1731 2038">
    <p class='ocr_par' dir='ltr' id='par_1_35' title="bbox 57 1954 1731 2038">
     <span class='ocr_line' id='line_1_35' title="bbox 57 1954 1731 2038; baseline 0.008 -30"><span class='ocrx_word' id='word_1_228' title='bbox 57 1954 200 2025; x_wconf 79' lang='grc' dir='ltr'><em>τῆς</em></span> <span class='ocrx_word' id='word_1_229' title='bbox 225 1957 492 2030; x_wconf 79' lang='grc' dir='ltr'><strong>ἐρήμου</strong></span> <span class='ocrx_word' id='word_1_230' title='bbox 503 1962 744 2030; x_wconf 82' lang='grc' dir='ltr'><em>ταύτης·</em></span> <span class='ocrx_word' id='word_1_231' title='bbox 769 1964 884 2028; x_wconf 76' lang='grc' dir='ltr'><em>καὶ,</em></span> <span class='ocrx_word' id='word_1_232' title='bbox 903 1964 1070 2033; x_wconf 84' lang='grc' dir='ltr'><em>Παρὰ</em></span> <span class='ocrx_word' id='word_1_233' title='bbox 1093 1966 1158 2018; x_wconf 77' lang='grc' dir='ltr'><strong>τό</strong></span> <span class='ocrx_word' id='word_1_234' title='bbox 1175 1965 1262 2035; x_wconf 80' lang='grc' dir='ltr'><em>μὴ</em></span> <span class='ocrx_word' id='word_1_235' title='bbox 1277 1967 1427 2020; x_wconf 74' lang='grc' dir='ltr'><em>εἶναι</em></span> <span class='ocrx_word' id='word_1_236' title='bbox 1447 1967 1731 2038; x_wconf 75' lang='grc' dir='ltr'><em>μνήματα</em></span> 
     </span>
    </p>
   </div>
   <div class='ocr_carea' id='block_1_36' title="bbox 52 2037 1732 2129">
    <p class='ocr_par' dir='ltr' id='par_1_36' title="bbox 52 2037 1732 2129">
     <span class='ocr_line' id='line_1_36' title="bbox 52 2037 1732 2129; baseline 0.008 -29"><span class='ocrx_word' id='word_1_237' title='bbox 52 2037 152 2100; x_wconf 71' lang='grc' dir='ltr'><strong>’ἐν</strong></span> <span class='ocrx_word' id='word_1_238' title='bbox 187 2052 533 2122; x_wconf 69' lang='grc' dir='ltr'><em>Αἰγύπτῳ,</em></span> <span class='ocrx_word' id='word_1_239' title='bbox 583 2053 876 2125; x_wconf 76' lang='grc' dir='ltr'><strong>ἐξήγαγες</strong></span> <span class='ocrx_word' id='word_1_240' title='bbox 927 2055 1108 2124; x_wconf 77' lang='grc' dir='ltr'><em>ἡμᾶς,</em></span> <span class='ocrx_word' id='word_1_241' title='bbox 1157 2057 1492 2112; x_wconf 84' lang='grc' dir='ltr'><em>θανατῶσαι</em></span> <span class='ocrx_word' id='word_1_242' title='bbox 1651 2057 1732 2129; x_wconf 77' lang='grc' dir='ltr'><em>τῇ</em></span> 
     </span>
    </p>
   </div>
   <div class='ocr_carea' id='block_1_37' title="bbox 65 2138 1730 2220">
    <p class='ocr_par' dir='ltr' id='par_1_37' title="bbox 65 2138 1730 2220">
     <span class='ocr_line' id='line_1_37' title="bbox 65 2138 1730 2220; baseline 0.008 -28"><span class='ocrx_word' id='word_1_243' title='bbox 65 2138 321 2210; x_wconf 78' lang='grc' dir='ltr'><strong>ἐρήμῳ</strong></span> <span class='ocrx_word' id='word_1_244' title='bbox 342 2159 365 2208; x_wconf 90' lang='grc'><strong><em>;</em></strong></span> <span class='ocrx_word' id='word_1_245' title='bbox 405 2145 470 2198; x_wconf 85' lang='grc' dir='ltr'><strong>Τί</strong></span> <span class='ocrx_word' id='word_1_246' title='bbox 498 2143 676 2199; x_wconf 87' lang='grc' dir='ltr'><em>τοῦτο</em></span> <span class='ocrx_word' id='word_1_247' title='bbox 705 2147 1002 2214; x_wconf 80' lang='grc' dir='ltr'><em>ἐποίησας</em></span> <span class='ocrx_word' id='word_1_248' title='bbox 1030 2147 1178 2217; x_wconf 76' lang='grc' dir='ltr'><strong>ἡμῖν</strong></span> <span class='ocrx_word' id='word_1_249' title='bbox 1203 2148 1510 2220; x_wconf 74' lang='grc' dir='ltr'><em>ἐξαγαγὼν</em></span> <span class='ocrx_word' id='word_1_250' title='bbox 1536 2150 1607 2216; x_wconf 81' lang='grc' dir='ltr'><strong>ἐξ</strong></span> <span class='ocrx_word' id='word_1_251' title='bbox 1630 2153 1730 2206; x_wconf 83' lang='grc' dir='ltr'><strong>Δί-</strong></span> 
     </span>
    </p>
   </div>
   <div class='ocr_carea' id='block_1_38' title="bbox 48 2234 1729 2314">
    <p class='ocr_par' dir='ltr' id='par_1_38' title="bbox 48 2234 1729 2314">
     <span class='ocr_line' id='line_1_38' title="bbox 48 2234 1729 2314; baseline 0.008 -28"><span class='ocrx_word' id='word_1_252' title='bbox 48 2234 402 2302; x_wconf 69' lang='grc' dir='ltr'><em>’γύπτους</em></span> <span class='ocrx_word' id='word_1_253' title='bbox 433 2237 517 2292; x_wconf 85' lang='grc' dir='ltr'><strong>Οὐ</strong></span> <span class='ocrx_word' id='word_1_254' title='bbox 542 2237 718 2293; x_wconf 87' lang='grc' dir='ltr'><em>τοῦτο</em></span> <span class='ocrx_word' id='word_1_255' title='bbox 741 2235 819 2311; x_wconf 83' lang='grc' dir='ltr'><em>ἦν</em></span> <span class='ocrx_word' id='word_1_256' title='bbox 841 2239 909 2294; x_wconf 84' lang='grc' dir='ltr'><strong>τὸ</strong></span> <span class='ocrx_word' id='word_1_257' title='bbox 923 2239 1088 2312; x_wconf 75' lang='grc' dir='ltr'><em>ῥῆμα</em></span> <span class='ocrx_word' id='word_1_258' title='bbox 1115 2241 1146 2296; x_wconf 81' lang='grc' dir='ltr'><em>ὃ</em></span> <span class='ocrx_word' id='word_1_259' title='bbox 1169 2242 1558 2314; x_wconf 75' lang='grc' dir='ltr'><em>ἐλαλήσαμεν</em></span> <span class='ocrx_word' id='word_1_260' title='bbox 1577 2243 1729 2314; x_wconf 85' lang='grc' dir='ltr'><em>πρὸς</em></span> 
     </span>
    </p>
   </div>
   <div class='ocr_carea' id='block_1_39' title="bbox 73 2326 1728 2404">
    <p class='ocr_par' dir='ltr' id='par_1_39' title="bbox 73 2326 1728 2404">
     <span class='ocr_line' id='line_1_39' title="bbox 73 2326 1728 2404; baseline 0.008 -26"><span class='ocrx_word' id='word_1_261' title='bbox 73 2326 164 2378; x_wconf 81' lang='grc' dir='ltr'><em>σὲ</em></span> <span class='ocrx_word' id='word_1_262' title='bbox 199 2326 288 2380; x_wconf 81' lang='grc' dir='ltr'><strong>ὲν·</strong></span> <span class='ocrx_word' id='word_1_263' title='bbox 314 2330 605 2398; x_wconf 71' lang='grc' dir='ltr'><em>Αἰγύπτῳ</em></span> <span class='ocrx_word' id='word_1_264' title='bbox 638 2329 942 2400; x_wconf 68' lang='grc' dir='ltr'><em>λέγοντεςσ</em></span> <span class='ocrx_word' id='word_1_265' title='bbox 974 2333 1168 2402; x_wconf 82' lang='grc' dir='ltr'><em>Πάρες</em></span> <span class='ocrx_word' id='word_1_266' title='bbox 1198 2330 1377 2404; x_wconf 70' lang='grc' dir='ltr'><em>ἡμᾶς,</em></span> <span class='ocrx_word' id='word_1_267' title='bbox 1405 2334 1565 2403; x_wconf 81' lang='grc' dir='ltr'><em>ὅπως</em></span> <span class='ocrx_word' id='word_1_268' title='bbox 1595 2336 1728 2391; x_wconf 83' lang='grc' dir='ltr'><em>δου-</em></span> 
     </span>
    </p>
   </div>
   <div class='ocr_carea' id='block_1_40' title="bbox 46 2407 1726 2497">
    <p class='ocr_par' dir='ltr' id='par_1_40' title="bbox 46 2407 1726 2497">
     <span class='ocr_line' id='line_1_40' title="bbox 46 2407 1726 2497; baseline 0.01 -29"><span class='ocrx_word' id='word_1_269' title='bbox 46 2407 451 2488; x_wconf 71' lang='grc' dir='ltr'><em>⁵λεύσωμεν</em></span> <span class='ocrx_word' id='word_1_270' title='bbox 498 2419 624 2487; x_wconf 83' lang='grc' dir='ltr'><em>τοῖς</em></span> <span class='ocrx_word' id='word_1_271' title='bbox 670 2423 1017 2491; x_wconf 72' lang='grc' dir='ltr'><em>Αἰγυπτίοις</em></span> <span class='ocrx_word' id='word_1_272' title='bbox 1029 2439 1050 2488; x_wconf 88' lang='grc'><em>;</em></span> <span class='ocrx_word' id='word_1_273' title='bbox 1079 2423 1382 2492; x_wconf 80' lang='grc' dir='ltr'><em>Κρεῖσσον</em></span> <span class='ocrx_word' id='word_1_274' title='bbox 1416 2425 1528 2496; x_wconf 75' lang='grc' dir='ltr'><em>γὰρ</em></span> <span class='ocrx_word' id='word_1_275' title='bbox 1564 2425 1726 2497; x_wconf 77' lang='grc' dir='ltr'><em>ἡμᾶς</em></span> 
     </span>
    </p>
   </div>
   <div class='ocr_carea' id='block_1_41' title="bbox 44 2506 1726 2589">
    <p class='ocr_par' dir='ltr' id='par_1_41' title="bbox 44 2506 1726 2589">
     <span class='ocr_line' id='line_1_41' title="bbox 44 2506 1726 2589; baseline 0.009 -30"><span class='ocrx_word' id='word_1_276' title='bbox 44 2506 450 2564; x_wconf 63' lang='grc' dir='ltr'><em>’δουλεύειν</em></span> <span class='ocrx_word' id='word_1_277' title='bbox 497 2511 623 2578; x_wconf 79' lang='grc' dir='ltr'><em>τοῖς</em></span> <span class='ocrx_word' id='word_1_278' title='bbox 675 2515 1037 2583; x_wconf 70' lang='grc' dir='ltr'><em>Αἰγυπτίοις,</em></span> <span class='ocrx_word' id='word_1_279' title='bbox 1080 2515 1119 2583; x_wconf 76' lang='grc' dir='ltr'><em>ἢ</em></span> <span class='ocrx_word' id='word_1_280' title='bbox 1160 2517 1486 2572; x_wconf 80' lang='grc' dir='ltr'><em>ἀποθανεῖν</em></span> <span class='ocrx_word' id='word_1_281' title='bbox 1531 2518 1601 2572; x_wconf 73' lang='grc' dir='ltr'><em>ὲν</em></span> <span class='ocrx_word' id='word_1_282' title='bbox 1648 2513 1726 2589; x_wconf 74' lang='grc' dir='ltr'><em>τῇ</em></span> 
     </span>
    </p>
   </div>
   <div class='ocr_carea' id='block_1_42' title="bbox 85 2599 1725 2682">
    <p class='ocr_par' dir='ltr' id='par_1_42' title="bbox 85 2599 1725 2682">
     <span class='ocr_line' id='line_1_42' title="bbox 85 2599 1725 2682; baseline 0.007 -29"><span class='ocrx_word' id='word_1_283' title='bbox 85 2599 322 2671; x_wconf 76' lang='grc' dir='ltr'><em>ἐρήμῳ</em></span> <span class='ocrx_word' id='word_1_284' title='bbox 362 2605 574 2672; x_wconf 79' lang='grc' dir='ltr'><em>ταύτῃ.</em></span> <span class='ocrx_word' id='word_1_285' title='bbox 611 2605 719 2658; x_wconf 78' lang='grc' dir='ltr'><strong>Καὶ</strong></span> <span class='ocrx_word' id='word_1_286' title='bbox 748 2607 871 2659; x_wconf 77' lang='grc' dir='ltr'><em>ὅσον</em></span> <span class='ocrx_word' id='word_1_287' title='bbox 909 2607 1010 2678; x_wconf 81' lang='grc' dir='ltr'><em>μὲν</em></span> <span class='ocrx_word' id='word_1_288' title='bbox 1050 2609 1136 2662; x_wconf 78' lang='grc' dir='ltr'><strong>ἐπ’</strong></span> <span class='ocrx_word' id='word_1_289' title='bbox 1175 2609 1361 2672; x_wconf 81' lang='grc' dir='ltr'><em>αὐτοῖς</em></span> <span class='ocrx_word' id='word_1_290' title='bbox 1402 2609 1598 2682; x_wconf 79' lang='grc' dir='ltr'><em>πικρὸν</em></span> <span class='ocrx_word' id='word_1_291' title='bbox 1627 2613 1725 2665; x_wconf 84' lang='grc' dir='ltr'><strong>αὑ-</strong></span> 
     </span>
    </p>
   </div>
   <div class='ocr_carea' id='block_1_43' title="bbox 85 2695 1726 2771">
    <p class='ocr_par' dir='ltr' id='par_1_43' title="bbox 85 2695 1726 2771">
     <span class='ocr_line' id='line_1_43' title="bbox 85 2695 1726 2771; baseline 0.007 -25"><span class='ocrx_word' id='word_1_292' title='bbox 85 2695 224 2754; x_wconf 77' lang='grc' dir='ltr'><em>τοῖς</em></span> <span class='ocrx_word' id='word_1_293' title='bbox 251 2696 387 2748; x_wconf 75' lang='grc' dir='ltr'><em>ἀντὶ</em></span> <span class='ocrx_word' id='word_1_294' title='bbox 413 2696 654 2768; x_wconf 77' lang='grc' dir='ltr'><strong>χρηστοῦ</strong></span> <span class='ocrx_word' id='word_1_295' title='bbox 683 2697 773 2751; x_wconf 81' lang='grc' dir='ltr'><strong>τὸν</strong></span> <span class='ocrx_word' id='word_1_296' title='bbox 798 2699 930 2753; x_wconf 85' lang='grc' dir='ltr'><strong>Θεὸν</strong></span> <span class='ocrx_word' id='word_1_297' title='bbox 958 2702 1381 2771; x_wconf 81' lang='grc' dir='ltr'><strong>κατεστήσαντο.</strong></span> <span class='ocrx_word' id='word_1_298' title='bbox 1429 2703 1487 2756; x_wconf 85' lang='grc' dir='ltr'>Ὀ</span> <span class='ocrx_word' id='word_1_299' title='bbox 1511 2702 1568 2756; x_wconf 78' lang='grc' dir='ltr'><em>δὲ</em></span> <span class='ocrx_word' id='word_1_300' title='bbox 1595 2704 1726 2771; x_wconf 86' lang='grc' dir='ltr'><em>ἀγα·</em></span> 
     </span>
    </p>
   </div>
   <div class='ocr_carea' id='block_1_44' title="bbox 94 2787 1724 2866">
    <p class='ocr_par' dir='ltr' id='par_1_44' title="bbox 94 2787 1724 2866">
     <span class='ocr_line' id='line_1_44' title="bbox 94 2787 1724 2866; baseline 0.006 -27"><span class='ocrx_word' id='word_1_301' title='bbox 94 2788 201 2850; x_wconf 79' lang='grc' dir='ltr'><em>θὸς,</em></span> <span class='ocrx_word' id='word_1_302' title='bbox 266 2787 413 2850; x_wconf 77' lang='grc' dir='ltr'><em>Θεὸς</em></span> <span class='ocrx_word' id='word_1_303' title='bbox 473 2788 717 2842; x_wconf 78' lang='grc' dir='ltr'><em>πλουτῶν</em></span> <span class='ocrx_word' id='word_1_304' title='bbox 765 2790 900 2862; x_wconf 75' lang='grc' dir='ltr'><strong>ἐλέῳ</strong></span> <span class='ocrx_word' id='word_1_305' title='bbox 955 2793 1050 2847; x_wconf 78' lang='grc' dir='ltr'><strong>καὶ</strong></span> <span class='ocrx_word' id='word_1_306' title='bbox 1099 2792 1498 2866; x_wconf 79' lang='grc' dir='ltr'><em>φιλανθρωπίᾳ,</em></span> <span class='ocrx_word' id='word_1_307' title='bbox 1559 2793 1724 2849; x_wconf 77' lang='grc' dir='ltr'><em>πάλιν</em></span> 
     </span>
    </p>
   </div>
   <div class='ocr_carea' id='block_1_45' title="bbox 38 2877 1723 2952">
    <p class='ocr_par' dir='ltr' id='par_1_45' title="bbox 38 2877 1723 2952">
     <span class='ocr_line' id='line_1_45' title="bbox 38 2877 1723 2952; baseline 0.006 -22"><span class='ocrx_word' id='word_1_308' title='bbox 38 2891 40 2898; x_wconf 92' lang='grc'><strong>·</strong></span> <span class='ocrx_word' id='word_1_309' title='bbox 94 2877 351 2938; x_wconf 75' lang='grc' dir='ltr'><em>ἔσωζεν</em></span> <span class='ocrx_word' id='word_1_310' title='bbox 382 2878 610 2946; x_wconf 78' lang='grc' dir='ltr'><em>αὐτοὺς</em></span> <span class='ocrx_word' id='word_1_311' title='bbox 640 2879 851 2934; x_wconf 80' lang='grc' dir='ltr'><em>ἕνεκεν</em></span> <span class='ocrx_word' id='word_1_312' title='bbox 887 2881 993 2936; x_wconf 85' lang='grc' dir='ltr'><em>τοῦ</em></span> <span class='ocrx_word' id='word_1_313' title='bbox 1041 2883 1334 2952; x_wconf 80' lang='grc' dir='ltr'><em>ὀνόματος</em></span> <span class='ocrx_word' id='word_1_314' title='bbox 1367 2884 1575 2950; x_wconf 82' lang='grc' dir='ltr'><em>αὐτοῦ,</em></span> <span class='ocrx_word' id='word_1_315' title='bbox 1611 2884 1723 2940; x_wconf 85' lang='grc' dir='ltr'><em>τοῦ</em></span> 
     </span>
    </p>
   </div>
   <div class='ocr_carea' id='block_1_46' title="bbox 36 2968 1719 3047">
    <p class='ocr_par' dir='ltr' id='par_1_46' title="bbox 36 2968 1719 3047">
     <span class='ocr_line' id='line_1_46' title="bbox 36 2968 1719 3047; baseline 0.007 -26"><span class='ocrx_word' id='word_1_316' title='bbox 36 2981 42 3012; x_wconf 78' lang='grc' dir='ltr'><em>τ</em></span> <span class='ocrx_word' id='word_1_317' title='bbox 99 2970 419 3037; x_wconf 73' lang='grc' dir='ltr'><em>γνωρίσαι</em></span> <span class='ocrx_word' id='word_1_318' title='bbox 449 2968 566 3038; x_wconf 78' lang='grc' dir='ltr'><em>τήν</em></span> <span class='ocrx_word' id='word_1_319' title='bbox 595 2969 968 3025; x_wconf 77' lang='grc' dir='ltr'><em>δυναστείαν</em></span> <span class='ocrx_word' id='word_1_320' title='bbox 1000 2973 1210 3027; x_wconf 84' lang='grc' dir='ltr'><em>αὐτοῦ·</em></span> <span class='ocrx_word' id='word_1_321' title='bbox 1254 2973 1406 3039; x_wconf 83' lang='grc' dir='ltr'><em>ὅπως</em></span> <span class='ocrx_word' id='word_1_322' title='bbox 1435 2975 1513 3047; x_wconf 82' lang='grc' dir='ltr'><em>μὴ</em></span> <span class='ocrx_word' id='word_1_323' title='bbox 1545 2974 1719 3032; x_wconf 84' lang='grc' dir='ltr'><em>είπω-</em></span> 
     </span>
    </p>
   </div>
   <div class='ocr_carea' id='block_1_47' title="bbox 34 3062 1722 3132">
    <p class='ocr_par' dir='ltr' id='par_1_47' title="bbox 34 3062 1722 3132">
     <span class='ocr_line' id='line_1_47' title="bbox 34 3062 1722 3132; baseline 0.006 -19"><span class='ocrx_word' id='word_1_324' title='bbox 34 3075 38 3084; x_wconf 84' lang='grc'><em>’</em></span> <span class='ocrx_word' id='word_1_325' title='bbox 105 3075 204 3114; x_wconf 88' lang='grc' dir='ltr'><strong>σιν</strong></span> <span class='ocrx_word' id='word_1_326' title='bbox 248 3064 302 3115; x_wconf 84' lang='lat' dir='ltr'><strong>ot</strong></span> <span class='ocrx_word' id='word_1_327' title='bbox 337 3062 580 3128; x_wconf 79' lang='grc' dir='ltr'><em>ἀσεϐεῖς,</em></span> <span class='ocrx_word' id='word_1_328' title='bbox 616 3062 738 3118; x_wconf 88' lang='grc' dir='ltr'><strong>Ποῦ</strong></span> <span class='ocrx_word' id='word_1_329' title='bbox 760 3064 934 3118; x_wconf 80' lang='grc' dir='ltr'><em>ἐστιν</em></span> <span class='ocrx_word' id='word_1_330' title='bbox 959 3065 989 3117; x_wconf 85' lang='grc' dir='ltr'><strong>ό</strong></span> <span class='ocrx_word' id='word_1_331' title='bbox 1021 3065 1166 3132; x_wconf 83' lang='grc' dir='ltr'><strong>Θεὸς</strong></span> <span class='ocrx_word' id='word_1_332' title='bbox 1194 3065 1424 3131; x_wconf 84' lang='grc' dir='ltr'><em>αῠτῶν;</em></span> <span class='ocrx_word' id='word_1_333' title='bbox 1448 3067 1538 3122; x_wconf 84' lang='grc' dir='ltr'><strong>διὰ</strong></span> <span class='ocrx_word' id='word_1_334' title='bbox 1563 3067 1722 3123; x_wconf 80' lang='grc' dir='ltr'><em>τοῦτο</em></span> 
     </span>
    </p>
   </div>
   <div class='ocr_carea' id='block_1_48' title="bbox 1831 1953 3414 2028">
    <p class='ocr_par' dir='ltr' id='par_1_48' title="bbox 1831 1953 3414 2028">
     <span class='ocr_line' id='line_1_48' title="bbox 1831 1953 3414 2028; baseline 0.008 -20"><span class='ocrx_word' id='word_1_335' title='bbox 1831 1953 2076 2023; x_wconf 88' lang='lat' dir='ltr'><strong>sepulcra</strong></span> <span class='ocrx_word' id='word_1_336' title='bbox 2110 1971 2215 2009; x_wconf 91' lang='lat' dir='ltr'><strong>non</strong></span> <span class='ocrx_word' id='word_1_337' title='bbox 2247 1963 2400 2010; x_wconf 83' lang='lat' dir='ltr'><strong>erant</strong></span> <span class='ocrx_word' id='word_1_338' title='bbox 2433 1957 2489 2010; x_wconf 91' lang='lat' dir='ltr'><strong>in</strong></span> <span class='ocrx_word' id='word_1_339' title='bbox 2515 1955 2748 2028; x_wconf 58' lang='lat' dir='ltr'><strong>ﬁgypto</strong></span> <span class='ocrx_word' id='word_1_340' title='bbox 2792 1959 3024 2015; x_wconf 69' lang='lat' dir='ltr'><strong>eduxisti</strong></span> <span class='ocrx_word' id='word_1_341' title='bbox 3060 1978 3176 2027; x_wconf 89' lang='lat' dir='ltr'><strong>nos,</strong></span> <span class='ocrx_word' id='word_1_342' title='bbox 3222 1973 3284 2017; x_wconf 88' lang='lat' dir='ltr'><strong>ut</strong></span> <span class='ocrx_word' id='word_1_343' title='bbox 3329 1965 3414 2020; x_wconf 74' lang='lat' dir='ltr'><strong>ist-</strong></span> 
     </span>
    </p>
   </div>
   <div class='ocr_carea' id='block_1_49' title="bbox 1831 2043 3414 2121">
    <p class='ocr_par' dir='ltr' id='par_1_49' title="bbox 1831 2043 3414 2121">
     <span class='ocr_line' id='line_1_49' title="bbox 1831 2043 3414 2121; baseline 0.008 -25"><span class='ocrx_word' id='word_1_344' title='bbox 1831 2043 2096 2114; x_wconf 75' lang='lat' dir='ltr'><strong>lerﬁceres</strong></span> <span class='ocrx_word' id='word_1_345' title='bbox 2127 2045 2184 2100; x_wconf 88' lang='lat' dir='ltr'><strong>in</strong></span> <span class='ocrx_word' id='word_1_346' title='bbox 2221 2046 2554 2104; x_wconf 74' lang='lat' dir='ltr'><strong>solitudine?</strong></span> <span class='ocrx_word' id='word_1_347' title='bbox 2587 2048 2729 2115; x_wconf 82' lang='lat' dir='ltr'><strong>Quid</strong></span> <span class='ocrx_word' id='word_1_348' title='bbox 2771 2050 2868 2104; x_wconf 79' lang='lat' dir='ltr'><strong>hoc</strong></span> <span class='ocrx_word' id='word_1_349' title='bbox 2899 2051 3074 2121; x_wconf 74' lang='lat' dir='ltr'><strong>fecisti</strong></span> <span class='ocrx_word' id='word_1_350' title='bbox 3103 2053 3254 2108; x_wconf 90' lang='lat' dir='ltr'><strong>nobis</strong></span> <span class='ocrx_word' id='word_1_351' title='bbox 3281 2055 3414 2109; x_wconf 86' lang='lat' dir='ltr'><strong>edu-</strong></span> 
     </span>
    </p>
   </div>
   <div class='ocr_carea' id='block_1_50' title="bbox 1830 2137 3410 2216">
    <p class='ocr_par' dir='ltr' id='par_1_50' title="bbox 1830 2137 3410 2216">
     <span class='ocr_line' id='line_1_50' title="bbox 1830 2137 3410 2216; baseline 0.007 -25"><span class='ocrx_word' id='word_1_352' title='bbox 1830 2152 1950 2192; x_wconf 89' lang='lat' dir='ltr'><strong>cens</strong></span> <span class='ocrx_word' id='word_1_353' title='bbox 1981 2153 2048 2192; x_wconf 79' lang='lat' dir='ltr'><strong>ea:</strong></span> <span class='ocrx_word' id='word_1_354' title='bbox 2083 2137 2360 2209; x_wconf 67' lang='lat' dir='ltr'><strong>Egypto?</strong></span> <span class='ocrx_word' id='word_1_355' title='bbox 2389 2138 2580 2195; x_wconf 87' lang='lat' dir='ltr'><strong>Nonne</strong></span> <span class='ocrx_word' id='word_1_356' title='bbox 2611 2141 2695 2195; x_wconf 81' lang='lat' dir='ltr'><strong>hic</strong></span> <span class='ocrx_word' id='word_1_357' title='bbox 2741 2151 2858 2196; x_wconf 88' lang='lat' dir='ltr'><strong>erat</strong></span> <span class='ocrx_word' id='word_1_358' title='bbox 2900 2159 3092 2208; x_wconf 87' lang='lat' dir='ltr'><strong>sermo,</strong></span> <span class='ocrx_word' id='word_1_359' title='bbox 3122 2161 3274 2216; x_wconf 85' lang='lat' dir='ltr'><strong>quem</strong></span> <span class='ocrx_word' id='word_1_360' title='bbox 3327 2148 3410 2202; x_wconf 67' lang='grc' dir='ltr'><em>ιο.</em></span> 
     </span>
    </p>
   </div>
   <div class='ocr_carea' id='block_1_51' title="bbox 1828 2230 3412 2304">
    <p class='ocr_par' dir='ltr' id='par_1_51' title="bbox 1828 2230 3412 2304">
     <span class='ocr_line' id='line_1_51' title="bbox 1828 2230 3412 2304; baseline 0.006 -21"><span class='ocrx_word' id='word_1_361' title='bbox 1828 2230 1940 2283; x_wconf 84' lang='lat' dir='ltr'><strong>cuti</strong></span> <span class='ocrx_word' id='word_1_362' title='bbox 1979 2245 2162 2285; x_wconf 86' lang='lat' dir='ltr'><strong>sumus</strong></span> <span class='ocrx_word' id='word_1_363' title='bbox 2201 2231 2271 2285; x_wconf 88' lang='lat' dir='ltr'><strong>ad</strong></span> <span class='ocrx_word' id='word_1_364' title='bbox 2315 2240 2360 2286; x_wconf 90' lang='lat' dir='ltr'><strong>te</strong></span> <span class='ocrx_word' id='word_1_365' title='bbox 2392 2231 2450 2286; x_wconf 93' lang='lat' dir='ltr'><strong>in</strong></span> <span class='ocrx_word' id='word_1_366' title='bbox 2491 2230 2726 2304; x_wconf 64' lang='lat' dir='ltr'><strong>Egypto</strong></span> <span class='ocrx_word' id='word_1_367' title='bbox 2751 2233 2981 2290; x_wconf 82' lang='lat' dir='ltr'><strong>dicentes</strong></span> <span class='ocrx_word' id='word_1_368' title='bbox 3009 2252 3030 2290; x_wconf 89' lang='lat'><strong><em>:</em></strong></span> <span class='ocrx_word' id='word_1_369' title='bbox 3063 2234 3285 2292; x_wconf 86' lang='lat' dir='ltr'><strong>Dimitte</strong></span> <span class='ocrx_word' id='word_1_370' title='bbox 3313 2255 3412 2294; x_wconf 87' lang='lat' dir='ltr'><strong>nos</strong></span> 
     </span>
    </p>
   </div>
   <div class='ocr_carea' id='block_1_52' title="bbox 1827 2321 3412 2393">
    <p class='ocr_par' dir='ltr' id='par_1_52' title="bbox 1827 2321 3412 2393">
     <span class='ocr_line' id='line_1_52' title="bbox 1827 2321 3412 2393; baseline 0.007 -18"><span class='ocrx_word' id='word_1_371' title='bbox 1827 2330 1887 2375; x_wconf 86' lang='lat' dir='ltr'><strong>ut</strong></span> <span class='ocrx_word' id='word_1_372' title='bbox 1920 2323 2210 2376; x_wconf 77' lang='lat' dir='ltr'><strong>serviamus</strong></span> <span class='ocrx_word' id='word_1_373' title='bbox 2244 2321 2558 2393; x_wconf 66' lang='lat' dir='ltr'><strong>Egyptiis?</strong></span> <span class='ocrx_word' id='word_1_374' title='bbox 2588 2325 2783 2380; x_wconf 74' lang='lat' dir='ltr'><strong>Melius</strong></span> <span class='ocrx_word' id='word_1_375' title='bbox 2807 2337 2889 2382; x_wconf 88' lang='lat' dir='ltr'><strong>est</strong></span> <span class='ocrx_word' id='word_1_376' title='bbox 2936 2328 3076 2383; x_wconf 90' lang='lat' dir='ltr'><strong>enim</strong></span> <span class='ocrx_word' id='word_1_377' title='bbox 3097 2345 3194 2384; x_wconf 89' lang='lat' dir='ltr'><strong>nos</strong></span> <span class='ocrx_word' id='word_1_378' title='bbox 3217 2332 3412 2388; x_wconf 77' lang='lat' dir='ltr'><strong>servire</strong></span> 
     </span>
    </p>
   </div>
   <div class='ocr_carea' id='block_1_53' title="bbox 1827 2411 3409 2494">
    <p class='ocr_par' dir='ltr' id='par_1_53' title="bbox 1827 2411 3409 2494">
     <span class='ocr_line' id='line_1_53' title="bbox 1827 2411 3409 2494; baseline 0.007 -27"><span class='ocrx_word' id='word_1_379' title='bbox 1827 2411 2119 2486; x_wconf 68' lang='lat' dir='ltr'><strong>Egyptiis,</strong></span> <span class='ocrx_word' id='word_1_380' title='bbox 2150 2431 2311 2487; x_wconf 85' lang='lat' dir='ltr'><strong>quam</strong></span> <span class='ocrx_word' id='word_1_381' title='bbox 2343 2419 2480 2471; x_wconf 86' lang='lat' dir='ltr'><strong>mori</strong></span> <span class='ocrx_word' id='word_1_382' title='bbox 2501 2417 2558 2472; x_wconf 90' lang='lat' dir='ltr'><strong>in</strong></span> <span class='ocrx_word' id='word_1_383' title='bbox 2603 2418 2891 2475; x_wconf 82' lang='lat' dir='ltr'><strong>solitudine</strong></span> <span class='ocrx_word' id='word_1_384' title='bbox 2914 2420 3091 2477; x_wconf 70' lang='lat' dir='ltr'><strong>hac&quot;.</strong></span> <span class='ocrx_word' id='word_1_385' title='bbox 3120 2420 3208 2487; x_wconf 83' lang='lat' dir='ltr'><strong>Et,</strong></span> <span class='ocrx_word' id='word_1_386' title='bbox 3231 2437 3409 2494; x_wconf 82' lang='lat' dir='ltr'><strong>quan-</strong></span> 
     </span>
    </p>
   </div>
   <div class='ocr_carea' id='block_1_54' title="bbox 1827 2507 3406 2580">
    <p class='ocr_par' dir='ltr' id='par_1_54' title="bbox 1827 2507 3406 2580">
     <span class='ocr_line' id='line_1_54' title="bbox 1827 2507 3406 2580; baseline 0.008 -20"><span class='ocrx_word' id='word_1_387' title='bbox 1827 2513 1940 2560; x_wconf 90' lang='lat' dir='ltr'><strong>tum</strong></span> <span class='ocrx_word' id='word_1_388' title='bbox 1966 2508 2019 2562; x_wconf 94' lang='lat' dir='ltr'><strong>in</strong></span> <span class='ocrx_word' id='word_1_389' title='bbox 2044 2507 2180 2579; x_wconf 87' lang='lat' dir='ltr'><strong>ipsis</strong></span> <span class='ocrx_word' id='word_1_390' title='bbox 2207 2509 2427 2580; x_wconf 87' lang='lat' dir='ltr'><strong>quidem</strong></span> <span class='ocrx_word' id='word_1_391' title='bbox 2463 2510 2631 2566; x_wconf 89' lang='lat' dir='ltr'><strong>situm</strong></span> <span class='ocrx_word' id='word_1_392' title='bbox 2663 2519 2804 2576; x_wconf 88' lang='lat' dir='ltr'><strong>erat,</strong></span> <span class='ocrx_word' id='word_1_393' title='bbox 2841 2511 3012 2570; x_wconf 90' lang='lat' dir='ltr'><strong>Deum</strong></span> <span class='ocrx_word' id='word_1_394' title='bbox 3056 2513 3162 2570; x_wconf 89' lang='lat' dir='ltr'><strong>sibi</strong></span> <span class='ocrx_word' id='word_1_395' title='bbox 3193 2530 3260 2571; x_wconf 83' lang='lat' dir='ltr'><strong>ex</strong></span> <span class='ocrx_word' id='word_1_396' title='bbox 3290 2517 3406 2572; x_wconf 86' lang='lat' dir='ltr'><strong>cle-</strong></span> 
     </span>
    </p>
   </div>
   <div class='ocr_carea' id='block_1_55' title="bbox 1825 2601 3409 2675">
    <p class='ocr_par' dir='ltr' id='par_1_55' title="bbox 1825 2601 3409 2675">
     <span class='ocr_line' id='line_1_55' title="bbox 1825 2601 3409 2675; baseline 0.007 -22"><span class='ocrx_word' id='word_1_397' title='bbox 1825 2607 2008 2656; x_wconf 86' lang='lat' dir='ltr'><strong>mente</strong></span> <span class='ocrx_word' id='word_1_398' title='bbox 2043 2601 2302 2657; x_wconf 82' lang='lat' dir='ltr'><strong>acerbum</strong></span> <span class='ocrx_word' id='word_1_399' title='bbox 2339 2601 2668 2658; x_wconf 80' lang='lat' dir='ltr'><strong>cﬂlciebant.</strong></span> <span class='ocrx_word' id='word_1_400' title='bbox 2701 2604 2771 2658; x_wconf 86' lang='lat' dir='ltr'><strong>At</strong></span> <span class='ocrx_word' id='word_1_401' title='bbox 2815 2605 2994 2660; x_wconf 88' lang='lat' dir='ltr'><strong>bonus</strong></span> <span class='ocrx_word' id='word_1_402' title='bbox 3022 2604 3189 2675; x_wconf 88' lang='lat' dir='ltr'><strong>Deus,</strong></span> <span class='ocrx_word' id='word_1_403' title='bbox 3240 2607 3409 2664; x_wconf 72' lang='lat' dir='ltr'><strong>mise~</strong></span> 
     </span>
    </p>
   </div>
   <div class='ocr_carea' id='block_1_56' title="bbox 1825 2691 3412 2760">
    <p class='ocr_par' dir='ltr' id='par_1_56' title="bbox 1825 2691 3412 2760">
     <span class='ocr_line' id='line_1_56' title="bbox 1825 2691 3412 2760; baseline 0.004 -14"><span class='ocrx_word' id='word_1_404' title='bbox 1825 2691 2063 2746; x_wconf 88' lang='lat' dir='ltr'><strong>ricordia</strong></span> <span class='ocrx_word' id='word_1_405' title='bbox 2110 2700 2166 2749; x_wconf 91' lang='lat' dir='ltr'><strong>et</strong></span> <span class='ocrx_word' id='word_1_406' title='bbox 2206 2694 2632 2750; x_wconf 86' lang='lat' dir='ltr'><strong>mansuetudine</strong></span> <span class='ocrx_word' id='word_1_407' title='bbox 2679 2693 2875 2760; x_wconf 89' lang='lat' dir='ltr'><strong>dives,</strong></span> <span class='ocrx_word' id='word_1_408' title='bbox 2932 2711 3129 2752; x_wconf 84' lang='lat' dir='ltr'><strong>rursus</strong></span> <span class='ocrx_word' id='word_1_409' title='bbox 3181 2697 3412 2754; x_wconf 69' lang='lat' dir='ltr'><strong>saluauit</strong></span> 
     </span>
    </p>
   </div>
   <div class='ocr_carea' id='block_1_57' title="bbox 1821 2787 3408 2859">
    <p class='ocr_par' dir='ltr' id='par_1_57' title="bbox 1821 2787 3408 2859">
     <span class='ocr_line' id='line_1_57' title="bbox 1821 2787 3408 2859; baseline 0.004 -21"><span class='ocrx_word' id='word_1_410' title='bbox 1821 2800 1912 2839; x_wconf 90' lang='lat' dir='ltr'><strong>eos</strong></span> <span class='ocrx_word' id='word_1_411' title='bbox 1953 2793 2168 2854; x_wconf 79' lang='lat' dir='ltr'><strong>propter</strong></span> <span class='ocrx_word' id='word_1_412' title='bbox 2209 2801 2400 2840; x_wconf 86' lang='lat' dir='ltr'><strong>nomen</strong></span> <span class='ocrx_word' id='word_1_413' title='bbox 2434 2802 2624 2851; x_wconf 88' lang='lat' dir='ltr'><strong>suum,</strong></span> <span class='ocrx_word' id='word_1_414' title='bbox 2665 2795 2726 2841; x_wconf 86' lang='lat' dir='ltr'><strong>ut</strong></span> <span class='ocrx_word' id='word_1_415' title='bbox 2765 2795 2951 2842; x_wconf 84' lang='lat' dir='ltr'><strong>notam</strong></span> <span class='ocrx_word' id='word_1_416' title='bbox 2989 2787 3186 2858; x_wconf 80' lang='lat' dir='ltr'><strong>faceret</strong></span> <span class='ocrx_word' id='word_1_417' title='bbox 3220 2801 3408 2859; x_wconf 75' lang='lat' dir='ltr'><strong>poten-</strong></span> 
     </span>
    </p>
   </div>
   <div class='ocr_carea' id='block_1_58' title="bbox 1824 2875 3407 2947">
    <p class='ocr_par' dir='ltr' id='par_1_58' title="bbox 1824 2875 3407 2947">
     <span class='ocr_line' id='line_1_58' title="bbox 1824 2875 3407 2947; baseline 0.005 -19"><span class='ocrx_word' id='word_1_418' title='bbox 1824 2877 1956 2930; x_wconf 84' lang='lat' dir='ltr'><strong>tiam</strong></span> <span class='ocrx_word' id='word_1_419' title='bbox 2007 2891 2160 2930; x_wconf 86' lang='lat' dir='ltr'><strong>suam</strong></span> <span class='ocrx_word' id='word_1_420' title='bbox 2176 2890 2196 2940; x_wconf 83' lang='lat'><strong>,°</strong></span> <span class='ocrx_word' id='word_1_421' title='bbox 2235 2891 2305 2930; x_wconf 90' lang='lat' dir='ltr'><strong>ne</strong></span> <span class='ocrx_word' id='word_1_422' title='bbox 2351 2875 2506 2947; x_wconf 91' lang='lat' dir='ltr'><strong>impii</strong></span> <span class='ocrx_word' id='word_1_423' title='bbox 2555 2876 2848 2933; x_wconf 83' lang='lat' dir='ltr'><strong>dicerent:</strong></span> <span class='ocrx_word' id='word_1_424' title='bbox 2884 2876 2986 2932; x_wconf 84' lang='lat' dir='ltr'><strong>Ubi</strong></span> <span class='ocrx_word' id='word_1_425' title='bbox 3031 2889 3114 2935; x_wconf 88' lang='lat' dir='ltr'><strong>est</strong></span> <span class='ocrx_word' id='word_1_426' title='bbox 3148 2878 3292 2936; x_wconf 84' lang='lat' dir='ltr'><strong>Deus</strong></span> <span class='ocrx_word' id='word_1_427' title='bbox 3315 2897 3407 2936; x_wconf 85' lang='lat' dir='ltr'><strong>eo--</strong></span> 
     </span>
    </p>
   </div>
   <div class='ocr_carea' id='block_1_59' title="bbox 1820 2966 3411 3042">
    <p class='ocr_par' dir='ltr' id='par_1_59' title="bbox 1820 2966 3411 3042">
     <span class='ocr_line' id='line_1_59' title="bbox 1820 2966 3411 3042; baseline 0.004 -20"><span class='ocrx_word' id='word_1_428' title='bbox 1820 2967 2034 3022; x_wconf 84' lang='lat' dir='ltr'><strong>rum&quot;?</strong></span> <span class='ocrx_word' id='word_1_429' title='bbox 2063 2966 2190 3024; x_wconf 89' lang='lat' dir='ltr'><strong>Ideo</strong></span> <span class='ocrx_word' id='word_1_430' title='bbox 2231 2967 2368 3039; x_wconf 87' lang='lat' dir='ltr'><strong>ipsis</strong></span> <span class='ocrx_word' id='word_1_431' title='bbox 2406 2969 2639 3026; x_wconf 89' lang='lat' dir='ltr'><strong>salutem</strong></span> <span class='ocrx_word' id='word_1_432' title='bbox 2699 2977 2835 3028; x_wconf 85' lang='lat' dir='ltr'><strong>tunc</strong></span> <span class='ocrx_word' id='word_1_433' title='bbox 2895 2971 3160 3042; x_wconf 85' lang='lat' dir='ltr'><strong>impertiit</strong></span> <span class='ocrx_word' id='word_1_434' title='bbox 3191 2991 3208 3028; x_wconf 90' lang='lat'><strong>:</strong></span> <span class='ocrx_word' id='word_1_435' title='bbox 3240 2973 3411 3028; x_wconf 79' lang='lat' dir='ltr'><strong>undi-</strong></span> 
     </span>
    </p>
   </div>
   <div class='ocr_carea' id='block_1_60' title="bbox 1822 3058 3408 3131">
    <p class='ocr_par' dir='ltr' id='par_1_60' title="bbox 1822 3058 3408 3131">
     <span class='ocr_line' id='line_1_60' title="bbox 1822 3058 3408 3131; baseline 0.003 -17"><span class='ocrx_word' id='word_1_436' title='bbox 1822 3074 1931 3130; x_wconf 91' lang='lat' dir='ltr'><strong>que</strong></span> <span class='ocrx_word' id='word_1_437' title='bbox 1951 3058 2078 3115; x_wconf 87' lang='lat' dir='ltr'><strong>illos</strong></span> <span class='ocrx_word' id='word_1_438' title='bbox 2108 3058 2177 3116; x_wconf 86' lang='lat' dir='ltr'><strong>ad</strong></span> <span class='ocrx_word' id='word_1_439' title='bbox 2203 3061 2434 3116; x_wconf 87' lang='lat' dir='ltr'><strong>salutem</strong></span> <span class='ocrx_word' id='word_1_440' title='bbox 2469 3059 2826 3131; x_wconf 86' lang='lat' dir='ltr'><strong>compellens.</strong></span> <span class='ocrx_word' id='word_1_441' title='bbox 2859 3061 2938 3116; x_wconf 90' lang='lat' dir='ltr'><strong>Illi</strong></span> <span class='ocrx_word' id='word_1_442' title='bbox 2964 3069 3146 3118; x_wconf 89' lang='lat' dir='ltr'><strong>autem</strong></span> <span class='ocrx_word' id='word_1_443' title='bbox 3177 3062 3308 3118; x_wconf 85' lang='lat' dir='ltr'><strong>victi</strong></span> <span class='ocrx_word' id='word_1_444' title='bbox 3335 3063 3408 3118; x_wconf 75' lang='lat' dir='ltr'><strong>ad</strong></span> 
     </span>
    </p>
   </div>
   <div class='ocr_carea' id='block_1_61' title="bbox 32 3151 1710 3233">
    <p class='ocr_par' dir='ltr' id='par_1_61' title="bbox 32 3155 1710 3233">
     <span class='ocr_line' id='line_1_61' title="bbox 32 3155 1710 3233; baseline 0.006 -27"><span class='ocrx_word' id='word_1_445' title='bbox 32 3169 40 3198; x_wconf 67' lang='grc' dir='ltr'><strong>ε</strong></span> <span class='ocrx_word' id='word_1_446' title='bbox 108 3157 395 3227; x_wconf 80' lang='grc' dir='ltr'><em>παρεῖχεν</em></span> <span class='ocrx_word' id='word_1_447' title='bbox 421 3156 605 3220; x_wconf 74' lang='grc' dir='ltr'><em>αὐτοῖς</em></span> <span class='ocrx_word' id='word_1_448' title='bbox 633 3155 730 3210; x_wconf 76' lang='grc' dir='ltr'><strong>καὶ</strong></span> <span class='ocrx_word' id='word_1_449' title='bbox 756 3156 878 3210; x_wconf 88' lang='grc' dir='ltr'><em>τότε</em></span> <span class='ocrx_word' id='word_1_450' title='bbox 912 3157 1012 3229; x_wconf 83' lang='grc' dir='ltr'><em>τὴν</em></span> <span class='ocrx_word' id='word_1_451' title='bbox 1043 3160 1338 3231; x_wconf 88' lang='grc' dir='ltr'><em>σωτηρίαν,</em></span> <span class='ocrx_word' id='word_1_452' title='bbox 1379 3161 1710 3233; x_wconf 81' lang='grc' dir='ltr'><em>πανταχόθεν</em></span> 
     </span>
    </p>
   </div>
   <div class='ocr_carea' id='block_1_62' title="bbox 1826 3151 3406 3233">
    <p class='ocr_par' dir='ltr' id='par_1_62' title="bbox 1826 3151 3406 3228">
     <span class='ocr_line' id='line_1_62' title="bbox 1826 3151 3406 3228; baseline -0.001 -20"><span class='ocrx_word' id='word_1_453' title='bbox 1826 3151 2102 3208; x_wconf 86' lang='lat' dir='ltr'><strong>modicum</strong></span> <span class='ocrx_word' id='word_1_454' title='bbox 2156 3161 2372 3223; x_wconf 86' lang='lat' dir='ltr'><strong>tempus</strong></span> <span class='ocrx_word' id='word_1_455' title='bbox 2414 3153 2598 3210; x_wconf 82' lang='lat' dir='ltr'><strong>verbis</strong></span> <span class='ocrx_word' id='word_1_456' title='bbox 2654 3153 2776 3224; x_wconf 81' lang='lat' dir='ltr'><strong>ejus</strong></span> <span class='ocrx_word' id='word_1_457' title='bbox 2824 3153 3204 3223; x_wconf 85' lang='lat' dir='ltr'><strong>crediderunt,</strong></span> <span class='ocrx_word' id='word_1_458' title='bbox 3251 3166 3406 3228; x_wconf 67' lang='lat' dir='ltr'><strong>post-</strong></span> 
     </span>
    </p>
   </div>
   <div class='ocr_carea' id='block_1_63' title="bbox 32 3233 1710 3322">
    <p class='ocr_par' dir='ltr' id='par_1_63' title="bbox 32 3247 1710 3322">
     <span class='ocr_line' id='line_1_63' title="bbox 32 3247 1710 3322; baseline 0.004 -23"><span class='ocrx_word' id='word_1_459' title='bbox 32 3261 35 3268; x_wconf 86' lang='lat'><strong>&#39;</strong></span> <span class='ocrx_word' id='word_1_460' title='bbox 109 3247 330 3310; x_wconf 75' lang='grc' dir='ltr'><em>αὐτοὺς</em></span> <span class='ocrx_word' id='word_1_461' title='bbox 377 3247 717 3302; x_wconf 83' lang='grc' dir='ltr'><em>συνελαύνων</em></span> <span class='ocrx_word' id='word_1_462' title='bbox 761 3249 853 3302; x_wconf 72' lang='grc' dir='ltr'><strong>ἐπὶ</strong></span> <span class='ocrx_word' id='word_1_463' title='bbox 905 3248 993 3321; x_wconf 77' lang='grc' dir='ltr'><em>τὴν</em></span> <span class='ocrx_word' id='word_1_464' title='bbox 1026 3251 1305 3322; x_wconf 79' lang='grc' dir='ltr'><em>σωτηρίαν</em></span> <span class='ocrx_word' id='word_1_465' title='bbox 1335 3252 1535 3308; x_wconf 83' lang='grc' dir='ltr'><em>αὐτῶν.</em></span> <span class='ocrx_word' id='word_1_466' title='bbox 1572 3254 1634 3308; x_wconf 80' lang='lat' dir='ltr'><strong>Oi</strong></span> <span class='ocrx_word' id='word_1_467' title='bbox 1659 3251 1710 3308; x_wconf 76' lang='lat' dir='ltr'><strong>8i</strong></span> 
     </span>
    </p>
   </div>
   <div class='ocr_carea' id='block_1_64' title="bbox 1826 3233 2812 3322">
    <p class='ocr_par' dir='ltr' id='par_1_64' title="bbox 1826 3243 2812 3317">
     <span class='ocr_line' id='line_1_64' title="bbox 1826 3243 2812 3317; baseline 0.002 -18"><span class='ocrx_word' id='word_1_468' title='bbox 1826 3259 1985 3317; x_wconf 83' lang='lat' dir='ltr'><strong>quam</strong></span> <span class='ocrx_word' id='word_1_469' title='bbox 2016 3259 2168 3300; x_wconf 88' lang='lat' dir='ltr'><strong>mare</strong></span> <span class='ocrx_word' id='word_1_470' title='bbox 2188 3243 2432 3299; x_wconf 77' lang='lat' dir='ltr'><strong>Rubrum</strong></span> <span class='ocrx_word' id='word_1_471' title='bbox 2459 3243 2812 3301; x_wconf 84' lang='lat' dir='ltr'><strong>transierant.</strong></span> 
     </span>
    </p>
   </div>
   <div class='ocr_carea' id='block_1_65' title="bbox 30 3335 3024 3414">
    <p class='ocr_par' dir='ltr' id='par_1_65' title="bbox 30 3335 3024 3414">
     <span class='ocr_line' id='line_1_65' title="bbox 30 3335 3024 3414; baseline 0.002 -20"><span class='ocrx_word' id='word_1_472' title='bbox 30 3353 36 3384; x_wconf 72' lang='grc' dir='ltr'><strong><em>τ</em></strong></span> <span class='ocrx_word' id='word_1_473' title='bbox 110 3338 446 3411; x_wconf 77' lang='grc' dir='ltr'><em>νικηθέντες</em></span> <span class='ocrx_word' id='word_1_474' title='bbox 483 3340 621 3412; x_wconf 85' lang='grc' dir='ltr'><em>πρὸς</em></span> <span class='ocrx_word' id='word_1_475' title='bbox 669 3341 769 3411; x_wconf 81' lang='grc' dir='ltr'><em>μὲν</em></span> <span class='ocrx_word' id='word_1_476' title='bbox 807 3339 986 3410; x_wconf 83' lang='grc' dir='ltr'><em>ὀλίγον</em></span> <span class='ocrx_word' id='word_1_477' title='bbox 1021 3342 1350 3399; x_wconf 71' lang='grc' dir='ltr'><em>ἐπίστευσαν</em></span> <span class='ocrx_word' id='word_1_478' title='bbox 1390 3348 1501 3410; x_wconf 76' lang='grc' dir='ltr'><em>τοῖς</em></span> <span class='ocrx_word' id='word_1_479' title='bbox 1536 3345 1720 3414; x_wconf 87' lang='grc' dir='ltr'><em>λόγοις</em></span> <span class='ocrx_word' id='word_1_480' title='bbox 1750 3336 1939 3401; x_wconf 73' lang='grc' dir='ltr'><em>αὑτοῦ.</em></span> <span class='ocrx_word' id='word_1_481' title='bbox 1965 3335 2266 3400; x_wconf 80' lang='grc' dir='ltr'><em>διελθόντες</em></span> <span class='ocrx_word' id='word_1_482' title='bbox 2283 3336 2385 3408; x_wconf 76' lang='grc' dir='ltr'><strong>τὴν</strong></span> <span class='ocrx_word' id='word_1_483' title='bbox 2429 3336 2696 3410; x_wconf 80' lang='grc' dir='ltr'><em>Ἐρυθρὰν</em></span> <span class='ocrx_word' id='word_1_484' title='bbox 2727 3336 3024 3394; x_wconf 71' lang='grc' dir='ltr'><em>θάλασσαν.</em></span> 
     </span>
    </p>
   </div>
   <div class='ocr_carea' id='block_1_66' title="bbox 194 3430 1718 3506">
    <p class='ocr_par' dir='ltr' id='par_1_66' title="bbox 194 3430 1718 3506">
     <span class='ocr_line' id='line_1_66' title="bbox 194 3430 1718 3506; baseline 0.005 -21"><span class='ocrx_word' id='word_1_485' title='bbox 194 3432 312 3486; x_wconf 76' lang='grc' dir='ltr'><em>Καὶ</em></span> <span class='ocrx_word' id='word_1_486' title='bbox 357 3431 682 3502; x_wconf 76' lang='grc' dir='ltr'><em>ἐπετίμησε</em></span> <span class='ocrx_word' id='word_1_487' title='bbox 726 3430 798 3502; x_wconf 77' lang='grc' dir='ltr'><em>τῇ</em></span> <span class='ocrx_word' id='word_1_488' title='bbox 840 3432 1083 3504; x_wconf 84' lang='grc' dir='ltr'><em>Ἐρυθρᾷ</em></span> <span class='ocrx_word' id='word_1_489' title='bbox 1131 3435 1415 3506; x_wconf 71' lang='grc' dir='ltr'><em>θαλάσσῃ</em></span> <span class='ocrx_word' id='word_1_490' title='bbox 1433 3478 1448 3503; x_wconf 94' lang='grc'><strong>,</strong></span> <span class='ocrx_word' id='word_1_491' title='bbox 1493 3437 1592 3492; x_wconf 75' lang='grc' dir='ltr'><em>καὶ</em></span> <span class='ocrx_word' id='word_1_492' title='bbox 1627 3436 1718 3502; x_wconf 69' lang='grc' dir='ltr'><strong>ἐξ·</strong></span> 
     </span>
    </p>
   </div>
   <div class='ocr_carea' id='block_1_67' title="bbox 117 3523 1718 3598">
    <p class='ocr_par' dir='ltr' id='par_1_67' title="bbox 117 3523 1718 3598">
     <span class='ocr_line' id='line_1_67' title="bbox 117 3523 1718 3598; baseline 0.005 -21"><span class='ocrx_word' id='word_1_493' title='bbox 117 3523 385 3593; x_wconf 84' lang='grc' dir='ltr'><em>ηράνθη,</em></span> <span class='ocrx_word' id='word_1_494' title='bbox 427 3524 527 3579; x_wconf 75' lang='grc' dir='ltr'><strong>καὶ</strong></span> <span class='ocrx_word' id='word_1_495' title='bbox 570 3523 890 3595; x_wconf 78' lang='grc' dir='ltr'><strong>ὡδήγησεν</strong></span> <span class='ocrx_word' id='word_1_496' title='bbox 919 3527 1144 3596; x_wconf 87' lang='grc' dir='ltr'><em>αὐτοὺς</em></span> <span class='ocrx_word' id='word_1_497' title='bbox 1171 3528 1240 3582; x_wconf 83' lang='grc' dir='ltr'><em>ὲν</em></span> <span class='ocrx_word' id='word_1_498' title='bbox 1259 3530 1511 3598; x_wconf 76' lang='grc' dir='ltr'><em>ἀόὐσσῳ</em></span> <span class='ocrx_word' id='word_1_499' title='bbox 1540 3531 1621 3597; x_wconf 88' lang='grc' dir='ltr'><em>ὡς</em></span> <span class='ocrx_word' id='word_1_500' title='bbox 1648 3530 1718 3584; x_wconf 83' lang='grc' dir='ltr'><em>ὲν</em></span> 
     </span>
    </p>
   </div>
   <div class='ocr_carea' id='block_1_68' title="bbox 120 3615 1713 3695">
    <p class='ocr_par' dir='ltr' id='par_1_68' title="bbox 120 3615 1713 3695">
     <span class='ocr_line' id='line_1_68' title="bbox 120 3615 1713 3695; baseline 0.003 -24"><span class='ocrx_word' id='word_1_501' title='bbox 120 3616 346 3686; x_wconf 72' lang='grc' dir='ltr'><em>ἐρήμῳ.</em></span> <span class='ocrx_word' id='word_1_502' title='bbox 403 3615 462 3669; x_wconf 84' lang='grc' dir='ltr'><strong>Ὀ</strong></span> <span class='ocrx_word' id='word_1_503' title='bbox 509 3616 840 3689; x_wconf 76' lang='grc' dir='ltr'><em>ἐπιτιμήσας</em></span> <span class='ocrx_word' id='word_1_504' title='bbox 888 3620 955 3690; x_wconf 80' lang='grc' dir='ltr'><em>τῇ</em></span> <span class='ocrx_word' id='word_1_505' title='bbox 1014 3618 1253 3692; x_wconf 76' lang='grc' dir='ltr'><em>Ἐρυθρᾷ</em></span> <span class='ocrx_word' id='word_1_506' title='bbox 1293 3619 1539 3695; x_wconf 81' lang='grc' dir='ltr'><em>θαλάσσῃ</em></span> <span class='ocrx_word' id='word_1_507' title='bbox 1578 3622 1713 3675; x_wconf 74' lang='grc' dir='ltr'><em>πᾶσι</em></span> 
     </span>
    </p>
   </div>
   <div class='ocr_carea' id='block_1_69' title="bbox 26 3709 1717 3789">
    <p class='ocr_par' dir='ltr' id='par_1_69' title="bbox 26 3709 1717 3789">
     <span class='ocr_line' id='line_1_69' title="bbox 26 3709 1717 3789; baseline 0.005 -28"><span class='ocrx_word' id='word_1_508' title='bbox 26 3731 28 3760; x_wconf 90' lang='lat'>:</span> <span class='ocrx_word' id='word_1_509' title='bbox 121 3710 264 3772; x_wconf 82' lang='grc' dir='ltr'><em>Θεὸς</em></span> <span class='ocrx_word' id='word_1_510' title='bbox 295 3709 728 3781; x_wconf 79' lang='grc' dir='ltr'><em>ἀνωμολόγηται.</em></span> <span class='ocrx_word' id='word_1_511' title='bbox 769 3711 834 3765; x_wconf 79' lang='lat' dir='ltr'><strong>El</strong></span> <span class='ocrx_word' id='word_1_512' title='bbox 868 3709 962 3766; x_wconf 80' lang='grc' dir='ltr'><em>οὖν</em></span> <span class='ocrx_word' id='word_1_513' title='bbox 996 3713 1092 3766; x_wconf 75' lang='grc' dir='ltr'><strong>καὶ</strong></span> <span class='ocrx_word' id='word_1_514' title='bbox 1138 3712 1346 3783; x_wconf 80' lang='grc' dir='ltr'><em>Ἰησοῦς</em></span> <span class='ocrx_word' id='word_1_515' title='bbox 1377 3713 1717 3789; x_wconf 77' lang='grc' dir='ltr'><em>κλονουμένῃ</em></span> 
     </span>
    </p>
   </div>
   <div class='ocr_carea' id='block_1_70' title="bbox 26 3801 1713 3878">
    <p class='ocr_par' dir='ltr' id='par_1_70' title="bbox 26 3801 1713 3878">
     <span class='ocr_line' id='line_1_70' title="bbox 26 3801 1713 3878; baseline 0.002 -21"><span class='ocrx_word' id='word_1_516' title='bbox 26 3821 28 3824; x_wconf 68' lang='lat'><strong><em>&#39;</em></strong></span> <span class='ocrx_word' id='word_1_517' title='bbox 126 3801 410 3858; x_wconf 68' lang='grc' dir='ltr'><em>ιπιτάσσει</em></span> <span class='ocrx_word' id='word_1_518' title='bbox 445 3805 512 3875; x_wconf 79' lang='grc' dir='ltr'><em>τῇ</em></span> <span class='ocrx_word' id='word_1_519' title='bbox 544 3803 810 3876; x_wconf 71' lang='grc' dir='ltr'><em>θαλάσσῃ,</em></span> <span class='ocrx_word' id='word_1_520' title='bbox 836 3805 973 3858; x_wconf 82' lang='grc' dir='ltr'><em>πᾶσι</em></span> <span class='ocrx_word' id='word_1_521' title='bbox 995 3804 1128 3869; x_wconf 87' lang='grc' dir='ltr'><em>Θεὸς</em></span> <span class='ocrx_word' id='word_1_522' title='bbox 1155 3805 1595 3878; x_wconf 78' lang='grc' dir='ltr'><em>ἀνωμολόγηται,</em></span> <span class='ocrx_word' id='word_1_523' title='bbox 1625 3807 1713 3861; x_wconf 83' lang='grc' dir='ltr'><em>ἵνα</em></span> 
     </span>
    </p>
   </div>
   <div class='ocr_carea' id='block_1_71' title="bbox 127 3895 1714 3970">
    <p class='ocr_par' dir='ltr' id='par_1_71' title="bbox 127 3895 1714 3970">
     <span class='ocr_line' id='line_1_71' title="bbox 127 3895 1714 3970; baseline 0.004 -22"><span class='ocrx_word' id='word_1_524' title='bbox 127 3897 198 3949; x_wconf 64' lang='grc' dir='ltr'><strong>ἐκ</strong></span> <span class='ocrx_word' id='word_1_525' title='bbox 235 3895 525 3968; x_wconf 86' lang='grc' dir='ltr'><em>τρικυμίας</em></span> <span class='ocrx_word' id='word_1_526' title='bbox 564 3896 600 3968; x_wconf 75' lang='grc' dir='ltr'>ἢ</span> <span class='ocrx_word' id='word_1_527' title='bbox 637 3896 906 3962; x_wconf 77' lang='grc' dir='ltr'><em>κλύδωνος</em></span> <span class='ocrx_word' id='word_1_528' title='bbox 934 3897 1142 3970; x_wconf 76' lang='grc' dir='ltr'><em>γαλήνη</em></span> <span class='ocrx_word' id='word_1_529' title='bbox 1186 3898 1430 3970; x_wconf 79' lang='grc' dir='ltr'><em>γένηται.</em></span> <span class='ocrx_word' id='word_1_530' title='bbox 1471 3899 1606 3965; x_wconf 87' lang='grc' dir='ltr'><em>Θεὸς</em></span> <span class='ocrx_word' id='word_1_531' title='bbox 1637 3898 1714 3955; x_wconf 82' lang='grc' dir='ltr'><em>ὣν</em></span> 
     </span>
    </p>
   </div>
   <div class='ocr_carea' id='block_1_72' title="bbox 131 3989 1715 4067">
    <p class='ocr_par' dir='ltr' id='par_1_72' title="bbox 131 3989 1715 4067">
     <span class='ocr_line' id='line_1_72' title="bbox 131 3989 1715 4067; baseline 0.004 -25"><span class='ocrx_word' id='word_1_532' title='bbox 131 3989 292 4054; x_wconf 78' lang='grc' dir='ltr'><em>αὐτὸς</em></span> <span class='ocrx_word' id='word_1_533' title='bbox 331 3991 361 4044; x_wconf 88' lang='grc' dir='ltr'><strong>ό</strong></span> <span class='ocrx_word' id='word_1_534' title='bbox 387 3992 723 4062; x_wconf 69' lang='grc' dir='ltr'><em>ἐπιτιμήσας</em></span> <span class='ocrx_word' id='word_1_535' title='bbox 759 3993 824 4063; x_wconf 76' lang='grc' dir='ltr'><em>τῇ</em></span> <span class='ocrx_word' id='word_1_536' title='bbox 867 3991 1106 4064; x_wconf 81' lang='grc' dir='ltr'><em>Ἐρυθρᾷ</em></span> <span class='ocrx_word' id='word_1_537' title='bbox 1131 3992 1374 4066; x_wconf 74' lang='grc' dir='ltr'><em>θαλάσσῃ</em></span> <span class='ocrx_word' id='word_1_538' title='bbox 1403 3993 1496 4048; x_wconf 78' lang='grc' dir='ltr'><strong>καὶ</strong></span> <span class='ocrx_word' id='word_1_539' title='bbox 1524 3992 1715 4067; x_wconf 80' lang='grc' dir='ltr'><em>ξηραι-</em></span> 
     </span>
    </p>
   </div>
   <div class='ocr_carea' id='block_1_73' title="bbox 134 4081 1714 4157">
    <p class='ocr_par' dir='ltr' id='par_1_73' title="bbox 134 4081 1714 4157">
     <span class='ocr_line' id='line_1_73' title="bbox 134 4081 1714 4157; baseline 0.003 -23"><span class='ocrx_word' id='word_1_540' title='bbox 134 4097 240 4134; x_wconf 89' lang='grc' dir='ltr'><strong>νων</strong></span> <span class='ocrx_word' id='word_1_541' title='bbox 268 4081 450 4154; x_wconf 77' lang='grc' dir='ltr'><em>αὐτὴν,</em></span> <span class='ocrx_word' id='word_1_542' title='bbox 479 4083 556 4146; x_wconf 86' lang='grc' dir='ltr'><em>ὡς</em></span> <span class='ocrx_word' id='word_1_543' title='bbox 588 4082 926 4153; x_wconf 83' lang='grc' dir='ltr'><em>διοδεύσιμον</em></span> <span class='ocrx_word' id='word_1_544' title='bbox 958 4083 1129 4155; x_wconf 79' lang='grc' dir='ltr'><em>αὐτὴν</em></span> <span class='ocrx_word' id='word_1_545' title='bbox 1156 4084 1430 4153; x_wconf 82' lang='grc' dir='ltr'><em>γενέσθαι,</em></span> <span class='ocrx_word' id='word_1_546' title='bbox 1469 4085 1568 4157; x_wconf 75' lang='grc' dir='ltr'><em>τὴν</em></span> <span class='ocrx_word' id='word_1_547' title='bbox 1607 4085 1714 4139; x_wconf 79' lang='grc' dir='ltr'><em>πά-</em></span> 
     </span>
    </p>
   </div>
   <div class='ocr_carea' id='block_1_74' title="bbox 136 4170 1711 4249">
    <p class='ocr_par' dir='ltr' id='par_1_74' title="bbox 136 4170 1711 4249">
     <span class='ocr_line' id='line_1_74' title="bbox 136 4170 1711 4249; baseline 0.004 -24"><span class='ocrx_word' id='word_1_548' title='bbox 136 4170 224 4226; x_wconf 83' lang='grc' dir='ltr'><strong>λαι</strong></span> <span class='ocrx_word' id='word_1_549' title='bbox 249 4171 514 4226; x_wconf 76' lang='grc' dir='ltr'><em>θάλασσαν</em></span> <span class='ocrx_word' id='word_1_550' title='bbox 541 4173 635 4226; x_wconf 62' lang='grc' dir='ltr'><em>καὶ.</em></span> <span class='ocrx_word' id='word_1_551' title='bbox 662 4173 899 4229; x_wconf 72' lang='grc' dir='ltr'><em>ἄϐυσσον</em></span> <span class='ocrx_word' id='word_1_552' title='bbox 922 4174 1012 4229; x_wconf 86' lang='grc' dir='ltr'><em>διὰ</em></span> <span class='ocrx_word' id='word_1_553' title='bbox 1038 4175 1100 4228; x_wconf 87' lang='grc' dir='ltr'><strong>τὸ</strong></span> <span class='ocrx_word' id='word_1_554' title='bbox 1124 4174 1238 4228; x_wconf 81' lang='grc' dir='ltr'><em>τῶν</em></span> <span class='ocrx_word' id='word_1_555' title='bbox 1263 4175 1470 4230; x_wconf 82' lang='grc' dir='ltr'><em>ὑδάτων</em></span> <span class='ocrx_word' id='word_1_556' title='bbox 1505 4176 1711 4249; x_wconf 71' lang='grc' dir='ltr'><em>πλῆθος</em></span> 
     </span>
    </p>
   </div>
   <div class='ocr_carea' id='block_1_75' title="bbox 137 4263 655 4338">
    <p class='ocr_par' dir='ltr' id='par_1_75' title="bbox 137 4263 655 4338">
     <span class='ocr_line' id='line_1_75' title="bbox 137 4263 655 4338; baseline 0.002 -20"><span class='ocrx_word' id='word_1_557' title='bbox 137 4263 278 4318; x_wconf 73' lang='grc' dir='ltr'><em>οὕτω</em></span> <span class='ocrx_word' id='word_1_558' title='bbox 300 4263 655 4338; x_wconf 73' lang='grc' dir='ltr'><em>καλουμένην.</em></span> 
     </span>
    </p>
   </div>
   <div class='ocr_carea' id='block_1_76' title="bbox 209 4356 1711 4429">
    <p class='ocr_par' dir='ltr' id='par_1_76' title="bbox 209 4356 1711 4429">
     <span class='ocr_line' id='line_1_76' title="bbox 209 4356 1711 4429; baseline 0 -16"><span class='ocrx_word' id='word_1_559' title='bbox 209 4356 312 4413; x_wconf 79' lang='lat' dir='ltr'><strong>Kal</strong></span> <span class='ocrx_word' id='word_1_560' title='bbox 345 4356 539 4412; x_wconf 78' lang='grc' dir='ltr'><em>ἔσωσε</em></span> <span class='ocrx_word' id='word_1_561' title='bbox 581 4357 804 4426; x_wconf 80' lang='grc' dir='ltr'><em>αὐτοὺς</em></span> <span class='ocrx_word' id='word_1_562' title='bbox 853 4358 922 4413; x_wconf 78' lang='grc' dir='ltr'><strong>ἐκ</strong></span> <span class='ocrx_word' id='word_1_563' title='bbox 971 4359 1168 4429; x_wconf 84' lang='grc' dir='ltr'><em>χειρὸς</em></span> <span class='ocrx_word' id='word_1_564' title='bbox 1207 4356 1556 4428; x_wconf 78' lang='grc' dir='ltr'><em>μισοῦντος,</em></span> <span class='ocrx_word' id='word_1_565' title='bbox 1609 4357 1711 4413; x_wconf 63' lang='grc' dir='ltr'><em>καὶ</em></span> 
     </span>
    </p>
   </div>
   <div class='ocr_carea' id='block_1_77' title="bbox 143 4447 1709 4523">
    <p class='ocr_par' dir='ltr' id='par_1_77' title="bbox 143 4447 1709 4523">
     <span class='ocr_line' id='line_1_77' title="bbox 143 4447 1709 4523; baseline 0.001 -17"><span class='ocrx_word' id='word_1_566' title='bbox 143 4449 506 4520; x_wconf 68' lang='grc' dir='ltr'><em>ἐλυτρώσατο</em></span> <span class='ocrx_word' id='word_1_567' title='bbox 525 4450 748 4518; x_wconf 80' lang='grc' dir='ltr'><em>αὐτοὺς</em></span> <span class='ocrx_word' id='word_1_568' title='bbox 775 4451 844 4506; x_wconf 71' lang='grc' dir='ltr'><strong>ἐκ</strong></span> <span class='ocrx_word' id='word_1_569' title='bbox 869 4452 1067 4522; x_wconf 81' lang='grc' dir='ltr'><em>χειρὸς</em></span> <span class='ocrx_word' id='word_1_570' title='bbox 1094 4447 1331 4520; x_wconf 75' lang='grc' dir='ltr'><em>ἐχθροῦ.</em></span> <span class='ocrx_word' id='word_1_571' title='bbox 1373 4449 1709 4523; x_wconf 66' lang='grc' dir='ltr'><em>Ἐκάιλυψεν</em></span> 
     </span>
    </p>
   </div>
   <div class='ocr_carea' id='block_1_78' title="bbox 143 4533 1707 4614">
    <p class='ocr_par' dir='ltr' id='par_1_78' title="bbox 143 4533 1707 4614">
     <span class='ocr_line' id='line_1_78' title="bbox 143 4533 1707 4614; baseline 0.002 -19"><span class='ocrx_word' id='word_1_572' title='bbox 143 4539 290 4611; x_wconf 75' lang='grc' dir='ltr'><em>ὕδωρ</em></span> <span class='ocrx_word' id='word_1_573' title='bbox 321 4540 457 4608; x_wconf 81' lang='grc' dir='ltr'><em>τοὺς</em></span> <span class='ocrx_word' id='word_1_574' title='bbox 501 4542 819 4608; x_wconf 72' lang='grc' dir='ltr'><em>θλίϐοντας</em></span> <span class='ocrx_word' id='word_1_575' title='bbox 860 4541 1102 4609; x_wconf 77' lang='grc' dir='ltr'><em>αὐτοὺς,</em></span> <span class='ocrx_word' id='word_1_576' title='bbox 1147 4533 1235 4608; x_wconf 74' lang='grc' dir='ltr'><strong>εἶς</strong></span> <span class='ocrx_word' id='word_1_577' title='bbox 1265 4542 1335 4607; x_wconf 79' lang='grc' dir='ltr'><strong>ἐξ</strong></span> <span class='ocrx_word' id='word_1_578' title='bbox 1361 4537 1562 4596; x_wconf 83' lang='grc' dir='ltr'><em>αὐτῶν</em></span> <span class='ocrx_word' id='word_1_579' title='bbox 1592 4544 1707 4614; x_wconf 78' lang='grc' dir='ltr'><strong>οὐχ</strong></span> 
     </span>
    </p>
   </div>
   <div class='ocr_carea' id='block_1_79' title="bbox 147 4629 1707 4708">
    <p class='ocr_par' dir='ltr' id='par_1_79' title="bbox 147 4629 1707 4708">
     <span class='ocr_line' id='line_1_79' title="bbox 147 4629 1707 4708; baseline 0.001 -19"><span class='ocrx_word' id='word_1_580' title='bbox 147 4635 475 4705; x_wconf 71' lang='grc' dir='ltr'><em>ὑπελείφθη.</em></span> <span class='ocrx_word' id='word_1_581' title='bbox 515 4636 736 4708; x_wconf 76' lang='grc' dir='ltr'><em>Ζητήσῃ</em></span> <span class='ocrx_word' id='word_1_582' title='bbox 769 4651 853 4699; x_wconf 91' lang='grc' dir='ltr'><strong>τις</strong></span> <span class='ocrx_word' id='word_1_583' title='bbox 896 4631 964 4688; x_wconf 71' lang='grc' dir='ltr'><em>ἂν</em></span> <span class='ocrx_word' id='word_1_584' title='bbox 994 4635 1119 4708; x_wconf 78' lang='grc' dir='ltr'><em>περὶ</em></span> <span class='ocrx_word' id='word_1_585' title='bbox 1145 4634 1254 4688; x_wconf 79' lang='grc' dir='ltr'><em>τῶν</em></span> <span class='ocrx_word' id='word_1_586' title='bbox 1279 4629 1584 4708; x_wconf 76' lang='grc' dir='ltr'><em>ἐπιμίκτων</em></span> <span class='ocrx_word' id='word_1_587' title='bbox 1611 4636 1707 4690; x_wconf 77' lang='grc' dir='ltr'><strong>Αί-</strong></span> 
     </span>
    </p>
   </div>
   <div class='ocr_carea' id='block_1_80' title="bbox 1893 3427 3402 3499">
    <p class='ocr_par' dir='ltr' id='par_1_80' title="bbox 1893 3427 3402 3499">
     <span class='ocr_line' id='line_1_80' title="bbox 1893 3427 3402 3499; baseline 0.006 -15"><span class='ocrx_word' id='word_1_588' title='bbox 1893 3428 2060 3486; x_wconf 74' lang='lat' dir='ltr'><strong>Vsns.</strong></span> <span class='ocrx_word' id='word_1_589' title='bbox 2080 3428 2133 3484; x_wconf 89' lang='lat'><strong>9.</strong></span> <span class='ocrx_word' id='word_1_590' title='bbox 2155 3427 2226 3483; x_wconf 86' lang='lat' dir='ltr'><strong>Et</strong></span> <span class='ocrx_word' id='word_1_591' title='bbox 2247 3429 2508 3499; x_wconf 78' lang='lat' dir='ltr'><strong>increpuit</strong></span> <span class='ocrx_word' id='word_1_592' title='bbox 2530 3445 2679 3484; x_wconf 88' lang='lat' dir='ltr'><strong>mare</strong></span> <span class='ocrx_word' id='word_1_593' title='bbox 2704 3428 2965 3498; x_wconf 81' lang='lat' dir='ltr'><strong>Rubrum,</strong></span> <span class='ocrx_word' id='word_1_594' title='bbox 2995 3441 3048 3488; x_wconf 89' lang='lat' dir='ltr'><strong>et</strong></span> <span class='ocrx_word' id='word_1_595' title='bbox 3073 3434 3402 3494; x_wconf 69' lang='lat' dir='ltr'><strong>exsiccatum</strong></span> 
     </span>
    </p>
   </div>
   <div class='ocr_carea' id='block_1_81' title="bbox 1815 3521 3402 3598">
    <p class='ocr_par' dir='ltr' id='par_1_81' title="bbox 1815 3521 3402 3598">
     <span class='ocr_line' id='line_1_81' title="bbox 1815 3521 3402 3598; baseline 0.004 -18"><span class='ocrx_word' id='word_1_596' title='bbox 1815 3533 1917 3591; x_wconf 91' lang='lat' dir='ltr'><strong>est,</strong></span> <span class='ocrx_word' id='word_1_597' title='bbox 1948 3532 1998 3578; x_wconf 89' lang='lat' dir='ltr'><strong>et</strong></span> <span class='ocrx_word' id='word_1_598' title='bbox 2023 3521 2244 3578; x_wconf 68' lang='lat' dir='ltr'><strong>deduxit</strong></span> <span class='ocrx_word' id='word_1_599' title='bbox 2267 3539 2356 3578; x_wconf 91' lang='lat' dir='ltr'><strong>eos</strong></span> <span class='ocrx_word' id='word_1_600' title='bbox 2375 3525 2430 3577; x_wconf 85' lang='lat' dir='ltr'><strong>in</strong></span> <span class='ocrx_word' id='word_1_601' title='bbox 2481 3523 2673 3594; x_wconf 75' lang='lat' dir='ltr'><strong>abysso</strong></span> <span class='ocrx_word' id='word_1_602' title='bbox 2729 3527 2869 3580; x_wconf 84' lang='lat' dir='ltr'><strong>sicut</strong></span> <span class='ocrx_word' id='word_1_603' title='bbox 2920 3526 2977 3580; x_wconf 92' lang='lat' dir='ltr'><strong>in</strong></span> <span class='ocrx_word' id='word_1_604' title='bbox 3029 3527 3256 3586; x_wconf 88' lang='lat' dir='ltr'><strong>deserto.</strong></span> <span class='ocrx_word' id='word_1_605' title='bbox 3292 3529 3402 3598; x_wconf 77' lang='lat' dir='ltr'><strong>Qui</strong></span> 
     </span>
    </p>
   </div>
   <div class='ocr_carea' id='block_1_82' title="bbox 1815 3612 3398 3685">
    <p class='ocr_par' dir='ltr' id='par_1_82' title="bbox 1815 3612 3398 3685">
     <span class='ocr_line' id='line_1_82' title="bbox 1815 3612 3398 3685; baseline 0.007 -17"><span class='ocrx_word' id='word_1_606' title='bbox 1815 3615 2092 3685; x_wconf 84' lang='lat' dir='ltr'><strong>increpuit</strong></span> <span class='ocrx_word' id='word_1_607' title='bbox 2119 3628 2268 3668; x_wconf 90' lang='lat' dir='ltr'><strong>mare</strong></span> <span class='ocrx_word' id='word_1_608' title='bbox 2303 3612 2574 3680; x_wconf 79' lang='lat' dir='ltr'><strong>Rubrum,</strong></span> <span class='ocrx_word' id='word_1_609' title='bbox 2612 3614 2681 3670; x_wconf 87' lang='lat' dir='ltr'><strong>ab</strong></span> <span class='ocrx_word' id='word_1_610' title='bbox 2713 3615 2973 3675; x_wconf 89' lang='lat' dir='ltr'><strong>omnibus</strong></span> <span class='ocrx_word' id='word_1_611' title='bbox 3003 3616 3151 3674; x_wconf 89' lang='lat' dir='ltr'><strong>Deus</strong></span> <span class='ocrx_word' id='word_1_612' title='bbox 3176 3619 3398 3680; x_wconf 75' lang='lat' dir='ltr'><strong>habitus</strong></span> 
     </span>
    </p>
   </div>
   <div class='ocr_carea' id='block_1_83' title="bbox 1815 3705 3400 3784">
    <p class='ocr_par' dir='ltr' id='par_1_83' title="bbox 1815 3705 3400 3784">
     <span class='ocr_line' id='line_1_83' title="bbox 1815 3705 3400 3784; baseline 0.005 -21"><span class='ocrx_word' id='word_1_613' title='bbox 1815 3714 1869 3763; x_wconf 89' lang='lat' dir='ltr'><strong>et</strong></span> <span class='ocrx_word' id='word_1_614' title='bbox 1892 3707 2201 3764; x_wconf 84' lang='lat' dir='ltr'><strong>declaratus</strong></span> <span class='ocrx_word' id='word_1_615' title='bbox 2253 3715 2359 3763; x_wconf 87' lang='lat' dir='ltr'><strong>est.</strong></span> <span class='ocrx_word' id='word_1_616' title='bbox 2397 3705 2537 3762; x_wconf 88' lang='lat' dir='ltr'><strong>Cum</strong></span> <span class='ocrx_word' id='word_1_617' title='bbox 2593 3723 2728 3780; x_wconf 73' lang='lat' dir='ltr'><strong>ergo</strong></span> <span class='ocrx_word' id='word_1_618' title='bbox 2773 3707 2936 3768; x_wconf 80' lang='lat' dir='ltr'><strong>Jesus</strong></span> <span class='ocrx_word' id='word_1_619' title='bbox 2994 3711 3202 3784; x_wconf 76' lang='lat' dir='ltr'><strong>agitato</strong></span> <span class='ocrx_word' id='word_1_620' title='bbox 3257 3715 3400 3771; x_wconf 87' lang='lat' dir='ltr'><strong>mari</strong></span> 
     </span>
    </p>
   </div>
   <div class='ocr_carea' id='block_1_84' title="bbox 1815 3797 3397 3874">
    <p class='ocr_par' dir='ltr' id='par_1_84' title="bbox 1815 3797 3397 3874">
     <span class='ocr_line' id='line_1_84' title="bbox 1815 3797 3397 3874; baseline 0.008 -22"><span class='ocrx_word' id='word_1_621' title='bbox 1815 3797 2071 3869; x_wconf 84' lang='lat' dir='ltr'><strong>imperat,</strong></span> <span class='ocrx_word' id='word_1_622' title='bbox 2113 3798 2256 3870; x_wconf 89' lang='lat' dir='ltr'><strong>apud</strong></span> <span class='ocrx_word' id='word_1_623' title='bbox 2278 3812 2472 3855; x_wconf 88' lang='lat' dir='ltr'><strong>omnes</strong></span> <span class='ocrx_word' id='word_1_624' title='bbox 2496 3798 2554 3852; x_wconf 89' lang='lat' dir='ltr'><strong>in</strong></span> <span class='ocrx_word' id='word_1_625' title='bbox 2605 3798 2860 3856; x_wconf 76' lang='lat' dir='ltr'><strong>confesso</strong></span> <span class='ocrx_word' id='word_1_626' title='bbox 2890 3800 2993 3857; x_wconf 77' lang='lat' dir='ltr'><strong>fuit</strong></span> <span class='ocrx_word' id='word_1_627' title='bbox 3036 3803 3218 3874; x_wconf 89' lang='lat' dir='ltr'><strong>ipsum</strong></span> <span class='ocrx_word' id='word_1_628' title='bbox 3271 3821 3397 3865; x_wconf 88' lang='lat' dir='ltr'><strong>esse</strong></span> 
     </span>
    </p>
   </div>
   <div class='ocr_carea' id='block_1_85' title="bbox 1814 3887 3396 3966">
    <p class='ocr_par' dir='ltr' id='par_1_85' title="bbox 1814 3887 3396 3966">
     <span class='ocr_line' id='line_1_85' title="bbox 1814 3887 3396 3966; baseline 0.006 -22"><span class='ocrx_word' id='word_1_629' title='bbox 1814 3887 2008 3956; x_wconf 89' lang='lat' dir='ltr'><strong>Deum,</strong></span> <span class='ocrx_word' id='word_1_630' title='bbox 2043 3896 2104 3944; x_wconf 91' lang='lat' dir='ltr'><strong>ut</strong></span> <span class='ocrx_word' id='word_1_631' title='bbox 2152 3906 2219 3946; x_wconf 84' lang='lat' dir='ltr'><strong>ex</strong></span> <span class='ocrx_word' id='word_1_632' title='bbox 2258 3897 2586 3961; x_wconf 87' lang='lat' dir='ltr'><strong>tempestate</strong></span> <span class='ocrx_word' id='word_1_633' title='bbox 2619 3898 2673 3945; x_wconf 86' lang='lat' dir='ltr'><strong>et</strong></span> <span class='ocrx_word' id='word_1_634' title='bbox 2728 3892 2992 3962; x_wconf 88' lang='lat' dir='ltr'><strong>procella,</strong></span> <span class='ocrx_word' id='word_1_635' title='bbox 3021 3896 3396 3966; x_wconf 85' lang='lat' dir='ltr'><strong>tranquillitas</strong></span> 
     </span>
    </p>
   </div>
   <div class='ocr_carea' id='block_1_86' title="bbox 1812 3980 3397 4059">
    <p class='ocr_par' dir='ltr' id='par_1_86' title="bbox 1812 3980 3397 4059">
     <span class='ocr_line' id='line_1_86' title="bbox 1812 3980 3397 4059; baseline 0.004 -21"><span class='ocrx_word' id='word_1_636' title='bbox 1812 3981 2128 4039; x_wconf 79' lang='lat' dir='ltr'><strong>exsisteret.</strong></span> <span class='ocrx_word' id='word_1_637' title='bbox 2187 3980 2338 4038; x_wconf 78' lang='lat' dir='ltr'><strong>Idem</strong></span> <span class='ocrx_word' id='word_1_638' title='bbox 2377 3980 2583 4052; x_wconf 87' lang='lat' dir='ltr'><strong>quippe</strong></span> <span class='ocrx_word' id='word_1_639' title='bbox 2630 3980 2779 4038; x_wconf 88' lang='lat' dir='ltr'><strong>Deus</strong></span> <span class='ocrx_word' id='word_1_640' title='bbox 2819 3992 2906 4039; x_wconf 83' lang='lat' dir='ltr'><strong>cst</strong></span> <span class='ocrx_word' id='word_1_641' title='bbox 2962 3985 3056 4056; x_wconf 91' lang='lat' dir='ltr'><strong>qui</strong></span> <span class='ocrx_word' id='word_1_642' title='bbox 3090 3987 3397 4059; x_wconf 77' lang='lat' dir='ltr'><strong>increpavit</strong></span> 
     </span>
    </p>
   </div>
   <div class='ocr_carea' id='block_1_87' title="bbox 1811 4073 3394 4150">
    <p class='ocr_par' dir='ltr' id='par_1_87' title="bbox 1811 4073 3394 4150">
     <span class='ocr_line' id='line_1_87' title="bbox 1811 4073 3394 4150; baseline 0.004 -20"><span class='ocrx_word' id='word_1_643' title='bbox 1811 4089 1965 4130; x_wconf 87' lang='lat' dir='ltr'><strong>mare</strong></span> <span class='ocrx_word' id='word_1_644' title='bbox 1996 4073 2246 4130; x_wconf 75' lang='lat' dir='ltr'><strong>Rubrum</strong></span> <span class='ocrx_word' id='word_1_645' title='bbox 2269 4083 2324 4130; x_wconf 87' lang='lat' dir='ltr'><strong>et</strong></span> <span class='ocrx_word' id='word_1_646' title='bbox 2347 4075 2649 4132; x_wconf 78' lang='lat' dir='ltr'><strong>exsiccavit</strong></span> <span class='ocrx_word' id='word_1_647' title='bbox 2674 4075 2831 4140; x_wconf 90' lang='lat' dir='ltr'><strong>illud,</strong></span> <span class='ocrx_word' id='word_1_648' title='bbox 2866 4076 2943 4131; x_wconf 90' lang='lat' dir='ltr'><strong>ita</strong></span> <span class='ocrx_word' id='word_1_649' title='bbox 2968 4086 3031 4132; x_wconf 89' lang='lat' dir='ltr'><strong>ut</strong></span> <span class='ocrx_word' id='word_1_650' title='bbox 3067 4081 3394 4150; x_wconf 89' lang='lat' dir='ltr'><strong>pertransiri</strong></span> 
     </span>
    </p>
   </div>
   <div class='ocr_carea' id='block_1_88' title="bbox 1811 4166 3393 4244">
    <p class='ocr_par' dir='ltr' id='par_1_88' title="bbox 1811 4166 3393 4244">
     <span class='ocr_line' id='line_1_88' title="bbox 1811 4166 3393 4244; baseline 0.003 -20"><span class='ocrx_word' id='word_1_651' title='bbox 1811 4176 2002 4239; x_wconf 86' lang='lat' dir='ltr'><strong>posset</strong></span> <span class='ocrx_word' id='word_1_652' title='bbox 2032 4167 2108 4233; x_wconf 91' lang='lat' dir='ltr'><strong>id,</strong></span> <span class='ocrx_word' id='word_1_653' title='bbox 2169 4166 2318 4237; x_wconf 90' lang='lat' dir='ltr'><strong>quod</strong></span> <span class='ocrx_word' id='word_1_654' title='bbox 2361 4167 2496 4223; x_wconf 88' lang='lat' dir='ltr'><strong>olim</strong></span> <span class='ocrx_word' id='word_1_655' title='bbox 2539 4167 2614 4224; x_wconf 80' lang='lat' dir='ltr'><strong>ob</strong></span> <span class='ocrx_word' id='word_1_656' title='bbox 2656 4168 3063 4227; x_wconf 85' lang='lat' dir='ltr'><strong>multitudinem</strong></span> <span class='ocrx_word' id='word_1_657' title='bbox 3126 4186 3393 4244; x_wconf 87' lang='lat' dir='ltr'><strong>aquarum</strong></span> 
     </span>
    </p>
   </div>
   <div class='ocr_carea' id='block_1_89' title="bbox 1812 4258 2642 4330">
    <p class='ocr_par' dir='ltr' id='par_1_89' title="bbox 1812 4258 2642 4330">
     <span class='ocr_line' id='line_1_89' title="bbox 1812 4258 2642 4330; baseline 0.001 -16"><span class='ocrx_word' id='word_1_658' title='bbox 1812 4272 1964 4314; x_wconf 86' lang='lat' dir='ltr'><strong>mare</strong></span> <span class='ocrx_word' id='word_1_659' title='bbox 1989 4267 2044 4314; x_wconf 90' lang='lat' dir='ltr'><strong>et</strong></span> <span class='ocrx_word' id='word_1_660' title='bbox 2066 4258 2300 4330; x_wconf 82' lang='lat' dir='ltr'><strong>abyssus</strong></span> <span class='ocrx_word' id='word_1_661' title='bbox 2320 4258 2642 4316; x_wconf 84' lang='lat' dir='ltr'><strong>vocabatur.</strong></span> 
     </span>
    </p>
   </div>
   <div class='ocr_carea' id='block_1_90' title="bbox 1885 4349 3392 4422">
    <p class='ocr_par' dir='ltr' id='par_1_90' title="bbox 1885 4349 3392 4422">
     <span class='ocr_line' id='line_1_90' title="bbox 1885 4349 3392 4422; baseline 0.006 -17"><span class='ocrx_word' id='word_1_662' title='bbox 1885 4349 2048 4407; x_wconf 69' lang='lat' dir='ltr'><strong>Vsus.</strong></span> <span class='ocrx_word' id='word_1_663' title='bbox 2085 4351 2174 4416; x_wconf 69' lang='lat'><strong>10,</strong></span> <span class='ocrx_word' id='word_1_664' title='bbox 2202 4350 2290 4408; x_wconf 76' lang='lat' dir='ltr'><strong>li.</strong></span> <span class='ocrx_word' id='word_1_665' title='bbox 2323 4350 2397 4406; x_wconf 82' lang='lat' dir='ltr'><strong>Et</strong></span> <span class='ocrx_word' id='word_1_666' title='bbox 2416 4352 2642 4407; x_wconf 72' lang='lat' dir='ltr'><strong>saluauit</strong></span> <span class='ocrx_word' id='word_1_667' title='bbox 2669 4369 2760 4408; x_wconf 86' lang='lat' dir='ltr'><strong>eos</strong></span> <span class='ocrx_word' id='word_1_668' title='bbox 2779 4351 2846 4408; x_wconf 84' lang='lat' dir='ltr'><strong>de</strong></span> <span class='ocrx_word' id='word_1_669' title='bbox 2867 4369 3032 4409; x_wconf 86' lang='lat' dir='ltr'><strong>manu</strong></span> <span class='ocrx_word' id='word_1_670' title='bbox 3065 4353 3313 4422; x_wconf 85' lang='lat' dir='ltr'><strong>odientis,</strong></span> <span class='ocrx_word' id='word_1_671' title='bbox 3339 4368 3392 4414; x_wconf 89' lang='lat' dir='ltr'><strong>et</strong></span> 
     </span>
    </p>
   </div>
   <div class='ocr_carea' id='block_1_91' title="bbox 1808 4445 3392 4520">
    <p class='ocr_par' dir='ltr' id='par_1_91' title="bbox 1808 4445 3392 4520">
     <span class='ocr_line' id='line_1_91' title="bbox 1808 4445 3392 4520; baseline 0.004 -19"><span class='ocrx_word' id='word_1_672' title='bbox 1808 4446 2030 4501; x_wconf 76' lang='lat' dir='ltr'><strong>redemit</strong></span> <span class='ocrx_word' id='word_1_673' title='bbox 2048 4461 2136 4500; x_wconf 89' lang='lat' dir='ltr'><strong>eos</strong></span> <span class='ocrx_word' id='word_1_674' title='bbox 2162 4445 2228 4500; x_wconf 86' lang='lat' dir='ltr'><strong>de</strong></span> <span class='ocrx_word' id='word_1_675' title='bbox 2253 4461 2414 4501; x_wconf 86' lang='lat' dir='ltr'><strong>manu</strong></span> <span class='ocrx_word' id='word_1_676' title='bbox 2448 4446 2670 4502; x_wconf 84' lang='lat' dir='ltr'><strong>inimici.</strong></span> <span class='ocrx_word' id='word_1_677' title='bbox 2701 4445 2922 4517; x_wconf 83' lang='lat' dir='ltr'><strong>Operuit</strong></span> <span class='ocrx_word' id='word_1_678' title='bbox 2955 4465 3097 4520; x_wconf 80' lang='lat' dir='ltr'><strong>aqua</strong></span> <span class='ocrx_word' id='word_1_679' title='bbox 3125 4450 3392 4507; x_wconf 83' lang='lat' dir='ltr'><strong>tribulan-</strong></span> 
     </span>
    </p>
   </div>
   <div class='ocr_carea' id='block_1_92' title="bbox 1809 4539 3388 4615">
    <p class='ocr_par' dir='ltr' id='par_1_92' title="bbox 1809 4539 3388 4615">
     <span class='ocr_line' id='line_1_92' title="bbox 1809 4539 3388 4615; baseline 0.004 -23"><span class='ocrx_word' id='word_1_680' title='bbox 1809 4546 1884 4594; x_wconf 88' lang='lat' dir='ltr'><strong>tes</strong></span> <span class='ocrx_word' id='word_1_681' title='bbox 1911 4555 2022 4605; x_wconf 90' lang='lat' dir='ltr'><strong>eos,</strong></span> <span class='ocrx_word' id='word_1_682' title='bbox 2048 4554 2185 4594; x_wconf 87' lang='lat' dir='ltr'><strong>unus</strong></span> <span class='ocrx_word' id='word_1_683' title='bbox 2215 4552 2282 4592; x_wconf 68' lang='lat' dir='ltr'><strong>ex</strong></span> <span class='ocrx_word' id='word_1_684' title='bbox 2314 4539 2390 4593; x_wconf 89' lang='lat' dir='ltr'><strong>eis</strong></span> <span class='ocrx_word' id='word_1_685' title='bbox 2419 4554 2524 4593; x_wconf 80' lang='lat' dir='ltr'><strong>non</strong></span> <span class='ocrx_word' id='word_1_686' title='bbox 2553 4540 2828 4594; x_wconf 84' lang='lat' dir='ltr'><strong>remansit.</strong></span> <span class='ocrx_word' id='word_1_687' title='bbox 2853 4539 3072 4608; x_wconf 68' lang='lat' dir='ltr'><strong>Quaerat</strong></span> <span class='ocrx_word' id='word_1_688' title='bbox 3089 4543 3388 4615; x_wconf 81' lang='lat' dir='ltr'><strong>quispiam,</strong></span> 
     </span>
    </p>
   </div>
   <div class='ocr_carea' id='block_1_93' title="bbox 1808 4627 3389 4705">
    <p class='ocr_par' dir='ltr' id='par_1_93' title="bbox 1808 4627 3389 4705">
     <span class='ocr_line' id='line_1_93' title="bbox 1808 4627 3389 4705; baseline 0.003 -19"><span class='ocrx_word' id='word_1_689' title='bbox 1808 4630 1878 4687; x_wconf 90' lang='lat' dir='ltr'><strong>de</strong></span> <span class='ocrx_word' id='word_1_690' title='bbox 1899 4630 2231 4702; x_wconf 87' lang='lat' dir='ltr'><strong>promiscuis</strong></span> <span class='ocrx_word' id='word_1_691' title='bbox 2283 4627 2562 4705; x_wconf 69' lang='lat' dir='ltr'><strong>Egyptiis</strong></span> <span class='ocrx_word' id='word_1_692' title='bbox 2588 4631 2684 4703; x_wconf 89' lang='lat' dir='ltr'><strong>qui</strong></span> <span class='ocrx_word' id='word_1_693' title='bbox 2730 4646 2884 4688; x_wconf 80' lang='lat' dir='ltr'><strong>mare</strong></span> <span class='ocrx_word' id='word_1_694' title='bbox 2939 4633 3298 4701; x_wconf 88' lang='lat' dir='ltr'><strong>transierunt,</strong></span> <span class='ocrx_word' id='word_1_695' title='bbox 3333 4642 3389 4691; x_wconf 89' lang='lat' dir='ltr'><strong>et</strong></span> 
     </span>
    </p>
   </div>
   <div class='ocr_carea' id='block_1_94' title="bbox 151 4722 1710 4806">
    <p class='ocr_par' dir='ltr' id='par_1_94' title="bbox 151 4722 1708 4800">
     <span class='ocr_line' id='line_1_94' title="bbox 151 4722 1708 4800; baseline 0.003 -23"><span class='ocrx_word' id='word_1_696' title='bbox 151 4725 392 4793; x_wconf 83' lang='grc' dir='ltr'><em>γυπτίων,</em></span> <span class='ocrx_word' id='word_1_697' title='bbox 417 4725 526 4778; x_wconf 82' lang='grc' dir='ltr'><em>τῶν</em></span> <span class='ocrx_word' id='word_1_698' title='bbox 549 4722 867 4779; x_wconf 88' lang='grc' dir='ltr'><em>διελθόντων</em></span> <span class='ocrx_word' id='word_1_699' title='bbox 897 4725 995 4798; x_wconf 79' lang='grc' dir='ltr'><em>τὴν</em></span> <span class='ocrx_word' id='word_1_700' title='bbox 1025 4725 1319 4790; x_wconf 79' lang='grc' dir='ltr'><em>θάλασσαν,</em></span> <span class='ocrx_word' id='word_1_701' title='bbox 1368 4727 1462 4780; x_wconf 75' lang='grc' dir='ltr'><strong>καὶ</strong></span> <span class='ocrx_word' id='word_1_702' title='bbox 1494 4728 1574 4791; x_wconf 86' lang='grc' dir='ltr'><strong>είς</strong></span> <span class='ocrx_word' id='word_1_703' title='bbox 1603 4726 1708 4800; x_wconf 80' lang='grc' dir='ltr'><em>τὴν</em></span> 
     </span>
    </p>
   </div>
   <div class='ocr_carea' id='block_1_95' title="bbox 1826 4722 3388 4806">
    <p class='ocr_par' dir='ltr' id='par_1_95' title="bbox 1826 4724 3388 4798">
     <span class='ocr_line' id='line_1_95' title="bbox 1826 4724 3388 4798; baseline 0.003 -19"><span class='ocrx_word' id='word_1_704' title='bbox 1826 4739 1919 4780; x_wconf 85' lang='lat' dir='ltr'><strong>ma</strong></span> <span class='ocrx_word' id='word_1_705' title='bbox 1948 4739 2074 4780; x_wconf 89' lang='lat' dir='ltr'><strong>cum</strong></span> <span class='ocrx_word' id='word_1_706' title='bbox 2105 4725 2307 4798; x_wconf 88' lang='lat' dir='ltr'><strong>populo</strong></span> <span class='ocrx_word' id='word_1_707' title='bbox 2345 4727 2400 4780; x_wconf 90' lang='lat' dir='ltr'><strong>in</strong></span> <span class='ocrx_word' id='word_1_708' title='bbox 2447 4724 2668 4782; x_wconf 87' lang='lat' dir='ltr'><strong>deserto</strong></span> <span class='ocrx_word' id='word_1_709' title='bbox 2722 4725 3108 4782; x_wconf 84' lang='lat' dir='ltr'><strong>versabantur.</strong></span> <span class='ocrx_word' id='word_1_710' title='bbox 3144 4725 3246 4783; x_wconf 91' lang='lat' dir='ltr'><strong>Cui</strong></span> <span class='ocrx_word' id='word_1_711' title='bbox 3295 4743 3388 4784; x_wconf 86' lang='lat' dir='ltr'><strong>re-</strong></span> 
     </span>
    </p>
   </div>
   <div class='ocr_carea' id='block_1_96' title="bbox 154 4813 1702 4890">
    <p class='ocr_par' dir='ltr' id='par_1_96' title="bbox 154 4813 1702 4890">
     <span class='ocr_line' id='line_1_96' title="bbox 154 4813 1702 4890; baseline 0.005 -25"><span class='ocrx_word' id='word_1_712' title='bbox 154 4814 337 4885; x_wconf 64' lang='lat' dir='ltr'><strong>Fpnuov</strong></span> <span class='ocrx_word' id='word_1_713' title='bbox 356 4813 466 4885; x_wconf 65' lang='grc' dir='ltr'><em>ἅρμα</em></span> <span class='ocrx_word' id='word_1_714' title='bbox 487 4815 566 4886; x_wconf 82' lang='grc' dir='ltr'><em>τῷ</em></span> <span class='ocrx_word' id='word_1_715' title='bbox 592 4814 706 4887; x_wconf 84' lang='grc' dir='ltr'><em>λαῷ</em></span> <span class='ocrx_word' id='word_1_716' title='bbox 729 4815 1058 4886; x_wconf 79' lang='grc' dir='ltr'><em>γενομένων.</em></span> <span class='ocrx_word' id='word_1_717' title='bbox 1090 4815 1231 4887; x_wconf 85' lang='grc' dir='ltr'><em>Πρὸς</em></span> <span class='ocrx_word' id='word_1_718' title='bbox 1254 4816 1312 4869; x_wconf 81' lang='grc' dir='ltr'><em>ὃν</em></span> <span class='ocrx_word' id='word_1_719' title='bbox 1337 4817 1588 4890; x_wconf 72' lang='grc' dir='ltr'><em>ἐροῦμεν,</em></span> <span class='ocrx_word' id='word_1_720' title='bbox 1617 4819 1702 4872; x_wconf 77' lang='grc' dir='ltr'><em>ὅτι</em></span> 
     </span>
    </p>
   </div>
   <div class='ocr_carea' id='block_1_97' title="bbox 159 4901 1704 4980">
    <p class='ocr_par' dir='ltr' id='par_1_97' title="bbox 159 4901 1704 4980">
     <span class='ocr_line' id='line_1_97' title="bbox 159 4901 1704 4980; baseline 0.005 -24"><span class='ocrx_word' id='word_1_721' title='bbox 159 4905 224 4976; x_wconf 77' lang='grc' dir='ltr'><em>μὴ</em></span> <span class='ocrx_word' id='word_1_722' title='bbox 248 4903 344 4957; x_wconf 86' lang='grc' dir='ltr'><em>τῶν</em></span> <span class='ocrx_word' id='word_1_723' title='bbox 374 4904 659 4959; x_wconf 87' lang='grc' dir='ltr'><em>θλιϐόντων</em></span> <span class='ocrx_word' id='word_1_724' title='bbox 693 4901 834 4977; x_wconf 79' lang='grc' dir='ltr'><em>ἦσαν</em></span> <span class='ocrx_word' id='word_1_725' title='bbox 879 4906 972 4959; x_wconf 90' lang='grc' dir='ltr'><strong>τὸν</strong></span> <span class='ocrx_word' id='word_1_726' title='bbox 1018 4906 1254 4978; x_wconf 80' lang='grc' dir='ltr'><em>Ἰσραήλ.</em></span> <span class='ocrx_word' id='word_1_727' title='bbox 1309 4907 1445 4980; x_wconf 78' lang='grc' dir='ltr'><em>Περὶ</em></span> <span class='ocrx_word' id='word_1_728' title='bbox 1491 4908 1549 4962; x_wconf 78' lang='grc' dir='ltr'><em>δὲ</em></span> <span class='ocrx_word' id='word_1_729' title='bbox 1593 4909 1704 4963; x_wconf 82' lang='grc' dir='ltr'><em>τῶν</em></span> 
     </span>
    </p>
   </div>
   <div class='ocr_carea' id='block_1_98' title="bbox 156 4991 1700 5071">
    <p class='ocr_par' dir='ltr' id='par_1_98' title="bbox 156 4991 1700 5071">
     <span class='ocr_line' id='line_1_98' title="bbox 156 4991 1700 5071; baseline 0.006 -22"><span class='ocrx_word' id='word_1_730' title='bbox 156 4996 412 5050; x_wconf 81' lang='grc' dir='ltr'><em>θλιϐόντων</em></span> <span class='ocrx_word' id='word_1_731' title='bbox 437 4996 622 5068; x_wconf 79' lang='grc' dir='ltr'><em>εἴρητο</em></span> <span class='ocrx_word' id='word_1_732' title='bbox 643 4998 724 5062; x_wconf 89' lang='grc' dir='ltr'><strong>τὸ,</strong></span> <span class='ocrx_word' id='word_1_733' title='bbox 755 4991 860 5064; x_wconf 77' lang='grc' dir='ltr'><em>Εἷς</em></span> <span class='ocrx_word' id='word_1_734' title='bbox 884 4997 954 5062; x_wconf 80' lang='grc' dir='ltr'><strong>ἐξ</strong></span> <span class='ocrx_word' id='word_1_735' title='bbox 979 4997 1181 5052; x_wconf 84' lang='grc' dir='ltr'><em>αὐτῶν</em></span> <span class='ocrx_word' id='word_1_736' title='bbox 1209 5001 1322 5070; x_wconf 84' lang='grc' dir='ltr'><strong>οὐχ</strong></span> <span class='ocrx_word' id='word_1_737' title='bbox 1345 5001 1700 5071; x_wconf 64' lang='grc' dir='ltr'><em>ὑπελείφθη.</em></span> 
     </span>
    </p>
   </div>
   <div class='ocr_carea' id='block_1_99' title="bbox 167 5089 1703 5167">
    <p class='ocr_par' dir='ltr' id='par_1_99' title="bbox 167 5089 1703 5167">
     <span class='ocr_line' id='line_1_99' title="bbox 167 5089 1703 5167; baseline 0.004 -21"><span class='ocrx_word' id='word_1_738' title='bbox 167 5092 219 5146; x_wconf 89' lang='lat'><strong>&#39;0</strong></span> <span class='ocrx_word' id='word_1_739' title='bbox 235 5092 286 5147; x_wconf 78' lang='grc' dir='ltr'><em>δὲ</em></span> <span class='ocrx_word' id='word_1_740' title='bbox 309 5093 589 5164; x_wconf 83' lang='grc' dir='ltr'><em>ὲπίμικτος</em></span> <span class='ocrx_word' id='word_1_741' title='bbox 616 5093 745 5158; x_wconf 86' lang='grc' dir='ltr'><em>λαὸς</em></span> <span class='ocrx_word' id='word_1_742' title='bbox 771 5093 1069 5164; x_wconf 70' lang='grc' dir='ltr'><em>Αἰγύπτιος</em></span> <span class='ocrx_word' id='word_1_743' title='bbox 1099 5095 1198 5166; x_wconf 78' lang='grc' dir='ltr'><em>μὲν</em></span> <span class='ocrx_word' id='word_1_744' title='bbox 1223 5089 1314 5167; x_wconf 76' lang='grc' dir='ltr'><em>ἦν,</em></span> <span class='ocrx_word' id='word_1_745' title='bbox 1345 5096 1619 5151; x_wconf 85' lang='grc' dir='ltr'><em>πιστεύων</em></span> <span class='ocrx_word' id='word_1_746' title='bbox 1643 5097 1703 5152; x_wconf 74' lang='grc' dir='ltr'><em>δὲ</em></span> 
     </span>
    </p>
   </div>
   <div class='ocr_carea' id='block_1_100' title="bbox 157 5186 1346 5260">
    <p class='ocr_par' dir='ltr' id='par_1_100' title="bbox 157 5186 1346 5260">
     <span class='ocr_line' id='line_1_100' title="bbox 157 5186 1346 5260; baseline 0.001 -20"><span class='ocrx_word' id='word_1_747' title='bbox 157 5188 261 5251; x_wconf 81' lang='grc' dir='ltr'><em>ταῖς</em></span> <span class='ocrx_word' id='word_1_748' title='bbox 282 5186 545 5250; x_wconf 80' lang='grc' dir='ltr'><em>Μωῦσέως</em></span> <span class='ocrx_word' id='word_1_749' title='bbox 584 5189 807 5255; x_wconf 76' lang='grc' dir='ltr'><em>φωναῖς,</em></span> <span class='ocrx_word' id='word_1_750' title='bbox 838 5187 1107 5260; x_wconf 87' lang='grc' dir='ltr'><em>σωτηρίας</em></span> <span class='ocrx_word' id='word_1_751' title='bbox 1137 5187 1346 5259; x_wconf 72' lang='grc' dir='ltr'><em>ἔτυχεν.</em></span> 
     </span>
    </p>
   </div>
   <div class='ocr_carea' id='block_1_101' title="bbox 221 5275 1704 5353">
    <p class='ocr_par' dir='ltr' id='par_1_101' title="bbox 221 5275 1704 5353">
     <span class='ocr_line' id='line_1_101' title="bbox 221 5275 1704 5353; baseline 0.003 -19"><span class='ocrx_word' id='word_1_752' title='bbox 221 5279 314 5334; x_wconf 82' lang='lat' dir='ltr'><strong>Kal</strong></span> <span class='ocrx_word' id='word_1_753' title='bbox 337 5277 706 5333; x_wconf 71' lang='grc' dir='ltr'><em>ἐπίστευσαν</em></span> <span class='ocrx_word' id='word_1_754' title='bbox 729 5278 810 5345; x_wconf 83' lang='grc' dir='ltr'><em>τῷ</em></span> <span class='ocrx_word' id='word_1_755' title='bbox 837 5281 1000 5351; x_wconf 62' lang='grc' dir='ltr'><em>λόγῳ</em></span> <span class='ocrx_word' id='word_1_756' title='bbox 1026 5280 1236 5342; x_wconf 84' lang='grc' dir='ltr'><em>αὐτοῦ,</em></span> <span class='ocrx_word' id='word_1_757' title='bbox 1267 5281 1365 5334; x_wconf 76' lang='grc' dir='ltr'><em>καὶ</em></span> <span class='ocrx_word' id='word_1_758' title='bbox 1392 5275 1556 5353; x_wconf 76' lang='grc' dir='ltr'><em>ᾖσαν</em></span> <span class='ocrx_word' id='word_1_759' title='bbox 1587 5281 1704 5352; x_wconf 79' lang='grc' dir='ltr'><em>τὴν</em></span> 
     </span>
    </p>
   </div>
   <div class='ocr_carea' id='block_1_102' title="bbox 161 5369 1709 5444">
    <p class='ocr_par' dir='ltr' id='par_1_102' title="bbox 161 5369 1709 5444">
     <span class='ocr_line' id='line_1_102' title="bbox 161 5369 1709 5444; baseline 0.002 -18"><span class='ocrx_word' id='word_1_760' title='bbox 161 5373 362 5427; x_wconf 69' lang='grc' dir='ltr'><em>αἴγεσιν</em></span> <span class='ocrx_word' id='word_1_761' title='bbox 398 5369 605 5426; x_wconf 85' lang='grc' dir='ltr'><em>αὑτοῦ.</em></span> <span class='ocrx_word' id='word_1_762' title='bbox 666 5370 1014 5442; x_wconf 80' lang='grc' dir='ltr'><em>Ἐτάχυναν,</em></span> <span class='ocrx_word' id='word_1_763' title='bbox 1048 5372 1432 5428; x_wconf 72' lang='grc' dir='ltr'><em>’ἐπελάθοντο</em></span> <span class='ocrx_word' id='word_1_764' title='bbox 1461 5373 1580 5428; x_wconf 85' lang='grc' dir='ltr'><em>τῶν</em></span> <span class='ocrx_word' id='word_1_765' title='bbox 1606 5374 1709 5444; x_wconf 66' lang='grc' dir='ltr'><strong>ἕρ³</strong></span> 
     </span>
    </p>
   </div>
   <div class='ocr_carea' id='block_1_103' title="bbox 161 5462 1698 5535">
    <p class='ocr_par' dir='ltr' id='par_1_103' title="bbox 161 5462 1698 5535">
     <span class='ocr_line' id='line_1_103' title="bbox 161 5462 1698 5535; baseline 0.003 -18"><span class='ocrx_word' id='word_1_766' title='bbox 161 5481 259 5535; x_wconf 65' lang='grc' dir='ltr'><strong>νων</strong></span> <span class='ocrx_word' id='word_1_767' title='bbox 295 5462 486 5528; x_wconf 83' lang='grc' dir='ltr'><em>αὐτοῦ,</em></span> <span class='ocrx_word' id='word_1_768' title='bbox 531 5465 646 5535; x_wconf 83' lang='grc' dir='ltr'><strong>οὐχ</strong></span> <span class='ocrx_word' id='word_1_769' title='bbox 694 5463 1023 5534; x_wconf 83' lang='grc' dir='ltr'><em>ὑπέμειναν</em></span> <span class='ocrx_word' id='word_1_770' title='bbox 1056 5465 1174 5535; x_wconf 76' lang='grc' dir='ltr'><em>τὴν</em></span> <span class='ocrx_word' id='word_1_771' title='bbox 1209 5464 1455 5535; x_wconf 71' lang='grc' dir='ltr'><em>,ϐουλὴν</em></span> <span class='ocrx_word' id='word_1_772' title='bbox 1487 5466 1698 5522; x_wconf 83' lang='grc' dir='ltr'><em>αὐτοῦ.</em></span> 
     </span>
    </p>
   </div>
   <div class='ocr_carea' id='block_1_104' title="bbox 164 5555 1698 5632">
    <p class='ocr_par' dir='ltr' id='par_1_104' title="bbox 164 5555 1698 5632">
     <span class='ocr_line' id='line_1_104' title="bbox 164 5555 1698 5632; baseline 0.002 -22"><span class='ocrx_word' id='word_1_773' title='bbox 164 5557 252 5610; x_wconf 78' lang='grc' dir='ltr'><strong>Σὺν</strong></span> <span class='ocrx_word' id='word_1_774' title='bbox 269 5556 333 5629; x_wconf 86' lang='grc' dir='ltr'><em>τῷ</em></span> <span class='ocrx_word' id='word_1_775' title='bbox 355 5557 557 5629; x_wconf 71' lang='grc' dir='ltr'><strong>Μωῠσῇ</strong></span> <span class='ocrx_word' id='word_1_776' title='bbox 581 5555 677 5610; x_wconf 80' lang='grc' dir='ltr'><strong>καὶ</strong></span> <span class='ocrx_word' id='word_1_777' title='bbox 710 5555 921 5629; x_wconf 77' lang='grc' dir='ltr'><em>’Δαρὼν</em></span> <span class='ocrx_word' id='word_1_778' title='bbox 947 5556 1046 5629; x_wconf 81' lang='grc' dir='ltr'><em>τὴν</em></span> <span class='ocrx_word' id='word_1_779' title='bbox 1233 5559 1332 5632; x_wconf 80' lang='grc' dir='ltr'><em>τὴν</em></span> <span class='ocrx_word' id='word_1_780' title='bbox 1355 5560 1415 5613; x_wconf 83' lang='grc' dir='ltr'><em>ὲν</em></span> <span class='ocrx_word' id='word_1_781' title='bbox 1439 5560 1505 5631; x_wconf 78' lang='grc' dir='ltr'><em>τῇ</em></span> <span class='ocrx_word' id='word_1_782' title='bbox 1533 5558 1698 5631; x_wconf 64' lang='grc' dir='ltr'><em>ἐξόδῳ</em></span> 
     </span>
    </p>
   </div>
   <div class='ocr_carea' id='block_1_105' title="bbox 165 5649 1693 5723">
    <p class='ocr_par' dir='ltr' id='par_1_105' title="bbox 165 5649 1693 5723">
     <span class='ocr_line' id='line_1_105' title="bbox 165 5649 1693 5723; baseline 0.003 -22"><span class='ocrx_word' id='word_1_783' title='bbox 165 5649 434 5720; x_wconf 83' lang='grc' dir='ltr'><em>παραυτίκα</em></span> <span class='ocrx_word' id='word_1_784' title='bbox 449 5649 545 5703; x_wconf 77' lang='grc' dir='ltr'><strong>καὶ</strong></span> <span class='ocrx_word' id='word_1_785' title='bbox 556 5649 899 5722; x_wconf 83' lang='grc' dir='ltr'><em>παραχρῆμα</em></span> <span class='ocrx_word' id='word_1_786' title='bbox 923 5649 1228 5721; x_wconf 81' lang='grc' dir='ltr'><em>μεταϐαλλό</em></span> <span class='ocrx_word' id='word_1_787' title='bbox 1233 5667 1384 5722; x_wconf 82' lang='grc' dir='ltr'><em>μενοι</em></span> <span class='ocrx_word' id='word_1_788' title='bbox 1407 5652 1693 5723; x_wconf 83' lang='grc' dir='ltr'><em>ὲτάχυναν,</em></span> 
     </span>
    </p>
   </div>
   <div class='ocr_carea' id='block_1_106' title="bbox 166 5741 989 5815">
    <p class='ocr_par' dir='ltr' id='par_1_106' title="bbox 166 5741 989 5815">
     <span class='ocr_line' id='line_1_106' title="bbox 166 5741 989 5815; baseline 0.001 -20"><span class='ocrx_word' id='word_1_789' title='bbox 166 5742 443 5796; x_wconf 70' lang='grc' dir='ltr'><em>ἐπελάθοντο</em></span> <span class='ocrx_word' id='word_1_790' title='bbox 471 5741 579 5797; x_wconf 81' lang='grc' dir='ltr'><em>τῶν</em></span> <span class='ocrx_word' id='word_1_791' title='bbox 601 5742 777 5815; x_wconf 79' lang='grc' dir='ltr'><em>ἔργων</em></span> <span class='ocrx_word' id='word_1_792' title='bbox 803 5741 989 5796; x_wconf 81' lang='grc' dir='ltr'><em>αὑτοῦ.</em></span> 
     </span>
    </p>
   </div>
   <div class='ocr_carea' id='block_1_107' title="bbox 225 5857 664 5926">
    <p class='ocr_par' dir='ltr' id='par_1_107' title="bbox 225 5857 664 5926">
     <span class='ocr_line' id='line_1_107' title="bbox 225 5857 664 5926; baseline 0.002 -13"><span class='ocrx_word' id='word_1_793' title='bbox 225 5860 262 5891; x_wconf 75' lang='grc' dir='ltr'><strong>τ’</strong></span> <span class='ocrx_word' id='word_1_794' title='bbox 292 5857 435 5916; x_wconf 76' lang='lat' dir='ltr'><strong>Num.</strong></span> <span class='ocrx_word' id='word_1_795' title='bbox 467 5875 578 5926; x_wconf 77' lang='lat' dir='ltr'><strong>xlv,</strong></span> <span class='ocrx_word' id='word_1_796' title='bbox 611 5860 664 5915; x_wconf 80' lang='lat'><strong>3.</strong></span> 
     </span>
    </p>
   </div>
   <div class='ocr_carea' id='block_1_108' title="bbox 1810 4817 3386 4890">
    <p class='ocr_par' dir='ltr' id='par_1_108' title="bbox 1810 4817 3386 4890">
     <span class='ocr_line' id='line_1_108' title="bbox 1810 4817 3386 4890; baseline 0.003 -18"><span class='ocrx_word' id='word_1_797' title='bbox 1810 4817 2228 4889; x_wconf 85' lang='lat' dir='ltr'><strong>spondebimus,</strong></span> <span class='ocrx_word' id='word_1_798' title='bbox 2258 4833 2357 4875; x_wconf 87' lang='lat' dir='ltr'><strong>eos</strong></span> <span class='ocrx_word' id='word_1_799' title='bbox 2398 4831 2509 4874; x_wconf 89' lang='lat' dir='ltr'><strong>non</strong></span> <span class='ocrx_word' id='word_1_800' title='bbox 2566 4832 2636 4872; x_wconf 76' lang='lat' dir='ltr'><strong>es</strong></span> <span class='ocrx_word' id='word_1_801' title='bbox 2677 4831 2912 4874; x_wconf 83' lang='lat' dir='ltr'><strong>numero</strong></span> <span class='ocrx_word' id='word_1_802' title='bbox 2959 4819 3386 4890; x_wconf 89' lang='lat' dir='ltr'><strong>opprimentium</strong></span> 
     </span>
    </p>
   </div>
   <div class='ocr_carea' id='block_1_109' title="bbox 1810 4909 3386 4969">
    <p class='ocr_par' dir='ltr' id='par_1_109' title="bbox 1810 4909 3386 4969">
     <span class='ocr_line' id='line_1_109' title="bbox 1810 4909 3386 4969; baseline 0 -3"><span class='ocrx_word' id='word_1_803' title='bbox 1810 4909 2067 4966; x_wconf 86' lang='lat' dir='ltr'><strong>lsraelem</strong></span> <span class='ocrx_word' id='word_1_804' title='bbox 2119 4910 2310 4967; x_wconf 81' lang='lat' dir='ltr'><strong>fuisse.</strong></span> <span class='ocrx_word' id='word_1_805' title='bbox 2345 4909 2423 4967; x_wconf 90' lang='lat' dir='ltr'><strong>De</strong></span> <span class='ocrx_word' id='word_1_806' title='bbox 2473 4910 2863 4969; x_wconf 83' lang='lat' dir='ltr'><strong>tribulantibus</strong></span> <span class='ocrx_word' id='word_1_807' title='bbox 2936 4919 3120 4968; x_wconf 86' lang='lat' dir='ltr'><strong>autem</strong></span> <span class='ocrx_word' id='word_1_808' title='bbox 3176 4912 3386 4967; x_wconf 91' lang='lat' dir='ltr'><strong>dictum</strong></span> 
     </span>
    </p>
   </div>
   <div class='ocr_carea' id='block_1_110' title="bbox 1809 5000 3388 5062">
    <p class='ocr_par' dir='ltr' id='par_1_110' title="bbox 1809 5000 3388 5062">
     <span class='ocr_line' id='line_1_110' title="bbox 1809 5000 3388 5062; baseline 0.001 -4"><span class='ocrx_word' id='word_1_809' title='bbox 1809 5011 1896 5059; x_wconf 89' lang='lat' dir='ltr'><strong>est</strong></span> <span class='ocrx_word' id='word_1_810' title='bbox 1925 5018 1939 5055; x_wconf 91' lang='lat'>:</span> <span class='ocrx_word' id='word_1_811' title='bbox 1978 5000 2126 5057; x_wconf 87' lang='lat' dir='ltr'><strong>Unus</strong></span> <span class='ocrx_word' id='word_1_812' title='bbox 2151 5019 2218 5058; x_wconf 76' lang='lat' dir='ltr'><strong>ea:</strong></span> <span class='ocrx_word' id='word_1_813' title='bbox 2243 5004 2320 5059; x_wconf 91' lang='lat' dir='ltr'><strong>eis</strong></span> <span class='ocrx_word' id='word_1_814' title='bbox 2353 5019 2458 5058; x_wconf 87' lang='lat' dir='ltr'><strong>non</strong></span> <span class='ocrx_word' id='word_1_815' title='bbox 2509 5004 2785 5060; x_wconf 87' lang='lat' dir='ltr'><strong>remansit.</strong></span> <span class='ocrx_word' id='word_1_816' title='bbox 2849 5003 3209 5062; x_wconf 87' lang='lat' dir='ltr'><strong>Promiscuus</strong></span> <span class='ocrx_word' id='word_1_817' title='bbox 3254 5021 3388 5062; x_wconf 86' lang='lat' dir='ltr'><strong>vero</strong></span> 
     </span>
    </p>
   </div>
   <div class='ocr_carea' id='block_1_111' title="bbox 1809 5090 3387 5166">
    <p class='ocr_par' dir='ltr' id='par_1_111' title="bbox 1809 5090 3387 5166">
     <span class='ocr_line' id='line_1_111' title="bbox 1809 5090 3387 5166; baseline 0.003 -19"><span class='ocrx_word' id='word_1_818' title='bbox 1809 5091 2069 5164; x_wconf 81' lang='lat' dir='ltr'><strong>populus,</strong></span> <span class='ocrx_word' id='word_1_819' title='bbox 2092 5090 2384 5166; x_wconf 71' lang='lat' dir='ltr'><strong>Egyptius</strong></span> <span class='ocrx_word' id='word_1_820' title='bbox 2409 5091 2633 5164; x_wconf 91' lang='lat' dir='ltr'><strong>quidem</strong></span> <span class='ocrx_word' id='word_1_821' title='bbox 2685 5102 2825 5161; x_wconf 85' lang='lat' dir='ltr'><strong>erat,</strong></span> <span class='ocrx_word' id='word_1_822' title='bbox 2854 5093 2952 5150; x_wconf 85' lang='lat' dir='ltr'><strong>sed</strong></span> <span class='ocrx_word' id='word_1_823' title='bbox 3000 5106 3129 5149; x_wconf 84' lang='lat' dir='ltr'><strong>cum</strong></span> <span class='ocrx_word' id='word_1_824' title='bbox 3178 5090 3387 5164; x_wconf 66' lang='lat' dir='ltr'><strong>Moysi.</strong></span> 
     </span>
    </p>
   </div>
   <div class='ocr_carea' id='block_1_112' title="bbox 1804 5184 3098 5249">
    <p class='ocr_par' dir='ltr' id='par_1_112' title="bbox 1804 5184 3098 5249">
     <span class='ocr_line' id='line_1_112' title="bbox 1804 5184 3098 5249; baseline 0.001 -9"><span class='ocrx_word' id='word_1_825' title='bbox 1804 5184 2036 5241; x_wconf 85' lang='lat' dir='ltr'><strong>vocibus</strong></span> <span class='ocrx_word' id='word_1_826' title='bbox 2060 5185 2330 5249; x_wconf 87' lang='lat' dir='ltr'><strong>crederet,</strong></span> <span class='ocrx_word' id='word_1_827' title='bbox 2365 5185 2597 5241; x_wconf 86' lang='lat' dir='ltr'><strong>salutem</strong></span> <span class='ocrx_word' id='word_1_828' title='bbox 2633 5185 2719 5241; x_wconf 79' lang='lat' dir='ltr'><strong>est</strong></span> <span class='ocrx_word' id='word_1_829' title='bbox 2741 5191 3098 5241; x_wconf 89' lang='lat' dir='ltr'><strong>consecutus.</strong></span> 
     </span>
    </p>
   </div>
   <div class='ocr_carea' id='block_1_113' title="bbox 1874 5274 3386 5344">
    <p class='ocr_par' dir='ltr' id='par_1_113' title="bbox 1874 5274 3386 5344">
     <span class='ocr_line' id='line_1_113' title="bbox 1874 5274 3386 5344; baseline -0.001 -13"><span class='ocrx_word' id='word_1_830' title='bbox 1874 5275 2046 5334; x_wconf 71' lang='lat' dir='ltr'><strong>Vsus.</strong></span> <span class='ocrx_word' id='word_1_831' title='bbox 2090 5277 2179 5343; x_wconf 76' lang='lat' dir='ltr'><strong>l2,</strong></span> <span class='ocrx_word' id='word_1_832' title='bbox 2208 5277 2295 5333; x_wconf 71' lang='grc'><strong>15.</strong></span> <span class='ocrx_word' id='word_1_833' title='bbox 2324 5274 2392 5331; x_wconf 87' lang='lat' dir='ltr'><strong>Et</strong></span> <span class='ocrx_word' id='word_1_834' title='bbox 2422 5275 2758 5332; x_wconf 86' lang='lat' dir='ltr'><strong>crediderunt</strong></span> <span class='ocrx_word' id='word_1_835' title='bbox 2786 5277 2940 5332; x_wconf 75' lang='lat' dir='ltr'><strong>verbo</strong></span> <span class='ocrx_word' id='word_1_836' title='bbox 2957 5274 3099 5344; x_wconf 83' lang='lat' dir='ltr'><strong>ejus,</strong></span> <span class='ocrx_word' id='word_1_837' title='bbox 3120 5283 3171 5329; x_wconf 89' lang='lat' dir='ltr'><strong>et</strong></span> <span class='ocrx_word' id='word_1_838' title='bbox 3195 5283 3386 5330; x_wconf 79' lang='lat' dir='ltr'><strong>canta-</strong></span> 
     </span>
    </p>
   </div>
   <div class='ocr_carea' id='block_1_114' title="bbox 1801 5366 3382 5440">
    <p class='ocr_par' dir='ltr' id='par_1_114' title="bbox 1801 5366 3382 5440">
     <span class='ocr_line' id='line_1_114' title="bbox 1801 5366 3382 5440; baseline -0.004 -14"><span class='ocrx_word' id='word_1_839' title='bbox 1801 5378 1986 5426; x_wconf 74' lang='lat' dir='ltr'><strong>mnt</strong></span> <span class='ocrx_word' id='word_1_840' title='bbox 2035 5368 2249 5424; x_wconf 88' lang='lat' dir='ltr'><strong>laudem</strong></span> <span class='ocrx_word' id='word_1_841' title='bbox 2292 5368 2429 5440; x_wconf 83' lang='lat' dir='ltr'><strong>ejus.</strong></span> <span class='ocrx_word' id='word_1_842' title='bbox 2451 5366 2574 5424; x_wconf 84' lang='lat' dir='ltr'><strong>Cito</strong></span> <span class='ocrx_word' id='word_1_843' title='bbox 2619 5368 2876 5437; x_wconf 80' lang='lat' dir='ltr'><strong>fecerunt,</strong></span> <span class='ocrx_word' id='word_1_844' title='bbox 2907 5366 3060 5421; x_wconf 89' lang='lat' dir='ltr'><strong>obliti</strong></span> <span class='ocrx_word' id='word_1_845' title='bbox 3098 5376 3223 5421; x_wconf 86' lang='lat' dir='ltr'><strong>sunt</strong></span> <span class='ocrx_word' id='word_1_846' title='bbox 3261 5382 3382 5436; x_wconf 83' lang='lat' dir='ltr'><strong>ope-</strong></span> 
     </span>
    </p>
   </div>
   <div class='ocr_carea' id='block_1_115' title="bbox 1801 5457 3381 5533">
    <p class='ocr_par' dir='ltr' id='par_1_115' title="bbox 1801 5457 3381 5533">
     <span class='ocr_line' id='line_1_115' title="bbox 1801 5457 3381 5533; baseline -0.001 -16"><span class='ocrx_word' id='word_1_847' title='bbox 1801 5479 1922 5517; x_wconf 82' lang='lat' dir='ltr'><strong>rum</strong></span> <span class='ocrx_word' id='word_1_848' title='bbox 1952 5462 2089 5533; x_wconf 85' lang='lat' dir='ltr'><strong>ejus,</strong></span> <span class='ocrx_word' id='word_1_849' title='bbox 2146 5479 2253 5517; x_wconf 85' lang='lat' dir='ltr'><strong>non</strong></span> <span class='ocrx_word' id='word_1_850' title='bbox 2297 5463 2664 5517; x_wconf 87' lang='lat' dir='ltr'><strong>sustinuerunt</strong></span> <span class='ocrx_word' id='word_1_851' title='bbox 2719 5460 3000 5516; x_wconf 88' lang='lat' dir='ltr'><strong>consilium</strong></span> <span class='ocrx_word' id='word_1_852' title='bbox 3057 5460 3196 5530; x_wconf 84' lang='lat' dir='ltr'><strong>ejus.</strong></span> <span class='ocrx_word' id='word_1_853' title='bbox 3239 5457 3381 5516; x_wconf 82' lang='lat' dir='ltr'><strong>Cum</strong></span> 
     </span>
    </p>
   </div>
   <div class='ocr_carea' id='block_1_116' title="bbox 1805 5550 3382 5627">
    <p class='ocr_par' dir='ltr' id='par_1_116' title="bbox 1805 5550 3382 5627">
     <span class='ocr_line' id='line_1_116' title="bbox 1805 5550 3382 5627; baseline -0.003 -16"><span class='ocrx_word' id='word_1_854' title='bbox 1805 5554 1992 5627; x_wconf 79' lang='lat' dir='ltr'><strong>Moyse</strong></span> <span class='ocrx_word' id='word_1_855' title='bbox 2035 5562 2090 5610; x_wconf 92' lang='lat' dir='ltr'><strong>et</strong></span> <span class='ocrx_word' id='word_1_856' title='bbox 2117 5554 2297 5610; x_wconf 80' lang='lat' dir='ltr'><strong>Aaron</strong></span> <span class='ocrx_word' id='word_1_857' title='bbox 2322 5555 2377 5610; x_wconf 92' lang='lat' dir='ltr'><strong>in</strong></span> <span class='ocrx_word' id='word_1_858' title='bbox 2398 5556 2546 5612; x_wconf 72' lang='lat' dir='ltr'><strong>exitu</strong></span> <span class='ocrx_word' id='word_1_859' title='bbox 2573 5553 2850 5610; x_wconf 84' lang='lat' dir='ltr'><strong>canticum</strong></span> <span class='ocrx_word' id='word_1_860' title='bbox 2901 5550 3254 5617; x_wconf 84' lang='lat' dir='ltr'><strong>cecinerunt;</strong></span> <span class='ocrx_word' id='word_1_861' title='bbox 3281 5551 3382 5606; x_wconf 81' lang='lat' dir='ltr'><strong>sed</strong></span> 
     </span>
    </p>
   </div>
   <div class='ocr_carea' id='block_1_117' title="bbox 1803 5645 3388 5720">
    <p class='ocr_par' dir='ltr' id='par_1_117' title="bbox 1803 5645 3388 5720">
     <span class='ocr_line' id='line_1_117' title="bbox 1803 5645 3388 5720; baseline 0.001 -19"><span class='ocrx_word' id='word_1_862' title='bbox 1803 5647 2212 5720; x_wconf 85' lang='lat' dir='ltr'><strong>quamprimum</strong></span> <span class='ocrx_word' id='word_1_863' title='bbox 2237 5656 2293 5707; x_wconf 92' lang='lat' dir='ltr'><strong>et</strong></span> <span class='ocrx_word' id='word_1_864' title='bbox 2339 5649 2526 5709; x_wconf 87' lang='lat' dir='ltr'><strong>statim</strong></span> <span class='ocrx_word' id='word_1_865' title='bbox 2550 5646 2841 5714; x_wconf 81' lang='lat' dir='ltr'><strong>immutati,</strong></span> <span class='ocrx_word' id='word_1_866' title='bbox 2881 5645 3040 5703; x_wconf 84' lang='lat' dir='ltr'><strong>obliti</strong></span> <span class='ocrx_word' id='word_1_867' title='bbox 3082 5652 3212 5705; x_wconf 78' lang='lat' dir='ltr'><strong>sunt</strong></span> <span class='ocrx_word' id='word_1_868' title='bbox 3247 5658 3388 5718; x_wconf 77' lang='lat' dir='ltr'><strong>opo-</strong></span> 
     </span>
    </p>
   </div>
   <div class='ocr_carea' id='block_1_118' title="bbox 1801 5755 2098 5812">
    <p class='ocr_par' dir='ltr' id='par_1_118' title="bbox 1801 5755 2098 5812">
     <span class='ocr_line' id='line_1_118' title="bbox 1801 5755 2098 5812; baseline 0 -15"><span class='ocrx_word' id='word_1_869' title='bbox 1801 5755 1925 5797; x_wconf 84' lang='lat' dir='ltr'><strong>rum</strong></span> <span class='ocrx_word' id='word_1_870' title='bbox 1949 5755 2098 5812; x_wconf 67' lang='lat' dir='ltr'><strong>ejus.</strong></span> 
     </span>
    </p>
   </div>
   <div class='ocr_carea' id='block_1_119' title="bbox 739 5859 2041 5929">
    <p class='ocr_par' dir='ltr' id='par_1_119' title="bbox 739 5859 2041 5929">
     <span class='ocr_line' id='line_1_119' title="bbox 739 5859 2041 5929; baseline -0.001 -13"><span class='ocrx_word' id='word_1_871' title='bbox 739 5861 783 5892; x_wconf 86' lang='lat'><strong>&quot;</strong></span> <span class='ocrx_word' id='word_1_872' title='bbox 826 5859 997 5918; x_wconf 80' lang='lat' dir='ltr'><strong>Exod.</strong></span> <span class='ocrx_word' id='word_1_873' title='bbox 1035 5876 1147 5929; x_wconf 73' lang='lat' dir='ltr'><strong>xiv,</strong></span> <span class='ocrx_word' id='word_1_874' title='bbox 1184 5860 1271 5928; x_wconf 84' lang='lat' dir='ltr'><strong>ll,</strong></span> <span class='ocrx_word' id='word_1_875' title='bbox 1306 5862 1396 5918; x_wconf 67' lang='grc' dir='ltr'><strong>ιε.</strong></span> <span class='ocrx_word' id='word_1_876' title='bbox 1470 5861 1518 5896; x_wconf 83' lang='lat'>&quot;</span> <span class='ocrx_word' id='word_1_877' title='bbox 1557 5859 1705 5917; x_wconf 86' lang='lat' dir='ltr'><strong>Psal.</strong></span> <span class='ocrx_word' id='word_1_878' title='bbox 1742 5872 1915 5928; x_wconf 70' lang='lat' dir='ltr'><strong>cum,</strong></span> <span class='ocrx_word' id='word_1_879' title='bbox 1951 5861 2041 5915; x_wconf 78' lang='grc'><strong>10.</strong></span> 
     </span>
    </p>
   </div>
   <div class='ocr_carea' id='block_1_120' title="bbox 20 6496 3878 7142">
    <p class='ocr_par' dir='ltr' id='par_1_120' title="bbox 25 6496 3876 7138">
     <span class='ocr_line' id='line_1_120' title="bbox 25 6496 3876 7138; baseline 0.01 -31"><span class='ocrx_word' id='word_1_880' title='bbox 25 6496 3876 7138; x_wconf 74' lang='lat' dir='ltr'><strong>n-</strong></span> 
     </span>
    </p>
   </div>
  </div>
