3954 7146
590 357 734 414 1516

1294 354 1560 411 EUSEBII
1592 348 2074 410 CESARIENSIS
2097 348 2168 404 Ol

2289 348 2470 405 mus
2507 335 2596 404 in.
2625 379 2695 391 -
2725 343 3134 406 exscmcs.
3777 349 3872 402 is.

663 473 832 530 Vens.
875 469 1064 529 ιιι-ιε.
1103 473 1168 527 Et
1199 475 1580 540 concupierunt
1605 471 2084 539 concupiscentiam
2113 470 2167 522 in

2341 470 2452 525 Kal
2497 471 2886 540 ἐπεθύμησαν
2931 471 3252 540 ἐπιθυμίαν
3285 473 3361 525 ἐν
3387 470 3472 539 τῇ
3503 468 3784 540 ἐρήμῳ,
3821 491 3870 522 ιε

591 571 824 631 deserto,
853 578 904 621 et
930 576 1261 621 tentaverunt
1315 565 1485 618 Deum
1518 565 1570 617 in
1613 565 1888 633 inaquoso.
1927 560 1992 615 Et
2027 561 2171 615 dedit

591 661 669 714 eis
697 660 1004 730 petitionem
1036 659 1293 726 ipsorum,
1312 669 1362 711 et
1400 657 1548 709 misit
1593 655 1932 710 saturitatem
1965 655 2022 707 in
2059 659 2172 706 ani-

593 770 711 807 mas
738 767 943 806 eorum.
975 749 1045 803 Et
1083 751 1426 803 irritaverant
1475 747 1698 819 Moysen
1739 749 1795 801 in
1829 747 2047 810 castris,
2069 747 2172 798 Aa-

593 862 714 909 ron,
739 853 980 897 sanctum
1012 841 1244 896 Domini.
1271 841 1504 906 Quando
1537 848 1888 895 tentaverunt
1911 838 2077 894 Deum
2115 839 2169 892 in

593 937 886 1007 inaquoso,
907 935 1012 989 etsi
1062 933 1456 988 tentationibus
1515 931 1606 986 ille
1651 945 1762 985 non
1814 939 2015 1000 pateat,
2044 944 2170 984 cum

593 1029 924 1098 injuriarum
954 1025 1241 1079 immemor
1270 1025 1362 1086 sit.
1401 1038 1510 1077 non
1543 1023 1692 1077 ultus
1741 1037 1859 1084 eos,
1895 1020 2045 1075 dedit
2089 1021 2170 1074 eis

591 1119 910 1192 petitionem
947 1117 1212 1187 ipsorum.
1236 1114 1378 1181 Quin
1419 1115 1584 1168 etiam
1622 1129 1748 1168 cum
1777 1113 2173 1168 exacerbarent

590 1226 717 1267 eum
749 1209 1110 1265 ascendentes
1155 1207 1212 1261 in
1262 1220 1414 1282 mare
1461 1203 1732 1268 Rubrum,
1763 1213 1895 1258 tunc
1929 1204 2172 1258 ostendit

590 1303 675 1358 eis
705 1300 1002 1364 potentiam
1033 1312 1190 1352 suam
1227 1315 1240 1350 :
1270 1311 1395 1350 cum
1419 1303 1602 1349 autem
1633 1294 1990 1348 irritaverunt
2022 1291 2173 1364 Moy-

592 1409 691 1450 seu
717 1401 773 1449 et
803 1393 984 1446 Aaron
1021 1392 1078 1445 in
1132 1390 1352 1451 castris,
1376 1397 1510 1443 tunc
1563 1395 1754 1458 aperta
1809 1394 1896 1440 est
1923 1394 2091 1448 terra,
2116 1393 2172 1439 et

590 1486 878 1558 deglutivit
906 1500 1002 1540 eos
1037 1503 1050 1539 :
1082 1498 1192 1539 non
1215 1482 1501 1553 Oportebat
1523 1481 1672 1536 enim
1705 1478 1942 1533 famulos
1995 1478 2170 1548 ipsius

591 1578 892 1634 contemni.
927 1574 1037 1631 Sed
1095 1575 1226 1645 quia
1283 1573 1502 1629 bonitas
1547 1579 1603 1626 et
1679 1570 1948 1625 severitas
2003 1584 2170 1638 penes

593 1670 748 1724 illum
775 1674 936 1732 sunt,
968 1666 1145 1736 primo
1169 1664 1561 1734 benignitatem
1585 1661 1835 1717 exhibuit
1862 1662 2009 1728 illis;
2043 1677 2168 1716 cum

591 1768 777 1815 autem
823 1759 960 1813 nihil
1015 1757 1302 1828 prodesset
1355 1756 1456 1819 eis,
1485 1763 1890 1824 consequenter
1917 1754 2168 1809 ultricem

2273 561 2606 631 ἐπείρασαν
2645 565 2753 617 τὸν
2792 563 2943 617 Θεὸν
2979 564 3052 617 ὲν
3079 563 3336 631 ἀνύδρῳ.
3372 566 3492 618 Καὶ
3526 564 3806 618 ἔδωκεν
3827 587 3846 610 ο

2276 657 2400 723 τοῖς
2435 657 2502 711 τὸ
2547 657 2767 726 altrum
2805 657 3025 721 αὐτῶν,
3063 657 3462 721 ἐξαπέστειλε
3503 661 3618 711 1-1
3629 673 3854 725 ηε-μῖγη

2273 751 2363 815 εἰς
2387 749 2494 814 τὰς
2523 749 2727 817 ψυχὰς
2757 748 2975 802 αὐτῶν.
3009 751 3116 804 Kal
3147 750 3531 818 παρώξυναν
3573 750 3722 802 τάν
3765 748 3850 801 Ι..
3879 787 3882 790 .

2275 839 2402 908 σῆν
2447 839 2518 892 ὲν
2566 838 2643 907 τῇ
2691 839 3058 908 παρεμϐολῇ,
3107 841 3215 895 τὸν
3270 842 3528 909 Ἀαρὼν,
3571 841 3724 893 τίν
3765 839 3846 906 ἅτ

2276 933 2521 999 Κυρίου.
2552 932 2682 984 Ὀτε
2733 931 2833 1002 μὲν
2875 931 2968 984 τὸν
3001 932 3132 985 Θεὸν
3173 933 3486 1005 ἐπείρασαν
3535 935 3618 985 ὲν

2274 1022 2627 1093 ἀπείραστος,
2657 1020 2734 1073 ὢν
2763 1023 3161 1093 ἀμνησίκακος,
3202 1024 3302 1076 οὐκ
3342 1024 3800 1093 ἀμιψὲμενδς
3839 1043 3888 1076 a

2275 1112 2402 1174 τοὺς
2433 1111 2631 1163 ἔδωκεν
2661 1111 2844 1176 αὐτοῖς
2875 1113 2937 1166 τὸ
2967 1111 3177 1184 αἴτημα
3199 1114 3410 1167 αὐτῶν.
3463 1114 3676 1166 ’Δλὶέι
3715 1117 3820 1164 καὶ
3847 1119 3874 1164 '.-

2276 1205 2697 1276 παρεπίκραναν
2727 1204 3107 1269 ἀναϐαίνοντες
3133 1207 3192 1259 ἐν
3220 1211 3286 1278 τῇ
3322 1207 3590 1280 Ἐρυθρᾷ
3635 1206 3878 1259 612.3:-

2275 1298 2373 1352 καὶ
2397 1298 2518 1350 τότε
2551 1297 2848 1368 ἐγνώρισεν
2871 1299 3055 1362 αὐτοῖς
3079 1300 3177 1370 τὴν
3197 1299 3542 1352 δυναστείαν
3575 1299 3812 1351 aio-:9}
3845 1303 3890 1350 it

2273 1390 2333 1443 δὲ
2363 1391 2722 1462 παρώργισαν
2749 1392 2839 1444 τὸν
2865 1389 3105 1462 Μωῦσῆν
3144 1391 3240 1444 (καὶ
3282 1393 3378 1445 τὸν
3437 1392 3706 1460 lapsi-xv
3767 1393 3824 1442 ἐν
3861 1399 3890 1422 -’

2276 1481 2617 1553 παρεμϐολῇ,
2665 1481 2727 1534 τὸ
2767 1482 3072 1551 τηνικαῦτα
3118 1482 3341 1554 ἠνοίχθη
3376 1484 3418 1554 ἡ
3459 1487 3567 1554 τῆ,
3601 1484 3744 1536 καὶ
3777 1503 3878 1536 13-;

2277 1591 2400 1627 πιεν
2425 1574 2642 1638 αὐτούς·
2674 1576 2775 1628 οὐκ
2803 1575 2912 1628 ἔδει
2948 1575 3057 1647 γὰρ
3101 1577 3620 1648 καταφρονηθῆναι
3667 1579 3820 1638 77;;
3849 1581 3868 1604 λ

2277 1665 2574 1739 ρὰποντας.
2630 1666 2793 1720 Ἀλλὰ
2841 1668 2936 1720 καὶ
2979 1666 3209 1738 ἐπείπερ
3249 1669 3588 1740 χρηστότης
3645 1671 3798 1720 ἐστὶ
3841 1691 3884 1721 :

2276 1755 2549 1827 ἀποτομία
2579 1757 2704 1828 παρ’
2729 1757 2897 1828 αὐτῷ,
2933 1757 3124 1828 πρῶτα
3156 1758 3222 1811 τὰ
3247 1758 3347 1828 τῆς
3379 1759 3822 1828 χρηστότητος
3843 1779 3886 1809 ελ

593 1852 860 1907 medelam
903 1850 1039 1920 ipsis
1086 1847 1340 1912 adhibet;
1373 1861 1543 1916 quare
1590 1845 1780 1899 subdit
1809 1863 1824 1899 :
1853 1844 2056 1913 Aperta
2087 1851 2168 1897 est

2273 1853 2382 1913 τοῖς
2406 1850 2734 1922 παρέσχετο”
2766 1850 2842 1914 ὡς
2874 1850 2932 1903 δὲ
2958 1851 3060 1902 οὑκ
3088 1849 3293 1904 ὤναντο
3315 1851 3384 1903 δι’
3421 1853 3648 1922 a’nﬁq,

595 1952 760 2005 terra,
807 1951 856 1995 et
888 1940 1164 2009 deglutivit
1215 1937 1454 2003 Datltan,
1476 1946 1526 1991 et
1574 1936 1779 2005 operuit
1826 1951 1983 2004 super
2014 1944 2172 2002 caput

596 2034 816 2088 Abiron.
863 2031 932 2085 Et
955 2031 1156 2085 exarsit
1186 2029 1323 2100 ignis
1349 2030 1402 2082 in
1425 2045 1692 2099 synagoga
1713 2045 1917 2094 eorum,
1949 2028 2173 2097 ﬂamma

592 2123 880 2178 combussit
930 2131 1253 2191 peccatores.
1304 2118 1529 2191 Moysen
1577 2120 1762 2188 itaque
1815 2118 2173 2174 irritaverunt

594 2216 808 2270 Dathan
830 2223 883 2268 et
911 2213 1118 2267 Abiron
1138 2212 1386 2268 dicentes
1427 2230 1442 2267 :
1483 2209 1633 2264 Num
1665 2208 1844 2280 Moysi
1876 2210 1978 2264 soli
2020 2210 2174 2264 locu-

595 2318 679 2361 tus
709 2315 788 2362 est
823 2306 984 2371 Deus,
1026 2320 1197 2359 nonne
1232 2305 1394 2359 etiam
1438 2303 1690 2358 nobis"?
1727 2305 2000 2357 Aaronem
2044 2317 2175 2356 vero

591 2400 735 2455 Core
765 2406 821 2453 et
847 2408 1025 2453 coetus
1076 2397 1246 2462 illius,
1295 2396 1476 2466 ignem
1519 2396 1785 2460 alienum,
1813 2403 1869 2451 et
1902 2395 2172 2450 sacriﬁcia

591 2491 706 2548 Deo
731 2492 854 2545 loco
883 2489 1232 2546 sacerdotum
1250 2487 1450 2543 ot'lerre
1473 2486 1616 2550 ausi,
1659 2487 2036 2541 irritaverunt.
2065 2484 2174 2540 Sed

590 2597 689 2639 eos
713 2583 805 2653 qui
828 2588 1019 2637 contra
1048 2578 1271 2650 Moysen
1294 2578 1465 2633 locuti
1495 2576 1738 2642 fuerant,
1767 2575 1982 2630 Dathan
2020 2576 2176 2632 scili-

592 2683 683 2731 cet
706 2689 832 2730 cum
866 2681 986 2728 toto
1018 2687 1216 2744 genere
1243 2685 1345 2725 suo
1377 2669 1568 2734 hians,
1590 2676 1740 2724 terra
1780 2669 2085 2740 deglutivit,
2117 2677 2173 2724 et

592 2767 812 2839 operuit
868 2779 1035 2835 super
1082 2761 1565 2833 congregationem
1605 2761 1848 2826 Abiron;
1880 2759 2023 2816 Core
2070 2775 2169 2815 au-

590 2868 703 2916 tem
732 2867 789 2914 et
808 2874 906 2914 eos
933 2857 1028 2927 qui
1059 2871 1188 2911 cum
1217 2855 1314 2910 illo
1339 2855 1565 2910 incensa
1596 2868 1695 2910 sua
1719 2853 1957 2908 oblaturi
1986 2863 2166 2921 erant,

589 2951 810 3005 ﬂamma
837 2947 908 3003 de
934 2945 1288 3002 tabernaculo
1321 2944 1580 3016 prodiens
1599 2944 1923 2998 combussit.

589 3044 722 3118 βάν
757 3043 852 3097 τδν
903 3042 960 3097 δὲ
1003 3042 1148 3112 Κορὲ
1198 3040 1293 3095 καὶ
1341 3040 1468 3102 τοὺς
1496 3038 1593 3092 σὺν
1614 3036 1764 3108 αὐτῷ
1787 3037 2084 3109 μέλλοντας
2115 3043 2446 3115 προσφέρειν
2485 3048 2556 3099 τὰ
2605 3045 2944 3120 θυμιατήρια
2983 3047 3164 3100 αυτῶν
3209 3048 3342 3117 φλὸξ
3381 3049 3501 3102 ἀπὸ
3535 3051 3652 3121 τῆς
3687 3049 3862 3118 σκηνῇ

590 3141 932 3218 προελθοῦσα
967 3137 1318 3208 κατέφλεξεν.

661 3235 830 3291 Vsus.
869 3234 1048 3290 19-51.
1097 3233 1165 3288 Et
1205 3231 1441 3300 fecerunt
1495 3229 1722 3284 vitulum
1767 3231 1822 3286 in
1871 3229 2163 3295 Cltoreb,et

2336 3230 2445 3286 Kal
2475 3231 2775 3301 ἐποίησαν
2801 3229 3042 3302 μόσχον
3064 3232 3135 3286 ἐν
3158 3225 3385 3302 Χωρὴϐ,
3422 3233 3536 3286 καὶ
3568 3242 3858 3304 προσετί-

587 3331 945 3386 adoraverunt
989 3324 1254 3394 sculptile,
1279 3332 1328 3377 et
1372 3331 1706 3377 mutaverunt
1740 3323 1970 3393 gloriam
2011 3339 2168 3376 suam

589 3425 646 3478 in
696 3418 1100 3476 similitudinem
1133 3417 1284 3472 vituli
1349 3415 1670 3471 comedentis
1739 3415 1939 3485 fenum.
2002 3414 2170 3471 Obliti

589 3521 714 3568 sunt
767 3511 936 3566 Deum
974 3512 1065 3580 qui
1133 3507 1357 3562 salvavit
1410 3524 1522 3571 eos,
1557 3508 1648 3578 qui
1680 3506 1806 3576 fecit
1856 3524 2050 3576 magna
2110 3508 2168 3560 in

590 3603 846 3676 Egypto,
873 3602 1142 3656 mirabilia
1170 3602 1226 3654 in
1256 3611 1399 3654 terra
1425 3598 1617 3665 Citam,
1643 3599 1906 3654 terribilia
1933 3600 1990 3653 in
2029 3600 2168 3653 mari

590 3696 790 3752 Rubro.
833 3694 900 3749 Et
922 3696 1059 3749 dixit
1103 3704 1160 3747 ut
1197 3692 1520 3762 disperderet
1559 3709 1668 3757 eos,
1699 3693 1805 3746 nisi
1839 3691 2050 3763 Moyses
2070 3693 2169 3747 ele-

589 3799 706 3843 ctus
729 3789 846 3858 ejus
872 3788 1124 3847 stetisset,
1157 3786 1213 3838 in
1236 3784 1599 3853 confractione
1629 3786 1682 3837 in
1724 3794 1998 3852 conspectu
2023 3784 2162 3853 ejus,

592 3892 651 3936 ut
677 3889 929 3935 averteret
947 3881 1086 3934 iram
1107 3879 1220 3949 ejus
1237 3895 1302 3932 ne
1316 3877 1638 3946 disperderet
1667 3893 1776 3942 eos,
1803 3887 1851 3930 et
1875 3892 1969 3945 pro
2001 3877 2165 3931 nihilo

596 3974 893 4029 habuerunt
941 3981 1138 4026 terram
1184 3968 1610 4038 desiderabilem.
1661 3967 1785 4022 Non
1829 3968 2165 4023 crediderunt

589 4065 743 4121 verbo
771 4065 911 4134 ejus,
942 4072 992 4118 et
1027 4070 1491 4117 murmuraverunt
1539 4061 1592 4114 in
1626 4059 1982 4115 tabernaculis
2027 4061 2164 4125 suis,

591 4175 697 4214 non
729 4156 1083 4214 exaudierunt
1111 4171 1286 4210 vocem
1329 4154 1567 4209 Domini.
1601 4152 1669 4207 Et
1703 4153 1920 4208 elevavit
1949 4168 2168 4206 manum

589 4268 742 4307 suam
778 4266 935 4319 super
960 4265 1070 4313 eos,
1097 4257 1155 4302 ut
1180 4255 1530 4316 prosterneret
1560 4264 1648 4300 eos
1689 4247 1744 4300 in
1773 4243 1999 4310 deserto,
2029 4255 2077 4300 et
2108 4254 2164 4299 ut

586 4343 836 4414 dejiceret
860 4357 1036 4396 semen
1057 4355 1237 4395 eorum
1289 4338 1345 4392 in
1388 4336 1714 4402 nationibus,
1746 4346 1796 4391 et
1847 4336 2163 4406 dispergeret

586 4453 677 4492 eos
706 4437 760 4489 in
813 4433 1136 4504 regionibus.
1194 4429 1265 4485 Et
1319 4430 1519 4484 initiati
1577 4439 1698 4483 sunt
1737 4428 2075 4499 Beelpltegor,
2113 4437 2164 4482 et

586 4528 922 4586 comederunt
967 4525 1237 4595 sacriﬁcia
1289 4531 1644 4577 mortuorum.
1697 4520 1766 4576 Et
1817 4523 2164 4576 irritaverant

2275 1941 2384 2006 Θως
2417 1941 2740 2013 καταλλήλῳ
2787 1941 3111 2013 μετέρχεται
3150 1942 3346 2005 αὐτοὺς
3387 1945 3732 2013 ᾳαρμὰκῳ
3775 1963 3876 1994 1:..-

2278 2034 2502 2104 στηρϋρ·
2554 2034 2830 2103 Ἠνοίχθη
2864 2034 2904 2101 ή
2937 2031 3040 2103 γῆ,
3074 2034 3170 2087 καὶ
3209 2035 3466 2088 κατέπιε
3515 2037 3784 2096 Δαθὰν,
3827 2057 3874 2086 κ

2275 2125 2590 2193 ἐκάλυψεν
2626 2125 2725 2178 ἐπὶ
2771 2124 2886 2191 τὴν
2954 2121 3233 2194 κεφαλὴν
3282 2124 3601 2192 Ἆϐειμὶρν.
3829 2145 3848 2174 -;

2282 2219 2510 2284 εκαύθη
2536 2215 2656 2284 πῦρ
2687 2217 2757 2270 ὲν
2791 2215 2866 2284 τῇ
2903 2215 3224 2285 συναγωγῇ
3243 2215 3480 2279 αὐτῶν,
3514 2215 3706 2284 ρλέξ
3751 2235 3870 2267 zz."-

2277 2308 2505 2378 φλεξεν
2531 2309 2939 2378 ἁμαρτωλούς.
2975 2310 3215 2379 Μωῦσῆν
3249 2308 3348 2378 μὲν
3376 2304 3484 2362 οὖν
3521 2309 3866 2380 stupeﬁat:

2277 2403 2330 2455 oi
2360 2402 2488 2468 περὶ
2524 2402 2702 2456 Δαθὰν
2745 2401 2844 2455 καὶ
2894 2400 3154 2474 ’Δὸειρὼν
3181 2403 3455 2465 εἰπόντεςο
3495 2401 3610 2470 Μὴ
3659 2405 3860 2456 Mai-~-

2270 2490 2440 2559 μόνῳ
2473 2490 2820 2560 λελάληκεν
2858 2494 2894 2545 ό
2935 2492 3102 2558 Θεὸς,
3148 2490 3285 2562 οὐχι
3335 2494 3446 2546 καὶ
3484 2493 3698 2561 mir;
3741 2495 3872 2545 τὶνζ

2288 2580 2497 2653 Ἀαρὼν
2525 2583 2673 2654 Κορὲ
2706 2584 2858 2654 καὶὴ
2903 2584 3196 2656 συναγωγὴ
3233 2583 3401 2638 αὑτοῦ
3433 2585 3570 2656 πῦρ
3611 2586 3874 2656 ἀὶὲτμῑ

2274 2677 2668 2746 προσαγαγεῖν,
2698 2676 2792 2729 καί
2818 2675 3010 2740 θυσίας
3035 2677 3112 2747 τῷ
3137 2676 3256 2747 Θεῷ
3275 2679 3333 2730 ὲν
3361 2676 3538 2749 χώρᾳ⁵
3563 2677 3688 2731 τῶν
3719 2681 3872 2746 ἱερειεε

2273 2765 2662 2837 τολμήσαντες,
2698 2766 3231 2839 παρώργισανοάλλὰ
3263 2770 3389 2834 τοὺς
3431 2770 3554 2840 μὲν
3589 2771 3873 2824 sereniss-
3899 2791 3914 2840 ί

2277 2873 2478 2921 σαντας
2502 2858 2598 2912 τοῦ
2622 2859 2920 2925 Μωῦσέως,
2947 2859 3038 2914 τὸν
3056 2860 3232 2913 Δαθὰν
3261 2863 3548 2930 παγγενεῖ
3575 2861 3870 2933 ἀνοιχθεῇ

2273 2949 2307 3019 ἡ
2339 2950 2410 3021 γῆ
2434 2951 2682 3015 κατέπιε,
2707 2953 2802 3004 καὶ
2817 2951 3086 3022 ἐκάλυψεν
3111 2954 3203 3005 ἐπὶ
3226 2953 3325 3024 τὴν
3341 2956 3710 3026 συναγωγὴν
3743 2955 3868 3006 ’Δίε-

2275 3341 2474 3393 νησαν
2500 3325 2580 3391 τῷ
2604 3325 2869 3396 γλυπτῷ,
2893 3327 2991 3380 καὶ
3018 3325 3362 3394 ἠλλάξαντο
3391 3326 3516 3394 τὴν
3544 3328 3762 3394 δόξω-
3789 3335 3862 3384 αξι-

2273 3417 2380 3471 τοῦ
2399 3418 2470 3471 ἐν
2489 3417 2804 3488 ὁμοιώματι
2822 3419 3063 3488 μόσχου
3085 3420 3397 3486 ἐσθίοντος
3421 3422 3696 3490 χόρτον.
3747 3426 3859 3478 ἐτξ

2272 3510 2529 3565 λάθοντο
2579 3509 2686 3565 τοῦ
2743 3512 2890 3566 Θεοῦ
2947 3511 3056 3566 τοῦ
3111 3510 3405 3580 σώζοντος
3453 3517 3738 3584 αὐτοὺς,

2275 3601 2646 3669 ποιήσαντος
2666 3602 2900 3673 μεγάλα
2925 3604 2996 3656 ἐν
3024 3604 3319 3673 Αἰγύπτῳ,
3348 3607 3680 3674 θαυμάσια
3713 3611 3787 3662 ἐν
3811 3609 3860 3676 ἦ

2273 3693 2423 3763 Kay,
2466 3694 2685 3763 φοϐερὰ
2729 3694 2830 3748 ἐπὶ
2870 3694 3188 3763 θαλάσσης
3234 3696 3541 3764 Ἐρυθρᾶς.
3593 3703 3717 3755 Kal
3767 3699 3856 3754 sia:

2273 3787 2380 3840 τοῦ
2407 3787 2837 3856 ἐξολοθρεῦσαι
2867 3788 3111 3854 αὐτοὺς,
3141 3789 3194 3842 el
3219 3785 3306 3857 μὴ
3332 3789 3614 3859 Μωῦσῆς
3644 3798 3685 3848 ὀ
3714 3797 3856 3848 em-

2273 3804 2380 3840 του
2407 3801 2837 3856 ειςολοσρευσαι
2867 3801 3111 3854 aurove,
3141 3801 3194 3842 et
3219 3801 3306 3857 μη
3332 3801 3614 3859 Μωῠσης
3644 3801 3685 3848 r3
3714 3801 3856 3848 ἐκλεο

2272 3881 2414 3947 κτὸς
2451 3879 2636 3934 αὐτοῦ
2679 3882 2829 3947 ἔστη
2871 3879 2941 3933 ἐν
2976 3879 3052 3948 τῇ
3085 3881 3330 3948 θραύσει
3357 3882 3640 3937 ἐνώπιον
3664 3889 3856 3941 αὐτίκ’.

2272 3971 2380 4026 τοῦ
2413 3970 2790 4040 ἀποστρέψαι
2820 3971 2928 4026 τὸν
2954 3970 3146 4042 θυμὸν
3177 3973 3363 4027 αὑτοῦ
3394 3974 3504 4028 τοῦ
3524 3977 3630 4045 μὴ
3663 3980 3856 4043 ἐξςλςι

2272 4063 2519 4134 θρεῦσαι
2550 4062 2792 4128 αὐτοὺς,
2827 4063 2924 4116 καὶ
2961 4062 3380 4127 ἐξουδένωσαν
3413 4059 3532 4134 γῆν
3571 4067 3854 4139 ἐπιθυμη-

2272 4155 2405 4222 τήν.
2439 4157 2558 4209 Οὐκ
2586 4154 2962 4207 ἐπίστευσαν
3001 4151 3080 4219 τῷ
3119 4155 3278 4223 λόγῳ
3306 4156 3516 4221 αὑτοῦ,
3553 4160 3670 4212 καὶ
3711 4161 3856 4230 ἐτέτ-

2272 4263 2469 4318 γυσαν
2486 4247 2556 4299 ἐν
2573 4246 2696 4312 τοῖς
2707 4245 3099 4314 σκηνώμασιν
3113 4247 3332 4310 αὐτῶν,
3351 4251 3462 4302 οὐκ
3475 4252 3854 4319 εἰσήκωεσω

2272 4339 2379 4408 τῆς
2407 4339 2613 4410 φωνῆς
2645 4339 2891 4407 Κυρίου.
2936 4340 3047 4392 Kal
3088 4339 3274 4410 ἐπῇρε
3312 4343 3426 4410 τὴν
3465 4345 3654 4413 χεῖρα
3687 4347 3856 4403 esi-rci-

2272 4435 2362 4488 ἐπ’
2391 4432 2633 4498 αὐτοὺς,
2659 4430 2768 4486 τοῦ
2797 4430 3153 4485 καταϐαλεῖν
3178 4432 3400 4500 αὐτοὺς
3437 4433 3510 4487 ἐν
3539 4436 3634 4506 τῇ
3657 4440 3856 4510 ἐρτῃιιει

3899 2819 3920 3774 l

2271 3971 2380 4026 τοῦ
2413 3970 2790 4040 ἀποστρέψαι
2820 3971 2928 4026 τὸν
2954 3970 3146 4042 θυμὸν
3177 3973 3363 4027 αὑτοῦ
3394 3974 3504 4028 τοῦ
3524 3977 3630 4045 μὴ
3663 3980 3856 4043 ἐξελί-

2272 4063 2519 4134 θρεῦσαι
2550 4062 2792 4128 αὐτοὺς,
2827 4063 2924 4116 καὶ
2961 4062 3380 4127 ἐξουδένωσαν
3413 4059 3532 4134 γῆν
3571 4067 3854 4139 ἐπιθυμη-

2271 4155 2405 4222 τήν.
2439 4157 2558 4209 Οὐκ
2586 4154 2962 4207 ἐπίστευσαν
3001 4151 3080 4219 τῷ
3119 4155 3278 4223 λόγῳ
3306 4156 3516 4221 αὑτοῦ,
3553 4160 3670 4212 καὶ
3711 4161 3856 4230 ἐτέτ-

2271 4263 2469 4318 γυσαν
2486 4247 2556 4299 ἐν
2573 4246 2696 4312 τοῖς
2707 4245 3099 4314 σκηνώμασιν
3113 4247 3332 4310 αὐτῶν,
3351 4251 3462 4302 οὐκ
3475 4252 3854 4319 εἰσήκωεσω

2269 4339 2379 4408 τῆς
2407 4339 2613 4410 φωνῆς
2645 4339 2891 4407 Κυρίου.
2936 4340 3047 4392 Kal
3088 4339 3274 4410 ἐπῇρε
3312 4343 3426 4410 τὴν
3465 4345 3654 4413 χεῖρα
3687 4347 3856 4403 σεται

2268 4435 2362 4488 ἐπ’
2391 4432 2633 4498 αὐτοὺς,
2659 4430 2768 4486 τοῦ
2797 4430 3153 4485 καταϐαλεῖν
3178 4432 3400 4500 αὐτοὺς
3437 4433 3510 4487 ἐν
3539 4436 3634 4506 τῇ
3657 4440 3856 4510 ἐρτῃιιει

2268 4527 2368 4582 καὶ
2411 4525 2516 4580 τοῦ
2565 4523 2925 4578 καταϐαλεῖν
2964 4523 3034 4578 τὸ
3080 4521 3318 4594 σπέρμα
3360 4525 3566 4581 αὐτῶν
3625 4531 3702 4585 ἐν
3765 4534 3856 4596 τρῖς
3908 4529 3909 4544 ³

585 4638 708 4678 eum
740 4622 794 4675 in
851 4619 1310 4674 adinventionibus
1357 4617 1468 4672 suis
1499 4626 1550 4671 et
1588 4615 1948 4684 multiplicata
1993 4625 2072 4671 cst
2109 4616 2164 4669 in

2273 4620 2488 4681 ἔθνεσι,
2517 4617 2616 4671 καὶ
2642 4616 3070 4684 διασκορπίσαι
3094 4618 3318 4684 αὐτοὺς
3350 4617 3421 4671 ἐν
3450 4614 3591 4686 ταῖς
3623 4623 3857 4692 χώραις.

586 4717 666 4771 eis
691 4715 869 4769 ruina.
909 4712 978 4766 Et
1023 4713 1170 4768 stetit
1219 4710 1448 4767 Phinees
1499 4720 1549 4765 et
1589 4711 1842 4780 placavit,
1868 4723 1918 4765 et
1943 4711 2165 4765 cessavit

585 4809 889 4882 quassatio.
929 4807 998 4861 Et
1041 4814 1344 4875 reputatum
1395 4811 1474 4859 est
1500 4804 1548 4858 ei
1574 4804 1634 4857 in
1667 4804 1964 4874 justitiam.
1992 4803 2048 4856 in
2073 4819 2165 4873 ge-

587 4904 914 4959 nerationem
935 4910 984 4955 et
1017 4898 1404 4970 generationem
1458 4912 1621 4967 usque
1671 4897 1724 4949 in
1767 4897 2161 4964 sempiternum.

591 4992 789 5047 Exstat
821 4991 876 5044 in
918 4987 1171 5044 Numeris
1199 4987 1428 5043 historia
1474 4985 1750 5056 quomodo
1778 4992 2000 5056 accepta
2035 4983 2166 5039 Plii-

587 5098 724 5140 nees
755 5082 914 5138 hasta
948 5079 1380 5144 Madianitidem,
1402 5087 1458 5135 et
1479 5077 1646 5134 simul
1697 5079 1849 5132 illum
1903 5077 1998 5148 qui
2038 5092 2163 5133 cum

585 5193 652 5233 ea
682 5191 797 5232 rem
851 5174 1110 5237 habebat,
1153 5172 1491 5228 transﬁxerit
1527 5190 1540 5227 :
1575 5186 1684 5242 quo
1727 5170 1877 5226 edito
1918 5169 2164 5225 facinore

588 5264 775 5320 statim
827 5264 909 5318 ira
943 5262 1036 5318 Dei
1062 5264 1276 5334 placata
1301 5262 1410 5317 illis
1455 5270 1562 5318 est.
1587 5260 1690 5316 Hic
1716 5275 1882 5331 porro
1909 5261 2162 5316 declara-

585 5367 678 5413 tur
705 5362 972 5426 quantum
1000 5354 1142 5424 apud
1173 5352 1342 5408 Deum
1367 5354 1546 5408 valeat
1570 5354 1736 5411 unius
1779 5353 1884 5409 viri
1909 5351 2159 5424 iustitia;

585 5448 664 5504 ita
697 5455 754 5503 ut
775 5448 847 5502 ob
875 5445 1096 5502 Phinea:
1119 5461 1218 5516 pro
1253 5444 1364 5500 Deo
1399 5447 1573 5500 zelum
1602 5447 1681 5500 ira
1712 5445 2078 5512 frangeretur,
2107 5452 2162 5499 et

585 5540 868 5613 quassatio
886 5549 1203 5612 peccatores
1232 5537 1495 5594 invadens
1519 5547 1877 5594 averteretur.

2270 4711 2381 4767 Kal
2408 4709 2822 4777 ἐτελέσθησαν
2857 4707 2938 4773 τῷ
2963 4707 3330 4779 Βεελφετὼρ,
3361 4707 3458 4764 καὶ
3494 4711 3750 4783 ἔφατον
3781 4723 3858 4771 θν-

2272 4803 2412 4868 σίας
2440 4799 2688 4870 νεκρῶν.
2729 4800 2838 4854 Kal
2879 4799 3240 4868 παρώξυναν
3272 4801 3458 4854 αὐτὸν
3482 4801 3556 4855 ἐν
3585 4805 3728 4872 τοῖς
3753 4807 3860 4859 ἑπι-

2271 4895 2645 4964 τηδεύμασιν
2681 4892 2903 4956 αὐτῶν,
2951 4892 3051 4946 καὶ
3095 4893 3442 4961 ἐπληθύνθη
3468 4895 3543 4947 ἐν
3572 4899 3799 4964 αὐτοῖς
3833 4901 3856 4964 ἡ

2271 4983 2517 5048 πτῶσις.
2551 4983 2660 5038 Kal
2690 4982 2840 5049 ἔστη
2866 4980 3072 5047 Φινεὲς
3097 4982 3194 5035 καὶ
3218 4981 3567 5047 ἐξαάσατο,
3595 4987 3714 5039 καὶ
3743 4991 3858 5043 ἐκέ-

2271 5090 2470 5130 πασεν
2502 5078 2540 5145 ἠ
2567 5075 2838 5144 θραῦσις’
2874 5073 2974 5130 καὶ
2999 5073 3285 5145 ἐλογίσθη
3317 5075 3476 5144 αὑτῷ
3503 5081 3595 5145 εις
3632 5079 3856 5136 δικαιο-

2269 5169 2471 5237 σύνην
2503 5170 2592 5234 εἰς
2634 5165 2846 5238 γενεὰν
2895 5165 2994 5219 καὶ
3043 5167 3256 5236 γενεὰν
3299 5167 3409 5235 ἕως
3458 5169 3570 5224 τοῦ
3611 5170 3852 5242 αἰῶνος.

2263 5261 2457 5316 Κεῖται
2495 5261 2554 5313 ὲν
2595 5260 2705 5322 τοῖς
2746 5256 3022 5328 Ἀριθμοῖς
3063 5258 3098 5330 ἡ
3145 5257 3372 5331 ἱστορία,
3415 5259 3568 5326 ὅπως
3605 5263 3801 5318 λαϐὼν
3833 5268 3854 5319 ὁ

2263 5350 2446 5416 Φινεὲς
2465 5350 2558 5404 τὸν
2591 5349 2954 5421 σειρομάστην
2985 5349 3225 5424 διέπειρε
3257 5349 3355 5424 τὴν
3380 5354 3714 5411 Μαδιανῖτιν
3747 5362 3850 5432 ἅμα

2265 5440 2344 5512 τῷ
2367 5443 2462 5495 σὺν
2486 5441 2622 5511 αὐτῇ
2657 5437 3069 5510 πεπορνευκότι,
3101 5441 3196 5494 καὶ
3225 5441 3462 5496 ἐκόπασε
3501 5449 3848 5519 παῳχῄμ

2265 5537 2301 5608 ἡ
2326 5533 2444 5590 κατ’
2466 5534 2643 5588 αὐτῶν
2661 5533 2800 5604 ὀργὴ
2827 5534 2942 5605 ἅμα
2964 5535 3030 5605 τῇ
3055 5531 3275 5606 τοιαύτῃ
3298 5534 3511 5608 πράξει.
3537 5537 3846 5613 ﬂagitans:

582 5637 641 5694 δὲ
677 5639 707 5691 ό
744 5636 924 5706 λόγος,
969 5634 1135 5689 πόσον
1184 5633 1356 5706 ἰσχύει
1390 5634 1541 5706 παρὰ
1567 5634 1688 5705 Θεῷ
1718 5634 1835 5698 ἐνὸς
1867 5633 2060 5706 ἀνδρὸς
2081 5631 2416 5702 δικαιοσύνη,
2441 5629 2517 5693 ὡς
2545 5629 2785 5683 κοπάσαι
2815 5631 2913 5701 τὴν
2939 5627 3128 5701 ὀργὴν,
3161 5631 3254 5684 καὶ
3276 5631 3720 5704 ὰνακρουσθῆναι
3753 5637 3848 5710 τὴν

585 5730 730 5784 κατὰ
754 5729 863 5784 τῶν
888 5730 1284 5800 ἡμαρτηκότων
1323 5729 1571 5802 θραῦσιν,
1605 5729 1694 5784 διὰ
1722 5729 1813 5784 τὸν
1855 5730 2036 5794 Φινεὲς
2065 5730 2207 5802 ὑπὲρ
2238 5728 2331 5783 τοῦ
2363 5726 2497 5781 Θεοῦ
2531 5725 2712 5796 ζῆλον.

656 5848 704 5881 ’³
741 5846 904 5902 Νυω.
943 5863 1054 5908 xu.
1089 5846 1146 5903 2.
