3954 7146
37 353 190 407 317

1228 341 1728 410 COMMENTABIA
1769 337 1836 406 IN
1873 337 2210 407 PsALMOS.

3244 339 3382 404 i318

81 473 273 526 Kal
320 471 727 544 παρώρτισαν
749 469 936 525 αὑτὸν
964 467 1062 522 ἐπὶ
1096 467 1310 534 ὕδατος
1343 467 1707 534 ἀντιλογίας,

1881 462 2048 518 Vens.
2084 460 2280 517 32-40.
2308 459 2376 513 Et
2413 459 2754 513 irritat-erunt
2787 473 2906 511 eum
2935 457 3004 511 ad
3042 471 3234 528 aquam
3257 467 3380 512 con-

35 561 132 614 αὶ
184 564 530 634 ἐκακώθη
563 562 826 631 Μωῦσῆς
853 561 927 614 δι’
955 559 1196 624 αὐτοὺς,
1230 558 1318 611 ὅτι
1351 557 1709 625 παρεπίκρα-

39 669 168 705 ar
234 655 337 709 τὸ
397 655 640 724 πνεῦμα
686 651 892 707 αὑτοῦ.
943 649 1054 704 Kal
1096 649 1430 702 διέστειλεν
1473 648 1542 700 ἐν
1586 647 1710 712 τοῖς

36 733 405 808 ςείλεσιν
455 746 664 810 αὑτοῦ,
715 747 825 799 οὐκ
870 743 1328 810 ἐξωλόθρευσαν
1370 741 1441 794 τὰ
1491 738 1633 805 ἔθνη
1670 739 1711 791 ἃ

41 829 200 892 Τπε
243 840 507 908 Κύριος
529 836 751 903 αὐτοῖς.
783 833 891 889 Kal
922 833 1215 903 ἐμίγησαν
1236 832 1305 885 ἐν
1333 830 1458 898 τοῖς
1484 831 1708 896 ἔθνεσι,

33 930 146 980 ταὶ
185 931 480 1000 ἔμαθον
507 931 578 985 τὰ
596 931 739 999 ἔργα
761 926 978 991 αὐτῶν,
1003 924 1102 979 zeal
1126 924 1565 977 ἐδουλεύσαντο
1588 921 1712 987 τοῖς

33 1025 120 1088 παῖ
135 1024 422 1090 υπτοῖς
454 1021 670 1086 αὐτῶν,
707 1020 803 1074 καὶ
828 1016 1078 1090 ἐγενήθη
1106 1014 1310 1081 αὐτοῖς
1335 1017 1422 1080 είς
1448 1013 1713 1066 diedi-6a-

32 1116 210 1168 lor.
267 1115 413 1170 Kal
438 1115 669 1169 ἔθυσαν
693 1111 834 1177 τοὺς
863 1109 1033 1175 υίοὺς
1060 1107 1257 1163 αὐτῶν
1284 1105 1380 1160 zeal
1410 1106 1516 1172 τὰς
1543 1108 1713 1174 θυγα-

31 1204 282 1272 τέρας
337 1204 550 1260 αὐτῶν
586 1203 711 1270 τοῖς
748 1195 1092 1270 δαιμονίοις.
1144 1199 1247 1254 Kal
1281 1195 1530 1266 ἐξέχεαν
1570 1191 1714 1265 αἷμα

31 1293 341 1357 ἀθῶον,
373 1291 521 1364 αἷμα
546 1293 691 1348 υἱῶν
719 1291 918 1346 αὐτῶν
948 1289 1049 1346 zeal
1084 1287 1438 1360 θυγατέρων,
1465 1281 1552 1339 ὧν
1573 1288 1708 1341 ἐθυ-

29 1401 200 1439 rrar
254 1386 416 1452 τοῖς
445 1384 733 1454 γλυπτοῖς
767 1375 1026 1437 Χαναάν.
1059 1381 1166 1435 Kal
1195 1380 1643 1448 ἐφονοκτονηθη
1672 1379 1712 1446 ἠ

30 1475 136 1544 τῆ
202 1477 302 1530 ἐν
347 1476 484 1543 τοῖς
515 1477 746 1545 αἵμασι,
797 1474 896 1527 zeal
941 1471 1188 1542 ἐμιάνθη
1241 1471 1310 1523 ἐν
1355 1469 1479 1535 τοῖς
1519 1468 1716 1538 ἔργοις

29 1565 346 1628 αὐτῶν,
382 1566 486 1620 zeal
531 1565 909 1634 ἐπόρνευσαν
943 1562 1043 1615 ἐπὶ
1085 1561 1208 1626 τοῖς
1248 1559 1718 1630 ἐπιτηδεύμασιν

39 1657 352 1712 αὐτῶν.
401 1658 514 1712 Καὶ
540 1656 800 1727 ὠργίσθη
830 1652 994 1724 θυμῷ
1024 1654 1240 1722 Κύριος
1277 1653 1376 1706 ἐπὶ
1415 1652 1522 1705 τὸν
1562 1650 1718 1705 λαὸν

41 1751 336 1815 αὑτοῦ,
361 1751 463 1804 zeal
481 1747 837 1812 ἐσδελύξατο
860 1746 974 1814 τὴν
993 1745 1399 1815 κληρονομίαν
1421 1743 1626 1797 αὐτοῦ.
1650 1743 1714 1795 El

1811 559 2170 622 tradictionis,
2205 565 2255 609 et
2297 564 2514 609 vexatus
2548 563 2626 607 est
2662 552 2871 622 Moyses
2893 560 3102 621 propter
3120 567 3228 613 eos,
3260 551 3386 620 quia

1809 650 2249 706 exacerbaverunt
2295 648 2543 718 spiritum
2577 645 2817 718 ejus.[Et
2864 644 3110 697 distinxit
3147 644 3202 696 in
3231 643 3386 696 labiis

1810 748 1946 810 suis,
1971 761 2074 798 non
2095 741 2522 811 disperdiderunt
2557 749 2756 811 gentes,
2783 753 2914 807 quas
2951 736 3088 790 dixit
3126 734 3388 788 Dominus

1811 838 1945 895 illis.
1996 835 2065 890 Et
2097 835 2361 888 commisti
2408 841 2530 888 sunt
2576 834 2715 887 inter
2745 840 2944 901 gentes,
2991 839 3041 883 et
3090 828 3388 882 didicerunt

1813 944 1969 996 opera
1991 931 2195 991 eorum,
2229 935 2278 979 et
2315 927 2606 979 servierunt
2637 920 2968 991 sculptilibus
3002 929 3204 983 eorum,
3231 927 3278 972 et
3303 918 3388 985 fa-

1813 1032 1954 1074 ctum
1981 1031 2059 1074 est
2086 1019 2196 1072 illis
2236 1020 2290 1072 in
2321 1016 2655 1072 scandalum.
2693 1015 2757 1068 Et
2804 1015 3206 1068 immolaverunt
3246 1012 3389 1081 ﬁlios

1813 1128 1936 1169 suos
1980 1123 2028 1166 et
2059 1112 2202 1182 filias
2235 1126 2362 1164 suas
2403 1108 2704 1163 damoniis.
2745 1105 2812 1160 Et
2851 1104 3148 1176 effuderunt
3176 1105 3393 1174 sangui-

1814 1222 1931 1260 nem
1959 1205 2304 1265 innocentem,
2337 1201 2645 1270 sanguinem
2664 1198 2898 1268 ﬁliorum
2930 1207 3145 1249 suorum
3174 1207 3222 1248 et
3247 1193 3391 1264 ﬁlia-

1815 1315 1933 1351 rum
1971 1310 2212 1356 suarum,
2257 1308 2390 1362 quas
2430 1290 2864 1360 sacriﬁcaverunt
2897 1286 3228 1356 sculptilibus
3251 1283 3392 1338 Cha-

1816 1406 1978 1444 naan.
2009 1386 2078 1440 Et
2117 1386 2312 1456 infecta
2343 1395 2418 1438 est
2453 1390 2593 1437 terra
2625 1383 2678 1435 in
2721 1380 3086 1451 sangui'nibus,
3130 1386 3179 1430 et
3214 1386 3394 1430 conta-
3437 1365 3452 1390 ⁸

1816 1483 2021 1535 minata
2064 1481 2224 1540 est.in
2272 1476 2512 1546 operibus
2558 1485 2764 1538 eorum,
2809 1481 2859 1526 et
2907 1472 3157 1542 fornicati
3185 1479 3306 1523 sunt
3337 1470 3391 1524 in

1818 1571 2274 1628 adinventionibus
2313 1571 2444 1624 suis.
2477 1563 2545 1621 Et
2582 1568 2753 1620 iratus
2787 1574 2863 1619 est
2907 1565 3085 1633 furore
3131 1561 3391 1616 Dominus

1817 1666 1872 1719 in
1922 1666 2171 1734 populum
2221 1679 2394 1725 suum,
2445 1673 2492 1715 et
2538 1659 2878 1713 abominatus
2923 1666 3000 1711 est
3032 1655 3392 1710 Iurreditatem

1819 1774 1993 1813 suam.
2030 1757 2088 1812 Si
2121 1759 2340 1828 propter
2367 1754 2481 1810 haec
2515 1753 2698 1808 omnia
2733 1750 3082 1806 abominatus
3111 1757 3194 1804 est
3221 1748 3394 1802 lusere.

53 1839 177 1894 διὰ
202 1840 424 1894 ταῦτα
454 1839 630 1892 πάντα
665 1835 979 1901 ὲὸδελύξατο
1001 1835 1097 1906 τὴν
1131 1834 1491 1906 κληρονομίαν
1523 1831 1712 1895 αὐτοῦ,

1833 1850 2038 1903 litatein
2071 1864 2245 1914 suam,
2282 1864 2381 1902 cur
2413 1862 2577 1916 supra
2621 1846 2826 1900 dictum
2859 1850 2965 1910 est,
2993 1841 3074 1894 Ad
3114 1839 3391 1895 videndum

57 1932 222 1996 πῶς
266 1932 554 2003 ἀνωτέρω
579 1929 811 2002 εἴρηται·
846 1928 955 1982 Τοῦ
981 1927 1130 1981 ἰδεῖν
1158 1928 1228 1981 ἐν
1255 1926 1328 1994 τῇ
1355 1927 1718 1995 χρηστότητι

65 2024 229 2079 τῶν
282 2022 606 2078 ἐκλεκτῶν
646 2039 785 2088 σου,
834 2021 942 2075 τοῦ
985 2019 1390 2090 εὐφρανθῆναι
1425 2019 1493 2072 ἐν
1523 2016 1597 2085 τῇ
1623 2019 1721 2071 εὑ-

71 2117 426 2186 ςρροσύνῃ
464 2116 570 2171 τοῦ
611 2116 826 2181 ἔθνους
857 2129 994 2178 σου,
1035 2113 1141 2167 τοῦ
1177 2111 1543 2166 ἐπαινεῖσθαι
1570 2109 1723 2180 μετὰ

79 2211 226 2278 τῆς
268 2209 695 2278 κληρονομίας
723 2224 839 2262 σου
862 2223 880 2270 ;
917 2206 1077 2260 Ἀλλὰ
1104 2207 1207 2278 ὅρα
1234 2207 1282 2258 εἰ
1311 2204 1384 2276 μὴ
1413 2204 1601 2272 σαφῶς
1628 2201 1723 2256 καὶ

80 2303 212 2372 τὴν
274 2299 675 2371 βδελυχθεϊσαν
725 2297 1084 2370 κληρονομίαν
1131 2297 1226 2350 τοῦ
1281 2295 1542 2367 προτέρου
1593 2293 1722 2348 λαοῦ

87 2393 497 2465 παρέστησεν
541 2394 570 2445 ὁ
609 2391 784 2460 λόγος,
825 2390 920 2444 καὶ
958 2389 1088 2460 περὶ
1129 2388 1321 2459 ἑτέρας
1362 2385 1724 2457 κληρονομίας

89 2482 420 2548 θεσπίζει,
450 2482 526 2547 ὡς
555 2484 649 2536 καὶ
677 2485 805 2556 περὶ
835 2483 1022 2554 ἐτέρου
1055 2481 1184 2537 λαοῦ
1217 2481 1334 2553 μεθ’
1364 2475 1438 2536 ῶν
1472 2479 1725 2552 εῠχεσθαι

88 2575 625 2649 καταριθμηθῆναι
646 2574 902 2630 διδάσκει.

181 2670 318 2725 Kal
359 2667 708 2736 παρέδωκεν
735 2666 956 2732 αὐτοὺς
985 2667 1072 2732 είς
1109 2664 1311 2735 χεῖρας
1343 2661 1591 2734 ἐχθρῶν,
1626 2661 1725 2715 zeal

96 2759 516 2828 ἐκυρίευσαν
545 2757 743 2812 αὐτῶν
771 2760 824 2810 οί
849 2741 1172 2826 μισοῦντες
1207 2757 1446 2822 αὐτούς.
1497 2755 1570 2806 Οὐ
1617 2771 1727 2808 πα-

109 2851 414 2925 ραδίδωσι
440 2849 497 2902 δὲ
525 2848 728 2920 Κύριος
749 2848 839 2901 τὸν
867 2847 993 2901 λαὸν
1023 2845 1210 2912 αὐτοῦ,
1233 2847 1328 2900 ὲάν
1362 2845 1438 2917 μὴ
1465 2845 1729 2917 πρότερον

99 2942 476 3016 βδελύξηται
505 2940 682 2993 αὐτόν·
721 2937 1065 3009 βδελύσσεται
1090 2939 1147 2992 δὲ
1172 2935 1333 2992 αὐτὸν
1357 2936 1448 2990 διὰ
1478 2937 1576 3000 τὰς
1599 2951 1732 3006 προ-

107 3034 486 3106 λελεγμένας
515 3030 760 3104 πράξεις.
809 3030 1057 3084 Ἐπειδὰν
1095 3029 1152 3084 δὲ
1189 3032 1218 3084 ὁ
1250 3027 1450 3100 Κύριος
1481 3027 1727 3099 παραδῷ,

1821 1941 1874 1995 in
1898 1941 2130 1995 bonitate
2150 1941 2431 1994 electorum
2462 1949 2694 2000 tuarum,
2727 1936 2796 1990 ad
2820 1934 3105 1989 lwtandum
3134 1934 3185 1986 in
3206 1932 3393 1986 la’titia

1819 2035 1986 2103 gentis
2021 2031 2222 2095 tuaz,ut
2255 2028 2486 2084 lauderis
2517 2047 2634 2083 cum
2664 2026 2974 2082 heereditate
3003 2027 3134 2080 tua?
3161 2025 3229 2078 At
3268 2035 3393 2094 per-

1822 2128 1998 2198 pende
2041 2140 2169 2180 num
2208 2133 2394 2195 aperte
2439 2139 2620 2179 sermo
2663 2121 3029 2177 abo‘mlnatam
3071 2117 3268 2189 prioris
3295 2129 3393 2186 po-

1823 2221 1937 2290 puli
1987 2219 2357 2274 hasreditatem
2398 2216 2656 2278 declaret,
2706 2229 2769 2268 ac
2801 2214 2869 2269 de
2924 2213 3030 2267 alia
3077 2210 3394 2266 haereditate

1823 2312 2182 2378 vaticinetur;
2213 2319 2274 2365 ut
2307 2317 2361 2365 et
2398 2309 2465 2363 de
2503 2308 2611 2362 alio
2643 2307 2845 2378 populo
2874 2307 3098 2378 quicum
3128 2317 3393 2359 annume-

1824 2403 1935 2458 rari
1964 2402 2264 2475 optandum
2292 2416 2415 2458 esse
2439 2401 2618 2456 docet.

1896 2661 2064 2723 Vens.
2089 2657 2277 2722 11-45.
2305 2664 2371 2719 Et
2402 2664 2623 2719 tradidit
2644 2677 2732 2720 eos
2753 2665 2806 2719 in
2829 2681 3017 2720 manus
3037 2663 3391 2730 inimicorum,

1827 2769 1877 2815 et
1907 2758 2167 2814 dominati
2189 2767 2310 2811 sunt
2339 2773 2519 2810 eorum
2564 2757 2654 2828 qui
2683 2753 2901 2811 oderunt
2929 2773 3038 2811 eos.
3080 2755 3198 2810 Non
3231 2757 3398 2811 tradit

1828 2850 2094 2906 Dominus
2145 2849 2406 2919 populum
2455 2863 2641 2912 suum,
2690 2847 2795 2903 nisi
2852 2849 3006 2918 prius
3057 2848 3398 2902 abominetur

1831 2945 2012 3016 ipsum
2060 2961 2074 2997 :
2122 2942 2300 3012 ipsum
2354 2951 2533 2996 autem
2590 2941 2935 2996 abominatur
2988 2939 3058 2995 ob
3099 2948 3397 2996 memorata

1831 3046 2017 3102 opera.
2047 3030 2186 3086 Cum
2231 3036 2412 3084 autem
2459 3029 2575 3095 ipse
2615 3023 2878 3084 Dominus
2922 3029 3230 3096 tradiderit,
3273 3030 3400 3102 quis

112 3128 212 3191 τίς
251 3125 323 3179 οὗ
359 3121 586 3178 δύναται
618 3119 727 3175 τῶν
764 3119 927 3174 αὐτοῦ
962 3115 1300 3191 κυριεύσεινς
1332 3117 1445 3172 Kal
1471 3119 1732 3187 ἐθλιψαν

1833 3139 1942 3180 non
1999 3122 2176 3193 possit
2211 3121 2424 3192 pupulis
2456 3121 2523 3174 ad
2565 3121 2742 3191 ipsum
2791 3122 3191 3192 pertinentibus
3224 3122 3398 3178 domi-

120 3219 380 3286 αὐτοὺς
405 3219 461 3272 οι
488 3214 686 3286 ἐχθροὶ
714 3211 931 3280 αὐτῶν,
971 3213 1068 3269 zeal
1098 3211 1582 3281 ἐταπεινώθησαν
1611 3209 1731 3265 ὑπὸ

1834 3217 1995 3273 nari?
2027 3215 2097 3270 Et
2130 3215 2514 3270 tribulaverunt
2558 3232 2644 3270 eos
2676 3213 2877 3270 inimici
2916 3232 3119 3280 eorum,
3148 3225 3196 3272 et
3226 3217 3404 3271 humi-

122 3315 249 3379 τὰς
284 3309 503 3382 χεῖρας
536 3305 750 3361 αὐτῶν·
793 3302 1117 3371 πλεονάκις
1155 3302 1447 3372 ἐρρύσατο
1489 3302 1729 3367 αὐτούς.

16 3457 18 3464 .
130 3403 333 3461 Αὐτοὶ
367 3400 440 3454 δέ
479 3397 927 3467 παρεπίκραναν
962 3395 1148 3449 αὐτὸν
1186 3395 1254 3448 ἐν
1281 3393 1356 3463 τῇ
1391 3392 1596 3462 ,ϐουλῇ
1624 3393 1733 3446 αὐ-

127 3497 291 3562 τῶν,
331 3489 949 3556 καὶέταπεινώθησαν
980 3487 1048 3540 ἐν
1068 3486 1198 3552 ταῖς
1219 3487 1492 3554 ἀνομίαις
1514 3483 1732 3539 αὐτῶν.

138 3590 327 3652 Αὑτδς
374 3586 495 3657 μὲν,
529 3583 713 3654 φησὶν,
750 3579 996 3653 ἐρρύετο,
1036 3579 1270 3650 χρηστὸς
1311 3576 1386 3631 ῶν
1422 3579 1604 3641 αὐτοῖς
1642 3576 1737 3631 καὶ

138 3679 366 3752 γλυκὺς
405 3675 712 3746 γενόμενος’
743 3673 792 3727 οἱ
824 3672 880 3726 δὲ
913 3672 1347 3742 παρεπίκραναν,
1384 3670 1578 3744 πικρὸν
1611 3669 1738 3722 ἑαυ-

140 3776 265 3836 τοῖς
310 3768 598 3830 ποιοῦντες
641 3763 823 3820 αὐτόν·
866 3765 958 3818 καὶ
1000 3764 1161 3818 πάλιν
1204 3762 1364 3826 αὐτὸς
1411 3759 1612 3825 ἔσωζεν
1651 3755 1739 3813 οἷα

147 3866 371 3934 σωτήρο
409 3860 458 3913 oi
495 3859 551 3913 δὲ
593 3857 926 3922 ἀπώλλυντο,
973 3856 1155 3928 ἔργοις
1197 3855 1470 3918 ἀπωλείας
1514 3855 1740 3918 ἑαυτοὺς

147 3952 595 4028 περιπείροντες
628 3949 723 4004 καὶ
762 3948 917 4003 τοῦτο
962 3948 1247 4012 πλεονάκις
1280 3945 1507 4017 ἐγίνετο,
1541 3948 1646 4011 ἕως
1678 3941 1739 4002 οὗ

151 4048 318 4102 αὐτοὶ⁵
342 4045 568 4107 ἑαυτοὺς
596 4041 966 4096 ἐταπείνωσαν
995 4044 1051 4096 ὲν
1079 4044 1196 4105 ταῖς
1225 4041 1404 4095 αὐτῶν
1430 4039 1698 4112 ἁνομίαις.

227 4137 342 4191 Kal
385 4131 509 4188 εἶδε
533 4136 747 4202 Κύριος
772 4135 841 4186 ἐν
865 4132 943 4199 τῷ
973 4134 1280 4188 θλίϐεσθαι
1300 4133 1539 4197 αὐτοὺς,
1567 4133 1634 4186 ἐν
1662 4131 1742 4198 τῷ

159 4227 355 4284 αὐτὸν
378 4225 732 4279 εισακοῦσαι
761 4223 870 4292 τῆς
893 4224 1156 4294 δεήσεως
1185 4224 1400 4279 αὐτῶν.
1433 4223 1539 4278 Καὶ
1562 4223 1740 4294 ἐμνήι

162 4325 286 4388 σθη
316 4314 431 4387 τῆς
458 4315 741 4384 διαθήκης
768 4315 976 4379 αὑτοῦ,
1011 4317 1108 4369 zeal
1137 4315 1471 4385 μετεϐλήθη
1496 4316 1645 4368 κατὰ
1675 4314 1742 4368 τὸ

168 4409 412 4480 πλῆθος
434 4405 541 4463 τοῦ
567 4406 775 4474 ἐλέους
801 4406 1007 4462 αὐτοῦ.
1037 4407 1146 4460 Kal
1176 4406 1398 4460 ἔδωκεν
1417 4407 1638 4471 αὐτοὺς
1656 4406 1745 4473 είς

1837 3309 1956 3364 liati
1987 3317 2109 3364 sunt
2159 3308 2254 3362 sub
2299 3307 2542 3362 manibus
2591 3320 2771 3361 coram
2793 3323 2812 3361 :
2836 3325 2975 3379 serpe
3024 3307 3263 3364 liberavit
3291 3325 3401 3366 eos.

1837 3399 1951 3472 Ipsi
1981 3411 2153 3457 autem
2184 3401 2625 3457 exacerbaverunt
2658 3416 2774 3454 eum
2807 3402 2860 3454 in
2913 3398 3134 3456 consilio
3174 3418 3270 3456 suo
3287 3418 3318 3456 ':
3354 3410 3405 3457 et

1836 3493 2100 3547 humiliati
2128 3504 2249 3547 sunt
2280 3489 2335 3547 in
2357 3489 2726 3563 iniquitatibus
2753 3486 2894 3546 suis.‘
2915 3489 3034 3562 ipse
3063 3492 3282 3562 quidem
3304 3494 3404 3557 ait,

1836 3583 2015 3642 bonus
2040 3600 2164 3639 cum
2203 3591 2348 3640 esset
2385 3599 2448 3638 ac
2476 3583 2841 3653 mitigaretur,
2877 3583 3139 3638 liberabat
3172 3599 3298 3653 eos;
3327 3582 3406 3638 illi

1837 3693 1967 3734 vero
1992 3677 2457 3733 exacerbaverunt
2481 3690 2628 3740 eum,
2653 3671 2909 3730 acerbum
2946 3676 3050 3731 sibi
3075 3677 3410 3733 constitueno

1837 3777 1966 3825 tes:
1999 3753 2062 3824 ac
2103 3783 2297 3824 rursus
2324 3763 2434 3832 ille,
2467 3774 2656 3837 utpote
2697 3776 2965 3834 servator,
3011 3769 3237 3825 eruebat
3277 3786 3407 3842 eos,

1840 3856 1916 3912 illi
1938 3871 2070 3911 vero
2101 3855 2369 3926 peribant,
2395 3855 2544 3910 exitii
2571 3853 2830 3924 Operibus
2847 3872 2969 3912 sese
2991 3859 3370 3917 conlodientcs
3391 3878 3406 3893 ο

1840 3949 2006 4019 idque
2044 3963 2182 4016 saepe
2210 3946 2412 4001 factum
2441 3955 2544 4014 est,
2569 3945 2743 4004 donec
2775 3964 2834 4004 se
2858 3949 2957 4020 ipsi
2982 3949 3409 4008 bumiliaverunt

1840 4041 1897 4096 in
1936 4039 2318 4110 iniquitatibus
2349 4039 2483 4093 suis.
2726 4089 2738 4102 ,

1914 4129 2080 4186 Vens.
2115 4129 2304 4184 6446.
2349 4128 2417 4184 Et
2456 4131 2587 4185 vidit
2631 4127 2888 4187 Dominus
2926 4149 3044 4187 cum
3096 4135 3414 4190 tribularen-

1847 4230 1952 4285 tur,
1998 4237 2116 4274 cum
2159 4219 2365 4273 audiret
2406 4221 2822 4290 deprecationem
2865 4241 3069 4280 eorum.
3106 4223 3177 4280 Et
3214 4243 3432 4282 memor-

1846 4313 1948 4383 [κίε
1979 4313 2275 4366 testamenti
2311 4313 2415 4377 sui,
2445 4323 2495 4366 et
2527 4295 2769 4382 paenituit
2801 4329 2918 4368 eum
2952 4318 3237 4371 secundum
3276 4320 3413 4374 mul-

1848 4405 2126 4458 titudinem
2157 4403 2533 4459 misericordia:
2570 4421 2699 4460 sure.
2732 4403 2800 4458 Et
2839 4405 2979 4462 dedit
3007 4425 3094 4463 eos
3134 4410 3187 4463 in
3215 4411 3416 4466 miseri-

169 4499 516 4571 οίκτιρμοὺς
563 4499 840 4553 ἐναντίον
889 4498 1129 4551 πάντων
1180 4495 1299 4553 τῶν
1345 4499 1736 4568 αἰχμαλωτευ-

1847 4495 2056 4548 cordias
2102 4495 2156 4548 in
2191 4504 2466 4564 conspectu
2509 4497 2743 4550 omnium
2774 4499 2863 4568 qui
2894 4511 3135 4568 ceperant
3161 4517 3269 4558 eos.
3300 4501 3416 4560 Hoc

173 4592 417 4648 σάντων
442 4589 682 4654 αὐτούς.
721 4587 831 4642 Καὶ
858 4587 1016 4641 τοῦτο
1038 4587 1357 4659 ἐπληροῦτο,
1382 4587 1468 4640 δτε
1497 4587 1736 4640 ὲνέὸαλεη.

1850 4587 2198 4657 implebatur,
2229 4586 2446 4657 quando
2494 4586 2720 4642 immisit
2768 4588 2916 4645 Deus
2946 4590 3003 4644 in
3048 4605 3146 4646 cor
3171 4590 3298 4664 Cyri
3329 4610 3416 4650 re-

176 4688 205 4737 ὁ
225 4684 357 4747 Θεὸς
381 4682 460 4746 είς
480 4682 578 4752 τὴν
600 4680 827 4753 καρδίαν
848 4679 1033 4751 Κύρου
1061 4679 1151 4733 τοῦ
1178 4679 1458 4751 βασιλέως,
1485 4680 1581 4734 καὶ
1611 4679 1748 4751 μετὰ

183 4774 352 4827 ταῦτα
392 4770 617 4844 Δαρείου
659 4773 753 4825 καὶ
795 4769 1147 4842 Ἀρταξέρξου
1177 4771 1569 4842 φιλανθρώπως
1609 4771 1746 4842 χρή-

184 4864 379 4920 σασθαι
404 4862 482 4933 τῷ
523 4861 788 4916 Ἰουδαίων
813 4861 976 4925 ἔθνει,
1001 4861 1138 4915 κατὰ
1163 4863 1230 4914 τὰ
1257 4865 1313 4915 ὲν
1341 4865 1408 4932 τῇ
1439 4863 1625 4933 Γραφῇ
1653 4861 1746 4914 τοῦ

189 4954 392 5025 Ἕσδρα
422 4953 712 5024 φερόμενα.
756 4954 913 5007 Ἀλλὰ
938 4954 1031 5007 καὶ
1057 4955 1228 5007 είσὲτι
1252 4952 1348 5007 νῦν
1377 4955 1442 5024 τῇ
1469 4954 1609 5024 ἀρχῇ
1640 4953 1748 5006 τῶν

201 5044 480 5117 Ῥωμαίων
513 5043 848 5110 δουλεύοντες
877 5049 934 5099 ὲν
960 5047 1260 5116 οἰκτιρμοῖς
1287 5045 1628 5115 τυγχάνουσι,
1654 5041 1748 5096 τοῦ

189 5137 322 5192 Θεοῦ
344 5134 501 5190 τοῦτο
533 5136 715 5200 αὐτοῖς
751 5137 1142 5210 δεδωρημένου·
1184 5138 1281 5209 οὐχ
1315 5137 1394 5191 ὅτι
1419 5133 1558 5209 ἦσαν
1587 5137 1748 5202 ἄξιοι,

193 5230 324 5284 ἀλλὰ
349 5228 508 5282 πάλιν
534 5229 619 5284 διὰ
642 5230 702 5284 τὸ
730 5230 928 5303 πλῆθος
951 5231 1046 5285 τοῦ
1073 5230 1273 5296 ἐλέους.
1296 5231 1402 5286 Kal
1418 5229 1750 5300 μετεϐλήθη

1850 4678 1956 4747 gis,
1986 4685 2039 4733 et
2073 4685 2261 4748 postea
2292 4676 2439 4730 Darii
2470 4683 2525 4731 et
2562 4677 2904 4744 Artaxerxis,
2949 4686 3007 4734 ut
3034 4695 3159 4735 cum
3187 4681 3416 4738 Judaica

1850 4777 2010 4839 gente
2037 4767 2267 4838 benigne
2292 4775 2533 4838 agerent,
2563 4768 2864 4822 secundum
2902 4785 2964 4826 ea
2993 4787 3113 4841 qua:
3147 4773 3200 4827 in
3231 4772 3419 4829 Esdrze

1853 4859 2135 4930 Scriptura
2162 4859 2432 4914 feruntur.
2457 4858 2599 4924 Quin
2627 4861 2790 4916 etiam
2833 4877 2978 4918 nunc
3027 4863 3276 4921 Romano
3323 4863 3421 4919 im-

1850 4954 2004 5026 perio
2047 4961 2303 5024 parentes
2343 4953 2816 5018 miseratiOnibus,
2865 4954 2976 5011 Deo
3014 4965 3270 5022 auctore,
3321 4957 3420 5014 do-

1854 5052 2054 5099 nuntur
2083 5060 2096 5095 :
2135 5060 2242 5098 non
2278 5043 2420 5114 quod
2445 5042 2593 5115 digni
2633 5045 2778 5110 sint;
2811 5045 2904 5100 sed
2935 5045 3005 5099 ob
3031 5046 3421 5104 misericordiae

1852 5137 1974 5204 ejus
2005 5136 2453 5206 magnitudinem.
2476 5136 2543 5189 Et
2557 5138 2796 5206 paenituit
2817 5154 2937 5191 sum
2972 5137 3254 5192 secundum
3283 5144 3421 5194 mul-

1857 5228 2135 5283 titudinem
2198 5228 2575 5284 misericordia:
2625 5246 2757 5286 suae.
2811 5231 3191 5287 Paenitentiam
3239 5242 3419 5290 autem

195 5319 340 5376 κατὰ
377 5320 441 5374 τὸ
480 5320 714 5390 πλῆθος
743 5322 850 5377 τοῦ
884 5323 1093 5390 ἐλέους
1139 5323 1343 5380 αὐτοῦ.
1380 5322 1736 5394 Μεταμέλειαη

1855 5329 2015 5374 vocat
2051 5321 2426 5393 castigationis
2467 5324 2851 5379 cessationem.
2883 5324 3026 5380 Deus
3071 5324 3273 5396 quippe
3299 5343 3421 5398 pm-

200 5411 255 5466 δὲ
285 5409 432 5465 καλεῖ
462 5410 562 5481 τῆς
593 5411 840 5476 παιδείας
869 5414 966 5484 τὴν
994 5413 1222 5468 παῦλαν.
1262 5413 1320 5467 '0
1352 5413 1461 5485 γὰρ
1496 5412 1624 5477 Θεὸς
1655 5411 1736 5483 τῆς

1856 5412 2100 5468 nitentia
2129 5413 2381 5469 allectum
2418 5413 2618 5471 habere
2643 5417 2833 5487 nequit
2865 5434 2878 5470 :
2911 5431 3087 5486 neque
3118 5417 3282 5473 modo
3311 5419 3419 5487 his,

1856 5506 2020 5562 modo
2039 5506 2382 5582 illis.placita
2413 5507 2560 5576 edit;
2594 5508 2688 5564 sed
2711 5509 2985 5579 sapienter
3019 5509 3202 5564 omnia
3231 5511 3421 5567 mode-

207 5593 296 5648 νῦν
326 5593 380 5647 δὲ
406 5594 632 5660 ἐκείνοις
659 5596 972 5669 ἀρέσκεται,
1004 5597 1137 5652 ἀλλὰ
1167 5597 1344 5666 σοφῶς
1376 5600 1588 5653 ἅπαντα
1622 5615 1736 5669 πρυ

1858 5611 2007 5661 rans,
2049 5607 2103 5655 et
2133 5598 2518 5671 castigationes
2565 5599 2794 5668 inducit,
2845 5608 2898 5657 et
2942 5601 3285 5658 clementiam
3333 5617 3425 5661 ex-

207 5683 470 5827 σὲαὲεύων,
521 5688 615 5742 καὶ
664 5688 908 5753 παιδείας
957 5689 1151 5758 ἐπάγει
1203 5691 1297 5744 καὶ
1354 5689 1758 5762 φιλανθρωπίας
1860 5690 2027 5746 hibet.

246 5789 274 5827 ο
303 5791 400 5827 γει.

245 5789 400 5843 ρεγει.

207 5501 554 5574 μεταμελείας
581 5503 680 5556 οὑκ
700 5502 812 5574 ἔχει
840 5504 901 5557 τὸ
920 5504 1109 5568 πάθος,
1131 5505 1251 5559 οὐδὲ
1279 5504 1372 5559 νῦν
1400 5505 1498 5576 μὲν
1524 5504 1754 5569 τούτοις,

13 6473 3914 7002 Μ
