3954 7146
17 412 236 471 ι’δξι

1303 413 1812 471 COMMENTARIA
1841 409 1918 471 ἸΝ
1955 407 2300 472 ΡὸΑὶιὶΙΟΒ.

3305 420 3444 476 1522

17 533 496 604 ςυνάγεσῦαι
533 535 593 591 δὲ
634 535 728 590 ἐπὶ
757 534 858 608 τὴν
898 533 1159 589 Ἰουδαίαν
1205 532 1332 604 γῆν.
1373 530 1614 587 Τοιαῦτα
1652 532 1719 602 γὰ

1864 532 2185 604 captivitate
2215 531 2552 604 Babylonica
2581 535 2742 590 annis
2773 548 2944 606 prope
2973 533 3145 599 mille,
3176 533 3314 590 nihil
3351 533 3448 589 bu-

17 624 300 682 εῑσὲτι
359 629 465 684 καὶ
503 628 601 682 νῦν
642 629 832 693 παῖδες
873 626 1140 681 Ἰουδαίων
1178 623 1564 693 φαντάζονται.
1612 623 1750 677 Ἀλλ’

17 715 224 770 ὲτεεὶ
289 721 394 793 μὴ
426 721 600 776 ταῦτα
627 721 756 793 περὶ
784 719 982 783 αὐτοὺς
1011 720 1125 781 τοῖς
1165 718 1348 790 ἐργοις
1372 717 1570 790 δρᾶται
1584 733 1752 786 χεγε-

25 824 126 880 νη
143 811 386 880 μένα,
419 814 522 885 ἢδη
553 831 654 867 που
692 813 883 884 χιλίοις
912 811 1080 880 ἐγγὺς
1109 809 1256 864 ἔτεσι
1282 811 1381 880 τῆς
1408 809 1518 863 ἀπὸ
1546 809 1752 882 τῆς-είς

1855 625 2103 696 jusmodi
2133 627 2187 680 in
2219 626 2437 681 illorum
2459 627 2690 699 gratiam
2723 638 3008 700 peractum
3039 628 3145 696 sit;
3181 635 3357 684 restat
3386 639 3448 684 ut

1848 734 2044 775 rerum
2089 718 2310 774 eventui
2361 719 2479 775 haec
2507 721 2674 776 verba
2721 720 3240 786 accommodemus,
3283 728 3340 776 et
3377 721 3446 776 ad

1849 810 2102 881 gentium
2136 810 2482 866 vocationem
2507 812 2851 882 prephetiam
2887 811 3232 867 reducamus.

25 906 454 964 Βαϐυλῶνα
481 910 856 983 αἰχμαλωσίας
883 908 1062 962 αὐτῶν
1090 906 1316 980 μηδενὸς
1339 905 1580 960 τοιούτου
1609 907 1738 977 περλ⁸
1762 905 1959 970 αὐτοὺς
1985 905 2337 978 πραχθέντος·
2381 905 2499 977 ὥρα
2530 909 2597 978 τῇ
2659 907 2769 961 τῶν
2825 907 3165 977 πραγμάτων
3224 905 3446 959 ἐκϐάσει

31 1000 234 1066 τοὺς
310 1003 526 1073 λόγους
567 1003 947 1074 ἐφαρμόττειν,
992 1001 1086 1054 καὶ
1132 1001 1225 1054 ἐπὶ
1269 999 1369 1072 τὴν
1411 998 1523 1054 τῶν
1563 998 1736 1054 ἐθνῶν
1774 997 1964 1070 κλῆσιν
2003 999 2224 1068 ἀνάγειν
2260 999 2358 1071 τὴν
2391 999 2744 1072 προφητείαν.

169 1122 709 1194 Ἐπλανήθησαν
737 1124 807 1178 ὲν
837 1122 914 1193 τῇ
945 1122 1143 1192 ἐρήμῳ
1179 1121 1280 1176 καί
1315 1120 1572 1189 ἀνύδρῳ,
1604 1119 1750 1175 ὀδόν

47 1219 395 1287 πόλεως
429 1217 882 1287 κατοικητηρίου
912 1219 1027 1287 οὐχ
1059 1211 1264 1286 εὗρον·
1301 1213 1627 1282 πεινῶντες
1649 1213 1748 1267 καί

18 1308 476 1380 .διψῶντες,
522 1313 561 1380 ἡ
613 1310 786 1380 ψυχὴ
825 1309 1028 1364 αὐτῶν
1068 1308 1139 1362 ὲν
1187 1307 1393 1374 αὐτοῖς
1439 1306 1742 1372 ἐξέλιπεν.

63 1401 161 1455 Ἠ
177 1407 351 1474 μεῖς
379 1403 483 1476 μὲν
505 1404 556 1456 oi
579 1403 686 1475 πρὸ
723 1403 822 1473 τῆς
842 1400 939 1456 τοῦ
973 1402 1225 1473 Σωτῆρος
1251 1399 1408 1471 ἡμῶν
1434 1397 1746 1462 θεοσεϐείας

18 1531 24 1534 -
55 1497 195 1549 καὶ
233 1499 318 1550 ἐν
345 1496 610 1567 ἀκάρπῳ,
636 1494 852 1567 ἀνύδρῳ
879 1511 938 1547 τε
960 1494 1054 1548 καὶ
1075 1493 1255 1564 ἀγόνῳ
1281 1493 1394 1564 ζωῇ
1421 1491 1592 1545 πάλαι
1622 1490 1751 1562 πρό-

18 1602 290 1659 ςτερον
333 1587 779 1659 πεπλανημένοι,
818 1587 908 1640 ὅτε
939 1580 1080 1656 ἦμεν
1112 1583 1240 1656 ἔθνη
1279 1583 1471 1651 ἄλογα,
1508 1581 1647 1654 πρὸς
1678 1579 1747 1634 τά

18 1715 24 1747 π
58 1679 342 1736 εἴδωλα
382 1681 456 1734 τά
489 1681 680 1750 ἄφωνα
719 1679 1080 1750 ἀπαγόμενοι,
1113 1681 1161 1732 οἱ
1192 1676 1466 1750 μηδέποτε
1497 1674 1615 1730 ὁδὸν
1646 1674 1748 1728 πό-

18 1815 28 1840 ..
61 1767 270 1834 λεως
305 1770 742 1842 κατοικητηρίου
765 1767 1037 1840 εὑρόντες·
1064 1767 1151 1820 ὅτε
1177 1762 1319 1838 ἦμεν
1350 1763 1622 1838 ἀλλότριοι
1649 1763 1749 1834 τῆς

19 1907 26 1936 ε
73 1862 434 1927 πολιτείας
458 1862 552 1916 τοῦ
602 1862 838 1934 Ἰσραὴλ,
871 1860 1063 1914 ἐλπίδα
1091 1860 1166 1932 μὴ
1199 1858 1437 1930 ἔχοντες,
1471 1856 1568 1911 καὶ
1593 1855 1744 1910 ἄθεοι

18 1995 24 2006 .
71 1953 159 2006 ὲν
201 1954 313 2026 τῷ
347 1955 566 2026 κόσμῳ·
617 1954 667 2006 ot
720 1952 1085 2025 μεμισημένοι
1131 1951 1322 2016 πάλαι,
1362 1951 1420 2003 ἐν
1466 1948 1612 2022 λιμῷ
1650 1951 1746 2003 καὶ

18 2091 26 2122 ;
79 2046 280 2116 δίψει
310 2046 417 2119 τὴν
445 2046 622 2120 ψυχὴν
648 2046 1016 2110 ἐκλείποντες,
1039 2043 1130 2098 διὰ
1159 2044 1221 2098 τὸ
1247 2041 1578 2116 ἐστερῆσθαι
1607 2041 1746 2112 λογι-

18 2184 26 2216 τ
80 2138 230 2208 κῆς
288 2139 393 2193 καὶ
433 2137 758 2210 ἐπουρανίου
800 2135 1007 2210 τροφῆς
1041 2135 1207 2191 ποτοῦ
1245 2153 1306 2190 τε
1344 2135 1742 2208 πνευματικοῦ,

17 2279 30 2290 ,
88 2229 284 2283 κατὰ
320 2229 409 2283 τό·
454 2227 868 2295 Ἑξαποστελῶ
903 2231 978 2283 οὐ
1007 2227 1190 2299 λιμὸν
1216 2227 1421 2298 ἄρτου,
1465 2227 1610 2284 οὐδὲ
1655 2228 1748 2282 δί-

18 2299 30 2312 .
87 2322 265 2390 ψαν
303 2321 553 2390 ὓδατος,
583 2321 746 2376 ἀλλὰ
774 2320 955 2391 λιμὸν
985 2321 1093 2376 τοῦ
1124 2320 1384 2375 ἀκοῦσαι
1413 2322 1602 2391 λόγον
1623 2323 1742 2375 Κυ-

91 2412 294 2479 ρίου.
327 2411 448 2466 Kal
480 2411 980 2484 σαλευθήσονται·
1007 2411 1197 2466 ὕδατα
1232 2411 1348 2465 ἀπὸ
1381 2409 1492 2478 τῆς
1515 2409 1742 2466 θαλάσο

18 2553 24 2564 ,
91 2520 253 2572 σης
287 2504 409 2571 ἕως
441 2504 553 2574 τῆς
583 2503 923 2573 θαλάσσης,
953 2505 1054 2559 καὶ
1089 2502 1210 2559 ἀπὸ
1233 2501 1428 2573 ,βορῤᾶ
1448 2503 1561 2570 ἕως
1594 2503 1740 2558 ἀνα-

18 2647 30 2666 ,
94 2594 361 2660 τολῶν,
390 2595 890 2666 περιδρομοῦνται
920 2594 1235 2665 ζητοῦντες
1263 2594 1372 2649 τὸν
1403 2595 1591 2665 λόγον
1618 2598 1738 2649 Kv-

18 2665 26 2754 ,I
94 2687 292 2756 ρίου,
350 2687 451 2742 καί
484 2690 555 2743 οὐ
582 2665 669 2758 μὴ
719 2688 970 2757 εὕρωσι·
1023 2687 1104 2742 διὸ
1150 2687 1246 2742 καὶ
1293 2689 1352 2741 ἐν
1394 2687 1589 2758 ἐρήμῳ
1629 2686 1739 2740 τῶν

18 2837 30 2858 ν
101 2777 356 2850 ἀρετῶν
393 2778 546 2842 ὅντες
574 2777 956 2851 ἐπλανώμεθα,
991 2778 1228 2858 ποδηγδν
1253 2778 1348 2830 καὶ
1379 2777 1626 2848 ἡγεμόνα
1661 2776 1737 2848 μὴ

101 2867 384 2941 ἔχοντες,
472 2868 724 2940 ἑπόμενοι
755 2870 934 2942 εὑρεῖν
955 2864 1134 2922 οἷοίτε
1160 2853 1302 2940 ἦμεν
1329 2867 1465 2940 μετά
1497 2868 1595 2940 τὴν
1619 2868 1736 2922 ὁδὸν

18 2935 28 3038 ξ
104 2935 298 3011 πόλιν
333 2953 395 3012 εὖ
425 2935 856 3030 διατεταγμένην
899 2958 1029 3031 ἱερῷ
1072 2935 1244 3030 νόμῳ,
1289 2935 1350 3013 ἐν
1461 2935 1736 3013 κατοικεῖν

18 3045 22 3126 ς
109 3051 460 3124 ἠδυνάμεθα
508 3051 582 3124 μὴ
634 3051 1077 3125 ἀναχωροῦντεςο
1116 3051 1252 3123 αὕτη
1282 3052 1342 3106 δέ
1382 3055 1530 3108 ἐστιν
1565 3054 1734 3126 ἀρετὴ

18 3135 28 3218 ξ
112 3147 228 3200 καὶ
263 3144 408 3200 Θεοῦ
435 3144 617 3215 σοφία.
652 3147 762 3201 Kal
791 3144 1127 3213 ἐκέκραξαν
1149 3144 1300 3214 πρὸς
1325 3146 1548 3214 Κύριον
1568 3145 1638 3199 ὲν
1655 3143 1735 3212 τῷ
1761 3189 1804 3247 C

19 3233 28 3311 ς
115 3237 451 3290 θλίϐεσθαι
475 3236 716 3304 αὐτοὺς,
747 3238 846 3291 καὶ
870 3237 938 3290 ἐκ
967 3235 1087 3290 τῶν
1111 3234 1393 3307 ἀναγκῶν
1415 3235 1616 3292 αὐτῶν
1640 3236 1736 3306 ἑ·ρο

18 3325 27 3404 ξ
112 3328 373 3395 ῥύσατο
405 3327 645 3394 αὐτούς.
684 3327 806 3382 Τῶν
853 3326 1024 3381 ἐθνῶν
1068 3326 1324 3381 ἁπάντων
1361 3326 1732 3399 πλανωμένων

18 3419 28 3496 ξ
122 3420 191 3472 ὲν
215 3422 295 3492 γῇ
322 3420 517 3492 ἐρήμῳ
539 3420 634 3473 καὶ
662 3419 898 3494 ἀνύδρῳ,
927 3421 1141 3492 καὶτῆς
1161 3419 1342 3492 ψυχῆς
1364 3419 1544 3474 αὐτῶν
1565 3421 1734 3473 ἐκλει-

123 3511 355 3581 πούσης
377 3510 436 3576 ἐξ
461 3512 725 3584 ἀτροφίας
752 3511 1036 3585 σωτηρίων
1064 3512 1257 3581 λόγων,
1283 3513 1453 3566 ἐϐόων
1480 3512 1618 3584 πρὸς
1640 3513 1732 3567 τὸν

18 3583 26 3614 ί
127 3605 276 3659 Θεὸν
309 3603 660 3668 ἱκετεύοντες,
691 3603 872 3658 κοινὸν
917 3605 1090 3658 ἅπασι
1119 3603 1584 3677 καταπεμφθῆναι
1619 3605 1732 3659 Σω-

18 3683 26 3709 ’
127 3698 306 3768 τῆρα.
331 3696 440 3750 Kal
463 3696 797 3765 ὲκέκραξαν
823 3694 975 3765 πρὸς
999 3697 1302 3766 Κύριονέν
1322 3695 1404 3763 τῷ
1424 3699 1730 3753 θλίϐεσθαι

22 3853 24 3856 ν
133 3789 385 3852 αὐτούς.
411 3787 559 3851 Τοὺς
583 3790 1095 3863 ἐγκεχειρισμένους
1124 3789 1322 3855 αὐτοὺς
1349 3791 1730 3863 ὑπερπὰσχον-

18 3866 24 3898 ⁵
131 3895 235 3942 τες
264 3879 356 3932 καὶ
386 3879 822 3952 ὑπεραλγοῦντες
849 3880 1032 3936 αὐτῶν
1060 3883 1154 3936 καὶ
1179 3882 1459 3954 διψώντων
1501 3885 1595 3937 καὶ
1625 3884 1727 3955 τὴν

18 3957 24 3990 ⁵
133 3969 321 4041 ψυχὴν
341 3969 438 4044 ήδη
459 3971 527 4025 δι’
552 3973 819 4044 ἀτροφίαν
845 3975 1229 4046 ἐκλειπόντων,
1256 3976 1427 4030 ἐϐόων
1449 3976 1603 4029 αὐτοὶ
1631 3977 1727 4030 καὶ

142 4061 375 4132 ἔκραζον
424 4064 561 4135 πρὸς
603 4064 831 4135 Κύριον,
879 4065 1022 4139 ὑπὲρ
1065 4067 1176 4121 τῶν
1225 4069 1442 4122 οἰκείων
1494 4068 1726 4133 ἕκαστος

143 4157 556 4228 πρεσϐεύοντες.

225 4251 325 4305 Kal
347 4251 659 4321 ὡδήγησεν
678 4254 899 4320 αὐτοὺς
927 4257 1014 4322 εις
1042 4255 1188 4310 ὁδὸν
1211 4256 1468 4323 εὐθεῖαν,
1497 4256 1604 4310 τοῦ
1627 4271 1725 4310 πο-

143 4341 424 4414 ρευθῆναι
463 4346 548 4409 είς
593 4346 776 4399 πόλιν
813 4348 1290 4415 κατοικητηρίου.
1337 4347 1724 4418 Ἐξομολογη-

148 4435 473 4491 σάσθωσαν
505 4435 588 4502 τῷ
624 4439 819 4506 Κυρίῳ
845 4438 918 4491 τὰ
946 4435 1088 4504 ὲλέη
1116 4437 1326 4501 αὑτοῦ,
1361 4440 1458 4493 καί
1486 4440 1556 4494 τὰ
1581 4443 1722 4493 θαυ-

146 4528 329 4599 μάσια
353 4528 536 4583 αὑτοῦ
562 4528 686 4596 τοῖς
711 4529 864 4596 υἱοῖς
885 4529 1004 4582 τῶν
1023 4529 1366 4598 ἀνθρώπων.
1399 4532 1464 4584 Ol
1495 4533 1593 4603 μέν
1611 4533 1719 4604 γάρ

151 4620 515 4693 ἐπλανήθησαν
541 4622 599 4674 ἐν
621 4623 691 4692 γῇ
717 4621 910 4692 ἐρήμῳ
937 4621 1031 4673 καὶ
1059 4620 1291 4692 ἀνύδρῳ,
1316 4621 1475 4675 τοῦτο
1498 4620 1715 4692 πρῶτον

152 4711 355 4783 νόσημα
378 4713 728 4785 νενοσηκότες
757 4712 818 4764 τὸ
841 4713 941 4784 τῆς
967 4711 1198 4785 πλάνηςο
1234 4715 1327 4768 καὶ
1353 4714 1589 4785 δευτέρῳ
1615 4731 1716 4766 κα-

159 4802 240 4874 κῷ
268 4806 641 4874 περιπεσόντες
679 4804 798 4858 ὁδὸν
833 4805 1042 4869 πόλεως
1083 4806 1505 4879 κατοικητηρέου
1538 4806 1718 4859 αὐτῶν

159 4896 254 4967 οὐχ
294 4889 457 4968 εὗρονο
510 4899 606 4952 καὶ
656 4899 840 4970 τρίτον
888 4897 947 4952 δέ
979 4897 1177 4962 αὐτοὺς
1215 4899 1472 4972 περιέσχε
1523 4899 1714 4965 κακὸν,

162 4988 372 5062 ἐπείπερ
395 4986 534 5062 ἦσαν
561 4993 851 5056 πεινῶντες
875 4993 969 5046 καὶ
999 4992 1282 5064 διψῶντες,
1309 4991 1387 5058 ὡς
1415 4994 1516 5066 τὴν
1539 4995 1717 5067 ψυχὴν

163 5078 326 5134 αὐτῶν
357 5080 625 5136 ἐκλείπειν
661 5085 717 5136 ἐν
757 5085 959 5148 αὐτοῖς.
1001 5085 1059 5138 '0
1083 5084 1140 5138 δὲ
1174 5085 1556 5158 φιλάνθρωπος
1583 5088 1716 5153 Θεὸς

165 5174 250 5227 κα)⁵
278 5175 465 5244 ἀγαθὸς
491 5175 682 5247 Σωτὴρ
719 5177 934 5248 πρῶτον
965 5178 1063 5250 μὲν
1087 5177 1371 5252 ὡδήγησεν
1399 5181 1595 5245 αὐτοὺς
1636 5185 1716 5246 εἰς

167 5267 271 5321 ὁδὸν
290 5267 508 5322 εύθεῖαψ
540 5269 731 5323 ἔπειτα
763 5270 964 5339 ἔδειξεν
990 5275 1172 5338 αὐτοῖς
1199 5274 1317 5337 πῶς
1340 5275 1445 5347 χρὴ
1479 5275 1715 5346 βαδίζειν

171 5360 257 5432 τὴν
283 5361 532 5434 φέρουσαν
572 5365 652 5426 εἰς
679 5363 776 5435 τὴν
808 5363 962 5419 πόλιν
1003 5366 1094 5420 τοῦ
1127 5369 1569 5441 κατοικητηρίου.
1605 5370 1715 5423 Καὶ

172 5453 245 5518 τίς
263 5454 319 5509 ἂν
339 5455 414 5529 εἴη
446 5459 480 5529 ὴ
515 5457 697 5510 εὐθεῖα
727 5457 844 5522 ὁδὸς
873 5459 906 5530 ἢ
935 5459 964 5511 ό
997 5462 1261 5533 σωτήριος
1304 5460 1462 5531 λόγος
1491 5463 1520 5516 ὁ
1550 5463 1716 5531 εὐαγ-

175 5544 373 5614 γελικὸς,
403 5549 430 5602 ὁ
465 5541 622 5620 μόνος
660 5551 808 5621 ἡμᾶς
839 5550 986 5618 ἄγων
1017 5552 1097 5615 είς
1129 5552 1230 5624 τὴν
1271 5553 1594 5625 ἐπουράνιον
1627 5553 1716 5606 πό-

177 5643 261 5693 λινο
287 5641 336 5693 ἐν
359 5631 391 5715 ᾖ
417 5642 694 5714 γενόμενοι
730 5643 791 5696 τὸ
825 5645 1247 5717 κατοικητήριον
1285 5646 1442 5718 ήμῶν
1488 5647 1714 5720 εὑρήσο-

179 5747 288 5808 per;
330 5727 1010 5804 Ἐξομολογησάσθωσαν
1070 5735 1152 5802 τῷ
1205 5738 1398 5806 Κυρίῳ
1455 5739 1525 5792 τὰ
1569 5738 1712 5794 ἑλέη

239 5913 278 5947 ’³
309 5911 456 5971 Amos
490 5931 622 5978 vnt,
664 5916 720 5971 Ii
749 5954 764 5979 ,
806 5913 893 5971 12.

287 6005 296 6015 ’
422 6011 696 6075 ΡΑτειοι..
737 6015 856 6076 Gn.
892 6013 1133 6076 XXIII.

1926 1118 2093 1174 Vens.
2131 1120 2184 1176 5.
2227 1119 2554 1174 Erraverunt
2583 1122 2639 1173 in
2671 1119 2960 1174 solitudine
2995 1129 3045 1174 et
3077 1120 3131 1173 in
3161 1120 3439 1189 inaquoso,

1854 1212 1992 1266 viam
2027 1212 2256 1266 civitatis
2295 1211 2590 1266 habitaculi
2636 1227 2742 1264 non
2784 1211 3132 1265 invenerunt:
3155 1211 3440 1264 esurientes

1851 1312 1902 1358 et
1936 1304 2198 1369 sitientes,
2235 1305 2416 1358 anima
2445 1321 2629 1360 eorum
2655 1306 2712 1359 in
2742 1305 2874 1375 ipsis
2907 1303 3119 1373 defecit.
3145 1301 3258 1358 Nos
3285 1301 3439 1358 scili-

1851 1406 1939 1452 cet
1975 1397 2067 1468 qui
2103 1403 2230 1451 ante
2256 1396 2499 1451 divinum
2549 1394 2859 1452 Servatoris
2889 1395 3065 1450 nostri
3110 1394 3339 1458 cultum,
3383 1392 3438 1447 in

1847 1489 1958 1544 vita
2006 1487 2354 1560 inl‘rugifera,
2393 1488 2665 1558 inaquosa
2707 1488 2993 1560 sterilique
3039 1487 3170 1542 olim
3213 1487 3435 1543 erraba-

1846 1597 1993 1646 mus,
2025 1596 2150 1636 cum
2182 1589 2374 1654 gentes
2405 1581 2820 1638 irrationabiles
2863 1597 3135 1648 essemus,
3165 1591 3329 1649 atque
3369 1577 3434 1632 ad

1845 1679 1997 1727 muta
2027 1672 2172 1728 idola
2201 1673 2603 1728 abduceremur
2629 1695 2642 1730 :
2670 1675 2762 1746 qui
2793 1687 3079 1744 nunquam
3117 1670 3265 1727 viam
3301 1669 3438 1723 civi-

1847 1766 1977 1820 tatis
2011 1766 2310 1820 habitaculi
2353 1765 2760 1833 inveneramus,
2797 1783 2922 1822 cum
2949 1765 3111 1821 alieni
3135 1777 3436 1820 essemusa

1781 1840 1820 1894 Β
1846 1856 2071 1911 civitate
2112 1855 2354 1921 Israelis,
2391 1873 2516 1913 cum
2559 1859 2768 1913 nullam
2812 1874 2963 1930 spem
3010 1857 3340 1911 haberemus
3380 1862 3436 1909 et

1847 1945 1992 2000 athei
2016 1945 2073 2000 in
2105 1945 2314 2000 mundo
2337 1961 2588 2003 essemus
2614 1967 2627 2002 :
2655 1949 2749 2019 qui
2785 1948 2915 2004 olim
2940 1947 3068 2002 odio
3099 1959 3346 2009 eramus,
3376 1945 3436 1999 in

1845 2034 1989 2090 l'ame
2021 2042 2077 2090 et
2111 2034 2201 2091 siti
2230 2036 2414 2090 animo
2443 2035 2784 2104 deﬁcientes,
2822 2037 2968 2110 quod
3016 2035 3332 2092 rationabili
3379 2047 3435 2091 et

1843 2126 2055 2182 caelesti
2081 2127 2206 2183 cibo
2236 2130 2621 2202 spiritualique
2654 2140 2784 2202 potu
2811 2131 3012 2203 privati
3038 2145 3310 2196 essemus,
3341 2143 3433 2185 se-

1848 2220 2088 2275 cundum
2117 2220 2249 2276 illttd
2281 2239 2294 2276 :
2325 2220 2580 2277 Emittam
2615 2241 2720 2279 non
2749 2223 2943 2294 famem
2971 2223 3149 2292 panis,
3179 2238 3341 2293 neque
3361 2221 3437 2275 si-

1843 2313 1938 2366 tim
1969 2329 2153 2385 aquw;
2197 2315 2286 2369 sed
2329 2315 2527 2386 famem
2562 2316 2814 2373 audiendi
2846 2316 3054 2373 verbum
3089 2314 3326 2371 Domini.
3361 2314 3434 2370 Et

1841 2409 2307 2463 commovebuntur
2347 2423 2500 2481 aqua:
2527 2429 2559 2466 a
2593 2413 2732 2466 mari
2780 2428 2942 2484 usque
2973 2410 3042 2465 ad
3071 2427 3238 2476 mare,
3282 2419 3332 2464 et
3365 2411 3431 2463 ab

1840 2501 2086 2571 aquilone
2123 2520 2287 2574 usque
2325 2502 2395 2557 ad
2437 2505 2686 2559 orientem
2728 2520 2747 2558 :
2792 2505 3091 2559 circuibunt
3141 2513 3430 2576 querentes

1840 2592 2051 2648 verbum
2116 2594 2375 2660 Domini,
2428 2604 2479 2649 et
2529 2612 2634 2650 non
2697 2593 3315 2667 invenient";.idcirco
3373 2597 3431 2649 in

1839 2683 2058 2742 deserto
2082 2687 2345 2743 virtutum
2382 2687 2718 2744 exsistentes
2757 2689 3103 2754 errabamus,
3136 2688 3333 2744 ducem
3366 2703 3432 2744 ac

1839 2780 2146 2850 principem
2186 2796 2296 2836 non
2344 2781 2514 2845 nacti,
2546 2796 2710 2851 quem
2742 2791 3038 2853 sequentes
3069 2781 3304 2839 decursa
3343 2782 3428 2836 via

1838 2872 2080 2942 reperire
2101 2887 2388 2943 possemus
2413 2872 2688 2928 civitatem
2717 2889 2872 2930 sacra
2892 2875 3008 2946 lege
3027 2876 3132 2930 rite
3153 2876 3428 2931 constitu-

1836 2969 1969 3026 tam,
1993 2962 2047 3016 in
2066 2977 2170 3033 qua
2190 2963 2434 3020 habitare
2458 2979 2764 3034 possemus,
2786 2982 3068 3038 nunquam
3091 2965 3216 3022 inde
3247 2981 3426 3023 reces-

1836 3057 1980 3113 suri:
2003 3056 2116 3112 bare
2137 3065 2318 3113 autem
2339 3065 2423 3113 est
2441 3059 2614 3114 virtus
2628 3067 2678 3112 et
2696 3055 2786 3114 Dei
2807 3057 3343 3130 sapientia.-—Vrns.
3369 3057 3423 3115 6.

1841 3145 1910 3200 Et
1939 3147 2306 3200 clamat-erunt
2344 3147 2414 3200 ad
2449 3148 2733 3201 Dominum
2770 3164 2889 3201 cum
2922 3147 3332 3217 tribularentur,
3376 3159 3425 3204 et

1839 3240 2240 3294 necessitatibus
2275 3257 2458 3315 eorum
2489 3241 2679 3310 eripuit
2705 3257 2813 3294 eos.
2843 3238 3046 3297 Gentes
3079 3257 3272 3297 omnes
3301 3257 3424 3297 cum

1837 3330 1892 3385 in
1932 3331 2151 3388 deserto
2179 3342 2235 3387 et
2285 3333 2555 3402 inaquoso
2601 3341 2872 3399 errarent,
2908 3343 3071 3406 atque
3108 3335 3289 3389 anima
3334 3349 3423 3390 ea-

1835 3440 1957 3479 rum
2015 3441 2082 3480 ex
2129 3427 2362 3496 penuria
2411 3426 2735 3482 salutarium
2785 3427 3076 3483 verborum
3142 3426 3422 3493 deﬁceret,

1835 3513 2146 3570 clamabant
2189 3516 2255 3571 ad
2308 3514 2478 3571 Deum
2534 3519 2944 3588 supplicantes,
2995 3530 3055 3575 ut
3112 3520 3420 3576 communis

1833 3607 2092 3664 omnibus
2137 3608 2400 3664 Servator
2442 3611 2798 3666 mitteretur:
2834 3611 2902 3666 Et
2954 3611 3314 3668 clamauerunt
3351 3614 3420 3668 ad

1837 3698 2118 3756 Dominum
2147 3719 2263 3755 cum
2300 3703 2707 3758 tribularentur.
2752 3703 2998 3776 Captivis
3035 3707 3417 3771 condolentes,

1829 3807 1894 3848 ac
1925 3808 2053 3864 erga
2095 3794 2350 3850 sitientes
2382 3805 2435 3849 et
2481 3811 2592 3866 pra:
2623 3795 2731 3850 cibi
2789 3797 3019 3866 penuria
3070 3798 3255 3852 animo
3283 3797 3416 3854 deli-

1830 3883 2040 3939 cientes
2070 3885 2450 3940 misericordia
2475 3886 2631 3953 moti,
2665 3885 2979 3940 clamabant
3011 3889 3112 3958 ipsi
3143 3897 3198 3943 et
3220 3887 3414 3944 vocife-

1829 3975 2095 4030 rabantur
2115 3976 2183 4030 ad
2205 3975 2519 4042 Dominum,
2546 3992 2645 4047 pro
2669 3979 2786 4033 suis
2808 3977 3412 4050 singuli,deprecantes.

1900 4235 2066 4291 Vens.
2097 4237 2148 4300 7,
2183 4236 2236 4290 8.
2282 4236 2350 4290 Et
2369 4236 2588 4291 deduxit
2608 4255 2695 4293 eos
2719 4240 2772 4293 in
2794 4241 2932 4295 ciam
2954 4253 3170 4312 rectam,
3193 4257 3252 4300 ut
3275 4249 3411 4304 irent

1825 4325 1878 4378 in
1907 4326 2169 4381 civitatem
2204 4327 2572 4382 habitationis.
2599 4327 2969 4400 Conﬁteantur
2997 4333 3224 4390 Domino
3254 4339 3411 4394 mise-

1826 4418 2074 4472 ricordia:
2112 4420 2250 4489 ejus,
2281 4428 2331 4474 et
2361 4420 2634 4474 mirabilia
2670 4421 2786 4493 ejus
2827 4423 2958 4492 [iliis
3003 4425 3295 4483 hominum.
3329 4429 3408 4486 Illi

1825 4511 2095 4582 siquidem
2129 4524 2457 4568 erraverunt
2491 4514 2548 4568 in
2592 4521 2740 4570 terra
2772 4515 2991 4572 deserta
3026 4529 3080 4574 et
3117 4519 3407 4592 inaquosa,

1825 4605 1927 4658 hac
1957 4607 2133 4676 prima
2169 4606 2516 4677 aegritudine,
2549 4611 2758 4665 erraris
2793 4611 3025 4672 scilicet,
3071 4613 3406 4675 laborantes.

1823 4697 1963 4752 Hinc
1989 4699 2041 4752 in
2073 4699 2374 4753 secundmn
2407 4701 2609 4755 malum
2633 4701 2864 4773 delapsi,
2890 4703 3031 4759 viam
3065 4708 3326 4774 civitatis,
3353 4711 3406 4765 in

1820 4807 1926 4862 qua
1960 4792 2296 4856 habitarent,
2331 4807 2440 4846 non
2487 4795 2818 4850 invenerunt
2852 4815 2865 4851 :
2896 4811 2960 4852 ac
2990 4800 3212 4854 tertium
3257 4803 3404 4873 ipsos

1820 4884 2026 4938 malum
2062 4884 2285 4949 invasit,
2322 4885 2452 4955 quia
2486 4885 2805 4942 esuriebant
2832 4895 2888 4943 et
2921 4889 3201 4957 sitiebant,
3248 4893 3323 4947 ita
3348 4904 3403 4950 ut

1819 4977 2001 5030 anima
2051 4992 2242 5031 eorum
2290 4977 2346 5030 in
2391 4976 2530 5046 ipsis
2578 4977 2856 5036 deﬁceret.
2901 4981 3177 5055 Benignus
3225 4997 3402 5043 autem

1820 5068 1966 5124 Deus
2000 5085 2064 5123 ac
2107 5070 2287 5125 bonus
2319 5068 2593 5134 Salvator,
2621 5070 2800 5141 primo
2821 5074 3040 5144 quidem
3065 5077 3289 5133 deduxit
3309 5096 3400 5139 eos

1819 5162 1873 5216 in
1915 5163 2059 5216 viam
2107 5171 2351 5230 rectam;
2399 5161 2600 5219 deinde
2643 5163 2831 5220 docuit
2878 5182 2975 5223 eos
3004 5183 3113 5239 quo
3147 5180 3309 5240 pacto
3348 5173 3399 5230 in

1819 5260 1904 5313 via
1944 5258 2010 5312 ad
2044 5257 2322 5313 civitatem
2376 5258 2676 5314 habitaculi
2721 5259 2978 5326 ducente,
3019 5263 3396 5332 graderentur.

1817 5350 2004 5422 Ecqua
2048 5366 2180 5406 vero
2216 5351 2307 5404 illa
2362 5360 2514 5406 recta
2557 5350 2647 5406 via
2708 5351 2911 5416 fuerit,
2970 5352 3076 5407 nisi
3142 5355 3394 5415 salutaris

1817 5460 2000 5502 sermo
2030 5445 2404 5516 evangelicus,
2438 5445 2532 5516 qui
2565 5445 2717 5501 solus
2761 5460 2862 5501 nos
2892 5445 2959 5498 ad
2990 5447 3271 5503 caelestem
3307 5451 3393 5506 du-

1817 5540 1893 5594 cit
1919 5539 2234 5606 eivitatem;
2289 5539 2342 5593 in
2373 5555 2480 5609 qua
2517 5539 2826 5605 constituti,
2871 5539 3242 5596 habitaculum
3297 5560 3390 5600 no-

1816 5641 1991 5688 strum
2020 5632 2404 5703 reperiemus?
2435 5631 2806 5702 Conﬁteantur
2835 5631 3064 5687 Domino
3101 5636 3390 5691 misericor-

1815 5726 1920 5783 dia:
1948 5726 2085 5799 ejus,
2129 5734 2180 5782 et
2222 5725 2494 5782 mirabilia
2527 5727 2640 5797 ejus
2683 5726 2812 5796 ﬁliis
2858 5725 3173 5782 hominum:
3206 5731 3388 5800 praedi-

3004 6011 3080 6073 1ιὲ
