3954 7146
552 427 689 475 Ibis

1251 411 1514 464 LUSEBII
1553 402 2035 464 CA‘JSARIENSIS
2071 401 2145 459 ΟΕ

2263 400 2445 458 PARS
2473 398 2567 454 111.
2601 395 3084 455 -—EX‘EGETICA.

3723 383 3852 441 ᾖξε

550 545 742 596 cantes
769 534 1026 590 omnibus
1059 531 1184 585 filiis
1211 530 1514 594 hominum,
1549 535 1610 582 ut
1629 540 1822 581 omnes
1845 525 1914 580 de
1945 523 2122 595 gratia

2252 522 2430 589 ιύτοῦ,
2459 521 2558 574 καὶ
2587 519 2660 574 τὰ
2686 514 2990 587 θαυμάσια
3017 511 3202 569 αὐτοῦ
3223 511 3353 579 τοῖς
3371 508 3537 575 υιοῒς
3571 506 3746 562 τῶν
3783 505 3854 554 ἁ

552 631 646 685 Dei
684 631 739 684 in
769 643 870 684 nos
903 625 1125 687 collata,
1158 621 1334 690 deque
1359 620 1482 689 ejus
1512 617 1888 673 misericordia
1927 613 2126 670 certio-

554 739 642 778 res
672 719 872 786 effecti,
899 717 966 771 ad
991 716 1222 772 salutem
1247 726 1604 782 properemus
1635 716 1902 764 nostram.

627 1005 795 1061 Vsus.
821 1002 977 1058 9-H.
1023 999 1162 1066 Quia
1189 995 1402 1051 satiavit
1426 993 1665 1045 animam
1686 989 1917 1050 inanem,
1941 977 1990 1038 et
2013 981 2130 1035 ani~

557 1116 698 1154 mam
727 1098 1045 1152 esurientem
1075 1091 1288 1162 replevit
1330 1087 1500 1150 bonis,
1534 1082 1767 1138 sedentes
1815 1079 1870 1131 in
1905 1073 2129 1130 tenebris

555 1205 604 1250 et
626 1194 812 1247 umbra
835 1189 1041 1251 mortis,
1068 1187 1264 1240 vinctos
1290 1184 1346 1236 in
1376 1179 1708 1235 mendicitate
1733 1183 1782 1229 et
1803 1173 1964 1243 ferro.
1990 1169 2131 1235 Quia

555 1283 1000 1341 exacerbauerunt
1033 1277 1243 1348 eloquia
1289 1272 1525 1334 Domini,
1557 1278 1606 1324 et
1645 1265 1924 1322 consilium
1963 1262 2133 1316 Altis-

557 1377 681 1431 simi
710 1375 1073 1428 irritaverant.
1105 1367 1367 1422 Umbram
1394 1363 1588 1418 mortis
1616 1360 1662 1416 si
1687 1355 2050 1415 idololatriam
2079 1359 2135 1407 et

559 1467 762 1538 impias
801 1464 1046 1518 actiones
1093 1459 1322 1520 dixeris,
1373 1454 1692 1524 neutiquam
1747 1450 1993 1504 aberres.
2041 1443 2135 1498 Ha:

556 1535 760 1630 quippe
792 1563 922 1611 sunt
960 1567 1081 1624 quae
1117 1565 1220 1605 nos
1242 1563 1273 1602 a
1305 1562 1432 1602 vera
1467 1545 1579 1599 vita
1622 1545 1926 1599 semovent.
1954 1536 2012 1591 In
2047 1535 2134 1590 his

559 1625 728 1721 porro
756 1655 918 1701 antea
953 1641 1333 1699 versabamur,
1371 1635 1593 1707 quando
1624 1631 1794 1687 Deum
1843 1625 2137 1684 exacerba-

558 1720 775 1806 hamus,
796 1748 850 1796 et
870 1737 1161 1794 consilium
1183 1729 1445 1787 Altissimi
1469 1726 1835 1782 irritahamus.
1853 1720 1989 1775 Nam
2010 1733 2134 1773 cum

559 1833 894 1906 oportuisset
937 1845 1005 1885 ex
1031 1822 1405 1896 magnitudine
1445 1828 1500 1875 et
1545 1813 1952 1887 pulchritudine
1975 1824 2135 1866 crea-

2227 613 2492 682 θρὼπων·
2518 610 2889 683 κηρύσσοντες
2917 609 2996 672 εἰς
3022 605 3228 669 πάντας
3247 605 3377 668 τοὺς
3403 603 3562 664 υἱοὺς
3591 598 3758 653 “In:
3793 611 3874 646 ει-

2227 703 2484 776 θρώπων,
2525 703 2674 765 ὅπως
2710 702 2760 755 ol
2802 701 3025 762 πάντες,
3069 697 3167 768 τὴν
3213 695 3377 767 χάριν
3423 695 3530 764 τὴν
3562 695 3664 755 εἰς
3711 691 3868 758 ἐκεῖ

2228 795 2598 867 γεγενημένην
2629 795 2724 848 καὶ
2750 791 2820 846 τά
2852 791 2975 863 ὲλὲη
3014 789 3108 843 τοῦ
3141 789 3275 842 Θεοῦ
3313 787 3618 859 μαθόντες,
3675 792 3874 835 σεε-ι

2231 904 2411 958 σωμεν
2443 887 2536 939 ἐπὶ
2569 885 2666 957 τὴν
2691 883 2870 940 αὐτῶν
2904 881 3195 953 σωτηρίαν.

2301 1001 2424 1053 Ὅτι
2453 998 2743 1068 ἐχόρτασε
2765 993 2980 1065 ψυχὴν
3001 993 3208 1063 κενὴν,
3230 991 3332 1046 καὶ
3361 990 3594 1061 ψυχὴν
3617 986 3872 1043 χείρ-ἆ-

2231 1108 2352 1146 σαν
2386 1089 2725 1157 ἐνέπλησεν
2768 1087 3026 1158 ἀγαθῶν,
3068 1083 3460 1154 καθημένους
3507 1081 3584 1135 ἐν

2232 1184 2330 1238 xal
2355 1180 2500 1249 σκιᾷ
2519 1179 2797 1244 θανάτου,
2826 1176 3276 1246 πεπεδημένους
3310 1176 3386 1229 ὲν
3422 1173 3734 1242 πτωχείᾳ
3773 1190 3868 1222 ε

2233 1276 2476 1346 σιδήρῳ.
2507 1278 2629 1328 Ὅτι
2655 1273 3108 1342 παρεπίκραναν
3132 1269 3204 1323 τὰ
3225 1269 3407 1337 λόγια
3433 1265 3567 1320 τοῦ
3595 1269 3846 1332 Erga-6c"?

2234 1370 2335 1425 καὶ
2358 1370 2473 1438 τὴν
2499 1367 2746 1435 ,βουλὴν
2771 1365 2876 1419 τοῦ
2919 1363 3200 1432 Ὑψίστου
3231 1359 3646 1431 παρώξυναν.

2235 1460 2466 1516 θανάτου
2498 1459 2600 1512 οὐκ
2637 1457 2702 1510 ἂν
2732 1455 3000 1528 ἁμάρτοις
3031 1453 3206 1523 λέγων
3233 1453 3334 1524 τὴν
3369 1450 3866 1519 εἰδωλολατρωι

2235 1551 2332 1605 καὶ
2355 1549 2453 1614 τὰς
2476 1549 2533 1602 ὲν
2555 1547 2808 1618 ἀθεότητι
2836 1545 3086 1618 πράξεις.
3118 1540 3288 1598 Λῦται
3315 1543 3437 1614 γάρ
3467 1543 3632 1595 εἰσιν
3657 1543 3734 1594 αἱ
3771 1559 3874 1608 κεσ-

2237 1645 2482 1718 ρίζουσαι
2533 1644 2681 1715 ἡμᾶς
2725 1642 2825 1712 τῆς
2876 1633 3138 1710 ἀληθινῆς
3168 1635 3334 1706 ζωῆς.
3389 1635 3489 1688 Ἑν
3519 1634 3788 1697 ταύταις
3823 1635 3868 1686 ἃ

2235 1731 2377 1806 ἦμεν
2406 1732 2692 1805 πρότερον,
2721 1731 2810 1785 διὰ
2840 1730 2902 1784 τὸ
2930 1726 3392 1798 παραπικραίνειν
3423 1725 3532 1778 τὸν
3563 1723 3746 1788 Scins,
3787 1744 3870 1776 ε.

2239 1827 2338 1898 τὴν
2380 1824 2576 1895 βουλὴν
2627 1819 2721 1876 τοῦ
2779 1819 3034 1890 Ὑψίστου
3063 1817 3414 1890 παροξύνειν.
3449 1817 3606 1870 Δέον
3649 1818 3780 1884 γὰρ
3815 1819 3862 1864 ἐι

560 1934 807 1980 :urarum
832 1920 1081 1992 opificem
1109 1917 1487 1971 universorum
1505 1907 1879 1976 contemplari,
1909 1914 1963 1959 et
1991 1917 2137 1958 sem-

2252 1917 2505 1992 μεγέθους
2535 1916 2630 1970 καὶ
2666 1914 2926 1985 καλλονῆς
2969 1913 3284 1984 κτισμάτων
3311 1912 3410 1965 τὸν
3446 1926 3842 1978 faveam)”

561 2017 830 2088 piternam
852 2013 974 2082 ejus
990 2010 1248 2064 virtutem
1281 1999 1728 2070 divinitatemque
1761 2012 1828 2052 ex
1860 1993 2137 2050 creatione

562 2085 752 2164 mundi
783 2103 1126 2174 intelligere;
1160 2111 1261 2152 nos
1289 2100 1485 2150 contra
1532 2089 1690 2160 quasi
1720 2086 1849 2142 caeci
1883 2085 1939 2139 in
1985 2093 2139 2138 tene.

562 2201 676 2257 bris
706 2205 763 2256 et
789 2195 984 2252 umbra
1014 2191 1209 2248 mortis
1240 2187 1522 2258 degentes,
1550 2198 1615 2237 ac
1642 2178 1942 2238 secundum
1965 2176 2137 2231 ratio-

564 2291 773 2348 nabiles
802 2289 998 2344 animae
1028 2283 1261 2339 virtutes
1293 2275 1587 2348 compediti
1615 2281 1670 2330 et
1708 2270 1986 2334 excaecati,
2017 2284 2141 2322 mu-

562 2384 800 2439 lavimus
841 2378 1070 2449 gloriam
1111 2370 1416 2442 incorrupti
1465 2367 1559 2422 Dei
1613 2365 1668 2420 in
1723 2361 2138 2420 similitudinem

564 2472 818 2544 imaginis
843 2467 1089 2537 corrupti
1112 2463 1372 2526 hominis,
1404 2468 1458 2516 et
1484 2458 1790 2521 volucrum,
1821 2462 1877 2511 et
1897 2451 2141 2524 quadru-

565 2565 787 2636 pedum,
823 2570 878 2617 et
916 2559 1215 2630 reptilium.

639 2655 805 2712 Vsus.
835 2653 903 2708 12
939 2651 1026 2705 14.
1068 2647 1134 2702 Et
1159 2646 1498 2701 humiliatum
1534 2649 1611 2695 est
1653 2639 1706 2692 in
1738 2633 2008 2690 laboribus
2051 2649 2141 2686 cor

565 2765 746 2804 eorum
769 2766 788 2802 :
813 2745 1077 2816 inﬁrmati
1097 2751 1241 2804 sunt,
1267 2756 1358 2794 nec
1380 2738 1482 2808 fuit
1512 2734 1600 2806 qui
1629 2731 1924 2801 adjuvaret.
1947 2725 2142 2796 Ingens

567 2840 767 2911 quippe
807 2836 940 2891 illud
983 2833 1197 2888 facinus
1247 2830 1350 2886 soli
1383 2826 1563 2882 Verbo
1597 2823 1691 2877 Dei
1733 2818 2139 2882 reservabatur,

567 2934 635 2988 de
657 2946 765 3003 quo
795 2930 899 2987 sub
928 2929 1042 2983 haec
1064 2925 1264 2980 dicitur
1292 2943 1306 2977 :
1335 2921 1484 2975 Misit
1523 2916 1744 2971 Verbum
1772 2928 1948 2974 suum,
1971 2918 2020 2964 et
2054 2925 2144 2963 sa-

570 2998 715 3079 nauit
745 3040 855 3088 eos,
883 3031 932 3076 et
964 3018 1158 3088 eripuit
1195 3032 1282 3070 eos
1324 3012 1388 3066 de
1414 3006 1807 3065 interitionibus
1835 3019 2036 3058 eorum.
2073 2998 2142 3053 Et
2183 3030 2204 3042 κ

569 3117 930 3171 clamat-erunt
961 3111 1029 3165 ad
1051 3109 1347 3164 Dominum
1387 3119 1509 3158 cum
1547 3099 1929 3154 tribularentur
1957 3110 1974 3149 :
1998 3101 2047 3148 et
2079 3091 2144 3146 de

569 3203 968 3262 necessitatibus
1005 3215 1186 3254 eorum
1226 3195 1465 3251 liberavit
1493 3209 1601 3247 eos.
1646 3188 1715 3242 Et
1751 3186 1933 3242 eduxit
1962 3200 2050 3240 eos
2080 3183 2144 3238 de

572 3297 799 3354 tenebris
817 3305 875 3350 et
903 3293 1092 3348 umbra
1121 3289 1332 3351 mortis,
1361 3295 1410 3340 et
1445 3283 1658 3339 vincula
1689 3295 1870 3336 eorum
1893 3276 2142 3344 disrupit.

570 3385 707 3442 Nam
733 3381 1008 3456 quomodo
1029 3381 1086 3434 in
1115 3374 1539 3434 necessitatibus
1568 3387 1678 3426 non
1703 3369 1992 3431 fuerimus,
2020 3380 2145 3420 eum

573 3476 828 3548 malignis
851 3471 1192 3528 daemonibus
1222 3475 1278 3523 et
1307 3464 1594 3536 spiritibus
1631 3460 1928 3544 immundis
1973 3456 2148 3513 servi-

574 3565 796 3622 remus?
832 3564 900 3617 At
920 3559 1190 3631 benignus
1218 3565 1272 3612 et
1302 3555 1615 3611 misericors
1639 3540 1805 3618 Deus,
1835 3557 2147 3608 sanctorum

575 3655 964 3728 prOphetarum
987 3665 1052 3704 ac
1084 3646 1463 3718 religiosorum
1495 3645 1739 3698 virorum
1769 3657 1867 3712 pro
1894 3640 2053 3696 nobis
2081 3639 2149 3693 ad

574 3765 634 3805 se
659 3743 1014 3802 clamantium
1045 3753 1236 3814 preces
1263 3736 1586 3802 exaudiens,
1625 3749 1735 3790 non
1765 3732 1928 3788 modo
1956 3747 2057 3787 nos
2082 3732 2150 3786 ab

576 3841 685 3895 illis
723 3837 943 3908 eripuit,
988 3849 1178 3890 verum
1228 3831 1395 3886 etiam
1424 3842 1613 3885 eorum
1645 3826 1863 3880 vincula
1891 3824 2146 3895 disrupit.

579 3933 694 3988 lloc
731 3945 896 4002 porro
925 3927 1170 3983 declarat
1212 3925 1437 3980 uberem
1484 3928 1833 3992 peccatorum
1863 3917 2150 3972 remissio-

580 4040 726 4087 nem,
754 4037 862 4093 qua
894 4035 996 4076 nos
1033 4015 1334 4074 Salvatoris
1362 4012 1539 4069 nostri
1567 4009 1700 4066 Jesu
1729 4007 1937 4066 Christi
1974 4007 2151 4080 gratia

577 4119 836 4189 dignatus
861 4120 966 4169 est.

648 4310 934 4367 Vsus.l5-l
948 4309 998 4362 7.
1017 4306 1381 4376 Conﬁteantur
1393 4302 1618 4357 Domino
1632 4299 2004 4356 misericordia:
2015 4297 2152 4367 ejus,

580 4414 630 4460 et
643 4402 913 4458 mirabilia
937 4400 1054 4470 ejus
1076 4399 1205 4468 [iliis
1228 4395 1499 4451 hominum
1517 4412 1535 4449 :
1556 4395 1682 4464 quia
1703 4391 1948 4447 contrivit
1969 4397 2151 4460 portas

580 4511 768 4558 arcas,
796 4501 845 4548 et
869 4500 1034 4546 vectes
1066 4490 1262 4560 ferreos
1294 4487 1571 4558 confregit.
1601 4485 1840 4554 Suscepit
1865 4499 1952 4538 eos
1973 4481 2038 4537 de
2069 4481 2153 4536 via

577 4582 876 4654 iniquitatis
905 4596 1106 4645 eorum,
1129 4587 1339 4648 propter
1366 4575 1658 4647 injustitias
1682 4575 1817 4628 enim
1835 4589 1959 4626 suas
1981 4571 2145 4624 humi-

2259 4590 2449 4658 χλοὺς
2469 4589 2758 4659 σιδηροῦς
2785 4589 3189 4646 συνέθλασεν.
3240 4591 3626 4647 Ἄντελάόετο
3649 4596 3840 4650 αὐτῶν

580 4675 700 4730 tiati
730 4683 875 4729 sunt.
895 4672 1134 4742 ldipsum
1160 4670 1274 4741 jam
1321 4669 1392 4725 ob
1416 4667 1720 4739 posteriora
1737 4666 1857 4736 ejus
1889 4662 2151 4718 beneficia

578 4765 867 4836 repetitur.
915 4762 1154 4818 IEstimo
1195 4769 1376 4816 autem
1419 4759 1782 4813 humanarum
1839 4756 2147 4809 animarum

580 4859 648 4914 ad
705 4864 933 4913 mortem
968 4869 1144 4926 usque
1191 4854 1402 4922 lapsum
1457 4852 1544 4907 his
1606 4849 1874 4915 indicari;
1920 4859 2154 4917 quarum

579 4964 748 5006 causa
780 4963 919 5019 opus
955 4945 1058 5002 fuit
1086 4953 1146 5000 ut
1188 4943 1516 5015 Redemptor
1548 4951 1602 4999 et
1632 4941 1884 4996 Salvator
1909 4937 2155 4994 omnium

581 5041 650 5096 ad
682 5048 912 5098 mortem
943 5052 1118 5108 usque
1164 5034 1540 5091 descenderet.
1567 5033 1686 5100 Quo
1734 5047 1859 5086 cum
1901 5029 2053 5086 solus
2089 5043 2155 5082 ex

581 5135 840 5190 omnibus
867 5132 1107 5188 venisset
1135 5131 1393 5186 Christus
1429 5128 1543 5192 Dei,
1574 5137 1762 5198 portas
1803 5124 1947 5191 illas,
1975 5138 2096 5192 qua:
2125 5137 2155 5176 a

583 5225 783 5280 saeculo
830 5223 976 5278 ferro
1039 5221 1276 5277 occlusa:
1316 5227 1512 5287 erant,
1551 5228 1606 5274 et
1660 5216 1794 5274 nulli
1844 5214 2155 5270 mortalium

584 5322 784 5385 aperta:
820 5312 1058 5376 fuerant,
1077 5320 1240 5382 atque
1269 5309 1394 5365 ideo
1419 5325 1484 5364 ex
1505 5323 1612 5364 aere
1637 5303 1885 5362 conﬂata:
1915 5303 2154 5366 fuerant,

584 5405 882 5469 contrivit,
916 5411 971 5460 et
1011 5418 1118 5458 una
1160 5415 1350 5458 earum
1397 5407 1618 5467 vectes,
1657 5407 1815 5453 antea
1855 5394 2154 5460 infractos,

584 5495 872 5568 confregit.

651 5689 783 5746 νει-ε
804 5689 982 5748 18-23.
1005 5689 1222 5747 Omnem
1235 5707 1408 5747 escam
1426 5689 1730 5745 abominata
1741 5697 1818 5743 est
1841 5687 2022 5740 anima
2042 5703 2160 5740 eor-

587 5799 698 5846 um,
717 5793 768 5838 et
788 5785 1334 5855 appropinquaverunt
1371 5800 1534 5854 usque
1561 5782 1636 5837 ad
1653 5791 1837 5853 portas
1853 5779 2159 5836 mortis.0b

589 5873 792 5928 malum
811 5873 1062 5929 affectum
1083 5875 1394 5940 eorrm.qui
1412 5873 1790 5932 rationabilem
1804 5881 1856 5931 et
1871 5870 2158 5930 animabus

2237 2013 2346 2067 τῶν
2375 2013 2512 2066 ὅλων
2543 2011 2790 2082 θεωρεῖν,
2816 2009 2910 2062 καὶ
2941 2007 3042 2079 τὴν
3072 1993 3242 2060 ἀΐδιον
3271 2003 3451 2058 αὑτοῦ
3481 2002 3750 2074 δύναμιν
3783 2021 3860 2054 1:.

2240 2104 2490 2176 θειότητα
2513 2099 2623 2156 ἀπὺ
2654 2102 2883 2164 κτίσεως
2913 2100 3118 2172 κόσμου
3147 2099 3308 2152 νοεῖνο
3341 2099 3528 2168 ἡμεῖς
3559 2096 3629 2148 δὲ
3651 2093 3748 2148 οἶα
3785 2114 3858 2146 τε

2241 2197 2362 2268 φλοὶ
2394 2199 2452 2252 ὲν
2479 2195 2654 2266 σκότῳ
2686 2193 2781 2248 καὶ
2807 2194 2936 2265 σκιᾷ
2975 2192 3203 2247 Θανάτου
3240 2191 3575 2260 διάγοντες,
3619 2192 3718 2243 καὶ

2239 2288 2460 2359 λογικὰς
2489 2288 2588 2357 τῆς
2623 2287 2799 2358 ψυχῆς
2830 2285 3088 2357 δυνάμεις
3109 2283 3496 2354 πεπεδημένοι
3533 2281 3650 2334 καὶ
3681 2298 3856 2333 πετο-

2244 2379 2502 2452 ρωμένοι,
2529 2377 2923 2448 ὲνηλλάττομεν
2946 2376 3045 2446 τὴν
3077 2371 3234 2439 δόξαν
3255 2373 3348 2426 τοῦ
3377 2371 3702 2444 ἀφθάρτου
3725 2370 3856 2424 Θεέ

2241 2474 2300 2525 ὲν
2325 2469 2631 2542 ὁμοιώματι
2659 2469 2865 2532 εἰκόνος
2892 2466 3131 2539 φθαρτοῦ
3155 2463 3484 2538 ἀνθρώπου,
3527 2464 3645 2517 καὶ
3679 2480 3852 2516 πετε-

2242 2564 2349 2618 νῶν
2382 2565 2476 2618 καὶ
2499 2563 2844 2636 τετραπόδων
2877 2563 2970 2616 καὶ
3008 2562 3271 2634 ἑρπετῶν.

2309 2655 2423 2710 Kal
2460 2653 2819 2723 ἐταπεινώθη
2869 2653 2939 2708 ἐν
2977 2655 3187 2720 κόποις
3240 2653 3280 2721 ἠ
3332 2651 3576 2720 καρδία
3639 2649 3848 2704 αὐτὰ
3889 2657 3900 2708 'f.

2241 2747 2596 2816 ἠσθένησαν
2640 2748 2740 2801 καὶ
2772 2749 2884 2801 οὐκ
2923 2741 3003 2817 ἦν
3041 2748 3075 2799 d
3102 2744 3366 2813 βοηθῶν.
3402 2745 3728 2816 Ἐτηρείτο
3755 2745 3850 2811 7i;

2241 2841 2304 2894 τὸ
2345 2841 2486 2912 μέγα
2512 2839 2668 2893 τοῦτο
2700 2837 3030 2909 καϋρθωμα
3064 2838 3210 2909 μόνῳ
3240 2836 3316 2908 τῷ
3347 2837 3527 2908 Λόγῳ
3561 2835 3676 2890 τοῦ
3703 2836 3842 2888 Θεςιί.

2244 2937 2372 3009 περὶ
2396 2931 2458 2988 οὗ
2480 2934 2606 3006 ἑξῆς
2632 2931 2864 3006 εἴρηται·
2904 2930 3238 2986 Ἀπέστειλε
3258 2929 3366 2984 τὸν
3391 2930 3622 3000 Λόγον
3648 2929 3846 2984 αὐπέ.

2243 3029 2343 3083 καὶ
2385 3026 2594 3082 ἰάσατο
2637 3025 2879 3090 αὐτοὺς,
2919 3024 3018 3078 καὶ
3062 3021 3446 3092 ἐλυτρώσατο
3495 3024 3747 3088 αὐτοὺς
3787 3024 3840 3075 ἐι

2243 3114 2363 3170 τῶν
2391 3113 2727 3184 διαφθορῶν
2754 3111 2973 3169 αὐτῶν.
3003 3113 3112 3166 Kal
3142 3112 3486 3182 ὲκέκραξαν
3531 3114 3708 3181 πρὸς
3745 3116 3842 3165 Κει-

2170 3247 2216 3306 c
2240 3225 2376 3308 ριον
2497 3207 2576 3308 τῇ)
2609 3208 2913 3308 θλίϐεσθαι
2958 3205 3200 3272 αὐτοὺς,
3241 3205 3337 3259 καὶ
3376 3205 3446 3259 ἐκ
3494 3204 3636 3259 τῶνε
3679 3207 3840 3272 civ-er

2249 3299 2369 3354 κῶν
2391 3297 2591 3354 αὐτῶν
2613 3298 2852 3352 ἔσωσεν
2878 3297 3121 3363 αὐτούς.
3145 3295 3254 3351 Kal
3278 3295 3596 3368 ἐξήγαγεν
3625 3299 3838 3360 αὐτοὺς
3905 3313 3912 3370 ς

2245 3391 2315 3446 ἐκ
2341 3393 2603 3456 σκότους
2630 3389 2730 3444 καὶ
2757 3388 2936 3456 σκιᾶς
2963 3388 3246 3454 θανάτου,
3267 3388 3365 3442 καὶ
3390 3388 3549 3457 τοὺς
3581 3389 3836 3458 δεσμά(
3897 3385 3912 3458 ξ

2246 3482 2445 3539 αὐτῶν
2483 3480 2776 3551 διέρῤηξε.
2826 3481 2952 3546 Ηῶς
2993 3481 3102 3553 γὰρ
3137 3481 3238 3534 ούκ
3278 3476 3420 3552 ἦμεν
3450 3482 3519 3534 ὲν
3553 3483 3836 3550 ἀνάγκαις,

2248 3577 2502 3646 πονηροῖς
2524 3573 2742 3644 δαίμοσι
2772 3573 2867 3626 καὶ
2896 3573 3203 3644 πνεύμασιν
3225 3572 3573 3644 ἀκαθάρτοις
3597 3574 3838 3627 «Seius-aia

2251 3668 2432 3739 μένοι;
2472 3666 2609 3719 Ἀλλ’
2636 3667 2666 3718 ό
2690 3665 3068 3737 φιλάνθρωπος
3103 3665 3199 3718 καὶ
3234 3664 3484 3735 ἐλεήμων
3518 3665 3694 3730 Θεὸς,
3741 3670 3836 3727 ταῖς

2247 3760 2356 3814 τῶν
2385 3760 2557 3830 ἀγίων
2596 3758 2762 3814 αὑτοῦ
2792 3758 3088 3831 προφητῶν
3113 3774 3171 3811 τε
3199 3758 3294 3811 καὶ
3323 3756 3606 3826 θεοφιλῶν
3638 3759 3836 3827 at.er

2250 3854 2437 3924 εὐχαῖς
2463 3850 2775 3916 ἐπακούσας
2809 3849 3056 3923 βοώντων
3085 3849 3227 3921 ὑπὲρ
3270 3849 3428 3922 ημῶν
3470 3851 3627 3922 πρὸς
3665 3852 3836 3911 aucta.

2250 3947 2312 4000 ού
2345 3945 2505 4017 μόνον
2531 3943 2801 4015 ἐξήγαγεν
2834 3944 2981 4014 ἡμᾶς
3009 3943 3075 3996 ἐκ
3099 3943 3325 4006 τούτων,
3350 3941 3489 3996 ἀλλά
3513 3943 3622 3996 καὶ

2249 4038 2320 4092 τά
2345 4036 2522 4108 δεσμὰ
2558 4035 2864 4108 διέρρηξεν.
2896 4034 3057 4108 Δηλοϊ
3095 4034 3152 4088 δὲ
3191 4033 3348 4088 τοῦτο
3373 4036 3476 4106 τὴν
3495 4035 3724 4106 ἀθρόαν
3751 4036 3836 4089 τῶν

2250 4129 2590 4202 ἁμαρτωλῶν
2624 4129 2838 4199 ἄφεσιν,
2875 4123 2942 4200 ἦς
2982 4126 3320 4199 κατηξίωσεν
3352 4127 3500 4198 ἡμᾶς
3532 4130 3573 4199 ἡ
3607 4128 3712 4182 τοῦ
3741 4129 3836 4180 Eu»

2251 4223 2418 4295 τῆρος
2443 4221 2604 4294 ἡμῶν
2648 4220 2822 4295 Ἰησοῦ
2850 4220 3087 4292 Χριστοῦ
3113 4221 3290 4292 χάρις.

2336 4313 3028 4385 Ἐξομολογησάσθωσαν
3075 4311 3157 4378 τῷ
3197 4312 3392 4380 Κυρίῳ
3430 4311 3506 4366 τὰ
3539 4313 3704 4383 ἐλέη
3749 4318 3838 4370 αὑ-

2255 4406 2381 4471 τοῦ,
2410 4407 2507 4461 καὶ
2532 4408 2606 4461 τὰ
2649 4405 2955 4476 θαυμάσια
2994 4404 3184 4460 αὐτοῦ
3216 4403 3341 4472 τοῖς
3372 4405 3528 4473 υἱοῖς
3583 4407 3717 4462 τῶν
3758 4413 3836 4464 ἀν

2257 4495 2530 4565 θρὼπων·
2567 4493 2658 4548 ὅτι
2699 4495 3028 4564 συνέτριψε
3073 4495 3276 4561 πύλας
3306 4495 3569 4565 χαλκᾶς,
3616 4501 3722 4553 καὶ
3746 4519 3838 4569 με.
3913 4499 3920 4572 ξ

2251 4683 2321 4748 ἐξ
2353 4682 2497 4738 ὀδοῦ
2524 4683 2776 4752 ἀνομίας
2799 4681 3031 4737 αὐτῶνθ
3059 4683 3157 4737 διὰ
3175 4684 3287 4753 γὰρ
3316 4668 3432 4751 τάξ
3444 4685 3718 4755 ἀνομίας
3749 4693 3840 4744 αὑ.
3917 4668 3920 4690 ε

2253 4776 2372 4830 τῶν
2397 4775 2903 4845 ἐταπεινώθησαν.
2941 4777 3052 4830 Καὶ
3082 4775 3177 4830 νῦν
3217 4777 3279 4830 τὸ
3309 4775 3441 4830 αὐτὸ
3489 4776 3728 4846 λέγεται
3760 4784 3842 4834 ἐπὶ

2252 4871 2373 4932 ταῖς
2413 4869 2699 4941 δευτέραις
2729 4867 3074 4940 εὐεργεσίαις
3120 4869 3307 4922 αὑτοῦ.
3359 4869 3642 4941 Ἡγοῦμαι
3675 4874 3734 4927 δὲ
3763 4875 3841 4927 διὰ

2253 4960 2459 5014 τούτων
2491 4960 2589 5032 τὴν
2622 4961 2786 5033 μέχρι
2825 4961 3057 5016 θανάτου
3102 4962 3456 5016 κατάπτωσιν
3481 4961 3598 5016 τῶν
3632 4964 3840 5036 ἀνθρω-

2257 5050 2427 5104 πίνων
2475 5051 2662 5123 ψυχῶν
2705 5051 3027 5124 δηλοῦσθαι⁸
3062 5053 3129 5106 δι’
3159 5052 3226 5116 ἃς
3262 5053 3355 5107 καὶ
3406 5052 3572 5126 μέχρι
3607 5053 3838 5110 θανάτου

2256 5143 2447 5215 ἐδέησε
2489 5143 2569 5216 τῷ
2597 5143 2845 5217 λυτρωτῇ
2892 5144 3111 5199 πάντων
3144 5145 3240 5198 καὶ
3285 5145 3498 5217 Σωτῆρι
3529 5147 3836 5203 κατελθεῖν.

2261 5234 2434 5288 Ἔνθα
2454 5235 2744 5307 γενόμενος
2768 5234 2928 5306 μόνος
2969 5235 3079 5289 τῶν
3129 5233 3350 5289 πώποτε
3395 5237 3424 5290 ό
3465 5236 3715 5306 Χριστὸς
3753 5241 3836 5293 τοῦ

2256 5322 2416 5390 Θεοῦ,
2451 5323 2548 5388 τάς
2602 5323 2662 5388 ὲξ
2705 5323 2900 5387 αἰῶνος
2949 5322 3320 5395 σιδηροδέτους
3377 5320 3572 5386 πύλας,
3617 5325 3722 5377 καὶ
3747 5327 3835 5388 τὰς

2260 5414 2450 5487 μηδενὶ
2475 5414 2651 5487 θνητῷ
2676 5412 3039 5485 ἀνοιχθείσας,
3084 5414 3179 5466 καὶ
3201 5412 3290 5466 διὰ
3319 5411 3477 5466 τοῦτο
3509 5413 3730 5484 χαλκᾶς
3752 5432 3833 5485 γε-

2257 5507 2488 5578 νομένας
2511 5546 2526 5570 ,
2580 5505 2864 5578 συνέτριψε
2888 5549 2904 5574 ,
2963 5506 3059 5560 καὶ
3099 5506 3226 5569 τοὺς
3270 5504 3474 5559 τούτων
3522 5506 3832 5578 ἀρρήκτους

2262 5597 2494 5669 μοχλοὺς
2530 5597 2878 5651 συνέκλασεν.

2328 5687 2460 5744 Πᾶν
2492 5687 2704 5760 ,βρῶμα
2746 5688 3108 5754 ἐϐδελύξατο
3155 5689 3194 5758 ἠ
3232 5687 3404 5758 ⁴ψυχὴ
3452 5687 3675 5754 αὐτῶν,
3736 5693 3828 5746 real

2260 5780 2520 5852 ἤγγισαν
2556 5780 2668 5850 ἕως
2704 5780 2824 5837 τῶν
2863 5780 3076 5836 πυλῶν
3125 5781 3233 5837 τοῦ
3283 5780 3563 5836 θανάτου.
3599 5781 3699 5836 Διά
3739 5801 3824 5838 κα-

2262 5871 2478 5942 κοεξίαν
2527 5873 2636 5930 τῶν
2695 5873 3187 5944 ἀποστρεφομένων
3236 5875 3415 5929 πᾶσαν
3463 5871 3686 5937 λογικὴν
3738 5877 3821 5929 καὶ
