3954 7146
6 341 194 398 525

1247 342 1751 400 COMMENTARIA
1791 342 1858 397 IN
1899 341 2237 399 PSALMOS.

3271 337 3410 401 1526

20 454 279 524 υχῶν
334 457 628 529 σωτήριον
671 456 899 530 τροφὴν,
943 456 1169 519 εἰκότως
1202 455 1532 520 ἀποσταλεὶς
1559 459 1588 511 ό
1625 456 1716 510 τοῦ

1825 457 2123 513 salutarem
2145 471 2329 512 eseam
2364 457 2781 524 aversabantur,
2824 456 3022 514 merito
3047 457 3254 517 missus
3287 461 3412 515 uni-

13 545 194 599 ιεοῦ
245 550 599 620 μονογενὴς
629 550 760 614 Υίὸς
789 550 950 622 μέχρι
981 549 1089 601 τῶν
1132 547 1228 601 τοῦ
1269 548 1500 602 Θανάτου
1541 549 1724 603 πυλῶν

0 639 347 712 ,φθασε,
392 642 707 715 σαρκωθεὶς
735 644 830 696 καὶ
857 641 1305 714 ἐνανθρωπήσας,
1353 645 1513 713 χεῖρα
1556 659 1726 714 σωτη-

0 727 182 796 ὀἱας
221 733 482 807 ὀρέξας
516 734 612 788 καὶ
645 733 958 805 τοῖς,μέχρι
1001 732 1190 786 τούτου
1239 734 1721 799 καταπεπτωκόσι,

18 826 140 878 zu).
203 828 408 900 πρὸς
449 827 618 882 αὐτὸν
649 823 1005 896 ἅναϐοήσασι.
1057 824 1170 878 Kal
1210 823 1544 894 ἐκέκραξαν
1572 825 1725 893 πρὸς

15 921 342 989 (II-pecs»
370 923 450 976 ἐν
473 921 555 988 τῷ
579 919 888 975 θλίϐεσθαι
911 917 1154 985 αὐτοὺς,
1194 918 1292 972 καὶ
1315 918 1384 971 ἐκ
1413 917 1532 972 τῶν
1553 919 1726 989 ἀναγ-

1 1009 196 1064 ῖεῶν
240 1010 491 1067 αὐτῶν
513 1011 750 1067 ἔσωσεν
775 1011 1018 1078 αὐτούς.
1058 1007 1392 1064 Ἀπέστειλε
1415 1009 1523 1063 τὸν
1539 1011 1726 1081 λόγον

0 1105 327 1171 ”ιὺτοῦ,
365 1105 474 1160 καὶ
510 1097 719 1158 ίάσατο
743 1103 995 1169 αὐτοὺς,
1047 1102 1147 1156 καὶ
1172 1102 1468 1171 ἐρρύσατο
1502 1103 1727 1170 αὐτοὺς

0 1199 118 1254 ’ἐκ
157 1201 336 1256 τῶν
381 1199 724 1270 διαφθορῶν
741 1198 961 1254 αὐτῶν.
1021 1195 1728 1268 Ἐξομολογησάσθωσαν

0 1291 139 1359 δ’τῷ
178 1293 434 1363 κυρίῳ
466 1291 540 1346 τὰ
567 1285 709 1360 ὲλέη
735 1292 943 1356 αὑτοῦ,
979 1291 1077 1346 καί
1110 1293 1182 1347 τὰ
1207 1290 1510 1359 θαυμάσια
1538 1289 1726 1344 αὑτοῦ

5 1384 214 1452 ίτοῖς
251 1381 437 1452 υἱοῖς
477 1376 597 1438 τῶν
634 1383 983 1454 ἀνθρώπων.
1027 1385 1138 1439 Kal
1170 1384 1536 1440 θυσὰτωσαν
1563 1381 1726 1448 αὑτῷ

0 1476 350 1529 ἰθυσίαν
387 1475 721 1542 αἰνέσεως,
770 1476 867 1529 καί
904 1475 1429 1547 ἐξαγγειλάτωσαν
1463 1476 1539 1530 τὰ
1582 1474 1727 1544 ἔργα

11 1557 303 1621 ἶαὺτοῦ
339 1567 422 1622 ἐν
453 1559 834 1637 ἀγαλλιάσει,
885 1570 940 1622 οί
985 1569 1450 1635 καταϐαίνοντες
1491 1569 1580 1635 είς
1626 1566 1726 1622 θά-

0 1663 379 1716 θλασσᾱν
407 1660 483 1716 ἐν
505 1661 772 1728 πλοίοις,
798 1660 1117 1728 ποιοῦντες
1145 1661 1438 1731 ἐργασίαν
1449 1660 1518 1714 ὲν
1543 1659 1725 1714 ὕδασι

0 1751 412 1820 --πολλοῖςκ
471 1751 871 1823 Μνημονεὼας
907 1751 937 1806 ὁ
987 1751 1145 1821 λόγος
1192 1751 1293 1823 τῆς
1339 1750 1579 1821 ἀφίξεως
1629 1749 1724 1805 τοῦ

17 1840 428 1914 ·Λυτρωτοῦ
489 1842 584 1895 καὶ
639 1841 924 1912 Σωτῆρος,
981 1841 1051 1895 δι’
1104 1833 1166 1895 οῦ
1220 1842 1292 1896 τὰ
1345 1841 1724 1914 προλεγόμενα

0 1935 20 1982 r'.
59 1932 304 1988 πάντα
346 1931 738 2006 κατώρθωται,
795 1933 922 2006 ἑξῆς
975 1935 1238 1988 συνάπτει
1292 1934 1392 2005 τὴν
1439 1935 1567 2006 περὶ
1615 1933 1724 1989 τῶν

0 2049 22 2090 ,ε
63 2023 454 2078 ἀποστόλων
505 2024 671 2080 αὐτοῦ
715 2025 1075 2096 προφητείαν.
1139 2025 1305 2079 Αὐτοὶ
1344 2025 1454 2098 γὰρ
1496 2022 1638 2098 ἦσαν
1672 2027 1722 2080 οἱ

65 2117 558 2183 καταϐαίνοντες
590 2119 671 2182 είς
698 2117 974 2173 θάλασσαν
1023 2121 1081 2172 ἐν
1129 2119 1356 2184 πλοίοις,
1401 2119 1585 2190 ῥητῶς
1630 2121 1724 2174 καὶ

0 2235 18 2267 ξς
73 2211 264 2265 κατὰ
299 2209 458 2276 λέξιν
479 2225 492 2241 ⁶
530 2210 722 2283 ὥσπερ
749 2201 843 2266 οὖν
873 2213 906 2282 ὴ
959 2210 1079 2265 θεία
1107 2211 1298 2284 Γραφὴ
1337 2211 1446 2266 τῶν
1475 2212 1723 2281 Εὑαγγε-

75 2301 253 2356 λίων
293 2305 593 2376 μαρτυρεῖ.
637 2301 944 2373 Τοιγαροῦν
975 2302 1084 2356 τῶν
1127 2303 1442 2357 ἀποστόλων
1488 2301 1721 2357 καὶτῶν

0 2420 18 2454 ι
81 2395 240 2466 ἅμα
261 2396 461 2460 αὐτοῖς
487 2396 522 2468 ἠ
550 2393 802 2467 παροῦσα
826 2395 1134 2466 προφητεία
1149 2395 1249 2465 τὴν
1274 2397 1494 2468 μνήμην
1516 2395 1721 2468 σφόδρα

81 2487 446 2554 ἀκολούθως
480 2484 687 2560 συνῆψε
727 2490 792 2560 τῇ
823 2487 929 2556 ζτοῦ
975 2487 1113 2542 θεοῦ
1163 2488 1338 2558 Λόγου
1377 2489 1458 2552 είς
1504 2486 1720 2560 ἀνθρώ-

1827 552 2044 621 genitus
2068 548 2161 605 Dei
2185 548 2380 615 Filius,
2401 565 2568 606 carne
2583 559 2637 607 et
2655 552 2892 606 humana
2913 559 3107 607 natura
3135 560 3409 624 suscepta,

1826 637 1895 692 ad
1924 646 2114 708 portas
2156 654 2329 709 usque
2350 641 2545 696 mortis
2577 639 2880 710 profectus,
2913 641 3003 705 iis,
3047 639 3142 712 qui
3168 657 3414 714 eousque

1826 729 2144 784 deciderant
2161 738 2216 785 et
2241 731 2306 784 ad
2338 731 2515 801 ipsum
2539 733 2934 799 clamaverunt,
2962 733 3158 790 salutis
3187 748 3415 790 manum

1826 823 2090 892 porrexit.
2125 823 2194 876 Et
2235 825 2596 879 clamaverunt
2642 826 2711 880 ad
2750 827 3036 882 Dominum
3074 845 3194 883 cum
3247 827 3416 884 tribu-
3469 867 3474 890 ς

1829 915 2104 979 larentur,
2140 925 2190 970 et
2232 917 2298 971 de
2337 918 2736 973 necessitatibus
2780 934 2962 974 eorum
3013 919 3253 976 liberavit
3301 937 3412 979 eos.

1827 1007 1981 1062 Misit
2023 1007 2246 1062 Verbum
2280 1026 2435 1064 suum
2469 1018 2520 1065 et
2547 1011 2759 1065 sanauit
2787 1028 2897 1078 eos,
2928 1021 2979 1067 et
3013 1013 3203 1082 eripuit
3234 1030 3322 1068 eos
3350 1013 3416 1068 de

1826 1099 2221 1156 interitionibus
2259 1118 2464 1158 eorum.
2513 1102 2886 1172 Con/iteantur
2928 1103 3157 1161 Domino
3205 1106 3416 1162 miseri-

1827 1193 2026 1248 cordia:
2046 1193 2187 1264 ejus,
2216 1203 2267 1249 et
2301 1194 2572 1250 mirabilia
2593 1195 2707 1266 ejus
2733 1197 2862 1267 ﬁliis
2900 1196 3192 1256 hominum.
3229 1197 3302 1253 Et
3323 1217 3417 1254 sa-

1828 1287 2067 1357 criﬁcent
2099 1288 2150 1342 ei
2193 1289 2520 1359 sacriﬁcium
2550 1288 2751 1354 laudis,
2798 1301 2848 1346 et
2896 1293 3210 1347 annuntient
3255 1309 3415 1363 opera

1827 1378 1943 1449 ejus
1979 1380 2034 1432 in
2057 1379 2436 1445 exsultatione,
2455 1381 2544 1451 qui
2573 1378 2894 1435 descendunt
2919 1397 3065 1436 mare
3086 1383 3140 1436 in
3169 1383 3412 1450 navibus,

1829 1471 2086 1540 facientes
2126 1472 2481 1540 operationem
2507 1473 2563 1527 in
2597 1473 2750 1544 aquis
2774 1473 2978 1528 multis.
3012 1472 3148 1528 Cum
3181 1473 3416 1531 Redem-

1827 1560 2005 1632 ptoris
2037 1569 2092 1617 et
2123 1560 2434 1618 Servatoris
2456 1561 2752 1618 adventum
2781 1573 3286 1629 commemorasset.
3316 1581 3414 1636 per

1829 1669 1992 1724 quem
2020 1653 2282 1725 praedicta
2313 1656 2496 1710 omnia
2529 1654 2674 1711 edita
2697 1655 2915 1711 fuerant
2947 1677 2961 1712 :
2995 1655 3194 1714 deinde
3222 1658 3416 1729 adjicit

1831 1747 1900 1802 de
1935 1747 2199 1818 apostolis
2255 1747 2429 1819 ipsius
2466 1747 2808 1805 vaticinium.
2845 1750 2951 1822 Ipsi
2976 1767 3212 1824 namque
3255 1763 3416 1808 erant

1831 1839 1925 1911 qui
1957 1839 2366 1897 descendebant
2401 1856 2553 1898 mare
2582 1842 2638 1897 in
2663 1843 2918 1910 navibus,
2943 1844 3107 1916 idque
3119 1861 3247 1902 vere
3265 1855 3321 1903 et
3345 1849 3414 1903 ad

1830 1932 2095 1998 litteram,
2121 1935 2579 2004 quemadmodum
2610 1935 2794 1992 divina
2819 1936 3239 2010 Evangeliorum
3260 1937 3415 1994 Scri-

1829 2035 1992 2099 ptura
2021 2030 2371 2086 testiﬁcatur.
2415 2031 2806 2102 Apostolorum
2834 2034 3017 2106 itaque
3054 2035 3413 2109 ipsorumque

1829 2120 2093 2176 comitum
2137 2123 2471 2179 mentionem
2529 2123 2824 2181 admodum
2885 2139 3256 2200 congruenter
3295 2129 3415 2187 haec

1829 2209 2114 2284 Scriptura
2143 2213 2241 2271 Dei
2263 2214 2428 2271 Verbi
2451 2216 2519 2271 ad
2540 2217 2791 2276 homines
2811 2220 3069 2277 adventui
3103 2221 3409 2294 subiunxit.

1826 2305 1898 2360 At
1936 2306 2081 2362 enim
2117 2308 2228 2364 illis
2261 2307 2396 2380 ipsis
2437 2325 2577 2365 nova
2613 2309 2748 2367 Novi
2791 2311 3129 2370 Testamenti
3153 2313 3412 2387 mysteria

1825 2414 2089 2472 peragere
2119 2403 2378 2474 praecepit
2403 2402 2597 2460 dicens
2624 2423 2636 2459 :
2665 2404 2736 2459 Et
2758 2407 3060 2477 sacriﬁcent
3084 2409 3412 2480 sacrificium

1827 2492 2094 2563 laudis,et
2119 2497 2432 2551 annuntient
2461 2512 2622 2567 opera
2654 2498 2771 2567 ejus
2801 2499 2856 2554 in
2889 2500 3268 2556 exsultatione.

0 2613 22 2646 ξ,
89 2594 257 2643 πους
293 2579 598 2652 παρουσία.
651 2580 845 2646 Δύτοῖς
897 2581 1189 2672 τοιγαροῦν
1227 2581 1439 2645 τούτοις
1470 2581 1567 2635 καὶ
1598 2579 1668 2634 τὰ
1695 2581 1790 2636 νέα
1845 2587 2119 2659 μυστήρια
2175 2588 2275 2659 τῆς
2304 2588 2510 2660 Καινῆς
2553 2588 2830 2661 Διαθήκης
2867 2591 3128 2662 πράττειν
3177 2607 3414 2662 παρεκε-

0 2689 26 2739 ῖ,
89 2669 336 2740 λεῦετο,
375 2673 580 2745 λέγωνδ
629 2674 740 2729 Kal
797 2669 1163 2730 θυσάτωσαν
1183 2675 1406 2732 θυσίαν
1426 2673 1732 2741 αἰνέσεως,
1759 2677 1859 2732 καὶ
1903 2679 2424 2751 ἐξαττειλάτωσαν
2456 2684 2528 2739 τὰ
2561 2685 2705 2752 ἔργα
2759 2683 2946 2738 αὐτοῦ
2996 2683 3068 2738 ἐν
3118 2681 3408 2739 ἀγαλλιά-

0 2801 20 2832 π,
94 2781 243 2823 σει.

177 2876 372 2945 Elaris,
406 2880 504 2936 καί
531 2881 682 2951 ἔστη
710 2882 947 2953 πνεῦμα
973 2880 1336 2952 καταιγίὸος,
1372 2879 1470 2934 καί
1508 2879 1718 2950 ὑψώθη

13 2999 20 3020 ι
101 2973 190 3027 τὰ
239 2975 480 3043 κύματα
517 2973 730 3043 αὐτῆς.
776 2975 1227 3030 Ἆναόαίνουσιν
1262 2974 1374 3040 ἕως
1405 2973 1526 3028 τῶν
1549 2976 1725 3045 οὐρα-

0 3083 20 3110 r:
103 3063 256 3121 νῶν
275 3066 380 3121 καὶ
401 3068 872 3123 καταϐαίνουσιν
884 3068 996 3158 ἕως
1019 3065 1138 3122 τῶν
1157 3067 1464 3133 ἀϐύσσων,
1493 3067 1532 3137 ἠ
1549 3066 1720 3137 ψυχὴ
1748 3099 1791 3158 c

11 3177 22 3208 ξ
111 3158 337 3215 αὐτῶν
375 3161 449 3215 ἐν
492 3160 700 3228 κακοῖς
731 3145 1000 3229 ἐτήκετο.
1055 3161 1528 3232 Ἐταράχυησαν,
1579 3163 1720 3217 ἐσα-

0 3271 20 3302 π
114 3253 450 3321 λεύθησαν
471 3253 552 3320 ὠς
579 3256 612 3308 ό
639 3255 897 3324 μεθύων,
924 3253 1024 3308 καὶ
1057 3253 1226 3310 πᾶσα
1254 3255 1291 3322 ἡ
1315 3253 1502 3323 σοφία
1523 3253 1722 3308 αὐτῶν

0 3364 16 3409 τ
119 3347 460 3417 κατεπόθη.
517 3349 628 3404 Kal
677 3349 1015 3420 ἐκέκραεαν
1065 3350 1217 3419 πρὸς
1261 3352 1483 3419 Κύριον
1523 3350 1595 3404 ἐν
1640 3350 1722 3416 τῷ

0 3443 20 3490 ἐι.
123 3439 825 3509 θλίϐεσθαιαύτοὺς,καὶ
847 3440 916 3496 ἐκ
939 3441 1058 3496 τῶν
1073 3442 1352 3512 ἀναγκῶν
1385 3441 1586 3496 αὐτῶν
1624 3442 1724 3508 ἐξ-

0 3551 22 3582 :
130 3527 368 3601 ⁴ἢγαγεν
407 3531 650 3600 αὐτούς.
683 3533 796 3588 Kal
834 3529 1095 3599 ἐπάταξε
1147 3533 1221 3602 τῇ
1253 3534 1570 3604 καταιγίδι,
1622 3535 1722 3589 καὶ

0 3641 22 3676 η
132 3620 291 3689 ἔστη
325 3623 410 3688 εις
434 3619 649 3692 αὔραν,
687 3622 787 3677 καὶ
813 3623 1116 3694 ἐσίγησαν
1141 3625 1214 3678 τὰ
1247 3623 1481 3693 κύματα
1509 3622 1718 3692 αὐτῆς.

1 3722 24 3772 ἑ
137 3713 332 3768 Ταῦτα
385 3713 742 3788 προφητικῶς
791 3715 1155 3789 θεσπιζόμενα
1193 3716 1496 3788 ἐπληροῦτο
1544 3716 1723 3788 ῥητῶς

0 3834 22 3866 3
143 3809 242 3862 καὶ
278 3807 411 3879 πρὸς
463 3807 608 3874 λέξιν
645 3826 659 3840 ⁸
711 3809 820 3864 τῶν
865 3809 974 3882 γὰρ
1029 3809 1286 3882 μαθητῶν
1327 3809 1421 3863 τοῦ
1471 3809 1722 3880 Σωτῆρος

0 3925 24 3960 ει
143 3901 301 3972 ἡμῶν
344 3901 688 3973 ἐμπλεόντων
724 3904 820 3958 σὺν
855 3901 1024 3973 αὐτῷ,
1066 3901 1338 3971 σεισμὸς,
1372 3901 1557 3973 φησὶν,
1599 3899 1726 3972 ἐγέ-

1 4009 20 4054 s‘
145 4009 281 4046 νετο
307 3994 492 4064 μέγας
513 3989 584 4048 ἐν
610 3990 686 4066 τῇ
706 3995 1014 4065 θαλάσσῃ,
1058 3994 1217 4048 ὥστε
1253 3994 1316 4048 τὸ
1353 3993 1570 4048 πλοῖον
1617 4009 1722 4046 κα-

9 4101 12 4124 ί
147 4086 472 4141 λύπτεσθαι
496 4085 614 4142 ὑπὸ
651 4079 771 4140 τῶν
795 4085 1098 4156 κυμάτων.
1137 4088 1198 4140 Οί
1227 4086 1284 4139 δὲ
1320 4084 1723 4157 προσπεσόντες

153 4172 296 4231 εἷπον
326 4176 499 4247 αὐτῷ’
535 4178 735 4246 Κύριε,
773 4173 983 4232 σῶσον
1003 4176 1182 4247 ἡμᾶς,
1223 4177 1634 4245 ἀπολλύμεθα.
1663 4177 1724 4230 Ὀ

155 4263 210 4321 δὲ
239 4268 365 4340 πρὸς
393 4269 590 4332 αὐτοὺς
651 4271 867 4341 φήσας·
925 4270 987 4324 Τί
1022 4268 1212 4324 δειλοί
1258 4267 1419 4336 ἐστε,
1465 4272 1725 4337 ὀλιγόπι-

156 4375 312 4424 στοι;
357 4360 680 4430 ἐπετίμησε
723 4360 849 4428 τοῖς
873 4359 1114 4430 ἀνέμοις
1147 4360 1244 4415 καὶ
1295 4359 1372 4430 τῇ
1410 4360 1720 4430 θαλάσσῃ,

160 4547 241 4600 ὅτι
275 4547 608 4616 ἡσύχασαν,
650 4545 752 4600 καὶ
786 4544 1103 4615 ὡδήγησεν
1143 4543 1367 4612 αὐτοὺς
1392 4549 1482 4614 είς
1501 4547 1720 4618 λιμένα

163 4638 465 4710 θελήματος
489 4639 698 4694 αὐτοῦ.
748 4637 1448 4712 Ἐξομολογησάσθωσαν
1473 4639 1556 4707 τῷ
1601 4641 1717 4695 Κυ-

0 4727 13 4806 έ
163 4730 260 4796 ρίῳ
279 4730 342 4784 τὰ
366 4729 503 4800 ὲλέη
525 4729 739 4796 αὐτοῦ,
773 4730 873 4785 καὶ
910 4731 984 4786 τὰ
1023 4727 1327 4802 θαυμάσια
1372 4733 1559 4787 αὐτοῦ
1591 4732 1717 4799 τοῖς

167 4821 300 4889 υίοῖς
342 4821 450 4878 τῶν
494 4824 838 4894 ἀνθρώπων.
904 4824 1356 4895 Ὑψωσάτωσαν
1409 4828 1598 4880 αὑτὸν
1645 4827 1716 4881 ἐν

0 4959 12 4992 ,ε
169 4917 435 4985 ἐκκλησία
469 4916 642 4982 λαοῦ,
693 4919 792 4974 καί
864 4917 936 4971 ἐν
981 4918 1239 4987 καθέδρᾳ
1283 4919 1715 4988 Ιπρεσὸυτέρων

1 5039 11 5082 ι
172 5008 551 5063 αῑνεσάτωσαν
569 5012 773 5064 αὐτόν.
817 5010 1208 5085 Ὀδηγηθέντες
1227 5011 1320 5064 ἐπὶ
1340 5012 1536 5084 λιμένα
1565 5011 1717 5084 θελή-

0 5145 12 5180 ﬁ
177 5118 322 5173 ματος
343 5101 497 5155 αὑτοῦ
519 5121 531 5132 ·
567 5104 652 5172 ἐφ’
681 5099 762 5167 οἷς
785 5105 814 5156 ὁ
839 5105 998 5174 λόγος
1041 5105 1356 5175 ἀναγκαίως
1387 5105 1714 5178 προστάττει

175 5193 394 5265 τέταρτον
418 5192 561 5247 οὕτω
595 5193 658 5247 τὸ
687 5194 1124 5266 ἐξομολογεῖσθαι
1149 5196 1229 5269 τῷ
1262 5199 1475 5270 Κυρίῳ,
1508 5199 1602 5252 καὶ
1645 5197 1714 5251 τὰ

0 5323 10 5356 τ
177 5281 284 5354 ἐλέη
311 5281 455 5336 αὐτοῦ
495 5282 585 5336 διὰ
611 5283 877 5354 στόματος
904 5287 1090 5358 φέρειν
1114 5305 1128 5318 °
1163 5290 1451 5360 παρεγγυᾷ
1491 5291 1623 5342 πᾶσί
1653 5307 1712 5342 τε

0 5413 8 5448 ι
179 5378 272 5440 τοῖς
293 5375 408 5438 υἱοῖς
434 5375 543 5429 τῶν
582 5375 886 5447 ἀνθρώπων
929 5381 1292 5450 ἀπαγγέλλειν
1321 5381 1392 5435 τὰ
1432 5381 1712 5454 θαυμάσια

181 5466 336 5521 αὐτοῦ.
363 5469 555 5524 Ἕθετο
593 5469 898 5538 ποταμοὺς
933 5472 1020 5537 είς
1069 5473 1393 5543 ἐρήμωσιν,
1440 5475 1541 5528 καὶ
1579 5472 1712 5540 ἐξό-

183 5558 304 5626 δους
347 5559 568 5615 ὑδάτων
618 5563 706 5628 είς
750 5560 969 5630 δίψαν,
1028 5563 1146 5634 γῆν
1191 5570 1576 5638 καρποφόρον
1622 5573 1710 5636 είς

185 5651 347 5724 ἅλμην
369 5653 478 5708 ἀπὸ
523 5654 736 5721 κακίας
781 5653 901 5709 τῶν
943 5658 1385 5714 κατοικούντων
1413 5660 1484 5715 ἐν
1526 5653 1705 5732 αὐτῇ.

243 5811 280 5844 ²⁶
312 5811 475 5869 Matth.
511 5829 641 5879 ml,
677 5809 767 5869 24.
843 5813 888 5846 ⁷⁷
929 5811 1060 5870 ibid.
1099 5813 1203 5877 25,
1238 5813 1328 5869 26.

1903 2881 2073 2940 Vens.
2133 2883 2324 2940 25-40.
2397 2886 2552 2941 Dixit
2607 2895 2658 2942 et
2697 2888 2841 2942 stetit
2880 2888 3099 2956 spiritus
3142 2891 3410 2958 procella,

1807 2984 1877 3030 'ct
1908 2975 2136 3030 exaltati
2183 2985 2307 3031 sunt
2357 2979 2550 3048 [luctus
2581 2980 2716 3048 ejus.
2772 2979 3075 3033 Ascendunt
3127 2995 3289 3052 usque
3343 2983 3413 3036 ad

1829 3065 1986 3122 ctelos
2025 3076 2076 3121 et
2105 3066 2426 3123 descendunt
2454 3086 2617 3140 usque
2647 3069 2716 3123 ad
2747 3067 2986 3141 abyssos,
3023 3071 3202 3125 anima
3229 3085 3414 3127 eorum

1824 3160 1880 3214 in
1908 3160 2065 3214 malis
2095 3157 2412 3216 tabescebat.
2443 3161 2668 3216 Turbati
2693 3172 2838 3230 sunt,
2861 3163 3111 3218 commoti
3127 3174 3251 3219 sunt
3275 3164 3414 3220 sicut

1821 3251 2020 3318 ebrius,
2051 3262 2100 3307 ct
2131 3254 2302 3309 omnis
2353 3255 2618 3324 sapientia
2667 3264 2850 3310 eorum
2891 3255 3144 3310 devorata
3187 3269 3286 3311 est.
3346 3255 3413 3310 Et

1823 3345 2187 3400 clamauerunt
2235 3345 2304 3399 ad
2343 3345 2631 3401 Dominum
2663 3363 2782 3402 cum
2823 3347 3232 3416 tribularentur,
3262 3358 3313 3404 et
3348 3347 3414 3404 tle

1823 3437 2227 3494 necessitatibus
2269 3455 2451 3493 eorum
2503 3438 2692 3494 eduxit
2739 3456 2847 3494 eos.
2885 3439 2954 3494 Et
3000 3438 3413 3512 percussit'pro-

1825 3530 2035 3595 cellam,
2061 3542 2111 3585 et
2144 3532 2291 3586 stetit
2321 3533 2377 3586 in
2405 3547 2617 3597 auram,
2647 3541 2698 3587 et
2736 3534 3001 3587 siluerunt
3043 3533 3237 3603 ﬂuctus
3271 3533 3408 3604 ejus.

1827 3621 1956 3677 Haec
1990 3623 2309 3694 prophetiee.
2353 3624 2717 3694 prmnuntiata
2747 3624 2929 3695 reipsa
2985 3632 3040 3680 et
3072 3625 3137 3680 ad
3172 3625 3412 3681 litteram

1826 3714 2047 3785 impleta
2073 3725 2218 3771 sunt.
2254 3715 2387 3770 Nam
2430 3731 2554 3771 cum
2595 3717 2849 3788 discipuli
2902 3716 3202 3774 Salvatoris
3235 3719 3408 3772 nostri

1825 3823 1950 3863 cum
1983 3808 2104 3880 ipso
2135 3809 2481 3880 navigarent,
2516 3819 2712 3873 motus,
2743 3809 2942 3880 inquit,
2983 3827 3204 3880 magnus
3233 3810 3410 3879 factus

1824 3908 1902 3954 est
1923 3899 1978 3954 in
2003 3901 2159 3969 mari,
2181 3902 2258 3954 ita
2291 3912 2349 3954 ut
2370 3901 2614 3954 navicula
2641 3902 2933 3969 operiretur
2948 3901 3200 3970 fluctibus
3223 3902 3289 3959 ⁷⁸.
3329 3901 3411 3955 Illi

1824 4007 1955 4047 vero
1986 3991 2409 4062 procumbentes
2438 3991 2693 4046 dicebant
2715 3991 2764 4046 ei
2806 4005 2823 4045 :
2854 3990 3098 4056 Domine,
3123 3991 3272 4046 salva
3289 4005 3407 4054 nos,

1825 4085 2078 4154 perimus.
2114 4084 2207 4139 Ille
2231 4099 2362 4138 vero
2395 4098 2518 4138 cum
2553 4081 2786 4138 dixisset
2828 4101 2842 4136 :
2885 4082 3028 4150 Quid
3058 4083 3233 4137 timidi
3252 4083 3407 4146 estis.

1827 4177 2049 4232 modica:
2084 4175 2556 4246 ﬁdeilincrepavit
2590 4185 2766 4231 ventos
2797 4183 2846 4230 et
2868 4189 3036 4239 mare,
3069 4183 3118 4229 et
3152 4175 3298 4245 facta
3327 4186 3408 4230 est

1829 4265 2192 4336 tranquillitas
2222 4283 2416 4336 magna
2434 4267 2500 4322 ⁷⁷.
2525 4265 2595 4320 Ει
2617 4266 2860 4322 ίωιεηιιιτ
2892 4267 3018 4336 quia
3046 4265 3328 4326 siluerunt.
3359 4276 3410 4322 et

1827 4359 2046 4416 deduxit
2077 4376 2165 4413 eos
2199 4359 2252 4413 in
2275 4371 2486 4428 portum
2531 4359 2817 4414 voluntatis
2863 4375 2995 4415 sua’.
3039 4358 3411 4429 Con/iteantur

159 4453 250 4508 καὶ
275 4453 498 4524 ἐγένετο
517 4453 754 4524 γαλήνη
775 4451 1030 4524 μεγάλη.
1057 4451 1169 4506 Kal
1184 4452 1716 4522 ebppardijtwo'ar,

1830 4455 2054 4509 Domino
2101 4453 2484 4509 misericordia:
2529 4454 2680 4524 ejus,
2725 4463 2775 4509 et
2813 4452 3087 4508 mirabilia
3118 4453 3233 4525 ejus
3275 4457 3408 4526 ﬁliis

1823 4546 2114 4602 hominum.
2169 4544 2421 4601 Exaltent
2475 4563 2595 4600 cum
2641 4548 2696 4600 in
2746 4547 2967 4601 ecclesia
3011 4546 3214 4618 plebis,
3250 4557 3302 4604 et
3351 4549 3406 4603 in

1821 4637 2076 4693 cathedra
2125 4638 2392 4692 seniorum
2434 4637 2649 4692 laudent
2701 4655 2841 4692 eum.
2892 4637 3126 4694 Deducti
3167 4646 3302 4695 sunt
3349 4641 3406 4694 in

1820 4740 2040 4804 portum
2073 4732 2371 4785 voluntatis
2399 4731 2560 4801 ejus:
2595 4747 2702 4802 qua
2748 4731 2816 4786 de
2864 4745 3033 4786 causa
3089 4731 3177 4788 hic
3206 4741 3406 4804 quarto

1815 4825 2078 4898 jubentur
2106 4823 2339 4879 Domino
2373 4825 2622 4880 conliteri
2669 4833 2723 4881 et
2757 4825 3171 4881 misericordias
3201 4826 3323 4896 ejus
3350 4827 3404 4882 in

1817 4936 1912 4976 ore
1967 4919 2130 4976 ferre.
2180 4919 2436 4990 Praecipit
2477 4921 2607 4975 item
2643 4919 2905 4974 Omnibus
2967 4920 3285 4975 hominibus
3341 4928 3402 4975 ut

1816 5010 2146 5065 annuntient
2181 5010 2457 5064 mirabilia
2485 5009 2626 5080 erS.
2658 5009 2848 5064 Posuit
2873 5010 3098 5080 ﬂumina
3128 5010 3183 5064 in
3220 5008 3402 5065 deser-

1816 5113 1946 5162 tum.
1976 5113 2025 5158 et
2047 5103 2219 5158 exitus
2243 5119 2504 5174 aquarum
2528 5104 2584 5157 in
2627 5103 2796 5166 sitim,
2831 5112 3029 5157 terram
3067 5101 3400 5171 fructiferam

1814 5199 1868 5252 in
1898 5196 2217 5268 salsuginem
2252 5215 2284 5250 a
2314 5196 2526 5250 malitia
2557 5197 2972 5250 inhabitantium
3000 5195 3053 5248 in
3097 5197 3180 5252 ea.
3207 5193 3394 5250 Posuit

1812 5291 2076 5346 desertum
2103 5292 2155 5344 in
2186 5301 2376 5361 stagna
2401 5307 2682 5361 aquarum,
2712 5297 2762 5343 et
2801 5298 2999 5343 terram
3026 5289 3139 5342 sine
3168 5303 3308 5357 aqua
3341 5289 3396 5342 in

1818 5383 1994 5437 exitus
2041 5397 2323 5452 aquarum.
2365 5381 2434 5436 Et
2483 5382 2725 5437 habitare
2769 5381 2890 5450 fecit
2930 5379 3044 5432 illic
3088 5380 3397 5441 esurientes,

1817 5486 1867 5532 et
1907 5477 2291 5532 constituerunt
2319 5477 2558 5532 civitates
2603 5473 2972 5529 habitationis.
2999 5469 3066 5525 Et
3111 5471 3402 5526 seminave-

1816 5579 1942 5624 runt
1976 5585 2131 5642 agros
2163 5580 2212 5625 et
2242 5569 2616 5640 plantaverunt
2661 5569 2862 5631 uineas,
2904 5575 2955 5620 et
2997 5564 3233 5635 fecerunt
3286 5563 3403 5628 fru-

1815 5673 1956 5720 ctum
2003 5663 2391 5734 productionis.
2425 5663 2494 5718 Et
2539 5660 2804 5719 benedixit
2842 5660 2919 5716 eis
2965 5669 3015 5715 et
3048 5655 3404 5732 multiplicati

0 6452 3954 7146 Μ
