3954 7146
9 445 178 500 329

1261 452 1771 510 COMMENTARIA
1814 455 1880 511 ΙΝ
1921 455 2259 515 PSALMUS.

3299 461 3436 515 i330

9 577 528 648 ακαρισμοῦ
555 577 847 649 γενόμενος
886 575 1054 644 ἄξιος,
1086 577 1152 631 δι’
1177 573 1239 632 οὑ
1275 578 1489 651 εἴρηται
1507 596 1521 610 ο
1551 580 1727 635 Μακάι

1854 580 2027 635 fectus
2059 591 2166 644 est,
2192 596 2300 651 qua
2329 580 2532 634 dicitur
2559 601 2569 635 :
2594 579 2748 636 Beati
2772 577 2965 637 mundo
2986 580 3162 648 corde,
3184 581 3434 650 quoniam

9 680 144 716 eos.
197 669 300 721 οἱ
353 668 640 737 καθαροί
685 665 761 736 τῇ
815 667 1050 736 καρδίᾳ,
1101 667 1191 722 ὅτι
1231 668 1404 722 αὐτοὶ
1455 668 1562 722 τὸν
1605 670 1754 724 Θεὸν

10 757 426 824 ἔνδοσιν-ται,
465 761 619 813 εῐποι
647 758 714 813 ἂν
753 758 971 831 θαρῤὦν
991 775 1005 789 ⁸
1043 759 1282 829 Ἑτοίμη
1312 761 1352 829 τί
1376 761 1588 830 καρδία
1609 779 1750 831 “om

73 848 371 915 Θεός-
437 851 513 904 '0
550 851 846 923 Προφήτης
877 845 992 913 οὖν,
1024 848 1093 904 τὰ
1128 848 1257 918 φίλα
1292 851 1386 905 καὶ
1409 853 1645 924 συγγενῆ
1674 853 1752 924 τῷ

9 937 208 1009 ιγίῳ
285 940 635 1013 Πνεύματι
665 941 731 995 δι’
771 939 1040 1012 ἐναρέτων
1071 939 1248 1012 ἔργων
1292 942 1630 1008 ἐπιτελέσας,
1673 944 1752 1016 τῷ

9 1032 405 1090 τοιούτων
482 1036 672 1108 δοτῆρι
708 1033 827 1104 Θεῷ
872 1033 972 1106 τὴν
1013 1034 1382 1107 προκειμένην
1420 1036 1586 1107 εὐχὴν
1623 1037 1752 1092 ἀνα-

9 1124 92 1175 τέ
107 1141 370 1194 μπει.
411 1129 684 1199 ’ᾼσομαι
719 1125 816 1178 καί
859 1125 1035 1194 ψαλὼ
1059 1126 1130 1179 ἐν
1157 1125 1231 1196 τῇ
1255 1126 1405 1197 δόξῃ
1428 1145 1549 1197 μου
1570 1145 1585 1160 ·
1615 1131 1752 1183 ἁπο-

9 1217 287 1271 καῦὼν
337 1220 476 1292 τὴν
515 1217 754 1289 ἐμαυτοῦ
786 1217 964 1285 δόξαν,
995 1219 1244 1273 τουτέστι
1276 1219 1375 1290 τὴν
1406 1220 1750 1292 προφητικὴν

9 1307 288 1381 χάριν-
355 1310 778 1380 Ἕξετέρθητι,
806 1312 845 1380 η
864 1309 1016 1376 δόξα
1041 1329 1181 1381 μου,
1204 1310 1564 1382 campana,
1594 1315 1749 1381 ψαλ-

9 1401 328 1470 τήριον
353 1402 482 1456 καὶ
511 1401 746 1472 κιθάρα,
767 1402 1234 1472 ἐξεγερθήσομαι
1260 1403 1492 1474 ὄρθρου.
1520 1405 1750 1476 Μήποτε

9 1497 158 1560 τὰς
225 1497 568 1569 δυνάμεις
617 1499 717 1569 τῆς
759 1497 953 1551 ἑαυτοῦ
995 1498 1176 1569 ψυχῆς
1216 1498 1313 1553 καὶ
1351 1498 1444 1552 τοῦ
1494 1498 1748 1571 σώματος

9 1587 400 1662 διεγείρει
448 1589 546 1644 διὰ
583 1590 682 1662 τὴν
718 1589 1020 1661 μέλλουσαν
1063 1591 1143 1653 είς
1175 1589 1336 1643 αὑτὸν
1368 1589 1620 1658 γενέσθαι
1650 1590 1746 1644 τοῦ

11 1679 236 1735 θείου
301 1682 669 1754 Ιινεύματος
717 1681 1006 1735 ἐπίπνοιαν
1027 1699 1040 1712 ·
1081 1682 1178 1735 καὶ
1210 1680 1353 1735 κατὰ
1383 1680 1620 1735 διάνοιαν
1648 1682 1745 1752 μὲν

19 1774 615 1846 ὲκλαμϐανόντων
648 1775 804 1846 ἡμῶν
847 1774 914 1829 τὰ
958 1775 1098 1846 μέλη
1141 1775 1233 1829 τοῦ
1266 1773 1516 1845 σώματος
1554 1774 1651 1829 καὶ
1676 1775 1745 1828 τὰ

25 1865 509 1938 αἰσθητήρια,
545 1869 612 1922 δι’
641 1861 716 1923 ὧν
747 1872 775 1924 ὁ
800 1869 924 1934 νοῦς
957 1871 1319 1942 ἀνακρούεται
1347 1872 1434 1924 ὅτε
1457 1871 1502 1925 δ’
1530 1871 1596 1925 ἂν
1623 1870 1745 1941 βού-

1861 674 1960 742 ipsi
1995 672 2164 728 Deum
2207 673 2447 728 ridebunt
2476 674 2544 736 ⁸⁸,
2577 675 2915 730 conlidenter
2948 674 3095 730 dicat
3127 691 3139 725 :
3174 673 3434 726 Paratum

1857 783 1950 820 cor
1997 783 2191 830 meum,
2243 765 2402 820 Deus.
2460 765 2730 836 Propheta
2780 768 2944 838 igitur
2987 784 3109 823 cum
3158 783 3252 837 per
3291 767 3432 832 bona

1857 871 2024 926 Opera
2053 873 2167 912 rem
2202 856 2428 927 Spiritui
2471 867 2664 914 sancto
2688 865 2896 930 gratam
2925 868 2979 914 ct
3010 867 3285 928 acceptam
3313 873 3434 927 per:-

1859 948 2100 1011 t'ecisset,
2125 948 2314 1002 talium
2349 949 2590 1019 largitori
2624 948 2732 1005 Deo
2773 956 3094 1018 praesentem
3126 949 3430 1004 orationem

1855 1042 2074 1098 emittit.
2105 1040 2343 1098 Cantabo
2376 1054 2426 1098 et
2459 1043 2690 1112 psallam
2733 1043 2786 1096 in
2835 1043 3010 1113 gloria
3053 1059 3168 1097 mea
3201 1057 3220 1096 :
3253 1041 3303 1096 id
3325 1049 3429 1105 est,

1856 1138 2137 1202 assumpta
2179 1132 2350 1204 gloria
2403 1149 2544 1197 mea,
2579 1149 2676 1189 seu
2705 1133 3061 1203 proplietandi
3092 1132 3284 1204 gratia.
3319 1130 3433 1186 Ea:-

1855 1240 2028 1295 surge,
2045 1224 2217 1294 gloria
2249 1242 2386 1286 mea,
2405 1240 2648 1295 exsurge,
2678 1226 2988 1295 psalterium
3007 1234 3056 1280 et
3085 1224 3316 1289 cithara,
3338 1238 3432 1278 ex.

1854 1332 2070 1386 surgam
2099 1315 2356 1372 diluculo.
2390 1314 2529 1370 Num
2557 1317 2696 1372 forte
2734 1317 2931 1370 animae
2960 1317 3315 1387 corporisque
3343 1315 3432 1371 sui

1854 1407 2001 1464 vires
2043 1408 2247 1463 excitat
2289 1409 2360 1464 ob
2413 1409 2770 1463 adventuram
2811 1409 2916 1478 ipsi
2959 1407 3198 1479 Spiritus
3254 1408 3428 1464 sancti

1855 1499 2270 1570 inspirationem
2298 1519 2313 1568 ;
2347 1501 2422 1554 ita
2454 1510 2514 1555 ut
2552 1515 2653 1556 nos
2691 1499 2964 1571 spirituali
3009 1515 3158 1556 more
3188 1501 3430 1556 membra

1853 1591 2101 1661 corporis
2131 1598 2184 1646 et
2217 1606 2414 1646 sensus
2446 1591 2807 1662 excipiamus,
2837 1592 3038 1663 quibus
3067 1607 3225 1648 mens
3250 1607 3429 1661 quan-

1853 1685 2141 1754 docunque
2174 1684 2407 1738 voluerit
2435 1684 2724 1752 pulsatur;
2758 1684 3072 1755 psalterium
3099 1699 3230 1738 vero
3253 1683 3430 1752 expli-

1853 1792 2041 1832 cemus
2073 1776 2427 1847 incorporeas
2455 1783 2508 1830 et
2541 1777 2900 1832 rationabiles
2939 1776 3135 1830 anima:
3175 1776 3428 1837 virtutes,

1853 1885 1989 1942 quas
2021 1871 2085 1924 ad
2113 1869 2352 1940 Spiritus
2381 1870 2782 1939 susceptionem
2823 1885 3135 1941 praeparans
3163 1869 3238 1924 ait
3265 1886 3280 1923 :
3314 1866 3429 1920 Ea;-

29 1957 265 2027 ληται
284 1976 304 1989 ο
355 1959 679 2032 ψαλτήριον
710 1960 767 2014 δὲ
794 1962 894 2025 τὰς
920 1963 1245 2033 ἀσωμάτους
1272 1963 1366 2017 καὶ
1397 1961 1622 2032 λογικὰς
1647 1962 1727 2032 τῆς

1847 1977 2019 2031 surge,
2049 1961 2360 2030 psalterium
2389 1969 2440 2014 et
2473 1959 2701 2013 cithara.

42 2049 296 2120 ψυχῆς
357 2051 661 2122 δυνάμεις,
699 2051 766 2116 ἃς
805 2052 870 2126 δὴ
913 2053 1344 2125 παρασκευάζων
1382 2055 1464 2118 είς
1510 2053 1610 2124 τὴν
1653 2052 1747 2108 τοῦ
1799 2052 2116 2124 Πνεύματος
2155 2053 2422 2124 ὑποδοχήν
2464 2070 2657 2123 φησιν·
2725 2050 3120 2122 Ἐξετέρθητι,
3189 2047 3427 2120 ψαλτή-

39 2160 231 2212 ριον
269 2143 410 2197 καὶ
440 2143 681 2213 κιθάρα.

167 2241 186 2261 ⁸
206 2239 538 2310 Υψώθητι
582 2241 680 2294 ἐπὶ
718 2241 862 2308 τοὺς
899 2242 1218 2312 οὐρανοὺς,
1247 2246 1280 2298 ό
1319 2243 1484 2311 Θεὸς,
1514 2243 1611 2298 καί
1640 2241 1741 2298 ἐπί

57 2331 342 2388 πᾶσαν
373 2332 507 2401 τὴν
531 2332 650 2403 γῆν
674 2334 712 2402 ἠ
736 2334 887 2400 δόξα
912 2351 1051 2402 σου,
1077 2335 1237 2401 ὅπως
1259 2335 1337 2390 ἂν
1351 2331 1667 2404 ρυσθῶσιν
1686 2337 1740 2390 ol

10 2471 14 2500 ζ
63 2425 449 2494 ἀγαπητοί
484 2440 621 2480 σου.
650 2424 862 2480 Σῶσον
887 2425 962 2494 τῇ
989 2425 1158 2494 δεξιᾷ
1189 2441 1330 2488 σου,
1355 2426 1455 2481 καί
1485 2426 1742 2480 ἐκάκουν-

65 2517 221 2570 σόν
258 2533 437 2585 μου.
488 2517 543 2568 '0
590 2515 736 2583 Θεὸς
776 2515 1087 2584 ἐλάλησεν
1125 2516 1197 2570 ἐν
1224 2515 1306 2582 τῷ
1333 2517 1482 2587 ἁγίῳ
1509 2515 1736 2572 αὐτοῦ’

10 2663 18 2684 ν,
82 2607 98 2625 '
118 2607 595 2678 Υψωθήσομαι
633 2607 734 2660 καί
761 2606 1038 2678 διαμεριῶ
1067 2610 1303 2679 Σίκιμα,
1338 2608 1438 2662 καί
1465 2608 1582 2677 τὴν
1611 2626 1740 2663 κοι-

10 2757 12 2760 ,
70 2699 274 2754 λάδα
311 2699 460 2753 τῶν
498 2700 748 2767 σκηνῶν
787 2700 1179 2770 διαμετρήσω.
1219 2700 1468 2755 ’ἰκετεύω
1503 2701 1595 2755 καὶ
1623 2701 1740 2755 δέο-

10 2775 16 2856 :
83 2811 211 2865 μαι
257 2794 460 2864 τάχος
495 2794 778 2864 ἐπιστῆναι
806 2793 908 2864 τὴν
937 2794 1118 2865 χάριν,
1159 2794 1255 2847 καὶ
1294 2794 1353 2847 σὲ
1394 2793 1486 2847 τὸν
1514 2793 1738 2864 ὕψιστον

10 2939 16 2946 ,
80 2887 249 2940 Θεὸν
273 2887 388 2940 τὸν
418 2887 481 2940 ὲν
517 2888 629 2949 τοῖς
654 2885 903 2958 οὐρανοῖς
925 2885 1265 2958 ὑμνούμενον
1289 2885 1619 2957 γνωσθῆναι,
1645 2886 1739 2940 καὶ

10 3033 24 3046 ,
84 2979 206 3050 τὴν
259 2977 494 3033 σαυτοῦ
533 2976 691 3043 δόξαν
733 2976 976 3049 φανερὰν
1021 2977 1244 3049 ποιῆσαι
1293 2979 1385 3032 ἐπὶ
1425 2979 1606 3034 πᾶσαν
1637 2977 1738 3050 τὴν

10 3055 24 3066 ’
91 3071 242 3143 γῆν.
281 3070 511 3125 Τούτου
540 3070 650 3142 γὰρ
685 3071 1001 3142 γενομένου.
1045 3071 1404 3143 ῥυσοήσονται
1436 3072 1486 3126 οί
1518 3072 1738 3143 ἀγαπη-

10 3220 16 3232 .
89 3165 192 3219 τοί
228 3182 344 3219 σου
376 3163 494 3219 ἀπὸ
519 3163 618 3235 τῆς
644 3166 848 3236 πικρᾶς
876 3164 1120 3228 δουλείας
1149 3164 1244 3217 καὶ
1270 3164 1645 3235 αἰχμαλωσίας
1668 3166 1736 3238 ἢν

10 3241 24 3252 ’
102 3253 486 3308 πεπόνθασιν
531 3254 836 3328 ὑποχείριοι
877 3255 1182 3327 γενόμενοι.
1223 3253 1435 3310 Σῶσον
1460 3252 1535 3323 τῇ
1566 3251 1737 3322 δεξιᾷ

10 3337 18 3416 ξ
99 3363 265 3411 σου,
303 3346 420 3400 και
449 3346 796 3402 ἐπάκουσόν
805 3365 946 3417 μου.
989 3348 1050 3402 '0
1068 3347 1212 3414 Θεὸς
1232 3345 1541 3415 ἐλάλησεν
1563 3346 1634 3402 ἐν
1656 3345 1737 3413 τῷ

10 3429 24 3508 ξ
110 3439 277 3508 ἁγίῳ
332 3438 551 3493 αὐτοῦ.
582 3437 678 3501 Τίς
704 3433 773 3508 ἦν
817 3439 847 3492 ὁ
885 3438 1040 3508 ἅγιος
1087 3437 1320 3508 αὑτοῦὴ
1365 3438 1394 3491 ὁ
1439 3435 1734 3509 μονογενὴς

1918 2237 2084 2295 Vens.
2121 2235 2154 2294 6
2178 2267 2197 2279 -
2218 2238 2272 2292 8.
2304 2235 2562 2290 Exaltare
2591 2252 2748 2306 super
2778 2235 2956 2299 cwlos,
2989 2234 3152 2299 Deus,
3191 2244 3242 2288 et
3270 2251 3428 2306 super

1846 2348 2050 2388 omnem
2087 2339 2283 2386 terram
2310 2330 2486 2402 gloria
2531 2339 2644 2394 tua,
2677 2340 2734 2382 ut
2775 2328 3062 2383 liberentur
3092 2327 3276 2382 dilecti
3323 2331 3422 2386 tui.

1846 2425 2062 2481 Salvum
2091 2424 2177 2494 [ac
2203 2423 2420 2479 dextera
2449 2434 2560 2487 tua,
2591 2431 2642 2478 et
2678 2422 2872 2477 exaudi
2903 2438 3000 2476 me.
3047 2413 3185 2478 Deus
3217 2423 3424 2478 locutus

1842 2529 1920 2575 est
1950 2521 2003 2574 in
2033 2528 2215 2574 sancto
2245 2535 2342 2573 suo
2366 2532 2385 2570 :
2420 2515 2712 2571 Exaltabor
2745 2525 2793 2570 et
2823 2514 3057 2569 dividant
3090 2513 3346 2577 Sicltima,
3373 2524 3425 2570 et

1843 2612 2132 2669 convallem
2155 2610 2618 2666 tabernaculorum
2644 2609 2913 2663 dimetiar.
2938 2605 3180 2662 Obsecro
3211 2621 3428 2678 precor-

1843 2721 1970 2777 que,
2001 2705 2112 2758 cito
2139 2701 2334 2758 adesse
2364 2700 2616 2771 gratiam,
2649 2707 2833 2769 quate
2880 2696 3210 2753 altissimum
3252 2695 3423 2751 Deum

1844 2791 1900 2847 in
1946 2791 2104 2848 caelis
2149 2790 2482 2845 celebratum
2518 2802 2832 2850 noscamus,
2867 2794 2922 2842 et
2968 2785 3140 2856 gloria
3188 2794 3278 2840 tua
3327 2799 3426 2856 per

1841 2898 2058 2938 omnem
2089 2890 2289 2936 terram
2332 2877 2619 2934 manifesta
2650 2877 2928 2933 reddatur.
2965 2875 3079 2931 Hoc
3103 2875 3249 2932 enim
3285 2889 3427 2946 per-

1843 2983 1990 3043 acto,
2014 2974 2199 3030 dilecti
2232 2973 2312 3028 tui
2345 2986 2376 3026 a
2407 2970 2544 3026 dura
2582 2971 2844 3026 servitute
2876 2977 3140 3024 eruentur
3179 2977 3234 3023 et
3264 2983 3296 3023 a
3330 2981 3425 3023 ca-

1843 3067 2086 3138 ptivitate
2104 3081 2212 3137 qua
2229 3064 2440 3121 subacti
2457 3069 2512 3119 et
2529 3063 2712 3117 aﬂticti
2735 3069 2883 3119 sunt.
2904 3060 3000 3116 Sal
3006 3077 3120 3115 vum
3141 3060 3227 3129 [ac
3246 3059 3425 3114 dexte-

1843 3175 1906 3214 ra
1947 3170 2060 3222 tua,
2083 3167 2133 3213 et
2159 3155 2354 3213 exaudi
2387 3172 2486 3210 me.
2518 3153 2655 3210 Deus
2685 3155 2888 3209 locutus
2919 3162 2995 3209 est
3017 3154 3072 3207 in
3089 3161 3275 3230 sancto
3301 3167 3419 3207 suo.

1841 3251 1978 3319 Quis
2024 3259 2143 3306 erat
2183 3257 2410 3307 sanctus
2456 3246 2549 3303 Dei
2593 3245 2698 3302 nisi
2743 3243 2916 3301 Filius
2957 3245 3294 3314 unigenitus,
3325 3244 3421 3314 qni

1840 3359 1968 3401 vere
1995 3349 2222 3399 sanctus
2251 3347 2305 3398 et
2337 3339 2572 3396 dilectus
2609 3345 2696 3394 est
2732 3356 2744 3391 :
2777 3353 2873 3407 per
2905 3352 3066 3406 quem
3096 3333 3240 3390 Deus
3286 3335 3420 3404 ipsis

1841 3435 1909 3490 ad
1939 3433 2312 3504 supradictam
2341 3429 2666 3495 orationem,
2695 3443 2816 3496 quze
2840 3426 2921 3482 sic
2944 3426 3105 3482 habet
3129 3443 3141 3479 :
3163 3423 3421 3479 Ezaltare

16 3521 22 3528 ’
111 3532 292 3595 Παῖς,
331 3531 364 3584 δ
411 3528 489 3584 ὣν
533 3529 748 3602 ἀληθῶς
788 3529 942 3600 ἆγιος
979 3529 1072 3584 καὶ
1103 3529 1405 3601 ἀγαπητὸς,
1436 3529 1505 3583 δι’
1543 3522 1604 3584 οὗ
1629 3529 1727 3602 τὴν

1844 3541 1987 3596 super
2015 3524 2192 3590 cwlos,
2229 3522 2394 3589 Deus,
2434 3520 2746 3592 respondet.
2790 3519 3125 3583 Exaltabor;
3171 3517 3240 3572 ad
3285 3517 3421 3572 illud

10 3611 14 3698 ξ
117 3623 444 3695 ἀπόκρισιν
471 3622 766 3694 ἐποιήσατο
787 3622 924 3695 πρὸς
949 3622 1048 3695 τὴν
1068 3622 1423 3679 ἀποδοθεῖσαν
1450 3623 1614 3696 εὐχὴν
1635 3625 1735 3678 αὑ-

12 3705 22 3794 ἰ
116 3719 244 3781 τοῖς
277 3718 310 3770 ὁ
339 3715 512 3780 Θεός’
544 3715 680 3787 πρὸς
711 3716 810 3788 μὲν
845 3713 940 3769 οὖν
980 3715 1082 3787 τὴν
1121 3715 1286 3787 εὐχὴν
1323 3716 1421 3788 τὴν
1447 3717 1729 3787 φήσασαν·

137 3807 458 3879 ’Υψὼθητι
483 3807 582 3861 ἐπὶ
601 3808 744 3876 τοὺς
776 3806 1095 3876 οὐρανοὺς,
1127 3810 1161 3862 ό
1191 3805 1357 3874 Θεὸς,
1378 3807 1734 3879 ἀποκρίνεται

12 3961 24 3974 ί
126 3901 336 3969 λέγων,
379 3897 825 3968 ’Υψωθήσομαω
858 3897 996 3970 πρὸς
1021 3897 1080 3950 δὲ
1122 3897 1214 3952 τό⁶
1249 3897 1358 3953 Kal
1393 3897 1490 3952 ἐπὶ
1527 3897 1735 3955 πᾶσαν

134 3992 257 4063 τὴν
297 3989 424 4062 γῆν
464 3992 500 4059 ἡ
543 3989 695 4057 δόξα
728 4006 867 4055 σου,
900 3988 1060 4044 πάλιν
1098 3989 1451 4061 ἀποκρίνεται
1491 3989 1562 4044 τὰ
1602 3991 1733 4045 ἀκό-

135 4081 309 4135 λουθα
337 4080 449 4135 ἀπὸ
486 4079 601 4144 τοῦ,
641 4077 1058 4148 Ὑψωθήσομαι
1081 4077 1180 4130 καὶ
1204 4075 1480 4148 διαμεριῶ
1498 4078 1732 4147 Σίκιμα,

12 4169 24 4232 ἶ
142 4175 246 4229 καὶ
267 4172 388 4240 τὴν
415 4170 662 4226 κοιλάδα
681 4168 800 4224 τῶν
823 4168 1072 4238 σκηνῶν
1094 4168 1490 4239 διαμετρήσω.
1517 4169 1734 4241 Ταύτην

12 4245 22 4274 ί
143 4264 351 4327 ⁴τοίνυν,
386 4261 537 4333 φησὶ,
570 4261 669 4331 τὴν
711 4260 954 4324 κοιλάδα,
982 4258 1232 4313 τουτέστι
1260 4260 1442 4312 πᾶσαν
1485 4258 1583 4330 τὴν
1622 4258 1731 4313 τῶν

147 4353 453 4429 ἀνθρώπων
470 4353 810 4425 οίκουμένην,
827 4353 907 4416 είς
932 4351 1136 4439 σκηνας
1157 4351 1524 4423 διαμετρήσω,
1543 4350 1732 4424 ὥσπερ

1835 3637 1965 3677 vero
1998 3640 2012 3676 :
2046 3619 2112 3674 Et
2157 3634 2312 3688 super
2351 3633 2556 3672 omnem
2611 3625 2808 3670 terram
2853 3615 3026 3686 gloria
3063 3622 3178 3677 tua,
3225 3628 3421 3669 rursus

1835 3721 2204 3784 congruenter
2245 3709 2459 3782 reponit
2501 3708 2571 3764 ab
2620 3709 2706 3764 bis
2737 3708 2922 3764 verbis
2975 3726 2988 3762 :
3034 3706 3332 3761 Exaltabsr
3368 3714 3418 3760 et

1835 3804 2068 3860 dividam
2098 3803 2355 3864 Sichima,
2380 3810 2429 3857 et
2451 3801 2736 3855 convallem
2765 3798 3226 3854 tabernaculorum
3253 3797 3419 3851 dime-

1836 3899 1964 3954 tiar.
2003 3896 2176 3959 Hanc,
2210 3896 2408 3967 inquit,
2437 3893 2764 3959 convallem,
2790 3892 2842 3948 id
2869 3899 2954 3948 est
2981 3891 3296 3948 universum
3327 3905 3417 3945 or-

1839 3991 1985 4055 bem,
2020 3989 2076 4044 in
2108 3987 2465 4044 tabernacula
2521 3985 2797 4049 dimetiar,
2851 3983 3008 4055 quasi
3061 3983 3180 4038 loca
3226 3997 3418 4038 eorum

1840 4081 2072 4137 metiens
2094 4088 2149 4137 et
2176 4079 2530 4144 describens;
2559 4076 2797 4133 dividam
2851 4075 2906 4130 in
2932 4074 3283 4130 tabernacula
3322 4088 3417 4145 per

1839 4173 2086 4245 singulas
2112 4172 2384 4237 civitates,
2413 4179 2468 4227 et
2507 4170 2764 4241 regiones
2786 4177 2838 4224 et
2862 4167 3014 4222 vicos
3041 4184 3056 4222 :
3079 4181 3143 4222 ac
3171 4181 3414 4231 rursum,

1837 4264 2190 4319 tabernacula
2238 4262 2371 4318 mihi
2416 4261 2733 4329 dimeticns,
2779 4275 2844 4316 ac
2901 4275 3000 4331 per
3051 4258 3170 4313 loca
3221 4257 3414 4313 distri-

1837 4355 2045 4423 buens;
2081 4355 2135 4411 id
2161 4363 2246 4411 est
2274 4354 2560 4409 universas
2589 4369 2687 4424 per
2725 4352 2914 4408 orbem
2945 4350 3239 4407 Ecclesias.

147 4427 510 4520 χωρομετρῶν
559 4446 653 4499 καὶ
694 4445 1066 4516 καταγράφων
1095 4427 1344 4507 ἀὐτούς’
1385 4443 1732 4516 διαμετρήσω
1763 4448 1844 4512 εἰς
1875 4447 2078 4520 σκηνὰς
2106 4447 2251 4503 κατά
2281 4448 2458 4501 πᾶσαν
2481 4445 2654 4510 πόλιν,
2681 4446 2775 4500 καὶ
2823 4444 3006 4517 χώραν
3051 4444 3145 4498 καὶ
3187 4441 3410 4515 κώμην⁶

13 4539 32 4622 ’1
149 4543 246 4598 καὶ
278 4542 462 4606 πάλιν,
508 4540 712 4612 σκηνὰς
747 4539 971 4612 ἐμαυτῷ
1006 4539 1316 4611 διαμετρῶν
1359 4540 1451 4594 καὶ
1482 4542 1867 4616 χωρομετρῶν,
1892 4543 2139 4598 τουτέστι
2166 4543 2267 4608 τὰς
2293 4541 2605 4613 ἁπανταχοῦ
2639 4540 2985 4611 Ἐκκλησίας.

160 4752 256 4805 καὶ
297 4753 531 4822 Ἐφραίμ
570 4753 899 4822 ἀντίληψις
938 4750 1048 4820 τῆς
1093 4752 1367 4824 κεφαλῆς
1405 4773 1547 4825 μου.
1591 4757 1728 4812 Ἰού-

161 4843 268 4910 δας
321 4844 609 4912 βασιλεύς
664 4863 817 4915 μου.
868 4845 1051 4900 Μωὰό
1097 4846 1280 4914 λέϐης
1327 4845 1437 4915 τῆς
1481 4848 1730 4918 ἐλπίδος

163 4952 294 5004 μου.
337 4935 539 5005 Ἐπειδὴ
579 4935 817 5008 Ἐφραῖμ
848 4939 944 4990 καὶ
973 4938 1270 5009 Μανασσῆς
1304 4940 1410 4992 υίοὶ
1440 4941 1728 5009 γεγόνασιν

179 5026 384 5097 Ἰωσὴφ,
422 5027 673 5097 κατέσχον
715 5027 772 5081 δὲ
813 5029 863 5082 οί
912 5029 977 5082 ὲκ
1016 5029 1222 5084 τούτων
1253 5031 1352 5102 τὴν
1385 5032 1725 5107 καλουμένην

165 5119 340 5191 χώραν
370 5119 589 5184 Γαλαὰδ,
641 5121 736 5172 καὶ
778 5121 875 5193 τὴν
911 5123 1094 5195 Συχὲμ
1126 5125 1219 5178 καὶ
1251 5125 1354 5197 τὴν
1385 5126 1723 5199 Σαμάρειαν,

173 5211 292 5265 ἔνθα
308 5211 364 5264 τὸ
388 5209 642 5281 βασίλειον
665 5215 1004 5286 συνειστήκει
1032 5214 1125 5270 τοῦ
1172 5216 1389 5289 Ἰσραήλ
1409 5234 1422 5248 ·
1455 5219 1545 5272 διὰ
1567 5219 1726 5274 τοῦτο

175 5302 352 5357 ἑαυτοῦ
380 5321 528 5374 φησιν
562 5300 700 5359 εἶναι
733 5306 826 5360 καὶ
850 5307 1091 5374 τούτους,
1128 5309 1220 5364 τὸν
1246 5310 1304 5364 δὲ
1335 5309 1575 5383 Ἐφραίμ
1605 5315 1724 5367 κατ’

181 5395 432 5468 ἐξαίρετον
451 5397 529 5452 διὰ
555 5397 654 5471 τὴν
675 5399 734 5466 ἐξ
768 5399 932 5454 αὑτοῦ
962 5404 1235 5458 συστᾶσαν
1263 5403 1564 5475 βασιλείαν,
1596 5423 1726 5475 κρα-

181 5485 380 5539 ταίωσιν
410 5488 648 5561 ὀνομάζει
675 5491 776 5563 τῆς
815 5493 1054 5564 κεφαλῆς
1084 5495 1300 5551 ἑαυτοῦ.
1356 5496 1588 5565 Ἰούδας
1607 5499 1726 5563 ,βα-

185 5577 374 5644 σιλεύς
398 5596 522 5648 μου,
561 5583 732 5636 Μοάϐ
761 5582 946 5650 λέϐης
994 5583 1106 5654 τῆς
1146 5586 1395 5654 ἐλπίδος
1428 5607 1569 5658 μου.
1619 5590 1725 5644 Τὸν

195 5667 373 5722 Ἰούδαν
412 5669 617 5740 βασιλέα
646 5673 838 5729 ἑαυτοῦ
878 5671 1036 5738 εἶναι,
1069 5677 1236 5746 λέγει.
1269 5681 1540 5752 Πρόδηλον
1564 5681 1622 5736 δὲ
1644 5683 1724 5735 ὅτι

194 5761 316 5813 κατὰ
336 5761 415 5814 τὸν
449 5765 760 5822 Ἀπόστολον
792 5769 851 5838 ἐξ
896 5772 1064 5826 Ἰούδα
1091 5773 1454 5828 ἀνατέταλκεν
1476 5777 1505 5830 ὁ
1531 5774 1722 5847 Σωτὴρ

14 5185 30 5234 il

14 5271 24 5326 ἶ

14 5383 32 5420 1

14 5471 30 5508 ς

14 5569 28 5600 τ

14 5661 28 5694 l

14 5751 34 5792 Ἀ

255 5919 298 5950 ⁸³
335 5919 492 5976 Matth.
530 5942 580 5988 v,
615 5924 668 5980 8.

239 4662 412 4731 Ἔμός
441 4661 566 4715 ἐστι
585 4658 856 4725 Γαλαὰδ,
887 4661 984 4715 καὶ
1015 4660 1158 4730 ἐμός
1193 4659 1325 4715 ἐστι
1357 4663 1727 4731 Μανασσῆς·

1912 4664 2079 4720 Vens.
2124 4667 2180 4729 9,
2221 4665 2310 4720 10.
2345 4663 2495 4719 Meus
2525 4672 2602 4717 est
2637 4660 2866 4724 Galaad,
2901 4669 2950 4713 et
2996 4674 3142 4713 meus
3174 4668 3253 4713 est
3291 4655 3414 4712 Ma-

1835 4774 2017 4813 nasses
2043 4774 2061 4813 :
2087 4766 2138 4813 et
2162 4755 2419 4826 Ephraim
2445 4755 2704 4824 susceptio
2731 4753 2923 4821 capitis
2963 4753 3084 4806 mei.
3125 4750 3274 4804 Juda
3321 4767 3414 4804 recc

1837 4866 2003 4913 meus,
2044 4847 2204 4904 Moab
2257 4847 2393 4903 lebes
2438 4846 2547 4915 spei
2589 4860 2735 4900 mete.
2764 4843 3035 4910 Quoniam
3073 4840 3329 4914 Ephraim
3358 4848 3414 4896 et

1838 4942 2118 4998 Manasses
2149 4942 2242 4996 lilii
2293 4940 2498 5010 Joscph
2550 4938 2825 5000 feruntur,
2871 4950 3176 5006 uirumque
3208 4933 3412 5004 posteri

1832 5036 2134 5107 regionem,
2180 5050 2302 5104 qua:
2343 5031 2547 5087 Galaad
2597 5030 2918 5090 vocabatur,
2964 5035 3324 5098 occuparunt,
3359 5033 3414 5079 et

1834 5125 2067 5199 Sycbcm
2102 5135 2156 5183 et
2183 5126 2510 5190 Samariam,
2539 5123 2629 5178 ubi
2674 5121 2820 5195 regia
2853 5121 3070 5178 lsraelis
3110 5128 3259 5178 erat;
3289 5116 3414 5172 idco

1831 5221 1955 5275 illos
1993 5235 2124 5275 suos
2166 5235 2289 5275 esse
2316 5217 2472 5280 dicit,
2502 5231 2567 5270 ac
2607 5214 2864 5285 prraim
2901 5211 3028 5283 quia
3061 5225 3126 5266 ex
3171 5208 3294 5279 ipso
3326 5224 3413 5263 re-

1830 5327 1996 5384 gnum
2021 5311 2333 5374 constabat,
2365 5308 2739 5363 fortitudinem
2764 5306 2961 5376 capitis
2983 5304 3068 5358 sui
3106 5317 3202 5375 per
3229 5299 3409 5357 excel-

1831 5404 2052 5459 lentiam
2081 5409 2261 5457 vocat.
2287 5399 2436 5455 Iuda
2459 5416 2551 5455 rea:
2577 5417 2740 5465 meus,
2771 5397 2934 5453 Moab
2956 5395 3093 5451 lcbes
3121 5397 3230 5465 spei
3258 5411 3406 5450 meat.

1827 5493 2025 5550 Judam
2065 5508 2247 5565 regem
2277 5507 2400 5549 esse
2427 5507 2588 5549 suum
2617 5491 2773 5548 dicit.
2838 5489 3184 5544 Manifestum
3224 5494 3406 5542 autem

1829 5597 1914 5645 est
1943 5588 2242 5644 secundum
2277 5585 2619 5656 Apostolum,
2666 5583 3005 5639 Salvatorcm
3032 5591 3089 5636 et
3116 5578 3408 5635 Dominum

1830 5688 2078 5736 nostrum
2117 5678 2302 5736 Jesum
2333 5679 2614 5735 Christum
2649 5681 2902 5732 exortum
2932 5689 3059 5730 esse
3088 5689 3156 5730 cx
3180 5669 3344 5739 Juda,
3374 5688 3404 5726 a

1831 5789 1940 5845 quo
1989 5773 2196 5846 regium
2247 5787 2422 5846 genus
2479 5769 2840 5826 constitutum
2873 5775 2978 5826 est.
3029 5772 3089 5824 In
3133 5767 3222 5824 bis
3275 5767 3404 5822 item
