3994 6424
630 366 767 424 1327
1252 442 1259 447 Ι
1297 364 1566 424 EUSEBII
1602 361 2086 421 CESARIENSIS
2125 360 2278 419 OPP.
2319 359 2500 416 PARS
2533 359 2625 416 Ill.
2664 389 2731 399 —
2769 351 3184 411 EXEGETICA.

626 494 751 543 sunt
790 483 971 550 nimis,
1020 489 1071 538 et
1118 481 1366 549 jumenta
1412 495 1595 535 eorum
1647 495 1752 533 non
1791 475 2097 532 minor-abit.
2142 474 2203 529 Et

1749 519 1752 527 .
1791 475 2097 532 minoraoit.
2142 474 2211 529 Et
2241 480 2285 535 Α
2315 475 2522 529 Ἕθετο
2543 471 2769 542 ἔρημον
2805 471 2895 535 εἰς
2923 466 3146 537 ⁵λίμνας
3182 462 3326 519 ὑδάῖ

625 582 785 648 pauci
818 577 952 647 facti
981 585 1128 637 sunt,
1161 582 1213 629 et
1239 573 1420 628 uexati
1448 580 1570 627 sunt
1613 587 1645 625 α
1675 571 2016 627 tribulatione
2043 569 2202 625 malo-

1771 571 2016 625 lulatione
2043 569 2211 625 malo-
2319 567 2409 631 εις
2446 562 2752 630 διεξόδους
2784 559 3041 616 ὑδάτων.
3088 556 3201 612 Kal
3248 573 3348 607 2m-

628 686 748 726 rum
771 678 822 723 et
850 667 1053 723 dolore.
1088 662 1279 733 E/Iusa
1308 672 1386 718 est
1418 664 1733 732 contemptio
1762 677 1920 733 super
1949 663 2205 732 principes

1763 677 1920 733 super
1949 663 2212 732 principes
2310 657 2562 723 νῶντας,
2594 654 2693 710 καὶ
2733 651 3197 720 συνεστήσαντο
3232 650 3311 699 :r/
3330 652 3340 687 ?

628 776 833 825 eorum,
866 770 916 815 et
965 774 1149 815 errare
1179 757 1302 827 [erit
1338 772 1428 811 eos
1459 757 1513 809 in
1550 756 1728 820 invio,
1769 764 1819 810 et
1868 772 1974 811 non
2003 756 2057 809 in
2105 755 2205 809 via.

1777 764 1819 810 et
1868 772 1974 811 non
2003 756 2057 809 in
2105 755 2212 809 via.
2313 749 2422 806 Kal
2448 747 2740 815 ἐσπειραν
2769 742 2987 814 ἀγροὺς
3010 740 3109 795 καὶ.
3141 740 3354 808 emim-

630 851 845 908 Etenim
883 849 1126 906 Judaicaa
1150 848 1329 920 gentis
1360 846 1654 901 multitudo
1681 847 1737 901 in
1780 854 1991 901 tantam
2032 846 2207 901 bono-

1780 854 1991 901 tantam
2032 846 2210 901 bono-
2313 841 2412 896 καὶ
2458 838 2758 904 ἐποίησαν
2793 832 3028 903 καρπὸν
3068 829 3328 902 ret-mitur

632 958 755 998 rum
799 941 1084 1012 penuriam
1140 939 1359 994 redacta
1404 947 1510 1004 est,
1571 947 1632 994 ut
1660 939 1820 1009 pauci
1862 954 2032 1010 penes
2065 937 2209 1009 ipsos

1749 939 1820 994 tci
1862 954 2032 1010 penes
2065 937 2216 1009 ipsos
2314 945 2427 985 σεν
2461 927 2685 993 αὐτοὺς
2730 924 2830 979 καὶ
2878 922 3326 991 maneamne“.

632 1033 980 1103 reperiantur
1020 1031 1115 1102 qui
1152 1029 1455 1086 secundum
1492 1029 1663 1086 Deum
1696 1030 1942 1101 praeclari
1970 1029 2101 1085 sint.
2137 1028 2209 1084 Ac

1719 1030 1942 1086 περιειτί
1970 1029 2101 1085 sint.
2137 1028 2217 1084 Ac
2318 1020 2510 1086 κτήνη
2542 1016 2742 1074 αὐτῶν
2780 1017 2893 1071 οὐκ
2915 1015 3296 1085 ἐσμίκρυνεν.

634 1134 749 1180 tota
783 1125 1003 1198 quidem
1037 1139 1228 1180 eorum
1260 1139 1394 1197 gens
1418 1138 1541 1195 qum
1572 1124 1629 1179 in
1659 1124 1763 1179 hoc
1790 1124 2052 1181 vaticinio
2078 1137 2211 1193 pm-

1755 1141 1763 1178 :
1790 1124 2052 1181 vaticinio
2078 1137 2217 1193 prae-
2318 1113 2419 1168 καὶ
2435 1108 2827 1177 ἐκακώθησαν
2846 1105 2968 1162 ἀπὸ
2991 1106 3249 1175 θλίψεως
3292 1136 3332 1151 μ.

636 1216 962 1272 nuntiantur
1008 1216 1296 1273 sustinuit.
1329 1215 1616 1287 Principes
1666 1223 1848 1271 autem
1894 1230 2124 1278 eorum,
2161 1220 2213 1269 et

1727 1223 1848 1271 Item
1894 1230 2086 1270 eorum
2108 1253 2124 1278 ,
2161 1220 2218 1269 et
2331 1203 2614 1273 Ἐξεχύθη
2645 1198 3046 1265 ἐξουδένωσις
3083 1198 3176 1251 ἐπ’
3203 1200 3257 1261 ἀι
3300 1232 3304 1239 ν

633 1308 968 1381 patriarchae
985 1308 1233 1380 quidam,
1258 1307 1597 1372 sacerdotes,
1637 1308 2053 1379 legisdoctores,
2077 1304 2210 1361 Sad-

1701 1308 2053 1379 gisdoctores,
2077 1304 2216 1361 Sad-
2317 1294 2671 1364 ἐπλάνησεν
2706 1291 2931 1381 αὐτοὺς
2968 1290 3040 1345 ἐν
3081 1289 3278 1381 ᾀϐίὶτῳ

637 1379 869 1467 dnccaai,
906 1379 1114 1455 Scribe“.
1145 1406 1200 1455 et
1228 1398 1493 1455 Phariszi
1522 1399 1731 1471 pudore
1753 1398 1947 1455 suﬁ‘usi
1976 1405 2128 1465 sunt,
2159 1397 2214 1452 in

1664 1415 1731 1456 ire
1753 1398 1947 1455 διιπυεὶ
1976 1405 2128 1465 sum,
2159 1397 2217 1452 in
2324 1385 2424 1458 μὲν
2450 1383 2561 1457 γὰρ
2607 1383 2810 1454 πλῆθος
2840 1380 2935 1435 τοῦ
2976 1379 3241 1436 Ἰουδαίων

636 1497 1125 1563 contemptumque
1174 1489 1396 1558 traditi;
1458 1498 1651 1559 utpote
1700 1491 1832 1560 qui,
1869 1488 2052 1545 vocati
2087 1498 2213 1542 cum

1700 1491 1832 1560 qui,
1869 1488 2052 1545 vocati
2087 1498 2215 1542 cum
2321 1479 2526 1551 ἤλασεν
2572 1475 2794 1547 ἀγαθῶν
2837 1474 3055 1541 σπάνιν,
3111 1473 3185 1536 ὡς
3213 1496 3234 1523 ι

639 1588 825 1639 essent
848 1580 919 1635 ad
945 1580 1089 1635 viam
1120 1588 1346 1643 rectam,
1369 1578 1521 1633 illam
1542 1580 1877 1650 respuerint.

1669 1580 1877 1635 uerint.
2323 1571 2508 1634 αὐτοῖς
2546 1569 2673 1633 τοὺς
2719 1566 2860 1623 κατὰ
2889 1565 3025 1621 Θεὸν
3052 1565 3246 1631 abbas.-.

637 1676 751 1728 πᾶν
773 1671 924 1737 ἔθνος
963 1672 1167 1744 ταύτην
1207 1671 1466 1744 ὑπέμεινε
1494 1671 1593 1744 τὴν
1623 1667 1965 1745 πρόρρησιν
1993 1670 2046 1725 οἱ
2072 1668 2119 1723 δ’
2151 1669 2210 1721 ὲν
2243 1665 2428 1728 αὐτοῖς
2457 1661 2741 1734 ἄρχοντες,
2770 1658 3107 1732 πατριάρχαι
3162 1675 3211 1709 -..

638 1764 1104 1840 νομοδιδάσκαλοι,
1144 1765 1489 1821 Σαδδουκαῖοι
1522 1783 1584 1821 τε
1618 1766 1715 1820 καὶ
1742 1765 2097 1837 Γραμματεῖς
2150 1760 2246 1817 καὶ
2271 1758 2555 1830 Φαρισαῖοι
2617 1753 2882 1826 αἰσχύνην
2936 1752 3193 1823 κατεχέα.

640 1858 884 1922 δοθέντες
909 1874 925 1889 °
973 1858 1073 1913 ἅτε
1113 1856 1178 1928 δὴ
1218 1856 1512 1930 κληθέντες
1545 1857 1642 1913 ἐπὶ
1684 1858 1785 1930 τὴν
1830 1856 2049 1911 εὐθεῖαν
2092 1854 2211 1909 ὁδδν
2247 1851 2342 1906 καὶ
2372 1847 2845 1922 παραιτησάμενοι
2874 1845 3066 1916 αὐτὴν.

719 1971 886 2030 Vens.
912 1973 1004 2029 41.
1032 1971 1101 2027 Et
1123 1972 1328 2044 adjuvit
1356 1990 1636 2045 pauperem
1656 1973 1722 2029 de
1741 1974 1940 2044 inopia.
1963 1970 2066 2028 Hic
2088 1986 2224 2027 con-
2252 1978 2296 2034 B

1601 1990 1636 2028 τι
1656 1973 1722 2029 de
1741 1974 1940 2044 inopia.
1963 1970 2066 2028 Hic
2088 1986 2224 2027 con-
2252 1978 2296 2034 Β
2393 1963 2505 2022 Kal
2531 1962 2829 2032 ἐϐοήθησε
2858 1962 3086 2031 πένητα
3115 1962 3178 2015 ἐκ

643 2073 802 2123 sueto
823 2078 978 2119 more
1001 2060 1366 2135 Symmachus
1393 2062 1587 2129 edidit,
1617 2061 1688 2117 Et
1717 2062 1914 2117 muniet
1941 2074 2219 2133 pauperem

1577 2061 1688 2129 ,Et
1717 2062 1914 2117 muniet
1941 2074 2219 2133 paupcrm
2324 2075 2438 2122 τοις
2481 2054 2729 2128 συνήθως
2778 2055 2808 2108 ὁ
2860 2051 3154 2125 Σύμμαχος

645 2159 712 2211 αι
742 2154 1042 2227 afﬂictione.
1069 2152 1182 2209 Illis
1209 2153 1456 2225 quidem,
1496 2156 1594 2220 ait,
1636 2168 1760 2226 qua:
1802 2152 2063 2225 praedicta
2092 2158 2222 2208 sunt

1554 2162 1594 2220 t,
1636 2168 1760 2226 qua:
1802 2152 2063 2225 praedicta
2092 2158 2222 2208 sunt
2326 2148 2618 2223 ὀχυρώσει
2661 2146 2907 2215 πένητα·
2935 2144 3052 2200 ἀπὸ
3102 2164 3128 2195 λ·

645 2248 900 2304 evenient
924 2264 940 2302 :
968 2260 1264 2317 pauperem
1308 2261 1442 2303 vero
1483 2246 1749 2318 populum.
1772 2246 2002 2313 muniet,
2027 2243 2221 2301 videli-

1561 2246 1749 2317 pulum-
1772 2246 2002 2313 muniet,
2027 2243 2221 2301 videli-
2325 2242 2437 2312 γὰρ
2470 2239 2625 2293 ἔσται
2663 2236 2733 2291 τὰ
2764 2235 3138 2310 προδηλωθέντ

650 2348 738 2393 cet
769 2337 923 2392 illum
953 2336 1050 2406 qui
1081 2350 1148 2390 ex
1183 2337 1439 2407 gentibus
1474 2337 1896 2394 constituendus
1918 2345 2024 2403 est,
2057 2351 2220 2407 quem

1547 2337 1896 2394 nstituendus
1918 2345 2024 2403 est,
2057 2351 2220 2407 quem
2327 2333 2459 2388 λαὸν
2490 2328 2794 2404 ὀχυρώσειο
2827 2329 2920 2384 τὸν
2954 2327 3015 2395 ἐξ
3044 2328 3124 2381 ὲὺ.

645 2430 866 2485 beatum
922 2427 1233 2499 praedicans
1282 2426 1535 2485 Salvator
1588 2443 1655 2484 ac
1712 2428 1977 2486 Dominus
2035 2437 2222 2486 noster

1529 2446 1535 2459 υ
1588 2443 1655 2484 ac
1712 2428 1977 2486 Dominus
2035 2437 2224 2486 noster
2328 2425 2389 2481 δν
2413 2424 2508 2478 καὶ
2531 2421 2853 2495 μακαρίζων
2881 2422 2910 2475 ὁ
2936 2421 3106 2489 Σωτὴ.

645 2518 809 2577 Iesus
834 2518 1094 2576 Christus
1113 2519 1331 2575 dicebat
1358 2539 1372 2576 :
1404 2521 1557 2577 Beati
1578 2536 1832 2592 pauperes
1861 2522 2073 2592 spiritu,
2101 2537 2222 2593 quo-

1517 2521 1557 2574 ti
1578 2536 1832 2592 pauperes
1861 2522 2073 2592 spiritu,
2101 2537 2227 2593 quo-
2328 2516 2562 2599 Χριστὸς
2590 2514 2745 2584 ἔλεγε
2765 2530 2780 2544 ·
2810 2510 3090 2580 Μακάριί.

653 2611 792 2666 niam
819 2610 1054 2680 ipsorum
1073 2619 1149 2664 est
1180 2625 1397 2679 regnum
1426 2609 1676 2665 calorum
1704 2610 1772 2667 ⁷⁸.
1801 2609 1872 2665 Et
1913 2611 2091 2682 posuit
2117 2611 2226 2666 sic-

1502 2609 1676 2665 lorum
1704 2610 1772 2667 ⁷⁸.
1801 2609 1872 2665 Et
1913 2611 2091 2682 posuit
2117 2611 2226 2666 sic-
2331 2612 2422 2666 ὅτι
2453 2607 2654 2664 αὐτῶν
2683 2607 2857 2660 ἐστιν
2887 2606 2928 2675 ἡ
2970 2605 3076 2669 βαι.

647 2711 705 2756 ut
752 2717 868 2757 oves
918 2700 1177 2771 familias.
1239 2700 1435 2770 Aquila
1473 2715 1604 2756 vero
1667 2701 1862 2768 διιεῖ
1904 2711 2060 2773 ponet
2088 2703 2224 2758 sicut

1487 2715 1604 2756 vero
1667 2702 1766 2768 ait,
1792 2701 1862 2756 Et
1904 2711 2060 2773 ponet
2088 2703 2227 2758 sicut
2330 2702 2499 2757 ἔθετο
2532 2699 2614 2766 ὠς
2665 2697 2927 2766 πρόϐατα
2966 2712 3064 2749 παι

599 2804 605 2813 '
651 2795 785 2850 ovile
817 2794 1187 2866 cognationes;
1232 2790 1596 2863 Symmachus
1642 2803 1848 2861 autem,
1887 2793 1956 2849 Et
2004 2804 2176 2850 statue

1459 2792 1596 2849 chus
1642 2803 1848 2861 autem,
1887 2793 1956 2849 Et
2004 2803 2222 2859 statuet,
2331 2793 2524 2861 θήσει,
2558 2790 2743 2862 φησιν,
2770 2788 2853 2855 ὡς
2874 2789 3036 2857 acip:

650 2886 860 2957 inquit,
908 2884 1043 2938 sicut
1074 2898 1280 2954 gregem
1319 2885 1653 2954 cognationes
1683 2884 1783 2941 :id
1835 2895 1921 2942 est
1951 2884 2227 2943 Ecclesias

1453 2885 1653 2940 ationes
1683 2900 1702 2941 :
1726 2884 1783 2941 id
1835 2895 1921 2942 est
1951 2884 2227 2943 Ecclesiae
2335 2902 2526 2958 μαχος,
2557 2882 2669 2939 Καὶ
2692 2879 2879 2947 τάξει,
2907 2882 3025 2952 φης’

653 2993 773 3047 qua:
793 2991 890 3047 per
909 2974 1161 3031 civitates
1184 2981 1239 3029 et
1267 2976 1520 3049 regiones
1546 2991 1612 3031 ex
1638 2975 1874 3033 diversis
1890 2977 2228 3050 cognationi-

1458 2989 1520 3031 es
1546 2991 1612 3031 ex
1638 2975 1874 3033 diversis
1890 2977 2228 3050 cognationi-
2332 2977 2431 3041 τὰς
2446 2973 2588 3031 κατὰ
2602 2973 2756 3028 πόλιν
2782 2974 2879 3027 καὶ
2898 2990 2999 3027 κατ
3008 2974 3032 3024 ἐι.

592 3126 599 3132 ,
652 3068 756 3125 bus
773 3066 1087 3122 constituta:
1117 3071 1268 3121 sunt.

2336 3086 2446 3146 ρων
2485 3066 2814 3138 ωγγενειῶν
2843 3082 3024 3119 συνετὴ

723 3160 890 3215 Vens.
911 3156 1105 3222 42,45.
1140 3154 1398 3213 Videbunt
1416 3158 1544 3214 recti
1558 3166 1608 3213 et
1632 3158 1974 3225 laetabuntur,
1995 3162 2229 3217 etomuis

1448 3158 1544 3214 ecti
1558 3166 1608 3213 et
1632 3158 1974 3225 laetabuntur,
1995 3167 2047 3216 et
2058 3162 2229 3217 omnis
2406 3160 2697 3228 Ὄψονται
2723 3156 2915 3234 εὐθεῖ(-
2938 3156 3025 3208 au‘

648 3249 904 3319 iniquitas
951 3247 1205 3320 oppilabit
1255 3265 1314 3303 os
1370 3266 1549 3308 suum.
1585 3250 1726 3318 Quid
1757 3267 1922 3323 porro
1946 3252 2225 3323 videbunt,

1425 3267 1549 3308 tum.
1585 3250 1726 3318 Quid
1757 3267 1922 3323 porro
1946 3252 2226 3323 videbunt,
2334 3249 2552 3320 ἀνομιά
2576 3246 2861 3319 ὲμςρράξει
2895 3246 2961 3301 τὸ
2998 3274 3002 3281 λ

651 3339 755 3393 nisi
812 3354 996 3394 rerum
1054 3353 1122 3395 es
1155 3340 1519 3395 deterioribus
1550 3339 1620 3396 ad
1672 3341 1899 3397 meliora
1930 3352 2228 3399 commuta-

1425 3341 1519 3395 bus
1550 3339 1620 3396 ad
1672 3341 1899 3397 meliora
1930 3352 2232 3399 commuta-
2259 3343 2301 3402 C
2332 3339 2446 3394 ἀλλ’
2472 3340 2506 3413 ἢ
2548 3340 2649 3413 τὴν
2680 3339 2789 3394 ἀπὸ
2818 3337 2926 3392 τῶν
2956 3358 3002 3408 χι

650 3427 898 3483 tionem?
921 3427 1286 3496 Quamobrem
1318 3428 1385 3484 iis
1411 3428 1502 3500 qui
1535 3428 1852 3500 prophetiae
1876 3429 1942 3485 ad
1977 3429 2226 3487 ellectum

1411 3428 1502 3500 qui
1535 3428 1852 3500 prophetiae
1876 3429 1942 3485 ad
1977 3429 2226 3487 ellectum
2332 3429 2522 3502 ϐολήνς
2552 3429 2644 3483 Διὸ
2669 3431 2784 3492 τοῖς
2814 3428 2884 3482 τὰ
2910 3429 2988 3480 τέῑ

648 3529 703 3577 et
726 3521 888 3577 tinem
929 3519 1195 3576 deductas
1226 3529 1628 3593 conspexerunt
1657 3522 1875 3578 dicebat
1915 3520 2175 3579 Servator
2210 3544 2224 3579 :

1389 3529 1628 3577 exerunt
1657 3522 1875 3578 dicebat
1915 3520 2175 3579 Servator
2210 3544 2224 3579 :
2330 3522 2515 3592 ἔλεγεν
2544 3523 2575 3574 ὁ
2597 3521 2814 3593 Σωτήρ·
2865 3520 2966 3587 ’Υμ

663 3612 836 3669 Vestri
855 3621 1032 3667 autem
1061 3612 1199 3669 beati
1229 3613 1390 3677 oculi,
1409 3613 1533 3683 quia
1556 3612 1768 3678 vident;
1798 3621 1851 3668 et
1877 3631 1893 3667 :
1928 3615 2088 3670 Multi
2114 3632 2229 3686 pro.

1377 3652 1390 3677 ,
1409 3613 1533 3683 quia
1556 3612 1768 3678 vident;
1798 3621 1851 3668 ct
1877 3631 1893 3667 :
1928 3615 2088 3670 Multi
2114 3632 2229 3686 pro.
2330 3613 2420 3668 ὅτι
2453 3612 2760 3678 βλέπουσι
2782 3628 2796 3642 ·
2840 3612 2954 3665 καὶ.

648 3703 817 3774 pheta:
844 3703 1117 3759 uoluerunt
1155 3704 1325 3758 videre
1370 3720 1488 3774 qua:
1515 3720 1603 3758 vos
1627 3704 1835 3770 videtis,
1863 3716 1914 3761 et
1945 3723 2051 3761 non
2087 3708 2225 3763 vide-

1370 3720 1488 3774 qua:
1515 3720 1603 3758 vos
1627 3704 1835 3770 videtis,
1863 3716 1914 3761 et
1945 3723 2051 3761 non
2087 3708 2229 3763 oide-
2328 3719 2451 3757 σαν
2479 3701 2627 3757 ἰδεῖν
2672 3700 2712 3756 ἃ
2755 3701 2922 3772 ὑμεῖς

651 3803 778 3851 runt
799 3796 866 3848 ’⁸.
892 3792 962 3848 Et
983 3794 1152 3848 omnis
1184 3795 1434 3865 iniquitas
1466 3794 1718 3865 oppilabit
1749 3814 1806 3852 os
1835 3813 2013 3853 suum.
2046 3799 2104 3853 In
2134 3814 2226 3855 ra—

1364 3803 1434 3849 las
1466 3794 1718 3865 oppilabit
1749 3814 1806 3852 os
1835 3813 2013 3853 suum.
2046 3799 2104 3853 In
2134 3814 2226 3855 ra—
2329 3794 2499 3852 πᾶσα
2530 3793 2732 3851 ἀδικία
2775 3794 2941 3865 ἐμφίτ

652 3889 799 3945 hiem
828 3894 949 3942 acta
970 3892 1025 3941 et
1044 3886 1117 3941 ob
1146 3885 1401 3942 invidiam
1424 3886 1611 3945 dolore
1634 3887 1828 3956 fracta,
1849 3904 2025 3959 neque
2045 3897 2228 3947 tamen

1359 3903 1401 3940 [ιι
1424 3886 1611 3945 dolore
1634 3887 1828 3956 fracta,
1849 3904 2025 3959 neque
2045 3897 2228 3947 tamen
2329 3887 2435 3941 ὑπὸ
2462 3887 2658 3957 φθόνου
2707 3885 2936 3957 ὃιαρρηγ

653 3975 861 4045 aliquid
886 3990 1047 4048 agere
1076 3977 1286 4040 valens,
1316 3977 1442 4048 quia
1472 3977 1614 4033 Deus
1636 3978 1708 4032 ita
1740 3980 1933 4036 voluit.
1957 3979 2015 4035 ld
2045 3991 2226 4039 autem
2326 3982 2418 4035 τὸν
2443 3979 2617 4035 ταῦτα
2641 3977 2923 4051 βουληθέντ

650 4065 940 4121 manifeste
966 4066 1150 4122 videre
1176 4066 1322 4134 licet,
1344 4081 1469 4121 cum
1502 4066 1800 4123 inﬁdelium
1830 4079 1886 4123 et
1913 4070 2227 4127 idololatra-

1349 4081 1469 4121 cum
1502 4066 1800 4123 inﬁdelium
1830 4079 1886 4123 et
1913 4070 2229 4127 idololatra-
2327 4089 2474 4126 εστιν
2547 4069 2792 4143 ἐναργῶς
2834 4070 2926 4139 6p:-

650 4168 775 4209 rum
807 4154 1091 4226 iniquitas,
1123 4162 1317 4209 contra
1346 4153 1647 4209 Ecclesiam
1685 4156 1891 4211 Christi
1938 4155 2125 4211 furens
2174 4165 2227 4212 et

1346 4153 1647 4209 Ecclesiam
1685 4156 1891 4211 Christi
1938 4155 2125 4211 furens
2174 4165 2230 4212 et
2326 4162 2562 4235 Χριστοῦ
2597 4164 2632 4235 ὴ
2663 4161 2771 4216 τῶν
2818 4161 2908 4214 ἀπε

651 4259 795 4315 saepe
828 4244 1131 4312 insaniens,
1162 4243 1309 4315 quod
1355 4241 1577 4298 demum
1625 4243 1762 4298 nihil
1802 4261 1964 4317 agere
1999 4246 2224 4311 valeret,

1355 4241 1577 4298 demum
1625 4243 1762 4298 nihil
1802 4261 1964 4317 agere
1999 4246 2224 4311 valeret,
2326 4256 2526 4327 ἀνομία
2554 4254 2801 4323 λυττῶσα
2833 4271 2898 4306 κα

652 4350 717 4392 os
751 4351 911 4392 suum
954 4336 1253 4398 obturavit,
1301 4348 1332 4388 a
1369 4333 1554 4389 divino
1597 4335 1765 4389 verbo
1796 4335 2009 4392 frenata
2040 4355 2053 4391 :
2081 4338 2226 4407 quod

1301 4348 1332 4388 a
1369 4333 1554 4389 divino
1597 4335 1765 4389 verbo
1796 4335 2009 4392 frenata
2040 4355 2053 4391 :
2081 4338 2226 4407 quod
2325 4344 2387 4398 τὸ
2434 4343 2598 4416 μηδὲν
2645 4343 2877 4398 adimebat

649 4425 813 4480 etiam
838 4425 947 4481 illis
963 4432 1207 4495 tempore
1230 4424 1669 4495 persecutionum
1696 4424 1813 4480 htec
1830 4426 1994 4483 edicit
2025 4447 2038 4484 :
2068 4429 2224 4493 Tace,

1299 4424 1669 4479 rsecutionum
1696 4424 1813 4480 htec
1830 4426 1994 4483 edicit
2025 4447 2038 4484 :
2068 4429 2224 4493 Tace,
2325 4433 2419 4488 τοῦ
2450 4432 2593 4487 Gelon
2631 4432 2789 4503 λόγου
2820 4451 2871 4501 φ’

649 4514 947 4571 obmutesce
972 4516 1039 4571 ⁸⁸.
1072 4515 1415 4587 lniquitatem
1446 4532 1576 4572 vero
1621 4516 1893 4590 intelligas
1924 4521 2223 4587 diabolum,

1276 4524 1415 4571 atem
1446 4532 1576 4572 vero
1621 4516 1893 4590 intelligas
1924 4521 2223 4587 diabolum,
2324 4528 2432 4583 τῶν
2468 4526 2724 4600 διωγμῶν
2757 4544 2850 4580 και

650 4616 706 4662 et
725 4623 942 4663 omnem
973 4609 1157 4679 iniqua
1183 4616 1455 4680 agentem,
1487 4610 1788 4665 secundum
1811 4612 1973 4669 illud:
2001 4612 2227 4669 Obstru—

1275 4616 1455 4674 rntem,
1487 4610 1788 4665 secundum
1811 4612 1973 4669 illud:
2001 4612 2227 4669 Obstru—
2324 4636 2418 4676 σο.
2456 4621 2709 4693 ’Δνομιαν
2739 4620 2795 4673 δὲ
2828 4640 2852 4671 ν

580 4708 581 4713 ‘
649 4708 795 4752 ctum
819 4706 898 4751 est
942 4715 1000 4751 os
1026 4698 1347 4768 loquentium
1391 4697 1573 4767 iniqua
1621 4698 1687 4752 εί.
1739 4698 1872 4764 Quis
1910 4702 2141 4767 sapiens,

1259 4713 1347 4751 unt
1391 4697 1573 4767 iniqua
1621 4698 1687 4752 εί.
1739 4698 1872 4764 Quis
1910 4702 2141 4767 sapiens,
2171 4712 2219 4756 et
2255 4709 2297 4764 D
2325 4714 2446 4766 κατ’
2477 4711 2644 4784 αὐτὴν
2691 4730 2830 4765 nam

652 4787 911 4842 custodiet
956 4788 1067 4842 lucc
1118 4803 1137 4840 :
1194 4797 1242 4843 et
1297 4787 1587 4859 intelligent
1655 4790 2047 4846 misericordias
2118 4791 2223 4847 Do-
2325 4805 2520 4874 στόμα
2540 4805 2817 4859 laxam-2:.

652 4880 786 4934 mini
810 4879 919 4932 “'Y
1364 4950 1375 4957 ο

1364 4950 1375 4957 ,
2323 4894 2528 4961 ταῦέα,
2557 4895 2658 4950 καὶ
2689 4911 2808 4949 συγ

758 4994 813 5048 1.
841 4989 1197 5048 CANTICUM
1234 4993 1487 5051 PSALM]
1525 4995 1652 5053 IPSI
1692 4995 1920 5054 DAVID.
1955 4994 2112 5052 CVII.
2616 5008 2751 5081 ῼΔΗ
2782 5012 2809 5061 ‘.

729 5088 894 5144 Vens.
933 5088 1064 5145 2-5.
1097 5087 1362 5145 Paratum
1402 5108 1494 5146 cor
1538 5109 1730 5159 meum,
1764 5091 1928 5157 Deus,
1973 5100 2222 5163 paratum

1209 5100 1362 5145 'atum
1402 5108 1494 5146 cor
1538 5109 1730 5159 meum,
1764 5091 1928 5157 Deus,
1973 5100 2222 5163 paratum
2404 5097 2642 5170 Ἑτοιμη
2669 5102 2709 5172 ἡ
2737 5119 2786 5155 κ(

652 5198 743 5237 cor
777 5198 973 5247 meum,
1006 5181 1231 5238 cantabo
1263 5192 1315 5238 et
1344 5185 1574 5252 psallam
1616 5186 1669 5240 in
1712 5185 1885 5257 gloria
1932 5200 2067 5240 mea.
2110 5183 2220 5239 Ex.
2317 5208 2460 5261 μου,
2488 5188 2708 5262 ᾄσομαι
2742 5210 2785 5243 2:.

651 5288 827 5343 surge,
855 5270 1029 5342 gloria
1078 5288 1216 5339 mea,
1243 5289 1484 5346 exsurge,
1533 5278 1845 5348 psalterium
1890 5285 1941 5332 et
1987 5277 2218 5345 cithara,
2323 5288 2476 5352 θητι,
2534 5284 2574 5352 ή
2619 5283 2765 5349 δόξα

649 5380 935 5436 exsurgam
962 5364 1217 5421 diluculo.
1247 5365 1546 5436 Conﬁtebor
1589 5371 1686 5425 tibi
1728 5372 1784 5426 in
1832 5371 2062 5441 populis,
2111 5369 2221 5425 Do-

1179 5383 1217 5421 ι.
1247 5365 1546 5436 Con/itebor
1589 5371 1686 5425 tibi
1728 5372 1784 5426 in
1832 5371 2062 5441 populis,
2111 5369 2221 5425 Do-
2325 5373 2555 5443 κιθάρα,
2578 5374 2756 5446 ἐξέτι,

652 5454 813 5520 utine,
854 5454 1085 5525 psallam
1114 5456 1210 5512 tibi
1249 5458 1304 5513 in
1349 5460 1673 5517 nationibus.
1724 5460 1989 5529 Quoniam
2027 5479 2220 5534 magna

1169 5457 1210 5512 ιε
1249 5458 1304 5513 in
1349 5460 1673 5517 nationibus.
1724 5460 1989 5529 Quoniam
2027 5479 2220 5534 magna
2324 5481 2425 5520 σοι
2452 5465 2523 5521 ἐν
2560 5466 2746 5534 λαοῖς,

650 5556 730 5605 est
761 5563 918 5620 super
942 5548 1099 5603 calas
1125 5550 1636 5635 misericordia‘tua,
1677 5562 1728 5608 et
1763 5571 1926 5626 usque
1957 5555 2027 5611 ad
2058 5555 2218 5611 nubes
2317 5556 2474 5627 μέγα
2495 5557 2694 5614 ἐπάνω
2733 5600 2739 5609 .

648 5641 845 5717 ueritas
874 5649 985 5696 tua.
1017 5639 1120 5708 Qui
1149 5643 1377 5701 salutari
1424 5645 1517 5701 illa
1550 5645 1887 5703 beatitudine
1914 5647 2111 5721 dignus
2138 5647 2222 5704 ef-
2324 5647 2445 5705 τῶν
2491 5654 2719 5721 νεφελὼ

723 5798 768 5830 ⁷⁸
805 5797 993 5854 Matth.
1028 5815 1085 5867 ν,
1115 5799 1175 5858 ὃ.
1247 5800 1296 5836 ⁷⁸
1332 5800 1522 5859 Matth.
1560 5817 1690 5868 xm,
1730 5802 1914 5870 i6,l7.
1998 5801 2046 5838 ⁸ο
2083 5801 2253 5860 Marc.
2287 5816 2300 5857 ι

1129 5800 1175 5858 5.
1247 5800 1296 5836 ⁷⁸
1332 5800 1522 5859 Matth.
1560 5817 1690 5868 xm,
1730 5802 1914 5870 i6,l7.
1998 5801 2046 5838 ⁸ο
2083 5801 2253 5860 Marc.
2287 5816 2364 5872 IV,
2397 5801 2489 5864 59.
2564 5803 2611 5840 “
2654 5804 2706 5859 Ρ·
