  <div class='ocr_page' id='page_1' title='image "/cluster/home/n/w/nwhite01/storage/ocr_20150623/23/hvd.32044073501124/676.png"; bbox 0 0 1977 3573; ppageno 0'>
   <div class='ocr_carea' id='block_1_1' title="bbox 8 183 97 212">
    <p class='ocr_par' dir='ltr' id='par_1_1' title="bbox 8 183 97 212">
     <span class='ocr_line' id='line_1_1' title="bbox 8 183 97 212; baseline 0.011 -1"><span class='ocrx_word' id='word_1_1' title='bbox 8 183 97 212; x_wconf 63' lang='lat'><strong>$33</strong></span> 
     </span>
    </p>
   </div>
   <div class='ocr_carea' id='block_1_2' title="bbox 618 183 1110 213">
    <p class='ocr_par' dir='ltr' id='par_1_2' title="bbox 618 183 1110 213">
     <span class='ocr_line' id='line_1_2' title="bbox 618 183 1110 213; baseline 0.004 -2"><span class='ocrx_word' id='word_1_2' title='bbox 618 183 870 212; x_wconf 70' lang='lat' dir='ltr'><strong>COMMENTARIA</strong></span> <span class='ocrx_word' id='word_1_3' title='bbox 888 183 921 211; x_wconf 83' lang='lat' dir='ltr'><strong>IN</strong></span> <span class='ocrx_word' id='word_1_4' title='bbox 939 184 1110 213; x_wconf 75' lang='lat' dir='ltr'><strong>PSALHOS.</strong></span> 
     </span>
    </p>
   </div>
   <div class='ocr_carea' id='block_1_3' title="bbox 1627 183 1712 215">
    <p class='ocr_par' dir='ltr' id='par_1_3' title="bbox 1627 183 1712 215">
     <span class='ocr_line' id='line_1_3' title="bbox 1627 183 1712 215; baseline -0.012 0"><span class='ocrx_word' id='word_1_5' title='bbox 1627 188 1695 215; x_wconf 58' lang='grc' dir='ltr'>εδει</span> <span class='ocrx_word' id='word_1_6' title='bbox 1710 183 1712 186; x_wconf 60' lang='grc'><em>’</em></span> 
     </span>
    </p>
   </div>
   <div class='ocr_carea' id='block_1_4' title="bbox 0 241 863 280">
    <p class='ocr_par' dir='ltr' id='par_1_4' title="bbox 0 241 855 277">
     <span class='ocr_line' id='line_1_4' title="bbox 0 241 855 277; baseline -0.005 -6"><span class='ocrx_word' id='word_1_7' title='bbox 0 241 63 267; x_wconf 32' lang='grc' dir='ltr'><strong>*ὲν</strong></span> <span class='ocrx_word' id='word_1_8' title='bbox 96 242 254 275; x_wconf 70' lang='grc' dir='ltr'>’Λκύλας</span> <span class='ocrx_word' id='word_1_9' title='bbox 269 242 362 277; x_wconf 71' lang='grc' dir='ltr'>φησὶν,</span> <span class='ocrx_word' id='word_1_10' title='bbox 386 241 452 270; x_wconf 77' lang='grc' dir='ltr'>Ἐπί</span> <span class='ocrx_word' id='word_1_11' title='bbox 473 241 674 275; x_wconf 69' lang='grc' dir='ltr'>Φυλισταίους</span> <span class='ocrx_word' id='word_1_12' title='bbox 689 248 855 275; x_wconf 82' lang='grc' dir='ltr'>συνεταιρι-</span> 
     </span>
    </p>
   </div>
   <div class='ocr_carea' id='block_1_5' title="bbox 912 241 1699 280">
    <p class='ocr_par' dir='ltr' id='par_1_5' title="bbox 912 242 1699 280">
     <span class='ocr_line' id='line_1_5' title="bbox 912 242 1699 280; baseline 0.001 -10"><span class='ocrx_word' id='word_1_13' title='bbox 912 242 1008 275; x_wconf 66' lang='lat' dir='ltr'><strong>editio,</strong></span> <span class='ocrx_word' id='word_1_14' title='bbox 1034 243 1105 278; x_wconf 81' lang='lat' dir='ltr'><strong>apud</strong></span> <span class='ocrx_word' id='word_1_15' title='bbox 1130 243 1278 279; x_wconf 79' lang='lat' dir='ltr'><strong>allopbglos</strong></span> <span class='ocrx_word' id='word_1_16' title='bbox 1303 243 1469 276; x_wconf 76' lang='lat' dir='ltr'><strong>honorabor;</strong></span> <span class='ocrx_word' id='word_1_17' title='bbox 1504 244 1699 280; x_wconf 78' lang='lat' dir='ltr'><strong>quinquagesi-</strong></span> 
     </span>
    </p>
   </div>
   <div class='ocr_carea' id='block_1_6' title="bbox 2 285 857 323">
    <p class='ocr_par' dir='ltr' id='par_1_6' title="bbox 2 285 857 323">
     <span class='ocr_line' id='line_1_6' title="bbox 2 285 857 323; baseline -0.001 -9"><span class='ocrx_word' id='word_1_18' title='bbox 2 286 219 323; x_wconf 59' lang='grc' dir='ltr'><strong>η’)ὴσομαι</strong></span> <span class='ocrx_word' id='word_1_19' title='bbox 228 296 235 303; x_wconf 87' lang='grc'><strong>·</strong></span> <span class='ocrx_word' id='word_1_20' title='bbox 255 288 273 323; x_wconf 84' lang='grc' dir='ltr'><strong>ὴ</strong></span> <span class='ocrx_word' id='word_1_21' title='bbox 284 287 314 313; x_wconf 76' lang='grc' dir='ltr'>δὲ</span> <span class='ocrx_word' id='word_1_22' title='bbox 326 287 438 323; x_wconf 79' lang='grc' dir='ltr'><strong>πέμπτη</strong></span> <span class='ocrx_word' id='word_1_23' title='bbox 446 286 561 318; x_wconf 74' lang='grc' dir='ltr'>ἐκδοσις,</span> <span class='ocrx_word' id='word_1_24' title='bbox 578 285 718 319; x_wconf 73' lang='grc' dir='ltr'>Ἐπιτοὺς</span> <span class='ocrx_word' id='word_1_25' title='bbox 725 286 857 320; x_wconf 65' lang='grc' dir='ltr'><strong>ἀλλοφύ-</strong></span> 
     </span>
    </p>
   </div>
   <div class='ocr_carea' id='block_1_7' title="bbox 0 330 858 368">
    <p class='ocr_par' dir='ltr' id='par_1_7' title="bbox 0 330 858 368">
     <span class='ocr_line' id='line_1_7' title="bbox 0 330 858 368; baseline -0.002 -8"><span class='ocrx_word' id='word_1_26' title='bbox 0 339 110 365; x_wconf 68' lang='grc' dir='ltr'>ττους</span> <span class='ocrx_word' id='word_1_27' title='bbox 127 332 407 368; x_wconf 57' lang='grc' dir='ltr'>Μιμωθήσομαιδ</span> <span class='ocrx_word' id='word_1_28' title='bbox 424 333 438 358; x_wconf 85' lang='grc' dir='ltr'><strong>ό</strong></span> <span class='ocrx_word' id='word_1_29' title='bbox 452 331 480 358; x_wconf 78' lang='grc' dir='ltr'>δὲ</span> <span class='ocrx_word' id='word_1_30' title='bbox 495 331 532 358; x_wconf 87' lang='grc' dir='ltr'>νθ¹</span> <span class='ocrx_word' id='word_1_31' title='bbox 544 331 659 367; x_wconf 80' lang='grc' dir='ltr'>ψαλμὸς,</span> <span class='ocrx_word' id='word_1_32' title='bbox 681 330 757 366; x_wconf 70' lang='grc' dir='ltr'><strong>Ἐμοὶ</strong></span> <span class='ocrx_word' id='word_1_33' title='bbox 767 332 858 358; x_wconf 75' lang='grc' dir='ltr'><strong>ἀλλό-</strong></span> 
     </span>
    </p>
   </div>
   <div class='ocr_carea' id='block_1_8' title="bbox 0 376 857 414">
    <p class='ocr_par' dir='ltr' id='par_1_8' title="bbox 0 376 857 414">
     <span class='ocr_line' id='line_1_8' title="bbox 0 376 857 414; baseline -0.002 -9"><span class='ocrx_word' id='word_1_34' title='bbox 0 379 140 404; x_wconf 65' lang='grc' dir='ltr'><strong>Ξνυλοι</strong></span> <span class='ocrx_word' id='word_1_35' title='bbox 167 378 382 414; x_wconf 72' lang='grc' dir='ltr'><strong>ὑπετάγησαν.</strong></span> <span class='ocrx_word' id='word_1_36' title='bbox 410 376 539 409; x_wconf 86' lang='grc' dir='ltr'>Γνώσεως</span> <span class='ocrx_word' id='word_1_37' title='bbox 561 376 589 403; x_wconf 76' lang='grc' dir='ltr'>δὲ</span> <span class='ocrx_word' id='word_1_38' title='bbox 611 376 678 404; x_wconf 83' lang='grc' dir='ltr'><strong>Θεοῦ</strong></span> <span class='ocrx_word' id='word_1_39' title='bbox 704 377 751 403; x_wconf 86' lang='grc' dir='ltr'>καὶ</span> <span class='ocrx_word' id='word_1_40' title='bbox 767 376 857 412; x_wconf 83' lang='grc' dir='ltr'>φιλίας</span> 
     </span>
    </p>
   </div>
   <div class='ocr_carea' id='block_1_9' title="bbox 0 423 857 461">
    <p class='ocr_par' dir='ltr' id='par_1_9' title="bbox 0 423 857 461">
     <span class='ocr_line' id='line_1_9' title="bbox 0 423 857 461; baseline 0 -12"><span class='ocrx_word' id='word_1_41' title='bbox 0 423 68 450; x_wconf 61' lang='grc' dir='ltr'><strong>καὶ</strong></span> <span class='ocrx_word' id='word_1_42' title='bbox 101 425 272 461; x_wconf 75' lang='grc' dir='ltr'><strong>ἑταιρείας</strong></span> <span class='ocrx_word' id='word_1_43' title='bbox 294 425 341 452; x_wconf 75' lang='grc' dir='ltr'>καὶ</span> <span class='ocrx_word' id='word_1_44' title='bbox 367 424 479 458; x_wconf 77' lang='grc' dir='ltr'>ἀγάπης</span> <span class='ocrx_word' id='word_1_45' title='bbox 501 425 613 459; x_wconf 85' lang='grc' dir='ltr'>σημεῖον</span> <span class='ocrx_word' id='word_1_46' title='bbox 637 423 667 449; x_wconf 80' lang='grc' dir='ltr'><strong>τὸ</strong></span> <span class='ocrx_word' id='word_1_47' title='bbox 689 423 857 458; x_wconf 71' lang='grc' dir='ltr'><strong>ὑποταγῆναι</strong></span> 
     </span>
    </p>
   </div>
   <div class='ocr_carea' id='block_1_10' title="bbox 1 467 858 506">
    <p class='ocr_par' dir='ltr' id='par_1_10' title="bbox 1 467 858 506">
     <span class='ocr_line' id='line_1_10' title="bbox 1 467 858 506; baseline -0.006 -8"><span class='ocrx_word' id='word_1_48' title='bbox 1 469 115 506; x_wconf 52' lang='grc' dir='ltr'>ἐν-ὒτῷ</span> <span class='ocrx_word' id='word_1_49' title='bbox 137 471 217 503; x_wconf 78' lang='grc' dir='ltr'>τοὺς</span> <span class='ocrx_word' id='word_1_50' title='bbox 239 470 323 498; x_wconf 74' lang='grc' dir='ltr'>παλαι</span> <span class='ocrx_word' id='word_1_51' title='bbox 344 469 557 501; x_wconf 81' lang='grc' dir='ltr'>ἀνυποτάκτους,</span> <span class='ocrx_word' id='word_1_52' title='bbox 569 467 618 495; x_wconf 77' lang='grc' dir='ltr'><strong>καὶ</strong></span> <span class='ocrx_word' id='word_1_53' title='bbox 637 468 791 503; x_wconf 75' lang='grc' dir='ltr'>ἀλλοτρίους</span> <span class='ocrx_word' id='word_1_54' title='bbox 810 469 858 503; x_wconf 82' lang='grc' dir='ltr'>μὲν</span> 
     </span>
    </p>
   </div>
   <div class='ocr_carea' id='block_1_11' title="bbox 0 514 717 552">
    <p class='ocr_par' dir='ltr' id='par_1_11' title="bbox 0 514 717 552">
     <span class='ocr_line' id='line_1_11' title="bbox 0 514 717 552; baseline 0 -11"><span class='ocrx_word' id='word_1_55' title='bbox 0 516 74 543; x_wconf 61' lang='grc' dir='ltr'><strong>,εοῦ</strong></span> <span class='ocrx_word' id='word_1_56' title='bbox 108 516 216 550; x_wconf 74' lang='grc' dir='ltr'>Θεοῦ,</span> <span class='ocrx_word' id='word_1_57' title='bbox 234 516 405 552; x_wconf 82' lang='grc' dir='ltr'><strong>ὑποχειρίους</strong></span> <span class='ocrx_word' id='word_1_58' title='bbox 420 515 448 542; x_wconf 73' lang='grc' dir='ltr'>δὲ</span> <span class='ocrx_word' id='word_1_59' title='bbox 459 514 568 550; x_wconf 83' lang='grc' dir='ltr'>δαίμοσι</span> <span class='ocrx_word' id='word_1_60' title='bbox 581 516 717 551; x_wconf 83' lang='grc' dir='ltr'>πονηροῖς.</span> 
     </span>
    </p>
   </div>
   <div class='ocr_carea' id='block_1_12' title="bbox 113 569 879 606">
    <p class='ocr_par' dir='ltr' id='par_1_12' title="bbox 113 569 879 606">
     <span class='ocr_line' id='line_1_12' title="bbox 113 569 879 606; baseline -0.005 -6"><span class='ocrx_word' id='word_1_61' title='bbox 113 573 191 600; x_wconf 81' lang='grc' dir='ltr'><strong>ΕΙΣ</strong></span> <span class='ocrx_word' id='word_1_62' title='bbox 201 574 248 600; x_wconf 91' lang='grc' dir='ltr'>ΤΟ</span> <span class='ocrx_word' id='word_1_63' title='bbox 264 571 535 606; x_wconf 79' lang='grc' dir='ltr'><strong>ΤΕΛΟΣ,ΨΛΔΜΟΣ</strong></span> <span class='ocrx_word' id='word_1_64' title='bbox 547 571 590 606; x_wconf 82' lang='grc' dir='ltr'><strong>Τῼ</strong></span> <span class='ocrx_word' id='word_1_65' title='bbox 597 571 705 599; x_wconf 82' lang='grc' dir='ltr'><strong>ΔΑΥΙΔ,</strong></span> <span class='ocrx_word' id='word_1_66' title='bbox 723 569 786 597; x_wconf 86' lang='lat' dir='ltr'><strong>PH&#39;.</strong></span> <span class='ocrx_word' id='word_1_67' title='bbox 874 598 879 606; x_wconf 51' lang='lat'><strong>‘</strong></span> 
     </span>
    </p>
   </div>
   <div class='ocr_carea' id='block_1_13' title="bbox 64 615 856 652">
    <p class='ocr_par' dir='ltr' id='par_1_13' title="bbox 64 615 856 652">
     <span class='ocr_line' id='line_1_13' title="bbox 64 615 856 652; baseline -0.003 -8"><span class='ocrx_word' id='word_1_68' title='bbox 64 618 109 644; x_wconf 81' lang='grc' dir='ltr'><strong><em>Ὀ</em></strong></span> <span class='ocrx_word' id='word_1_69' title='bbox 137 618 234 652; x_wconf 81' lang='grc' dir='ltr'>Θεὸς,</span> <span class='ocrx_word' id='word_1_70' title='bbox 255 617 313 651; x_wconf 80' lang='grc' dir='ltr'><strong>τὴν</strong></span> <span class='ocrx_word' id='word_1_71' title='bbox 336 617 455 644; x_wconf 78' lang='grc' dir='ltr'><strong>αινεσίν</strong></span> <span class='ocrx_word' id='word_1_72' title='bbox 467 625 528 651; x_wconf 78' lang='grc' dir='ltr'><strong>μου</strong></span> <span class='ocrx_word' id='word_1_73' title='bbox 547 616 591 652; x_wconf 81' lang='grc' dir='ltr'><strong>μὴ</strong></span> <span class='ocrx_word' id='word_1_74' title='bbox 606 615 856 651; x_wconf 79' lang='grc' dir='ltr'>παρασιωπήσῃς·</span> 
     </span>
    </p>
   </div>
   <div class='ocr_carea' id='block_1_14' title="bbox 0 661 858 700">
    <p class='ocr_par' dir='ltr' id='par_1_14' title="bbox 0 661 858 700">
     <span class='ocr_line' id='line_1_14' title="bbox 0 661 858 700; baseline -0.002 -10"><span class='ocrx_word' id='word_1_75' title='bbox 0 663 75 691; x_wconf 72' lang='grc' dir='ltr'><strong>ῖῦτι</strong></span> <span class='ocrx_word' id='word_1_76' title='bbox 107 666 230 700; x_wconf 81' lang='grc' dir='ltr'><em>στόμα</em></span> <span class='ocrx_word' id='word_1_77' title='bbox 252 663 429 699; x_wconf 73' lang='grc' dir='ltr'>ἁμαρτωλοῦ</span> <span class='ocrx_word' id='word_1_78' title='bbox 443 662 493 690; x_wconf 76' lang='grc' dir='ltr'><strong>καὶ</strong></span> <span class='ocrx_word' id='word_1_79' title='bbox 511 663 608 698; x_wconf 80' lang='grc' dir='ltr'><em>στόμα</em></span> <span class='ocrx_word' id='word_1_80' title='bbox 628 662 732 689; x_wconf 76' lang='grc' dir='ltr'>δολίου</span> <span class='ocrx_word' id='word_1_81' title='bbox 747 662 793 688; x_wconf 80' lang='grc' dir='ltr'><strong>ἐπ’</strong></span> <span class='ocrx_word' id='word_1_82' title='bbox 806 661 858 696; x_wconf 75' lang='grc' dir='ltr'><strong>ἐμὲ</strong></span> 
     </span>
    </p>
   </div>
   <div class='ocr_carea' id='block_1_15' title="bbox 0 706 856 744">
    <p class='ocr_par' dir='ltr' id='par_1_15' title="bbox 0 706 856 744">
     <span class='ocr_line' id='line_1_15' title="bbox 0 706 856 744; baseline -0.004 -8"><span class='ocrx_word' id='word_1_83' title='bbox 0 709 202 744; x_wconf 54' lang='grc' dir='ltr'><strong>ἣνοίχθη.</strong></span> <span class='ocrx_word' id='word_1_84' title='bbox 232 708 405 742; x_wconf 76' lang='grc' dir='ltr'><strong>Ἐλάλησαν</strong></span> <span class='ocrx_word' id='word_1_85' title='bbox 429 707 492 734; x_wconf 76' lang='grc' dir='ltr'>κατ’</span> <span class='ocrx_word' id='word_1_86' title='bbox 521 706 595 742; x_wconf 82' lang='grc' dir='ltr'><strong>ἐμοῦ</strong></span> <span class='ocrx_word' id='word_1_87' title='bbox 609 706 733 742; x_wconf 76' lang='grc' dir='ltr'><strong>γλώσσῃ</strong></span> <span class='ocrx_word' id='word_1_88' title='bbox 759 706 856 740; x_wconf 76' lang='grc' dir='ltr'>δολία,</span> 
     </span>
    </p>
   </div>
   <div class='ocr_carea' id='block_1_16' title="bbox 0 751 859 790">
    <p class='ocr_par' dir='ltr' id='par_1_16' title="bbox 0 751 859 790">
     <span class='ocr_line' id='line_1_16' title="bbox 0 751 859 790; baseline -0.003 -9"><span class='ocrx_word' id='word_1_89' title='bbox 0 754 84 781; x_wconf 62' lang='lat' dir='ltr'><strong>ista!</strong></span> <span class='ocrx_word' id='word_1_90' title='bbox 100 755 229 790; x_wconf 71' lang='grc' dir='ltr'>λόγοις</span> <span class='ocrx_word' id='word_1_91' title='bbox 233 755 346 790; x_wconf 81' lang='grc' dir='ltr'>μίσους</span> <span class='ocrx_word' id='word_1_92' title='bbox 353 753 534 780; x_wconf 71' lang='grc' dir='ltr'><strong>ὲκύκλωσὰν</strong></span> <span class='ocrx_word' id='word_1_93' title='bbox 544 761 593 787; x_wconf 81' lang='grc' dir='ltr'>με,</span> <span class='ocrx_word' id='word_1_94' title='bbox 603 752 651 779; x_wconf 76' lang='grc' dir='ltr'>καί</span> <span class='ocrx_word' id='word_1_95' title='bbox 663 751 859 787; x_wconf 79' lang='grc' dir='ltr'><strong>ἐπολέμησάν</strong></span> 
     </span>
    </p>
   </div>
   <div class='ocr_carea' id='block_1_17' title="bbox 11 797 857 836">
    <p class='ocr_par' dir='ltr' id='par_1_17' title="bbox 11 797 857 836">
     <span class='ocr_line' id='line_1_17' title="bbox 11 797 857 836; baseline -0.005 -8"><span class='ocrx_word' id='word_1_96' title='bbox 11 809 66 835; x_wconf 81' lang='grc' dir='ltr'><strong>με</strong></span> <span class='ocrx_word' id='word_1_97' title='bbox 101 800 250 836; x_wconf 79' lang='grc' dir='ltr'>δωρεάν.</span> <span class='ocrx_word' id='word_1_98' title='bbox 279 799 406 836; x_wconf 84' lang='grc' dir='ltr'>Συνήθως</span> <span class='ocrx_word' id='word_1_99' title='bbox 417 799 465 826; x_wconf 77' lang='grc' dir='ltr'><strong>καὶ</strong></span> <span class='ocrx_word' id='word_1_100' title='bbox 477 799 505 825; x_wconf 82' lang='grc' dir='ltr'>έν</span> <span class='ocrx_word' id='word_1_101' title='bbox 516 798 602 834; x_wconf 85' lang='grc' dir='ltr'>τούτῳ</span> <span class='ocrx_word' id='word_1_102' title='bbox 614 798 674 825; x_wconf 75' lang='grc' dir='ltr'><strong>ἀντὶ</strong></span> <span class='ocrx_word' id='word_1_103' title='bbox 686 797 745 829; x_wconf 82' lang='grc' dir='ltr'>τοῦ,</span> <span class='ocrx_word' id='word_1_104' title='bbox 766 799 809 830; x_wconf 81' lang='grc' dir='ltr'><strong>είς</strong></span> <span class='ocrx_word' id='word_1_105' title='bbox 824 801 857 824; x_wconf 81' lang='grc' dir='ltr'>το</span> 
     </span>
    </p>
   </div>
   <div class='ocr_carea' id='block_1_18' title="bbox 3 843 855 882">
    <p class='ocr_par' dir='ltr' id='par_1_18' title="bbox 3 843 855 882">
     <span class='ocr_line' id='line_1_18' title="bbox 3 843 855 882; baseline -0.005 -9"><span class='ocrx_word' id='word_1_106' title='bbox 3 845 158 879; x_wconf 61' lang='grc' dir='ltr'><strong>τέλος,</strong></span> <span class='ocrx_word' id='word_1_107' title='bbox 189 847 206 873; x_wconf 83' lang='grc' dir='ltr'><strong>ὁ</strong></span> <span class='ocrx_word' id='word_1_108' title='bbox 234 846 282 882; x_wconf 79' lang='grc' dir='ltr'><strong>μὲν</strong></span> <span class='ocrx_word' id='word_1_109' title='bbox 303 845 429 878; x_wconf 76' lang='grc' dir='ltr'>Ἀκύλας,</span> <span class='ocrx_word' id='word_1_110' title='bbox 451 844 493 877; x_wconf 81' lang='grc' dir='ltr'>τῷ</span> <span class='ocrx_word' id='word_1_111' title='bbox 512 843 664 877; x_wconf 82' lang='grc' dir='ltr'>νικοποιῷ,</span> <span class='ocrx_word' id='word_1_112' title='bbox 690 843 855 870; x_wconf 75' lang='grc' dir='ltr'>ἐκδέδωκεν·</span> 
     </span>
    </p>
   </div>
   <div class='ocr_carea' id='block_1_19' title="bbox 0 889 859 928">
    <p class='ocr_par' dir='ltr' id='par_1_19' title="bbox 0 889 859 928">
     <span class='ocr_line' id='line_1_19' title="bbox 0 889 859 928; baseline -0.006 -8"><span class='ocrx_word' id='word_1_113' title='bbox 0 893 41 919; x_wconf 66' lang='grc' dir='ltr'>ἑὸ</span> <span class='ocrx_word' id='word_1_114' title='bbox 78 893 120 920; x_wconf 75' lang='grc' dir='ltr'>δὲ</span> <span class='ocrx_word' id='word_1_115' title='bbox 150 892 306 928; x_wconf 77' lang='grc' dir='ltr'><strong>Σύμμαχος</strong></span> <span class='ocrx_word' id='word_1_116' title='bbox 331 891 480 918; x_wconf 77' lang='grc' dir='ltr'>ἐπινίκιον</span> <span class='ocrx_word' id='word_1_117' title='bbox 508 890 620 926; x_wconf 76' lang='grc' dir='ltr'>είρηκε’</span> <span class='ocrx_word' id='word_1_118' title='bbox 650 890 793 925; x_wconf 74' lang='grc' dir='ltr'><strong>μονονουχὶ</strong></span> <span class='ocrx_word' id='word_1_119' title='bbox 820 889 859 916; x_wconf 81' lang='grc' dir='ltr'>δι-</span> 
     </span>
    </p>
   </div>
   <div class='ocr_carea' id='block_1_20' title="bbox 0 927 896 974">
    <p class='ocr_par' dir='ltr' id='par_1_20' title="bbox 0 927 896 974">
     <span class='ocr_line' id='line_1_20' title="bbox 0 927 896 974; baseline -0.007 -8"><span class='ocrx_word' id='word_1_120' title='bbox 0 954 10 968; x_wconf 66' lang='lat'>;</span> <span class='ocrx_word' id='word_1_121' title='bbox 21 927 213 971; x_wconf 67' lang='grc' dir='ltr'>δάε-κοντος</span> <span class='ocrx_word' id='word_1_122' title='bbox 221 927 303 974; x_wconf 18' lang='grc' dir='ltr'><strong>γήμᾶς</strong></span> <span class='ocrx_word' id='word_1_123' title='bbox 315 937 362 965; x_wconf 83' lang='grc' dir='ltr'><strong>τοῦ</strong></span> <span class='ocrx_word' id='word_1_124' title='bbox 373 938 452 972; x_wconf 81' lang='grc' dir='ltr'>ἁγίου</span> <span class='ocrx_word' id='word_1_125' title='bbox 463 935 631 972; x_wconf 76' lang='grc' dir='ltr'>Πνεῦματος,</span> <span class='ocrx_word' id='word_1_126' title='bbox 646 936 686 962; x_wconf 79' lang='grc' dir='ltr'>ὅτι</span> <span class='ocrx_word' id='word_1_127' title='bbox 700 935 732 971; x_wconf 85' lang='grc' dir='ltr'>δὴ</span> <span class='ocrx_word' id='word_1_128' title='bbox 743 936 789 962; x_wconf 76' lang='grc' dir='ltr'><strong>ἐπὶ</strong></span> <span class='ocrx_word' id='word_1_129' title='bbox 802 936 860 966; x_wconf 88' lang='grc' dir='ltr'>τοῖς</span> <span class='ocrx_word' id='word_1_130' title='bbox 876 927 896 954; x_wconf 81' lang='grc' dir='ltr'><strong>Β</strong></span> 
     </span>
    </p>
   </div>
   <div class='ocr_carea' id='block_1_21' title="bbox 0 980 861 1019">
    <p class='ocr_par' dir='ltr' id='par_1_21' title="bbox 0 980 861 1019">
     <span class='ocr_line' id='line_1_21' title="bbox 0 980 861 1019; baseline -0.007 -7"><span class='ocrx_word' id='word_1_131' title='bbox 0 999 14 1015; x_wconf 72' lang='grc' dir='ltr'>τι</span> <span class='ocrx_word' id='word_1_132' title='bbox 27 985 212 1016; x_wconf 68' lang='grc' dir='ltr'>ἐπινικίοις</span> <span class='ocrx_word' id='word_1_133' title='bbox 223 984 271 1011; x_wconf 77' lang='grc' dir='ltr'>τοῦ</span> <span class='ocrx_word' id='word_1_134' title='bbox 288 983 413 1019; x_wconf 76' lang='grc' dir='ltr'><strong>Σωτῆρος</strong></span> <span class='ocrx_word' id='word_1_135' title='bbox 431 983 520 1019; x_wconf 82' lang='grc' dir='ltr'>ἡμῶν,</span> <span class='ocrx_word' id='word_1_136' title='bbox 537 981 584 1008; x_wconf 80' lang='grc' dir='ltr'><strong>καὶ</strong></span> <span class='ocrx_word' id='word_1_137' title='bbox 602 982 658 1013; x_wconf 79' lang='grc' dir='ltr'>τοῖς</span> <span class='ocrx_word' id='word_1_138' title='bbox 671 982 742 1008; x_wconf 75' lang='grc' dir='ltr'><strong>κατᾶ</strong></span> <span class='ocrx_word' id='word_1_139' title='bbox 753 980 800 1007; x_wconf 76' lang='grc' dir='ltr'><strong>τοῦ</strong></span> <span class='ocrx_word' id='word_1_140' title='bbox 813 980 861 1007; x_wconf 87' lang='grc' dir='ltr'>θα-</span> 
     </span>
    </p>
   </div>
   <div class='ocr_carea' id='block_1_22' title="bbox 0 1028 859 1067">
    <p class='ocr_par' dir='ltr' id='par_1_22' title="bbox 0 1028 859 1067">
     <span class='ocr_line' id='line_1_22' title="bbox 0 1028 859 1067; baseline -0.007 -9"><span class='ocrx_word' id='word_1_141' title='bbox 0 1047 7 1062; x_wconf 81' lang='grc'>;</span> <span class='ocrx_word' id='word_1_142' title='bbox 27 1031 140 1058; x_wconf 81' lang='grc' dir='ltr'>νάτου</span> <span class='ocrx_word' id='word_1_143' title='bbox 169 1030 328 1067; x_wconf 82' lang='grc' dir='ltr'>τροπαίοις,</span> <span class='ocrx_word' id='word_1_144' title='bbox 348 1030 394 1057; x_wconf 82' lang='grc' dir='ltr'>καὶ</span> <span class='ocrx_word' id='word_1_145' title='bbox 411 1029 461 1061; x_wconf 76' lang='grc' dir='ltr'>τὰς</span> <span class='ocrx_word' id='word_1_146' title='bbox 475 1028 616 1064; x_wconf 77' lang='grc' dir='ltr'><strong>παρούσας</strong></span> <span class='ocrx_word' id='word_1_147' title='bbox 631 1028 723 1063; x_wconf 71' lang='grc' dir='ltr'>φωνὰς</span> <span class='ocrx_word' id='word_1_148' title='bbox 741 1028 859 1061; x_wconf 75' lang='grc' dir='ltr'>ἐγκατα-</span> 
     </span>
    </p>
   </div>
   <div class='ocr_carea' id='block_1_23' title="bbox 4 1071 860 1112">
    <p class='ocr_par' dir='ltr' id='par_1_23' title="bbox 4 1071 860 1112">
     <span class='ocr_line' id='line_1_23' title="bbox 4 1071 860 1112; baseline -0.008 -8"><span class='ocrx_word' id='word_1_149' title='bbox 4 1094 13 1110; x_wconf 59' lang='lat'><strong>:_</strong></span> <span class='ocrx_word' id='word_1_150' title='bbox 28 1076 151 1112; x_wconf 68' lang='grc' dir='ltr'>λέγειν</span> <span class='ocrx_word' id='word_1_151' title='bbox 168 1076 318 1112; x_wconf 83' lang='grc' dir='ltr'>προσήκει,</span> <span class='ocrx_word' id='word_1_152' title='bbox 331 1075 360 1101; x_wconf 80' lang='grc' dir='ltr'><strong>ὲν</strong></span> <span class='ocrx_word' id='word_1_153' title='bbox 376 1071 708 1109; x_wconf 72' lang='grc' dir='ltr'>αἷςὸὰνθράητινοςαὺτοῦ</span> <span class='ocrx_word' id='word_1_154' title='bbox 724 1071 860 1107; x_wconf 86' lang='grc' dir='ltr'>παρίστα-</span> 
     </span>
    </p>
   </div>
   <div class='ocr_carea' id='block_1_24' title="bbox 0 1116 858 1157">
    <p class='ocr_par' dir='ltr' id='par_1_24' title="bbox 0 1116 858 1157">
     <span class='ocr_line' id='line_1_24' title="bbox 0 1116 858 1157; baseline -0.005 -9"><span class='ocrx_word' id='word_1_155' title='bbox 0 1141 12 1156; x_wconf 64' lang='grc' dir='ltr'>τ</span> <span class='ocrx_word' id='word_1_156' title='bbox 33 1130 94 1148; x_wconf 68' lang='grc' dir='ltr'><strong>ται</strong></span> <span class='ocrx_word' id='word_1_157' title='bbox 112 1121 192 1157; x_wconf 82' lang='grc' dir='ltr'>βίος,</span> <span class='ocrx_word' id='word_1_158' title='bbox 209 1121 257 1148; x_wconf 75' lang='grc' dir='ltr'>καὶ</span> <span class='ocrx_word' id='word_1_159' title='bbox 274 1121 291 1156; x_wconf 79' lang='grc' dir='ltr'><strong>ἡ</strong></span> <span class='ocrx_word' id='word_1_160' title='bbox 311 1119 434 1155; x_wconf 79' lang='grc' dir='ltr'><strong>ὑπομονὴ</strong></span> <span class='ocrx_word' id='word_1_161' title='bbox 452 1119 506 1146; x_wconf 84' lang='grc' dir='ltr'>τῶν</span> <span class='ocrx_word' id='word_1_162' title='bbox 526 1118 705 1154; x_wconf 80' lang='grc' dir='ltr'><strong>παθημάτων.</strong></span> <span class='ocrx_word' id='word_1_163' title='bbox 733 1117 760 1144; x_wconf 90' lang='lat'><strong>&#39;0</strong></span> <span class='ocrx_word' id='word_1_164' title='bbox 776 1116 858 1150; x_wconf 85' lang='grc' dir='ltr'><strong>Θεὸς,</strong></span> 
     </span>
    </p>
   </div>
   <div class='ocr_carea' id='block_1_25' title="bbox 11 1164 861 1202">
    <p class='ocr_par' dir='ltr' id='par_1_25' title="bbox 11 1164 861 1202">
     <span class='ocr_line' id='line_1_25' title="bbox 11 1164 861 1202; baseline -0.004 -9"><span class='ocrx_word' id='word_1_165' title='bbox 11 1188 15 1193; x_wconf 96' lang='grc'>.</span> <span class='ocrx_word' id='word_1_166' title='bbox 34 1167 113 1202; x_wconf 72' lang='grc' dir='ltr'><strong>τὴν·</strong></span> <span class='ocrx_word' id='word_1_167' title='bbox 129 1167 260 1195; x_wconf 70' lang='grc' dir='ltr'><strong>αἴγεσιν</strong></span> <span class='ocrx_word' id='word_1_168' title='bbox 275 1175 335 1202; x_wconf 82' lang='grc' dir='ltr'><strong>μου</strong></span> <span class='ocrx_word' id='word_1_169' title='bbox 351 1166 395 1201; x_wconf 84' lang='grc' dir='ltr'><strong>μὴ</strong></span> <span class='ocrx_word' id='word_1_170' title='bbox 415 1164 672 1200; x_wconf 81' lang='grc' dir='ltr'>παρασιωπήσῃς·</span> <span class='ocrx_word' id='word_1_171' title='bbox 696 1164 741 1191; x_wconf 84' lang='grc' dir='ltr'>ὅτι</span> <span class='ocrx_word' id='word_1_172' title='bbox 762 1164 861 1199; x_wconf 87' lang='grc' dir='ltr'><strong>στόμα</strong></span> 
     </span>
    </p>
   </div>
   <div class='ocr_carea' id='block_1_26' title="bbox 3 1209 857 1250">
    <p class='ocr_par' dir='ltr' id='par_1_26' title="bbox 3 1209 857 1250">
     <span class='ocr_line' id='line_1_26' title="bbox 3 1209 857 1250; baseline -0.007 -8"><span class='ocrx_word' id='word_1_173' title='bbox 3 1234 11 1250; x_wconf 51' lang='grc' dir='ltr'><strong>Ζ</strong></span> <span class='ocrx_word' id='word_1_174' title='bbox 35 1213 243 1248; x_wconf 72' lang='grc' dir='ltr'>ἀμαρτωλσῦ</span> <span class='ocrx_word' id='word_1_175' title='bbox 268 1211 318 1240; x_wconf 81' lang='grc' dir='ltr'>καί</span> <span class='ocrx_word' id='word_1_176' title='bbox 343 1212 441 1247; x_wconf 78' lang='grc' dir='ltr'>στόμα</span> <span class='ocrx_word' id='word_1_177' title='bbox 456 1211 562 1238; x_wconf 79' lang='grc' dir='ltr'><strong>δολίου</strong></span> <span class='ocrx_word' id='word_1_178' title='bbox 584 1210 630 1237; x_wconf 78' lang='grc' dir='ltr'><strong>ἐπ’</strong></span> <span class='ocrx_word' id='word_1_179' title='bbox 646 1209 700 1245; x_wconf 80' lang='grc' dir='ltr'><strong>ἐμὲ</strong></span> <span class='ocrx_word' id='word_1_180' title='bbox 720 1209 857 1245; x_wconf 78' lang='grc' dir='ltr'><strong>ἠνοίχθη.</strong></span> 
     </span>
    </p>
   </div>
   <div class='ocr_carea' id='block_1_27' title="bbox 0 1253 860 1297">
    <p class='ocr_par' dir='ltr' id='par_1_27' title="bbox 0 1253 860 1297">
     <span class='ocr_line' id='line_1_27' title="bbox 0 1253 860 1297; baseline -0.006 -10"><span class='ocrx_word' id='word_1_181' title='bbox 0 1282 13 1297; x_wconf 48' lang='grc' dir='ltr'><em>ε</em></span> <span class='ocrx_word' id='word_1_182' title='bbox 45 1253 245 1294; x_wconf 69' lang='grc' dir='ltr'><strong>ἐλᾶλησαν</strong></span> <span class='ocrx_word' id='word_1_183' title='bbox 269 1260 334 1286; x_wconf 81' lang='grc' dir='ltr'>κατ’</span> <span class='ocrx_word' id='word_1_184' title='bbox 347 1258 421 1294; x_wconf 83' lang='grc' dir='ltr'><strong>ἐμοῦ</strong></span> <span class='ocrx_word' id='word_1_185' title='bbox 434 1257 559 1294; x_wconf 71' lang='grc' dir='ltr'><strong>γλώσσῃ</strong></span> <span class='ocrx_word' id='word_1_186' title='bbox 572 1256 670 1290; x_wconf 74' lang='grc' dir='ltr'>δολία,</span> <span class='ocrx_word' id='word_1_187' title='bbox 688 1256 737 1283; x_wconf 78' lang='grc' dir='ltr'>καί</span> <span class='ocrx_word' id='word_1_188' title='bbox 756 1257 860 1291; x_wconf 73' lang='grc' dir='ltr'>λόγοις</span> 
     </span>
    </p>
   </div>
   <div class='ocr_carea' id='block_1_28' title="bbox 2 1302 860 1346">
    <p class='ocr_par' dir='ltr' id='par_1_28' title="bbox 2 1302 860 1346">
     <span class='ocr_line' id='line_1_28' title="bbox 2 1302 860 1346; baseline -0.002 -16"><span class='ocrx_word' id='word_1_189' title='bbox 2 1338 8 1346; x_wconf 73' lang='lat'><strong>_</strong></span> <span class='ocrx_word' id='word_1_190' title='bbox 39 1304 172 1338; x_wconf 79' lang='grc' dir='ltr'>μίσους</span> <span class='ocrx_word' id='word_1_191' title='bbox 192 1303 373 1332; x_wconf 75' lang='grc' dir='ltr'><strong>ἐκύκλωσάν</strong></span> <span class='ocrx_word' id='word_1_192' title='bbox 388 1312 434 1339; x_wconf 80' lang='grc' dir='ltr'><strong>με,</strong></span> <span class='ocrx_word' id='word_1_193' title='bbox 458 1303 507 1331; x_wconf 75' lang='grc' dir='ltr'>καί</span> <span class='ocrx_word' id='word_1_194' title='bbox 529 1302 725 1338; x_wconf 75' lang='grc' dir='ltr'><strong>ὲπολέμησάν</strong></span> <span class='ocrx_word' id='word_1_195' title='bbox 746 1311 784 1338; x_wconf 74' lang='grc' dir='ltr'><strong>με</strong></span> <span class='ocrx_word' id='word_1_196' title='bbox 805 1302 860 1328; x_wconf 85' lang='grc' dir='ltr'>δω-</span> 
     </span>
    </p>
   </div>
   <div class='ocr_carea' id='block_1_29' title="bbox 0 1348 859 1386">
    <p class='ocr_par' dir='ltr' id='par_1_29' title="bbox 0 1348 859 1386">
     <span class='ocr_line' id='line_1_29' title="bbox 0 1348 859 1386; baseline -0.005 -8"><span class='ocrx_word' id='word_1_197' title='bbox 0 1377 9 1382; x_wconf 69' lang='grc'><strong>,,</strong></span> <span class='ocrx_word' id='word_1_198' title='bbox 39 1349 144 1385; x_wconf 70' lang='lat' dir='ltr'><strong>patir.</strong></span> <span class='ocrx_word' id='word_1_199' title='bbox 174 1350 205 1377; x_wconf 90' lang='lat'><strong>&#39;0</strong></span> <span class='ocrx_word' id='word_1_200' title='bbox 236 1350 332 1386; x_wconf 83' lang='grc' dir='ltr'>παρὼν</span> <span class='ocrx_word' id='word_1_201' title='bbox 360 1350 467 1386; x_wconf 81' lang='grc' dir='ltr'>ψαλμὺς</span> <span class='ocrx_word' id='word_1_202' title='bbox 492 1349 656 1385; x_wconf 78' lang='grc' dir='ltr'>ἀναφέρεται</span> <span class='ocrx_word' id='word_1_203' title='bbox 681 1349 721 1381; x_wconf 82' lang='grc' dir='ltr'><strong>είς</strong></span> <span class='ocrx_word' id='word_1_204' title='bbox 751 1348 859 1384; x_wconf 81' lang='grc' dir='ltr'>πρόσω-</span> 
     </span>
    </p>
   </div>
   <div class='ocr_carea' id='block_1_30' title="bbox 0 1387 860 1431">
    <p class='ocr_par' dir='ltr' id='par_1_30' title="bbox 0 1387 860 1431">
     <span class='ocr_line' id='line_1_30' title="bbox 0 1387 860 1431; baseline -0.005 -8"><span class='ocrx_word' id='word_1_205' title='bbox 0 1387 12 1428; x_wconf 48' lang='grc' dir='ltr'>Ῐ</span> <span class='ocrx_word' id='word_1_206' title='bbox 43 1404 107 1423; x_wconf 84' lang='grc' dir='ltr'>πον</span> <span class='ocrx_word' id='word_1_207' title='bbox 136 1395 188 1423; x_wconf 74' lang='grc' dir='ltr'><strong>τοῦ</strong></span> <span class='ocrx_word' id='word_1_208' title='bbox 216 1395 348 1431; x_wconf 71' lang='grc' dir='ltr'>Χριστοῦ,</span> <span class='ocrx_word' id='word_1_209' title='bbox 362 1394 489 1430; x_wconf 47' lang='grc' dir='ltr'>τὰιπάθη</span> <span class='ocrx_word' id='word_1_210' title='bbox 516 1394 651 1429; x_wconf 83' lang='grc' dir='ltr'><strong>περιέχων</strong></span> <span class='ocrx_word' id='word_1_211' title='bbox 677 1393 860 1428; x_wconf 79' lang='grc' dir='ltr'>αὐτοῧ.Μαρ-</span> 
     </span>
    </p>
   </div>
   <div class='ocr_carea' id='block_1_31' title="bbox 45 1438 860 1478">
    <p class='ocr_par' dir='ltr' id='par_1_31' title="bbox 45 1438 860 1478">
     <span class='ocr_line' id='line_1_31' title="bbox 45 1438 860 1478; baseline -0.005 -10"><span class='ocrx_word' id='word_1_212' title='bbox 45 1443 141 1478; x_wconf 81' lang='grc' dir='ltr'><strong>τυρεί</strong></span> <span class='ocrx_word' id='word_1_213' title='bbox 165 1441 195 1468; x_wconf 80' lang='grc' dir='ltr'>δὲ</span> <span class='ocrx_word' id='word_1_214' title='bbox 213 1441 253 1476; x_wconf 89' lang='grc' dir='ltr'>τῷ</span> <span class='ocrx_word' id='word_1_215' title='bbox 266 1440 338 1476; x_wconf 86' lang='grc' dir='ltr'>λόγῳ</span> <span class='ocrx_word' id='word_1_216' title='bbox 353 1441 370 1477; x_wconf 86' lang='grc' dir='ltr'>ὴ</span> <span class='ocrx_word' id='word_1_217' title='bbox 383 1439 480 1476; x_wconf 77' lang='grc' dir='ltr'>Γραφὴ</span> <span class='ocrx_word' id='word_1_218' title='bbox 494 1440 550 1467; x_wconf 85' lang='grc' dir='ltr'>τῶν</span> <span class='ocrx_word' id='word_1_219' title='bbox 566 1439 696 1475; x_wconf 81' lang='grc' dir='ltr'>Πράξεων</span> <span class='ocrx_word' id='word_1_220' title='bbox 723 1438 776 1465; x_wconf 83' lang='grc' dir='ltr'>τῶν</span> <span class='ocrx_word' id='word_1_221' title='bbox 793 1439 860 1466; x_wconf 82' lang='grc' dir='ltr'>ἀπο-</span> 
     </span>
    </p>
   </div>
   <div class='ocr_carea' id='block_1_32' title="bbox 50 1483 861 1521">
    <p class='ocr_par' dir='ltr' id='par_1_32' title="bbox 50 1483 861 1521">
     <span class='ocr_line' id='line_1_32' title="bbox 50 1483 861 1521; baseline -0.005 -7"><span class='ocrx_word' id='word_1_222' title='bbox 50 1487 180 1519; x_wconf 81' lang='grc' dir='ltr'><strong>στόλων,</strong></span> <span class='ocrx_word' id='word_1_223' title='bbox 207 1485 271 1513; x_wconf 75' lang='grc' dir='ltr'>ένθα</span> <span class='ocrx_word' id='word_1_224' title='bbox 295 1487 310 1513; x_wconf 85' lang='grc' dir='ltr'><strong>ό</strong></span> <span class='ocrx_word' id='word_1_225' title='bbox 330 1485 443 1521; x_wconf 80' lang='grc' dir='ltr'>Πέτρος,</span> <span class='ocrx_word' id='word_1_226' title='bbox 463 1485 513 1521; x_wconf 86' lang='grc' dir='ltr'>τῆς</span> <span class='ocrx_word' id='word_1_227' title='bbox 533 1484 580 1511; x_wconf 80' lang='grc' dir='ltr'>τοῦ</span> <span class='ocrx_word' id='word_1_228' title='bbox 609 1484 738 1521; x_wconf 86' lang='grc' dir='ltr'><strong>προδότου</strong></span> <span class='ocrx_word' id='word_1_229' title='bbox 775 1483 861 1511; x_wconf 85' lang='grc' dir='ltr'>Ἰούδα</span> 
     </span>
    </p>
   </div>
   <div class='ocr_carea' id='block_1_33' title="bbox 49 1529 860 1567">
    <p class='ocr_par' dir='ltr' id='par_1_33' title="bbox 49 1529 860 1567">
     <span class='ocr_line' id='line_1_33' title="bbox 49 1529 860 1567; baseline -0.005 -8"><span class='ocrx_word' id='word_1_230' title='bbox 49 1531 232 1563; x_wconf 70' lang='grc' dir='ltr'>ἐκπτώσεως</span> <span class='ocrx_word' id='word_1_231' title='bbox 259 1530 448 1567; x_wconf 81' lang='grc' dir='ltr'><strong>μνημονεύσας</strong></span> <span class='ocrx_word' id='word_1_232' title='bbox 466 1550 473 1561; x_wconf 78' lang='grc' dir='ltr'><strong>ι</strong></span> <span class='ocrx_word' id='word_1_233' title='bbox 510 1529 557 1556; x_wconf 77' lang='grc' dir='ltr'>καὶ</span> <span class='ocrx_word' id='word_1_234' title='bbox 578 1529 746 1565; x_wconf 79' lang='grc' dir='ltr'>παραινέσας</span> <span class='ocrx_word' id='word_1_235' title='bbox 767 1529 860 1565; x_wconf 77' lang='grc' dir='ltr'>ἓτερον</span> 
     </span>
    </p>
   </div>
   <div class='ocr_carea' id='block_1_34' title="bbox 3 1575 895 1626">
    <p class='ocr_par' dir='ltr' id='par_1_34' title="bbox 3 1575 895 1626">
     <span class='ocr_line' id='line_1_34' title="bbox 3 1575 895 1626; baseline -0.004 -21"><span class='ocrx_word' id='word_1_236' title='bbox 3 1613 10 1618; x_wconf 37' lang='grc'><strong><em>⁸</em></strong></span> <span class='ocrx_word' id='word_1_237' title='bbox 51 1578 118 1605; x_wconf 83' lang='grc' dir='ltr'><strong>δεῖν</strong></span> <span class='ocrx_word' id='word_1_238' title='bbox 144 1576 353 1614; x_wconf 78' lang='grc' dir='ltr'>παραληφθῆναι</span> <span class='ocrx_word' id='word_1_239' title='bbox 370 1577 410 1609; x_wconf 84' lang='grc' dir='ltr'><strong>είς</strong></span> <span class='ocrx_word' id='word_1_240' title='bbox 438 1576 485 1603; x_wconf 80' lang='grc' dir='ltr'><strong>τὸν</strong></span> <span class='ocrx_word' id='word_1_241' title='bbox 498 1575 553 1603; x_wconf 84' lang='grc' dir='ltr'><strong>τῶν</strong></span> <span class='ocrx_word' id='word_1_242' title='bbox 573 1575 606 1610; x_wconf 84' lang='grc' dir='ltr'><strong>ιβ’</strong></span> <span class='ocrx_word' id='word_1_243' title='bbox 627 1575 782 1602; x_wconf 82' lang='grc' dir='ltr'><strong>ἀποστόλων</strong></span> <span class='ocrx_word' id='word_1_244' title='bbox 804 1575 860 1611; x_wconf 87' lang='grc' dir='ltr'>ἀρι-</span> <span class='ocrx_word' id='word_1_245' title='bbox 873 1597 895 1626; x_wconf 76' lang='lat' dir='ltr'><strong>C</strong></span> 
     </span>
    </p>
   </div>
   <div class='ocr_carea' id='block_1_35' title="bbox 3 1621 860 1664">
    <p class='ocr_par' dir='ltr' id='par_1_35' title="bbox 3 1621 860 1664">
     <span class='ocr_line' id='line_1_35' title="bbox 3 1621 860 1664; baseline -0.004 -13"><span class='ocrx_word' id='word_1_246' title='bbox 3 1623 9 1664; x_wconf 54' lang='grc' dir='ltr'><strong>ξ</strong></span> <span class='ocrx_word' id='word_1_247' title='bbox 55 1624 147 1660; x_wconf 83' lang='grc' dir='ltr'>θμδν,</span> <span class='ocrx_word' id='word_1_248' title='bbox 174 1623 311 1660; x_wconf 74' lang='grc' dir='ltr'>μαρτυρίᾳ</span> <span class='ocrx_word' id='word_1_249' title='bbox 338 1623 470 1659; x_wconf 83' lang='grc' dir='ltr'>κέχρηται</span> <span class='ocrx_word' id='word_1_250' title='bbox 500 1623 654 1658; x_wconf 81' lang='grc' dir='ltr'>προφητικῇ</span> <span class='ocrx_word' id='word_1_251' title='bbox 679 1621 757 1657; x_wconf 79' lang='grc' dir='ltr'><strong>ἐντῷ</strong></span> <span class='ocrx_word' id='word_1_252' title='bbox 790 1630 860 1658; x_wconf 86' lang='grc' dir='ltr'>προ-</span> 
     </span>
    </p>
   </div>
   <div class='ocr_carea' id='block_1_36' title="bbox 0 1667 862 1705">
    <p class='ocr_par' dir='ltr' id='par_1_36' title="bbox 0 1667 862 1705">
     <span class='ocr_line' id='line_1_36' title="bbox 0 1667 862 1705; baseline -0.003 -8"><span class='ocrx_word' id='word_1_253' title='bbox 0 1671 3 1705; x_wconf 87' lang='grc'>;</span> <span class='ocrx_word' id='word_1_254' title='bbox 55 1669 189 1705; x_wconf 77' lang='grc' dir='ltr'>κειμένῳ</span> <span class='ocrx_word' id='word_1_255' title='bbox 208 1669 309 1705; x_wconf 81' lang='grc' dir='ltr'>ψαλμῷ</span> <span class='ocrx_word' id='word_1_256' title='bbox 334 1668 477 1704; x_wconf 80' lang='grc' dir='ltr'>φασκούσῃ</span> <span class='ocrx_word' id='word_1_257' title='bbox 489 1676 496 1683; x_wconf 95' lang='grc'><strong>·</strong></span> <span class='ocrx_word' id='word_1_258' title='bbox 510 1667 670 1702; x_wconf 79' lang='grc' dir='ltr'><strong>Γενηθήτω</strong></span> <span class='ocrx_word' id='word_1_259' title='bbox 689 1668 709 1702; x_wconf 79' lang='grc' dir='ltr'><strong><em>ἠ</em></strong></span> <span class='ocrx_word' id='word_1_260' title='bbox 733 1667 862 1701; x_wconf 72' lang='grc' dir='ltr'>ἔπαυλις</span> 
     </span>
    </p>
   </div>
   <div class='ocr_carea' id='block_1_37' title="bbox 57 1714 860 1751">
    <p class='ocr_par' dir='ltr' id='par_1_37' title="bbox 57 1714 860 1751">
     <span class='ocr_line' id='line_1_37' title="bbox 57 1714 860 1751; baseline -0.002 -8"><span class='ocrx_word' id='word_1_261' title='bbox 57 1716 162 1744; x_wconf 80' lang='grc' dir='ltr'>αὑτοῦ</span> <span class='ocrx_word' id='word_1_262' title='bbox 177 1716 297 1751; x_wconf 78' lang='grc' dir='ltr'><strong>ἔρημος.</strong></span> <span class='ocrx_word' id='word_1_263' title='bbox 319 1715 369 1742; x_wconf 80' lang='grc' dir='ltr'>καί</span> <span class='ocrx_word' id='word_1_264' title='bbox 380 1714 423 1750; x_wconf 79' lang='grc' dir='ltr'><strong>μὴ</strong></span> <span class='ocrx_word' id='word_1_265' title='bbox 438 1715 516 1742; x_wconf 73' lang='grc' dir='ltr'>ἔστω</span> <span class='ocrx_word' id='word_1_266' title='bbox 531 1716 548 1742; x_wconf 83' lang='grc' dir='ltr'><em>ὁ</em></span> <span class='ocrx_word' id='word_1_267' title='bbox 567 1714 712 1742; x_wconf 79' lang='grc' dir='ltr'><strong>κατοικῶν</strong></span> <span class='ocrx_word' id='word_1_268' title='bbox 722 1714 758 1741; x_wconf 73' lang='grc' dir='ltr'><strong>ἐν</strong></span> <span class='ocrx_word' id='word_1_269' title='bbox 772 1714 860 1749; x_wconf 77' lang='grc' dir='ltr'><strong>αὐτῇ,</strong></span> 
     </span>
    </p>
   </div>
   <div class='ocr_carea' id='block_1_38' title="bbox 60 1760 861 1797">
    <p class='ocr_par' dir='ltr' id='par_1_38' title="bbox 60 1760 861 1797">
     <span class='ocr_line' id='line_1_38' title="bbox 60 1760 861 1797; baseline -0.004 -7"><span class='ocrx_word' id='word_1_270' title='bbox 60 1762 116 1790; x_wconf 70' lang='grc' dir='ltr'><strong>καὶ</strong></span> <span class='ocrx_word' id='word_1_271' title='bbox 143 1761 200 1797; x_wconf 79' lang='grc' dir='ltr'><strong>τὴν</strong></span> <span class='ocrx_word' id='word_1_272' title='bbox 220 1760 393 1796; x_wconf 81' lang='grc' dir='ltr'><em>ἐπισκοπὴν</em></span> <span class='ocrx_word' id='word_1_273' title='bbox 424 1760 517 1788; x_wconf 84' lang='grc' dir='ltr'>αὐτοῦ</span> <span class='ocrx_word' id='word_1_274' title='bbox 541 1760 627 1788; x_wconf 72' lang='grc' dir='ltr'>λάϐοι</span> <span class='ocrx_word' id='word_1_275' title='bbox 650 1760 764 1795; x_wconf 81' lang='grc' dir='ltr'>ἔτερος·</span> <span class='ocrx_word' id='word_1_276' title='bbox 791 1760 861 1787; x_wconf 84' lang='grc' dir='ltr'>ὥστε</span> 
     </span>
    </p>
   </div>
   <div class='ocr_carea' id='block_1_39' title="bbox 61 1805 861 1844">
    <p class='ocr_par' dir='ltr' id='par_1_39' title="bbox 61 1805 861 1844">
     <span class='ocr_line' id='line_1_39' title="bbox 61 1805 861 1844; baseline -0.004 -8"><span class='ocrx_word' id='word_1_277' title='bbox 61 1808 142 1836; x_wconf 80' lang='grc' dir='ltr'>κατὰ</span> <span class='ocrx_word' id='word_1_278' title='bbox 155 1808 204 1844; x_wconf 80' lang='grc' dir='ltr'><strong>τὴν</strong></span> <span class='ocrx_word' id='word_1_279' title='bbox 233 1808 338 1844; x_wconf 85' lang='grc' dir='ltr'>Πέτρου</span> <span class='ocrx_word' id='word_1_280' title='bbox 364 1805 538 1834; x_wconf 76' lang='grc' dir='ltr'>διδασκαλίαν</span> <span class='ocrx_word' id='word_1_281' title='bbox 560 1806 625 1842; x_wconf 79' lang='grc' dir='ltr'>περὶ</span> <span class='ocrx_word' id='word_1_282' title='bbox 645 1805 693 1833; x_wconf 83' lang='grc' dir='ltr'><strong>τοῦ</strong></span> <span class='ocrx_word' id='word_1_283' title='bbox 713 1805 799 1833; x_wconf 71' lang='grc' dir='ltr'>Ἰούδα</span> <span class='ocrx_word' id='word_1_284' title='bbox 814 1807 861 1833; x_wconf 83' lang='grc' dir='ltr'><strong>αὐ-</strong></span> 
     </span>
    </p>
   </div>
   <div class='ocr_carea' id='block_1_40' title="bbox 62 1852 863 1891">
    <p class='ocr_par' dir='ltr' id='par_1_40' title="bbox 62 1852 863 1891">
     <span class='ocr_line' id='line_1_40' title="bbox 62 1852 863 1891; baseline -0.004 -10"><span class='ocrx_word' id='word_1_285' title='bbox 62 1854 118 1891; x_wconf 77' lang='grc' dir='ltr'><strong>τὴν</strong></span> <span class='ocrx_word' id='word_1_286' title='bbox 148 1853 248 1890; x_wconf 84' lang='grc' dir='ltr'>ταύτην</span> <span class='ocrx_word' id='word_1_287' title='bbox 274 1853 401 1890; x_wconf 73' lang='grc' dir='ltr'>εἰρῆσθαι</span> <span class='ocrx_word' id='word_1_288' title='bbox 411 1852 460 1889; x_wconf 81' lang='grc' dir='ltr'>τὴν</span> <span class='ocrx_word' id='word_1_289' title='bbox 475 1852 577 1888; x_wconf 80' lang='grc' dir='ltr'>φωνὴν,</span> <span class='ocrx_word' id='word_1_290' title='bbox 593 1853 641 1879; x_wconf 75' lang='grc' dir='ltr'><strong>καὶ</strong></span> <span class='ocrx_word' id='word_1_291' title='bbox 658 1852 707 1884; x_wconf 80' lang='grc' dir='ltr'><strong>τὰς</strong></span> <span class='ocrx_word' id='word_1_292' title='bbox 720 1852 817 1884; x_wconf 80' lang='grc' dir='ltr'>λοιπὰς</span> <span class='ocrx_word' id='word_1_293' title='bbox 832 1852 863 1878; x_wconf 77' lang='grc' dir='ltr'><strong>ἐν</strong></span> 
     </span>
    </p>
   </div>
   <div class='ocr_carea' id='block_1_41' title="bbox 65 1897 862 1936">
    <p class='ocr_par' dir='ltr' id='par_1_41' title="bbox 65 1897 862 1936">
     <span class='ocr_line' id='line_1_41' title="bbox 65 1897 862 1936; baseline -0.004 -9"><span class='ocrx_word' id='word_1_294' title='bbox 65 1900 108 1936; x_wconf 85' lang='grc' dir='ltr'><strong>τῷ</strong></span> <span class='ocrx_word' id='word_1_295' title='bbox 121 1899 219 1936; x_wconf 83' lang='grc' dir='ltr'>ψαλμῷ</span> <span class='ocrx_word' id='word_1_296' title='bbox 232 1899 396 1936; x_wconf 80' lang='grc' dir='ltr'>φερομένας.</span> <span class='ocrx_word' id='word_1_297' title='bbox 418 1899 448 1926; x_wconf 81' lang='grc' dir='ltr'>ὐ</span> <span class='ocrx_word' id='word_1_298' title='bbox 460 1899 551 1926; x_wconf 84' lang='grc' dir='ltr'>τοίνυν</span> <span class='ocrx_word' id='word_1_299' title='bbox 564 1898 659 1934; x_wconf 78' lang='grc' dir='ltr'>Σωτὴρ</span> <span class='ocrx_word' id='word_1_300' title='bbox 674 1897 718 1925; x_wconf 82' lang='grc' dir='ltr'><strong>διὰ</strong></span> <span class='ocrx_word' id='word_1_301' title='bbox 728 1898 782 1925; x_wconf 82' lang='grc' dir='ltr'>τῶν</span> <span class='ocrx_word' id='word_1_302' title='bbox 795 1906 862 1935; x_wconf 85' lang='grc' dir='ltr'>προ-</span> 
     </span>
    </p>
   </div>
   <div class='ocr_carea' id='block_1_42' title="bbox 2 1944 862 1983">
    <p class='ocr_par' dir='ltr' id='par_1_42' title="bbox 2 1944 862 1983">
     <span class='ocr_line' id='line_1_42' title="bbox 2 1944 862 1983; baseline -0.003 -10"><span class='ocrx_word' id='word_1_303' title='bbox 2 1949 6 1954; x_wconf 88' lang='grc'><em>”</em></span> <span class='ocrx_word' id='word_1_304' title='bbox 66 1945 202 1982; x_wconf 74' lang='grc' dir='ltr'>κειμένων</span> <span class='ocrx_word' id='word_1_305' title='bbox 216 1945 368 1983; x_wconf 84' lang='grc' dir='ltr'>ἀρχόμενος</span> <span class='ocrx_word' id='word_1_306' title='bbox 382 1944 572 1981; x_wconf 79' lang='grc' dir='ltr'><strong>ἀνθρωπίνως,</strong></span> <span class='ocrx_word' id='word_1_307' title='bbox 595 1944 634 1976; x_wconf 84' lang='grc' dir='ltr'>ὡς</span> <span class='ocrx_word' id='word_1_308' title='bbox 653 1944 796 1980; x_wconf 86' lang='grc' dir='ltr'>γενόμενος</span> <span class='ocrx_word' id='word_1_309' title='bbox 815 1944 862 1971; x_wconf 80' lang='grc' dir='ltr'><strong>ἄν-</strong></span> 
     </span>
    </p>
   </div>
   <div class='ocr_carea' id='block_1_43' title="bbox 0 1986 862 2029">
    <p class='ocr_par' dir='ltr' id='par_1_43' title="bbox 0 1986 862 2029">
     <span class='ocr_line' id='line_1_43' title="bbox 0 1986 862 2029; baseline -0.003 -9"><span class='ocrx_word' id='word_1_310' title='bbox 0 1986 7 2004; x_wconf 61' lang='grc' dir='ltr'><strong>ί</strong></span> <span class='ocrx_word' id='word_1_311' title='bbox 70 1992 189 2029; x_wconf 82' lang='grc' dir='ltr'>θρωπος,</span> <span class='ocrx_word' id='word_1_312' title='bbox 215 1991 309 2028; x_wconf 80' lang='grc' dir='ltr'>μείνας</span> <span class='ocrx_word' id='word_1_313' title='bbox 323 1992 352 2018; x_wconf 82' lang='grc' dir='ltr'>δὲ</span> <span class='ocrx_word' id='word_1_314' title='bbox 368 1991 445 2023; x_wconf 84' lang='grc' dir='ltr'>Θεδς,</span> <span class='ocrx_word' id='word_1_315' title='bbox 466 1990 534 2026; x_wconf 81' lang='grc' dir='ltr'>ὅπερ</span> <span class='ocrx_word' id='word_1_316' title='bbox 549 1988 593 2026; x_wconf 81' lang='grc' dir='ltr'><strong>ἦν,</strong></span> <span class='ocrx_word' id='word_1_317' title='bbox 609 1989 725 2017; x_wconf 72' lang='grc' dir='ltr'><strong>ἱκετεύει</strong></span> <span class='ocrx_word' id='word_1_318' title='bbox 737 1990 783 2017; x_wconf 80' lang='grc' dir='ltr'>τὸν</span> <span class='ocrx_word' id='word_1_319' title='bbox 802 1990 862 2017; x_wconf 78' lang='grc' dir='ltr'>ἑαυ-</span> 
     </span>
    </p>
   </div>
   <div class='ocr_carea' id='block_1_44' title="bbox 71 2036 860 2074">
    <p class='ocr_par' dir='ltr' id='par_1_44' title="bbox 71 2036 860 2074">
     <span class='ocr_line' id='line_1_44' title="bbox 71 2036 860 2074; baseline -0.004 -8"><span class='ocrx_word' id='word_1_320' title='bbox 71 2038 123 2066; x_wconf 76' lang='grc' dir='ltr'>τοῦ</span> <span class='ocrx_word' id='word_1_321' title='bbox 137 2038 244 2074; x_wconf 80' lang='grc' dir='ltr'>Πατέρα</span> <span class='ocrx_word' id='word_1_322' title='bbox 258 2037 296 2074; x_wconf 84' lang='grc' dir='ltr'><strong>μὴ</strong></span> <span class='ocrx_word' id='word_1_323' title='bbox 315 2036 485 2074; x_wconf 84' lang='grc' dir='ltr'>κατορθῶσαι</span> <span class='ocrx_word' id='word_1_324' title='bbox 499 2036 563 2070; x_wconf 78' lang='grc' dir='ltr'>τοὺς</span> <span class='ocrx_word' id='word_1_325' title='bbox 583 2036 806 2068; x_wconf 76' lang='grc' dir='ltr'>ἐπιϐουλεύοντας</span> <span class='ocrx_word' id='word_1_326' title='bbox 825 2038 860 2072; x_wconf 81' lang='grc' dir='ltr'>τῇ</span> 
     </span>
    </p>
   </div>
   <div class='ocr_carea' id='block_1_45' title="bbox 0 2079 860 2121">
    <p class='ocr_par' dir='ltr' id='par_1_45' title="bbox 0 2079 860 2121">
     <span class='ocr_line' id='line_1_45' title="bbox 0 2079 860 2121; baseline -0.003 -9"><span class='ocrx_word' id='word_1_327' title='bbox 0 2079 6 2103; x_wconf 65' lang='grc'>⁸</span> <span class='ocrx_word' id='word_1_328' title='bbox 74 2083 172 2112; x_wconf 76' lang='grc' dir='ltr'>ἑαυτοῦ</span> <span class='ocrx_word' id='word_1_329' title='bbox 197 2084 310 2120; x_wconf 78' lang='grc' dir='ltr'>σπουδῇ.</span> <span class='ocrx_word' id='word_1_330' title='bbox 337 2083 446 2121; x_wconf 79' lang='grc' dir='ltr'>Σπουδὴ</span> <span class='ocrx_word' id='word_1_331' title='bbox 461 2083 490 2110; x_wconf 81' lang='grc' dir='ltr'>δὲ</span> <span class='ocrx_word' id='word_1_332' title='bbox 513 2081 595 2110; x_wconf 81' lang='grc' dir='ltr'>αὐτοῦ</span> <span class='ocrx_word' id='word_1_333' title='bbox 620 2083 695 2109; x_wconf 78' lang='grc' dir='ltr'>πᾶσα</span> <span class='ocrx_word' id='word_1_334' title='bbox 715 2080 750 2118; x_wconf 82' lang='grc' dir='ltr'><strong>ἦν</strong></span> <span class='ocrx_word' id='word_1_335' title='bbox 764 2082 860 2109; x_wconf 78' lang='grc' dir='ltr'>σὸέσαι</span> 
     </span>
    </p>
   </div>
   <div class='ocr_carea' id='block_1_46' title="bbox 0 2125 861 2164">
    <p class='ocr_par' dir='ltr' id='par_1_46' title="bbox 0 2125 861 2164">
     <span class='ocr_line' id='line_1_46' title="bbox 0 2125 861 2164; baseline 0 -10"><span class='ocrx_word' id='word_1_336' title='bbox 0 2125 3 2142; x_wconf 82' lang='grc'>¹</span> <span class='ocrx_word' id='word_1_337' title='bbox 76 2127 128 2164; x_wconf 71' lang='grc' dir='ltr'><strong>μὲν</strong></span> <span class='ocrx_word' id='word_1_338' title='bbox 141 2127 169 2161; x_wconf 72' lang='grc' dir='ltr'><strong>ἐξ</strong></span> <span class='ocrx_word' id='word_1_339' title='bbox 186 2126 337 2164; x_wconf 81' lang='grc' dir='ltr'>ἀνθρώπιον</span> <span class='ocrx_word' id='word_1_340' title='bbox 356 2128 447 2155; x_wconf 81' lang='grc' dir='ltr'>πᾶσαν</span> <span class='ocrx_word' id='word_1_341' title='bbox 466 2126 698 2162; x_wconf 83' lang='grc' dir='ltr'>είδωλολατρείαν,</span> <span class='ocrx_word' id='word_1_342' title='bbox 714 2127 816 2155; x_wconf 86' lang='grc' dir='ltr'>αίνεσιν</span> <span class='ocrx_word' id='word_1_343' title='bbox 832 2128 861 2155; x_wconf 76' lang='grc' dir='ltr'><strong>δέ</strong></span> 
     </span>
    </p>
   </div>
   <div class='ocr_carea' id='block_1_47' title="bbox 0 2172 862 2209">
    <p class='ocr_par' dir='ltr' id='par_1_47' title="bbox 0 2172 862 2209">
     <span class='ocr_line' id='line_1_47' title="bbox 0 2172 862 2209; baseline -0.001 -9"><span class='ocrx_word' id='word_1_344' title='bbox 0 2174 4 2191; x_wconf 77' lang='grc'>¹</span> <span class='ocrx_word' id='word_1_345' title='bbox 76 2172 115 2209; x_wconf 80' lang='grc' dir='ltr'>τῷ</span> <span class='ocrx_word' id='word_1_346' title='bbox 131 2173 215 2209; x_wconf 70' lang='grc' dir='ltr'>Πατρὶ</span> <span class='ocrx_word' id='word_1_347' title='bbox 230 2172 452 2209; x_wconf 78' lang='grc' dir='ltr'>καταστήσασθαι</span> <span class='ocrx_word' id='word_1_348' title='bbox 469 2173 516 2199; x_wconf 73' lang='grc' dir='ltr'><strong>ἐπὶ</strong></span> <span class='ocrx_word' id='word_1_349' title='bbox 537 2172 588 2208; x_wconf 84' lang='grc' dir='ltr'>τῆς</span> <span class='ocrx_word' id='word_1_350' title='bbox 602 2173 670 2208; x_wconf 83' lang='grc' dir='ltr'><strong>γῆς·</strong></span> <span class='ocrx_word' id='word_1_351' title='bbox 684 2172 699 2199; x_wconf 85' lang='grc' dir='ltr'><strong>δ</strong></span> <span class='ocrx_word' id='word_1_352' title='bbox 717 2172 749 2209; x_wconf 83' lang='grc' dir='ltr'>δὴ</span> <span class='ocrx_word' id='word_1_353' title='bbox 762 2173 791 2200; x_wconf 73' lang='grc' dir='ltr'><strong>ὲν</strong></span> <span class='ocrx_word' id='word_1_354' title='bbox 803 2173 862 2200; x_wconf 78' lang='grc' dir='ltr'>ἐτέ-</span> 
     </span>
    </p>
   </div>
   <div class='ocr_carea' id='block_1_48' title="bbox 0 2217 860 2256">
    <p class='ocr_par' dir='ltr' id='par_1_48' title="bbox 0 2217 860 2256">
     <span class='ocr_line' id='line_1_48' title="bbox 0 2217 860 2256; baseline 0.001 -10"><span class='ocrx_word' id='word_1_355' title='bbox 0 2218 3 2232; x_wconf 82' lang='lat'>’</span> <span class='ocrx_word' id='word_1_356' title='bbox 78 2227 134 2256; x_wconf 86' lang='grc' dir='ltr'>ροις</span> <span class='ocrx_word' id='word_1_357' title='bbox 155 2218 272 2246; x_wconf 80' lang='grc' dir='ltr'>διδάσκει</span> <span class='ocrx_word' id='word_1_358' title='bbox 305 2218 407 2254; x_wconf 86' lang='grc' dir='ltr'>λέγων·</span> <span class='ocrx_word' id='word_1_359' title='bbox 435 2217 600 2254; x_wconf 72' lang='grc' dir='ltr'><strong>Ἀπαγγελῶ</strong></span> <span class='ocrx_word' id='word_1_360' title='bbox 625 2218 658 2245; x_wconf 86' lang='grc' dir='ltr'>τὸ</span> <span class='ocrx_word' id='word_1_361' title='bbox 684 2218 778 2254; x_wconf 72' lang='grc' dir='ltr'>ὄνομα</span> <span class='ocrx_word' id='word_1_362' title='bbox 802 2227 860 2247; x_wconf 87' lang='grc' dir='ltr'><strong>σου</strong></span> 
     </span>
    </p>
   </div>
   <div class='ocr_carea' id='block_1_49' title="bbox 78 2263 898 2300">
    <p class='ocr_par' dir='ltr' id='par_1_49' title="bbox 78 2263 898 2300">
     <span class='ocr_line' id='line_1_49' title="bbox 78 2263 898 2300; baseline 0.001 -8"><span class='ocrx_word' id='word_1_363' title='bbox 78 2264 139 2298; x_wconf 84' lang='grc' dir='ltr'>τοῖς</span> <span class='ocrx_word' id='word_1_364' title='bbox 152 2263 290 2299; x_wconf 72' lang='grc' dir='ltr'><strong>ἀδελφοῖς</strong></span> <span class='ocrx_word' id='word_1_365' title='bbox 302 2273 372 2299; x_wconf 77' lang='grc' dir='ltr'><strong>μου,</strong></span> <span class='ocrx_word' id='word_1_366' title='bbox 387 2264 422 2291; x_wconf 83' lang='grc' dir='ltr'><strong>ἐν</strong></span> <span class='ocrx_word' id='word_1_367' title='bbox 434 2264 519 2299; x_wconf 83' lang='grc' dir='ltr'><strong>μέσῳ</strong></span> <span class='ocrx_word' id='word_1_368' title='bbox 537 2264 719 2298; x_wconf 77' lang='grc' dir='ltr'>Ἐκκλησίας</span> <span class='ocrx_word' id='word_1_369' title='bbox 734 2265 860 2300; x_wconf 79' lang='grc' dir='ltr'><strong>ὑμνήσω</strong></span> <span class='ocrx_word' id='word_1_370' title='bbox 876 2269 898 2297; x_wconf 81' lang='grc' dir='ltr'>ι)</span> 
     </span>
    </p>
   </div>
   <div class='ocr_carea' id='block_1_50' title="bbox 79 2309 862 2347">
    <p class='ocr_par' dir='ltr' id='par_1_50' title="bbox 79 2309 862 2347">
     <span class='ocr_line' id='line_1_50' title="bbox 79 2309 862 2347; baseline 0.001 -9"><span class='ocrx_word' id='word_1_371' title='bbox 79 2318 126 2339; x_wconf 75' lang='grc' dir='ltr'><strong>σε.</strong></span> <span class='ocrx_word' id='word_1_372' title='bbox 138 2311 166 2338; x_wconf 85' lang='grc' dir='ltr'><strong>Οί</strong></span> <span class='ocrx_word' id='word_1_373' title='bbox 176 2310 202 2338; x_wconf 86' lang='grc' dir='ltr'>δὲ</span> <span class='ocrx_word' id='word_1_374' title='bbox 216 2310 256 2343; x_wconf 82' lang='grc' dir='ltr'><strong>είς</strong></span> <span class='ocrx_word' id='word_1_375' title='bbox 266 2309 379 2338; x_wconf 79' lang='grc' dir='ltr'>θάνατον</span> <span class='ocrx_word' id='word_1_376' title='bbox 392 2309 467 2346; x_wconf 78' lang='grc' dir='ltr'>αὐτῷ</span> <span class='ocrx_word' id='word_1_377' title='bbox 480 2309 700 2343; x_wconf 73' lang='grc' dir='ltr'>ἐπιϐουλεύοντες</span> <span class='ocrx_word' id='word_1_378' title='bbox 713 2312 862 2347; x_wconf 84' lang='grc' dir='ltr'>κατασιγά-</span> 
     </span>
    </p>
   </div>
   <div class='ocr_carea' id='block_1_51' title="bbox 82 2356 863 2393">
    <p class='ocr_par' dir='ltr' id='par_1_51' title="bbox 82 2356 863 2393">
     <span class='ocr_line' id='line_1_51' title="bbox 82 2356 863 2393; baseline 0.003 -10"><span class='ocrx_word' id='word_1_379' title='bbox 82 2364 127 2384; x_wconf 84' lang='grc' dir='ltr'><strong>σαι</strong></span> <span class='ocrx_word' id='word_1_380' title='bbox 138 2356 231 2393; x_wconf 83' lang='grc' dir='ltr'>ταύτην</span> <span class='ocrx_word' id='word_1_381' title='bbox 242 2356 328 2393; x_wconf 81' lang='grc' dir='ltr'>αὐτὴν</span> <span class='ocrx_word' id='word_1_382' title='bbox 336 2356 386 2393; x_wconf 80' lang='grc' dir='ltr'>τὴν</span> <span class='ocrx_word' id='word_1_383' title='bbox 396 2357 498 2384; x_wconf 84' lang='grc' dir='ltr'>αίνεσιν</span> <span class='ocrx_word' id='word_1_384' title='bbox 506 2357 553 2384; x_wconf 76' lang='grc' dir='ltr'><strong>καὶ</strong></span> <span class='ocrx_word' id='word_1_385' title='bbox 560 2357 770 2393; x_wconf 77' lang='grc' dir='ltr'>κατασιωπῆσαι</span> <span class='ocrx_word' id='word_1_386' title='bbox 782 2366 863 2385; x_wconf 86' lang='grc' dir='ltr'>σπου-</span> 
     </span>
    </p>
   </div>
   <div class='ocr_carea' id='block_1_52' title="bbox 83 2400 861 2440">
    <p class='ocr_par' dir='ltr' id='par_1_52' title="bbox 83 2400 861 2440">
     <span class='ocr_line' id='line_1_52' title="bbox 83 2400 861 2440; baseline 0 -10"><span class='ocrx_word' id='word_1_387' title='bbox 83 2403 130 2440; x_wconf 78' lang='grc' dir='ltr'>δὴν</span> <span class='ocrx_word' id='word_1_388' title='bbox 141 2403 283 2432; x_wconf 73' lang='grc' dir='ltr'>ἐποιοῦντο.</span> <span class='ocrx_word' id='word_1_389' title='bbox 304 2403 386 2430; x_wconf 75' lang='grc' dir='ltr'>Ἀλλὰ</span> <span class='ocrx_word' id='word_1_390' title='bbox 411 2404 455 2437; x_wconf 82' lang='grc' dir='ltr'><strong>σὺ,</strong></span> <span class='ocrx_word' id='word_1_391' title='bbox 468 2403 561 2439; x_wconf 76' lang='grc' dir='ltr'>φησὶν,</span> <span class='ocrx_word' id='word_1_392' title='bbox 583 2400 607 2430; x_wconf 79' lang='grc' dir='ltr'>ὦ</span> <span class='ocrx_word' id='word_1_393' title='bbox 624 2403 726 2440; x_wconf 81' lang='grc' dir='ltr'>Πάτερ,</span> <span class='ocrx_word' id='word_1_394' title='bbox 741 2403 779 2440; x_wconf 84' lang='grc' dir='ltr'><strong>μὴ</strong></span> <span class='ocrx_word' id='word_1_395' title='bbox 795 2412 861 2439; x_wconf 82' lang='grc' dir='ltr'>συγ-</span> 
     </span>
    </p>
   </div>
   <div class='ocr_carea' id='block_1_53' title="bbox 83 2448 860 2486">
    <p class='ocr_par' dir='ltr' id='par_1_53' title="bbox 83 2448 860 2486">
     <span class='ocr_line' id='line_1_53' title="bbox 83 2448 860 2486; baseline 0 -10"><span class='ocrx_word' id='word_1_396' title='bbox 83 2450 201 2486; x_wconf 82' lang='grc' dir='ltr'>χωρήσῃς</span> <span class='ocrx_word' id='word_1_397' title='bbox 210 2449 435 2484; x_wconf 77' lang='grc' dir='ltr'>ἀτωσιωπηθῆναι</span> <span class='ocrx_word' id='word_1_398' title='bbox 442 2449 492 2484; x_wconf 80' lang='grc' dir='ltr'>τὴν</span> <span class='ocrx_word' id='word_1_399' title='bbox 505 2448 608 2476; x_wconf 81' lang='grc' dir='ltr'>αίνεσίν</span> <span class='ocrx_word' id='word_1_400' title='bbox 621 2457 683 2484; x_wconf 81' lang='grc' dir='ltr'>μου,</span> <span class='ocrx_word' id='word_1_401' title='bbox 696 2448 745 2484; x_wconf 81' lang='grc' dir='ltr'><strong>τὴν</strong></span> <span class='ocrx_word' id='word_1_402' title='bbox 760 2450 801 2481; x_wconf 84' lang='grc' dir='ltr'>εἰς</span> <span class='ocrx_word' id='word_1_403' title='bbox 810 2450 860 2485; x_wconf 84' lang='grc' dir='ltr'>τὴν</span> 
     </span>
    </p>
   </div>
   <div class='ocr_carea' id='block_1_54' title="bbox 85 2493 861 2530">
    <p class='ocr_par' dir='ltr' id='par_1_54' title="bbox 85 2493 861 2530">
     <span class='ocr_line' id='line_1_54' title="bbox 85 2493 861 2530; baseline 0.001 -9"><span class='ocrx_word' id='word_1_404' title='bbox 85 2494 132 2530; x_wconf 83' lang='grc' dir='ltr'>σὴν</span> <span class='ocrx_word' id='word_1_405' title='bbox 154 2494 229 2529; x_wconf 78' lang='grc' dir='ltr'>τιμὴν</span> <span class='ocrx_word' id='word_1_406' title='bbox 255 2494 302 2521; x_wconf 77' lang='grc' dir='ltr'>καὶ</span> <span class='ocrx_word' id='word_1_407' title='bbox 323 2493 401 2527; x_wconf 83' lang='grc' dir='ltr'>δόξαν</span> <span class='ocrx_word' id='word_1_408' title='bbox 423 2494 654 2530; x_wconf 79' lang='grc' dir='ltr'>σπουδαζομένην.</span> <span class='ocrx_word' id='word_1_409' title='bbox 679 2495 743 2521; x_wconf 76' lang='grc' dir='ltr'>Ὅτι</span> <span class='ocrx_word' id='word_1_410' title='bbox 762 2496 861 2530; x_wconf 82' lang='grc' dir='ltr'>στόμα</span> 
     </span>
    </p>
   </div>
   <div class='ocr_carea' id='block_1_55' title="bbox 86 2537 857 2574">
    <p class='ocr_par' dir='ltr' id='par_1_55' title="bbox 86 2537 857 2574">
     <span class='ocr_line' id='line_1_55' title="bbox 86 2537 857 2574; baseline 0.003 -9"><span class='ocrx_word' id='word_1_411' title='bbox 86 2538 248 2574; x_wconf 74' lang='grc' dir='ltr'>ἁμαρτωλοῦ</span> <span class='ocrx_word' id='word_1_412' title='bbox 277 2537 326 2565; x_wconf 72' lang='grc' dir='ltr'><strong>καὶ</strong></span> <span class='ocrx_word' id='word_1_413' title='bbox 347 2539 445 2573; x_wconf 81' lang='grc' dir='ltr'>στόμα</span> <span class='ocrx_word' id='word_1_414' title='bbox 462 2539 567 2566; x_wconf 74' lang='grc' dir='ltr'>δολίου</span> <span class='ocrx_word' id='word_1_415' title='bbox 582 2538 629 2565; x_wconf 81' lang='grc' dir='ltr'><strong>ἐπ’</strong></span> <span class='ocrx_word' id='word_1_416' title='bbox 645 2539 698 2574; x_wconf 79' lang='grc' dir='ltr'><strong>ἐμὲ</strong></span> <span class='ocrx_word' id='word_1_417' title='bbox 720 2539 857 2574; x_wconf 85' lang='grc' dir='ltr'><strong>ἠνοίχθη.</strong></span> 
     </span>
    </p>
   </div>
   <div class='ocr_carea' id='block_1_56' title="bbox 910 288 1700 325">
    <p class='ocr_par' dir='ltr' id='par_1_56' title="bbox 910 288 1700 325">
     <span class='ocr_line' id='line_1_56' title="bbox 910 288 1700 325; baseline 0.003 -10"><span class='ocrx_word' id='word_1_418' title='bbox 910 295 972 315; x_wconf 82' lang='lat' dir='ltr'><strong>mus</strong></span> <span class='ocrx_word' id='word_1_419' title='bbox 997 296 1062 315; x_wconf 88' lang='lat' dir='ltr'><strong>vero</strong></span> <span class='ocrx_word' id='word_1_420' title='bbox 1086 296 1177 316; x_wconf 79' lang='lat' dir='ltr'><strong>nonus</strong></span> <span class='ocrx_word' id='word_1_421' title='bbox 1201 289 1324 325; x_wconf 81' lang='lat' dir='ltr'><strong>psalmus</strong></span> <span class='ocrx_word' id='word_1_422' title='bbox 1341 289 1432 320; x_wconf 76' lang='lat' dir='ltr'><strong>habet.</strong></span> <span class='ocrx_word' id='word_1_423' title='bbox 1463 288 1531 316; x_wconf 78' lang='lat' dir='ltr'><strong>Mihi</strong></span> <span class='ocrx_word' id='word_1_424' title='bbox 1546 289 1700 325; x_wconf 64' lang='lat' dir='ltr'><strong>alienigene</strong></span> 
     </span>
    </p>
   </div>
   <div class='ocr_carea' id='block_1_57' title="bbox 910 333 1700 364">
    <p class='ocr_par' dir='ltr' id='par_1_57' title="bbox 910 333 1700 364">
     <span class='ocr_line' id='line_1_57' title="bbox 910 333 1700 364; baseline 0.003 -4"><span class='ocrx_word' id='word_1_425' title='bbox 910 333 1009 361; x_wconf 84' lang='lat' dir='ltr'><strong>subditi</strong></span> <span class='ocrx_word' id='word_1_426' title='bbox 1026 339 1098 362; x_wconf 84' lang='lat' dir='ltr'><strong>sunt.</strong></span> <span class='ocrx_word' id='word_1_427' title='bbox 1115 334 1223 363; x_wconf 69' lang='lat' dir='ltr'><strong>Notitiaa</strong></span> <span class='ocrx_word' id='word_1_428' title='bbox 1237 343 1303 364; x_wconf 87' lang='lat' dir='ltr'><strong>vero</strong></span> <span class='ocrx_word' id='word_1_429' title='bbox 1315 335 1360 363; x_wconf 87' lang='lat' dir='ltr'><strong>Dei</strong></span> <span class='ocrx_word' id='word_1_430' title='bbox 1383 340 1411 364; x_wconf 87' lang='lat' dir='ltr'><strong>et</strong></span> <span class='ocrx_word' id='word_1_431' title='bbox 1426 335 1554 363; x_wconf 61' lang='lat' dir='ltr'><strong>amicitiae</strong></span> <span class='ocrx_word' id='word_1_432' title='bbox 1569 339 1597 362; x_wconf 86' lang='lat' dir='ltr'><strong>et</strong></span> <span class='ocrx_word' id='word_1_433' title='bbox 1613 336 1700 363; x_wconf 87' lang='lat' dir='ltr'><strong>socie-</strong></span> 
     </span>
    </p>
   </div>
   <div class='ocr_carea' id='block_1_58' title="bbox 910 381 1698 417">
    <p class='ocr_par' dir='ltr' id='par_1_58' title="bbox 910 381 1698 417">
     <span class='ocr_line' id='line_1_58' title="bbox 910 381 1698 417; baseline 0 -10"><span class='ocrx_word' id='word_1_434' title='bbox 910 381 974 408; x_wconf 88' lang='lat' dir='ltr'><strong>tatis</strong></span> <span class='ocrx_word' id='word_1_435' title='bbox 988 385 1015 409; x_wconf 92' lang='lat' dir='ltr'><strong>et</strong></span> <span class='ocrx_word' id='word_1_436' title='bbox 1030 381 1186 409; x_wconf 76' lang='lat' dir='ltr'><strong>dilectionis</strong></span> <span class='ocrx_word' id='word_1_437' title='bbox 1204 382 1312 417; x_wconf 76' lang='lat' dir='ltr'><strong>signum</strong></span> <span class='ocrx_word' id='word_1_438' title='bbox 1326 385 1378 413; x_wconf 79' lang='lat' dir='ltr'><strong>est,</strong></span> <span class='ocrx_word' id='word_1_439' title='bbox 1392 381 1443 416; x_wconf 83' lang='lat' dir='ltr'><strong>ipsi</strong></span> <span class='ocrx_word' id='word_1_440' title='bbox 1460 381 1558 416; x_wconf 84' lang='lat' dir='ltr'><strong>subiici</strong></span> <span class='ocrx_word' id='word_1_441' title='bbox 1579 389 1638 413; x_wconf 89' lang='lat' dir='ltr'><strong>eos,</strong></span> <span class='ocrx_word' id='word_1_442' title='bbox 1652 382 1698 416; x_wconf 88' lang='lat' dir='ltr'><strong>qui</strong></span> 
     </span>
    </p>
   </div>
   <div class='ocr_carea' id='block_1_59' title="bbox 910 426 1700 463">
    <p class='ocr_par' dir='ltr' id='par_1_59' title="bbox 910 426 1700 463">
     <span class='ocr_line' id='line_1_59' title="bbox 910 426 1700 463; baseline 0 -9"><span class='ocrx_word' id='word_1_443' title='bbox 910 427 974 454; x_wconf 90' lang='lat' dir='ltr'><strong>olim</strong></span> <span class='ocrx_word' id='word_1_444' title='bbox 1004 426 1217 462; x_wconf 77' lang='lat' dir='ltr'><strong>inobsequentes</strong></span> <span class='ocrx_word' id='word_1_445' title='bbox 1233 433 1260 455; x_wconf 90' lang='lat' dir='ltr'><strong>et</strong></span> <span class='ocrx_word' id='word_1_446' title='bbox 1284 427 1338 456; x_wconf 87' lang='lat' dir='ltr'><strong>Deo</strong></span> <span class='ocrx_word' id='word_1_447' title='bbox 1354 428 1435 455; x_wconf 86' lang='lat' dir='ltr'><strong>alieni</strong></span> <span class='ocrx_word' id='word_1_448' title='bbox 1448 431 1537 460; x_wconf 78' lang='lat' dir='ltr'><strong>erant.</strong></span> <span class='ocrx_word' id='word_1_449' title='bbox 1553 427 1700 463; x_wconf 82' lang='lat' dir='ltr'><strong>pravisque</strong></span> 
     </span>
    </p>
   </div>
   <div class='ocr_carea' id='block_1_60' title="bbox 910 472 1207 501">
    <p class='ocr_par' dir='ltr' id='par_1_60' title="bbox 910 472 1207 501">
     <span class='ocr_line' id='line_1_60' title="bbox 910 472 1207 501; baseline 0.003 -2"><span class='ocrx_word' id='word_1_450' title='bbox 910 472 1081 500; x_wconf 64' lang='lat' dir='ltr'><strong>daemonibus</strong></span> <span class='ocrx_word' id='word_1_451' title='bbox 1094 472 1207 501; x_wconf 85' lang='lat' dir='ltr'><strong>subditi.</strong></span> 
     </span>
    </p>
   </div>
   <div class='ocr_carea' id='block_1_61' title="bbox 957 569 1646 604">
    <p class='ocr_par' dir='ltr' id='par_1_61' title="bbox 957 569 1646 604">
     <span class='ocr_line' id='line_1_61' title="bbox 957 569 1646 604; baseline 0 -6"><span class='ocrx_word' id='word_1_452' title='bbox 957 572 981 598; x_wconf 83' lang='lat' dir='ltr'><strong>l.</strong></span> <span class='ocrx_word' id='word_1_453' title='bbox 1000 571 1033 599; x_wconf 83' lang='lat' dir='ltr'><strong>IN</strong></span> <span class='ocrx_word' id='word_1_454' title='bbox 1047 571 1331 604; x_wconf 74' lang='lat' dir='ltr'><strong>FINEM,PSALMUS</strong></span> <span class='ocrx_word' id='word_1_455' title='bbox 1346 570 1409 598; x_wconf 84' lang='lat' dir='ltr'><strong>lPSl</strong></span> <span class='ocrx_word' id='word_1_456' title='bbox 1427 570 1539 598; x_wconf 75' lang='lat' dir='ltr'><strong>DAVlD.</strong></span> <span class='ocrx_word' id='word_1_457' title='bbox 1555 569 1646 598; x_wconf 82' lang='lat' dir='ltr'><strong>CVIII.</strong></span> 
     </span>
    </p>
   </div>
   <div class='ocr_carea' id='block_1_62' title="bbox 946 616 1699 651">
    <p class='ocr_par' dir='ltr' id='par_1_62' title="bbox 946 616 1699 651">
     <span class='ocr_line' id='line_1_62' title="bbox 946 616 1699 651; baseline -0.001 -9"><span class='ocrx_word' id='word_1_458' title='bbox 946 616 1030 645; x_wconf 70' lang='lat' dir='ltr'><strong>Vsus.</strong></span> <span class='ocrx_word' id='word_1_459' title='bbox 1046 617 1073 651; x_wconf 68' lang='lat'><strong>2,</strong></span> <span class='ocrx_word' id='word_1_460' title='bbox 1089 618 1116 645; x_wconf 75' lang='grc'><strong>5.</strong></span> <span class='ocrx_word' id='word_1_461' title='bbox 1134 617 1215 650; x_wconf 77' lang='lat' dir='ltr'><strong>Deus,</strong></span> <span class='ocrx_word' id='word_1_462' title='bbox 1229 617 1335 645; x_wconf 82' lang='lat' dir='ltr'><strong>laudem</strong></span> <span class='ocrx_word' id='word_1_463' title='bbox 1349 625 1434 644; x_wconf 76' lang='lat' dir='ltr'><strong>meam</strong></span> <span class='ocrx_word' id='word_1_464' title='bbox 1452 625 1483 643; x_wconf 85' lang='lat' dir='ltr'><strong>ne</strong></span> <span class='ocrx_word' id='word_1_465' title='bbox 1499 616 1625 647; x_wconf 84' lang='lat' dir='ltr'><strong>tacueris,</strong></span> <span class='ocrx_word' id='word_1_466' title='bbox 1637 616 1699 651; x_wconf 78' lang='lat' dir='ltr'><strong>quia</strong></span> 
     </span>
    </p>
   </div>
   <div class='ocr_carea' id='block_1_63' title="bbox 911 660 1701 696">
    <p class='ocr_par' dir='ltr' id='par_1_63' title="bbox 911 660 1701 696">
     <span class='ocr_line' id='line_1_63' title="bbox 911 660 1701 696; baseline -0.003 -7"><span class='ocrx_word' id='word_1_467' title='bbox 911 671 939 689; x_wconf 90' lang='lat' dir='ltr'><strong>os</strong></span> <span class='ocrx_word' id='word_1_468' title='bbox 953 663 1098 696; x_wconf 83' lang='lat' dir='ltr'><strong>peccatoris</strong></span> <span class='ocrx_word' id='word_1_469' title='bbox 1114 667 1139 689; x_wconf 87' lang='lat' dir='ltr'><strong>et</strong></span> <span class='ocrx_word' id='word_1_470' title='bbox 1157 671 1186 690; x_wconf 85' lang='lat' dir='ltr'><strong>os</strong></span> <span class='ocrx_word' id='word_1_471' title='bbox 1202 662 1290 690; x_wconf 84' lang='lat' dir='ltr'><strong>dolosi</strong></span> <span class='ocrx_word' id='word_1_472' title='bbox 1306 671 1383 696; x_wconf 86' lang='lat' dir='ltr'><strong>super</strong></span> <span class='ocrx_word' id='word_1_473' title='bbox 1397 670 1437 689; x_wconf 86' lang='lat' dir='ltr'><strong>me</strong></span> <span class='ocrx_word' id='word_1_474' title='bbox 1453 667 1571 696; x_wconf 77' lang='lat' dir='ltr'><strong>apertum</strong></span> <span class='ocrx_word' id='word_1_475' title='bbox 1583 666 1631 688; x_wconf 83' lang='lat' dir='ltr'><strong>est.</strong></span> <span class='ocrx_word' id='word_1_476' title='bbox 1648 660 1701 687; x_wconf 79' lang='lat' dir='ltr'><strong>Le-</strong></span> 
     </span>
    </p>
   </div>
   <div class='ocr_carea' id='block_1_64' title="bbox 911 706 1699 744">
    <p class='ocr_par' dir='ltr' id='par_1_64' title="bbox 911 706 1699 744">
     <span class='ocr_line' id='line_1_64' title="bbox 911 706 1699 744; baseline -0.004 -9"><span class='ocrx_word' id='word_1_477' title='bbox 911 709 965 735; x_wconf 74' lang='lat' dir='ltr'><strong>cuti</strong></span> <span class='ocrx_word' id='word_1_478' title='bbox 978 713 1038 735; x_wconf 83' lang='lat' dir='ltr'><strong>sunt</strong></span> <span class='ocrx_word' id='word_1_479' title='bbox 1055 708 1194 736; x_wconf 81' lang='lat' dir='ltr'><strong>adversum</strong></span> <span class='ocrx_word' id='word_1_480' title='bbox 1211 717 1251 736; x_wconf 70' lang='lat' dir='ltr'><strong>me</strong></span> <span class='ocrx_word' id='word_1_481' title='bbox 1269 708 1359 744; x_wconf 82' lang='lat' dir='ltr'><strong><em>lingua</em></strong></span> <span class='ocrx_word' id='word_1_482' title='bbox 1377 708 1481 740; x_wconf 78' lang='lat' dir='ltr'><strong>dolosa,</strong></span> <span class='ocrx_word' id='word_1_483' title='bbox 1495 712 1520 735; x_wconf 85' lang='lat' dir='ltr'><strong>et</strong></span> <span class='ocrx_word' id='word_1_484' title='bbox 1536 706 1699 734; x_wconf 72' lang='lat' dir='ltr'><strong>sermonibus</strong></span> 
     </span>
    </p>
   </div>
   <div class='ocr_carea' id='block_1_65' title="bbox 911 753 1697 789">
    <p class='ocr_par' dir='ltr' id='par_1_65' title="bbox 911 753 1697 789">
     <span class='ocr_line' id='line_1_65' title="bbox 911 753 1697 789; baseline -0.003 -9"><span class='ocrx_word' id='word_1_485' title='bbox 911 754 966 781; x_wconf 84' lang='lat' dir='ltr'><strong>odii</strong></span> <span class='ocrx_word' id='word_1_486' title='bbox 984 754 1211 781; x_wconf 78' lang='lat' dir='ltr'><strong>circumdederunt</strong></span> <span class='ocrx_word' id='word_1_487' title='bbox 1225 762 1275 786; x_wconf 77' lang='lat' dir='ltr'><strong>me.</strong></span> <span class='ocrx_word' id='word_1_488' title='bbox 1287 759 1312 781; x_wconf 86' lang='lat' dir='ltr'><strong>et</strong></span> <span class='ocrx_word' id='word_1_489' title='bbox 1324 757 1535 789; x_wconf 72' lang='lat' dir='ltr'><strong>oppugnaverunt</strong></span> <span class='ocrx_word' id='word_1_490' title='bbox 1550 761 1590 780; x_wconf 85' lang='lat' dir='ltr'><strong>me</strong></span> <span class='ocrx_word' id='word_1_491' title='bbox 1604 753 1697 787; x_wconf 82' lang='lat' dir='ltr'><strong>gratis.</strong></span> 
     </span>
    </p>
   </div>
   <div class='ocr_carea' id='block_1_66' title="bbox 912 798 1700 836">
    <p class='ocr_par' dir='ltr' id='par_1_66' title="bbox 912 798 1700 836">
     <span class='ocr_line' id='line_1_66' title="bbox 912 798 1700 836; baseline -0.003 -10"><span class='ocrx_word' id='word_1_492' title='bbox 912 799 940 827; x_wconf 94' lang='lat' dir='ltr'><strong>In</strong></span> <span class='ocrx_word' id='word_1_493' title='bbox 960 800 1011 828; x_wconf 91' lang='lat' dir='ltr'><strong>hoc</strong></span> <span class='ocrx_word' id='word_1_494' title='bbox 1025 800 1089 827; x_wconf 90' lang='lat' dir='ltr'><strong>item</strong></span> <span class='ocrx_word' id='word_1_495' title='bbox 1101 800 1135 828; x_wconf 90' lang='lat' dir='ltr'><strong>de</strong></span> <span class='ocrx_word' id='word_1_496' title='bbox 1149 808 1226 828; x_wconf 88' lang='lat' dir='ltr'><strong>more</strong></span> <span class='ocrx_word' id='word_1_497' title='bbox 1238 808 1288 836; x_wconf 89' lang='lat' dir='ltr'><strong>pro</strong></span> <span class='ocrx_word' id='word_1_498' title='bbox 1304 800 1360 832; x_wconf 90' lang='lat' dir='ltr'><strong>illo,</strong></span> <span class='ocrx_word' id='word_1_499' title='bbox 1376 800 1403 827; x_wconf 86' lang='lat' dir='ltr'><strong>in</strong></span> <span class='ocrx_word' id='word_1_500' title='bbox 1421 800 1511 834; x_wconf 86' lang='lat' dir='ltr'><strong>ﬁnem,</strong></span> <span class='ocrx_word' id='word_1_501' title='bbox 1528 798 1627 835; x_wconf 83' lang='lat' dir='ltr'><strong>Aquila</strong></span> <span class='ocrx_word' id='word_1_502' title='bbox 1639 819 1646 830; x_wconf 86' lang='grc'>,</span> <span class='ocrx_word' id='word_1_503' title='bbox 1660 799 1700 825; x_wconf 82' lang='grc' dir='ltr'><strong>υἰ-</strong></span> 
     </span>
    </p>
   </div>
   <div class='ocr_carea' id='block_1_67' title="bbox 912 843 1699 882">
    <p class='ocr_par' dir='ltr' id='par_1_67' title="bbox 912 843 1699 882">
     <span class='ocr_line' id='line_1_67' title="bbox 912 843 1699 882; baseline -0.004 -8"><span class='ocrx_word' id='word_1_504' title='bbox 912 848 1002 874; x_wconf 78' lang='lat' dir='ltr'><strong>ctoriw</strong></span> <span class='ocrx_word' id='word_1_505' title='bbox 1023 847 1135 877; x_wconf 64' lang='lat' dir='ltr'><strong>auctori.</strong></span> <span class='ocrx_word' id='word_1_506' title='bbox 1155 846 1336 882; x_wconf 84' lang='lat' dir='ltr'><strong>Symmachus</strong></span> <span class='ocrx_word' id='word_1_507' title='bbox 1350 854 1425 878; x_wconf 87' lang='lat' dir='ltr'><strong>vero,</strong></span> <span class='ocrx_word' id='word_1_508' title='bbox 1444 845 1611 882; x_wconf 78' lang='lat' dir='ltr'><strong>triumphale,</strong></span> <span class='ocrx_word' id='word_1_509' title='bbox 1638 843 1699 872; x_wconf 88' lang='lat' dir='ltr'><strong>edi-</strong></span> 
     </span>
    </p>
   </div>
   <div class='ocr_carea' id='block_1_68' title="bbox 912 891 1699 928">
    <p class='ocr_par' dir='ltr' id='par_1_68' title="bbox 912 891 1699 928">
     <span class='ocr_line' id='line_1_68' title="bbox 912 891 1699 928; baseline -0.004 -8"><span class='ocrx_word' id='word_1_510' title='bbox 912 892 962 920; x_wconf 83' lang='lat' dir='ltr'><strong>dit.</strong></span> <span class='ocrx_word' id='word_1_511' title='bbox 977 893 1079 928; x_wconf 88' lang='lat' dir='ltr'><strong>Spiritu</strong></span> <span class='ocrx_word' id='word_1_512' title='bbox 1109 898 1204 920; x_wconf 87' lang='lat' dir='ltr'><strong>sancto</strong></span> <span class='ocrx_word' id='word_1_513' title='bbox 1231 896 1338 920; x_wconf 90' lang='lat' dir='ltr'><strong>tantum</strong></span> <span class='ocrx_word' id='word_1_514' title='bbox 1367 900 1422 920; x_wconf 90' lang='lat' dir='ltr'><strong>non</strong></span> <span class='ocrx_word' id='word_1_515' title='bbox 1451 892 1568 920; x_wconf 78' lang='lat' dir='ltr'><strong>docente</strong></span> <span class='ocrx_word' id='word_1_516' title='bbox 1587 899 1650 924; x_wconf 87' lang='lat' dir='ltr'><strong>nos,</strong></span> <span class='ocrx_word' id='word_1_517' title='bbox 1671 891 1699 918; x_wconf 92' lang='lat' dir='ltr'><strong>in</strong></span> 
     </span>
    </p>
   </div>
   <div class='ocr_carea' id='block_1_69' title="bbox 911 936 1700 973">
    <p class='ocr_par' dir='ltr' id='par_1_69' title="bbox 911 936 1700 973">
     <span class='ocr_line' id='line_1_69' title="bbox 911 936 1700 973; baseline -0.001 -9"><span class='ocrx_word' id='word_1_518' title='bbox 911 937 1122 973; x_wconf 82' lang='lat' dir='ltr'><strong>triumphalibus</strong></span> <span class='ocrx_word' id='word_1_519' title='bbox 1135 937 1286 965; x_wconf 89' lang='lat' dir='ltr'><strong>Salvatoris</strong></span> <span class='ocrx_word' id='word_1_520' title='bbox 1303 937 1391 965; x_wconf 86' lang='lat' dir='ltr'><strong>nostri</strong></span> <span class='ocrx_word' id='word_1_521' title='bbox 1401 940 1429 965; x_wconf 88' lang='lat' dir='ltr'><strong>et</strong></span> <span class='ocrx_word' id='word_1_522' title='bbox 1437 936 1547 972; x_wconf 61' lang='lat' dir='ltr'><strong>tropaeis</strong></span> <span class='ocrx_word' id='word_1_523' title='bbox 1565 936 1599 964; x_wconf 87' lang='lat' dir='ltr'><strong>de</strong></span> <span class='ocrx_word' id='word_1_524' title='bbox 1614 939 1700 964; x_wconf 86' lang='lat' dir='ltr'><strong>morte</strong></span> 
     </span>
    </p>
   </div>
   <div class='ocr_carea' id='block_1_70' title="bbox 911 982 1699 1020">
    <p class='ocr_par' dir='ltr' id='par_1_70' title="bbox 911 982 1699 1020">
     <span class='ocr_line' id='line_1_70' title="bbox 911 982 1699 1020; baseline -0.003 -9"><span class='ocrx_word' id='word_1_525' title='bbox 911 984 1007 1020; x_wconf 87' lang='lat' dir='ltr'><strong>partis,</strong></span> <span class='ocrx_word' id='word_1_526' title='bbox 1032 985 1082 1012; x_wconf 88' lang='lat' dir='ltr'><strong>has</strong></span> <span class='ocrx_word' id='word_1_527' title='bbox 1107 991 1188 1012; x_wconf 82' lang='lat' dir='ltr'><strong>voces</strong></span> <span class='ocrx_word' id='word_1_528' title='bbox 1214 983 1337 1019; x_wconf 78' lang='lat' dir='ltr'><strong>proferre</strong></span> <span class='ocrx_word' id='word_1_529' title='bbox 1356 983 1466 1016; x_wconf 86' lang='lat' dir='ltr'><strong>debere.</strong></span> <span class='ocrx_word' id='word_1_530' title='bbox 1482 983 1511 1011; x_wconf 87' lang='lat' dir='ltr'><strong>in</strong></span> <span class='ocrx_word' id='word_1_531' title='bbox 1531 983 1633 1019; x_wconf 86' lang='lat' dir='ltr'><strong>quibus</strong></span> <span class='ocrx_word' id='word_1_532' title='bbox 1650 982 1699 1009; x_wconf 89' lang='lat' dir='ltr'><strong>hu-</strong></span> 
     </span>
    </p>
   </div>
   <div class='ocr_carea' id='block_1_71' title="bbox 911 1029 1699 1066">
    <p class='ocr_par' dir='ltr' id='par_1_71' title="bbox 911 1029 1699 1066">
     <span class='ocr_line' id='line_1_71' title="bbox 911 1029 1699 1066; baseline -0.005 -7"><span class='ocrx_word' id='word_1_533' title='bbox 911 1039 991 1059; x_wconf 87' lang='lat' dir='ltr'><strong>mana</strong></span> <span class='ocrx_word' id='word_1_534' title='bbox 1007 1031 1067 1066; x_wconf 77' lang='lat' dir='ltr'><strong>ejus</strong></span> <span class='ocrx_word' id='word_1_535' title='bbox 1078 1031 1133 1058; x_wconf 86' lang='lat' dir='ltr'><strong>vita</strong></span> <span class='ocrx_word' id='word_1_536' title='bbox 1145 1035 1172 1059; x_wconf 87' lang='lat' dir='ltr'><strong>et</strong></span> <span class='ocrx_word' id='word_1_537' title='bbox 1187 1031 1334 1058; x_wconf 83' lang='lat' dir='ltr'><strong>tolerantia</strong></span> <span class='ocrx_word' id='word_1_538' title='bbox 1346 1031 1518 1059; x_wconf 88' lang='lat' dir='ltr'><strong>cruciatuum</strong></span> <span class='ocrx_word' id='word_1_539' title='bbox 1531 1029 1699 1058; x_wconf 76' lang='lat' dir='ltr'><strong>declaratur.</strong></span> 
     </span>
    </p>
   </div>
   <div class='ocr_carea' id='block_1_72' title="bbox 910 1072 1700 1109">
    <p class='ocr_par' dir='ltr' id='par_1_72' title="bbox 910 1072 1700 1109">
     <span class='ocr_line' id='line_1_72' title="bbox 910 1072 1700 1109; baseline -0.005 -7"><span class='ocrx_word' id='word_1_540' title='bbox 910 1075 992 1109; x_wconf 81' lang='lat' dir='ltr'><strong>Deus,</strong></span> <span class='ocrx_word' id='word_1_541' title='bbox 1005 1075 1112 1102; x_wconf 85' lang='lat' dir='ltr'><strong>laudem</strong></span> <span class='ocrx_word' id='word_1_542' title='bbox 1134 1083 1220 1102; x_wconf 88' lang='lat' dir='ltr'><strong>meam</strong></span> <span class='ocrx_word' id='word_1_543' title='bbox 1235 1083 1266 1101; x_wconf 83' lang='lat' dir='ltr'><strong>ne</strong></span> <span class='ocrx_word' id='word_1_544' title='bbox 1289 1076 1403 1102; x_wconf 74' lang='lat' dir='ltr'><strong>tacueris</strong></span> <span class='ocrx_word' id='word_1_545' title='bbox 1415 1096 1422 1107; x_wconf 78' lang='lat'><strong>.</strong></span> <span class='ocrx_word' id='word_1_546' title='bbox 1440 1074 1503 1109; x_wconf 86' lang='lat' dir='ltr'><strong>quia</strong></span> <span class='ocrx_word' id='word_1_547' title='bbox 1514 1082 1543 1100; x_wconf 88' lang='lat' dir='ltr'><strong>os</strong></span> <span class='ocrx_word' id='word_1_548' title='bbox 1555 1072 1700 1108; x_wconf 74' lang='lat' dir='ltr'><strong>peccatoris</strong></span> 
     </span>
    </p>
   </div>
   <div class='ocr_carea' id='block_1_73' title="bbox 910 1117 1699 1156">
    <p class='ocr_par' dir='ltr' id='par_1_73' title="bbox 910 1117 1699 1156">
     <span class='ocr_line' id='line_1_73' title="bbox 910 1117 1699 1156; baseline -0.005 -8"><span class='ocrx_word' id='word_1_549' title='bbox 910 1126 935 1149; x_wconf 87' lang='lat' dir='ltr'><strong>et</strong></span> <span class='ocrx_word' id='word_1_550' title='bbox 950 1129 979 1148; x_wconf 87' lang='lat' dir='ltr'><strong>os</strong></span> <span class='ocrx_word' id='word_1_551' title='bbox 995 1120 1082 1148; x_wconf 86' lang='lat' dir='ltr'><strong>dolosi</strong></span> <span class='ocrx_word' id='word_1_552' title='bbox 1094 1129 1172 1154; x_wconf 88' lang='lat' dir='ltr'><strong>super</strong></span> <span class='ocrx_word' id='word_1_553' title='bbox 1188 1129 1228 1148; x_wconf 85' lang='lat' dir='ltr'><strong>me</strong></span> <span class='ocrx_word' id='word_1_554' title='bbox 1244 1125 1364 1156; x_wconf 87' lang='lat' dir='ltr'><strong>apertum</strong></span> <span class='ocrx_word' id='word_1_555' title='bbox 1387 1125 1437 1148; x_wconf 80' lang='lat' dir='ltr'><strong>est.</strong></span> <span class='ocrx_word' id='word_1_556' title='bbox 1463 1119 1557 1147; x_wconf 79' lang='lat' dir='ltr'><strong>Loculi</strong></span> <span class='ocrx_word' id='word_1_557' title='bbox 1580 1123 1641 1146; x_wconf 86' lang='lat' dir='ltr'><strong>sunt</strong></span> <span class='ocrx_word' id='word_1_558' title='bbox 1653 1117 1699 1144; x_wconf 82' lang='lat' dir='ltr'><strong>ad-</strong></span> 
     </span>
    </p>
   </div>
   <div class='ocr_carea' id='block_1_74' title="bbox 910 1165 1700 1202">
    <p class='ocr_par' dir='ltr' id='par_1_74' title="bbox 910 1165 1700 1202">
     <span class='ocr_line' id='line_1_74' title="bbox 910 1165 1700 1202; baseline -0.005 -8"><span class='ocrx_word' id='word_1_559' title='bbox 910 1175 1012 1195; x_wconf 78' lang='lat' dir='ltr'><strong>uersum</strong></span> <span class='ocrx_word' id='word_1_560' title='bbox 1023 1174 1064 1194; x_wconf 85' lang='lat' dir='ltr'><strong>me</strong></span> <span class='ocrx_word' id='word_1_561' title='bbox 1080 1166 1171 1202; x_wconf 80' lang='lat' dir='ltr'><strong>lingua</strong></span> <span class='ocrx_word' id='word_1_562' title='bbox 1184 1166 1289 1199; x_wconf 86' lang='lat' dir='ltr'><strong>dolosa,</strong></span> <span class='ocrx_word' id='word_1_563' title='bbox 1303 1172 1328 1194; x_wconf 88' lang='lat' dir='ltr'><strong>et</strong></span> <span class='ocrx_word' id='word_1_564' title='bbox 1340 1166 1505 1194; x_wconf 77' lang='lat' dir='ltr'><strong>sermonibus</strong></span> <span class='ocrx_word' id='word_1_565' title='bbox 1515 1165 1570 1192; x_wconf 83' lang='lat' dir='ltr'><strong>odii</strong></span> <span class='ocrx_word' id='word_1_566' title='bbox 1585 1165 1700 1191; x_wconf 83' lang='lat' dir='ltr'><strong>circum-</strong></span> 
     </span>
    </p>
   </div>
   <div class='ocr_carea' id='block_1_75' title="bbox 910 1209 1704 1248">
    <p class='ocr_par' dir='ltr' id='par_1_75' title="bbox 910 1209 1704 1248">
     <span class='ocr_line' id='line_1_75' title="bbox 910 1209 1704 1248; baseline -0.006 -7"><span class='ocrx_word' id='word_1_567' title='bbox 910 1213 1038 1241; x_wconf 80' lang='lat' dir='ltr'><strong>dederunt</strong></span> <span class='ocrx_word' id='word_1_568' title='bbox 1060 1221 1110 1245; x_wconf 91' lang='lat' dir='ltr'><strong>me,</strong></span> <span class='ocrx_word' id='word_1_569' title='bbox 1126 1218 1151 1240; x_wconf 84' lang='lat' dir='ltr'><strong>et</strong></span> <span class='ocrx_word' id='word_1_570' title='bbox 1177 1216 1389 1248; x_wconf 77' lang='lat' dir='ltr'><strong>oppugnaverunt</strong></span> <span class='ocrx_word' id='word_1_571' title='bbox 1406 1220 1447 1239; x_wconf 88' lang='lat' dir='ltr'><strong>me</strong></span> <span class='ocrx_word' id='word_1_572' title='bbox 1461 1211 1555 1247; x_wconf 81' lang='lat' dir='ltr'><strong>gratis.</strong></span> <span class='ocrx_word' id='word_1_573' title='bbox 1576 1209 1704 1236; x_wconf 67' lang='lat' dir='ltr'><strong>Praesens,</strong></span> 
     </span>
    </p>
   </div>
   <div class='ocr_carea' id='block_1_76' title="bbox 910 1255 1700 1296">
    <p class='ocr_par' dir='ltr' id='par_1_76' title="bbox 910 1255 1700 1296">
     <span class='ocr_line' id='line_1_76' title="bbox 910 1255 1700 1296; baseline -0.009 -8"><span class='ocrx_word' id='word_1_574' title='bbox 910 1260 1011 1296; x_wconf 86' lang='lat' dir='ltr'><strong>quippe</strong></span> <span class='ocrx_word' id='word_1_575' title='bbox 1025 1260 1150 1296; x_wconf 81' lang='lat' dir='ltr'><strong>psalmus</strong></span> <span class='ocrx_word' id='word_1_576' title='bbox 1159 1258 1277 1286; x_wconf 81' lang='lat' dir='ltr'><strong>refertur</strong></span> <span class='ocrx_word' id='word_1_577' title='bbox 1288 1258 1321 1285; x_wconf 88' lang='lat' dir='ltr'><strong>ad</strong></span> <span class='ocrx_word' id='word_1_578' title='bbox 1332 1265 1477 1293; x_wconf 85' lang='lat' dir='ltr'><strong>personam</strong></span> <span class='ocrx_word' id='word_1_579' title='bbox 1487 1255 1700 1290; x_wconf 67' lang='lat' dir='ltr'><strong>Cbristi,utpote</strong></span> 
     </span>
    </p>
   </div>
   <div class='ocr_carea' id='block_1_77' title="bbox 910 1300 1700 1342">
    <p class='ocr_par' dir='ltr' id='par_1_77' title="bbox 910 1300 1700 1342">
     <span class='ocr_line' id='line_1_77' title="bbox 910 1300 1700 1342; baseline -0.01 -8"><span class='ocrx_word' id='word_1_580' title='bbox 910 1307 957 1342; x_wconf 90' lang='lat' dir='ltr'><strong>qui</strong></span> <span class='ocrx_word' id='word_1_581' title='bbox 985 1306 1129 1342; x_wconf 84' lang='lat' dir='ltr'><strong>passiones</strong></span> <span class='ocrx_word' id='word_1_582' title='bbox 1153 1304 1214 1339; x_wconf 86' lang='lat' dir='ltr'><strong>ejus</strong></span> <span class='ocrx_word' id='word_1_583' title='bbox 1243 1304 1452 1339; x_wconf 83' lang='lat' dir='ltr'><strong>complectatur,</strong></span> <span class='ocrx_word' id='word_1_584' title='bbox 1480 1305 1510 1329; x_wconf 90' lang='lat' dir='ltr'><strong>ut</strong></span> <span class='ocrx_word' id='word_1_585' title='bbox 1538 1300 1700 1329; x_wconf 81' lang='lat' dir='ltr'><strong>testiﬁcatur</strong></span> 
     </span>
    </p>
   </div>
   <div class='ocr_carea' id='block_1_78' title="bbox 909 1349 1700 1387">
    <p class='ocr_par' dir='ltr' id='par_1_78' title="bbox 909 1349 1700 1387">
     <span class='ocr_line' id='line_1_78' title="bbox 909 1349 1700 1387; baseline -0.01 -7"><span class='ocrx_word' id='word_1_586' title='bbox 909 1352 1026 1380; x_wconf 85' lang='lat' dir='ltr'><strong>Actuum</strong></span> <span class='ocrx_word' id='word_1_587' title='bbox 1036 1351 1224 1387; x_wconf 84' lang='lat' dir='ltr'><strong>apostolorum</strong></span> <span class='ocrx_word' id='word_1_588' title='bbox 1233 1350 1385 1385; x_wconf 85' lang='lat' dir='ltr'><strong>Scriptura,</strong></span> <span class='ocrx_word' id='word_1_589' title='bbox 1396 1349 1442 1376; x_wconf 90' lang='lat' dir='ltr'><strong>ubi</strong></span> <span class='ocrx_word' id='word_1_590' title='bbox 1455 1349 1551 1376; x_wconf 81' lang='lat' dir='ltr'><strong>Petrus</strong></span> <span class='ocrx_word' id='word_1_591' title='bbox 1563 1354 1625 1374; x_wconf 90' lang='lat' dir='ltr'><strong>cum</strong></span> <span class='ocrx_word' id='word_1_592' title='bbox 1640 1354 1700 1381; x_wconf 83' lang='lat' dir='ltr'><strong>pro-</strong></span> 
     </span>
    </p>
   </div>
   <div class='ocr_carea' id='block_1_79' title="bbox 910 1392 1700 1433">
    <p class='ocr_par' dir='ltr' id='par_1_79' title="bbox 910 1392 1700 1433">
     <span class='ocr_line' id='line_1_79' title="bbox 910 1392 1700 1433; baseline -0.011 -7"><span class='ocrx_word' id='word_1_593' title='bbox 910 1397 1090 1426; x_wconf 63' lang='lat' dir='ltr'><strong>ditorisJutlm</strong></span> <span class='ocrx_word' id='word_1_594' title='bbox 1098 1398 1204 1433; x_wconf 89' lang='lat' dir='ltr'><strong>lapsum</strong></span> <span class='ocrx_word' id='word_1_595' title='bbox 1215 1398 1405 1428; x_wconf 78' lang='lat' dir='ltr'><strong>memorasset,</strong></span> <span class='ocrx_word' id='word_1_596' title='bbox 1419 1402 1451 1421; x_wconf 93' lang='lat' dir='ltr'><strong>ac</strong></span> <span class='ocrx_word' id='word_1_597' title='bbox 1459 1393 1610 1421; x_wconf 91' lang='lat' dir='ltr'><strong>monuisset</strong></span> <span class='ocrx_word' id='word_1_598' title='bbox 1618 1392 1700 1419; x_wconf 87' lang='lat' dir='ltr'><strong>alium</strong></span> 
     </span>
    </p>
   </div>
   <div class='ocr_carea' id='block_1_80' title="bbox 911 1437 1700 1479">
    <p class='ocr_par' dir='ltr' id='par_1_80' title="bbox 911 1437 1700 1479">
     <span class='ocr_line' id='line_1_80' title="bbox 911 1437 1700 1479; baseline -0.01 -7"><span class='ocrx_word' id='word_1_599' title='bbox 911 1444 945 1472; x_wconf 86' lang='lat' dir='ltr'><strong>ad</strong></span> <span class='ocrx_word' id='word_1_600' title='bbox 968 1443 1111 1472; x_wconf 86' lang='lat' dir='ltr'><strong>duodecim</strong></span> <span class='ocrx_word' id='word_1_601' title='bbox 1141 1443 1326 1479; x_wconf 85' lang='lat' dir='ltr'><strong>apostolorum</strong></span> <span class='ocrx_word' id='word_1_602' title='bbox 1350 1448 1494 1469; x_wconf 86' lang='lat' dir='ltr'><strong>numerum</strong></span> <span class='ocrx_word' id='word_1_603' title='bbox 1509 1437 1700 1475; x_wconf 77' lang='lat' dir='ltr'><strong>complendum</strong></span> 
     </span>
    </p>
   </div>
   <div class='ocr_carea' id='block_1_81' title="bbox 910 1486 1700 1527">
    <p class='ocr_par' dir='ltr' id='par_1_81' title="bbox 910 1486 1700 1527">
     <span class='ocr_line' id='line_1_81' title="bbox 910 1486 1700 1527; baseline -0.008 -9"><span class='ocrx_word' id='word_1_604' title='bbox 910 1491 1051 1527; x_wconf 64' lang='grc' dir='ltr'><strong>δεδι-οεοτί</strong></span> <span class='ocrx_word' id='word_1_605' title='bbox 1062 1494 1200 1526; x_wconf 83' lang='lat' dir='ltr'><strong>oportere.</strong></span> <span class='ocrx_word' id='word_1_606' title='bbox 1217 1489 1375 1518; x_wconf 91' lang='lat' dir='ltr'><strong>testimonio</strong></span> <span class='ocrx_word' id='word_1_607' title='bbox 1390 1496 1459 1519; x_wconf 83' lang='lat' dir='ltr'><strong>usus</strong></span> <span class='ocrx_word' id='word_1_608' title='bbox 1474 1486 1700 1523; x_wconf 82' lang='lat' dir='ltr'><strong>estprophetico,</strong></span> 
     </span>
    </p>
   </div>
   <div class='ocr_carea' id='block_1_82' title="bbox 911 1532 1700 1573">
    <p class='ocr_par' dir='ltr' id='par_1_82' title="bbox 911 1532 1700 1573">
     <span class='ocr_line' id='line_1_82' title="bbox 911 1532 1700 1573; baseline -0.008 -8"><span class='ocrx_word' id='word_1_609' title='bbox 911 1541 942 1564; x_wconf 85' lang='lat' dir='ltr'><strong>ut</strong></span> <span class='ocrx_word' id='word_1_610' title='bbox 961 1537 989 1565; x_wconf 90' lang='lat' dir='ltr'><strong>in</strong></span> <span class='ocrx_word' id='word_1_611' title='bbox 1007 1537 1135 1573; x_wconf 65' lang='lat' dir='ltr'><strong>praesenti</strong></span> <span class='ocrx_word' id='word_1_612' title='bbox 1155 1536 1262 1572; x_wconf 86' lang='lat' dir='ltr'><strong>psalmo</strong></span> <span class='ocrx_word' id='word_1_613' title='bbox 1274 1536 1409 1566; x_wconf 81' lang='lat' dir='ltr'><strong>habetur:</strong></span> <span class='ocrx_word' id='word_1_614' title='bbox 1426 1534 1490 1563; x_wconf 84' lang='lat' dir='ltr'><strong>Fiat</strong></span> <span class='ocrx_word' id='word_1_615' title='bbox 1503 1533 1632 1561; x_wconf 79' lang='lat' dir='ltr'><strong>habitatio</strong></span> <span class='ocrx_word' id='word_1_616' title='bbox 1643 1532 1700 1567; x_wconf 81' lang='lat' dir='ltr'><strong>ejus</strong></span> 
     </span>
    </p>
   </div>
   <div class='ocr_carea' id='block_1_83' title="bbox 910 1579 1699 1618">
    <p class='ocr_par' dir='ltr' id='par_1_83' title="bbox 910 1579 1699 1618">
     <span class='ocr_line' id='line_1_83' title="bbox 910 1579 1699 1618; baseline -0.01 -6"><span class='ocrx_word' id='word_1_617' title='bbox 910 1584 1027 1616; x_wconf 79' lang='lat' dir='ltr'><strong>deserta,</strong></span> <span class='ocrx_word' id='word_1_618' title='bbox 1046 1588 1071 1611; x_wconf 87' lang='lat' dir='ltr'><strong>et</strong></span> <span class='ocrx_word' id='word_1_619' title='bbox 1087 1592 1139 1611; x_wconf 88' lang='lat' dir='ltr'><strong>non</strong></span> <span class='ocrx_word' id='word_1_620' title='bbox 1152 1584 1187 1611; x_wconf 86' lang='lat' dir='ltr'><strong>sit</strong></span> <span class='ocrx_word' id='word_1_621' title='bbox 1206 1583 1252 1618; x_wconf 87' lang='lat' dir='ltr'><strong>qui</strong></span> <span class='ocrx_word' id='word_1_622' title='bbox 1273 1581 1400 1609; x_wconf 83' lang='lat' dir='ltr'><strong>inhabitet</strong></span> <span class='ocrx_word' id='word_1_623' title='bbox 1421 1581 1448 1608; x_wconf 89' lang='lat' dir='ltr'><strong>in</strong></span> <span class='ocrx_word' id='word_1_624' title='bbox 1463 1589 1506 1612; x_wconf 83' lang='lat' dir='ltr'><strong>ea,</strong></span> <span class='ocrx_word' id='word_1_625' title='bbox 1526 1584 1550 1607; x_wconf 83' lang='lat' dir='ltr'><strong>et</strong></span> <span class='ocrx_word' id='word_1_626' title='bbox 1567 1579 1699 1614; x_wconf 78' lang='lat' dir='ltr'><strong>episcopa-</strong></span> 
     </span>
    </p>
   </div>
   <div class='ocr_carea' id='block_1_84' title="bbox 913 1622 1699 1665">
    <p class='ocr_par' dir='ltr' id='par_1_84' title="bbox 913 1622 1699 1665">
     <span class='ocr_line' id='line_1_84' title="bbox 913 1622 1699 1665; baseline -0.01 -7"><span class='ocrx_word' id='word_1_627' title='bbox 913 1636 969 1657; x_wconf 89' lang='lat' dir='ltr'><strong>tum</strong></span> <span class='ocrx_word' id='word_1_628' title='bbox 990 1630 1047 1663; x_wconf 83' lang='lat' dir='ltr'><strong>eius</strong></span> <span class='ocrx_word' id='word_1_629' title='bbox 1075 1630 1190 1665; x_wconf 85' lang='lat' dir='ltr'><strong>accipiat</strong></span> <span class='ocrx_word' id='word_1_630' title='bbox 1211 1628 1328 1661; x_wconf 79' lang='lat' dir='ltr'><strong>alter&quot;;</strong></span> <span class='ocrx_word' id='word_1_631' title='bbox 1343 1628 1381 1654; x_wconf 90' lang='lat' dir='ltr'><strong>ita</strong></span> <span class='ocrx_word' id='word_1_632' title='bbox 1404 1631 1434 1654; x_wconf 91' lang='lat' dir='ltr'><strong>ut</strong></span> <span class='ocrx_word' id='word_1_633' title='bbox 1455 1625 1606 1654; x_wconf 85' lang='lat' dir='ltr'><strong>secundum</strong></span> <span class='ocrx_word' id='word_1_634' title='bbox 1628 1622 1699 1651; x_wconf 80' lang='lat' dir='ltr'><strong>Petri</strong></span> 
     </span>
    </p>
   </div>
   <div class='ocr_carea' id='block_1_85' title="bbox 911 1671 1695 1708">
    <p class='ocr_par' dir='ltr' id='par_1_85' title="bbox 911 1671 1695 1708">
     <span class='ocr_line' id='line_1_85' title="bbox 911 1671 1695 1708; baseline -0.009 -5"><span class='ocrx_word' id='word_1_635' title='bbox 911 1676 1064 1705; x_wconf 84' lang='lat' dir='ltr'><strong>doctrinam</strong></span> <span class='ocrx_word' id='word_1_636' title='bbox 1080 1675 1139 1703; x_wconf 66' lang='lat' dir='ltr'><strong>haec</strong></span> <span class='ocrx_word' id='word_1_637' title='bbox 1154 1682 1206 1702; x_wconf 82' lang='lat' dir='ltr'><strong>vox</strong></span> <span class='ocrx_word' id='word_1_638' title='bbox 1221 1674 1255 1702; x_wconf 86' lang='lat' dir='ltr'><strong>de</strong></span> <span class='ocrx_word' id='word_1_639' title='bbox 1269 1672 1339 1701; x_wconf 72' lang='lat' dir='ltr'><strong>Iuda</strong></span> <span class='ocrx_word' id='word_1_640' title='bbox 1351 1672 1456 1708; x_wconf 87' lang='lat' dir='ltr'><strong>prolata</strong></span> <span class='ocrx_word' id='word_1_641' title='bbox 1469 1671 1515 1703; x_wconf 85' lang='lat' dir='ltr'><strong>sit.</strong></span> <span class='ocrx_word' id='word_1_642' title='bbox 1530 1675 1560 1698; x_wconf 91' lang='lat' dir='ltr'><strong>ut</strong></span> <span class='ocrx_word' id='word_1_643' title='bbox 1574 1674 1601 1698; x_wconf 87' lang='lat' dir='ltr'><strong>et</strong></span> <span class='ocrx_word' id='word_1_644' title='bbox 1621 1673 1695 1697; x_wconf 39' lang='lat' dir='ltr'><strong>czetc.</strong></span> 
     </span>
    </p>
   </div>
   <div class='ocr_carea' id='block_1_86' title="bbox 912 1715 1699 1758">
    <p class='ocr_par' dir='ltr' id='par_1_86' title="bbox 912 1715 1699 1758">
     <span class='ocr_line' id='line_1_86' title="bbox 912 1715 1699 1758; baseline -0.011 -7"><span class='ocrx_word' id='word_1_645' title='bbox 912 1731 949 1751; x_wconf 73' lang='lat' dir='ltr'><strong>rae</strong></span> <span class='ocrx_word' id='word_1_646' title='bbox 960 1723 987 1750; x_wconf 93' lang='lat' dir='ltr'><strong>in</strong></span> <span class='ocrx_word' id='word_1_647' title='bbox 1001 1723 1054 1750; x_wconf 89' lang='lat' dir='ltr'><strong>hoc</strong></span> <span class='ocrx_word' id='word_1_648' title='bbox 1068 1722 1173 1758; x_wconf 87' lang='lat' dir='ltr'><strong>psalmo</strong></span> <span class='ocrx_word' id='word_1_649' title='bbox 1188 1728 1335 1756; x_wconf 61' lang='lat' dir='ltr'><strong>expressa}.</strong></span> <span class='ocrx_word' id='word_1_650' title='bbox 1349 1719 1475 1747; x_wconf 81' lang='lat' dir='ltr'><strong>Salvator</strong></span> <span class='ocrx_word' id='word_1_651' title='bbox 1487 1718 1570 1753; x_wconf 76' lang='lat' dir='ltr'><strong>igitur</strong></span> <span class='ocrx_word' id='word_1_652' title='bbox 1585 1716 1620 1744; x_wconf 88' lang='lat' dir='ltr'><strong>ab</strong></span> <span class='ocrx_word' id='word_1_653' title='bbox 1635 1715 1699 1742; x_wconf 90' lang='lat' dir='ltr'><strong>alla-</strong></span> 
     </span>
    </p>
   </div>
   <div class='ocr_carea' id='block_1_87' title="bbox 898 1761 1700 1799">
    <p class='ocr_par' dir='ltr' id='par_1_87' title="bbox 898 1761 1700 1799">
     <span class='ocr_line' id='line_1_87' title="bbox 898 1761 1700 1799; baseline -0.01 -2"><span class='ocrx_word' id='word_1_654' title='bbox 898 1767 900 1769; x_wconf 69' lang='grc'><em>’</em></span> <span class='ocrx_word' id='word_1_655' title='bbox 911 1769 948 1797; x_wconf 86' lang='lat' dir='ltr'><strong>tis</strong></span> <span class='ocrx_word' id='word_1_656' title='bbox 958 1768 1074 1796; x_wconf 86' lang='lat' dir='ltr'><strong>vocibus</strong></span> <span class='ocrx_word' id='word_1_657' title='bbox 1081 1767 1205 1795; x_wconf 78' lang='lat' dir='ltr'><strong>humano</strong></span> <span class='ocrx_word' id='word_1_658' title='bbox 1215 1773 1291 1794; x_wconf 89' lang='lat' dir='ltr'><strong>more</strong></span> <span class='ocrx_word' id='word_1_659' title='bbox 1302 1773 1394 1797; x_wconf 81' lang='lat' dir='ltr'><strong>orsus,</strong></span> <span class='ocrx_word' id='word_1_660' title='bbox 1404 1767 1499 1799; x_wconf 85' lang='lat' dir='ltr'><strong>utpote</strong></span> <span class='ocrx_word' id='word_1_661' title='bbox 1507 1763 1590 1790; x_wconf 92' lang='lat' dir='ltr'><strong>homo</strong></span> <span class='ocrx_word' id='word_1_662' title='bbox 1601 1761 1700 1792; x_wconf 84' lang='lat' dir='ltr'><strong>lactus.</strong></span> 
     </span>
    </p>
   </div>
   <div class='ocr_carea' id='block_1_88' title="bbox 912 1809 1701 1844">
    <p class='ocr_par' dir='ltr' id='par_1_88' title="bbox 912 1809 1701 1844">
     <span class='ocr_line' id='line_1_88' title="bbox 912 1809 1701 1844; baseline -0.008 -2"><span class='ocrx_word' id='word_1_663' title='bbox 912 1822 1027 1842; x_wconf 85' lang='lat' dir='ltr'><strong>manens</strong></span> <span class='ocrx_word' id='word_1_664' title='bbox 1051 1818 1143 1841; x_wconf 89' lang='lat' dir='ltr'><strong>tamen</strong></span> <span class='ocrx_word' id='word_1_665' title='bbox 1161 1812 1234 1840; x_wconf 85' lang='lat' dir='ltr'><strong>Deus</strong></span> <span class='ocrx_word' id='word_1_666' title='bbox 1250 1815 1284 1841; x_wconf 86' lang='lat' dir='ltr'><strong>ut.</strong></span> <span class='ocrx_word' id='word_1_667' title='bbox 1301 1815 1371 1844; x_wconf 85' lang='lat' dir='ltr'><strong>erat,</strong></span> <span class='ocrx_word' id='word_1_668' title='bbox 1391 1809 1498 1838; x_wconf 84' lang='lat' dir='ltr'><strong>Patrem</strong></span> <span class='ocrx_word' id='word_1_669' title='bbox 1513 1809 1639 1837; x_wconf 86' lang='lat' dir='ltr'><strong>obsecrat</strong></span> <span class='ocrx_word' id='word_1_670' title='bbox 1667 1814 1701 1836; x_wconf 77' lang='lat' dir='ltr'><strong>ne</strong></span> 
     </span>
    </p>
   </div>
   <div class='ocr_carea' id='block_1_89' title="bbox 912 1855 1701 1890">
    <p class='ocr_par' dir='ltr' id='par_1_89' title="bbox 912 1855 1701 1890">
     <span class='ocr_line' id='line_1_89' title="bbox 912 1855 1701 1890; baseline -0.011 -2"><span class='ocrx_word' id='word_1_671' title='bbox 912 1860 1089 1889; x_wconf 84' lang='lat' dir='ltr'><strong>insidiatores</strong></span> <span class='ocrx_word' id='word_1_672' title='bbox 1105 1859 1222 1887; x_wconf 89' lang='lat' dir='ltr'><strong>consilio</strong></span> <span class='ocrx_word' id='word_1_673' title='bbox 1237 1866 1288 1886; x_wconf 85' lang='lat' dir='ltr'><strong>suo</strong></span> <span class='ocrx_word' id='word_1_674' title='bbox 1301 1857 1437 1890; x_wconf 81' lang='lat' dir='ltr'><strong>ofﬁciant;</strong></span> <span class='ocrx_word' id='word_1_675' title='bbox 1451 1855 1598 1883; x_wconf 82' lang='lat' dir='ltr'><strong>consilium</strong></span> <span class='ocrx_word' id='word_1_676' title='bbox 1609 1859 1701 1880; x_wconf 83' lang='lat' dir='ltr'><strong>autem</strong></span> 
     </span>
    </p>
   </div>
   <div class='ocr_carea' id='block_1_90' title="bbox 911 1900 1699 1942">
    <p class='ocr_par' dir='ltr' id='par_1_90' title="bbox 911 1900 1699 1942">
     <span class='ocr_line' id='line_1_90' title="bbox 911 1900 1699 1942; baseline -0.01 -8"><span class='ocrx_word' id='word_1_677' title='bbox 911 1906 972 1942; x_wconf 85' lang='lat' dir='ltr'><strong>ejus</strong></span> <span class='ocrx_word' id='word_1_678' title='bbox 999 1910 1087 1933; x_wconf 89' lang='lat' dir='ltr'><strong>totum</strong></span> <span class='ocrx_word' id='word_1_679' title='bbox 1112 1909 1185 1938; x_wconf 86' lang='lat' dir='ltr'><strong>erat,</strong></span> <span class='ocrx_word' id='word_1_680' title='bbox 1211 1908 1241 1932; x_wconf 91' lang='lat' dir='ltr'><strong>ut</strong></span> <span class='ocrx_word' id='word_1_681' title='bbox 1269 1912 1304 1933; x_wconf 81' lang='lat' dir='ltr'><strong>ex</strong></span> <span class='ocrx_word' id='word_1_682' title='bbox 1333 1903 1493 1931; x_wconf 86' lang='lat' dir='ltr'><strong>hominibus</strong></span> <span class='ocrx_word' id='word_1_683' title='bbox 1516 1900 1699 1928; x_wconf 84' lang='lat' dir='ltr'><strong>idololatriam</strong></span> 
     </span>
    </p>
   </div>
   <div class='ocr_carea' id='block_1_91' title="bbox 911 1947 1700 1986">
    <p class='ocr_par' dir='ltr' id='par_1_91' title="bbox 911 1947 1700 1986">
     <span class='ocr_line' id='line_1_91' title="bbox 911 1947 1700 1986; baseline -0.009 -6"><span class='ocrx_word' id='word_1_684' title='bbox 911 1960 1019 1980; x_wconf 89' lang='lat' dir='ltr'><strong>omnem</strong></span> <span class='ocrx_word' id='word_1_685' title='bbox 1044 1951 1242 1986; x_wconf 79' lang='lat' dir='ltr'><strong>exstingueret,</strong></span> <span class='ocrx_word' id='word_1_686' title='bbox 1254 1949 1331 1977; x_wconf 88' lang='lat' dir='ltr'><strong>Patri</strong></span> <span class='ocrx_word' id='word_1_687' title='bbox 1356 1957 1422 1977; x_wconf 84' lang='lat' dir='ltr'><strong>vero</strong></span> <span class='ocrx_word' id='word_1_688' title='bbox 1449 1948 1556 1976; x_wconf 87' lang='lat' dir='ltr'><strong>laudem</strong></span> <span class='ocrx_word' id='word_1_689' title='bbox 1578 1947 1606 1974; x_wconf 88' lang='lat' dir='ltr'><strong>in</strong></span> <span class='ocrx_word' id='word_1_690' title='bbox 1627 1950 1700 1974; x_wconf 86' lang='lat' dir='ltr'><strong>terra</strong></span> 
     </span>
    </p>
   </div>
   <div class='ocr_carea' id='block_1_92' title="bbox 911 1992 1703 2032">
    <p class='ocr_par' dir='ltr' id='par_1_92' title="bbox 911 1992 1703 2032">
     <span class='ocr_line' id='line_1_92' title="bbox 911 1992 1703 2032; baseline -0.009 -7"><span class='ocrx_word' id='word_1_691' title='bbox 911 1997 1091 2025; x_wconf 87' lang='lat' dir='ltr'><strong>constitueret</strong></span> <span class='ocrx_word' id='word_1_692' title='bbox 1112 2007 1120 2024; x_wconf 91' lang='lat'><strong><em>:</em></strong></span> <span class='ocrx_word' id='word_1_693' title='bbox 1137 1996 1212 2032; x_wconf 94' lang='lat' dir='ltr'><strong>quod</strong></span> <span class='ocrx_word' id='word_1_694' title='bbox 1240 1997 1304 2025; x_wconf 89' lang='lat' dir='ltr'><strong>item</strong></span> <span class='ocrx_word' id='word_1_695' title='bbox 1330 1996 1394 2024; x_wconf 78' lang='lat' dir='ltr'><strong>alibi</strong></span> <span class='ocrx_word' id='word_1_696' title='bbox 1421 1995 1501 2023; x_wconf 87' lang='lat' dir='ltr'><strong>docet</strong></span> <span class='ocrx_word' id='word_1_697' title='bbox 1523 1994 1567 2021; x_wconf 90' lang='lat' dir='ltr'><strong>his</strong></span> <span class='ocrx_word' id='word_1_698' title='bbox 1584 1992 1674 2020; x_wconf 86' lang='lat' dir='ltr'><strong>verbis</strong></span> <span class='ocrx_word' id='word_1_699' title='bbox 1692 1999 1703 2019; x_wconf 66' lang='grc' dir='ltr'><strong>ι</strong></span> 
     </span>
    </p>
   </div>
   <div class='ocr_carea' id='block_1_93' title="bbox 913 2037 1700 2078">
    <p class='ocr_par' dir='ltr' id='par_1_93' title="bbox 913 2037 1700 2078">
     <span class='ocr_line' id='line_1_93' title="bbox 913 2037 1700 2078; baseline -0.008 -8"><span class='ocrx_word' id='word_1_700' title='bbox 913 2042 1040 2071; x_wconf 82' lang='lat' dir='ltr'><strong>Narrabo</strong></span> <span class='ocrx_word' id='word_1_701' title='bbox 1056 2051 1150 2070; x_wconf 87' lang='lat' dir='ltr'><strong>nomen</strong></span> <span class='ocrx_word' id='word_1_702' title='bbox 1174 2048 1249 2071; x_wconf 87' lang='lat' dir='ltr'><strong>tuum</strong></span> <span class='ocrx_word' id='word_1_703' title='bbox 1264 2042 1394 2078; x_wconf 79' lang='lat' dir='ltr'><strong>fratribus</strong></span> <span class='ocrx_word' id='word_1_704' title='bbox 1417 2041 1493 2074; x_wconf 80' lang='lat' dir='ltr'><strong>meis,</strong></span> <span class='ocrx_word' id='word_1_705' title='bbox 1506 2040 1533 2068; x_wconf 91' lang='lat' dir='ltr'><strong>in</strong></span> <span class='ocrx_word' id='word_1_706' title='bbox 1549 2039 1633 2067; x_wconf 82' lang='lat' dir='ltr'><strong>medio</strong></span> <span class='ocrx_word' id='word_1_707' title='bbox 1650 2037 1700 2065; x_wconf 86' lang='lat' dir='ltr'><strong>Ec-</strong></span> 
     </span>
    </p>
   </div>
   <div class='ocr_carea' id='block_1_94' title="bbox 911 2084 1700 2123">
    <p class='ocr_par' dir='ltr' id='par_1_94' title="bbox 911 2084 1700 2123">
     <span class='ocr_line' id='line_1_94' title="bbox 911 2084 1700 2123; baseline -0.009 -6"><span class='ocrx_word' id='word_1_708' title='bbox 911 2090 999 2118; x_wconf 69' lang='lat' dir='ltr'><strong>clesia</strong></span> <span class='ocrx_word' id='word_1_709' title='bbox 1020 2088 1136 2118; x_wconf 83' lang='lat' dir='ltr'><strong>laudabo</strong></span> <span class='ocrx_word' id='word_1_710' title='bbox 1159 2090 1224 2118; x_wconf 81' lang='lat' dir='ltr'><strong>te&quot;.</strong></span> <span class='ocrx_word' id='word_1_711' title='bbox 1242 2089 1293 2123; x_wconf 84' lang='lat' dir='ltr'><strong>Qui</strong></span> <span class='ocrx_word' id='word_1_712' title='bbox 1309 2093 1399 2117; x_wconf 87' lang='lat' dir='ltr'><strong>autem</strong></span> <span class='ocrx_word' id='word_1_713' title='bbox 1417 2088 1479 2116; x_wconf 63' lang='lat' dir='ltr'><strong>vita:</strong></span> <span class='ocrx_word' id='word_1_714' title='bbox 1503 2087 1564 2122; x_wconf 86' lang='lat' dir='ltr'><strong>ejus</strong></span> <span class='ocrx_word' id='word_1_715' title='bbox 1585 2084 1700 2113; x_wconf 85' lang='lat' dir='ltr'><strong>insidias</strong></span> 
     </span>
    </p>
   </div>
   <div class='ocr_carea' id='block_1_95' title="bbox 911 2130 1701 2171">
    <p class='ocr_par' dir='ltr' id='par_1_95' title="bbox 911 2130 1701 2171">
     <span class='ocr_line' id='line_1_95' title="bbox 911 2130 1701 2171; baseline -0.009 -8"><span class='ocrx_word' id='word_1_716' title='bbox 911 2136 1056 2171; x_wconf 87' lang='lat' dir='ltr'><strong>parabant,</strong></span> <span class='ocrx_word' id='word_1_717' title='bbox 1084 2143 1192 2163; x_wconf 86' lang='lat' dir='ltr'><strong>summo</strong></span> <span class='ocrx_word' id='word_1_718' title='bbox 1217 2134 1309 2163; x_wconf 84' lang='lat' dir='ltr'><strong>studio</strong></span> <span class='ocrx_word' id='word_1_719' title='bbox 1335 2134 1496 2170; x_wconf 75' lang='lat' dir='ltr'><strong>satagebant</strong></span> <span class='ocrx_word' id='word_1_720' title='bbox 1519 2135 1549 2159; x_wconf 94' lang='lat' dir='ltr'><strong>ut</strong></span> <span class='ocrx_word' id='word_1_721' title='bbox 1570 2131 1628 2158; x_wconf 70' lang='lat' dir='ltr'><strong>haac</strong></span> <span class='ocrx_word' id='word_1_722' title='bbox 1641 2130 1701 2166; x_wconf 81' lang='lat' dir='ltr'><strong>ipsa</strong></span> 
     </span>
    </p>
   </div>
   <div class='ocr_carea' id='block_1_96' title="bbox 912 2177 1701 2217">
    <p class='ocr_par' dir='ltr' id='par_1_96' title="bbox 912 2177 1701 2217">
     <span class='ocr_line' id='line_1_96' title="bbox 912 2177 1701 2217; baseline -0.005 -9"><span class='ocrx_word' id='word_1_723' title='bbox 912 2182 972 2209; x_wconf 92' lang='lat' dir='ltr'><strong>laus</strong></span> <span class='ocrx_word' id='word_1_724' title='bbox 986 2182 1097 2211; x_wconf 86' lang='lat' dir='ltr'><strong>silentio</strong></span> <span class='ocrx_word' id='word_1_725' title='bbox 1115 2189 1231 2217; x_wconf 87' lang='lat' dir='ltr'><strong>prorsus</strong></span> <span class='ocrx_word' id='word_1_726' title='bbox 1246 2182 1409 2209; x_wconf 88' lang='lat' dir='ltr'><strong>mitteretur.</strong></span> <span class='ocrx_word' id='word_1_727' title='bbox 1427 2179 1527 2208; x_wconf 79' lang='lat' dir='ltr'><strong>Verum</strong></span> <span class='ocrx_word' id='word_1_728' title='bbox 1543 2183 1584 2211; x_wconf 88' lang='lat' dir='ltr'><strong>tu,</strong></span> <span class='ocrx_word' id='word_1_729' title='bbox 1600 2177 1701 2212; x_wconf 84' lang='lat' dir='ltr'><strong>inquit,</strong></span> 
     </span>
    </p>
   </div>
   <div class='ocr_carea' id='block_1_97' title="bbox 912 2224 1700 2261">
    <p class='ocr_par' dir='ltr' id='par_1_97' title="bbox 912 2224 1700 2261">
     <span class='ocr_line' id='line_1_97' title="bbox 912 2224 1700 2261; baseline -0.006 -6"><span class='ocrx_word' id='word_1_730' title='bbox 912 2228 1003 2260; x_wconf 85' lang='lat' dir='ltr'><strong>Pater,</strong></span> <span class='ocrx_word' id='word_1_731' title='bbox 1017 2236 1051 2256; x_wconf 88' lang='lat' dir='ltr'><strong>ne</strong></span> <span class='ocrx_word' id='word_1_732' title='bbox 1065 2228 1141 2256; x_wconf 88' lang='lat' dir='ltr'><strong>sinas</strong></span> <span class='ocrx_word' id='word_1_733' title='bbox 1160 2227 1267 2257; x_wconf 89' lang='lat' dir='ltr'><strong>laudem</strong></span> <span class='ocrx_word' id='word_1_734' title='bbox 1290 2227 1375 2256; x_wconf 90' lang='lat' dir='ltr'><strong>taceri</strong></span> <span class='ocrx_word' id='word_1_735' title='bbox 1392 2234 1491 2257; x_wconf 86' lang='lat' dir='ltr'><strong>meam.</strong></span> <span class='ocrx_word' id='word_1_736' title='bbox 1503 2232 1564 2261; x_wconf 61' lang='lat' dir='ltr'><strong>qua;</strong></span> <span class='ocrx_word' id='word_1_737' title='bbox 1578 2225 1605 2252; x_wconf 94' lang='lat' dir='ltr'><strong>in</strong></span> <span class='ocrx_word' id='word_1_738' title='bbox 1620 2224 1700 2251; x_wconf 89' lang='lat' dir='ltr'><strong>hono-</strong></span> 
     </span>
    </p>
   </div>
   <div class='ocr_carea' id='block_1_98' title="bbox 911 2272 1701 2309">
    <p class='ocr_par' dir='ltr' id='par_1_98' title="bbox 911 2272 1701 2309">
     <span class='ocr_line' id='line_1_98' title="bbox 911 2272 1701 2309; baseline -0.006 -8"><span class='ocrx_word' id='word_1_739' title='bbox 911 2281 967 2302; x_wconf 84' lang='lat' dir='ltr'><strong>rem</strong></span> <span class='ocrx_word' id='word_1_740' title='bbox 986 2278 1013 2301; x_wconf 90' lang='lat' dir='ltr'><strong>et</strong></span> <span class='ocrx_word' id='word_1_741' title='bbox 1030 2274 1144 2309; x_wconf 81' lang='lat' dir='ltr'><strong>gloriam</strong></span> <span class='ocrx_word' id='word_1_742' title='bbox 1166 2279 1239 2302; x_wconf 86' lang='lat' dir='ltr'><strong>tuam</strong></span> <span class='ocrx_word' id='word_1_743' title='bbox 1253 2274 1444 2302; x_wconf 89' lang='lat' dir='ltr'><strong>concinnatur.</strong></span> <span class='ocrx_word' id='word_1_744' title='bbox 1458 2272 1528 2305; x_wconf 87' lang='lat' dir='ltr'><strong>Quia</strong></span> <span class='ocrx_word' id='word_1_745' title='bbox 1543 2280 1571 2298; x_wconf 88' lang='lat' dir='ltr'><strong>os</strong></span> <span class='ocrx_word' id='word_1_746' title='bbox 1583 2275 1701 2305; x_wconf 83' lang='lat' dir='ltr'><strong>peccato-</strong></span> 
     </span>
    </p>
   </div>
   <div class='ocr_carea' id='block_1_99' title="bbox 912 2315 1702 2353">
    <p class='ocr_par' dir='ltr' id='par_1_99' title="bbox 912 2315 1702 2353">
     <span class='ocr_line' id='line_1_99' title="bbox 912 2315 1702 2353; baseline -0.006 -7"><span class='ocrx_word' id='word_1_747' title='bbox 912 2320 950 2347; x_wconf 86' lang='lat' dir='ltr'><strong>ris</strong></span> <span class='ocrx_word' id='word_1_748' title='bbox 969 2324 994 2346; x_wconf 82' lang='lat' dir='ltr'><strong>et</strong></span> <span class='ocrx_word' id='word_1_749' title='bbox 1017 2328 1046 2346; x_wconf 86' lang='lat' dir='ltr'><strong>os</strong></span> <span class='ocrx_word' id='word_1_750' title='bbox 1070 2319 1158 2346; x_wconf 85' lang='lat' dir='ltr'><strong>dolosi</strong></span> <span class='ocrx_word' id='word_1_751' title='bbox 1184 2327 1263 2353; x_wconf 86' lang='lat' dir='ltr'><strong>super</strong></span> <span class='ocrx_word' id='word_1_752' title='bbox 1273 2327 1314 2346; x_wconf 87' lang='lat' dir='ltr'><strong>me</strong></span> <span class='ocrx_word' id='word_1_753' title='bbox 1327 2323 1447 2353; x_wconf 87' lang='lat' dir='ltr'><strong>apertum</strong></span> <span class='ocrx_word' id='word_1_754' title='bbox 1471 2321 1520 2344; x_wconf 87' lang='lat' dir='ltr'><strong>est.</strong></span> <span class='ocrx_word' id='word_1_755' title='bbox 1546 2315 1583 2343; x_wconf 91' lang='lat' dir='ltr'><strong>Os</strong></span> <span class='ocrx_word' id='word_1_756' title='bbox 1611 2319 1702 2342; x_wconf 85' lang='lat' dir='ltr'><strong>autem</strong></span> 
     </span>
    </p>
   </div>
   <div class='ocr_carea' id='block_1_100' title="bbox 911 2360 1704 2400">
    <p class='ocr_par' dir='ltr' id='par_1_100' title="bbox 911 2360 1704 2400">
     <span class='ocr_line' id='line_1_100' title="bbox 911 2360 1704 2400; baseline -0.006 -8"><span class='ocrx_word' id='word_1_757' title='bbox 911 2365 1063 2400; x_wconf 81' lang='lat' dir='ltr'><strong>peccatoris</strong></span> <span class='ocrx_word' id='word_1_758' title='bbox 1086 2369 1115 2393; x_wconf 86' lang='lat' dir='ltr'><strong>et</strong></span> <span class='ocrx_word' id='word_1_759' title='bbox 1140 2372 1172 2394; x_wconf 87' lang='lat' dir='ltr'><strong>os</strong></span> <span class='ocrx_word' id='word_1_760' title='bbox 1186 2365 1275 2393; x_wconf 89' lang='lat' dir='ltr'><strong>dolosi</strong></span> <span class='ocrx_word' id='word_1_761' title='bbox 1296 2364 1469 2400; x_wconf 89' lang='lat' dir='ltr'><strong>potissimum</strong></span> <span class='ocrx_word' id='word_1_762' title='bbox 1487 2367 1547 2390; x_wconf 89' lang='lat' dir='ltr'><strong>erat</strong></span> <span class='ocrx_word' id='word_1_763' title='bbox 1565 2369 1597 2390; x_wconf 89' lang='lat' dir='ltr'><strong>os</strong></span> <span class='ocrx_word' id='word_1_764' title='bbox 1610 2360 1704 2388; x_wconf 84' lang='lat' dir='ltr'><strong>Phari-</strong></span> 
     </span>
    </p>
   </div>
   <div class='ocr_carea' id='block_1_101' title="bbox 910 2407 1702 2446">
    <p class='ocr_par' dir='ltr' id='par_1_101' title="bbox 910 2407 1702 2446">
     <span class='ocr_line' id='line_1_101' title="bbox 910 2407 1702 2446; baseline -0.008 -8"><span class='ocrx_word' id='word_1_765' title='bbox 910 2418 1027 2438; x_wconf 72' lang='lat' dir='ltr'><strong>szcorum</strong></span> <span class='ocrx_word' id='word_1_766' title='bbox 1047 2415 1074 2438; x_wconf 87' lang='lat' dir='ltr'><strong>et</strong></span> <span class='ocrx_word' id='word_1_767' title='bbox 1098 2410 1269 2442; x_wconf 86' lang='lat' dir='ltr'><strong>Scribarum,</strong></span> <span class='ocrx_word' id='word_1_768' title='bbox 1287 2410 1334 2446; x_wconf 87' lang='lat' dir='ltr'><strong>qui</strong></span> <span class='ocrx_word' id='word_1_769' title='bbox 1355 2417 1419 2437; x_wconf 90' lang='lat' dir='ltr'><strong>cum</strong></span> <span class='ocrx_word' id='word_1_770' title='bbox 1447 2407 1586 2444; x_wconf 85' lang='lat' dir='ltr'><strong>hypocrisi</strong></span> <span class='ocrx_word' id='word_1_771' title='bbox 1613 2407 1702 2441; x_wconf 86' lang='lat' dir='ltr'><strong>ipsum</strong></span> 
     </span>
    </p>
   </div>
   <div class='ocr_carea' id='block_1_102' title="bbox 914 2450 1702 2488">
    <p class='ocr_par' dir='ltr' id='par_1_102' title="bbox 914 2450 1702 2488">
     <span class='ocr_line' id='line_1_102' title="bbox 914 2450 1702 2488; baseline -0.005 -10"><span class='ocrx_word' id='word_1_772' title='bbox 914 2452 1073 2488; x_wconf 75' lang='lat' dir='ltr'><strong>Magistrum</strong></span> <span class='ocrx_word' id='word_1_773' title='bbox 1096 2458 1124 2481; x_wconf 90' lang='lat' dir='ltr'><strong>et</strong></span> <span class='ocrx_word' id='word_1_774' title='bbox 1149 2453 1236 2481; x_wconf 84' lang='lat' dir='ltr'><strong>Rabbi</strong></span> <span class='ocrx_word' id='word_1_775' title='bbox 1263 2452 1413 2486; x_wconf 85' lang='lat' dir='ltr'><strong>vocabant;</strong></span> <span class='ocrx_word' id='word_1_776' title='bbox 1439 2450 1592 2487; x_wconf 66' lang='lat' dir='ltr'><strong>praesertim</strong></span> <span class='ocrx_word' id='word_1_777' title='bbox 1611 2453 1702 2476; x_wconf 85' lang='lat' dir='ltr'><strong>autem</strong></span> 
     </span>
    </p>
   </div>
   <div class='ocr_carea' id='block_1_103' title="bbox 912 2493 1703 2534">
    <p class='ocr_par' dir='ltr' id='par_1_103' title="bbox 912 2493 1703 2534">
     <span class='ocr_line' id='line_1_103' title="bbox 912 2493 1703 2534; baseline -0.008 -8"><span class='ocrx_word' id='word_1_778' title='bbox 912 2498 999 2532; x_wconf 70' lang='lat' dir='ltr'><strong>Judaa,</strong></span> <span class='ocrx_word' id='word_1_779' title='bbox 1015 2499 1063 2534; x_wconf 88' lang='lat' dir='ltr'><strong>qui</strong></span> <span class='ocrx_word' id='word_1_780' title='bbox 1091 2499 1262 2528; x_wconf 88' lang='lat' dir='ltr'><strong>Salvatorem</strong></span> <span class='ocrx_word' id='word_1_781' title='bbox 1290 2503 1317 2526; x_wconf 92' lang='lat' dir='ltr'><strong>et</strong></span> <span class='ocrx_word' id='word_1_782' title='bbox 1338 2498 1483 2526; x_wconf 88' lang='lat' dir='ltr'><strong>Dominum</strong></span> <span class='ocrx_word' id='word_1_783' title='bbox 1509 2503 1590 2524; x_wconf 82' lang='lat' dir='ltr'><strong>suum</strong></span> <span class='ocrx_word' id='word_1_784' title='bbox 1607 2493 1703 2523; x_wconf 89' lang='lat' dir='ltr'><strong>osculo</strong></span> 
     </span>
    </p>
   </div>
   <div class='ocr_carea' id='block_1_104' title="bbox 912 2543 1043 2578">
    <p class='ocr_par' dir='ltr' id='par_1_104' title="bbox 912 2543 1043 2578">
     <span class='ocr_line' id='line_1_104' title="bbox 912 2543 1043 2578; baseline 0.015 -9"><span class='ocrx_word' id='word_1_785' title='bbox 912 2543 1043 2578; x_wconf 82' lang='lat' dir='ltr'><strong>prodidit.</strong></span> 
     </span>
    </p>
   </div>
   <div class='ocr_carea' id='block_1_105' title="bbox 88 2585 1702 2629">
    <p class='ocr_par' dir='ltr' id='par_1_105' title="bbox 88 2585 1702 2629">
     <span class='ocr_line' id='line_1_105' title="bbox 88 2585 1702 2629; baseline 0.002 -18"><span class='ocrx_word' id='word_1_786' title='bbox 88 2585 169 2621; x_wconf 80' lang='grc' dir='ltr'>Στόμα</span> <span class='ocrx_word' id='word_1_787' title='bbox 189 2585 216 2612; x_wconf 86' lang='grc' dir='ltr'>δὲ</span> <span class='ocrx_word' id='word_1_788' title='bbox 236 2585 398 2621; x_wconf 77' lang='grc' dir='ltr'>ἁμαρτωλοῦ</span> <span class='ocrx_word' id='word_1_789' title='bbox 413 2586 460 2613; x_wconf 78' lang='grc' dir='ltr'><strong>καὶ</strong></span> <span class='ocrx_word' id='word_1_790' title='bbox 473 2593 561 2624; x_wconf 81' lang='grc' dir='ltr'>στομα</span> <span class='ocrx_word' id='word_1_791' title='bbox 577 2586 664 2613; x_wconf 90' lang='grc' dir='ltr'>δολίου</span> <span class='ocrx_word' id='word_1_792' title='bbox 680 2587 797 2622; x_wconf 80' lang='grc' dir='ltr'>μάλιστα</span> <span class='ocrx_word' id='word_1_793' title='bbox 810 2588 860 2624; x_wconf 89' lang='grc' dir='ltr'><strong>μὲν</strong></span> <span class='ocrx_word' id='word_1_794' title='bbox 876 2591 922 2617; x_wconf 83' lang='grc' dir='ltr'>καὶ</span> <span class='ocrx_word' id='word_1_795' title='bbox 933 2593 987 2619; x_wconf 77' lang='grc' dir='ltr'>πᾶν</span> <span class='ocrx_word' id='word_1_796' title='bbox 1000 2592 1030 2619; x_wconf 85' lang='grc' dir='ltr'>τὸ</span> <span class='ocrx_word' id='word_1_797' title='bbox 1042 2592 1095 2619; x_wconf 83' lang='grc' dir='ltr'><strong>τῶν</strong></span> <span class='ocrx_word' id='word_1_798' title='bbox 1105 2592 1258 2629; x_wconf 79' lang='grc' dir='ltr'>Φαρισαίων</span> <span class='ocrx_word' id='word_1_799' title='bbox 1277 2593 1324 2619; x_wconf 72' lang='grc' dir='ltr'><strong>καὶ</strong></span> <span class='ocrx_word' id='word_1_800' title='bbox 1342 2589 1534 2628; x_wconf 87' lang='grc' dir='ltr'>Γραμματέων</span> <span class='ocrx_word' id='word_1_801' title='bbox 1559 2586 1702 2622; x_wconf 67' lang='grc' dir='ltr'>ἐτύγχανε.</span> 
     </span>
    </p>
   </div>
   <div class='ocr_carea' id='block_1_106' title="bbox 88 2632 889 2670">
    <p class='ocr_par' dir='ltr' id='par_1_106' title="bbox 88 2632 889 2670">
     <span class='ocr_line' id='line_1_106' title="bbox 88 2632 889 2670; baseline 0.006 -11"><span class='ocrx_word' id='word_1_802' title='bbox 88 2633 137 2660; x_wconf 82' lang='grc' dir='ltr'><strong>τῶν</strong></span> <span class='ocrx_word' id='word_1_803' title='bbox 154 2632 206 2670; x_wconf 84' lang='grc' dir='ltr'>μεθ’</span> <span class='ocrx_word' id='word_1_804' title='bbox 230 2633 400 2669; x_wconf 84' lang='grc' dir='ltr'>ὑποκρίσεως</span> <span class='ocrx_word' id='word_1_805' title='bbox 436 2634 517 2662; x_wconf 81' lang='grc' dir='ltr'>αὐτὸν</span> <span class='ocrx_word' id='word_1_806' title='bbox 539 2634 702 2662; x_wconf 80' lang='grc' dir='ltr'>Διδάσκαλον</span> <span class='ocrx_word' id='word_1_807' title='bbox 723 2636 771 2662; x_wconf 78' lang='grc' dir='ltr'>καὶ</span> <span class='ocrx_word' id='word_1_808' title='bbox 794 2636 889 2665; x_wconf 79' lang='grc' dir='ltr'><strong>Ῥα66ὶ</strong></span> 
     </span>
    </p>
   </div>
   <div class='ocr_carea' id='block_1_107' title="bbox 91 2680 790 2719">
    <p class='ocr_par' dir='ltr' id='par_1_107' title="bbox 91 2680 790 2719">
     <span class='ocr_line' id='line_1_107' title="bbox 91 2680 790 2719; baseline 0.004 -12"><span class='ocrx_word' id='word_1_809' title='bbox 91 2680 175 2708; x_wconf 66' lang='grc' dir='ltr'>ἑαυτοῦ</span> <span class='ocrx_word' id='word_1_810' title='bbox 186 2680 297 2717; x_wconf 83' lang='grc' dir='ltr'>Σωτῆρα</span> <span class='ocrx_word' id='word_1_811' title='bbox 310 2681 358 2709; x_wconf 82' lang='grc' dir='ltr'>καὶ</span> <span class='ocrx_word' id='word_1_812' title='bbox 372 2681 474 2718; x_wconf 84' lang='grc' dir='ltr'>Κύριον</span> <span class='ocrx_word' id='word_1_813' title='bbox 492 2683 626 2719; x_wconf 85' lang='grc' dir='ltr'>φιλήματι</span> <span class='ocrx_word' id='word_1_814' title='bbox 640 2682 790 2718; x_wconf 86' lang='grc' dir='ltr'>προεδίδου.</span> 
     </span>
    </p>
   </div>
   <div class='ocr_carea' id='block_1_108' title="bbox 129 2742 864 2778">
    <p class='ocr_par' dir='ltr' id='par_1_108' title="bbox 129 2742 864 2778">
     <span class='ocr_line' id='line_1_108' title="bbox 129 2742 864 2778; baseline 0.004 -9"><span class='ocrx_word' id='word_1_815' title='bbox 129 2742 288 2778; x_wconf 68' lang='grc' dir='ltr'><em>Ἐλάλησαν</em></span> <span class='ocrx_word' id='word_1_816' title='bbox 305 2742 368 2770; x_wconf 82' lang='grc' dir='ltr'>κατ’</span> <span class='ocrx_word' id='word_1_817' title='bbox 381 2742 456 2778; x_wconf 75' lang='grc' dir='ltr'><strong>ἐμοῦ</strong></span> <span class='ocrx_word' id='word_1_818' title='bbox 469 2742 594 2778; x_wconf 62' lang='grc' dir='ltr'><strong>γλώσσῃ</strong></span> <span class='ocrx_word' id='word_1_819' title='bbox 615 2743 714 2777; x_wconf 71' lang='grc' dir='ltr'>δολία,</span> <span class='ocrx_word' id='word_1_820' title='bbox 741 2744 792 2771; x_wconf 80' lang='grc' dir='ltr'>καί</span> <span class='ocrx_word' id='word_1_821' title='bbox 815 2746 864 2772; x_wconf 69' lang='grc' dir='ltr'><strong>,λό-</strong></span> 
     </span>
    </p>
   </div>
   <div class='ocr_carea' id='block_1_109' title="bbox 93 2788 863 2827">
    <p class='ocr_par' dir='ltr' id='par_1_109' title="bbox 93 2788 863 2827">
     <span class='ocr_line' id='line_1_109' title="bbox 93 2788 863 2827; baseline 0.004 -11"><span class='ocrx_word' id='word_1_822' title='bbox 93 2796 148 2822; x_wconf 74' lang='grc' dir='ltr'>γοις</span> <span class='ocrx_word' id='word_1_823' title='bbox 157 2789 260 2823; x_wconf 83' lang='grc' dir='ltr'>μίσους</span> <span class='ocrx_word' id='word_1_824' title='bbox 273 2788 452 2817; x_wconf 72' lang='grc' dir='ltr'>ἐκύκλωσαν</span> <span class='ocrx_word' id='word_1_825' title='bbox 472 2797 522 2824; x_wconf 81' lang='grc' dir='ltr'>με,</span> <span class='ocrx_word' id='word_1_826' title='bbox 546 2790 594 2817; x_wconf 80' lang='grc' dir='ltr'>καί</span> <span class='ocrx_word' id='word_1_827' title='bbox 614 2790 810 2825; x_wconf 79' lang='grc' dir='ltr'><strong>ἑπολέμησάν</strong></span> <span class='ocrx_word' id='word_1_828' title='bbox 824 2801 863 2827; x_wconf 85' lang='grc' dir='ltr'><strong>με</strong></span> 
     </span>
    </p>
   </div>
   <div class='ocr_carea' id='block_1_110' title="bbox 94 2834 862 2873">
    <p class='ocr_par' dir='ltr' id='par_1_110' title="bbox 94 2834 862 2873">
     <span class='ocr_line' id='line_1_110' title="bbox 94 2834 862 2873; baseline 0.007 -12"><span class='ocrx_word' id='word_1_829' title='bbox 94 2834 196 2870; x_wconf 69' lang='grc' dir='ltr'><strong>δαφεάν.</strong></span> <span class='ocrx_word' id='word_1_830' title='bbox 219 2834 293 2863; x_wconf 77' lang='grc' dir='ltr'>Ἀντί</span> <span class='ocrx_word' id='word_1_831' title='bbox 307 2835 362 2863; x_wconf 83' lang='grc' dir='ltr'><strong>τοῦ</strong></span> <span class='ocrx_word' id='word_1_832' title='bbox 385 2835 506 2871; x_wconf 76' lang='grc' dir='ltr'><strong>ἀγαπᾷν</strong></span> <span class='ocrx_word' id='word_1_833' title='bbox 527 2845 566 2871; x_wconf 83' lang='grc' dir='ltr'>με</span> <span class='ocrx_word' id='word_1_834' title='bbox 588 2837 783 2865; x_wconf 63' lang='grc' dir='ltr'><strong>ἑνδιέόαλλόν</strong></span> <span class='ocrx_word' id='word_1_835' title='bbox 808 2847 862 2873; x_wconf 74' lang='grc' dir='ltr'><strong>με·</strong></span> 
     </span>
    </p>
   </div>
   <div class='ocr_carea' id='block_1_111' title="bbox 127 2912 613 2947">
    <p class='ocr_par' dir='ltr' id='par_1_111' title="bbox 127 2912 613 2947">
     <span class='ocr_line' id='line_1_111' title="bbox 127 2912 613 2947; baseline 0.008 -7"><span class='ocrx_word' id='word_1_836' title='bbox 127 2912 148 2928; x_wconf 79' lang='lat'>”</span> <span class='ocrx_word' id='word_1_837' title='bbox 163 2913 215 2941; x_wconf 80' lang='lat' dir='ltr'><strong>Act.</strong></span> <span class='ocrx_word' id='word_1_838' title='bbox 233 2921 252 2947; x_wconf 89' lang='lat' dir='ltr'><strong>I,</strong></span> <span class='ocrx_word' id='word_1_839' title='bbox 270 2913 316 2941; x_wconf 75' lang='lat'><strong>20.</strong></span> <span class='ocrx_word' id='word_1_840' title='bbox 352 2914 377 2931; x_wconf 75' lang='grc'><strong>⁸⁸</strong></span> <span class='ocrx_word' id='word_1_841' title='bbox 396 2913 466 2943; x_wconf 82' lang='lat' dir='ltr'><strong>Psal.</strong></span> <span class='ocrx_word' id='word_1_842' title='bbox 489 2923 553 2946; x_wconf 65' lang='grc' dir='ltr'><strong>χχι.</strong></span> <span class='ocrx_word' id='word_1_843' title='bbox 569 2916 613 2944; x_wconf 77' lang='lat'><strong>‘23.</strong></span> 
     </span>
    </p>
   </div>
   <div class='ocr_carea' id='block_1_112' title="bbox 0 3227 96 3573">
    <p class='ocr_par' dir='ltr' id='par_1_112' title="bbox 2 3402 96 3573">
     <span class='ocr_line' id='line_1_112' title="bbox 2 3402 96 3573; baseline 0 0"><span class='ocrx_word' id='word_1_844' title='bbox 40 3432 96 3573; x_wconf 61' lang='grc' dir='ltr'><strong>ἐ</strong></span> 
     </span>
    </p>
   </div>
   <div class='ocr_carea' id='block_1_113' title="bbox 168 3308 196 3324">
    <p class='ocr_par' dir='ltr' id='par_1_113' title="bbox 168 3308 196 3324">
     <span class='ocr_line' id='line_1_113' title="bbox 168 3308 196 3324; baseline 0 -8"><span class='ocrx_word' id='word_1_845' title='bbox 168 3308 196 3324; x_wconf 70' lang='grc' dir='ltr'><strong>..π</strong></span> 
     </span>
    </p>
   </div>
   <div class='ocr_carea' id='block_1_114' title="bbox 916 2634 1704 2677">
    <p class='ocr_par' dir='ltr' id='par_1_114' title="bbox 916 2634 1704 2677">
     <span class='ocr_line' id='line_1_114' title="bbox 916 2634 1704 2677; baseline -0.004 -11"><span class='ocrx_word' id='word_1_846' title='bbox 916 2640 1138 2672; x_wconf 77' lang='grc' dir='ltr'>ἀποκαλούντων,</span> <span class='ocrx_word' id='word_1_847' title='bbox 1168 2640 1312 2677; x_wconf 78' lang='grc' dir='ltr'>ἐξαιρέτως</span> <span class='ocrx_word' id='word_1_848' title='bbox 1339 2639 1367 2666; x_wconf 83' lang='grc' dir='ltr'>δὲ</span> <span class='ocrx_word' id='word_1_849' title='bbox 1391 2638 1438 2667; x_wconf 75' lang='grc' dir='ltr'><strong>τοῦ</strong></span> <span class='ocrx_word' id='word_1_850' title='bbox 1469 2635 1574 2670; x_wconf 76' lang='grc' dir='ltr'>Ἰούδα,</span> <span class='ocrx_word' id='word_1_851' title='bbox 1601 2634 1630 2670; x_wconf 77' lang='grc' dir='ltr'>ὗς</span> <span class='ocrx_word' id='word_1_852' title='bbox 1657 2635 1704 2663; x_wconf 75' lang='grc' dir='ltr'>’τον</span> 
     </span>
    </p>
   </div>
   <div class='ocr_carea' id='block_1_115' title="bbox 952 2741 1702 2788">
    <p class='ocr_par' dir='ltr' id='par_1_115' title="bbox 952 2741 1702 2788">
     <span class='ocr_line' id='line_1_115' title="bbox 952 2741 1702 2788; baseline -0.004 -15"><span class='ocrx_word' id='word_1_853' title='bbox 952 2746 1033 2775; x_wconf 74' lang='lat' dir='ltr'><strong>Vsus.</strong></span> <span class='ocrx_word' id='word_1_854' title='bbox 1051 2747 1078 2774; x_wconf 70' lang='grc'><strong>4.</strong></span> <span class='ocrx_word' id='word_1_855' title='bbox 1096 2745 1191 2773; x_wconf 79' lang='lat' dir='ltr'><strong>Loculi</strong></span> <span class='ocrx_word' id='word_1_856' title='bbox 1206 2751 1266 2773; x_wconf 78' lang='lat' dir='ltr'><strong>sunt</strong></span> <span class='ocrx_word' id='word_1_857' title='bbox 1281 2745 1419 2788; x_wconf 78' lang='lat' dir='ltr'><strong>aduersum</strong></span> <span class='ocrx_word' id='word_1_858' title='bbox 1437 2750 1477 2770; x_wconf 79' lang='lat' dir='ltr'><strong>me</strong></span> <span class='ocrx_word' id='word_1_859' title='bbox 1493 2742 1584 2776; x_wconf 78' lang='lat' dir='ltr'><strong>lingua</strong></span> <span class='ocrx_word' id='word_1_860' title='bbox 1598 2741 1702 2775; x_wconf 80' lang='lat' dir='ltr'><strong>dolosa,</strong></span> 
     </span>
    </p>
   </div>
   <div class='ocr_carea' id='block_1_116' title="bbox 915 2789 1704 2823">
    <p class='ocr_par' dir='ltr' id='par_1_116' title="bbox 915 2789 1704 2823">
     <span class='ocr_line' id='line_1_116' title="bbox 915 2789 1704 2823; baseline -0.006 -4"><span class='ocrx_word' id='word_1_861' title='bbox 915 2797 940 2819; x_wconf 89' lang='lat' dir='ltr'><strong>et</strong></span> <span class='ocrx_word' id='word_1_862' title='bbox 955 2792 1119 2819; x_wconf 81' lang='lat' dir='ltr'><strong>sermonibus</strong></span> <span class='ocrx_word' id='word_1_863' title='bbox 1139 2792 1194 2819; x_wconf 88' lang='lat' dir='ltr'><strong>odii</strong></span> <span class='ocrx_word' id='word_1_864' title='bbox 1218 2789 1443 2819; x_wconf 81' lang='lat' dir='ltr'><strong>circumdederunt</strong></span> <span class='ocrx_word' id='word_1_865' title='bbox 1461 2796 1512 2820; x_wconf 77' lang='lat' dir='ltr'><strong>me,</strong></span> <span class='ocrx_word' id='word_1_866' title='bbox 1527 2791 1553 2814; x_wconf 77' lang='lat' dir='ltr'><strong>st</strong></span> <span class='ocrx_word' id='word_1_867' title='bbox 1568 2794 1704 2823; x_wconf 82' lang='lat' dir='ltr'><strong>oppugna-</strong></span> 
     </span>
    </p>
   </div>
   <div class='ocr_carea' id='block_1_117' title="bbox 917 2831 1702 2875">
    <p class='ocr_par' dir='ltr' id='par_1_117' title="bbox 917 2831 1702 2875">
     <span class='ocr_line' id='line_1_117' title="bbox 917 2831 1702 2875; baseline -0.006 -9"><span class='ocrx_word' id='word_1_868' title='bbox 917 2842 1008 2866; x_wconf 84' lang='lat' dir='ltr'><strong>verunt</strong></span> <span class='ocrx_word' id='word_1_869' title='bbox 1022 2847 1062 2867; x_wconf 78' lang='lat' dir='ltr'><strong>me</strong></span> <span class='ocrx_word' id='word_1_870' title='bbox 1078 2840 1174 2875; x_wconf 81' lang='lat' dir='ltr'><strong>gratis.</strong></span> <span class='ocrx_word' id='word_1_871' title='bbox 1190 2837 1245 2866; x_wconf 83' lang='lat' dir='ltr'><strong>Pro</strong></span> <span class='ocrx_word' id='word_1_872' title='bbox 1261 2846 1289 2866; x_wconf 82' lang='lat' dir='ltr'><strong>eo</strong></span> <span class='ocrx_word' id='word_1_873' title='bbox 1304 2841 1332 2864; x_wconf 87' lang='lat' dir='ltr'><strong>ut</strong></span> <span class='ocrx_word' id='word_1_874' title='bbox 1349 2844 1388 2863; x_wconf 85' lang='lat' dir='ltr'><strong>me</strong></span> <span class='ocrx_word' id='word_1_875' title='bbox 1410 2833 1560 2870; x_wconf 77' lang='lat' dir='ltr'><strong>diligerent,</strong></span> <span class='ocrx_word' id='word_1_876' title='bbox 1582 2831 1702 2861; x_wconf 81' lang='lat' dir='ltr'><strong>detrahe-</strong></span> 
     </span>
    </p>
   </div>
   <div class='ocr_carea' id='block_1_118' title="bbox 312 3226 1977 3573">
    <p class='ocr_par' dir='ltr' id='par_1_118' title="bbox 316 3230 1977 3573">
     <span class='ocr_line' id='line_1_118' title="bbox 316 3230 1977 3573; baseline 0.054 -89"><span class='ocrx_word' id='word_1_877' title='bbox 316 3230 1977 3573; x_wconf 63' lang='lat'><em>_</em></span> 
     </span>
    </p>
   </div>
  </div>
