3954 7146
521 391 652 448 1355

1178 389 1445 446 EUSEBll
1485 391 1968 451 CESARIENSIS
2003 394 2155 452 OPP.
2199 396 2379 452 PARS
2414 395 2520 456 Ill.
2559 424 2630 436 --
2665 393 3075 451 EXEGETICA.

3725 387 3828 442 ΕΞ

515 505 632 560 bant
671 505 802 558 mihi
825 522 842 560 :
874 521 968 576 ego
993 514 1166 559 autem
1188 505 1431 560 orabam.
1469 505 1605 560 Cum
1632 505 1780 560 enim
1806 505 1983 571 illum,
2008 514 2091 562 ut-

2197 507 2314 578 ὲγὼ
2376 507 2447 562 δὲ
2493 507 2952 576 προσηυχόμην.
2984 505 3112 559 Δέον
3146 510 3258 578 γὰρ
3281 505 3518 575 αγαπᾷν
3545 503 3662 564 ὡς
3711 501 3828 550 zz;-

513 607 633 669 pote
661 596 987 661 beneficum,
1022 612 1086 652 ac
1115 613 1224 652 non
1250 612 1546 668 corporum
1583 598 1769 663 modo,
1802 600 1896 654 sed
1927 601 2090 655 etiam

512 689 818 746 animarum
849 689 1122 744 medicum
1159 688 1386 760 diligere
1414 689 1760 759 debuissent,
1786 691 1865 751 illi
1899 700 2092 747 contra

510 779 818 834 calumnias
844 780 1110 834 adversus
1141 794 1266 834 eum
1297 778 1632 835 conﬂabant.

577 867 745 925 Vens.
779 870 832 925 5.
866 869 974 925 Pro
994 887 1052 924 eo
1079 879 1137 925 ut
1159 886 1238 925 me
1257 869 1901 942 diligerent,detraltebant
1924 872 2052 926 mihi
2075 887 2092 924 :

508 978 598 1032 ego
628 971 804 1016 autem
833 963 1073 1017 orabam.
1111 961 1179 1015 Et
1207 971 1493 1031 posuerunt
1515 963 1794 1018 adversum
1833 981 1914 1020 me
1949 965 2096 1020 mala

507 1070 602 1123 pro
633 1053 804 1117 bonis,
843 1065 892 1109 et
929 1055 1111 1108 odium
1145 1071 1240 1124 pro
1284 1054 1564 1110 dilectione
1593 1072 1710 1110 mea
1743 1072 1761 1110 :
1793 1055 2095 1128 discipulos

509 1160 660 1202 meos
690 1153 903 1201 tantum
927 1163 1036 1202 non
1061 1163 1228 1217 opere
1246 1147 1450 1202 docens
1473 1148 1665 1218 quales
1691 1163 1814 1204 esse
1837 1148 2093 1211 debeant,

507 1238 556 1292 si
589 1239 810 1310 quando
854 1240 911 1296 in
960 1241 1112 1310 paria
1160 1239 1427 1294 incidant.
1461 1239 1600 1306 Quia
1647 1254 1779 1295 vero
1806 1241 1862 1294 in
1911 1241 2095 1296 medio

509 1329 730 1395 dicitur,
763 1330 876 1403 Ego
917 1342 1090 1386 autem
1140 1331 1380 1396 orabam,
1413 1331 1507 1388 sed
1553 1347 1804 1402 quaenam
1856 1347 1958 1401 pro
1986 1333 2094 1389 illis

509 1431 832 1492 precaretur
863 1425 1073 1492 scripto
1107 1437 1215 1476 non
1248 1421 1518 1476 traditur:
1553 1423 1827 1492 quispiam
1865 1438 1976 1478 non
2005 1422 2094 1478 in-

508 1512 793 1569 commode
833 1513 1054 1578 dixerit,
1091 1515 1267 1584 ipsum
1314 1515 1430 1570 hanc
1463 1531 1584 1586 qua:
1623 1515 1808 1583 jacent
1854 1529 1954 1586 pro
1987 1516 2096 1571 illis

505 1601 673 1657 etiam
730 1611 1013 1672 precatqu
1046 1621 1190 1670 esse,
1239 1621 1359 1675 quae
1399 1605 1664 1662 doctrina:
1700 1605 1870 1676 ipsius
1916 1606 2097 1662 allinia

505 1698 666 1747 orant
694 1692 928 1748 dicentis
956 1693 1153 1750 :Orate
1188 1712 1283 1764 pro
1312 1695 1624 1751 laadentibus
1657 1705 1706 1749 et
1743 1698 2096 1764 persequenti-

511 1780 606 1836 bus
638 1799 726 1837 vos
749 1783 818 1839 ⁸⁷.
871 1782 939 1838 Et
981 1795 1278 1855 posuerunt
1309 1787 1586 1841 adversum
1613 1803 1694 1843 me
1712 1786 1854 1841 mala
1875 1803 1968 1856 pro
1999 1788 2092 1842 bo-

2194 602 2380 673 γέτην,
2430 601 2526 654 καὶ
2574 600 2648 672 μὴ
2682 599 2842 670 μόνον
2883 599 2993 652 τῶν
3037 599 3332 670 σωμάτων,
3385 596 3538 650 ἀλλὰ
3575 593 3717 649 καὶ
3755 595 3820 644 ti

2192 693 2381 764 ψυχῶν
2418 691 2633 764 ίατρόνο
2665 691 2714 744 οί
2752 689 2810 744 δὲ
2849 689 3100 756 διαϐολὰς
3130 691 3422 763 ἐρῤαπτον
3461 689 3606 744 κατ’
3647 688 3832 740 αὐτῷ

2277 845 2426 900 Ἀντὶ
2453 845 2561 899 τοῦ
2588 844 2830 915 ἀγαπᾷν
2871 862 2948 914 με
2986 843 3386 900 ὲνδιέϐαλλὸν
3412 859 3500 912 με
3523 860 3538 873 ·
3591 841 3754 910 ἐῖ-ίς
3799 842 3840 880 δέ

2195 939 2649 1007 προσηυχόμην.
2699 937 2810 993 Καὶ
2849 936 3053 992 ἔθεντο
3098 937 3223 990 κατ’
3253 936 3418 1005 ἐμοῦ
3475 933 3666 988 κακὰ
3723 934 3830 985 ἀπ

2195 1028 2452 1099 ἀγαθῶν,
2504 1028 2602 1082 καὶ
2621 1027 2802 1098 μῖσος
2834 1028 2967 1083 ἀντὶ
2996 1027 3107 1096 τῆς
3132 1025 3520 1096 ἁγαπήσεὼς
3545 1040 3736 1095 μετ’
3771 1045 3847 1090 ςε-

2195 1121 2407 1194 νονουχὶ
2433 1122 2528 1177 καὶ⁹
2547 1121 2673 1185 τοὺς
2706 1119 2830 1192 ἐμοὶ
2850 1120 3325 1192 μαθητευομένους
3354 1119 3525 1192 ἔργῳ
3549 1117 3840 1171 διδάξω.

2194 1215 2411 1278 ὁποίους
2427 1213 2520 1268 καὶ
2542 1213 2738 1277 αὐτοὺς
2760 1207 2898 1266 εἶναι
2916 1212 3200 1284 προσήκει,
3223 1213 3276 1266 εί
3300 1229 3446 1266 ποτε
3469 1213 3592 1276 τοῖς
3623 1211 3850 1280 ipsis:

2197 1306 2598 1378 περιπίπτοιεν.
2648 1304 2800 1358 Ἐπεὶ
2831 1303 2888 1357 δὲ
2925 1305 3106 1376 μέσως
3154 1306 3376 1377 εἴρηται
3423 1304 3537 1357 τό·
3801 1305 3848 1354 ἐξ

2197 1397 2670 1467 προσηυχόμηνο
2701 1395 2822 1450 τίνα
2849 1395 2906 1449 δὲ
2945 1391 3014 1468 ἦν
3063 1395 3100 1451 ἃ
3135 1395 3503 1468 προσηύχετο
3554 1397 3674 1449 καὶ
3717 1394 3848 1462 ὖῂ;

2197 1489 2440 1555 ἐκείνων,
2467 1489 2568 1544 οὐκ
2604 1490 2937 1562 ἐμφέρεταιο
2975 1487 3119 1544 εἴποι
3136 1489 3180 1542 δ’
3213 1489 3278 1544 ἄν
3316 1507 3408 1552 τις
3440 1487 3758 1550 εἰκότως,
3785 1489 3850 1539 it:

2197 1582 2372 1636 ταῦτα
2393 1582 2734 1654 προσηύχετο
2765 1581 2861 1636 καὶ
2903 1582 3042 1654 ὑπὲρ
3073 1581 3321 1646 ἐκείνων,
3359 1581 3400 1636 ἃ.
3441 1579 3523 1653 δὴ
3556 1580 3850 1650 σύξιςιέει

2195 1670 2264 1746 ἦν
2289 1673 2407 1738 ταῖς
2443 1673 2608 1728 αὐτοῦ
2635 1673 3028 1739 διδασκαλίαις,
3054 1674 3123 1728 δι’
3145 1667 3220 1728 ὧν
3253 1674 3481 1744 ἔφασκε
3512 1691 3528 1703 ο

2199 1771 2382 1836 χεσθε
2434 1766 2588 1836 ὑπὲρ
2632 1763 2755 1820 τῶν
2806 1764 3254 1835 ἐπηρεαζόντων
3303 1765 3417 1820 καὶ
3469 1765 3848 1820 διοικεῖν-τεν

509 1873 613 1937 nis,
643 1882 694 1930 et
737 1874 918 1929 odium
955 1891 1050 1944 pro
1078 1876 1358 1932 dilectione
1386 1895 1521 1932 mea.
1567 1877 1680 1934 Hac
1711 1877 1780 1934 de
1825 1855 1884 1934 re
1907 1879 2091 1934 dicen-

2197 1855 2374 1928 ὑμᾶς.
2396 1887 2467 1897 -
2485 1857 2596 1912 Καὶ
2622 1857 2829 1914 ἔθεντο
2853 1859 2982 1912 κατ’
3011 1858 3158 1928 ἐμοῦ
3188 1859 3347 1913 κακὰ
3374 1857 3532 1916 ἀντὶ
3563 1855 3842 1926 (iw-£1».

508 1964 638 2018 dum
672 1965 846 2031 nihil,
888 1983 1013 2022 cum
1061 1967 1294 2024 historia
1339 1971 1651 2042 evangelica
1689 1971 2096 2027 multitudinem

508 2053 927 2123 beneﬁciorum,
951 2075 1072 2133 quae
1108 2061 1428 2118 incarnatus
1456 2062 1776 2120 hominibus
1809 2063 2096 2136 impertiit,

509 2149 924 2220 complectatur,
974 2167 1100 2206 cum
1132 2154 1347 2210 scilicet
1395 2162 1614 2214 curaret
1645 2170 1863 2211 omnem
1905 2170 2094 2211 eorum

416 2270 420 2274 η
507 2237 825 2309 languorem
850 2249 905 2298 et
933 2241 1327 2303 inﬁrmitatem.

576 2394 743 2454 Vens.
772 2397 928 2454 6-10.
981 2397 1256 2456 Constitue
1307 2419 1464 2471 super
1489 2418 1607 2456 eum
1654 2416 1999 2472 peccatorem,
2045 2414 2095 2460 et

507 2487 753 2542 diabolus
785 2498 886 2547 stet
916 2507 947 2543 a
979 2490 1181 2554 dextris
1221 2493 1357 2559 eius.
1384 2492 1488 2562 Qui
1529 2495 1694 2549 etiam
1729 2496 1907 2566 ipsum
1939 2513 2098 2552 ener-

507 2580 674 2644 vavit,
704 2595 767 2636 ac
801 2581 1073 2647 omnibus,
1106 2599 1227 2654 qua:
1257 2585 1410 2655 prius
1443 2585 1498 2640 in
1531 2585 1720 2641 dextra
1758 2588 1956 2642 animae
1981 2603 2096 2643 sua:

506 2681 662 2742 parte
710 2671 992 2742 possidere
1042 2675 1355 2745 videbatur,
1402 2679 1583 2750 ipsum
1632 2681 1907 2752 spoliavit.
1958 2682 2093 2739 Cum

501 2761 798 2835 iudicatur,
835 2774 986 2822 exeat
1018 2767 1422 2839 condemnatus,
1455 2781 1505 2827 et
1546 2774 1718 2828 oratio
1753 2775 1866 2844 ejus
1901 2777 2000 2847 ﬁat
2039 2778 2096 2831 in

503 2865 796 2926 peccatum.
831 2857 996 2914 Fiant
1021 2859 1131 2922 dies
1161 2862 1275 2932 ejus
1305 2865 1484 2932 pauci,
1513 2875 1563 2920 et
1599 2867 1955 2938 episcopatum
1979 2868 2094 2940 ejus

505 2949 731 3018 accipiat
765 2951 899 3006 alter
938 2969 956 3007 :
1007 2954 1142 3022 ﬁant
1171 2955 1273 3024 ﬁlii
1321 2956 1434 3025 ejus
1458 2957 1702 3027 orphani,
1737 2970 1787 3014 et
1822 2977 1956 3014 uxor
1977 2962 2094 3030 ejus

451 3055 456 3058 '
505 3040 682 3096 vidua.
703 3041 966 3099 Nutantes
990 3032 1391 3115 transferantur
1420 3047 1520 3117 ﬁlii
1547 3051 1683 3120 ejus,
1703 3062 1752 3107 et
1778 3053 2093 3122 mendicent,

504 3131 789 3202 ejiciantur
817 3135 882 3198 de
905 3136 1322 3193 habitationibus
1351 3140 1484 3196 suis.
1519 3125 1832 3201 Verisimile
1859 3155 1944 3201 est
1981 3147 2096 3204 haec

503 3223 686 3295 reipsa
715 3240 779 3282 ac
805 3229 1106 3292 secundum
1131 3229 1335 3285 nudam
1366 3231 1602 3288 litteram
1635 3243 1825 3290 contra
1849 3239 2092 3308 prodito-
2120 3211 2163 3267 ο

504 3329 620 3372 rem
654 3323 778 3386 post
815 3319 1237 3390 suspensionem
1279 3321 1403 3393 ejus
1456 3325 1725 3396 completa
1778 3326 1978 3396 fuisse;
2015 3330 2091 3384 ita

507 3414 567 3460 ut
593 3405 689 3473 lilii
715 3409 939 3477 quidem
965 3408 1085 3481 eius
1117 3413 1350 3483 orphani
1380 3425 1588 3482 essent,
1614 3426 1668 3472 et
1697 3433 1836 3473 uxor
1866 3420 1986 3488 ejus
2009 3421 2092 3474 vi-

504 3498 636 3564 dua,
665 3509 970 3572 caeteraque
993 3505 1178 3560 omnia
1202 3520 1324 3582 quae
1358 3517 1720 3564 recensentur
1749 3511 1816 3565 ad
1851 3513 2087 3572 litteram

506 3588 670 3646 ﬁnem
729 3594 1081 3660 sortirentur,
1123 3603 1178 3652 et
1229 3598 1511 3666 praedictio
1548 3599 1860 3660 ‘Salvatoris
1890 3605 2088 3671 nostri,

504 3681 598 3752 qui
631 3681 746 3737 hac
779 3681 965 3742 futura
1011 3685 1067 3740 in
1113 3686 1326 3758 psalmo
1376 3691 1804 3759 praenuntiabat,
1846 3709 1974 3748 vera
1997 3693 2091 3752 de-

503 3773 954 3844 prehenderetur.
987 3775 1113 3833 llaec
1151 3779 1283 3834 item
1309 3778 1584 3851 intelligas
1619 3786 1820 3857 populo
1858 3784 2090 3841 Judaico

505 3871 631 3934 post
676 3865 906 3924 insidias
941 3869 997 3925 in
1030 3868 1313 3926 Christum
1353 3879 1594 3928 structas
1632 3876 1920 3932 accidisse.
1951 3875 2089 3932 Nam

501 3957 694 4036 paucis
733 3959 937 4031 elapsis
975 3968 1098 4031 post
1131 3976 1352 4018 crucem
1399 3965 1580 4028 annis,
1632 3974 1746 4021 tota
1779 3983 1912 4038 gens
1943 3969 2090 4024 sedi-

501 4049 605 4104 bus
645 4050 800 4118 pulsa
839 4059 969 4106 est:
1023 4061 1187 4123 atque
1223 4053 1301 4108 illi
1351 4055 1569 4125 quidem
1617 4057 1890 4114 interfecti
1935 4069 2084 4127 sunt,

501 4141 762 4198 mulieres
818 4157 948 4200 vero
1013 4159 1138 4200 cum
1195 4146 1383 4202 liberis
1454 4145 1510 4201 in
1572 4149 1892 4206 servitutem
1951 4163 2086 4207 actm

501 4239 651 4287 sunt.
1797 4247 1802 4254 '

2199 1949 2297 2002 καί
2333 1948 2518 2018 μῖσος
2541 1949 2676 2004 ἀντὶ
2707 1947 2819 2018 τῆς
2858 1948 3219 2020 ἁγαπήσεώς
3252 1968 3402 2020 μου.
3435 1949 3599 2020 Περὶ
3623 1947 3820 2000 πεζαὶ

2197 2041 2349 2096 οὐδὲν
2404 2041 2487 2095 δεῖ
2535 2040 2733 2110 λέγειν,
2776 2043 2875 2113 τῆς
2917 2043 2974 2094 ἐν
3011 2044 3124 2106 τοῖς
3169 2042 3556 2111 Εὑαγγελέοις

2199 2131 2560 2204 περιεχούσης
2581 2132 2644 2186 τὸ
2671 2131 2871 2203 πλῆθος
2900 2131 3010 2186 τῶν
3041 2133 3375 2204 εὐεργεσιῶν
3425 2127 3517 2188 ὧν
3550 2132 3844 2203 ἐυανθέι)-

2199 2226 2382 2296 πήσας
2411 2225 2597 2290 αὐτοῖς
2614 2225 2865 2296 παρεῖχε,
2883 2223 3203 2297 θεραπεύων
3230 2224 3420 2279 αὐτῶν
3447 2226 3658 2279 πᾶσαν

2200 2319 2294 2373 καὶ
2324 2319 2506 2372 πᾶσαν
2537 2317 2828 2390 μαλακίαν.

2268 2409 2674 2479 Κατάστησον
2687 2409 2780 2462 ἐπ’
2815 2407 3004 2464 αὑτὸν
3045 2408 3432 2478 ἁμαρτωλὸν,
3467 2409 3585 2462 καὶ
3635 2408 3840 2461 6:65:-

2195 2506 2306 2570 λος
2339 2501 2537 2570 στήτω
2556 2503 2626 2556 ἐκ
2675 2500 2892 2567 δεξιῶν
2918 2502 3133 2558 αὑτοῦ.
3188 2503 3246 2556 '0
3272 2502 3367 2555 καὶ
3423 2501 3723 2564 exalia;
3751 2502 3838 2553 zi-
3885 2567 3888 2576 Ι

2197 2596 2310 2660 τὸν,
2354 2596 2534 2650 πάντα
2575 2595 2611 2650 ἃ
2664 2594 2926 2666 πρότερον
2973 2594 3146 2648 ἐδόκει
3185 2593 3504 2664 κεκτῆσθαι
3539 2593 3718 2664 δεξιᾷ
3749 2593 3840 2660 τῆς

2198 2597 2310 2660 τὸν,
2354 2597 2534 2650 πάντα
2575 2597 2611 2650 ἃ
2664 2597 2926 2666 πρότερον
2973 2597 3146 2648 ἐδόκει
3185 2597 3504 2664 κεκτῆσθαι
3539 2597 3718 2664 δεξιᾷ
3749 2597 3840 2660 τῆς

2198 2689 2363 2744 αὑτοῦ
2400 2688 2581 2759 ψυχῆς
2598 2687 2966 2759 ὰποσυλήσας.
2999 2687 3094 2741 Ἐν
3115 2685 3194 2753 τῷ
3215 2687 3551 2756 κρίνεσθαι
3587 2685 3834 2748 “facit:
3879 2597 3926 2832 ᾖ

2198 2777 2801 2832 καταδεδικασμένος.
2823 2777 2920 2831 καὶ
2938 2779 2976 2832 ἡ
2991 2776 3301 2832 προσευγὴ
3314 2776 3525 2832 αὐτοῦ
3545 2777 3834 2832 ινενέσπέε³

2198 2777 2801 2850 καταδεδικασμένος,
2823 2777 2920 2831 καὶ
2938 2779 2976 2846 ἡ
2991 2776 3301 2846 προσευχὴ
3314 2776 3525 2832 αὐτοῦ
3545 2777 3834 2845 ’ποετ-ἐτ’·πέε³

2195 2875 2283 2941 είς
2339 2872 2651 2944 ἁμαρτίαν.
2709 2869 3156 2939 Γενηθήτωσαν
3197 2871 3259 2922 al
3310 2869 3548 2938 ἡμέραι
3641 2868 3828 2922 αὑτῶ

2197 2964 2414 3034 ὀλίγαι,
2447 2963 2546 3016 καὶ
2587 2962 2702 3030 τὴν
2733 2959 3081 3028 ἐπισκοπὴν
3125 2959 3313 3014 αὑτοῦ
3363 2957 3560 3014 λάϐοι
3595 2959 3826 3029 ἔτερ-εξ.
3895 3033 3902 3044 ⁸

2195 3053 2639 3124 Γενηθήτωσαν
2665 3055 2717 3107 οί
2745 3052 2862 3108 υἱοὶ
2887 3051 3074 3106 αὐτοῦ
3118 3050 3387 3120 ὀρφανοὶ,
3440 3049 3560 3104 καὶ
3591 3050 3642 3117 ἠ
3673 3051 3821 3120 μή

2195 3145 2382 3200 αὐτοῦ
2421 3142 2578 3215 χήρα
2597 3161 2610 3174 ·
2670 3143 3067 3212 σαλευόμενοι
3115 3141 3716 3211 μεταναστήτωσαν
3775 3148 3822 3194 τέ

2196 3235 2315 3292 υἱοὶ
2351 3235 2558 3299 αὐτοῦ,
2605 3234 2702 3288 καί
2746 3233 3281 3301 ἐπαιτησάτωσαν·
3315 3231 3816 3300 ἐκϐληθήτωη

2195 3327 2264 3381 ἐκ
2295 3323 2415 3380 τῶν
2457 3322 2787 3380 οἰκοπέδων
2835 3322 3053 3377 αὐτῶν.
3088 3322 3248 3386 Εἰκὸς
3299 3322 3396 3376 καὶ
3437 3322 3658 3394 ῥητῶς
3687 3323 3817 3377 κατὰ

2195 3416 2356 3489 ψιλὴν
2382 3416 2482 3490 τὴν
2505 3415 2648 3484 λέξιν
2672 3414 2848 3469 ταῦτα
2888 3414 3068 3469 πάντα
3101 3412 3510 3486 πεπληρῶσθαι
3539 3414 3704 3467 κατὰ
3728 3413 3815 3465 τοῦ

2197 3508 2458 3582 προδότου
2491 3507 2631 3578 μετὰ
2645 3505 2744 3578 τὴν
2765 3506 3064 3576 ἀνάρτησιν
3097 3502 3288 3569 αὑτοῦ,
3325 3502 3444 3574 ἃμα
3481 3503 3600 3575 μὲν
3648 3505 3814 3576 ὀρφα-

2193 3601 2300 3655 νῶν
2331 3599 2636 3672 γενομένων
2659 3597 2837 3672 ,αὑτοῦ
2881 3596 2991 3651 τῶν
3016 3597 3242 3661 παίδων,
3288 3593 3407 3666 ἅμα
3447 3594 3517 3648 δὲ
3559 3595 3670 3648 καὶ
3727 3598 3814 3666 τῆς

2154 3690 2159 3697 ’
2192 3692 2452 3766 γυναικὸς
2473 3692 2530 3745 ἐν
2563 3690 2764 3764 χηρείᾳ.
2797 3689 3164 3762 καταστάσης,
3189 3687 3284 3742 καὶ
3330 3685 3442 3740 τῶν
3465 3685 3617 3756 ἑξῆς
3652 3704 3804 3741 κατι

2191 3785 2493 3856 λεχθέντων
2517 3783 2771 3838 ἁπάντων
2800 3782 2936 3856 πρὸς
2963 3779 3107 3846 λέξιν
3139 3779 3291 3842 τέλος
3339 3777 3698 3848 εἰληφότων,
3745 3780 3812 3840 ὡς

2192 3870 2489 3943 ἀληθεῦσαι
2519 3870 2619 3944 τὴν
2645 3871 2949 3942 πρόρρησιν
2983 3869 3075 3924 τοῦ
3107 3869 3363 3942 Σωτῆρος
3399 3867 3577 3939 ἡμῶν
3595 3868 3702 3922 διὰ
3721 3867 3812 3921 τιξ

2192 3963 2408 4036 ψαλμοῦ
2434 3963 2609 4018 ταῦτα
2628 3962 2864 4017 ἔσεσθαι.
2895 3963 3130 4034 Νοήσεις
3158 3961 3215 4015 δὲ
3246 3960 3426 4015 ταῦτα
3454 3961 3564 4015 καὶ
3587 3962 3694 4014 ἐπὶ
3723 3960 3812 4014 tsi

2191 4055 2322 4111 λαοῦ
2355 4054 2450 4110 τοῦ
2487 4053 2752 4109 Ἰουδαίων
2781 4053 2966 4117 ἔθνους
3003 4052 3146 4107 κατὰ
3184 4051 3327 4117 λέξιν
3376 4052 3807 4123 πεπληρωμένα

2196 4147 2335 4222 μετὰ
2376 4147 2475 4218 τὴν
2515 4147 2598 4210 εἰς
2643 4145 2733 4198 τὸν
2766 4144 3008 4218 Χριστὸν
3051 4143 3376 4215 ὲπιὸουλήν·
3425 4141 3682 4213 Ὀλίγων
3705 4144 3810 4213 γὰρ

2193 4240 2335 4313 μετὰ
2371 4240 2462 4294 τὸν
2492 4238 2724 4311 σταυρὸν
2752 4237 3070 4292 διελθόντων
3093 4236 3249 4303 ὲτῶν,
3281 4237 3517 4290 ἄστατον
3557 4236 3725 4292 ἅπαν
3755 4243 3810 4295 τὲ

500 4321 648 4386 ἔθνος
669 4323 914 4393 ἐγένετο·
949 4327 1042 4388 καὶ
1068 4328 1116 4379 οί
1162 4327 1260 4396 μὲν
1292 4327 1659 4407 ἀνῃρέθησαν,
1697 4333 1751 4385 αἱ
1785 4333 1843 4386 δὲ
1882 4330 2088 4388 τούτων
2116 4335 2374 4402 γυναῖκες
2413 4331 2552 4404 μετὰ
2578 4327 2686 4384 τῶν
2707 4320 2914 4384 παίδων
2941 4325 3538 4401 ἐξηνδραποδίσθησαν.

563 4417 732 4476 Vens.
766 4418 952 4474 11-15.
990 4418 1267 4481 Scrutatur
1318 4425 1584 4495 fenerator
1608 4443 1810 4481 omnem
1840 4430 2088 4486 substau-
2119 4437 2184 4492 D—

503 4511 633 4564 tiam
655 4511 790 4580 ejus,
820 4521 869 4566 et
893 4511 1148 4582 diripiant
1178 4516 1338 4571 alieni
1379 4518 1592 4574 divitias
1632 4535 1832 4576 eorum.
1861 4517 1985 4574 Non
2012 4521 2084 4575 sit

498 4600 582 4654 illi
623 4613 913 4670 susceptor.
946 4621 1038 4658 nec
1074 4606 1144 4659 sit
1172 4609 1452 4666 miserator
1482 4611 1698 4681 pupillis
1749 4610 1884 4680 ejus.
1916 4610 2083 4666 Fiant

496 4693 613 4747 nati
657 4693 771 4762 ejus
814 4695 871 4750 in
915 4696 1209 4765 interitum,
1244 4701 1298 4754 in
1342 4704 1676 4772 generatione
1707 4720 1815 4757 una
1845 4703 2086 4759 deleatur

495 4801 681 4840 nomen
705 4786 840 4856 ejus.
893 4785 1256 4858 Symmachus
1288 4809 1416 4849 vero
1451 4796 1532 4850 sic
1553 4839 1568 4858 .
1609 4794 1840 4867 Colligat
1866 4807 2084 4852 exactor

494 4880 674 4933 omnia
701 4895 818 4950 qua:
849 4889 972 4932 sunt
1003 4881 1124 4950 ipsi.
1165 4882 1466 4943 Exactores
1494 4896 1677 4943 autem
1709 4889 2079 4944 Romanorum

495 4972 856 5041 imperatores
884 4981 1034 5038 sunt,
1063 4973 1377 5046 impositum
1403 4980 1638 5051 vectigal
1679 4981 1979 5052 exigentes.
2013 4981 2080 5038 lli

493 5075 660 5130 porro
685 5061 869 5116 omnia
896 5059 1210 5120 Iudaeorum
1244 5067 1387 5122 bona
1417 5069 1786 5140 diripuerunt,
1823 5079 2080 5128 accurate

494 5152 681 5210 omnia
711 5163 1046 5222 scrutantes,
1077 5157 1152 5212 ita
1199 5169 1257 5214 ut
1301 5163 1518 5217 occulta
1554 5164 1718 5222 etiam
1767 5164 2078 5222 invenirent

493 5245 709 5316 sibique
738 5247 1098 5306 vindicarent.
1133 5249 1229 5308 His
1261 5269 1387 5310 vero
1421 5257 1608 5325 gestis,
1641 5267 1932 5330 postquam
1965 5259 2071 5314 ini-

494 5335 620 5392 mici
653 5335 806 5392 bona
827 5339 1069 5410 ipsorum
1100 5342 1242 5398 inter
1264 5361 1322 5401 se
1353 5345 1664 5413 diviserint,
1697 5364 1858 5405 nemo
1881 5350 1948 5406 iis
1977 5349 2074 5404 ad-

494 5423 640 5492 iutor
662 5427 792 5492 erit,
818 5443 919 5484 nec
938 5446 1125 5488 eorum
1151 5434 1278 5490 ﬁliis
1305 5448 1578 5506 parcetur.
1603 5437 1811 5496 Deinde
1839 5440 2074 5512 quadra-

495 5515 640 5586 ginta
667 5519 910 5575 nondum
938 5523 1141 5594 elapsis
1169 5528 1352 5598 anuis,
1381 5527 1694 5592 Judaorum
1730 5535 1965 5606 populus
1988 5534 2074 5591 in-

495 5612 807 5668 ternecione
838 5613 1050 5672 deletus
1075 5625 1161 5674 est

563 5872 630 5954 ⁸⁷,
647 5869 833 5934 Matth.
875 5891 904 5930 ν
919 5914 933 5941 ,
968 5874 1056 5938 Η.

2276 4425 2761 4498 Ἐξερευνηοιάτω
2798 4423 3127 4491 δανειστὴς
3155 4421 3353 4476 πάντα
3376 4421 3496 4474 ὅσα
3527 4423 3810 4494 ὑπάρχει

2189 4517 2350 4586 σὺτῷ
2368 4536 2380 4550 ·
2405 4517 2504 4572 καὶ
2524 4514 3032 4586 διαρπασὰτωσαν
3047 4515 3354 4582 ἀλλότριοι
3383 4513 3494 4566 τὸν
3512 4517 3810 4572 πλοῦτον

2189 4611 2410 4668 αὐτῶν.
2468 4608 2564 4678 Μὴ
2619 4607 2941 4677 ὑπαρξάτω
3001 4605 3164 4672 αὐτῷ
3200 4604 3616 4674 ἀντιλήπτωρ,
3639 4609 3810 4677 μηδὲ

2187 4702 2491 4777 γενηθήτω
2522 4702 2840 4771 οἰκτίρμων
2876 4698 3002 4766 τοῖς
3033 4696 3318 4768 ὀρφανοῖς
3341 4697 3550 4752 αὐτοῦ.
3593 4701 3804 4767 Per-n-

2186 4792 2345 4856 θήτω
2369 4797 2444 4845 τὰ
2477 4790 2658 4845 τέκνα
2679 4789 2867 4845 αὐτοῦ
2914 4792 3001 4854 εὶς
3020 4787 3471 4855 ἐξολόθρευσιν,
3508 4788 3584 4842 ἐν
3611 4791 3804 4860 γενεᾷ

2179 4882 2288 4955 μιᾷ
2305 4883 2685 4953 ἐξαλειφθείη
2733 4880 2801 4935 τὸ
2833 4879 3021 4950 ὄνομα
3054 4879 3260 4934 αὑτοῦ.
3318 4879 3376 4931 'O
3395 4877 3452 4932 δὲ
3479 4879 3801 4953 Σύμμαχος

2183 4972 2347 5037 οὕτω,
2374 4971 2754 5042 Συγκρούσαι
2778 4968 3055 5039 πράκτωρ
3087 4969 3284 5022 πάντα
3310 4967 3383 5022 τὰ
3397 4971 3796 5040 ,ὑπάρχοντα

2184 5065 2364 5132 αὐτῷ.
2421 5064 2739 5136 Πράκτορες
2766 5062 2825 5116 δὲ
2856 5063 2950 5117 καὶ
2973 5065 3022 5115 oi
3071 5061 3356 5134 Ῥωμαίων
3400 5061 3654 5131 βασιλεῖς
3695 5065 3794 5118 τὸν

2183 5155 2528 5227 ἐπικείμενον
2561 5153 3011 5227 εἰσπραττόμενοι
3045 5151 3230 5223 φόρον.
3259 5146 3418 5208 Οὗτοι
3447 5151 3504 5205 δὲ
3536 5151 3608 5207 τὰ
3653 5155 3790 5208 Ἰου-

2179 5249 2346 5304 δαίων
2373 5249 2703 5322 διήρπασαν,
2733 5246 2948 5301 ἅπαντα
2973 5245 3217 5318 ἀκριϐῶς
3249 5247 3672 5320 ἐρευνήσαντες,
3705 5248 3786 5313 ὡς

2181 5339 2276 5393 καὶ
2295 5338 2363 5392 τὰ
2379 5339 2737 5412 κεκρυμμένα
2749 5339 2930 5409 εὑρεῖν
2945 5355 3006 5392 τε
3023 5338 3114 5392 καὶ
3135 5337 3707 5411 σφετερίσαι.Τούτων
3720 5339 3780 5394 δὲ

2178 5431 2509 5502 γενομένων,
2550 5431 2643 5484 καὶ
2670 5429 2780 5484 τῶν
2819 5429 3092 5500 πολεμίων
3107 5431 3176 5484 τὰ
3190 5430 3399 5494 τούτοις
3416 5430 3773 5502 προσήκοντα

2178 5523 2604 5593 διανεμομένων,
2622 5521 2796 5586 οὐδεὶς
2807 5522 2990 5588 αὐτοῖς
3010 5523 3303 5596 ἐπίκουρος
3323 5521 3626 5586 ἔσται,οῶ
3641 5541 3765 5593 φει-

2179 5613 2301 5679 δοῦς
2327 5613 2567 5681 αὐτῶνοί
2595 5615 2784 5680 παῖδες
2808 5615 3216 5686 ἀξιωθήσονταισ.
3229 5612 3368 5684 ,Εἶτα
3381 5622 3434 5688 μ’
3447 5618 3509 5670 οὔ
3525 5616 3763 5674 διελθόν-

2178 5723 2284 5771 των
2299 5706 2460 5774 ἐτῶν,
2473 5706 2704 5762 πανολεθ
2711 5707 2832 5781 ρίαν
2848 5709 3139 5780 ὑπέμεινεν
3153 5711 3183 5764 ὁ
3214 5708 3483 5767 Ἰουδαίων
3503 5709 3650 5774 λαός.
