3954 7146
69 336 284 394 .337

1313 347 1821 410 COMMENTARIA
1861 353 1928 410 ΙΝ
1967 353 2310 413 PSALMOS.

3346 360 3484 418 i338

193 456 726 535 I-trexltrnadeln
773 464 815 536 ἠ
846 465 1069 538 ἀνομία
1121 467 1242 524 τῶν
1295 471 1568 542 πατέρων
1608 475 1796 531 αὐτοῦ
1825 483 1855 538 Α

1971 475 2137 533 Vens.
2170 477 2358 533 11—16.
2420 477 2488 532 In
2520 481 2828 534 memoriam
2877 479 3056 535 redeat
3102 479 3354 550 iniquitas
3389 497 3487 549 pa-

49 548 414 632 ,ἔναντι
449 558 700 628 Κυρίου,
727 559 826 614 real
855 561 896 630 ἡ
937 561 1194 632 ἁμαρτία
1224 565 1337 635 τῆς
1359 567 1586 638 μητρὸς
1617 568 1806 626 αὐτοῦ

50 645 206 714 ’μὴ
245 647 726 722 ἐξαλειφθείη.
760 653 1079 723 Γενηθήτω
1105 656 1386 714 ἐναντίον
1415 663 1640 732 Κυρίου
1690 663 1811 718 δια-

61 745 394 799 σεαντὸ
404 765 466 812 ς,
485 749 581 802 real
598 747 1016 818 ἐξολοθρευθεί
1019 769 1056 819 η
1091 751 1161 806 ἐκ
1182 751 1299 822 γῆς
1319 753 1387 808 τὸ
1403 759 1811 826 μνημόσυνον

80 832 436 902 αὐτῶν,
465 838 597 894 ἀνθ’
634 833 722 896 ὧν
743 841 855 894 οὐκ
879 839 1152 911 ἐμνήσθη
1185 843 1439 913 ποιῆσαι
1469 847 1664 915 ἕλεος.
1692 850 1808 902 Πα-

51 971 64 986 ,,
83 921 372 995 τέρων
432 927 604 1001 ἁρετὴ
645 928 905 994 πολλάκις
953 929 1046 983 καὶ
1088 930 1589 1007 πλημμελήσαντας
1631 936 1812 1009 ὢνησε

53 1049 60 1094 ί
101 1018 440 1088 παῖδας,
471 1021 550 1086 ώς
605 1023 733 1086 τοὺς
786 1021 1073 1089 Ἰουδαίους
1110 1024 1202 1079 τοῦ
1260 1026 1511 1100 Ἀϐραὰμ
1541 1031 1575 1100 ἡ
1607 1029 1813 1096 πίστις,

50 1159 64 1192 τ
101 1109 223 1176 ὡς
273 1114 419 1168 τὸν
449 1114 770 1187 Σολομῶντα
809 1116 904 1171 τοῦ
941 1117 1107 1172 Δαυῒδ
1127 1120 1161 1190 ἡ
1194 1119 1447 1176 εὐσέϐεια
1467 1140 1480 1153 ·
1505 1123 1740 1196 πονηρία
1758 1126 1816 1180 δὲ

50 1255 52 1282 γ
115 1204 475 1276 πατέρων
503 1209 616 1271 τοῖς
660 1207 870 1277 ὁμοίοις
898 1209 1087 1262 παισὶν
1116 1209 1342 1278 ὲπαύξει
1381 1212 1480 1285 τὴν
1509 1215 1810 1288 τιμωρίαν·

50 1351 62 1380 ἶ
112 1294 450 1367 οὐδεμία
488 1299 597 1369 γὰρ
626 1297 926 1370 οὐδαμόθεν
961 1298 1276 1371 εὑρίσκεται
1316 1300 1532 1372 φειδοῦς
1570 1304 1816 1376 ἀφορμή.

50 1389 57 1472 ’ζ
142 1388 666 1459 Ἀναμνησθείη
684 1392 722 1460 ή
741 1392 962 1461 ἀνομία
977 1390 1098 1445 τῶν
1109 1394 1384 1464 πατέρων
1406 1394 1594 1450 αὐτοῦ
1610 1394 1818 1450 ἔναντι

1909 576 2048 621 trum
2071 568 2187 638 ejus
2218 569 2274 622 in
2321 581 2599 638 conspectu
2636 571 2870 636 Domini,
2908 581 2958 626 et
2997 580 3266 642 peccatum
3297 574 3485 628 matris

1907 660 2022 730 ejus
2048 677 2152 714 non
2172 661 2432 717 deleatur.
2463 659 2591 717 Fiat
2637 673 2824 720 contra
2869 664 3156 721 Dominum
3182 681 3403 736 semper,
3438 679 3485 720 et

1909 754 2174 822 dispereat
2214 754 2278 809 de
2333 764 2476 810 terra
2520 759 2825 814 memoriale
2873 776 3074 822 eorum,
3123 775 3219 827 pro
3255 775 3316 814 eo
3349 757 3489 830 quod

1911 863 2016 900 non
2034 857 2113 901 est
2142 847 2448 903 recordatus
2475 849 2646 919 facere
2672 852 3111 908 misericordiam.
3139 853 3358 906 Patrum
3387 851 3493 904 vir-

1912 947 2002 994 tus
2030 955 2405 1010 saepenumero
2432 943 2597 997 etiam
2627 941 2753 1000 ﬁliis
2783 944 3141 1014 peccantibus
3167 942 3394 1013 profuit,
3431 951 3492 997 ut

1914 1029 2048 1086 ﬁdes
2071 1031 2299 1085 Abraha:
2325 1029 2551 1094 Judmis,
2577 1030 2798 1087 Davidis
2832 1033 3006 1103 pietas
3038 1030 3314 1086 Salomoni
3351 1049 3364 1086 :
3395 1027 3493 1084 sed

1915 1122 2158 1192 pravitas
2191 1131 2482 1193 parentum
2513 1123 2640 1179 ﬁliis
2666 1123 2940 1180 similibus
2972 1138 3190 1194 paruam
3223 1121 3491 1192 adauget;

1916 1231 1982 1271 ex
2013 1216 2166 1270 nullo
2193 1219 2396 1288 quippe
2438 1217 2560 1271 loco
2604 1217 2787 1286 aliqua
2833 1215 3125 1272 miserendi
3156 1214 3376 1270 occasio
3406 1227 3496 1267 re-

1918 1307 2148 1378 peritur.
2186 1305 2250 1361 In
2295 1309 2603 1361 memoriam
2638 1307 2816 1360 redeat
2855 1306 3109 1376 iniquitas
3139 1315 3352 1374 patrum
3381 1302 3495 1372 ejus

1918 1399 1974 1450 in
2028 1409 2308 1468 conspectu
2350 1399 2583 1454 Domini.
2634 1396 2828 1454 Patres
2878 1408 3055 1451 autem
3099 1410 3290 1451 eorum
3338 1404 3500 1449 vocat

123 1482 468 1550 Κυρίου.
523 1485 774 1557 Πατέρας
814 1484 870 1538 δὲ
914 1485 1098 1542 αὐτῶν
1134 1487 1293 1542 καλεῖ
1307 1488 1432 1552 τοὺς
1457 1489 1516 1542 ὲν
1535 1491 1602 1560 τῇ
1627 1490 1818 1562 ἐρήμῳ

1941 1489 2066 1551 llos.
2115 1491 2209 1560 qui
2243 1491 2299 1544 in
2332 1490 2553 1545 deserto
2598 1489 2762 1559 impie
2793 1503 2853 1542 se
2892 1495 3200 1559 gesserunt,
3239 1485 3332 1556 qui
3360 1492 3502 1538 tem-

50 1631 58 1666 :
130 1575 228 1645 τῇ
309 1573 638 1649 δυσσεὸείᾳ
679 1577 1080 1650 χρησαμένους,
1129 1580 1257 1644 τοὺς
1298 1581 1392 1634 ἐπὶ
1441 1580 1551 1634 τῶν
1589 1581 1812 1654 κριτῶν,
1847 1569 1855 1623 Ῑ

1941 1593 2048 1635 »οι-ε
2077 1580 2322 1647 judicum
2371 1588 2427 1634 et
2468 1594 2678 1651 regum,
2722 1579 2926 1648 quique
2965 1586 3087 1647 post
3143 1575 3376 1631 reditum
3432 1589 3500 1630 ex

132 1667 314 1732 τοὺς
345 1668 586 1723 ἐπὶτῶν
603 1669 909 1740 βασιλειῶν,
933 1674 1059 1736 τοὺς
1079 1671 1217 1744 μετὰ
1244 1671 1344 1743 τὴν
1368 1672 1478 1726 άπὸ
1497 1673 1818 1738 Βαϐυλῶνος

50 1821 62 1834 _
142 1755 487 1811 ὲπὰνοδον
502 1760 815 1832 παρανομίᾳ⁵
839 1762 1200 1833 συζήσαντας.
1231 1763 1340 1816 Kal
1366 1764 1404 1830 ή
1430 1763 1688 1832 ἁμαρτία
1709 1761 1820 1830 τῆς

51 1901 54 1906 .
137 1849 450 1918 μητρὸς
495 1851 682 1906 αὐτοῦ
728 1850 814 1921 μὴ
873 1851 1276 1922 ἐξαλειφθείη.
1339 1852 1572 1925 Μητέρα
1619 1853 1673 1906 δὲ
1725 1851 1824 1924 τὴν

50 1943 56 1948 ”
161 1939 614 2014 Ἰερουσαλὴμ,
662 1943 721 1997 ἐν
813 1944 909 2016 τῆς
949 1943 1091 1998 κατὰ
1133 1943 1230 1998 τοῦ
1269 1945 1542 1999 Δεσπότου
1583 1943 1823 2018 Χριστοῦ

50 2037 60 2082 ῗ
164 2035 548 2104 μιαιφονίας
575 2035 844 2109 ἐτολμήθη
872 2037 933 2090 τὸ
953 2036 1143 2108 μῦσος.
1181 2037 1506 2108 Γενηθήτω
1544 2038 1826 2092 ἐναντίον

51 2199 60 2208 ,
165 2125 456 2194 Κυρίου
485 2125 834 2194 διαπαντὸς,
862 2128 959 2182 καὶ
1000 2129 1453 2198 ὲξολοθρευθείη
1495 2129 1566 2183 ἐκ
1610 2128 1725 2200 τῆς
1755 2128 1826 2182 τὸ

51 2221 60 2230 °
164 2220 635 2288 μνημόσυνον
688 2219 907 2286 αὐτῶν,
941 2223 1072 2278 ἀνθ’
1107 2214 1195 2275 ὧν
1215 2223 1328 2277 οὐκ
1355 2222 1628 2292 ἐμνήσθη
1661 2221 1829 2291 ποιῆ-

55 2387 58 2392 _
173 2327 314 2365 σαι
349 2312 564 2380 ἕλεος.
600 2314 804 2380 Πάντα,
853 2317 1010 2387 φησὶ,
1041 2316 1111 2368 τὰ
1151 2316 1244 2369 ὑπ’
1277 2315 1456 2371 αὐτῶν
1487 2314 1829 2388 τολμηθέντα

181 2403 531 2475 παράνομα
587 2405 676 2458 ἀεὶ
724 2405 995 2476 θεώμενος
1046 2409 1075 2460 ὁ
1108 2406 1277 2471 Θεὸς,
1326 2408 1584 2479 οὐδεμιᾶς
1631 2407 1831 2472 αὐτοὺς

177 2495 459 2564 ἀξιώσει
501 2495 740 2565 φειδοῦς,
777 2498 912 2552 ἀλλὰ
958 2496 1289 2570 πανολεθρίιρ⁵
1340 2497 1670 2572 παραδώσει.
1718 2500 1831 2554 Καὶ

185 2590 486 2645 ἐντεῦθεν
515 2590 696 2661 μέντοι
727 2590 906 2662 δῆλον,
931 2591 1008 2656 ὡς
1031 2591 1091 2645 οὐ
1124 2592 1253 2664 περὶ
1302 2592 1466 2662 μόνου
1502 2590 1598 2645 τοῦ
1632 2591 1826 2657 Ἰούδα,

186 2684 361 2738 ἀλλὰ
401 2686 538 2756 περὶ
570 2686 790 2740 πάντων
812 2685 920 2738 τῶν
949 2685 1333 2756 ἡπιστηκότων
1349 2682 1616 2738 Ἰουδαίων
1644 2683 1827 2754 λέγει·

1923 1673 2220 1744 Babylonia
2249 1674 2434 1744 inique
2462 1675 2739 1728 vixerunt.
2772 1671 2840 1725 Et
2867 1681 3137 1742 peccatum
3169 1670 3359 1723 matris
3386 1668 3503 1739 ejus

1927 1780 2030 1818 non
2066 1761 2325 1818 deleatur.
2362 1763 2588 1819 Matrem
2619 1779 2750 1818 vero
2801 1771 2962 1816 vocat
2997 1760 3414 1831 Jerosolymam,
3446 1760 3504 1814 in

1924 1870 2030 1924 qua
2059 1863 2348 1909 cruentum
2399 1862 2594 1910 contra
2631 1853 2920 1910 Dominum
2965 1853 3248 1910 Christum
3293 1850 3506 1907 facinus

1931 1955 2242 2020 perpetrare
2271 1948 2392 2004 ausi
2413 1956 2558 2005 sunt.
2591 1948 2719 2002 Fiat
2748 1957 2932 2002 contra
2963 1947 3250 2002 Dominum
3281 1960 3506 2014 semper,

1929 2051 1979 2095 et
2001 2041 2267 2111 dispereat
2298 2043 2362 2097 de
2404 2052 2546 2097 terra
2583 2041 2891 2097 memoriale
2914 2057 3118 2105 eorum,
3157 2055 3252 2110 pro
3281 2055 3341 2094 eo
3370 2043 3510 2111 quod

1931 2144 2140 2190 nonest
2170 2133 2479 2190 recordatus
2523 2135 2697 2206 facere
2745 2135 3188 2191 misericordiam.
3223 2132 3362 2189 Cum
3393 2148 3514 2186 om-

1930 2228 2043 2291 nia,
2075 2227 2274 2298 inquit,
2302 2228 2371 2282 ab
2396 2229 2478 2284 eis
2505 2227 2745 2284 admissa
2770 2228 2979 2284 scelera
3001 2227 3146 2282 Deus
3186 2239 3402 2294 semper
3429 2224 3516 2278 in-

1927 2329 2172 2386 tueatur,
2195 2321 2356 2392 {nulla
2402 2322 2551 2392 ipsos
2581 2323 2743 2376 venia
2782 2321 3116 2392 dignabitur,
3149 2319 3242 2375 sed
3273 2319 3516 2373 interno-

1929 2412 2075 2467 cioni
2123 2411 2326 2467 tradet.
2374 2413 2554 2484 Atque
2588 2414 2718 2468 hinc
2763 2415 2942 2483 palam
2987 2421 3092 2476 est,
3147 2427 3258 2467 non
3297 2409 3366 2465 de
3399 2407 3519 2465 solo

1927 2501 2090 2570 Juda,
2129 2504 2228 2560 sed
2259 2505 2326 2561 de
2358 2505 2614 2574 omnibus
2646 2505 2947 2561 incredulis
2975 2503 3178 2560 Iudaeis
3207 2505 3323 2558 hinc
3351 2501 3463 2556 dici
3498 2518 3516 2557 :

1929 2612 2056 2651 nam
2086 2612 2116 2651 a
2135 2598 2396 2670 singulari
2411 2613 2648 2670 persona
2675 2598 2740 2652 ad
2774 2598 2979 2653 multos
3000 2610 3308 2653 sermonem
3333 2603 3523 2650 trans-

1932 2689 2084 2757 tulit;
2115 2706 2223 2746 non
2251 2690 2396 2746 enim
2421 2691 2535 2760 jam
2567 2691 2720 2758 dicit,
2749 2689 2888 2760 ejus,
2945 2687 3064 2754 sed,
3091 2705 3292 2744 eorum.

194 2780 330 2834 ἀπὸ
387 2779 508 2851 γὰρ
553 2778 736 2833 ἑνικοῦ
782 2778 1077 2850 προσώπου
1115 2779 1208 2832 ἐπὶ
1258 2777 1322 2832 τὸ
1374 2777 1738 2849 πληθυντικὸν
1788 2780 1880 2837 τὸν
1929 2782 2087 2854 λόγον
2137 2786 2499 2858 μετήνεγκεν⁸
2531 2783 2716 2839 οὐκέτι
2760 2783 2870 2856 γὰρ
2921 2779 3093 2844 εἶπεν.
3142 2779 3350 2848 αὑτοῦ,
3383 2775 3526 2860 ἀλλ’²

195 2871 467 2928 αὐτῶν.

289 2985 424 3042 Kal
466 2984 826 3050 κατεδίωξεν
850 2983 1164 3054 ἄνθρωπον
1186 2985 1417 3053 πένητα
1445 2985 1544 3040 real
1571 2986 1832 3058 πτωχὸν,

2007 2985 2176 3054 Vens,
2219 2989 2404 3045 17-20.
2447 2987 2520 3043 Et
2547 2995 2850 3058 persecutus
2891 2995 2969 3044 est
3019 2987 3282 3042 hominem
3319 2989 3527 3059 inopem

205 3080 326 3137 real
372 3076 912 3148 κατανενυγμένον
949 3076 1024 3146 τῇ
1048 3077 1264 3147 καρδίᾳ
1302 3077 1411 3134 τοῦ
1452 3079 1795 3134 θανατῶσαι
1818 3097 1833 3111 ο

211 3173 494 3230 τουτέστι
519 3171 904 3242 πεπληγμένον
934 3169 1000 3224 δι’
1031 3169 1097 3234 ἃς
1123 3169 1270 3244 ἑώρα
1305 3171 1364 3224 ὲν
1391 3169 1575 3235 αὐτοῖς
1601 3189 1841 3244 παρανο-

218 3269 394 3342 μίας.
435 3265 599 3320 Ὅθεν
620 3265 714 3318 καὶ
742 3264 882 3336 πρὸς
907 3263 1008 3336 τὴν
1065 3262 1422 3336 Ἰερουσαλὴμ
1453 3262 1606 3334 ἔλεγε
1636 3264 1842 3320 κλαίων

221 3365 450 3435 αὐτὴν
472 3363 544 3416 El
576 3358 769 3430 ἔγνως
797 3356 896 3412 real
913 3356 996 3411 σὺ
1024 3356 1096 3410 τὰ
1115 3354 1542 3425 πρὸςέίρήνην
1571 3369 1700 3410 σοι·
1724 3355 1846 3411 νῦν

221 3456 300 3510 δὲ
319 3453 570 3523 -ὲκρύϐη
617 3448 739 3506 ἀπὸ
772 3448 893 3504 τῶν
941 3446 1263 3518 ὀφθαλμῶν
1311 3463 1448 3502 σου.
1505 3447 1844 3502 Ἐθανάτωσε

227 3550 293 3605 δὲ
348 3545 542 3611 αὑτὸν,
587 3544 762 3609 αἴτιος
787 3542 1080 3614 γενόμενος
1110 3539 1204 3593 τοῦ
1240 3541 1320 3605 είς
1351 3539 1580 3595 Θάνατον
1610 3540 1848 3613 παραδο-

231 3643 435 3713 Θῆναι.
472 3637 583 3695 Kal
598 3636 885 3708 ἠγάπησε
913 3631 1200 3703 κατάραν,
1237 3632 1337 3687 real
1369 3633 1501 3701 ἥξει
1523 3631 1717 3700 αὐτῷ·
1746 3633 1844 3688 real

235 3736 359 3788 οὐκ
387 3729 698 3799 ἠθέλησεν
715 3728 1022 3798 εὐλογίαν,
1081 3727 1180 3782 real
1223 3727 1716 3796 μακρυνθήσεται
1744 3726 1847 3781 ἀπ’

235 3823 463 3880 αὑτοῦ.
492 3823 607 3878 Kal
647 3821 979 3877 ἐνεδύσατο
1006 3818 1274 3888 κατάραν
1311 3818 1394 3884 ὡς
1441 3817 1701 3888 Ιμάτιον,
1746 3817 1848 3872 real

241 3915 547 3986 εἰσῆλθεν
571 3915 653 3982 ὡς
667 3912 828 3983 ὕδωρ
851 3915 942 3980 εὶς
961 3912 1036 3967 τὰ
1080 3911 1306 3982 ἔγκατα
1329 3910 1540 3975 αὐτοῦ,
1569 3909 1670 3964 real
1703 3910 1850 3965 ὡσεὶ

243 4009 468 4063 ἔλαιον
493 4007 564 4061 ἐν
593 4005 721 4073 τοῖς
751 4005 990 4071 ὀστέοις
1012 4004 1223 4060 αὐτοῦ.
1255 4001 1574 4069 Γενηθήτω
1590 3999 1751 4067 αὐτῷ
1770 4001 1852 4067 ὡς

249 4099 495 4170 ἱμάτιον
523 4098 556 4152 δ
599 4098 1038 4168 περιϐάλλεται,
1093 4097 1194 4152 real
1249 4096 1392 4150 (basi
1419 4094 1569 4162 ζώνη
1613 4092 1695 4162 ἣν
1725 4093 1854 4148 δια-

252 4189 490 4256 παντὸς
537 4189 979 4258 περιζώννυται.
1030 4189 1212 4244 Τοῦτο
1259 4187 1327 4242 τὸ
1360 4187 1540 4256 ἔργον
1581 4184 1701 4240 τῶν
1730 4185 1855 4239 δια-

255 4282 615 4339 ϐαλλόντων
640 4298 718 4351 με
763 4279 922 4351 παρὰ
950 4281 1194 4349 Κυρίου,
1220 4278 1322 4333 real
1358 4278 1479 4332 τῶν
1501 4277 1855 4332 λαλούντων

1939 3088 1987 3135 et
2022 3081 2340 3145 mendicum,
2374 3091 2426 3136 et
2477 3090 2846 3151 compunctum
2879 3078 3035 3134 corde
3090 3080 3432 3151 morti/icore,
3471 3081 3528 3136 id

1941 3180 2046 3238 est,
2079 3188 2401 3244 percussum
2442 3174 2514 3228 ob
2543 3173 2861 3244 iniquitates
2885 3188 3022 3244 quas
3049 3172 3102 3227 in
3130 3171 3263 3242 ipsis
3285 3171 3525 3228 videbat.

1943 3265 2125 3333 Quare
2167 3265 2564 3337 Jerosolymam
2608 3265 2816 3322 deﬂens
2852 3265 3090 3320 dixitci:
3119 3261 3180 3320 Si
3200 3265 3529 3336 cognovisses

1943 3370 1992 3414 et
2022 3369 2079 3413 tu
2131 3376 2248 3429 qua:
2299 3359 2368 3413 ad
2409 3375 2594 3430 pacem
2645 3358 2778 3414 tibi:
2818 3375 2954 3413 nunc
2989 3369 3166 3414 autem
3219 3357 3533 3414 abscondita

1944 3459 2066 3506 sunt
2106 3451 2171 3504 ab
2215 3450 2385 3505 oculis
2439 3451 2545 3505 tuis
2573 3449 2640 3507 ⁸⁸.
2701 3447 3048 3505 Mortiﬁcavit
3103 3457 3285 3504 autem
3324 3449 3530 3520 ipsum,

1945 3542 2073 3614 quia
2109 3541 2163 3597 in
2220 3557 2387 3598 causa
2438 3541 2540 3597 fuit
2577 3557 2679 3598 cur
2711 3542 2778 3597 ad
2815 3551 3046 3598 mortem
3093 3541 3424 3596 traderetur.
3461 3539 3535 3594 Et

1945 3635 2135 3690 dilexit
2176 3633 2623 3700 maledictionem,
2658 3642 2708 3688 et
2754 3634 2920 3688 veniet
2966 3634 3050 3695 ei;
3083 3642 3132 3687 et
3175 3632 3346 3686 noluit
3381 3632 3536 3689 bene-

1947 3728 2251 3794 dictionem,
2301 3736 2350 3782 et
2383 3726 2722 3798 elongabitur
2754 3725 2819 3780 ab
2853 3742 2934 3781 eo.
2990 3723 3055 3778 Et
3103 3724 3275 3779 induit
3312 3723 3535 3779 maledi-

1949 3818 2174 3874 ctionem
2200 3817 2338 3872 sicut
2383 3817 2768 3878 vestimentum,
2805 3822 2854 3868 et
2886 3812 3102 3867 intravit
3126 3811 3262 3866 sicut
3313 3825 3450 3882 aqua
3479 3809 3536 3864 in

1949 3911 2206 3966 interiora
2233 3908 2370 3978 ejus,
2405 3917 2457 3962 et
2486 3908 2622 3962 sicut
2652 3905 2823 3960 oleum
2864 3905 2917 3958 in
2943 3902 3149 3958 ossibus
3169 3903 3304 3973 ejus.
3334 3901 3459 3956 Fiat
3487 3901 3544 3956 ei.

1951 4003 2088 4056 sicut
2138 4001 2506 4055 vestimentum
2546 4014 2647 4069 quo
2682 3997 2934 4066 operitur,
2973 4005 3021 4049 et
3066 3995 3202 4049 sicut
3249 4012 3404 4058 zona,
3432 4010 3540 4063 qua

1952 4109 2156 4164 semper
2196 4091 2561 4162 preecingitur.
2589 4088 2705 4144 Hoc
2744 4105 2872 4158 opus
2906 4104 3086 4142 eorum
3125 4087 3215 4158 qui
3255 4086 3539 4141 detrahunt

1955 4186 2083 4240 mihi
2109 4203 2142 4240 a
2172 4185 2421 4246 Domino,
2452 4195 2502 4238 et
2531 4183 2620 4255 qui
2651 4183 2936 4254 loquuntur
2972 4179 3116 4232 mala
3151 4178 3400 4231 adversus
3422 4177 3542 4230 ani-

1956 4294 2098 4332 mam
2128 4292 2318 4331 meam.
2354 4274 2491 4330 Cum
2539 4273 2826 4346 prephetia
2865 4271 2932 4326 de
2970 4285 3205 4341 persona
3242 4268 3543 4323 Salvatoris

259 4373 505 4443 πονηρὰ
547 4373 700 4428 κατὰ
751 4372 864 4441 τῆς
913 4371 1124 4442 ψυχῆς
1167 4389 1309 4442 μου.
1349 4371 1464 4442 Τῆς
1517 4370 1854 4442 προφητείας

1956 4369 2104 4426 dicat
2128 4369 2267 4435 :Qui
2313 4365 2674 4422 benedixerint
2698 4375 2746 4420 te
2773 4362 3027 4418 benedicti
3055 4370 3215 4424 sunt;
3242 4370 3290 4415 et
3317 4361 3406 4432 qui
3434 4377 3548 4415 ma-

258 4463 533 4535 λεγούσης
570 4465 650 4527 είς
671 4463 965 4534 πρόσωπον
988 4461 1082 4514 τοῦ
1105 4461 1358 4532 Σωτῆρος
1382 4475 1398 4490 ⁸
1438 4462 1502 4514 0i
1524 4457 1856 4530 εὐλογοῦν-

263 4559 365 4625 τές
385 4571 462 4611 σε
495 4557 879 4625 εὐλόγηνται,
915 4553 1016 4608 real
1048 4556 1102 4608 οι
1131 4551 1536 4622 καταρώμενοι
1567 4568 1644 4606 σε
1681 4567 1857 4605 κεκα-

265 4647 574 4716 τήρανται,
609 4647 759 4708 ὅπως
785 4645 884 4717 μὲν
913 4645 965 4697 οἱ
988 4641 1109 4697 καθ’
1138 4642 1267 4714 ὅλης
1281 4641 1382 4712 τῆς
1407 4640 1734 4712 οἰκουμένης
1768 4638 1860 4692 τὸν

271 4741 402 4795 Θεὸν
428 4740 495 4793 δι’
517 4738 683 4793 αὑτοῦ
719 4735 1059 4805 ἐπιγνόντες,
1096 4733 1192 4788 καὶ
1229 4732 1620 4794 πιστεύσαντες
1652 4731 1734 4794 εἰς
1761 4728 1860 4784 αὑ·-

272 4833 385 4895 τὸν,
413 4831 512 4901 τῆς
564 4831 628 4884 ὲκ
695 4829 831 4885 Θεοῦ
879 4825 1265 4892 καταξιοῦνται
1299 4822 1569 4892 εὐλογίας,
1611 4820 1687 4885 ὼς
1724 4821 1863 4891 πλη-

277 4920 452 4972 Θύνειν
481 4921 576 4972 καὶ
597 4919 802 4985 αὔξειν,
821 4917 1002 4974 καὶτὰ
1027 4917 1322 4988 σύμπαντα
1347 4913 1588 4986 πληροῦν
1609 4913 1710 4983 τὴν
1730 4913 1866 4984 Χρι-

278 5011 402 5065 στοῦ
435 5011 784 5083 Ἐκκλησίαν,
806 5017 920 5076 τοῖς
943 5015 1077 5068 πᾶσι
1104 5010 1366 5082 τυγχάνει
1391 5006 1662 5080 πρόδηλον
1683 5022 1697 5036 °
1716 5006 1867 5068 ὅπως

278 5107 333 5161 δὲ
365 5106 632 5172 Ἰουδαῖοι,
658 5105 929 5178 ἀρώμενοι
971 5106 1136 5160 αὑτὸν
1158 5105 1254 5158 καὶ
1293 5097 1742 5174 βλασφημοῦντες
1774 5097 1861 5166 ἐφ’

282 5198 514 5270 ἑκάστης
541 5199 775 5271 ἡμέρας,
807 5199 907 5268 τὴν
947 5199 1013 5252 ὲκ
1035 5195 1171 5251 Θεοῦ
1219 5194 1466 5266 κατάραν
1513 5193 1596 5254 εἰς
1634 5189 1864 5252 ἑαυτοὺς

287 5291 640 5356 ἐπισπῶνται,
673 5289 769 5345 καὶ
805 5290 962 5344 τοῦτο
989 5289 1147 5361 δῆλον
1177 5287 1288 5343 ἀπὸ
1309 5285 1404 5340 τοῦ
1429 5284 1504 5356 μὴ
1530 5279 1662 5354 ἆραι
1690 5298 1864 5350 κεφα-

287 5387 402 5459 λὴν,
436 5387 570 5458 μηδὲ
633 5385 927 5440 ἀνανεῦσαι
974 5387 1173 5449 αὐτοὺς
1217 5384 1326 5439 ἀπὸ
1374 5380 1485 5435 τῶν
1527 5379 1737 5452 χρόνων
1764 5378 1865 5449 τῆς

291 5477 424 5534 κατὰ
451 5478 546 5532 τοῦ
569 5479 723 5548 Σωτῆ
733 5494 822 5547 ρος
850 5476 1007 5549 ἡμῶν
1038 5475 1352 5546 ἐπιϐουλῆς.

358 5568 459 5625 Kal
484 5568 588 5634 σὺ,
636 5567 837 5637 Κύριε,
866 5568 1128 5634 ποίησον
1153 5567 1282 5636 μετ’
1334 5563 1482 5635 ἐμοῦ
1518 5563 1730 5618 ἕνεκεν
1761 5559 1871 5616 τοῦ

301 5661 576 5732 ὀνόματός
597 5675 738 5728 σου,
771 5658 862 5716 ὅτι
884 5658 1154 5731 χρηστὸν
1181 5657 1248 5713 τὸ
1271 5657 1447 5726 ἔλεός
1472 5672 1612 5718 σου,
1660 5653 1875 5712 Ῥὗσαί

370 5817 411 5849 ⁸⁸
445 5818 578 5875 Luc.
615 5834 703 5874 xu
731 5857 746 5886 ,
784 5816 873 5873 49..
950 5817 994 5852 ⁸⁸
1035 5813 1170 5874 Gen.
1208 5829 1388 5884 uvu,
1426 5813 1520 5872 9.9.

1958 4461 2237 4517 ledixerint
2280 4470 2328 4515 te
2359 4459 2628 4514 maledicti
2666 4466 2788 4512 sunt
2813 4457 2896 4524 ⁸⁹;
2951 4454 3228 4527 quomodo
3257 4451 3477 4524 quidem
3505 4450 3545 4508 ii

1961 4551 2055 4622 qui
2083 4551 2139 4606 in
2169 4557 2286 4606 toto
2319 4549 2451 4604 orbe
2498 4547 2664 4604 Denm
2710 4563 2803 4617 per
2831 4547 3010 4617 ipsum
3052 4549 3449 4613 cognoverunt,
3481 4555 3547 4594 ac

1963 4644 2018 4698 in
2058 4643 2236 4711 ipsum
2267 4641 2643 4702 crediderunt,
2686 4637 2782 4694 Dei
2813 4636 3192 4692 benedictione
3221 4633 3545 4703 dignentur;

1960 4737 2035 4793 ita
2051 4744 2110 4791 ut
2133 4735 2564 4804 multiplicentur
2583 4738 2638 4786 et
2658 4737 2980 4801 augeantur,
3007 4735 3061 4783 et
3081 4725 3325 4781 Ecclesia
3342 4719 3546 4778 Christi

1959 4831 2141 4888 omnia
2178 4830 2422 4900 impleat,
2483 4825 2766 4896 propalam
2800 4821 3056 4875 omnibus
3103 4826 3232 4872 est:
3276 4811 3551 4883 quomodo

1961 4931 2144 4978 autem
2173 4919 2368 4983 Judaei,
2419 4918 2512 4989 qui
2566 4917 2620 4970 in
2671 4915 2850 4984 ipsum
2897 4911 3140 4983 quotidie
3171 4905 3458 4962 maledicta
3496 4909 3552 4957 et

1963 5015 2283 5086 blasphema
2312 5011 2481 5067 verba
2504 5007 2815 5080 proferunt,
2848 5005 2945 5062 Dei
2977 4999 3416 5058 maledictiunem
3446 4993 3554 5050 sibi

1967 5109 2104 5180 ipsis
2156 5105 2459 5168 attraham,
2493 5103 2656 5156 etiam
2707 5100 2812 5153 hoc
2862 5094 3213 5152 manifestum
3261 5094 3450 5144 estex
3487 5100 3554 5139 eo

1970 5199 2116 5271 quod
2147 5204 2312 5269 caput
2335 5211 2444 5251 non
2486 5194 2758 5256 attollant,
2793 5204 2971 5260 neque
3008 5187 3310 5253 emergant,
3340 5194 3408 5234 ex
3441 5190 3556 5248 quo

1973 5302 2219 5363 tempore
2249 5287 2518 5345 Salvatori
2554 5296 2746 5342 nostro
2772 5280 3002 5340 insidias
3035 5277 3373 5331 struxerunt.

2052 5551 2219 5608 Vens.
2247 5549 2443 5606 21-24.
2477 5547 2547 5602 Et
2581 5557 2658 5611 tu,
2695 5541 2933 5607 Domine,
2973 5539 3060 5609 [ac
3105 5552 3305 5592 mecum
3341 5543 3558 5606 propter

1983 5665 2170 5712 nomen
2201 5655 2370 5714 tuum,
2400 5645 2526 5716 quia
2569 5639 2751 5698 suavis
2793 5644 2872 5695 est
2918 5629 3286 5689 misericordia
3315 5638 3429 5685 tua.
3462 5625 3555 5690 ιε..
