3954 7146
496 382 645 444 1359

490 498 615 552 bera
647 516 748 566 me,
773 499 901 572 quia
923 515 1114 570 egenus
1140 507 1189 551 et
1209 511 1409 565 pauper
1433 512 1527 568 ego
1549 511 1690 559 sum,
1719 503 1769 549 et
1791 509 1882 548 cor
1911 510 2079 547 meum

2193 508 2274 555 με,
2310 490 2400 544 ὄτι
2432 489 2668 560 πτωχὸς
2693 489 2790 544 καὶ
2815 487 3008 556 πένης
3027 484 3144 555 εἰμί
3173 484 3313 554 ἐγὼ,
3338 481 3470 536 καὶ
3519 481 3570 548 ἡ
3631 487 3808 548 κειμῖ

490 589 868 645 conturbatum
889 599 969 645 est
1004 589 1148 643 intra
1172 603 1273 642 me.
1309 586 1462 642 Sicut
1487 585 1678 640 umbra
1699 601 1818 639 cum
1843 584 2075 640 declinat

491 681 703 735 ablatus
731 699 873 746 sum,
896 697 1148 736 excussus
1168 697 1286 734 sum
1318 681 1454 734 sicut
1485 679 1726 734 locustaz.
1752 676 1935 732 Genua
1964 694 2078 732 mea

492 774 768 844 infirmata
808 785 932 830 sunt
964 793 995 828 a
1010 774 1241 844 jejunio,
1288 786 1336 830 et
1374 789 1500 827 caro
1537 789 1655 827 mea
1686 773 1972 826 immutata
2000 780 2079 826 est

493 875 705 936 prapter
746 866 941 922 oleum.
983 865 1120 922 Cum
1170 866 1241 921 de
1268 867 1576 921 animarum
1624 874 1734 920 tam
1780 863 2079 935 proditoris

493 973 657 1026 quam
707 957 1092 1014 insidiatorum
1128 959 1393 1029 pernicie,
1439 973 1651 1013 necnon
1683 957 1750 1012 de
1786 957 1958 1012 totius
1982 954 2081 1010 Ju-

492 1047 664 1104 daicaa
704 1049 884 1120 gentis
925 1048 1307 1119 repudiatione
1350 1048 1644 1104 admodum
1681 1049 1952 1105 sollicitus
1983 1049 2078 1117 sit,

494 1148 682 1210 utpote
727 1139 1013 1195 hominum
1061 1156 1283 1205 amans;
1326 1156 1386 1196 se
1426 1156 1618 1197 eorum
1662 1155 1830 1198 causa
1867 1141 2080 1196 turbari

491 1229 821 1301 proﬁtetur:
871 1247 1045 1303 quare
1087 1233 1185 1300 ait,
1236 1231 1307 1286 Et
1353 1249 1448 1287 cor
1485 1249 1657 1288 meum
1705 1233 2082 1288 conturbatum

491 1334 570 1380 est
600 1326 745 1379 intra
774 1341 874 1381 me.

562 1503 731 1560 Vens.
760 1504 953 1561 25-29.
986 1504 1055 1560 Et
1088 1521 1182 1578 ego
1205 1506 1382 1576 factus
1409 1523 1528 1562 sum
1559 1505 1906 1577 opprobrium
1930 1506 2041 1561 illis
2060 1521 2083 1560 :

495 1594 740 1650 viderunt
780 1613 882 1660 me,
930 1607 979 1652 et
1024 1609 1294 1654 moverunt
1341 1600 1520 1670 capita
1557 1617 1677 1655 sua.
1727 1599 1935 1670 Adjuva
1971 1616 2078 1664 me,

494 1689 722 1744 Domine
751 1689 892 1746 Deus
924 1709 1090 1757 meus,
1117 1701 1169 1748 et
1197 1693 1405 1748 salvum
1431 1709 1512 1748 me
1533 1693 1620 1763 fac
1647 1691 1936 1747 secundum
1979 1692 2082 1744 mi-

494 1783 842 1838 sericordiam
869 1794 1039 1842 tuam.
1078 1785 1146 1840 Et
1177 1787 1349 1840 sciant
1373 1787 1498 1858 quia
1525 1802 1713 1840 manus
1745 1795 1837 1839 tua
1877 1785 2008 1852 lta'c,
2031 1794 2082 1840 et

494 1883 579 1939 tu,
614 1872 856 1940 Domine,
886 1874 1060 1945 fecisti
1083 1891 1223 1930 eam.
1251 1873 1309 1930 In
1339 1875 1745 1930 resurrectione
1773 1888 1804 1926 a
1826 1871 2081 1936 mortuis,

2193 1895 2293 1944 ριε,
2332 1877 2627 1945 ἐποίησας
2647 1875 2860 1946 αὑτήν.
2910 1875 2999 1929 Ἐν
3035 1877 3103 1948 τῇ
3145 1876 3210 1928 ἐκ
3235 1874 3462 1946 νεκρῶν
3501 1875 3828 1927 ἀνατάσει

494 1979 696 2021 manus
728 1964 846 2033 Dei,
876 1966 930 2021 id
960 1974 1048 2022 est
1099 1966 1446 2038 unigenitum
1481 1967 1601 2037 ejus
1636 1964 1895 2029 Verbum,
1925 1964 2086 2018 inno-

496 2056 626 2126 tuit,
666 2066 722 2112 et
761 2058 809 2114 is
851 2059 947 2128 qui
997 2058 1269 2116 hactenus
1319 2059 1574 2130 plurimis
1616 2057 1877 2121 latuerat,
1917 2071 2086 2126 appa-

497 2149 642 2216 ruit;
683 2150 907 2221 quando
935 2165 1133 2222 nempe
1167 2152 1286 2222 ipse
1323 2151 1515 2207 volens
1543 2151 1802 2205 sustinuit
1845 2165 2081 2214 crucem,

495 2243 809 2311 confusione
840 2253 1141 2315 contempta
1179 2246 1249 2309 ’°,
1281 2252 1446 2316 atque
1494 2243 1636 2299 idem
1677 2258 1880 2314 corpus
1907 2257 2082 2298 .suum

497 2336 813 2402 suscitavit,
842 2351 968 2391 cum
997 2337 1071 2393 sit
1101 2336 1328 2392 dextera
1370 2345 1424 2392 et
1453 2337 1630 2392 virtus
1659 2335 1864 2392 Patris.
1898 2334 2086 2390 Sciant

495 2427 686 2499 igitur,
718 2429 815 2492 ait,
851 2429 976 2498 quia
1022 2445 1214 2483 manus
1255 2438 1344 2482 tua
1390 2428 1522 2490 haec,
1560 2443 1727 2498 quam
1770 2427 2086 2498 opprobriis

496 2526 553 2575 et
573 2521 860 2576 cachinnis
897 2520 1216 2585 traducunt,
1243 2530 1293 2574 et
1320 2531 1396 2587 tu,
1440 2519 1684 2584 Domine,
1716 2519 1891 2588 fecisti
1924 2535 2041 2573 eam
2063 2533 2084 2573 :

494 2609 645 2680 quod
692 2610 791 2664 tibi
836 2611 1105 2682 placuerit
1138 2619 1200 2665 ut
1244 2625 1311 2666 ea
1341 2625 1544 2681 corpus
1573 2619 1901 2666 assumeret.
1942 2608 2082 2664 Nam

497 2717 696 2758 manus
740 2701 835 2757 Dei
871 2709 956 2759 est
996 2703 1119 2773 ejus
1163 2704 1342 2758 virtus
1379 2703 1626 2758 omnium
1655 2701 1926 2766 effectrix,
1960 2715 2084 2772 quae

497 2809 610 2848 non
637 2794 744 2849 alia
777 2802 863 2850 est
906 2809 939 2848 a
988 2793 1082 2850 Dei
1134 2793 1338 2859 Verbo,
1371 2811 1470 2867 per
1512 2793 1662 2866 quod
1705 2798 1889 2850 omnia
1937 2793 2083 2848 facta

497 2893 650 2942 sunt.
685 2885 1009 2942 Maledicent
1048 2887 1153 2954 illi,
1183 2898 1233 2943 et
1261 2896 1313 2942 tu
1341 2886 1634 2944 benediccs.
1664 2889 1771 2955 Qui
1801 2889 2084 2958 insurgunt

493 2980 554 3036 in
583 2995 667 3036 me
711 2980 1110 3051 confundantur
1135 2999 1154 3037 :
1199 2999 1378 3039 servus
1419 2992 1595 3037 autem
1635 2992 1757 3036 tuus
1791 2980 2082 3036 laetabitur.

497 3071 583 3127 Ad
633 3073 778 3130 hanc
808 3090 985 3146 usque
1031 3074 1176 3130 diem
1229 3083 1585 3147 perseverant
1615 3072 1790 3129 Judaei
1826 3071 2085 3129 Servato-

499 3180 616 3220 rem
653 3165 991 3236 blasphemis
1019 3166 1186 3224 dictis
1214 3167 1512 3238 impetere:
1543 3174 1599 3221 at
1625 3167 1735 3222 illis
1764 3165 2084 3235 blasphema

1219 383 1491 442 EUSEBII
1525 379 2009 441 CAESARIENSIS
2045 381 2196 436 OPP.
2233 377 2419 435 PARS
2453 377 2540 434 Ill.
2573 409 2638 418 ——
2665 372 3081 431 EXEGETICA.

2179 1712 2275 1764 ριε
2303 1694 2496 1759 όΘεός
2521 1710 2662 1763 μου,
2693 1691 2791 1746 καί
2809 1688 3020 1745 σῶσόν
3043 1707 3120 1760 με
3138 1687 3290 1744 κατὰ
3321 1688 3398 1743 τὸ
3433 1689 3666 1753 ἔλεός
3707 1705 3828 1744 σαί.

3811 377 3836 422 ι

3811 601 3834 624 ί.

3811 677 3832 728 ἑ

3811 877 3830 908 s

3811 1245 3826 1288 Ξ

3731 374 3836 426 ῐῖἓι

2178 583 2298 656 μου
2353 583 2700 654 τετάρακται
2725 583 2900 648 ἐντός
2917 599 3057 651 μου.
3102 577 3262 635 Ὠσεί
3294 578 3474 632 σκιὰ
3515 576 3608 628 ἐν
3649 576 3742 640 τῷ
3765 583 3834 640 si».

2184 683 2384 739 κλῖναι
2433 678 2629 748 αὐτὴν
2672 676 3088 744 ἀντανῃρέθην
3101 713 3116 737 ,
3179 670 3654 740 elisurde
3715 673 3832 728 έιι-ῖξ

2184 775 2444 844 ἀκρίδες.
2477 772 2556 828 Τὰ
2583 769 2806 843 γόνατὰ
2818 787 2937 839 μου
2952 767 3312 836 ήσθένησαν
3325 763 3476 821 ἀπὸ

2185 870 2284 925 καὶ
2318 869 2356 936 ἡ
2394 866 2552 936 σάρξ
2593 883 2713 936 μου
2745 863 3044 933 ἠλλοιώθη
3091 860 3166 914 δι’
3199 862 3455 916 ἔλαιον-
3505 858 3830 927 Opsius-:25;

2186 956 2315 1027 περὶ
2375 955 2477 1024 τῆς
2530 953 2803 1016 ἀπωλείας
2849 952 2957 1006 τῶν
3015 951 3203 1022 ψυχῶν
3248 949 3486 1005 αὐτῶν,
3557 945 3750 998 αὑτοῦ
3785 965 3824 1000 τε

2186 1047 2395 1102 ἐκείνου
2426 1046 2522 1100 τοῦ
2559 1044 2820 1118 προδότου
2861 1045 2956 1098 καὶ
2987 1043 3099 1097 τῶν
3143 1043 3243 1114 τὴν
3289 1039 3658 1108 ἐπιϐουλὴν
3703 1041 3818 1108 2-1:;

2188 1138 2728 1209 συνεσκευασμένων,
2752 1135 2880 1208 περί
2899 1152 2958 1189 τε
2979 1135 3079 1206 τῆς
3097 1133 3377 1202 ἀποϐολῆς
3410 1131 3546 1186 καὶ
3575 1133 3826 1183 5:29:72.-

2187 1249 2326 1295 σεως
2355 1230 2451 1285 τοῦ
2489 1230 2691 1294 παντὸς
2736 1227 3026 1282 Ἰουδαϊκοῦ
3056 1227 3262 1292 ἔθνους,
3297 1224 3746 1298 ταράττεσθαι
3773 1227 3826 1288 ἐς

2187 1324 2568 1396 φιλάνθρωπος
2593 1323 2732 1394 ὑπὲρ
2765 1321 2948 1376 αὐτῶν
2989 1321 3258 1392 ὁμολογεῖ·
3291 1319 3392 1372 Διό
3421 1334 3636 1388 mar
3669 1322 3826 1386 Kaizl

2187 1416 2400 1486 καρδία
2422 1435 2540 1486 μου
2569 1414 2917 1485 τετάρακται
2937 1414 3110 1481 ἐντός
3123 1433 3264 1484 μου.

2259 1507 2432 1577 Κάγὼ
2456 1505 2751 1577 ἐγενήθην
2775 1505 3006 1571 ὄνειδος
3029 1503 3255 1572 αὐτοῖς·
3275 1503 3714 1572 ειδοσάνμε,
3752 1509 3826 1557 xei

2187 1599 2540 1656 ἐσάλευσαν
2574 1596 2846 1667 κεφαλὰς
2876 1594 3096 1650 αὐτῶν.
3130 1595 3469 1664 Βοήθησόν
3522 1612 3694 1664 μοι.
3739 1599 3830 1648 Kak

2189 1786 2300 1842 Kal
2321 1783 2665 1856 γνώτωσαν,
2697 1782 2788 1837 ὅτι
2814 1783 2854 1852 ή
2883 1782 3013 1854 χείρ
3039 1797 3154 1836 σου
3181 1782 3360 1850 αὕτη,
3391 1782 3504 1834 καὶ
3551 1780 3690 1844 σὺ,
3727 1782 3828 1833 Κιλ-

2186 1971 2403 2042 γνωστὴ
2425 1971 2647 2040 γέγονεν
2666 1971 2700 2040 ή
2722 1970 2848 2041 χεὶρ
2871 1967 2965 2022 τοῦ
2997 1967 3156 2033 Θεοῦ,
3187 1967 3486 2022 τουτέστιν
3516 1970 3556 2021 ὁ
3588 1984 3825 2037 μον-ετξ-

2186 2063 2282 2136 νὴς
2312 2062 2478 2118 αὐτοῦ
2502 2062 2696 2131 Λόγος,
2727 2062 2821 2116 καὶ
2844 2064 2872 2116 ὁ
2899 2061 3039 2125 τέως
3067 2061 3194 2125 τοὺς
3217 2059 3462 2124 πολλοὺς
3494 2060 3824 2124 λανθάνων,
3869 2059 3873 2140 Ῑ

2186 2154 2528 2227 ἐφανερώθη,
2568 2155 2646 2218 ὡς
2674 2154 2833 2218 αὐτὸς
2863 2153 3006 2208 ἐκὼν
3038 2152 3322 2223 ὑπέμεινε
3357 2153 3710 2221 σταιφὸν,
3747 2158 3822 2205 αἱ-

2186 2247 2424 2317 σκύνης
2467 2243 2951 2315 καταφρονήσας,
2997 2245 3093 2299 καὶ
3118 2244 3280 2308 αὐτὸς
3307 2244 3372 2299 τὸ
3427 2243 3672 2297 ἑαυτοῦ
3711 2245 3820 2297 ἑτέ-

2188 2357 2353 2413 στησε
2412 2338 2593 2410 σῶμα,
2635 2337 2787 2403 δεξιὰ
2833 2337 2927 2391 καὶ
2978 2337 3212 2407 δύναμις
3261 2335 3340 2391 ὢν
3392 2335 3510 2391 τοῦ
3565 2337 3816 2409 [latr/1;.

3858 1407 3861 1536 1

3859 1538 3863 1630 l

3863 1646 3865 1742 ἰ

3867 1974 3873 2126 bl

3873 2412 3879 2472 ί

2185 2433 2526 2488 Γνώτωσαν
2559 2431 2760 2495 τοίνυν,
2792 2429 2978 2502 φησὶν,
3013 2430 3101 2484 ὅτι
3125 2432 3163 2500 ἢ
3194 2431 3322 2500 χείρ
3352 2447 3488 2486 σου
3515 2432 3726 2497 αὕτη,
3765 2433 3816 2501 ἢν
3873 2429 3879 2502 ]

2185 2524 2504 2589 ὀνειδίζουσι
2530 2524 2623 2576 καὶ
2650 2522 2990 2594 χλευάζουσι,
3014 2522 3111 2577 καὶ
3138 2523 3242 2587 σὺ,
3268 2524 3477 2591 Κύριε,
3497 2524 3814 2589 ἐποίησας

2188 2614 2398 2684 αὐτὴν,
2439 2613 2517 2686 τῷ
2556 2614 2845 2685 εὐδοκῆσαι
2880 2614 3044 2684 σῶμα
3075 2615 3245 2686 αὐτὴν
3281 2614 3626 2668 ἀναλαϐεῖν.
3683 2615 3812 2687 Χείρ

2186 2706 2296 2777 γάρ
2324 2705 2420 2759 τοῦ
2443 2704 2579 2758 Θεοῦ
2597 2707 2632 2777 ἡ
2665 2704 2924 2776 ποιητικὴ
2959 2705 3212 2761 ἁπάντων
3231 2705 3468 2776 δύναμις
3491 2706 3709 2770 αὐτοῦ,
3725 2709 3810 2777 οὐχ

2187 2797 2348 2868 ἐτέρα
2371 2790 2505 2850 οὖσα
2516 2795 2610 2849 τοῦ
2635 2795 2703 2849 δι’
2731 2789 2792 2850 οὗ
2813 2794 3006 2864 γέγονε
3032 2795 3100 2849 τὰ
3117 2797 3296 2850 πάντα
3308 2796 3403 2850 τοῦ
3420 2796 3581 2850 Θεοῦ
3603 2797 3802 2864 Λόγου.

2187 2888 2640 2958 Καταράσονται
2663 2888 2856 2955 αὐτοὶ,
2890 2889 2989 2943 καὶ
3019 2889 3102 2944 σὺ
3140 2889 3532 2961 εὐλογήσεις.
3581 2893 3658 2944 Οἱ
3705 2893 3804 2942 ἐπ-

2186 2979 2576 3050 ανιστάμενοι
2591 2998 2691 3050 μοι
2709 2979 3234 3050 αἰσχυνθήτωσαν·
3261 2985 3296 3035 ό
3318 2980 3388 3035 δὲ
3408 2981 3666 3048 δοῦλός
3695 3000 3802 3034 σεε

2186 3073 2684 3144 εὐφρανθήσεται.
2744 3074 2922 3147 Μέχρι
2953 3075 3048 3129 καὶ
3107 3077 3346 3147 σήμερον
3399 3075 3713 3146 διέμειναν
3755 3078 3796 3126 εξ

2203 3165 2444 3220 Ἰουδαῖοι
2487 3170 2609 3231 ταῖς
2649 3166 2791 3221 κατὰ
2822 3165 2918 3221 τοῦ
2946 3167 3199 3238 Σωτῆρος
3234 3165 3514 3240 χρώμενοι
3547 3166 3796 3237 βλασφηο

499 3255 930 3330 prol’erentibus,
967 3259 1310 3330 splendidior
1342 3257 1588 3330 quotidie
1615 3256 1936 3330 praedicatio
1959 3272 2086 3313 eva-

2195 3259 2364 3332 μίαις·
2399 3259 2514 3313 ἀλλ’
2541 3260 2766 3313 ἐκείνων
2791 3259 3277 3333 βλασφημούντων,
3315 3260 3794 3331 περιφανέστερον

497 3350 601 3406 dit.
649 3348 957 3405 Induantur
987 3352 1079 3422 qui
1124 3351 1412 3406 detrahunt
1445 3351 1574 3406 mihi
1609 3351 1830 3422 pudore,
1878 3365 1929 3411 et
1969 3370 2090 3425 ope-

501 3443 715 3496 riantur
737 3443 873 3496 sicut
903 3442 1138 3513 diploide
1161 3443 1473 3514 confusione
1502 3461 1622 3500 sua.
1653 3443 1826 3501 Judzei
1853 3463 2094 3519 namque

499 3541 627 3606 post
667 3534 900 3611 insidias
945 3535 1210 3592 adversus
1251 3535 1557 3602 Christum,
1609 3537 1705 3593 Dei
1754 3537 2092 3609 providentia

500 3624 774 3692 destituti,
811 3625 1020 3697 pudore
1049 3627 1377 3684 circumfusi
1406 3637 1536 3684 sunt
1565 3644 1580 3682 :
1624 3629 1877 3686 Salvator
1907 3639 2090 3687 autem

501 3726 558 3774 et
590 3717 853 3775 Dominus
880 3728 1070 3776 noster
1098 3719 1288 3775 laetitia
1318 3719 1388 3777 ad
1419 3721 1524 3776 hoc
1554 3737 1730 3793 usque
1752 3730 1966 3794 tempus
1998 3724 2095 3777 im-

507 3811 711 3883 pletur,
757 3809 1002 3868 Ecclesia
1040 3827 1138 3883 per
1167 3819 1343 3868 totum
1391 3813 1582 3870 orbem
1616 3815 1671 3868 in
1709 3814 1932 3869 nomine
1970 3815 2093 3884 ejus

501 3904 826 3960 constituta.
853 3904 1046 3961 Servus
1076 3917 1254 3961 autem
1281 3917 1402 3961 tuus
1437 3907 1730 3963 lwtabitur.
1765 3906 1954 3979 Neque
1984 3908 2092 3965 alio

505 3996 671 4052 modo
708 4003 765 4053 et
803 3998 1076 4054 sententia
1115 3999 1260 4056 servi
1311 4014 1513 4056 nomen
1559 3999 1649 4056 hic
1697 3999 1953 4071 accipere
1997 4016 2095 4057 nc-

501 4104 661 4145 cesse
680 4095 800 4146 est:
827 4089 1072 4145 divinum
1099 4093 1302 4162 quippe
1319 4090 1553 4147 Paulum
1577 4091 1832 4148 audimus
1863 4091 1979 4147 haec
2010 4091 2095 4146 di-

500 4190 717 4239 centem
749 4180 1136 4253 :Semetipsum
1171 4185 1461 4240 exinanivit
1494 4185 1726 4255 formam
1773 4185 1909 4240 servi
1953 4186 2094 4239 acci-

502 4277 651 4344 piens
681 4277 764 4346 ⁹¹;
818 4279 1044 4350 ipseque
1070 4295 1167 4350 per
1197 4279 1393 4334 Isaiam
1425 4279 1665 4334 clamat:
1697 4278 1787 4334 Sic
1819 4278 1948 4332 dicit
1983 4277 2094 4333 Do-

505 4368 682 4423 minus
717 4366 959 4437 formans
989 4385 1070 4424 me
1098 4384 1164 4424 ea:
1193 4377 1341 4422 utero
1372 4385 1579 4424 servum
1612 4368 1715 4423 sibi
1747 4369 1814 4423 ⁸³.
1854 4367 2094 4422 Induan-

507 4468 597 4513 tur
629 4461 720 4531 qui
755 4460 1038 4516 detrahunt
1071 4461 1199 4516 milii
1245 4461 1464 4531 pudore,
1511 4471 1563 4518 et
1609 4462 1918 4532 aperiantur
1955 4462 2092 4516 sicut

504 4550 738 4622 diploide
767 4553 1076 4624 confusione
1095 4571 1214 4609 sua.
1245 4553 1361 4608 Hoc
1395 4561 1578 4610 autem
1608 4555 1845 4622 ediscas,
1875 4554 1922 4610 si
1953 4569 2089 4609 con-

2191 3351 2463 3424 ὁσημέραι
2523 3352 2586 3406 τὸ
2653 3353 2917 3424 κήρυγμα
2974 3352 3204 3423 γίνεται.
3266 3351 3794 3407 Ἐνδυσάσθωσαν

2192 3444 2247 3495 οἰ
2269 3440 2771 3508 ἑνδιαϐἀλλοντές
2792 3459 2870 3511 με
2883 3441 3206 3510 ἐντροπὴν,
3228 3440 3325 3495 καὶ
3348 3439 3798 3508 περιϐαλέσθαι-

2193 3552 2316 3590 σαν
2335 3535 2479 3588 ὡσεὶ
2513 3533 2793 3589 διπλοΐδα
2831 3533 2945 3602 τὴν
2982 3536 3289 3602 αἰσχύνην
3325 3529 3551 3587 αὐτῶν.
3588 3531 3663 3588 Ol
3688 3533 3792 3604 γάρ

2207 3627 2450 3682 Ἰουδαῖοι
2486 3626 2626 3698 μετὰ
2658 3625 2759 3697 τὴν
2797 3625 2939 3680 κατὰ
2971 3625 3209 3699 Χριστοῦ
3241 3624 3558 3697 ἐπιϐουλὴν,
3588 3625 3788 3697 ἔρημοι

2193 3721 2295 3790 τῆς
2312 3719 2408 3775 τοῦ
2443 3719 2578 3774 Θεοῦ
2615 3719 2924 3788 ἐπισκοπῆς
2978 3720 3280 3790 γενόμενοι,
3323 3719 3592 3789 αἰσχύνην
3639 3735 3790 3789 περι-

2196 3812 2468 3868 εϐάλοντο·
2516 3815 2546 3867 ὁ
2589 3812 2646 3866 δὲ
2679 3813 2870 3884 Σωτὴρ
2900 3813 2994 3866 καὶ
3027 3812 3230 3883 Κύριος
3259 3811 3416 3883 ἡμῶν
3440 3811 3786 3882 εὐφροσύνης

2193 3906 2362 3960 εἰσέτι
2394 3906 2489 3960 καὶ
2517 3905 2612 3960 νῦν
2659 3904 2985 3978 πληροῦται,
3035 3905 3125 3959 διὰ
3173 3905 3268 3959 τοῦ
3303 3904 3564 3977 ὀνόματος
3618 3905 3784 3959 αὑτοῦ

2195 3999 2315 4054 καθ’
2344 3999 2472 4070 ὅλης
2518 3999 2620 4070 τῆς
2672 3999 3000 4072 οἰκουμένης
3031 3999 3381 4072 καθεστώσης
3432 3999 3778 4070 Ἐκκλησίας.

2205 4093 2270 4147 '0
2285 4093 2353 4147 δὲ
2383 4091 2606 4160 δοῦλός
2619 4107 2736 4148 σου
2759 4091 3256 4162 εὐφρανθήσεται.
3283 4092 3418 4146 Οὐδὲ
3445 4091 3605 4145 τοῦτο
3632 4095 3778 4164 ἡμᾶς

2193 4183 2256 4238 τὸ
2308 4183 2459 4256 ῥῆμα
2517 4184 2702 4238 λαϐεῖν
2762 4185 2844 4248 εἰς
2905 4185 3099 4256 ἑτέραν
3150 4184 3406 4238 ὑπόθεσιν
3457 4185 3771 4254 ἀναγκάσεγ

2196 4273 2467 4346 ἀκούομεν
2514 4274 2623 4346 γὰρ
2653 4275 2748 4328 καὶ
2792 4273 2887 4330 τοῦ
2916 4274 3203 4329 θεσπεσίου
3246 4274 3458 4329 Παύλου
3505 4276 3768 4344 λέγοντος,

2193 4371 2276 4424 ὅτι
2313 4367 2566 4423 Ἑαυτὸν
2587 4367 2867 4434 ἐκένωσε,
2904 4367 3147 4438 μορφὴν
3187 4367 3412 4422 δούλου
3435 4367 3649 4422 λαϐὼν·
3679 4371 3770 4424 καὶ

2195 4461 2355 4525 αὐτὸς
2409 4461 2467 4515 δέ
2511 4460 2602 4515 διὰ
2656 4460 2880 4514 Ἡσαΐου
2941 4459 3061 4532 βοᾷο
3128 4460 3293 4514 Οὕτω
3350 4459 3512 4530 λέγει
3561 4463 3766 4530 Κύριος

2197 4557 2229 4609 ό
2260 4553 2504 4620 πλάσας
2525 4571 2603 4624 με
2631 4555 2700 4607 ἐκ
2726 4553 2963 4620 κοιλίας
2989 4552 3214 4607 δοῦλον
3239 4551 3448 4617 ἐαυτῷ.
3495 4552 3765 4609 Ἐνδυσά-

505 4643 718 4700 sideres
739 4661 845 4715 qua
872 4655 1054 4702 mente
1088 4647 1200 4702 sint
1226 4645 1422 4713 Judaei,
1467 4649 1718 4705 videntes
1746 4648 1966 4720 quidem
1997 4664 2086 4702 ve-

2199 4650 2447 4702 σθωσαν
2477 4649 2530 4700 ol
2561 4645 3064 4713 ἐνδιαϐάλλοντές
3093 4662 3172 4715 με
3199 4643 3516 4713 ἐντροπὴν,
3541 4647 3630 4699 καί
3661 4664 3761 4703 πε-

506 4737 754 4792 neranda
787 4747 840 4793 et
870 4750 1060 4795 sancta
1092 4756 1192 4796 sua
1223 4741 1472 4798 funditus
1501 4742 1711 4810 deleta;
1759 4742 1908 4798 illius
1938 4757 2089 4804 vero,

506 4831 600 4902 qui
629 4832 700 4888 ab
739 4832 875 4903 ipsis
919 4833 1223 4904 ignominia
1273 4836 1526 4904 allectus,
1561 4852 1627 4892 ac
1669 4837 1727 4892 in
1771 4851 1992 4892 crucem
2039 4843 2094 4890 et

507 4931 740 4981 mortem
786 4926 1021 4983 traditus
1053 4936 1160 4997 est,
1196 4931 1510 5000 sepulcrum
1540 4930 1728 4985 studio
1767 4937 1822 4986 et
1861 4928 2092 4985 honori—

505 5017 612 5076 bus
644 5019 942 5087 celebrari;
976 5019 1253 5080 Ecclesias
1288 5040 1419 5079 vero
1449 5040 1571 5095 qua:
1607 5023 1729 5094 ejus
1752 5025 1955 5084 virtute
1993 5041 2091 5096 per

507 5115 682 5162 totum
731 5110 918 5165 orbem
949 5109 1190 5170 fundata:
1235 5123 1366 5170 sunt
1404 5115 1460 5170 in
1507 5115 1626 5172 dies
1666 5131 1982 5172 accrescere
2025 5132 2091 5172 ac

508 5198 886 5269 multiplicari,
923 5217 989 5257 ac
1019 5219 1143 5258 cum
1173 5204 1348 5276 gloria
1378 5207 1709 5277 promoveri.
1736 5205 1864 5260 llaec
1891 5207 2093 5278 quippe

504 5291 642 5360 ipsis
670 5293 848 5350 oculis
873 5305 1162 5354 cernentes
1188 5297 1386 5364 Judaai,
1410 5300 1502 5370 qui
1541 5315 1652 5354 non
1682 5299 2010 5355 confusione
2036 5307 2091 5354 et

511 5382 717 5456 pudore
746 5384 943 5440 merito
977 5385 1313 5444 induantur?

2189 4738 2651 4808 ριϐιιλέσθωσαν
2674 4739 2756 4804 ὡς
2779 4737 3060 4793 διπλοΐδα
3091 4737 3205 4807 τὴν
3233 4739 3534 4808 αἰσχύνην
3551 4739 3754 4794 αὐτῶν.

2199 4832 2310 4885 Καὶ
2336 4830 2495 4885 τοῦτο
2523 4831 2720 4903 μάθοις
2749 4829 2816 4886 ἂν
2845 4831 3145 4902 ἐπιστήσας
3177 4830 3333 4894 ποίας
3368 4830 3476 4904 ἄρα
3509 4830 3754 4886 Ἰουδαίων

2198 4924 2386 4989 παῖδες
2429 4925 2724 4996 κέκτηνται
2761 4923 2997 4988 διανοίας
3043 4923 3279 4996 ὁρῶντες
3325 4923 3395 4978 τὰ
3445 4924 3538 4995 μὲν
3562 4924 3751 4979 ἑαυτῶν

2198 5017 2374 5089 σεμνὰ
2403 5018 2495 5071 καὶ
2523 5017 2654 5087 ἅγια.
2687 5019 2752 5071 ὲκ
2781 5017 2998 5089 βάθρων
3021 5017 3389 5088 ἡφανισμένα,
3421 5015 3514 5072 τοῦ
3543 5017 3592 5070 δέ
3624 5019 3748 5090 πρὸς

2198 5113 2378 5166 αὐτῶν
2407 5112 2601 5184 ἀτιμίᾳ
2631 5113 3068 5184 περιϐληθέντος,
3106 5113 3322 5184 σταυρῷ
3356 5129 3414 5167 τε
3445 5115 3533 5167 καὶ
3554 5113 3743 5187 θανάτῳ

2199 5203 2619 5276 παραδοθέντος,
2673 5205 2735 5258 τὸ
2788 5207 2886 5277 μὲν
2912 5203 3006 5258 τοῦ
3036 5203 3266 5257 θανάτου
3299 5204 3488 5274 μνῆμα
3519 5205 3741 5269 σπουδαῖς

2195 5315 2257 5350 τε
2290 5297 2385 5350 καὶ
2426 5295 2762 5368 φιλοτιμίαις
2789 5283 3172 5368 τετιμημένον,
3206 5294 3305 5360 τὰς
3343 5295 3402 5348 δὲ
3440 5294 3527 5348 διὰ
3547 5299 3629 5366 τῆς
3652 5296 3736 5348 at).

2194 5390 2289 5444 τοῦ
2320 5389 2602 5460 δυνάμεως
2648 5389 2768 5442 καθ’
2802 5388 2930 5460 ὅλης
2958 5389 3058 5460 τῆς
3097 5388 3425 5462 οἰκουμένης
3471 5390 3733 5462 ἱδρυθείσας

519 5475 844 5548 Ἐκκλησίας
872 5479 1140 5545 αύξούσας
1161 5482 1453 5554 ὁσημέραι,
1485 5483 1581 5538 καὶ
1614 5482 2010 5554 πληθυνούσας,
2039 5484 2133 5538 καὶ
2157 5483 2237 5537 ἔτι
2269 5481 2408 5555 μετὰ
2451 5483 2608 5554 δόξης
2635 5479 2952 5554 προῖούσας.
3004 5480 3188 5535 Ταῦτα
3226 5479 3336 5552 γὰρ
3381 5481 3596 5552 ὁριῖιντες
3646 5481 3736 5552 ὀφ-

511 5565 732 5639 θαλμοῖς
773 5571 1042 5627 Ἰουδαίων
1071 5575 1278 5641 παῖδες,
1309 5575 1428 5640 πῶς
1459 5576 1560 5629 οὐκ
1594 5577 1862 5648 ἐντροπὴν
1887 5578 1978 5631 καὶ
2004 5577 2266 5649 αἰσχύνην
2299 5577 2524 5640 εἰκότως
2553 5574 3004 5648 περιϐάλλονταις

583 5659 751 5718 Vsus.
785 5663 977 5720 50-51.
1009 5665 1311 5737 Conﬁtebor
1327 5669 1552 5725 Domino
1574 5670 1731 5724 nimis
1758 5671 1812 5724 in
1829 5687 1918 5726 ore
1945 5688 2079 5736 meo,

2279 5669 2830 5741 Ἑξομολοτήσομαι
2853 5666 2933 5734 τῷ
2955 5667 3150 5736 Κυρίῳ
3176 5666 3412 5738 σφόδρα
3441 5668 3510 5723 ἐν
3537 5659 3706 5736 τῷστό

510 5760 557 5805 et
605 5752 659 5805 in
705 5754 878 5810 medio
907 5757 1197 5813 multorum
1243 5760 1474 5816 laudabo
1511 5777 1652 5823 eum,
1680 5762 1804 5832 quia
1851 5763 2022 5817 astitit
2053 5781 2085 5816 a

2193 5765 2332 5833 ματί
2349 5783 2490 5835 μου,
2517 5761 2613 5818 καὶ
2639 5763 2710 5817 ἐν
2733 5761 2902 5834 μέσῳ
2924 5759 3170 5816 πολλῶν
3197 5759 3420 5817 αἰνέσω
3449 5762 3628 5818 αὐτόν’
3651 5763 3721 5821 ὅτι

579 5869 627 5901 ⁸⁸
667 5867 835 5928 Hebr.
872 5888 981 5932 xu.
1013 5874 1068 5929 ‘2.
1145 5874 1192 5909 “
1238 5873 1470 5948 Philipp.
1507 5893 1581 5941 It.
1619 5879 1672 5934 'l.
1749 5881 1795 5911 ’³
1837 5877 1918 5936 lsa
1978 5896 2096 5937 κως
2125 5920 2139 5946 ,
2178 5881 2229 5938 5.

3891 3178 3893 3220 ί
