3954 7146
71 335 256 391 341

1355 339 1864 396 COMMENTARIA
1905 341 1973 396 IN
2005 342 2342 398 PSALMOS.

3391 346 3412 401 1
3423 344 3526 399 56?.

49 447 484 522 παρέστη
509 452 604 507 ἐκ
651 451 868 522 δεξιῶν
898 453 1175 524 πένητος,
1216 455 1323 510 τοῦ
1363 455 1559 510 σῶσαι
1603 456 1672 511 ἐκ
1729 460 1821 511 τῶι

1950 459 2148 514 dextris
2181 458 2450 531 pauperis,
2477 468 2538 512 ut
2570 459 2775 514 salvam
2805 458 3002 528 faceret
3026 458 3071 513 ἀ
3101 461 3523 530 persequentibus

49 541 748 600 εαταδιωκόντων
783 545 897 615 τὴν
917 547 1128 616 ψυχήν
1139 564 1281 616 μου.
1319 547 1590 601 Πολλῶν·
1624 548 1786 602 τίνων
1813 549 1846 621 ἦ

49 629 410 691 τάντων
441 637 597 692 τῶν
632 639 716 702 είς
747 639 908 694 αὐτὸν
941 639 1383 694 πεπιστευκότων
1409 639 1598 706 ἐθνῶν,
1624 642 1716 696 καὶ
1741 642 1848 696 τῶν

49 722 242 777 (10‘
340 727 538 800 ὅλης
578 729 698 800 τῆς
733 730 1058 802 οἰκουμένης
1083 730 1460 802 Ἑκκλησιῶν;
1513 732 1686 796 Αὐτὸς
1739 734 1847 805 γάρ

49 821 299 873 εστιν
339 820 384 873 ὁ
417 820 678 876 εἰπών’
703 824 886 877 Ὅπου
915 822 1076 891 δύοῆ
1093 822 1251 892 τρεῖς
1269 827 1638 894 συνηγμένοι
1667 825 1737 880 ἐν
1765 825 1847 892 τῷ

50 907 454 980 ὗνόματί
495 931 677 982 μου,
731 914 862 968 ἐκεῖ
911 916 1029 983 ειμι
1057 914 1127 968 ὲν
1161 913 1331 984 μέσῳ
1358 915 1576 971 αὐτῶν.
1603 918 1694 971 Διὸ
1721 917 1845 972 καθ’

49 997 267 1071 ὅλης
345 1003 490 1075 τῆς
526 1004 879 1076 οἰκουμένης
911 1006 969 1057 ὲν
1009 1004 1157 1076 μέσῳ
1185 1004 1292 1060 τῶν
1323 1007 1661 1079 Ἐκκλησιῶν
1693 1008 1846 1080 παρὰ

49 1089 212 1143 τοῦ
273 1094 579 1166 Κυρίου
614 1095 692 1164 τῷ
721 1095 897 1166 Πατρὶ
929 1096 1158 1168 μεγίστη
1213 1097 1460 1169 πρόεισιν
1497 1099 1842 1172 εὐχαριστία.

650 1191 944 1244 ΨΔΛΜΟΣ
973 1192 1060 1262 Τῼ
1093 1193 1309 1248 ΔΑΥΙΔ.
1335 1193 1457 1251 ΡΘ’.

191 1274 478 1332 Εἶπεν
517 1281 566 1334 ὁ
597 1281 820 1348 Κύριος
839 1281 918 1347 τῷ
942 1283 1136 1351 Κυρίῳ
1157 1299 1296 1353 μου·
1315 1283 1516 1340 Κάθου
1541 1286 1610 1340 ἐκ
1626 1286 1844 1352 δεξιῶν

80 1383 308 1431 μου,
359 1368 511 1435 ἕως
546 1369 641 1424 ἂν
668 1369 751 1425 θῶ
773 1370 915 1438 τοὺς
939 1371 1192 1441 ἐχθρούς
1217 1388 1334 1429 σου
1363 1377 1698 1431 ὑποπόδιον
1723 1375 1843 1431 τῶν

85 1456 404 1512 ποδῶν
435 1473 612 1514 σου.
655 1461 868 1534 Σφόδρα
893 1463 1094 1536 ἀκρισῆ
1131 1464 1224 1518 καὶ
1255 1464 1431 1538 ἀληθῆ
1464 1466 1620 1537 λόγον
1640 1469 1842 1540 ἐπεση-

107 1548 418 1620 μήνατο
451 1553 490 1605 ὁ
551 1552 757 1626 Σωτὴρ
791 1553 948 1627 ήμῶν
989 1555 1244 1626 εἰρηκώς·
1301 1559 1371 1611 El
1403 1553 1517 1613 οὖν
1563 1560 1746 1613 Δαυῒδ
1771 1561 1841 1614 ἐν

112 1642 533 1713 πνεύματι
585 1645 766 1698 καλεῖ
809 1645 996 1700 αὐτὸν
1025 1648 1266 1715 Κύριον,
1320 1647 1448 1716 πῶς
1490 1649 1622 1717 υίὸς
1650 1651 1839 1706 αὑτοῦ

127 1731 419 1798 ἐστιν;
458 1735 536 1788 οὐ
575 1736 696 1805 γὰρ
731 1736 884 1802 ἐκτὸς
912 1737 1230 1809 Πνεῦματος
1275 1739 1430 1809 ἁγίου
1457 1735 1570 1806 οἷός
1599 1759 1660 1795 τε
1693 1737 1762 1814 ἦν
1808 1744 1838 1796 6

1951 554 2188 606 animam
2231 567 2422 605 meam.
2455 548 2752 606 Multorum
2787 567 2807 606 :
2846 566 3076 622 quorum
3123 550 3231 604 nisi
3280 551 3523 605 omnium

1948 644 2190 715 gentium
2225 658 2347 713 qua:
2376 643 2431 696 in
2467 642 2644 712 ipsum
2675 640 3047 705 crediderunt,
3073 649 3126 696 et
3155 640 3524 698 Ecclesiarum

1947 749 2070 804 qua:
2101 733 2153 786 in
2193 740 2308 787 toto
2332 731 2466 787 orbe
2506 731 2672 787 sunt?
2696 729 2816 802 lpse
2843 745 3082 800 namque
3117 737 3202 786 est
3230 727 3323 799 qui
3350 728 3521 782 dixit:

1954 824 2054 879 Ubi
2084 825 2190 880 duo
2229 824 2306 879 vel
2348 833 2452 879 tres
2493 824 2794 894 congregati
2826 823 3024 894 fuerint
3057 823 3111 876 in
3152 823 3359 876 nomine
3386 838 3523 885 meo,

1947 917 2020 972 ibi
2047 934 2164 972 sum
2193 918 2247 971 in
2272 917 2443 971 medio
2475 932 2657 971 eorum
2687 915 2754 968 ⁸³.
2783 913 2906 970 Ideo
2926 931 3023 986 per
3045 921 3216 968 totum
3244 913 3428 968 orbem
3465 911 3522 966 in

1945 1009 2127 1064 medio
2174 1007 2545 1064 Ecclesiarum
2598 1023 2809 1078 magna:
2863 1022 2895 1062 a
2943 1005 3178 1062 Domino
3223 1006 3523 1078 gratiarum

1944 1102 2192 1157 actiones
2227 1099 2375 1154 Patri
2406 1101 2751 1156 emittuntur.

2260 1188 2586 1244 PSALMUS
2627 1189 2753 1244 IPSI
2795 1188 3026 1244 DAVID.
3066 1187 3203 1244 CIX.

2015 1282 2184 1339 Vens.
2208 1283 2262 1349 1,
2280 1282 2335 1336 2.
2355 1282 2505 1336 Dixit
2529 1282 2784 1336 Dominus
2801 1283 3026 1336 Domino
3051 1298 3164 1335 meo
3183 1297 3202 1335 :
3227 1279 3360 1335 Sede
3388 1296 3421 1334 a
3441 1278 3525 1333 de-

1940 1373 2079 1426 xtris
2104 1371 2254 1437 meis,
2287 1371 2449 1424 donec
2487 1385 2680 1439 ponam
2710 1371 2951 1426 inimicos
2981 1380 3097 1425 tuos
3123 1369 3410 1428 scabellum
3433 1385 3524 1439 pe-

1941 1464 2067 1517 dum
2099 1472 2329 1516 tuorum.
2363 1460 2479 1518 Hoc
2525 1460 2734 1516 dictum
2765 1460 2923 1516 valde
2968 1468 3286 1514 accuratum
3333 1473 3397 1513 ac
3431 1477 3522 1514 ve-

1941 1570 2061 1608 rum
2085 1569 2209 1610 esse
2240 1554 2492 1609 Salvator
2530 1553 2858 1625 signiﬁcavit
2895 1553 3124 1608 dicens:
3162 1552 3223 1607 Si
3254 1569 3374 1623 ergo
3410 1551 3521 1606 Da-

1941 1645 2026 1700 uid
2063 1646 2116 1700 in
2148 1647 2340 1714 spiritu
2369 1655 2521 1700 vocat
2563 1662 2682 1700 eum
2723 1645 3028 1709 Dominum,
3070 1644 3330 1716 quomodo
3375 1643 3520 1713 ﬁlius

1939 1735 2055 1806 ejus
2091 1745 2169 1790 est
2194 1735 2278 1790 “‘1
2303 1750 2480 1806 neque
2516 1735 2663 1790 enim
2694 1735 2814 1790 sine
2846 1733 3053 1805 Spiritu
3089 1742 3279 1789 sancto
3308 1739 3521 1802 poterat

135 1826 365 1882 Δαυτδ
391 1830 608 1884 εἰπεῖν
633 1829 714 1883 τό·
733 1827 918 1884 Εἶπεν
939 1835 973 1887 ό
1003 1834 1219 1904 Κύριος
1252 1833 1330 1899 τῷ
1349 1836 1544 1904 Κυρίῳ
1556 1853 1695 1905 μου·
1718 1809 1821 1891 Κά-

1944 1826 2114 1882 David
2147 1826 2266 1882 haec
2312 1827 2580 1898 proferre,
2625 1826 2774 1881 Dixit
2811 1826 3070 1880 Dominus
3112 1824 3339 1878 Domino
3382 1839 3519 1889 meo,

147 1921 302 1974 οου
335 1920 421 1974 ἐκ
441 1919 692 1986 δεξιῶν
703 1941 843 1994 μου.
869 1923 1040 1979 Πόθεν
1064 1924 1174 1998 γὰρ
1196 1928 1374 1999 παρῆν
1401 1927 1725 2000 ἀνθρωπίνῳ
1747 1928 1836 1982 λο-

153 2011 458 2082 γισμῷἡ
501 2012 777 2086 γνῶσιςή
805 2013 900 2068 τοῦ
919 2014 1133 2088 Πατρδς
1161 2016 1298 2090 πρὸς
1329 2017 1420 2071 τὸν
1449 2017 1835 2091 ὠνομασμένον

159 2100 379 2155 αὑτοῦ
411 2101 652 2175 Κύριον
696 2104 1060 2174 κοινολογίας;
1102 2105 1161 2160 '0
1219 2106 1318 2178 μὲν
1369 2102 1463 2162 οὖν
1495 2107 1682 2180 θρόνος
1731 2110 1834 2182 τὴν

171 2188 522 2262 βασιλικὴν
559 2191 734 2245 αὑτοῦ
762 2192 917 2258 ἀξίαν
944 2195 1366 2266 κατασημαίνει,
1400 2198 1434 2268 ή
1459 2197 1515 2250 δὲ
1531 2195 1746 2262 κάθισις
1773 2199 1835 2254 τὸ

179 2280 446 2352 βέϐαιον
465 2283 574 2337 καὶ
602 2282 814 2356 ἑδραῖον
839 2284 933 2338 καὶ
960 2284 1254 2338 ἀσάλευτον
1288 2286 1388 2358 τῆς
1417 2287 1557 2358 ὲντῇ
1587 2287 1835 2361 βασιλείᾳ

185 2373 517 2446 διαμονῆςο
548 2375 618 2427 τὸ
663 2375 743 2443 δὲ,
793 2377 863 2430 ἐκ
911 2375 1143 2444 δεξιῶν,
1189 2373 1329 2432 εῖναι
1377 2379 1471 2434 καὶ
1520 2379 1708 2448 δεξιῶν
1737 2381 1832 2435 τοῦ

193 2465 445 2537 Πατρὸς
490 2466 843 2538 δωρημάτων
873 2469 1145 2524 κοινωνόν.
1182 2472 1367 2525 Πάντα
1411 2473 1522 2546 γὰρ
1559 2473 1627 2529 τὰ
1659 2474 1831 2542 δεξιὰ,

197 2559 434 2632 φαιδρά
462 2577 528 2614 τε
559 2563 660 2615 καὶ
690 2561 870 2632 ἀγαθὰ
899 2565 992 2618 καὶ⁹
1015 2567 1258 2638 σωτήρια
1285 2572 1512 2640 χορηγεῖ
1539 2571 1568 2623 ό
1594 2570 1723 2634 Υἱὸς
1755 2570 1832 2635 ὡς

202 2649 380 2720 παρὰ
404 2651 654 2722 Πατρός.
707 2654 964 2725 Ἐχθροὺς
986 2655 1043 2710 δὲ
1077 2658 1211 2728 φησὶ
1241 2659 1368 2723 τοὺς
1398 2659 1487 2713 διὰ
1506 2660 1600 2714 τοῦ
1631 2678 1830 2733 προτε-

209 2741 514 2811 ταγμένου
545 2741 764 2814 ψαλμοῦ
796 2744 1215 2818 δεδηλωμένους·
1247 2750 1342 2804 καὶ
1383 2751 1443 2804 οὐ
1481 2751 1660 2822 μόνον,
1694 2752 1832 2807 ἀλλὰ

213 2832 328 2884 καὶ
373 2833 568 2898 πάσας
614 2834 715 2900 τὰς
747 2836 1125 2910 ἀντικειμένας
1165 2839 1439 2912 δυνάμεις.
1483 2843 1697 2908 Πάντας
1723 2844 1832 2918 γὰρ

219 2919 342 2974 ὖπδ
371 2923 504 2986 τοὺς
555 2923 726 2988 πόδας
757 2926 920 2980 αὑτοῦ
959 2928 1144 3000 θήσειν
1171 2932 1200 2985 6
1246 2933 1434 3005 Πατὴρ
1457 2933 1831 3005 διαγγέλλεται

226 3012 328 3067 διὰ
357 3013 457 3068 τοῦ
491 3018 858 3090 προκειμένου
881 3018 1118 3092 ψαλμοῦ.
1319 3037 1322 3042 ·

327 3189 585 3246 Ῥἁὸυον
610 3192 918 3268 δυνάμεως
935 3197 1334 3262 ἑξαποστελεῖ
1345 3202 1562 3272 Κύριος
1573 3204 1642 3260 ἐκ
1657 3205 1831 3273 Σιὼν,
1858 3169 1902 3226 C

250 3282 352 3338 καὶ
379 3287 774 3356 κατακυρίευε
833 3289 905 3345 ἐν
921 3291 1091 3360 μέσῳ
1117 3293 1238 3348 τῶν
1265 3293 1496 3364 ἐχθρῶν
1529 3313 1667 3354 σου.
1712 3301 1834 3354 Ῥά-

253 3372 379 3426 ϐδον
406 3373 687 3446 δυνάμεως
705 3377 762 3432 ὲν
781 3378 990 3444 τούτοις
1014 3381 1252 3453 ἠγοῦμαι
1272 3384 1362 3438 τδν
1375 3385 1725 3456 εὐαγγελικὺν
1747 3389 1835 3444 λό-

258 3479 354 3532 γον
390 3465 657 3536 εἰρῆσθαι.
695 3468 1016 3543 Ἐπίστησον
1037 3472 1093 3525 δὲ
1120 3474 1328 3544 μήποτε
1361 3476 1482 3530 καθ’
1512 3477 1696 3551 ἕτερον
1717 3480 1834 3553 τρό-

264 3571 364 3607 πον
397 3555 585 3626 ῥάϐδος
610 3557 894 3630 δυνάμεως
930 3561 1147 3634 εἴρηται
1185 3564 1421 3620 ἐνταῦθα
1457 3568 1490 3642 ή
1518 3571 1576 3622 ὲν
1603 3569 1682 3641 τῷ
1711 3570 1832 3625 δευ-

266 3644 404 3717 τέρῳ
439 3646 631 3720 ψαλμῷ
660 3650 972 3723 κεκλημένη
1012 3653 1206 3725 ῥάϐδος
1250 3657 1463 3731 σιδηρᾶ.
1506 3659 1566 3713 '0
1594 3660 1694 3731 μὲν
1737 3659 1831 3719 οὖν

270 3738 603 3809 εὑαγγελικὸς
639 3742 815 3812 λόγος,
863 3745 892 3796 ό
919 3745 1017 3816 τῆς
1057 3746 1152 3800 τοῦ
1205 3749 1453 3820 Σωτῆρος
1483 3751 1641 3822 ήμῶν
1675 3752 1832 3808 δυνά-

276 3847 431 3902 μεως,
457 3832 546 3886 καὶ
573 3835 667 3905 τῆς
687 3835 808 3889 κατ’
835 3835 996 3890 αὑτὸν
1025 3839 1334 3910 οἰκονομίας
1353 3841 1770 3911 ἀπαγγελτικδς,
1795 3846 1829 3916 ἡ

276 3921 575 3995 παιδευτικὴ
604 3925 696 3978 καὶ
740 3927 1006 3998 σωτήριος
1035 3931 1120 4000 εἴη
1161 3929 1228 3984 ἂν
1275 3931 1490 4003 ῥάϐδοςο
1521 3935 1555 4005 ή
1588 3933 1644 3987 δὲ
1687 3934 1831 3989 κατὰ

281 4013 378 4067 τῶν
411 4015 602 4086 ἐχθρῶν
637 4017 932 4073 αὑτοῖγκαὶ
963 4020 1236 4093 πολεμίοιν
1258 4022 1359 4093 τῆς
1395 4024 1560 4079 αὐτοῦ
1600 4026 1828 4098 Ἐκκλη-

285 4103 394 4168 σίας
427 4106 763 4180 καθαιρετικὴ
809 4109 1077 4182 λεγομένη
1119 4112 1334 4184 σιδηρᾶ,
1365 4113 1432 4167 δι’
1465 4110 1534 4187 ἦς
1559 4116 1634 4180 ὡς
1657 4117 1826 4189 σκεύη

289 4197 546 4270 κεραμέως
579 4201 881 4271 συντρίψειν
928 4201 1146 4272 λέγεται
1187 4207 1322 4271 τοὺς
1361 4207 1588 4281 ἐχθροὺς
1639 4211 1822 4267 αὐτοῦ.

299 4289 603 4344 Ἐπεὶ-τοίνυν
623 4293 652 4362 6
674 4293 908 4362 Χριστὸς
921 4294 1022 4357 τὰς
1041 4295 1367 4368 Ἐκκλησίας
1380 4299 1544 4354 αὐτοῦ
1563 4302 1620 4354 ἐν
1635 4303 1828 4373 μέσαις

294 4382 398 4446 ταῖς
426 4383 590 4436 πόλεσι
614 4384 706 4451 καὶ
737 4385 797 4437 ὲν
833 4385 1014 4450 αὐτοῖς
1049 4385 1235 4456 μέσοις
1260 4388 1435 4444 ἔθνεσι
1464 4392 1667 4464 μεταξὺ
1714 4395 1825 4450 τῶν

301 4567 458 4619 λεκται
495 4565 585 4629 ὅτι,
627 4563 876 4620 Ῥἀσδον
923 4565 1230 4638 δυνάμεώς
1270 4585 1389 4626 σου
1427 4573 1829 4637 ἑξαποστελεῖ

305 4658 497 4726 Κύριος,
521 4658 608 4712 ira
647 4659 1124 4730 κατακυριεύσῃς
1149 4659 1219 4714 ἐν
1249 4661 1419 4732 μέσῳ
1439 4662 1558 4718 τῶν
1597 4666 1826 4736 ἐχθρῶν

309 4764 424 4801 σου.

50 4839 68 4872 ε
367 4839 500 4893 Μετὰ
522 4840 622 4895 σοῦ
638 4843 674 4912 ἡ
711 4842 868 4913 ἀρχὴ
901 4843 972 4898 ἐν
1001 4846 1190 4914 ἡμέρᾳ
1231 4846 1341 4915 τῆς
1368 4846 1675 4917 δυνάμεώς
1705 4864 1822 4904 σου

50 4933 70 4968 ε
315 4932 369 4985 ἐν
387 4932 495 5000 ταῖς
519 4937 873 5005 λαμπρότησι
902 4937 1023 4992 τῶν
1058 4939 1263 5007 ἁγίων,
1310 4939 1380 4992 ἐκ
1423 4940 1678 5009 γαστρὸς
1706 4940 1821 5009 πρὸ

319 5021 567 5092 ἑωσφόρον
618 5024 909 5094 ἐγέννησά
961 5044 1054 5081 σε.
1109 5027 1359 5092 Ἀκύλας,
1417 5028 1550 5082 Ἀπὸ
1590 5028 1822 5098 μήτρας

49 5123 71 5160 rt
321 5113 715 5184 ἐξωρθρισμένης
743 5133 841 5170 σοι
882 5118 1101 5186 δρόσος
1129 5119 1509 5188 παιδιότητός
1539 5137 1673 5176 σου·
1692 5099 1734 5176 ’ὁ
1763 5122 1819 5176 δὲ

50 5201 70 5250 ι
324 5205 572 5277 Σύμμαχος
607 5207 695 5272 Ὦς
723 5209 850 5261 κατ’
882 5209 1093 5278 ὄρθρον
1126 5227 1226 5265 σοι
1268 5209 1490 5278 δρόσος
1522 5213 1562 5280 ἠ
1608 5215 1821 5282 νεότης

327 5311 430 5351 σου·
456 5298 544 5369 ήδὲ
571 5299 779 5371 πέμπτη
811 5300 1038 5368 έκδοσις,
1083 5303 1178 5356 Ἐκ
1204 5303 1434 5373 μήτρας
1465 5305 1581 5358 ἀπὸ
1607 5305 1820 5374 ὄρθρου

331 5402 405 5442 σοι
424 5388 598 5457 δρόσος
615 5391 894 5458 νεότητός
929 5408 1065 5448 σου.
1102 5395 1212 5448 Καὶ
1241 5395 1386 5448 ἔοικέ
1414 5411 1478 5464 γε
1507 5395 1596 5449 διὰ
1615 5397 1820 5451 τούτων

57 5483 72 5528 i
333 5479 407 5551 τῆς
430 5481 635 5553 ὲνσάρκου
689 5483 994 5554 γεννήσεως
1037 5483 1202 5538 αὑτοῦ
1243 5485 1339 5557 τὴν
1375 5487 1686 5558 οἰκονομίαν
1719 5506 1817 5559 ση-

337 5572 513 5641 μαίνειν.
551 5572 662 5626 Ἀπὸ
684 5573 793 5645 γὰρ
833 5575 1063 5646 μήτρας,
1097 5577 1252 5647 φησὶ,
1298 5561 1586 5647 γενήσεται
1631 5579 1820 5650 δρόσος

50 5685 67 5724 τ
339 5662 652 5734 Ξξωρθρισμένη
682 5665 778 5734 τῆς
797 5665 1136 5737 παιδιότητός
1165 5683 1279 5720 σου”
1319 5669 1353 5739 ἢ
1387 5670 1451 5722 ὲκ
1483 5672 1694 5743 μήτρας
1727 5689 1818 5742 γε-

53 5763 66 5820 l
391 5770 428 5803 "
455 5770 595 5830 Matth.
627 5790 786 5841 xvtu,
821 5774 908 5837 20.
987 5777 1032 5810 "
1070 5776 1258 5842 Matth.
1297 5796 1444 5845 χχιι,
1477 5781 1564 5840 45.

50 4183 68 4232 τε

49 4277 68 4310 5

50 4369 66 4403 ἵ

49 4449 68 4502 li

50 4538 66 4591 ἔ

50 4651 67 4684 Ιε

50 4733 69 4781 i5

1942 1919 2076 1976 Sede
2109 1938 2142 1974 a
2172 1920 2375 1975 dextris
2413 1921 2562 1977 meis.
2613 1917 2898 1985 Quomodo
2937 1917 3083 1972 enim
3131 1915 3382 1970 humana:
3425 1928 3519 1968 co-

1941 2013 2173 2083 gnitioni
2223 2011 2516 2068 accidisset
2552 2011 2743 2066 notitia
2791 2006 3304 2065 communicationis
3352 2019 3518 2076 quam

1941 2104 2103 2162 Pater
2133 2105 2297 2161 habet
2329 2119 2453 2160 cum
2489 2118 2556 2158 eo
2599 2103 2692 2174 qui
2729 2101 2993 2157 Dominus
3022 2100 3195 2170 ipsius
3223 2096 3391 2152 David
3433 2093 3518 2150 di-

1941 2198 2123 2252 citur?
2151 2196 2410 2252 Thronus
2454 2195 2638 2266 itaque
2670 2194 2873 2265 regiam
2905 2192 3026 2264 ejus
3063 2189 3383 2260 dignitatem
3422 2185 3517 2242 de-

1940 2291 2143 2358 clarat;
2198 2290 2373 2346 sessio
2440 2295 2619 2342 autem
2667 2285 3014 2350 ﬁrmitatem,
3059 2281 3410 2338 stabilitatem
3463 2285 3517 2334 et

1940 2382 2378 2439 immobilitatem
2431 2378 2835 2450 permansionis
2877 2377 2999 2448 ejus
3041 2376 3095 2431 in
3147 2389 3338 2445 regno.
3379 2371 3514 2426 illud

1939 2491 2142 2544 autem,
2171 2498 2203 2534 a
2225 2479 2449 2543 dextris,
2476 2477 2721 2533 declarat
2759 2476 2939 2546 ipsum
2983 2474 3302 2529 dextrorum
3336 2467 3516 2522 Patris

1939 2588 2227 2627 munerum
2266 2586 2390 2626 esse
2433 2569 2772 2640 participem.
2808 2565 3002 2622 Omnia
3031 2565 3232 2638 quippe
3269 2562 3514 2625 dextera,

1941 2667 2082 2729 lzeta,
2115 2666 2259 2720 bona
2288 2673 2342 2719 et
2364 2655 2626 2718 salutaria
2657 2659 2814 2730 quasi
2854 2674 2882 2712 a
2915 2657 3075 2712 Patre
3099 2655 3271 2710 Filius
3302 2655 3513 2710 submi-

1938 2759 2161 2814 nistrat.
2182 2756 2438 2811 lnimicos
2464 2762 2644 2810 autem
2668 2759 2828 2807 vocat
2854 2766 2950 2806 eos
2973 2749 3067 2820 qui
3103 2749 3157 2802 in
3187 2746 3513 2818 praecedenti

1939 2852 2152 2923 psalmo
2176 2849 2440 2904 declarati
2463 2857 2624 2913 sunt;
2651 2861 2828 2915 neque
2852 2853 3059 2896 tantum
3093 2855 3208 2904 eos,
3235 2839 3330 2896 sed
3351 2840 3512 2895 etiam

1938 2959 2132 3000 omnes
2155 2940 2501 2996 adversarias
2535 2939 2786 2993 virtutes.
2819 2933 2980 2989 Pater
3001 2933 3144 2989 enim
3174 2931 3228 2986 in
3259 2927 3512 3002 praesenti

1937 3031 2150 3106 psalmo
2173 3045 2233 3085 se
2257 3044 2449 3085 omnes
2475 3027 2578 3083 sub
2611 3024 2776 3097 pedes
2804 3023 2923 3094 ejus
2960 3029 3361 3093 prostraturum
3389 3033 3511 3076 esse

1938 3125 2248 3194 denuntiat.

2007 3219 2176 3278 Vens.
2225 3221 2279 3275 5.
2355 3216 2569 3289 Virgam
2615 3217 2828 3271 virtutis
2887 3213 3088 3269 emittet
3143 3209 3397 3265 Dominus
3444 3223 3508 3263 ea

1934 3309 2084 3372 Sion,
2111 3319 2161 3364 et
2193 3308 2465 3362 dominare
2494 3307 2549 3361 in
2575 3306 2744 3361 medio
2768 3305 3102 3359 inimicorum
3132 3313 3362 3357 tuorum.
3387 3298 3508 3354 Vir-

1933 3417 2056 3474 gam
2089 3401 2335 3462 (virtutis
2376 3400 2614 3456 arbitror
2655 3400 2760 3454 hoc
2803 3398 2925 3453 loco
2961 3395 3337 3466 evangelicum
3387 3407 3506 3450 ser-

1933 3510 2150 3550 monem
2177 3494 2385 3550 dictum
2417 3510 2560 3550 esse.
2596 3492 2837 3549 Observa
2869 3505 3054 3562 porro,
3086 3504 3216 3544 num
3260 3487 3401 3544 forte
3427 3503 3507 3544 se-

1933 3586 2170 3644 cundum
2200 3587 2362 3640 aliam
2408 3585 2673 3640 rationem
2713 3583 2867 3653 virga
2900 3579 3116 3636 virtutis
3163 3579 3253 3634 hic
3293 3578 3506 3633 dicatur

1931 3688 2019 3740 ea,
2051 3687 2172 3744 qua:
2204 3671 2259 3727 in
2288 3673 2529 3729 secundo
2563 3672 2773 3744 psalmo
2813 3671 2964 3742 virga
3004 3669 3179 3725 ferrea
3220 3684 3504 3738 nuncupa-

1933 3771 2042 3820 tur.
2075 3763 2431 3836 Evangelicus
2461 3764 2643 3834 itaque
2685 3776 2888 3824 sermo,
2928 3761 3021 3831 qui
3063 3759 3372 3816 Servatoris
3404 3773 3502 3812 no-

1932 3855 2032 3911 stri
2064 3857 2317 3910 virtutem
2357 3864 2412 3910 ct
2455 3855 2576 3922 ejus
2619 3852 2980 3909 oeconomiam
3011 3851 3320 3916 annuntiat,
3353 3851 3502 3922 virga

1930 3947 2250 4002 doctrinalis
2295 3956 2350 4002 et
2383 3947 2641 4003 salutaris
2672 3947 2867 4014 fuerit;
2900 3945 2989 4000 illa
3021 3961 3152 4001 vero
3185 3960 3292 4016 qua
3325 3944 3501 3999 inimi-

1929 4056 2026 4097 cos
2055 4055 2185 4096 suos
2214 4047 2268 4092 et
2310 4039 2568 4095 Ecclesia:
2597 4039 2782 4096 hostes
2831 4039 3128 4109 prosternit
3156 4053 3218 4092 ac
3247 4036 3500 4103 destruit,

1931 4129 2106 4186 ferrea
2136 4137 2383 4196 vocetur,
2413 4146 2521 4200 qua
2551 4128 2754 4184 dicitur
2777 4130 3029 4185 inimicos
3072 4143 3202 4184 suos
3243 4137 3500 4198 tanquam

1927 4237 2058 4278 vasa
2107 4221 2255 4291 ﬁguli
2301 4221 2640 4278 contriturus
2680 4236 2821 4277 esse.
2870 4219 3008 4286 Quia
3045 4219 3209 4291 igitur
3248 4217 3499 4273 Christus

1927 4312 2204 4372 Ecclesias
2244 4328 2375 4368 suas
2403 4312 2458 4366 in
2493 4313 2685 4369 mediis
2727 4312 2956 4367 urbibus
2987 4319 3042 4367 et
3070 4309 3322 4380 gentibus
3361 4309 3498 4363 inter

1928 4404 2182 4459 inimicos
2225 4410 2280 4462 et
2326 4403 2512 4458 hostes
2560 4405 2866 4470 constituit,
2925 4401 3240 4457 necessario
3291 4399 3498 4454 dictum

297 4474 479 4547 ἐχθρῶν
501 4475 588 4566 ,καὶ
629 4475 913 4566 *πολεμίων
941 4480 1352 4566 συνεστήσατο,
1387 4484 1696 4554 ἀναγκαίως
1735 4487 1821 4540 λέ-

1939 4504 2013 4552 ast
2045 4514 2060 4549 :
2094 4495 2304 4566 Virgam
2337 4497 2544 4550 virtutis
2575 4506 2678 4551 tua:
2703 4497 2904 4550 emittet
2925 4493 3206 4558 Dominus,
3240 4502 3297 4546 ut
3325 4492 3495 4547 domi-

1925 4589 2068 4650 neris
2097 4590 2153 4643 in
2183 4589 2354 4644 medio
2379 4588 2715 4644 inimicorum
2750 4597 2980 4642 tuorum.

1992 4832 2160 4887 Vens.
2190 4833 2243 4886 4.
2292 4831 2482 4885 Tecum
2540 4828 2861 4898 principium
2911 4829 2966 4882 in
3018 4825 3105 4882 die
3147 4826 3358 4880 virtutis
3394 4833 3494 4878 tua

1923 4933 1976 4986 in
2000 4931 2363 5000 splendoribus
2393 4939 2725 4993 sanctorum,
2763 4944 2827 4982 ex
2857 4937 3004 4982 utero
3038 4937 3159 4982 ante
3191 4925 3494 4994 Luciferum

1921 5034 2076 5104 genui
2105 5043 2172 5086 te.
2204 5031 2422 5102 Aquila,
2453 5030 2519 5084 ab
2553 5040 2700 5084 utero
2747 5029 2982 5083 diluculo
3017 5029 3242 5082 excitato
3278 5026 3372 5080 tibi
3408 5041 3493 5078 ros

1921 5135 2165 5206 pueritia:
2190 5144 2293 5188 tua:
2313 5150 2328 5200 ;
2348 5132 2709 5204 Symmachus
2736 5171 2751 5196 ,
2775 5131 2910 5186 uelut
2933 5129 3164 5184 diluculo
3188 5128 3280 5182 tibi
3304 5144 3387 5182 ros
3399 5127 3491 5196 ju-

1921 5248 2103 5293 ventus
2133 5247 2261 5300 tua;
2288 5235 2480 5306 quinta
2531 5242 2713 5289 autem
2747 5233 2937 5296 editio,
2971 5245 3036 5286 ex
3088 5238 3236 5284 utero
3269 5229 3491 5286 dilicqu

1922 5326 2017 5389 tibi
2055 5343 2140 5380 ros
2167 5325 2460 5400 iuventutis
2485 5333 2608 5378 ture.
2646 5321 2850 5393 Hisque
2879 5321 3096 5376 videtur
3126 5319 3490 5391 generationis

1919 5419 2040 5486 ejus
2101 5415 2341 5472 carnalis
2397 5415 2758 5470 (economiam
2821 5411 3151 5482 signiﬁcare.
3211 5409 3293 5464 Ab
3335 5417 3490 5465 utero

1920 5511 2088 5572 enim,
2122 5510 2218 5573 ait.
2251 5509 2352 5563 erit
2375 5524 2466 5565 ros
2495 5507 2798 5562 matutinus
2826 5503 3072 5576 pueritia:
3100 5511 3236 5570 tuae;
3272 5502 3387 5558 sive
3423 5519 3488 5559 ex

1920 5609 2077 5664 utero
2107 5602 2196 5656 liet
2243 5601 2342 5656 tibi
2393 5616 2483 5656 ros
2513 5610 2640 5654 tuus
2681 5598 2924 5652 diluculo
2958 5597 3011 5650 in
3048 5593 3335 5666 juventute
3372 5602 3488 5648 tua.

1923 5693 2126 5772 Hisque
2157 5694 2394 5751 arbitror
2421 5691 2714 5758 declarari,
2765 5705 2873 5748 non
2898 5705 2964 5746 ex
2993 5688 3200 5746 semine
3230 5687 3354 5756 viri,
3391 5685 3490 5746 sed

49 6401 3902 6702 Μ
