3954 7146
502 408 634 463 13ιῦ

501 543 559 583 ex
595 526 803 597 Spiritu
849 533 1064 590 sancto,
1115 524 1399 579 carnalem
1435 523 1845 596 generationem
1867 524 2075 579 consti-

2196 522 2396 593 μήσεται
2431 538 2513 574 σοι
2544 521 2734 591 δρόσος
2751 537 2843 573 σου
2868 519 3064 589 ὄρθρου
3093 520 3150 572 ἐν
3170 519 3238 589 τῇ
3267 514 3532 584 νεότητί
3569 530 3720 565 suam.
3753 517 3810 584 If.

2179 612 2465 684 μαίνεσθαι
2495 612 2551 665 δὲ
2571 612 2659 664 διὰ
2681 610 2884 664 τούτων
2907 610 3143 682 ἡγοῦμαι
3161 610 3222 662 τὸ
3258 609 3338 679 μὴ
3371 610 3464 660 ἐκ
3493 607 3826 673 σπέρματης

497 709 687 773 ﬂuens,
721 709 802 764 sic
839 710 894 763 in
940 717 1097 763 utero
1121 707 1456 779 prmgnantis
1489 707 1681 763 matris
1713 707 1856 778 ejus,
1890 708 2076 764 carnis

2196 705 2389 775 ὶνδρὸς,
2416 703 2528 757 ἀλλ’
2561 702 2622 768 ἐξ
2649 702 2804 771 ἁγίου
2827 702 3142 771 Πνεύματος
3161 701 3458 769 συστῆναι
3477 697 3602 766 circ
3647 696 3826 750 ἕνεκ’

2177 814 2272 850 κον
2298 796 2570 866 γέννησιν.
2623 790 2725 848 υἷα
2773 793 2883 866 γὰρ
2914 794 3102 865 δρόσος
3142 792 3360 847 ἄνωθεν
3435 790 3520 853 ἐξ
3593 791 3824 856 αἱμακίὲ

496 908 556 946 ea:
588 901 781 956 ventre,
814 893 936 947 sive
961 907 1026 946 ea:
1055 903 1225 956 utero,
1256 890 1582 946 llebraicum
1611 891 1776 946 habet
1818 890 2074 944 Mariam.

2196 888 2479 958 ρερομένη,
2504 885 2646 939 οὕτω
2677 904 2795 950 πως
2841 890 2900 940 ὲν
2935 889 3002 956 τῇ
3037 887 3220 956 μήτρᾳ
3249 884 3359 953 τῆς
3401 885 3824 951 κ’κιφᾳὲῖς

2178 983 2339 1034 αὑτὸν
2378 980 2582 1055 μητρὸς
2611 983 2645 1051 ἡ
2678 981 2778 1051 τῆς
2812 981 3014 1051 σαρκδς
3049 981 3258 1050 ὑπέστη
3295 979 3626 1037 σύστασις
3681 979 3738 1028 ἐν
3773 981 3816 1044 τί

496 1072 717 1127 Mariam
753 1072 1070 1128 meminisse
1099 1091 1112 1126 :
1143 1087 1271 1126 nam
1306 1073 1462 1136 illud,
1486 1071 1742 1136 Mariam,
1776 1071 1957 1126 Maria:
1975 1087 2068 1126 no-

2196 1072 2486 1142 rmata-7.11::
2513 1072 2698 1126 αὐτοῦ.
2745 1072 2890 1124 Ἀντί
2915 1071 2972 1124 δὲ
2993 1070 3110 1134 τοῦ,
3141 1072 3211 1124 ἐκ
3248 1070 3600 1141 γαστρὸς,
3629 1066 3694 1135 ἦ,

497 1181 620 1220 men
654 1165 962 1235 significat;
985 1166 1059 1220 ita
1083 1173 1143 1220 ut
1170 1166 1259 1221 his
1289 1165 1612 1221 nominatim
1657 1163 1890 1237 Deipara
1922 1180 2074 1220 com-

2196 1164 2425 1233 uritpaq,
2465 1165 2526 1219 τὸ
2556 1165 2842 1237 Ἑϐραῖκὸν
2872 1164 3003 1234 ἔχει,
3033 1164 3282 1234 Μαριάμ.
3315 1158 3470 1216 Οἶδα
3497 1161 3692 1221 δἐεἰς
3721 1162 3824 1212 τοῦ-

1037 1315 1042 1318 .
2180 1273 2242 1309 το
2257 1257 2401 1320 τινος
2434 1256 2694 1318 ἀκούσας,
2732 1255 2807 1318 ὡς
2836 1256 2938 1325 τῆς
2978 1256 3267 1326 Ἑϐραῖκῆς
3309 1255 3542 1323 φωνῆς
3589 1252 3822 1304 tacti-Es.

497 1347 592 1417 τῆς
620 1347 841 1420 Μαρίας
865 1347 1338 1421 μνημονευσάσηςο
1371 1348 1432 1402 τὸ
1451 1348 1581 1422 γὰρ,
1633 1349 1888 1419 Μαριὰμ,
1932 1349 1994 1403 τὸ
2023 1349 2241 1421 Μαρίας
2284 1351 2453 1422 ὄνομα
2504 1351 2778 1422 σημαίνει,
2826 1351 2901 1414 ὡς
2944 1351 3202 1422 ὀνομαστὶ
3251 1350 3343 1403 διὰ
3411 1347 3682 1401 τούτων
3747 1347 3822 1410 1i;

498 620 594 674 tui.
627 617 762 672 Nam
801 617 1259 690 quemadmodum
1302 632 1396 672 ros
1439 631 1677 684 superne
1706 616 1775 670 de
1805 616 1944 673 caelo
1979 616 2075 672 de-

497 801 814 856 constitutio
831 801 971 855 facta
988 809 1073 856 est
1087 801 1143 854 in
1159 799 1390 855 infantia
1409 801 1603 871 ipsius.
1623 800 1730 854 Pro
1750 802 1842 854 illo
1869 808 2073 867 autem,

497 981 689 1051 Aliquo
729 989 912 1036 autem
945 990 1203 1035 narrante
1223 981 1371 1044 novi,
1404 980 1729 1035 llebraicani
1757 996 1946 1036 vocem
1987 981 2077 1034 hic

498 1263 850 1309 memoretur.

496 1427 756 1493 Θεοτόκου
786 1459 888 1511 μνη
899 1441 1270 1512 μονευθείσης.

567 1531 732 1587 Vens.
795 1534 913 1589 5-8.
967 1533 1180 1590 Iuravit
1239 1535 1519 1598 Dominus,
1562 1545 1611 1589 et
1668 1552 1772 1588 non
1809 1534 2076 1604 paenitebit

1202 400 1471 458 EUSEBll
1501 399 1980 457 CESARIENSIS
2015 400 2169 456 OPP.
2201 399 2380 453 PARS
2419 397 2506 452 ιιι.
2545 430 2614 439 -—
2653 396 3061 452 EXEGETICA.
3719 396 3806 446 13.4

3757 517 3786 540 τ

2280 1536 2478 1602 Ωμοσε
2523 1535 2757 1603 Κύριος,
2807 1532 2907 1586 καὶ
2964 1533 3034 1587 οὐ
3066 1531 3720 1602 μεταμεληθἧσε-ται⁹
3757 1535 3818 1588 εἰ,
3855 1527 3857 1560 :

497 1639 636 1687 eum,
665 1623 744 1677 Tu
769 1641 823 1680 es
877 1625 1122 1680 sacerdos
1153 1627 1205 1680 in
1244 1635 1497 1682 azternum
1524 1628 1809 1681 secundum
1840 1626 2076 1682 ordinem

2196 1625 2373 1692 Tepevc
2393 1627 2482 1692 εις
2513 1625 2617 1678 τὸν
2640 1623 2826 1678 αἰῶνα
2856 1625 3007 1678 κατὰ
3031 1623 3144 1693 τὴν
3168 1624 3342 1689 τάξιν
3369 1626 3822 1692 Μελχισείὰ.

500 1713 900 1770 Melchisedech.
950 1717 1210 1772 Dominus
1257 1737 1289 1772 a
1335 1718 1538 1774 dextris
1590 1721 1698 1774 tuis
1742 1722 1996 1794 confregit
2023 1722 2076 1776 in

2196 1716 2395 1783 Κύριος
2425 1717 2493 1769 ἐκ
2513 1715 2726 1780 δεξιῶν
2746 1731 2862 1770 σου
2890 1714 3361 1770 συνέθλασενέν
3385 1716 3626 1785 ἡμέρᾳ
3645 1717 3822 1785 ἀεῖ-ἧς·

497 1805 580 1859 tlie
612 1806 709 1859 ira:
733 1823 844 1860 sua:
875 1824 1038 1878 reges.
1075 1807 1352 1863 Judicabit
1393 1812 1448 1865 in
1480 1812 1806 1877 nationibus,
1844 1813 2078 1883 implebit

2196 1808 2369 1861 κὺτοῦ
2393 1807 2698 1874 βασιλεῖς.
2726 1807 3015 1876 Κρινεῒὲν
3049 1808 3173 1875 τοῖς
3203 1808 3443 1868 ἔθνεσι,
3479 1810 3816 1875 πληρώση

500 1899 706 1961 ruinas,
749 1901 1124 1969 conquassabit
1158 1903 1334 1970 capita
1377 1903 1432 1956 in
1465 1912 1631 1962 terra.
1661 1903 1734 1959 De
1769 1914 1998 1962 torrente
2023 1908 2077 1960 in

2196 1898 2480 1968 πτώματα,
2522 1897 2857 1953 συνθλάσει
2896 1899 3165 1968 negt-alar;
3206 1899 3304 1952 ἐπὶ
3335 1898 3490 1970 γῆς.
3553 1900 3678 1952 Ἐκ
3709 1918 3812 1968 χες-

500 1990 582 2042 via
610 1989 766 2057 bibet,
791 2003 1063 2060 propterea
1117 1992 1380 2047 exaltabit
1415 2004 1594 2062 caput.
1629 1993 1755 2050 Haec
1785 1995 2077 2050 admodum

2196 1991 2406 2059 αάρῤου
2436 1988 2636 2054 ἐνόδῷ
2664 1990 2877 2056 πίεται,
2901 1988 2999 2042 διὰ
3015 1990 3187 2043 τοῦτο
3207 1989 3454 2058 ὑψώσει
3485 1989 3798 2058 κεφαλήν

500 2089 902 2151 consequenter
973 2082 1230 2138 videntur
1276 2083 1555 2154 praedictis
1609 2085 1793 2140 verbis
1836 2086 2080 2141 subnexa

501 2187 642 2228 esse.
673 2171 900 2229 Etiamsi
934 2175 1079 2230 enim
1111 2183 1292 2229 ortum
1325 2192 1390 2229 ex
1421 2185 1578 2231 utero
1599 2191 1795 2246 passus
1831 2179 1942 2244 sis,
1981 2177 2080 2244 ait,

501 2271 664 2334 atque
685 2265 852 2318 veluti
881 2281 973 2320 ros
1002 2281 1067 2320 ex
1099 2265 1307 2337 Spiritu
1333 2277 1545 2331 sancto,
1578 2276 1859 2338 assumpta
1891 2283 2078 2333 carne,

502 2354 683 2410 factus
712 2356 788 2411 sis
809 2356 862 2410 in
895 2355 1123 2411 infantia
1157 2365 1290 2425 tua;
1328 2370 1383 2412 at
1418 2376 1527 2414 non
1563 2362 1681 2431 pari
1713 2369 1876 2432 atque
1902 2363 2082 2417 caeteri

502 2447 751 2503 homines
795 2450 1009 2505 ratione
1032 2452 1156 2506 vitae
1185 2453 1394 2507 exitum
1416 2453 1700 2523 sortieris;
1732 2455 1827 2511 sed
1851 2457 1906 2509 in
1931 2466 2084 2510 arter-

499 2553 630 2592 num
660 2538 767 2594 Deo
801 2550 854 2595 et
899 2539 1047 2596 Patri
1086 2543 1344 2598 sacerdos
1391 2546 1637 2600 manebis
1667 2564 1681 2600 :
1717 2546 1986 2616 siquidem
2028 2545 2082 2601 id

501 2628 806 2693 definitum,
825 2639 879 2685 et
902 2647 931 2684 a
957 2630 1119 2688 Patre
1134 2643 1227 2690 tuo
1251 2649 1374 2690 cum
1397 2635 1694 2706 juramenti
1727 2637 2084 2694 aliirmatione

499 2720 915 2790 pronuntiatura
949 2729 1056 2778 est.

1018 2920 1381 2978 ALLELUIA.
1408 2923 1521 2979 CX.

569 3007 737 3068 Vsus.
773 3013 888 3068 1-5.
920 3013 1227 3085 Conﬁtebor
1263 3015 1380 3081 tibi,
1418 3015 1662 3084 Domine,
1698 3018 1754 3072 in
1787 3025 1896 3073 toto
1930 3020 2084 3075 corde

501 3115 635 3162 meo,
667 3100 720 3153 in
739 3102 1247 3172 consiliojustorum
1271 3116 1319 3160 et
1346 3109 1766 3178 congregatione.
1793 3109 2085 3183 Inscriptio

2182 2083 2394 2154 Σφόδρα
2425 2099 2513 2153 μοι
2544 2081 2691 2135 δοκεῖ
2715 2080 3021 2143 ἀκολούθως
3043 2085 3108 2152 τῇ
3137 2081 3664 2153 προγεγραμμένῃ
3687 2081 3812 2146 λέξεο.

2184 2175 2428 2248 συνὴφθη
2460 2175 2530 2228 τά
2562 2175 2916 2247 προκείμενα.
2941 2173 3004 2226 Ei
3042 2173 3150 2242 γὰρ
3184 2172 3277 2226 καὶ
3303 2173 3372 2226 τὰ
3400 2173 3696 2242 μάλιστα
3731 2175 3812 2240 τέ-
3867 2169 3871 2250 l

2182 2288 2327 2323 νεσιν
2343 2268 2439 2340 τὴν
2467 2267 2576 2322 ἀπὸ
2596 2269 2807 2339 μήτρας
2837 2265 3155 2336 ὑπέμεινας,
3189 2264 3340 2335 φησὶ,
3361 2266 3468 2318 καὶ
3492 2265 3808 2336 γεγένητα.
3871 2274 3873 2336 ε

2181 2355 2268 2415 οἷα
2304 2359 2491 2430 δρόσος
2516 2357 2576 2423 ἐξ
2613 2359 2767 2427 ἁγίου
2801 2357 3114 2428 Πνεύματος
3150 2359 3208 2410 έν
3237 2357 3300 2426 τῇ
3327 2356 3703 2462 Enim-.73:
3731 2373 3806 2408 π
3873 2374 3875 2462 ι

2185 2453 2363 2526 σάρκα
2394 2449 2698 2514 ἀναλαϐὼν,
2719 2450 2832 2504 ἀλλ’
2847 2451 2944 2522 οὐχ
2967 2449 3166 2521 ὁμοίως
3195 2452 3305 2512 τοῖς
3327 2447 3562 2512 λοιποῖς
3587 2449 3804 2520 ἀνθ

2184 2563 2306 2610 ποις
2334 2544 2428 2597 καὶ
2457 2545 2555 2614 τὴν
2588 2544 2972 2615 καταστροφὴν
2994 2542 3087 2595 τοῦ
3123 2541 3236 2612 βίου
3275 2544 3570 2613 ’ποιήσεις⁹
3603 2543 3801 2612 διαμε-

2184 2639 2292 2699 νεϊς
2322 2635 2380 2688 δὲ
2424 2636 2504 2697 είς
2535 2634 2626 2688 τὸν
2653 2634 2824 2687 αίῶνα
2858 2632 3152 2704 ἱερώμενος
3181 2632 3258 2703 τῷ
3298 2632 3418 2703 Θεῷ
3441 2634 3560 2686 καὶ
3597 2635 3797 2702 natat.

2184 2726 2356 2781 Τοῦτο
2369 2725 2478 2798 γὰρ
2511 2725 2760 2798 ὥρισται,
2793 2726 2884 2780 καὶ
2908 2725 3025 2796 μεθ’
3055 2726 3215 2796 ὅρκου
3237 2724 3606 2796 βεϐαιώσεως
3643 2724 3796 2780 τοῦθ

2185 2819 2568 2888 ἀποπέφανται
2599 2817 2840 2888 πρὸςτοῦ
2875 2816 2968 2870 σοῦ
3002 2817 3230 2888 Πατρός.

2705 2930 3130 2984 ΑΛΛΗΛυΥΙᾹ.
3153 2931 3256 2983 Pl'.

2269 3020 2816 3095 Ἑξομολογήσομαί
2876 3036 2996 3085 σοι,
3049 3022 3246 3089 Κύριε,
3277 3021 3348 3074 ὲν
3385 3021 3506 3092 ὅλῃ
3573 3021 3790 3090 καρδίᾳ
3888 3076 3889 3090 γ

2182 3136 2320 3188 μου,
2368 3119 2438 3171 ἐν
2481 3115 2688 3184 βουλῇ
2720 3113 2943 3169 εὑθέων
2993 3114 3091 3167 καὶ
3143 3113 3483 3185 συναγωγῇ.
3549 3114 3641 3168 Ta
3695 3116 3788 3183 τῆς

498 3191 786 3260 praesentis
815 3208 879 3248 ac
920 3196 1266 3266 sequentium
1303 3199 1640 3267 psalmorum
1672 3200 1934 3266 declarat,
1967 3201 2084 3258 inec

2196 3207 2514 3279 προγραφῆς
2554 3203 2647 3258 τοῦ
2706 3203 3066 3276 προκειμένου
3103 3203 3198 3258 καὶ
3241 3203 3349 3256 τῶν
3393 3203 3618 3274 ἑφεξῆς
3639 3205 3786 3274 αὐτῷ

503 3297 612 3338 non
640 3300 733 3354 per
759 3285 1076 3356 psalterium
1111 3289 1461 3357 pronuntiata
1477 3291 1662 3356 fuisse,
1681 3309 1859 3364 neque
1887 3297 2087 3350 cantici

504 3373 684 3428 locum
717 3382 923 3440 tenere,
951 3394 1127 3448 neque
1145 3381 1430 3440 orationis.
1455 3398 1631 3453 neque
1648 3384 1879 3439 aliorum
1899 3389 2086 3455 qumin

501 3466 678 3523 titulis
693 3467 962 3537 feruntur;
983 3471 1078 3526 sed
1099 3487 1222 3528 esse
1255 3473 1488 3544 hymnos
1503 3476 1799 3547 gratiarum
1818 3478 2082 3534 actionis:

503 3575 673 3630 quare
702 3559 952 3632 inscripti
971 3569 1121 3626 sunt,
1151 3563 1407 3627 Alleluia,
1441 3567 1586 3636 quod
1616 3566 1802 3623 Graece
1843 3585 2085 3634 versum,

504 3653 715 3706 laudem
742 3653 835 3707 Dei
861 3654 1157 3724 signiﬁcat.
1179 3653 1618 3726 Conﬁtebortibi,
1647 3659 1888 3725 Domine,
1911 3662 1962 3715 in
1979 3671 2086 3715 toto

500 3746 662 3800 corde
705 3762 840 3812 meo,
897 3747 952 3801 in
1009 3749 1234 3802 consilio
1266 3749 1533 3814 iustorum
1564 3762 1615 3805 et
1663 3753 2084 3823 congregatione.

508 3835 706 3909 Magna
734 3855 892 3908 opera
919 3839 1152 3905 Domini,
1185 3842 1452 3913 exquisita
1487 3843 1539 3898 in
1570 3861 1746 3900 omnes
1792 3847 2086 3901 voluntates

503 3928 642 3999 ejus.
672 3926 952 3996 Confessio
983 3939 1034 3984 et
1069 3932 1464 4002 magniﬁcentia
1493 3950 1622 4004 opus
1643 3933 1780 4003 ejus,
1805 3945 1855 3990 et
1867 3935 2089 4006 justitia

505 4020 621 4090 ejus
663 4031 836 4075 manet
867 4023 919 4075 in
941 4023 1198 4076 sa’culum
1228 4023 1431 4078 swculi.
1467 4023 1774 4080 Admodum
1798 4043 1928 4082 vero
1957 4044 2090 4084 con-

509 4118 766 4182 gruenter
796 4123 916 4184 post
939 4113 1197 4167 traditam
1221 4115 1287 4170 de
1315 4113 1602 4172 Salvatore
1637 4127 1827 4174 nostro
1862 4121 2092 4192 prophtr

509 4204 661 4265 tiam,
713 4204 951 4276 hymnus
985 4206 1284 4276 gratiarum
1341 4208 1574 4265 actionis
1622 4209 1709 4266 his
1748 4213 1928 4269 verbis
1957 4215 2091 4269 sub-

511 4291 788 4362 iungitur,
847 4309 912 4348 ex
945 4293 1119 4364 ipsius
1169 4293 1477 4352 Servatoris
1522 4313 1757 4367 persona
1801 4303 2086 4367 recitatus,

508 4385 601 4454 qui
636 4381 785 4438 Patri
819 4399 921 4439 suo
981 4384 1047 4439 de
1075 4385 1250 4440 salute
1291 4386 1550 4442 omnibus
1611 4388 1926 4446 hominibus
1956 4407 2092 4446 con-

509 4491 664 4530 cessa
687 4476 893 4546 gratias
949 4475 1138 4532 refert.
1183 4477 1318 4532 Nam
1378 4481 1656 4535 confessio
1690 4497 1758 4536 ex
1793 4479 2091 4555 Scriptura:

511 4581 616 4626 usu
667 4565 828 4621 modo
883 4579 1228 4638 peccatorum
1285 4569 1713 4627 declarationem
1773 4575 2084 4647 significat,

511 4657 676 4712 modo
699 4658 996 4728 gratiarum
1023 4659 1294 4716 actionem
1342 4661 1584 4717 exhibet.
1624 4660 1821 4718 Statim
1852 4667 1998 4721 enim
2032 4669 2089 4724 in

514 4747 820 4821 Evangeliis
847 4749 962 4821 ipse
996 4749 1254 4806 Servator
1284 4763 1472 4808 noster
1503 4755 1579 4809 ait
1623 4773 1636 4810 :
1670 4755 1941 4827 Conﬁteor
1970 4761 2088 4827 tibi,

514 4839 698 4907 Pater,
725 4840 942 4896 Domine
967 4842 1083 4896 caeli
1124 4853 1172 4897 et
1195 4853 1370 4911 terrae,
1394 4848 1521 4917 quia
1557 4848 1884 4905 abscondisti
1918 4851 2030 4908 haec
2058 4871 2093 4908 a

511 4933 832 5002 sapientibus
861 4944 910 4987 et
947 4935 1316 5004 prudentibus,
1347 4949 1395 4992 et
1439 4939 1683 4994 revelasti
1727 4959 1791 4996 ea
1828 4945 2086 5012 parvulis.

516 5024 624 5090 Ita,
653 5025 838 5091 Pater,
867 5029 1113 5098 quoniam
1132 5031 1207 5084 sic
1238 5031 1340 5100 fuit
1368 5031 1622 5101 placitum
1645 5045 1765 5088 ante
1788 5043 1854 5089 te.
1891 5036 2090 5090 Omnia

515 5119 640 5172 mihi
671 5119 871 5174 tradita
917 5131 1039 5176 sunt
1068 5139 1101 5176 a
1139 5121 1321 5187 Patre,
1373 5135 1422 5178 et
1469 5143 1620 5180 nemo
1672 5127 1814 5181 novit
1847 5129 1963 5198 quis
2011 5140 2091 5184 est

518 5207 690 5264 Filius
727 5210 828 5264 nisi
880 5209 1061 5276 Pater,
1099 5221 1149 5267 et
1175 5214 1291 5282 quis
1329 5223 1405 5268 est
1440 5213 1604 5270 Pater
1635 5217 1737 5270 nisi
1761 5215 1934 5270 Filiur
1957 5261 1973 5284 ,
2041 5226 2093 5272 et

517 5300 602 5354 cui
644 5300 864 5355 voluerit
906 5299 1081 5357 Filius
1143 5305 1370 5358 revelare
1399 5305 1467 5358 ’⁵.
1516 5337 1584 5346 -—
1618 5304 1686 5359 In
1738 5307 1964 5360 consilio
2003 5305 2095 5376 ju-

517 5402 717 5448 storum
778 5403 827 5448 et
866 5397 1288 5467 congregatione.
1359 5395 1558 5467 Magna
1618 5415 1778 5468 opera
1848 5398 2092 5464 Domini,

531 5489 797 5559 nquisita
854 5490 908 5544 in
955 5507 1132 5546 omnes
1188 5491 1482 5546 voluntates
1529 5491 1664 5561 ejus.
1723 5492 1841 5548 Non
1898 5509 2093 5564 pravo-

522 5598 636 5637 rum
680 5590 734 5638 et
777 5598 1156 5654 perversurum
1205 5584 1485 5651 virorum;
1542 5583 1637 5641 sed
1685 5587 1978 5656 probarnm
2039 5595 2094 5641 et

522 5680 788 5732 rectarum
814 5676 1141 5741 animarum,
1175 5676 1474 5749 gratiarum
1511 5678 1788 5735 actionum
1829 5679 2088 5751 hymnum

595 5832 641 5871 "
672 5831 804 5890 Luc.
845 5849 875 5887 ι
899 5873 914 5899 ,
948 5831 1009 5888 ει
1033 5874 1046 5900 ,
1080 5833 1169 5889 22.

2189 3299 2486 3372 παρίστησι
2537 3297 2611 3370 μὴ
2666 3295 2755 3350 διὰ
2796 3295 3094 3368 ψαλτηρίου
3147 3295 3396 3367 εἰρῆσθαι
3436 3296 3504 3349 τὰ
3550 3299 3782 3368 προκεί-

2193 3406 2348 3460 μενα,
2386 3387 2519 3460 μηδὲ
2557 3386 2700 3459 ᾠδῆς
2745 3387 2964 3457 ἐπέχειν
2991 3384 3175 3442 τόπον.
3207 3383 3341 3438 ἀλλά
3373 3385 3509 3456 μηδὲ
3539 3402 3782 3456 προσευ-

2188 3482 2309 3553 χῆς,
2361 3479 2495 3553 μηδέ
2537 3497 2680 3543 τινος
2729 3479 2838 3532 τῶν
2886 3477 3060 3532 ἄλλων
3100 3477 3469 3550 προγραφῶν,
3526 3473 3682 3531 εἶναι
3731 3478 3786 3530 δὲ

2192 3574 2393 3646 ὕμνους
2458 3570 2938 3644 εὐχαριστηρίους·
2995 3568 3074 3622 διὸ
3143 3568 3236 3620 καὶ
3301 3568 3782 3640 ἐπιγεγραμμένα

2191 3664 2348 3727 εἰσὶν,
2407 3661 2792 3728 Ἀλληλούτα,
2845 3661 2982 3730 ὅπερ
3032 3657 3500 3729 μεταϐαλλόμενον
3551 3659 3646 3722 εἰς
3686 3659 3783 3730 τὴν

2205 3755 2426 3809 Ἐλλάδα
2485 3753 2669 3825 φωνὴν
2694 3752 2868 3808 αἶνον
2884 3750 3032 3806 Θεοῦ
3078 3750 3347 3822 σημαίνει.
3379 3749 3782 3820 Ἐξομολοβῇ-

2190 3848 2374 3918 σομαί
2408 3863 2527 3910 σοι,
2557 3846 2751 3914 Κύριε,
2788 3845 2858 3899 ἐν
2905 3844 3018 3912 ὅλῃ
3051 3842 3262 3910 καρδίᾳ
3279 3860 3420 3912 μου.
3442 3843 3515 3895 ὲν
3565 3842 3781 3911 ,Βουλῆ

2190 3943 2412 3998 εὐθέων
2457 3941 2554 3996 καὶ
2604 3937 2950 4009 συναγωγῇ.
2975 3935 3221 4008 Merita
3252 3937 3324 3989 τὰ
3354 3934 3499 4004 ἔργα
3527 3935 3778 4004 Κυρίου,

2191 4032 2585 4103 ἐξεζητημένα
2621 4033 2708 4098 εὶς
2738 4029 2935 4083 πάντα
2953 4032 3030 4083 τὰ
3067 4026 3372 4097 θελήματα
3397 4025 3609 4080 αὑτοῦ.
3655 4025 3776 4091 Ἐε-

2193 4127 2560 4196 ομολόγησις
2611 4123 2706 4176 καὶ
2730 4118 3213 4192 μεγαλοπρέπεια
3257 4117 3321 4170 τὸ
3358 4116 3537 4188 ἔργον
3561 4118 3772 4181 αὐτοῦ,

2191 4217 2290 4270 καὶ
2317 4217 2354 4284 ἠ
2381 4215 2732 4280 δικαιοσύνη
2765 4210 2950 4268 αὑτοῦ
2984 4210 3149 4281 μένει
3186 4211 3274 4275 εις
3296 4207 3401 4262 τὸν
3425 4207 3609 4263 αἰῶνα
3668 4210 3771 4264 τοῦ

2192 4307 2428 4373 αἰῶνος.
2462 4305 2673 4377 Σφόδρα
2697 4304 2754 4357 δὲ
2789 4302 3100 4366 ἀκολούθως
3129 4302 3265 4374 μετά
3294 4301 3389 4373 τὴν
3419 4302 3767 4354 ἀποδοθεῖσαν

2194 4397 2323 4469 περὶ
2368 4394 2462 4449 τοῦ
2497 4395 2747 4465 Σωτῆρος
2774 4392 2933 4465 ἡμῶν
2973 4392 3308 4464 προφητείαν
3360 4393 3763 4466 εὐχαριστήριος

2195 4488 2360 4561 ὕμνος
2373 4487 2461 4541 διὰ
2489 4486 2596 4540 τῶν
2612 4485 2987 4558 προκειμένων
3020 4485 3366 4547 συνάπτεται,
3396 4486 3459 4536 ὲκ
3482 4485 3760 4556 προσώπω

2193 4579 2517 4652 λελεγμένος
2550 4577 2714 4632 αὐτοῦ
2761 4577 2856 4631 τοῦ
2895 4578 3166 4650 Σωτῆρος,
3198 4576 3634 4648 εὐχαριστοῦντος
3685 4579 3759 4649 τῷ

2197 4671 2389 4727 ἑαυτοῦ
2408 4672 2582 4743 Πατρὶ
2603 4670 2695 4724 ἐπὶ
2710 4673 2776 4741 τῇ
2806 4669 3022 4723 πάντων
3046 4668 3156 4723 τῶν
3185 4667 3486 4740 ἀνθρώπων
3509 4670 3752 4742 σωτηρία.

2210 4765 2276 4818 Ἦ
2301 4764 2410 4834 γάρ
2434 4761 2815 4834 ἐξομολόγησίς
2833 4762 2946 4814 ἐστι
2971 4760 3068 4832 μὲν
3087 4761 3174 4814 ὅτε
3202 4759 3455 4831 κατάτὴν
3490 4761 3752 4831 συνήθειαν

2195 4857 2295 4927 τῆς
2339 4856 2564 4928 Γραφῆς
2606 4854 2889 4928 ἁμαρτιῶν
2935 4852 3224 4924 ὁμολογίαν
3254 4853 3525 4924 σημαίνει,
3556 4853 3656 4905 ἐστι
3697 4855 3746 4906 δὲ

2195 4949 2282 5002 ὅτε
2302 4948 2654 5020 εὐχαριστίαν
2687 4947 3031 5019 παρίστησιν.
3049 4945 3258 4999 Αὐτίκα
3273 4945 3318 4998 δ’
3341 4941 3432 4999 οὖν
3459 4947 3513 4998 ὲν
3532 4946 3743 5014 Εὐαγγε-

2195 5039 2328 5103 λίοις
2347 5038 2508 5104 αὐτὸς
2527 5040 2556 5092 ὁ
2576 5040 2767 5112 Σωτὴρ
2780 5039 2934 5111 ἡμῶν
2955 5039 3121 5106 λέγει’
3139 5034 3619 5106 Ἐξομολογοῦμαί
3633 5052 3740 5100 σοι,

2195 5131 2408 5200 Πάτερ,
2443 5132 2621 5200 Κύριε
2651 5133 2756 5187 τοῦ
2809 5131 3066 5201 οὐρανοῦ
3092 5130 3190 5184 καὶ
3222 5128 3332 5198 τῆς
3363 5127 3499 5199 γῆς,
3523 5128 3600 5182 ὅτι
3644 5129 3735 5182 ἀπ-

2197 5221 2468 5292 έκρυψας
2498 5225 2685 5279 ταῦτα
2709 5223 2826 5279 ἀπὸ
2853 5223 3061 5294 σοφῶν
3088 5223 3185 5276 καὶ
3209 5219 3500 5282 συνετῶν,
3535 5219 3618 5274 καὶ
3639 5219 3732 5273 ὰπ-

2198 5313 2512 5384 εκάλυψας
2527 5317 2678 5370 αὐτὰ
2702 5316 2957 5384 νηπίοις.
2992 5314 3126 5380 Ναὶ,
3161 5317 3194 5369 ὀ
3222 5312 3444 5381 Πατὴρ,
3475 5310 3556 5364 ὅτι
3578 5310 3729 5375 οὕτως

2199 5406 2436 5482 ἐγένετο
2461 5407 2706 5462 εὐδοκία
2735 5407 3075 5477 ἔμπροσθέν
3087 5422 3224 5460 σου.
3253 5404 3454 5458 Πάντα
3481 5401 3728 5470 παρεδόθη

2193 5517 2298 5569 μοι
2347 5499 2468 5554 ὑπὸ
2509 5499 2615 5553 τοῦ
2669 5499 2920 5567 Πατρός,
2973 5499 3074 5553 καὶ
3122 5498 3322 5565 οὐδεὶς
3358 5495 3614 5568 γινώσκει
3654 5496 3724 5562 τίς

2197 5591 2416 5646 ἐστινό
2447 5591 2576 5656 Υἱὸς
2594 5593 2644 5645 ei
2665 5590 2752 5660 μὴ
2769 5595 2802 5646 ό
2829 5591 3048 5660 Πατὴρ,
3081 5591 3180 5646 ναὶ
3205 5591 3296 5656 τίς
3323 5591 3493 5644 ἐστιν
3511 5592 3544 5643 ὁ
3567 5587 3722 5657 Πατὴρ

2197 5685 2249 5737 εἰ
2280 5682 2362 5754 μὴ
2404 5686 2437 5738 ό
2461 5683 2609 5751 Υἱὸς,
2645 5684 2745 5738 καὶ
2787 5677 2836 5752 ᾧ
2872 5684 2981 5739 ἐὰν
2999 5684 3304 5754 ,ϐούληται
3332 5684 3366 5736 ό
3389 5679 3517 5747 Υἱὸς
3543 5679 3720 5735 axona:

3755 397 3806 424 τι

3757 263 3839 569 to!

3755 553 3788 565 -

3854 1408 3855 1460 ι

3855 1470 3857 1526 i

3859 1765 3863 1840 ι

3863 1872 3865 1955 1

3861 1955 3869 2166 ι
