3954 7146
2663 221 2686 250 δ

27 301 54 351 l
73 301 282 360 345
1387 306 1588 362 CUM!

1931 307 2000 364 IN
2039 307 2384 369 PSALMOS.
3347 317 3486 374 i516

28 416 68 466 1
83 415 408 484 ὐψαι-
463 420 565 474 Ἐν
583 419 790 490 ,βουλῇ
819 419 938 474 τῶν
954 419 1140 491 ἁγίων
1164 420 1263 476 καὶ
1307 437 1589 494 συνατωγ

1936 423 2002 480 ibi
2027 423 2179 480 Patri
2209 439 2334 480 meo
2366 423 2616 481 reddam.
2662 425 2762 485 His
2801 437 2973 500 porro
3001 427 3273 500 signiﬁcat
3303 430 3497 487 Eccle—

27 506 298 574 Γάλα
359 513 464 568 τὰ
501 512 649 582 ἔργα
681 513 924 581 Κυρίου,
956 511 1354 582 ἐξεζητημένα
1377 515 1462 580 εἰς
1484 513 1588 567 πάι

1938 517 2042 571 iam
2068 517 2190 588 ejus
2221 519 2397 589 gratia
2424 535 2523 590 per
2571 527 2749 576 tetum
2791 521 2980 577 urbem
3024 522 3340 591 fundatam;
3371 539 3499 580 con-

27 603 515 675 οελήματα
547 605 757 660 αὐτοῦ,
793 605 988 658 Οὐκέτι
1021 604 1250 658 σκολιῶν
1283 603 1494 674 ἀνδρῶν
1531 605 1588 659 οὐ

1937 612 2086 666 ilium
2123 620 2307 669 autem
2353 625 2628 671 rectorum
2669 617 2888 672 vocavit
2917 618 3141 672 ordines
3171 631 3398 672 suorum
3439 617 3494 674 in

28 708 140 746 στ
157 698 478 767 ρόφεον,
509 699 626 753 ἀλλ’
655 697 878 767 ἀγαθῶν
899 696 991 750 καὶ
1018 695 1242 749 εὐθειῶν
1280 695 1470 767 ψυχῶν
1505 696 1589 751 τὸν

1934 704 2150 762 Ecclesia
2172 715 2526 774 sanctorum;
2553 709 3032 779 congregationem
3064 723 3213 772 vero,
3243 708 3495 763 ordinem

43 791 322 862 ριστή
337 808 490 863 ριον
521 790 690 862 ὓμνον
715 789 871 844 δώσω
889 806 970 843 σοι
1001 787 1081 859 τῷ
1106 787 1344 858 ἐμαυτοῦ
1378 788 1571 860 Πατρί.
1600 791 1604 842 ἰ

1943 797 2138 852 lterum
2164 806 2290 870 post
2325 799 2620 854 consilium
2643 807 2939 856 rectorum
2972 809 3275 870 nuncupat,
3321 800 3415 871 qui
3438 801 3497 856 in

43 895 184 934 νει
237 881 340 938 δὲ
411 883 514 938 διὰ
553 884 760 937 τούτων
816 881 914 953 τὴν
949 881 1070 935 καθ’
1125 880 1257 953 ὅλης
1311 881 1412 951 τῆς
1472 883 1604 935 οἶκοι

1929 883 2157 942 Ecclesia
2173 888 2296 957 ejus
2317 888 2550 944 alterum
2579 889 3251 946 constituitmultitudinis
3266 896 3490 946 emtum.

57 973 523 1039 ἱδρυθεῖσαν
559 977 648 1031 διὰ
705 977 807 1047 τῆς
858 974 1025 1029 αὐτοῦ
1073 976 1297 1047 χάριτος
1347 975 1696 1048 Ἐκκλησίαν.
1752 978 1960 1048 Βουλὴν
1997 981 2055 1034 δὲ
2088 981 2294 1038 εὐθέων
2317 982 2568 1056 ὠνόμασε
2629 985 2698 1039 τὰ
2729 985 2988 1057 τάγματα
3020 985 3130 1040 τῶν
3167 988 3226 1040 ὲν
3260 989 3327 1058 τῇ
3375 987 3498 1040 Ἐκ-

59 1069 399 1146 xlv-isi;
440 1073 612 1128 αὐτοῦ
673 1072 865 1142 ἁγίωψ
903 1071 1230 1144 συναγωγὴν
1276 1071 1334 1126 δὲ
1386 1071 1642 1144 δεύτερον
1673 1073 1862 1144 τάγμα
1915 1077 2056 1148 μετὰ
2106 1077 2208 1150 τὴν
2255 1078 2450 1151 βουλὴν
2488 1079 2596 1134 τῶν
2640 1080 2844 1135 εὐθέων
2891 1081 3168 1153 σημαίνει,
3222 1080 3282 1135 τὸ
3325 1082 3384 1134 ὲν
3427 1081 3495 1152 τῇ

28 1171 32 1178 ’
92 1165 522 1242 Ἐκκλησιᾳ
551 1167 717 1224 αὐτοῦ
746 1167 1000 1241 δεύτερον
1025 1168 1120 1222 τοῦ
1139 1167 1376 1240 πλήθους
1400 1168 1696 1242 ἄθροισμα.

217 1281 762 1355 Ἐεομολόγησις
791 1281 890 1336 καὶ
913 1281 1393 1353 μεγαλοπρέπεια
1419 1282 1485 1336 τὸ
1504 1283 1685 1354 ἔργον
1698 1285 1776 1338 αὑ

2054 1297 2154 1338 :ns.
2188 1282 2348 1338 4-10.
2382 1283 2659 1352 Confessio
2690 1293 2741 1340 et
2768 1286 3163 1357 magniﬁcentia
3199 1302 3329 1355 opus
3358 1287 3519 1358 ejus,
3610 1327 3615 1335 -

89 1375 290 1441 τοῦ,
335 1377 462 1431 καὶ
503 1377 542 1445 ἡ
580 1375 936 1443 δικαιοσύνη
967 1376 1156 1430 αὐτοῦ
1178 1375 1347 1445 μένει
1375 1377 1463 1442 εἰς
1489 1375 1596 1430 τὸν
1616 1393 1650 1428 a

1958 1385 1960 1420 τ
1995 1375 2214 1447 iustitia
2243 1377 2358 1446 ejus
2387 1390 2562 1432 manet
2590 1379 2643 1432 in
2669 1379 2926 1434 steculum
2953 1380 3158 1434 saeculi.
3182 1379 3498 1437 Memoriam

89 1469 258 1523 τοῦ
334 1468 600 1536 αἰῶνος.
647 1469 878 1524 Μνείαν
913 1467 1243 1535 ἐποιήσατο
1301 1468 1420 1523 τῶν
1450 1473 1650 1541 θαυμα

1939 1470 2035 1524 scit
2063 1469 2394 1524 mirabilium
2423 1488 2643 1526 suorum
2674 1472 2973 1527 misericors
3012 1481 3061 1528 et
3084 1473 3368 1528 miserator
3395 1473 3500 1528 Do-

28 1605 30 1628 ε
99 1563 407 1618 αὐτοῦ’
451 1561 730 1633 ἐλεήμων
760 1561 860 1619 καὶ
895 1562 1213 1632 οἰκτίρμων
1239 1566 1527 1633 όΚύριος,
1572 1583 1589 1618 ι

1939 1562 2109 1622 uinus,
2137 1577 2309 1616 eseam
2329 1562 2476 1616 dedit
2508 1563 2816 1617 timentibus
2851 1580 2925 1618 se.
2951 1562 3160 1618 Memor
3189 1565 3288 1618 erit
3315 1565 3369 1618 in
3393 1579 3500 1620 ste-

28 1637 30 1640 i
106 1651 386 1708 ἔδωκε
413 1651 548 1720 τοῖς
576 1651 972 1723 φοϐουμένοις
999 1654 1205 1708 αὐτόν.
1253 1654 1589 1724 Μνησθήσε

1938 1654 2090 1708 λιιιιιηι
2119 1655 2420 1710 testamenti
2452 1655 2536 1711 sui
2565 1671 2582 1711 :
2611 1656 2856 1710 virtutem
2894 1672 3111 1726 operum
3151 1673 3372 1710 suorum
3400 1673 3499 1712 an-

117 1745 281 1800 τὸν
326 1744 538 1800 αἰῶνα
592 1744 886 1814 διαθήκης
929 1745 1136 1802 αὐτοῦ’
1181 1746 1367 1816 ἰσχὺν
1401 1747 1592 1818 ἔργων
1619 1749 1678 1802 at

1939 1747 2177 1802 iuntiavit
2222 1748 2416 1818 populo
2465 1765 2598 1815 suo;
2628 1757 2687 1802 ut
2719 1748 2807 1804 det
2845 1749 2956 1803 illis
2983 1747 3346 1804 hereditatem
3373 1764 3500 1820 gen-

125 1837 535 1909 ἀνήγγειλε
560 1836 641 1903 τῷ
671 1835 798 1904 λαῷ
821 1839 1031 1907 αὐτοῦ,
1060 1840 1168 1895 τοῦ
1184 1839 1393 1895 δοῦναι
1426 1839 1632 1908 αὐτοῖς
1654 1858 1686 1895 κ

1941 1839 2084 1892 ium:
2101 1854 2260 1909 opera
2283 1856 2536 1893 manuum
2556 1840 2671 1911 ejus
2693 1841 2887 1895 veritas
2903 1847 2952 1894 et
2965 1840 3254 1910 judicium.
3287 1839 3502 1895 Fidelia

131 1929 502 2000 ρονομίαν
529 1927 740 1984 ἐθνῶν·
775 1929 919 1998 ἔργα
959 1928 1175 2000 χειρῶν
1196 1930 1384 1985 αὑτοῦ
1423 1930 1676 1998 ἀλήθεια

1936 1930 2092 1983 ιιηιιὶα
2117 1929 2375 1985 mandata
2401 1931 2541 2001 ejus,
2577 1933 2899 2002 conﬁrmata
2922 1933 2974 1985 in
3003 1932 3259 1988 steculum
3291 1933 3497 1997 saeculi,

139 2020 434 2088 κρίσις.
489 2019 704 2075 moral
759 2018 950 2075 πᾶσαι
1005 2023 1066 2074 αἱ
1104 2019 1348 2077 ἐντολαὶ
1395 2022 1700 2087 αὐτοῦ,ὲσ

1939 2024 2056 2076 acta
2073 2022 2126 2075 in
2143 2023 2362 2076 veritate
2372 2030 2421 2076 et
2441 2022 2705 2093 wquitate.
2724 2021 3142 2091 Redemptionem
3159 2022 3300 2075 misit
3311 2022 3500 2092 populo

28 2109 36 2188 '_
147 2110 594 2182 ριτμέναιεις
617 2109 724 2164 τὸν
747 2109 933 2164 αἰῶνα
981 2109 1089 2164 τοῦ
1141 2109 1378 2178 αἰῶνος,
1414 2125 1589 2166 πεποι

1941 2130 2028 2180 uo,
2045 2114 2314 2169 mandavit
2332 2116 2388 2169 in
2407 2124 2660 2169 a’ternum
2683 2123 3050 2170 testamentum
3063 2113 3502 2169 suum.8anctum

28 2201 40 2212 '
157 2203 258 2257 ἐν
293 2203 571 2272 ἀληθείᾳ
597 2203 694 2257 καὶ
715 2204 1012 2272 εὐθύτητι.
1034 2204 1350 2273 Αύτρωσιν
1375 2203 1589 2259 ἁπέστε

1942 2216 1960 2260 t
1998 2206 2232 2263 terribile
2265 2224 2452 2262 nomen
2482 2207 2600 2277 ejus
2630 2222 2649 2261 :
2677 2209 2885 2262 initium
2918 2207 3192 2277 sapientia:
3217 2207 3376 2260 timor
3401 2205 3503 2261 Do-

158 2295 336 2364 λαῷ
383 2297 604 2361 αὐτοῦ,
650 2296 989 2352 ἐνετείλατο
1037 2298 1126 2364 εὶς
1174 2296 1282 2351 τὸν
1303 2295 1488 2351 αἰῶνα
1517 2295 1719 2365 ὃιαθήλ

1943 2299 2065 2356 mini.
2098 2299 2242 2354 Num
2267 2299 2430 2365 forte,
2464 2301 2728 2371 quoniam
2759 2301 2854 2373 qui
2889 2299 3044 2356 timet
3084 2313 3194 2355 non
3224 2298 3504 2372 perfectus

163 2389 422 2447 αὑτοῦ.
445 2392 655 2460 Ἀτιον
673 2389 772 2443 καὶ
801 2388 1060 2458 φοϐερὸν
1092 2387 1160 2443 τὸ
1192 2388 1380 2458 ὄνομα
1409 2389 1615 2444 αὑτοῦ·
1651 2389 1724 2458 ἀρ

1948 2399 2021 2465 st,
2082 2391 2326 2448 initiatio
2380 2407 2480 2465 per
2534 2393 2809 2458 timorem,
2856 2392 3263 2449 consummatio
3299 2407 3396 2462 per
3419 2392 3505 2447 di-

165 2485 439 2554 σοςρίας
479 2483 662 2553 φόϐος
699 2481 947 2550 Κυρίου.
979 2481 1231 2552 Μήποτε,
1263 2480 1389 2535 ἐπεὶ
1420 2483 1450 2536 6
1478 2481 1726 2553 φοόούμεπ

1946 2462 2206 2538 actionem
2228 2462 2643 2539 eﬂlcit—uﬂNam
2665 2484 2895 2554 perfecta
2914 2481 3148 2537 charitas
3171 2481 3318 2552 foras
3345 2482 3507 2537 mittit

169 2576 328 2632 οὔτε
346 2575 658 2642 τελείωται,
691 2575 726 2646 ἠ
766 2573 866 2645 μὲν
891 2573 1174 2646 εἰσαγωγὴ
1197 2572 1287 2628 διὰ
1318 2573 1484 2644 φόϐου
1511 2573 1730 2646 κατορθ‹

1948 2573 2160 2628 imorem
2189 2575 2260 2628 ".
2317 2573 2471 2629 Talis
2533 2584 2718 2630 autem
2774 2573 2942 2630 fuerit
2981 2574 3236 2647 quisquis
3277 2590 3345 2630 ex
3390 2581 3509 2630 toto

171 2688 314 2735 ται,
355 2670 422 2724 τὸ
459 2667 520 2723 δὲ
570 2668 723 2732 τέλος
753 2667 820 2720 δι’
844 2667 1100 2738 ἀγάπηςς
1132 2665 1173 2734 ὴ
1217 2666 1328 2738 γὰρ
1372 2667 1576 2721 τελεία
1610 2665 1732 2738 ard

1951 2663 2106 2732 orde,
2141 2671 2259 2718 tota
2289 2665 2471 2719 anima
2515 2675 2570 2722 et
2621 2663 2824 2721 virtute
2855 2664 3146 2719 Dominum
3186 2663 3356 2720 Deum
3389 2661 3509 2720 dili-

179 2763 326 2828 ἔξω
349 2760 584 2827 βάλλει
609 2759 719 2814 τὸν
732 2760 940 2829 φόϐον.
974 2757 1230 2821 Τοιοῦτος
1260 2757 1307 2810 δ’
1331 2757 1400 2812 ἂν
1418 2758 1503 2829 εἴη
1538 2760 1567 2812 ὁ
1598 2757 1659 2824 ἐξ
1687 2759 1740 2812 ὄλ

1952 2757 2013 2812 it.
2051 2756 2358 2812 Intellectus
2385 2757 2550 2812 bonus
2584 2758 2825 2812 omnibus
2860 2758 3174 2826 facientibus
3194 2773 3336 2813 eum.
3363 2755 3509 2812 Latt-

182 2854 446 2927 καρδίας
474 2853 570 2906 καὶ
600 2851 780 2922 ψυχῆς
799 2849 893 2904 καὶ
921 2849 1206 2921 δυνάμεως
1229 2849 1462 2919 ἀγαπῶν
1492 2848 1697 2921 Κύριον
1724 2867 1743 2904 1

1948 2849 2064 2903 Tatio
2104 2849 2220 2920 ejus
2260 2859 2435 2904 manet
2467 2850 2524 2904 in
2553 2851 2806 2905 sarculum
2831 2850 3036 2906 steculi.
3067 2849 3224 2906 Tunc
3244 2849 3390 2905 bona
3422 2850 3509 2905 in-

188 2945 371 2999 Θεόν.
401 2945 660 3008 Σύνεσις
683 2940 752 2995 δὲ
771 2939 964 3012 ἀγαθὴ
981 2940 1132 2995 πᾶσι
1147 2940 1270 3007 τοῖς
1294 2941 1578 2996 ποιοῦσιν
1597 2939 1749 3008 αὐτή

1948 2941 2220 3014 elligcntia
2250 2949 2367 3009 est,
2403 2943 2628 3014 quando
2658 2943 2920 3014 operibus
2959 2943 3266 3014 completur
3297 2961 3311 2997 :
3337 2957 3509 3014 quare

204 3038 283 3093 Ἠ
305 3037 548 3103 αινεσις
561 3035 750 3091 αὑτοῦ
775 3034 943 3105 μένει
976 3035 1063 3100 εὶς
1092 3033 1203 3088 τὸν
1225 3032 1413 3087 αἰῶνα
1433 3033 1541 3089 τοῦ
1577 3032 1765 3089 αιῶνοι

1948 3051 1994 3090 ιο
2008 3051 2042 3089 n
2071 3034 2209 3090 dixit
2243 3043 2455 3090 tantum
2493 3035 2905 3107 intelligentiam
2938 3035 3173 3101 bonam,
3212 3035 3308 3091 sed
3341 3035 3509 3090 etiam

195 3131 379 3201 Καὶή
415 3128 632 3193 σύνεσις
669 3128 792 3182 τότε
826 3126 1007 3198 ἀγαθὴ
1042 3125 1324 3198 τυγχάνει,
1357 3127 1446 3181 ὅτε
1470 3127 1655 3201 ἔργοις
1689 3128 1756 3180 ὲπ

1948 3129 2176 3185 ιωηίὺυε
2211 3127 2542 3186 facientibus
2573 3144 2718 3186 eam.
2772 3127 3041 3183 Laudatio
3083 3128 3198 3199 ejus
3238 3135 3414 3182 manet
3453 3127 3509 3180 in

201 3222 476 3276 τελεῖταιθ
511 3219 593 3273 διὸ
644 3218 744 3291 τὴν
770 3217 986 3272 σύνεσιν
1037 3217 1138 3289 οὐχ
1183 3217 1368 3282 ἁπλῶς
1399 3219 1611 3291 ἀγαθὴν
1639 3215 1758 3274 εἷπε

1952 3223 2179 3278 teculum
2207 3223 2411 3278 surculi.
2445 3219 2601 3278 Finis
2638 3222 2782 3278 enim
2815 3223 3096 3277 beatorum
3136 3229 3242 3284 est,
3270 3231 3333 3275 ut
3365 3219 3509 3291 apud

205 3310 360 3368 ἀλλὰ
399 3313 536 3366 πᾶσι
565 3314 679 3376 τοῖς
718 3309 964 3365 ποιοῦσιν
1015 3311 1208 3381 αὑτήν.
1247 3312 1310 3368 Ἠ
1359 3312 1594 3380 αῖνεσις
1625 3315 1766 3368 αὐτο

1953 3318 2093 3372 leum
2120 3316 2253 3382 sint,
2288 3324 2342 3371 et
2368 3315 2474 3386 ipsi
2504 3315 2790 3384 assistant,
2829 3314 3042 3386 solique
3079 3313 3201 3385 ejus
3224 3312 3514 3384 tbeologiae

211 3404 390 3474 μένει
412 3406 499 3470 εὶς
543 3404 649 3457 τὸν
679 3403 866 3458 αἰῶνα
905 3401 1015 3456 τοῦ
1059 3401 1297 3471 αἰῶνος.
1339 3404 1506 3468 Τέλος
1552 3403 1663 3478 γὰρ
1705 3405 1772 3459 τᾶ

842 3419 866 3454 z
905 3401 1015 3456 τοῦ
1059 3401 1297 3471 αἰῶνος.
1339 3404 1506 3468 Τέλος
1552 3403 1663 3478 γὰρ
1705 3405 1816 3460 τῶν
1924 3415 1979 3464 et
2009 3408 2158 3463 laudi
2188 3415 2403 3464 vacent.

220 3493 514 3567 μακαρίων
545 3494 606 3549 τὸ
636 3494 774 3568 πρὸς
818 3493 912 3548 τὸν
957 3494 1092 3548 Θεὸν
1131 3489 1292 3560 εἶναι,
1343 3495 1440 3549 καὶ
1476 3497 1817 3568 παρεστάναι
1876 3498 2047 3572 αὐτῷ,
2091 3500 2189 3556 κα)⁸
2220 3501 2358 3576 μόνῃ
2393 3501 2458 3572 τῇ
2507 3496 2672 3554 αὑτοῦ
2703 3495 2951 3570 θεολογῐᾳ
2994 3497 3090 3553 καὶ
3137 3496 3343 3552 αἰνέσει
3384 3512 3511 3568 σχοκ

221 3585 435 3651 λάζειν.

743 3697 1168 3752 ΔΛΛΗΛΟΥΙΑ.
1210 3700 1360 3755 PIA'.
1451 3715 1454 3718 ’

1451 3715 1454 3718 ’
2444 3699 2812 3756 ALLELUIA.
2851 3697 2988 3756 CXI.

305 3791 601 3861 Μακάριος
648 3790 806 3858 ἀνὴρ
854 3793 887 3844 d
931 3792 1306 3861 φοϐούμενος
1324 3793 1433 3846 τὸν
1483 3795 1722 3865 Κύριον,
1751 3799 1822 3852 ἐν

2003 3791 2162 3850 Vens.
2203 3793 2318 3849 1-5.
2375 3792 2572 3848 Beatus
2628 3793 2707 3846 vir
2763 3793 2852 3862 qui
2904 3793 3052 3846 timet
3100 3790 3408 3859 Dominum,
3458 3795 3514 3851 in

233 3885 362 3954 ταῖς
387 3883 659 3952 ἐντολαῖς
681 3882 869 3938 αὐτοῦ
898 3883 1144 3954 θελήσει
1172 3884 1430 3955 σφόδρα.
1455 3888 1725 3944 Δυνατὸν
1752 3889 1794 3944 έτ

1956 3883 2199 3940 nandatis
2222 3881 2336 3952 ejus
2364 3881 2499 3936 volet
2539 3880 2717 3935 nimis.
2746 3879 2942 3935 Potens
2965 3881 3020 3934 in
3053 3890 3195 3936 terra
3221 3887 3321 3937 erit
3341 3901 3517 3941 semen

237 3976 314 4048 τῇ
446 3976 614 4030 ἔσται
645 3973 715 4028 τό
746 3972 987 4042 σπέρμα
1013 3972 1224 4039 αὐτοῦ,
1255 3972 1433 4044 γενεὰ
1465 3975 1690 4031 εὐθέων
1731 3979 1798 4031 εὐ

1955 3980 2064 4050 jus,
2107 3977 2374 4048 generatio
2406 3983 2669 4030 rectorum
2699 3972 3053 4030 benedicetur.
3110 3973 3297 4031 Gloria
3335 3985 3385 4031 et
3429 3977 3516 4034 di-

243 4067 654 4140 λοτηθήσεται,
692 4066 848 4131 Δόξα
884 4067 985 4121 καὶ
1018 4067 1284 4136 πλοῦτος
1320 4069 1392 4122 ἐν
1426 4067 1506 4136 τῷ
1534 4071 1678 4140 οτκῳ
1715 4072 1804 4126 αὑ

1958 4070 2070 4124 ἱεὶω
2103 4070 2158 4123 in
2180 4068 2338 4122 domo
2370 4067 2508 4137 ejus,
2532 4075 2581 4120 et
2605 4065 2822 4150 justitia
2843 4065 2959 4128 eius
2982 4077 3156 4121 manet
3178 4067 3232 4122 in
3259 4067 3517 4122 sarculum

28 4160 37 4194 π
248 4161 369 4227 τοῦ,
396 4160 491 4214 καὶ
533 4160 573 4228 ’ἡ
599 4153 953 4228 δικαιοσύνη
979 4158 1168 4213 αὐτοῦ
1192 4159 1362 4230 μένει
1387 4163 1476 4228 εἰς
1506 4161 1589 4216 rei

1958 4165 2134 4222 wculi.
2189 4162 2270 4218 lta
2308 4164 2450 4220 solet
2497 4162 2773 4233 appellare
2805 4177 3000 4217 omnes
3029 4162 3120 4233 qui
3157 4177 3224 4217 ex
3258 4163 3519 4234 gentibus

252 4253 352 4308 τοῦ
387 4251 613 4318 αἰῶνος.
645 4251 834 4315 Οὕτως
861 4250 1018 4305 εἴωθε
1041 4250 1232 4306 καλεῖν
1265 4252 1442 4306 πάντα
1462 4251 1555 4307 τὸν
1577 4252 1638 4319 ἐξ
1657 4253 1813 4308 ὲθνῶκ

1953 4259 2009 4314 ad
2063 4256 2233 4313 Deum
2263 4254 2552 4312 accedunt.
2576 4255 2633 4308 Id
2655 4259 2786 4309 v'ero
2814 4252 3124 4308 declaratur
3151 4269 3217 4308 ex
3245 4269 3332 4319 eo,
3368 4255 3514 4326 quod

255 4344 528 4416 προσιόντα
558 4342 637 4415 τῷ
668 4341 806 4414 Θεῷ.
829 4343 1168 4416 Παρίσταται
1191 4343 1250 4398 δὲ
1275 4344 1437 4399 τοῦτο
1466 4345 1575 4399 ἀπὸ
1622 4345 1718 4400 τοῦ
1745 4347 1816 4402 δι-

1955 4349 2190 4406 listincte
2227 4355 2350 4420 post
2381 4346 2660 4410 lsraelem,
2693 4355 2817 4417 post
2867 4344 3090 4399 domum
3143 4343 3402 4415 Aaronis,
3462 4358 3516 4402 et

256 4436 584 4508 επαλμένως
615 4436 754 4506 μετὰ
781 4436 874 4490 τὸν
891 4436 1107 4510 Ἰσραὴλ
1137 4438 1234 4492 καὶ
1260 4437 1398 4509 μετὰ
1427 4437 1519 4493 τδν
1537 4434 1817 4495 οἳκονἈα-

1956 4449 2058 4499 lost
2084 4441 2308 4497 domum
2357 4437 2509 4504 Levi,
2547 4438 2805 4492 timentes
2830 4434 3120 4490 Dominum
3151 4435 3219 4490 ad
3253 4436 3517 4508 hymnum

261 4530 377 4604 ρὼν,
405 4529 492 4584 καὶ
529 4529 667 4601 μετὰ
694 4529 788 4582 τὸν
816 4524 962 4583 οἷκον
993 4529 1145 4594 Δευῒ,
1175 4531 1304 4594 τοὺς
1330 4529 1698 4603 φοϐουμένους
1733 4531 1822 4586 τὸν

1955 4534 2027 4589 )ei
2055 4539 2446 4604 provocentur,
2484 4536 2546 4584 ut
2590 4527 2718 4582 alibi
2763 4527 2987 4582 dicitur.
3048 4523 3176 4580 Post
3210 4524 3335 4581 illos
3372 4527 3516 4583 enim

261 4621 442 4694 Κύριον
471 4622 564 4674 ἐπὶ
593 4620 683 4674 τὸν
715 4619 884 4692 ὕμνον
911 4621 1007 4676 τοῦ
1039 4621 1178 4676 Θεοῦ
1205 4621 1507 4688 καλεῖσθαι,
1532 4623 1609 4688 ὼς
1634 4625 1692 4677 έν
1714 4624 1822 4678 έτέ-

1956 4627 2149 4698 utinam
2184 4621 2262 4676 illi
2297 4619 2586 4674 Dominum
2617 4617 2872 4671 timentes
2903 4629 3027 4670 esse
3053 4623 3298 4685 possent,
3323 4617 3430 4672 nisi
3453 4633 3517 4671 ex

267 4729 366 4787 pot;
390 4713 617 4786 εῐρηται.
655 4715 815 4778 Τίνες
845 4714 954 4787 γὰρ
987 4715 1052 4769 ἂν
1082 4711 1192 4770 εἷεν
1233 4716 1372 4788 μετὰ
1393 4715 1616 4781 τούτους
1652 4717 1703 4770 oi
1736 4734 1828 4789 φο-

1962 4717 2185 4774 entibus
2236 4711 2511 4786 peregrini
2539 4717 2595 4766 et
2624 4708 2984 4780 alienigenae?
3012 4706 3201 4778 Itaque
3232 4708 3285 4762 iu
3312 4708 3521 4778 psalmo

267 4803 492 4876 ϐούμενοι
513 4805 605 4859 τὸν
631 4806 839 4879 Κύριον
863 4808 980 4862 ἀλλ’
1010 4808 1043 4880 ἢ
1066 4810 1115 4862 ol
1141 4808 1202 4873 ἐξ
1223 4808 1393 4864 ὲθνῶν
1425 4809 1716 4880 ἀλλόφυλοι
1739 4811 1828 4864 καὶ

1958 4827 2092 4884 [υεῐη
2125 4815 2452 4869 tractamus,
2480 4819 2591 4859 non
2625 4803 2769 4858 alius
2799 4802 2963 4856 fuerit
2997 4801 3234 4872 populus
3265 4801 3359 4869 qui
3388 4800 3519 4854 bea-

270 4896 583 4966 ὰλλογενεῖς;
616 4899 825 4953 Οὐκοῦν
877 4900 936 4954 ἐν
970 4901 1049 4972 τῷ
1081 4902 1220 4973 μετὰ
1271 4905 1463 4975 χεῖρας
1500 4902 1701 4974 ψαλμῷ
1733 4903 1831 4957 οὐκ

1957 4921 2022 4960 us
2047 4901 2402 4975 praedicatur,
2431 4897 2500 4951 ab
2527 4909 2594 4952 eo
2624 4895 2717 4966 qui
2748 4910 2816 4950 ex
2842 4894 3102 4965 gentibus
3125 4892 3192 4948 ad
3223 4891 3394 4946 Deum
3423 4906 3518 4946 ac-

275 4989 411 5054 ἄλλος
437 5005 516 5053 τις
538 4988 604 5042 ἂν
627 4993 712 5062 εἴη
736 4995 765 5046 ὁ
795 4993 1233 5066 μακαριζόμενος
1261 4995 1356 5048 τοῦ
1385 4995 1444 5063 ἐξ
1464 4994 1634 5049 ἐθνῶν
1660 5013 1831 5068 προσ-

1960 4994 2104 5052 :essit
2138 5011 2153 5048 :
2185 5005 2350 5064 quem
2385 4987 2626 5059 appellat
2655 4986 2942 5040 timentem
2975 4983 3290 5040 Dominum.
3333 4980 3521 5053 Neque

275 5079 564 5153 εληλυθὸτος
595 5080 672 5154 τῷ
699 5083 820 5154 Θεῷ
849 5083 980 5139 λαοῦ
999 5102 1012 5116 ·
1041 5087 1224 5140 ὅντινα
1269 5087 1527 5158 ὀνομάζει
1570 5087 1833 5160 φοϐούμεο

2024 5101 2122 5142 nen
2165 5084 2258 5140 ille
2290 5081 2476 5138 statim
2524 5079 2741 5144 beatus,
2794 5077 2904 5133 nisi
2941 5092 3063 5147 qua:
3107 5083 3416 5146 sequuntur
3448 5075 3522 5129 le-
3583 5145 3585 5153 γ

277 5190 354 5228 νον
375 5172 455 5226 τὸν
473 5172 698 5246 Κύριον.
721 5175 798 5228 Οὐ
827 5175 931 5248 μὴν
959 5177 1060 5250 ήδη
1090 5195 1192 5232 που
1224 5179 1493 5250 μακάριος
1515 5181 1544 5234 ὁ
1567 5178 1838 5262 τοιοῦτος¹

1960 5177 2122 5244 :erit;
2173 5174 2229 5231 id
2261 5181 2346 5229 est
2376 5179 2436 5226 ut
2465 5169 2722 5224 mandata
2753 5168 2876 5239 eius
2905 5166 3062 5222 valde
3088 5165 3296 5236 cupiat,
3331 5180 3395 5220 ac
3430 5182 3521 5220 vo-

281 5266 322 5318 ei
349 5263 412 5337 μὴ
438 5263 529 5318 καὶ
548 5263 611 5317 τὸ
635 5264 762 5337 ἑξῆς
789 5267 968 5321 αὐτῶν
995 5271 1229 5324 ἐποιεῖτο
1245 5287 1259 5301 °
1288 5271 1534 5325 τουτέστι
1555 5271 1617 5325 τὸ
1640 5274 1698 5326 ὲν
1721 5275 1842 5337 ταῖς

1960 5274 2212 5326 .untatem
2245 5263 2476 5318 ﬁrmiter
2524 5269 2739 5328 teneat;
2770 5274 2873 5314 nec
2904 5264 3156 5321 coactus,
3208 5267 3302 5310 aut
3329 5263 3521 5325 praeter

284 5358 492 5422 ἐντολαῖς
531 5356 696 5412 αὐτοῦ
734 5358 910 5414 θέλειν
940 5362 1165 5436 σφόδρα,
1199 5363 1459 5434 ἀσφαλῶς
1485 5364 1541 5418 δὲ
1575 5364 1638 5418 τὸ
1669 5363 1844 5418 θέλειν

1964 5357 2115 5414 mimi
2156 5353 2411 5410 affectum
2465 5350 2725 5406 mandata
2773 5347 3070 5412 custodiat,
3113 5346 3211 5403 sed
3265 5346 3442 5403 libens
3473 5354 3525 5434 et

286 5449 530 5522 κέκτηται,
568 5447 645 5512 ὡς
683 5449 750 5502 ἂν
781 5449 856 5521 μὴ
886 5451 1193 5522 ἐπάναγκες
1219 5455 1354 5528 μηδὲ
1391 5454 1546 5527 παρὰ
1578 5454 1840 5527 προαίρεοο

1960 5465 2070 5507 :um
2112 5447 2398 5504 alacritate
2451 5443 2874 5515 complectatur,
2935 5454 3003 5494 ac
3058 5439 3275 5496 sincere
3335 5439 3521 5511 diligat

289 5559 361 5597 σιν
393 5539 697 5612 φυλάττοιτό
729 5559 812 5606 τις
842 5543 942 5608 τὰς
983 5546 1221 5614 ἐντολὰς,
1258 5548 1375 5603 ἀλλ’
1410 5546 1710 5620 ἐθελοντὴς,
1742 5547 1840 5600 καὶ

1410 5546 1710 5620 ἐθελοντὴς,
1742 5547 1840 5600 καὶ
1944 5541 2331 5599 mandatorum
2359 5537 2456 5594 Dei
2492 5534 2957 5593 observationem.

295 5635 407 5711 μετὰ
429 5635 516 5690 τοῦ
551 5635 801 5709 στέργειν
835 5639 933 5694 σὺν
972 5641 1123 5716 πάσῃ
1163 5643 1441 5718 προθυμίᾳ
1471 5644 1566 5698 καὶ
1591 5641 1833 5715 γνησίως
1861 5639 2081 5711 ἀγαπᾷν
2112 5635 2210 5709 τὴν
2233 5635 2343 5691 τῶν
2366 5633 2596 5690 ἐντολῶν
2615 5628 2710 5685 τοῦ
2740 5627 2876 5683 Θεοῦ
2906 5626 3171 5701 φυλακήν.

352 5794 390 5827 οε
419 5791 435 5847 1
463 5790 616 5849 Joan.
652 5809 727 5856 tv.
765 5793 854 5850 l8.
