3954 7146
1309 263 1340 292 δ

524 336 656 395 15ιῖ
1163 339 1434 399 EUSEBll
1471 340 1953 400 CAESARIENSIS
1987 342 2137 400 OPP.
2181 343 2362 400 PARS
2398 342 2487 400 Ill.
2527 371 2599 386 --
2635 343 3046 403 EXEGETICA.

586 452 755 511 Vens.
785 454 907 510 6-6.
944 455 1200 512 Exortum
1231 466 1309 512 est
1347 460 1402 514 in
1430 458 1656 513 tenebris
1690 458 1863 514 lumen
1905 461 2084 527 rectis,
2116 468 2161 525 Α

522 547 814 602 misericors
835 559 885 604 et
909 551 1192 605 miserator
1208 561 1258 605 et
1269 551 1473 621 justus.
1529 552 1580 607 ls
1603 553 1697 622 qui
1721 553 1913 609 beatus
1947 568 2087 624 pra:-

520 638 751 705 Jicatur,
785 643 1065 713 proprium
1109 643 1294 698 lumen
1350 660 1459 700 non
1505 645 1729 710 deserit,
1783 645 2089 701 doctrinam

519 745 670 787 suam
700 748 812 788 non
846 733 1125 799 omnibus,
1156 735 1252 790 sed
1297 737 1464 790 rectis
1497 736 1700 792 exoriri
1746 735 1975 801 faciens,
2024 753 2071 792 at

2185 735 2283 808 τὴν
2311 735 2658 792 διδασκαλίαν
2691 737 2748 791 δέ
2779 740 2892 800 τοῖς
2935 737 3151 790 εὐθέσιν
3201 737 3400 802 αὑτοῦ,
3443 738 3592 791 καὶ
3647 738 3728 790 τὸ
3781 742 3860 798 ﬁ;

517 835 697 881 lumen
731 827 1058 898 cognitionis
1100 827 1250 884 intus
1310 827 1366 882 in
1431 837 1706 884 rectorum
1740 831 2071 901 generationt

2185 828 2439 898 γνώσεως
2460 829 2576 900 φῶς
2604 829 2751 884 ἔνδον
2779 831 2837 884 ἐν
2855 833 2922 902 τῇ
2943 829 3054 884 τῶν
3077 829 3282 884 εὐθέων
3305 831 3506 902 γενεᾷ
3547 833 3852 902 mugitus

515 918 781 988 prmbens,
801 934 866 974 ac
896 928 1075 976 rectos
1105 921 1442 978 illuminans.
1463 922 1740 978 Iucundus
1767 924 1845 978 vir
1863 925 1955 994 qui
1986 924 2087 977 mi-
2184 923 2279 976 καὶ
2307 923 2438 986 τοὺς
2471 921 2646 986 εὐθεῖς
2679 920 2948 991 φωτίζων.
2979 922 3256 991 Χρηστὸς
3290 921 3469 990 ἀνὴρ
3533 925 3586 976 ὁ
3637 925 3842 977 οζιτέ

515 1019 714 1064 seretur
753 1019 802 1064 et
829 1011 1148 1066 commodat.
1173 1011 1293 1068 Non
1325 1014 1568 1069 occludit
1600 1015 1810 1070 viscera
1838 1028 1958 1078 sua,
1989 1011 2086 1068 sed

513 1101 652 1157 bona
683 1117 781 1157 sua
817 1104 1105 1174 egentibus
1138 1104 1378 1174 impertit
1414 1124 1427 1160 :
1460 1105 1590 1176 quia
1616 1106 1721 1160 hoc
1753 1114 2083 1177 praeceptum

513 1192 701 1265 implet
727 1213 739 1248 :
766 1194 901 1263 Quis
924 1207 1002 1252 est
1025 1197 1199 1267 ﬁdelis
1226 1207 1276 1253 et
1291 1199 1518 1268 prudens
1555 1216 1873 1264 temnamus,
1910 1201 2000 1270 qui
2029 1200 2084 1252 in

511 1295 739 1354 tempore
770 1287 1032 1342 conservis
1070 1287 1220 1342 dabit
1278 1289 1444 1343 tritici
1484 1293 1838 1346 mensuram?
1886 1289 2082 1344 Beatus

483 1375 599 1432 'ille
627 1395 804 1434 servus
836 1396 988 1450 quem
1013 1397 1135 1434 cum
1161 1381 1354 1436 venerit
1395 1380 1642 1436 dominus
1675 1383 1811 1447 eius,
1858 1382 2082 1436 inveniet

508 1469 586 1523 sic
613 1469 914 1539 facientem.
949 1469 1078 1526 Vere
1107 1471 1225 1528 dico
1253 1473 1416 1537 vobis,
1447 1473 1696 1544 quoniam
1723 1490 1878 1542 super
1904 1475 2083 1529 omnia

507 1559 643 1614 bona
677 1578 777 1616 sua
810 1563 1092 1617 constituet
1120 1580 1240 1618 eum
1271 1565 1338 1619 ⁸⁷.
1379 1564 1634 1635 Disponet
1669 1582 1934 1621 sermones
1958 1584 2082 1623 suos

506 1652 561 1706 in
579 1652 807 1722 judicio,
823 1655 948 1725 quia
974 1655 1028 1709 in
1062 1664 1316 1710 mternum
1339 1673 1444 1712 non
1464 1657 1893 1716 commovebitur.
1911 1655 2082 1727 Talis,

505 1745 706 1816 inquit,
733 1747 916 1812 homo,
941 1758 994 1804 et
1020 1749 1114 1820 qui
1149 1750 1281 1804 talia
1314 1749 1448 1822 agit,
1491 1767 1669 1823 neque
1699 1753 1880 1818 cadet,
1905 1769 2083 1825 neque

505 1839 938 1895 commovebitur
976 1855 1008 1894 a
1038 1856 1138 1897 sua
1168 1856 1335 1913 supra
1392 1851 1606 1914 petram
1651 1844 1910 1901 statione.
1960 1843 2081 1901 Non

503 1928 647 1982 enim
688 1929 996 2000 principum
1049 1931 1226 1988 minas
1287 1931 1686 2000 reformidabit,
1747 1951 1857 1990 non
1915 1936 2082 2006 perti-

3737 351 3862 408 εδδ.

2175 1031 2302 1084 ρων
2322 1015 2423 1068 καὶ
2447 1014 2818 1087 much-106x
2843 1015 3121 1070 ἀποκλείει
3149 1015 3216 1070 τὰ
3247 1014 3452 1071 ἑαυτοῦ
3489 1015 3853 1086 anum

2182 1289 2281 1343 καὶ
2307 1290 2593 1360 φρόνιμος
2618 1291 2953 1359 οίκονόμος,
2979 1289 3048 1357 ὃς
3075 1289 3145 1344 ἐν
3164 1288 3349 1359 καιρῷ
3381 1289 3624 1343 δώσει
3673 1290 3752 1343 τὸ
3783 1307 3848 1343 cs

2183 1561 2369 1616 οῦντα
2410 1561 2619 1629 οὕτως.
2637 1559 2891 1631 Ἀληθῶς
2936 1560 3093 1632 λέγω
3124 1561 3286 1631 ὑμῖν,
3332 1561 3438 1616 ὅτι
3491 1562 3636 1616 ἐπὶ
3695 1563 3840 1617 πᾶα

2150 1718 2154 1726 λ
2183 1651 2310 1720 τοῖς
2335 1651 2722 1724 ὑπάρχουσιν
2751 1653 2938 1709 αὐτοῦ
2972 1654 3343 1723 καταστήσει
3375 1655 3646 1708 αὐτόν.
3683 1656 3838 1707 Οἰκί-

2183 1743 2436 1816 νομήσει
2459 1745 2601 1813 τοὺς
2623 1746 2846 1816 λόγους
2876 1745 3062 1801 αὑτοῦ
3087 1746 3158 1799 ἐν
3179 1746 3401 1814 κρίσει,
3438 1745 3546 1799 ὅτι
3591 1748 3710 1812 εἰς
3743 1750 3834 1800 rc‘r

2115 1809 2157 1865 Β
2181 1809 2366 1889 aldina
2387 1838 2460 1891 οὐ
2500 1809 2962 1905 σαξὶευὸήσεται.
2981 1838 3037 1892 '0
3065 1809 3326 1904 τοιοῦτος,
3359 1809 3542 1909 φησὶ,
3729 1856 3829 1890 τα-

501 2109 632 2166 bare
662 2125 726 2167 ac
749 2111 1087 2169 confundere
1113 2123 1402 2171 conantur.

2177 2206 2533 2278 πειρωμένων
2565 2209 2624 2262 ἐν
2657 2209 2872 2281 καιροῖς
2901 2211 3330 2280 περιστατικοῖς.

569 2304 736 2361 Vens.
764 2305 820 2372 7,
849 2305 904 2362 8.
938 2303 1006 2360 In
1029 2307 1284 2361 memoria
1307 2315 1507 2363 aeterna
1527 2309 1628 2363 erit
1651 2308 1858 2379 justus,
1880 2325 1945 2363 ao
1973 2326 2074 2363 au-

496 2394 696 2449 ditione
724 2395 871 2449 mala
898 2412 1002 2450 non
1031 2396 1251 2452 timebit.
1287 2396 1406 2453 Non
1448 2413 1514 2454 ex
1549 2399 1733 2456 verbis
1780 2400 2073 2468 mendacii,

496 2504 616 2560 quae
643 2489 927 2544 veritatem
963 2490 1183 2560 quidem
1228 2489 1556 2562 praeferunt,
1607 2491 1704 2548 sed
1743 2504 1933 2548 contra
1978 2493 2071 2549 Dei

2171 2503 2298 2569 δῶν,
2340 2503 2827 2577 ἐπαγγελλομένων
2868 2506 2967 2578 μὲν
3016 2505 3292 2579 ἀλήθειαν,
3325 2507 3704 2580 ἐπηρμένων
3747 2509 3796 2563 ἴε

495 2580 863 2652 cognitionem
919 2597 1043 2638 sese
1081 2588 1363 2647 sxserunt,
1412 2582 1626 2638 sinistri
1665 2583 1945 2655 quidpiam
1978 2600 2071 2656 pa-

2172 2596 2316 2650 κατὰ
2355 2595 2457 2666 τῆς
2486 2595 2740 2666 γνώσεως
2763 2596 2858 2651 τοῦ
2891 2596 3049 2662 Θεοῦ,
3081 2598 3327 2654 πείσεταί
3353 2617 3407 2653 τι
3437 2600 3668 2664 δεινὸν,
3703 2603 3790 2656 ἃς

494 2675 685 2740 tietur,
721 2682 912 2746 utpote
944 2672 1208 2729 fundatus
1249 2688 1417 2744 supra
1450 2682 1686 2745 petram,
1743 2691 1903 2747 quem
1935 2676 2071 2732 nihil

2170 2687 2235 2761 δὴ
2267 2687 2732 2760 τεθεμελιωμένος
2765 2689 2860 2744 ἐπὶ
2887 2689 2987 2761 τὴν
3013 2690 3240 2763 πέτραν,
3270 2692 3366 2746 καὶ
3399 2692 3664 2764 μηδενὸς
3697 2694 3786 2747 αὕ-

493 2781 752 2839 separare
781 2767 956 2837 possit
985 2781 1018 2822 a
1050 2766 1319 2822 charitate
1348 2765 1466 2832 Dei,
1499 2783 1621 2839 qua:
1652 2775 1738 2824 est
1765 2770 1820 2823 in
1853 2767 2071 2824 Christo

2169 2780 2262 2834 τὸν
2287 2781 2612 2854 χωρίζοντος
2641 2782 2752 2836 ἀπὸ
2776 2783 2875 2854 τῆς
2893 2782 3114 2854 ἀγάπης
3135 2783 3227 2838 τοῦ
3249 2783 3386 2838 Θεοῦ
3410 2785 3527 2856 τῆς
3551 2788 3619 2839 ἐν
3649 2785 3784 2859 Ips-

490 2858 642 2916 Jcsu.
697 2857 962 2913 Paratum
1003 2874 1094 2913 cor
1127 2859 1243 2928 ejus
1270 2875 1484 2930 sperare
1509 2861 1566 2913 in
1597 2859 1847 2926 Domino,
1877 2863 2071 2932 con/ir-

2171 2871 2281 2942 στῷ
2330 2871 2522 2942 Ἰησοῦ.
2543 2872 2773 2944 Ἑτοίμη
2808 2875 2846 2943 ἡ
2879 2875 3094 2944 καρδία
3129 2876 3314 2931 αὐτοῦ
3351 2877 3642 2938 ἐλπίζειν
3687 2857 3782 2934 ἑτι

491 2959 697 3004 mutum
748 2957 828 3003 est
887 2964 980 3002 cor
1032 2948 1146 3018 ejus
1188 2965 1208 3003 :
1263 2965 1368 3003 non
1438 2951 1846 3004 commovebitur
1907 2951 2070 3008 donec

2169 2965 2410 3035 Κύριον,
2451 2963 2796 3033 ἐστήρικται
2839 2967 2878 3034 ἡ
2930 2965 3146 3034 καρδία
3167 2967 3385 3022 αὐτοῦ’
3427 2969 3507 3022 οὐ
3542 2969 3640 3038 μὴ
3665 2987 3775 3039 ςκ-

489 3039 747 3110 despiciat
788 3039 1032 3094 inimicos
1059 3055 1206 3095 suos.
1267 3037 1414 3106 Ideo,
1443 3041 1642 3110 inquit,
1673 3056 1782 3096 non
1823 3055 2069 3098 commo-

489 3131 741 3198 vebitur;
774 3129 870 3186 sed
894 3145 1072 3202 neque
1102 3129 1167 3184 ab
1207 3129 1476 3184 auditione
1505 3131 1652 3185 mala
1679 3132 1911 3198 timebit,
1935 3134 2064 3204 quia

2169 3147 2359 3214 ταῦτα,
2382 3149 2640 3220 φησὶν,οὑ
2669 3148 3083 3221 σαλευθήσεται,
3117 3150 3230 3204 ἀλλ’
3269 3151 3390 3206 οὐδὲ
3415 3153 3550 3206 ἀπὸ
3580 3152 3772 3220 ἀκοῆς

487 3232 737 3279 paratum
760 3239 854 3277 cor
875 3220 989 3291 ejus
1011 3229 1094 3275 est
1123 3235 1332 3289 sperare
1369 3221 1424 3274 in
1451 3219 1699 3276 Domino.
1726 3222 1882 3289 Quod
1909 3223 2067 3296 Sym-

2169 3219 2840 3312 :zorrjpdcrtpOGqOﬁce‘rat,
2871 3219 3058 3312 ἐπειδὴ
3085 3242 3288 3312 ἑτοίμη
3315 3243 3354 3310 ἠ
3389 3243 3628 3313 καρδία
3665 3219 3768 3298 αἰέ-

488 3315 720 3371 machus
750 3316 931 3378 vertit,
988 3314 1205 3384 ﬁrmum
1237 3330 1326 3368 cor
1344 3313 1458 3386 ejus
1489 3315 1600 3368 sine
1626 3314 1984 3372 sollicitudine
2011 3319 2066 3372 in

2169 3331 2275 3386 τοῦ
2301 3330 2563 3394 ἐλπίζειν
2577 3333 2676 3386 ἐπὶ
2698 3335 2938 3400 Κύριον.
2957 3334 3098 3388 Ἀνθ’
3119 3328 3179 3389 οὗ
3200 3337 3228 3389 ὁ
3253 3335 3560 3408 Σύμμαχος
3582 3337 3766 3404 Emin-

487 3406 737 3462 Domino.
771 3404 894 3460 Ideo
929 3404 1243 3476 hujusmodi
1298 3407 1564 3460 tumultus
1589 3405 1858 3477 despicit:
1892 3421 2068 3478 neque

2169 3440 2288 3476 σεν·
2322 3423 2564 3492 Ἐδραία
2584 3425 2623 3493 ἠ
2644 3424 2858 3493 καρδία
2883 3425 3071 3480 αὑτοῦ
3099 3404 3416 3496 ἀμέριμκος
3543 3432 3761 3499 Κυρίῳ-

486 3499 652 3558 modo
713 3497 965 3552 inimicos
1027 3513 1137 3552 non
1203 3498 1583 3568 pertimescit;
1662 3512 1848 3554 verum
1900 3499 2067 3554 etiam

2169 3515 2267 3570 Διὰ
2291 3516 2450 3570 τοῦτο
2479 3517 2588 3571 τῶν
2611 3517 2868 3571 τοιούτων
2907 3515 3152 3589 θορύϐων
3180 3523 3544 3590 καταφρονεῖ·
3579 3525 3676 3576 καὶ
3702 3523 3762 3576 οὗ

485 3603 676 3645 eorum
705 3589 936 3652 cladem,
965 3588 1036 3642 ob
1069 3603 1221 3659 spem
1251 3588 1307 3643 in
1337 3587 1448 3644 Deo
1479 3589 1740 3657 locatam,
1759 3597 2062 3662 exspectat.

2169 3607 2331 3681 μόνον
2354 3609 2416 3662 οὐ
2451 3607 2596 3662 δέδιε
2625 3609 2752 3672 τοὺς
2774 3587 3077 3680 δυσμενεῖς,
3115 3608 3252 3664 ἀλλὰ
3283 3587 3379 3664 καί
3403 3611 3505 3684 τὴν
3525 3613 3762 3669 ἐκείνων

2171 3695 2342 3773 ἧτταν
2373 3701 2464 3754 διὰ
2493 3699 2592 3772 τὴν
2621 3701 2702 3766 είς
2719 3699 2850 3754 Θεὸν
2877 3699 3068 3754 ἐλπίδα
3101 3703 3428 3774 παραμένει.

2249 3814 2662 3884 Ἐσκόρπισεν,
2688 3813 2875 3868 ἔδωκε
2905 3811 3311 3883 τοῖς-πένησιν
3329 3832 3344 3847 ·
3375 3815 3414 3885 ἠ
3453 3816 3754 3874 ductarii-

2164 3920 2242 3972 νη
2274 3902 2461 3957 αὐτοῦ
2497 3903 2665 3973 μένει
2700 3905 2788 3970 εις
2821 3903 2929 3958 τὸν
2958 3903 3145 3960 αἰῶνα
3167 3905 3274 3960 τοῦ
3295 3903 3529 3973 αἰῶνος,
3557 3908 3632 3962 τὸ
3665 3911 3752 3964 κέ-

2155 4010 2272 4062 ρας
2299 3993 2486 4047 αὐτοῦ
2520 3991 2905 4063 ὑψωθήσεται
2947 3995 3018 4050 ἐν
3043 3995 3213 4066 δόξῃ.
3231 3998 3594 4067 Ἀμαρτωλὸς
3619 4003 3748 4071 ὀψε.

2162 4103 2257 4140 ται
2291 4085 2388 4139 καὶ
2421 4084 2862 4156 όργισθήσεται,
2897 4087 3040 4156 τοὺς
3087 4090 3338 4159 ὀδόντας
3382 4093 3564 4147 αὐτοῦ
3589 4083 3742 4163 ,βρύ-

2163 4179 2254 4246 ξει
2295 4179 2394 4235 καὶ
2424 4179 2768 4246 τακήσεται,
2805 4179 3086 4250 ἐπιθυμία
3117 4182 3462 4252 ἁμαρτω.ιοῦ
3504 4187 3738 4242 ἀπολεῖ-

2162 4288 2274 4324 ται.
2307 4269 2524 4342 Ἐπειδὴ
2573 4270 2703 4342 περὶ
2743 4269 2852 4324 τῶν
2889 4270 2978 4324 διὰ
3029 4271 3264 4337 πίστεως
3305 4273 3738 4345 τελειουμένωνό

2163 4362 2270 4423 πᾶς
2301 4359 2478 4429 λόγος,
2505 4359 2598 4412 καὶ
2629 4360 2759 4430 περὶ
2781 4357 2876 4413 τοῦ
2903 4359 2958 4426 ἐξ
2983 4359 3152 4414 ἐθνῶν
3185 4359 3317 4414 λαοῦ
3348 4359 3440 4414 τοῦ
3470 4361 3607 4415 κατὰ
3637 4364 3730 4435 τὴν

2163 4450 2313 4505 θείαν
2350 4451 2699 4505 διδασκαλίαν
2747 4450 3147 4517 θεοσεεοῦντος,
3178 4453 3412 4525 εἴρηται,
3439 4456 3726 4524 ἀκολούθοις

2165 4541 2492 4614 μνημονεύει
2522 4543 2616 4596 καὶ
2644 4541 2752 4595 τῶν
2791 4543 2857 4596 ἐκ
2900 4544 3202 4615 περιτομῆς
3228 4544 3610 4618 διαπριομένων
3639 4551 3724 4603 ἐπὶ

2156 4637 2224 4706 τῇ
2259 4637 2509 4707 προκοπῇ
2557 4634 2666 4689 τῶν
2695 4635 2754 4701 ἐξ
2784 4633 2972 4690 ἐθνῶν.
3006 4635 3096 4689 Διὸ
3137 4635 3418 4692 λέλεκταιο
3459 4639 3718 4710 Ἀμαρτω-

2155 4727 2268 4793 λύς
2298 4727 2508 4796 ὄψεται
2534 4717 2654 4781 οιαὶ
2699 4725 3141 4797 ὀργισθήσεται,
3183 4729 3326 4796 τοὺς
3364 4729 3596 4800 ὀδόντας
3623 4739 3712 4790 ab-

2157 4819 2264 4876 τοῦ
2294 4819 2509 4887 βρύξει
2542 4819 2637 4873 καὶ
2668 4818 3012 4885 τακήσεται,
3047 4819 3124 4883 ὡς
3150 4819 3247 4874 τοῦ
3274 4823 3574 4895 παρανόμου
3616 4828 3712 4898 μὲν

2156 4911 2438 4983 εἰληφότος
2467 4911 2652 4983 νόμον,
2683 4910 3131 4983 παραδεδηκότος
3175 4911 3233 4965 δὲ
3275 4913 3457 4968 αὐτόν.
3484 4917 3702 4984 Τοιοῦτος

2154 5000 2213 5054 δὲ
2246 5002 2354 5064 πᾶς
2383 5003 2412 5054 ὁ
2454 5001 2520 5054 ἐκ
2562 5001 2886 5073 περιτομῆς,
2912 5001 2972 5065 ὃς
2998 5001 3092 5054 ἐπὶ
3115 5004 3181 5074 τῇ
3213 5003 3458 5076 ἡμετέρᾳ
3489 5009 3698 5080 σωτηρίᾳ

2156 5093 2281 5156 τοὺς
2327 5093 2541 5156 ὀδόντας
2583 5093 2748 5147 αὑτοῦ
2794 5093 3001 5166 βρύκει.
3019 5093 3179 5148 Ἀλλὰ
3211 5096 3307 5151 καὶ
3334 5099 3385 5151 οί
3415 5097 3513 5151 τῶν
3549 5098 3695 5153 ἐθνῶν

2160 5184 2374 5238 ἄπιστοι
2395 5184 2592 5238 ταύτὸν
2614 5185 2914 5257 πάσχουσιν
2943 5186 3036 5240 ἐπὶ
3055 5189 3122 5259 τῇ
3146 5192 3397 5260 προκοπῇ
3430 5189 3523 5246 τῶν
3541 5191 3590 5258 ἐξ
3608 5193 3688 5246 αὐ-

2158 5273 2268 5328 τῶν
2317 5275 2766 5347 μεταϐεϐηκότων
2811 5278 2904 5330 ἐπὶ
2957 5278 3057 5349 τὴν
3101 5278 3244 5332 κατὰ
3273 5279 3403 5334 Θεὸν
3441 5282 3684 5339 πολιτείαν.

2157 5367 2304 5438 Πλὴν
2335 5368 2622 5440 ἀμφότερα
2664 5368 2734 5422 τὰ
2777 5370 3032 5442 τάγματα
3063 5372 3423 5446 διαπριόμενα
3451 5375 3567 5431 κατὰ
3592 5377 3682 5432 τῶν

2155 5452 2214 5506 ἐν
2241 5454 2461 5526 Χριστῷ
2481 5455 2868 5528 τελειουμένων
2903 5461 3291 5535 ἐκτακήσεται,
3312 5464 3678 5538 τῆς,ἐπιθυμίας

2156 5543 2335 5599 αὐτῶν
2363 5545 2759 5621 ἀπολλυμένης.

555 3787 722 3845 Vens.
756 3788 811 3853 9,
843 3788 926 3845 ιο.
955 3787 1240 3856 Dispersit,
1288 3787 1433 3843 dedit
1479 3788 1821 3859 pauperibus,
1843 3790 2066 3860 justitia

483 3881 598 3949 ejus
632 3889 808 3934 manet
837 3881 890 3934 in
919 3881 1574 3943 swculumswculi,cornu
1597 3882 1712 3950 ejus
1739 3882 2066 3938 exaltabitur

482 3973 540 4027 in
569 3972 760 4043 gloria.
797 3971 1052 4027 Peccator
1073 3971 1264 4026 videbit
1294 3981 1344 4027 et
1373 3973 1654 4040 irascetur,
1679 3973 1923 4029 dentibus
1951 3975 2063 4031 suis

485 4065 672 4135 fremet
717 4074 766 4119 et
810 4063 1035 4118 tabescet
1077 4081 1096 4119 :
1141 4063 1464 4120 desiderium
1514 4069 1804 4136 peccatoris
1850 4067 2060 4137 peribit.

482 4152 752 4220 Quoniam
773 4160 917 4208 totus
945 4153 1036 4207 hic
1065 4169 1245 4208 sermo
1266 4153 1333 4209 de
1361 4155 1426 4210 iis
1445 4157 1537 4226 qui
1567 4156 1671 4212 ﬁde
1695 4157 1892 4212 initiati
1911 4168 2060 4225 sunt,

481 4251 537 4299 et
565 4243 633 4299 de
661 4244 861 4314 populo
914 4259 978 4299 ex
1011 4245 1290 4315 gentibus,
1324 4248 1416 4317 qui
1453 4263 1550 4317 per
1580 4247 1822 4304 divinam
1856 4250 2064 4306 doctri-

479 4351 607 4391 nam
635 4336 730 4392 Dei
769 4337 976 4392 cultum
1005 4340 1271 4410 suscepit,
1313 4343 1704 4410 pronuntiatus
1731 4350 1836 4409 est,
1867 4360 2063 4400 conse-

479 4437 712 4498 quenter
742 4429 907 4483 etiam
939 4439 1205 4486 memorat
1238 4447 1334 4488 eos
1361 4449 1429 4488 ex
1461 4434 1899 4499 circumcisione,
1964 4435 2060 4507 qui

478 4519 784 4590 profectum
829 4522 1070 4592 gentium
1122 4523 1341 4595 indigne
1399 4523 1596 4580 ferunt.
1617 4525 1798 4592 Quare
1848 4527 2056 4582 dictum
2090 4516 2134 4571 [Ρ

477 4617 584 4678 est,
608 4609 867 4665 Peccator
888 4613 1079 4668 videbit
1108 4626 1158 4669 et
1191 4617 1472 4680 irascettr,
1519 4617 1761 4672 dentibus
1795 4620 1907 4674 suis
1945 4620 2055 4691 fre-

476 4710 581 4756 met
618 4713 666 4756 et
715 4701 979 4768 tabescet;
1016 4706 1145 4777 quia
1183 4699 1408 4779 iniquus
1437 4710 1657 4780 quidem
1692 4711 1866 4782 legem
1897 4727 2056 4768 acce-

475 4796 576 4866 pit,
627 4795 725 4850 sed
753 4811 873 4851 eam
915 4807 1296 4870 transgressus
1343 4809 1445 4857 est.
1509 4801 1834 4872 Hujusmodi
1872 4814 2053 4862 autem

474 4895 558 4942 est
580 4887 835 4959 quisquis
865 4906 932 4946 ex
963 4891 1387 4948 circumcisione
1433 4894 1503 4949 ob
1541 4895 1773 4952 salutem
1808 4905 2052 4953 nostram

475 4977 732 5035 dentibus
771 4981 887 5037 suis
917 4981 1116 5038 fremit.
1154 4982 1267 5039 lmo
1297 4985 1461 5041 etiam
1492 4986 1727 5058 idipsum
1770 5005 1876 5045 usu
1904 4992 2052 5045 venit

473 5071 770 5140 gentilibus
800 5074 894 5144 qui
941 5074 1188 5132 infideles
1232 5086 1381 5142 sunt,
1439 5095 1503 5134 ac
1537 5079 1604 5135 de
1639 5078 1885 5152 profectu
1919 5098 2050 5138 suo-

473 5177 619 5228 rum,
657 5165 750 5233 qui
776 5167 842 5220 ad
873 5166 1114 5222 divinam
1148 5169 1276 5224 vitae
1312 5171 1580 5228 rationem
1610 5173 1860 5229 translati
1899 5183 2049 5240 sunt,

473 5254 794 5312 infremunt.
822 5257 1092 5314 Caeterum
1126 5263 1344 5332 utrique
1381 5264 1624 5328 ordines,
1665 5265 1733 5320 de
1769 5265 1838 5321 iis
1866 5266 1960 5337 qui
1994 5266 2050 5321 in

473 5347 693 5404 Christo
735 5349 966 5419 perfecti
1005 5363 1134 5423 sunt
1173 5353 1440 5422 furentes,
1471 5358 1774 5425 tabescent,
1807 5373 1872 5414 ac
1905 5359 2052 5416 desi-

473 5440 684 5496 derium
719 5455 910 5498 eorum
943 5446 1160 5514 peribit.

536 5759 580 5794 ⁹⁷
620 5757 754 5818 Luc.
790 5777 902 5831 ιιι,
935 5765 1124 5822 4244.

2273 461 2680 526 Ἐξανέτειλεν
2700 463 2772 516 ἐν
2797 463 3002 518 σκότει
3030 461 3154 532 φῶς
3187 462 3314 528 τοῖς
3333 461 3682 524 εὐθέσιν,
3701 465 3866 528 ut;
3904 461 3905 500 ἐ

2183 567 2315 621 μων
2365 549 2463 604 καί
2505 551 2821 621 οἰκτίρμων
2844 551 2941 606 καί
2974 550 3224 618 δίκαιος.
3240 553 3300 606 '0
3337 553 3864 623 μακαριζὸμι-νά
3904 561 3905 588 ι

2185 642 2248 695 τὸ
2291 644 2489 697 οἰκεῖον
2536 644 2652 713 φῶς
2687 643 2746 696 οὐ
2787 643 3074 707 διαλείπει,
3101 644 3506 711 ἐξανατέλλων
3557 646 3648 698 οὐ
3709 650 3862 706 πᾶς,

2184 923 2279 976 καὶ
2307 923 2438 986 τοὺς
2471 921 2646 986 εὐθεῖς
2679 920 2948 991 φωτίζων.
2979 922 3256 991 Χρηστὸς
3290 921 3469 990 ἀνὴρ
3533 925 3586 976 ὁ
3637 925 3858 977 citra?
3904 923 3905 994 ἕ

2181 1927 2320 1982 αὕτα
2355 1928 2631 2001 πράττων,
2656 1928 2778 1984 οὔτε
2803 1932 3068 1994 πεσεῖται,
3094 1929 3218 1983 οὔτε
3250 1929 3715 2001 σαλευθήσεται
3736 1931 3826 1999 τῆς
3887 1949 3892 1956 λ

501 2028 708 2074 mescet
735 2037 850 2086 eos,
884 2023 978 2093 qui
1009 2022 1065 2077 in
1101 2030 1346 2095 tempore
1375 2025 1704 2082 calamitatis
1751 2042 1813 2084 se
1848 2035 2071 2084 contur-

2179 2020 2272 2074 ἐπὶ
2296 2019 2395 2093 τὴν
2429 2021 2636 2094 πέτραν
2671 2022 2934 2088 στάσεως.
2972 2022 3110 2077 Οὔτε
3147 2023 3254 2095 γὰρ
3292 2022 3586 2086 ἀπειλαῖς
3619 2024 3820 2094 591:5"-
3883 2043 3894 2104 ,’

2175 2128 2284 2167 των
2312 2113 2527 2185 πτήξει,
2558 2112 2684 2168 οὔτε
2707 2113 2816 2168 τῶν
2850 2114 3101 2186 θορυϐεῖν
3127 2115 3220 2168 καὶ
3267 2115 3598 2186 ταράττειν
3883 2115 3886 2154 ί

2243 2323 2353 2388 Είς
2393 2321 2792 2391 μνημόσυνον
2842 2319 3086 2377 αιώνιον
3131 2322 3302 2379 ἔσται
3361 2322 3662 2391 δίκαιος.
3695 2325 3806 2380 ἀπὸ
3873 2333 3884 2412 ζέ

2173 2411 2364 2481 ἀκοῆς
2383 2411 2654 2481 πονηρᾶς
2681 2415 2754 2468 οὐ
2773 2413 3198 2483 φοϐηθήσεται.
3219 2416 3338 2469 Οὐδ’
3355 2416 3422 2469 ἐκ
3453 2415 3664 2486 λόγων
3683 2417 3804 2485 ειεξι-
3875 2453 3882 2486 η

2168 3055 2344 3126 ϐηθῇ,
2377 3056 2487 3122 ἕως
2515 3053 2587 3113 οὗ
2613 3057 2789 3125 ἐπίδῃ
2829 3057 2927 3111 ἐπὶ
2970 3056 3113 3124 τοὺς
3139 3058 3389 3127 ἐχθροὺς
3420 3060 3652 3114 αὐτοῦ.
3681 3062 3775 3114 Διὰ

2183 1105 2320 1160 ἀλλὰ
2349 1106 2668 1176 μεταδίδωσι
2690 1107 2800 1160 τῶν
2828 1106 3184 1178 ὑπαρχόντων
3213 1109 3327 1171 τοῖς
3361 1104 3756 1177 δεομένας,
3783 1109 3852 1160 r13
3904 1109 3905 1112 “

2181 1197 2243 1251 τὸ
2273 1197 2562 1268 φυλάττειν
2583 1198 2801 1270 ἐντολὴν
2826 1199 2926 1271 τὴν
2955 1198 3250 1267 λέγουσαν·
3283 1199 3387 1265 Τις
3416 1191 3581 1267 ἄρα
3625 1203 3850 1264 κιο-τες
3904 1221 3905 1234 χ

2182 1379 2489 1450 τομέτριον
2524 1380 2650 1448 τοῖς
2690 1380 3091 1448 συνδούλοις;
3127 1379 3450 1450 Μακάριος
3493 1384 3552 1435 ὁ
3609 1379 3845 1448 δοῦλες
3904 1403 3905 1406 η

2183 1468 2432 1536 ἐκεῖνος,
2471 1469 2545 1523 ὃν
2581 1469 2773 1524 ἐλθὼν
2812 1471 2846 1524 d
2894 1469 3098 1538 κύριος
3118 1469 3320 1540 ιαὺτοῦ
3347 1469 3688 1539 ζείφήσει
3733 1488 3846 1524 χεέ-
3904 1495 3905 1546 ξ
