3994 6424
262 338 405 393 1549

291 451 697 506 ΔΛΔΗΛΟΪἸΑ
734 452 1028 508 ΑΓΓΑῙΟΥ
1064 455 1185 508 ΚΑΙ
1224 457 1590 512 ΖΑΧΔΡΙΟΥ.
1633 457 1778 511 PlB'.

327 563 580 629 Αινεῒτε,
612 564 840 632 παῖδες,
871 565 980 620 τὸν
1009 567 1248 636 Κύριον,
1289 569 1507 624 αίνεῒτε
1549 569 1616 624 τὸ
1663 568 1850 639 ὄνομα

256 656 505 724 Κυρίου.
543 655 652 724 Εἵη
681 656 744 710 τὸ
775 657 964 728 ὄνομα
1010 659 1228 727 Κυρίου
1268 659 1681 732 εὐλογημένον
1729 660 1849 716 ἀπὸ

256 749 365 804 τοῦ
420 747 541 803 νῦν
604 750 702 804 καὶ
758 749 870 818 ἓως
927 753 1032 808 τοῦ
1088 752 1323 820 αἰῶνος.
1374 754 1560 808 Πάντα
1613 754 1706 808 τὸν
1759 753 1847 808 διὰ

255 842 318 896 τὸ
368 841 655 913 φοϐεῖσθαι
699 841 904 914 Κύριον
956 845 1224 916 μακάριον
1273 847 1637 918 γεγενημένον
1681 847 1850 921 ἄνδρα

254 934 762 1006 ὑποτυπωσάμενος
806 938 835 990 6
886 937 1045 1006 λόγος
1081 940 1140 992 ὲν
1168 936 1246 1010 τῷ
1279 939 1387 1010 πρὸ
1409 940 1600 993 τούτου
1626 939 1845 1014 ψαλμῷ,

255 1027 348 1080 τὸν
390 1045 451 1082 τε
499 1027 614 1098 βίον
649 1027 760 1082 τῶν
787 1028 1040 1085 τοιούτων
1073 1031 1169 1085 καὶ
1209 1030 1310 1103 τὴν
1343 1031 1484 1086 κατά
1526 1031 1658 1086 Θεὸν
1699 1034 1850 1088 πολι-

253 1119 432 1186 τείαν,
461 1120 556 1174 καὶ
579 1119 641 1173 τὸ
671 1121 764 1175 ἐπὶ
785 1121 994 1186 τούτοις
1023 1123 1176 1195 παρὰ
1207 1123 1326 1196 Θεῷ
1343 1123 1496 1187 τέλος
1524 1123 1848 1198 ὑπογράψας

253 1213 315 1265 ἐν
345 1211 428 1284 τῷ
462 1213 828 1286 προκειμένῳ,
852 1214 998 1279 τίνες
1027 1215 1158 1269 ποτέ
1202 1217 1341 1270 εἰσιν
1364 1208 1530 1281 οὗτοι,
1563 1217 1660 1272 καὶ
1687 1218 1848 1272 τίνων

253 1306 587 1376 τυγχάνουσι
613 1306 982 1378 παραπλήσιοι
1009 1308 1272 1375 διδάσκει,
1299 1309 1493 1374 παῖδας
1525 1311 1722 1376 αὐτοὺς
1748 1329 1849 1365 κα-

253 1398 365 1452 λῶν
394 1398 485 1452 διὰ
507 1399 568 1452 τὸ
595 1398 786 1472 νεαρὸν
816 1400 909 1453 καὶ
931 1401 1213 1472 ἀρτιγενὲς
1238 1401 1337 1472 τῆς
1366 1401 1506 1456 κατά
1529 1402 1706 1475 ψυχὴν
1731 1403 1850 1473 ηλι-

251 1488 406 1553 κίας,
435 1489 530 1543 καὶ
562 1489 784 1554 τούτους
808 1491 903 1544 ἐπὶ
928 1491 1018 1546 τὸν
1049 1487 1196 1546 αἶνον
1227 1493 1385 1547 καλεῖ
1405 1493 1498 1547 τοῦ
1526 1495 1682 1548 Θεοῦ.
1703 1496 1849 1550 Ἀντὶ

252 1582 375 1647 τοῦ,
424 1581 656 1650 παῖδες,
702 1584 732 1637 6
774 1582 1004 1649 Ἀκύλας
1048 1586 1143 1639 καὶ
1185 1587 1214 1638 6
1243 1585 1537 1658 Σύμμαχος
1589 1587 1848 1656 δούλους

252 1675 553 1747 ὠνόμασαν
609 1677 911 1748 φήσαντες·
981 1677 1258 1748 ’Υμνεῖτε,
1319 1679 1548 1746 δοῦλοι,
1605 1683 1844 1750 Κύριον,

253 1766 501 1837 ὑμνεῖτε
527 1767 806 1838 τὸόνομα
847 1770 1086 1838 Κύριου.
1110 1770 1324 1826 Δούλων
1348 1771 1458 1845 γὰρ
1485 1773 1638 1827 οὐδὲν
1672 1775 1849 1846 διενη-

252 1875 480 1930 νοχασιν
512 1861 563 1914 οἱ
599 1861 807 1925 παῖδες,
842 1861 994 1934 φόϐῳ
1036 1863 1281 1929 δουλείας
1315 1866 1845 1939 παιδαγωγούμενοι.

259 1947 374 2018 Εῖη
409 1951 476 2004 τὸ
511 1950 699 2020 ὄνομα
724 1952 947 2020 Κυρίου
974 1954 1398 2024 εὐλογημένονί
1421 1957 1540 2011 ἀπὸ
1568 1957 1676 2012 τοῦ
1731 1958 1848 2014 νῦν

252 2037 362 2091 καὶ
392 2036 504 2104 ἕως
536 2037 642 2093 τοῦ
668 2038 905 2106 αἰῶνος.
937 2041 1023 2105 Ὠς
1052 2043 1308 2112 ἀγνοοῦσι
1329 2048 1443 2110 τοῖς
1478 2047 1666 2102 παισὶν
1699 2049 1848 2114 ὅπως

253 2127 366 2200 χρὴ
409 2127 501 2182 τὸν
527 2127 733 2201 Κύριον
761 2129 952 2200 ὑμνεῖν
979 2131 1040 2185 τὸ
1070 2135 1407 2206 προφητικὸν
1436 2137 1661 2208 Πνεῦμα
1691 2139 1848 2211 δίκην

252 2219 614 2288 παιδαγωγοῦ
647 2221 741 2274 καὶ
769 2221 1090 2278 διδασκάλου
1121 2225 1219 2290 τὰς
1251 2227 1435 2296 φωνὰς
1474 2229 1644 2294 αύτάς
1671 2248 1850 2304 παρα-

253 2308 496 2363 δίδωσιν.
530 2309 678 2383 Εύχὴ
719 2310 777 2364 δὲ
807 2311 949 2383 αῦτη
986 2314 1135 2367 ἐστὶν
1162 2313 1302 2387 ὑπὲρ
1336 2315 1493 2387 ἡμῶν
1519 2317 1699 2373 αὐτῶν
1740 2318 1849 2374 τῶν

255 2402 470 2457 παίδων
510 2403 964 2477 ἀναπεμπομένη,
991 2405 1068 2470 ὡς
1113 2405 1180 2461 ἀν
1214 2407 1466 2480 διαμείνῃ
1506 2409 1638 2480 ἡμῖν
1666 2409 1728 2464 τὸ
1755 2410 1848 2464 τοῦ

255 2496 470 2568 Κυρίου
499 2494 673 2567 ὄνομα
700 2498 780 2561 εἰς
807 2496 869 2550 τὸ
897 2497 1164 2570 διηνεκὲς,
1198 2499 1273 2571 μὴ
1301 2499 1502 2570 φεῦγον
1535 2503 1705 2573 ἡμᾶς,
1733 2501 1850 2556 ἀλλ’

255 2587 680 2660 ἀναπαυόμενον
710 2588 790 2660 τῷ
822 2591 1076 2664 ἡμετέρῳ
1109 2589 1230 2663 βίῳ.

347 2680 483 2734 Ἀπὸ
511 2681 828 2736 ἀνατολῶν
851 2684 1030 2751 ἡλίου
1057 2683 1230 2755 μέχρι
1255 2684 1505 2755 δυσμῶν
1527 2687 1765 2742 αίνετὸν
1783 2689 1850 2743 τὸ

259 2772 454 2842 ὄνομα
478 2774 722 2842 Κυρίου.
741 2775 1000 2844 ’Υψηλὸς
1034 2775 1132 2830 ἐπὶ
1161 2775 1358 2830 πάντα
1388 2777 1463 2831 τὰ
1491 2779 1636 2846 ἔθνη
1666 2784 1700 2833 ό
1731 2782 1848 2834 Κύ-

253 2881 411 2932 ριος,
450 2865 550 2918 ἐπὶ
583 2865 728 2933 τοὺς
759 2867 1055 2935 οὐρανοὺς
1086 2869 1125 2936 ἡ
1163 2868 1313 2933 δόξα
1341 2869 1549 2925 αὐτοῦ.
1582 2871 1695 2924 Καὶ
1721 2871 1850 2926 ποτε

258 2956 454 3021 τέλους
487 2956 677 3028 ἔτυχεν
724 2958 754 3010 6
803 2958 961 3028 λόγος
1005 2959 1122 3012 ἀλλ’
1153 2959 1186 3031 ἢ
1235 2960 1373 3031 μετά
1403 2961 1500 3034 τὴν
1530 2964 1853 3033 ἐπιφάνειαν

258 3046 358 3107 τοῦ
408 3053 662 3126 Σωτῆρος
711 3055 866 3126 ἡμῶν
905 3057 1079 3129 Ἰησοῦ
1107 3056 1378 3128 Χριστοῦ;
1412 3057 1526 3128 Πρὸ
1560 3057 1692 3128 γοῦν
1721 3057 1854 3112 ταύ-

1424 339 1932 399 COMMENTARIA
1971 337 2042 394 IN
2079 341 2421 400 PSALMOS.

1879 461 1925 517 Α

1882 1811 1923 1866 Β

3390 352 3529 410 1550

1995 496 1997 499 -
2058 456 2401 512 ALLELUIA
2431 455 2668 511 AGGEI
2698 456 2788 512 ET
2816 458 3215 516 ZACHARIA'J.
3249 413 3412 519 ΟΧΙί

2022 568 2191 624 Vens.
2233 570 2285 633 l,
2322 568 2377 622 2.
2427 568 2688 634 Laudate,
2735 571 2910 638 pueri,
2961 569 3271 638 Dominum,
3320 573 3535 631 laudate

1949 679 2136 716 nomen
2180 661 2418 716 Domini.
2456 661 2537 717 Sit
2583 679 2770 716 nomen
2816 661 3031 716 Domini
3079 664 3431 728 benedictum,
3471 683 3536 721 ea:

1949 755 2047 809 lioc
2080 772 2218 809 nunc
2243 764 2292 809 et
2344 771 2503 824 usque
2531 755 2584 808 in
2619 756 2895 810 sa’culum.
2930 756 3067 811 Cum
3104 757 3159 811 in
3205 759 3535 829 praecedenti

1950 847 2163 917 psalmo
2213 847 2364 900 viros
2402 861 2614 910 omnes,
2647 847 2741 916 qui
2780 847 2925 917 quod
2972 849 3200 904 timeant
3243 849 3533 906 Dominum

1948 939 2094 993 beati
2124 937 2300 993 ell'ecti
2333 948 2485 1002 sunt,
2515 941 3010 1007 repraesentaverit,
3043 956 3106 996 ac
3147 959 3337 997 eorum
3367 943 3536 998 vitam

1950 1037 2006 1083 et
2037 1027 2351 1084 institutum
2396 1032 2698 1082 secundum
2746 1026 2938 1094 Deum,
2972 1029 3134 1084 linem
3163 1047 3382 1102 quoque
3426 1047 3538 1104 quo

1949 1121 2192 1177 donandi
2221 1121 2365 1192 apud
2392 1120 2560 1176 Deum
2597 1129 2746 1186 sunt,
2775 1121 3168 1193 descripserit;
3197 1124 3251 1179 in
3277 1125 3536 1194 praesenti

1950 1219 2174 1288 quinam
2201 1216 2277 1270 illi
2304 1225 2359 1272 et
2388 1216 2717 1286 quibusnam
2744 1215 2952 1272 similes
2979 1217 3090 1272 sint
3114 1217 3378 1280 declarat,
3412 1233 3538 1288 pue-

1950 1325 2043 1365 ros
2087 1308 2390 1378 appellans,
2423 1309 2551 1378 quia
2591 1307 2771 1379 quoad
2819 1308 3014 1364 animae
3052 1317 3267 1365 aetatem
3304 1311 3538 1379 juvenes

1948 1413 2004 1462 et
2037 1419 2230 1458 recens
2278 1401 2392 1456 nati
2433 1410 2605 1457 sunt:
2652 1400 2752 1456 bos
2785 1415 3003 1470 quoque
3061 1401 3129 1455 ad
3174 1401 3392 1457 laudem
3439 1400 3536 1456 Del

1950 1505 2234 1569 provocat.
2282 1491 2393 1548 Pro
2435 1493 2552 1560 illo,
2603 1493 2781 1562 pueri,
2827 1493 3022 1563 Aquila
3054 1500 3108 1548 et
3148 1491 3533 1566 Symmachus,

1949 1589 2108 1653 servi,
2131 1586 2475 1657 interpretati
2508 1596 2637 1641 sunt
2665 1586 2914 1640 dicentes
2948 1601 2963 1638 :
3003 1583 3227 1656 Hymnis
3254 1586 3533 1648 celebrate.

1949 1683 2109 1744 servi,
2147 1680 2454 1742 Dominum,
2507 1677 2718 1748 hymnis
2768 1675 3026 1730 celebrate
3073 1693 3260 1730 nomen
3295 1675 3532 1732 Domini.

1950 1773 2111 1829 Pueri
2139 1787 2380 1843 namque
2406 1769 2543 1826 nihil
2576 1785 2605 1824 a
2640 1767 2816 1823 servis
2844 1766 3122 1832 diﬂ'ernnt,
3155 1775 3343 1838 utpote
3372 1768 3536 1824 timo-

1949 1883 2009 1923 re
2040 1865 2322 1922 servitutis
2345 1862 2600 1919 instituti.
2638 1860 2722 1916 Sit
2749 1876 2941 1914 nomen
2967 1857 3185 1914 Domini
3207 1857 3537 1913 benedictum

1946 1973 2012 2012 ea:
2040 1957 2138 2012 hoc
2169 1973 2305 2010 nunc
2323 1962 2375 2010 et
2399 1969 2561 2023 usque
2586 1953 2640 2006 in
2671 1951 2949 2005 swculum.
2981 1947 3148 2014 Quasi
3170 1947 3358 2018 pueris
3381 1948 3538 2020 igno-

1948 2051 2223 2116 rantibus,
2279 2044 2562 2119 quomodo
2615 2043 2906 2098 Dominum
2966 2041 3192 2096 laudare
3244 2048 3534 2112 oporteat,

1948 2138 2304 2211 propheticus
2351 2135 2594 2207 Spiritus
2632 2133 2808 2190 instar
2838 2130 3116 2203 paedagogi
3145 2145 3210 2186 ac
3238 2139 3539 2202 praecepto-

1949 2231 2029 2286 ris
2081 2245 2248 2286 voces
2291 2228 2480 2283 tradit.
2508 2225 2635 2281 llaec
2685 2241 2850 2296 porro
2889 2225 3070 2279 oratio
3107 2231 3194 2280 est
3234 2238 3334 2294 pro
3375 2222 3537 2278 nobis

1951 2320 2138 2392 pueris
2163 2319 2390 2383 emissa,
2423 2325 2484 2372 ut
2505 2333 2703 2372 nomen
2729 2315 2944 2370 Domini
2966 2323 3232 2386 perpetuo
3248 2313 3536 2370 nobiscum

1951 2419 2194 2477 maneat,
2238 2427 2342 2468 nos
2385 2409 2614 2466 minime
2659 2407 2903 2480 fugiens,
2937 2407 3036 2464 sed
3082 2407 3141 2462 in
3188 2408 3303 2464 vita
3348 2415 3538 2464 nostra

1951 2505 2376 2577 conquiescens.

2028 2677 2193 2733 Vens.
2225 2677 2281 2742 5,
2309 2675 2364 2732 4.
2397 2675 2442 2730 Α
2478 2675 2608 2730 solis
2639 2684 2761 2728 ortu
2785 2690 2950 2746 usque
2977 2674 3046 2728 ad
3067 2690 3312 2729 occasum
3347 2673 3541 2728 lauda-

1953 2771 2056 2826 bile
2077 2787 2266 2824 nomen
2291 2768 2528 2822 Domini.
2554 2766 2812 2821 Excelsus
2843 2781 3001 2833 super
3019 2782 3198 2820 omnes
3229 2775 3407 2837 gentes
3439 2766 3540 2822 Do.

1953 2865 2154 2928 minus,
2188 2878 2347 2932 super
2380 2860 2537 2916 cazlos
2582 2860 2757 2931 gloria
2798 2859 2936 2929 ejus.
2970 2858 3036 2914 Et
3068 2861 3419 2930 quandonam
3451 2859 3541 2916 hic

1954 2971 2139 3013 sermo
2185 2953 2348 3009 linem
2391 2953 2624 3023 accepit,
2659 2952 2767 3007 nisi
2796 2958 2922 3022 post
2948 2950 3243 3006 adventum
3277 2949 3542 3006 Servatm

1956 3048 2034 3103 ris
2062 3045 2236 3102 nostri
2265 3043 2396 3100 Jesu
2427 3042 2668 3098 Christi?
2691 3041 2825 3097 Nam
2875 3049 3006 3096 ante
3037 3041 3190 3096 illum
3225 3041 3282 3096 in
3309 3041 3425 3097 sola
3443 3039 3538 3095 Ju-

259 3163 364 3218 της
389 3147 449 3200 ὲν
472 3149 539 3218 τῇ
583 3147 815 3220 Ἰουδαίᾳ
841 3147 977 3222 μόνῃ
1007 3147 1225 3218 ἐλέγετο
1263 3148 1504 3218 γνωστὸς
1529 3143 1667 3204 εἶναι
1695 3148 1847 3214 Θεὸς,

1957 3137 2072 3193 data
2108 3135 2257 3192 Deus
2296 3143 2463 3190 notus
2495 3149 2619 3189 esse
2661 3133 2972 3196 dicebatur,
3003 3143 3056 3188 et
3090 3132 3145 3187 in
3180 3133 3299 3188 solo
3339 3131 3542 3188 lsraele

259 3241 359 3294 ml.
385 3240 446 3294 ἐν
477 3241 624 3312 μόνῳ
668 3240 747 3313 τῷ
793 3242 1010 3316 Ἰσραὴλ
1061 3242 1204 3314 μέγα
1233 3241 1296 3296 τὸ
1322 3242 1492 3314 δνομα
1521 3241 1708 3308 αὑτοῦ,
1742 3241 1850 3297 τῶν

1957 3245 2215 3302 magnum
2246 3243 2446 3283 nomen
2473 3227 2594 3297 ejus
2620 3235 2758 3292 erat,
2810 3226 2940 3280 dum
2983 3233 3174 3296 gentes
3220 3240 3342 3295 quae
3383 3233 3541 3280 extra

260 3332 372 3399 ἔξω
397 3334 500 3404 τῆς
535 3334 795 3400 Ἰουδαίας
836 3336 1004 3390 ἐθνῶν
1046 3337 1266 3409 δαίμοσι.
1298 3336 1852 3408 καταδεδουλωμένων

261 3423 363 3478 καὶ
404 3424 710 3496 πνεύμασιν
747 3425 1098 3498 ἀκαθάρτοις,
1129 3426 1225 3481 καὶ
1256 3427 1370 3490 τοῖς
1414 3425 1517 3498 τῆς
1563 3425 1850 3480 εἰδωλολα-

259 3515 452 3586 τρείας
497 3518 874 3589 ἀντεχομένοις
924 3519 1018 3574 τοῦ
1062 3520 1324 3591 ὀνόματος
1347 3517 1443 3572 τοῦ
1476 3519 1684 3590 Κυρίου
1716 3519 1853 3590 μηδὲ

261 3611 346 3673 εἰς
370 3609 578 3664 ἔννοιαν
599 3611 982 3681 ἧκοντος.”οτε
1002 3630 1066 3682 γε
1089 3612 1195 3685 μὴν
1211 3613 1495 3682 ἐπιφανεὶς
1515 3611 1678 3676 αὐτὸς
1696 3614 1726 3666 6
1745 3611 1854 3665 Κύ-

267 3719 386 3774 ριος
413 3702 572 3774 ἡμῶν
603 3703 809 3775 Ἰησοῦς
833 3705 862 3757 6
887 3705 1118 3774 Χριστὸς
1145 3705 1270 3769 τοὺς
1296 3704 1462 3759 αὐτοῦ
1491 3703 1736 3776 μαθητὰς
1758 3704 1852 3757 ἐπὶ

264 3795 447 3848 πάντα
475 3793 812 3866 διεπέμψατο
854 3795 924 3849 τὰ
965 3795 1115 3868 ἔθνη,
1149 3795 1451 3868 τηνικαῦτα
1478 3795 1784 3868 πληροῦται
1823 3797 1852 3849 6

260 3883 357 3940 διά
401 3885 510 3939 τῶν
561 3887 938 3959 προκειμένων
985 3887 1178 3958 φωνῶν
1219 3891 1334 3954 τοῖς
1361 3889 1499 3942 πᾶσι
1527 3888 1854 3959 παραδοθεὶς

263 3972 460 4048 ὕμνος.

345 4071 443 4136 Τίς
465 4071 547 4134 ὡς
573 4071 786 4139 Κύριος
809 4073 843 4126 ό
868 4070 1012 4137 Θεὸς
1037 4071 1208 4142 ήμῶν
1228 4075 1262 4128 ὁ
1283 4072 1354 4128 ἐν
1373 4073 1636 4142 ὑψηλοῖς
1655 4088 1850 4126 κατοι-

263 4163 414 4231 κῶν,
441 4163 540 4218 καὶ
560 4164 632 4218 τὰ
659 4162 908 4218 ταπεινὰ
936 4165 1169 4235 ἐφορῶν
1195 4166 1265 4219 ἐν
1291 4165 1371 4232 τῷ
1393 4165 1626 4234 οὐρανῷ
1651 4165 1751 4219 καὶ
1781 4166 1853 4220 ἐν

262 4255 345 4323 τῇ
367 4253 483 4326 γῇ;
511 4255 832 4310 Διδάσκεται
863 4256 922 4310 δὲ
953 4257 1041 4311 διὰ
1071 4255 1278 4311 τούτων
1301 4259 1329 4311 6
1354 4257 1473 4321 νέος
1501 4257 1647 4321 λαὸς.
1683 4258 1760 4320 ὡς
1801 4257 1851 4310 εί

263 4348 364 4401 καὶ
396 4345 674 4417 ἀνελήφθη
701 4348 731 4400 6
751 4345 956 4418 Κύριος
990 4347 1170 4419 ἡμῶν,
1198 4348 1296 4402 καὶ
1323 4346 1468 4404 ἔστιν
1497 4350 1555 4402 ὲν
1584 4348 1736 4421 δεξιᾷ
1756 4347 1849 4402 τοῦ

266 4437 506 4511 Πατρδς,
532 4437 645 4492 ἀλλ’
673 4433 766 4492 οὖν
808 4441 904 4494 καὶ
945 4439 1086 4493 οὕτω
1141 4440 1355 4513 πλήρης
1395 4442 1512 4496 ἐστὶ
1538 4443 1688 4496 πᾶσα
1713 4443 1746 4514 ὴ
1776 4442 1848 4514 γῆ

263 4533 366 4588 καὶ
394 4531 658 4586 ἀπολαύει
680 4533 782 4604 τῆς
811 4534 1114 4606 ἐπισκοπῆς
1131 4532 1468 4609 αὑτοῦΪΑρα
1491 4537 1553 4591 οὐ
1578 4538 1728 4593 δοκεῖ
1757 4537 1851 4609 μέ-
1883 4527 1926 4582 D

263 4641 343 4696 γα
373 4622 514 4679 εἶναι
546 4624 607 4678 τὸ
634 4625 958 4696 είρημένονς
998 4627 1136 4680 Ἀλλ’
1168 4629 1296 4682 ὅταν
1325 4629 1585 4704 ἐννοήσῃς
1617 4631 1748 4702 περὶ
1771 4630 1851 4684 τί-

263 4732 360 4779 νος
386 4715 622 4787 είρηται,
641 4715 844 4786 σφόδρα
870 4716 987 4768 ἐστὶ
1011 4717 1287 4782 καταδεές.
1325 4719 1450 4782 Πῶς
1473 4720 1580 4790 γάρ
1605 4721 1663 4773 ὲν
1693 4719 1857 4792 οὐρα-

265 4809 381 4870 νοῖς
421 4808 663 4860 κατοικεῖ
692 4808 721 4860 6
747 4806 838 4860 τὸν
872 4807 1102 4879 οὐρανὸν
1129 4811 1222 4864 καὶ
1260 4809 1359 4882 τὴν
1399 4812 1504 4882 γῆν
1551 4813 1797 4885 πληρῶν,
1827 4816 1856 4868 6

266 4897 548 4970 πανταχοῦ
578 4897 794 4970 παρὼν.
827 4900 856 4952 6
901 4899 1106 4970 λέγων⁸
1145 4902 1288 4969 Θεὸς
1315 4904 1560 4974 ἐγγίζων
1588 4906 1724 4977 ἐγὼ,
1756 4909 1856 4963 καὶ

267 4995 343 5048 οὺ
369 4991 513 5057 Θεὸς
539 4991 864 5060 πόρρωθεν,
892 4994 925 5045 ό
958 4993 1267 5062 μετρήσας
1293 4996 1401 5050 τὸν
1425 4999 1687 5066 οὐρανὸν
1717 5017 1856 5054 σπι⁸

1952 3319 2200 3377 «ιυὸεειιῐιι
2221 3317 2755 3383 erant,d:emonibus
2782 3325 2837 3370 et
2851 3316 3088 3387 impuris
3103 3317 3388 3386 spiritibus
3406 3316 3542 3370 sub-

1954 3411 2102 3476 ditae,
2147 3425 2213 3466 ac
2256 3409 2586 3464 idololatria:
2620 3407 2852 3462 addicta:
2893 3415 3123 3463 essent:
3157 3423 3286 3462 cum
3337 3423 3541 3464 nomen

1953 3503 2173 3560 Domini
2202 3517 2274 3558 ne
2303 3501 2526 3572 quidem
2555 3503 2610 3554 in
2637 3508 2875 3556 mentem
2901 3501 3112 3567 veniret
3146 3500 3277 3560 illis.
3308 3499 3544 3566 Quando

1954 3605 2138 3654 autem
2173 3597 2291 3666 ipse
2339 3593 2606 3650 Dominus
2649 3601 2840 3650 noster
2882 3591 3046 3649 Jesus
3087 3593 3340 3649 Christus
3379 3591 3542 3648 adve-

1954 3692 2136 3758 niens,
2167 3689 2474 3759 discipulos
2512 3702 2645 3744 suos
2673 3688 2729 3741 in
2751 3701 2944 3742 omnes
2965 3695 3155 3758 gentes
3188 3686 3390 3751 emisit,
3412 3694 3542 3748 tunc

1955 3783 2215 3854 impletus
2243 3788 2331 3838 est
2369 3781 2607 3852 hymnus
2637 3793 2734 3850 per
2769 3778 2872 3836 has
2910 3793 3078 3835 voces
3116 3778 3394 3836 universis
3429 3785 3542 3832 tra-

1953 3875 2124 3932 ditus.

2025 4073 2195 4130 Vens.
2228 4073 2283 4134 5.
2311 4073 2364 4128 6.
2397 4071 2530 4139 Quis
2573 4071 2711 4126 sicut
2741 4069 3004 4126 Dominus
3061 4070 3205 4127 Deus
3247 4081 3427 4127 noster
3452 4072 3543 4144 qui

1953 4171 2007 4223 in
2022 4167 2148 4222 altis
2175 4165 2404 4231 habitat,
2422 4174 2470 4219 et
2489 4162 2719 4216 humilia
2744 4149 2956 4231 respicit
2973 4163 3028 4216 in
3062 4162 3190 4218 cwlo
3213 4173 3262 4216 et
3286 4164 3542 4219 interra?

1953 4262 2052 4316 His
2084 4261 2315 4316 docetur
2355 4273 2531 4313 novus
2581 4255 2846 4328 populus,
2886 4256 3105 4312 etiamsi
3146 4255 3412 4311 Dominus
3443 4269 3540 4310 no-

1955 4362 2070 4411 ster
2097 4359 2418 4422 assumptus
2461 4357 2572 4416 est,
2608 4355 2665 4404 et
2706 4348 2774 4404 ad
2807 4349 3088 4403 dexteram
3137 4347 3320 4404 Patris
3363 4351 3542 4422 sedet,

1956 4458 2198 4505 attamen
2221 4454 2393 4502 totam
2433 4453 2642 4500 terram
2677 4445 2894 4517 plenam
2919 4459 3043 4498 esse
3075 4451 3130 4498 et
3155 4443 3396 4514 gaudere
3423 4447 3544 4518 ejus

1956 4537 2320 4610 inspectione.
2367 4537 2568 4591 Annon
2607 4535 2740 4589 illud
2782 4549 3041 4605 magnum
3092 4549 3218 4590 esse
3261 4535 3544 4594 videatur!

1959 4629 2029 4683 At
2060 4628 2106 4683 si
2132 4625 2453 4683 consideres
2482 4627 2551 4681 de
2575 4640 2686 4696 quo
2713 4625 2924 4679 dictum
2955 4623 3050 4688 sit,
3086 4624 3190 4679 hoc
3219 4626 3382 4699 longe
3414 4627 3544 4684 infe

1957 4723 2074 4778 rius
2108 4721 2201 4775 illo
2231 4720 2357 4776 erit.
2392 4719 2680 4786 Quomodo
2719 4717 2866 4774 enim
2904 4717 2960 4772 in
2999 4717 3159 4773 cmlis
3187 4718 3422 4784 habitat,
3448 4721 3542 4790 qui

1957 4816 2155 4870 cmlum
2171 4823 2226 4869 et
2251 4821 2450 4868 terram
2472 4812 2683 4883 implet,
2719 4811 2814 4882 qui
2847 4810 3053 4882 ubique
3072 4827 3316 4882 praesens
3347 4811 3484 4867 dicit
3525 4832 3540 4867 :

1958 4907 2098 4962 Deus
2141 4907 2567 4976 appropinquans
2607 4921 2701 4974 ego
2725 4920 2866 4969 sum,
2911 4913 2962 4958 et
2990 4921 3097 4958 non
3140 4904 3277 4958 Deus
3319 4903 3543 4972 procul:

1958 5002 2050 5072 qui
2093 5015 2302 5054 mensus
2353 5015 2470 5053 sum
2499 4997 2688 5052 caelum
2715 5000 2916 5067 palmo,
2942 5005 2993 5052 et
3019 5007 3213 5052 terram
3253 4996 3455 5066 pugillo
3473 4997 3541 5061 “,

269 5083 431 5154 θαμῇ
456 5085 555 5138 καὶ
581 5085 695 5153 τὴν
707 5082 827 5153 γῆν
855 5083 1049 5153 δρακὶ,
1068 5089 1102 5141 ό
1123 5088 1390 5157 κατέχων
1404 5090 1513 5144 τὸν
1526 5093 1711 5160 γύρον
1740 5091 1848 5161 τῆς

1957 5094 2044 5164 qui
2095 5093 2332 5145 contineo
2371 5107 2558 5161 gyrum
2590 5089 2794 5143 terrm?
2827 5087 2936 5146 Sed
2971 5088 3233 5158 quoniam
3289 5093 3422 5141 tunc
3461 5087 3540 5141 illi

269 5175 421 5247 τῆς;
463 5175 601 5229 Ἀλλ’
630 5175 818 5247 ἐπειδὴ
850 5175 988 5249 πρὸς
1023 5178 1311 5242 Ἰουδαίους
1341 5175 1410 5251 ἦν
1435 5180 1586 5252 αὑτῷ
1618 5184 1647 5234 6
1673 5181 1853 5250 λόγος,

271 5265 360 5320 διὰ
387 5265 545 5321 τοῦτο
568 5267 706 5330 τέως
727 5266 870 5322 οὕτω
896 5269 1160 5341 κέχρηται
1185 5271 1264 5342 τῷ
1294 5271 1455 5344 λόγῳ,
1486 5274 1858 5342 συγκαταϐαί-

273 5375 380 5412 νων
411 5360 477 5430 τῇ
526 5359 798 5431 παχύτητι
827 5360 1007 5414 αὐτῶν
1029 5379 1044 5392 ·
1092 5357 1210 5416 εἶτα
1245 5364 1385 5418 κατά
1420 5365 1613 5437 μικρὸν
1635 5367 1851 5435 ἀνάγων

273 5449 454 5519 αὐτῶν
481 5451 581 5520 τὴν
597 5450 836 5506 διάνοιαν
859 5454 953 5506 καὶ
979 5453 1196 5526 πτερῶν
1221 5454 1320 5526 τὴν
1340 5454 1564 5527 γνώμην
1590 5457 1684 5509 καὶ
1714 5459 1851 5511 ἀνα-

274 5541 534 5609 ϐιϐάζων,
564 5541 747 5614 ἡρέμα
771 5543 966 5612 ἐπάγει
997 5545 1055 5597 ὲν
1088 5545 1166 5616 τῷ
1193 5545 1406 5617 οὐρανῷ
1455 5547 1550 5600 καὶ
1574 5545 1633 5600 έν
1663 5549 1728 5618 τῇ
1756 5551 1850 5620 γῇ.

276 5633 516 5689 τουτέστι
570 5634 665 5688 καὶ
709 5633 822 5689 ἄνω
869 5635 965 5690 καὶ
1009 5636 1176 5691 κάτω.
1205 5635 1374 5693 Τοῦτο
1403 5639 1459 5693 δὲ
1489 5635 1610 5694 εἶπε
1640 5639 1729 5695 διὰ
1756 5640 1854 5713 τὴν

352 5787 398 5821 ⁸⁸
429 5787 543 5846 Jer.
583 5806 648 5856 ι,
686 5791 780 5862 ll;
816 5791 922 5849 lsa.
956 5807 1060 5858 XL,
1085 5791 1192 5849 ~l2.

1961 5199 2145 5240 sermo
2176 5199 2302 5237 cum
2325 5183 2532 5237 Judaeis
2556 5192 2711 5250 erat;
2741 5181 2868 5238 ideo
2889 5181 3124 5236 fortasse
3152 5179 3256 5233 hoc
3286 5179 3542 5247 loquendi

1961 5275 2127 5330 modo
2152 5281 2239 5329 est
2280 5290 2436 5335 usus.
2472 5288 2662 5328 eorum
2707 5288 2830 5328 sese
2871 5270 3228 5327 crassitudini
3278 5277 3540 5339 attempe~

1957 5381 2130 5421 rans:
2173 5381 2238 5420 ac
2267 5365 2464 5422 deinde
2508 5366 2772 5437 paulatim
2817 5380 3010 5420 eorum
3058 5372 3294 5418 mentem
3327 5362 3539 5432 erigens

1958 5467 2014 5516 et
2039 5460 2321 5526 attollens,
2350 5460 2407 5514 in
2440 5459 2642 5514 malum
2675 5467 2729 5513 et
2756 5459 2811 5512 in
2848 5466 3049 5511 terram
3080 5454 3327 5519 adducit,
3359 5455 3414 5510 id
3456 5463 3536 5511 est

1958 5566 2182 5607 sursum
2212 5561 2265 5606 et
2293 5551 2578 5608 deorsum.
2619 5548 2674 5604 ιιι
2709 5562 2839 5603 vero
2873 5547 2951 5602 ait
2977 5548 3051 5602 ob
3095 5545 3408 5602 Judzeorum
3429 5546 3536 5617 lim-

1959 5643 2333 5710 becillitatem,
2361 5643 2456 5716 qui
2501 5642 2664 5700 idolis
2694 5639 2864 5696 dediti
2897 5646 3078 5708 erant,
3099 5647 3156 5696 et
3181 5639 3314 5696 deos
3349 5636 3536 5692 adora-
