3954 7146
1295 263 1328 298 9

537 350 668 408 i351

1196 343 1466 402 EUSEBII
1502 342 1989 402 CESARIENSIS
2023 343 2177 402 OPP.
2211 343 2394 402 PARS
2432 343 2521 401 Ill.
2561 375 2634 386 —-
2658 342 3070 401 EXEGETICA.
3795 348 3858 399 ιῖ
3895 355 3897 422 ξ

535 429 668 528 ι)εοῖ
713 470 767 525 in
800 469 937 526 locis
964 483 1028 523 ac
1073 467 1296 538 templis
1335 465 1607 522 inclusos.
1639 434 1778 522 Cum
1809 467 1888 520 ait
1925 464 2112 536 igitur,

2222 464 2506 522 ἀσθένειαν
2536 463 2636 536 τὴν
2678 461 2995 534 Ἰουδαῖκὴν,
3018 461 3118 534 τὴν
3139 461 3284 534 πρὸς
3306 462 3377 515 τὰ
3409 460 3694 514 rem
3723 463 3864 516 ἑπτ-
3895 449 3897 510 Ι

535 562 586 615 in
617 563 748 615 caelo
779 571 828 615 et
870 561 926 614 in
967 571 1136 625 terra,
1188 571 1381 612 ausam
1422 557 1629 627 praebet
1671 555 1950 627 cogitandi
1991 571 2117 610 eum

535 653 737 724 ubique
773 661 938 724 atque
965 652 1052 706 hic
1085 657 1141 706 et
1172 650 1284 704 illic
1317 665 1461 713 esse,
1502 658 1555 705 et
1583 648 1769 702 omnia
1797 645 2115 718 pervadere.

534 743 652 797 Non
692 743 837 798 enim
878 749 936 796 ut
975 740 1248 812 quispiam
1292 740 1348 794 in
1388 743 1531 795 coelo
1564 739 1888 804 conclusus,
1925 739 2122 810 procul

534 843 750 898 terrena
789 834 1096 904 conspicit;
1130 833 1226 890 sed
1265 833 1468 904 ubique
1515 847 1780 902 przesens,
1818 831 2122 900 incompre-

534 928 765 994 hensus,
791 925 1330 996 incircumscriptus,
1367 924 1733 995 omnibusque
1773 931 1984 979 astans.
2027 920 2111 976 Vi-

533 1019 655 1075 den‘
684 1035 793 1090 quo
841 1028 1000 1090 pacto
1035 1018 1294 1089 paulatim
1322 1017 1636 1072 auditorum
1670 1025 1909 1071 mentem
1932 1015 2120 1072 suble-

533 1114 652 1168 vet?
688 1112 806 1168 Non
843 1111 989 1167 enim
1024 1111 1147 1166 ideo
1204 1110 1525 1181 interrogat,
1573 1117 1633 1162 ut
1675 1109 1800 1179 quis
1839 1106 1906 1163 de
1948 1107 2121 1177 gloria

529 1206 625 1262 Dei
654 1205 819 1277 digna
865 1207 1144 1278 loquatur,
1187 1205 1282 1259 sed
1335 1219 1435 1274 pro
1483 1211 1646 1274 captu
1699 1201 2007 1257 hominum.
2057 1200 2122 1256 Et

530 1301 658 1356 alibi
690 1316 909 1372 quoque
936 1300 1137 1355 coelum
1169 1297 1374 1352 dicitur
1403 1312 1529 1353 esse
1571 1297 1806 1352 thronus
1835 1294 1954 1359 Dei,
1989 1295 2119 1364 quia

530 1395 782 1451 ca-lestes
809 1394 1043 1450 virtutes
1070 1393 1193 1449 istic
1215 1392 1312 1446 Dei
1329 1389 1559 1464 gloriam
1590 1389 1820 1442 ﬁrmiter
1846 1387 2116 1446 obtinent:

530 1495 676 1543 terra
710 1503 842 1542 vero
870 1487 1192 1550 scabellum,
1226 1485 1354 1556 quia
1385 1483 1634 1538 homines
1664 1481 1720 1536 in
1749 1490 1896 1538 terra
1924 1488 2113 1535 extre-

525 1595 617 1634 ma
657 1580 967 1635 divinorum
1012 1579 1098 1633 vix
1134 1595 1333 1650 capere
1367 1579 1573 1633 valent.
1619 1575 1720 1632 llic
1771 1590 1903 1630 vero
1947 1573 2119 1628 David

528 1679 818 1743 postquam
860 1670 1169 1725 auditorem
1199 1671 1267 1724 de
1312 1678 1459 1724 terra
1507 1669 1700 1732 erexit,
1739 1666 1809 1721 ad
1850 1665 2000 1721 aliud
2021 1664 2118 1722 Dei

527 1765 744 1820 virtutis
772 1772 1153 1836 argumentum
1185 1763 1529 1839 progreditur
1559 1761 1751 1817 dicens
1781 1775 1795 1812 :

2225 558 2417 630 μένην,
2448 557 2545 611 καὶ
2587 556 2744 621 θεοὺς
2775 555 3190 628 προσκυνοῦσαν
3224 556 3358 620 τοὺς
3407 555 3498 608 ἐν
3563 555 3810 620 1-67.12;
3845 583 3880 614 ε

2221 653 2369 714 ναοῖς
2397 647 2944 719 συγκεκλεισμένους.
2981 645 3168 702 Εἰπὼν
3195 646 3356 718 γοῦν⁹
3388 649 3496 701 ἐν
3535 645 3646 712 τῷ
3675 653 3864 716 air:

2222 741 2323 796 καὶ
2361 741 2431 796 ἐν
2453 737 2529 809 τῇ
2558 737 2657 811 γῇ,
2685 739 2870 793 δίδωσι
2912 741 3072 802 νοεῖν,
3102 739 3186 792 ὅτι
3230 737 3578 809 πανταχοῦ
3635 741 3802 804 ἐπι,
3831 765 3868 796 2;
3897 772 3899 808 ξ

2221 835 2310 887 κεῖ
2335 833 2430 886 καὶ
2462 831 2718 894 ἐνταῦθα,
2749 832 2842 884 καὶ
2866 829 2955 884 διὰ
2983 830 3205 884 πάντων
3233 832 3389 903 ἥκει.
3431 832 3550 884 Οὐ
3591 831 3736 903 γὰρ
3851 857 3868 888 ε

2221 943 2306 991 τις
2333 927 2391 979 ἐν
2435 923 2651 996 οὐρανῷ
2691 923 3182 994 συγκεκλεισμένος
3213 924 3558 997 πόρρωθεν
3609 923 3824 993 βλέπε
3847 949 3858 954 -

2221 1021 2279 1074 ἐν
2296 1021 2363 1090 τῇ
2395 1021 2489 1090 γῇ,
2513 1016 2647 1071 ἀλλὰ
2679 1015 2954 1088 πανταχοῦ
2978 1016 3169 1088 παρὼν
3190 1018 3285 1072 καὶ
3313 1015 3702 1089 ἁχώρητος
3733 1017 3806 1071 ὢν
3823 1043 3854 1070 ε

2220 1114 2633 1187 ἀπερίγραπτος
2681 1111 2779 1167 καὶ
2825 1113 2962 1165 πᾶσι
3008 1113 3482 1184 περιιστάμενος.
3561 1107 3764 1176 Εἶδες
3803 1118 3868 1166 2-;

2220 1205 2364 1260 κατὰ
2390 1207 2585 1278 μικρὸν
2615 1209 2810 1279 πτεροῖ
2836 1207 2936 1278 τὴν
2962 1205 3204 1260 διάνοιαν
3236 1207 3352 1261 τῶν
3377 1206 3810 1271 ἀκουόντωη

2219 1299 2328 1370 γὰρ
2355 1297 2510 1370 ξητεῖ
2531 1300 2681 1361 ὅπως
2705 1301 2770 1355 ἄν
2791 1317 2878 1364 τις
2901 1303 3002 1373 τῆς
3026 1299 3185 1372 δόξης
3212 1301 3366 1354 εἴποι
3397 1299 3526 1354 τοῦ
3576 1298 3754 1352 Θεοῦ

2218 1390 2463 1458 ἐπάξιον,
2498 1390 2612 1444 ἀλλ’
2635 1391 2782 1454 ὅπως
2805 1391 3034 1455 ἐκείνοις
3059 1391 3323 1462 χωρητόν.
3367 1391 3506 1446 Καὶ
3557 1389 3864 1460 ἁλλιῃίἱ

2217 1481 2406 1555 θρόνος
2449 1481 2584 1535 Θεοῦ
2633 1482 2851 1551 λέγεται
2885 1483 2914 1536 6
2947 1482 3175 1552 οὐρανὸς
3205 1481 3416 1546 ἐκντοῦ
3447 1481 3592 1544 τὰς
3631 1483 3865 1551 οὗρτς

2217 1574 2475 1646 δυνάμεις
2504 1573 2716 1643 παγίως
2761 1577 2820 1629 ἐν
2866 1575 3058 1639 αὑταῖς
3083 1575 3183 1648 τὴν
3227 1575 3323 1628 τοῦ
3359 1573 3538 1628 Θεοῦ
3605 1573 3794 1639 δόξαν
3821 1581 3863 1628 ὲν

2222 1665 2512 1738 ιδρυμένην
2544 1667 2719 1738 ἔχειν’
2757 1667 2852 1720 καὶ
2878 1668 2913 1739 ἡ
2945 1666 3020 1737 γῆ
3054 1667 3374 1731 ὑποπόδιον,
3406 1665 3520 1720 διὰ
3557 1665 3648 1719 τὸ
3677 1667 3780 1718 ἐπὶ
3798 1667 3860 1732 7?.-

2217 1757 2346 1822 τοὺς
2376 1755 2700 1828 ἀνθρώπους
2748 1755 2817 1810 τὰ
2867 1756 3153 1811 τελευταῖα
3185 1757 3294 1811 τῶν
3327 1758 3484 1829 περὶ
3511 1756 3703 1810 Θεοῦ
3749 1759 3856 1827 pi.

527 1859 772 1931 χωρῆσαι
817 1857 1094 1912 δύνασθαι.
1152 1855 1416 1910 Ἐνταῦθα
1459 1855 1517 1910 δὲ
1550 1856 1864 1926 ἀναστήσας
1907 1852 2018 1907 ἀπὸ
2057 1852 2158 1924 τῆς
2191 1850 2298 1924 γῆς
2346 1851 2439 1906 τὸν
2491 1851 2768 1924 ἀκροατὴν
2811 1854 2841 1907 6
2885 1851 3068 1922 Δαυῖδ,
3129 1854 3214 1924 ἐφ’
3240 1855 3450 1927 ἕτερον
3485 1855 3768 1928 ἔρχεται
3798 1857 3856 1907 :3;

526 1952 806 2023 δυνάμεως
835 1951 927 2006 τοῦ
960 1951 1096 2007 Θεοῦ
1125 1951 1323 2022 δεῖγμα
1355 1950 1528 2020 λέγων
1549 1967 1563 1980 ο

595 2064 764 2120 Vens.
811 2064 924 2120 7-9.
959 2064 1241 2120 Suscitans
1290 2067 1355 2120 de
1388 2076 1532 2120 terra
1571 2065 1780 2134 inopem
1807 2073 1857 2119 et
1889 2062 1954 2118 de
1977 2071 2116 2118 stcr-
2149 2082 2190 2138 Β

525 2171 644 2210 core
671 2157 875 2227 erigens
914 2171 1196 2225 pauperem
1215 2196 1228 2219 ,
1255 2166 1312 2210 ut
1347 2157 1565 2211 collocet
1604 2173 1724 2210 eum
1761 2171 1882 2209 cum
1913 2154 2116 2224 princi-

2303 2059 2358 2115 Ὀ
2403 2059 2650 2132 ἐγείρων
2689 2057 2807 2114 ἀπὸ
2843 2057 2960 2129 τῆς
2989 2058 3252 2128 πτωχὸν,
3281 2060 3384 2114 καὶ
3419 2063 3571 2119 ἀπὸ
3619 2071 3850 2134 πατρὶς
3883 2119 3888 2128 ,

2216 2152 2471 2223 ὰνυψῶν
2485 2150 2846 2220 πένητα,τώ
2859 2152 3102 2206 καθίσαι
3116 2153 3306 2207 αὐτὸν
3308 2154 3486 2222 μετὰ
3507 2157 3846 2226 ἀρχόντων,

525 2248 699 2317 pibus,
725 2265 842 2302 cum
873 2249 1202 2318 principibus
1226 2249 1410 2318 populi
1443 2250 1567 2313 sui;
1596 2249 1688 2320 qui
1713 2247 1958 2302 habitare
1983 2248 2112 2317 facit

2215 2242 2364 2313 μετὰ
2400 2242 2712 2312 ἀρχόντων
2745 2239 2902 2295 λαοῦ
2942 2240 3131 2296 αὐτοῦ
3156 2257 3170 2272 '
3209 2246 3246 2296 ό
3287 2245 3710 2306 κατοικίζων
3723 2264 3846 2302 σεε..
3875 2261 3882 2274 ο

525 2341 756 2396 sterilem
784 2343 842 2396 in
867 2341 1046 2402 domo.
1072 2354 1294 2397 matrem
1335 2343 1400 2398 de
1444 2344 1574 2413 ﬁliis
1604 2345 1896 2399 laztantem.
1927 2342 2116 2400 Virtu-

525 2441 633 2488 tem
666 2433 762 2489 Dei
801 2449 900 2504 pro
941 2435 1222 2490 voluntate
1252 2451 1350 2491 sua
1377 2436 1636 2506 quaelibet
1680 2443 2110 2492 commutantem

525 2525 787 2581 celebrat.
821 2525 940 2580 Non
983 2527 1162 2581 solum
1193 2527 1363 2591 enim,
1399 2529 1598 2599 inquit,
1642 2542 1941 2599 pauperem
1971 2529 2115 2584 divi-

525 2614 616 2671 tiis
635 2623 688 2670 et
717 2615 890 2686 gloria
925 2616 1124 2680 allicit,
1155 2616 1249 2671 sed
1280 2617 1446 2672 etiam
1479 2633 1604 2672 cum
1642 2618 1985 2688 principibus
2015 2634 2115 2690 po-

524 2707 635 2779 puli
665 2707 924 2770 collocat,
955 2717 1010 2763 et
1037 2707 1105 2762 ad
1130 2708 1422 2779 imperium
1453 2709 1657 2765 evehit.
1681 2710 1886 2783 Magna:
1907 2711 2113 2783 quippe

522 2807 578 2855 et
615 2801 1001 2856 inenarrabilis
1058 2801 1282 2856 virtutis
1327 2810 1412 2856 est
1449 2817 1613 2874 parva
1655 2803 1886 2874 erigere.
1926 2803 2114 2859 Potest

521 2891 650 2947 item
680 2891 770 2947 hic
796 2907 990 2948 versus
1019 2892 1089 2947 de
1119 2894 1320 2963 populo
1351 2910 1416 2948 ex
1445 2896 1702 2966 gentibus
1723 2895 1830 2950 dici
1863 2915 1875 2950 :
1908 2896 1976 2951 de
2001 2912 2112 2967 quo

522 2977 598 3032 ait
636 2979 900 3050 propheta
949 3000 963 3035 :
1005 2979 1074 3034 Et
1124 2993 1400 3051 propterea
1441 2983 1706 3038 benedicet
1750 2985 1846 3038 tibi
1883 2987 2110 3057 populus

521 3084 738 3139 pauper,
767 3082 818 3125 et
847 3073 1086 3126 civitates
1116 3074 1386 3128 hominum
1431 3076 1636 3145 injuria
1676 3077 1992 3148 aﬂ‘ectorum
2021 3079 2110 3133 be-

521 3161 759 3218 nedicent
795 3165 912 3221 tibi.
948 3165 1126 3220 Fuisti
1158 3168 1301 3221 enim
1334 3169 1478 3222 omni
1525 3170 1732 3224 civitati
1788 3170 1982 3225 humili
2009 3171 2103 3226 atl-

522 3252 684 3319 iutor,
731 3264 782 3310 et
815 3257 880 3311 iis
907 3259 999 3327 qui
1045 3259 1226 3312 animo
1270 3259 1588 3329 deﬁciebant
1622 3271 1837 3332 propter
1870 3263 2108 3332 indigen-

522 3347 673 3412 tiam,
724 3357 1078 3419 tegumentum
1121 3367 1140 3404 :
1194 3351 1258 3404 ab
1297 3351 1599 3408 hominibus
1657 3354 1906 3425 malignis
1956 3371 2105 3410 crates

2209 2355 2331 2406 ραν
2351 2339 2422 2393 ἐν
2453 2337 2618 2402 οικῳ,
2638 2334 2867 2406 μητέρα
2906 2335 3005 2388 ἐπὶ
3032 2335 3277 2424 ,τέκνοις
3311 2338 3842 2411 εὐφραινομέτψ.
3877 2413 3886 2424 θ

2228 2430 2422 2502 ’Υμνεῖ
2447 2429 2549 2501 τὴν
2589 2428 2822 2501 δύναμιν
2872 2426 2967 2483 τοῦ
3015 2421 3174 2492 Θεοῦ,
3206 2429 3406 2500 ῥᾳδίως
3461 2433 3840 2503 μεταϐάλλῃ..

2217 2539 2316 2578 σαν
2340 2521 2378 2576 ἃ
2412 2521 2681 2593 βούλεται.
2716 2521 2793 2576 Οὐ
2844 2521 3005 2592 μόνον
3056 2520 3186 2593 γὰρ,
3221 2523 3378 2593 φησὶ,
3407 2523 3739 2590 πλουτίζει
3773 2531 3834 2582 τὰ.
3875 2557 3882 2578 ι

2217 2615 2424 2686 πένητα
2446 2613 2541 2667 καὶ
2567 2612 2800 2681 δοξάζει,
2837 2611 2977 2666 ἀλλά
3007 2613 3104 2666 καὶ
3135 2615 3248 2676 τοῖς
3280 2613 3535 2686 ἄρχουσι
3574 2619 3692 2672 τοῦ
3727 2620 3828 2674 λατῐ
3873 2607 3905 2686 Η

2216 2703 2633 2775 συγκαθίστησι,
2665 2703 2761 2756 καὶ
2804 2703 2885 2767 εἰς
2929 2701 3105 2774 ἀρχὴν
3146 2703 3362 2772 ἀνάγει.
3409 2707 3721 2780 Μεγάλης
3747 2715 3822 2782 γξ

2211 2798 2495 2871 δυνάμεως
2524 2799 2622 2852 καὶ
2651 2797 2862 2867 ἀφάτου
2893 2797 2953 2852 s6
2977 2798 3044 2852 τὰ
3077 2799 3250 2872 μικρὰ
3275 2801 3570 2872 ἐπαίρειν.
3605 2805 3820 2859 dum:
3879 2799 3886 2836 ⁵

2211 2891 2270 2945 δὲ
2311 2891 2340 2944 6
2375 2891 2558 2963 στίχος
2591 2891 2686 2945 καὶ
2717 2890 2846 2964 περὶ
2876 2889 2972 2944 τοῦ
3002 2891 3111 2944 ἀπὸ
3154 2891 3264 2946 τῶν
3292 2892 3472 2947 ἐθνῶν
3503 2894 3656 2949 λαοῦ
3689 2897 3814 2967 Er:-

2215 2984 2360 3050 σθαι,
2377 2985 2507 3057 περὶ
2523 2978 2585 3039 οὗ
2606 3001 2770 3054 φησιν
2791 2985 2819 3037 6
2839 2985 3128 3055 προφήτης
3147 3001 3161 3014 ·
3186 2985 3298 3040 Kal
3316 2986 3418 3040 διὰ
3435 2987 3644 3042 τοῦτο
3671 2994 3804 3053 eiul;

2212 3076 2388 3149 γήσει
2419 3093 2495 3132 σε
2518 3081 2552 3132 ὁ
2582 3081 2734 3144 λαὸς
2767 3080 2802 3132 ό
2827 3078 3084 3148 πτωχὸς,
3111 3078 3213 3132 καὶ
3247 3080 3464 3148 πόλεις
3491 3083 3810 3152 div-aptam

2210 3141 2622 3240 ἀδικουμένων
2661 3141 3078 3239 εῦλογήσοιθσί
3101 3185 3196 3226 σε.
3227 3141 3470 3240 Ἐτένοιι
3664 3177 3808 3242 τάοέ
3881 3141 3888 3268 Ξ

2211 3266 2386 3319 πόλει
2409 3260 2662 3330 ταπεινῇ
2682 3261 2933 3330 βοηθὸς,
2960 3260 3061 3316 καὶ
3079 3261 3206 3329 τοῖς
3239 3263 3613 3334 ἀθυμήσασι
3633 3269 3714 3322 δι’
3735 3271 3808 3322 ἔτι
3881 3260 3890 3330 ἰ

2210 3356 2379 3411 δειαν
2393 3355 2594 3424 σκέπη
2603 3373 2617 3386 ο
2630 3355 2749 3409 ἀπὸ
2763 3355 3090 3423 ἀνθρώπων
3100 3355 3564 3430 πονηρῶνρύσῃ
3579 3365 3804 3430 αὐτούς»

521 3453 605 3492 eos
637 3453 656 3490 :
699 3446 1054 3509 tegumentum
1095 3442 1409 3509 sitientium,
1460 3454 1510 3498 et
1559 3445 1776 3514 spiritus
1829 3446 2104 3500 hominum

2215 3446 2408 3514 σκέπη
2435 3446 2771 3516 διψώντων,
2784 3447 2882 3500 καὶ
2897 3446 3134 3518 πνεῦμα
3149 3448 3481 3518 ἀνθρώπων
3502 3453 3806 3526 ἀδικοιιβ.

521 3531 721 3596 injuria
769 3531 1082 3600 aﬁ'ectorum
1097 3535 1163 3588 ”.
1213 3534 1371 3591 llunc
1417 3538 1564 3592 enim
1597 3554 1892 3610 pauperem
1922 3549 1974 3595 et
2009 3557 2112 3612 po-

521 3623 707 3694 pulum
737 3641 968 3696 egeuum
998 3642 1030 3682 a
1075 3628 1278 3683 vilibus
1327 3629 1514 3697 rebus,
1547 3647 1578 3685 a
1607 3632 1879 3690 dedecore
1911 3635 2111 3690 turbu-

519 3716 792 3772 lentorum
835 3718 1006 3772 animi
1049 3727 1323 3782 motuum,
1367 3729 1424 3776 et
1457 3737 1489 3776 a
1532 3733 1780 3780 stercore
1818 3726 2113 3797 gentilitia-

519 3825 638 3864 rum
662 3809 1130 3866 abominationum
1153 3815 1394 3885 erigens,
1415 3814 1607 3871 sedere
1625 3815 1787 3872 faciet
1813 3833 1938 3873 cum
1957 3819 2111 3886 prin-

520 3902 734 3973 c'pibus
765 3903 1005 3968 lsraelis,
1040 3905 1134 3974 qui
1187 3907 1424 3976 populus
1453 3908 1575 3978 ejus
1616 3916 1722 3964 est.
1759 3909 1896 3964 Sunt
1921 3917 2110 3965 autem

519 3995 755 4064 apostoli
812 3996 1094 4068 principes
1143 3998 1228 4052 vel
1274 3999 1600 4068 patriarchae
1653 3999 1938 4057 Hebraica:
1979 3990 2112 4072 gen-Q

519 4085 590 4142 tis
629 4101 643 4138 :
677 4087 1008 4157 quibuscum
1058 4089 1387 4145 habitabunt
1431 4100 1702 4162 quotquot
1745 4109 1812 4148 ex
1853 4094 2109 4165 gentibus

518 4178 904 4235 crediderunt.
964 4179 1320 4254 ldipsumque
1379 4183 1515 4239 dicit
1567 4183 1831 4242 Dominus
1889 4205 1902 4241 :
1948 4185 2111 4240 Multi

517 4273 720 4328 venient
756 4274 822 4328 ab
878 4276 1078 4330 oriente
1116 4286 1168 4330 et
1202 4277 1497 4344 occidente,
1543 4289 1592 4334 et
1647 4279 1948 4334 recumbent
1989 4296 2109 4333 cum

519 4366 810 4432 Abraham,
851 4367 1012 4423 Isaac
1056 4380 1108 4424 et
1145 4368 1316 4425 Jacob
1359 4373 1415 4426 in
1457 4388 1618 4443 regno
1657 4373 1910 4426 cmlorum
1934 4373 1972 4425 ⁸.
2013 4371 2110 4429 Est

519 4460 700 4532 itaque
752 4477 936 4517 sermo
979 4463 1069 4518 ille
1101 4463 1450 4520 universalis.
1499 4464 1657 4531 Quod
1703 4465 1750 4522 si
1782 4465 1907 4535 quis
1952 4465 2107 4521 illum

518 4554 819 4626 anagogico
866 4571 1019 4612 more
1057 4559 1310 4629 excipere
1334 4558 1487 4626 velit,
1519 4559 1568 4614 is
1599 4557 1973 4629 deprehendet
2002 4559 2108 4613 hoc

518 4647 697 4717 ipsum
728 4647 786 4702 in
824 4648 1062 4704 adventu
1091 4648 1298 4705 Christi
1353 4648 1559 4704 laetum
1590 4665 1735 4707 esse.
1784 4649 1929 4718 Quid
1958 4650 2105 4706 enim

516 4749 714 4796 natura
766 4749 956 4797 nostra
1003 4745 1292 4815 egentius?
1325 4744 1587 4799 Attamen
1639 4744 1789 4798 illam
1841 4743 2106 4799 excitavit

2215 4737 2484 4810 ἡμετέρας
2533 4738 2749 4809 φὺσεως
2801 4740 3178 4812 πτωχότερον;
3235 4743 3375 4796 Ἀλλ’
3419 4745 3559 4815 ὅμως
3611 4743 3779 4820 αὐτή-ιζ

513 4834 896 4905 primitiasque
940 4844 1162 4892 nostras
1211 4837 1428 4901 extulit,
1470 4844 1636 4908 atque
1667 4837 1726 4891 in
1770 4835 2103 4892 altissimum

2215 4830 2402 4902 ἤγειρε
2428 4831 2522 4884 καὶ
2555 4831 2800 4902 ἀνήγαγε
2827 4831 2927 4902 τὴν
2961 4833 3216 4906 ἀπαρχὴν
3241 4835 3416 4906 ἡμῶν,
3442 4837 3529 4890 καὶ
3569 4840 3648 4902 εἰς
3681 4817 3762 4893 οῦ-

515 4927 713 4981 οαεὶυιη
746 4926 938 4983 sedere
993 4927 1146 4982 fecit.
1179 4926 1403 4984 Stercus
1451 4936 1634 4983 autem
1685 4927 1789 4982 hoc
1821 4927 1944 4982 loco
1972 4927 2107 4982 dicit

516 5021 778 5074 vilitatem
811 5021 961 5076 illam
985 5063 999 5087 ,
1029 5029 1085 5077 et
1117 5022 1485 5091 repentinam,
1513 5037 1636 5092 quae
1660 5021 1788 5077 inde
1819 5019 1964 5079 facta
1996 5028 2100 5085 est,

515 5113 894 5180 mutationem,
928 5116 1112 5170 omnia
1155 5115 1258 5184 ipsi
1303 5114 1486 5169 facilia
1541 5122 1599 5171 et
1631 5115 1817 5185 pervia
1849 5128 1975 5168 esse
2002 5113 2102 5168 de-

515 5204 752 5262 clarans.
789 5205 915 5262 Haec
941 5214 999 5261 et
1031 5207 1188 5262 beata
1216 5207 1394 5273 Anna,
1415 5207 1680 5279 hymnum
1711 5207 1767 5261 in
1799 5206 2100 5278 gratiarum

515 5297 786 5354 actionem
818 5297 930 5354 Deo
957 5299 1219 5363 offerens,
1248 5300 1383 5355 dicit
1433 5319 1446 5354 :
1508 5299 1765 5354 Dominus
1819 5314 2102 5370 pauperem

517 5391 664 5457 facit,
693 5401 744 5446 et
771 5393 946 5455 ditat;
974 5392 1244 5453 ltumiliat,
1273 5403 1321 5446 et
1363 5393 1560 5462 erigit;
1593 5393 1814 5446 suscitat
1847 5390 1913 5446 de
1960 5401 2102 5446 terra

517 5485 741 5557 inopem,
775 5494 826 5541 et
851 5485 918 5541 dc
946 5498 1174 5540 stercore
1198 5487 1352 5556 erigit
1378 5501 1680 5555 pauperem,
1706 5496 1763 5539 ut
1801 5485 1982 5539 sedere
2017 5485 2103 5554 fa-

519 5579 618 5632 ciat
649 5594 770 5632 cum
800 5578 1149 5648 optimatibus
1195 5577 1396 5648 populi,
1445 5587 1495 5632 et
1544 5577 1790 5632 thronum
1832 5578 2017 5649 gloriae
2045 5579 2100 5631 in

519 5669 873 5724 lm'reditatem
915 5670 1045 5739 ipsis
1099 5668 1334 5724 tribuens
1368 5670 1411 5723 ³.
1442 5666 1570 5724 Haec
1629 5685 1793 5740 porro
1850 5669 2101 5725 videmus

2211 3555 2354 3593 νων.
2369 3538 2476 3591 Τοῦ
2487 3556 2570 3592 τον
2584 3537 2692 3610 γὰρ
2713 3538 2804 3592 τὸν
2825 3539 3040 3609 πτωχὸν
3065 3541 3159 3594 καὶ
3181 3542 3386 3612 πένητα
3400 3543 3562 3610 λαὸν,
3585 3549 3700 3602 ἀπὸ
3715 3551 3804 3604 sin

2212 3628 2568 3703 χαμαιζήλων
2588 3631 2931 3703 πραγμάτιον
2957 3632 3198 3701 ἐγείρας,
3217 3634 3313 3688 καὶ
3330 3635 3436 3706 τῆς
3451 3639 3692 3710 ἀτιμίας
3712 3642 3804 3694 τῶν

2213 3724 2404 3779 παθῶν
2423 3725 2518 3779 καὶ
2535 3725 2636 3797 τῆς
2661 3726 2897 3798 κοπρίας
2917 3727 3027 3781 τῶν
3051 3726 3378 3800 Ἑλληνικῶν
3405 3734 3798 3804 μυσαγμάτων,

2212 3815 2426 3870 καθίσει
2458 3815 2599 3887 μετὰ
2639 3816 2750 3871 τῶν
2797 3817 3076 3888 ἀρχόντων
3099 3818 3195 3872 τοῦ
3225 3821 3461 3892 Ἰσραὴλ,
3491 3823 3660 3887 ὄντος
3685 3825 3796 3878 λαοῦ

2211 3906 2395 3960 αὑτοῦ.
2424 3907 2548 3960 Εἰσὶ
2595 3907 2654 3960 δὲ
2699 3909 2748 3962 οἱ
2780 3909 3069 3963 ἀπόστολοι
3113 3911 3371 3982 ἄρχοντες
3404 3914 3497 3968 τοῦ
3533 3915 3796 3989 Ἐὕραέωι

2211 3997 2362 4064 λαοῦ,
2397 4000 2430 4070 ἢ
2466 4001 2561 4053 καὶ
2590 4001 2640 4053 οἱ
2688 4000 3045 4073 πατριάρχαι,
3085 4002 3205 4072 μεθ’
3238 3997 3314 4056 ὧν
3351 4008 3794 4078 κατασκηνιὲιπυ-

2212 4107 2297 4144 σιν
2319 4093 2371 4145 οἱ
2398 4090 2458 4156 ἐξ
2481 4091 2652 4147 ἐθνῶν
2687 4094 3098 4158 πιστεύσαντες.
3133 4095 3244 4148 Καὶ
3263 4095 3422 4150 τοῦτό
3449 4115 3624 4170 φησιν
3644 4104 3674 4155 6
3692 4105 3789 4156 liti-

2212 4199 2328 4255 ριος
2350 4200 2366 4215 ο
2389 4185 2617 4239 Πολλοὶ
2647 4184 2909 4253 ἥξουσιν
2928 4186 3049 4241 ἀπὸ
3069 4187 3383 4242 ἀνατολῶν
3403 4191 3502 4244 καὶ
3526 4194 3786 4264 δυσμῶν,

2210 4275 2311 4328 καὶ
2369 4275 2881 4342 ἀνακλιθήσονται
2929 4277 3080 4348 μετὰ
3117 4279 3383 4350 Ἀϐραὰμ,
3430 4281 3529 4335 καὶ
3563 4284 3782 4348 Ἰσαὰκ,

2395 4367 2596 4422 Ἰακὼϐ
2663 4367 2735 4422 ἐν
2807 4367 2884 4438 τῇ
2954 4370 3248 4439 βασιλείᾳ
3318 4370 3436 4427 τῶν
3501 4376 3777 4443 appar-(Br.

2213 4459 2370 4513 Ἐστι
2403 4460 2502 4531 μὲν
2532 4455 2625 4514 οὖν
2653 4463 2682 4514 6
2705 4460 2863 4530 λόγος
2885 4461 3195 4528 καθολικός.
3233 4464 3298 4517 Εἰ
3327 4464 3382 4518 δέ
3411 4481 3494 4531 τις
3527 4469 3621 4522 καὶ
3652 4473 3778 4526 κατὰ

2207 4553 2500 4624 ἀναγωγὴν
2542 4554 2705 4609 αὐτὸν
2753 4554 3063 4626 βουληθείη,
3089 4555 3284 4626 ὄψεται
3313 4557 3469 4612 τοῦτο
3507 4560 3669 4615 πάλιν
3693 4566 3774 4617 ἐπὶ

2204 4646 2306 4717 τῆς
2339 4646 2648 4718 παρουσίας
2697 4645 2792 4699 τοῦ
2835 4647 3073 4718 Χριστοῦ
3117 4649 3426 4720 γενόμενον.
3457 4652 3498 4704 Τ
3503 4651 3527 4731 ί⁸
3552 4655 3659 4726 γὰρ
3685 4656 3772 4725 τῆς

2213 4921 2375 4993 ρανὺν
2423 4921 2645 4976 ἐκάθισε
2685 4921 2777 4978 τὸν
2820 4922 3171 4995 ὑψηλότερον.
3205 4926 3452 4998 Κοπρίαν
3473 4927 3524 4981 δὲ
3549 4929 3756 4985 ἐνταῦθα

2208 5013 2270 5067 τὸ
2312 5015 2529 5080 εὐτελὲς
2571 5014 2739 5085 λέγει,
2767 5016 2862 5070 καὶ
2905 5016 3003 5088 τὴν
3033 5017 3243 5072 ἐκεῖθεν
3280 5019 3474 5092 ἁθρόον
3497 5024 3750 5097 γινομένην

2213 5106 2537 5178 μεταϐολὴν,
2568 5107 2782 5173 δεικνὺς
2829 5109 2913 5162 ὅτι
2957 5109 3136 5166 πάντα
3159 5111 3310 5183 αὐτῷ
3342 5113 3488 5185 ῥᾴδια
3509 5116 3589 5168 καὶ
3607 5116 3746 5171 εὔκο-

2208 5199 2297 5254 λα.
2315 5199 2504 5254 Ταῦτα
2536 5200 2594 5254 δὲ
2622 5202 2717 5255 καὶ
2749 5204 2782 5273 ἡ
2815 5204 3059 5274 μακαρία
3089 5206 3260 5262 ’Δννα
3285 5208 3487 5280 εἴρηκε,
3507 5209 3584 5263 τὸν
3603 5227 3741 5282 χαρι-

2211 5294 2432 5364 στήριον
2479 5293 2648 5364 ὕμνον
2677 5295 3063 5367 προσφέρουσα
3087 5298 3168 5370 τῷ
3203 5300 3325 5371 Θεῴ
3343 5316 3358 5332 ·
3390 5301 3580 5371 Κύριος
3607 5318 3737 5356 πτω-

2210 5387 2351 5458 χίζὲι
2391 5388 2492 5442 καὶ
2530 5387 2850 5454 πλουτίζει,
2885 5393 3159 5446 ταπεινοῖ
3181 5395 3278 5448 καὶ
3309 5396 3534 5465 ἁνυψοῖ,
3551 5396 3734 5465 ἀνιστῇ

2209 5482 2329 5536 ἀπὸ
2362 5482 2474 5554 τῆς
2514 5481 2763 5550 πένητα,
2792 5483 2890 5537 καὶ
2937 5485 3058 5540 ἀπὸ
3097 5488 3349 5556 κοπρίας
3378 5489 3560 5560 ἐγείρει
3600 5504 3728 5543 πτω-

2209 5572 2342 5642 χὸν,
2391 5575 2632 5630 καθίσαι
2687 5576 2840 5645 μετὰ
2897 5577 3220 5634 δυναστῶν
3273 5581 3452 5650 λαοῦ,
3497 5583 3576 5637 xal
3615 5585 3726 5651 θρόο

2208 5685 2323 5723 νον
2391 5668 2579 5738 δόξης
2659 5672 3206 5745 κατακληρονομῶν
3268 5674 3482 5742 αὐτοῖς.
3523 5675 3722 5750 Ὀρῶμεν

589 5888 633 5919 ⁹⁹
671 5889 772 5946 lsa.
807 5905 972 5957 xxxv,
1004 5890 1076 5957 5,
1110 5891 1164 5946 4.
1245 5892 1261 5922 ¹
1305 5889 1494 5948 Matth.
1531 5905 1663 5958 vui,
1688 5890 1776 5946 tl.
1843 5893 1864 5923 ⁸
1902 5892 1923 5946 ι
1955 5888 2088 5962 Reg.
2125 5905 2163 5947 II
2189 5929 2205 5958 ,
2245 5891 2298 5956 7,
2333 5891 2388 5948 8.
