  <div class='ocr_page' id='page_1' title='image "/cluster/home/n/w/nwhite01/storage/ocr_20150623/23/hvd.32044073501124/688.png"; bbox 0 0 3954 7146; ppageno 0'>
   <div class='ocr_carea' id='block_1_1' title="bbox 13 313 100 366">
    <p class='ocr_par' dir='ltr' id='par_1_1' title="bbox 13 313 100 366">
     <span class='ocr_line' id='line_1_1' title="bbox 13 313 100 366; baseline 0 0"><span class='ocrx_word' id='word_1_1' title='bbox 13 313 100 366; x_wconf 68' lang='lat'><strong>3&#39;1</strong></span> 
     </span>
    </p>
   </div>
   <div class='ocr_carea' id='block_1_2' title="bbox 1276 311 2246 374">
    <p class='ocr_par' dir='ltr' id='par_1_2' title="bbox 1276 311 2246 374">
     <span class='ocr_line' id='line_1_2' title="bbox 1276 311 2246 374; baseline -0.006 -2"><span class='ocrx_word' id='word_1_2' title='bbox 1276 314 1774 374; x_wconf 77' lang='lat' dir='ltr'><strong>COMMENTARIA</strong></span> <span class='ocrx_word' id='word_1_3' title='bbox 1809 313 1876 369; x_wconf 75' lang='lat' dir='ltr'><strong>IN</strong></span> <span class='ocrx_word' id='word_1_4' title='bbox 1915 311 2246 369; x_wconf 72' lang='lat' dir='ltr'><strong>PSALMOS.</strong></span> 
     </span>
    </p>
   </div>
   <div class='ocr_carea' id='block_1_3' title="bbox 3285 307 3423 364">
    <p class='ocr_par' dir='ltr' id='par_1_3' title="bbox 3285 307 3423 364">
     <span class='ocr_line' id='line_1_3' title="bbox 3285 307 3423 364; baseline -0.014 0"><span class='ocrx_word' id='word_1_5' title='bbox 3285 307 3423 364; x_wconf 64' lang='lat'><strong>£558</strong></span> 
     </span>
    </p>
   </div>
   <div class='ocr_carea' id='block_1_4' title="bbox 13 432 1754 514">
    <p class='ocr_par' dir='ltr' id='par_1_4' title="bbox 13 439 1754 514">
     <span class='ocr_line' id='line_1_4' title="bbox 13 439 1754 514; baseline -0.007 -8"><span class='ocrx_word' id='word_1_6' title='bbox 13 453 232 505; x_wconf 72' lang='grc' dir='ltr'>ντες</span> <span class='ocrx_word' id='word_1_7' title='bbox 277 441 428 509; x_wconf 70' lang='grc' dir='ltr'><strong>εἰς</strong></span> <span class='ocrx_word' id='word_1_8' title='bbox 509 443 725 512; x_wconf 75' lang='grc' dir='ltr'>ᾅδου.</span> <span class='ocrx_word' id='word_1_9' title='bbox 761 445 912 500; x_wconf 71' lang='grc' dir='ltr'><strong>Ἀλλ’</strong></span> <span class='ocrx_word' id='word_1_10' title='bbox 945 443 1117 514; x_wconf 76' lang='grc' dir='ltr'>ἡμεῖς</span> <span class='ocrx_word' id='word_1_11' title='bbox 1159 443 1215 497; x_wconf 82' lang='grc' dir='ltr'><strong>οι</strong></span> <span class='ocrx_word' id='word_1_12' title='bbox 1249 439 1459 508; x_wconf 79' lang='grc' dir='ltr'>ζῶντες</span> <span class='ocrx_word' id='word_1_13' title='bbox 1505 439 1754 510; x_wconf 73' lang='grc' dir='ltr'>εὐλογή-</span> 
     </span>
    </p>
   </div>
   <div class='ocr_carea' id='block_1_5' title="bbox 1859 432 3425 514">
    <p class='ocr_par' dir='ltr' id='par_1_5' title="bbox 1859 432 3425 508">
     <span class='ocr_line' id='line_1_5' title="bbox 1859 432 3425 508; baseline -0.004 -15"><span class='ocrx_word' id='word_1_14' title='bbox 1859 453 1982 493; x_wconf 90' lang='lat' dir='ltr'><strong>cum</strong></span> <span class='ocrx_word' id='word_1_15' title='bbox 2011 437 2259 508; x_wconf 89' lang='lat' dir='ltr'><strong>inspecto</strong></span> <span class='ocrx_word' id='word_1_16' title='bbox 2285 435 2638 492; x_wconf 75' lang='lat' dir='ltr'><strong>Hebraeorum</strong></span> <span class='ocrx_word' id='word_1_17' title='bbox 2673 435 2833 500; x_wconf 79' lang='lat' dir='ltr'><strong>libro,</strong></span> <span class='ocrx_word' id='word_1_18' title='bbox 2865 447 3055 490; x_wconf 88' lang='lat' dir='ltr'><strong>eorum</strong></span> <span class='ocrx_word' id='word_1_19' title='bbox 3084 432 3348 487; x_wconf 74' lang='lat' dir='ltr'><strong>dictiones</strong></span> <span class='ocrx_word' id='word_1_20' title='bbox 3370 441 3425 487; x_wconf 90' lang='lat' dir='ltr'><strong>et</strong></span> 
     </span>
    </p>
   </div>
   <div class='ocr_carea' id='block_1_6' title="bbox 14 528 1760 602">
    <p class='ocr_par' dir='ltr' id='par_1_6' title="bbox 14 528 1760 602">
     <span class='ocr_line' id='line_1_6' title="bbox 14 528 1760 602; baseline -0.007 -7"><span class='ocrx_word' id='word_1_21' title='bbox 14 541 210 594; x_wconf 75' lang='grc' dir='ltr'><strong>’.μ-εν</strong></span> <span class='ocrx_word' id='word_1_22' title='bbox 246 529 427 585; x_wconf 69' lang='grc' dir='ltr'>τὸν</span> <span class='ocrx_word' id='word_1_23' title='bbox 470 535 756 602; x_wconf 81' lang='grc' dir='ltr'><strong>Κύριον</strong></span> <span class='ocrx_word' id='word_1_24' title='bbox 782 532 902 589; x_wconf 74' lang='grc' dir='ltr'><strong>ἀπὸ</strong></span> <span class='ocrx_word' id='word_1_25' title='bbox 939 532 1046 588; x_wconf 83' lang='grc' dir='ltr'>τοῦ</span> <span class='ocrx_word' id='word_1_26' title='bbox 1080 532 1197 587; x_wconf 84' lang='grc' dir='ltr'>νῦν</span> <span class='ocrx_word' id='word_1_27' title='bbox 1217 531 1314 587; x_wconf 78' lang='grc' dir='ltr'><strong>καί</strong></span> <span class='ocrx_word' id='word_1_28' title='bbox 1345 531 1458 598; x_wconf 80' lang='grc' dir='ltr'>ἕως</span> <span class='ocrx_word' id='word_1_29' title='bbox 1481 531 1586 586; x_wconf 85' lang='grc' dir='ltr'>τοῦ</span> <span class='ocrx_word' id='word_1_30' title='bbox 1624 528 1760 585; x_wconf 76' lang='grc' dir='ltr'>αἰῶ-</span> 
     </span>
    </p>
   </div>
   <div class='ocr_carea' id='block_1_7' title="bbox 14 619 1760 694">
    <p class='ocr_par' dir='ltr' id='par_1_7' title="bbox 14 619 1760 694">
     <span class='ocr_line' id='line_1_7' title="bbox 14 619 1760 694; baseline -0.005 -14"><span class='ocrx_word' id='word_1_31' title='bbox 14 632 119 680; x_wconf 65' lang='grc' dir='ltr'><strong>νς.</strong></span> <span class='ocrx_word' id='word_1_32' title='bbox 178 619 667 678; x_wconf 78' lang='grc' dir='ltr'>Διὲσταλται</span> <span class='ocrx_word' id='word_1_33' title='bbox 699 624 794 678; x_wconf 78' lang='grc' dir='ltr'>καὶ</span> <span class='ocrx_word' id='word_1_34' title='bbox 842 622 985 688; x_wconf 87' lang='grc' dir='ltr'>ίδίως</span> <span class='ocrx_word' id='word_1_35' title='bbox 1023 620 1328 692; x_wconf 77' lang='grc' dir='ltr'><strong>ἀφώρισται</strong></span> <span class='ocrx_word' id='word_1_36' title='bbox 1355 619 1449 674; x_wconf 80' lang='grc' dir='ltr'>τοῦ</span> <span class='ocrx_word' id='word_1_37' title='bbox 1493 626 1593 694; x_wconf 88' lang='grc' dir='ltr'>ριγ¹</span> <span class='ocrx_word' id='word_1_38' title='bbox 1625 619 1760 690; x_wconf 76' lang='grc' dir='ltr'>ψαλ-</span> 
     </span>
    </p>
   </div>
   <div class='ocr_carea' id='block_1_8' title="bbox 13 705 1760 789">
    <p class='ocr_par' dir='ltr' id='par_1_8' title="bbox 13 705 1760 789">
     <span class='ocr_line' id='line_1_8' title="bbox 13 705 1760 789; baseline 0.003 -29"><span class='ocrx_word' id='word_1_39' title='bbox 13 705 102 760; x_wconf 63' lang='grc' dir='ltr'><strong>νιῦ</strong></span> <span class='ocrx_word' id='word_1_40' title='bbox 151 707 243 763; x_wconf 72' lang='grc' dir='ltr'>ἓν</span> <span class='ocrx_word' id='word_1_41' title='bbox 293 727 476 767; x_wconf 75' lang='grc' dir='ltr'>τισι</span> <span class='ocrx_word' id='word_1_42' title='bbox 539 715 673 771; x_wconf 80' lang='grc' dir='ltr'><strong>τῶν</strong></span> <span class='ocrx_word' id='word_1_43' title='bbox 725 717 1072 789; x_wconf 80' lang='grc' dir='ltr'><strong>ἀντιγράφων</strong></span> <span class='ocrx_word' id='word_1_44' title='bbox 1115 715 1184 769; x_wconf 83' lang='grc' dir='ltr'><strong>τὰ</strong></span> <span class='ocrx_word' id='word_1_45' title='bbox 1231 715 1585 788; x_wconf 84' lang='grc' dir='ltr'>προκείμενα,</span> <span class='ocrx_word' id='word_1_46' title='bbox 1619 711 1760 766; x_wconf 83' lang='grc' dir='ltr'>ὥστε</span> 
     </span>
    </p>
   </div>
   <div class='ocr_carea' id='block_1_9' title="bbox 13 795 1759 880">
    <p class='ocr_par' dir='ltr' id='par_1_9' title="bbox 13 795 1759 880">
     <span class='ocr_line' id='line_1_9' title="bbox 13 795 1759 880; baseline 0.002 -28"><span class='ocrx_word' id='word_1_47' title='bbox 13 795 164 855; x_wconf 77' lang='grc' dir='ltr'>ῖναι</span> <span class='ocrx_word' id='word_1_48' title='bbox 215 803 368 873; x_wconf 82' lang='grc' dir='ltr'>ριδ¹</span> <span class='ocrx_word' id='word_1_49' title='bbox 404 806 687 880; x_wconf 79' lang='grc' dir='ltr'><strong>ψαλμὸν</strong></span> <span class='ocrx_word' id='word_1_50' title='bbox 707 808 798 862; x_wconf 78' lang='grc' dir='ltr'>τὸν</span> <span class='ocrx_word' id='word_1_51' title='bbox 827 807 965 880; x_wconf 84' lang='grc' dir='ltr'>μετὰ</span> <span class='ocrx_word' id='word_1_52' title='bbox 993 810 1200 880; x_wconf 83' lang='grc' dir='ltr'>χεῖρας.</span> <span class='ocrx_word' id='word_1_53' title='bbox 1246 806 1460 877; x_wconf 82' lang='grc' dir='ltr'><strong>Ἐπειδὴ</strong></span> <span class='ocrx_word' id='word_1_54' title='bbox 1489 805 1565 870; x_wconf 82' lang='grc' dir='ltr'>δὲ,</span> <span class='ocrx_word' id='word_1_55' title='bbox 1593 803 1759 872; x_wconf 76' lang='grc' dir='ltr'>ἐγκύ-</span> 
     </span>
    </p>
   </div>
   <div class='ocr_carea' id='block_1_10' title="bbox 19 897 1761 982">
    <p class='ocr_par' dir='ltr' id='par_1_10' title="bbox 19 897 1761 982">
     <span class='ocr_line' id='line_1_10' title="bbox 19 897 1761 982; baseline -0.004 -25"><span class='ocrx_word' id='word_1_56' title='bbox 19 909 121 957; x_wconf 76' lang='grc' dir='ltr'>ας</span> <span class='ocrx_word' id='word_1_57' title='bbox 168 897 388 970; x_wconf 71' lang='grc' dir='ltr'>αὐτῇ</span> <span class='ocrx_word' id='word_1_58' title='bbox 440 904 550 973; x_wconf 75' lang='grc' dir='ltr'><strong>τῇ</strong></span> <span class='ocrx_word' id='word_1_59' title='bbox 607 901 869 972; x_wconf 79' lang='grc' dir='ltr'>Ἐϐραίων</span> <span class='ocrx_word' id='word_1_60' title='bbox 908 900 1093 972; x_wconf 73' lang='grc' dir='ltr'>βίϐλῳ,</span> <span class='ocrx_word' id='word_1_61' title='bbox 1122 901 1246 965; x_wconf 82' lang='grc' dir='ltr'>τοὺς</span> <span class='ocrx_word' id='word_1_62' title='bbox 1277 899 1455 982; x_wconf 65' lang='grc' dir='ltr'>αὐτων</span> <span class='ocrx_word' id='word_1_63' title='bbox 1486 898 1761 971; x_wconf 83' lang='grc' dir='ltr'>χαρακτῆ-</span> 
     </span>
    </p>
   </div>
   <div class='ocr_carea' id='block_1_11' title="bbox 13 986 1760 1065">
    <p class='ocr_par' dir='ltr' id='par_1_11' title="bbox 13 986 1760 1065">
     <span class='ocr_line' id='line_1_11' title="bbox 13 986 1760 1065; baseline -0.007 -12"><span class='ocrx_word' id='word_1_64' title='bbox 13 1005 128 1052; x_wconf 78' lang='grc' dir='ltr'><strong>ἀς</strong></span> <span class='ocrx_word' id='word_1_65' title='bbox 190 994 706 1064; x_wconf 80' lang='grc' dir='ltr'><strong>συνημμένους</strong></span> <span class='ocrx_word' id='word_1_66' title='bbox 748 986 906 1065; x_wconf 83' lang='grc' dir='ltr'>εὗρον</span> <span class='ocrx_word' id='word_1_67' title='bbox 951 993 1044 1048; x_wconf 76' lang='grc' dir='ltr'>καὶ</span> <span class='ocrx_word' id='word_1_68' title='bbox 1087 991 1186 1056; x_wconf 86' lang='grc' dir='ltr'><strong>τὰς</strong></span> <span class='ocrx_word' id='word_1_69' title='bbox 1242 991 1435 1056; x_wconf 76' lang='grc' dir='ltr'>λέξεις,</span> <span class='ocrx_word' id='word_1_70' title='bbox 1485 990 1760 1060; x_wconf 75' lang='grc' dir='ltr'>ἐπέστησα</span> 
     </span>
    </p>
   </div>
   <div class='ocr_carea' id='block_1_12' title="bbox 13 1077 1759 1156">
    <p class='ocr_par' dir='ltr' id='par_1_12' title="bbox 13 1077 1759 1156">
     <span class='ocr_line' id='line_1_12' title="bbox 13 1077 1759 1156; baseline -0.002 -20"><span class='ocrx_word' id='word_1_71' title='bbox 13 1077 268 1145; x_wconf 70' lang='grc' dir='ltr'>ιαλῶς.</span> <span class='ocrx_word' id='word_1_72' title='bbox 297 1082 756 1155; x_wconf 78' lang='grc' dir='ltr'>ἀκολουθῆσαι</span> <span class='ocrx_word' id='word_1_73' title='bbox 803 1086 868 1155; x_wconf 80' lang='grc' dir='ltr'>τῇ</span> <span class='ocrx_word' id='word_1_74' title='bbox 908 1083 1171 1156; x_wconf 80' lang='grc' dir='ltr'>Ἐϐραίων</span> <span class='ocrx_word' id='word_1_75' title='bbox 1204 1081 1390 1153; x_wconf 76' lang='grc' dir='ltr'>βίϐλῳ,</span> <span class='ocrx_word' id='word_1_76' title='bbox 1421 1079 1652 1150; x_wconf 79' lang='grc' dir='ltr'>συνάψαι</span> <span class='ocrx_word' id='word_1_77' title='bbox 1698 1095 1759 1132; x_wconf 88' lang='grc' dir='ltr'><strong>τε</strong></span> 
     </span>
    </p>
   </div>
   <div class='ocr_carea' id='block_1_13' title="bbox 14 1169 1761 1248">
    <p class='ocr_par' dir='ltr' id='par_1_13' title="bbox 14 1169 1761 1248">
     <span class='ocr_line' id='line_1_13' title="bbox 14 1169 1761 1248; baseline 0 -25"><span class='ocrx_word' id='word_1_78' title='bbox 14 1175 161 1236; x_wconf 74' lang='grc' dir='ltr'>τοῖς</span> <span class='ocrx_word' id='word_1_79' title='bbox 205 1175 610 1247; x_wconf 78' lang='grc' dir='ltr'><strong>προτέροις</strong></span> <span class='ocrx_word' id='word_1_80' title='bbox 635 1175 703 1229; x_wconf 78' lang='grc' dir='ltr'><strong>τά</strong></span> <span class='ocrx_word' id='word_1_81' title='bbox 728 1175 1085 1248; x_wconf 79' lang='grc' dir='ltr'>προκείμενα,</span> <span class='ocrx_word' id='word_1_82' title='bbox 1120 1173 1261 1228; x_wconf 86' lang='grc' dir='ltr'>ὥστε</span> <span class='ocrx_word' id='word_1_83' title='bbox 1290 1169 1428 1227; x_wconf 74' lang='grc' dir='ltr'>εἶναι</span> <span class='ocrx_word' id='word_1_84' title='bbox 1475 1172 1638 1246; x_wconf 80' lang='grc' dir='ltr'>μέρος</span> <span class='ocrx_word' id='word_1_85' title='bbox 1662 1169 1761 1224; x_wconf 84' lang='grc' dir='ltr'><strong>αὑ-</strong></span> 
     </span>
    </p>
   </div>
   <div class='ocr_carea' id='block_1_14' title="bbox 13 1262 1763 1339">
    <p class='ocr_par' dir='ltr' id='par_1_14' title="bbox 13 1262 1763 1339">
     <span class='ocr_line' id='line_1_14' title="bbox 13 1262 1763 1339; baseline 0.001 -23"><span class='ocrx_word' id='word_1_86' title='bbox 13 1263 98 1317; x_wconf 72' lang='grc' dir='ltr'>τὰ</span> <span class='ocrx_word' id='word_1_87' title='bbox 141 1265 282 1318; x_wconf 79' lang='grc' dir='ltr'>τοῦ</span> <span class='ocrx_word' id='word_1_88' title='bbox 345 1274 497 1338; x_wconf 55' lang='lat' dir='ltr'><strong>per</strong></span> <span class='ocrx_word' id='word_1_89' title='bbox 541 1266 745 1338; x_wconf 77' lang='grc' dir='ltr'>ὕμνου.</span> <span class='ocrx_word' id='word_1_90' title='bbox 776 1270 936 1322; x_wconf 82' lang='grc' dir='ltr'><strong>Δοκεῖ</strong></span> <span class='ocrx_word' id='word_1_91' title='bbox 976 1262 1070 1324; x_wconf 79' lang='grc' dir='ltr'>οὖν</span> <span class='ocrx_word' id='word_1_92' title='bbox 1113 1266 1184 1320; x_wconf 77' lang='grc' dir='ltr'><strong>τά</strong></span> <span class='ocrx_word' id='word_1_93' title='bbox 1232 1265 1568 1339; x_wconf 83' lang='grc' dir='ltr'>προκείμενα</span> <span class='ocrx_word' id='word_1_94' title='bbox 1596 1264 1763 1336; x_wconf 87' lang='grc' dir='ltr'>άνηρ-</span> 
     </span>
    </p>
   </div>
   <div class='ocr_carea' id='block_1_15' title="bbox 17 1351 1761 1433">
    <p class='ocr_par' dir='ltr' id='par_1_15' title="bbox 17 1351 1761 1433">
     <span class='ocr_line' id='line_1_15' title="bbox 17 1351 1761 1433; baseline -0.001 -23"><span class='ocrx_word' id='word_1_95' title='bbox 17 1358 294 1428; x_wconf 76' lang='grc' dir='ltr'>τῆσθαι</span> <span class='ocrx_word' id='word_1_96' title='bbox 318 1359 474 1413; x_wconf 76' lang='grc' dir='ltr'>τῶν</span> <span class='ocrx_word' id='word_1_97' title='bbox 517 1361 816 1433; x_wconf 83' lang='grc' dir='ltr'>προτέρων</span> <span class='ocrx_word' id='word_1_98' title='bbox 835 1379 848 1392; x_wconf 77' lang='lat'><strong><em>&#39;</em></strong></span> <span class='ocrx_word' id='word_1_99' title='bbox 879 1360 1218 1416; x_wconf 79' lang='grc' dir='ltr'>παιδεύονται</span> <span class='ocrx_word' id='word_1_100' title='bbox 1251 1360 1358 1432; x_wconf 78' lang='grc' dir='ltr'><strong>γὰρ</strong></span> <span class='ocrx_word' id='word_1_101' title='bbox 1390 1361 1439 1413; x_wconf 79' lang='grc' dir='ltr'>οἱ</span> <span class='ocrx_word' id='word_1_102' title='bbox 1466 1358 1652 1421; x_wconf 87' lang='grc' dir='ltr'>παῖδες</span> <span class='ocrx_word' id='word_1_103' title='bbox 1679 1351 1761 1419; x_wconf 75' lang='grc' dir='ltr'><strong>οἷς</strong></span> 
     </span>
    </p>
   </div>
   <div class='ocr_carea' id='block_1_16' title="bbox 15 1449 1763 1523">
    <p class='ocr_par' dir='ltr' id='par_1_16' title="bbox 15 1449 1763 1523">
     <span class='ocr_line' id='line_1_16' title="bbox 15 1449 1763 1523; baseline 0.002 -21"><span class='ocrx_word' id='word_1_104' title='bbox 15 1449 328 1518; x_wconf 66' lang='grc' dir='ltr'>ἐλέγετο</span> <span class='ocrx_word' id='word_1_105' title='bbox 353 1468 372 1482; x_wconf 77' lang='grc' dir='ltr'><strong>ο</strong></span> <span class='ocrx_word' id='word_1_106' title='bbox 425 1453 720 1520; x_wconf 69' lang='grc' dir='ltr'>Αἰνεῖτε,</span> <span class='ocrx_word' id='word_1_107' title='bbox 753 1452 986 1520; x_wconf 76' lang='grc' dir='ltr'>παῖδες,</span> <span class='ocrx_word' id='word_1_108' title='bbox 1018 1454 1260 1523; x_wconf 78' lang='grc' dir='ltr'>Κύριον,</span> <span class='ocrx_word' id='word_1_109' title='bbox 1286 1451 1564 1507; x_wconf 80' lang='grc' dir='ltr'>τουτέστιν</span> <span class='ocrx_word' id='word_1_110' title='bbox 1590 1453 1620 1506; x_wconf 85' lang='grc' dir='ltr'><strong><em>ὁ</em></strong></span> <span class='ocrx_word' id='word_1_111' title='bbox 1644 1451 1763 1515; x_wconf 86' lang='grc' dir='ltr'>νέος</span> 
     </span>
    </p>
   </div>
   <div class='ocr_carea' id='block_1_17' title="bbox 14 1541 1763 1618">
    <p class='ocr_par' dir='ltr' id='par_1_17' title="bbox 14 1541 1763 1618">
     <span class='ocr_line' id='line_1_17' title="bbox 14 1541 1763 1618; baseline 0.001 -23"><span class='ocrx_word' id='word_1_112' title='bbox 14 1541 232 1607; x_wconf 52' lang='grc' dir='ltr'>κλὰὸς,</span> <span class='ocrx_word' id='word_1_113' title='bbox 290 1546 508 1599; x_wconf 73' lang='grc' dir='ltr'>ποῖον</span> <span class='ocrx_word' id='word_1_114' title='bbox 547 1545 757 1618; x_wconf 80' lang='grc' dir='ltr'>Κύριον</span> <span class='ocrx_word' id='word_1_115' title='bbox 786 1546 1048 1617; x_wconf 81' lang='grc' dir='ltr'>προσήκει</span> <span class='ocrx_word' id='word_1_116' title='bbox 1077 1546 1245 1598; x_wconf 74' lang='grc' dir='ltr'>αἰνεῖν</span> <span class='ocrx_word' id='word_1_117' title='bbox 1267 1561 1284 1576; x_wconf 79' lang='grc' dir='ltr'><strong><em>ο</em></strong></span> <span class='ocrx_word' id='word_1_118' title='bbox 1330 1543 1486 1615; x_wconf 82' lang='grc' dir='ltr'>δῆλον</span> <span class='ocrx_word' id='word_1_119' title='bbox 1517 1543 1574 1597; x_wconf 76' lang='grc' dir='ltr'>δὲ</span> <span class='ocrx_word' id='word_1_120' title='bbox 1602 1541 1763 1596; x_wconf 80' lang='grc' dir='ltr'>αὑτὸν</span> 
     </span>
    </p>
   </div>
   <div class='ocr_carea' id='block_1_18' title="bbox 27 1632 1762 1710">
    <p class='ocr_par' dir='ltr' id='par_1_18' title="bbox 27 1632 1762 1710">
     <span class='ocr_line' id='line_1_18' title="bbox 27 1632 1762 1710; baseline 0.002 -24"><span class='ocrx_word' id='word_1_121' title='bbox 27 1635 321 1691; x_wconf 71' lang='grc' dir='ltr'>ἐκεῖνον</span> <span class='ocrx_word' id='word_1_122' title='bbox 350 1637 481 1691; x_wconf 77' lang='grc' dir='ltr'>’τὸν</span> <span class='ocrx_word' id='word_1_123' title='bbox 529 1641 594 1692; x_wconf 76' lang='grc' dir='ltr'>ὲν</span> <span class='ocrx_word' id='word_1_124' title='bbox 621 1643 686 1710; x_wconf 81' lang='grc' dir='ltr'>τῇ</span> <span class='ocrx_word' id='word_1_125' title='bbox 715 1639 878 1709; x_wconf 74' lang='grc' dir='ltr'>ἐξόδῳ</span> <span class='ocrx_word' id='word_1_126' title='bbox 913 1637 1128 1709; x_wconf 81' lang='grc' dir='ltr'>Ἰσραὴλ</span> <span class='ocrx_word' id='word_1_127' title='bbox 1176 1639 1242 1709; x_wconf 77' lang='grc' dir='ltr'>τῇ</span> <span class='ocrx_word' id='word_1_128' title='bbox 1285 1634 1344 1701; x_wconf 78' lang='grc' dir='ltr'><strong>ἐξ</strong></span> <span class='ocrx_word' id='word_1_129' title='bbox 1375 1635 1652 1706; x_wconf 74' lang='grc' dir='ltr'><strong>Αἰγύπτου</strong></span> <span class='ocrx_word' id='word_1_130' title='bbox 1693 1632 1762 1689; x_wconf 84' lang='grc' dir='ltr'>τὰ</span> 
     </span>
    </p>
   </div>
   <div class='ocr_carea' id='block_1_19' title="bbox 18 1722 1762 1800">
    <p class='ocr_par' dir='ltr' id='par_1_19' title="bbox 18 1722 1762 1800">
     <span class='ocr_line' id='line_1_19' title="bbox 18 1722 1762 1800; baseline 0.001 -24"><span class='ocrx_word' id='word_1_131' title='bbox 18 1723 370 1781; x_wconf 71' lang='grc' dir='ltr'>-τοσαῦιτα</span> <span class='ocrx_word' id='word_1_132' title='bbox 454 1727 762 1800; x_wconf 80' lang='grc' dir='ltr'>θαυμάσια</span> <span class='ocrx_word' id='word_1_133' title='bbox 817 1727 1275 1799; x_wconf 81' lang='grc' dir='ltr'>διαπραξάμενον.</span> <span class='ocrx_word' id='word_1_134' title='bbox 1354 1727 1610 1790; x_wconf 87' lang='grc' dir='ltr'>Ἐκείνοις</span> <span class='ocrx_word' id='word_1_135' title='bbox 1668 1722 1762 1779; x_wconf 79' lang='grc' dir='ltr'>οὖν</span> 
     </span>
    </p>
   </div>
   <div class='ocr_carea' id='block_1_20' title="bbox 1857 523 3422 600">
    <p class='ocr_par' dir='ltr' id='par_1_20' title="bbox 1857 523 3422 600">
     <span class='ocr_line' id='line_1_20' title="bbox 1857 523 3422 600; baseline -0.006 -13"><span class='ocrx_word' id='word_1_136' title='bbox 1857 532 2202 588; x_wconf 86' lang='lat' dir='ltr'><strong>characteres</strong></span> <span class='ocrx_word' id='word_1_137' title='bbox 2226 531 2549 600; x_wconf 72' lang='lat' dir='ltr'><strong>coniunctos</strong></span> <span class='ocrx_word' id='word_1_138' title='bbox 2575 545 2697 586; x_wconf 83' lang='lat' dir='ltr'><strong>esse</strong></span> <span class='ocrx_word' id='word_1_139' title='bbox 2722 526 3038 599; x_wconf 86' lang='lat' dir='ltr'><strong>repererim,</strong></span> <span class='ocrx_word' id='word_1_140' title='bbox 3072 523 3422 580; x_wconf 64' lang='lat' dir='ltr'><strong>Hebraeorum</strong></span> 
     </span>
    </p>
   </div>
   <div class='ocr_carea' id='block_1_21' title="bbox 1857 617 3424 693">
    <p class='ocr_par' dir='ltr' id='par_1_21' title="bbox 1857 617 3424 693">
     <span class='ocr_line' id='line_1_21' title="bbox 1857 617 3424 693; baseline -0.006 -14"><span class='ocrx_word' id='word_1_141' title='bbox 1857 625 2056 680; x_wconf 87' lang='lat' dir='ltr'><strong>librum</strong></span> <span class='ocrx_word' id='word_1_142' title='bbox 2098 622 2433 693; x_wconf 82' lang='lat' dir='ltr'><strong>sequendum</strong></span> <span class='ocrx_word' id='word_1_143' title='bbox 2477 637 2618 688; x_wconf 78' lang='lat' dir='ltr'><strong>esse,</strong></span> <span class='ocrx_word' id='word_1_144' title='bbox 2659 630 2821 691; x_wconf 86' lang='lat' dir='ltr'><strong>atque</strong></span> <span class='ocrx_word' id='word_1_145' title='bbox 2850 618 3124 689; x_wconf 82' lang='lat' dir='ltr'><strong>prioribus</strong></span> <span class='ocrx_word' id='word_1_146' title='bbox 3147 617 3264 672; x_wconf 65' lang='lat' dir='ltr'><strong>haec</strong></span> <span class='ocrx_word' id='word_1_147' title='bbox 3291 632 3424 671; x_wconf 87' lang='lat' dir='ltr'><strong>con-</strong></span> 
     </span>
    </p>
   </div>
   <div class='ocr_carea' id='block_1_22' title="bbox 1852 709 3426 787">
    <p class='ocr_par' dir='ltr' id='par_1_22' title="bbox 1852 709 3426 787">
     <span class='ocr_line' id='line_1_22' title="bbox 1852 709 3426 787; baseline -0.004 -16"><span class='ocrx_word' id='word_1_148' title='bbox 1852 714 2130 787; x_wconf 76' lang='lat' dir='ltr'><strong>iungenda</strong></span> <span class='ocrx_word' id='word_1_149' title='bbox 2159 729 2280 770; x_wconf 88' lang='lat' dir='ltr'><strong>esse</strong></span> <span class='ocrx_word' id='word_1_150' title='bbox 2307 713 2592 778; x_wconf 69' lang='lat' dir='ltr'><strong>aestimavi,</strong></span> <span class='ocrx_word' id='word_1_151' title='bbox 2621 711 2694 767; x_wconf 92' lang='lat' dir='ltr'><strong>ita</strong></span> <span class='ocrx_word' id='word_1_152' title='bbox 2727 721 2787 765; x_wconf 90' lang='lat' dir='ltr'><strong>ut</strong></span> <span class='ocrx_word' id='word_1_153' title='bbox 2811 711 2926 766; x_wconf 63' lang='lat' dir='ltr'><strong>haec</strong></span> <span class='ocrx_word' id='word_1_154' title='bbox 2949 724 3076 781; x_wconf 90' lang='lat' dir='ltr'><strong>pars</strong></span> <span class='ocrx_word' id='word_1_155' title='bbox 3105 709 3214 765; x_wconf 88' lang='lat' dir='ltr'><strong>sint</strong></span> <span class='ocrx_word' id='word_1_156' title='bbox 3241 719 3426 766; x_wconf 85' lang='lat' dir='ltr'><strong>cente—</strong></span> 
     </span>
    </p>
   </div>
   <div class='ocr_carea' id='block_1_23' title="bbox 1856 802 3426 878">
    <p class='ocr_par' dir='ltr' id='par_1_23' title="bbox 1856 802 3426 878">
     <span class='ocr_line' id='line_1_23' title="bbox 1856 802 3426 878; baseline -0.005 -12"><span class='ocrx_word' id='word_1_157' title='bbox 1856 810 1978 866; x_wconf 88' lang='lat' dir='ltr'><strong>simi</strong></span> <span class='ocrx_word' id='word_1_158' title='bbox 2004 807 2198 864; x_wconf 87' lang='lat' dir='ltr'><strong>decimi</strong></span> <span class='ocrx_word' id='word_1_159' title='bbox 2225 806 2370 863; x_wconf 89' lang='lat' dir='ltr'><strong>tertii</strong></span> <span class='ocrx_word' id='word_1_160' title='bbox 2388 805 2591 878; x_wconf 82' lang='lat' dir='ltr'><strong>hymni.</strong></span> <span class='ocrx_word' id='word_1_161' title='bbox 2613 803 2877 861; x_wconf 76' lang='lat' dir='ltr'><strong>Videntur</strong></span> <span class='ocrx_word' id='word_1_162' title='bbox 2893 803 3076 874; x_wconf 90' lang='lat' dir='ltr'><strong>itaque</strong></span> <span class='ocrx_word' id='word_1_163' title='bbox 3091 802 3205 858; x_wconf 66' lang='lat' dir='ltr'><strong>haec</strong></span> <span class='ocrx_word' id='word_1_164' title='bbox 3222 818 3426 874; x_wconf 69' lang='lat' dir='ltr'><strong>praece-</strong></span> 
     </span>
    </p>
   </div>
   <div class='ocr_carea' id='block_1_24' title="bbox 1855 891 3420 964">
    <p class='ocr_par' dir='ltr' id='par_1_24' title="bbox 1855 891 3420 964">
     <span class='ocr_line' id='line_1_24' title="bbox 1855 891 3420 964; baseline -0.006 -9"><span class='ocrx_word' id='word_1_165' title='bbox 1855 899 2112 955; x_wconf 90' lang='lat' dir='ltr'><strong>dentibus</strong></span> <span class='ocrx_word' id='word_1_166' title='bbox 2144 897 2437 952; x_wconf 68' lang='lat' dir='ltr'><strong>cohmrere.</strong></span> <span class='ocrx_word' id='word_1_167' title='bbox 2478 893 2614 948; x_wconf 86' lang='lat' dir='ltr'><strong>Nam</strong></span> <span class='ocrx_word' id='word_1_168' title='bbox 2655 893 2810 964; x_wconf 84' lang='lat' dir='ltr'><strong>pueri</strong></span> <span class='ocrx_word' id='word_1_169' title='bbox 2846 892 2945 958; x_wconf 90' lang='lat' dir='ltr'><strong>illi,</strong></span> <span class='ocrx_word' id='word_1_170' title='bbox 2985 891 3186 962; x_wconf 88' lang='lat' dir='ltr'><strong>quibus</strong></span> <span class='ocrx_word' id='word_1_171' title='bbox 3215 891 3420 945; x_wconf 91' lang='lat' dir='ltr'><strong>dictum</strong></span> 
     </span>
    </p>
   </div>
   <div class='ocr_carea' id='block_1_25' title="bbox 1855 986 3424 1060">
    <p class='ocr_par' dir='ltr' id='par_1_25' title="bbox 1855 986 3424 1060">
     <span class='ocr_line' id='line_1_25' title="bbox 1855 986 3424 1060; baseline -0.006 -11"><span class='ocrx_word' id='word_1_172' title='bbox 1855 1000 1960 1058; x_wconf 87' lang='lat' dir='ltr'><strong>est,</strong></span> <span class='ocrx_word' id='word_1_173' title='bbox 1993 989 2251 1058; x_wconf 88' lang='lat' dir='ltr'><strong>Laudate,</strong></span> <span class='ocrx_word' id='word_1_174' title='bbox 2284 991 2454 1060; x_wconf 81' lang='lat' dir='ltr'><strong>pueri,</strong></span> <span class='ocrx_word' id='word_1_175' title='bbox 2489 988 2796 1053; x_wconf 87' lang='lat' dir='ltr'><strong>Dominum,</strong></span> <span class='ocrx_word' id='word_1_176' title='bbox 2829 986 2885 1042; x_wconf 90' lang='lat' dir='ltr'><strong>id</strong></span> <span class='ocrx_word' id='word_1_177' title='bbox 2915 993 3021 1052; x_wconf 86' lang='lat' dir='ltr'><strong>est,</strong></span> <span class='ocrx_word' id='word_1_178' title='bbox 3054 998 3229 1040; x_wconf 89' lang='lat' dir='ltr'><strong>novus</strong></span> <span class='ocrx_word' id='word_1_179' title='bbox 3251 997 3424 1055; x_wconf 85' lang='lat' dir='ltr'><strong>popu-</strong></span> 
     </span>
    </p>
   </div>
   <div class='ocr_carea' id='block_1_26' title="bbox 1857 1076 3422 1154">
    <p class='ocr_par' dir='ltr' id='par_1_26' title="bbox 1857 1076 3422 1154">
     <span class='ocr_line' id='line_1_26' title="bbox 1857 1076 3422 1154; baseline -0.007 -14"><span class='ocrx_word' id='word_1_180' title='bbox 1857 1085 1963 1148; x_wconf 88' lang='lat' dir='ltr'><strong>lus,</strong></span> <span class='ocrx_word' id='word_1_181' title='bbox 1985 1083 2286 1140; x_wconf 84' lang='lat' dir='ltr'><strong>edocentur</strong></span> <span class='ocrx_word' id='word_1_182' title='bbox 2302 1097 2464 1154; x_wconf 86' lang='lat' dir='ltr'><strong>quem</strong></span> <span class='ocrx_word' id='word_1_183' title='bbox 2497 1080 2786 1136; x_wconf 89' lang='lat' dir='ltr'><strong>Dominum</strong></span> <span class='ocrx_word' id='word_1_184' title='bbox 2816 1078 3040 1134; x_wconf 85' lang='lat' dir='ltr'><strong>laudare</strong></span> <span class='ocrx_word' id='word_1_185' title='bbox 3065 1093 3165 1149; x_wconf 88' lang='lat' dir='ltr'><strong>par</strong></span> <span class='ocrx_word' id='word_1_186' title='bbox 3193 1077 3286 1132; x_wconf 89' lang='lat' dir='ltr'><strong>sit.</strong></span> <span class='ocrx_word' id='word_1_187' title='bbox 3314 1076 3422 1130; x_wconf 83' lang='lat' dir='ltr'><strong>Pa-</strong></span> 
     </span>
    </p>
   </div>
   <div class='ocr_carea' id='block_1_27' title="bbox 1857 1163 3424 1246">
    <p class='ocr_par' dir='ltr' id='par_1_27' title="bbox 1857 1163 3424 1246">
     <span class='ocr_line' id='line_1_27' title="bbox 1857 1163 3424 1246; baseline -0.005 -14"><span class='ocrx_word' id='word_1_188' title='bbox 1857 1178 1964 1233; x_wconf 86' lang='lat' dir='ltr'><strong>lam</strong></span> <span class='ocrx_word' id='word_1_189' title='bbox 1993 1183 2285 1232; x_wconf 86' lang='lat' dir='ltr'><strong>autemest</strong></span> <span class='ocrx_word' id='word_1_190' title='bbox 2313 1191 2439 1231; x_wconf 90' lang='lat' dir='ltr'><strong>eum</strong></span> <span class='ocrx_word' id='word_1_191' title='bbox 2470 1174 2650 1246; x_wconf 87' lang='lat' dir='ltr'><strong>ipsum</strong></span> <span class='ocrx_word' id='word_1_192' title='bbox 2679 1187 2821 1236; x_wconf 88' lang='lat' dir='ltr'><strong>esse,</strong></span> <span class='ocrx_word' id='word_1_193' title='bbox 2861 1171 2955 1242; x_wconf 89' lang='lat' dir='ltr'><strong>qui</strong></span> <span class='ocrx_word' id='word_1_194' title='bbox 2987 1170 3040 1224; x_wconf 89' lang='lat' dir='ltr'><strong>in</strong></span> <span class='ocrx_word' id='word_1_195' title='bbox 3075 1169 3224 1226; x_wconf 82' lang='lat' dir='ltr'><strong>exitu</strong></span> <span class='ocrx_word' id='word_1_196' title='bbox 3255 1163 3424 1226; x_wconf 80' lang='lat' dir='ltr'><strong>ls&#39;rael</strong></span> 
     </span>
    </p>
   </div>
   <div class='ocr_carea' id='block_1_28' title="bbox 1859 1263 3425 1342">
    <p class='ocr_par' dir='ltr' id='par_1_28' title="bbox 1859 1263 3425 1342">
     <span class='ocr_line' id='line_1_28' title="bbox 1859 1263 3425 1342; baseline -0.005 -16"><span class='ocrx_word' id='word_1_197' title='bbox 1859 1271 1928 1328; x_wconf 90' lang='lat' dir='ltr'><strong>de</strong></span> <span class='ocrx_word' id='word_1_198' title='bbox 1973 1269 2210 1342; x_wconf 68' lang='lat' dir='ltr'><strong>Egypto</strong></span> <span class='ocrx_word' id='word_1_199' title='bbox 2255 1275 2409 1323; x_wconf 86' lang='lat' dir='ltr'><strong>tanta</strong></span> <span class='ocrx_word' id='word_1_200' title='bbox 2461 1266 2730 1322; x_wconf 88' lang='lat' dir='ltr'><strong>miracula</strong></span> <span class='ocrx_word' id='word_1_201' title='bbox 2774 1264 2964 1322; x_wconf 87' lang='lat' dir='ltr'><strong>edidit.</strong></span> <span class='ocrx_word' id='word_1_202' title='bbox 3012 1263 3425 1334; x_wconf 89' lang='lat' dir='ltr'><strong>Consequenter</strong></span> 
     </span>
    </p>
   </div>
   <div class='ocr_carea' id='block_1_29' title="bbox 1859 1355 3422 1434">
    <p class='ocr_par' dir='ltr' id='par_1_29' title="bbox 1859 1355 3422 1434">
     <span class='ocr_line' id='line_1_29' title="bbox 1859 1355 3422 1434; baseline -0.005 -16"><span class='ocrx_word' id='word_1_203' title='bbox 1859 1361 2026 1434; x_wconf 70' lang='lat' dir='ltr'><strong>igitur</strong></span> <span class='ocrx_word' id='word_1_204' title='bbox 2055 1362 2122 1416; x_wconf 90' lang='lat' dir='ltr'><strong>ad</strong></span> <span class='ocrx_word' id='word_1_205' title='bbox 2165 1361 2258 1415; x_wconf 86' lang='lat' dir='ltr'><strong>illa</strong></span> <span class='ocrx_word' id='word_1_206' title='bbox 2303 1359 2604 1415; x_wconf 90' lang='lat' dir='ltr'><strong>edocentur</strong></span> <span class='ocrx_word' id='word_1_207' title='bbox 2648 1357 2775 1429; x_wconf 90' lang='lat' dir='ltr'><strong>ipsi,</strong></span> <span class='ocrx_word' id='word_1_208' title='bbox 2815 1373 2884 1414; x_wconf 87' lang='lat' dir='ltr'><strong>ne</strong></span> <span class='ocrx_word' id='word_1_209' title='bbox 2918 1357 3170 1428; x_wconf 80' lang='lat' dir='ltr'><strong>ignorent</strong></span> <span class='ocrx_word' id='word_1_210' title='bbox 3199 1355 3422 1427; x_wconf 85' lang='lat' dir='ltr'><strong>quinam</strong></span> 
     </span>
    </p>
   </div>
   <div class='ocr_carea' id='block_1_30' title="bbox 1860 1447 3428 1520">
    <p class='ocr_par' dir='ltr' id='par_1_30' title="bbox 1860 1447 3428 1520">
     <span class='ocr_line' id='line_1_30' title="bbox 1860 1447 3428 1520; baseline -0.004 -13"><span class='ocrx_word' id='word_1_211' title='bbox 1860 1451 2065 1508; x_wconf 76' lang='lat' dir='ltr'><strong>fuerint</strong></span> <span class='ocrx_word' id='word_1_212' title='bbox 2094 1451 2172 1506; x_wconf 89' lang='lat' dir='ltr'><strong>illi</strong></span> <span class='ocrx_word' id='word_1_213' title='bbox 2211 1450 2281 1505; x_wconf 91' lang='lat' dir='ltr'><strong>ab</strong></span> <span class='ocrx_word' id='word_1_214' title='bbox 2310 1465 2370 1506; x_wconf 84' lang='lat' dir='ltr'><strong>se</strong></span> <span class='ocrx_word' id='word_1_215' title='bbox 2399 1449 2530 1505; x_wconf 91' lang='lat' dir='ltr'><strong>olim</strong></span> <span class='ocrx_word' id='word_1_216' title='bbox 2564 1449 2639 1506; x_wconf 88' lang='lat' dir='ltr'><strong>dii</strong></span> <span class='ocrx_word' id='word_1_217' title='bbox 2665 1448 2985 1514; x_wconf 80' lang='lat' dir='ltr'><strong>existimati,</strong></span> <span class='ocrx_word' id='word_1_218' title='bbox 3024 1447 3172 1520; x_wconf 92' lang='lat' dir='ltr'><strong>quod</strong></span> <span class='ocrx_word' id='word_1_219' title='bbox 3215 1447 3428 1502; x_wconf 82' lang='lat' dir='ltr'><strong>scilicet</strong></span> 
     </span>
    </p>
   </div>
   <div class='ocr_carea' id='block_1_31' title="bbox 1860 1539 3422 1614">
    <p class='ocr_par' dir='ltr' id='par_1_31' title="bbox 1860 1539 3422 1614">
     <span class='ocr_line' id='line_1_31' title="bbox 1860 1539 3422 1614; baseline -0.004 -14"><span class='ocrx_word' id='word_1_220' title='bbox 1860 1546 2042 1600; x_wconf 88' lang='lat' dir='ltr'><strong>anima</strong></span> <span class='ocrx_word' id='word_1_221' title='bbox 2071 1545 2329 1614; x_wconf 89' lang='lat' dir='ltr'><strong>omnique</strong></span> <span class='ocrx_word' id='word_1_222' title='bbox 2348 1557 2514 1599; x_wconf 86' lang='lat' dir='ltr'><strong>sensu</strong></span> <span class='ocrx_word' id='word_1_223' title='bbox 2535 1541 2833 1609; x_wconf 81' lang='lat' dir='ltr'><strong>caruerint,</strong></span> <span class='ocrx_word' id='word_1_224' title='bbox 2855 1539 3166 1611; x_wconf 80' lang='lat' dir='ltr'><strong>fuerintque</strong></span> <span class='ocrx_word' id='word_1_225' title='bbox 3186 1545 3422 1604; x_wconf 88' lang='lat' dir='ltr'><strong>mortua,</strong></span> 
     </span>
    </p>
   </div>
   <div class='ocr_carea' id='block_1_32' title="bbox 1860 1631 3427 1700">
    <p class='ocr_par' dir='ltr' id='par_1_32' title="bbox 1860 1631 3427 1700">
     <span class='ocr_line' id='line_1_32' title="bbox 1860 1631 3427 1700; baseline -0.003 -8"><span class='ocrx_word' id='word_1_226' title='bbox 1860 1645 2011 1692; x_wconf 84' lang='lat' dir='ltr'><strong>muta</strong></span> <span class='ocrx_word' id='word_1_227' title='bbox 2034 1646 2087 1692; x_wconf 91' lang='lat' dir='ltr'><strong>et</strong></span> <span class='ocrx_word' id='word_1_228' title='bbox 2115 1651 2258 1692; x_wconf 59' lang='lat' dir='ltr'><strong>cauca</strong></span> <span class='ocrx_word' id='word_1_229' title='bbox 2290 1637 2454 1700; x_wconf 91' lang='lat' dir='ltr'><strong>idola,</strong></span> <span class='ocrx_word' id='word_1_230' title='bbox 2487 1635 2621 1690; x_wconf 89' lang='lat' dir='ltr'><strong>nihil</strong></span> <span class='ocrx_word' id='word_1_231' title='bbox 2649 1634 2828 1691; x_wconf 89' lang='lat' dir='ltr'><strong>simile</strong></span> <span class='ocrx_word' id='word_1_232' title='bbox 2851 1633 3130 1699; x_wconf 84' lang='lat' dir='ltr'><strong>habentia,</strong></span> <span class='ocrx_word' id='word_1_233' title='bbox 3163 1649 3272 1687; x_wconf 90' lang='lat' dir='ltr'><strong>non</strong></span> <span class='ocrx_word' id='word_1_234' title='bbox 3302 1631 3427 1688; x_wconf 91' lang='lat' dir='ltr'><strong>dico</strong></span> 
     </span>
    </p>
   </div>
   <div class='ocr_carea' id='block_1_33' title="bbox 1862 1721 3428 1798">
    <p class='ocr_par' dir='ltr' id='par_1_33' title="bbox 1862 1721 3428 1798">
     <span class='ocr_line' id='line_1_33' title="bbox 1862 1721 3428 1798; baseline -0.004 -15"><span class='ocrx_word' id='word_1_235' title='bbox 1862 1742 2060 1798; x_wconf 77' lang='lat' dir='ltr'><strong>magno</strong></span> <span class='ocrx_word' id='word_1_236' title='bbox 2089 1734 2144 1783; x_wconf 91' lang='lat' dir='ltr'><strong>et</strong></span> <span class='ocrx_word' id='word_1_237' title='bbox 2177 1727 2508 1782; x_wconf 89' lang='lat' dir='ltr'><strong>mirabilium</strong></span> <span class='ocrx_word' id='word_1_238' title='bbox 2540 1725 2738 1780; x_wconf 87' lang='lat' dir='ltr'><strong>editori</strong></span> <span class='ocrx_word' id='word_1_239' title='bbox 2758 1765 2774 1790; x_wconf 94' lang='lat'><strong>,</strong></span> <span class='ocrx_word' id='word_1_240' title='bbox 2807 1725 3052 1780; x_wconf 87' lang='lat' dir='ltr'><strong>omnium</strong></span> <span class='ocrx_word' id='word_1_241' title='bbox 3090 1724 3292 1795; x_wconf 83' lang='lat' dir='ltr'><strong>opiliei,</strong></span> <span class='ocrx_word' id='word_1_242' title='bbox 3332 1721 3428 1778; x_wconf 83' lang='lat' dir='ltr'><strong>sed</strong></span> 
     </span>
    </p>
   </div>
   <div class='ocr_carea' id='block_1_34' title="bbox 15 1817 1754 1920">
    <p class='ocr_par' dir='ltr' id='par_1_34' title="bbox 15 1817 1754 1890">
     <span class='ocr_line' id='line_1_34' title="bbox 15 1817 1754 1890; baseline 0.002 -21"><span class='ocrx_word' id='word_1_243' title='bbox 15 1817 471 1884; x_wconf 62' lang='lat' dir='ltr'><strong>.dxoloéew;</strong></span> <span class='ocrx_word' id='word_1_244' title='bbox 509 1822 568 1875; x_wconf 80' lang='lat' dir='ltr'><strong>oi.</strong></span> <span class='ocrx_word' id='word_1_245' title='bbox 607 1821 760 1874; x_wconf 76' lang='grc' dir='ltr'>αὐτοὶ</span> <span class='ocrx_word' id='word_1_246' title='bbox 787 1820 1128 1874; x_wconf 81' lang='grc' dir='ltr'>διδάσκονται</span> <span class='ocrx_word' id='word_1_247' title='bbox 1169 1820 1293 1885; x_wconf 78' lang='grc' dir='ltr'>τοὺς</span> <span class='ocrx_word' id='word_1_248' title='bbox 1340 1819 1506 1874; x_wconf 87' lang='grc' dir='ltr'>πάλαι</span> <span class='ocrx_word' id='word_1_249' title='bbox 1548 1836 1754 1890; x_wconf 90' lang='grc' dir='ltr'>νενομι-</span> 
     </span>
    </p>
   </div>
   <div class='ocr_carea' id='block_1_35' title="bbox 1859 1817 3430 1920">
    <p class='ocr_par' dir='ltr' id='par_1_35' title="bbox 1860 1817 3430 1890">
     <span class='ocr_line' id='line_1_35' title="bbox 1860 1817 3430 1890; baseline -0.004 -14"><span class='ocrx_word' id='word_1_250' title='bbox 1860 1837 1930 1877; x_wconf 88' lang='lat' dir='ltr'><strong>ne</strong></span> <span class='ocrx_word' id='word_1_251' title='bbox 1955 1820 2042 1876; x_wconf 88' lang='lat' dir='ltr'><strong>vel</strong></span> <span class='ocrx_word' id='word_1_252' title='bbox 2083 1818 2374 1890; x_wconf 88' lang='lat' dir='ltr'><strong>postremis</strong></span> <span class='ocrx_word' id='word_1_253' title='bbox 2403 1833 2591 1874; x_wconf 88' lang='lat' dir='ltr'><strong>eorum</strong></span> <span class='ocrx_word' id='word_1_254' title='bbox 2637 1832 2758 1888; x_wconf 63' lang='lat' dir='ltr'><strong>quae</strong></span> <span class='ocrx_word' id='word_1_255' title='bbox 2797 1817 2976 1872; x_wconf 90' lang='lat' dir='ltr'><strong>anima</strong></span> <span class='ocrx_word' id='word_1_256' title='bbox 3009 1823 3064 1872; x_wconf 90' lang='lat' dir='ltr'><strong>et</strong></span> <span class='ocrx_word' id='word_1_257' title='bbox 3094 1831 3261 1872; x_wconf 85' lang='lat' dir='ltr'><strong>sensu</strong></span> <span class='ocrx_word' id='word_1_258' title='bbox 3289 1829 3430 1885; x_wconf 73' lang='lat' dir='ltr'><strong>prae-</strong></span> 
     </span>
    </p>
   </div>
   <div class='ocr_carea' id='block_1_36' title="bbox 14 1905 1754 1983">
    <p class='ocr_par' dir='ltr' id='par_1_36' title="bbox 14 1905 1754 1983">
     <span class='ocr_line' id='line_1_36' title="bbox 14 1905 1754 1983; baseline 0.003 -24"><span class='ocrx_word' id='word_1_259' title='bbox 14 1929 28 1958; x_wconf 81' lang='lat'>;</span> <span class='ocrx_word' id='word_1_260' title='bbox 58 1907 370 1979; x_wconf 67' lang='grc' dir='ltr'>σμένους</span> <span class='ocrx_word' id='word_1_261' title='bbox 417 1911 630 1964; x_wconf 82' lang='grc' dir='ltr'>αὐτῶν</span> <span class='ocrx_word' id='word_1_262' title='bbox 664 1910 821 1976; x_wconf 85' lang='grc' dir='ltr'>θεοὺς</span> <span class='ocrx_word' id='word_1_263' title='bbox 858 1911 1031 1966; x_wconf 83' lang='grc' dir='ltr'>ὁποῖοί</span> <span class='ocrx_word' id='word_1_264' title='bbox 1071 1928 1217 1974; x_wconf 88' lang='grc' dir='ltr'>τινες</span> <span class='ocrx_word' id='word_1_265' title='bbox 1245 1905 1385 1982; x_wconf 71' lang='grc' dir='ltr'>ἦσαν</span> <span class='ocrx_word' id='word_1_266' title='bbox 1415 1909 1490 1983; x_wconf 81' lang='grc' dir='ltr'>μὴ</span> <span class='ocrx_word' id='word_1_267' title='bbox 1523 1911 1754 1981; x_wconf 80' lang='grc' dir='ltr'>ἀγνοεῖν,</span> 
     </span>
    </p>
   </div>
   <div class='ocr_carea' id='block_1_37' title="bbox 14 1998 1763 2074">
    <p class='ocr_par' dir='ltr' id='par_1_37' title="bbox 14 1998 1763 2074">
     <span class='ocr_line' id='line_1_37' title="bbox 14 1998 1763 2074; baseline 0.001 -20"><span class='ocrx_word' id='word_1_268' title='bbox 14 2023 30 2054; x_wconf 88' lang='lat'>:</span> <span class='ocrx_word' id='word_1_269' title='bbox 60 1998 171 2051; x_wconf 79' lang='grc' dir='ltr'>ὅτι</span> <span class='ocrx_word' id='word_1_270' title='bbox 219 1999 484 2072; x_wconf 72' lang='grc' dir='ltr'>ἄψυχοι</span> <span class='ocrx_word' id='word_1_271' title='bbox 546 2003 639 2055; x_wconf 70' lang='grc' dir='ltr'><strong>καὶ</strong></span> <span class='ocrx_word' id='word_1_272' title='bbox 673 2002 854 2073; x_wconf 82' lang='grc' dir='ltr'><strong>πάσης</strong></span> <span class='ocrx_word' id='word_1_273' title='bbox 907 2001 1210 2074; x_wconf 77' lang='grc' dir='ltr'>αἰσθήσεως</span> <span class='ocrx_word' id='word_1_274' title='bbox 1257 2002 1633 2073; x_wconf 73' lang='grc' dir='ltr'>ἐστερημένοι,</span> <span class='ocrx_word' id='word_1_275' title='bbox 1681 2002 1763 2056; x_wconf 82' lang='grc' dir='ltr'>ὅτι</span> 
     </span>
    </p>
   </div>
   <div class='ocr_carea' id='block_1_38' title="bbox 15 2091 1762 2166">
    <p class='ocr_par' dir='ltr' id='par_1_38' title="bbox 15 2091 1762 2166">
     <span class='ocr_line' id='line_1_38' title="bbox 15 2091 1762 2166; baseline 0 -19"><span class='ocrx_word' id='word_1_276' title='bbox 15 2117 34 2147; x_wconf 71' lang='grc' dir='ltr'><strong>ε</strong></span> <span class='ocrx_word' id='word_1_277' title='bbox 64 2091 321 2165; x_wconf 72' lang='grc' dir='ltr'>νεκρὰ,</span> <span class='ocrx_word' id='word_1_278' title='bbox 387 2095 514 2148; x_wconf 71' lang='grc' dir='ltr'>καὶ</span> <span class='ocrx_word' id='word_1_279' title='bbox 556 2095 716 2165; x_wconf 78' lang='grc' dir='ltr'>κωφὰ</span> <span class='ocrx_word' id='word_1_280' title='bbox 759 2097 856 2150; x_wconf 76' lang='grc' dir='ltr'>καὶ</span> <span class='ocrx_word' id='word_1_281' title='bbox 895 2095 1072 2166; x_wconf 80' lang='grc' dir='ltr'>τυφλὰ</span> <span class='ocrx_word' id='word_1_282' title='bbox 1120 2093 1335 2158; x_wconf 74' lang='grc' dir='ltr'>εἴδωλα,</span> <span class='ocrx_word' id='word_1_283' title='bbox 1375 2091 1526 2147; x_wconf 83' lang='grc' dir='ltr'>οὐδὲν</span> <span class='ocrx_word' id='word_1_284' title='bbox 1579 2093 1762 2164; x_wconf 82' lang='grc' dir='ltr'>ὅμοιον</span> 
     </span>
    </p>
   </div>
   <div class='ocr_carea' id='block_1_39' title="bbox 14 2183 1754 2258">
    <p class='ocr_par' dir='ltr' id='par_1_39' title="bbox 14 2183 1754 2258">
     <span class='ocr_line' id='line_1_39' title="bbox 14 2183 1754 2258; baseline -0.002 -18"><span class='ocrx_word' id='word_1_285' title='bbox 14 2191 30 2240; x_wconf 65' lang='grc' dir='ltr'><strong>ἑ</strong></span> <span class='ocrx_word' id='word_1_286' title='bbox 75 2183 358 2253; x_wconf 80' lang='grc' dir='ltr'>ἔχοντα,</span> <span class='ocrx_word' id='word_1_287' title='bbox 378 2186 460 2239; x_wconf 74' lang='grc' dir='ltr'>οὗ</span> <span class='ocrx_word' id='word_1_288' title='bbox 503 2190 645 2258; x_wconf 76' lang='grc' dir='ltr'>φημὶ</span> <span class='ocrx_word' id='word_1_289' title='bbox 660 2187 736 2258; x_wconf 80' lang='grc' dir='ltr'><strong>τῷ</strong></span> <span class='ocrx_word' id='word_1_290' title='bbox 767 2186 987 2258; x_wconf 83' lang='grc' dir='ltr'>μεγάλῳ</span> <span class='ocrx_word' id='word_1_291' title='bbox 1015 2187 1108 2242; x_wconf 78' lang='grc' dir='ltr'>καὶ</span> <span class='ocrx_word' id='word_1_292' title='bbox 1123 2183 1532 2258; x_wconf 82' lang='grc' dir='ltr'>παραδοξοποιῷ</span> <span class='ocrx_word' id='word_1_293' title='bbox 1557 2186 1754 2256; x_wconf 77' lang='grc' dir='ltr'>ποιητῇ</span> 
     </span>
    </p>
   </div>
   <div class='ocr_carea' id='block_1_40' title="bbox 1857 1907 3422 1981">
    <p class='ocr_par' dir='ltr' id='par_1_40' title="bbox 1857 1907 3422 1981">
     <span class='ocr_line' id='line_1_40' title="bbox 1857 1907 3422 1981; baseline -0.004 -13"><span class='ocrx_word' id='word_1_294' title='bbox 1857 1912 1970 1968; x_wconf 89' lang='lat' dir='ltr'><strong>dita</strong></span> <span class='ocrx_word' id='word_1_295' title='bbox 2007 1919 2134 1967; x_wconf 92' lang='lat' dir='ltr'><strong>sunt</strong></span> <span class='ocrx_word' id='word_1_296' title='bbox 2167 1930 2180 1966; x_wconf 92' lang='lat'>:</span> <span class='ocrx_word' id='word_1_297' title='bbox 2212 1910 2308 1966; x_wconf 90' lang='lat' dir='ltr'><strong>sed</strong></span> <span class='ocrx_word' id='word_1_298' title='bbox 2344 1909 2646 1964; x_wconf 90' lang='lat' dir='ltr'><strong>inanimata</strong></span> <span class='ocrx_word' id='word_1_299' title='bbox 2677 1925 2904 1981; x_wconf 85' lang='lat' dir='ltr'><strong>prorsus</strong></span> <span class='ocrx_word' id='word_1_300' title='bbox 2937 1909 3163 1963; x_wconf 84' lang='lat' dir='ltr'><strong>materia</strong></span> <span class='ocrx_word' id='word_1_301' title='bbox 3203 1907 3422 1964; x_wconf 77' lang='lat' dir='ltr'><strong>fuerint.</strong></span> 
     </span>
    </p>
   </div>
   <div class='ocr_carea' id='block_1_41' title="bbox 1856 1997 3432 2074">
    <p class='ocr_par' dir='ltr' id='par_1_41' title="bbox 1856 1997 3432 2074">
     <span class='ocr_line' id='line_1_41' title="bbox 1856 1997 3432 2074; baseline -0.003 -16"><span class='ocrx_word' id='word_1_302' title='bbox 1856 2002 1924 2058; x_wconf 88' lang='lat' dir='ltr'><strong>Et</strong></span> <span class='ocrx_word' id='word_1_303' title='bbox 1945 2003 2035 2058; x_wconf 91' lang='lat' dir='ltr'><strong>illa</strong></span> <span class='ocrx_word' id='word_1_304' title='bbox 2064 2002 2308 2074; x_wconf 88' lang='lat' dir='ltr'><strong>quidem,</strong></span> <span class='ocrx_word' id='word_1_305' title='bbox 2341 2001 2599 2057; x_wconf 82' lang='lat' dir='ltr'><strong>animalia</strong></span> <span class='ocrx_word' id='word_1_306' title='bbox 2630 2000 2852 2072; x_wconf 90' lang='lat' dir='ltr'><strong>inquam</strong></span> <span class='ocrx_word' id='word_1_307' title='bbox 2879 1999 3139 2067; x_wconf 89' lang='lat' dir='ltr'><strong>animata,</strong></span> <span class='ocrx_word' id='word_1_308' title='bbox 3171 1998 3264 2054; x_wconf 89' lang='lat' dir='ltr'><strong>Dei</strong></span> <span class='ocrx_word' id='word_1_309' title='bbox 3296 1997 3432 2056; x_wconf 82' lang='lat' dir='ltr'><strong>Ver-</strong></span> 
     </span>
    </p>
   </div>
   <div class='ocr_carea' id='block_1_42' title="bbox 1858 2091 3446 2164">
    <p class='ocr_par' dir='ltr' id='par_1_42' title="bbox 1858 2091 3446 2164">
     <span class='ocr_line' id='line_1_42' title="bbox 1858 2091 3446 2164; baseline -0.003 -13"><span class='ocrx_word' id='word_1_310' title='bbox 1858 2095 1928 2151; x_wconf 93' lang='lat' dir='ltr'><strong>bo</strong></span> <span class='ocrx_word' id='word_1_311' title='bbox 1954 2095 2324 2151; x_wconf 88' lang='lat' dir='ltr'><strong>constiterunt</strong></span> <span class='ocrx_word' id='word_1_312' title='bbox 2351 2113 2367 2150; x_wconf 87' lang='lat'><strong>:</strong></span> <span class='ocrx_word' id='word_1_313' title='bbox 2402 2101 2459 2149; x_wconf 91' lang='lat' dir='ltr'><strong>at</strong></span> <span class='ocrx_word' id='word_1_314' title='bbox 2484 2093 2564 2148; x_wconf 89' lang='lat' dir='ltr'><strong>illi</strong></span> <span class='ocrx_word' id='word_1_315' title='bbox 2595 2093 2838 2164; x_wconf 78' lang='lat' dir='ltr'><strong>gentium</strong></span> <span class='ocrx_word' id='word_1_316' title='bbox 2871 2092 2970 2157; x_wconf 93' lang='lat' dir='ltr'><strong>dii,</strong></span> <span class='ocrx_word' id='word_1_317' title='bbox 2993 2099 3052 2147; x_wconf 94' lang='lat' dir='ltr'><strong>ut</strong></span> <span class='ocrx_word' id='word_1_318' title='bbox 3074 2091 3446 2164; x_wconf 86' lang='lat' dir='ltr'><strong>putabantur,-</strong></span> 
     </span>
    </p>
   </div>
   <div class='ocr_carea' id='block_1_43' title="bbox 1859 2184 2954 2257">
    <p class='ocr_par' dir='ltr' id='par_1_43' title="bbox 1859 2184 2954 2257">
     <span class='ocr_line' id='line_1_43' title="bbox 1859 2184 2954 2257; baseline -0.002 -17"><span class='ocrx_word' id='word_1_319' title='bbox 1859 2185 2222 2241; x_wconf 90' lang='lat' dir='ltr'><strong>humanorum</strong></span> <span class='ocrx_word' id='word_1_320' title='bbox 2258 2201 2485 2256; x_wconf 89' lang='lat' dir='ltr'><strong>operum</strong></span> <span class='ocrx_word' id='word_1_321' title='bbox 2520 2184 2776 2257; x_wconf 74' lang='lat' dir='ltr'><strong>ﬁgmenta</strong></span> <span class='ocrx_word' id='word_1_322' title='bbox 2807 2191 2954 2240; x_wconf 90' lang='lat' dir='ltr'><strong>sunt.</strong></span> 
     </span>
    </p>
   </div>
   <div class='ocr_carea' id='block_1_44' title="bbox 21 2268 3426 2348">
    <p class='ocr_par' dir='ltr' id='par_1_44' title="bbox 21 2268 3426 2348">
     <span class='ocr_line' id='line_1_44' title="bbox 21 2268 3426 2348; baseline 0.003 -28"><span class='ocrx_word' id='word_1_323' title='bbox 75 2272 216 2324; x_wconf 80' lang='grc' dir='ltr'><strong>τῶν</strong></span> <span class='ocrx_word' id='word_1_324' title='bbox 253 2272 460 2337; x_wconf 80' lang='grc' dir='ltr'>ὅλων,</span> <span class='ocrx_word' id='word_1_325' title='bbox 494 2275 611 2329; x_wconf 80' lang='grc' dir='ltr'><strong>ἀλλ’</strong></span> <span class='ocrx_word' id='word_1_326' title='bbox 641 2275 761 2329; x_wconf 82' lang='grc' dir='ltr'>οὐδὲ</span> <span class='ocrx_word' id='word_1_327' title='bbox 784 2279 894 2340; x_wconf 84' lang='grc' dir='ltr'>τοῖς</span> <span class='ocrx_word' id='word_1_328' title='bbox 926 2277 1173 2347; x_wconf 81' lang='grc' dir='ltr'>ἐσχάτοις</span> <span class='ocrx_word' id='word_1_329' title='bbox 1232 2276 1339 2330; x_wconf 85' lang='grc' dir='ltr'><strong>τῶν</strong></span> <span class='ocrx_word' id='word_1_330' title='bbox 1388 2272 1668 2346; x_wconf 74' lang='grc' dir='ltr'>ἐμψύχων,</span> <span class='ocrx_word' id='word_1_331' title='bbox 1707 2268 1790 2339; x_wconf 76' lang='grc' dir='ltr'>οἷς</span> <span class='ocrx_word' id='word_1_332' title='bbox 1823 2275 2074 2348; x_wconf 78' lang='grc' dir='ltr'>μέτεστιν</span> <span class='ocrx_word' id='word_1_333' title='bbox 2105 2275 2438 2348; x_wconf 74' lang='grc' dir='ltr'>αἰσθήσεωςο</span> <span class='ocrx_word' id='word_1_334' title='bbox 2474 2275 2650 2346; x_wconf 85' lang='grc' dir='ltr'>πάντη</span> <span class='ocrx_word' id='word_1_335' title='bbox 2675 2275 2732 2328; x_wconf 80' lang='grc' dir='ltr'>δὲ</span> <span class='ocrx_word' id='word_1_336' title='bbox 2762 2273 2967 2345; x_wconf 78' lang='grc' dir='ltr'>ἄψυχος</span> <span class='ocrx_word' id='word_1_337' title='bbox 2998 2275 3098 2346; x_wconf 76' lang='grc' dir='ltr'><strong>ὕλη</strong></span> <span class='ocrx_word' id='word_1_338' title='bbox 3157 2274 3426 2347; x_wconf 71' lang='grc' dir='ltr'>καθέστη-</span> 
     </span>
    </p>
   </div>
   <div class='ocr_carea' id='block_1_45' title="bbox 14 2365 3430 2442">
    <p class='ocr_par' dir='ltr' id='par_1_45' title="bbox 14 2365 3430 2442">
     <span class='ocr_line' id='line_1_45' title="bbox 14 2365 3430 2442; baseline 0.001 -23"><span class='ocrx_word' id='word_1_339' title='bbox 14 2377 42 2426; x_wconf 62' lang='grc' dir='ltr'><strong>’ς</strong></span> <span class='ocrx_word' id='word_1_340' title='bbox 89 2382 236 2420; x_wconf 82' lang='grc' dir='ltr'>κεν.</span> <span class='ocrx_word' id='word_1_341' title='bbox 283 2368 573 2421; x_wconf 69' lang='grc' dir='ltr'>Κάκεῖνα</span> <span class='ocrx_word' id='word_1_342' title='bbox 630 2368 748 2439; x_wconf 84' lang='grc' dir='ltr'>μὲν,</span> <span class='ocrx_word' id='word_1_343' title='bbox 797 2368 939 2438; x_wconf 86' lang='grc' dir='ltr'>λέγω</span> <span class='ocrx_word' id='word_1_344' title='bbox 970 2367 1034 2440; x_wconf 79' lang='grc' dir='ltr'>δὴ</span> <span class='ocrx_word' id='word_1_345' title='bbox 1064 2369 1132 2422; x_wconf 78' lang='grc' dir='ltr'><strong>τά</strong></span> <span class='ocrx_word' id='word_1_346' title='bbox 1180 2367 1399 2441; x_wconf 73' lang='grc' dir='ltr'>ἔμψυχα</span> <span class='ocrx_word' id='word_1_347' title='bbox 1453 2369 1588 2434; x_wconf 84' lang='grc' dir='ltr'>ζῶα,</span> <span class='ocrx_word' id='word_1_348' title='bbox 1636 2365 1771 2421; x_wconf 80' lang='grc' dir='ltr'>Θεοῦ</span> <span class='ocrx_word' id='word_1_349' title='bbox 1819 2369 1977 2441; x_wconf 80' lang='grc' dir='ltr'>Λόγῳ</span> <span class='ocrx_word' id='word_1_350' title='bbox 2031 2368 2360 2442; x_wconf 85' lang='grc' dir='ltr'>συνέστηκεν</span> <span class='ocrx_word' id='word_1_351' title='bbox 2403 2385 2418 2401; x_wconf 77' lang='grc' dir='ltr'><strong>ο</strong></span> <span class='ocrx_word' id='word_1_352' title='bbox 2471 2369 2522 2422; x_wconf 82' lang='lat' dir='ltr'><strong>oi</strong></span> <span class='ocrx_word' id='word_1_353' title='bbox 2581 2367 2638 2420; x_wconf 79' lang='grc' dir='ltr'>δὲ</span> <span class='ocrx_word' id='word_1_354' title='bbox 2682 2365 2792 2420; x_wconf 86' lang='grc' dir='ltr'><strong>τῶν</strong></span> <span class='ocrx_word' id='word_1_355' title='bbox 2838 2366 3009 2421; x_wconf 84' lang='grc' dir='ltr'>ὲθνῶν</span> <span class='ocrx_word' id='word_1_356' title='bbox 3054 2368 3430 2439; x_wconf 73' lang='grc' dir='ltr'>νενομισμέναι</span> 
     </span>
    </p>
   </div>
   <div class='ocr_carea' id='block_1_46' title="bbox 15 2456 1806 2533">
    <p class='ocr_par' dir='ltr' id='par_1_46' title="bbox 15 2456 1806 2533">
     <span class='ocr_line' id='line_1_46' title="bbox 15 2456 1806 2533; baseline 0.002 -23"><span class='ocrx_word' id='word_1_357' title='bbox 15 2489 34 2520; x_wconf 64' lang='grc' dir='ltr'>ετ</span> <span class='ocrx_word' id='word_1_358' title='bbox 91 2458 234 2511; x_wconf 73' lang='grc' dir='ltr'>θεοὶ</span> <span class='ocrx_word' id='word_1_359' title='bbox 275 2456 682 2528; x_wconf 82' lang='grc' dir='ltr'>ἀνθρωπίνων</span> <span class='ocrx_word' id='word_1_360' title='bbox 714 2457 889 2530; x_wconf 80' lang='grc' dir='ltr'>ἔργων</span> <span class='ocrx_word' id='word_1_361' title='bbox 919 2459 1318 2533; x_wconf 80' lang='grc' dir='ltr'>ἀναπλάσματα</span> <span class='ocrx_word' id='word_1_362' title='bbox 1347 2461 1716 2533; x_wconf 85' lang='grc' dir='ltr'>τυγχάνουσιν.</span> <span class='ocrx_word' id='word_1_363' title='bbox 1799 2497 1806 2504; x_wconf 91' lang='grc'><strong><em>-</em></strong></span> 
     </span>
    </p>
   </div>
   <div class='ocr_carea' id='block_1_47' title="bbox 669 2574 1271 2632">
    <p class='ocr_par' dir='ltr' id='par_1_47' title="bbox 669 2574 1271 2632">
     <span class='ocr_line' id='line_1_47' title="bbox 669 2574 1271 2632; baseline 0.007 -4"><span class='ocrx_word' id='word_1_364' title='bbox 669 2575 1089 2632; x_wconf 79' lang='grc' dir='ltr'><strong>ΑΛΛΗΛΟΥΙΑ.</strong></span> <span class='ocrx_word' id='word_1_365' title='bbox 1129 2574 1271 2632; x_wconf 84' lang='grc' dir='ltr'><strong>Ρ1Δ’.</strong></span> 
     </span>
    </p>
   </div>
   <div class='ocr_carea' id='block_1_48' title="bbox 200 2667 1756 2738">
    <p class='ocr_par' dir='ltr' id='par_1_48' title="bbox 200 2667 1756 2738">
     <span class='ocr_line' id='line_1_48' title="bbox 200 2667 1756 2738; baseline -0.002 -12"><span class='ocrx_word' id='word_1_366' title='bbox 200 2667 586 2737; x_wconf 73' lang='grc' dir='ltr'>Ἠτὰπησα,</span> <span class='ocrx_word' id='word_1_367' title='bbox 606 2667 695 2722; x_wconf 85' lang='grc' dir='ltr'>ὅτι</span> <span class='ocrx_word' id='word_1_368' title='bbox 715 2669 1138 2723; x_wconf 80' lang='grc' dir='ltr'>είσακούσεται</span> <span class='ocrx_word' id='word_1_369' title='bbox 1177 2669 1394 2738; x_wconf 86' lang='grc' dir='ltr'>Κύριος</span> <span class='ocrx_word' id='word_1_370' title='bbox 1419 2667 1530 2737; x_wconf 81' lang='grc' dir='ltr'>τῆς</span> <span class='ocrx_word' id='word_1_371' title='bbox 1551 2667 1756 2738; x_wconf 72' lang='grc' dir='ltr'>φωνῆς</span> 
     </span>
    </p>
   </div>
   <div class='ocr_carea' id='block_1_49' title="bbox 14 2756 1751 2830">
    <p class='ocr_par' dir='ltr' id='par_1_49' title="bbox 14 2756 1751 2830">
     <span class='ocr_line' id='line_1_49' title="bbox 14 2756 1751 2830; baseline 0 -16"><span class='ocrx_word' id='word_1_372' title='bbox 14 2769 34 2802; x_wconf 67' lang='grc' dir='ltr'>κ</span> <span class='ocrx_word' id='word_1_373' title='bbox 114 2759 246 2830; x_wconf 80' lang='grc' dir='ltr'>τῆς</span> <span class='ocrx_word' id='word_1_374' title='bbox 286 2758 589 2826; x_wconf 77' lang='grc' dir='ltr'>δεήσεως</span> <span class='ocrx_word' id='word_1_375' title='bbox 613 2777 755 2829; x_wconf 83' lang='grc' dir='ltr'>μου,</span> <span class='ocrx_word' id='word_1_376' title='bbox 788 2759 876 2813; x_wconf 86' lang='grc' dir='ltr'>ὅτι</span> <span class='ocrx_word' id='word_1_377' title='bbox 906 2760 1108 2815; x_wconf 70' lang='grc' dir='ltr'>ἔκλινε</span> <span class='ocrx_word' id='word_1_378' title='bbox 1154 2760 1222 2814; x_wconf 84' lang='grc' dir='ltr'>τὸ</span> <span class='ocrx_word' id='word_1_379' title='bbox 1247 2756 1357 2826; x_wconf 87' lang='grc' dir='ltr'>οὖς</span> <span class='ocrx_word' id='word_1_380' title='bbox 1388 2760 1573 2814; x_wconf 84' lang='grc' dir='ltr'>αὐτοῦ</span> <span class='ocrx_word' id='word_1_381' title='bbox 1598 2759 1751 2828; x_wconf 70' lang='grc' dir='ltr'>ἐμοὶ,</span> 
     </span>
    </p>
   </div>
   <div class='ocr_carea' id='block_1_50' title="bbox 14 2845 1753 2922">
    <p class='ocr_par' dir='ltr' id='par_1_50' title="bbox 14 2845 1753 2922">
     <span class='ocr_line' id='line_1_50' title="bbox 14 2845 1753 2922; baseline 0 -18"><span class='ocrx_word' id='word_1_382' title='bbox 14 2845 36 2894; x_wconf 78' lang='grc' dir='ltr'><strong>-ἱ</strong></span> <span class='ocrx_word' id='word_1_383' title='bbox 113 2852 234 2905; x_wconf 75' lang='grc' dir='ltr'><strong>καὶ</strong></span> <span class='ocrx_word' id='word_1_384' title='bbox 275 2853 360 2906; x_wconf 81' lang='grc' dir='ltr'>ἐν</span> <span class='ocrx_word' id='word_1_385' title='bbox 391 2851 541 2918; x_wconf 82' lang='grc' dir='ltr'>ταῖς</span> <span class='ocrx_word' id='word_1_386' title='bbox 565 2850 814 2921; x_wconf 75' lang='grc' dir='ltr'>ἡμέραις</span> <span class='ocrx_word' id='word_1_387' title='bbox 843 2869 962 2921; x_wconf 81' lang='grc' dir='ltr'><strong>μου</strong></span> <span class='ocrx_word' id='word_1_388' title='bbox 1003 2851 1451 2922; x_wconf 71' lang='grc' dir='ltr'>ἐπικαλέσομαι.</span> <span class='ocrx_word' id='word_1_389' title='bbox 1496 2852 1552 2904; x_wconf 83' lang='lat'><strong>&#39;0</strong></span> <span class='ocrx_word' id='word_1_390' title='bbox 1585 2850 1753 2904; x_wconf 87' lang='grc' dir='ltr'>πάλαι</span> 
     </span>
    </p>
   </div>
   <div class='ocr_carea' id='block_1_51' title="bbox 14 2942 1752 3017">
    <p class='ocr_par' dir='ltr' id='par_1_51' title="bbox 14 2942 1752 3017">
     <span class='ocr_line' id='line_1_51' title="bbox 14 2942 1752 3017; baseline 0.017 -31"><span class='ocrx_word' id='word_1_391' title='bbox 14 2943 42 3004; x_wconf 60' lang='grc' dir='ltr'><em>ζέ</em></span> <span class='ocrx_word' id='word_1_392' title='bbox 124 2943 512 3016; x_wconf 71' lang='grc' dir='ltr'>φοϐούμενος</span> <span class='ocrx_word' id='word_1_393' title='bbox 546 2943 638 2997; x_wconf 82' lang='grc' dir='ltr'>τὸν</span> <span class='ocrx_word' id='word_1_394' title='bbox 664 2943 889 3016; x_wconf 80' lang='grc' dir='ltr'>Κύριον,</span> <span class='ocrx_word' id='word_1_395' title='bbox 929 2943 1028 3015; x_wconf 73' lang='grc' dir='ltr'>ἠδη</span> <span class='ocrx_word' id='word_1_396' title='bbox 1067 2943 1347 3017; x_wconf 79' lang='grc' dir='ltr'>προκόψας</span> <span class='ocrx_word' id='word_1_397' title='bbox 1395 2942 1504 2997; x_wconf 65' lang='grc' dir='ltr'><strong>ἀπὸ</strong></span> <span class='ocrx_word' id='word_1_398' title='bbox 1525 2942 1620 2998; x_wconf 67' lang='grc' dir='ltr'><strong>τοῦ</strong></span> <span class='ocrx_word' id='word_1_399' title='bbox 1652 2943 1752 3013; x_wconf 74' lang='grc' dir='ltr'><strong>φ⁶’</strong></span> 
     </span>
    </p>
   </div>
   <div class='ocr_carea' id='block_1_52' title="bbox 25 3034 1750 3108">
    <p class='ocr_par' dir='ltr' id='par_1_52' title="bbox 25 3034 1750 3108">
     <span class='ocr_line' id='line_1_52' title="bbox 25 3034 1750 3108; baseline 0 -18"><span class='ocrx_word' id='word_1_400' title='bbox 25 3047 42 3080; x_wconf 72' lang='grc' dir='ltr'><strong>Ξ</strong></span> <span class='ocrx_word' id='word_1_401' title='bbox 126 3036 263 3101; x_wconf 73' lang='grc' dir='ltr'>σου,</span> <span class='ocrx_word' id='word_1_402' title='bbox 312 3037 421 3090; x_wconf 75' lang='grc' dir='ltr'>καὶ</span> <span class='ocrx_word' id='word_1_403' title='bbox 475 3034 718 3106; x_wconf 76' lang='grc' dir='ltr'>μεταϐὰς</span> <span class='ocrx_word' id='word_1_404' title='bbox 743 3036 835 3088; x_wconf 78' lang='grc' dir='ltr'><strong>ἐπὶ</strong></span> <span class='ocrx_word' id='word_1_405' title='bbox 876 3035 974 3108; x_wconf 77' lang='grc' dir='ltr'>τὴν</span> <span class='ocrx_word' id='word_1_406' title='bbox 1005 3035 1224 3107; x_wconf 79' lang='grc' dir='ltr'>ἀγάπην</span> <span class='ocrx_word' id='word_1_407' title='bbox 1275 3034 1368 3089; x_wconf 84' lang='grc' dir='ltr'><strong>τοῦ</strong></span> <span class='ocrx_word' id='word_1_408' title='bbox 1417 3035 1575 3100; x_wconf 79' lang='grc' dir='ltr'>Θεοῦ,</span> <span class='ocrx_word' id='word_1_409' title='bbox 1608 3035 1750 3090; x_wconf 86' lang='grc' dir='ltr'>εῐποι</span> 
     </span>
    </p>
   </div>
   <div class='ocr_carea' id='block_1_53' title="bbox 139 3127 1747 3200">
    <p class='ocr_par' dir='ltr' id='par_1_53' title="bbox 139 3127 1747 3200">
     <span class='ocr_line' id='line_1_53' title="bbox 139 3127 1747 3200; baseline -0.001 -16"><span class='ocrx_word' id='word_1_410' title='bbox 139 3129 236 3193; x_wconf 76' lang='grc' dir='ltr'>ἂν,</span> <span class='ocrx_word' id='word_1_411' title='bbox 271 3128 612 3200; x_wconf 66' lang='grc' dir='ltr'>Ἡτάπησα</span> <span class='ocrx_word' id='word_1_412' title='bbox 631 3143 650 3161; x_wconf 83' lang='lat'><strong><em>°</em></strong></span> <span class='ocrx_word' id='word_1_413' title='bbox 697 3127 821 3182; x_wconf 88' lang='grc' dir='ltr'>τίνα</span> <span class='ocrx_word' id='word_1_414' title='bbox 845 3127 922 3192; x_wconf 82' lang='grc' dir='ltr'>δὲ,</span> <span class='ocrx_word' id='word_1_415' title='bbox 956 3127 1212 3199; x_wconf 77' lang='grc' dir='ltr'>ἢδηλαδὴ</span> <span class='ocrx_word' id='word_1_416' title='bbox 1260 3127 1462 3200; x_wconf 81' lang='grc' dir='ltr'>Κύριον</span> <span class='ocrx_word' id='word_1_417' title='bbox 1489 3129 1582 3183; x_wconf 79' lang='grc' dir='ltr'>τὸν</span> <span class='ocrx_word' id='word_1_418' title='bbox 1614 3127 1747 3183; x_wconf 80' lang='grc' dir='ltr'>Θεὸν</span> 
     </span>
    </p>
   </div>
   <div class='ocr_carea' id='block_1_54' title="bbox 2353 2569 2942 2629">
    <p class='ocr_par' dir='ltr' id='par_1_54' title="bbox 2353 2569 2942 2629">
     <span class='ocr_line' id='line_1_54' title="bbox 2353 2569 2942 2629; baseline 0.005 -4"><span class='ocrx_word' id='word_1_419' title='bbox 2353 2569 2717 2628; x_wconf 81' lang='lat' dir='ltr'><strong>ALLELUIA.</strong></span> <span class='ocrx_word' id='word_1_420' title='bbox 2758 2571 2942 2629; x_wconf 82' lang='lat' dir='ltr'><strong>CXIV.</strong></span> 
     </span>
    </p>
   </div>
   <div class='ocr_carea' id='block_1_55' title="bbox 1933 2661 3433 2734">
    <p class='ocr_par' dir='ltr' id='par_1_55' title="bbox 1933 2661 3433 2734">
     <span class='ocr_line' id='line_1_55' title="bbox 1933 2661 3433 2734; baseline 0.003 -16"><span class='ocrx_word' id='word_1_421' title='bbox 1933 2662 2098 2718; x_wconf 72' lang='lat' dir='ltr'><strong>Vsus.</strong></span> <span class='ocrx_word' id='word_1_422' title='bbox 2132 2662 2186 2728; x_wconf 78' lang='grc'>1,</span> <span class='ocrx_word' id='word_1_423' title='bbox 2212 2662 2268 2718; x_wconf 74' lang='lat'><strong>2.</strong></span> <span class='ocrx_word' id='word_1_424' title='bbox 2303 2661 2483 2717; x_wconf 68' lang='lat' dir='ltr'><strong>Dilexi</strong></span> <span class='ocrx_word' id='word_1_425' title='bbox 2512 2665 2764 2734; x_wconf 86' lang='lat' dir='ltr'><strong>quoniam</strong></span> <span class='ocrx_word' id='word_1_426' title='bbox 2786 2665 3032 2720; x_wconf 73' lang='lat' dir='ltr'><strong>exaudiet</strong></span> <span class='ocrx_word' id='word_1_427' title='bbox 3061 2664 3320 2721; x_wconf 79' lang='lat' dir='ltr'><strong>Dominus</strong></span> <span class='ocrx_word' id='word_1_428' title='bbox 3351 2683 3433 2722; x_wconf 83' lang='lat' dir='ltr'><strong>vo-</strong></span> 
     </span>
    </p>
   </div>
   <div class='ocr_carea' id='block_1_56' title="bbox 1857 2755 3432 2828">
    <p class='ocr_par' dir='ltr' id='par_1_56' title="bbox 1857 2755 3432 2828">
     <span class='ocr_line' id='line_1_56' title="bbox 1857 2755 3432 2828; baseline 0.005 -20"><span class='ocrx_word' id='word_1_429' title='bbox 1857 2771 1968 2810; x_wconf 85' lang='lat' dir='ltr'><strong>cem</strong></span> <span class='ocrx_word' id='word_1_430' title='bbox 1997 2755 2254 2809; x_wconf 86' lang='lat' dir='ltr'><strong>orationis</strong></span> <span class='ocrx_word' id='word_1_431' title='bbox 2279 2771 2426 2823; x_wconf 77' lang='lat' dir='ltr'><strong>mete,</strong></span> <span class='ocrx_word' id='word_1_432' title='bbox 2450 2757 2576 2828; x_wconf 86' lang='lat' dir='ltr'><strong>quia</strong></span> <span class='ocrx_word' id='word_1_433' title='bbox 2598 2757 2872 2812; x_wconf 85' lang='lat' dir='ltr'><strong>inclinavit</strong></span> <span class='ocrx_word' id='word_1_434' title='bbox 2899 2774 3081 2813; x_wconf 87' lang='lat' dir='ltr'><strong>aurem</strong></span> <span class='ocrx_word' id='word_1_435' title='bbox 3103 2775 3255 2814; x_wconf 87' lang='lat' dir='ltr'><strong>suam</strong></span> <span class='ocrx_word' id='word_1_436' title='bbox 3279 2761 3432 2826; x_wconf 78' lang='lat' dir='ltr'><strong>mihi,</strong></span> 
     </span>
    </p>
   </div>
   <div class='ocr_carea' id='block_1_57' title="bbox 1855 2845 3433 2913">
    <p class='ocr_par' dir='ltr' id='par_1_57' title="bbox 1855 2845 3433 2913">
     <span class='ocr_line' id='line_1_57' title="bbox 1855 2845 3433 2913; baseline 0.004 -11"><span class='ocrx_word' id='word_1_437' title='bbox 1855 2847 1985 2902; x_wconf 87' lang='lat' dir='ltr'><strong>etin</strong></span> <span class='ocrx_word' id='word_1_438' title='bbox 2009 2845 2193 2901; x_wconf 86' lang='lat' dir='ltr'><strong>diebus</strong></span> <span class='ocrx_word' id='word_1_439' title='bbox 2224 2846 2354 2902; x_wconf 88' lang='lat' dir='ltr'><strong>meis</strong></span> <span class='ocrx_word' id='word_1_440' title='bbox 2376 2847 2646 2902; x_wconf 77' lang='lat' dir='ltr'><strong>invocabo.</strong></span> <span class='ocrx_word' id='word_1_441' title='bbox 2677 2849 2780 2913; x_wconf 82' lang='lat' dir='ltr'><strong>Qui</strong></span> <span class='ocrx_word' id='word_1_442' title='bbox 2806 2849 2937 2904; x_wconf 89' lang='lat' dir='ltr'><strong>olim</strong></span> <span class='ocrx_word' id='word_1_443' title='bbox 2969 2848 3254 2905; x_wconf 90' lang='lat' dir='ltr'><strong>Dominum</strong></span> <span class='ocrx_word' id='word_1_444' title='bbox 3280 2851 3433 2908; x_wconf 82' lang='lat' dir='ltr'><strong>time-</strong></span> 
     </span>
    </p>
   </div>
   <div class='ocr_carea' id='block_1_58' title="bbox 1855 2937 3428 3010">
    <p class='ocr_par' dir='ltr' id='par_1_58' title="bbox 1855 2937 3428 3010">
     <span class='ocr_line' id='line_1_58' title="bbox 1855 2937 3428 3010; baseline 0.004 -17"><span class='ocrx_word' id='word_1_445' title='bbox 1855 2939 1969 3002; x_wconf 88' lang='lat' dir='ltr'><strong>bat,</strong></span> <span class='ocrx_word' id='word_1_446' title='bbox 1996 2939 2109 3008; x_wconf 82' lang='lat' dir='ltr'><strong>jam</strong></span> <span class='ocrx_word' id='word_1_447' title='bbox 2140 2952 2171 2992; x_wconf 89' lang='lat' dir='ltr'><strong>a</strong></span> <span class='ocrx_word' id='word_1_448' title='bbox 2203 2937 2399 2994; x_wconf 89' lang='lat' dir='ltr'><strong>timore</strong></span> <span class='ocrx_word' id='word_1_449' title='bbox 2428 2937 2729 3010; x_wconf 82' lang='lat' dir='ltr'><strong>profectus,</strong></span> <span class='ocrx_word' id='word_1_450' title='bbox 2759 2947 2812 2995; x_wconf 91' lang='lat' dir='ltr'><strong>et</strong></span> <span class='ocrx_word' id='word_1_451' title='bbox 2839 2941 2909 2995; x_wconf 92' lang='lat' dir='ltr'><strong>ad</strong></span> <span class='ocrx_word' id='word_1_452' title='bbox 2946 2939 3291 2998; x_wconf 87' lang='lat' dir='ltr'><strong>dilectionem</strong></span> <span class='ocrx_word' id='word_1_453' title='bbox 3328 2941 3428 2999; x_wconf 80' lang='lat' dir='ltr'><strong>Dei</strong></span> 
     </span>
    </p>
   </div>
   <div class='ocr_carea' id='block_1_59' title="bbox 1855 3030 3429 3104">
    <p class='ocr_par' dir='ltr' id='par_1_59' title="bbox 1855 3030 3429 3104">
     <span class='ocr_line' id='line_1_59' title="bbox 1855 3030 3429 3104; baseline 0.003 -18"><span class='ocrx_word' id='word_1_454' title='bbox 1855 3039 2256 3101; x_wconf 77' lang='lat' dir='ltr'><strong>transgressus,</strong></span> <span class='ocrx_word' id='word_1_455' title='bbox 2277 3030 2402 3100; x_wconf 89' lang='lat' dir='ltr'><strong>jure</strong></span> <span class='ocrx_word' id='word_1_456' title='bbox 2422 3031 2644 3094; x_wconf 80' lang='lat' dir='ltr'><strong>dixerit,</strong></span> <span class='ocrx_word' id='word_1_457' title='bbox 2676 3031 2856 3086; x_wconf 78' lang='lat' dir='ltr'><strong>Dilexi</strong></span> <span class='ocrx_word' id='word_1_458' title='bbox 2880 3049 2898 3086; x_wconf 92' lang='lat'><strong><em>:</em></strong></span> <span class='ocrx_word' id='word_1_459' title='bbox 2923 3048 3082 3101; x_wconf 89' lang='lat' dir='ltr'><strong>quem</strong></span> <span class='ocrx_word' id='word_1_460' title='bbox 3107 3049 3290 3104; x_wconf 88' lang='lat' dir='ltr'><strong>porro,</strong></span> <span class='ocrx_word' id='word_1_461' title='bbox 3319 3035 3429 3092; x_wconf 86' lang='lat' dir='ltr'><strong>nisi</strong></span> 
     </span>
    </p>
   </div>
   <div class='ocr_carea' id='block_1_60' title="bbox 1855 3119 3425 3193">
    <p class='ocr_par' dir='ltr' id='par_1_60' title="bbox 1855 3119 3425 3193">
     <span class='ocr_line' id='line_1_60' title="bbox 1855 3119 3425 3193; baseline 0.002 -18"><span class='ocrx_word' id='word_1_462' title='bbox 1855 3121 2145 3176; x_wconf 93' lang='lat' dir='ltr'><strong>Dominum</strong></span> <span class='ocrx_word' id='word_1_463' title='bbox 2163 3119 2351 3184; x_wconf 91' lang='lat' dir='ltr'><strong>Deum,</strong></span> <span class='ocrx_word' id='word_1_464' title='bbox 2371 3136 2438 3176; x_wconf 77' lang='lat' dir='ltr'><strong>ex</strong></span> <span class='ocrx_word' id='word_1_465' title='bbox 2455 3128 2569 3176; x_wconf 90' lang='lat' dir='ltr'><strong>toto</strong></span> <span class='ocrx_word' id='word_1_466' title='bbox 2591 3121 2779 3188; x_wconf 90' lang='lat' dir='ltr'><strong>corde,</strong></span> <span class='ocrx_word' id='word_1_467' title='bbox 2800 3122 3002 3177; x_wconf 89' lang='lat' dir='ltr'><strong>virtute</strong></span> <span class='ocrx_word' id='word_1_468' title='bbox 3025 3131 3188 3193; x_wconf 83' lang='lat' dir='ltr'><strong>atque</strong></span> <span class='ocrx_word' id='word_1_469' title='bbox 3211 3125 3425 3193; x_wconf 88' lang='lat' dir='ltr'><strong>anima;</strong></span> 
     </span>
    </p>
   </div>
   <div class='ocr_carea' id='block_1_61' title="bbox 17 3212 1754 3290">
    <p class='ocr_par' dir='ltr' id='par_1_61' title="bbox 17 3217 1748 3290">
     <span class='ocr_line' id='line_1_61' title="bbox 17 3217 1748 3290; baseline 0.006 -28"><span class='ocrx_word' id='word_1_470' title='bbox 17 3217 42 3266; x_wconf 71' lang='grc' dir='ltr'>ες</span> <span class='ocrx_word' id='word_1_471' title='bbox 139 3217 208 3282; x_wconf 63' lang='grc' dir='ltr'><strong>ἐξ</strong></span> <span class='ocrx_word' id='word_1_472' title='bbox 247 3217 392 3289; x_wconf 81' lang='grc' dir='ltr'>ὅλης</span> <span class='ocrx_word' id='word_1_473' title='bbox 427 3217 680 3288; x_wconf 83' lang='grc' dir='ltr'>καρδίας,</span> <span class='ocrx_word' id='word_1_474' title='bbox 710 3217 803 3270; x_wconf 76' lang='grc' dir='ltr'>καὶ</span> <span class='ocrx_word' id='word_1_475' title='bbox 827 3217 1104 3288; x_wconf 90' lang='grc' dir='ltr'>δυνάμεως</span> <span class='ocrx_word' id='word_1_476' title='bbox 1126 3217 1219 3270; x_wconf 71' lang='grc' dir='ltr'>καὶ</span> <span class='ocrx_word' id='word_1_477' title='bbox 1238 3217 1435 3290; x_wconf 74' lang='grc' dir='ltr'>ψυχῆς,</span> <span class='ocrx_word' id='word_1_478' title='bbox 1461 3217 1601 3273; x_wconf 84' lang='grc' dir='ltr'>ὥστε</span> <span class='ocrx_word' id='word_1_479' title='bbox 1629 3219 1748 3272; x_wconf 84' lang='grc' dir='ltr'>’ἐνε-</span> 
     </span>
    </p>
   </div>
   <div class='ocr_carea' id='block_1_62' title="bbox 1859 3212 3450 3290">
    <p class='ocr_par' dir='ltr' id='par_1_62' title="bbox 1859 3212 3450 3286">
     <span class='ocr_line' id='line_1_62' title="bbox 1859 3212 3450 3286; baseline 0.003 -17"><span class='ocrx_word' id='word_1_480' title='bbox 1859 3215 1930 3269; x_wconf 87' lang='lat' dir='ltr'><strong>ita</strong></span> <span class='ocrx_word' id='word_1_481' title='bbox 1957 3221 2019 3269; x_wconf 93' lang='lat' dir='ltr'><strong>ut</strong></span> <span class='ocrx_word' id='word_1_482' title='bbox 2047 3221 2272 3284; x_wconf 89' lang='lat' dir='ltr'><strong>propter</strong></span> <span class='ocrx_word' id='word_1_483' title='bbox 2304 3213 2508 3282; x_wconf 88' lang='lat' dir='ltr'><strong>ipsum,</strong></span> <span class='ocrx_word' id='word_1_484' title='bbox 2538 3214 2624 3268; x_wconf 86' lang='lat' dir='ltr'><strong>vel</strong></span> <span class='ocrx_word' id='word_1_485' title='bbox 2649 3212 2715 3267; x_wconf 91' lang='lat' dir='ltr'><strong>ad</strong></span> <span class='ocrx_word' id='word_1_486' title='bbox 2740 3223 2971 3269; x_wconf 89' lang='lat' dir='ltr'><strong>mortem</strong></span> <span class='ocrx_word' id='word_1_487' title='bbox 3007 3231 3180 3286; x_wconf 88' lang='lat' dir='ltr'><strong>usque</strong></span> <span class='ocrx_word' id='word_1_488' title='bbox 3208 3231 3450 3274; x_wconf 45' lang='lat' dir='ltr'><strong>cancer»</strong></span> 
     </span>
    </p>
   </div>
   <div class='ocr_carea' id='block_1_63' title="bbox 15 3306 1748 3384">
    <p class='ocr_par' dir='ltr' id='par_1_63' title="bbox 15 3306 1748 3384">
     <span class='ocr_line' id='line_1_63' title="bbox 15 3306 1748 3384; baseline 0.005 -28"><span class='ocrx_word' id='word_1_489' title='bbox 15 3324 46 3356; x_wconf 77' lang='grc' dir='ltr'>ι·</span> <span class='ocrx_word' id='word_1_490' title='bbox 145 3325 250 3363; x_wconf 78' lang='grc' dir='ltr'><strong>κεν</strong></span> <span class='ocrx_word' id='word_1_491' title='bbox 273 3306 460 3362; x_wconf 73' lang='grc' dir='ltr'>αὐτοῦ</span> <span class='ocrx_word' id='word_1_492' title='bbox 485 3310 578 3363; x_wconf 75' lang='grc' dir='ltr'>καὶ</span> <span class='ocrx_word' id='word_1_493' title='bbox 603 3309 762 3381; x_wconf 87' lang='grc' dir='ltr'>μέχρι</span> <span class='ocrx_word' id='word_1_494' title='bbox 787 3307 1016 3362; x_wconf 84' lang='grc' dir='ltr'>θανάτου</span> <span class='ocrx_word' id='word_1_495' title='bbox 1053 3308 1415 3378; x_wconf 75' lang='grc' dir='ltr'>ἀγωνίζεσθαι</span> <span class='ocrx_word' id='word_1_496' title='bbox 1442 3310 1580 3384; x_wconf 87' lang='grc' dir='ltr'>ὑπὲρ</span> <span class='ocrx_word' id='word_1_497' title='bbox 1615 3310 1748 3383; x_wconf 81' lang='grc' dir='ltr'>ἀλη-</span> 
     </span>
    </p>
   </div>
   <div class='ocr_carea' id='block_1_64' title="bbox 22 3395 1752 3468">
    <p class='ocr_par' dir='ltr' id='par_1_64' title="bbox 22 3395 1752 3468">
     <span class='ocr_line' id='line_1_64' title="bbox 22 3395 1752 3468; baseline 0.001 -19"><span class='ocrx_word' id='word_1_498' title='bbox 22 3417 46 3449; x_wconf 61' lang='lat'><strong><em>:</em></strong></span> <span class='ocrx_word' id='word_1_499' title='bbox 150 3396 342 3462; x_wconf 81' lang='grc' dir='ltr'>θείας,</span> <span class='ocrx_word' id='word_1_500' title='bbox 397 3396 584 3452; x_wconf 84' lang='grc' dir='ltr'>πάντα</span> <span class='ocrx_word' id='word_1_501' title='bbox 616 3413 676 3450; x_wconf 88' lang='grc' dir='ltr'><strong>τε</strong></span> <span class='ocrx_word' id='word_1_502' title='bbox 715 3397 1003 3467; x_wconf 78' lang='grc' dir='ltr'>ὑπομεῖναι</span> <span class='ocrx_word' id='word_1_503' title='bbox 1055 3395 1377 3468; x_wconf 83' lang='grc' dir='ltr'>πειρασμὸν,</span> <span class='ocrx_word' id='word_1_504' title='bbox 1430 3397 1524 3450; x_wconf 73' lang='grc' dir='ltr'>καὶ</span> <span class='ocrx_word' id='word_1_505' title='bbox 1575 3396 1752 3450; x_wconf 78' lang='grc' dir='ltr'>πάντα</span> 
     </span>
    </p>
   </div>
   <div class='ocr_carea' id='block_1_65' title="bbox 14 3484 1754 3561">
    <p class='ocr_par' dir='ltr' id='par_1_65' title="bbox 14 3484 1754 3561">
     <span class='ocr_line' id='line_1_65' title="bbox 14 3484 1754 3561; baseline 0.001 -20"><span class='ocrx_word' id='word_1_506' title='bbox 14 3493 44 3542; x_wconf 58' lang='grc' dir='ltr'>εξ</span> <span class='ocrx_word' id='word_1_507' title='bbox 151 3489 420 3543; x_wconf 78' lang='grc' dir='ltr'>κίνδυνον</span> <span class='ocrx_word' id='word_1_508' title='bbox 475 3488 774 3559; x_wconf 79' lang='grc' dir='ltr'>ὑποστῆναι</span> <span class='ocrx_word' id='word_1_509' title='bbox 832 3486 1125 3560; x_wconf 83' lang='grc' dir='ltr'>προθύμως</span> <span class='ocrx_word' id='word_1_510' title='bbox 1170 3487 1259 3541; x_wconf 80' lang='grc' dir='ltr'><strong>διὰ</strong></span> <span class='ocrx_word' id='word_1_511' title='bbox 1301 3484 1398 3559; x_wconf 78' lang='grc' dir='ltr'>τὴν</span> <span class='ocrx_word' id='word_1_512' title='bbox 1450 3488 1585 3561; x_wconf 82' lang='grc' dir='ltr'>πρὸς</span> <span class='ocrx_word' id='word_1_513' title='bbox 1621 3487 1754 3542; x_wconf 84' lang='grc' dir='ltr'>Θεὸν</span> 
     </span>
    </p>
   </div>
   <div class='ocr_carea' id='block_1_66' title="bbox 14 3575 1756 3652">
    <p class='ocr_par' dir='ltr' id='par_1_66' title="bbox 14 3575 1756 3652">
     <span class='ocr_line' id='line_1_66' title="bbox 14 3575 1756 3652; baseline -0.002 -16"><span class='ocrx_word' id='word_1_514' title='bbox 14 3590 46 3636; x_wconf 83' lang='lat' dir='ltr'><strong>r..&#39;</strong></span> <span class='ocrx_word' id='word_1_515' title='bbox 160 3581 440 3652; x_wconf 83' lang='grc' dir='ltr'>ἀγάπην;</span> <span class='ocrx_word' id='word_1_516' title='bbox 475 3580 596 3634; x_wconf 85' lang='grc' dir='ltr'>Ὅτι</span> <span class='ocrx_word' id='word_1_517' title='bbox 654 3581 857 3634; x_wconf 69' lang='grc' dir='ltr'>ἔκλινε</span> <span class='ocrx_word' id='word_1_518' title='bbox 893 3579 961 3634; x_wconf 84' lang='grc' dir='ltr'>τὸ</span> <span class='ocrx_word' id='word_1_519' title='bbox 1005 3575 1115 3647; x_wconf 87' lang='grc' dir='ltr'>οὖς</span> <span class='ocrx_word' id='word_1_520' title='bbox 1141 3579 1329 3635; x_wconf 88' lang='grc' dir='ltr'>αὐτοῦ</span> <span class='ocrx_word' id='word_1_521' title='bbox 1374 3579 1523 3650; x_wconf 77' lang='grc' dir='ltr'>ἐμοὶ,</span> <span class='ocrx_word' id='word_1_522' title='bbox 1557 3579 1655 3634; x_wconf 81' lang='grc' dir='ltr'><strong>καί</strong></span> <span class='ocrx_word' id='word_1_523' title='bbox 1685 3579 1756 3633; x_wconf 83' lang='grc' dir='ltr'>ἐν</span> 
     </span>
    </p>
   </div>
   <div class='ocr_carea' id='block_1_67' title="bbox 22 3667 1754 3740">
    <p class='ocr_par' dir='ltr' id='par_1_67' title="bbox 22 3667 1754 3740">
     <span class='ocr_line' id='line_1_67' title="bbox 22 3667 1754 3740; baseline 0 -17"><span class='ocrx_word' id='word_1_524' title='bbox 163 3670 303 3736; x_wconf 75' lang='grc' dir='ltr'>ταῖς</span> <span class='ocrx_word' id='word_1_525' title='bbox 355 3669 606 3740; x_wconf 77' lang='grc' dir='ltr'>ἡμέραις</span> <span class='ocrx_word' id='word_1_526' title='bbox 650 3687 768 3740; x_wconf 80' lang='grc' dir='ltr'><strong>μου</strong></span> <span class='ocrx_word' id='word_1_527' title='bbox 813 3668 1263 3738; x_wconf 70' lang='grc' dir='ltr'>ὲπικαλέσομαι.</span> <span class='ocrx_word' id='word_1_528' title='bbox 1317 3667 1650 3739; x_wconf 63' lang='grc' dir='ltr'>Περώσχον</span> <span class='ocrx_word' id='word_1_529' title='bbox 1675 3685 1754 3738; x_wconf 82' lang='grc' dir='ltr'><strong>με</strong></span> 
     </span>
    </p>
   </div>
   <div class='ocr_carea' id='block_1_68' title="bbox 26 3759 1753 3830">
    <p class='ocr_par' dir='ltr' id='par_1_68' title="bbox 26 3759 1753 3830">
     <span class='ocr_line' id='line_1_68' title="bbox 26 3759 1753 3830; baseline -0.001 -14"><span class='ocrx_word' id='word_1_530' title='bbox 167 3763 390 3830; x_wconf 81' lang='grc' dir='ltr'>ὠδῖνες</span> <span class='ocrx_word' id='word_1_531' title='bbox 429 3759 707 3826; x_wconf 77' lang='grc' dir='ltr'>θανάτου,</span> <span class='ocrx_word' id='word_1_532' title='bbox 743 3760 1010 3816; x_wconf 81' lang='grc' dir='ltr'>κίνδυνοι</span> <span class='ocrx_word' id='word_1_533' title='bbox 1035 3760 1183 3828; x_wconf 78' lang='grc' dir='ltr'>ᾅδου</span> <span class='ocrx_word' id='word_1_534' title='bbox 1210 3759 1473 3829; x_wconf 83' lang='grc' dir='ltr'>εὕροσὰν</span> <span class='ocrx_word' id='word_1_535' title='bbox 1487 3777 1564 3829; x_wconf 84' lang='grc' dir='ltr'><strong>με</strong></span> <span class='ocrx_word' id='word_1_536' title='bbox 1581 3776 1595 3790; x_wconf 87' lang='grc'><strong>·</strong></span> <span class='ocrx_word' id='word_1_537' title='bbox 1621 3760 1753 3814; x_wconf 76' lang='grc' dir='ltr'><strong>θλι-</strong></span> 
     </span>
    </p>
   </div>
   <div class='ocr_carea' id='block_1_69' title="bbox 171 3847 1755 3925">
    <p class='ocr_par' dir='ltr' id='par_1_69' title="bbox 171 3847 1755 3925">
     <span class='ocr_line' id='line_1_69' title="bbox 171 3847 1755 3925; baseline -0.001 -19"><span class='ocrx_word' id='word_1_538' title='bbox 171 3859 289 3925; x_wconf 64' lang='grc' dir='ltr'>ψιν</span> <span class='ocrx_word' id='word_1_539' title='bbox 319 3853 421 3908; x_wconf 72' lang='grc' dir='ltr'><strong>καί</strong></span> <span class='ocrx_word' id='word_1_540' title='bbox 449 3852 674 3920; x_wconf 84' lang='grc' dir='ltr'>ὀδύνην</span> <span class='ocrx_word' id='word_1_541' title='bbox 704 3847 906 3920; x_wconf 82' lang='grc' dir='ltr'>εὗρον,</span> <span class='ocrx_word' id='word_1_542' title='bbox 933 3851 1031 3906; x_wconf 79' lang='grc' dir='ltr'><strong>καί</strong></span> <span class='ocrx_word' id='word_1_543' title='bbox 1061 3852 1126 3906; x_wconf 84' lang='grc' dir='ltr'>τὸ</span> <span class='ocrx_word' id='word_1_544' title='bbox 1158 3851 1346 3922; x_wconf 75' lang='grc' dir='ltr'>ὄνομα</span> <span class='ocrx_word' id='word_1_545' title='bbox 1370 3851 1590 3920; x_wconf 84' lang='grc' dir='ltr'>Κυρίου</span> <span class='ocrx_word' id='word_1_546' title='bbox 1622 3851 1755 3905; x_wconf 82' lang='grc' dir='ltr'>ἐπε-</span> 
     </span>
    </p>
   </div>
   <div class='ocr_carea' id='block_1_70' title="bbox 15 3941 1750 4016">
    <p class='ocr_par' dir='ltr' id='par_1_70' title="bbox 15 3941 1750 4016">
     <span class='ocr_line' id='line_1_70' title="bbox 15 3941 1750 4016; baseline -0.004 -11"><span class='ocrx_word' id='word_1_547' title='bbox 15 3971 34 4005; x_wconf 71' lang='lat' dir='ltr'><strong>r:</strong></span> <span class='ocrx_word' id='word_1_548' title='bbox 180 3945 553 4016; x_wconf 69' lang='grc' dir='ltr'>καλεσὰμην.</span> <span class='ocrx_word' id='word_1_549' title='bbox 584 3941 654 3998; x_wconf 84' lang='grc' dir='ltr'><strong><em>Ὦ</em></strong></span> <span class='ocrx_word' id='word_1_550' title='bbox 723 3944 917 4013; x_wconf 86' lang='grc' dir='ltr'>Κύριε,</span> <span class='ocrx_word' id='word_1_551' title='bbox 965 3943 1153 4012; x_wconf 76' lang='grc' dir='ltr'>ῥῦσαι</span> <span class='ocrx_word' id='word_1_552' title='bbox 1201 3943 1316 4013; x_wconf 81' lang='grc' dir='ltr'>τὴν</span> <span class='ocrx_word' id='word_1_553' title='bbox 1351 3942 1562 4014; x_wconf 68' lang='grc' dir='ltr'>ψυχήν</span> <span class='ocrx_word' id='word_1_554' title='bbox 1611 3960 1750 4015; x_wconf 81' lang='grc' dir='ltr'>μουο</span> 
     </span>
    </p>
   </div>
   <div class='ocr_carea' id='block_1_71' title="bbox 22 4032 1754 4105">
    <p class='ocr_par' dir='ltr' id='par_1_71' title="bbox 22 4032 1754 4105">
     <span class='ocr_line' id='line_1_71' title="bbox 22 4032 1754 4105; baseline 0.014 -25"><span class='ocrx_word' id='word_1_555' title='bbox 22 4067 36 4098; x_wconf 41' lang='grc' dir='ltr'>,η</span> <span class='ocrx_word' id='word_1_556' title='bbox 180 4036 458 4105; x_wconf 68' lang='grc' dir='ltr'>ἐλεήμων</span> <span class='ocrx_word' id='word_1_557' title='bbox 485 4034 582 4090; x_wconf 75' lang='grc' dir='ltr'><strong>καί</strong></span> <span class='ocrx_word' id='word_1_558' title='bbox 615 4035 844 4102; x_wconf 85' lang='grc' dir='ltr'>δίκαιος</span> <span class='ocrx_word' id='word_1_559' title='bbox 876 4037 909 4090; x_wconf 86' lang='lat' dir='ltr'><strong>d</strong></span> <span class='ocrx_word' id='word_1_560' title='bbox 939 4036 1177 4103; x_wconf 83' lang='grc' dir='ltr'>Κύριος,</span> <span class='ocrx_word' id='word_1_561' title='bbox 1206 4033 1305 4088; x_wconf 74' lang='grc' dir='ltr'><strong>καί</strong></span> <span class='ocrx_word' id='word_1_562' title='bbox 1342 4037 1376 4088; x_wconf 85' lang='grc' dir='ltr'><em>ό</em></span> <span class='ocrx_word' id='word_1_563' title='bbox 1402 4034 1547 4100; x_wconf 83' lang='grc' dir='ltr'>Θεὸς</span> <span class='ocrx_word' id='word_1_564' title='bbox 1585 4032 1754 4102; x_wconf 68' lang='grc' dir='ltr'><strong>ἡμῶν</strong></span> 
     </span>
    </p>
   </div>
   <div class='ocr_carea' id='block_1_72' title="bbox 13 4123 1752 4198">
    <p class='ocr_par' dir='ltr' id='par_1_72' title="bbox 13 4123 1752 4198">
     <span class='ocr_line' id='line_1_72' title="bbox 13 4123 1752 4198; baseline -0.005 -14"><span class='ocrx_word' id='word_1_565' title='bbox 13 4139 48 4198; x_wconf 56' lang='lat' dir='ltr'><strong>mf;</strong></span> <span class='ocrx_word' id='word_1_566' title='bbox 188 4127 366 4182; x_wconf 68' lang='grc' dir='ltr'><strong>ἐλεεῖ.</strong></span> <span class='ocrx_word' id='word_1_567' title='bbox 400 4126 730 4182; x_wconf 70' lang='grc' dir='ltr'>Φυλάσσων</span> <span class='ocrx_word' id='word_1_568' title='bbox 773 4127 846 4180; x_wconf 82' lang='grc' dir='ltr'>τὰ</span> <span class='ocrx_word' id='word_1_569' title='bbox 879 4124 1062 4192; x_wconf 80' lang='grc' dir='ltr'>νήπια</span> <span class='ocrx_word' id='word_1_570' title='bbox 1103 4128 1136 4179; x_wconf 85' lang='grc' dir='ltr'><em>ό</em></span> <span class='ocrx_word' id='word_1_571' title='bbox 1185 4127 1416 4193; x_wconf 83' lang='grc' dir='ltr'>Κύριος,</span> <span class='ocrx_word' id='word_1_572' title='bbox 1438 4123 1752 4178; x_wconf 82' lang='grc' dir='ltr'>ἐταπεινώ-</span> 
     </span>
    </p>
   </div>
   <div class='ocr_carea' id='block_1_73' title="bbox 23 4211 1753 4285">
    <p class='ocr_par' dir='ltr' id='par_1_73' title="bbox 23 4211 1753 4285">
     <span class='ocr_line' id='line_1_73' title="bbox 23 4211 1753 4285; baseline -0.001 -17"><span class='ocrx_word' id='word_1_573' title='bbox 23 4235 44 4280; x_wconf 64' lang='lat' dir='ltr'><strong>:i;</strong></span> <span class='ocrx_word' id='word_1_574' title='bbox 193 4219 328 4282; x_wconf 83' lang='grc' dir='ltr'>θην,</span> <span class='ocrx_word' id='word_1_575' title='bbox 359 4215 454 4269; x_wconf 73' lang='grc' dir='ltr'>καὶ</span> <span class='ocrx_word' id='word_1_576' title='bbox 483 4214 679 4270; x_wconf 76' lang='grc' dir='ltr'>ἔσωσέ</span> <span class='ocrx_word' id='word_1_577' title='bbox 711 4232 810 4285; x_wconf 82' lang='grc' dir='ltr'>με.</span> <span class='ocrx_word' id='word_1_578' title='bbox 867 4215 1280 4283; x_wconf 68' lang='grc' dir='ltr'>Ἐπίστρεψον,</span> <span class='ocrx_word' id='word_1_579' title='bbox 1306 4211 1474 4282; x_wconf 71' lang='grc' dir='ltr'><strong>ψυχή</strong></span> <span class='ocrx_word' id='word_1_580' title='bbox 1497 4230 1640 4282; x_wconf 78' lang='grc' dir='ltr'>μου,</span> <span class='ocrx_word' id='word_1_581' title='bbox 1666 4214 1753 4279; x_wconf 87' lang='grc' dir='ltr'><strong>είς</strong></span> 
     </span>
    </p>
   </div>
   <div class='ocr_carea' id='block_1_74' title="bbox 199 4301 1750 4374">
    <p class='ocr_par' dir='ltr' id='par_1_74' title="bbox 199 4301 1750 4374">
     <span class='ocr_line' id='line_1_74' title="bbox 199 4301 1750 4374; baseline -0.001 -14"><span class='ocrx_word' id='word_1_582' title='bbox 199 4305 310 4374; x_wconf 77' lang='grc' dir='ltr'>τὴν</span> <span class='ocrx_word' id='word_1_583' title='bbox 333 4305 670 4360; x_wconf 72' lang='grc' dir='ltr'>ἀνάπαυσιν</span> <span class='ocrx_word' id='word_1_584' title='bbox 699 4321 837 4370; x_wconf 86' lang='grc' dir='ltr'>σου,</span> <span class='ocrx_word' id='word_1_585' title='bbox 863 4305 952 4358; x_wconf 87' lang='grc' dir='ltr'>ὅτι</span> <span class='ocrx_word' id='word_1_586' title='bbox 984 4305 1197 4373; x_wconf 85' lang='grc' dir='ltr'>Κύριος</span> <span class='ocrx_word' id='word_1_587' title='bbox 1231 4301 1593 4373; x_wconf 78' lang='grc' dir='ltr'>εὐηργέτησέ</span> <span class='ocrx_word' id='word_1_588' title='bbox 1643 4317 1717 4358; x_wconf 86' lang='grc' dir='ltr'><strong>σε</strong></span> <span class='ocrx_word' id='word_1_589' title='bbox 1735 4319 1750 4336; x_wconf 85' lang='grc'><strong>·</strong></span> 
     </span>
    </p>
   </div>
   <div class='ocr_carea' id='block_1_75' title="bbox 14 4387 1753 4467">
    <p class='ocr_par' dir='ltr' id='par_1_75' title="bbox 14 4387 1753 4467">
     <span class='ocr_line' id='line_1_75' title="bbox 14 4387 1753 4467; baseline -0.002 -16"><span class='ocrx_word' id='word_1_590' title='bbox 201 4398 289 4452; x_wconf 80' lang='grc' dir='ltr'>ὅτι</span> <span class='ocrx_word' id='word_1_591' title='bbox 329 4397 580 4463; x_wconf 72' lang='grc' dir='ltr'>ἐξείλετο</span> <span class='ocrx_word' id='word_1_592' title='bbox 628 4396 744 4467; x_wconf 78' lang='grc' dir='ltr'>τὴν</span> <span class='ocrx_word' id='word_1_593' title='bbox 773 4395 984 4466; x_wconf 65' lang='grc' dir='ltr'>ψυχήν</span> <span class='ocrx_word' id='word_1_594' title='bbox 1017 4414 1137 4466; x_wconf 79' lang='grc' dir='ltr'><strong>μου</strong></span> <span class='ocrx_word' id='word_1_595' title='bbox 1185 4396 1253 4449; x_wconf 83' lang='grc' dir='ltr'>ἐκ</span> <span class='ocrx_word' id='word_1_596' title='bbox 1290 4394 1568 4460; x_wconf 83' lang='grc' dir='ltr'>θανάτου,</span> <span class='ocrx_word' id='word_1_597' title='bbox 1613 4387 1753 4461; x_wconf 82' lang='grc' dir='ltr'>τοὺς</span> 
     </span>
    </p>
   </div>
   <div class='ocr_carea' id='block_1_76' title="bbox 14 4473 1752 4559">
    <p class='ocr_par' dir='ltr' id='par_1_76' title="bbox 14 4473 1752 4559">
     <span class='ocr_line' id='line_1_76' title="bbox 14 4473 1752 4559; baseline 0 -18"><span class='ocrx_word' id='word_1_598' title='bbox 206 4491 530 4559; x_wconf 62' lang='grc' dir='ltr'>ὀφθαλμούς</span> <span class='ocrx_word' id='word_1_599' title='bbox 581 4507 700 4559; x_wconf 81' lang='grc' dir='ltr'><strong>μου</strong></span> <span class='ocrx_word' id='word_1_600' title='bbox 731 4487 850 4542; x_wconf 81' lang='grc' dir='ltr'><strong>ἀπὸ</strong></span> <span class='ocrx_word' id='word_1_601' title='bbox 897 4487 1188 4556; x_wconf 81' lang='grc' dir='ltr'>δακρύων,</span> <span class='ocrx_word' id='word_1_602' title='bbox 1216 4487 1315 4541; x_wconf 79' lang='grc' dir='ltr'>καὶ</span> <span class='ocrx_word' id='word_1_603' title='bbox 1367 4487 1508 4554; x_wconf 86' lang='grc' dir='ltr'>τοὺς</span> <span class='ocrx_word' id='word_1_604' title='bbox 1561 4487 1752 4554; x_wconf 81' lang='grc' dir='ltr'>πόδας</span> 
     </span>
    </p>
   </div>
   <div class='ocr_carea' id='block_1_77' title="bbox 1851 3306 3428 3376">
    <p class='ocr_par' dir='ltr' id='par_1_77' title="bbox 1851 3306 3428 3376">
     <span class='ocr_line' id='line_1_77' title="bbox 1851 3306 3428 3376; baseline 0.003 -16"><span class='ocrx_word' id='word_1_605' title='bbox 1851 3311 1929 3362; x_wconf 89' lang='lat' dir='ltr'><strong>tet</strong></span> <span class='ocrx_word' id='word_1_606' title='bbox 1967 3319 2066 3376; x_wconf 89' lang='lat' dir='ltr'><strong>pro</strong></span> <span class='ocrx_word' id='word_1_607' title='bbox 2099 3306 2347 3370; x_wconf 83' lang='lat' dir='ltr'><strong>veritate,</strong></span> <span class='ocrx_word' id='word_1_608' title='bbox 2383 3319 2448 3360; x_wconf 92' lang='lat' dir='ltr'><strong>ac</strong></span> <span class='ocrx_word' id='word_1_609' title='bbox 2471 3306 2724 3376; x_wconf 82' lang='lat' dir='ltr'><strong>quamvis</strong></span> <span class='ocrx_word' id='word_1_610' title='bbox 2751 3309 3107 3364; x_wconf 87' lang='lat' dir='ltr'><strong>tentationem</strong></span> <span class='ocrx_word' id='word_1_611' title='bbox 3134 3310 3428 3376; x_wconf 85' lang='lat' dir='ltr'><strong>sustineat,</strong></span> 
     </span>
    </p>
   </div>
   <div class='ocr_carea' id='block_1_78' title="bbox 1853 3397 3434 3472">
    <p class='ocr_par' dir='ltr' id='par_1_78' title="bbox 1853 3397 3434 3472">
     <span class='ocr_line' id='line_1_78' title="bbox 1853 3397 3434 3472; baseline 0.002 -18"><span class='ocrx_word' id='word_1_612' title='bbox 1853 3397 2087 3472; x_wconf 87' lang='lat' dir='ltr'><strong>quodvis</strong></span> <span class='ocrx_word' id='word_1_613' title='bbox 2117 3398 2421 3469; x_wconf 87' lang='lat' dir='ltr'><strong>periculum</strong></span> <span class='ocrx_word' id='word_1_614' title='bbox 2447 3397 2708 3452; x_wconf 87' lang='lat' dir='ltr'><strong>alacriter</strong></span> <span class='ocrx_word' id='word_1_615' title='bbox 2730 3413 2840 3468; x_wconf 67' lang='lat' dir='ltr'><strong>prae</strong></span> <span class='ocrx_word' id='word_1_616' title='bbox 2869 3398 2961 3454; x_wconf 88' lang='lat' dir='ltr'><strong>Dei</strong></span> <span class='ocrx_word' id='word_1_617' title='bbox 2984 3415 3171 3456; x_wconf 91' lang='lat' dir='ltr'><strong>amore</strong></span> <span class='ocrx_word' id='word_1_618' title='bbox 3198 3401 3434 3458; x_wconf 74' lang='lat' dir='ltr'><strong>subeat?</strong></span> 
     </span>
    </p>
   </div>
   <div class='ocr_carea' id='block_1_79' title="bbox 1850 3488 3431 3560">
    <p class='ocr_par' dir='ltr' id='par_1_79' title="bbox 1850 3488 3431 3560">
     <span class='ocr_line' id='line_1_79' title="bbox 1850 3488 3431 3560; baseline 0.004 -16"><span class='ocrx_word' id='word_1_619' title='bbox 1850 3488 2110 3546; x_wconf 73' lang='lat' dir='ltr'><strong>——Vsns.</strong></span> <span class='ocrx_word' id='word_1_620' title='bbox 2141 3489 2257 3545; x_wconf 79' lang='grc'><strong>5-8.</strong></span> <span class='ocrx_word' id='word_1_621' title='bbox 2292 3489 2433 3556; x_wconf 84' lang='lat' dir='ltr'><strong>Quia</strong></span> <span class='ocrx_word' id='word_1_622' title='bbox 2471 3490 2749 3546; x_wconf 77' lang='lat' dir='ltr'><strong>inclinavit</strong></span> <span class='ocrx_word' id='word_1_623' title='bbox 2795 3507 2977 3545; x_wconf 88' lang='lat' dir='ltr'><strong>aurem</strong></span> <span class='ocrx_word' id='word_1_624' title='bbox 3019 3509 3172 3547; x_wconf 87' lang='lat' dir='ltr'><strong>suam</strong></span> <span class='ocrx_word' id='word_1_625' title='bbox 3201 3494 3350 3560; x_wconf 79' lang='lat' dir='ltr'><strong>mihi,</strong></span> <span class='ocrx_word' id='word_1_626' title='bbox 3379 3503 3431 3550; x_wconf 87' lang='lat' dir='ltr'><strong>et</strong></span> 
     </span>
    </p>
   </div>
   <div class='ocr_carea' id='block_1_80' title="bbox 1853 3580 3426 3643">
    <p class='ocr_par' dir='ltr' id='par_1_80' title="bbox 1853 3580 3426 3643">
     <span class='ocr_line' id='line_1_80' title="bbox 1853 3580 3426 3643; baseline 0.004 -7"><span class='ocrx_word' id='word_1_627' title='bbox 1853 3583 1909 3636; x_wconf 91' lang='lat' dir='ltr'><strong>in</strong></span> <span class='ocrx_word' id='word_1_628' title='bbox 1935 3580 2119 3636; x_wconf 83' lang='lat' dir='ltr'><strong>diebus</strong></span> <span class='ocrx_word' id='word_1_629' title='bbox 2151 3581 2279 3635; x_wconf 88' lang='lat' dir='ltr'><strong>meis</strong></span> <span class='ocrx_word' id='word_1_630' title='bbox 2310 3580 2582 3636; x_wconf 79' lang='lat' dir='ltr'><strong>invocabo.</strong></span> <span class='ocrx_word' id='word_1_631' title='bbox 2610 3581 3084 3638; x_wconf 85' lang='lat' dir='ltr'><strong>Circumdederunt</strong></span> <span class='ocrx_word' id='word_1_632' title='bbox 3112 3602 3193 3640; x_wconf 90' lang='lat' dir='ltr'><strong>me</strong></span> <span class='ocrx_word' id='word_1_633' title='bbox 3218 3587 3426 3643; x_wconf 76' lang='lat' dir='ltr'><strong>dolores</strong></span> 
     </span>
    </p>
   </div>
   <div class='ocr_carea' id='block_1_81' title="bbox 1853 3670 3431 3740">
    <p class='ocr_par' dir='ltr' id='par_1_81' title="bbox 1853 3670 3431 3740">
     <span class='ocr_line' id='line_1_81' title="bbox 1853 3670 3431 3740; baseline 0.004 -15"><span class='ocrx_word' id='word_1_634' title='bbox 1853 3672 2061 3736; x_wconf 86' lang='lat' dir='ltr'><strong>martis,</strong></span> <span class='ocrx_word' id='word_1_635' title='bbox 2104 3670 2349 3740; x_wconf 64' lang='lat' dir='ltr'><strong>pericula.</strong></span> <span class='ocrx_word' id='word_1_636' title='bbox 2381 3671 2575 3740; x_wconf 84' lang='lat' dir='ltr'><strong>inferni</strong></span> <span class='ocrx_word' id='word_1_637' title='bbox 2617 3672 2921 3727; x_wconf 87' lang='lat' dir='ltr'><strong>invenerunt</strong></span> <span class='ocrx_word' id='word_1_638' title='bbox 2961 3690 3058 3728; x_wconf 88' lang='lat' dir='ltr'><strong>me.</strong></span> <span class='ocrx_word' id='word_1_639' title='bbox 3100 3674 3431 3731; x_wconf 82' lang='lat' dir='ltr'><strong>Tribulatio-</strong></span> 
     </span>
    </p>
   </div>
   <div class='ocr_carea' id='block_1_82' title="bbox 1852 3761 3425 3826">
    <p class='ocr_par' dir='ltr' id='par_1_82' title="bbox 1852 3761 3425 3826">
     <span class='ocr_line' id='line_1_82' title="bbox 1852 3761 3425 3826; baseline 0.004 -10"><span class='ocrx_word' id='word_1_640' title='bbox 1852 3778 1970 3817; x_wconf 85' lang='lat' dir='ltr'><strong>nem</strong></span> <span class='ocrx_word' id='word_1_641' title='bbox 2016 3770 2067 3817; x_wconf 87' lang='lat' dir='ltr'><strong>et</strong></span> <span class='ocrx_word' id='word_1_642' title='bbox 2103 3761 2338 3817; x_wconf 83' lang='lat' dir='ltr'><strong>dolorem</strong></span> <span class='ocrx_word' id='word_1_643' title='bbox 2379 3763 2571 3826; x_wconf 85' lang='lat' dir='ltr'><strong>inveni,</strong></span> <span class='ocrx_word' id='word_1_644' title='bbox 2602 3770 2652 3816; x_wconf 86' lang='lat' dir='ltr'><strong>et</strong></span> <span class='ocrx_word' id='word_1_645' title='bbox 2686 3779 2872 3816; x_wconf 84' lang='lat' dir='ltr'><strong>nomen</strong></span> <span class='ocrx_word' id='word_1_646' title='bbox 2915 3762 3132 3820; x_wconf 87' lang='lat' dir='ltr'><strong>Domini</strong></span> <span class='ocrx_word' id='word_1_647' title='bbox 3170 3767 3425 3822; x_wconf 87' lang='lat' dir='ltr'><strong>invocavi.</strong></span> 
     </span>
    </p>
   </div>
   <div class='ocr_carea' id='block_1_83' title="bbox 1856 3853 3426 3928">
    <p class='ocr_par' dir='ltr' id='par_1_83' title="bbox 1856 3853 3426 3928">
     <span class='ocr_line' id='line_1_83' title="bbox 1856 3853 3426 3928; baseline 0.003 -19"><span class='ocrx_word' id='word_1_648' title='bbox 1856 3853 1901 3910; x_wconf 89' lang='lat'><strong><em>0</em></strong></span> <span class='ocrx_word' id='word_1_649' title='bbox 1926 3853 2173 3918; x_wconf 90' lang='lat' dir='ltr'><strong>Domine,</strong></span> <span class='ocrx_word' id='word_1_650' title='bbox 2197 3854 2362 3908; x_wconf 83' lang='lat' dir='ltr'><strong>libera</strong></span> <span class='ocrx_word' id='word_1_651' title='bbox 2387 3855 2624 3908; x_wconf 89' lang='lat' dir='ltr'><strong>animam</strong></span> <span class='ocrx_word' id='word_1_652' title='bbox 2646 3871 2837 3923; x_wconf 88' lang='lat' dir='ltr'><strong>meam,</strong></span> <span class='ocrx_word' id='word_1_653' title='bbox 2865 3857 3161 3912; x_wconf 67' lang='lat' dir='ltr'><strong>misericors</strong></span> <span class='ocrx_word' id='word_1_654' title='bbox 3183 3868 3234 3913; x_wconf 88' lang='lat' dir='ltr'><strong>et</strong></span> <span class='ocrx_word' id='word_1_655' title='bbox 3244 3859 3426 3928; x_wconf 84' lang='lat' dir='ltr'><strong>justus</strong></span> 
     </span>
    </p>
   </div>
   <div class='ocr_carea' id='block_1_84' title="bbox 1859 3945 3427 4020">
    <p class='ocr_par' dir='ltr' id='par_1_84' title="bbox 1859 3945 3427 4020">
     <span class='ocr_line' id='line_1_84' title="bbox 1859 3945 3427 4020; baseline 0.006 -22"><span class='ocrx_word' id='word_1_656' title='bbox 1859 3945 2136 4010; x_wconf 85' lang='lat' dir='ltr'><strong>Dominus,</strong></span> <span class='ocrx_word' id='word_1_657' title='bbox 2164 3957 2214 4000; x_wconf 89' lang='lat' dir='ltr'><strong>et</strong></span> <span class='ocrx_word' id='word_1_658' title='bbox 2252 3945 2391 3999; x_wconf 88' lang='lat' dir='ltr'><strong>Deus</strong></span> <span class='ocrx_word' id='word_1_659' title='bbox 2423 3957 2599 3999; x_wconf 84' lang='lat' dir='ltr'><strong>noster</strong></span> <span class='ocrx_word' id='word_1_660' title='bbox 2623 3947 2916 4002; x_wconf 83' lang='lat' dir='ltr'><strong>miseretur.</strong></span> <span class='ocrx_word' id='word_1_661' title='bbox 2953 3947 3265 4006; x_wconf 78' lang='lat' dir='ltr'><strong>Custodiens</strong></span> <span class='ocrx_word' id='word_1_662' title='bbox 3297 3967 3427 4020; x_wconf 89' lang='lat' dir='ltr'><strong>par-</strong></span> 
     </span>
    </p>
   </div>
   <div class='ocr_carea' id='block_1_85' title="bbox 1850 4037 3425 4105">
    <p class='ocr_par' dir='ltr' id='par_1_85' title="bbox 1850 4037 3425 4105">
     <span class='ocr_line' id='line_1_85' title="bbox 1850 4037 3425 4105; baseline 0.005 -14"><span class='ocrx_word' id='word_1_663' title='bbox 1850 4037 1999 4092; x_wconf 80' lang='lat' dir='ltr'><strong>vulos</strong></span> <span class='ocrx_word' id='word_1_664' title='bbox 2049 4037 2330 4104; x_wconf 88' lang='lat' dir='ltr'><strong>Dominus,</strong></span> <span class='ocrx_word' id='word_1_665' title='bbox 2377 4037 2688 4093; x_wconf 80' lang='lat' dir='ltr'><strong>humiliatus</strong></span> <span class='ocrx_word' id='word_1_666' title='bbox 2744 4056 2898 4105; x_wconf 89' lang='lat' dir='ltr'><strong>sum,</strong></span> <span class='ocrx_word' id='word_1_667' title='bbox 2957 4051 3007 4095; x_wconf 87' lang='lat' dir='ltr'><strong>et</strong></span> <span class='ocrx_word' id='word_1_668' title='bbox 3059 4042 3286 4097; x_wconf 77' lang='lat' dir='ltr'><strong>salvabit</strong></span> <span class='ocrx_word' id='word_1_669' title='bbox 3324 4061 3425 4099; x_wconf 85' lang='lat' dir='ltr'><strong>me.</strong></span> 
     </span>
    </p>
   </div>
   <div class='ocr_carea' id='block_1_86' title="bbox 1855 4125 3431 4206">
    <p class='ocr_par' dir='ltr' id='par_1_86' title="bbox 1855 4125 3431 4206">
     <span class='ocr_line' id='line_1_86' title="bbox 1855 4125 3431 4206; baseline 0.005 -23"><span class='ocrx_word' id='word_1_670' title='bbox 1855 4125 2184 4193; x_wconf 84' lang='lat' dir='ltr'><strong>Convertere,</strong></span> <span class='ocrx_word' id='word_1_671' title='bbox 2227 4130 2408 4183; x_wconf 87' lang='lat' dir='ltr'><strong>anima</strong></span> <span class='ocrx_word' id='word_1_672' title='bbox 2445 4147 2580 4190; x_wconf 84' lang='lat' dir='ltr'><strong>mea,</strong></span> <span class='ocrx_word' id='word_1_673' title='bbox 2625 4133 2680 4185; x_wconf 89' lang='lat' dir='ltr'><strong>in</strong></span> <span class='ocrx_word' id='word_1_674' title='bbox 2710 4133 2937 4202; x_wconf 85' lang='lat' dir='ltr'><strong>requiem</strong></span> <span class='ocrx_word' id='word_1_675' title='bbox 2971 4145 3138 4198; x_wconf 83' lang='lat' dir='ltr'><strong>tuam,</strong></span> <span class='ocrx_word' id='word_1_676' title='bbox 3169 4137 3294 4206; x_wconf 86' lang='lat' dir='ltr'><strong>quia</strong></span> <span class='ocrx_word' id='word_1_677' title='bbox 3323 4137 3431 4192; x_wconf 88' lang='lat' dir='ltr'><strong>Do-</strong></span> 
     </span>
    </p>
   </div>
   <div class='ocr_carea' id='block_1_87' title="bbox 1855 4219 3430 4293">
    <p class='ocr_par' dir='ltr' id='par_1_87' title="bbox 1855 4219 3430 4293">
     <span class='ocr_line' id='line_1_87' title="bbox 1855 4219 3430 4293; baseline 0.006 -20"><span class='ocrx_word' id='word_1_678' title='bbox 1855 4219 2028 4274; x_wconf 85' lang='lat' dir='ltr'><strong>minus</strong></span> <span class='ocrx_word' id='word_1_679' title='bbox 2063 4219 2312 4288; x_wconf 77' lang='lat' dir='ltr'><strong>benefecit</strong></span> <span class='ocrx_word' id='word_1_680' title='bbox 2344 4223 2458 4275; x_wconf 83' lang='lat' dir='ltr'><strong>tibi.</strong></span> <span class='ocrx_word' id='word_1_681' title='bbox 2503 4222 2645 4289; x_wconf 84' lang='lat' dir='ltr'><strong>Quia</strong></span> <span class='ocrx_word' id='word_1_682' title='bbox 2682 4224 2874 4293; x_wconf 83' lang='lat' dir='ltr'><strong>eripuit</strong></span> <span class='ocrx_word' id='word_1_683' title='bbox 2906 4225 3140 4279; x_wconf 89' lang='lat' dir='ltr'><strong>animam</strong></span> <span class='ocrx_word' id='word_1_684' title='bbox 3169 4243 3336 4282; x_wconf 88' lang='lat' dir='ltr'><strong>meam</strong></span> <span class='ocrx_word' id='word_1_685' title='bbox 3363 4229 3430 4282; x_wconf 82' lang='lat' dir='ltr'><strong>de</strong></span> 
     </span>
    </p>
   </div>
   <div class='ocr_carea' id='block_1_88' title="bbox 1856 4310 3426 4389">
    <p class='ocr_par' dir='ltr' id='par_1_88' title="bbox 1856 4310 3426 4389">
     <span class='ocr_line' id='line_1_88' title="bbox 1856 4310 3426 4389; baseline 0.008 -25"><span class='ocrx_word' id='word_1_686' title='bbox 1856 4319 2042 4375; x_wconf 89' lang='lat' dir='ltr'><strong>morte,</strong></span> <span class='ocrx_word' id='word_1_687' title='bbox 2072 4310 2250 4364; x_wconf 87' lang='lat' dir='ltr'><strong>oculos</strong></span> <span class='ocrx_word' id='word_1_688' title='bbox 2287 4328 2426 4367; x_wconf 89' lang='lat' dir='ltr'><strong>meos</strong></span> <span class='ocrx_word' id='word_1_689' title='bbox 2457 4329 2490 4366; x_wconf 91' lang='lat' dir='ltr'><strong>a</strong></span> <span class='ocrx_word' id='word_1_690' title='bbox 2523 4312 2797 4384; x_wconf 81' lang='lat' dir='ltr'><strong>lacrymis,</strong></span> <span class='ocrx_word' id='word_1_691' title='bbox 2827 4314 2979 4384; x_wconf 84' lang='lat' dir='ltr'><strong>pedes</strong></span> <span class='ocrx_word' id='word_1_692' title='bbox 3012 4333 3151 4372; x_wconf 89' lang='lat' dir='ltr'><strong>meos</strong></span> <span class='ocrx_word' id='word_1_693' title='bbox 3186 4335 3220 4372; x_wconf 89' lang='lat' dir='ltr'><strong>a</strong></span> <span class='ocrx_word' id='word_1_694' title='bbox 3253 4319 3426 4389; x_wconf 81' lang='lat' dir='ltr'><strong>lapsu.</strong></span> 
     </span>
    </p>
   </div>
   <div class='ocr_carea' id='block_1_89' title="bbox 1855 4400 3431 4480">
    <p class='ocr_par' dir='ltr' id='par_1_89' title="bbox 1855 4400 3431 4480">
     <span class='ocr_line' id='line_1_89' title="bbox 1855 4400 3431 4480; baseline 0.008 -26"><span class='ocrx_word' id='word_1_695' title='bbox 1855 4400 2001 4469; x_wconf 70' lang='lat' dir='ltr'><strong>Haec,</strong></span> <span class='ocrx_word' id='word_1_696' title='bbox 2035 4401 2232 4473; x_wconf 88' lang='lat' dir='ltr'><strong>inquit,</strong></span> <span class='ocrx_word' id='word_1_697' title='bbox 2263 4405 2446 4458; x_wconf 89' lang='lat' dir='ltr'><strong>omnia</strong></span> <span class='ocrx_word' id='word_1_698' title='bbox 2481 4415 2706 4476; x_wconf 87' lang='lat' dir='ltr'><strong>propter</strong></span> <span class='ocrx_word' id='word_1_699' title='bbox 2737 4405 2906 4463; x_wconf 92' lang='lat' dir='ltr'><strong>Deum</strong></span> <span class='ocrx_word' id='word_1_700' title='bbox 2942 4425 3238 4480; x_wconf 87' lang='lat' dir='ltr'><strong>perpessus</strong></span> <span class='ocrx_word' id='word_1_701' title='bbox 3264 4410 3431 4467; x_wconf 79' lang='lat' dir='ltr'><strong>dilexi</strong></span> 
     </span>
    </p>
   </div>
   <div class='ocr_carea' id='block_1_90' title="bbox 1854 4492 3431 4572">
    <p class='ocr_par' dir='ltr' id='par_1_90' title="bbox 1854 4492 3431 4572">
     <span class='ocr_line' id='line_1_90' title="bbox 1854 4492 3431 4572; baseline 0.008 -25"><span class='ocrx_word' id='word_1_702' title='bbox 1854 4493 2025 4548; x_wconf 67' lang='lat' dir='ltr'><strong>illum.</strong></span> <span class='ocrx_word' id='word_1_703' title='bbox 2061 4492 2180 4549; x_wconf 84' lang='lat' dir='ltr'><strong>Non</strong></span> <span class='ocrx_word' id='word_1_704' title='bbox 2216 4496 2360 4550; x_wconf 87' lang='lat' dir='ltr'><strong>enim</strong></span> <span class='ocrx_word' id='word_1_705' title='bbox 2411 4508 2605 4566; x_wconf 63' lang='lat' dir='ltr'><strong>praeter</strong></span> <span class='ocrx_word' id='word_1_706' title='bbox 2650 4499 3012 4566; x_wconf 84' lang='lat' dir='ltr'><strong>voluntatem,</strong></span> <span class='ocrx_word' id='word_1_707' title='bbox 3060 4517 3239 4572; x_wconf 88' lang='lat' dir='ltr'><strong>neque</strong></span> <span class='ocrx_word' id='word_1_708' title='bbox 3279 4501 3431 4558; x_wconf 80' lang='lat' dir='ltr'><strong>refu-</strong></span> 
     </span>
    </p>
   </div>
   <div class='ocr_carea' id='block_1_91' title="bbox 207 4578 1754 4659">
    <p class='ocr_par' dir='ltr' id='par_1_91' title="bbox 207 4578 1754 4652">
     <span class='ocr_line' id='line_1_91' title="bbox 207 4578 1754 4652; baseline -0.001 -16"><span class='ocrx_word' id='word_1_709' title='bbox 207 4600 315 4650; x_wconf 79' lang='grc' dir='ltr'><strong>μου</strong></span> <span class='ocrx_word' id='word_1_710' title='bbox 343 4581 448 4636; x_wconf 72' lang='grc' dir='ltr'><strong>ἀπὸ</strong></span> <span class='ocrx_word' id='word_1_711' title='bbox 483 4581 902 4652; x_wconf 73' lang='grc' dir='ltr'>ὀλισθήματος.</span> <span class='ocrx_word' id='word_1_712' title='bbox 935 4581 1114 4634; x_wconf 84' lang='grc' dir='ltr'>Πάντα</span> <span class='ocrx_word' id='word_1_713' title='bbox 1138 4579 1244 4652; x_wconf 77' lang='grc' dir='ltr'>γὰρ</span> <span class='ocrx_word' id='word_1_714' title='bbox 1279 4578 1471 4648; x_wconf 83' lang='grc' dir='ltr'>ταῦτα,</span> <span class='ocrx_word' id='word_1_715' title='bbox 1501 4580 1652 4652; x_wconf 76' lang='grc' dir='ltr'>φησὶ,</span> <span class='ocrx_word' id='word_1_716' title='bbox 1667 4580 1754 4635; x_wconf 86' lang='grc' dir='ltr'><strong>διὰ</strong></span> 
     </span>
    </p>
   </div>
   <div class='ocr_carea' id='block_1_92' title="bbox 1859 4578 3432 4659">
    <p class='ocr_par' dir='ltr' id='par_1_92' title="bbox 1859 4585 3432 4659">
     <span class='ocr_line' id='line_1_92' title="bbox 1859 4585 3432 4659; baseline 0.007 -19"><span class='ocrx_word' id='word_1_717' title='bbox 1859 4585 2087 4658; x_wconf 76' lang='lat' dir='ltr'><strong>giendo,</strong></span> <span class='ocrx_word' id='word_1_718' title='bbox 2135 4587 2230 4642; x_wconf 83' lang='lat' dir='ltr'><strong>sed</strong></span> <span class='ocrx_word' id='word_1_719' title='bbox 2279 4588 2535 4644; x_wconf 88' lang='lat' dir='ltr'><strong>alacriter</strong></span> <span class='ocrx_word' id='word_1_720' title='bbox 2570 4606 2655 4645; x_wconf 92' lang='lat' dir='ltr'><strong>me</strong></span> <span class='ocrx_word' id='word_1_721' title='bbox 2697 4592 2780 4648; x_wconf 90' lang='lat' dir='ltr'><strong>his</strong></span> <span class='ocrx_word' id='word_1_722' title='bbox 2827 4593 3084 4649; x_wconf 83' lang='lat' dir='ltr'><strong>omnibus</strong></span> <span class='ocrx_word' id='word_1_723' title='bbox 3119 4595 3342 4659; x_wconf 88' lang='lat' dir='ltr'><strong>tradidi,</strong></span> <span class='ocrx_word' id='word_1_724' title='bbox 3375 4605 3432 4652; x_wconf 89' lang='lat' dir='ltr'><strong>et</strong></span> 
     </span>
    </p>
   </div>
   <div class='ocr_carea' id='block_1_93' title="bbox 209 4670 1749 4745">
    <p class='ocr_par' dir='ltr' id='par_1_93' title="bbox 209 4670 1749 4745">
     <span class='ocr_line' id='line_1_93' title="bbox 209 4670 1749 4745; baseline 0.001 -20"><span class='ocrx_word' id='word_1_725' title='bbox 209 4673 296 4726; x_wconf 70' lang='grc' dir='ltr'>τὸν</span> <span class='ocrx_word' id='word_1_726' title='bbox 319 4673 438 4727; x_wconf 81' lang='grc' dir='ltr'>Θεὸν</span> <span class='ocrx_word' id='word_1_727' title='bbox 471 4673 768 4744; x_wconf 83' lang='grc' dir='ltr'>ὑπομείνας</span> <span class='ocrx_word' id='word_1_728' title='bbox 805 4671 1087 4744; x_wconf 83' lang='grc' dir='ltr'>ὴγάπησα,</span> <span class='ocrx_word' id='word_1_729' title='bbox 1121 4673 1194 4726; x_wconf 78' lang='grc' dir='ltr'><strong>Οὐ</strong></span> <span class='ocrx_word' id='word_1_730' title='bbox 1223 4670 1332 4745; x_wconf 81' lang='grc' dir='ltr'><strong>γάρ</strong></span> <span class='ocrx_word' id='word_1_731' title='bbox 1364 4671 1516 4742; x_wconf 82' lang='grc' dir='ltr'>παρὰ</span> <span class='ocrx_word' id='word_1_732' title='bbox 1555 4672 1749 4745; x_wconf 83' lang='grc' dir='ltr'>προαί-</span> 
     </span>
    </p>
   </div>
   <div class='ocr_carea' id='block_1_94' title="bbox 14 4749 1749 4838">
    <p class='ocr_par' dir='ltr' id='par_1_94' title="bbox 14 4749 1749 4838">
     <span class='ocr_line' id='line_1_94' title="bbox 14 4749 1749 4838; baseline -0.002 -18"><span class='ocrx_word' id='word_1_733' title='bbox 14 4749 42 4838; x_wconf 63' lang='grc' dir='ltr'>ξ,</span> <span class='ocrx_word' id='word_1_734' title='bbox 220 4780 375 4836; x_wconf 86' lang='grc' dir='ltr'>ρεσιν,</span> <span class='ocrx_word' id='word_1_735' title='bbox 417 4764 528 4818; x_wconf 74' lang='grc' dir='ltr'>οὕτε</span> <span class='ocrx_word' id='word_1_736' title='bbox 582 4765 817 4835; x_wconf 84' lang='grc' dir='ltr'>φεύγων,</span> <span class='ocrx_word' id='word_1_737' title='bbox 854 4763 1145 4838; x_wconf 83' lang='grc' dir='ltr'>προθύμως</span> <span class='ocrx_word' id='word_1_738' title='bbox 1193 4763 1250 4818; x_wconf 80' lang='grc' dir='ltr'>δὲ</span> <span class='ocrx_word' id='word_1_739' title='bbox 1279 4764 1515 4836; x_wconf 78' lang='grc' dir='ltr'>ἐμαυτὸν</span> <span class='ocrx_word' id='word_1_740' title='bbox 1543 4763 1749 4826; x_wconf 84' lang='grc' dir='ltr'>τούτοις</span> 
     </span>
    </p>
   </div>
   <div class='ocr_carea' id='block_1_95' title="bbox 14 4837 1750 4935">
    <p class='ocr_par' dir='ltr' id='par_1_95' title="bbox 14 4837 1750 4935">
     <span class='ocr_line' id='line_1_95' title="bbox 14 4837 1750 4935; baseline -0.006 -23"><span class='ocrx_word' id='word_1_741' title='bbox 14 4837 44 4935; x_wconf 58' lang='grc' dir='ltr'>ξς</span> <span class='ocrx_word' id='word_1_742' title='bbox 219 4854 404 4908; x_wconf 73' lang='grc' dir='ltr'>ἅπασιν</span> <span class='ocrx_word' id='word_1_743' title='bbox 437 4846 716 4920; x_wconf 71' lang='grc' dir='ltr'>ἐπιδιδοὺς,</span> <span class='ocrx_word' id='word_1_744' title='bbox 751 4837 978 4928; x_wconf 71' lang='grc' dir='ltr'>ἔστερξα</span> <span class='ocrx_word' id='word_1_745' title='bbox 1015 4856 1102 4910; x_wconf 83' lang='grc' dir='ltr'>διὰ</span> <span class='ocrx_word' id='word_1_746' title='bbox 1150 4854 1246 4926; x_wconf 79' lang='grc' dir='ltr'>τὴν</span> <span class='ocrx_word' id='word_1_747' title='bbox 1294 4855 1427 4927; x_wconf 82' lang='grc' dir='ltr'>πρὸς</span> <span class='ocrx_word' id='word_1_748' title='bbox 1482 4856 1572 4910; x_wconf 80' lang='grc' dir='ltr'>τὸν</span> <span class='ocrx_word' id='word_1_749' title='bbox 1617 4855 1750 4910; x_wconf 80' lang='grc' dir='ltr'>Θεὸν</span> 
     </span>
    </p>
   </div>
   <div class='ocr_carea' id='block_1_96' title="bbox 14 4946 1749 5024">
    <p class='ocr_par' dir='ltr' id='par_1_96' title="bbox 14 4946 1749 5024">
     <span class='ocr_line' id='line_1_96' title="bbox 14 4946 1749 5024; baseline -0.013 -7"><span class='ocrx_word' id='word_1_750' title='bbox 14 4971 42 5024; x_wconf 55' lang='grc' dir='ltr'><strong>τι</strong></span> <span class='ocrx_word' id='word_1_751' title='bbox 219 4947 440 5019; x_wconf 75' lang='grc' dir='ltr'>ἀγάπην·</span> <span class='ocrx_word' id='word_1_752' title='bbox 479 4947 553 5011; x_wconf 84' lang='grc' dir='ltr'>ὡς</span> <span class='ocrx_word' id='word_1_753' title='bbox 591 4946 845 5002; x_wconf 88' lang='grc' dir='ltr'>δύνασθαι</span> <span class='ocrx_word' id='word_1_754' title='bbox 880 4948 1094 5017; x_wconf 76' lang='grc' dir='ltr'>λέγειν’</span> <span class='ocrx_word' id='word_1_755' title='bbox 1131 4946 1374 5001; x_wconf 82' lang='grc' dir='ltr'>Ἕνεκέν</span> <span class='ocrx_word' id='word_1_756' title='bbox 1406 4963 1520 5001; x_wconf 84' lang='grc' dir='ltr'><strong>σου</strong></span> <span class='ocrx_word' id='word_1_757' title='bbox 1567 4952 1749 5004; x_wconf 70' lang='lat' dir='ltr'><strong>ocra-</strong></span> 
     </span>
    </p>
   </div>
   <div class='ocr_carea' id='block_1_97' title="bbox 14 5101 622 5218">
    <p class='ocr_par' dir='ltr' id='par_1_97' title="bbox 14 5101 622 5218">
     <span class='ocr_line' id='line_1_97' title="bbox 14 5101 622 5218; baseline 0.003 -35"><span class='ocrx_word' id='word_1_758' title='bbox 227 5101 622 5203; x_wconf 68' lang='grc' dir='ltr'>ιπεκαλισάμην.</span> 
     </span>
    </p>
   </div>
   <div class='ocr_carea' id='block_1_98' title="bbox 18 5222 1753 5305">
    <p class='ocr_par' dir='ltr' id='par_1_98' title="bbox 18 5222 1753 5305">
     <span class='ocr_line' id='line_1_98' title="bbox 18 5222 1753 5305; baseline 0.002 -27"><span class='ocrx_word' id='word_1_759' title='bbox 18 5223 38 5305; x_wconf 50' lang='grc' dir='ltr'>ἐ</span> <span class='ocrx_word' id='word_1_760' title='bbox 292 5222 660 5294; x_wconf 79' lang='grc' dir='ltr'>Εὑαρεστήσω</span> <span class='ocrx_word' id='word_1_761' title='bbox 684 5224 938 5280; x_wconf 70' lang='grc' dir='ltr'>ἐνώπιον</span> <span class='ocrx_word' id='word_1_762' title='bbox 960 5226 1180 5296; x_wconf 85' lang='grc' dir='ltr'>Κυρίου</span> <span class='ocrx_word' id='word_1_763' title='bbox 1224 5225 1294 5279; x_wconf 83' lang='grc' dir='ltr'>ἐν</span> <span class='ocrx_word' id='word_1_764' title='bbox 1321 5225 1479 5296; x_wconf 81' lang='grc' dir='ltr'><strong>χώρᾳ</strong></span> <span class='ocrx_word' id='word_1_765' title='bbox 1504 5224 1753 5289; x_wconf 82' lang='grc' dir='ltr'>ζώντων.</span> 
     </span>
    </p>
   </div>
   <div class='ocr_carea' id='block_1_99' title="bbox 21 5309 1756 5400">
    <p class='ocr_par' dir='ltr' id='par_1_99' title="bbox 21 5309 1756 5400">
     <span class='ocr_line' id='line_1_99' title="bbox 21 5309 1756 5400; baseline 0 -27"><span class='ocrx_word' id='word_1_766' title='bbox 241 5313 296 5372; x_wconf 85' lang='grc' dir='ltr'>Ὀ</span> <span class='ocrx_word' id='word_1_767' title='bbox 317 5316 486 5388; x_wconf 82' lang='grc' dir='ltr'>κόσμος</span> <span class='ocrx_word' id='word_1_768' title='bbox 525 5312 677 5381; x_wconf 78' lang='grc' dir='ltr'>οὗτος</span> <span class='ocrx_word' id='word_1_769' title='bbox 723 5317 883 5381; x_wconf 83' lang='grc' dir='ltr'>αὐτός</span> <span class='ocrx_word' id='word_1_770' title='bbox 913 5317 973 5370; x_wconf 83' lang='grc' dir='ltr'>τὲ</span> <span class='ocrx_word' id='word_1_771' title='bbox 1011 5320 1127 5372; x_wconf 79' lang='grc' dir='ltr'>ἐστι</span> <span class='ocrx_word' id='word_1_772' title='bbox 1172 5318 1384 5390; x_wconf 81' lang='grc' dir='ltr'>θνητὸς,</span> <span class='ocrx_word' id='word_1_773' title='bbox 1429 5319 1525 5372; x_wconf 77' lang='grc' dir='ltr'>καὶ</span> <span class='ocrx_word' id='word_1_774' title='bbox 1561 5320 1756 5390; x_wconf 84' lang='grc' dir='ltr'>χωρίον</span> 
     </span>
    </p>
   </div>
   <div class='ocr_carea' id='block_1_100' title="bbox 233 5407 1758 5483">
    <p class='ocr_par' dir='ltr' id='par_1_100' title="bbox 233 5407 1758 5483">
     <span class='ocr_line' id='line_1_100' title="bbox 233 5407 1758 5483; baseline 0.002 -21"><span class='ocrx_word' id='word_1_775' title='bbox 233 5407 634 5480; x_wconf 73' lang='grc' dir='ltr'>ἀποθνησκόντων</span> <span class='ocrx_word' id='word_1_776' title='bbox 662 5408 827 5462; x_wconf 70' lang='grc' dir='ltr'>ἐστίν.</span> <span class='ocrx_word' id='word_1_777' title='bbox 857 5409 1072 5481; x_wconf 84' lang='grc' dir='ltr'>Ἐπειδὴ</span> <span class='ocrx_word' id='word_1_778' title='bbox 1095 5409 1202 5483; x_wconf 73' lang='grc' dir='ltr'><strong>γὰρ</strong></span> <span class='ocrx_word' id='word_1_779' title='bbox 1236 5409 1486 5475; x_wconf 84' lang='grc' dir='ltr'>σύνθετός</span> <span class='ocrx_word' id='word_1_780' title='bbox 1505 5411 1620 5464; x_wconf 77' lang='grc' dir='ltr'>ἐστι</span> <span class='ocrx_word' id='word_1_781' title='bbox 1649 5411 1758 5465; x_wconf 84' lang='grc' dir='ltr'>τῶν</span> 
     </span>
    </p>
   </div>
   <div class='ocr_carea' id='block_1_101' title="bbox 238 5499 1760 5572">
    <p class='ocr_par' dir='ltr' id='par_1_101' title="bbox 238 5499 1760 5572">
     <span class='ocr_line' id='line_1_101' title="bbox 238 5499 1760 5572; baseline 0.001 -16"><span class='ocrx_word' id='word_1_782' title='bbox 238 5499 532 5572; x_wconf 80' lang='grc' dir='ltr'>ὁρωμένωνή</span> <span class='ocrx_word' id='word_1_783' title='bbox 563 5499 850 5564; x_wconf 71' lang='grc' dir='ltr'>σύστασοςο</span> <span class='ocrx_word' id='word_1_784' title='bbox 877 5500 939 5554; x_wconf 78' lang='grc' dir='ltr'>τὸ</span> <span class='ocrx_word' id='word_1_785' title='bbox 981 5502 1038 5556; x_wconf 62' lang='grc' dir='ltr'>δὲ</span> <span class='ocrx_word' id='word_1_786' title='bbox 1084 5503 1336 5558; x_wconf 87' lang='grc' dir='ltr'>σύνθετον</span> <span class='ocrx_word' id='word_1_787' title='bbox 1373 5503 1516 5559; x_wconf 72' lang='grc' dir='ltr'>ἅπαν</span> <span class='ocrx_word' id='word_1_788' title='bbox 1549 5504 1760 5558; x_wconf 84' lang='grc' dir='ltr'>διαλύε-</span> 
     </span>
    </p>
   </div>
   <div class='ocr_carea' id='block_1_102' title="bbox 242 5591 1758 5672">
    <p class='ocr_par' dir='ltr' id='par_1_102' title="bbox 242 5591 1758 5672">
     <span class='ocr_line' id='line_1_102' title="bbox 242 5591 1758 5672; baseline 0.004 -28"><span class='ocrx_word' id='word_1_789' title='bbox 242 5591 346 5645; x_wconf 85' lang='grc' dir='ltr'>σθαι</span> <span class='ocrx_word' id='word_1_790' title='bbox 373 5591 586 5662; x_wconf 78' lang='grc' dir='ltr'>πέφυκεν</span> <span class='ocrx_word' id='word_1_791' title='bbox 607 5609 620 5622; x_wconf 91' lang='grc'><strong>·</strong></span> <span class='ocrx_word' id='word_1_792' title='bbox 653 5593 712 5644; x_wconf 73' lang='grc' dir='ltr'>ὲν</span> <span class='ocrx_word' id='word_1_793' title='bbox 746 5591 824 5664; x_wconf 84' lang='grc' dir='ltr'><strong>τῷ</strong></span> <span class='ocrx_word' id='word_1_794' title='bbox 853 5593 1042 5668; x_wconf 80' lang='grc' dir='ltr'>κόσμῳ</span> <span class='ocrx_word' id='word_1_795' title='bbox 1069 5593 1238 5661; x_wconf 72' lang='grc' dir='ltr'>ὄντες,</span> <span class='ocrx_word' id='word_1_796' title='bbox 1281 5595 1444 5672; x_wconf 81' lang='grc' dir='ltr'>μέρος</span> <span class='ocrx_word' id='word_1_797' title='bbox 1479 5595 1630 5660; x_wconf 74' lang='grc' dir='ltr'>ὄντες</span> <span class='ocrx_word' id='word_1_798' title='bbox 1665 5595 1758 5650; x_wconf 77' lang='grc' dir='ltr'>τοῦ</span> 
     </span>
    </p>
   </div>
   <div class='ocr_carea' id='block_1_103' title="bbox 15 5731 796 5814">
    <p class='ocr_par' dir='ltr' id='par_1_103' title="bbox 15 5731 796 5814">
     <span class='ocr_line' id='line_1_103' title="bbox 15 5731 796 5814; baseline 0.003 -15"><span class='ocrx_word' id='word_1_799' title='bbox 15 5731 39 5772; x_wconf 51' lang='grc'><strong><em>⁵</em></strong></span> <span class='ocrx_word' id='word_1_800' title='bbox 308 5747 326 5778; x_wconf 75' lang='grc'>⁸</span> <span class='ocrx_word' id='word_1_801' title='bbox 355 5745 474 5804; x_wconf 76' lang='lat' dir='ltr'><strong>Psal.</strong></span> <span class='ocrx_word' id='word_1_802' title='bbox 501 5763 630 5802; x_wconf 77' lang='lat' dir='ltr'><strong>mu</strong></span> <span class='ocrx_word' id='word_1_803' title='bbox 654 5788 670 5814; x_wconf 94' lang='lat'><strong>,</strong></span> <span class='ocrx_word' id='word_1_804' title='bbox 702 5747 796 5808; x_wconf 64' lang='grc' dir='ltr'><strong>ΞΩ.</strong></span> 
     </span>
    </p>
   </div>
   <div class='ocr_carea' id='block_1_104' title="bbox 1859 4678 3428 4754">
    <p class='ocr_par' dir='ltr' id='par_1_104' title="bbox 1859 4678 3428 4754">
     <span class='ocr_line' id='line_1_104' title="bbox 1859 4678 3428 4754; baseline 0.006 -22"><span class='ocrx_word' id='word_1_805' title='bbox 1859 4679 1970 4732; x_wconf 84' lang='lat' dir='ltr'><strong>haec</strong></span> <span class='ocrx_word' id='word_1_806' title='bbox 1995 4678 2278 4748; x_wconf 78' lang='lat' dir='ltr'><strong>amplexus</strong></span> <span class='ocrx_word' id='word_1_807' title='bbox 2305 4695 2424 4734; x_wconf 89' lang='lat' dir='ltr'><strong>sum</strong></span> <span class='ocrx_word' id='word_1_808' title='bbox 2454 4689 2676 4752; x_wconf 89' lang='lat' dir='ltr'><strong>propter</strong></span> <span class='ocrx_word' id='word_1_809' title='bbox 2711 4698 2952 4740; x_wconf 88' lang='lat' dir='ltr'><strong>amorem</strong></span> <span class='ocrx_word' id='word_1_810' title='bbox 2985 4683 3116 4754; x_wconf 89' lang='lat' dir='ltr'><strong>Dei;</strong></span> <span class='ocrx_word' id='word_1_811' title='bbox 3157 4686 3231 4740; x_wconf 92' lang='lat' dir='ltr'><strong>ita</strong></span> <span class='ocrx_word' id='word_1_812' title='bbox 3262 4694 3322 4741; x_wconf 91' lang='lat' dir='ltr'><strong>ut</strong></span> <span class='ocrx_word' id='word_1_813' title='bbox 3343 4687 3428 4742; x_wconf 85' lang='lat' dir='ltr'><strong>di-</strong></span> 
     </span>
    </p>
   </div>
   <div class='ocr_carea' id='block_1_105' title="bbox 1856 4769 3429 4844">
    <p class='ocr_par' dir='ltr' id='par_1_105' title="bbox 1856 4769 3429 4844">
     <span class='ocr_line' id='line_1_105' title="bbox 1856 4769 3429 4844; baseline 0.007 -23"><span class='ocrx_word' id='word_1_814' title='bbox 1856 4783 1978 4822; x_wconf 90' lang='lat' dir='ltr'><strong>cere</strong></span> <span class='ocrx_word' id='word_1_815' title='bbox 2021 4769 2335 4826; x_wconf 89' lang='lat' dir='ltr'><strong>valeamus:</strong></span> <span class='ocrx_word' id='word_1_816' title='bbox 2364 4770 2584 4842; x_wconf 86' lang='lat' dir='ltr'><strong>Propter</strong></span> <span class='ocrx_word' id='word_1_817' title='bbox 2626 4783 2673 4828; x_wconf 89' lang='lat' dir='ltr'><strong>te</strong></span> <span class='ocrx_word' id='word_1_818' title='bbox 2711 4775 3096 4844; x_wconf 78' lang='lat' dir='ltr'><strong>mortiﬁcamur</strong></span> <span class='ocrx_word' id='word_1_819' title='bbox 3130 4785 3240 4830; x_wconf 88' lang='lat' dir='ltr'><strong>tota</strong></span> <span class='ocrx_word' id='word_1_820' title='bbox 3279 4775 3363 4830; x_wconf 87' lang='lat' dir='ltr'><strong>die</strong></span> <span class='ocrx_word' id='word_1_821' title='bbox 3385 4776 3429 4832; x_wconf 78' lang='grc'><strong>⁵.</strong></span> 
     </span>
    </p>
   </div>
   <div class='ocr_carea' id='block_1_106' title="bbox 1855 4859 3431 4938">
    <p class='ocr_par' dir='ltr' id='par_1_106' title="bbox 1855 4859 3431 4938">
     <span class='ocr_line' id='line_1_106' title="bbox 1855 4859 3431 4938; baseline 0.005 -24"><span class='ocrx_word' id='word_1_822' title='bbox 1855 4859 1980 4914; x_wconf 63' lang='lat' dir='ltr'><strong>Haec</strong></span> <span class='ocrx_word' id='word_1_823' title='bbox 2025 4861 2224 4932; x_wconf 89' lang='lat' dir='ltr'><strong>quippe</strong></span> <span class='ocrx_word' id='word_1_824' title='bbox 2273 4863 2455 4917; x_wconf 91' lang='lat' dir='ltr'><strong>omnia</strong></span> <span class='ocrx_word' id='word_1_825' title='bbox 2501 4864 2665 4938; x_wconf 79' lang='lat' dir='ltr'><strong>dilexi</strong></span> <span class='ocrx_word' id='word_1_826' title='bbox 2718 4874 2940 4937; x_wconf 88' lang='lat' dir='ltr'><strong>propter</strong></span> <span class='ocrx_word' id='word_1_827' title='bbox 2991 4865 3326 4932; x_wconf 85' lang='lat' dir='ltr'><strong>Dominum;</strong></span> <span class='ocrx_word' id='word_1_828' title='bbox 3365 4883 3431 4922; x_wconf 88' lang='lat' dir='ltr'><strong>ac</strong></span> 
     </span>
    </p>
   </div>
   <div class='ocr_carea' id='block_1_107' title="bbox 1855 4952 3082 5024">
    <p class='ocr_par' dir='ltr' id='par_1_107' title="bbox 1855 4952 3082 5024">
     <span class='ocr_line' id='line_1_107' title="bbox 1855 4952 3082 5024; baseline 0.005 -17"><span class='ocrx_word' id='word_1_829' title='bbox 1855 4968 1978 5007; x_wconf 91' lang='lat' dir='ltr'><strong>cum</strong></span> <span class='ocrx_word' id='word_1_830' title='bbox 2007 4952 2307 5024; x_wconf 76' lang='lat' dir='ltr'><strong>diligerem,</strong></span> <span class='ocrx_word' id='word_1_831' title='bbox 2340 4969 2536 5011; x_wconf 89' lang='lat' dir='ltr'><strong>nomen</strong></span> <span class='ocrx_word' id='word_1_832' title='bbox 2567 4955 2781 5013; x_wconf 91' lang='lat' dir='ltr'><strong>Domini</strong></span> <span class='ocrx_word' id='word_1_833' title='bbox 2809 4959 3082 5015; x_wconf 85' lang='lat' dir='ltr'><strong>invocavi.</strong></span> 
     </span>
    </p>
   </div>
   <div class='ocr_carea' id='block_1_108' title="bbox 222 5037 3430 5121">
    <p class='ocr_par' dir='ltr' id='par_1_108' title="bbox 222 5037 3430 5121">
     <span class='ocr_line' id='line_1_108' title="bbox 222 5037 3430 5121; baseline 0.003 -30"><span class='ocrx_word' id='word_1_834' title='bbox 222 5039 447 5108; x_wconf 78' lang='grc' dir='ltr'>τούμεθα</span> <span class='ocrx_word' id='word_1_835' title='bbox 463 5037 613 5107; x_wconf 74' lang='grc' dir='ltr'>ὅλην</span> <span class='ocrx_word' id='word_1_836' title='bbox 641 5041 756 5108; x_wconf 80' lang='grc' dir='ltr'>τὴν</span> <span class='ocrx_word' id='word_1_837' title='bbox 779 5039 1027 5109; x_wconf 77' lang='grc' dir='ltr'>ἡμέραν.</span> <span class='ocrx_word' id='word_1_838' title='bbox 1065 5038 1249 5094; x_wconf 83' lang='grc' dir='ltr'>Πάντα</span> <span class='ocrx_word' id='word_1_839' title='bbox 1286 5039 1394 5112; x_wconf 74' lang='grc' dir='ltr'><strong>γάρ</strong></span> <span class='ocrx_word' id='word_1_840' title='bbox 1437 5038 1606 5094; x_wconf 81' lang='grc' dir='ltr'>ταῦτα</span> <span class='ocrx_word' id='word_1_841' title='bbox 1645 5041 1906 5115; x_wconf 75' lang='grc' dir='ltr'>ἠγάπησα</span> <span class='ocrx_word' id='word_1_842' title='bbox 1961 5044 2050 5099; x_wconf 79' lang='grc' dir='ltr'><strong>διὰ</strong></span> <span class='ocrx_word' id='word_1_843' title='bbox 2105 5046 2197 5100; x_wconf 83' lang='grc' dir='ltr'><strong>τὸν</strong></span> <span class='ocrx_word' id='word_1_844' title='bbox 2226 5046 2446 5118; x_wconf 84' lang='grc' dir='ltr'>Κύριον,</span> <span class='ocrx_word' id='word_1_845' title='bbox 2474 5048 2565 5102; x_wconf 78' lang='grc' dir='ltr'>καὶ</span> <span class='ocrx_word' id='word_1_846' title='bbox 2581 5048 2871 5121; x_wconf 85' lang='grc' dir='ltr'>ἀγαπήσας</span> <span class='ocrx_word' id='word_1_847' title='bbox 2907 5051 2968 5104; x_wconf 79' lang='grc' dir='ltr'>τὸ</span> <span class='ocrx_word' id='word_1_848' title='bbox 3012 5049 3182 5121; x_wconf 84' lang='grc' dir='ltr'>δνομα</span> <span class='ocrx_word' id='word_1_849' title='bbox 3226 5046 3430 5119; x_wconf 71' lang='grc' dir='ltr'>Κυρίου</span> 
     </span>
    </p>
   </div>
   <div class='ocr_carea' id='block_1_109' title="bbox 1926 5224 3434 5300">
    <p class='ocr_par' dir='ltr' id='par_1_109' title="bbox 1926 5224 3434 5300">
     <span class='ocr_line' id='line_1_109' title="bbox 1926 5224 3434 5300; baseline 0.005 -21"><span class='ocrx_word' id='word_1_850' title='bbox 1926 5224 2092 5282; x_wconf 71' lang='lat' dir='ltr'><strong>Vens.</strong></span> <span class='ocrx_word' id='word_1_851' title='bbox 2126 5226 2178 5281; x_wconf 88' lang='lat'><strong>9.</strong></span> <span class='ocrx_word' id='word_1_852' title='bbox 2218 5225 2445 5281; x_wconf 84' lang='lat' dir='ltr'><strong>Placebo</strong></span> <span class='ocrx_word' id='word_1_853' title='bbox 2481 5244 2659 5283; x_wconf 87' lang='lat' dir='ltr'><strong>coram</strong></span> <span class='ocrx_word' id='word_1_854' title='bbox 2693 5227 2921 5285; x_wconf 87' lang='lat' dir='ltr'><strong>Domino</strong></span> <span class='ocrx_word' id='word_1_855' title='bbox 2945 5230 3002 5283; x_wconf 87' lang='lat' dir='ltr'><strong>in</strong></span> <span class='ocrx_word' id='word_1_856' title='bbox 3028 5229 3236 5300; x_wconf 85' lang='lat' dir='ltr'><strong>regione</strong></span> <span class='ocrx_word' id='word_1_857' title='bbox 3269 5229 3434 5286; x_wconf 69' lang='lat' dir='ltr'><strong>viven‘</strong></span> 
     </span>
    </p>
   </div>
   <div class='ocr_carea' id='block_1_110' title="bbox 1857 5317 3434 5394">
    <p class='ocr_par' dir='ltr' id='par_1_110' title="bbox 1857 5317 3434 5394">
     <span class='ocr_line' id='line_1_110' title="bbox 1857 5317 3434 5394; baseline 0.005 -22"><span class='ocrx_word' id='word_1_858' title='bbox 1857 5320 2010 5375; x_wconf 88' lang='lat' dir='ltr'><strong>tium.</strong></span> <span class='ocrx_word' id='word_1_859' title='bbox 2062 5317 2162 5374; x_wconf 84' lang='lat' dir='ltr'><strong>Hic</strong></span> <span class='ocrx_word' id='word_1_860' title='bbox 2206 5319 2443 5376; x_wconf 90' lang='lat' dir='ltr'><strong>mundus</strong></span> <span class='ocrx_word' id='word_1_861' title='bbox 2480 5337 2608 5377; x_wconf 83' lang='lat' dir='ltr'><strong>vere</strong></span> <span class='ocrx_word' id='word_1_862' title='bbox 2644 5331 2698 5378; x_wconf 85' lang='lat' dir='ltr'><strong>et</strong></span> <span class='ocrx_word' id='word_1_863' title='bbox 2735 5323 2850 5394; x_wconf 90' lang='lat' dir='ltr'><strong>ipse</strong></span> <span class='ocrx_word' id='word_1_864' title='bbox 2893 5323 3168 5388; x_wconf 88' lang='lat' dir='ltr'><strong>mortalis,</strong></span> <span class='ocrx_word' id='word_1_865' title='bbox 3215 5329 3268 5377; x_wconf 89' lang='lat' dir='ltr'><strong>et</strong></span> <span class='ocrx_word' id='word_1_866' title='bbox 3312 5323 3434 5380; x_wconf 66' lang='lat' dir='ltr'><strong>mo&#39;o</strong></span> 
     </span>
    </p>
   </div>
   <div class='ocr_carea' id='block_1_111' title="bbox 1857 5397 3430 5482">
    <p class='ocr_par' dir='ltr' id='par_1_111' title="bbox 1857 5397 3430 5482">
     <span class='ocr_line' id='line_1_111' title="bbox 1857 5397 3430 5482; baseline 0.004 -16"><span class='ocrx_word' id='word_1_867' title='bbox 1857 5410 2113 5469; x_wconf 88' lang='lat' dir='ltr'><strong>rientium</strong></span> <span class='ocrx_word' id='word_1_868' title='bbox 2158 5413 2313 5470; x_wconf 89' lang='lat' dir='ltr'><strong>locus</strong></span> <span class='ocrx_word' id='word_1_869' title='bbox 2358 5397 2461 5471; x_wconf 68' lang='lat' dir='ltr'><strong>est.</strong></span> <span class='ocrx_word' id='word_1_870' title='bbox 2503 5412 2642 5482; x_wconf 86' lang='lat' dir='ltr'><strong>Quia</strong></span> <span class='ocrx_word' id='word_1_871' title='bbox 2691 5417 2838 5472; x_wconf 91' lang='lat' dir='ltr'><strong>enim</strong></span> <span class='ocrx_word' id='word_1_872' title='bbox 2892 5430 3076 5470; x_wconf 91' lang='lat' dir='ltr'><strong>rerum</strong></span> <span class='ocrx_word' id='word_1_873' title='bbox 3125 5415 3430 5472; x_wconf 88' lang='lat' dir='ltr'><strong>visibilium</strong></span> 
     </span>
    </p>
   </div>
   <div class='ocr_carea' id='block_1_112' title="bbox 1857 5504 3427 5578">
    <p class='ocr_par' dir='ltr' id='par_1_112' title="bbox 1857 5504 3427 5578">
     <span class='ocr_line' id='line_1_112' title="bbox 1857 5504 3427 5578; baseline 0.003 -20"><span class='ocrx_word' id='word_1_874' title='bbox 1857 5504 2182 5560; x_wconf 82' lang='lat' dir='ltr'><strong>constitutio</strong></span> <span class='ocrx_word' id='word_1_875' title='bbox 2222 5507 2525 5578; x_wconf 88' lang='lat' dir='ltr'><strong>composita</strong></span> <span class='ocrx_word' id='word_1_876' title='bbox 2557 5515 2661 5572; x_wconf 88' lang='lat' dir='ltr'><strong>est,</strong></span> <span class='ocrx_word' id='word_1_877' title='bbox 2692 5521 2854 5562; x_wconf 88' lang='lat' dir='ltr'><strong>omne</strong></span> <span class='ocrx_word' id='word_1_878' title='bbox 2886 5521 3018 5562; x_wconf 90' lang='lat' dir='ltr'><strong>vero</strong></span> <span class='ocrx_word' id='word_1_879' title='bbox 3059 5505 3427 5578; x_wconf 87' lang='lat' dir='ltr'><strong>compositum</strong></span> 
     </span>
    </p>
   </div>
   <div class='ocr_carea' id='block_1_113' title="bbox 1860 5596 3430 5669">
    <p class='ocr_par' dir='ltr' id='par_1_113' title="bbox 1860 5596 3430 5669">
     <span class='ocr_line' id='line_1_113' title="bbox 1860 5596 3430 5669; baseline 0.002 -14"><span class='ocrx_word' id='word_1_880' title='bbox 1860 5597 2126 5669; x_wconf 86' lang='lat' dir='ltr'><strong>solvitur;</strong></span> <span class='ocrx_word' id='word_1_881' title='bbox 2161 5613 2284 5656; x_wconf 90' lang='lat' dir='ltr'><strong>cum</strong></span> <span class='ocrx_word' id='word_1_882' title='bbox 2314 5598 2371 5657; x_wconf 89' lang='lat' dir='ltr'><strong>in</strong></span> <span class='ocrx_word' id='word_1_883' title='bbox 2406 5599 2609 5656; x_wconf 91' lang='lat' dir='ltr'><strong>mundo</strong></span> <span class='ocrx_word' id='word_1_884' title='bbox 2637 5607 2690 5652; x_wconf 83' lang='lat' dir='ltr'><strong>et</strong></span> <span class='ocrx_word' id='word_1_885' title='bbox 2719 5613 2848 5669; x_wconf 85' lang='lat' dir='ltr'><strong>pars</strong></span> <span class='ocrx_word' id='word_1_886' title='bbox 2887 5596 3078 5656; x_wconf 89' lang='lat' dir='ltr'><strong>mundi</strong></span> <span class='ocrx_word' id='word_1_887' title='bbox 3105 5599 3302 5668; x_wconf 85' lang='lat' dir='ltr'><strong>simus,</strong></span> <span class='ocrx_word' id='word_1_888' title='bbox 3329 5614 3430 5658; x_wconf 65' lang='lat' dir='ltr'><strong>nev</strong></span> 
     </span>
    </p>
   </div>
  </div>
