3954 7146
612 407 632 460 1
644 404 746 458 565

1271 401 1540 458 EUSEBII
1579 355 2056 460 C/ESAmENSIS
2081 402 2232 458 OPP.
2270 401 2448 456 PARS
2485 401 2574 459 ιιι.
2614 431 2682 441 --
2717 397 3122 456 EXEGETICA.

3773 398 3859 458 1.3.1

607 532 723 574 rem
761 517 1173 580 examinaverit,
1212 516 1377 570 etiam
1414 533 1514 588 pro
1554 516 1790 573 adventu
1843 517 2046 573 Christi
2081 515 2148 571 Ju

2275 531 2358 579 τις
2387 513 2631 586 ἀκριϐῶς
2663 512 2957 578 ἐξετάσειε,
2990 513 3084 566 καὶ
3116 511 3254 582 ὑπὲρ
3283 512 3386 582 τῆς
3425 512 3783 580 scapo-asia;
3807 525 3859 567 ,τε

605 611 754 664 deos
791 608 846 662 in
903 606 1090 676 primis
1129 605 1334 675 gratias
1365 620 1525 676 agere
1552 605 1729 661 decet.
1798 603 1931 659 Nam
1961 603 2174 660 etiamsi

605 700 834 754 adversa
861 697 970 753 sint
998 696 1262 767 perpessi,
1297 704 1353 751 at
1379 714 1487 752 non
1515 698 1583 753 ab
1602 713 1668 755 eo
1691 698 1792 769 ‘qui
1824 698 1879 752 in
1913 696 2174 752 mundum

601 789 790 856 venit;
841 788 938 843 sed
967 787 1166 858 ingrati
1211 788 1379 842 animi
1414 802 1604 858 poenas
1638 789 1875 844 luerunt.
1921 786 2055 841 Nam
2085 786 2177 858 ille

603 880 822 955 quidem
862 879 929 934 ad
974 879 1123 950 ipsus
1157 879 1552 950 peregrinatus,
1588 880 1898 950 frequenter
1922 879 2169 935 dicebat:

603 970 730 1027 Non
749 973 864 1025 veni
891 971 994 1024 nisi
1020 970 1088 1024 ad
1111 987 1225 1026 oves
1253 988 1371 1041 qua:
1397 972 1663 1040 perierunt
1688 971 1873 1025 domus
1901 969 2074 1026 Israel
2100 972 2118 1000 ⁷
2155 989 2167 1026 :

601 1063 748 1136 quod
786 1065 832 1120 si
877 1063 982 1119 hoc
1014 1064 1280 1120 beneﬁcio
1339 1065 1546 1137 indigni
1577 1075 1706 1122 sunt
1742 1064 1933 1129 habiti,
1968 1063 2022 1119 id
2056 1063 2171 1120 suis

598 1156 986 1227 iniquitatibus
1030 1165 1085 1212 et
1140 1157 1354 1229 ingrato
1406 1156 1636 1213 nimium
1682 1157 1864 1215 animo
1917 1171 2017 1213 suo
2069 1156 2172 1210 im-

641 1257 817 1304 utent.

601 1264 817 1318 putent.

671 1339 837 1398 Vens.
869 1339 1020 1397 5—15.
1077 1339 1148 1394 De
1175 1339 1512 1394 tribulatione
1533 1341 1767 1394 invocavi
1799 1339 2100 1402 Dominum,
2121 1350 2169 1394 et

594 1433 867 1488 exaudivit
896 1449 976 1488 me
1007 1434 1062 1488 in
1089 1433 1390 1490 latitudine.
1419 1433 1675 1487 Dominus
1700 1432 1829 1486 milii
1859 1432 2092 1499 adiutor,
2119 1442 2171 1486 et

594 1543 702 1582 non
735 1519 925 1582 timebo
971 1526 1097 1597 quid
1141 1526 1307 1597 faciat
1357 1527 1485 1580 mihi
1521 1526 1698 1582 homo.
1751 1525 2007 1581 Dominus
2041 1526 2170 1580 mihi

595 1617 834 1688 adjutor,
858 1628 908 1672 et
937 1635 1029 1689 ego
1051 1617 1337 1688 despiciant
1366 1619 1606 1672 inimicos
1633 1635 1796 1673 meos.
1848 1618 2056 1673 Bonum
2089 1627 2168 1672 est

593 1711 858 1782 conﬁdere
912 1712 968 1766 in
1013 1711 1261 1775 Domino,
1321 1728 1478 1782 quam
1523 1711 1784 1781 conﬁdere
1839 1713 1894 1765 in
1938 1711 2162 1766 homine.

593 1801 803 1856 Bonum
823 1813 902 1857 est
926 1819 1138 1872 sperare
1165 1804 1220 1856 in
1245 1801 1498 1866 Domino,
1519 1819 1678 1873 quam
1705 1818 1914 1871 sperare
1934 1803 1987 1856 in
2012 1802 2158 1870 prin-

593 1893 816 1963 cipibus.
854 1892 1044 1949 Omnes
1068 1904 1241 1966 gentes
1275 1895 1592 1948 circuierunt
1617 1911 1718 1959 me,
1745 1904 1794 1948 et
1817 1895 2022 1948 nomine
2048 1892 2149 1947 Do-

2259 1891 2358 1944 ἐπὶ
2388 1891 2631 1958 Κύριον,
2671 1889 2710 1958 ἢ
2744 1867 3005 1953 ἐλπίζειν
3043 1893 3136 1946 ἐπ’
3171 1867 3466 1964 ἄρχουσι.
3539 1895 3766 1948 Πάντα

593 1988 724 2041 mini
767 1987 910 2042 ultus
954 2003 1070 2042 sum
1103 2003 1212 2042 eos.
1265 1985 1664 2042 Circumdantes
1711 1985 2160 2040 circumdederunt

590 2096 692 2144 me,
717 2089 770 2152 et
806 2080 1014 2134 nomine
1060 2078 1269 2133 Domini
1295 2077 1440 2133 ultus
1483 2095 1603 2133 sum
1630 2094 1738 2133 eos.
1793 2075 2162 2132 Circumdede-

587 2182 714 2231 runt
741 2190 822 2228 me
852 2174 990 2228 sicut
1020 2188 1140 2243 apes
1181 2172 1382 2242 favum,
1425 2181 1474 2226 et
1519 2180 1830 2228 exarserunt
1858 2172 1990 2224 sicut
2022 2170 2158 2240 ignis

587 2267 642 2320 in
673 2266 859 2332 spinis,
893 2274 942 2319 et
972 2266 1179 2320 nomine
1212 2263 1428 2318 Domini
1455 2267 1596 2318 ultus
1617 2280 1732 2318 sum
1753 2279 1860 2319 eos.
1892 2261 2158 2333 Impulsus

585 2372 792 2412 eversus
821 2372 939 2410 sum
966 2365 1024 2408 ut
1050 2355 1311 2421 caderem,
1361 2364 1411 2412 et
1468 2354 1723 2411 Dominus
1773 2355 2000 2422 suscepit
2054 2369 2153 2409 me.

584 2447 878 2504 Fortitudo
927 2464 1043 2503 mea
1089 2457 1139 2501 et
1170 2447 1287 2501 laus
1314 2464 1429 2502 mea
1465 2446 1741 2510 Dominus,
1786 2456 1835 2501 et
1871 2447 2040 2512 {actus
2078 2454 2157 2500 est

584 2541 714 2595 mihi
731 2543 784 2595 in
813 2541 1058 2596 salutem.
1083 2540 1196 2595 Vox
1217 2540 1589 2595 exsultationis
1610 2549 1658 2594 et
1684 2540 1873 2595 salutis
1899 2540 1952 2594 in
1977 2538 2155 2594 taber-

583 2633 794 2688 naculis
819 2633 1105 2702 iustorum.
1132 2631 1261 2686 Mihi
1295 2647 1427 2688 sane
1447 2631 1654 2703 profuit
1684 2631 1830 2703 quod
1863 2631 2154 2702 impiorum

581 2726 746 2780 tinem
782 2725 916 2795 ipsis
941 2726 1118 2780 oculis
1153 2725 1510 2798 perciperent.
1539 2722 1676 2780 Novi
1704 2724 1849 2782 enim
1877 2739 1972 2780 eos
1993 2739 2153 2780 exar-

582 2818 724 2874 sisse
748 2819 883 2872 sicut
911 2819 1044 2890 ignis
1079 2819 1135 2872 in
1178 2818 1363 2887 spinis,
1404 2824 1497 2872 aut
1527 2817 1826 2872 exstinctos
1864 2832 1986 2874 esse
2018 2817 2154 2872 sicut

580 2909 718 2979 ignis
744 2909 801 2964 in
829 2911 1031 2980 spinis;
1069 2911 1142 2964 ita
1173 2921 1232 2965 ut
1260 2924 1368 2968 non
1390 2909 1622 2966 ulterius
1655 2910 1959 2980 perturber,
1993 2910 2037 2965 si
2068 2909 2151 2964 vi-

581 3003 741 3057 deam
780 3001 978 3073 impios
1037 3017 1158 3058 sese
1203 3002 1475 3073 erigentes
1532 3008 1587 3057 et
1635 3001 1691 3056 in
1746 3003 2002 3072 populum
2056 3001 2150 3057 Dei

580 3095 950 3167 insurgentes.
981 3093 1191 3152 Ειίὶιιίεί
1234 3094 1436 3168 quippe
1460 3094 1684 3169 quinam
1718 3094 1865 3168 ipsos
1897 3094 2019 3152 ﬁnis
2054 3109 2150 3151 ex-

578 3191 810 3254 spectet.

652 3444 816 3502 Vens.
835 3445 1008 3502 16-18.
1028 3447 1255 3503 Dextera
1273 3448 1485 3504 Domini
1508 3450 1630 3520 fecit
1652 3453 1912 3518 virtutem,
1931 3451 2148 3507 dextera

575 3537 791 3592 Domini
828 3542 1081 3595 exultavit
1114 3559 1213 3606 me,
1246 3542 1464 3599 dextera
1487 3545 1700 3599 Domini
1727 3546 1849 3616 fecit
1877 3548 2140 3601 virtutem.

575 3627 702 3684 Non
749 3633 966 3699 moriar,
1001 3633 1091 3688 sed
1131 3635 1321 3700 vivam,
1368 3644 1418 3690 et
1455 3636 1684 3691 narrabo
1717 3654 1874 3708 opera
1907 3638 2140 3694 Domini.

575 3717 859 3792 Castigans
884 3725 1160 3794 castigavit
1189 3742 1270 3780 me
1301 3724 1579 3793 Dominus,
1627 3738 1678 3782 et
1699 3731 1861 3784 morti
1888 3747 1991 3784 non
2033 3740 2145 3783 tra-

572 3812 710 3868 didit
751 3831 849 3870 me.
879 3814 1032 3882 Quod
1058 3819 1465 3888 persecutiones
1500 3835 1609 3875 non
1642 3821 1864 3878 inutiles
1886 3823 2018 3885 sint,
2047 3821 2143 3878 sed

573 3905 641 3958 ad
699 3907 992 3962 utilitatem
1043 3917 1097 3965 et
1138 3910 1512 3980 probationem
1559 3921 1879 3969 vexatorum
1925 3915 2139 3980 cedant,

570 3996 730 4053 docet
767 3998 854 4055 his
888 4001 1068 4056 verbis
1099 4021 1111 4056 :
1136 4000 1417 4074 Custigaus
1449 4005 1726 4075 castigavit
1755 4023 1834 4060 me
1860 4005 2139 4063 Dominus.

569 4088 707 4144 Novi
743 4091 889 4146 enim
929 4092 1300 4149 inﬁrmitatem
1331 4110 1532 4160 meam,
1557 4105 1609 4151 et
1637 4111 1668 4150 a
1698 4095 1807 4152 Deo
1839 4099 1972 4153 mihi
2001 4115 2143 4171 prae-

569 4181 755 4237 stitam
793 4183 1047 4239 virtutem
1084 4201 1193 4240 non
1223 4185 1486 4258 ignoravi.
1549 4185 1759 4243 Edidici
1792 4204 1924 4246 vero
1951 4192 2138 4262 cujus-

569 4273 718 4328 iuodi
765 4273 838 4330 sit
889 4273 1109 4332 dextera
1164 4277 1256 4332 illa
1310 4275 1548 4344 Domini,
1595 4295 1715 4350 qua:
1760 4281 2011 4340 inimicos
2045 4283 2143 4342 de-

566 4366 790 4436 pressit.

640 4479 808 4537 VEns.
858 4482 1043 4538 19-21.
1088 4483 1300 4554 Aperite
1359 4483 1489 4540 mihi
1549 4497 1730 4555 portas
1766 4487 2016 4557 justitiw,
2056 4493 2140 4545 in-

2172 3206 2216 3266 c
2250 3174 2304 3266 εί
2329 3193 2458 3230 ποτε
2491 3178 2630 3266 ὁρῶν
2656 3177 2873 3243 ἀσεϐεῖς
2902 3181 3312 3252 ἐπαιρομένους,
3331 3183 3428 3237 καὶ
3459 3184 3553 3256 τῷ
3573 3185 3688 3254 λαῷ
3708 3185 3798 3237 Ges:

2275 611 2374 680 τῆς
2407 609 2500 662 τοῦ
2520 607 2752 680 Χριστοῦ
2779 607 3009 680 μάλιστα
3035 606 3159 668 τοὺς
3195 605 3503 668 Ἰουδαίους
3535 607 3859 676 εὗχαβττέ

2273 679 2372 755 δεῖ.
2405 701 2468 753 Et
2493 679 2600 772 γὰρ
2627 699 2721 754 καὶ
2749 697 2818 752 τὰ
2857 697 3075 752 ἐναντία
3113 696 3442 768 ὑπέμειναν,
3487 695 3620 748 ἀλλ’
3657 698 3729 748 ar;

2269 790 2364 845 τὸν
2407 791 2869 864 παραγενόμενον,
2913 789 3048 866 ἁλλᾲ
3079 788 3228 859 παρὰ
3267 787 3371 859 τὴν
3414 789 3674 840 οξκείαν
3725 793 3859 880 ἀήθη

2273 882 2529 956 μοσύνην.
2585 883 2756 948 Αὐτὸς
2812 883 2908 954 μὲν
2958 881 3066 952 γὰρ
3111 881 3244 952 πρὸς
3291 881 3520 942 αὐτοὺς
3569 881 3859 948 ἀφικνεῖτξ

2270 975 2366 1029 καὶ
2391 975 2629 1045 συνεχῶς
2674 974 2888 1042 ἔλεγενο
2917 976 3039 1028 οὐκ
3074 969 3264 1045 ἦλθον
3301 972 3454 1027 ἀλλ’
3491 974 3603 1038 εἰς
3641 973 3723 1026 τὰ
3755 957 3859 1040 τις

2269 1070 2418 1123 ὄατα
2448 1068 2519 1122 τὰ
2557 1068 2912 1122 ἀπολωλότα
2943 1066 3110 1121 οίκου
3153 1066 3432 1136 Ἰσραήλ·
3480 1068 3546 1118 εἰ
3594 1065 3662 1118 δὲ
3693 1055 3859 1130 {nisi

2267 1159 2368 1229 τῆς
2395 1157 2712 1230 εὐεργεσίας
2737 1159 3033 1230 ἐφάνησαν,
3057 1161 3176 1223 ταῖς
3200 1158 3417 1212 ἑαυτῶν
3449 1155 3859 1225 λογιζέσῇαπη

2270 1229 2756 1321 παρανομίαιςικαὶ
2787 1253 2853 1322 τῇ
2885 1229 2982 1320 ἑῆς
3013 1250 3414 1322 ἀγνωμοσύνης
3446 1249 3785 1321 ’⁵⁷⁵⁵96⁸λῇ

2351 1341 2444 1394 Ἐκ
2486 1341 2747 1410 θλίψεως
2789 1341 3250 1411 ἐπεκαλεσάμην
3283 1341 3402 1396 τὸν
3447 1344 3722 1410 Κύριον
3743 1383 3758 1407 ,
3793 1351 3859 1395 ts‘

2265 1431 2573 1497 ἐπήκουσέ
2608 1451 2726 1502 μου
2759 1436 2847 1500 είς
2871 1437 3248 1504 πλατυσμόν.
3275 1437 3522 1503 Κύριος
3563 1436 3716 1504 ἐμοὶ
3741 1439 3840 1502 ﬁev-

2267 1523 2389 1589 θύς,
2423 1523 2617 1578 καὶού
2641 1523 3052 1594 φοϐηθήσομαι
3096 1526 3154 1579 τί
3189 1525 3440 1593 ποιήσει
3489 1544 3618 1594 μω
3670 1527 3842 1594 ris-8p

2266 1630 2397 1685 πος.
2429 1618 2645 1685 Κύριος
2693 1615 2823 1687 ἐμοὶ
2847 1615 3102 1685 βοηθὸς,
3146 1617 3306 1688 κάγὼ
3361 1619 3720 1688 excf-gmw
3753 1615 3859 1682 radi

2263 1707 2514 1776 ἐχθρούς
2551 1725 2692 1777 μου.
2757 1708 3005 1778 Ἀγαθὸν
3049 1709 3400 1764 πεποιθέναι
3447 1711 3576 1764 ἐπὶ
3633 1715 3840 1779 Κύρειοι,

2264 1797 2303 1867 ἢ
2353 1799 2694 1854 πεποιθέναι
2740 1798 2831 1852 ἐπ’
2881 1799 3196 1869 ἄνθρωπον
3213 1818 3226 1831 θ
3280 1801 3540 1871 ἀγαθὸν
3623 1803 3838 1864 dixit:

2259 1983 2404 2052 ἔθνη
2453 1980 2808 2036 ἐκύκλωσάν
2857 2002 2933 2054 με
2955 2028 2970 2052 ,
3023 1985 3122 2040 καί
3174 1985 3253 2052 τῷ
3310 1988 3596 2056 ὀνόματι
3665 1992 3834 2056 lit—1.5:.-

2257 2074 2578 2144 ἠμυνάμην
2607 2075 2850 2141 αὐτούς.
2880 2076 3318 2144 Κυκλώσαντες
3355 2078 3831 2148 ἐκύκλευσὼμ.

2257 2164 2358 2219 καί
2381 2165 2462 2232 τῷ
2491 2167 2736 2237 ὀνόματι
2762 2169 2982 2236 Κυρίου
3022 2169 3344 2240 ἠμυνάμην
3379 2173 3674 2247 (δεινούς.
3725 2174 3828 2224 ‘Ezz-

2257 2256 2502 2312 κλωσάν
2522 2276 2600 2328 με
2626 2259 2768 2314 ὡσεὶ
2797 2259 3089 2328 μέλισσαι
3116 2263 3346 2329 κηρίον,
3379 2263 3500 2316 καὶ
3535 2263 3828 2328 ἐξελαύνει

2256 2362 2378 2402 σαν
2396 2349 2536 2403 ὡσεὶ
2557 2351 2676 2420 πῦρ
2696 2351 2766 2404 ἐν
2788 2349 3098 2418 ἀκάνθαις,
3119 2353 3314 2418 καὶτῷ
3343 2355 3634 2424 ὀνόματι
3656 2358 3824 2420 Κιτία

2255 2442 2574 2513 ἠμυνάμην
2592 2448 2830 2514 αὐτούς.
2861 2448 3090 2515 Ὠσθείς
3108 2449 3468 2518 ἀνετράπην
3490 2451 3619 2504 τοῦ
3641 2451 3823 2514 πεεεᾶ,

2254 2533 2353 2585 καὶ
2389 2537 2424 2588 ό
2471 2536 2686 2604 Κύριος
2731 2537 3094 2592 ἀντελάϐετό
3143 2557 3281 2608 μου.
3333 2540 3560 2610 Ἰσχύς
3608 2559 3735 2610 μοι’
3763 2547 3822 2592 ες

2252 2623 2514 2693 ὕμνησίς
2535 2645 2656 2696 μου
2685 2631 2719 2682 ὀ
2745 2630 2978 2696 Κύριος,
3005 2631 3102 2684 καὶ
3131 2631 3371 2700 ἐγένετό
3393 2650 3519 2701 μοι
3549 2635 3654 2698 εἰς
3677 2650 3820 2699 σεση-

2244 2717 2407 2784 ρίαν.
2442 2719 2613 2787 Φωνὴ
2643 2720 3061 2790 ἀγαλλιάσεως
3103 2723 3200 2776 καί
3244 2726 3575 2792 σωτηρίας
3609 2726 3687 2778 ἐν
3715 2743 3815 2786 στε-

2251 2805 2385 2872 ναῖς
2415 2805 2682 2863 δικαίων.
2737 2810 3038 2884 Ὠφελήθην
3069 2812 3126 2865 δὲ
3178 2812 3272 2867 καὶ
3303 2813 3641 2887 ὀφθαλμοῖς
3681 2835 3810 2886 121;:-

2249 2898 2430 2954 λαὸὼν
2458 2901 2525 2956 τὰ
2551 2901 2678 2976 τέλη
2711 2902 2819 2959 τῶν
2851 2903 3081 2961 ἀσεϐῶν.
3110 2906 3318 2976 Ἔγνων
3341 2907 3483 2982 γὰρ,
3509 2909 3601 2964 ὅτι
3633 2910 3806 2974 ﬁgam;

2249 2992 2423 3064 θησαν
2455 2995 2537 3061 ὡς
2569 2997 2690 3064 πῦρ
2738 2997 2808 3050 ἐν
2837 2997 3126 3066 ἀκάνθαις
3149 3042 3164 3066 ,
3215 3000 3250 3072 ἢ
3285 3001 3722 3074 ἐπεσᾶέσθησαν
3757 3004 3806 3064 ἐκ

2247 3084 2369 3154 πῦρ
2401 3086 2470 3140 ἐν
2499 3087 2779 3142 ἀκανθῶν
2811 3087 2930 3159 (sic)
2959 3088 3036 3152 ὡς
3074 3089 3268 3161 μηκέτι
3303 3108 3372 3160 με
3417 3092 3802 3164 ταράττει-ξας.

2248 3265 2728 3337 ἐπανισταμένους.
2741 3267 3012 3322 Πεπαίδευ
3020 3285 3117 3340 μαι
3133 3268 3240 3340 γὰρ
3255 3273 3438 3323 ὁποῖον
3461 3272 3678 3336 αὐτοὺς
3697 3274 3799 3333 τέἰκ

2246 3357 2549 3429 περιμένει.

2313 3469 2488 3535 Δεξιὰ
2526 3472 2749 3540 Κυρίου
2775 3472 3024 3541 ἐποίησε
3055 3471 3310 3544 δύναμιν
3331 3514 3348 3540 ,
3404 3475 3592 3542 δεξιὰ
3617 3479 3796 3548 Κιτιέα

2243 3561 2457 3632 ὕψωσέ
2491 3581 2569 3632 με
2587 3603 2602 3628 ,
2642 3563 2811 3630 δεξιὰ
2843 3567 3065 3634 Κυρίου
3093 3566 3339 3636 ἐποίησε
3382 3567 3678 3640 δύναμιν.
3711 3577 3796 3626 οὐκ
3858 3561 3859 3624 ἶ

2243 3655 2682 3726 ἀποθανοῦμαι,
2728 3657 2889 3711 ἀλλὰ
2918 3655 3188 3730 ζήσομαι,
3218 3659 3316 3714 καὶ
3357 3659 3728 3732 διηγήσομαι
3751 3667 3796 3716 τι

2242 3745 2385 3815 ἔργα
2409 3748 2648 3816 Κυρίου.
2695 3749 2999 3804 Παιδεύων
3034 3751 3357 3807 ἐπαίδευσε
3401 3771 3475 3821 με
3525 3759 3564 3809 ό
3597 3760 3795 3823 Κύμας.
3858 3759 3859 3823 l

2241 3837 2322 3905 τῷ
2353 3837 2422 3892 δὲ
2453 3837 2684 3905 θανάτῳ
2715 3841 2788 3894 οὐ
2817 3841 3123 3910 παρέδωκέ
3147 3860 3244 3912 με.
3277 3844 3398 3898 Ὀτι
3435 3846 3516 3916 μὴ
3555 3847 3637 3911 et;

2244 3945 2367 3986 στον
2400 3931 2450 3983 οἱ
2483 3929 2732 4002 διωγμοὶ,
2783 3930 2899 3986 ἀλλ’
2935 3934 3027 3987 ἐπ’
3077 3934 3314 4008 ὠφελείᾳ
3342 3937 3437 3990 καὶ
3484 3938 3696 4010 δοκιμῇ

2241 4021 2692 4095 πεπειρασμένων
2714 4023 2992 4093 γεγόνασι,
3014 4024 3252 4079 διδάσκει
3281 4026 3455 4096 λέγων
3476 4044 3489 4058 ο
3517 4030 3798 4085 Παιδεύυο

2238 4112 2560 4168 ἐπαίδευσέ
2583 4130 2661 4184 με
2705 4117 2737 4169 ό
2773 4117 3011 4185 Κύριος.
3055 4117 3272 4186 Ἔγνων
3301 4118 3408 4192 γὰρ
3441 4121 3549 4190 τὴν
3587 4121 3794 4194 ἐμαυπᾶ

2239 4203 2542 4270 ἀσθένειαν,
2559 4206 2652 4261 καὶ
2666 4205 2762 4280 τὴν
2778 4208 2841 4259 ὲκ
2857 4206 2990 4261 Θεοῦ
3013 4225 3101 4279 μοι
3121 4210 3567 4281 παρασχεθεῖσαν
3592 4214 3794 4284 δύναμιν

2239 4293 2339 4349 οὐκ
2380 4295 2642 4368 ἠγνόησα.
2682 4298 3036 4372 Ἐπαιδεύθην
3067 4299 3124 4353 δὲ
3163 4302 3322 4354 ὁποία
3352 4321 3436 4367 τις
3479 4299 3555 4376 ἦν
3613 4309 3648 4380 η
3675 4308 3798 4372 δεξύ

2237 4386 2331 4444 τοῦ
2362 4388 2588 4460 Κυρίου,
2621 4391 2655 4461 ἡ
2685 4390 2810 4454 τοὺς
2836 4392 3128 4464 πολεμίους
3155 4395 3565 4453 ταπεινώσασα.

2323 4501 2616 4568 Ἀνοίξατέ
2659 4520 2763 4572 μοι
2815 4505 3014 4571 πύλας
3056 4505 3446 4576 δικαιοσύνης
3469 4550 3486 4575 ,
3521 4513 3793 4568 εἰσελθὼν
3858 4495 3859 4498 η

564 4587 774 4642 gressus
803 4575 961 4628 ineas
979 4574 1267 4644 conﬁtebor
1287 4572 1513 4630 Domino
1531 4593 1550 4632 :
1589 4577 1700 4631 hwc
1725 4589 1880 4646 porta
1898 4579 2133 4651 Domini,

2254 4595 2308 4650 ir
2358 4563 2567 4662 αὑταῖς
2614 4563 3133 4668 ἐξομολογήσομαι
3185 4598 3265 4664 τῷ

553 4662 696 4730 justi
735 4662 1006 4718 intrabunt
1058 4666 1112 4720 in
1158 4681 1294 4720 eam.
1372 4663 1672 4736 Conﬁtebor
1727 4669 1842 4737 tibi,
1889 4673 2135 4742 quoniam

560 4754 830 4810 exaudiui
860 4772 961 4822 me,
989 4767 1038 4811 et
1067 4758 1240 4827 factus
1278 4774 1332 4813 es
1362 4759 1492 4813 mihi
1528 4761 1584 4815 in
1604 4761 1848 4818 salutem.
1874 4761 2136 4822 Generale

562 4849 990 4920 igituromnium
1026 4850 1289 4906 virtutum
1327 4868 1526 4908 nomen
1562 4854 1790 4925 iustitiae
1808 4856 2124 4923 ascribitur,

562 4956 702 5012 quas
759 4943 814 4998 in
859 4943 1042 5013 specie
1080 4943 1332 5002 dividens
1382 4947 1654 5018 quispiam
1703 4949 1828 5019 jure
1888 4949 2128 5006 dixerit:

561 5036 777 5104 Aperite
801 5035 930 5090 mihi
964 5046 1146 5106 partas
1167 5036 1416 5107 justitiaz,
1443 5046 1628 5110 portas
1652 5040 1780 5098 item
1809 5043 2128 5114 prudentie,

561 5133 619 5180 et
667 5127 1004 5198 reliquarum
1051 5127 1354 5186 secundum
1403 5128 1572 5186 Deum
1628 5133 1924 5188 actionum.
1979 5133 2132 5192 Post-

561 5234 726 5288 quam
765 5228 943 5275 autem
990 5227 1179 5292 portas
1233 5208 1423 5278 omnes
1475 5212 1895 5297 praetergressus
1938 5227 2129 5296 fuerit;

561 5312 782 5366 demum
812 5310 869 5366 in
907 5311 1102 5368 intima
1154 5321 1496 5382 sanctorum,
1519 5324 1580 5371 ut
1601 5318 1871 5389 quispiam
1909 5319 2130 5389 dixerit,

559 5403 905 5475 perveniens,
942 5419 1054 5460 non
1094 5405 1317 5468 multas,
1369 5404 1466 5461 sed
1495 5423 1658 5462 unam
1683 5409 1883 5465 videbit
1919 5421 2133 5481 portam

560 5493 738 5564 ipsius
759 5493 996 5558 Domini,
1029 5510 1128 5567 per
1160 5511 1323 5568 quam
1359 5510 1551 5553 omnes
1573 5497 1708 5568 justi
1738 5499 2130 5572 ingredientur.

559 5585 770 5644 Dixerit
799 5602 963 5657 porro
985 5589 1282 5659 quispiam,
1315 5587 1458 5646 hanc
1482 5590 1728 5646 ultimam
1759 5608 1884 5650 esse
1909 5600 1964 5651 et
2009 5610 2133 5666 pos-

561 5688 792 5736 tremam
834 5688 1072 5754 portam,
1110 5682 1254 5741 ultra
1288 5701 1451 5759 quam
1498 5688 1751 5762 progredi
1805 5682 1916 5748 non
1949 5691 2128 5750 liceat.

629 5834 650 5860 '
690 5834 880 5893 Matth.
917 5853 1008 5906 xv,
1041 5838 1130 5896 24.

2241 4689 2403 4755 πύλη
2429 4687 2535 4742 τοῦ
2557 4689 2798 4758 Κυρίου,
2817 4687 3034 4742 δίκαιοι
3059 4691 3509 4747 εἰσελεύσονται
3534 4695 3613 4749 ἐν
3637 4697 3790 4764 αὐτῇ.

2253 4777 2800 4850 Ἐξομολογήσομαί
2847 4795 2968 4845 σοι,
3008 4779 3098 4834 ὅτι
3134 4781 3486 4851 ἐπήκουσάς
3522 4804 3679 4855 μου,
3707 4791 3788 4841 zci

2238 4867 2448 4939 ἐγένου
2461 4886 2564 4939 μοι
2595 4872 2683 4938 είς
2706 4871 3027 4940 σωτηρίαν.
3054 4871 3127 4927 Τὸ
3153 4873 3250 4944 μὲν
3279 4870 3371 4927 οὖν
3395 4877 3612 4942 γενικὸν
3639 4881 3790 4949 ὖνοεια

2240 4961 2428 5018 πασῶν
2489 4961 2596 5016 τῶν
2647 4963 2858 5035 ἀρετῶν
2909 4967 2976 5036 τῇ
3028 4964 3339 5038 δικαιοσύνῃ
3401 4972 3783 5041 agamagam.-

2237 5056 2360 5108 κατ’
2393 5049 2529 5119 εἶδος
2565 5054 2624 5109 δὲ
2646 5054 2832 5114 λοιπὸν
2857 5056 3080 5130 διαιρῶν
3109 5076 3214 5124 τις,
3247 5061 3392 5117 εἴποι
3425 5062 3695 5131 ἀναλόγως·
3715 5066 3784 5126 τὲ.

2251 5147 2544 5214 Ἀνοίξατέ
2567 5167 2669 5218 μοι
2693 5151 2890 5216 πύλας
2913 5150 3324 5222 δικαιοσύνης,
3354 5157 3448 5209 καὶ
3474 5156 3644 5221 πύλας
3671 5177 3784 5231 φρο-

2235 5237 2444 5307 νήσεως
2461 5277 2478 5302 ,
2511 5238 2605 5292 καὶ
2635 5238 2742 5294 τῶν
2791 5239 2993 5299 λοιπῶν
3028 5242 3137 5296 τῶν
3165 5244 3308 5299 κατὰ
3353 5244 3482 5299 Θεὸν
3527 5249 3779 5320 πράξεων.

2249 5328 2496 5385 Ἐπειδὰν
2538 5329 2625 5387 διὰ
2681 5331 2869 5384 πασῶν
2923 5333 3168 5411 παρέλθῃ
3217 5335 3329 5392 τῶν
3373 5337 3576 5402 πυλῶν,
3611 5339 3782 5394 λοιπὸν

2233 5419 2326 5473 ἐπὶ
2355 5420 2415 5474 τὸ
2443 5422 2592 5486 τέλος
2635 5422 2765 5487 τῶν,
2797 5424 2874 5490 ὡς
2914 5424 2980 5484 ἂν
3012 5425 3154 5482 εἴποι
3200 5447 3302 5494 τις,
3335 5431 3588 5487 ἐνδοτάτω
3623 5434 3779 5502 ἁγίων

2233 5510 2424 5580 ἐλθὼν,
2457 5512 2640 5570 οὐκέτι
2674 5515 2896 5582 πολλὰς,
2931 5517 3077 5572 ἀλλᾶ
3101 5521 3232 5592 μίαν
3262 5522 3446 5592 ὄψεται
3492 5523 3656 5596 πύλην
3689 5526 3776 5598 τὴν

2234 5601 2399 5658 αὐτοῦ
2435 5604 2530 5660 τοῦ
2569 5606 2773 5678 Κυρίου
2798 5647 2814 5672 ,
2847 5607 2914 5662 δι’
2957 5605 3027 5686 ἧς
3082 5610 3281 5677 atavis;
3331 5612 3702 5670 εἰσελεύσονται
3727 5618 3774 5672 οἱ

2235 5695 2450 5751 δίκαιοι.
2493 5698 2653 5755 Εἴποι
2701 5700 2746 5755 δ’
2779 5700 2845 5757 ἄν
2904 5718 2986 5766 τις
3029 5701 3234 5776 ταύτην
3283 5705 3378 5777 τὴν
3423 5707 3642 5778 Osuiqu
3688 5712 3772 5765 καὶ
