3994 6424
508 365 666 425 ’1571

1209 363 1478 424 EUSEBll
1513 362 1987 422 CESARIENSIS
2023 363 2173 422 OPP.
2193 363 2374 420 PARS
2409 362 2498 420 Ill.
2535 393 2605 406 -
2643 362 3044 420 EXEGETICA.

3627 363 3760 421 {373

599 475 766 534 Vsus.
799 477 886 534 54.
918 477 1000 531 Da
1030 478 1156 532 mihi
1186 477 1523 537 intellectum,
1555 487 1604 532 et
1633 476 1909 532 scrutabor
1933 476 2093 546 legem
2121 526 2125 534 .

2261 472 2590 528 Συνέτισόν
2607 491 2703 544 με,
2740 474 2836 529 καί
2861 473 3236 543 ἐξερευνήσω
3273 475 3383 531 τόν
3406 477 3601 547 νόμον
3630 493 3761 540 σου,

534 574 699 630 tuam,
743 577 790 620 et
827 567 1115 620 custodiam
1170 565 1320 618 illam
1367 567 1422 620 in
1464 575 1571 622 toto
1602 566 1757 621 corde
1797 584 1930 621 meo.
1963 565 2091 621 Vult

532 659 792 730 propheta
826 659 996 733 legem
1032 658 1126 714 Dei
1165 659 1423 725 scrutari,
1455 675 1657 731 gnarus
1686 676 1806 716 eam
1838 676 1944 715 non
1983 660 2096 714 cla-

532 764 650 802 ram
683 755 737 803 et
774 758 931 818 captu
966 747 1201 802 facilem.
1254 747 1438 820 Itaque
1480 749 1549 804 da
1579 749 1711 804 mihi
1742 749 2094 815 intellectum,

533 843 629 908 ait,
661 854 720 896 ut
761 841 1081 911 congruenti
1109 855 1234 895 cum
1255 837 1517 897 examine
1561 850 1615 898 et
1652 843 1949 896 attentione
1976 856 2099 911 per-

533 932 745 1004 quiram
791 931 968 998 illam;
998 938 1057 985 ut
1084 947 1152 987 ex
1199 931 1290 986 illa
1320 947 1500 988 rerum
1525 948 1662 1003 quas
1687 933 1773 988 vel
1819 947 1978 1003 agere
2016 931 2098 987 vel

533 1021 889 1092 contemplari
915 1037 1053 1092 opus
1079 1029 1182 1086 est,
1210 1036 1372 1076 usum
1420 1028 1749 1091 captumque
1789 1035 2046 1091 assequar
2081 1038 2094 1074 :

533 1116 615 1174 sic
645 1128 880 1183 namque
911 1123 1101 1184 potero
1130 1128 1249 1168 eam
1283 1113 1338 1166 in
1365 1119 1480 1166 toto
1507 1111 1672 1166 corde
1701 1112 2002 1175 custodire,
2035 1126 2099 1165 ac

534 1203 654 1262 sine
676 1205 1018 1261 dubitatione
1039 1205 1189 1260 adire
1215 1205 1382 1260 illam.
1409 1203 1562 1269 Quod
1588 1204 1632 1261 si
1663 1204 1937 1260 intellectu
1965 1220 2100 1273 opus

535 1297 605 1352 sit
634 1305 692 1350 ut
722 1298 891 1367 legem
922 1298 1186 1352 duntaxat
1215 1296 1497 1358 scruteris,
1527 1303 1782 1365 quantam
1815 1309 1846 1348 a
1888 1294 1994 1348 Deo
2019 1294 2103 1348 in-

535 1389 890 1458 telligentiam
920 1389 1169 1460 accipere
1197 1405 1334 1460 opus
1361 1389 1550 1446 habes.
1580 1396 1637 1442 ut
1673 1388 1832 1443 tinem
1869 1387 1987 1457 ejus
2018 1403 2104 1443 re-

535 1479 757 1549 perias?

607 1568 772 1625 Vens.
805 1572 894 1626 35.
940 1570 1114 1624 Deduc
1147 1587 1224 1624 me
1256 1571 1309 1623 in
1335 1571 1575 1624 semitam
1599 1570 1969 1623 mandatorum
1997 1578 2108 1624 tuo-

538 1678 677 1727 rum,
707 1663 834 1732 quia
865 1664 1034 1732 ipsam
1067 1662 1226 1717 volui.
1255 1661 1356 1716 Hic
1378 1664 1622 1716 semitam
1657 1677 1755 1732 pro
1785 1663 1897 1732 lege
1929 1660 2102 1715 dicit:

536 1768 664 1808 nam
707 1753 1088 1808 mandatorum
1123 1754 1316 1808 semita
1345 1754 1593 1823 quaedam
1624 1762 1726 1810 est.
1773 1751 1978 1808 Semita
2007 1767 2105 1805 au-

537 1853 647 1901 tem
680 1845 882 1900 dicitur
910 1846 990 1900 via
1026 1847 1176 1908 trita,
1229 1846 1284 1900 in
1315 1814 1420 1916 qua
1454 1846 1609 1900 multi
1656 1855 1780 1901 ante
1824 1859 1925 1900 nos
1969 1843 2104 1914 justi
2141 1814 2183 1869 Β

539 1938 908 1994 ambularunt.
958 1937 1013 1994 Si
1041 1940 1165 2009 quis
1204 1950 1385 1996 autem
1410 1940 1561 2009 justo
1589 1939 1728 1994 duce
1755 1953 1863 1992 non
1900 1944 2104 2002 utatur,

538 2043 647 2082 non
674 2035 851 2098 potest
884 2029 1184 2084 secundum
1218 2036 1485 2099 praecepta
1515 2027 1607 2081 Dei
1650 2027 1946 2082 ambulare.
1972 2023 2105 2078 Nam

539 2118 745 2174 Christi
803 2135 904 2174 nos
961 2119 1262 2175 imitatores
1320 2135 1465 2188 esse,
1511 2134 1575 2175 ac
1617 2118 1811 2173 tollere
1866 2131 2106 2182 crucem,

543 2212 832 2282 ipsumque
873 2212 1027 2280 sequi
1069 2218 1304 2282 oportet.

613 2301 782 2358 Vens.
813 2302 882 2358 56
903 2303 1034 2358 -40.
1060 2301 1268 2356 Inclina
1291 2319 1382 2357 cor
1405 2318 1576 2355 meum
1597 2301 1651 2354 in
1673 2300 1970 2354 testimonia
1996 2309 2108 2364 tua,

541 2403 592 2448 et
638 2411 739 2448 non
766 2395 821 2447 in
853 2395 1153 2448 avaritiam.
1191 2395 1376 2448 Averte
1423 2392 1600 2448 oculos
1635 2409 1774 2450 meas
1809 2409 1870 2446 ne
1898 2392 2110 2450 videant

543 2486 863 2549 vanitatem;
895 2487 949 2539 in
983 2487 1066 2540 via
1105 2495 1195 2538 tua
1229 2486 1430 2554 vivi/ica
1480 2502 1577 2541 me.
1624 2483 1810 2540 Statue
1838 2501 1983 2538 servo
2023 2495 2112 2538 tuo

542 2577 804 2647 eloquium
846 2587 991 2631 tuum
1032 2580 1086 2631 in
1119 2579 1306 2631 timore
1350 2587 1460 2632 tuo.
1509 2581 1739 2648 Amputa
1781 2579 2114 2649 opprobrium

546 2685 716 2722 meum
739 2669 876 2739 quod
896 2670 1194 2737 suspicatus
1217 2685 1356 2731 sum,
1382 2671 1503 2738 quia
1521 2669 1727 2739 judicia
1751 2680 1839 2724 tua
1852 2669 2113 2740 jucunda.

548 2761 683 2817 Ecce
709 2763 976 2830 concupiui
1006 2761 1259 2815 mandata
1307 2770 1418 2826 tua,
1459 2762 1513 2814 in
1550 2762 1765 2831 justitia
1797 2772 1885 2815 tua
1915 2762 2117 2831 vivi/ica

549 2869 650 2908 me.
686 2851 880 2908 Omnia
910 2853 976 2907 ad
1011 2852 1178 2908 Deum
1212 2853 1313 2907 viri
1345 2854 1519 2908 sancti
1555 2851 1818 2916 referunt,
1855 2851 2118 2906 docentes

548 2945 688 2999 nihil
716 2960 818 2999 nos
851 2946 970 3000 sine
1002 2944 1110 2999 Deo
1136 2959 1318 3015 posse.
1353 2943 1471 2999 Nisi
1501 2945 1639 2998 enim
1679 2945 1732 2996 in
1761 2960 1839 2996 me
1865 2943 2121 2996 manseri.

551 3036 643 3098 tis,
671 3035 867 3105 inquit,
900 3035 1033 3088 nihil
1056 3037 1270 3104 potestis
1295 3035 1466 3104 facere
1495 3037 1558 3089 ιο.
1593 3033 1699 3089 Sed
1729 3034 1961 3090 fortasse
1983 3049 2122 3091 non-

2195 568 2296 622 καί
2339 567 2586 638 φυλάξω
2611 568 2797 624 αὐτόν
2831 569 2901 622 ἐν
2927 568 3039 637 ὅλῃ
3070 570 3280 638 καρδίᾳ
3321 589 3462 640 μου.
3510 569 3766 624 Rodiis-.3:
3802 592 3809 596 ·

2194 659 2541 730 ὲξερευνῆσαι
2568 658 2659 712 τὸν
2699 660 2859 730 νόμον
2886 660 2979 714 τοῦ
3012 659 3147 715 Θεοῦ
3172 664 3200 714 ὁ
3233 663 3519 734 προφήτης
3547 663 3769 715 ἐπιστά-

2199 767 2375 822 μενος,
2401 751 2484 804 ὅτι
2513 750 2613 803 οὐκ
2641 750 2754 804 ἐστι
2781 752 2956 823 σαφὴς
2981 753 3075 805 καὶ
3101 754 3597 826 εὐκαταφρόνητος.
3643 757 3765 807 Συν-

2197 841 2371 896 έτισόν
2389 859 2455 912 με
2471 842 2667 905 τοίνυν,
2680 843 2768 897 ἵνα
2782 844 2996 913 ζητήσω
3011 844 3170 897 αὑτὸν
3187 845 3324 915 μετὰ
3340 847 3436 916 τῆς
3451 847 3768 918 πρεπούσης

2197 934 2425 1006 ἐρεύνης
2449 935 2544 988 καὶ
2566 934 2905 1002 ἐπιστασίας,
2927 934 3002 999 ὡς
3031 935 3091 1000 ἐξ
3115 936 3276 990 αὑτοῦ
3299 937 3482 990 λαϐεῖν
3508 938 3617 991 τῶν
3638 956 3773 1008 πρα-

2199 1026 2369 1080 κτέων
2397 1027 2488 1081 καὶ
2511 1026 2798 1100 Θεωρητῶν
2821 1027 2918 1098 τὴν
2939 1028 3133 1098 χρῆσιν
3161 1030 3251 1082 καὶ
3279 1031 3609 1100 κατάληψιν
3639 1031 3774 1084 οῦτω

2199 1117 2308 1190 γὰρ
2338 1119 2636 1190 δυνήσομαι
2668 1118 2898 1188 φυλάξαι
2947 1120 3107 1174 αὐτὸν
3141 1122 3197 1173 ὲν
3241 1122 3336 1193 ὅλῃ
3385 1122 3587 1194 καρδία
3627 1124 3773 1175 ἀνενο

2199 1211 2464 1275 δοιάστως
2479 1211 2627 1281 αὑτῷ
2653 1213 3106 1284 προσερχόμενος.
3141 1213 3204 1266 El
3232 1212 3288 1266 δὲ
3310 1213 3588 1278 συνέσεως
3614 1213 3775 1266 δεῖται

2202 1302 2288 1354 ἴνα
2316 1301 2470 1372 μόνον
2496 1304 2762 1376 ἐρευνήσῃ
2793 1303 2882 1357 τὸν
2907 1305 3089 1375 νόμον,
3120 1305 3262 1369 τίνος
3290 1305 3486 1371 δεῖται,
3516 1306 3778 1368 συνέσεως

2201 1392 2308 1445 ἀπὸ
2333 1392 2464 1446 Θεοῦ
2489 1393 2788 1466 διδομένης,
2816 1396 2901 1448 ἵνα
2930 1396 3062 1468 εὕρῃ
3090 1397 3150 1449 τὸ
3172 1396 3356 1462 τέλος;

2287 1567 2615 1638 Ὀδήγησόν
2647 1585 2724 1638 με
2768 1569 2839 1622 ἐν
2877 1567 2950 1637 τῇ
2993 1569 3163 1636 τρίϐῳ
3203 1567 3322 1622 τῶν
3346 1568 3620 1623 ἐντολῶν
3647 1585 3778 1632 σου,

2207 1660 2295 1714 ὅτι
2324 1660 2518 1728 αὐτὴν
2536 1659 2828 1729 ἠθέλησα.
2879 1662 2995 1714 Ἵνα
3024 1660 3154 1733 circa
3184 1661 3274 1714 τὸν
3306 1661 3492 1731 νόμον,
3537 1661 3658 1731 ἦτοι
3688 1661 3782 1732 τὴν

2205 1753 2408 1825 τρίϐον·
2463 1752 2577 1806 ἐστι
2617 1753 2724 1824 γὰρ
2751 1753 2976 1806 ἐντολῶν
3007 1751 3211 1825 τρίϐος.
3241 1752 3440 1824 Τρξὸος
3469 1752 3530 1806 δὲ
3575 1751 3782 1821 λέγεται

2209 1847 2244 1917 ἠ
2274 1845 2605 1918 τετριμμένη
2637 1845 2772 1910 ὁδὸς,
2797 1847 2862 1916 ἢν
2893 1845 3077 1899 πολλοὶ
3101 1845 3205 1916 πρὸ
3226 1847 3382 1916 ἡμῶν
3412 1845 3785 1917 ἐπορεύθησαν

2209 1936 2318 1991 τῶν
2350 1937 2590 1990 δικαίων.
2635 1936 2762 1991 Ἐὰν
2792 1937 2848 1990 δέ
2873 1955 2956 2001 τις
2987 1939 3060 2010 μὴ
3085 1937 3264 2010 ὁδηγῷ
3290 1940 3566 2010 χρήσηται
3607 1938 3684 2007 τῷ
3710 1940 3786 1990 δε-

2213 2031 2369 2102 καίῳ,
2398 2030 2460 2083 οὑ
2487 2030 2704 2084 δύναται
2730 2031 2941 2084 ὁδεῦσαι
2971 2031 3111 2084 κατὰ
3140 2033 3237 2094 τὰς
3267 2030 3490 2094 ἐντολὰς
3513 2029 3612 2083 τοῦ
3633 2029 3763 2082 Θεοῦ

2213 2121 2448 2194 Χριστοῦ
2476 2122 2582 2195 γὰρ
2607 2124 2750 2193 ἡμᾶς
2783 2123 2862 2175 δεῖ
2905 2122 3142 2191 γίνεσθαι
3183 2123 3446 2196 μιμητὰς,
3494 2121 3593 2177 καὶ
3621 2120 3786 2192 αἴρειν

2212 2214 2304 2267 τὸν
2327 2215 2577 2286 σταυρὸν,
2612 2215 2704 2268 καὶ
2733 2215 3040 2269 ἀκολουθεῖν
3067 2215 3242 2270 ὀπίσω
3281 2215 3445 2269 αὑτοῦ

2287 2305 2508 2360 Κλῐνον
2537 2304 2652 2375 τὴν
2690 2305 2942 2375 καρδίαν
2962 2323 3082 2376 μου
3119 2308 3207 2372 εὶς
3242 2306 3314 2360 τὰ
3329 2304 3632 2376 μαρτύριά
3657 2323 3788 2368 σου,

2217 2396 2314 2454 καὶ
2357 2396 2444 2466 μὴ
2489 2399 2578 2462 εἰς
2617 2397 3000 2463 πλεονεξίαν.
3048 2398 3466 2466 Ἀπόστρεψον
3508 2397 3652 2462 τοὺς
3693 2399 3795 2465 ἐερ-

2217 2489 2481 2559 θαλμούς
2499 2507 2620 2560 μου
2647 2491 2754 2544 τοῦ
2774 2489 2863 2560 μὴ
2894 2489 3042 2543 ἰδεῖν
3060 2493 3446 2560 ματαιότητα·
3487 2491 3556 2542 ἐν
3575 2488 3654 2557 τῇ
3678 2487 3796 2552 ὀδῷ

2219 2595 2334 2635 σου
2372 2579 2557 2649 ζῆσόν
2591 2597 2686 2650 με.
2737 2581 2982 2651 Στῆσον
3015 2579 3094 2647 τῷ
3121 2581 3321 2651 δούλῳ
3348 2595 3464 2636 σου
3491 2579 3557 2633 τό
3585 2581 3798 2648 λόγιόν

2219 2688 2335 2726 σου
2372 2674 2459 2738 εἰς
2496 2671 2602 2725 τὸν
2639 2673 2827 2741 φόϐον
2857 2688 2995 2751 σου,
3039 2674 3282 2743 Περίελε
3317 2671 3428 2727 τόν
3455 2671 3798 2741 ὀνειδισμὼ⁹

2215 2781 2334 2834 μου
2363 2761 2434 2818 ὃν
2460 2760 2844 2828 ὑπώπτευσα,
2875 2751 2978 2818 ὅτι
2995 2763 3066 2817 τὰ
3102 2763 3355 2833 κρίματα
3395 2778 3516 2819 σου
3546 2761 3780 2832 χρηστά

2235 2852 2378 2908 Ἰδοὺ
2409 2852 2756 2924 ἐπεθύμησα
2778 2857 2883 2921 τὰς
2913 2855 3164 2921 ἐντολάς
3188 2870 3328 2919 σου,
3361 2856 3433 2910 ἐν
3467 2854 3548 2923 τῇ
3585 2855 3799 2909 δικαιο-

2223 2943 2388 3012 σύνῃ
2443 2960 2563 2999 σου
2619 2943 2802 3015 ζῆσόν
2832 2963 2926 3016 με.
2985 2947 3168 3000 Πάντα
3227 2948 3318 3000 ἐπὶ
3363 2948 3454 3002 τὸν
3507 2946 3644 3000 Θεον
3678 2946 3801 2999 ἀνα-

2227 3035 2477 3108 φέρουσιν
2506 3037 2555 3088 οἱ
2584 3037 2750 3106 ἅγιοι,
2792 3036 3126 3101 διδάσκοντες
3165 3040 3341 3110 ἡμᾶς,
3366 3039 3449 3092 ὃτι
3475 3039 3648 3110 χωρὶς
3676 3034 3802 3089 Θεοῦ

552 3141 714 3181 nemo
741 3127 943 3182 dixerit
994 3147 1006 3181 :
1042 3125 1100 3181 Si
1136 3127 1320 3181 omnia
1349 3127 1414 3180 ad
1448 3125 1617 3181 Deum
1665 3124 1996 3190 referuntur,
2029 3123 2122 3179 ubi

2227 3129 2374 3197 οὐδὲν
2390 3127 2685 3200 δυνάμεθα.
2721 3129 2861 3184 Ἐὰν
2879 3129 2987 3199 γὰρ
3005 3127 3091 3198 μὴ
3117 3129 3188 3183 ἐν
3211 3130 3374 3199 ἐμοὶ,
3389 3130 3549 3201 φησὶ.
3565 3129 3802 3198 μένητε,

551 3227 637 3275 est
676 3219 730 3274 id
759 3219 906 3290 quod
936 3235 1069 3275 meae
1101 3219 1378 3275 facultatis
1408 3220 1530 3274 est?
1559 3219 1655 3274 Sin
1690 3218 1894 3284 minus,
1919 3218 2126 3288 ubique

555 3326 687 3366 sane
721 3312 914 3367 miscet
935 3325 998 3366 ea
1021 3326 1141 3381 quae
1170 3326 1199 3365 a
1227 3311 1339 3366 Deo
1372 3318 1500 3367 sunt
1529 3326 1653 3366 cum
1684 3311 1752 3366 iis
1797 3325 1917 3381 quae
1944 3310 1998 3364 in
2022 3323 2127 3364 no-

557 3412 674 3461 stra
713 3413 842 3460 sunt
877 3413 1169 3476 potestate.
1207 3405 1253 3458 A
1293 3403 1406 3459 Deo
1437 3414 1587 3458 certe
1619 3403 1752 3458 illud
1778 3409 1861 3458 est
1896 3422 1910 3457 :
1944 3400 2128 3471 Legem

555 3513 690 3567 pone
718 3496 867 3560 mihi,
903 3496 1147 3563 Domine,
1193 3497 1334 3550 viam
1375 3496 1827 3565 justiﬁcationum
1875 3503 2128 3560 tuarum;

557 3595 870 3643 nostrarum
897 3595 1076 3642 autem
1109 3587 1343 3656 partium
1392 3595 1476 3642 est
1507 3587 1641 3640 illud
1693 3606 1706 3641 :
1759 3585 1829 3640 Et
1859 3587 2131 3656 exquiram

558 3697 676 3735 eam
705 3696 924 3750 semper.
957 3678 1002 3732 Α
1039 3678 1145 3734 Deo
1177 3694 1394 3734 rursum
1427 3679 1642 3748 postulo
1673 3695 1685 3730 :
1721 3679 1802 3732 Da
1831 3677 1960 3732 mihi
1986 3676 2134 3733 intel-

562 3774 775 3837 lectum,
813 3781 863 3825 et
888 3769 1164 3826 scrutabor
1199 3772 1360 3841 legem
1409 3779 1576 3833 tuam,
1607 3770 1671 3824 ad
1714 3784 1801 3826 me
1841 3785 1971 3826 vero
2005 3786 2134 3842 per-

565 3863 697 3918 tinet
727 3861 862 3918 illud
895 3881 908 3917 :
937 3861 1006 3915 Et
1036 3860 1330 3915 custodiam
1360 3860 1512 3914 illam
1544 3862 1600 3914 in
1645 3870 1752 3916 toto
1797 3858 1952 3916 corde
1997 3878 2130 3916 meo.

565 3953 752 4008 Tertio
775 3953 953 4008 itema
976 3951 1087 4008 Deo
1119 3952 1172 4006 id
1214 3960 1410 4023 expeto
1437 3972 1449 4007 ε
1481 3951 1661 4007 Deduc
1695 3969 1774 4007 me
1816 3954 1869 4006 in
1893 3955 2132 4007 semitam

566 4044 936 4099 mandatorum
970 4053 1175 4098 tuorum
1217 4058 1235 4096 :
1268 4043 1399 4113 quid
1439 4050 1619 4098 autem
1654 4043 1719 4098 ad
1769 4059 1853 4098 me
1885 4053 2094 4113 spectat
2114 4046 2148 4102 '3’

567 4134 710 4202 Quia
755 4134 925 4202 ipsam
959 4133 1118 4197 volui,
1149 4133 1400 4188 videlicet
1455 4133 1628 4204 legem
1662 4147 1826 4203 supra
1867 4149 2134 4188 memora-

567 4235 707 4292 tam;
741 4227 813 4279 ita
844 4232 902 4279 ut
936 4233 1182 4295 petamus
1227 4232 1283 4278 ut
1312 4240 1432 4295 qua:
1459 4241 1491 4279 a
1518 4223 1628 4280 Deo
1659 4234 1788 4280 sunt
1817 4226 1996 4279 adsint
2037 4241 2140 4279 no-

571 4315 677 4381 bis,
704 4330 767 4371 ea
793 4317 1172 4387 promittentes
1198 4331 1318 4386 quae
1341 4323 1544 4372 nostra:
1569 4315 1846 4370 facultatis
1873 4324 2020 4378 sunt,
2053 4331 2143 4370 ne-

572 4419 679 4474 que
722 4406 878 4460 irrita
911 4407 1002 4461 illa
1049 4406 1335 4473 iacientes,
1367 4422 1436 4462 ne
1461 4412 1620 4477 pacta
1649 4420 1773 4459 cum
1810 4404 1918 4460 Deo
1953 4413 2139 4459 nostra

570 4498 853 4553 violemus.

648 4588 810 4646 Vens.
837 4591 947 4644 41-
964 4591 1052 4645 48.
1082 4590 1148 4645 Et
1171 4590 1339 4645 veniat
1361 4605 1517 4658 super
1531 4604 1612 4642 me
1638 4587 1998 4641 misericordia
2025 4597 2138 4651 tua,

577 4683 819 4747 Domine,
855 4684 1088 4737 salutare
1121 4695 1267 4736 tuum
1298 4680 1582 4737 secundum
1622 4678 1831 4734 verbum
1867 4688 2035 4735 tuum.
2081 4678 2146 4732 Et

579 4773 895 4846 respondebo
922 4774 1359 4844 exprobrantibus
1381 4772 1509 4827 mihi
1539 4770 1769 4835 verbum,
1799 4771 1923 4840 quia
1945 4771 2150 4840 speravi

581 4869 635 4923 in
663 4865 989 4922 sermonibus
1019 4868 1141 4921 tuis.
1174 4865 1241 4919 Et
1275 4882 1338 4921 ne
1361 4865 1573 4935 auferas
1596 4863 1660 4918 de
1681 4879 1769 4917 ore
1798 4879 1911 4917 meo
1941 4862 2148 4916 verbum

579 4961 817 5017 veritatis
850 4974 1011 5028 usque
1040 4957 1210 5024 valde,
1245 4959 1368 5030 quia
1405 4959 1456 5010 in
1492 4956 1716 5026 judiciis
1742 4955 1846 5009 tuis
1879 4969 2148 5025 superspe-

584 5053 716 5107 ravi.
759 5049 828 5104 Et
867 5048 1160 5103 custodiam
1191 5048 1348 5118 legem
1388 5057 1529 5100 tuam
1559 5062 1778 5115 semper,
1810 5045 1864 5098 in
1898 5045 2150 5099 steculum

583 5155 632 5198 et
667 5145 722 5197 in
759 5142 1011 5198 sarculum
1043 5139 1242 5195 saeculi.
1274 5139 1342 5193 Et
1374 5140 1711 5194 ambulabam
1751 5139 1806 5192 in
1847 5138 2149 5205 latitudine,

585 5236 711 5308 quia
734 5236 990 5289 mandata
1026 5243 1117 5308 tua
1141 5233 1413 5302 exquisivi.
1455 5231 1524 5286 Et
1555 5233 1800 5304 loquebar
1834 5232 1888 5285 in
1918 5231 2153 5285 testimo-

587 5331 689 5384 niis
719 5331 822 5384 tuis
880 5330 938 5383 in
982 5303 1258 5397 conspectu
1300 5343 1498 5396 regum,
1533 5336 1582 5380 et
1635 5343 1737 5379 non
1772 5323 2150 5394 confundebar.

589 5422 703 5477 [Ioc
727 5421 953 5493 pulchre
972 5419 1318 5492 quadraverit
1341 5420 1397 5473 in
1419 5434 1542 5474 eum
1566 5418 1657 5488 qui
1680 5417 1747 5472 ad
1776 5431 1974 5472 nomen
1997 5414 2157 5471 Chri-

592 5516 660 5569 sti
689 5513 1055 5570 confitendum
1084 5523 1208 5568 ante
1247 5527 1399 5584 reges
1427 5519 1482 5566 et
1518 5510 1777 5581 praesides
1807 5509 2042 5565 ducitur.
2086 5505 2156 5562 Et

592 5606 883 5662 meditabar
915 5607 969 5660 in
999 5605 1263 5661 mandatis
1302 5604 1427 5670 tuis,
1457 5618 1573 5675 qua:
1599 5601 1764 5656 dilexi
1785 5601 1952 5658 valde.
1995 5598 2058 5656 Et
2086 5600 2157 5657 le-

664 5787 708 5822 “
738 5784 897 5842 toan.
935 5803 1018 5854 xv,
1055 5787 1106 5843 ι.

2227 3219 2407 3274 οὐδὲν
2429 3219 2694 3273 δύνασθε
2717 3217 2929 3275 ποιεῖν.
2967 3218 3103 3273 Ἀλλ’
3124 3220 3252 3283 ῐσως
3275 3237 3356 3282 τις
3379 3220 3518 3290 ἐρεῖ·
3545 3221 3608 3272 Ei
3635 3218 3806 3272 πάντα

2228 3307 2556 3380 ἀναφέρεται
2583 3309 2676 3361 ἐπὶ
2702 3309 2792 3362 τὸν
2823 3308 2976 3375 Θεὸν,
3007 3307 3112 3364 ποῦ
3137 3309 3199 3362 τὸ
3223 3312 3308 3364 ἐπ’
3337 3311 3495 3380 spei;
3539 3310 3603 3363 Εἰ
3630 3310 3687 3363 δὲ
3716 3309 3805 3382 μὴ.

2229 3398 2502 3469 πανταχοῦ
2541 3399 2803 3466 ὲπέπλεξε
2854 3404 2968 3466 τοῖς
3008 3401 3116 3454 ἀπὸ
3149 3401 3242 3454 τοῦ
3272 3401 3408 3455 Θεοῦ
3444 3401 3518 3455 τὰ
3546 3404 3635 3471 ἐφ’
3661 3405 3802 3474 ἡμῖν.

2242 3491 2374 3543 Ἀπὸ
2411 3490 2504 3544 τοῦ
2551 3491 2685 3544 Θεοῦ
2728 3491 2809 3545 τό·
2860 3492 3280 3562 Νομοθέτησόν
3306 3511 3403 3564 με,
3451 3496 3660 3562 Κύριε,
3702 3495 3804 3562 τὴν

2231 3581 2374 3636 ὀδόν
2399 3581 2516 3637 τῶν
2542 3582 2951 3653 δικαιωμάτων
2978 3601 3114 3639 σου·
3146 3586 3208 3638 τὸ
3233 3586 3276 3644 δέ
3305 3587 3388 3654 ἐφ’
3417 3586 3696 3657 ἠμῖν·Καί
3717 3587 3808 3639 ὲκ-

2232 3673 2462 3742 ξητήσω
2498 3674 2692 3745 αὐτὴν
2733 3678 3075 3743 διαπαντός.
3122 3677 3254 3732 Ἀπὸ
3284 3676 3419 3734 Θεοῦ
3455 3677 3597 3732 αἰτῶ
3631 3677 3802 3736 πάλιν·

2233 3764 2566 3821 Συνέτισόν
2601 3783 2707 3838 με,
2737 3766 2836 3822 καὶ
2869 3767 3245 3836 ἐξερευνήσω
3283 3767 3391 3822 τὸν
3441 3770 3637 3839 νόμον
3675 3786 3804 3824 σου.

2233 3856 2307 3910 Τὸ
2335 3857 2380 3910 δ’
2415 3857 2502 3910 ἐπ’
2530 3857 2673 3929 ἐμοι·
2706 3859 2814 3914 Kal
2849 3858 3096 3929 φυλάξω
3124 3861 3310 3915 αὑτὸν
3337 3861 3408 3914 ἐν
3436 3860 3556 3931 ὅλῃ
3583 3861 3802 3932 uulgata.

2236 3948 2347 4002 Καὶ
2378 3949 2558 4020 τρίτον
2590 3950 2698 4003 ἀπὸ
2723 3949 2858 4004 Θεοῦ
2892 3952 3026 4008 αἰτῶ
3053 3952 3244 4020 λέγων·
3290 3951 3622 4021 Ὀδήτησόν
3637 3968 3710 4019 με
3737 3951 3808 4004 ἐν

2235 4040 2410 4108 τρίϐῳ
2447 4039 2564 4093 τῶν
2594 4041 2856 4096 ἐντολῶν
2893 4058 3029 4097 σου·
3057 4043 3110 4096 τί
3143 4042 3202 4096 τὸ
3230 4043 3316 4096 ἐπ’
3359 4043 3520 4113 ὲμοίς
3558 4043 3681 4096 Ὅτι
3707 4043 3808 4095 αὑ-

2237 4128 2342 4183 τὸν
2367 4128 2656 4199 ἠθέλησαδ
2703 4131 2860 4202 δῆλον
2889 4131 2945 4186 δὲ
3000 4133 3083 4186 ὅτι
3113 4133 3201 4186 τὸν
3231 4133 3487 4204 ἀνωτέρω
3533 4132 3812 4203 εἰρημένον

2236 4219 2421 4291 νόμον,
2442 4221 2583 4275 ὥστε
2605 4222 2844 4294 αἰτῶμεν
2863 4223 2939 4282 τὰ,
2953 4223 3060 4278 ἀπὸ
3087 4223 3221 4276 Θεοῦ
3243 4223 3644 4295 προσγενέσθαι
3665 4224 3810 4294 ἡμῖν,

2238 4309 2693 4384 ἐπαγγελλόμενοι
2726 4313 2822 4365 καὶ
2863 4313 2932 4366 τὰ
2968 4313 3052 4382 ἐφ’
3093 4314 3224 4384 ἡμῖν
3249 4314 3344 4368 καὶ
3373 4313 3811 4386 μὴᾴψευδόμενοι,

2241 4398 2327 4454 ἵνα
2359 4401 2442 4475 μὴν
2464 4401 2563 4466 τὰς
2591 4402 2726 4475 πρὸς
2758 4403 2888 4460 Θεὸν
2919 4402 3198 4473 ἀθετῶμεν
3225 4403 3532 4474 συνθήκαςι

2319 4594 2429 4649 Καὶ
2459 4593 2625 4649 ἔλθοι
2653 4595 2745 4652 ἐπ’
2791 4595 2896 4666 ἐμὲ
2926 4597 2990 4650 τὸ
3023 4595 3196 4663 ἔλεός
3217 4610 3354 4661 σου,
3388 4598 3591 4665 Κύριε,
3615 4598 3681 4650 τὸ
3713 4605 3812 4650 σω⁹

2250 4687 2450 4755 τήριόν
2472 4702 2587 4743 σου
2608 4688 2757 4743 κατὰ
2783 4688 2889 4742 τὸν
2910 4691 3098 4759 λόγον
3120 4705 3258 4743 σου.
3285 4690 3393 4744 Καὶ
3424 4687 3813 4758 ἀποκριθήσο-

2243 4797 2350 4850 μαι
2389 4779 2513 4848 τοῖς
2551 4779 2904 4842 ὀνειδίζουσί
2931 4799 3032 4850 μοι
3075 4782 3279 4851 λόγον,
3318 4779 3409 4834 ὅτι
3452 4780 3692 4849 ἤλπισα
3725 4778 3814 4832 ἐπὶ

2249 4871 2372 4940 τοῖς
2401 4874 2603 4942 λόγοις
2641 4887 2776 4930 σου.
2818 4874 2929 4928 Καὶ
2949 4873 3035 4943 μὴ
3065 4871 3344 4942 περιέλῃς
3365 4873 3435 4927 ἐκ
3469 4873 3580 4928 τοῦ
3602 4873 3812 4940 στόμα-

2249 4967 2352 5034 τός
2379 4983 2497 5037 μου
2523 4969 2709 5036 λόγον
2736 4967 3019 5036 ἀληθείας
3044 4967 3153 5033 ἕως
3181 4967 3436 5036 σφόδρα,
3460 4966 3554 5020 ὅτι
3578 4967 3678 5019 ἐπὶ
3704 4965 3814 5031 τοῖς

2251 5059 2495 5131 κρίμασι
2514 5074 2629 5114 σου
2640 5057 2974 5127 ἐπήλπισα.
2993 5059 3102 5114 Καὶ
3122 5059 3372 5128 φυλάξω
3386 5059 3493 5112 τὸν
3503 5059 3696 5127 νόμον
3708 5073 3814 5111 σου

2251 5147 2573 5214 διαπαντὸς
2587 5151 2673 5215 εἰς
2694 5146 2799 5201 τὸν
2813 5147 2997 5201 αἰῶνα
3012 5146 3107 5200 καὶ
3129 5148 3216 5212 εἰς
3233 5145 3341 5199 τὸν
3355 5143 3544 5199 αἰῶνα
3565 5144 3672 5198 τοῦ
3686 5141 3811 5197 αἰῶ-

2251 5231 2376 5308 νοςέ
2393 5239 2502 5296 Kal
2517 5237 2963 5309 ἐπορευόμηνέν
2978 5236 3328 5308 πλατυσμῷ,
3344 5237 3432 5290 ὅτι
3447 5240 3556 5304 τὰς
3573 5232 3814 5298 ἐντολάς

2253 5348 2369 5388 σου
2405 5329 2752 5399 ἐξεζήτησα.
2793 5329 2904 5384 Καὶ
2937 5328 3198 5385 ἐλάλουν
3224 5330 3295 5383 ἐν
3329 5327 3457 5395 τοῖς
3479 5327 3814 5398 μαρτυρίοις

2255 5439 2370 5478 σου
2417 5423 2693 5477 ἐναντίον
2746 5421 3074 5487 βασιλέων,
3134 5420 3231 5476 καὶ
3284 5421 3396 5476 οὐκ
3442 5420 3811 5489 ᾐσχυνόμην.

2256 5513 2566 5585 Χαριέντως
2595 5512 2851 5584 ἁρμόσειε
2883 5513 3038 5567 τοῦτο
3071 5512 3146 5583 τῷ
3181 5513 3271 5565 ἐπὶ
3299 5510 3573 5583 ἡγεμόνας
3608 5511 3703 5564 καὶ
3735 5509 3814 5578 βαι

2261 5605 2423 5670 σιλεῖς
2449 5604 2696 5674 ἀγομένῳ
2729 5603 2912 5658 ἕνεκεν
2951 5604 3046 5658 τοῦ
3069 5604 3324 5676 ὀνόματος
3349 5601 3586 5673 Χριστοῦ
3621 5619 3814 5677 9:910.-
