3994 6424
259 392 284 446 Ι
295 392 400 450 373

1377 404 1879 462 COMMENTARIA
1909 407 1978 463 IN
2008 403 2354 466 PSALMOS.

3355 412 3494 468 ηπ

259 515 394 584 ρετν.
422 515 530 568 Καὶ
552 515 844 584 ἐμελέτων
869 518 937 572 ἐν
957 519 1083 586 ταῖς
1108 520 1380 589 ἐντολαῖς
1403 540 1540 590 σου,
1569 521 1664 593 αἶς
1689 525 1820 597 ήγάε

1935 528 2051 582 vavi
2075 519 2262 582 manus
2284 527 2356 581 ad
2390 528 2644 586 mandata
2675 538 2764 588 tua
2788 545 2903 598 quia
2931 528 3115 593 dilexi,
3149 537 3198 584 et
3221 533 3495 588 exercebar

254 623 427 674 πησα
443 608 695 677 σφόδρα.
739 610 846 663 Kal
877 606 992 682 ᾖρα
1021 612 1129 679 τὰς
1149 613 1349 682 χεῖρας
1369 616 1515 684 πρὸς
1538 617 1644 683 τὰς
1660 618 1826 671 ἐντο-

253 697 374 766 λάς
404 714 542 764 σου,
576 700 650 764 ἅς
677 701 980 772 ἠγάπησα,
1029 703 1126 759 καὶ
1171 705 1554 777 ἠδολέσχουν
1598 709 1666 762 ἐν
1702 709 1825 776 τοῖς

251 788 608 857 δικαιώμασί
633 808 766 846 σου.
802 788 966 864 τΑραι
987 797 1173 866 χεῖρας
1207 797 1342 866 πρὸς
1374 798 1590 862 ἐντολάς
1622 802 1736 853 ἐστι
1765 801 1825 854 τὸ

252 885 440 937 πᾶσαν
471 884 666 954 πρᾶξιν
693 886 826 956 πρὸς
852 886 1065 950 ἐντολὰς
1091 887 1234 950 θείας
1261 890 1635 962 ἁρμοζομένην
1663 892 1827 963 ἐργά-

254 973 463 1040 ζεσθαι.
489 975 694 1028 Οὐκοῦν
716 978 971 1047 ἑκάτερον
995 979 1134 1048 μὲνό
1153 979 1453 1051 Ψαλμῳδὸς
1481 983 1654 1054 ἐαυτῷ
1685 1001 1824 1055 μαρ-

252 1067 430 1135 τυρεῖ·
489 1065 622 1135 ὁμοῦ
678 1066 732 1119 δὲ
778 1069 907 1138 ἡμῖν
959 1069 1236 1139 νομοθετεῖ
1283 1075 1401 1134 ταῖς
1449 1072 1686 1138 ἐντολαῖς
1729 1075 1823 1127 τοῦ

247 1152 390 1206 θεοῦ
432 1157 689 1227 παρέχειν
712 1159 810 1228 τὴν
848 1158 1196 1228 κατὸρθωσιν,
1234 1162 1489 1232 παρέχειν
1521 1163 1577 1215 δὲ
1607 1164 1698 1217 καὶ
1727 1164 1824 1235 τὴν

252 1245 348 1299 hil.
385 1247 521 1301 πολὺ
567 1249 796 1320 μελέτην
838 1253 930 1305 καὶ
965 1253 1213 1325 θεωρίαψ
1253 1237 1393 1306 ὄῦτω
1435 1254 1542 1328 γὰρ
1582 1256 1734 1310 αὐτοί
1766 1273 1825 1310 τε

245 1337 550 1407 κατορθοῦν
578 1341 862 1411 ἀκριόἐστε
872 1361 981 1415 ρον,
1009 1344 1100 1397 καὶ
1131 1346 1254 1408 τοὺς
1287 1345 1477 1409 ἄλλους
1507 1347 1720 1416 ἐνάγειν
1747 1349 1825 1413 είς

243 1427 589 1499 κατόρθωσιν
615 1431 827 1502 ἕξομεν.

321 1521 635 1591 Μνήσθητι
687 1524 804 1579 τῶν
844 1527 1041 1596 λόγων
1087 1544 1204 1582 σου
1245 1527 1324 1594 τῷ
1366 1530 1565 1598 δούλῳ
1603 1545 1740 1594 σου,
1777 1522 1827 1597 ᾧ

240 1613 595 1681 ἐπήλπισάς
625 1634 720 1685 με.
757 1618 914 1686 Αὕτη
957 1636 1033 1688 με
1058 1619 1470 1689 παρεκάλεσεν
1492 1622 1562 1674 ἐν
1598 1621 1674 1690 τῇ
1720 1637 1822 1675 τα-

239 1703 528 1759 πεινώσει
559 1725 698 1775 μου,
725 1707 811 1762 ὅτι
833 1709 900 1763 τὸ
926 1712 1134 1781 λόγιόν
1157 1728 1274 1767 σου
1293 1711 1465 1779 ἐζησέ
1482 1730 1577 1782 με.
1622 1715 1824 1782 ’Υπερ-

239 1794 472 1864 ήςρανοι
499 1803 890 1870 παρηνόμουν
914 1802 1024 1867 ἕως
1055 1803 1308 1872 σφόδρα,
1347 1803 1465 1858 ἀπὸ
1493 1803 1559 1856 δὲ
1584 1804 1692 1858 τοῦ
1724 1806 1824 1859 νό-

1927 619 1984 672 in
2007 617 2476 687 justi/icationibus
2507 619 2631 673 tuis.
2659 617 3090 674 Levare'manus
3122 619 3190 674 ad
3215 621 3492 686 mandata,

1927 719 2011 765 est
2046 725 2260 765 omnem
2284 709 2551 765 actionem
2576 710 2646 765 ad-
2664 710 2846 765 divina
2868 709 3124 766 mandata
3157 719 3493 782 spectantem

1927 802 2104 857 edere.
2133 801 2432 874 Utrumque
2454 804 2620 874 igitur
2641 804 2708 858 de
2732 806 2792 859 se
2813 803 3101 860 Psalmista
3127 807 3451 861 testiﬁcatur
3477 827 3490 862 :

1930 905 2090 963 atque
2120 909 2226 949 una
2260 895 2418 952 nobis
2453 895 2698 966 praecipit
2737 904 2797 950 ut
2836 896 3088 952 mandata
3119 895 3213 953 Dei
3246 897 3496 968 perﬁcia-

1928 1000 2089 1053 mus;
2140 987 2271 1057 quin
2305 987 2472 1042 etiam.
2512 996 2571 1042 ut
2611 989 2902 1058 plurimum
2963 988 3055 1043 illa
3082 989 3404 1045 meditemur
3440 999 3496 1047 et

1928 1077 2391 1147 contemplemur;
2423 1078 2497 1133 ita
2543 1081 2685 1135 enim
2730 1072 2783 1133 id
2811 1079 3197 1140 obtmebimus,
3230 1090 3286 1134 ut
3311 1089 3364 1136 et
3392 1083 3493 1151 ipsi

1929 1169 2238 1224 accuratius
2267 1185 2652 1241 exsequamur,
2676 1178 2729 1226 et
2750 1170 2870 1225 aliis
2888 1171 3219 1242 exsequendi
3241 1180 3494 1227 auctores

1928 1268 2120 1315 Simus.
2986 1268 2996 1275 ’

1996 1514 2160 1572 Vsus.
2194 1519 2395 1576 49-51.
2433 1520 2636 1575 Memor
2665 1530 2775 1575 esto
2805 1521 3077 1575 verborum
3105 1505 3314 1577 tuorum
3347 1541 3490 1579 servo

1926 1618 2033 1674 tito,
2064 1611 2117 1663 in
2145 1628 2249 1679 quo
2275 1612 2403 1664 mihi
2428 1627 2569 1680 spem
2593 1612 2811 1670 dedisti.
2840 1614 2969 1669 Haec
3004 1632 3083 1669 me
3110 1616 3382 1670 consol‘ata
3412 1627 3491 1672 est

1922 1702 1979 1755 in
2016 1702 2310 1758 humilitate
2339 1720 2476 1768 mea,
2524 1704 2648 1773 quia
2702 1705 2965 1776 eloquium
3021 1715 3166 1760 tuum
3211 1709 3490 1777 viviﬁcavit

1922 1811 2024 1849 me.
2068 1794 2288 1864 Superbi
2337 1797 2513 1866 inique
2548 1797 2772 1867 agebant
2813 1814 2971 1867 usque
3001 1799 3169 1866 valde,
3202 1817 3234 1853 a
3264 1802 3369 1871 lege
3400 1819 3491 1854 auo

230 1903 363 1954 μου
392 1903 508 1943 σου
548 1891 658 1944 οὐκ
701 1868 995 1954 ἐξέκλινα.
1039 1868 1157 1948 Των
1186 1868 1506 1965 ἑτεροδόξων
1534 1895 1820 1962 ἀλαζονευ-

1926 1894 2025 1940 tem
2049 1894 2138 1938 tua
2163 1903 2266 1940 non
2287 1885 2560 1941 declinavi.
2595 1886 2732 1941 Cum
2761 1887 3072 1943 heterodoxi
3098 1868 3330 1959 superbe
3357 1906 3490 1944 con-

240 1977 458 2047 ομένων
501 1980 641 2034 κατὰ
679 1981 772 2036 τοῦ
821 1983 983 2054 νόμου
1007 1984 1083 2055 τῷ
1129 1984 1431 2041 διαϐάλλειν
1465 1987 1661 2054 αὐτὸν,
1710 1987 1822 2057 ἐγὼ

240 2069 456 2142 σφόδρα
479 2071 576 2142 τῆς
621 2071 863 2145 φυλακῆς
895 2075 1055 2128 αὑτοῦ
1102 2078 1480 2150 περιειχόμην,
1519 2080 1654 2150 μηδὲ
1700 2082 1822 2135 κατ’

235 2160 424 2230 ὀλίγον
453 2163 706 2234 κλονῆσαι
732 2166 829 2238 τὴν
857 2167 991 2238 πρὸς
1015 2168 1173 2222 αὐτὸν
1211 2171 1604 2238 συγκατάθεσιν
1635 2173 1823 2242 ἀνεχό-

239 2268 434 2324 μενος.
480 2255 816 2325 Ἐμνήσθην
847 2256 964 2311 τῶν
1000 2258 1294 2328 χριμάτων
1319 2277 1434 2315 οόυ
1459 2263 1560 2316 ἀπ’
1585 2263 1818 2330 αἰῶνος,

235 2345 444 2412 Κύριε,
469 2347 565 2399 καὶ
588 2349 989 2418 παρεκλήθην.
1043 2351 1284 2421 Ἀθυμιά
1319 2353 1576 2424 κατέσχε
1598 2371 1675 2426 με
1701 2355 1820 2409 ἀπὸ

236 2436 608 2504 ἁμαρτωλῶν
650 2437 767 2491 τῶν
809 2440 1451 2511 ἐγκαταλιμπανόντων
1492 2446 1600 2500 τὸν
1633 2447 1822 2516 νόμον

236 2544 384 2583 σου.
423 2531 628 2584 Ψαλτὰ
650 2527 814 2601 ἦσάν
827 2551 929 2601 μοι
955 2535 1027 2588 τὰ
1053 2532 1409 2605 δικαιώματά
1429 2549 1548 2592 σου
1572 2539 1642 2593 ἐν
1661 2543 1823 2608 τόπῳ

237 2620 558 2687 παροικίας
589 2639 729 2690 μου.
773 2623 1119 2692 Ἐμνήσθην
1155 2625 1224 2679 ἐν
1268 2628 1440 2681 νυκτὶ
1473 2629 1578 2684 τοῦ
1610 2631 1822 2700 ὀνόμα-

238 2708 347 2773 τός
371 2723 506 2771 σου,
538 2710 731 2778 Κύριε,
765 2712 862 2765 καὶ
897 2713 1169 2782 ἐφύλαξα
1199 2715 1306 2770 τὸν
1327 2719 1516 2787 νόμον
1545 2735 1680 2775 σου.
1709 2721 1822 2775 Αὕ-

237 2810 316 2864 τη
338 2796 588 2866 ἐγενήθη
608 2817 727 2868 μοι,
753 2801 840 2855 ὅτι
868 2803 938 2856 τὰ
961 2801 1314 2874 δικαιώματά
1337 2820 1452 2861 σου
1473 2808 1816 2878 ἑξεζήτησα.

312 2889 498 2956 Μερίς
515 2907 633 2958 μου
661 2887 734 2954 εἷ,
765 2892 938 2960 Κύριε
955 2910 969 2924 ο
1009 2890 1147 2949 εἶπα
1174 2897 1560 2965 φυλάξασθαι
1588 2899 1696 2953 τὸν
1721 2902 1822 2955 νό-

231 2993 362 3044 μον
385 2991 520 3030 σου.
555 2979 614 3031 '0
643 2980 1048 3052 ἀποταξάμενος
1073 2988 1186 3048 τοῖς
1213 2985 1487 3056 βιωτικοῖς
1509 2990 1819 3064 πράγμασι,

241 3071 342 3125 καὶ
375 3068 641 3143 μηδεμίαν
671 3073 808 3144 ἔχων
835 3075 1027 3146 μερίδα
1050 3077 1143 3131 ἐπὶ
1165 3077 1289 3149 γῆς,
1323 3079 1446 3151 μηδ’
1461 3081 1520 3134 ὲν
1544 3079 1623 3152 τῷ
1647 3080 1821 3137 θέλειν

238 3161 314 3268 τὰ
331 3163 574 3268 τοιαῦτα,
598 3165 712 3218 ἀλλ’
743 3166 1080 3238 ἀρκούμενος
1108 3169 1228 3222 ἀντὶ
1261 3170 1478 3225 πάντων
1505 3164 1583 3243 τῷ
1609 3173 1819 3244 Κυρίῳ,
1849 3209 1891 3268 C

242 3256 366 3326 ὲρεῐ
387 3272 403 3287 ι
426 3257 606 3324 Μερίς
619 3275 738 3326 μου
758 3260 992 3327 Κύριος.
1019 3259 1204 3332 Τούτῳ
1231 3261 1288 3316 δὲ
1314 3263 1594 3318 ἀκολουθεῖ
1614 3264 1819 3334 λέγειν’

248 3341 408 3402 Εῖπα
454 3348 837 3417 φυλάξασθαι
884 3351 992 3404 τὸν
1035 3352 1223 3423 νόμον
1266 3369 1403 3417 σου,
1456 3355 1700 3410 τουτέστι
1731 3356 1823 3410 τὸν

243 3440 634 3508 πνευματικὸν,
695 3442 822 3512 περὶ
868 3436 928 3497 οὗ
984 3445 1014 3496 ὀ
1067 3443 1278 3509 Παῦλος
1317 3446 1506 3514 λέγει·
1570 3447 1824 3517 Οἴδαμεν

242 3528 339 3581 δτι
359 3533 753 3599 πνευματικός
774 3533 906 3586 ἐστι
937 3535 1139 3604 νόμος,
1170 3536 1263 3589 καὶ
1289 3536 1359 3588 τὰ
1382 3536 1528 3607 ἑξῆς.
1561 3536 1684 3600 Πῶς
1713 3537 1822 3609 γὰρ

239 3620 305 3673 οὐ
342 3620 632 3688 φυλάξουσι
671 3623 760 3677 τὸν
792 3623 955 3697 νόμον
988 3625 1020 3696 ἢ
1050 3625 1151 3690 τὰς
1175 3626 1394 3691 ἐντολὰς
1417 3628 1512 3681 τοῦ
1535 3628 1738 3700 Κυρίου
1770 3628 1821 3682 οἱ

245 3713 441 3784 μερίδα
478 3716 638 3768 αὑτὸν
667 3715 878 3787 ἔχοντες
912 3717 1055 3772 κατὰ
1085 3718 1211 3783 τοὺς
1236 3719 1493 3784 Δευΐτας,
1534 3714 1615 3784 οἷς
1641 3720 1822 3792 διηγό-

241 3821 435 3875 ρευται
491 3807 655 3878 μηδὲν
706 3808 1000 3880 κεκτῆσθαι
1050 3809 1191 3864 κατά
1241 3809 1333 3864 τὸν
1364 3810 1510 3880 βίον;
1558 3810 1821 3866 Λέλεκται

223 3900 358 3969 ’γάρ
378 3913 391 3926 -
417 3897 542 3965 Τοῖς
564 3901 836 3966 Λευΐταις
859 3900 956 3953 καὶ
976 3900 1096 3968 τοῖς
1116 3902 1380 3971 ἱερεῦσιν
1403 3902 1556 3970 υἱοῖς
1584 3903 1817 3972 Ἀαρὼν,

239 3989 357 4042 οὐκ
398 3989 528 4043 ἐστι
577 3991 764 4058 μερὶς,
793 3990 936 4044 οὐδὲ
975 3995 1339 4062 κληρονομία
1379 3993 1449 4048 ἐν
1507 3995 1630 4061 τοῖς
1668 3995 1820 4064 υἱοῖς

251 4081 526 4150 Ἰσραὴλ,
555 4080 702 4134 διότι
729 4083 940 4149 Κύριος
961 4082 1130 4150 μερὶς
1164 4083 1380 4139 αὐτῶν.

328 4170 610 4238 Ἐδεήθην
650 4171 757 4225 τοῦ
811 4173 1134 4240 προσώπου
1187 4191 1304 4229 σου
1343 4175 1414 4230 ἐν
1450 4176 1562 4246 ὅλῃ
1608 4177 1820 4245 καρδίᾳ

231 4281 359 4336 μου
377 4281 391 4295 ⁸
424 4263 687 4333 ἐλέησόν
718 4281 794 4334 με
817 4266 966 4321 κατὰ
991 4265 1056 4320 τὸ
1084 4268 1296 4338 λόγιόν
1319 4283 1456 4324 σου.
1479 4269 1816 4339 Διελογισά-

232 4373 364 4428 μην
395 4356 502 4422 τὰς
550 4357 728 4424 ὁδούς
756 4372 892 4422 σου,
945 4357 1044 4411 καὶ
1069 4358 1409 4428 ἐπέστρεψα
1457 4359 1598 4426 τοὺς
1628 4359 1816 4428 πόδας

231 4466 358 4517 μου
386 4451 473 4514 είς
513 4449 585 4503 τὰ
614 4448 904 4519 μαρτύριά
943 4467 1080 4504 σου.
1121 4451 1538 4521 Ἦτοιμάσθην,
1579 4452 1678 4506 καὶ
1705 4455 1815 4507 οὐκ

1921 1985 2006 2032 tra
2041 1979 2212 2048 legem
2245 1986 2485 2049 agerent,
2521 1985 2581 2032 ut
2631 1991 2752 2033 eam
2798 1977 3166 2042 traducerent,
3221 1993 3322 2048 ego
3370 1978 3489 2047 ejus

1921 2070 2286 2128 observationi
2337 2069 2628 2126 admodum
2677 2069 3056 2136 attendebam,
3113 2085 3294 2125 meum
3360 2086 3488 2142 erga

1921 2163 2068 2218 illam
2096 2160 2344 2217 aﬂ‘ectum
2379 2178 2447 2218 ne
2489 2161 2771 2216 minimum
2819 2161 3038 2232 quidem
3088 2161 3328 2216 titubare
3361 2179 3488 2233 per-

1920 2257 2162 2311 mittens.
2210 2286 2280 2296 —-
2327 2253 2490 2310 Vsus.
2525 2254 2738 2310 52-56.
2788 2254 2990 2309 Memor
3041 2255 3122 2324 fui
3165 2255 3489 2326 judiciorum

1923 2359 2132 2403 tuorum
2165 2366 2197 2401 a
2227 2349 2441 2410 swculo,
2473 2348 2712 2412 Domine,
2751 2359 2798 2402 et
2831 2347 3135 2402 consolatus
3163 2365 3299 2402 sum.
3337 2347 3490 2417 Defe-

1920 2440 2022 2494 ctio
2056 2440 2219 2494 tenuit
2265 2455 2344 2493 me
2381 2455 2476 2508 pro
2504 2439 2860 2506 peccatogtibus
2892 2438 3369 2510 derelinquentibus
3417 2441 3490 2493 le-

1919 2549 2031 2604 gem
2068 2541 2232 2586 tuam.
2267 2530 2568 2586 Cantabiles
2600 2532 2725 2585 mihi
2758 2539 2909 2586 erant
2941 2531 3354 2602 justi/icationes
3386 2541 3489 2584 tua:

1919 2624 1973 2676 in
2001 2623 2113 2678 loco
2135 2623 2568 2692 peregrinationis
2599 2638 2745 2678 mete.
2765 2621 2970 2676 Memor
3000 2624 3081 2692 fui
3097 2632 3246 2677 nocte
3261 2624 3488 2676 nominis

1921 2716 2016 2776 tui,
2050 2715 2294 2778 Domine,
2326 2724 2374 2768 et
2413 2715 2669 2768 custodiri
2703 2715 2864 2784 legem
2891 2724 3056 2767 tuam.
3100 2714 3227 2768 llaec
3245 2715 3388 2783 facta
3411 2727 3488 2768 est

1919 2806 2069 2870 mihi,
2107 2810 2232 2876 quia
2255 2805 2666 2875 justiﬁcationes
2699 2817 2816 2859 tuas
2843 2805 3124 2874 exquisivi.

1989 2896 2154 2954 Vens.
2201 2897 2290 2952 57.
2330 2896 2520 2952 Portio
2576 2913 2692 2951 mea
2729 2913 2806 2963 es,
2846 2896 3068 2951 Domine
3103 2912 3122 2950 :
3151 2896 3268 2950 dixi
3305 2905 3478 2951 custo-

1919 2987 2035 3042 dire
2060 2989 2221 3059 legem
2241 2997 2411 3048 tuam.
2451 2989 2555 3054 Qui
2579 2988 2934 3046 sacularibus
2965 2987 3130 3058 hujus
3169 2989 3293 3042 vitae
3325 2989 3486 3043 rebus

1921 3078 2222 3143 renuntiat,
2263 3078 2580 3149 nullamque
2642 3079 2697 3133 in
2757 3085 2903 3132 terra
2953 3079 3256 3148 portionem
3303 3078 3485 3142 habet,

1921 3187 2099 3242 neque
2127 3186 2220 3228 res
2249 3171 2562 3227 istiusmodi
2590 3170 2953 3240 concupiscit,
2992 3169 3083 3226 sed
3111 3168 3340 3223 Domino
3370 3170 3488 3225 vice

1921 3265 2161 3320 omnium
2194 3269 2484 3319 contentus
2508 3273 2612 3325 est,
2643 3262 2786 3317 dicet
2814 3281 2826 3317 :
2860 3261 3046 3315 Portio
3073 3279 3187 3315 mea
3210 3260 3484 3317 Dominus.

1921 3353 2059 3410 Huic
2092 3362 2273 3410 autem
2304 3354 2565 3424 competit
2594 3353 2778 3408 dicere
2815 3369 2828 3405 :
2863 3352 2990 3406 Dixi
3027 3351 3293 3406 custodire
3325 3352 3487 3422 legem

1921 3455 2086 3511 tuam,
2120 3445 2330 3500 scilicet
2353 3445 2713 3514 spiritualem,
2754 3443 2822 3498 de
2844 3458 2952 3514 qua
2991 3442 3194 3498 Paulus
3218 3442 3338 3496 ait:
3373 3442 3491 3497 Sci-

1917 3554 2034 3592 mus
2086 3536 2226 3591 enim
2280 3535 2418 3607 quod
2475 3535 2559 3590 lea:
2620 3534 2920 3604 spiritualis
2977 3543 3056 3588 est
3087 3535 3153 3600 “,
3183 3540 3238 3587 et
3271 3540 3487 3588 castera.

1918 3627 2202 3695 Quomodo
2230 3627 2376 3683 enim
2410 3627 2581 3697 legem
2606 3634 2659 3681 et
2685 3634 2954 3697 prazcepta
2999 3625 3214 3682 Domini
3247 3640 3357 3680 non
3388 3640 3488 3678 cu-

1918 3720 2177 3788 stodierit,
2212 3719 2306 3790 qui
2340 3719 2493 3773 illum
2525 3719 2579 3772 in
2622 3718 2926 3787 portionem
2961 3718 3186 3783 habent,
3222 3717 3488 3788 quemad-

1915 3811 2138 3869 modum
2185 3819 2240 3868 et
2275 3809 2497 3874 Levita,
2529 3808 2731 3878 quibus
2764 3809 2994 3864 vetitum
3042 3816 3125 3862 est
3176 3806 3378 3878 aliquid
3431 3807 3487 3880 in

1916 3907 2028 3962 vita
2052 3903 2373 3976 possidere?
2397 3901 2533 3956 Nam
2564 3899 2770 3954 dictum
2823 3907 2907 3954 est
2937 3917 2951 3954 :
3007 3899 3196 3954 Levitis
3225 3908 3274 3952 et
3309 3913 3485 3951 sacer-

1918 3999 2130 4054 dotibus
2159 3996 2289 4066 ﬁliis
2319 3997 2499 4048 Aaron
2531 4009 2633 4046 non
2655 4002 2733 4046 est
2773 4009 2896 4061 pars
2926 4008 3087 4062 neque
3119 3989 3400 4046 lim-editas
3430 3993 3482 4047 in

1916 4088 2047 4157 ﬁliis
2083 4085 2278 4146 Israel.
2301 4084 2427 4154 quia
2458 4083 2718 4138 Dominus
2748 4098 2873 4152 pars
2900 4099 3080 4136 eorum
3101 4083 3165 4137 ".

1983 4179 2155 4234 Vens.
2187 4176 2369 4232 58-64.
2426 4175 2748 4245 Deprecatus
2807 4191 2924 4229 sum
2971 4174 3162 4244 [aciem
3218 4184 3366 4228 tuam
3425 4175 3483 4228 iu

1917 4283 2024 4328 toto
2079 4274 2233 4328 corde
2282 4287 2394 4326 meo
2432 4287 2451 4326 :
2477 4271 2724 4325 miserere
2757 4271 2858 4324 mei
2889 4268 3170 4323 secundum
3219 4267 3481 4338 eloquium

1917 4375 2082 4418 tuum.
2120 4363 2362 4432 Cogitavi
2389 4363 2500 4416 vias
2548 4371 2690 4423 tuas,
2717 4371 2768 4416 et
2819 4361 3046 4416 converti
3077 4359 3228 4429 pedes
3260 4375 3400 4414 meos
3430 4361 3485 4414 in

1918 4456 2215 4511 testimonia
2247 4465 2361 4512 tua.
2390 4454 2627 4508 Paratus
2661 4469 2800 4516 sum,
2831 4462 2882 4507 et
2920 4469 3024 4506 non
3057 4467 3172 4505 sum
3219 4450 3483 4518 turbatus,

237 4539 578 4609 ἐταράχθην
625 4541 732 4596 τοῦ
776 4541 1157 4610 φυλάξασθαι
1207 4543 1312 4610 τὰς
1360 4542 1612 4611 ἐντολάς
1673 4560 1808 4601 σου.

1920 4557 1972 4601 ut
1998 4547 2295 4601 custodiam
2328 4544 2580 4599 mandata
2614 4554 2726 4598 tua.
2785 4541 2962 4595 Funes
3000 4549 3333 4609 peccatorum
3378 4541 3485 4594 cir-

240 4631 489 4699 Σχοινία
512 4632 874 4702 ἁμαρτωλῶν
905 4633 1395 4703 περιεπλὰκησάν
1419 4652 1541 4704 μοι,
1572 4633 1673 4688 καὶ
1703 4635 1809 4688 τοῦ

241 4724 430 4791 νόμου
453 4740 567 4778 σου
583 4726 694 4779 οὐκ
711 4725 1108 4794 ἐπελαθόμην.
1132 4727 1541 4780 Μεσονύκτιον
1563 4727 1672 4780 οὐκ
1690 4723 1808 4796 (sic)

238 4816 623 4885 ἐξεγειρόμην
648 4816 754 4870 τοῦ
780 4815 1268 4886 ἐξομολογεῖσθαι
1309 4831 1408 4871 σοι
1448 4817 1546 4870 ἐπὶ
1579 4816 1654 4871 τὰ
1685 4816 1809 4885 xpl-

233 4925 398 4978 ματα
445 4907 556 4976 τῆς
609 4907 998 4975 δικαιοσύνης
1037 4922 1170 4962 σου.
1238 4906 1502 4978 Μέτοχος
1545 4906 1659 4978 ἐγώ
1694 4911 1811 4978 εὶμι

241 5000 487 5054 πάντων
526 4999 643 5054 τῶν
695 4999 1079 5070 φοϐουμένων
1113 5015 1206 5064 σε,
1260 5000 1357 5055 καὶ
1408 4999 1527 5055 τῶν
1573 5006 1810 5071 φυλασ-

242 5093 477 5145 σόντων
526 5093 632 5158 τὰς
682 5091 934 5159 ἐντολάς
973 5107 1110 5148 σου.
1183 5091 1292 5146 Τοῦ
1341 5093 1550 5158 ἐλέους
1593 5095 1811 5163 Kvpt'ov

242 5181 481 5251 πλήρης
508 5184 547 5251 ἡ
584 5181 682 5252 γῆ,
741 5182 812 5236 τὰ
863 5180 1221 5253 δικαιώματά
1269 5197 1386 5236 σου
1435 5182 1681 5247 δίδαξόν
1711 5200 1807 5252 με.

256 5272 381 5326 Ἐὰν
411 5274 748 5345 κατανοήσῃς
775 5274 836 5327 τὸ
871 5273 1072 5346 πλῆθος
1091 5273 1199 5326 τῶν
1228 5274 1670 5344 ἁμαρτανόντων,
1702 5275 1810 5328 τῶν

243 5364 600 5426 ἀσεϐούντων,
631 5365 740 5419 τῶν
785 5365 1001 5419 ἀδικίαν
1027 5367 1105 5429 εἰς
1151 5364 1323 5434 ’Υψος
1372 5363 1691 5431 λαλούντων,
1719 5365 1814 5419 καὶ

242 5455 361 5526 ἴδῃς
405 5455 500 5508 τοῦ
551 5455 686 5510 Θεοῦ
741 5457 837 5528 τὴν
894 5454 1272 5527 μακροθυμίαν
1324 5455 1417 5508 ἐπὶ
1465 5454 1534 5510 τὰ
1574 5456 1810 5509 τοσαῦτα

243 5549 633 5620 ἁμαρτήματα,
663 5549 780 5613 πῶς
808 5550 901 5602 καὶ
932 5548 1068 5620 μετὰ
1099 5547 1332 5601 τοσαῦτα
1381 5547 1555 5602 πάντα
1585 5547 1808 5601 ἀνατέλ-

197 5683 200 5686 .
241 5639 326 5697 λιι
363 5641 455 5695 τὸν
485 5641 635 5712 ἥλιον
667 5641 828 5697 αὐτοῦ
855 5643 947 5697 ἐπὶ
977 5644 1244 5716 πονηροὺς
1301 5642 1395 5696 καὶ
1432 5640 1686 5710 ἀγαθοὺς,
1719 5642 1812 5694 καὶ

1915 4637 2178 4706 cumplexi
2199 4648 2322 4690 sunt
2351 4653 2451 4700 me.
2507 4646 2556 4692 et
2606 4635 2765 4706 legem
2805 4642 2949 4687 tuam
2988 4649 3091 4688 non
3119 4649 3235 4688 sum
3265 4632 3480 4688 oblitus.

1918 4727 2096 4782 Media
2128 4737 2275 4781 nocte
2303 4727 2576 4797 surgebam
2609 4724 2676 4778 ad
2704 4723 3056 4792 conﬁtendum
3093 4722 3188 4778 tibi
3209 4738 3366 4792 super
3386 4722 3481 4790 ju-

1876 4860 1883 4868 .
1915 4818 2057 4872 dicia
2086 4818 2320 4888 justitiw
2361 4829 2484 4872 tute.
2523 4817 2792 4885 Particeps
2839 4831 2930 4885 ego
2981 4831 3099 4869 sum
3145 4815 3374 4868 omnium
3411 4813 3480 4864 ti-

1917 4912 2168 4966 mentium
2201 4920 2250 4966 te
2279 4920 2329 4966 et
2358 4909 2762 4964 custodientium
2812 4907 3067 4961 mandata
3107 4916 3216 4960 tua.
3276 4902 3482 4957 Miseri-

1917 5000 2099 5057 cordia
2128 5001 2341 5056 Domini
2394 5001 2547 5069 plena
2569 5008 2646 5054 est
2693 5007 2877 5062 terra;
2900 4995 3314 5066 justiﬁcationes
3358 5002 3477 5047 tuas

1916 5091 2043 5146 doce
2072 5107 2170 5145 me.
2208 5088 2266 5144 Si
2311 5087 2743 5144 consideraveris
2795 5085 3195 5142 multitudinem
3245 5097 3478 5152 peccan-

1920 5184 2077 5246 tium,
2126 5182 2290 5253 impie
2338 5181 2636 5252 agentium,
2680 5188 2736 5236 et
2776 5181 3112 5251 iniquitatem
3152 5183 3342 5230 contra
3373 5173 3480 5228 Ex-

1903 5277 2122 5332 ‘celsum
2151 5275 2508 5346 loquentium,
2539 5272 2743 5345 Deique
2771 5274 2824 5328 in
2864 5279 2941 5326 tot
2975 5271 3216 5340 peccatis
3240 5269 3479 5323 toleran-

1919 5369 2051 5422 tiam
2078 5367 2467 5443 perpenderis,_
2487 5367 2759 5437 quomodo
2785 5365 2946 5419 etiam
2977 5369 3102 5432 post
3145 5361 3258 5415 hac
3292 5358 3476 5414 omnia

1918 5457 2050 5511 oriri
2089 5456 2252 5510 faciat
2298 5457 2467 5512 solem
2504 5473 2662 5512 suum
2702 5468 2865 5523 super
2895 5452 3068 5507 malos
3098 5458 3151 5506 et
3195 5451 3388 5509 bonos.
3421 5459 3476 5503 et

1915 5547 2064 5618 pluat
2094 5563 2256 5617 super
2281 5546 2459 5618 iustos
2478 5555 2534 5602 et
2564 5546 2795 5615 iujustos
2813 5542 2877 5606 “,
2897 5540 3080 5596 dices:
3102 5537 3473 5593 Misericordia

1917 5639 2129 5697 Domini
2161 5641 2314 5710 plena
2343 5650 2420 5698 est
2451 5650 2610 5696 terra.
2641 5635 3050 5708 justiﬁcationes
3082 5642 3201 5687 tuas
3223 5635 3352 5686 doce
3366 5644 3467 5689 me.

319 5796 364 5836 υ
405 5793 565 5852 Rom.
597 5809 704 5863 vn,
737 5795 820 5850 Η.
898 5796 938 5828 ⁸⁸
978 5793 1134 5851 Num.
1174 5810 1341 5863 svnt,
1369 5793 1458 5849 9.0.
1539 5795 1580 5826 ’³
1623 5792 1808 5853 Matth.
1844 5809 1895 5854 ν.
1929 5791 2021 5849 45.
