3994 6424
525 397 665 456 1575

1224 389 1492 449 EUSEBII
1526 385 1999 446 CESARIENSIS
2016 384 2168 444 OPP.
2203 380 2381 438 PARS
2416 379 2506 436 ιιι.
2533 409 2602 421 -—
2639 371 3043 431 EXEGETICA.

3628 361 3754 419 1⁸576

532 519 714 591 βρέχει
759 519 852 573 ἐπὶ
875 516 1234 582 δικαίουςκαὶ
1259 515 1496 592 ἀδίκους,
1538 514 1680 583 ὲρείς
1699 528 1712 542 ο
1754 509 1864 565 Τοῦ
1892 507 2101 573 ἐλέους
2147 505 2366 576 Kvplov
2400 503 2635 571 πλήρης
2673 498 2712 566 ἡ
2767 493 2867 566 τῆ,
2903 493 2976 547 τὰ
3037 487 3393 560 δικαιώματά
3438 501 3560 541 σου
3600 482 3760 536 δίδα-

532 612 642 677 Edr-
659 629 753 682 με.

604 667 771 764 νέας.
798 702 890 767 65,
923 701 1012 758 66.
1072 700 1371 756 Bonitatem
1427 700 1598 770 fecisti
1646 714 1763 754 cum
1800 690 1944 752 servo
1985 705 2094 754 tuo,

2269 680 2652 751 Χρηστότητα
2695 675 2987 742 ἐποίησας
3033 670 3184 742 μετὰ
3219 669 3325 724 τοῦ
3375 667 3604 725 δούλου
3631 682 3764 734 σου,

534 797 778 860 Domine,
803 794 1087 850 secundum
1109 791 1318 848 verbum
1345 803 1514 850 tuum.
1543 792 1842 864 Bonitatem
1867 803 1916 845 et
1935 789 2098 844 disci-

525 887 734 954 plinam
759 894 808 938 et
827 885 1102 939 scientiam
1130 882 1257 948 doce
1279 900 1379 948 nte,
1403 884 1528 953 quia
1562 883 1828 938 mandatis
1853 883 1956 937 tuis
1988 898 2099 936 cre-

537 975 672 1030 didi.
704 973 808 1028 Pro
852 974 944 1028 illo
977 993 990 1029 :
1027 972 1327 1028 Bonitatem
1357 974 1550 1044 fecisti,
1592 973 1949 1046 Symmachus
1985 972 2100 1029 edi-

537 1066 656 1120 dit:
694 1064 1006 1134 Benefccisti
1060 1081 1210 1120 servo
1235 1073 1345 1120 tuo.
1400 1063 1636 1135 Docetur
1683 1073 1860 1120 autem
1893 1063 1974 1128 is,
2005 1063 2100 1134 qui

539 1156 742 1213 divinis
770 1157 1057 1214 institutus
1085 1166 1193 1225 est,
1229 1173 1300 1214 ne
1337 1160 1584 1229 ingratus
1619 1159 1689 1214 sit
1720 1173 1818 1227 pro
1839 1157 2101 1214 beneﬁcio

537 1263 635 1318 per
668 1247 838 1304 Deum
874 1249 977 1304 sibi
1006 1250 1244 1319 collato;
1305 1251 1400 1306 sed
1448 1252 1606 1314 sciat,
1641 1251 1882 1307 bonitate
1915 1250 2010 1308 Dei
2033 1250 2102 1306 ad

540 1354 600 1394 se
633 1339 1004 1409 perveniente,
1029 1356 1090 1396 se
1119 1340 1342 1413 dignum
1391 1342 1636 1397 habitum
1671 1341 1843 1397 fuisse
1871 1341 1965 1412 qui
1990 1355 2101 1396 ser-

539 1446 642 1487 vus
665 1430 756 1486 Dei
789 1441 1097 1502 vocaretur,
1133 1434 1433 1490 secundum
1454 1434 1675 1488 verbum
1707 1433 1828 1503 ejus
1859 1431 1982 1488 talis
2024 1430 2107 1488 ef-

496 1569 502 1574 .
541 1521 739 1579 iectus.

499 1609 516 1655 ἓ
615 1612 782 1669 Vens.
815 1612 904 1669 67.
957 1613 1281 1685 Priusquam
1353 1616 1687 1681 humiliarer,
1745 1633 1836 1686 ego
1887 1615 2104 1686 deliqui,

542 1714 817 1774 propterea
843 1706 1106 1776 eloquium
1130 1716 1276 1761 tuum
1317 1708 1596 1763 custodiui.
1623 1707 1850 1778 Propter
1897 1709 2106 1779 priora,

545 1799 746 1869 inquit,
787 1811 1010 1870 peccata
1041 1816 1164 1871 qua:
1191 1800 1545 1865 admiseram,
1569 1801 1823 1865 traditus,
1857 1802 2110 1856 humilia-

547 1900 635 1944 tus
665 1904 809 1954 sum,
839 1889 1044 1961 Deique
1065 1890 1275 1961 judicio
1299 1891 1353 1946 id
1386 1908 1507 1948 sum
1545 1907 1859 1963 perpessus.
1903 1893 2096 1959 Quam-

546 1983 735 2039 obrem
781 1983 1085 2054 disciplinae
1139 1985 1393 2051 traditus,
1425 1985 1729 2041 doctrinam
1777 1987 2014 2057 postulo,
2047 1993 2108 2041 ut

2197 776 2394 843 Κύριε,
2417 769 2569 826 κατὰ
2592 767 2698 823 τὸν
2721 768 2905 836 λόγον
2927 779 3067 818 σου.
3096 761 3479 830 Χρηστότητα
3507 760 3605 812 καὶ
3635 774 3763 811 παι-

2197 867 2366 920 δείαν
2404 861 2503 917 καὶ
2546 859 2774 931 γνῶσιν
2800 855 3048 921 δίδαξόν
3086 871 3182 924 με,
3217 852 3305 906 ὅτι
3343 851 3474 913 ταῖς
3497 850 3766 917 ἐντολαῖς

2197 973 2313 1014 σου
2332 955 2682 1010 ἐπίστευσα.
2717 950 2859 1004 ’Δντὶ
2901 947 3024 1001 τοῦ·
3055 945 3436 1014 Χρηστότητα
3456 943 3765 1008 ἐποίησας,

2199 1044 2608 1116 εὺτυὛέτησας
2640 1040 2746 1095 τὸν
2777 1038 3002 1093 δοῦλόν
3031 1053 3167 1100 σου,
3192 1034 3452 1102 ἐξέδωκεν
3478 1035 3507 1085 ὁ
3544 1032 3768 1102 Σύμμαο

2201 1159 2314 1214 χος.
2365 1122 2685 1192 Διδάσκεται
2739 1132 2796 1185 δὲ
2847 1133 2876 1186 ὁ
2921 1129 2989 1184 τὰ
3027 1129 3142 1181 θεῖα
3203 1123 3639 1195 πεπαιδευμένος
3700 1122 3769 1192 μὴ

2203 1230 2540 1301 ἀναισθήτως
2601 1226 2746 1297 ἔχειν
2779 1222 2879 1294 τῆς
2928 1222 3008 1284 είς
3060 1219 3219 1274 αὑτὸν
3268 1216 3642 1287 γεγενημένος
3681 1216 3770 1270 τοῦ

2203 1322 2338 1376 Θεοῦ
2367 1317 2711 1391 εὐεργεσίαςο
2761 1313 2955 1368 ειδέναι
2982 1310 3056 1376 δὲ,
3093 1311 3196 1373 ὅτι,
3243 1309 3618 1380 χρηστότητος
3646 1308 3770 1362 θεοῦ

2207 1413 2510 1486 φθανούσης
2537 1412 2616 1473 είς
2645 1407 2826 1472 αὑτὸν,
2863 1401 3190 1474 κατηξίωται
3227 1399 3412 1464 δοῦλος
3442 1398 3773 1470 χρηματίσαι

2206 1501 2362 1565 Θεοῦ,
2386 1501 2527 1556 κατὰ
2555 1499 2645 1554 τὸν
2671 1498 2826 1566 λόγον
2856 1494 3017 1549 αύτοῦ
3042 1491 3351 1564 γενόμενος.

2275 1591 2396 1660 Πρό
2428 1589 2534 1645 τοῦ
2570 1585 2999 1655 ταπεινωθῆναι
3047 1582 3160 1652 ἐγὼ
3189 1581 3660 1652 ἐπλημμέλησα,
3689 1579 3779 1634 διὰ

2209 1685 2382 1740 τοῦτο
2415 1682 2481 1738 τὸ
2517 1681 2722 1752 λόγιόν
2754 1696 2868 1734 σου
2898 1677 3189 1747 ἐφύλαξα.
3225 1675 3322 1728 Διὰ
3360 1675 3459 1738 τὰς
3495 1673 3778 1746 προτέρας,

2209 1777 2364 1847 φησὶ,
2396 1773 2730 1847 πραχθείσας
2755 1770 3022 1843 ἁμαρτίας
3049 1767 3367 1840 παραδοθεὶς
3392 1764 3778 1836 ἐταπεινώθην,

2212 1866 2391 1940 κρίσει
2423 1861 2558 1917 Θεοῦ
2591 1861 2763 1917 ταῦτα
2797 1859 3000 1914 παθών.
3033 1851 3106 1914 Οὗ
3135 1857 3200 1929 δὴ
3225 1858 3318 1910 καὶ
3367 1855 3532 1928 χάριν
3571 1854 3782 1924 παιδείᾳ

2214 1956 2557 2030 παραδοθεὶς,
2589 1955 2777 2017 δέομαι
2806 1952 3169 2015 διδασκαλίας,
3200 1950 3275 2013 ὡς
3309 1949 3372 2004 ἄν
3398 1947 3514 2016 γνῶ
3535 1949 3617 2000 ὅτι
3636 1949 3671 2018 η
3695 1963 3784 2000 τα-

457 2083 460 2090 ‘
547 2089 877 2144 cognoscam
902 2075 1044 2130 hanc
1075 2075 1530 2142 humiliationem,
1567 2094 1686 2149 qua:
1720 2077 1852 2132 mihi
1893 2077 2113 2143 accidit,

2220 2051 2469 2114 πείνωσις
2505 2051 2538 2121 ἠ
2568 2047 2828 2119 γενομένη
2868 2063 2956 2118 μοι
2985 2043 3122 2098 κατὰ
3156 2041 3502 2114 χρηστότητα
3541 2040 3637 2092 καὶ
3667 2054 3783 2091 παι-

548 2181 617 2219 ελ.
643 2165 885 2220 bonitate
918 2174 973 2221 et
1001 2165 1293 2238 disciplina
1327 2169 1576 2224 evenisse
1609 2167 1764 2224 mihi.

622 2255 786 2312 Vnus.
819 2257 910 2314 68.
946 2256 1206 2330 Benignus
1235 2277 1288 2314 es
1313 2271 1390 2324 tu,
1419 2259 1656 2326 Domine,
1683 2271 1732 2316 et
1776 2262 1828 2316 in
1886 2261 2116 2317 bonitate

551 2355 644 2400 tua
673 2347 800 2402 doce
841 2363 922 2402 me
935 2348 1348 2418 justiﬁcationes
1383 2359 1522 2404 tuas.
1577 2348 1725 2420 Opus
1769 2351 1906 2420 justi
1937 2360 2040 2416 est,
2063 2351 2115 2404 in

551 2439 810 2493 omnibus
834 2456 956 2510 qua:
1013 2442 1292 2504 accidunt,
1329 2442 1586 2497 alacriter
1617 2458 1676 2498 se
1716 2443 1939 2506 habere,
1971 2442 2118 2513 quod

550 2526 668 2582 haec
697 2543 727 2581 a
754 2528 1098 2586 Providentia
1121 2531 1526 2602 dispensentur,
1551 2541 1714 2604 atque
1737 2535 1818 2592 uel
1836 2533 2119 2590 acerbiora

548 2616 801 2674 hilariter
829 2621 1149 2692 accipiendo
1175 2621 1284 2678 Deo
1302 2623 1484 2680 dicere
1509 2642 1523 2678 :
1557 2623 1820 2696 Benignus
1845 2641 1899 2680 es
1923 2633 1976 2677 tu
1995 2640 2012 2688 ,'
2029 2633 2115 2679 et:

553 2710 870 2766 Benedicam
891 2713 1116 2768 Domino
1140 2716 1194 2769 in
1235 2717 1376 2769 omni
1409 2725 1653 2784 tempore,
1684 2718 1740 2772 in
1772 2717 1876 2772 hoc
1909 2731 2122 2784 semper

554 2809 838 2880 proposito
869 2808 1192 2864 insistendo.
1215 2807 1320 2866 Pro
1347 2810 1439 2864 illo
1464 2829 1477 2864 :
1499 2809 1764 2881 Benignus
1791 2827 1844 2864 es
1885 2819 1962 2875 tu,
1992 2809 2122 2864 reli-

554 2913 676 2968 quae
705 2896 976 2954 editiones
1009 2917 1022 2952 :
1045 2897 1224 2952 Bonus
1253 2914 1306 2952 es
1331 2907 1409 2963 tu,
1436 2898 1803 2969 interpretata:
1827 2907 1974 2953 sunt.
1994 2896 2122 2953 Scio

556 2985 768 3054 utique,
800 2983 898 3047 ait,
934 3000 1112 3056 neque
1143 2985 1334 3040 dubito
1367 2985 1436 3041 de
1479 2994 1677 3041 natura
1701 2997 1814 3053 tua,
1851 2989 1995 3058 quod
2037 2988 2116 3043 ni-

555 3076 757 3130 mirum
813 3075 930 3145 ipsa
987 3075 1202 3132 bonitas
1249 3076 1355 3142 sit;
1394 3075 1490 3131 sed
1545 3079 1762 3147 postulo
1818 3078 2122 3133 doctrinam

551 3165 1008 3237 justiﬁcationum
1067 3176 1309 3233 tuarum,
1355 3183 1464 3239 qua
1511 3184 1598 3224 me
1661 3170 1875 3224 institui
1932 3184 2118 3240 rogo:

557 3273 683 3312 nam
716 3259 965 3314 doctrina
1003 3275 1158 3332 egeo,
1191 3269 1250 3316 ut
1296 3276 1581 3318 sermones
1615 3262 1683 3318 de
1725 3263 1977 3333 superbis
2032 3277 2126 3318 co-

557 3366 840 3421 gnoscam.

631 3509 799 3565 Vens.
833 3509 922 3565 69.
960 3509 1323 3579 Multiplicata
1345 3518 1424 3564 est
1453 3525 1609 3579 super
1641 3525 1722 3564 me
1751 3510 2003 3580 iniquitas
2036 3525 2120 3563 su-

558 3599 874 3670 perborum;
903 3615 994 3670 ego
1023 3607 1195 3653 autem
1231 3600 1286 3652 in
1340 3607 1448 3653 toto
1504 3599 1659 3652 corde
1710 3615 1820 3652 meo
1852 3599 2128 3665 scrutabor

561 3691 819 3747 mandata
855 3699 966 3746 tua.
995 3689 1210 3756 Quanto
1245 3689 1446 3759 justior
1471 3688 1744 3760 quispiam
1770 3697 1876 3755 est,
1913 3688 2129 3760 Deoque

561 3785 738 3857 magis
787 3782 1045 3848 adhaeret,
1079 3798 1143 3838 ac
1189 3783 1246 3838 in
1294 3797 1360 3838 eo
1399 3797 1506 3853 pax
1558 3781 1653 3836 Dei
1698 3782 2128 3852 multiplicatur;

561 3881 717 3933 tanto
750 3878 920 3949 magis
951 3877 1006 3932 in
1028 3892 1114 3943 eo,
1145 3883 1332 3946 utpote
1361 3874 1725 3947 praastantiori
1762 3873 1984 3942 athleta,
2018 3875 2102 3930 vir

564 3977 656 4025 tus
698 3968 988 4034 accrescit,
1054 3967 1343 4040 plusquam
1395 3964 1757 4037 superborum
1813 3964 1992 4034 ipsum
2036 3964 2130 4018 ιω-

564 4063 697 4119 dere
727 4061 1060 4128 volentium;
1089 4061 1205 4116 sive
1233 4058 1672 4114 adversariarum
1705 4057 1989 4120 virtutum,
2019 4057 2132 4112 sive

568 4154 874 4209 hominum.
909 4151 1023 4207 Hoc
1079 4161 1260 4208 autem
1306 4158 1553 4222 peracto,
1605 4165 1675 4205 ne
1711 4149 1790 4204 vel
1849 4149 2131 4203 minimum

568 4248 788 4317 quidem
819 4247 1099 4304 remissior
1135 4245 1333 4313 evadit,
1367 4244 1663 4314 quominus
1727 4242 1782 4296 in
1831 4248 1946 4297 toto
1971 4241 2136 4297 corde

570 4347 848 4394 scrutetur
881 4338 1134 4392 mandata
1162 4335 1279 4402 Dei,
1311 4346 1369 4392 ut
1395 4335 1578 4407 faciat.
1591 4351 1676 4393 ea.

642 4425 806 4482 Vens.
840 4426 1024 4482 70-72.
1048 4425 1402 4496 Coagulatum
1423 4435 1499 4481 est
1533 4428 1669 4482 sicut
1687 4425 1770 4480 lac
1802 4441 1893 4480 cor
1923 4439 2135 4480 eorum:

2212 2143 2357 2198 δείαν
2380 2142 2611 2212 ἐγένετο.

2281 2233 2554 2303 Χρηστὸς
2595 2227 2654 2287 εἷ
2683 2230 2785 2293 σὺ,
2819 2229 3013 2297 Κύριε,
3049 2225 3145 2280 καί
3181 2224 3254 2294 τῇ
3286 2223 3656 2294 χρηστότητι
3676 2237 3784 2276 σου

2215 2325 2462 2392 δίδαξόν
2503 2341 2581 2396 με
2620 2323 2692 2378 τὰ
2739 2319 3095 2391 δικαιώματὰ
3146 2335 3282 2374 σου.
3349 2317 3578 2371 Δικαίου
3637 2317 3786 2388 ἔργον

2215 2419 2384 2483 ἐστὶν,
2401 2417 2493 2471 ἐπὶ
2508 2419 2642 2471 πᾶσι
2665 2416 2776 2481 τοῖς
2807 2412 3189 2486 συμϐαίνουσιν
3213 2411 3680 2482 είιιιρεστούμενον
3702 2409 3790 2464 καὶ

2218 2507 2728 2581 κατακληρούμενον
2759 2507 2865 2562 ἀπὸ
2892 2507 2990 2578 τῆς
3025 2505 3308 2579 Προνοίας.
3337 2506 3538 2578 ίλαρῶς
3568 2502 3788 2575 δεχομέ-

2218 2618 2307 2654 νου
2329 2600 2524 2669 λέγειν,
2543 2598 2634 2652 καὶ
2654 2599 2745 2651 ἐπὶ
2765 2601 2873 2661 τοῖς
2886 2598 3222 2669 πικροτέροις
3237 2592 3376 2652 εἶναι
3399 2598 3786 2668 νομιζομένοις,

2219 2692 2299 2763 τῷ
2323 2691 2441 2762 Θεῷ
2467 2691 2528 2744 τό
2543 2708 2555 2720 ·
2597 2688 2868 2759 Χρηστὸς
2889 2684 2947 2742 εἶ
2971 2688 3072 2754 σὺ,
3103 2689 3194 2742 καὶ
3217 2689 3277 2741 τό
3293 2705 3307 2718 °
3333 2687 3666 2757 Εὑλοςοήσω
3685 2685 3790 2740 τὸν

2223 2782 2440 2851 Κύριον
2495 2779 2565 2834 ἐν
2621 2777 2797 2832 παντὶ
2862 2777 3062 2847 καιρῷ,
3127 2777 3226 2848 τῆς
3292 2777 3462 2848 αὐτῆς
3542 2777 3791 2848 ἐχόμενον

2226 2872 2612 2945 προαιρέσεως.
2657 2869 2800 2923 ’.ἀντὶ
2828 2869 2944 2940 τοῦ,
2977 2871 3247 2938 Χρηστὸς
3270 2866 3328 2924 εί
3365 2869 3472 2932 σὺ,
3507 2871 3566 2923 αί
3613 2868 3793 2924 λοιπαὶ

2222 2963 2460 3026 ἐκδόσεις
2479 2978 2491 2992 ·
2524 2961 2754 3032 Ἀγαθός
2779 2957 2838 3015 εἴ
2855 2960 2958 3020 σὺ,
2985 2962 3353 3032 ήρμήνευσαν.
3373 2960 3508 3014 Οἶδα
3541 2960 3642 3030 μὲν
3679 2955 3790 3022 οὖν,

2223 3056 2380 3127 φηάι,
2397 3055 2489 3109 καὶ
2511 3055 2610 3108 οὐκ
2647 3052 2969 3125 ἀμφιϐάλλει)
2993 3053 3237 3124 περὶτῆς
3261 3053 3358 3123 σῆς
3386 3052 3603 3117 οὐσίας,
3631 3053 3714 3105 ὅτι
3735 3052 3794 3121 δὴ

2224 3147 2559 3216 αὐτοάγαθον
2597 3146 2873 3216 πέφυκεν·
2901 3145 3034 3199 ἀλλὰ
3073 3144 3260 3216 δέομαι
3296 3145 3646 3208 διδασκαλίας
3689 3145 3795 3199 τῶν

2223 3237 2603 3308 δικαιωμάτων
2633 3254 2748 3300 σου,
2777 3237 2844 3308 ἦν
2876 3235 3011 3301 ἀξιῶ
3047 3234 3255 3301 διδάξαι
3313 3252 3412 3306 με’
3451 3236 3795 3299 διδασκαλίας

2225 3328 2334 3402 γάρ
2382 3345 2470 3400 μοι
2517 3329 2617 3390 δεῖ,
2675 3329 2752 3392 είς
2795 3327 2858 3381 τὸ
2901 3326 3101 3395 γνῶναι
3140 3328 3264 3393 τοὺς
3311 3327 3442 3400 περὶ
3484 3327 3598 3381 τῶν
3639 3328 3798 3400 ὑπερ-

2154 3410 2196 3466 C
2227 3420 2450 3492 ηφάνων
2481 3419 2690 3489 λόγους.

2309 3513 2680 3582 Ἐπληθύνθη
2701 3511 2796 3565 ἐπ’
2837 3510 2942 3581 ἐμὲ
2984 3509 3186 3567 ἀδικία
3226 3509 3663 3580 ὑπερηφάνων
3691 3509 3798 3581 ἐγὼ

2224 3604 2294 3658 δὲ
2319 3604 2387 3659 ἐν
2409 3603 2521 3674 ὅλῃ
2567 3604 2779 3674 καρδίᾳ
2805 3621 2924 3673 μου
2971 3602 3348 3672 ἑξερευνήσω
3394 3604 3502 3670 τὰς
3553 3604 3797 3668 ἐντολάς

2226 3710 2361 3753 σου.
2380 3697 2528 3768 Ὅσῳ
2545 3696 2750 3760 δίκαιός
2775 3697 2856 3760 τίς
2879 3697 3020 3761 ἐστι,
3037 3695 3462 3766 προστιθέμενος
3501 3696 3598 3749 ἐπὶ
3627 3695 3797 3748 πλεῖον

2227 3788 2304 3859 τῷ
2340 3787 2478 3859 Θεῷ,
2515 3789 2610 3842 καὶ
2633 3787 2958 3859 πληθύνεται
2986 3790 3044 3842 ὲν
3067 3787 3216 3859 αὐτῷ
3243 3789 3278 3860 ἡ
3304 3788 3496 3860 εἰρήνη
3525 3787 3624 3841 τοῦ
3650 3786 3794 3850 Θεοῦ,

2227 3879 2484 3950 τοσούτῳ,
2519 3878 2595 3942 ὡς
2630 3879 2723 3932 ἐπὶ
2779 3878 3015 3951 ἀθλητὴν
3054 3878 3278 3950 μείζονα
3336 3879 3424 3933 ἐπ’
3477 3880 3628 3952 αὐτῷ
3673 3881 3798 3951 πλη-

2230 3969 2466 4036 θύνεται,
2500 3971 2534 4042 ἢ
2563 3970 2671 4024 τῶν
2698 3970 2900 4024 ἀδικεῖν
2922 3970 3082 4025 αὑτὸν
3118 3970 3378 4025 θελόντων
3415 3971 3793 4044 (immoti-ww,

2230 4063 2342 4116 εῐτε
2395 4062 2678 4133 δυνάμεων
2719 4062 3132 4134 ἀντικειμένων,
3166 4064 3277 4116 εἴτε
3307 4060 3636 4134 ἀνθρώπων,
3671 4061 3803 4115 Τού-

2232 4171 2324 4208 του
2351 4152 2410 4214 δὲ
2439 4152 2746 4225 γινομένου,
2778 4153 2900 4208 οὐδὲ
2930 4152 3072 4207 κατὰ
3108 4154 3172 4206 τὸ
3221 4153 3371 4208 ποιὸν
3411 4153 3690 4208 ἐνδίδωσιν
3713 4151 3802 4206 τοῦ

2235 4245 2311 4318 μὴ
2348 4247 2405 4301 ὲν
2442 4245 2538 4318 ὅλῃ
2569 4245 2766 4316 καρδίᾳ
2811 4245 3098 4317 ὲξερευνᾷν
3129 4244 3230 4309 τὰς
3259 4245 3478 4309 ἐντολάς
3528 4245 3626 4300 τοῦ
3673 4246 3801 4299 Θεοῦ

2234 4338 2370 4410 πρὸς
2401 4338 2461 4392 τὺ
2497 4339 2590 4392 καὶ
2614 4337 2836 4408 ποιῆσαι
2858 4338 3046 4402 αὑτάς.

2317 4431 2610 4499 Ἐτυρὼθη
2646 4431 2727 4496 ὡς
2764 4429 2918 4501 τάλα
2959 4431 2998 4499 ἡ
3045 4429 3256 4499 καρδία
3314 4428 3542 4484 αὐτῶν·
3583 4429 3700 4497 ἐτὼ
3742 4428 3805 4481 δὲ

571 4535 663 4589 ego
699 4535 815 4572 vero
846 4519 1005 4590 legem
1051 4531 1198 4574 tuam
1239 4519 1522 4574 meditatus
1573 4535 1712 4575 sum.
1753 4520 1960 4574 Bonum
2010 4520 2138 4574 mihi

2233 4521 2341 4575 τὸν
2364 4523 2551 4591 νόμον
2584 4536 2700 4577 σου
2735 4520 3086 4591 ἐμελέτησα.
3127 4521 3365 4592 Ἀταθόν
3383 4538 3506 4590 μοι,
3557 4520 3648 4574 ὅτι
3676 4521 3802 4574 ἑταρ

572 4612 699 4682 quia
729 4611 1024 4666 humiliasti
1057 4629 1156 4676 me,
1191 4621 1247 4665 ut
1285 4611 1487 4665 discam
1533 4612 1945 4682 justiﬁcationes
1993 4620 2133 4666 tuas.

2234 4611 2533 4678 πείνωσάς
2563 4628 2660 4681 με,
2701 4611 2859 4678 ὅπως
2894 4611 2970 4666 ἂν
2990 4610 3156 4681 μάθω
3187 4612 3257 4666 τὰ
3279 4610 3640 4681 δικαιώματά
3671 4627 3802 4665 σου.

573 4704 780 4772 Bonum
809 4704 940 4758 mihi
967 4706 1050 4760 lex
1074 4707 1179 4762 oris
1208 4707 1286 4762 tui
1308 4722 1462 4777 super
1478 4708 1650 4762 millia
1681 4707 1801 4761 auri
1830 4718 1881 4762 et
1911 4708 2115 4779 argenti

2248 4700 2480 4769 Ἀγαθός
2505 4717 2607 4770 μοι
2635 4703 2669 4756 ὁ
2704 4700 2888 4770 νόμος
2919 4700 3023 4754 τοῦ
3057 4701 3352 4772 στόματός
3386 4717 3504 4756 σου
3530 4701 3684 4769 ὑπὲρ
3716 4721 3802 4771 χι-

571 4794 707 4850 Nam
755 4805 880 4851 ante
922 4797 1234 4867 superbiam
1271 4798 1512 4868 quidem,
1548 4799 1848 4856 incolumes
1881 4806 1936 4855 et
1971 4798 2115 4854 cordi

2235 4792 2447 4858 .luidac
2491 4793 2745 4864 χρυσίου
2789 4795 2885 4848 καὶ
2935 4793 3235 4864 ἀργυρίου.
3289 4796 3400 4866 Πρὸ
3433 4795 3534 4865 μὲν
3575 4794 3686 4868 γὰρ
3712 4797 3804 4866 τῆς

576 4889 821 4959 vigentes
875 4897 1048 4955 erant,
1080 4897 1262 4960 atque,
1301 4900 1361 4945 ut
1405 4891 1480 4946 ita
1521 4890 1722 4957 dicam,
1753 4890 2042 4962 potabiles,
2074 4905 2115 4946 u‘

2241 4885 2615 4956 ὑπερηφανίας
2641 4883 2852 4939 εὖεκτοί
2875 4901 3018 4948 τινες
3043 4885 3135 4940 καὶ
3156 4885 3353 4940 ἁπαλοὶ
3379 4881 3520 4957 ἦσαν
3543 4889 3646 4960 τὴν
3675 4906 3804 4959 καρ-

573 4983 740 5036 etiam
771 4983 896 5036 lacti
940 4981 1010 5035 ad
1066 4998 1252 5040 escam
1307 4984 1600 5042 utilissimo
1651 4993 2100 5055 compararentur

2240 4976 2377 5042 δίαν,
2425 4977 2521 5030 καὶ
2576 4977 2795 5048 πότιμοι
2847 4976 2922 5042 ὡς
2975 4978 3053 5048 τῷ
3105 4978 3336 5046 γάλακτι
3393 4978 3564 5049 αὐτὴν
3627 4996 3803 5050 παρα-

576 5082 862 5144 postquam
893 5081 1072 5130 autem
1122 5075 1431 5144 superbiam:
1490 5075 1804 5142 induerunt,
1831 5092 2020 5134 omnes
2049 5077 2115 5132 in-

2239 5067 2526 5122 ϐάλλεσθαι
2559 5070 2977 5141 τροφιμωτάτῳο
3019 5071 3180 5142 ἡνίκα
3217 5071 3275 5124 δὲ
3306 5070 3403 5142 τὴν
3431 5072 3804 5142 ὑπερηφανίαν

575 5163 758 5219 durati
811 5164 968 5235 quasi
1005 5179 1037 5221 e
1071 5164 1212 5220 lacte
1261 5163 1317 5218 in
1345 5180 1569 5221 caseum
1617 5165 2111 5220 commutati'suut

2243 5160 2554 5218 ὲνεδύσαντο
2604 5163 2824 5226 πάντες,
2867 5163 2960 5216 καὶ¹
3009 5163 3450 5234 πληρωθέντες,
3487 5164 3652 5217 οἱονεὶ
3698 5165 3805 5218 ἀπὸ

577 5255 686 5312 Pro
733 5255 828 5311 illo
861 5265 1065 5320 autem,
1096 5256 1432 5326 coagulatum
1450 5267 1550 5322 est,
1587 5257 1780 5328 Aquila
1809 5255 1943 5312 dicit
1975 5272 1990 5309 :
2023 5255 2115 5310 Ima

2243 5251 2507 5319 γάλακτος
2538 5253 2619 5317 είς
2661 5253 2822 5325 τυρὸν
2856 5252 3341 5326 μεταῦεόλὴκασιν.
3389 5254 3532 5307 Ἀντί
3582 5255 3639 5307 δὲ
3687 5252 3802 5315 τοῦ,

578 5347 888 5418 pinguatum
915 5359 993 5402 est
1025 5347 1180 5420 quasi
1219 5345 1378 5418 adeps
1425 5365 1517 5404 cor
1531 5364 1744 5412 eorum;
1777 5346 2115 5419 Symmachu:

2240 5343 2531 5414 ἐτυρώθη,
2577 5347 2606 5399 ὁ
2659 5346 2762 5417 μὲν.
2814 5344 3039 5410 Ἀκύλας
3102 5346 3262 5416 φησίν
3283 5361 3298 5376 ·
3345 5343 3665 5412 Ἐλιπάνθη
3726 5346 3804 5411 ὡς

581 5447 766 5494 autem
803 5454 818 5492 :
849 5437 1202 5495 Medullatum
1221 5450 1300 5496 est
1321 5440 1459 5493 sicut
1488 5440 1646 5511 adeps
1667 5458 1758 5495 cor
1785 5456 1986 5495 eorum.
2021 5440 2115 5495 Cat

2240 5436 2422 5506 στέαρ
2437 5439 2475 5506 ἡ
2493 5437 2705 5509 καρδία
2730 5437 2925 5492 αὐτῶν
2942 5454 2956 5468 ·
2983 5438 3083 5492 ὁδὲ
3111 5439 3401 5510 Σύμμαχος
3421 5456 3433 5468 ·
3468 5437 3801 5508 Ἑμυαλώθη

582 5540 761 5587 terum
789 5531 920 5588 licet
956 5532 1034 5587 illi
1067 5533 1122 5588 in
1154 5533 1242 5590 his
1267 5541 1638 5598 versarentur,
1673 5549 1773 5604 ego
1800 5549 1830 5588 a
1862 5532 2115 5604 propositi

2245 5530 2326 5597 ὡς
2360 5530 2542 5601 στέαρ
2577 5533 2616 5600 ἠ
2645 5532 2853 5602 καρδία
2893 5533 3108 5587 αὐτῶν.
3141 5533 3288 5605 Πλὴν
3320 5533 3434 5586 ἀλλ’
3466 5533 3518 5586 εί
3563 5535 3802 5587 κάκεῖνοι

583 5622 806 5680 minime
827 5625 1065 5693 recessi;
1101 5626 1195 5682 sed
1229 5634 1344 5682 toto
1367 5625 1533 5682 corde
1565 5627 1850 5681 scrutabar
1884 5626 2115 5682 mandat:

2247 5625 2306 5677 ὲν
2341 5624 2546 5688 τούτοις
2594 5619 2754 5696 ἦσαν,
2809 5625 2919 5694 ἐγὼ
2971 5627 3078 5680 τῶν
3114 5627 3237 5697 ὲμοὶ
3285 5626 3660 5698 προκειμένων
3709 5626 3802 5680 οὐκ

583 5719 678 5766 tua
711 5731 726 5768 :
759 5713 828 5768 ab
874 5715 1189 5772 eorumdem
1255 5719 1595 5774 scrutatione
1635 5717 1990 5786 providentia:
2033 5727 2115 5773 tua

2245 5719 2564 5790 ἀνεχώρουν,
2591 5721 2648 5773 ὲν
2668 5719 2765 5792 ὅλῃ
2790 5719 2980 5792 καρδίᾳ
3002 5719 3296 5790 ἐξερευνῶν
3314 5719 3412 5784 τὰς
3438 5719 3660 5783 ἐντολάς
3691 5735 3797 5776 σου.

586 5819 648 5860 ac
678 5806 1055 5864 universorum
1087 5810 1573 5868 administrationis
1599 5809 1846 5867 notitiam
1894 5820 2115 5884 captans

2248 5809 2352 5863 ἀπὸ
2397 5808 2492 5880 τῆς
2527 5806 2727 5864 τούτων
2774 5808 2997 5880 ἐρεύνης
3024 5809 3119 5881 τὴν
3159 5807 3357 5877 γνῶσιν
3398 5807 3498 5877 τῆς
3533 5810 3633 5878 σῆς
3677 5821 3798 5877 προ·
