3994 6424
172 399 301 456 1577

1336 389 1841 449 ΟΟΠΜΕΝΤΔΒΙΑ
1877 389 1944 447 ΙΝ
1985 389 2328 448 PSALIOS.

3261 396 3406 454 I378
3449 427 3453 431 -

167 518 306 579 νοίας
336 514 432 568 καὶ
470 513 573 585 τῆς
617 510 847 565 καθόλου
895 509 1210 581 διοικήσεως
1264 507 1601 580 Θηρώμενος,
1645 507 1725 560 καλ

1843 507 2024 577 Atque
2054 507 2273 564 illorum
2304 504 2526 577 quidem
2569 519 2666 561 cor
2706 504 2960 577 praesenti
3009 504 3135 560 cibo
3180 523 3281 565 suo
3307 511 3410 567 im-

163 609 265 666 τῶν
296 607 390 678 μὲν
419 607 455 676 ἠ
490 604 686 675 καρδία
726 602 1035 656 ἑλιπαίνετο
1078 603 1136 656 ὲν
1166 604 1234 673 τῇ
1263 601 1517 672 παρούσῃ
1553 601 1725 662 αὐτοῖς

1842 598 2230 670 piuguabatur,
2259 599 2388 654 dum
2420 613 2522 670 ego
2551 599 2724 670 legem
2757 605 2906 653 tuam
2939 598 3253 654 meditarer.

164 700 324 773 τροςρῇ
343 713 358 727 ο
390 694 501 765 ἐγὼ
522 695 580 749 δὲ
601 694 693 748 τὸν
721 695 882 766 νόμον
905 712 1000 748 σου
1036 692 1359 765 ὲμελέτησα.

219 793 285 845 ΑΙ
320 787 517 857 χεζοές
565 801 681 840 σου
729 787 1028 855 ἐποίησάν
1053 803 1133 857 με
1177 785 1279 839 καὶ
1309 785 1590 840 sumat»
1619 802 1694 854 με
1715 802 1729 817 ο

165 882 478 939 συνέτισόν
515 897 594 952 με
636 879 737 935 καί
767 880 1112 951 μαθήσομαι
1161 879 1269 945 τὰς
1310 878 1564 944 ἐντολάς
1593 893 1730 933 σου.

164 974 387 1048 Οὐρανὸν
421 972 524 1044 μὲν
560 972 668 1044 γὰρ
716 972 811 1026 καὶ
862 972 967 1042 γῆν
1010 971 1105 1025 καὶ⁸
1141 972 1320 1026 πάντα
1362 970 1433 1025 τὰ
1463 973 1521 1026 ὲν
1552 972 1734 1035 αὐτοῖς

163 1069 294 1139 λόγῳ
317 1067 727 1138 δημιουργήσας
778 1065 874 1118 καὶ
908 1065 1311 1136 προστάγματι,
1339 1065 1427 1118 ὅτε
1450 1059 1613 1137 ἦλθεν
1641 1065 1734 1118 ἐπὶ

162 1163 244 1214 τὸν
273 1159 557 1229 ἄνθρωπον
582 1152 764 1211 εἶπενο
791 1155 1146 1228 Ποιήσωμεν
1170 1156 1484 1226 ἄνθρωπον
1507 1157 1634 1211 κατ’
1655 1159 1734 1212 el-

163 1251 300 1304 κόνα
330 1249 488 1304 ἰδίαν
507 1247 609 1302 καὶ
646 1248 772 1302 καθ’
811 1248 1117 1318 ὁμοίωσιν.
1148 1247 1266 1301 Τίνι
1300 1247 1358 1301 δὲ
1389 1247 1534 1318 ἄλλῳ
1562 1247 1730 1317 λέγει,

162 1341 497 1409 Ποιήσωμεν
544 1342 878 1422 ἄνθρωπον,
913 1341 947 1413 ἢ
999 1340 1080 1412 τῷ
1107 1342 1403 1410 Μονογενεῖ
1447 1340 1608 1394 αὐτοῦ
1639 1340 1733 1395 καὶ

163 1434 232 1506 τῷ
260 1433 531 1506 Πνεῦματι
583 1434 741 1506 ἁγίῳ,
789 1433 884 1497 οὓς
928 1433 1024 1487 καὶ
1071 1435 1258 1505 χεῖρας
1301 1432 1397 1488 νῦν
1429 1432 1728 1498 amula;

164 1527 264 1579 Καὶ
288 1527 344 1578 ἐν
373 1525 452 1596 τῷ
487 1522 610 1577 Ἰὼό
636 1524 692 1578 δὲ
713 1523 1020 1594 γέγραπται
1039 1540 1053 1554 ⁸
1081 1527 1151 1578 Al
1183 1523 1377 1594 χεῖρές
1397 1524 1512 1578 σου
1531 1522 1733 1591 ἐποίη-

163 1613 271 1670 σάν
290 1630 384 1685 με,
415 1613 515 1668 καὶ
552 1611 834 1668 ἔπλασαν
854 1629 932 1682 με
953 1625 968 1641 ’
1004 1612 1154 1683 μετὰ
1179 1612 1364 1667 ταῦτα
1381 1610 1732 1682 μεταϐαλών

158 1724 228 1778 με
269 1705 470 1773 δεινῶς
525 1705 782 1772 ὀλέκεις,
826 1704 1298 1767 ἐπανακαινίζων
1331 1705 1424 1760 ἐπ’
1461 1704 1568 1776 ἐμὲ
1614 1703 1732 1772 τὴν

165 1798 361 1853 ἐτασίν
380 1815 520 1868 μου.
560 1796 774 1851 Οὐκοῦν
803 1797 859 1850 αἱ
917 1799 1096 1868 χεῖρες
1118 1796 1213 1850 τοῦ
1240 1795 1375 1850 Θεοῦ
1409 1797 1504 1850 καὶ
1541 1797 1729 1867 ιποίη-

1911 773 2077 832 Vens.
2110 776 2198 831 75.
2222 774 2416 830 Manus
2445 759 2560 831 ιιιιέ
2571 775 2810 845 fecerunt
2840 792 2920 830 me
2952 785 3000 830 et
3018 776 3412 845 plasmarerunt

1839 884 1922 922 me
1952 885 1972 922 :
2000 867 2073 922 da
2102 868 2231 922 mihi
2270 867 2618 932 intellectum,
2649 876 2700 923 et
2745 869 2952 923 discam
2995 869 3254 923 mandata
3295 877 3409 924 tua.

1837 960 1974 1016 Cum
2012 959 2158 1017 Deus
2183 963 2381 1018 malum
2416 971 2471 1018 et
2523 969 2726 1018 terram
2766 968 2821 1018 et
2879 962 3062 1017 omnia
3095 978 3216 1033 qua:
3243 962 3298 1016 in
3329 963 3410 1019 eis

1838 1061 1969 1110 sunt
2015 1053 2182 1110 verbo
2229 1064 2283 1122 et
2336 1064 2608 1126 pmcepto
2651 1069 2754 1111 suo
2802 1055 3157 1119 condidisset,
3189 1056 3410 1126 quando

1837 1147 1989 1202 venit
2013 1147 2082 1202 ad
2122 1147 2424 1212 hominem,
2475 1146 2614 1202 dixit
2646 1165 2661 1202 :
2697 1145 2990 1201 Faciamus
3027 1147 3285 1202 hominem
3339 1148 3408 1200 ad

1837 1240 2120 1311 imaginem
2145 1249 2196 1294 et
2221 1240 2622 1294 similitudinem
2651 1250 2889 1294 nostram
2914 1240 2979 1297 ".
3007 1240 3238 1294 Cuinam
3279 1254 3412 1295 vero
3449 1263 3453 1266 ·

1837 1331 1930 1386 alii
1952 1331 2087 1386 dicit
2117 1350 2136 1386 ς
2173 1329 2460 1387 Faciamus
2501 1331 2784 1396 hominem,
2816 1331 2924 1387 nisi
2981 1330 3273 1402 Unigenito
3306 1347 3408 1387 suo

1836 1431 1892 1478 et
1909 1419 2137 1493 Spiritui
2163 1432 2375 1487 sancto,
2394 1438 2534 1495 quos
2554 1425 2664 1498 jam
2694 1439 2890 1478 manus
2919 1424 3193 1494 appellat?
3217 1423 3275 1477 ln
3304 1421 3408 1478 Job

1836 1513 1965 1570 item
1996 1514 2259 1569 scribitur
2289 1532 2303 1569 :
2337 1514 2530 1570 Manus
2569 1525 2674 1570 tua
2696 1515 2928 1585 fecerunt
2953 1531 3054 1580 me,
3082 1525 3132 1568 et
3171 1515 3409 1584 plasma-

1835 1614 2016 1660 uerunt
2038 1623 2118 1660 ine
2139 1622 2158 1661 :
2178 1616 2358 1675 postea
2396 1618 2631 1663 mutatus
2660 1625 2741 1663 me
2770 1609 2884 1664 dire
2915 1607 3116 1676 perdis,
3151 1624 3405 1662 reuocans

1835 1698 1889 1751 in
1914 1713 1995 1752 me
2013 1713 2232 1752 examen
2259 1715 2430 1753 meum
2451 1700 2516 1754 ¹⁸.
2546 1697 2734 1772 itaque
2771 1716 2968 1758 manus
3016 1701 3110 1757 Dei
3159 1699 3408 1756 fecerunt

1835 1798 1890 1846 et
1935 1791 2369 1860 plasmaverunt.
2416 1791 2496 1847 Ac
2537 1789 2806 1866 Origenes
2824 1793 3045 1866 quidem
3070 1803 3124 1850 et
3153 1795 3406 1850 nonnulli

168 1906 256 1942 σαν
279 1891 370 1942 καὶ
394 1887 657 1942 ἔπλασαν.
683 1889 793 1941 Καὶ
823 1887 1102 1960 Ὠριγένης
1138 1888 1238 1960 μὲν
1258 1889 1354 1944 καὶ
1383 1888 1560 1960 ἕτεροί
1587 1904 1725 1952 τινες

1834 1883 1923 1938 alii
1952 1883 2105 1948 illud,
2135 1883 2392 1953 fecerunt,
2416 1883 2486 1940 de
2504 1886 2687 1941 anima
2714 1887 2924 1942 dictum
2953 1888 3030 1941 ait
3056 1904 3072 1953 ;
3095 1887 3228 1943 illud
3251 1903 3402 1954 vero,

166 1981 237 2043 τὸ,
274 1980 587 2049 ἐποίησαν,
643 1979 735 2032 ἐπὶ
779 1979 882 2050 τῆς
939 1979 1115 2051 ψυχῆς
1149 1979 1401 2052 είρῆσθαί
1432 1997 1617 2049 φασιν,
1666 1979 1729 2034 τὺ

166 2073 236 2136 δὲ,
261 2072 552 2137 ἔπλασαν,
613 2069 706 2123 ἐπὶ
755 2069 851 2124 τοῦ
909 2068 1179 2142 σώματος.
1218 2070 1400 2124 Ἀλλοι
1427 2070 1484 2124 δὲ
1511 2070 1573 2123 τὸ
1605 2069 1724 2140 μὲν,

167 2165 460 2232 ἐποίησαν,
510 2163 609 2217 ἐπὶ
641 2164 740 2236 τῆς
780 2161 1002 2235 πρώτης
1055 2163 1413 2235 δημιουργίας
1459 2164 1622 2233 φασὶν
1653 2165 1730 2216 εί-

171 2255 366 2328 ρῆσθαι,
393 2257 453 2310 τὸ
470 2256 547 2321 δὲ,
562 2250 866 2321 ἔπλασαν,
901 2255 994 2308 ἐπὶ
1023 2255 1121 2327 τῆς
1157 2255 1250 2310 τοῦ
1277 2254 1503 2327 λουτροῦ
1531 2255 1726 2325 παλιγ-

168 2348 391 2416 γενεσίας
423 2347 517 2401 καὶ
550 2347 930 2412 ἀναπλάσεως.

233 2442 289 2492 οι
320 2439 681 2509 φοϐούμενοί
706 2454 779 2493 σε
821 2439 1076 2508 ὄψονται
1107 2455 1204 2508 με,
1264 2439 1361 2492 καὶ
1389 2437 1727 2508 εὐφρανθή-

170 2545 374 2592 σονται,
388 2527 476 2583 ὅτι
489 2531 583 2595 εις
597 2528 741 2596 τοὺς
756 2529 978 2600 λόγους
992 2543 1110 2582 σου
1130 2527 1462 2599 ἑπήλπισα.
1474 2530 1723 2599 Ἕτνων,

172 2625 342 2689 Κυριε,
383 2622 471 2676 ὅτι
496 2621 864 2690 δικαιοσύνη
891 2621 963 2676 τὰ
995 2621 1248 2692 κρίματά
1279 2636 1415 2687 σου,
1451 2622 1548 2676 καί
1577 2621 1728 2688 ἀλη-

173 2713 282 2781 θείᾳ
309 2712 706 2779 ἐταπείνωσὰς
729 2729 826 2783 με.
867 2711 1184 2781 Γενηθήτω
1209 2712 1287 2781 δὴ
1312 2712 1381 2766 τὸ
1401 2712 1576 2778 ἔλεός
1607 2726 1725 2766 σου

173 2807 265 2862 τοῦ
299 2805 711 2878 παρακαλέσαι
767 2822 875 2876 με,
921 2805 1073 2860 κατὰ
1131 2804 1198 2858 τὸ
1242 2805 1454 2876 λόγιόν
1494 2820 1612 2860 σου
1643 2803 1727 2872 τῷ

171 2899 348 2965 δούλῳ
395 2914 529 2954 σου.
582 2897 952 2954 Ἐλθέτωσάν
993 2916 1095 2968 μοι
1147 2900 1203 2953 oi
1255 2898 1543 2966 οἰκτιρμοί
1583 2913 1722 2964 σου,

175 2994 257 3047 καί
283 2993 542 3064 ζήσομαι,
575 2992 665 3046 ὅτι
705 2994 738 3046 d
763 2991 947 3060 νόμος
974 3007 1091 3045 σου
1113 2990 1334 3060 μελέτη
1371 3007 1490 3059 μου
1527 2991 1721 3045 ἐστίν.

173 3085 227 3138 El
255 3084 385 3138 ἔλθοι
413 3086 497 3140 ἐπ’
531 3084 639 3156 ἐμὲ
672 3083 732 3137 τὸ
769 3081 917 3147 ἔλεός
952 3099 1068 3147 σου,
1109 3082 1204 3134 καὶ
1224 3080 1490 3152 φθήσαιεν
1515 3082 1640 3153 ἐμοὶ
1673 3085 1723 3136 οί

174 3177 417 3250 οἰκτιρμοί
445 3195 563 3242 σου,
612 3176 673 3230 οὐ
707 3173 1159 3245 κατα-ποθήσομαι
1197 3173 1302 3227 ὑπὸ
1332 3175 1432 3246 τῆς
1459 3174 1726 3230 ταπεινώα

175 3283 313 3331 σεως,
345 3268 451 3321 ἀλλ’
478 3267 901 3339 ἐγκαρτερήσας
928 3264 1015 3318 διὰ
1034 3265 1134 3336 τῆς
1172 3265 1470 3337 ὑπομονῆς,
1512 3261 1572 3319 εὖ
1605 3261 1722 3319 οἶδα

175 3359 244 3412 ὅτι
290 3359 539 3432 ζήσομαι.
603 3359 797 3429 Τυχεῐν
853 3358 910 3412 δὲ
953 3356 1047 3410 τοῦ
1096 3356 1279 3421 ὲλέους
1329 3373 1422 3410 σου
1477 3358 1574 3411 καὶ
1618 3358 1727 3410 τῶν

174 3451 446 3523 οἰκτιρμῶν
474 3467 574 3504 σου
605 3449 769 3516 ἀξιῶ·
807 3451 930 3502 ἐπεὶ
969 3451 1062 3503 καὶ
1095 3450 1256 3512 αὐτὸς
1291 3448 1360 3502 τὰ
1395 3451 1522 3522 παρ⁹
1553 3450 1724 3520 ἐμαυ-

174 3542 254 3596 τοῦ
277 3543 442 3598 πάντα
477 3542 705 3616 πληρῶν
745 3542 806 3596 οὐ
840 3542 1184 3613 διαλιμπάνω
1203 3583 1217 3607 ,
1259 3543 1353 3596 καὶ
1392 3544 1451 3595 ὲν
1494 3542 1630 3612 αὐτῇ
1657 3544 1723 3610 τῇ

175 3634 470 3689 ταπεινώσει
493 3636 591 3689 τὸν
616 3633 778 3706 νόμον
808 3651 901 3687 σου
940 3634 1239 3706 μελετήσω.

234 3728 734 3797 Αίσχυνθήτωσαν
776 3726 1169 3795 ὑπερήφανοι,
1208 3724 1297 3780 ὅτι
1334 3724 1554 3791 ἀδίκως
1584 3725 1724 3793 ἡνό-

173 3834 356 3886 μησαν
386 3824 469 3888 εὶς
510 3819 642 3891 ἐμὲ,
667 3818 784 3889 ἐγὼ
824 3817 892 3872 δὲ
930 3815 1333 3889 ἁδολεσχήσω
1363 3817 1432 3871 ἐν
1461 3816 1589 3883 ταῖς
1624 3817 1724 3870 ἐν-

178 3909 361 3978 τολαῖς
391 3929 530 3967 σου.
581 3909 1152 3980 Ἑπιστρεψάτωσάν
1181 3927 1259 3980 με
1291 3912 1343 3964 οὶ
1369 3910 1726 3981 φοϐούμενοί

177 4015 258 4064 σε,
287 4003 375 4055 καὶ
401 4007 452 4057 οί
489 4001 898 4074 γινώσκοντες
945 4001 1017 4056 τὰ
1051 4000 1346 4071 μαρτύριά
1372 4017 1508 4056 σου.
1538 4003 1725 4068 Γενη-

177 4091 314 4163 θήτω
350 4097 387 4164 ἡ
426 4095 644 4166 καρδία
665 4112 786 4166 μου
836 4097 1073 4165 ἄμωμος
1115 4095 1186 4148 ἐν
1216 4093 1338 4158 τοῖς
1375 4092 1726 4162 δικαιώμασί

176 4201 297 4252 σου,
324 4188 476 4257 ὅπως
505 4190 587 4244 ἂν
607 4188 694 4259 μὴ
727 4187 1054 4259 αὶσχυνθῶ.
1089 4186 1273 4241 Πάντα
1300 4186 1408 4259 γὰρ
1442 4185 1512 4239 τὰ
1542 4188 1723 4258 ἁμαρ-

178 4281 375 4351 τήματα
416 4283 680 4356 αἰσχύνης
722 4283 870 4336 ἐστὶν
904 4280 1050 4349 ἄξια.
1103 4281 1248 4344 Ἕως
1291 4281 1390 4352 μὲν
1436 4281 1543 4353 γὰρ
1585 4298 1722 4352 καρ-

178 4370 253 4426 δία
284 4374 468 4447 ἀτελὴς
493 4376 778 4446 τυγχάνει,
809 4375 978 4447 πολλὴ
1017 4376 1237 4447 φροντὶς
1270 4376 1364 4428 καὶ
1399 4376 1608 4444 ἀγωνία
1649 4377 1722 4448 μή

181 4479 246 4536 πη
272 4466 372 4538 ἄρα
415 4469 506 4522 καὶ
543 4467 814 4541 ἀσθενήσῃ
864 4469 958 4522 καὶ
1009 4467 1203 4540 χείρων
1236 4469 1433 4539 ἑαυτῆς
1460 4469 1679 4540 γένηται
1706 4487 1719 4499 ο

1828 1976 2242 2046 plasmaverunt,
2269 1977 2338 2032 de
2364 1992 2617 2048 corpore.
2646 1978 2754 2034 Alii
2785 1995 2916 2035 vero
2963 1979 3118 2044 illud,
3147 1981 3402 2049 fecerunt,

1827 2069 2087 2139 deprima
2124 2070 2405 2126 creatione
2455 2071 2663 2126 dictum
2697 2070 3004 2139 aﬂirmant;
3034 2073 3169 2127 illud
3199 2081 3402 2141 autem,

1825 2162 2240 2229 plasmaserunt,
2272 2163 2341 2220 de
2374 2163 2596 2219 lavacro
2650 2165 3086 2237 regenerationis
3116 2180 3182 2219 ac
3227 2163 3404 2220 refor-

1827 2256 2086 2311 matione.

1893 2435 2062 2492 Vens.
2093 2437 2281 2492 74-77.
2323 2436 2430 2504 Qui
2463 2438 2646 2492 timent
2680 2445 2748 2501 te,
2781 2436 3027 2493 videbunt
3061 2454 3163 2502 me,
3210 2448 3261 2493 et
3309 2437 3404 2492 la:-

1828 2529 2102 2593 tabuntur,
2133 2530 2260 2600 quia
2299 2529 2355 2583 in
2397 2529 2554 2584 verba
2600 2538 2694 2584 tua
2727 2530 3107 2600 supersperavi.
3150 2529 3400 2601 Cognovi,

1826 2623 2072 2687 Domine,
2103 2623 2228 2692 quia
2259 2623 2482 2692 aequitas
2510 2621 2721 2692 judicia
2756 2631 2870 2685 tua,
2896 2631 2946 2677 et
2979 2623 3032 2676 in
3065 2621 3283 2677 ueritate
3304 2621 3404 2674 hu-

1825 2715 2048 2768 miliasti
2081 2730 2178 2768 me.
2219 2711 2344 2767 Fiat
2377 2713 2741 2768 misericordia
2773 2723 2865 2766 tua
2895 2723 2952 2766 ut
2986 2713 3286 2767 consoletur
3301 2729 3402 2777 me,

1825 2807 2108 2860 secundum
2145 2806 2409 2876 eloquium
2459 2815 2606 2859 tuum
2651 2823 2794 2860 servo
2847 2815 2959 2862 tuo.
3015 2805 3234 2860 Veniant
3277 2806 3406 2859 mihi

1825 2898 2192 2954 miserationes
2223 2906 2326 2952 tua:
2361 2907 2412 2952 et
2461 2898 2649 2962 vivam,
2675 2899 2800 2968 quia
2850 2899 2934 2951 lex
2978 2907 3071 2951 tua
3128 2897 3402 2951 meditatio

1826 3009 1944 3047 mea
1977 3000 2077 3048 est.
2120 2990 2180 3046 Si
2211 2991 2465 3047 adveniat
2496 2991 2630 3046 mihi
2663 2989 3040 3047 misericordia
3074 2999 3190 3058 tua,
3213 2998 3268 3046 et
3296 2989 3400 3044 mi-

1827 3085 2131 3142 serationes
2163 3094 2270 3140 tua:
2307 3084 2373 3138 ad
2419 3099 2508 3140 me
2541 3084 2897 3147 accesserint,
2929 3098 3273 3154 nequaquam
3303 3082 3403 3137 ab-

1829 3177 2098 3232 sorbebor
2173 3175 2586 3244 humiliatione;
2626 3176 2723 3231 sed
2767 3191 2862 3246 per
2908 3175 3226 3246 patientiam
3272 3190 3401 3245 per-

1829 3283 2107 3332 severans,
2140 3267 2279 3324 bene
2324 3268 2449 3322 novi
2501 3283 2586 3323 me
2636 3269 2691 3322 in
2730 3269 2842 3322 vita
2893 3283 3212 3324 mansurum
3258 3282 3399 3324 esse.

1829 3359 2262 3416 Misericordiam
2313 3373 2445 3415 vero
2490 3367 2544 3414 et
2588 3359 2973 3415 miserationes
3023 3367 3150 3416 tuas
3206 3375 3403 3417 conse—

1826 3452 1919 3523 qui
1969 3467 2143 3524 rogo;
2174 3453 2300 3522 quia
2333 3460 2387 3508 et
2419 3452 2534 3521 ipse
2563 3451 2750 3506 omnia
2783 3467 2906 3520 quze
2958 3452 3236 3510 facultatis
3271 3469 3404 3509 meae

1827 3553 1956 3601 sunt
1985 3545 2208 3617 implere
2230 3561 2338 3600 non
2366 3544 2718 3608 desino,etin
2749 3547 2866 3616 ipsa
2881 3545 3259 3603 humiliatione
3283 3563 3403 3604 mea

1826 3637 1998 3708 legem
2029 3646 2176 3691 tuam
2211 3637 2538 3692 meditabor.

1895 3727 2065 3784 Vens.
2121 3727 2307 3784 78-80.
2336 3727 2749 3797 Confundantur
2780 3729 3011 3796 superbi,
3055 3729 3181 3798 quia
3209 3727 3403 3795 injuste

1826 3822 2157 3892 iniquitatem
2184 3821 2416 3892 fecerunt
2445 3822 2501 3875 in
2548 3837 2651 3882 me,
2683 3835 2775 3888 ego
2821 3828 2996 3872 autem
3039 3818 3318 3872 exercebor
3346 3817 3400 3870 in

1827 3912 2096 3968 mandatis
2140 3914 2265 3968 tuis.
2298 3910 2684 3966 Convertuntur
2712 3909 2839 3963 mihi
2869 3910 3103 3963 timentes
3133 3918 3199 3972 te,
3238 3917 3289 3961 et
3310 3910 3401 3978 qui

1827 4014 2077 4060 noverunt
2107 4004 2411 4059 testimonia
2459 4012 2572 4056 tua.
2611 4000 2734 4055 Fiat
2763 4017 2856 4054 cor
2883 4017 3053 4054 meum
3085 3999 3400 4054 immacula-

1828 4104 1937 4147 tum
1966 4097 2020 4146 in
2030 4093 2506 4163 justiﬁcationibus
2542 4094 2668 4167 tuis,
2703 4102 2760 4145 ut
2787 4109 2888 4146 non
2915 4091 3240 4162 confundor.
3271 4089 3402 4146 Om;

1821 4187 1918 4242 nia
1949 4200 2187 4256 namque
2215 4193 2439 4256 peccata
2480 4184 2804 4240 confusione
2833 4185 2994 4256 digna
3019 4193 3170 4241 sunt.
3211 4185 3398 4253 Quan-

1825 4279 1918 4335 diu
1963 4279 2106 4334 enim
2148 4292 2245 4332 cor
2285 4277 2665 4347 imperfectum
2709 4276 2947 4339 exsistit,
2991 4268 3160 4330 multa
3193 4276 3400 4332 sollici-

1823 4369 1958 4424 tudo
1997 4377 2050 4424 et
2102 4369 2384 4424 contentio
2431 4376 2537 4432 est,
2584 4383 2654 4423 ue
2683 4368 2987 4422 inlirmetur
3039 4375 3094 4424 et
3151 4368 3396 4425 deterius

1823 4460 2019 4516 evadat
2051 4461 2310 4532 :quando
2345 4469 2527 4516 autem
2577 4459 2886 4531 pervenerit
2924 4458 2993 4513 ad
3027 4460 3237 4531 apicem
3270 4476 3396 4532 per-

180 4557 256 4608 ὅτε
285 4558 336 4612 δὲ
368 4562 444 4625 εἰς
494 4561 667 4633 ἄκρον
719 4560 901 4635 φθάσῃ
952 4561 1050 4630 τῆς
1097 4559 1451 4630 τελειότητος,
1503 4562 1561 4612 ἐν
1611 4560 1720 4628 ἕξει

1834 4551 2102 4618 lectionis,
2135 4553 2192 4606 in
2238 4551 2457 4607 virtutis
2500 4552 2690 4607 habitu
2728 4557 2782 4607 et
2814 4549 3215 4608 consuetudine
3267 4567 3397 4610 con-

181 4647 360 4721 ὰρετῆς
402 4654 740 4716 καταστᾶσα,
799 4650 903 4716 ἔξω
953 4653 1243 4724 γενήσεται
1293 4651 1494 4716 παντὸς
1537 4652 1723 4721 φόϐου,

181 4742 342 4795 οὐκέτι
365 4744 777 4816 ἀμφιϐάλλουσα
813 4745 887 4816 μή
927 4761 1056 4798 ποτε
1088 4745 1196 4818 ἄρα
1227 4743 1616 4816 καταισχυνθῇ.

255 4835 534 4892 Ἑκλείπει
567 4841 656 4904 εἰς
699 4837 765 4891 τὸ
819 4837 1118 4905 σωτήριόν
1158 4853 1274 4892 σου
1307 4839 1346 4906 ὴ
1385 4837 1556 4907 ψυχή
1582 4855 1724 4908 μου,

182 4928 257 4992 εις
290 4930 421 4997 τοὺς
466 4933 687 5002 λόγους
720 4945 837 4985 σου
878 4929 1210 4997 ἐπήλπισα.
1248 4930 1460 5002 Σφόδρα
1491 4929 1724 4984 ’ἀκολού-

185 5015 276 5083 θως
301 5021 606 5094 ἑρμηνεύων
649 5025 702 5077 τί
736 5023 866 5077 ποτέ
912 5025 1028 5077 ἐστι
1072 5022 1134 5076 τὸ
1166 5024 1430 5095 σωτήριον
1479 5023 1718 5092 ἐπιλέγει

185 5109 296 5182 έξῆς
314 5131 326 5146 ⁸
365 5118 464 5183 Εἰς
483 5117 590 5172 τὸν
610 5118 795 5187 λόγον
815 5131 932 5171 σου
955 5115 1286 5186 ἐπήλπισα,
1309 5116 1609 5189 σημαίνων,
1639 5117 1722 5170 ὃτι

186 5202 238 5255 τὸ
251 5208 496 5281 σωτήριον
508 5210 536 5262 ὁ
549 5209 673 5273 Υἱὸς
689 5208 782 5262 τοῦ
802 5208 937 5262 Θεοῦ
955 5211 1090 5263 ἐστι.
1108 5208 1424 5274 Ἐξέλιπον
1438 5211 1492 5263 ol
1510 5209 1723 5278 ὀφθαλ-

185 5298 272 5361 μοί
299 5316 409 5367 μου
435 5303 520 5368 είς
533 5301 598 5355 τὸ
621 5302 829 5373 λόγιόν
849 5315 987 5367 σου,
1016 5301 1320 5373 λέγοντος*
1360 5303 1510 5356 Πότε
1538 5318 1722 5370 παρα-

188 5387 439 5459 καλέσεις
455 5410 565 5463 με;
602 5393 689 5447 ὅτι
726 5393 1018 5464 ἐγενήθην
1052 5395 1132 5462 ὠς
1167 5394 1359 5461 ἀσκὸς
1391 5394 1461 5449 ἐν
1493 5393 1718 5464 πάχνη,

189 5476 251 5530 τὰ
290 5479 632 5556 δικαιώματά
672 5503 789 5543 σου
827 5490 938 5543 οὐκ
975 5489 1370 5559 ἐπελαθόμην.
1411 5489 1602 5543 Πόσαι
1645 5490 1723 5543 εί-

189 5570 283 5621 σὶν
310 5578 364 5628 al
392 5579 594 5649 ἡμέραι
645 5581 751 5635 τοῦ
788 5580 1012 5636 δούλου
1061 5596 1177 5637 σου
1193 5599 1214 5648 ;
1271 5584 1415 5637 πότε
1450 5581 1723 5649 ποιήσεις

189 5677 276 5730 μοι
320 5665 384 5721 ἐκ
438 5669 552 5725 τῶν
601 5671 1088 5727 καταδιωκόντων
1126 5692 1203 5745 με
1254 5677 1486 5745 κρίσιν;
1518 5673 1726 5746 Διητή-

1824 4644 2098 4708 stitutum,
2132 4644 2279 4698 omni
2324 4650 2471 4697 metu
2502 4657 2734 4698 vacuum
2771 4642 2898 4705 erit,
2924 4656 3104 4712 neque
3137 4641 3398 4700 haesitans

1821 4735 2103 4792 verebitur
2131 4751 2201 4790 ne
2225 4749 2328 4790 con
2339 4733 2618 4789 fundatur.

1893 4827 2060 4886 Vsus.
2094 4830 2183 4885 8i.
2227 4827 2417 4899 Deficit
2462 4829 2518 4882 in
2546 4831 2783 4883 salutare
2823 4837 2972 4881 tuum
3008 4827 3190 4880 anima
3221 4841 3335 4879 mea
3375 4841 3394 4878 :

1810 4923 1876 4975 in
1907 4921 2062 4977 verba
2097 4931 2189 4974 tua
2228 4921 2615 4990 supersperavi.
2651 4919 2964 4974 Admodum
2995 4926 3399 4986 consequenter

1825 5014 2108 5084 explicans
2134 5014 2266 5085 quid
2291 5014 2364 5068 sit
2397 5013 2639 5070 salutare
2677 5012 2834 5078 illud,
2861 5013 3048 5082 adjicit
3069 5015 3257 5080 postea
3288 5027 3301 5064 :
3327 5008 3395 5063 In

1827 5108 2036 5162 verbum
2062 5117 2209 5162 tuum
2235 5107 2618 5178 supersperavi,
2657 5105 2974 5178 signiﬁcans
2998 5102 3234 5158 salutare
3259 5099 3393 5154 illud

1825 5217 1948 5259 esse
1980 5200 2179 5258 Filium
2211 5200 2326 5259 Dei.
2361 5230 2432 5242 —-
2462 5199 2628 5258 Vens.
2663 5199 2852 5256 82-88.
2895 5197 3204 5265 Defecerunt
3253 5191 3396 5246 oculi

1827 5296 1928 5350 mei
1956 5295 2012 5350 in
2037 5295 2299 5366 eloquium
2338 5303 2504 5362 tuum,
2530 5293 2756 5350 dicentes
2787 5309 2804 5346 :
2835 5286 3058 5358 Quando
3090 5283 3425 5341 consolabc-.

1824 5389 1898 5443 ris
1937 5391 2062 5445 me?
2093 5388 2230 5455 Quia
2266 5388 2439 5458 factus
2468 5404 2583 5442 sum
2616 5387 2752 5442 sicut
2781 5394 2896 5437 uter
2926 5383 2980 5436 in
2997 5381 3208 5450 pruina,
3230 5377 3396 5448 justi-

1829 5483 2101 5553 ﬁcatianes
2135 5493 2254 5536 tuas
2275 5499 2378 5537 non
2406 5498 2525 5537 sum
2563 5480 2778 5537 oblitus.
2803 5475 2944 5544 Quot
2967 5483 3090 5529 sunt
3117 5472 3229 5527 dies
3261 5469 3396 5526 servi

1833 5576 1907 5630 tui
1931 5578 1956 5632 .9
1979 5576 2188 5647 quando
2220 5577 2379 5641 facies
2412 5575 2543 5630 mihi
2570 5575 2634 5628 de
2670 5569 3094 5642 persequentibus
3130 5584 3212 5623 me
3241 5565 3394 5636 judi-

1833 5671 1972 5726 cium
1996 5674 2020 5728 ?
2046 5671 2413 5730 Narraverunt
2433 5669 2560 5726 mihi
2587 5667 2751 5738 iniqui
2778 5663 3152 5742 fabulationes,
3180 5662 3270 5717 sed
3292 5674 3395 5714 non

1741 5750 1828 5767 τ...-

165 5840 171 5846 '
256 5829 296 5872 *‘
328 5841 452 5903 Gen.
484 5867 534 5916 ι,
565 5851 655 5907 26.
732 5853 773 5884 ιδ
813 5850 916 5908 Job
947 5867 1010 5919 χ,
1043 5849 1096 5904 8.
