3994 6424
585 351 718 406 1⁵579

1285 349 1548 408 EUSEBII
1581 348 2059 406 CIESARlENSlS
2095 347 2244 404 OPP.
2287 348 2466 404 PARS
2499 349 2588 407 Ill.
2629 381 2698 392 —-
2732 350 3134 409 EXEGETICA.

3687 352 3802 408 1380

585 479 640 523 ut
679 471 762 524 lea:
819 480 929 537 tua,
971 471 1212 526 Domine.
1248 471 1441 526 Omnia
1476 472 1732 526 mandata
1793 482 1882 525 tua
1907 473 2097 526 veritas
2129 513 2133 525 .

2250 486 2438 526 σαντο
2464 490 2563 542 μοι
2595 473 2919 544 παράνομοι
2961 473 3323 542 ἀδολεσχίας
3343 511 3359 537 ,
3409 471 3551 527 ἀλλ’
3588 473 3704 540 οὐχ
3737 473 3805 538 ὡς

583 561 754 632 inique
781 564 1040 631 persecuti
1093 571 1215 616 sunt
1266 579 1368 626 me,
1397 563 1592 633 adjuva
1630 581 1728 617 me.
1767 563 1940 617 Paulo
1974 564 2145 618 minus

581 665 1072 708 consummaverunt
1106 671 1186 709 me
1209 656 1260 708 in
1296 665 1456 710 terra.
1507 655 1617 726 Ego
1655 665 1828 710 autem
1869 674 1971 710 non
2001 656 2148 710 dere-

582 742 711 811 liqui
744 742 998 796 mandata
1029 752 1142 797 tua.
1189 743 1486 798 Secundum
1537 746 1953 800 misericordiam
2001 757 2148 799 tuam

580 835 787 903 vivi/ica
825 851 926 902 me,
948 843 999 889 et
1035 835 1332 889 custodiam
1357 837 1658 891 testimonia
1685 839 1793 892 oris
1817 839 1913 892 tui.
1948 836 2147 892 Secun-

578 928 706 982 dum
765 927 1039 996 eloquium
1083 928 1174 984 Dei
1209 929 1408 993 vivere,
1442 938 1524 985 est
1562 947 1687 985 cum
1734 933 1931 1002 pietate
1977 932 2142 986 vitam

579 1033 756 1088 agere,
787 1035 963 1089 neque
1009 1020 1266 1075 sensilem
1307 1024 1684 1077 tantummodo
1718 1024 1884 1077 vitam
1921 1023 2140 1080 ducere.

577 1108 710 1164 Nam
747 1111 998 1182 quisquis
1031 1112 1085 1166 id
1113 1113 1504 1183 consequitur,
1539 1115 1734 1169 bonam
1768 1115 2034 1185 transiget
2062 1115 2145 1168 vi-

577 1211 719 1268 tam;
755 1203 826 1256 ita
876 1213 935 1258 ut
984 1203 1257 1259 custodiat
1310 1206 1618 1261 testimonia
1649 1205 1764 1260 oris
1795 1205 1888 1259 Dei
1925 1221 2083 1276 :quae
2111 1221 2142 1259 a

576 1291 756 1348 Verbo
785 1293 901 1359 Dei,
931 1297 1076 1366 quod
1104 1312 1166 1352 os
1194 1297 1315 1366 ejus
1343 1313 1466 1354 esse
1501 1298 1638 1363 dixi,
1668 1297 1981 1354 testimonio
2009 1313 2142 1353 con-

577 1387 787 1441 tirmata
816 1395 871 1442 et
903 1388 1180 1443 declarata
1205 1399 1355 1444 sunt.

647 1566 815 1622 Vens.
848 1567 1038 1623 89-9l.
1061 1567 1127 1622 In
1155 1579 1431 1633 (uernum,
1466 1570 1707 1635 Domine,
1741 1572 1947 1625 verbum
1994 1583 2139 1626 tuum

572 1669 837 1728 permanet
870 1660 926 1713 in
954 1660 1101 1716 caelo.
1145 1659 1209 1714 In
1236 1663 1622 1731 generationem
1664 1673 1711 1716 et
1755 1664 2138 1733 generationem

575 1752 766 1806 veritas
797 1761 907 1816 tua,
934 1751 1172 1820 fundasti
1192 1765 1408 1818 terram,
1436 1765 1484 1808 et
1511 1764 1798 1824 permanet.
1828 1755 2138 1810 Ordinatio-

2252 567 2286 618 ό
2316 564 2499 632 νόμος
2524 581 2662 631 σου,
2704 568 2899 634 Κύριε.
2933 565 3128 626 Πᾶσαι
3164 568 3224 619 al
3260 564 3504 618 ἐντολαί
3536 579 3658 619 σου
3682 563 3807 632 ἀλή-

2250 657 2395 718 θεια,
2421 655 2640 722 ἀδίκως
2664 656 3027 722 κατεδίωξάν
3045 673 3142 726 με,
3163 656 3484 725 βοήθησόν
3504 673 3625 724 μοι.
3653 659 3804 721 Παρὰ

2243 747 2442 817 ,βραχὺ
2470 749 2756 803 ἐτέλεσαν
2775 767 2852 819 με
2873 749 2942 803 ἐν
2966 749 3042 817 τῇ
3077 748 3156 818 τῇ
3171 767 3184 780 ·
3219 748 3333 819 ἐγὼ
3370 748 3440 801 δὲ
3467 750 3584 802 οὐκ
3614 748 3802 818 ἐγκατ-

2247 838 2461 894 έλιπον
2528 840 2634 907 τὰς
2686 839 2935 907 ἐντολάς
2983 855 3122 896 σου.
3176 840 3338 895 Κατὰ
3373 840 3440 894 τὸ
3481 840 3662 904 ἔλεός
3696 856 3798 894 σου

2249 927 2435 996 ζῆσόν
2483 948 2579 998 με,
2616 931 2716 984 καὶ
2759 931 3008 999 φυλάξω
3070 931 3141 986 τὰ
3180 932 3470 1000 μαρτύρια
3518 929 3628 984 τοῦ
3675 931 3800 983 στόσ

2242 1023 2431 1090 ματός
2485 1038 2619 1076 σου.
2672 1023 2745 1075 Τὸ
2789 1022 2930 1076 κατὰ
2975 1023 3036 1076 τὺ
3077 1023 3254 1092 λόγιον
3292 1022 3386 1076 τοῦ
3440 1022 3581 1076 Θεοῦ
3612 1021 3710 1092 ζῇν
3749 1022 3800 1074 τὸ

2249 1115 2345 1168 σὺν
2370 1114 2622 1186 εὐσεϐείᾳ
2653 1115 2751 1186 ζῇν
2808 1117 2976 1180 ἐστιν,
3025 1117 3120 1187 οὐχ
3169 1115 3356 1178 ἁπλῶς
3403 1115 3504 1186 τὴν
3550 1113 3800 1184 αἰσθητὴν

2247 1204 2447 1277 ταύτην
2480 1205 2645 1278 ζωήν.
2697 1205 2898 1260 Τούτου
2933 1205 3041 1279 γὰρ
3074 1207 3274 1278 τυχὼν,
3314 1209 3373 1260 ὲν
3399 1205 3606 1276 εὐζωϊᾳ
3643 1204 3798 1267 ἔσται,

2243 1296 2320 1360 ὡς
2348 1298 2638 1367 φυλάσσειν
2670 1300 2741 1352 τὰ
2775 1299 3052 1370 μαρτύρια
3081 1298 3172 1352 τοῦ
3220 1299 3489 1369 στόματος
3526 1296 3624 1350 τοῦ
3659 1296 3798 1360 Θεοῦ,

2247 1390 2656 1462 μαρτυρηθέντα
2678 1393 2770 1446 καὶ
2795 1391 3178 1463 ἀποδειχθέντα
3203 1390 3308 1444 ὑπὸ
3332 1390 3507 1459 Λόγου
3533 1387 3630 1443 τοῦ
3656 1386 3797 1450 Θεοῦ,

2241 1471 2304 1533 οὗ
2335 1476 2489 1535 εἷπον
2522 1481 2682 1536 αὐτοῦ
2717 1483 2890 1553 στόμα
2915 1479 3072 1537 εἶναι.

2311 1572 2416 1635 Εἰς
2463 1571 2570 1625 τὸν
2593 1571 2799 1635 αἰῶνα,
2857 1573 3053 1640 Κύριε,
3099 1574 3133 1625 ὁ
3163 1572 3346 1641 λόγος
3396 1588 3516 1626 σου
3551 1568 3798 1638 διαμένει

2241 1660 2311 1714 ἐν
2320 1660 2398 1726 τῷ
2411 1661 2716 1729 cogar-(p.15
2721 1665 2773 1728 ις
2786 1662 2997 1732 γενεὰν
3010 1663 3106 1716 καὶ
3125 1662 3335 1732 γενεὰν
3351 1662 3390 1730 ἠ
3403 1659 3661 1728 ἀλήθειά
3674 1675 3797 1724 σου,

2240 1751 2636 1822 ἐθεμελίωσας
2667 1754 2780 1823 τὴν
2812 1755 2947 1824 γῆν,
2972 1753 3070 1807 καὶ
3110 1753 3400 1823 διαμένει.Δ
3431 1752 3512 1820 Τῇ
3547 1751 3798 1816 διατάξει

575 1859 636 1896 ne
668 1848 758 1896 tua
787 1853 1083 1911 perseverat
1117 1844 1250 1906 dies,
1284 1847 1535 1914 quoniam
1559 1847 1737 1901 omnia
1761 1847 1990 1901 serviunt
2021 1847 2131 1901 tibi.

2237 1857 2354 1897 σου
2389 1844 2646 1913 διαμένει
2673 1845 2880 1914 ἡμέρα,
2919 1843 3008 1897 ὅτι
3038 1844 3113 1898 τὰ
3134 1844 3456 1912 σύμπαντα
3474 1842 3674 1896 δοῦλα
3707 1841 3798 1894 σά.

575 1933 871 1992 Veritatem
904 1947 1085 2022 autem
1126 1947 1286 1992 vocat
1327 1939 1470 1994 hanc
1503 1939 1943 2009 promissionem,
1973 1956 2134 2010 quam

574 2029 783 2084 sciebat
811 2031 1035 2085 omnino
1061 2030 1299 2085 futuram
1333 2033 1386 2085 in
1418 2033 1815 2100 generationem
1844 2041 1897 2087 et
1919 2048 2139 2103 genera-

574 2121 798 2176 tionem.
851 2119 911 2176 ln
955 2122 1189 2192 singulis
1222 2123 1424 2193 quippe
1471 2123 1916 2194 generationibus
1957 2132 2138 2194 partes

571 2213 837 2284 quasdam
895 2215 1142 2270 veritatis
1201 2215 1509 2270 hominibus
1565 2217 1776 2281 mittis,
1843 2229 2138 2285 omnesque

572 2305 760 2361 mundi
798 2314 1002 2378 partes,
1035 2314 1089 2362 et
1134 2323 1198 2363 ea
1247 2323 1368 2379 qua:
1421 2310 1526 2364 sub
1581 2317 1860 2379 aspectum
1907 2309 2132 2371 cadunt,

571 2399 918 2454 ordinatione
951 2407 1045 2454 tua
1087 2408 1363 2464 constant,
1397 2416 1508 2454 non
1544 2414 1574 2454 a
1595 2400 1844 2456 terminis
1877 2400 1992 2455 suis
2021 2415 2136 2453 mo-

572 2501 648 2555 ta,
712 2506 891 2562 neque
940 2491 1047 2546 sibi
1101 2498 1362 2546 statutam
1416 2491 1588 2562 legem
1654 2491 2130 2561 transgredientia.

570 2583 747 2638 Causa
779 2599 908 2638 vero
933 2582 1128 2637 horum
1161 2582 1404 2637 omnium
1431 2580 1829 2653 permansionis
1865 2589 1966 2647 est,
1989 2583 2132 2650 quod

569 2683 628 2729 tu
658 2675 808 2731 solus
849 2673 1111 2730 Dominus
1147 2674 1223 2729 sis
1268 2673 1676 2755 universorum;
1713 2672 1921 2744 reliqua
1953 2680 2130 2726 autem

567 2767 752 2822 omnia
786 2767 885 2822 tibi
914 2767 1175 2834 serviant,
1198 2782 1262 2820 ac
1294 2774 1552 2838 tanquam
1585 2767 1853 2836 mancipia
1887 2766 2134 2835 subjebta

567 2859 698 2914 sint.

639 2949 806 3006 Vens.
844 2949 934 3005 92.
960 2949 1083 3004 Nisi
1113 2949 1251 3021 quod
1295 2950 1380 3004 lea:
1426 2959 1518 3003 tua
1567 2949 1840 3005 meditatio
1884 2970 1997 3007 rrea
2029 2963 2127 3020 est,

568 3056 690 3099 tunc
731 3045 868 3113 forte
916 3043 1188 3113 periissem
1234 3042 1289 3096 in
1333 3042 1697 3096 humiliatione
1746 3061 1884 3100 mea.
1915 3043 2128 3100 Dictum

565 3145 672 3199 est,
706 3145 922 3206 tempus
951 3134 1314 3190 tentationum
1347 3148 1410 3188 ac
1454 3133 1827 3188 calamitatum
1875 3135 2129 3189 humilia-

566 3229 770 3281 tionem
798 3225 1122 3296 nuncupari.
1152 3222 1266 3277 Viri
1298 3224 1462 3291 igitur
1485 3223 1627 3278 beati
1650 3233 1734 3279 est
1754 3222 1923 3280 fuisse
1951 3225 2005 3277 in
2031 3223 2134 3277 hu-

565 3316 892 3380 miliatione,
926 3323 980 3370 et
1010 3330 1120 3370 non
1168 3315 1400 3384 periisse
1442 3333 1455 3369 :
1489 3325 1549 3367 ut
1577 3315 1645 3378 si,
1688 3331 1741 3369 γ.
1787 3330 1862 3384 g.,
1893 3314 2132 3370 venerim

563 3407 621 3461 in
655 3406 1014 3461 tentationem
1059 3406 1330 3476 martyrii,
1373 3405 1420 3460 si
1471 3405 1690 3476 quidem
1750 3415 2040 3476 antequam
2076 3406 2132 3460 in

564 3513 684 3551 eam
721 3496 1020 3551 inciderem
1052 3497 1135 3550 lex
1159 3504 1253 3551 tua
1290 3495 1568 3550 meditatio
1607 3497 1738 3550 mibi
1764 3512 1980 3567 semper
2013 3495 2133 3550 fue-

564 3589 658 3653 rit,
681 3595 737 3644 et
772 3603 894 3644 eam
923 3595 1220 3643 exsecutus
1260 3588 1396 3653 sim;
1428 3602 1550 3641 cum
1591 3589 1646 3642 in
1698 3588 2130 3644 humiliationem

563 3696 660 3751 per
691 3680 1048 3735 tentationem
1086 3678 1335 3750 martyrii
1375 3692 1595 3743 venero,
1632 3694 1740 3732 non
1772 3681 1984 3748 peribo.
2037 3679 2132 3734 Sic

561 3772 620 3825 in
666 3769 818 3826 omni
865 3770 1169 3825 tentatione
1223 3769 1372 3840 loqui
1400 3783 1500 3840 par
1535 3767 1736 3824 fuerit:
1765 3777 1841 3833 at,
1878 3771 2132 3840 malignis

562 3861 987 3931 cogitationibus
1027 3869 1078 3916 et
1125 3861 1458 3917 adversariis
1488 3862 1784 3918 virtutibus
1822 3877 1910 3917 me
1953 3863 2132 3934 impu-

563 3951 878 4020 gnantibus,
910 3950 1249 4020 pereundum
1292 3951 1422 4006 mihi
1453 3959 1592 4017 erat,
1625 3952 1732 4007 nisi
1764 3953 1850 4008 lex
1881 3960 1974 4008 tua
2021 3953 2129 4008 ful-

561 4057 658 4097 cro
681 4043 812 4096 mihi
836 4042 1049 4097 fuisset.
1345 4101 1354 4110 ,

633 4131 800 4188 ‘Ians.
834 4134 924 4187 95.
957 4132 1022 4187 In
1064 4143 1316 4187 (eternum
1350 4150 1450 4188 non
1487 4134 1768 4189 obliviscar
1793 4135 2134 4207 justiﬁcatio—

564 4243 653 4280 nes
680 4239 820 4288 tuas,
851 4227 978 4295 quia
1006 4227 1059 4278 in
1083 4226 1210 4294 ipsis
1248 4225 1524 4296 vivi/icasti
1560 4243 1661 4280 me.
1694 4225 1892 4281 Verum
1925 4241 2130 4280 memor

555 4333 659 4373 'ero
708 4318 1121 4388 disciplinarum
1174 4327 1427 4381 tuarum,
1455 4332 1592 4388 quas
1630 4318 1684 4372 in
1723 4318 1831 4372 vita
1875 4318 2073 4373 edidici
2111 4338 2124 4374 :

551 4421 662 4478 ‘per
684 4408 807 4464 illas
823 4411 965 4463 enim
990 4423 1020 4462 a
1044 4418 1191 4463 terra
1217 4408 1272 4462 in
1293 4409 1491 4463 coelum
1521 4410 1817 4474 transiens,
1851 4424 1974 4464 cum
2028 4425 2126 4464 an-

2253 1933 2527 2004 Ἀλήθειαν
2555 1934 2611 1988 δὲ
2638 1934 2784 2003 λέγει
2817 1934 2914 2006 τὴν
2942 1933 3270 2002 ἐπαγγελίαν
3310 1933 3540 2005 ταύτην,
3593 1933 3662 2002 ἣν
3699 1929 3798 1985 οἶδε

2241 2025 2456 2089 πάντως
2487 2027 2856 2097 γενησομένην
2906 2028 2986 2087 είς
3035 2025 3228 2095 γενεὰν
3271 2026 3365 2080 καὶ
3408 2024 3629 2093 γενεάν.
3672 2024 3799 2077 Καθ’

2239 2117 2473 2188 ἑκάστην
2490 2118 2600 2189 γὰρ
2621 2117 2812 2185 γενεὰν
2847 2119 2988 2189 μέρη
3013 2117 3135 2172 τινὰ
3165 2116 3263 2186 τῆς
3295 2116 3558 2187 ἀληθείας
3603 2114 3800 2186 ἀνθρὼ-

2239 2227 2360 2272 ποις
2389 2209 2754 2274 άποστὲλλεις,
2777 2210 2872 2264 καὶ
2895 2211 2963 2262 τὰ
2991 2208 3282 2280 σύμπαντα
3305 2208 3400 2261 τοῦ
3423 2207 3636 2278 κόσμου
3669 2207 3795 2278 μέρη

2238 2302 2308 2354 τά
2335 2318 2393 2353 τε
2422 2301 2595 2371 ὁρατά
2632 2304 2696 2372 τῇ
2730 2305 2795 2372 σῇ
2841 2300 3080 2367 διατάξει
3116 2300 3466 2369 συνέστηκεν.
3523 2299 3598 2370 μὴ
3631 2297 3797 2351 κινού·-

2243 2410 2377 2464 μενα
2406 2393 2512 2445 τῶν
2541 2393 2700 2464 ὁρῶν,
2757 2393 2889 2464 μηδὲ
2921 2394 3011 2446 τὸν
3048 2393 3209 2463 νόμον
3251 2392 3341 2444 τὸν
3392 2391 3677 2463 ὁρισθέντα
3703 2391 3794 2443 αὑ·-

2236 2487 2348 2548 τοῖς
2386 2485 2801 2556 παραϐαίνοντα.
2851 2486 3029 2540 Αἴτιον
3081 2485 3138 2538 δὲ
3173 2485 3271 2556 τῆς
3301 2483 3507 2537 τούτων
3546 2484 3792 2536 ἁπάντων

2236 2573 2494 2648 διαμονῆς
2525 2578 2584 2630 τὸ
2639 2577 2696 2630 σὲ
2732 2577 2889 2648 μόνον
2929 2576 3130 2649 Κύριον
3162 2572 3302 2630 εἶναι
3341 2576 3450 2629 τῶν
3494 2576 3626 2628 ὅλων
3661 2590 3677 2605 ο
3719 2575 3789 2628 τὰ

2235 2664 2292 2718 δὲ
2323 2667 2480 2721 λοιπὰ
2527 2667 2703 2734 πάντα
2746 2672 2815 2720 σα
2841 2666 3032 2731 δοῦλα,
3087 2668 3182 2720 καὶ
3223 2667 3300 2730 ὡς
3335 2665 3498 2720 δοῦλα
3531 2665 3785 2719 ὑποτέτα-

2236 2773 2382 2812 κται.

2307 2855 2375 2906 El
2407 2852 2493 2921 μὴ
2524 2853 2613 2907 ὅτι
2653 2856 2684 2906 ό
2712 2854 2894 2922 νόμος
2923 2868 3040 2907 σου
3072 2852 3296 2922 μελέτη
3329 2871 3450 2922 μου
3476 2853 3636 2916 ἐστι,
3667 2853 3792 2905 τότε

2237 2947 2316 3001 ἄν
2339 2949 2664 3018 ἀπωλόμην
2701 2950 2770 3003 ἐν
2795 2948 2870 3018 τῇ
2901 2948 3252 3004 ταπεινώσει
3287 2966 3427 3016 μου.
3455 2949 3685 3018 Εἴρηται
3719 2949 3790 3011 ὡς

2233 3041 2263 3092 6
2295 3039 2483 3110 καιρὸς
2514 3040 2620 3092 τῶν
2667 3038 2983 3112 πειρασμῶν
3025 3040 3119 3093 καὶ
3159 3039 3268 3093 τῶν
3297 3038 3665 3110 περιστάσεων
3710 3055 3794 3093 τις

2235 3131 2490 3194 πείνωσις
2519 3131 2855 3202 ὀνομάζεται.
2892 3131 3178 3201 Μακαρίου
3208 3129 3390 3184 τοίνυν
3425 3131 3568 3184 ἐστὶν
3601 3131 3792 3203 ἀνδρὸς

2233 3223 2294 3276 τὸ
2321 3223 2568 3292 γενέσθαι
2599 3226 2656 3276 ὲν
2700 3227 2766 3295 τῇ
2819 3222 3165 3288 ταπεινώσει,
3208 3224 3304 3277 καὶ
3339 3223 3417 3294 μὴ
3464 3223 3787 3277 ἀπολέσθαιο

2231 3315 2394 3368 οἱονεὶ
2422 3315 2654 3384 ἐλήλυθα
2683 3317 2763 3379 εἰς
2797 3315 3097 3390 πειρασμὸν
3149 3315 3483 3387 μαρτυρίου·
3534 3315 3584 3368 ει
3631 3316 3725 3384 μὲν
3765 3317 3794 3368 6

2230 3403 2391 3475 νόμος
2419 3406 2512 3459 τοῦ
2545 3406 2680 3461 Θεοῦ
2717 3405 2912 3477 μελέτη
2965 3423 3064 3477 μου
3107 3401 3174 3476 ἦν
3215 3405 3302 3458 ἀεὶ
3345 3403 3452 3476 πρὸ
3498 3403 3592 3457 τοῦ
3626 3406 3790 3475 ἐμπε-

2233 3498 2366 3561 σεῖν,
2417 3495 2508 3549 καὶ
2543 3497 2744 3566 ἤσκουν
2775 3496 2954 3560 αὐτὸν,
2999 3494 3170 3549 ἐλθὼν
3213 3496 3307 3548 ἐπὶ
3337 3495 3436 3565 τὴν
3465 3495 3789 3548 ταπείνωσιν

2229 3586 2326 3659 τὴν
2359 3587 2499 3640 κατὰ
2525 3587 2616 3640 τὸν
2655 3587 2958 3658 πειρασμὸν
3002 3585 3096 3639 τοῦ
3140 3584 3461 3656 μαρτυρίου,
3501 3587 3603 3639 οὑκ
3632 3585 3788 3638 ἀπόλ-

2229 3676 2414 3750 λυμαι.
2453 3679 2637 3742 Οὕτως
2673 3679 2901 3752 ἁρμόζει
2945 3680 3040 3733 καὶ
3087 3678 3180 3731 ιπι
3237 3677 3438 3740 παντὸς
3487 3676 3785 3749 πειρασμοῦ

2228 3771 2400 3824 εἰπεῖν
2419 3787 2431 3800 ο
2465 3771 2601 3824 ἀλλὰ
2645 3772 2740 3825 καὶ
2775 3771 2882 3825 τῶν
2928 3769 3180 3841 πονηρῶν
3210 3769 3484 3841 λογισμῶν
3541 3772 3635 3822 καὶ
3684 3770 3785 3824 τῶν

2228 3861 2617 3929 ἀντικειμένων
2664 3861 2941 3934 δυνάμεων
2977 3861 3327 3931 πολεμουσῶν
3358 3863 3507 3932 ὲμοί.
3542 3859 3697 3932 Εἶχον
3721 3860 3785 3914 ἂν

2228 3949 2568 4016 ἀπολεῖσθαι,
2617 3954 2665 4005 εἰ
2710 3953 2784 4024 μὴ
2828 3955 2856 4006 6
2889 3953 2979 4017 σὸς
3024 3953 3187 4023 νόμος
3229 3953 3630 4024 ἀντιστηριγμά
3681 3969 3779 4023 μου

2227 4043 2467 4115 γένηται.

2288 4136 2390 4199 Εἰς
2425 4135 2532 4188 τὸν
2566 4133 2748 4187 αἰῶνα
2776 4136 2849 4188 οὐ
2875 4135 2960 4203 μὴ
3002 4133 3364 4204 ἐπιλάθωμαι
3401 4133 3524 4188 τῶν
3561 4133 3784 4186 δικαιω-

2221 4225 2423 4296 μάτων
2436 4241 2574 4290 σου,
2603 4227 2690 4280 ὅτι
2711 4228 2780 4280 ἐν
2797 4228 2999 4293 αὐτοῖς
3024 4225 3238 4294 ἕζησὰς
3250 4243 3345 4295 με.
3380 4225 3546 4280 Ἀλλά
3579 4226 3786 4296 μεμνή-

2228 4335 2390 4388 σομαι
2410 4318 2518 4371 τῶν
2542 4317 2876 4389 μαθημάτων
2900 4335 3012 4382 σου,
3049 4313 3124 4370 ὧν
3152 4318 3350 4389 ἔμαθον
3380 4319 3439 4369 ὲν
3468 4317 3549 4388 τῷ
3573 4317 3694 4386 βίῳο
3725 4317 3788 4368 δι’

2228 4413 2408 4464 ἐκεῖνα
2432 4409 2541 4481 γὰρ
2570 4410 2676 4463 ἀπὸ
2701 4410 2908 4493 γῆίείς
2942 4409 3168 4480 οὐρανὸν
3209 4407 3477 4480 μετελθὼν
3513 4407 3651 4460 οἰκῶ
3675 4408 3788 4477 μετ’

563 4499 697 4571 gelis
742 4499 949 4555 habito.
1012 4499 1480 4566 Quemadmodum
1529 4503 1672 4555 enim
1720 4499 1812 4569 qui
1863 4516 1926 4555 ex
1972 4501 2122 4571 gravi

2234 4503 2490 4572 ἀγγέλων.
2523 4503 2734 4573 Ὥσπερ
2782 4501 2889 4572 γάρ
2940 4503 2970 4555 6
3019 4501 3084 4555 ὲκ
3129 4499 3369 4572 μεγάλης
3400 4500 3561 4554 νόσου
3592 4499 3685 4553 διά
3712 4516 3789 4550 τι-

548 4591 756 4646 morbo
789 4593 1123 4648 medicorum
1154 4593 1414 4649 subsidiis
1444 4594 1653 4648 ﬁrmam
1681 4602 1734 4648 et
1767 4595 2011 4649 stabilem
2039 4610 2120 4651 sa-

564 4683 790 4737 nitatem
822 4683 1040 4753 accipit,
1068 4683 1214 4754 quod
1244 4684 1536 4739 incolumis
1569 4692 1622 4739 et
1651 4683 1790 4738 bona
1819 4684 2126 4738 valetudine

564 4776 656 4840 sit,
694 4778 800 4829 non
843 4772 964 4828 ideo
990 4774 1333 4830 obliviscitur
1360 4773 1707 4836 medicinam,
1742 4789 1847 4844 qua
1893 4775 2127 4844 ipse'sa-

565 4867 786 4922 nitatem
810 4875 1138 4921 consecutus
1165 4873 1280 4932 est;
1306 4867 1379 4920 ita
1409 4867 1509 4921 iste
1537 4873 1759 4921 sanctus
1783 4881 1812 4919 a
1836 4865 1946 4921 Deo
1970 4866 2128 4934 justi-

562 4956 909 5012 ﬁcationibus
930 4969 1066 5026 quas
1099 4957 1310 5027 accepit
1343 4957 1672 5020 viviﬁcatus,
1702 4973 1798 5028 per
1831 4973 1992 5013 omne
2025 4974 2125 5012 sa:-

563 5049 746 5104 culum
779 5051 854 5104 ait
886 5063 945 5105 se
967 5063 1155 5104 earum
1189 5050 1412 5104 minime
1440 5050 1668 5105 oblitum
1706 5049 1806 5115 iri;
1837 5050 1978 5105 hanc
2001 5052 2127 5106 red-

563 5140 697 5196 dens
725 5141 1022 5207 rationem,
1049 5155 1108 5196 se
1147 5140 1200 5193 in
1233 5140 1300 5196 iis
1329 5157 1359 5194 a
1402 5140 1510 5196 Deo
1541 5141 1870 5197 viviﬁcatum
1907 5157 2048 5198 csse.

633 5317 797 5376 Vnus.
821 5320 1007 5378 94-96.
1031 5321 1173 5375 Tuus
1201 5337 1315 5374 sum
1354 5337 1465 5390 ego,
1489 5322 1690 5376 salvum
1733 5339 1812 5376 me
1856 5322 1962 5391 fac,
1993 5342 2120 5394 quo-

562 5414 706 5467 niam
743 5413 1155 5484 justiﬁcationes
1195 5422 1314 5467 tuas
1357 5414 1630 5483 exquisivi.
1667 5413 1754 5469 ille
1794 5429 2122 5485 exspectave-

562 5515 685 5559 runt
710 5514 1029 5574 peccatores,
1063 5515 1120 5560 ut
1156 5505 1429 5576 perderent
1454 5522 1554 5569 me,
1581 5509 1882 5563 testimonia
1914 5518 2004 5563 tua
2037 5511 2120 5564 in-

561 5599 758 5653 tellexi.
804 5598 988 5655 Omnis
1049 5597 1516 5654 consummationis
1557 5599 1662 5652 vidi
1701 5601 1860 5669 ﬁnem
1949 5603 2115 5657 latum

562 5690 865 5746 mandatum
892 5702 1037 5746 tuum
1055 5693 1233 5748 nimis.

636 5782 798 5840 Vnus.
831 5783 1046 5841 97-100.
1090 5784 1363 5853 Quomodo
1403 5783 1566 5840 dilexi
1607 5782 1765 5854 legem
1806 5794 1970 5854 tuam,
2008 5788 2107 5846 Do.

2227 4611 2332 4647 νων
2368 4593 2623 4664 ἰατρικῶν
2657 4592 3015 4664 βοηθημάτων
3037 4591 3237 4660 παγίαν
3275 4589 3367 4644 καὶ
3398 4589 3626 4661 βεϐαίαν
3659 4590 3786 4642 ἁνα-

2226 4683 2404 4739 λαϐὼν
2441 4685 2651 4754 ὑγίειαν
2678 4685 2744 4738 δι’
2778 4683 2942 4738 αὑτοῦ
2982 4682 3074 4737 τοῦ
3107 4682 3368 4750 ὑγιαίνειν
3414 4682 3512 4734 καὶ
3549 4681 3787 4733 εὐεκτεῖν

2225 4776 2325 4830 οὐκ
2371 4775 2784 4830 ἐπιλανθάνεται
2819 4775 2927 4828 τῶν
2983 4774 3238 4846 ἰατρικῶν
3269 4773 3493 4825 ἐκείνων
3538 4767 3622 4834 οἷς
3659 4772 3786 4840 ηκο-

2225 4867 2453 4938 λούθησε
2486 4868 2547 4920 τὸ
2579 4867 2748 4932 οὕτως
2779 4868 2941 4921 αὑτὸν
2975 4869 3089 4938 μετ’
3121 4865 3330 4928 εὐεξίας
3364 4865 3660 4933 ὑγιαίνειν·
3695 4862 3786 4916 οὖ-

2222 4978 2330 5023 τως
2374 4963 2402 5014 6
2448 4961 2599 5028 ἅγιος
2647 4953 2822 5024 οὗτος,
2864 4958 2970 5012 ὑπὸ
3017 4956 3152 5012 Θεοῦ
3198 4955 3560 5026 ζωοποιηθεὶς
3603 4955 3664 5010 ἐν
3703 4948 3786 5016 οἷς

2223 5051 2347 5122 ἔσχε
2406 5053 2534 5122 παρ’
2583 5051 2747 5106 αὑτοῦ
2803 5051 3130 5121 δικαιώμασι
3175 5048 3322 5117 λέγει
3366 5047 3497 5118 παρ’
3531 5046 3653 5100 ὅλον
3694 5046 3784 5099 τὸν

2222 5143 2390 5198 αἰῶνα
2423 5143 2496 5215 μὴ
2531 5143 2979 5198 ἐπιλανθάνεσθαι
3031 5141 3230 5205 αὐτῶν,
3259 5140 3543 5202 ἀποδιδοὺς
3569 5139 3668 5210 τὴν
3698 5141 3783 5191 αξ-

2220 5236 2363 5297 τίαν,
2392 5237 2452 5290 τὸ
2486 5238 2543 5289 ὲν
2571 5237 2752 5299 αὐτοῖς
2777 5234 2865 5288 τόν
2892 5234 3024 5287 Θεὸν
3054 5233 3214 5288 αὑτὸν
3243 5231 3497 5303 ἐζηκέναι
3527 5231 3676 5302 (sic).

2291 5326 2406 5390 Σός
2453 5327 2567 5393 εὶμι
2617 5323 2749 5394 ἐγὼ,
2803 5321 3010 5378 σῶσόν
3035 5340 3132 5393 με,
3170 5321 3259 5375 ὅτι
3306 5320 3378 5374 τὰ
3418 5318 3783 5390 δικαιώματά

2219 5434 2335 5472 σου
2373 5415 2716 5484 ἑξεζήτησα.
2788 5415 2917 5486 Ἐμὲ
2958 5415 3284 5486 ὑπέμειναν
3337 5417 3392 5469 oi
3443 5411 3782 5484 ἁμαρτωλοὶ

2219 5509 2324 5564 τοῦ
2349 5509 2646 5565 ἀπολέσαι
2673 5526 2768 5578 με,
2793 5511 2865 5563 τὰ
2891 5508 3184 5579 μαρτύριά
3217 5525 3330 5563 σου
3369 5507 3632 5578 συνῆκα.
3670 5505 3779 5561 Hei-

2218 5618 2336 5669 σης
2363 5602 2714 5668 συντελείας
2745 5598 2908 5657 εἶδον
2940 5600 3146 5670 πέρας,
3198 5601 3449 5656 πλατεῖα
3478 5603 3518 5670 ὴ
3557 5597 3775 5667 ἐντολή

2217 5715 2332 5752 σου
2361 5697 2613 5766 σφόδρα.

2301 5791 2391 5856 ’.Ως
2417 5787 2699 5860 ἠγάπησα
2737 5789 2842 5846 τὸν
2861 5791 3051 5860 νόμον
3083 5807 3220 5859 σου,
3247 5791 3441 5860 Κύριε,
3479 5791 3636 5860 ὅλην
3665 5786 3778 5858 τὴν
