3994 6424
228 391 362 451 1531

1379 401 1876 460 COMMENTARIA
1895 400 1982 460 ‘lN
2020 405 2354 466 PSALMOS.

3314 426 3454 480 K82

223 507 452 579 ἡμέραν
488 511 712 578 μελέτη
746 527 863 580 μου
898 513 1090 570 ἐστίν.
1137 515 1316 584 ’Υπὲρ
1364 518 1503 585 τοὺς
1535 521 1772 591 ἐχθρούς

1889 524 2052 588 mine,
2073 533 2182 578 tota
2209 525 2294 580 die
2320 528 2588 585 meditatio
2610 548 2725 587 mea
2745 544 2843 590 est.
2869 535 3036 604 Super
3056 537 3295 592 inimicos
3319 556 3457 608 meos

217 617 339 670 μου
377 599 676 668 ἑσόφισάς
713 619 789 671 με
830 604 944 672 τὴν
982 605 1239 673 ἐντολήν
1283 623 1420 673 σου,
1455 609 1545 664 ὅτι
1570 614 1658 678 εις
1684 613 1790 666 τὸν

218 687 409 742 αἰῶνα
445 688 556 758 ἐμή
592 690 781 746 ἐστιν.
824 691 991 763 Ὑπὲρ
1032 695 1261 763 πάντας
1305 699 1446 766 τοὺς
1480 699 1790 756 διδάσκον-

215 779 329 847 τάς
350 798 430 850 με
458 782 722 851 συνῆκα,
754 783 844 838 ὅτι
870 786 942 840 τὰ
963 789 1253 860 μαρτύριὰ
1275 807 1393 846 σου
1415 793 1634 863 μελέτη
1668 809 1787 864 μου

213 873 414 927 ἐστίν.
469 872 638 942 Ὑπὲρ
663 877 1103 947 πρεσϐυτέρους
1121 881 1382 952 συνῆκα,
1423 885 1512 939 ὅτι
1547 887 1654 953 τὰς
1692 887 1789 940 ὲν-

211 962 401 1029 τολὰς
451 979 567 1018 σου
611 964 958 1036 ἐξεζήτησα.
998 970 1060 1022 El
1088 971 1144 1023 δὲ
1177 971 1323 1041 λέγοι
1363 992 1464 1028 που
1499 977 1528 1028 ὁ
1574 977 1782 1048 Σωτήρ·

216 1055 340 1106 οὐκ
368 1052 502 1108 ἔστι
525 1057 801 1124 μαθητὴς
835 1059 988 1128 ὑπὲρ
1023 1060 1131 1114 τὸν
1158 1060 1552 1130 διδάσκαλον,
1587 1068 1678 1120 καὶ
1719 1067 1786 1121 τὰ

210 1142 366 1213 ἑξῆς,
419 1144 658 1211 λεκτέον,
713 1148 793 1201 ὅτι
849 1149 992 1204 τοῦτ’
1023 1153 1340 1226 εἴρηταιτῷ
1366 1156 1578 1230 Σωτῆρι
1615 1177 1784 1231 προσ·

208 1235 665 1308 διαστειλαμένῳ,
707 1241 800 1293 καὶ
831 1242 990 1310 φάντι
1009 1258 1022 1273 °
1053 1244 1150 1313 Μὴ
1182 1246 1475 1317 καλέσητε
1504 1248 1786 1304 διδάσκα-

207 1329 329 1379 λον
358 1327 458 1381 ἐπὶ
491 1329 602 1398 τῆς
637 1331 752 1401 γῆς
773 1350 788 1363 ·
825 1329 912 1400 εἷς
935 1337 1046 1405 γάρ
1065 1337 1236 1392 ἐστιν
1254 1340 1420 1410 ὑμῶν
1442 1344 1475 1395 ό
1495 1341 1783 1396 διδάσκα-

206 1420 323 1482 λος
352 1421 387 1472 ὀ
429 1419 500 1473 ἐν
525 1421 652 1489 τοῖς
691 1426 988 1494 οὐρανοῖς.
1038 1427 1125 1491 Ὠς
1158 1429 1294 1502 πρὸς
1322 1431 1526 1485 ἐκεῖνον
1563 1429 1654 1487 οὖν
1691 1435 1783 1487 τὸν

205 1507 537 1564 διδάσκαλον
589 1515 688 1568 οὐκ
725 1516 840 1569 ἔστι
876 1519 1121 1591 μαθητὴς
1167 1521 1451 1591 κρείττων.
1511 1526 1573 1578 Ol
1600 1527 1657 1580 δὲ
1705 1528 1785 1580 ὲν-

205 1598 388 1653 cauea.
417 1600 733 1688 δηλούμενοι
785 1606 969 1660 πολλοὶ
1019 1608 1330 1665 διδάσκαλοι
1371 1613 1545 1686 ἕτεροι
1591 1620 1784 1688 τυγχά-

205 1703 416 1755 νουσιν,
445 1685 519 1746 ὧν
548 1694 806 1760 πολλάκις
834 1698 862 1750 ὁ
895 1697 1142 1772 μαθητὴς
1174 1685 1472 1774 κρείττςιινξ
1491 1685 1781 1762 Γίνεταιδὲ

206 1782 460 1848 πλείονος
488 1786 580 1840 καὶ
617 1788 872 1860 συνεχοῦς
903 1791 1002 1862 τῆς
1040 1794 1169 1864 περὶ
1211 1796 1337 1860 τοὺς
1375 1797 1550 1864 θείους
1591 1799 1781 1868 λόγους

202 1869 521 1942 ἀσκήσεως.

291 1963 388 2018 Ἐκ
417 1967 618 2036 πάσης
643 1969 784 2025 ὀδοῦ
817 1971 1081 2042 πονηρᾶς
1106 1975 1382 2031 ἐκώλυσα
1412 1978 1553 2047 τοὺς
1591 1982 1780 2050 πόδας

193 2073 342 2126 μου,
370 2057 530 2126 ὅπως
559 2059 635 2114 ἂν
657 2063 903 2131 φυλάξω
931 2065 1074 2132 τοὺς
1101 2068 1323 2138 λόγους
1353 2084 1488 2124 σου.
1509 2073 1639 2126 Ἀπὸ
1666 2073 1782 2129 τῶν

198 2149 511 2218 χριμάτων
539 2166 656 2205 σου
687 2155 796 2206 οὐκ
827 2153 1126 2220 ἐξέκλινα,
1173 2157 1261 2211 ὅτι
1308 2158 1389 2213 σὺ
1435 2161 1780 2232 ἐνομοθέτη-

199 2243 325 2310 σάς
337 2261 462 2313 μοι.
481 2243 575 2310 Ὡς
599 2243 822 2313 γλυκέα
850 2244 930 2311 τῷ
951 2247 1206 2318 λάρυγγί
1219 2267 1338 2318 μου
1359 2251 1430 2306 τὰ
1448 2252 1621 2322 λόγιά
1639 2267 1774 2308 σουδ

198 2335 358 2402 ὑπὲρ
390 2333 531 2404 μέλι
555 2333 633 2400 τῷ
653 2336 902 2403 στόματί
913 2354 1054 2406 μου.
1073 2339 1202 2392 Ἀπό
1225 2341 1341 2394 τῶν
1365 2343 1629 2398 ἐντολῶν
1661 2359 1777 2400 σου

199 2424 478 2494 συνῆκα,
525 2425 624 2480 διὰ
673 2425 845 2479 τοῦτο
896 2427 1161 2498 ἐμίσησα
1204 2430 1410 2488 πᾶσαν
1458 2434 1602 2488 ὁδὸν
1649 2435 1776 2490 ἀδι-

199 2518 363 2583 χίας.

274 2608 515 2677 Λύχνος
564 2609 689 2677 τοῖς
732 2614 879 2667 ποσί
916 2630 1036 2682 μου
1082 2615 1116 2667 ὀ
1142 2616 1324 2682 νόμος
1351 2629 1487 2682 σου,
1523 2616 1621 2670 καὶ
1651 2617 1776 2686 φῶς

200 2697 338 2764 ταῖς
383 2699 603 2767 τρίϐοις
641 2704 1019 2772 μου.”Ωμοσα
1061 2705 1159 2759 καὶ
1187 2705 1421 2773 ἕστησα
1449 2707 1554 2760 τοῦ
1581 2709 1775 2776 φυλά-

201 2790 422 2852 ξασθαι
469 2791 543 2845 τὰ
590 2793 842 2861 κρίματα
880 2793 989 2862 τῆς
1027 2794 1416 2865 δικαιοσύνης
1447 2813 1582 2852 σου.
1601 2800 1772 2867 Ἐπεὶ,

201 2879 436 2950 μηδενὸς
482 2881 900 2954 ὲκὸιασαμένου,
932 2886 1108 2958 οἰκείᾳ
1136 2887 1476 2959 χρησάμενος
1505 2892 1647 2963 ὁρμῇ
1679 2893 1774 2945 καὶ

197 2971 523 3045 προαιρέσει
550 2974 748 3046 ἀγαθῇ,
779 2977 923 3047 ὅρκῳ
946 2978 1136 3032 ἑαυτὸν
1169 2979 1498 3052 κατεδήσατο
1519 2982 1612 3036 καὶ
1631 2980 1776 3052 ὤμο-

202 3077 264 3112 σε
294 3061 390 3115 τοῦ
420 3062 755 3132 φυλάξασθαι
796 3066 861 3119 τὰ
898 3069 1139 3138 κρίματα
1178 3071 1276 3141 τῆς
1305 3071 1647 3144 δικαιοσύνης
1678 3074 1772 3128 τοῦ

199 3151 364 3216 θεοῦ,
400 3152 614 3224 εὔχεται
642 3156 734 3209 τὸν
761 3157 920 3228 ὅρκον
957 3160 1120 3214 αὐτοῦ
1154 3162 1423 3233 ἀποδοχῆς
1448 3163 1594 3227 ἄξιον
1623 3165 1772 3237 παρὰ

1895 617 2178 686 sapientem
2215 635 2296 674 me
2328 620 2497 690 fecisti
2532 625 2782 682 mandato
2824 638 2931 696 tuo,
2971 632 3094 700 quia
3125 632 3177 684 in
3208 642 3457 686 wternum

1894 724 2064 762 meum
2102 719 2198 764 est.
2227 710 2394 780 Super
2426 730 2601 769 omnes
2635 715 2875 773 docentes
2917 737 2998 774 me
3044 721 3313 786 intellexi,
3337 725 3459 792 quia

1896 800 2196 854 testimonia
2226 811 2318 856 tua
2352 804 2624 862 meditatio
2651 825 2767 862 mea
2804 818 2902 866 est.
2942 809 3110 879 Super
3131 829 3273 866 senes
3297 814 3456 868 intel-

1895 888 2018 953 texi,
2043 891 2168 958 quia
2217 893 2470 949 mandata
2501 907 2592 950 tua
2640 901 2874 969 quwsivi.
2908 901 3064 969 Quod
3110 904 3157 960 si
3207 904 3458 961 Salvator

1893 982 2093 1037 alicubi
2109 984 2254 1039 dicat
2281 985 2439 1042 :Non
2468 989 2851 1060 estdiscipulus
2881 1009 3035 1063 super
3062 997 3369 1066 magistrum
3391 999 3454 1056 '°.

1894 1081 1947 1127 et
1975 1082 2187 1138 caetera.
2221 1077 2511 1133 dicendum
2550 1089 2635 1136 est
2675 1082 2778 1138 hoc
2823 1087 3231 1154 pronuntiatum
3262 1103 3292 1141 a
3337 1087 3458 1143 Sal-

1892 1173 2078 1221 vatore
2107 1165 2295 1232 fuisse,
2336 1183 2459 1222 cum
2503 1171 2654 1240 prius
2698 1173 3040 1231 distinxisset
3077 1191 3140 1230 ac
3177 1177 3406 1234 dixisset
3437 1198 3452 1235 :

1893 1253 1976 1310 Ne
2000 1259 2187 1312 vocetis
2219 1261 2530 1330 magistrum
2569 1279 2727 1332 super
2759 1274 2954 1318 terram
2986 1282 3006 1320 :
3035 1283 3168 1321 unus
3202 1269 3340 1322 enim
3377 1275 3457 1324 est

1889 1345 2148 1419 Magister
2175 1361 2341 1405 vester
2371 1352 2461 1423 qui
2480 1361 2557 1406 est
2587 1355 2639 1406 in
2670 1356 2812 1410 caelis
2845 1357 2907 1410 ".
2943 1356 3089 1412 Illius
3129 1359 3310 1429 itaque
3338 1374 3454 1414 ma-

1891 1439 2046 1509 gistri
2074 1445 2480 1512 comparatione
2505 1463 2611 1502 non
2642 1456 2725 1504 est
2753 1449 3055 1520 discipulus
3085 1452 3450 1521 pwstantior.

1892 1531 2133 1603 Magistri
2155 1544 2359 1602 autem,
2396 1540 2488 1608 qui
2520 1539 2609 1593 hic
2637 1540 2791 1594 multi
2821 1556 2941 1596 esse
2971 1541 3336 1610 declarantur,
3358 1541 3451 1598 alii

1889 1632 2038 1690 sunt,
2098 1627 2299 1705 quibus
2348 1630 2666 1701 plerumque
2726 1632 3029 1704 discipulus
3082 1634 3296 1689 doctior
3343 1643 3448 1691 est.

1888 1716 2042 1783 Quod
2092 1721 2273 1774 evenit
2322 1736 2388 1776 ex
2439 1727 2645 1790 majore
2666 1733 2717 1779 et
2755 1723 3124 1795 frequentiore
3162 1726 3218 1781 in
3249 1725 3448 1783 divinis

1887 1808 2234 1864 sermonibus
2268 1812 2678 1868 exercitatione.

1953 1978 2117 2036 Vens.
2157 1981 2252 2036 101
2282 1982 2437 2038 -104,
2467 1983 2547 2036 Ab
2568 1984 2710 2038 omni
2736 1985 2819 2038 uia
2847 1985 2990 2039 mala
3021 1987 3262 2055 prohibui
3292 1989 3445 2057 pedes

1882 2087 2041 2134 meos,
2082 2081 2139 2124 ut
2189 2074 2482 2140 custodiam
2526 2073 2679 2127 verba
2712 2084 2824 2127 tua.
2860 2076 2901 2127 Α
2939 2077 3162 2146 judiciis
3207 2080 3309 2132 tuis
3340 2097 3444 2134 non

1879 2158 2160 2223 declinavi.
2205 2161 2330 2230 quia
2364 2171 2418 2214 tu
2450 2163 2607 2233 legem
2639 2166 2864 2233 posuisti
2907 2167 3052 2220 milii.
3105 2167 3277 2232 Quum
3320 2169 3444 2223 dui-

1877 2253 1960 2302 cia
1991 2251 2234 2319 faucibus
2278 2255 2405 2308 meis
2435 2255 2644 2324 eloquia
2689 2257 2813 2310 tua!
2852 2274 3005 2327 super
3043 2261 3146 2314 mel
3181 2262 3261 2315 ori
3305 2279 3438 2315 meo.

1876 2343 1920 2397 Α
1978 2345 2244 2399 mandatis
2295 2347 2398 2400 tuis
2433 2347 2687 2413 intellexi,
2746 2363 3016 2418 propterea
3063 2352 3203 2407 odiri
3238 2371 3440 2408 omnem

1876 2437 2012 2490 viam
2046 2438 2360 2504 iniquitatis.

1950 2610 2118 2668 Vens.
2165 2613 2288 2676 105,
2333 2613 2456 2670 106.
2506 2611 2746 2666 Lucerna
2795 2615 3009 2682 pedibus
3052 2621 3177 2673 meis
3229 2623 3436 2677 verbum

1878 2714 2046 2771 tuum,
2074 2714 2124 2759 et
2159 2708 2333 2759 lumen
2362 2705 2562 2760 semitis
2602 2707 2748 2759 meis.
2773 2704 2962 2760 Juravi
2989 2719 3036 2762 et
3065 2712 3230 2763 statui
3254 2724 3435 2766 custo-

1874 2796 1989 2851 dire
2011 2797 2219 2866 judicia
2236 2797 2606 2866 justitiaztuae.
2638 2797 2776 2864 Quia
2823 2801 2974 2854 nullo
3003 2802 3108 2855 vim
3148 2803 3435 2869 inlerente,

1875 2889 1969 2944 sed
1999 2889 2220 2959 proprio
2241 2897 2376 2943 nutu
2398 2898 2453 2943 et
2484 2889 2626 2945 bono
2651 2893 2949 2962 proposito,
2985 2908 3105 2948 sese
3125 2895 3438 2964 jurejuran-

1874 2985 1945 3039 do
1975 2985 2249 3047 astrinxit,
2281 2992 2336 3038 et
2359 2985 2564 3054 juravit
2593 3002 2652 3042 se
2699 2995 3038 3042 servaturum
3084 3005 3204 3046 esse
3227 2991 3434 3061 judicia

1873 3073 2097 3142 iustitiae
2129 3072 2244 3138 Dei,
2271 3083 2426 3145 rogat
2454 3084 2513 3128 ut
2537 3075 2905 3143 juramentum
2934 3093 3095 3133 suum
3123 3083 3435 3151 acceptione

1875 3166 2096 3237 dignum
2128 3166 2268 3235 apud
2301 3165 2467 3220 Deum
2496 3167 2688 3222 evadat
2721 3187 2734 3222 :
2767 3185 2893 3223 nam
2930 3171 3168 3242 cognitio
3199 3173 3436 3243 judicio-

195 3244 283 3314 τῷ
317 3244 438 3315 Θεῷ
461 3247 708 3314 γενέσθαι
723 3266 736 3279 ’
775 3249 940 3302 δεῖται
964 3251 1071 3322 γὰρ
1094 3251 1290 3322 πολλῆς
1315 3231 1660 3319 διδασκαλίας
1681 3231 1772 3310 καὶ

1875 3231 1994 3313 ruin
2024 3258 2118 3314 Dei
2147 3231 2318 3314 multa
2348 3259 2595 3314 doctrina
2617 3271 2757 3332 eget.

194 3338 234 3406 ὴ
266 3335 468 3404 γνῶσις
503 3338 609 3391 τῶν
635 3341 917 3411 χριμάτων
951 3335 1044 3395 τοῦ
1079 3343 1232 3396 Θεοῦ.

285 3449 711 3519 Ἐταπεινώθην
753 3451 862 3518 ἕως
911 3453 1163 3521 σφόδρα,
1209 3457 1384 3524 Κύριε
1407 3474 1420 3486 ·
1469 3456 1654 3527 ζῆσόν
1695 3478 1772 3528 με

195 3537 356 3591 κατὰ
401 3537 506 3592 τὸν
547 3541 731 3610 λόγον
766 3554 902 3594 σου.
942 3541 1020 3594 Τὰ
1048 3541 1295 3596 ἑκούσια
1339 3544 1445 3596 τοῦ
1476 3547 1772 3614 στόματός

187 3643 317 3695 μου
359 3626 697 3696 εὐδόκησον
751 3627 850 3696 δὴ,
885 3620 1080 3697 Κύριε,
1113 3629 1212 3683 καὶ
1256 3632 1328 3684 τὰ
1377 3633 1626 3703 κρίματα
1655 3650 1771 3688 σου

195 3713 451 3780 ὃίδαξόν
473 3733 566 3786 με.
586 3718 644 3771 Ἠ
673 3716 842 3786 ψυχή
872 3734 989 3783 μου
1018 3717 1088 3770 ἐν
1113 3718 1241 3784 ταῖς
1284 3720 1456 3788 χερσί
1491 3736 1611 3788 μου
1643 3719 1784 3774 δια-’

194 3806 447 3872 παντὸς,
487 3807 583 3861 καὶ
637 3805 744 3860 τοῦ
798 3809 987 3876 νόμου
1047 3821 1163 3862 σου
1213 3810 1322 3863 οὐκ
1367 3811 1764 3880 ἐπελαθόμην.

202 3903 445 3953 Ἐθεντο
477 3899 802 3969 ἁμαρτωλοὶ
836 3898 1055 3970 παγίδα
1080 3917 1203 3970 μοι,
1234 3900 1331 3954 καὶ
1357 3901 1425 3955 ἐκ
1456 3900 1572 3955 τῶν
1602 3903 1768 3956 ἐντο-

196 3987 327 4044 λῶν
356 4004 470 4042 σου
501 3990 610 4041 οὐκ
641 3986 1090 4055 ἐπλανήθην.Ἦ
1118 3987 1260 4060 ψυχή
1291 4006 1434 4052 τινος
1481 3990 1538 4042 ὲν
1585 3992 1768 4063 χερσὶν

197 4077 365 4132 αὑτοῦ
396 4079 561 4141 ἐστιν,
577 4076 630 4128 ετ
645 4093 773 4128 ποτε
799 4076 857 4128 ἐν
889 4075 1149 4140 κινδύνοις
1176 4077 1484 4150 γεγένηται,
1504 4080 1768 4133 καὶτοῦτο

194 4175 229 4243 ἡ
265 4168 526 4241 συνήθεια.
561 4167 707 4235 λέγει
734 4169 847 4220 ὅτι·
885 4169 995 4240 Τὴν
1015 4168 1191 4239 ψυχήν
1225 4186 1329 4241 μου
1360 4166 1502 4241 εἶχον
1542 4173 1621 4234 εἰς
1667 4172 1766 4235 τὰς

195 4262 390 4336 χεῖράς
438 4258 717 4331 μου.Ἐγὼ
763 4254 877 4322 οὖν,
912 4259 1074 4329 φησιν
1117 4261 1146 4312 ο
1186 4260 1407 4327 δίκαιος,
1445 4259 1766 4334 ηθημὲραν

194 4354 549 4424 ἀποθνήσκω,
577 4351 662 4404 ἀεὶ
688 4349 977 4404 κινδυνεύω
1007 4350 1092 4406 διὰ
1117 4352 1206 4405 τὸν
1237 4352 1391 4421 λόγον
1418 4371 1532 4417 σου,
1557 4354 1643 4407 διὰ
1667 4354 1764 4426 τὴν

193 4446 477 4517 ἀλήθειαν,
506 4444 592 4497 διὰ
625 4442 716 4496 τὸν
752 4441 990 4512 ἔλεγχον,
1019 4443 1107 4496 διὰ.
1134 4443 1230 4514 τὴν
1260 4443 1533 4514 βασιλείαν
1569 4447 1634 4517 ἢν
1671 4447 1765 4517 βα-

195 4540 425 4596 σιλεύωο
455 4539 550 4592 καὶ
581 4538 668 4593 διὰ
698 4537 871 4592 ταῦτα
905 4538 943 4606 η
973 4536 1140 4606 ψυχή
1175 4554 1294 4606 μου
1331 4537 1401 4591 ἐν
1427 4537 1555 4604 ταῖς
1592 4539 1765 4607 χερσί

187 4651 310 4702 μου
331 4630 673 4695 διαπαντός.
689 4629 764 4682 Οὐ
785 4629 892 4700 γὰρ
909 4630 938 4682 ὁ
953 4627 1196 4691 κίνδυνος
1215 4627 1308 4681 τοῦ
1334 4627 1562 4682 θανάτου
1591 4629 1762 4682 ἐποίει

197 4722 652 4796 με-,ὲπιλαθέσθαι
679 4721 773 4775 τοῦ
822 4722 986 4793 νόμου
1014 4739 1125 4776 σου.
1159 4720 1389 4775 Δύναται
1436 4721 1494 4774 δέ
1542 4739 1626 4786 τις
1670 4722 1764 4776 καὶ

192 4815 522 4886 ὑψηλότερον
556 4814 744 4884 νοῆσαι
773 4811 835 4866 τὸ
861 4811 1042 4885 ῥητὸν,
1073 4813 1166 4866 καὶ
1199 4814 1391 4877 εἰπεῖν,
1413 4813 1492 4866 ὅτι
1526 4813 1565 4880 ἠ
1591 4810 1760 4882 ψυχή

188 4929 310 4983 μου
341 4911 412 4964 ἐν
439 4908 567 4975 ταῖς
601 4909 774 4978 χερσί
797 4924 916 4976 μου
951 4901 1030 4976 ἦν
1055 4903 1398 4973 διαπαντὸς,
1427 4905 1545 4959 ἀντὶ
1569 4903 1684 4969 τοῦ,
1704 4905 1762 4957 ὲν

194 5001 459 5072 πράξεσιν
481 4998 737 5068 ἀγαθαῖςο
768 4998 802 5068 ἠ
833 4996 950 5067 χεὶρ
973 4994 1081 5066 γὰρ
1108 4995 1199 5048 ἐπὶ
1223 4995 1330 5048 τῶν
1365 4994 1614 5066 πράξεων
1637 4994 1763 5048 πολ-

179 5092 354 5154 λάκις
385 5086 760 5160 παραδέδοται.
803 5085 864 5137 Ei
889 5085 945 5137 δὲ
973 5085 1031 5137 ὲν
1057 5087 1176 5148 ταῖς
1204 5085 1358 5156 χερσί
1388 5101 1480 5138 σου
1509 5085 1616 5156 εἴη,
1639 5087 1763 5157 νοή-

197 5201 379 5254 σωμεν
401 5183 586 5254 χεῖρας
609 5173 742 5234 εἶναι
765 5176 858 5231 τοῦ
886 5177 1018 5230 Θεοῦ
1033 5177 1131 5248 τὴν
1145 5176 1499 5249 δημιουργίαν
1520 5178 1703 5243 αὑτοῦ,

197 5277 479 5350 προσιτέον
519 5271 825 5334 διαπαντός.
844 5271 1328 5339 Ἐκληρονόμησα
1368 5271 1440 5324 τὰ
1468 5271 1761 5340 μαρτύριά

191 5385 308 5422 σου
339 5368 425 5433 εις
458 5364 566 5419 τὸν
594 5361 778 5416 αἰῶνα
800 5379 813 5392 ·
863 5361 952 5414 ὅτι
982 5361 1322 5430 ἀγαλλίαμα
1364 5359 1474 5429 τῆς
1515 5361 1760 5431 καρδίας

183 5476 306 5530 μου
331 5458 766 5514 εἰσιν.Ἕκλινα
788 5453 904 5523 τὴν
934 5452 1180 5521 καρδίαν
1216 5471 1334 5521 μου
1372 5453 1478 5507 τοῦ
1509 5453 1755 5522 ποιῆσαι

187 5551 265 5607 τὰ
283 5547 650 5621 δικαιώματὰ
675 5563 791 5604 σου
821 5547 909 5613 εις
932 5543 1039 5599 τὸν
1064 5543 1248 5598 ctth
1266 5544 1340 5599 δι’
1369 5544 1747 5616 (inductu-cr.

149 5837 164 5854 ι
263 5817 312 5853 ι·
350 5816 540 5876 Matth.
573 5832 644 5889 ι,
676 5823 766 5878 24.
845 5829 888 5862 ιτ
917 5823 1121 5883 -llattli.
1160 5838 1330 5891 um,
1365 5825 1433 5894 9,
1471 5827 1558 5883 10.

1941 3453 2106 3511 Vens.
2151 3457 2448 3512 107-112.
2505 3457 2831 3513 Humiliatus
2883 3476 2999 3514 sum
3047 3479 3430 3537 usquequaque,

1870 3546 2146 3602 Domine:
2185 3550 2389 3620 vivi/ica
2430 3568 2510 3606 me
2547 3551 2829 3606 secundum
2863 3553 3073 3607 verbum
3125 3565 3288 3612 tuum.
3333 3560 3435 3616 Vo-

1869 3639 2104 3694 luntaria
2145 3641 2254 3694 oris
2283 3642 2382 3695 mei
2414 3641 2737 3712 beneplacita
2770 3641 2878 3712 fac,
2916 3643 3162 3711 Domine,
3200 3657 3249 3702 et
3279 3649 3433 3719 judi-

1868 3730 1951 3783 cia
1983 3740 2076 3784 tua
2113 3729 2238 3785 doce
2267 3746 2369 3786 me.
2397 3732 2592 3786 Anima
2622 3749 2734 3785 mea
2762 3733 2815 3785 in
2846 3735 3089 3789 manibus
3135 3739 3263 3791 meis
3292 3756 3429 3792 sem-

1865 3838 1976 3892 per,
2009 3832 2056 3878 et
2088 3823 2248 3895 legem
2279 3834 2422 3878 tuam
2454 3841 2557 3878 non
2584 3840 2700 3877 sum
2737 3823 2951 3876 oblitus.
2986 3824 3283 3881 Posueruut
3317 3845 3430 3897 pec-

1867 3926 2070 3969 catores
2094 3915 2335 3984 laqueum
2358 3914 2508 3976 mihi,
2532 3921 2580 3967 et
2603 3913 2668 3966 de
2683 3912 2948 3967 mandatis
2978 3914 3083 3968 tuis
3111 3933 3211 3970 non
3232 3922 3422 3973 erravi.

1864 4004 2060 4060 Anima
2101 4005 2342 4073 cujusvis
2374 4004 2429 4058 in
2459 4003 2712 4059 manibus
2740 4005 2859 4073 ejus
2903 4015 3009 4069 est,
3043 4006 3088 4062 si
3123 4010 3340 4078 qnaiido
3371 4012 3425 4066 in

1864 4097 2122 4167 periculis
2147 4103 2414 4159 versetur,
2445 4102 2608 4167 atque
2636 4111 2702 4151 ex
2734 4099 3127 4153 consuetudine
3161 4102 3261 4155 hoc
3285 4103 3424 4157 dici-

1865 4193 1953 4241 tur
1985 4185 2273 4240 :Animam
2305 4201 2478 4242 meam
2510 4186 2564 4240 in
2610 4187 2865 4243 manibus
2897 4189 3033 4244 meis
3076 4191 3256 4246 habui.
3313 4191 3423 4263 Ego

1863 4276 2068 4346 itaque,
2092 4277 2168 4330 ait
2190 4277 2398 4347 justus,
2435 4278 2678 4348 quotidie
2708 4280 2932 4344 morior,
2970 4298 3180 4350 semper
3206 4282 3276 4338 ob
3300 4300 3420 4338 scr-

1865 4384 2079 4423 monem
2111 4377 2263 4424 tuum
2290 4371 2343 4425 in
2373 4372 2616 4440 periculo
2641 4389 2848 4438 versor,
2881 4385 3096 4444 propter
3120 4376 3420 4443 veritatem,

1866 4471 2087 4535 propter
2113 4462 2610 4532 reprehensionem,
2634 4474 2856 4536 propter
2888 4482 3109 4537 regnum
3133 4468 3218 4522 cui
3248 4469 3421 4541 impe-

1795 4566 1837 4620 ῃ
1866 4568 1928 4608 ro
1958 4571 1973 4621 ;
2001 4560 2055 4608 et
2075 4554 2195 4610 ideo
2218 4555 2399 4609 anima
2420 4571 2534 4609 mea
2558 4556 2612 4608 in
2634 4556 2874 4610 manibus
2901 4558 3029 4611 meis
3057 4575 3271 4628 semper.
3305 4560 3423 4618 Non

1866 4644 2012 4700 enim
2044 4644 2342 4715 periculum
2375 4646 2567 4702 mortis
2595 4647 2730 4717 legis
2757 4658 2859 4701 tua:
2883 4649 3132 4706 oblivisci
3156 4667 3242 4708 me
3271 4653 3419 4724 fecit.

1859 4736 2127 4792 Caeterum
2161 4745 2342 4808 potest
2391 4739 2662 4810 quiSpiam
2719 4741 3007 4798 sublimius
3063 4743 3167 4801 hoc
3214 4746 3420 4801 dictum

1862 4827 2162 4899 intelligere
2192 4843 2256 4884 ac
2289 4829 2470 4886 dicere
2501 4849 2514 4885 :
2548 4831 2740 4885 Anima
2786 4850 2901 4887 mea
2929 4835 2982 4888 in
3026 4837 3263 4892 manibus
3293 4837 3418 4891 meis

1859 4927 1978 4975 erat
2009 4937 2247 4991 semper;
2285 4921 2337 4976 id
2366 4932 2471 4986 est,
2505 4924 2556 4977 in
2587 4924 2744 4979 bonis
2777 4927 2991 4984 actibus
3020 4947 3033 4984 :
3069 4944 3192 4984 nam
3221 4943 3426 4985 manus

1858 5022 1958 5077 pro
1989 5008 2200 5064 actibus
2230 5010 2540 5080 frequenter
2573 5013 2827 5070 traditur.
2861 5016 2916 5071 Si
2952 5029 3131 5074 autem
3159 5018 3213 5072 in
3241 5020 3417 5074 mani-

1862 5101 1965 5156 bus
1987 5101 2096 5157 tuis
2119 5101 2300 5167 l’ueril,
2321 5105 2682 5174 intelligamus
2709 5123 2904 5164 manus
2931 5110 3022 5165 Dei
3048 5124 3168 5164 esse
3185 5110 3415 5166 creatio-

1859 5210 1983 5250 nem
2009 5194 2151 5264 ejus.
2177 5195 2264 5251 cui
2291 5211 2505 5266 semper
2536 5197 2751 5254 animus
2784 5211 2865 5255 est
2894 5199 3414 5255 adhibendus.'Ha--

1857 5287 2082 5341 reditate
2129 5288 2382 5357 acquisiui
2419 5289 2718 5344 testimonia
2750 5301 2842 5344 tua
2877 5293 2928 5342 in
2973 5298 3248 5356 wternum,
3288 5293 3413 5359 quia

1855 5381 2139 5436 exsultatio
2169 5379 2341 5436 cordis
2370 5384 2472 5437 mei
2510 5394 2651 5440 sunt.
2703 5382 2958 5438 Inclinaoi
2992 5399 3084 5438 cor
3128 5399 3296 5438 meum
3344 5384 3412 5437 ad

1858 5470 2128 5540 faciendas
2150 5473 2561 5544 justiﬁcationes
2611 5486 2727 5529 tuas
2783 5477 2837 5529 in
2882 5485 3154 5544 internum,
3204 5487 3416 5547 propter

1856 5564 2265 5620 retributionem.
2833 5580 2844 5590 '
