3994 6424
541 338 711 396 i335-

1275 335 1540 394 EUSEBII
1569 334 2042 392 CESARIENSlS
2079 335 2229 394 OPP.
2271 334 2450 392 PARS
2481 334 2570 392 111.
2609 368 2676 378 —
2708 333 3111 393 EXEGETICA.

3661 335 3794 392 1383

613 459 776 514 Vsus.
803 457 1074 515 115-116.
1110 456 1323 526 Iniquos
1353 457 1472 512 odio
1496 457 1676 523 habui,
1696 467 1745 512 et
1770 458 1931 528 legem
1957 468 2095 511 tuam

2272 460 2659 529 Παρανόμους
2702 460 2987 530 ἐμίσησα,
3014 459 3118 512 τὸν
3153 458 3220 512 δὲ
3255 460 3443 528 νόμον
3478 473 3601 513 σου
3651 416 3797 526 sia-d-

539 551 726 606 dilexi.
759 549 988 619 Adjulor
1017 559 1066 602 et
1094 557 1364 616 susceptor
1392 566 1534 602 meus
1559 567 1612 604 es
1641 563 1717 616 tu,
1741 551 1796 604 in
1827 550 1982 605 verba
2016 559 2108 604 tua

539 642 917 710 supersperavi.
959 639 1227 692 Declinate
1265 657 1296 693 a
1324 656 1423 705 me,
1469 641 1708 711 maligni,
1736 650 1787 696 et
1831 641 2109 696 scrutabor

541 730 797 785 mandata
831 729 923 784 Dei
949 731 1069 784 mei.
1119 727 1335 799 Suscipe
1370 747 1450 786 me
1480 731 1763 785 secundum
1810 732 2108 786 misericor-

421 861 434 882 δ
538 822 684 876 diam
720 833 886 885 tuam,
927 829 975 875 et
1001 822 1204 892 vivi/ica
1247 837 1347 887 me,
1385 832 1434 876 et
1467 839 1570 877 non
1596 823 1893 892 confundas
1923 841 2004 878 me
2043 824 2106 878 ab

537 914 918 982 exspectatione
951 931 1086 968 mea.
1118 913 1410 986 Postquam
1443 915 1582 970 dixit
1617 931 1630 966 :
1663 915 1930 971 Declinate
1951 934 1984 971 a
2005 933 2103 981 me,

539 1001 778 1071 maligni,
811 1009 1210 1073 consequenter
1252 1002 1419 1058 Deum
1447 1003 1514 1059 ad
1551 1019 1669 1059 eam
1700 1019 1812 1059 rem
1865 1005 2105 1071 invocat,

536 1097 597 1143 ut
625 1090 744 1160 ejus
771 1091 968 1146 virtute
996 1093 1216 1163 maligni
1241 1093 1307 1148 ab
1333 1095 1512 1148 anima
1538 1110 1640 1150 sua
1673 1095 1946 1166 pellantur
1976 1113 1989 1149 :
2024 1104 2107 1149 at-

535 1196 643 1250 que
672 1181 844 1236 otium
893 1193 1108 1249 nactus,
1147 1185 1312 1240 vitam
1344 1194 1399 1241 et
1447 1187 1704 1253 salutem,
1738 1203 1861 1258 qua:
1909 1202 2108 1243 secun-

535 1274 664 1328 dum
697 1273 865 1330 Deum
897 1283 999 1340 est,
1035 1286 1424 1348 consequatur,
1455 1294 1632 1351 neque
1663 1280 1881 1336 excidat
1914 1280 1983 1334 ab
2012 1295 2108 1337 ex-

534 1364 870 1434 spectatione
899 1380 999 1420 sua
1033 1385 1046 1420 :
1077 1381 1142 1420 ac
1172 1382 1388 1422 rursum
1413 1383 1570 1439 opem
1597 1360 1838 1440 postulat
1862 1369 1930 1424 ad
1959 1369 2107 1426 salu-

535 1463 665 1511 tem.
698 1486 768 1496 --
809 1457 972 1516 Vsus.
1006 1458 1110 1512 117
1131 1459 1300 1514 -120.
1329 1459 1538 1529 Adjuoa
1571 1447 1670 1526 me,
1700 1471 1749 1516 et
1785 1462 1962 1517 salvus
1991 1479 2102 1526 ero,

532 1554 583 1599 et
614 1546 906 1603 meditabor
929 1550 981 1602 in
1007 1549 1483 1619 justiﬁcationibus
1513 1553 1617 1606 tuis
1649 1569 1868 1622 semper.
1903 1553 2106 1622 Sprevi-

531 1641 605 1694 sti
660 1657 838 1696 omnes
887 1643 1266 1697 discedentesa
1305 1644 1526 1712 judiciis
1567 1646 1694 1709 tuis,
1725 1647 1852 1715 quia
1905 1646 2104 1715 injusta

533 1733 782 1802 cogitatio
825 1750 1027 1789 eorum.
1061 1733 1476 1790 Prwvaricantes
1507 1737 1742 1805 reputavi
1779 1753 1955 1792 omnes
1985 1754 2104 1807 pec-

2208 567 2395 620 πησα.
2426 553 2650 620 Βοηθός
2675 569 2793 622 μου
2822 553 2919 607 καὶ
2945 551 3322 618 ἁντιλήπτωρ
3339 566 3460 619 μου
3489 546 3550 603 εἴ
3575 549 3686 613 σὺ,
3708 549 3797 614 εις

2205 643 2349 710 τοὺς
2369 646 2590 713 λόγους
2621 659 2736 700 σου
2756 644 3088 710 ὲπήλπισα.
3114 643 3461 696 Ἐκκλίνατε
3489 640 3596 695 ἀπ’
3622 635 3794 708 ἐμοῦ,

2207 736 2688 806 πονηρευόμενοι,
2714 738 2810 790 καὶ
2841 733 3217 805 ἐξερευνήσω
3247 733 3351 798 τὰς
3385 731 3650 795 ἐντολὰς
3688 729 3795 782 τοῦ

2211 829 2358 883 Θεοῦ
2383 846 2521 898 μου.
2541 827 2874 883 Ἀντιλαϐοὗ
2895 845 3015 898 μου
3045 826 3194 880 κατὰ
3229 825 3293 878 τὸ
3320 825 3494 889 ἔλεός
3530 837 3655 874 σου
3695 819 3794 873 καὶ

2207 918 2392 988 ζῆσόν
2417 936 2513 989 με,
2543 918 2643 972 καὶ
2661 918 2746 988 μὴ
2776 918 3186 990 καταισχύνῃς
3210 932 3286 984 με
3309 912 3429 968 ἀπὸ
3463 911 3577 981 τῆς
3604 925 3796 978 προσ-

2206 1009 2412 1076 δοκίας
2449 1026 2590 1078 μου.
2645 1007 2849 1072 Εἰπὼν,
2881 1007 3223 1061 Ἐκκλίνατε
3256 1005 3356 1060 ἀπ’
3388 1002 3534 1073 ἐμοῦ
3555 1040 3574 1066 ,
3612 1017 3797 1066 πονη-

2199 1104 2529 1172 ρευόμενοι,
2562 1100 2869 1164 ἀκολούθως
2895 1099 2985 1154 τὸν
3015 1098 3146 1152 Θεὸν
3173 1099 3268 1151 καὶ
3299 1099 3378 1160 εἰς
3408 1094 3568 1149 τοῦτο
3599 1095 3794 1146 ἐπικαρ-

2205 1194 2396 1258 λεῖται,
2431 1193 2506 1258 ὡς
2541 1193 2607 1249 ἂν
2635 1196 2700 1264 τῇ
2725 1191 2889 1247 αὐτοῦ
2913 1191 3138 1262 δυνάμει
3171 1187 3492 1243 ἅπελαθεῖεν
3526 1184 3636 1254 τῆς
3663 1184 3795 1236 ἐαυ-

2203 1287 2297 1341 τοῦ
2325 1287 2500 1358 ψυχῆς
2527 1287 2576 1340 οἱ
2598 1285 3033 1358 πονηρευόμενοι,
3059 1281 3250 1353 σχολῆς
3274 1296 3333 1334 τε
3362 1275 3539 1348 τυχὼν
3569 1276 3677 1344 τῆς
3695 1290 3794 1328 κα-

2203 1378 2272 1431 τὰ
2303 1379 2433 1432 Θεὸν
2463 1378 2608 1448 ζωῆς
2635 1394 2694 1430 τε
2720 1377 2813 1430 καὶ
2846 1375 3118 1447 σωτηρίας
3139 1373 3316 1442 τύχοι,
3349 1369 3445 1424 καὶ
3471 1369 3544 1441 μὴ
3577 1365 3793 1421 dtu-torsi-

2205 1485 2288 1522 σοι
2313 1470 2412 1540 τῆς
2439 1468 2630 1523 ἑαυτοῦ
2661 1467 3012 1540 προσδοκίας·
3046 1466 3140 1519 καὶ
3172 1463 3333 1516 πάλιν
3361 1461 3502 1527 ἀξιοῖ
3531 1457 3793 1528 βοηθείας

2202 1561 2382 1629 τυχεῖν
2405 1561 2484 1623 εις
2515 1559 2575 1613 τὸ
2602 1559 2949 1629 διασωθῆναι.
2968 1555 3288 1627 Βοήθησόν
3310 1569 3432 1622 μοι,
3464 1549 3565 1603 καὶ
3602 1547 3791 1611 σωθὴσ

2203 1665 2404 1719 σομαιν
2432 1651 2529 1704 καὶ
2553 1649 2863 1720 μελετήσω
2898 1649 2969 1704 ἐν
3000 1647 3124 1713 τοῖς
3146 1642 3497 1714 δικαιώμασί
3520 1654 3648 1694 σου
3672 1636 3793 1690 δια-

2203 1741 2446 1805 παντός.
2467 1738 2904 1806 Ὲξουδένωσας
2937 1737 3167 1804 πάντας
3201 1735 3341 1800 τοὺς
3369 1727 3792 1787 ἀπωτατοῦνο

532 1833 735 1878 calores
775 1834 949 1887 terra,
985 1825 1100 1881 ideo
1149 1826 1314 1881 dilexi
1378 1829 1674 1883 testimonia
1738 1837 1848 1881 tua.
1886 1805 2095 1900 Conﬁge

2201 1845 2307 1896 τας
2340 1830 2456 1884 ἀπὸ
2481 1828 2599 1883 τῶν
2626 1828 3028 1900 δικαιωμάτων
3051 1843 3189 1891 σου,
3219 1825 3309 1879 ὅτι
3346 1824 3557 1878 ἄδικον
3586 1823 3657 1875 τὸ
3685 1821 3794 1874 ἐν.

533 1915 717 1968 timore
765 1925 853 1969 tuo
906 1933 1088 1972 carnes
1146 1933 1310 1987 meas,
1364 1935 1397 1972 a
1430 1919 1652 1989 judiciis
1693 1920 1833 1974 enim
1876 1920 1980 1975 tuis
2033 1921 2097 1975 ti-

531 2021 662 2060 mut.

2201 1923 2439 1991 θύμημα
2462 1921 2678 1976 αὐτῶν.
2713 1922 3195 1989 Παραϐαινοντας
3221 1916 3598 1988 ἐλογισάμην
3629 1912 3786 1966 πάν-

2199 2028 2306 2078 τας
2353 2011 2493 2078 τοὺς
2540 2011 2924 2082 ἁμαρτωλοὺς
2973 2008 3084 2078 τῆς
3115 2009 3247 2079 γῆς,
3286 2007 3384 2061 διὰ
3419 2006 3602 2060 τοῦτο

529 2111 696 2164 πησα
721 2096 791 2151 τὰ
807 2097 1096 2168 μαρτύριά
1125 2115 1261 2153 σου.
1288 2100 1656 2170 Καθήλωσον
1678 2075 1748 2156 sic
1775 2102 1882 2158 τοῦ
1907 2105 2096 2173 φόϐου
2131 2119 2248 2160 σου
2281 2075 2382 2172 τὰς
2415 2075 2789 2174 σαρκαςνμου
2805 2120 2820 2134 °
2844 2075 2962 2158 ἀειὸ
3122 2075 3265 2156 ’τῶν
3317 2100 3623 2171 χριμάτων
3663 2113 3784 2152 σου

527 2191 845 2260 ἐφοϐήθην-

603 2283 768 2342 Veus.
801 2285 923 2338 121.
953 2282 1078 2339 Feci
1108 2283 1371 2354 judicium
1395 2296 1443 2339 et
1457 2287 1752 2354 justitiam,
1779 2303 1883 2342 non
1911 2288 2093 2343 tradas

528 2394 609 2431 me
637 2377 889 2447 injuriam
915 2376 1256 2446 inferentibus
1288 2377 1436 2432 mihi.
1465 2377 1569 2443 Qui
1616 2379 1670 2432 in
1701 2379 1970 2451 principio
2018 2383 2096 2436 in-

527 2471 750 2526 stitutus
781 2467 976 2532 fuerat,
1021 2476 1082 2522 ut
1111 2469 1222 2538 jam
1270 2469 1502 2523 multum
1536 2470 1834 2540 prolectus,
1872 2487 1936 2528 ac
1976 2489 2093 2528 ma-

526 2575 630 2630 gna
662 2566 939 2630 operatus,
986 2567 1142 2631 rogat
1198 2574 1267 2615 ne
1314 2575 1345 2614 a
1400 2560 1645 2630 profectu
1703 2579 1802 2618 suo
1851 2565 2084 2622 excidat.

527 2650 731 2706 Deinde
761 2651 1117 2706 considerans
1154 2650 1419 2720 plurimos
1458 2667 1580 2706 esse
1603 2654 1694 2722 qui
1735 2655 1920 2723 probis
1949 2656 2089 2710 invi-

526 2741 710 2805 deant,
747 2756 872 2796 cum
914 2741 1054 2795 nihil
1099 2742 1222 2795 mali
1263 2742 1330 2797 de
1359 2743 1493 2812 ipsis
1524 2743 1810 2799 dicendum
1839 2745 2094 2810 habeant,

522 2834 934 2905 calumniasque
964 2843 1145 2889 tamen
1193 2844 1440 2902 struant;
1469 2837 1720 2892 obsecrat
1752 2847 1804 2892 et
1851 2850 2003 2910 rogat
2028 2843 2096 2896 ab

523 2925 594 2982 iis
624 2927 870 2982 liberari.
911 2925 1018 2981 Pro
1058 2925 1152 2980 illo
1193 2933 1374 2980 autem
1411 2943 1425 2978 :
1458 2926 1712 2995 iniuriam
1754 2928 2094 2997 inferentibus

524 3017 674 3083 milii,
722 3019 919 3089 Aquila
950 3036 963 3072 :
999 3015 1081 3072 Ne
1112 3016 1353 3071 dimittas
1394 3033 1472 3071 me
1508 3019 1954 3074 calumniantibus
1987 3038 2087 3087 me,

523 3107 714 3162 edidit.

596 3198 760 3254 Vnus.
803 3198 927 3253 122.
969 3197 1092 3254 Feci
1123 3199 1392 3268 judicium
1431 3209 1478 3252 et
1499 3199 1788 3268 justitiam,
1829 3215 1932 3255 non
1977 3213 2090 3256 tra-
2115 3172 2158 3230 α

522 3293 620 3347 das
655 3309 735 3346 me
766 3291 1022 3362 injuriam
1043 3290 1384 3356 inferentibus
1421 3291 1568 3344 mihi.
1623 3289 1837 3358 Suscipe
1880 3309 2089 3347 servum

521 3392 669 3436 tuum
696 3383 750 3435 in
785 3380 999 3444 bonum,
1037 3397 1140 3434 non
1177 3381 1571 3434 calumnientur
1599 3397 1677 3435 me
1725 3382 1952 3449 superbi.
1986 3383 2089 3450 Qui

521 3470 900 3542 paenitentiam
936 3463 1065 3541 egit,
1101 3485 1133 3522 a
1169 3470 1492 3526 vexantibus
1531 3485 1590 3528 se
1618 3481 1830 3536 erutus,
1867 3483 2030 3544 atque
2059 3491 2091 3529 a

521 3560 832 3632 captivitate
865 3559 1179 3630 redemptus
1207 3560 1282 3614 ait
1323 3575 1336 3610 :
1371 3558 1589 3630 Suscipe
1625 3579 1831 3616 servum
1861 3571 2005 3618 tuum
2035 3567 2090 3620 in

521 3653 751 3714 bonum;
778 3651 832 3704 bi
868 3665 1103 3720 namque
1138 3664 1225 3704 me
1255 3649 1309 3703 in
1337 3649 1538 3703 malum
1573 3661 1944 3720 susceperant.
1973 3653 2090 3708 Nisi

519 3746 666 3800 enim
704 3758 792 3798 me
817 3757 1034 3798 servum
1070 3749 1220 3794 tuum
1249 3740 1488 3795 inimicis
1516 3741 1798 3796 subactum
1834 3757 2090 3814 suscepe-

521 3837 637 3903 ris;
687 3834 742 3890 bi
791 3832 1035 3904 superbi,
1075 3832 1328 3889 videlicet
1390 3833 1718 3890 adversariae
1766 3841 2086 3904 potestates,

518 3946 606 3987 me
631 3929 1041 3985 calumniaturae
1065 3933 1213 3981 sunt.
1238 3924 1520 3991 Quomodo
1541 3934 1721 3981 autem
1751 3927 2090 3984 calumnian-

519 4023 647 4078 tur?
678 4022 812 4092 lpsae
835 4036 921 4075 me
950 4019 1255 4074 incitarunt
1283 4017 1525 4088 mihique
1559 4025 1851 4075 suaserunt
1873 4026 1934 4072 ut
1963 4035 2088 4089 pec.

517 4124 673 4170 cator
703 4113 987 4171 evaderem
1019 4131 1033 4167 :
1063 4127 1127 4166 ac
1160 4112 1292 4182 ipsa
1318 4111 1430 4180 jam
1475 4125 1560 4164 me
1604 4117 1886 4174 accusant,
1918 4117 2087 4166 totam

521 4206 725 4277 peccati
759 4220 983 4262 causam
1017 4204 1072 4258 in
1114 4218 1202 4258 me
1235 4201 1598 4258 conferentes.
1631 4200 1953 4258 Necessario
1999 4219 2089 4258 ro-

519 4309 610 4369 gat
659 4297 829 4354 Deum
884 4306 942 4352 ut
990 4306 1274 4368 susceptor
1309 4296 1483 4366 ipsius
1513 4296 1605 4362 sit,
1633 4295 2086 4366 quemadmodum

519 4399 573 4446 et
601 4405 864 4460 sponsor;
912 4398 970 4445 ut
1008 4390 1126 4460 ipse
1167 4395 1359 4445 custos
1394 4388 1564 4457 ipsius
1595 4386 1882 4452 elﬁciatur,
1923 4403 2088 4458 spon-

2271 2285 2559 2351 Ἐποιησα
2594 2283 2771 2352 κρίμα
2798 2282 2894 2335 καὶ
2929 2280 3346 2349 δικαιοσυνην,
3375 2278 3462 2348 μὴ
3493 2281 3785 2350 παραδῷς

2184 2393 2261 2447 με
2292 2375 2414 2440 τοῖς
2447 2373 2729 2428 ἀδικοῦσί
2753 2389 2850 2442 με.
2869 2372 2925 2424 '0
2953 2371 3094 2436 κατὰ
3124 2370 3218 2442 τὴν
3259 2371 3433 2442 ἀρχὴν
3474 2359 3777 2452 στοιχειοῦ-

2194 2485 2372 2546 μενος,
2397 2467 2472 2530 ὼς
2503 2466 2566 2521 ἂν
2589 2466 2690 2536 ἢδη
2722 2464 3000 2537 προκόψας
3028 2465 3119 2518 ἐπὶ
3149 2465 3302 2528 πολὺ,
3338 2464 3431 2517 καὶ
3453 2457 3534 2517 τι
3551 2467 3776 2535 μεγάλα

2194 2557 2562 2632 κατορθώσας,
2583 2556 2799 2628 εὔχεται
2831 2557 2905 2627 μὴ
2934 2558 3182 2610 ἐκπεσεῖν
3203 2555 3301 2626 τῆς
3325 2556 3613 2628 προκοπῆς.
3629 2554 3774 2610 Εἶτα

2195 2649 2454 2723 συνορῶν,
2481 2650 2562 2702 ὅτι
2597 2652 2707 2712 τοῖς
2731 2648 2913 2710 καλοῖς
2943 2647 3129 2700 πολλοὶ
3155 2647 3522 2718 βασκαίνουσι.
3549 2649 3648 2701 καὶ
3677 2649 3778 2702 λέ-

2191 2759 2310 2812 γειν
2345 2740 2443 2812 μέν
2469 2757 2520 2792 τι
2558 2737 2759 2808 φαῦλον
2791 2738 2916 2810 περὶ
2953 2737 3130 2791 αὐτῶν
3163 2738 3313 2791 οὐδὲν
3344 2737 3580 2810 ἔχουσιν,
3614 2757 3780 2814 περι-

2193 2832 2448 2885 πλέκουσι
2472 2830 2529 2883 δὲ
2556 2830 2937 2899 συκοφαντίας,
2970 2827 3198 2882 ἱκετεύει
3231 2831 3323 2882 καὶ
3353 2830 3525 2883 δέεται
3563 2830 3800 2886 τούτων.

2195 2923 2478 2995 ρυσθῆναι.
2498 2923 2640 2978 Ἀντὶ
2664 2923 2740 2986 δὲ,
2768 2921 2891 2987 τοῖς
2918 2921 3198 2976 ἀδικοῦσί
3218 2939 3316 2991 με,
3335 2922 3562 2986 Ἀκύλας
3583 2923 3781 2989 ἐξέδω-

2195 3033 2284 3070 κεο
2319 3016 2416 3083 Μὴ
2447 3013 2607 3084 ἁφῆς
2629 3032 2706 3084 με
2741 3015 2862 3080 τοῖς
2891 3013 3344 3083 συκοφαντοῦσι
3363 3032 3458 3084 με.

2273 3197 2555 3264 Ἐποίησα
2586 3197 2762 3266 κρίμα
2794 3197 2892 3250 καὶ
2922 3196 3336 3263 δικαιοσύνην,
3374 3197 3458 3266 μὴ
3483 3195 3778 3266 ωραδῷς

2187 3305 2265 3358 με
2290 3288 2411 3354 τοῖς
2439 3289 2718 3343 ἀδικοῦσι
2739 3287 3127 3358 με.Ἔκδεξαι
3155 3287 3261 3341 τὸν
3285 3288 3508 3343 δοῦλόν
3527 3306 3650 3344 σου
3679 3293 3780 3357 εις

2191 3381 2434 3451 ἀγαθὸν,
2463 3379 2548 3449 μὴ
2585 3379 3220 3449 συκοφαντησάτωσὰν
3250 3396 3325 3448 με
3366 3378 3766 3449 ὑπερήφανα.

2203 3469 2262 3522 '0
2300 3471 2631 3541 μετανοήσας
2657 3470 2750 3523 καὶ
2788 3469 2894 3523 ἀπὸ
2922 3470 3029 3523 τῶν
3055 3470 3461 3542 ἐνεργησάντων
3493 3472 3575 3534 εἰς
3602 3471 3772 3524 αὐτὸν

2190 3561 2420 3628 ἐξελθὼν
2451 3564 2544 3617 καὶ
2570 3564 2667 3634 τῆς
2699 3562 3069 3634 αἰχμαλωσίας
3092 3563 3384 3635 λυτρωθείς
3407 3581 3574 3635 φησιν
3593 3581 3605 3590 ·
3638 3566 3772 3617 Ἔκ-

2190 3652 2357 3718 Belial
2379 3655 2483 3708 τὸν
2508 3653 2732 3708 δοῦλόν
2758 3670 2872 3709 σου
2894 3658 2979 3720 εὶς
3005 3655 3228 3724 ἀγαθόν
3247 3672 3260 3684 ·
3297 3648 3440 3708 οὗτοι
3461 3655 3570 3726 γάρ
3599 3673 3665 3727 με
3689 3658 3778 3718 εἰς

2191 3745 2422 3817 πονηρὸν
2451 3744 2773 3810 ἐξεδέξαντο.
2791 3746 2913 3801 Ἐὰν
2947 3745 3052 3817 γὰρ
3085 3746 3160 3817 μὴ
3189 3745 3377 3818 ἐκδὲξῃ
3410 3764 3479 3818 με
3517 3749 3615 3802 τὸν
3652 3748 3778 3802 δοῦ-

2189 3836 2279 3891 λόν
2307 3854 2400 3890 σου
2432 3837 2738 3908 ὑποχείριον
2765 3839 3052 3909 γενόμενον
3074 3841 3184 3902 τοῖς
3221 3839 3517 3908 πολεμίοις,
3551 3835 3694 3894 οὗτοι
3720 3844 3772 3894 οι

2189 3927 2546 4001 ὑπερήφανοι,
2576 3931 2630 3983 αἱ
2673 3931 3038 4002 ἀντικείμεναι
3079 3931 3354 4003 δυνάμεις,
3389 3933 3640 4003 μέλλουσί
3691 3952 3770 4006 με

2191 4024 2562 4090 συκοφαντεῖν.
2596 4022 2720 4086 Πῶς
2756 4023 2812 4076 δὲ
2846 4024 3300 4093 συκοφαντοῦσινς
3332 4021 3502 4101 Aiace:
3531 4028 3778 4101 ἐνήργη-

2191 4130 2289 4168 σαν
2329 4115 2422 4167 καὶ
2466 4113 2686 4168 ἔπεισαν
2722 4116 2788 4169 ἵν’
2820 4115 3139 4188 ἁμαρτωλὸς
3164 4117 3410 4188 γένωμαι
3430 4093 3452 4149 3
3473 4120 3572 4173 καὶ
3605 4093 3780 4174 ἆῦἓιαὶι

2192 4222 2283 4275 μοι
2315 4207 2608 4278 κατήγοροι
2627 4209 3018 4278 γίνονται,ὅλην
3045 4207 3142 4279 τὴν
3171 4209 3352 4263 αἰτίαν
3380 4210 3488 4264 τῶν
3510 4213 3787 4283 ἁμαρτηο

2191 4296 2377 4368 μάτων
2419 4298 2499 4360 εἰς
2543 4297 2640 4368 ἐμὲ
2684 4298 3422 4369 ἁναφέρουσαι.Ἀναγκαίως
3455 4305 3786 4374 παρακαλεῖ

2187 4389 2277 4444 τὸν
2306 4387 2437 4442 Θεὸν
2461 4388 2717 4459 ἀνάδοχον
2747 4389 2910 4443 αὑτοῦ
2931 4391 3202 4458 γενέσθαι,
3229 4393 3414 4466 ὥσπερ
3438 4395 3532 4446 καὶ
3562 4395 3784 4465 ἐγγυη-

521 4482 729 4537 sionem
763 4497 989 4537 servans
1018 4496 1083 4536 ac
1123 4479 1462 4542 custodiens,
1493 4484 1552 4531 ut
1583 4493 1651 4532 ne
1680 4477 1960 4531 minimam
1997 4492 2088 4531 an-

2199 4481 2314 4551 ιήν’
2352 4480 2416 4533 ἵν’
2445 4480 2605 4544 αὐτὸς
2649 4479 2819 4549 φύλαξ
2861 4480 3023 4533 αὐτοῦ
3071 4472 3316 4554 γένηται,
3353 4483 3535 4554 τηρῶν
3591 4485 3785 4554 ἐαυτῷ

520 4589 636 4632 sam
661 4574 895 4645 praebeat
924 4573 1311 4630 insidiantibus
1345 4571 1447 4627 sibi
1470 4567 1978 4625 calumniatoribus.

592 4753 756 4808 Vsus.
791 4750 1068 4805 125-126.
1115 4749 1269 4806 Oculi
1307 4750 1407 4803 mei
1446 4747 1744 4817 defecerunt
1771 4751 1824 4802 in
1850 4749 2086 4804 salutare

522 4860 689 4914 tuum,
726 4857 776 4901 et
813 4848 868 4899 in
912 4844 1172 4912 eloquium
1195 4842 1425 4912 justitite
1461 4850 1582 4898 tuos.
1624 4840 1739 4896 Fac
1779 4859 1900 4895 cum
1941 4859 2087 4897 servo

523 4952 610 4996 tuo
643 4938 928 4995 secundum
955 4935 1374 4991 misericordiam
1409 4945 1575 5002 tuam,
1603 4943 1654 4989 et
1676 4933 2084 5003 justifieationes

524 5045 642 5088 tuas
684 5033 811 5088 doce
847 5047 946 5086 me.
979 5028 1169 5086 Servus
1202 5037 1320 5083 tuus
1353 5045 1469 5082 sum
1501 5045 1593 5098 ego
1625 5042 1642 5079 :
1677 5025 1746 5080 da
1772 5027 1898 5079 mihi
1932 5026 2086 5079 intel-

525 5128 711 5179 lectum
736 5164 752 5189 ,
807 5134 856 5178 et
889 5124 1056 5178 sciam
1099 5120 1398 5174 testimonia
1449 5130 1560 5173 tua.
1605 5116 1825 5187 Tempus
1856 5116 2084 5185 faciendi

522 5219 772 5282 Domino,
788 5217 1167 5285 dissipaverunt
1190 5213 1348 5283 legem
1374 5222 1539 5266 tuam.
1564 5210 1793 5266 Sursum
1814 5210 2084 5281 aspiciens

523 5309 591 5364 ad
642 5309 877 5365 salutare
905 5318 1058 5365 tuum
1090 5313 1144 5361 et
1174 5305 1396 5360 verbum
1429 5311 1604 5369 tuum,
1651 5309 1839 5366 totam,
1885 5301 2081 5370 inquit,

523 5418 673 5473 spem
703 5417 879 5456 meam
929 5400 1057 5455 hinc
1088 5396 1324 5469 pendere
1367 5393 1491 5460 ieci,
1521 5395 1639 5451 erui
1679 5409 1765 5449 me
1803 5393 2083 5464 postulans

522 5496 590 5550 ab
618 5493 981 5551 invidentibus
1011 5489 1170 5548 saluti
1208 5502 1360 5544 mete.

593 5686 758 5741 Vsus.
795 5685 919 5739 127.
961 5683 1086 5737 Ideo
1116 5681 1276 5735 dilexi
1307 5676 1556 5733 mandata
1586 5684 1676 5728 tua
1703 5691 1856 5744 super
1889 5691 2080 5728 aurum

520 5787 574 5834 et
601 5779 863 5847 topazicn.
897 5775 1008 5847 Ego
1040 5773 1258 5846 quidem
1287 5769 1389 5828 ieci
1416 5768 1680 5842 judicium
1711 5775 1764 5823 et
1780 5767 2073 5838 justitiam,

2191 4569 2286 4624 καὶ
2331 4569 2609 4638 φυλάττων
2636 4569 2732 4640 τὴν
2759 4568 2981 4641 ἐγγύην,
3017 4571 3154 4642 πρὸς
3194 4571 3257 4624 τὸ
3296 4572 3570 4644 μηδεμίαν
3596 4573 3784 4648 λαεὴν

2186 4664 2486 4733 παρασχεῖν
2515 4665 2625 4725 τοῖς
2661 4661 3037 4732 ἐφεδρεύουσιν
3070 4662 3219 4743 αὐτῷ
3247 4665 3640 4733 συκοφάνταις.

2259 4756 2322 4807 Ol
2355 4755 2648 4824 ὀφθαλμοί
2663 4772 2782 4822 μου
2805 4753 3084 4818 ἐξέλιπον
3099 4758 3185 4822 εἰς
3211 4756 3278 4809 τὸ
3301 4756 3606 4823 σωτήριόν
3625 4770 3781 4819 σου,

2184 4845 2281 4898 καὶ
2319 4849 2404 4911 εὶς
2441 4844 2506 4898 τὸ
2534 4848 2742 4916 λόγιον
2777 4845 2886 4914 τῆς
2910 4845 3295 4913 δικαιοσύνης
3315 4861 3454 4900 σου.
3492 4849 3786 4913 Ποίησον

2179 4938 2329 5006 μετὰ
2354 4937 2462 4991 τοῦ
2495 4937 2718 4992 δούλου
2747 4951 2863 4992 σου
2891 4937 3038 4992 κατὰ
3071 4936 3138 4989 τὸ
3171 4937 3345 5002 ἔλεός
3377 4954 3514 5003 σου,
3557 4940 3656 4991 καὶ
3699 4940 3784 4994 τὰ

2184 5027 2540 5098 δικαιώματά
2564 5045 2679 5084 σου
2706 5027 2952 5094 δίδαξον
2965 5045 3060 5098 με.
3080 5028 3306 5094 Δοῦλος
3331 5045 3448 5083 σου
3472 5031 3595 5098 εἰμὶ
3623 5031 3779 5102 ἐγὼ,

2184 5121 2510 5175 συνέτισόν
2551 5137 2648 5190 με,
2679 5121 2775 5174 καὶ
2814 5119 3112 5189 γνώσομαι
3163 5119 3234 5174 τὰ
3277 5122 3573 5190 μαρτύριό
3617 5140 3777 5180 σου.

2183 5213 2398 5281 Καιρὸς
2428 5213 2534 5268 τοῦ
2565 5213 2810 5281 ποιῆσαι
2855 5211 2935 5278 τῷ
2971 5213 3183 5282 Κυρίῳ,
3215 5213 3620 5268 διεσκέδασαν
3649 5217 3780 5269 τόν

2183 5307 2368 5374 νόμον
2390 5307 2683 5360 σου.⁸⁹Δνω
2704 5303 2912 5374 βλέπων
2937 5305 3033 5358 ἐπὶ
3063 5304 3122 5358 τὸ
3153 5306 3413 5378 σωτήριόν
3436 5323 3528 5360 σου
3547 5307 3644 5361 καὶ
3668 5310 3777 5363 τὸν

2183 5395 2338 5465 λόγον
2373 5414 2486 5462 σου,
2525 5399 2722 5461 πάσας,
2757 5397 2945 5468 φησιν,
2980 5397 3259 5470 ἁνήρτησα
3303 5399 3396 5452 ἐπὶ
3439 5399 3617 5455 ταῦτα
3657 5401 3776 5466 τὰς

2184 5490 2420 5560 ἐμαυτοῦ
2452 5490 2688 5552 ἐλπίδας,
2717 5489 2976 5559 ῥυσθῆναι
2999 5484 3376 5561 δεόμενοξάπὸ
3392 5491 3499 5544 τῶν
3527 5491 3774 5563 suaso.

2184 5580 2417 5636 νούντων
2452 5599 2550 5651 μου
2578 5584 2644 5651 τῇ
2680 5582 2938 5652 σωτηρίᾳ.

2253 5672 2356 5726 Διὰ
2380 5669 2551 5724 τοῦτο
2578 5668 2865 5739 ἠγάπησα
2899 5669 3002 5736 τὰς
3026 5668 3275 5736 ἐντολάς
3295 5685 3410 5723 σου
3431 5669 3588 5738 ὑπὲρ
3615 5687 3772 5740 me

2183 5767 2322 5821 σίον
2351 5765 2448 5821 καὶ
2487 5762 2775 5825 τοπάζιον.
2796 5762 2935 5834 Ἐγὼ
2965 5763 3063 5838 μὲν
3085 5764 3314 5836 ἐποίησα
3347 5763 3519 5837 κρίμα
3552 5765 3650 5820 καὶ
3679 5763 3771 5821 δι-
