3994 6424
238 413 378 470 1535

1337 395 1838 458 COMMENTARIA
1876 395 1940 454 IN
1977 392 2310 451 PSALMOS.

3356 388 3488 449 {386

237 527 553 600 διαιοσύνην,
585 526 678 581 καὶ
715 526 796 579 σοὶ
835 524 892 578 δὲ
919 522 998 593 τῷ
1025 520 1145 592 Θεῷ
1183 521 1336 574 ἔσται
1375 519 1504 573 ποτὲ
1532 519 1628 573 τοῦ
1669 517 1824 586 ποιῆ-

1927 521 2092 584 atque
2132 513 2246 577 tibi,
2282 498 2446 574 Deus,
2483 509 2697 581 tempus
2745 506 3040 578 aliquando
3073 505 3245 563 aderit
3294 523 3356 563 ea
3411 507 3493 562 fac

236 638 329 673 σαι
363 619 576 690 καιρὸς,
603 617 843 687 δηλονότι
891 617 1063 684 κρῖμα
1109 614 1202 665 καὶ
1232 611 1574 681 δικαιοσύνην
1594 610 1684 664 διὰ
1711 608 1819 664 τῶν

237 710 762 766 κατασκεδασάντων
793 707 885 759 τὸν
915 695 1078 776 νόμον
1106 702 1399 756 σου.Τοῦτο
1416 699 1689 780 οῦνῡείδὼς
1709 696 1820 768 ἐγὼ

238 805 335 859 καὶ
360 801 761 872 φυλαττόμενος
794 797 1110 868 περιπεσεῖν
1141 793 1220 863 τῷ
1243 794 1418 866 καιρῷ
1450 795 1662 864 ἐκείνῳ,
1677 793 1818 862 ὴγάω

238 909 394 964 πησα
435 892 532 956 τὰς
579 888 797 952 ἐντολάς
830 905 922 940 σου
957 884 1097 955 ὑπὲρ
1133 883 1312 937 πάντα
1358 883 1487 954 παρ’
1518 881 1821 953 ἀνθρώποις

238 984 397 1053 τίμια
425 981 810 1052 νενομισμένα.

311 1096 418 1148 Διὰ
447 1095 621 1148 τοῦτο
658 1094 806 1162 πρὸς
855 1092 1057 1160 πάσας
1099 1094 1206 1161 τὰς
1239 1087 1488 1155 ἐντολάς
1535 1102 1653 1142 σου
1681 1101 1820 1140 κατ⁴

239 1185 576 1252 (φθούμην,
622 1183 830 1236 πᾶσαν
879 1181 1025 1236 ὀδόν
1061 1179 1270 1237 ἄδικον
1300 1181 1589 1250 ἐμίσησα.
1635 1177 1700 1229 Ἦ
1734 1177 1822 1229 ἀν·

241 1274 494 1345 θρωπίνη
531 1273 678 1344 ψυχὴ
709 1274 1156 1344 σνμπληρώσασα
1182 1271 1272 1325 τὸν
1309 1272 1486 1339 λόγον,
1519 1269 1735 1330 πάντως
1763 1267 1822 1320 ὲν

241 1364 418 1435 κακίᾳ
465 1365 694 1432 γίνεται.
739 1363 1024 1418 Ἀδύνατον
1069 1363 1176 1434 γὰρ
1223 1363 1336 1434 ἅμα
1370 1360 1448 1430 τῷ
1495 1358 1824 1428 συμπληρω-

242 1455 407 1524 θῆναι
441 1453 530 1509 τὸν
576 1453 739 1526 νόμον
770 1455 859 1507 τὸν
889 1453 1114 1523 φυσικὸν
1152 1454 1210 1505 ἐν
1248 1451 1552 1522 ἀνθρώποις
1587 1448 1660 1519 μὴ
1700 1449 1824 1501 ὑπο-

245 1546 444 1616 στῆναι
489 1547 585 1617 τὴν
637 1544 924 1615 ἁμαρτίαν.
981 1545 1149 1597 Ἐπὰν
1189 1539 1280 1597 οὖν
1308 1544 1533 1612 γένηται
1582 1542 1614 1611 ἡ
1659 1537 1824 1592 κακία

242 1639 347 1693 καὶ
377 1639 686 1709 στρεϐλωθῇ
729 1640 764 1708 ἡ
800 1637 968 1707 ψυχὴ,
1014 1637 1182 1689 δεῖται
1233 1632 1642 1706 κατορθώσεως.
1691 1628 1825 1709 Τίνα

242 1725 343 1782 οὖν
374 1703 488 1782 ἐστι
529 1728 601 1781 τὰ
631 1703 1031 1798 κατορθοῦντω
1067 1726 1179 1780 Μία
1211 1703 1398 1795 ὲντολη
1444 1723 1664 1777 δύναταί
1705 1703 1824 1786 «tu;

243 1821 350 1901 τῂν
383 1819 647 1890 στρέϐλαν
697 1819 796 1910 ⁴ἰῆς
837 1815 1037 1887 ψυχῆς,
1088 1817 1186 1887 τὴν
1232 1815 1528 1886 γενομένην
1580 1813 1689 1866 ἀπὸ
1734 1830 1828 1866 κα·
1858 1858 1900 1913 Β

244 1893 398 1971 κίας,
443 1893 788 1962 κατευθῦναι.
837 1905 911 1960 Τὸ
963 1906 1144 1976 μέντοι
1194 1906 1379 1977 ἄκρως
1417 1903 1826 1976 κατορθωθῆναι

243 1997 348 2068 τὴν
384 1997 560 2068 ψυχὴν
595 1995 828 2051 ἐνταῦθα
855 1995 1132 2067 ἀμήχανόν
1157 1997 1272 2048 ἐστι
1295 1995 1462 2064 χωρὶς
1505 1993 1694 2046 πασῶν
1719 1993 1828 2046 τῶν

244 2085 500 2140 ἐντολῶν.
546 2087 608 2140 Ei
648 2085 827 2156 μέντοι
870 2102 933 2154 γε
985 2085 1172 2137 σκολιὰ
1199 2081 1544 2154 ,παραληφθῇ
1587 2085 1620 2153 ἠ
1657 2081 1824 2152 ψυχὴ,

243 2181 433 2234 οὐκέτι
464 2180 702 2242 ἐντολαῖς
727 2177 1220 2250 κατορθωθήσεται,
1239 2175 1373 2230 ἀλλὰ
1405 2177 1539 2247 πυρὶ
1567 2176 1601 2246 ἢ
1627 2177 1823 2246 σκότῳ,

241 2273 279 2344 ἢ
317 2271 619 2342 διχοτομία,
647 2272 681 2342 ἢ
707 2284 813 2325 τινι
843 2268 950 2322 τῶν
988 2267 1450 2339 σκυθρωποτέρων
1482 2264 1826 2338 προσαγομέ-

243 2383 355 2419 νων
385 2365 490 2417 ὑπὸ
518 2362 674 2417 Θεοῦ.
723 2363 845 2415 Ἐὰν
877 2362 1055 2415 τοίνυν
1091 2361 1164 2431 μὴ
1189 2362 1501 2431 ποιήσωμεν
1527 2358 1706 2422 πασας
1728 2358 1828 2422 τὰς

243 2454 488 2518 ἐντολὰς,
509 2454 570 2508 οὐ
596 2451 1026 2524 κατορθούμεθα.
1057 2451 1221 2504 Ὅθεν
1248 2449 1563 2519 θαυμασίως
1584 2450 1822 2520 εῐρηταιο

242 2547 352 2600 Διὰ
392 2545 570 2599 τοῦτο
599 2544 746 2612 πρὸς
790 2542 991 2607 πάσας
1035 2542 1142 2608 τὰς
1169 2540 1422 2606 ἐντολάς
1461 2554 1578 2593 σου
1608 2557 1826 2607 κατωρ-

243 2638 522 2706 οούμεθα,
561 2634 768 2692 πᾶσαν
790 2632 935 2688 ὁδὸν
959 2633 1167 2686 ἄδικον
1187 2631 1584 2702 ἐμισήσαμεν.
1613 2630 1685 2683 Οὐ
1720 2629 1826 2701 γὰρ

242 2729 328 2781 ἔτι
361 2726 778 2799 περισπώμενος
809 2725 918 2778 ὑπὸ·
955 2725 1054 2795 τῆς
1083 2725 1164 2786 είς
1194 2723 1254 2776 τὸ
1279 2722 1481 2775 ἀδικεῖν
1509 2719 1822 2789 ἐπιθυμίας,

246 2819 518 2889 ἀπέχεται
562 2819 660 2890 τῆς
702 2818 933 2882 ἀδικίας,
985 2815 1098 2869 ἀλλ’
1136 2814 1398 2882 ἀπέχεται
1458 2812 1692 2882 μισήσας
1731 2809 1827 2880 τὴν

245 2910 465 2967 ἀδικίαν
515 2912 546 2965 ό
594 2908 956 2980 κατορθωθεὶς
1001 2907 1138 2978 πρὸς
1187 2905 1368 2967 πάσας
1407 2902 1508 2965 τὰς
1543 2901 1638 2955 τοῦ
1691 2901 1825 2954 Θεοῦ

246 3002 497 3064 ὲντολάς.

321 3112 645 3182 Θαυμαστὰ
679 3109 750 3164 τὰ
771 3107 1062 3181 μαρτύριά
1085 3123 1221 3174 σου,
1256 3107 1352 3162 διὰ
1382 3106 1557 3162 τοῦτο
1594 3104 1828 3174 ἐξερεύ-

239 3220 441 3272 νησεν
474 3202 629 3257 αὐτὰ
667 3203 704 3270 ἡ
737 3199 906 3270 ψυχή
944 3218 1079 3270 μου.
1115 3200 1178 3256 Ἠ
1199 3199 1462 3266 δήλωσις
1493 3195 1611 3250 τῶν
1633 3195 1828 3266 λόγων

241 3309 366 3348 σου
414 3291 764 3362 φωτιεῖ,.καὶ
790 3291 1058 3345 συνετιεῐ
1077 3291 1348 3358 νηπίους.
1385 3289 1452 3344 Τὸ
1481 3286 1676 3358 στόμα
1706 3304 1826 3356 μου

241 3384 464 3452 ἦνοιξα
499 3384 602 3438 ’καὶ
649 3383 909 3438 εἵλκυσα
957 3381 1230 3450 πνεῦμα,
1276 3380 1366 3434 ὅτι
1416 3380 1522 3446 τὰς
1574 3375 1827 3442 ἐντολάς

242 3491 368 3531 σου
409 3473 763 3530 ἐπεπόθουν.
808 3471 872 3525 Ἡ
907 3470 1096 3542 πρώτη
1130 3469 1332 3539 γνῶσις
1370 3466 1466 3522 καὶ
1505 3469 1539 3538 ἡ
1583 3469 1641 3520 ὲν
1679 3467 1824 3536 ἀρχῇ

244 3563 654 3637 παραδιδομένη
690 3559 1004 3616 διδασκαλία
1048 3559 1155 3612 τῶν
1187 3556 1360 3627 λόγων
1391 3572 1484 3609 σου
1516 3556 1708 3624 φωτιεῖ
1735 3553 1828 3607 καὶ

210 3657 488 3710 ,συνετιεϊ
530 3653 776 3725 νηπίους.
826 3650 905 3705 Τὰ
953 3648 1010 3704 δὲ
1054 3645 1329 3721 μαρτύριά
1377 3663 1473 3700 σου
1509 3643 1821 3713 θαυμαστὰ,

244 3749 345 3802 καὶ
405 3745 720 3816 ἐκπλήξεως
782 3744 984 3814 πλήρη.
1051 3741 1290 3803 Εἰκότως
1343 3740 1403 3792 τὸ
1472 3738 1676 3808 δοχεῖον
1727 3732 1826 3806 τῆς

244 3837 492 3906 ἐμαυτοῦ
542 3836 720 3906 ψυχῆς
762 3833 1129 3897 ἀναπετάσας,
1182 3832 1277 3884 καὶ
1329 3829 1517 3902 ὥσπερ
1540 3831 1600 3883 τὸ
1655 3831 1828 3901 στόμα

243 3930 502 3994 ἀνοίξας,
552 3927 612 3982 τδ
665 3926 814 3998 παρὰ
874 3923 967 3978 σοῦ
1022 3924 1162 3978 θεῖον
1211 3921 1434 3992 Πνεῦμα
1486 3922 1828 3993 ὑπεδεχόμην

245 4021 546 4084 πιστεύσας
580 4018 881 4090 ἐπαγγελίᾳ
920 4015 1182 4086 λεγούσῃ·
1235 4014 1514 4077 Ἀνοιξον
1542 4015 1604 4067 τὸ
1635 4013 1828 4082 στόμα

245 4125 367 4166 σου
393 4110 490 4164 καὶ
531 4108 826 4177 πληρώσω
855 4109 1021 4161 αὐτό.
1053 4108 1162 4161 Καὶ
1195 4105 1336 4160 τοῦτ’
1365 4105 1632 4177 ἔπραττον
1668 4103 1826 4172 ἐφελ-

247 4203 481 4274 κόμενος
511 4203 591 4265 είς
613 4200 802 4255 ἑαυτὸν
831 4199 889 4252 τὸ
912 4199 1064 4268 παρὰ
1102 4199 1195 4252 σοῦ
1234 4196 1471 4267 πνεῦμα,
1499 4197 1585 4249 ἵνα
1624 4196 1716 4248 κατ⁴
1757 4195 1828 4248 τὰ

251 4292 530 4366 μαρτύριά
576 4310 668 4345 σου
697 4293 764 4345 τὰ
787 4290 1073 4361 θαυμαστὰ
1104 4289 1237 4359 γνῶ,
1272 4289 1365 4342 καὶ
1393 4287 1500 4342 τῶν
1528 4283 1700 4354 λόγων
1734 4303 1826 4338 σου

247 4388 340 4440 τὸν
374 4385 650 4454 φωτισμὸν
667 4385 972 4453 κτήσωμαι,
998 4381 1086 4435 διὰ
1123 4379 1215 4434 τοῦ
1253 4377 1344 4433 σοῦ
1379 4375 1684 4449 πνεύματος
1727 4377 1827 4448 τὴν

245 4475 454 4530 τούτων
487 4472 722 4544 εξληφὼς
755 4471 1074 4542 κατάληψιν.
1112 4471 1180 4525 Τὸ
1220 4470 1413 4536 στόμα
1452 4486 1572 4538 μου
1607 4465 1824 4536 ἤνοιξα

245 4565 349 4619 καὶ
376 4565 632 4616 εἵλκυσα
657 4561 910 4629 πνεῦμα,
937 4558 1026 4612 ὅτι
1050 4561 1155 4624 τὰς
1177 4556 1430 4622 ἐντολάς
1463 4571 1579 4610 σου
1603 4555 1822 4609 ἐπεπό-

246 4661 431 4710 θουν·
477 4653 644 4720 αὐτῆς
673 4650 771 4719 τῆς
807 4647 1114 4710 ὑποθέσεως
1156 4644 1264 4698 τῶν
1306 4643 1533 4696 ἐντολῶν
1573 4645 1823 4695 ἐπισπω-

249 4745 425 4817 μένης
472 4744 564 4797 καὶ
612 4737 976 4811 ὲφελκομένης
1017 4737 1079 4790 τὸ
1110 4734 1349 4805 πνεῦμα.
1391 4734 1528 4804 Περὶ
1568 4732 1661 4786 τοῦ
1698 4730 1824 4817 στό-

249 4815 421 4908 ματος
437 4835 528 4887 τοῦ
554 4831 796 4904 κρυπτοῦ
828 4829 923 4884 ἀνθ
934 4826 1114 4899 ρώπου
1145 4824 1297 4898 φησί·
1319 4825 1412 4878 καὶ
1437 4823 1657 4877 δύναται
1687 4815 1827 4874 εἶναι

243 4926 427 4996 ψυχῆς
455 4924 627 4994 στόμα
645 4925 679 4992 ἠ
705 4919 1018 4991 διαὸοητικὴ
1044 4917 1212 4986 αὐτῆς
1230 4915 1478 4984 δύναμις,
1521 4915 1554 4984 ἢ
1585 4913 1827 4965 διανοου-

254 5016 392 5085 μένη
425 5012 683 5084 προφέρει
711 5012 800 5064 τὸν
833 5012 891 5062 ὲν
918 5008 1126 5079 διανοίᾳ
1156 5007 1327 5074 λόγον.
1369 5003 1536 5059 Οὐδὲν
1575 5000 1823 5071 διαφέρει

1921 604 2124 668 ciendi,
2158 602 2408 658 videlicet
2435 601 2707 672 judicium
2733 610 2790 656 et
2815 600 3113 670 justitiam,
3151 606 3375 668 propter
3396 614 3513 670 eos,

1889 695 2012 764 .qui
2035 695 2205 763 legem
2238 701 2387 748 tuam
2420 690 2794 761 pessumdant.
2827 689 3004 760 Hujus
3038 690 3223 760 itaque
3263 691 3340 744 rei
3364 706 3496 760 gna-

1921 797 2014 837 rus
2046 787 2166 852 ego;
2201 796 2266 834 ac
2294 795 2495 835 cavens
2520 795 2588 834 ne
2622 780 2860 834 incidam
2901 781 2957 834 in
2988 789 3201 849 tempus
3227 780 3379 842 illud,
3411 780 3495 833 di-

1922 872 2030 927 lexi
2070 871 2328 927 mandata
2359 877 2456 926 tua
2499 886 2663 940 super
2698 870 2882 926 omnia
2911 861 3032 940 qua:
3071 869 3214 940 apud
3248 869 3496 927 homines
3585 939 3590 944 ν

1861 1001 1870 1008 ς
1921 965 2154 1035 pretiosa
2186 963 2584 1018 existimantur.

1992 1074 2156 1131 Vsas.
2217 1075 2338 1130 128.
2369 1069 2653 1142 Propterea
2684 1074 2753 1126 ad
2775 1073 2956 1128 omnia
2996 1071 3253 1127 mandata
3284 1081 3375 1126 tua
3409 1069 3496 1126 di-

1923 1167 2151 1237 rigebar,
2175 1183 2380 1220 omnem
2409 1168 2545 1220 viam
2577 1166 2815 1235 iniquam
2863 1164 2988 1218 odio
3035 1163 3214 1219 habui.
3247 1163 3497 1227 Humana

1924 1260 2104 1314 anima
2145 1266 2432 1327 postquam
2465 1270 2773 1312 sermonem
2808 1256 3182 1325 compleverit,
3211 1256 3266 1309 in
3291 1254 3497 1308 malitia

1924 1363 2150 1420 prorsus
2174 1355 2446 1404 versatur.
2480 1347 2625 1401 Fieri
2659 1346 2804 1402 enim
2851 1347 3063 1416 nequit,
3100 1355 3160 1402 ut
3206 1356 3493 1417 postquam

1927 1443 2011 1495 lex
2049 1439 2319 1494 naturalis
2354 1439 2410 1493 in
2441 1439 2756 1495 hominibus
2805 1439 3027 1508 impleta
3074 1447 3182 1504 est,
3211 1445 3494 1508 peccatum

1926 1544 2035 1584 non
2069 1528 2321 1584 exsistat.
2355 1526 2494 1582 Cum
2527 1527 2710 1596 itaque
2736 1526 2940 1581 malitia
2973 1527 3209 1582 accessit
3236 1533 3289 1580 et
3314 1525 3495 1579 anima

1924 1626 2174 1674 tortuosa
2197 1625 2303 1682 est,
2341 1616 2644 1672 directione
2671 1632 2809 1687 opus
2840 1617 3020 1672 habet.
3061 1616 3317 1682 Quaenam
3364 1629 3493 1671 vero

1925 1702 2198 1778 suntquae
2242 1706 2488 1776 dirigunt
2544 1713 2596 1760 et
2657 1706 2976 1776 corrigunt?
3013 1704 3192 1762 Unum
3230 1705 3495 1762 duntaxat

1928 1800 2241 1854 mandatum
2275 1799 2470 1853 anima:
2501 1801 2922 1862 tortuositatem,
2959 1812 3080 1868 quae
3113 1812 3209 1867 per
3229 1796 3494 1850 malitiam

1927 1890 2152 1944 advecta
2175 1896 2280 1954 est,
2325 1897 2505 1959 potest
2561 1889 2858 1959 corrigere.
2892 1887 2958 1941 Et
3008 1888 3229 1957 quidem
3257 1888 3495 1941 animam

1926 1983 2016 2037 hic
2073 1983 2142 2036 ad
2201 1997 2512 2053 supremam
2566 1980 2946 2040 rectitudinem
2995 1979 3325 2049 pertingere,
3359 1978 3496 2032 citra

1925 2077 2169 2128 omnium
2201 2073 2584 2126 mandatorum
2629 2069 3066 2126 observationem
3124 2069 3240 2123 lteri
3284 2068 3492 2138 nequit.

1927 2165 1983 2220 Si
2019 2168 2202 2236 itaque
2230 2166 2409 2219 anima
2460 2172 2706 2219 tortuosa
2750 2161 3211 2232 deprehendatur,
3247 2175 3354 2214 non
3379 2175 3496 2213 am-

1925 2257 2124 2327 pliusa
2156 2256 2430 2311 mandatis
2483 2255 2824 2324 corrigetur;
2873 2252 2970 2308 sed
3021 2253 3174 2322 igne.
3226 2250 3494 2314 tenebris.

1925 2347 2169 2403 sectione
2231 2345 2464 2414 aliisque
2497 2343 2830 2400 trlstioribus
2887 2357 2918 2395 a
2973 2341 3083 2397 Deo
3139 2341 3402 2396 advectis.
3438 2339 3497 2393 Si

1926 2452 2056 2508 ergo
2089 2452 2197 2496 non
2219 2437 2400 2490 omnia
2419 2434 2674 2488 mandata
2711 2447 3012 2494 servemus,
3039 2446 3149 2484 non
3173 2430 3495 2500 dirigemur.

1925 2526 2052 2584 Ideo
2102 2523 2496 2581 admirabiliter
2552 2524 2754 2578 dicitur
2806 2540 2819 2577 :
2872 2521 3157 2590 Propterea
3201 2521 3269 2574 ad
3323 2521 3502 2575 omnia

1925 2619 2181 2674 mandata
2236 2625 2329 2670 tua
2391 2615 2768 2686 dirigebantur,
2806 2630 3011 2667 omnem
3071 2614 3209 2666 viam
3261 2613 3497 2683 iniquam

1926 2711 2046 2767 odio
2079 2709 2375 2762 habuimus.
2412 2706 2530 2761 Non
2563 2707 2708 2760 enim
2735 2706 2876 2758 ultra
2901 2705 3197 2758 distractus
3230 2717 3260 2756 a
3288 2716 3497 2756 concua

1927 2799 2193 2871 piscentia
2225 2798 2411 2868 inique
2437 2797 2651 2866 agendi,
2683 2795 2749 2848 ab
2773 2793 3061 2862 iniquitate
3094 2791 3368 2856 abstinet,
3403 2789 3499 2846 sed

1927 2891 2166 2948 abstinet
2232 2889 2442 2959 utique,
2495 2887 2624 2956 quia
2691 2883 3036 2952 iniquitatem
3097 2881 3233 2947 odit,
3280 2880 3376 2951 qui
3431 2879 3499 2934 ad

1930 2985 2112 3040 omnia
2139 2981 2232 3036 Dei
2257 2979 2511 3036 mandata
2543 2978 2814 3048 dirigitur.

2000 3091 2166 3147 Vens.
2212 3090 2463 3145 129-151.
2529 3086 2806 3141 Mirabilia
2857 3083 3160 3139 testimonia
3218 3091 3331 3148 tua,
3384 3079 3500 3136 ideo

1854 3185 1897 3242 C
1929 3193 2172 3239 scrutata
2216 3189 2299 3236 est
2331 3196 2393 3234 ea
2428 3179 2613 3233 anima
2668 3192 2803 3230 mea.
2846 3175 3152 3229 De'claratio
3191 3188 3502 3239 sermonum

1929 3286 2138 3329 tuorum
2168 3271 2511 3332 illuminabit,
2538 3278 2589 3322 et
2615 3267 2934 3322 intellectum
2965 3263 3112 3317 dabit
3144 3261 3400 3332 paruulis.
3427 3260 3502 3316 0s

1928 3383 2098 3422 meum
2128 3365 2332 3433 aperui,
2357 3371 2406 3416 et
2444 3359 2648 3414 attraxi
2683 3357 2949 3424 spiritum,
2975 3354 3101 3422 quia
3131 3351 3386 3406 mandata
3409 3358 3501 3404 tua

1927 3453 2312 3511 desiderabam.
2347 3448 2528 3504 Prima
2578 3443 2841 3516 cognitio,
2873 3450 2929 3497 et
2971 3456 3092 3511 qua:
3131 3440 3287 3494 initio
3332 3437 3502 3494 tradi-

1928 3555 2019 3603 tur
2046 3543 2296 3599 doctrina
2327 3551 2644 3594 sermonum
2693 3542 2938 3598 tuorum,
2975 3531 3309 3585 illuminabit
3336 3536 3391 3583 et
3420 3529 3503 3582 in.

1929 3635 2203 3692 tellectum
2259 3629 2412 3687 dabit
2459 3625 2704 3699 parvulis
2737 3638 2749 3675 :
2779 3622 3095 3678 testimonia
3123 3634 3252 3674 vero
3281 3627 3375 3696 tua
3402 3615 3506 3671 mi-

1928 3724 2122 3781 rabilia
2155 3729 2285 3779 sunt
2314 3729 2367 3777 et
2398 3715 2689 3789 stupenda.
2723 3713 2920 3770 Merito
2949 3712 3116 3781 igitur
3147 3709 3342 3768 anima:
3370 3706 3504 3762 m’ere

1928 3813 2334 3885 receptaculum
2373 3807 2708 3878 expandens,
2746 3813 2800 3858 et
2827 3801 2986 3872 quasi
3015 3814 3079 3854 os
3112 3796 3384 3867 aperiens,
3415 3796 3503 3850 di-

1931 3908 2114 3962 vinum
2149 3919 2179 3958 a
2210 3912 2264 3958 te
2325 3900 2590 3970 Spiritum
2647 3892 2857 3964 accepi,
2885 3889 3114 3948 credens
3151 3886 3503 3956 promissioni

1928 3996 2134 4054 dicenti
2167 4010 2180 4046 :
2213 3993 2370 4060 Aperi
2399 4005 2456 4044 os
2481 3997 2651 4050 tuum,
2702 3993 2752 4037 et
2799 3979 3023 4051 implebo
3056 3975 3268 4033 illud".
3299 3975 3366 4032 Et
3395 3977 3500 4032 hoc

1929 4086 2033 4144 feci
2089 4084 2281 4154 spiritu
2309 4087 2404 4134 tuo
2428 4079 2481 4132 in
2505 4091 2592 4131 me
2619 4078 2915 4145 pertracto,
2949 4078 3007 4123 ut
3050 4066 3358 4124 testimonia
3405 4066 3499 4122 illa

1928 4188 2023 4235 tua
2059 4173 2330 4232 mirabilia
2353 4181 2766 4242 cognoscerem,
2805 4171 2860 4220 et
2909 4177 3226 4219 sermonm
3281 4173 3496 4218 tuorum

1931 4266 2354 4326 illustrationem
2404 4260 2731 4321 obtinerem,
2785 4269 2882 4324 per
2926 4252 3181 4323 spiritum
3222 4260 3374 4306 tuum
3405 4265 3500 4306 eoo

1928 4357 2178 4416 rumdem
2231 4353 2566 4408 intellectum
2624 4353 2679 4403 et
2736 4343 2985 4399 notitiam
3077 4339 3373 4416 accipiens.
3424 4337 3498 4394 0s

1932 4464 2101 4504 meum
2125 4443 2308 4515 aperui
2337 4453 2386 4498 et
2427 4438 2628 4493 attraxi
2658 4436 2924 4504 spiritum,
2959 4431 3083 4500 quia
3129 4433 3383 4484 mandata
3407 4436 3500 4481 tua

1855 4520 1898 4575 Ῑ)
1929 4536 2292 4596 desiderabam
2329 4548 2347 4587 :
2379 4532 2496 4602 ipsa
2517 4527 2899 4586 mandatorum
2929 4521 3201 4578 sententia
3242 4519 3496 4590 spiritum

1932 4631 2238 4690 attrahente
2269 4633 2320 4682 et
2360 4622 2687 4694 pelliciente.
2733 4616 2809 4671 De
2860 4629 2956 4670 ore
2988 4621 3169 4668 autem
3218 4609 3498 4667 interioris

1930 4721 2170 4780 hominis
2226 4716 2515 4787 loquitur:
2551 4718 2833 4784 potestque
2880 4721 2944 4762 os
3001 4705 3195 4759 anima:
3233 4702 3368 4768 dici,
3416 4699 3498 4755 vis

1929 4815 2049 4886 ejus
2079 4807 2398 4868 enuntiandi
2428 4819 2548 4875 quae
2590 4799 2881 4872 cogitando
2925 4797 2980 4852 in
3039 4803 3220 4854 mente
3272 4789 3497 4848 verbum

1926 4905 2153 4978 profert.
2190 4899 2335 4956 Nihil
2364 4898 2565 4961 dili‘ert,
2603 4896 2648 4950 si
2672 4893 2824 4948 dicas
2862 4905 3139 4948 assumere
3169 4897 3494 4946 sermonem,

1928 4971 1982 5054 et
2012 4992 2284 5050 attrahere
2308 4988 2565 5060 spiritum
2612 5002 2625 5038 :
2660 4983 2898 5048 idipsum
2938 4981 3083 5034 enim
3129 4983 3212 5032 est
3246 4971 3492 5043 spiritus,
3603 4985 3612 4996 ε

249 5063 619 5170 λαϐεὲν
812 5099 1032 5153 ὲλκῦσαι
1091 5063 1304 5164 ⁴πνεῦμα
1358 5095 1565 5146 εἰπεῖν’
1618 5063 1818 5144 ταυτὸν

1926 5086 2070 5160 quod
2099 5085 2316 5140 divinus
2343 5093 2541 5136 sermo.
2579 5074 2944 5141 Quamobrem
2971 5069 3230 5124 Servator
3270 5063 3335 5120 de
3376 5077 3496 5170 sier-

247 5198 356 5266 γὰρ
393 5195 453 5246 τὸ
511 5193 726 5262 πνεῦμα
769 5191 847 5258 τῷ
882 5191 1008 5259 θείῳ
1053 5187 1216 5256 λόγῳ.
1264 5185 1356 5237 Διὸ
1391 5183 1485 5236 καὶ
1523 5184 1552 5235 ὁ
1609 5180 1818 5251 Σωτὴρ,

249 5286 381 5356 περὶ
420 5277 480 5336 οὗ
514 5283 665 5351 ἔλεγε
705 5281 862 5349 λόγου
903 5280 993 5334 καὶ
1041 5277 1298 5350 ῥημάτων
1331 5276 1519 5346 εἴρηκε
1545 5290 1558 5304 ·
1601 5273 1678 5328 Τὰ
1713 5269 1826 5341 ρή-

1931 5149 2092 5234 mone
2122 5183 2174 5231 et
2202 5171 2382 5228 verbis
2408 5169 2483 5222 ait
2516 5185 2529 5220 :
2574 5164 2741 5220 Verba
2767 5178 2883 5232 qua:
2928 5160 3130 5214 locutus
3168 5168 3285 5207 sum
3326 5149 3490 5211 vobis,

1930 5267 2147 5334 spiritus
2170 5271 2219 5316 et
2247 5260 2354 5314 vita
2378 5266 2502 5311 sunt
2524 5255 2588 5306 ⁸⁸.

244 5393 405 5446 ματα
450 5374 489 5428 ἀ
519 5373 828 5440 λελάληκα
851 5370 1023 5439 ὑμῖν,
1070 5366 1308 5436 πνεῦμά
1357 5367 1487 5419 ἐστι
1548 5364 1648 5419 καὶ
1712 5361 1822 5430 ζωή
1855 5360 2008 5414 ἐστι.

331 5485 688 5550 Ἐπίϐλεψον
733 5481 825 5534 ἐπ’
850 5477 954 5548 ἐμὲ
1005 5477 1100 5530 καὶ
1135 5477 1394 5542 ἐλέησόν
1417 5491 1513 5544 με,
1561 5473 1712 5527 κατὰ
1756 5472 1822 5525 τὸ

251 5574 427 5648 κρῖμα
469 5571 590 5626 τῶν
625 5570 987 5640 ἀγαπώντων
1019 5567 1085 5622 τὸ
1135 5566 1322 5637 ὄνομά
1373 5582 1508 5620 σου.
1557 5563 1677 5618 Τῶν
1721 5561 1826 5614 ὑπὸ

329 5793 374 5824 ⁸³
411 5787 556 5844 Psal.
593 5790 766 5851 lixas,
801 5783 888 5838 Η.
966 5781 1009 5813 ¹⁰
1048 5778 1205 5836 Joan.
1240 5790 1294 5830 vt
1321 5819 1336 5842 ,
1370 5774 1457 5832 64.

576 5880 846 5941 Pareat.
903 5874 1022 5951 Gn.
1103 5870 1340 5931 XXIII.

2009 5463 2171 5521 Vens.
2216 5457 2340 5517 152.
2373 5454 2584 5526 Respice
2635 5455 2690 5509 in
2741 5461 2820 5504 me
2865 5453 2914 5502 et
2962 5444 3208 5498 miserere
3257 5433 3381 5504 mei,
3414 5449 3497 5491 se-

1935 5556 2164 5613 cundum
2194 5551 2455 5624 judicium
2508 5543 2836 5618 diligentiam
2878 5551 3064 5595 nomen
3099 5542 3268 5589 tuum.
3319 5528 3397 5584 Ex
3428 5528 3496 5582 iis

3106 5831 3182 5898 hit
