3994 6424
522 403 659 466 {387
763 393 768 396 ’

1153 391 1423 461 EUSEDII
1458 395 1936 458 CESABIENSIS
1974 398 2126 458 OPP.
2167 397 2350 457 PARS
2391 397 2481 455 Ill.
2521 431 2590 442 —
2621 397 3025 460 EXEGETICA.

3631 401 3755 456 i388

518 524 668 594 quia
709 502 1312 593 Deoﬁnisericordiam
1351 501 1781 588 consequuntur,
1819 517 1909 570 alii
1959 531 2076 570 eam

2182 515 2318 569 Θεοῦ
2343 515 2694 586 ὲλεουμένων,
2723 519 2772 570 οἱ
2818 518 2919 588 μὲν
2957 516 3280 588 τυγχάνωσι
3312 515 3508 569 τούτου
3540 514 3631 567 διὰ
3666 533 3755 584 με·

519 627 616 685 per
643 615 1016 686 paenitentiam
1043 612 1309 677 obtinent,
1337 611 1449 680 jam
1483 625 1512 664 a
1547 610 1788 679 peccatis
1823 606 2080 662 receden-

517 711 600 760 tes
633 721 804 776 eaque
830 702 1189 768 conﬁtentes;
1235 701 1326 756 alii
1368 700 1756 755 misericordiae
1787 699 1882 754 Dei
1916 714 2080 768 expe-

517 797 808 850 rimentum
846 799 1090 855 sumunt,
1127 790 1272 861 quod
1306 791 1555 861 profectu
1587 791 1734 844 aucti
1787 788 1854 843 ad
1905 790 2083 858 ipsum

517 886 737 942 virtutis
757 885 916 940 ﬁnem
950 873 1243 938 maturent“.
1291 881 1391 936 Hic
1417 883 1602 952 itaque
1631 889 1890 952 precatur
1917 879 2084 934 mise-

519 980 812 1035 ricordiam
836 977 1122 1047 consequi,
1146 991 1253 1030 non
1286 974 1584 1031 secundum
1602 972 1869 1042 judicium
1897 983 2085 1026 eorum

520 1072 612 1140 qui
648 1067 1023 1138 paenitentiam
1070 1075 1269 1134 agunt;
1315 1065 1411 1118 sed
1466 1077 1655 1118 eorum
1712 1062 1806 1132 qui
1854 1061 2085 1130 diligunt

522 1173 718 1213 nomen
775 1156 988 1210 Domini
1021 1173 1033 1208 :
1066 1169 1190 1207 nam
1240 1168 1473 1222 persona
1524 1167 1644 1222 qua:
1700 1151 1944 1219 loquitur
2000 1153 2085 1202 est

516 1261 730 1310 eorum,
765 1246 858 1316 qni
881 1245 1110 1299 multum
1155 1243 1237 1296 in‘
1265 1244 1464 1297 virtute
1501 1251 1555 1296 et
1591 1241 1838 1296 veritatis
1888 1237 2082 1293 notitia

520 1336 886 1408 profecerunt.
938 1333 1306 1399 Quamobrem
1365 1331 1702 1386 conﬁdenter
1733 1328 1971 1398 postulat
2027 1326 2080 1379 in

517 1433 870 1496 conspectum
913 1424 1006 1478 Dei
1037 1440 1096 1478 se
1145 1423 1348 1478 venire.
1381 1421 1631 1492 Respice,
1662 1420 1858 1490 inquit,
1890 1419 1943 1472 in
1972 1433 2078 1480 me,

2187 605 2422 668 τανοίας,
2452 606 2576 676 ἄρτι
2617 607 2898 677 ἁμαρτιῶν
2937 606 3341 679 ἀναχωροῦντες
3378 607 3474 659 καὶ
3517 605 3755 674 ἐξομολο-

2189 696 2440 767 γούμενοι
2459 713 2473 726 ’
2507 699 2556 749 oi
2589 697 2644 750 δὲ
2687 701 2880 770 πεῖραν
2909 699 3058 752 ἐλέου
3086 699 3222 752 Θεοῦ
3247 697 3641 769 λαμϐάνουσιν,
3673 698 3761 749 ἐπὶ

2189 786 2266 856 τῷ
2317 788 2726 858 προκόπτοντας
2774 789 3005 843 σπεῦσαι
3040 791 3132 844 ἐπὶ
3181 791 3243 843 τὸ
3282 790 3436 854 τέλος
3484 789 3619 842 αὐτὸ
3667 791 3760 859 τῆς

2189 875 2409 944 ἀρετῆς.
2460 873 2692 945 Εὔχεται
2733 871 2826 929 οὖν
2875 873 3027 941 οὗτος
3074 877 3358 949 ἐλεηθῆναι
3409 879 3470 930 ού
3517 878 3663 932 κατὰ
3703 879 3761 930 τὸ

2187 965 2363 1035 κρῖμα
2385 964 2493 1019 τῶν
2525 969 2948 1037 μετανοούντων,
2976 969 3110 1022 ἀλλὰ
3131 969 3242 1022 τῶν
3269 968 3613 1038 ἀγαπώντων
3649 970 3766 1022 tivo-

2189 1074 2264 1126 μα
2311 1057 2517 1127 Κυρίου
2545 1077 2556 1088 ·
2591 1061 2700 1115 τῶν
2741 1043 2875 1131 γὰρ⁸
2899 1063 3018 1116 κατ’
3051 1061 3248 1132 ἀρετὴν
3297 1061 3392 1114 καὶ
3425 1061 3627 1128 γνῶσιν
3666 1061 3760 1130 τῆς

2187 1146 2446 1218 ἀληθείας
2490 1149 2624 1202 πολὺ
2671 1149 3057 1220 προκοψάντων
3103 1151 3168 1204 τὸ
3219 1151 3375 1218 λέγον
3438 1152 3755 1221 πρόσωπον·

2186 1233 2268 1286 διὸ
2295 1236 2388 1288 καὶ
2413 1238 2846 1310 παρρησιάζεται
2876 1239 3106 1309 ὀφθῆναι
3131 1239 3211 1310 τῷ
3240 1240 3378 1310 Θεῷ.
3415 1240 3759 1308 Ἐπίελεψον.

2189 1324 2297 1394 γάρ
2324 1343 2490 1396 φησιν
2513 1369 2528 1393 ,
2556 1331 2641 1382 ἐπ’
2671 1331 2768 1401 ἐμὲ
2782 1331 2875 1383 καὶ
2901 1331 2959 1396 ἐξ
2984 1331 3227 1402 ἀνάγκης
3245 1330 3432 1400 ἕψεται
3455 1331 3518 1384 τὸ
3541 1330 3759 1400 ἐλεηθῆ-

2193 1415 2280 1478 νᾳί
2321 1433 2408 1486 με.

517 1528 570 1574 et
623 1520 752 1574 hinc
812 1517 1124 1572 necessario
1190 1523 1448 1584 sequetur
1515 1530 1602 1570 me
1645 1511 2078 1568 misericordiam
2115 1509 2401 1577 consequi.

591 1628 755 1685 Vsus.
787 1629 910 1682 1⁵55.
941 1626 1164 1681 Cressus
1205 1643 1345 1680 meos
1395 1626 1562 1695 dirige
1621 1624 1908 1679 secundum
1968 1623 2079 1676 elo-

511 1722 693 1792 quium
718 1729 884 1784 tuum,
920 1729 969 1772 et
997 1735 1098 1772 non
1128 1717 1424 1770 dominetur
1448 1716 1574 1769 milti
1605 1716 1772 1769 omnis
1793 1715 2079 1783 injustitia.

2263 1622 2345 1676 Τὰ
2384 1623 2712 1692 διαδήματά
2758 1642 2878 1694 μου
2920 1628 3289 1682 κατεύθυνον
3337 1628 3490 1681 κατὰ
3531 1629 3601 1684 τὸ
3662 1635 3764 1686 λό-

2189 1712 2321 1781 γιόν
2379 1727 2496 1766 σου
2515 1753 2530 1777 ,
2582 1714 2679 1765 καὶ
2723 1714 2810 1783 μὴ
2867 1717 3382 1784 κατακυριευσάτω
3426 1738 3549 1789 μου
3594 1721 3764 1778 πᾶσα

516 1811 826 1866 Secundum
848 1809 1124 1876 eloquium
1161 1806 1251 1862 Dei
1286 1806 1458 1876 dirige
1501 1821 1725 1876 gressus
1782 1819 1957 1867 meos,
1991 1803 2076 1873 qui

2188 1803 2423 1872 ἀνομία.
2457 1804 2612 1858 Κατὰ
2654 1805 2716 1857 τὸ
2755 1806 2932 1874 λόγιον
2965 1808 3056 1861 τοῦ
3102 1808 3238 1862 Θεοῦ
3289 1812 3617 1866 κατευθύνει
3651 1818 3670 1834 ⁸
3694 1815 3762 1868 τά

511 1915 580 1955 ex
614 1900 818 1953 malitia
846 1907 900 1951 ct
920 1896 1224 1966 ignorantia
1258 1895 1326 1949 ad
1359 1896 1614 1948 virtutem
1644 1903 1697 1948 et
1714 1893 2080 1963 cognitionem

511 1990 759 2045 veritatis
782 1987 1120 2059 proﬁciscor.
1154 1983 1288 2040 Nam
1323 1995 1510 2042 rectus
1551 1999 1732 2040 sermo
1759 1983 1997 2039 director
2027 1993 2082 2038 et

511 2082 621 2136 dux
652 2080 836 2135 talium
867 2093 1149 2150 gressuum
1172 2085 1274 2134 est.

584 2276 750 2333 Vens.
817 2276 940 2332 154.
979 2275 1188 2330 Redime
1221 2290 1302 2328 me
1332 2290 1364 2327 a
1394 2273 1661 2327 calumnia
1709 2271 2000 2333 hominum,
2030 2279 2082 2324 et

511 2370 810 2423 custodiam
835 2368 1088 2422 mandata
1115 2377 1228 2421 tua.
1257 2367 1315 2420 ln
1353 2365 1659 2420 mercedem
1691 2361 2082 2418 misericordia!

509 2474 616 2529 qua
657 2459 920 2513 liberatus
964 2465 1048 2513 est
1092 2472 1121 2510 a
1159 2457 1450 2511 calumniis
1491 2453 1792 2516 hominum,
1835 2467 1896 2506 se
1928 2466 2082 2504 man-

509 2548 902 2603 data'Domini
955 2548 1373 2603 observaturum
1440 2544 1727 2615 pollicetur
1770 2562 1784 2597 :
1832 2545 1915 2597 vel
1967 2558 2078 2596 non

511 2645 623 2692 tam
653 2639 982 2703 mercedem,
1027 2652 1190 2706 quam
1251 2635 1552 2706 gratiarum
1606 2633 1874 2687 actionem
1940 2648 2078 2702 pra:-

515 2726 635 2788 beo,
669 2735 728 2780 ut
759 2725 997 2780 redimar
1026 2739 1055 2777 a
1089 2724 1358 2778 calumnia
1418 2722 1720 2795 hominum.
1765 2719 1920 2776 Hanc
1949 2736 2079 2776 vero

512 2814 742 2883 gratiam
781 2814 1143 2884 impetrarunt
1171 2811 1371 2881 Joseph
1406 2818 1460 2865 et
1504 2808 1788 2865 Susanna;
1810 2809 2077 2865 Caeterum

511 2901 719 2970 tropice
752 2899 1001 2955 homines
1045 2899 1151 2954 dici
1187 2899 1402 2968 possint
1439 2898 1689 2952 diabolus
1717 2904 1772 2952 et
1822 2900 2078 2953 adversa-

512 2998 606 3051 riae
638 2997 758 3066 ejus
810 2995 972 3050 sociae
1022 3002 1340 3064 potestates,
1372 3008 1401 3046 a
1433 3008 1664 3063 quarum
1719 2992 2075 3064 sycophantia

511 3086 776 3141 redimere
795 3085 966 3140 Solius
992 3083 1084 3140 Dei
1113 3095 1215 3140 est.

2185 1891 2495 1964 διαϐήματά
2525 1912 2648 1965 μου,
2698 1897 2763 1948 ἐκ
2807 1898 3004 1960 κακίας
3043 1900 3136 1952 καὶ
3169 1900 3390 1967 ἀγνοίας
3432 1905 3513 1966 είς
3560 1904 3763 1974 ἀρετὴν

2185 1983 2278 2036 καὶ
2327 1985 2528 2052 γνῶσιν
2577 1986 2676 2055 τῆς
2725 1987 2979 2058 ἀληθείας
3025 1989 3409 2055 διαϐαίνοντος.
3477 1993 3762 2065 Εύθυντὴρ

2183 2071 2292 2141 γὰρ
2324 2075 2418 2125 καὶ
2468 2073 2689 2144 ἡγεμὼν
2721 2075 2830 2128 τῶν
2869 2077 3120 2131 τοιούτων
3160 2079 3513 2150 διαδημάτων
3536 2085 3565 2134 ὁ
3600 2085 3762 2154 ὀρθὸς

2183 2161 2358 2231 λόγος.
2782 2195 2786 2199 ε

2252 2256 2566 2322 Λύτρωσαί
2595 2274 2672 2326 με
2706 2257 2822 2312 ἀπὸ
2847 2262 3259 2328 συκοφαντίας
3286 2264 3631 2332 ἀνθρώπων,
3661 2268 3758 2321 και

2181 2348 2432 2416 φυλάξω
2459 2348 2566 2415 τὰς
2595 2350 2845 2416 ἐντολάς
2876 2367 3012 2405 σου.
3047 2354 3251 2406 Μισθὸν
3284 2354 3377 2406 τοῦ
3417 2356 3572 2408 ὲλέου
3607 2357 3760 2411 λελυ-

2181 2437 2422 2508 τρῶσθαι
2483 2439 2592 2493 άπὸ
2644 2442 3006 2509 συκοφαντίας
3057 2443 3358 2514 ἀνθρώπων
3415 2447 3757 2517 ὑπισχνεῖται

2180 2524 2372 2579 δώσειν
2410 2526 2507 2597 τὴν
2540 2527 2648 2580 τῶν
2694 2529 2923 2582 ἐντολῶν
2974 2531 3178 2602 Κυρίου
3219 2533 3468 2605 φυλακήν
3493 2554 3505 2566 ·
3544 2538 3578 2606 ἢ
3637 2539 3757 2591 οὐδὲ

2183 2614 2395 2686 μισθὸν,
2414 2616 2528 2669 ἀλλ’
2553 2618 2902 2688 εὐχαριστίαν
2944 2621 3024 2683 είς
3055 2622 3114 2673 τὸ
3145 2621 3484 2694 λυτρωθῗψαί
3531 2644 3600 2696 με
3647 2630 3755 2681 ἀπὸ

2182 2707 2544 2773 συκοφαντίας
2585 2707 2905 2778 ἀνθρώπων.
2958 2709 3067 2762 Καὶ
3090 2713 3453 2782 τετυχήκασιν
3477 2716 3757 2787 αἰσθητῶς

2177 2796 2277 2866 τῆς
2305 2798 2571 2867 αἰτήσεως
2615 2799 2806 2869 Ἰωσὴφ
2849 2800 2942 2852 καὶ
2968 2801 3263 2855 Σουσάννα.
3306 2805 3550 2875 Ῥηθεῖεν
3577 2807 3635 2861 δὲ
3664 2810 3758 2864 ἄν·

2180 2884 2385 2955 θρωποι
2412 2886 2684 2956 τροπικῶς
2727 2890 2757 2940 ὁ
2785 2888 3029 2953 διάϐολος
3079 2892 3172 2945 καὶ
3217 2895 3274 2946 αἱ
3314 2897 3436 2949 κατ’
3470 2899 3630 2952 αὑτὸν
3662 2919 3756 2953 πο-

2177 2976 2340 3044 νηραὶ
2381 2975 2656 3046 δυνάμεις,
2691 2978 2782 3046 ἀφ’
2811 2971 2886 3032 ὧν
2908 2981 3008 3051 τῆς
3047 2986 3410 3052 συκοφαντίας
3450 2989 3613 3058 μόνου
3660 2993 3756 3046 τοῦ

2177 3063 2312 3117 Θεοῦ
2340 3065 2682 3136 λυτροῦσθαι.

584 3174 746 3230 Vens.
779 3175 901 3237 155,
933 3176 1052 3230 156.
1089 3174 1307 3230 Faciem
1328 3185 1473 3229 tuam
1504 3175 1747 3229 illumina
1780 3191 1936 3245 super
1966 3193 2075 3230 ser-

2253 3158 2323 3210 Τὸ
2373 3159 2696 3225 πρόσωπόν
2741 3175 2858 3217 σου
2909 3166 3205 3234 ἐπίφανον
3234 3169 3332 3223 ἐπὶ
3376 3173 3484 3224 τὸν
3527 3173 3755 3228 δοῦλόν

508 3282 626 3320 oum
672 3275 839 3330 tuum,
872 3277 920 3319 et
961 3271 1087 3319 doce
1116 3281 1195 3318 me
1229 3267 1638 3334 justiﬁcaliones
1685 3275 1824 3320 tuas.
1863 3266 2073 3322 Secun-

507 3360 636 3414 dum
691 3358 994 3414 Salvatoris
1047 3359 1314 3413 illustrem
1369 3359 1663 3414 adventum
1713 3359 1898 3413 videre
1954 3375 2076 3428 per-

506 3457 724 3518 optans,
782 3466 884 3520 pro
942 3465 1007 3504 co
1049 3449 1199 3503 Patri
1250 3450 1520 3520 supplicat
1557 3452 1746 3507 dicens
1789 3470 1803 3506 :
1857 3450 2076 3506 Faciem

509 3551 674 3602 tuam,
711 3539 957 3601 Domine,
986 3539 1231 3591 illumina
1270 3553 1288 3590 :
1321 3554 1484 3608 quam
1539 3543 1633 3609 qui
1667 3542 1820 3606 vidit,
1849 3543 1984 3596 vidit
2021 3551 2076 3598 et

507 3630 744 3684 Patrem.
794 3627 927 3683 Nam
981 3629 1098 3698 ipse
1145 3629 1212 3682 de
1263 3629 1446 3697 seipso
1502 3631 1578 3683 ait
1613 3647 1627 3682 :
1657 3632 1762 3698 Qui
1805 3635 1934 3686 vidit
1971 3651 2072 3699 me,

2177 3261 2314 3310 σου,
2341 3249 2437 3302 καὶ
2458 3250 2706 3316 δίδαξον
2732 3271 2808 3323 με
2835 3256 2908 3308 τὰ
2935 3256 3292 3328 δικαιώματὰ
3320 3276 3458 3316 σου.
3499 3266 3609 3336 Τὴν
3641 3267 3752 3319 δευ-

2175 3338 2339 3430 τέραν
2371 3339 2464 3392 τοῦ
2491 3343 2739 3414 Σωτῆρος
2771 3347 3066 3418 ὲπίλαμψιν
3095 3351 3220 3404 ἰδεῖν
3255 3335 3435 3408 ποδῶν
3454 3335 3597 3421 ἀξιοῖ
3628 3361 3753 3430 περὶ

2176 3429 2364 3520 αὐτῆς,
2392 3430 2470 3500 τῷ
2489 3432 2662 3503 Πατρὶ
2691 3435 2934 3504 φάσκων,
2954 3440 3024 3492 Τὸ
3044 3443 3369 3509 πρόσωπόν
3392 3463 3534 3511 σου,
3554 3429 3750 3520 Κύριε,

2174 3519 2470 3587 ἐπίφανον
2496 3537 2510 3550 ·
2540 3522 2677 3593 ὅπερ
2718 3523 2838 3577 ἰδών
2877 3544 2959 3589 τις
2990 3528 3198 3600 ἑώρακε
3245 3535 3338 3586 καὶ
3365 3535 3457 3588 τὸν
3503 3519 3746 3609 Πατέρα.

2173 3609 2345 3672 Αὐτὸς
2389 3609 2497 3681 γὰρ
2533 3612 2660 3682 περὶ
2686 3613 2874 3667 ἑαυτοῦ
2902 3615 3078 3684 λέγει’
3109 3620 3162 3671 Ὁ
3193 3620 3462 3688 ἑωρακὼς
3488 3625 3614 3694 ἐμὲ,
3646 3628 3749 3680 ἐώ-

508 3711 638 3775 vidit
697 3729 748 3774 et
806 3719 1108 3774 Patrem".
1161 3717 1353 3773 Exitus
1421 3737 1681 3790 aquarum
1744 3723 2072 3779 deduxerunt

2182 3714 2315 3790 ρακε
2342 3699 2450 3752 τὸν
2470 3703 2720 3770 Πατέρα.
2747 3705 3058 3773 Διεξόδους
3077 3708 3311 3763 ὑδάτων
3325 3715 3672 3770 κατέδυσαν
3696 3722 3748 3771 οι

507 3809 646 3865 oculi
686 3810 806 3876 mei,
830 3810 954 3880 quia
983 3826 1083 3862 non
1107 3809 1467 3876 custodierunt
1501 3811 1660 3882 legem
1701 3822 1869 3868 tuam.

574 3899 737 3956 Vens.
771 3899 1028 3955 157-143.
1075 3898 1266 3955 Justus
1307 3917 1382 3966 es,
1436 3901 1680 3968 Domine,
1711 3912 1760 3958 et
1810 3914 1952 3959 recta
1984 3905 2072 3975 iu-

503 3992 648 4046 dicia
673 4000 786 4045 tua.
824 3989 1100 4044 Mandasti
1124 3990 1396 4058 justitiam
1429 3994 1725 4047 testimonia
1766 4004 1880 4059 tua,
1911 4004 1960 4049 et
1989 4013 2072 4049 ve-

504 4079 715 4132 ritatem
742 4087 886 4131 tuam
939 4079 1108 4134 valde.
1164 4079 1448 4134 Tabescere
1483 4097 1562 4134 me
1597 4081 1715 4150 fecit
1744 4083 1886 4137 zelus
1924 4094 2067 4150 tuus,

501 4167 628 4235 quia
653 4166 806 4220 obliti
836 4176 958 4221 sunt
995 4168 1148 4222 verba
1183 4178 1276 4222 tua
1303 4169 1500 4222 inimici
1525 4171 1644 4223 mei.
1685 4169 1917 4240 Ignitum
1957 4174 2068 4228 elo-

500 4257 680 4322 quium
708 4266 854 4309 tuum
890 4258 1230 4322 vehementer,
1262 4267 1310 4313 et
1332 4275 1509 4312 servus
1545 4269 1668 4313 tuus
1695 4260 1880 4316 dilexit
1910 4263 2065 4321 illud.

499 4345 936 4404 Adolescentulus
959 4367 1076 4404 sum
1107 4367 1198 4420 ego
1224 4362 1272 4404 et
1297 4361 1640 4418 contemptus,
1654 4351 2066 4422 iustiﬁcationes

502 4441 621 4487 tua:
642 4452 743 4490 non
775 4455 891 4492 sum
931 4439 1145 4494 oblitus.
1179 4439 1404 4494 Justitia
1444 4450 1536 4494 tua
1567 4441 1786 4508 justitia
1823 4445 1879 4497 in
1911 4455 2068 4500 teter-
2099 4475 2142 4530 ο

500 4539 650 4587 num,
679 4534 728 4578 et
767 4527 851 4581 lea:
881 4539 973 4583 tua
1005 4532 1217 4586 veritas.
1249 4530 1640 4585 Tribulationes
1684 4543 1736 4586 et
1778 4537 2065 4590 necessita—

503 4625 576 4670 tes
629 4616 930 4673 invenerunt
983 4640 1064 4677 me
1095 4623 1393 4678 :mandata
1440 4633 1533 4676 tua
1593 4626 1867 4680 meditatio
1929 4644 2064 4683 mea.

503 4707 864 4779 Symmachus
887 4712 1046 4767 aliam
1068 4715 1221 4770 elTert
1253 4717 1577 4770 sententiam
1603 4716 1792 4772 dicens
1827 4736 1841 4774 :
1876 4719 2070 4773 Tribu-

501 4806 721 4860 lationes
759 4813 810 4859 et
857 4807 1156 4876 aﬂlictiones
1203 4814 1702 4882 comprehenderunt
1745 4834 1825 4872 me
1857 4835 1875 4872 :
1917 4835 2069 4873 man-

502 4895 632 4950 data
655 4911 770 4950 vero
795 4895 1121 4950 delectabant
1152 4917 1231 4954 me
1265 4917 1283 4954 :
1309 4918 1374 4958 ac
1429 4904 1473 4960 si
1513 4908 1692 4962 omnis
1736 4907 1831 4963 Dei
1889 4911 2069 4966 cultor

501 4984 738 5055 graviter
769 4992 822 5040 et
843 4999 984 5054 κεῖτο
1018 4984 1161 5039 ferat
1191 4988 1353 5058 hujus
1384 4993 1504 5047 vitae
1535 4998 1772 5066 negotia,
1805 5005 1967 5069 atque
1998 5015 2064 5056 ex

501 5075 783 5131 hominum
807 5075 1015 5130 malitia
1051 5085 1293 5142 vexetur,
1329 5084 1615 5156 solamque
1640 5089 1836 5143 habeat
1861 5105 2065 5147 conso-

501 5167 779 5230 lationem,
810 5169 1202 5225 recreationem
1245 5179 1298 5224 et
1341 5174 1755 5236 delectationem
1791 5181 1868 5236 in
1893 5197 2048 5240 man—

500 5255 751 5312 datorum
780 5257 872 5314 Dei
901 5256 1268 5314 meditatione.

571 5389 735 5446 Vens.
768 5393 888 5446 144.
946 5392 1169 5448 Iustitia
1201 5393 1497 5447 testimonia
1538 5405 1628 5452 tua
1679 5401 1734 5454 in
1780 5411 2061 5467 arternum,

499 5481 817 5535 intellectum
843 5481 912 5535 da
935 5483 1083 5548 mihi,
1131 5491 1180 5536 et
1213 5482 1399 5538 vivam.
1438 5480 1563 5540 llaec
1601 5486 1839 5557 justitia,
1891 5507 2056 5561 quam

2182 5507 2488 5565 γυνέτισόν
2505 5480 2602 5581 μέ,

569 5614 615 5646 ³⁸
649 5613 807 5670 Joan.
846 5632 958 5682 xxv,
993 5617 1051 5672 9.

528 5712 545 5779 Ρ
575 5712 597 5737 ⁸
625 5711 888 5784 lnterpres
926 5715 1050 5785 legit
1079 5718 1387 5774 κατεύθυνε.
1429 5719 1586 5775 Eon.
1629 5719 1865 5779 PATROL.

2173 3789 2470 3858 ὀφθαλμοί
2483 3809 2624 3860 μου,
2648 3795 2781 3849 ἐπεὶ
2796 3799 2906 3850 οὐκ
2923 3798 3238 3866 ἐφύλαξαν
3252 3802 3360 3855 τὸν
3374 3808 3566 3874 νόμον
3605 3825 3744 3863 σου.

2223 3878 2476 3945 ,Δίκαιος
2511 3877 2584 3946 εἴ,
2619 3885 2816 3952 Κύριε,
2853 3885 2950 3939 καὶ
2994 3888 3188 3954 εὐθεῖς
3230 3893 3290 3943 αἱ
3326 3895 3559 3959 κρίσεις
3605 3912 3742 3950 σου.

2185 3967 2492 4023 Ἐνετειλω
2537 3971 2935 4044 δικαιοσύνην
2979 3978 3050 4031 τὰ
3091 3981 3385 4048 μαρτύριά
3437 4001 3557 4038 σου
3577 4028 3593 4051 ,
3645 3988 3744 4041 καί

2168 4057 2459 4127 ἀλήθειαν
2499 4062 2754 4131 σφόδρα.
2800 4066 3070 4133 Ἐξέτηξέ
3093 4085 3170 4137 με
3194 4073 3227 4123 ό
3255 4069 3434 4138 ζῆλός
3475 4091 3613 4141 σου,
3655 4079 3744 4132 ὅτι

2167 4148 2533 4206 ἐπελάθοντο
2564 4153 2684 4206 τῶν
2709 4156 2906 4224 λόγων
2929 4173 3045 4212 σου
3071 4163 3126 4212 οἱ
3152 4161 3355 4230 ἐχθροί
3379 4183 3520 4233 μου.
3556 4171 3746 4223 Hem;-

2160 4241 2433 4309 ρωμένον
2473 4245 2540 4296 τὸ
2583 4247 2794 4314 λόγιόν
2834 4262 2951 4302 σου
2993 4251 3248 4319 σφόδρα,
3294 4257 3392 4308 καὶ
3440 4261 3475 4310 ὁ
3521 4259 3747 4327 δοῦλός

2169 4345 2286 4386 σου
2321 4333 2637 4402 ἠγάπησεν
2657 4339 2824 4394 αὑτό.
2850 4341 3142 4410 Νεώτερος
3167 4343 3281 4411 ἐγώ
3303 4349 3419 4415 εἰμι
3452 4351 3550 4402 καὶ
3581 4351 3745 4415 ἐξουο

2169 4421 2517 4492 δενωμένος,
2533 4429 2605 4482 τὰ
2622 4428 2979 4501 δικαιώματά
2993 4449 3109 4488 σου
3123 4438 3233 4490 οὐκ
3249 4437 3647 4510 ἐπελαθόμην.
3679 4445 3744 4497 Ἡ

2169 4513 2523 4588 δικαιοσύνη
2559 4534 2675 4574 σου
2711 4522 3065 4593 δικαιοσύνη
3100 4529 3186 4592 εὶς
3215 4528 3324 4582 τὸν
3350 4529 3555 4595 αἰῶνα,
3582 4534 3680 4586 καὶ
3711 4537 3743 4587 ό

2168 4606 2350 4675 νόμος
2369 4622 2484 4662 σου
2499 4611 2766 4677 ἀλήθεια.
2787 4616 3032 4683 autem
3062 4618 3160 4670 καὶ
3202 4619 3455 4689 ἀνάγκαι
3478 4622 3744 4689 εὕροσάν

2163 4712 2240 4762 με
2257 4713 2270 4727 ο
2291 4699 2350 4750 al
2362 4699 2605 4753 ἐντολαί
2622 4716 2737 4756 σου
2751 4703 2969 4772 μελέτη
2980 4723 3098 4774 μου
3121 4744 3136 4761 .
3152 4708 3208 4761 '0
3229 4709 3524 4780 Σύμμαχος
3549 4713 3742 4781 ἑτέραν

2169 4786 2477 4857 παρέστησε
2521 4789 2758 4845 διάνοιαν
2810 4793 3008 4858 εἰπὼν,
3047 4796 3292 4864 exterae
3333 4799 3431 4852 καὶ
3481 4801 3738 4868 erumni-

2167 4888 2299 4940 σεις
2326 4877 2658 4933 κατέλαϐόν
2677 4899 2754 4950 με
2773 4900 2786 4914 ο
2812 4886 2872 4938 αἱ
2892 4883 2960 4937 δὲ
2985 4886 3222 4939 ἐντολαὶ
3253 4887 3511 4955 ἔτερπον
3537 4908 3609 4958 με
3627 4909 3640 4920 ·
3665 4891 3741 4954 ὡς

2168 4963 2368 5028 παντὸς
2404 4964 2685 5032 Osco-£606;
2732 4969 3068 5042 βαρουμαένου
3111 4974 3208 5044 μὲν
3239 4977 3332 5030 καὶ
3362 4977 3742 5049 δυσχεραίνον-

2163 5069 2258 5116 τος
2286 5054 2378 5108 ὲπὶ
2406 5059 2520 5119 τοῖς
2549 5057 2638 5111 τοῦ
2685 5059 2801 5129 βίου
2848 5064 3187 5134 πράγμασιν,
3229 5067 3636 5134 ἀποκακοῦντός
3678 5091 3737 5125 τε

2165 5144 2229 5197 ὲκ
2253 5145 2354 5217 τῆς
2381 5147 2488 5200 τῶν
2513 5149 2811 5216 ἀνθρώπων
2838 5155 3052 5218 κακίας,
3098 5157 3264 5226 μόνην
3296 5159 3351 5210 δὲ
3385 5162 3600 5230 ἔχοντος
3630 5181 3737 5216 πα-

2167 5237 2438 5306 ραμυθίαν
2460 5240 2554 5293 καὶ
2577 5240 2875 5313 ἀνάκτησιν
2903 5246 3002 5298 καὶ
3020 5247 3211 5317 τέρψιν
3236 5248 3332 5319 τὴν
3363 5251 3596 5322 μελέτην
3625 5255 3738 5306 τῶν

2164 5327 2390 5382 ἐντολῶν
2419 5329 2513 5382 τοῦ
2555 5331 2711 5384 Θεοῦ.

2232 5411 2586 5489 Δικαιοσύνη
2629 5423 2712 5475 ’τὰ
2755 5425 3049 5494 μαρτύριά
3098 5442 3213 5481 σου
3261 5431 3348 5495 εις
3395 5431 3504 5484 τὸν
3527 5432 3733 5496 αἰῶνα,

2632 5514 2734 5568 καὶ
2760 5514 3028 5586 ζήσομαι.
3059 5517 3208 5589 Δῦτη
3239 5520 3272 5592 ή
3297 5520 3634 5596 δικαιοσύνη,
3669 5527 3735 5596 ῆν
