3994 6424
281 387 422 444 1589

1416 385 1922 444 COMMENTARIA
1963 384 2029 440 IN
2067 383 2398 442 PSALMOS.

3402 388 3543 446 i590

277 501 558 572 ἀσκοῦμεν
598 501 690 554 ἐπὶ
735 501 829 554 τοῦ
864 502 1146 572 παρόντος,
1183 503 1281 555 οὐκ
1319 502 1627 557 ἀποδίδοται
1655 501 1784 574 ἡμῖν
1811 504 1858 556 ὲκ

1973 504 2027 558 in
2070 503 2324 574 praesenti
2360 516 2701 566 exercemus,
2740 516 2849 556 non
2904 501 3065 556 datur
3096 500 3253 556 nobis
3295 501 3361 554 ad
3408 518 3542 572 pan-

276 592 484 659 ὸλίγαις
526 591 780 662 ἡμέραις,
811 591 924 644 ἀλλ’
949 594 1028 654 εἰς
1055 591 1143 645 τὸν
1171 591 1360 644 αἰῶνα.
1381 591 1470 643 Ἑν
1509 591 1717 654 τούτοις
1752 593 1859 644 πᾶ·-

277 699 364 734 σιν
397 684 584 735 αἰτείό
607 683 896 753 Προφήτης
927 683 1034 735 ἀπὸ
1057 679 1151 736 τοῦ
1181 681 1316 734 Θεοῦ
1348 682 1584 742 σύνεσιν,
1612 683 1672 735 τὸ
1695 683 1861 751 ἀναγ-

277 773 563 826 καιότατον
585 772 693 825 τῶν
721 773 815 826 τοῦ
839 770 971 824 Θεοῦ
1000 772 1357 842 δωρημάτων,
1385 771 1479 825 καὶ
1497 772 1644 840 λέγει
1663 789 1675 802 ⁸
1707 775 1858 826 Συν-

273 864 483 917 ἐτισάν
499 881 598 932 με,
622 865 722 916 ἵνα
746 862 902 929 ζήσω
919 881 933 893 ⁵
967 865 1052 916 ἐπ’
1082 863 1296 932 ἐκείνην
1317 862 1424 933 γὰρ
1451 862 1550 932 τὴν
1583 863 1859 934 μακαρίαν

275 955 422 1025 ζωὴν
453 954 678 1026 ἀνόητος
705 955 804 1007 οὐκ
835 954 1052 1026 ἔρχεται
1082 953 1114 1024 ἢ
1150 953 1424 1016 ἀσύνετος,
1452 953 1587 1007 ἀλλὰ
1609 953 1688 1007 δεῖ
1709 955 1859 1025 αίτῆ-

276 1064 371 1100 σαι
405 1047 555 1118 παρά
583 1045 678 1099 τοῦ
702 1045 836 1099 Θεοῦ
863 1044 1097 1110 σύνεσιν,
1120 1045 1214 1097 τοῦ
1243 1045 1472 1108 διδόντος
1503 1047 1638 1098 πᾶσι
1661 1049 1772 1110 τοῖς
1799 1047 1856 1112 ἐξ

273 1139 404 1208 ὅλης
428 1137 605 1208 ψυχῆς
628 1136 867 1191 αἰτοῦσιν
893 1135 1077 1198 αὑτὸν,
1104 1136 1192 1193 ἵνα
1221 1135 1477 1199 λαϐόντες
1511 1136 1746 1202 σύνεσιν,
1767 1137 1858 1190 δυ-

274 1230 532 1300 νηθῶμεν
569 1230 770 1282 εἰπεῖν·
791 1228 1141 1284 ’Συνέτισόν
1175 1244 1274 1296 με,
1309 1227 1410 1281 καί
1443 1226 1713 1297 ζήσομαι.

359 1315 683 1384 Ἐκέκραεα
712 1317 782 1370 ἐν
801 1315 914 1384 ὅλη
937 1314 1152 1385 καρδίᾳ
1171 1333 1311 1385 μου,
1339 1315 1691 1370 ἐπάκουσόν
1711 1331 1856 1384 μου,

273 1409 474 1476 Κύριε,
514 1407 588 1460 τὰ
625 1405 985 1476 δικαιώματὰ
1033 1421 1149 1461 σου
1197 1403 1859 1474 ἐκζητήσω.Ὲκέκραεά

272 1515 398 1562 σοι,
443 1497 652 1553 σῶσόν
685 1515 778 1565 με,
821 1497 923 1551 καί
973 1496 1224 1568 φυλάξω
1276 1497 1348 1552 τὰ
1384 1495 1679 1566 μαρτύριά
1717 1513 1855 1551 σου.

271 1591 634 1659 Προέερθασα
656 1590 842 1657 dupla.
876 1590 974 1644 καί
1001 1587 1316 1656 ἐκέκραξα,
1343 1590 1431 1654 εἰς
1466 1587 1606 1654 τοὺς
1636 1587 1858 1656 λόγους

270 1668 393 1735 σου
416 1681 746 1749 ἐπήλπισα.
766 1682 1158 1751 Προέφθασαν
1179 1684 1232 1736 ol
1255 1681 1550 1750 ὀφθαλμοί
1572 1662 1690 1751 μοι)
1711 1680 1860 1748 πρὸς

271 1775 510 1842 ὄρθρον,
534 1774 643 1828 τοῦ
660 1771 923 1843 μελετᾷν
947 1774 1018 1827 τὰ
1043 1773 1217 1843 λόγιά
1231 1790 1368 1828 σου.
1385 1773 1443 1826 ’0
1462 1775 1518 1825 ἐν
1534 1771 1708 1844 ἀωρίᾳ
1727 1787 1859 1842 προ-

1969 611 2065 651 cos
2098 596 2237 659 dies,
2263 595 2356 652 sed
2382 595 2436 648 in
2463 602 2750 649 aeternum.
2777 592 2833 647 ln
2860 594 2945 647 his
2981 593 3237 647 omnibus
3272 592 3540 662 Propheta

1970 687 2312 757 prudentiam
2348 700 2378 738 a
2428 683 2535 738 Deo
2569 685 2794 754 expetit,
2845 684 2990 754 quod
3031 692 3117 739 est
3149 684 3392 738 omnium
3448 683 3540 738 Dei

1967 777 2236 832 donorum
2260 775 2496 829 maxime
2548 775 2960 840 necessarium;
3023 789 3087 828 ac
3127 774 3259 828 dicit
3287 795 3299 829 :
3323 772 3540 828 Intelle-

1963 876 2108 920 ctum
2140 865 2216 918 da
2247 865 2397 928 mihi,
2423 872 2480 917 ut
2508 863 2780 918 vivam.'ln
2809 864 2956 918 illam
2987 864 3188 934 quippe
3203 865 3415 920 beatam
3456 863 3539 918 vi-

1963 965 2074 1012 tam
2111 971 2304 1012 amens
2329 963 2385 1011 et
2419 955 2690 1025 insipiens
2720 970 2827 1009 non
2863 955 3205 1025 ingreditur;
3251 955 3347 1010 sed
3377 954 3540 1008 intel-

1962 1049 2162 1104 lectum
2196 1062 2226 1100 a
2277 1045 2388 1101 Deo
2423 1054 2672 1116 petamus
2722 1056 2957 1116 Oportet,
3009 1045 3103 1116 qui
3155 1045 3249 1100 dat
3284 1045 3540 1118 omnibus

1964 1145 2082 1193 toto
2113 1137 2278 1192 corde
2307 1137 2375 1192 ab
2417 1151 2477 1192 se
2514 1136 2825 1206 petentibus
2856 1152 2868 1187 :
2902 1143 2960 1188 ut
2990 1143 3216 1207 accepto
3261 1134 3538 1190 intellectu

1961 1230 2144 1284 dicere
2168 1229 2447 1284 valeamus
2476 1246 2488 1280 :
2521 1225 2854 1281 Intellectum
2879 1226 2948 1280 da
2982 1226 3131 1292 mihi,
3163 1235 3213 1281 et
3239 1227 3428 1281 vivam.

2035 1317 2203 1372 Vnus.
2229 1316 2486 1372 145-148.
2524 1314 2769 1371 Clamavi
2796 1316 2850 1369 in
2870 1324 2980 1370 toto
2999 1314 3155 1370 corde
3179 1331 3314 1382 meo,
3344 1313 3539 1368 exaudi

1961 1427 2063 1474 me,
2101 1408 2342 1473 Domine,
2364 1407 2782 1478 justiﬁcationes
2825 1416 2943 1461 tuas
2976 1408 3256 1477 requiram.
3299 1405 3539 1461 Clamavi

1962 1499 2030 1554 ad
2064 1508 2132 1564 te,
2175 1499 2379 1554 salvum
2416 1515 2496 1552 nte
2532 1497 2640 1566 fac,
2670 1506 2718 1552 et
2751 1497 3050 1552 custodiam
3095 1495 3394 1552 testimonia
3424 1506 3536 1550 tua.

1963 1587 2207 1642 Prteveni
2237 1588 2290 1640 in
2321 1587 2626 1654 crepusculo
2657 1596 2706 1640 et
2750 1586 2999 1651 clamavi,
3050 1588 3106 1640 in
3136 1585 3290 1640 verba
3324 1595 3417 1647 tua
3444 1601 3536 1640 su-

1964 1679 2284 1748 persperavi.
2314 1677 2686 1732 Prwvenerunt
2717 1678 2860 1734 oculi
2884 1679 2986 1732 mei
3009 1678 3243 1732 diluculo
3283 1677 3352 1731 ad
3373 1677 3540 1731 medi-

1973 1773 2191 1822 tandum
2220 1768 2430 1839 eloquia
2456 1778 2568 1823 tua.
2615 1767 2720 1834 Qui
2753 1769 2808 1822 in
2839 1768 3167 1838 crepusculo
3193 1767 3452 1838 praevenit
3485 1774 3541 1823 et

489 1867 584 1919 καὶ
618 1838 708 1920 τδν
737 1838 869 1918 Θεὸν
895 1838 1324 1936 ἐπικαλούμενος
1351 1838 1726 1936 ἐλευθεροῦται
1750 1838 1858 1916 τῶν

1968 1847 2137 1914 Deum
2187 1838 2425 1923 invocat,
2481 1873 2512 1912 a
2557 1858 2844 1914 nocturnis
2898 1858 3114 1914 insidiis
3148 1859 3436 1922 liberatur,
3484 1863 3540 1913 et

272 1958 604 2028 νυκτερινῶν
632 1957 956 2020 ἐπιϐουλῶν,
987 1959 1080 2010 καὶ
1108 1959 1170 2010 ὲν
1186 1957 1265 2027 τῷ
1293 1956 1477 2028 ὄρθρῳ
1497 1954 1684 2020 αὑτοῦ,
1707 1972 1860 2008 τουτ-

272 2047 424 2100 έστιν
449 2047 507 2099 ὲν
540 2049 606 2117 τῇ
643 2046 873 2118 ἀνατολῇ
915 2044 1009 2099 τοῦ
1048 2045 1222 2114 φωτὸς
1263 2044 1658 2116 προφθάνοντος
1698 2042 1860 2112 δηλα-

269 2137 361 2208 δὴ,
388 2138 516 2200 τοὺς
565 2137 876 2207 ὀφθαλμοὺς
925 2133 1387 2206 προαπαντῶντας
1427 2133 1712 2204 κέκτηται,
1764 2131 1859 2183 καὶ

275 2229 481 2300 μελετᾷ
509 2227 603 2282 τοῦ
633 2227 767 2282 Θεοῦ
799 2227 895 2280 σῦν
923 2227 1207 2299 παρρησίᾳ
1230 2223 1300 2278 τά
1319 2225 1492 2293 λόγια.
1510 2223 1724 2292 Ἐκείνη
1753 2220 1860 2293 γὰρ

1963 1949 2225 2015 diluculo,
2270 1949 2322 2002 id
2349 1957 2433 2004 est
2465 1955 2588 2002 ortu
2617 1948 2780 2013 lucis,
2839 1948 2954 2018 jam
2989 1947 3305 2012 accedente,
3347 1947 3540 2003 oculos

1965 2038 2014 2094 ei
2044 2045 2402 2094 occurrentes
2441 2037 2626 2104 habet,
2674 2053 2740 2092 ac
2775 2052 2898 2091 cum
2949 2035 3146 2091 ﬁducia
3192 2035 3288 2091 Dei
3324 2035 3539 2107 eloquia

1966 2127 2281 2182 meditatur.
2318 2124 2415 2181 Illa
2448 2142 2687 2196 namque
2723 2126 2907 2180 anima
2939 2112 3284 2196 potissimum
3325 2125 3380 2179 in
3422 2123 3541 2194 lege

1970 2217 2190 2290 gaudet,
2223 2234 2346 2288 quae
2379 2218 2483 2275 sibi
2518 2217 2888 2274 exsecutionis
2919 2217 3040 2288 ejus
3071 2217 3295 2272 conscia
3324 2223 3430 2272 est.

275 2321 514 2390 μάλιστα
555 2320 633 2391 τῷ
665 2321 814 2391 νόμῳ
853 2319 1032 2389 χαίρει
1069 2315 1238 2386 ψυχὴ,
1267 2316 1387 2386 ἥτις
1436 2315 1574 2385 αὑτὴ
1623 2314 1859 2369 σύνοιδεν
1889 2310 2056 2380 ἑαυτῇ
2088 2307 2185 2380 τὴν
2222 2307 2581 2380 κατόρθωσιν.

349 2429 466 2496 Τῆς
503 2427 708 2498 φωνῆς
722 2446 840 2496 μου
864 2428 1153 2488 ἄκουσον,
1176 2427 1371 2494 Κύριε,
1405 2427 1556 2480 κατὰ
1583 2425 1653 2480 τὸ
1685 2426 1859 2491 ἔλεός

272 2537 415 2587 σου,
439 2521 589 2574 κατὰ
619 2520 684 2573 τὸ
705 2519 881 2589 κρῖμά
899 2534 1015 2573 σου
1038 2516 1222 2585 ζῆσόν
1235 2535 1330 2586 με.
1357 2518 1782 2587 Προσήγγισαν
1803 2519 1858 2570 οί

274 2610 742 2677 καταδιώκοντές
764 2628 840 2680 με
876 2612 1122 2679 ἀνομίᾳ·
1157 2609 1276 2664 ἀπὸ
1301 2609 1369 2662 δὲ
1401 2609 1507 2663 τοῦ
1528 2609 1716 2676 νόμου
1742 2622 1858 2662 σου

275 2702 759 2771 έμακρύνθησαν.
777 2701 985 2770 Ἑγγὺς
1005 2698 1064 2755 εἰ
1086 2700 1190 2764 σὺ,
1227 2701 1425 2766 Κύριε,
1453 2699 1550 2752 καί
1579 2696 1769 2752 πᾶσαι
1797 2700 1859 2750 αἰ

275 2793 408 2848 ὁδοί
438 2809 555 2848 σου
585 2793 854 2859 ἀλήθεια.
894 2792 1207 2860 Καταρχὰς
1234 2791 1425 2858 ἔγνων
1454 2790 1522 2842 ἑκ
1553 2789 1673 2842 τῶν
1705 2805 1854 2857 μαρογ

276 2885 494 2954 τυρίων
523 2899 660 2950 σου,
677 2884 767 2938 ὅτι
792 2886 878 2949 εἰς
908 2884 1016 2938 τὸν
1039 2882 1227 2938 αἰῶνα
1260 2880 1657 2951 ἐθεμελίωσας
1681 2879 1850 2934 αὑτά.

350 3079 464 3134 Ἴδε
505 3077 620 3146 τὴν
654 3077 1017 3131 ταπείνωσίν
1050 3093 1190 3144 μου,
1235 3073 1332 3127 καί
1358 3070 1573 3136 ἐξέλου
1616 3087 1713 3140 με,
1769 3070 1855 3122 ὅτι

278 3170 384 3224 τοῦ
413 3173 599 3239 νόμου
641 3183 757 3224 σου
782 3170 894 3223 οὐκ
925 3166 1326 3234 ἐπελαθόμην.
1353 3161 1572 3231 Κρῒνον
1601 3161 1714 3229 τὴν
1741 3160 1858 3227 κρίο

277 3278 382 3317 σιν
404 3280 523 3332 μου
563 3263 660 3316 καί
695 3261 999 3330 λύτρωσαί
1034 3276 1125 3324 με,
1157 3257 1257 3312 διὰ
1278 3256 1384 3310 τὸν
1411 3256 1595 3324 λόγον
1625 3269 1741 3306 σου
1772 3250 1860 3319 (ﬁ-

277 3355 396 3408 σόν
413 3371 510 3422 με.
545 3354 590 3405 Κ
600 3351 815 3424 ριθῆναι
841 3351 975 3422 πρὸς
1005 3351 1130 3412 τοὺς
1157 3347 1385 3418 ἐχθροὺς
1407 3347 1551 3398 αἰτεῖ
1581 3344 1705 3407 τοὺς
1725 3345 1860 3412 ἀφα-

279 3445 384 3508 νῶς
416 3445 448 3514 ἢ
477 3443 733 3515 ἐμφανῶς
761 3441 1148 3513 πολεμοῦντας,
1171 3440 1265 3493 καὶ
1288 3435 1628 3509 λυτρωθῆναι
1646 3451 1660 3466 ·
1699 3434 1860 3506 μόνος

279 3540 387 3608 γάρ
417 3538 564 3589 ἐστιν
591 3537 619 3587 ὁ
650 3533 780 3596 Θεὸς
804 3533 833 3584 ὁ
863 3532 921 3598 ἐξ
953 3529 1225 3601 ἑκατέρων
1249 3526 1632 3599 λυτρούμενος,
1660 3525 1758 3578 καὶ
1795 3524 1858 3576 οὐ

279 3630 511 3683 Θανάτου
561 3627 720 3696 μόνον
763 3623 908 3695 ἡμᾶς
952 3619 1330 3685 ἀπαλλάττων,
1353 3617 1414 3670 δν
1440 3615 1722 3670 ἀπειλοῦσι
1764 3614 1860 3668 καὶ

278 3716 591 3788 ἐνεργοῦσιν
621 3715 670 3767 οἰ
697 3713 967 3784 δαίμονες,
999 3711 1136 3764 ἀλλά
1179 3708 1272 3762 καὶ
1315 3706 1459 3777 ζωὴν
1488 3705 1742 3777 παρέχων
1772 3701 1860 3756 διά

279 3809 372 3862 τὸν
403 3807 564 3860 αὐτὸν
601 3806 778 3874 λόγον.
811 3803 1060 3871 Μακρὰν
1109 3799 1227 3855 ἀπὸ
1273 3794 1636 3867 ἁμαρτωλῶν
1669 3809 1860 3861 σωτη-

278 3904 397 3970 ρία,
435 3902 524 3955 ὅτι
557 3899 628 3953 τὰ
671 3894 1031 3966 δικαιώματά
1071 3908 1187 3948 σου
1221 3892 1332 3944 οὐκ
1369 3885 1758 3954 ἐξεζήτησαν.
1795 3887 1858 3938 Ol

279 3989 567 4059 οἰκτιρμοί
587 4004 708 4042 σου
736 3987 973 4048 πολλοὶ,
1003 3986 1196 4052 Κύριε,
1229 3980 1380 4036 κατὰ
1422 3979 1487 4032 τὸ
1533 3975 1710 4047 κρῖμά
1742 3992 1858 4030 σου

279 4079 468 4148 ζῆσόν
493 4077 785 4147 με.”Ελεος
826 4073 1114 4146 ἀνθρώπου
1157 4073 1250 4125 ἐπὶ
1276 4073 1367 4125 τὸν
1395 4069 1620 4140 πλησίον
1648 4063 1813 4120 αὐτοῦ
1840 4081 1853 4095 ·

279 4170 431 4232 ἔλεος
467 4169 524 4221 δὲ
571 4168 774 4238 Κυρίου
810 4167 902 4218 ἐπὶ
949 4167 1126 4218 πᾶσαν
1155 4163 1352 4233 σάρκα,
1381 4157 1440 4223 ὃς
1487 4159 1582 4212 καὶ
1610 4157 1750 4211 πάνυ
1775 4156 1858 4208 διο

280 4263 565 4322 καιότατος
607 4255 745 4312 εἶναι
785 4259 951 4312 δοκεῖ.
997 4255 1286 4326 Συγκρίσει
1315 4252 1425 4321 γάρ
1450 4248 1751 4321 ἀνθρώπιον
1783 4246 1859 4310 ὡς

281 4353 420 4424 πρὸς
445 4353 544 4421 τὴν
576 4350 777 4421 ἀκριϐῆ
803 4349 984 4418 κρίσιν
1016 4345 1108 4399 τοῦ
1141 4343 1296 4407 Θεοῦ,
1327 4342 1476 4396 ὲλέου
1502 4341 1672 4395 δεῖται
1696 4338 1757 4392 τὸ
1784 4337 1858 4390 δί-

2039 2418 2207 2474 Vens.
2240 2418 2496 2473 “9.152.
2538 2417 2726 2472 Vocem
2779 2433 2949 2472 meam
2982 2415 3132 2482 audi,
3176 2415 3418 2480 Domine,
3461 2432 3539 2470 se-

1953 2501 2194 2562 cundum
2245 2506 2665 2562 misericordiam
2717 2515 2862 2560 tuam
2890 2547 2906 2571 ,
2959 2505 3245 2560 secundum
3275 2505 3540 2574 judicium

1962 2606 2110 2650 tuum
2137 2596 2342 2664 vivi/ica
2366 2612 2466 2648 me.
2495 2595 3057 2664 Appropinquaveruut
3078 2603 3436 2664 persequentes
3461 2611 3541 2649 me

1959 2685 2277 2754 iniquitati:
2314 2702 2346 2737 a
2385 2685 2494 2753 lege
2520 2694 2694 2738 autem
2725 2696 2815 2736 tua
2846 2684 2997 2752 longe
3013 2683 3144 2746 facti
3179 2692 3321 2736 sunt.
3371 2683 3541 2752 Prope

1959 2791 2013 2828 es
2046 2784 2124 2835 tu,
2181 2773 2436 2835 Domine.
2491 2783 2541 2828 et
2581 2790 2758 2828 omnes
2800 2775 2898 2828 via:
2949 2782 3054 2827 tute
3099 2774 3312 2827 veritas.
3373 2772 3538 2829 Initio

1962 2865 2181 2934 cognovi
2226 2864 2290 2918 de
2336 2864 2652 2918 testimoniis
2685 2865 2812 2929 tuis,
2853 2865 2980 2934 quia
3019 2864 3074 2918 in
3105 2871 3360 2917 wternum
3402 2863 3541 2932 [un-

1962 2953 2108 3008 dasti
2153 2971 2235 3010 ea.

2041 3064 2210 3123 Vens.
2239 3065 2498 3120 155-156.
2567 3064 2693 3120 Vide
2732 3064 3082 3120 humilitatem
3119 3081 3286 3120 meam
3324 3073 3373 3119 et
3402 3065 3540 3132 eripe

1911 3152 1929 3173 ‘
1968 3172 2069 3220 me,
2098 3158 2224 3226 quia
2253 3156 2413 3228 legem
2445 3167 2590 3211 tuam
2625 3173 2729 3211 non
2767 3172 2885 3210 sum
2914 3157 3132 3212 oblitus.
3166 3155 3361 3210 Judica
3387 3155 3540 3223 judi-

1963 3249 2102 3300 cium
2136 3264 2306 3301 meum
2333 3257 2381 3302 et
2413 3247 2608 3301 redime
2636 3263 2737 3311 me,
2789 3259 3000 3316 propter
3035 3246 3246 3302 verbum
3280 3256 3427 3314 tuum
3465 3250 3540 3301 ui-

1962 3339 2117 3405 vi/ica
2165 3353 2264 3390 me.
2302 3336 2506 3391 Contra
2540 3335 2792 3391 inimicos
2836 3337 2921 3391 vel
2957 3336 3097 3390 clam
3147 3337 3229 3392 vel
3266 3337 3445 3408 palam
3479 3352 3541 3393 se

1962 3433 2343 3497 oppugnantes
2364 3425 2636 3495 judicium
2670 3425 2824 3488 ferri,
2855 3432 2910 3480 et
2939 3425 3159 3480 liberari
3190 3441 3250 3481 se
3275 3427 3536 3497 postulat.

1968 3518 2132 3573 Solus
2161 3533 2400 3588 namque
2431 3517 2704 3592 Deusest,
2737 3517 2832 3587 qui
2880 3516 2950 3572 ab
2986 3518 3232 3588 utrisque
3280 3519 3538 3586 redimit;

1962 3617 2018 3665 et
2047 3625 2156 3665 non
2186 3624 2218 3664 a
2251 3617 2427 3664 morte
2459 3609 2638 3665 solum
2683 3624 2786 3665 nos
2818 3609 3032 3672 liberat,
3071 3625 3235 3680 quam
3263 3611 3540 3666 daemones

1962 3698 2242 3753 minantur
2279 3707 2334 3754 et
2388 3698 2650 3765 inferunt,
2700 3713 2891 3752 verum
2943 3697 3106 3751 etiam
3152 3698 3224 3752 ob
3290 3698 3537 3753 eamdem

1963 3789 2232 3843 rationem
2262 3786 2428 3841 vitam
2461 3787 2686 3856 prabet.
2713 3784 2888 3854 Longe
2913 3800 2946 3837 a
2975 3785 3339 3853 peccatoribus
3362 3785 3532 3850 salus,

1960 3881 2088 3950 quia
2125 3879 2535 3949 iustiﬁcationes
2584 3885 2703 3929 tuas
2753 3891 2856 3929 non
2897 3875 3274 3945 exquisierunt.
3331 3875 3540 3930 Miseri-1»

1960 3970 2155 4025 cordia:
2209 3977 2316 4022 tua:
2367 3967 2569 4031 mutue,
2631 3965 2881 4031 Domine,
2942 3966 3229 4020 secundum
3270 3966 3537 4036 judicium

1963 4070 2110 4112 tuum
2158 4057 2366 4126 vivi/ica
2403 4072 2504 4109 me.
2549 4053 2922 4109 Misericordia
2965 4054 3203 4109 hominis
3239 4054 3297 4108 in
3345 4054 3537 4123 prosi~

1962 4163 2110 4203 mum
2145 4162 2307 4204 suum
2341 4153 2464 4213 est;
2505 4143 2887 4200 misericordia
2929 4159 3060 4198 vero
3090 4143 3185 4198 Dei
3234 4145 3290 4199 in
3318 4159 3535 4199 omnem

1961 4254 2208 4305 carnem,
2237 4237 2330 4308 qui
2354 4237 2518 4293 etiam
2542 4237 2701 4306 longe
2727 4234 3070 4306 iustissimus
3091 4241 3197 4289 est.
3225 4232 3360 4287 Nam
3387 4248 3538 4288 com-

1965 4331 2252 4404 paratione
2283 4329 2565 4384 hominum
2612 4327 2755 4381 facta
2791 4326 2860 4381 ad
2895 4332 3214 4380 accuratum
3257 4322 3350 4378 Dei
3387 4323 3538 4393 judi-

280 4411 453 4496 xatou.
489 4411 603 4493 ίΙᾶν
651 4411 777 4511 γὰρ,
803 4411 857 4490 ὃ.
885 4439 1032 4491 δοκεῖ
1063 4435 1340 4504 γεγονέναι
1369 4431 1488 4486 κατ’
1517 4430 1682 4494 ἔλεον,
1719 4427 1857 4498 ἐλέῳ

1968 4419 2154 4480 cium,
2196 4417 2413 4486 justitia
2468 4415 2848 4471 misericordia
2894 4413 3119 4484 indiget.
3165 4411 3540 4482 Quodcunque

279 4531 417 4585 Θεοῦ
447 4531 672 4599 γίνεται.
699 4529 764 4581 Τί
784 4529 892 4598 γάρ
919 4543 1003 4590 τις
1034 4525 1182 4592 ἀξιον
1210 4521 1472 4593 πεποίηκε
1503 4519 1719 4574 αἰωνίου
1751 4531 1856 4588 μα-

283 4621 602 4692 καριότητος
639 4619 732 4672 καὶ
764 4617 1036 4688 βασιλείας
1055 4613 1318 4686 οὐρανῶν,
1350 4613 1424 4683 μὴ
1455 4611 1558 4664 ὑπὸ
1581 4607 1716 4662 Θεοῦ
1742 4607 1859 4677 βοη-

282 4711 375 4766 Θού
383 4728 540 4782 μενος
554 4707 862 4776 ;-Πολλοί
880 4710 933 4760 οἰ
953 4703 1334 4769 ἐκδιώκοντές
1343 4720 1420 4772 με
1441 4701 1536 4755 καί
1554 4696 1858 4762 θλίϐοντές

276 4819 376 4871 με,
411 4803 479 4854 ὲκ
510 4800 628 4854 τῶν
656 4798 996 4868 μαρτυρίων
1047 4811 1164 4850 σου
1199 4796 1311 4848 οὐκ
1349 4791 1648 4856 ἐξέκλινα.
1676 4785 1858 4842 Εἶδον

281 4887 730 4953 ἀσυνετοῦντας
784 4885 884 4940 καί
951 4884 1338 4952 ἐξετηκόμην,
1383 4881 1472 4934 ὅτι
1549 4879 1622 4933 τὰ
1685 4875 1860 4946 λόγιά

283 4994 400 5033 σου
431 4981 543 5032 οὐκ
580 4973 1124 5046 ἐφυλάξαντο.¹¹1δε,
1168 4973 1259 5026 ὅτι
1305 4973 1411 5037 τὰς
1450 4967 1702 5034 ἐντολάς
1741 4981 1858 5022 σου

281 5061 589 5130 ἠγάπησα,
610 5061 806 5127 Κύριε,
832 5058 902 5111 ἐν
925 5057 1006 5123 τῷ
1033 5056 1188 5110 ἐλέει
1219 5069 1335 5108 σου
1369 5053 1553 5123 ζῆσόν
1574 5069 1668 5121 με.
1687 5049 1857 5120 Ἀρχὴ

285 5150 403 5204 τῶν
429 5152 627 5218 λόγων
655 5163 773 5202 σου
800 5147 1050 5213 ἀλήθεια
1067 5163 1080 5177 ·
1118 5146 1216 5200 καί
1243 5147 1330 5211 εἰς
1355 5145 1462 5200 τὸν
1489 5143 1676 5200 αἰῶνα
1713 5142 1860 5196 πάν-

181 5243 183 5246 ⁴
285 5257 360 5294 τα
378 5240 452 5293 τὰ
481 5240 733 5314 κρίματα
760 5237 870 5306 τῆς
897 5237 1285 5304 δικαιοσύνης
1311 5251 1446 5291 σου.

359 5436 680 5504 Ἄρχοντες
710 5431 1074 5497 κατεδίωξαν
1089 5449 1166 5501 με
1193 5432 1439 5500 δωρεὰν,
1468 5432 1565 5485 καί
1595 5433 1711 5486 ἀπὸ
1744 5432 1860 5486 τῶν

286 5529 482 5596 λόγων
502 5541 618 5579 σου
646 5523 985 5578 ἐδειλίασεν
1021 5524 1059 5591 ἡ
1088 5522 1300 5591 καρδία
1320 5541 1456 5593 μου.
1477 5522 1858 5592 Ἁγαλλιάσο-

281 5633 389 5686 μαι
418 5616 532 5686 ἐγὼ
555 5615 653 5669 ἐπὶ
686 5613 760 5667 τὰ
795 5612 968 5683 λόγια
989 5628 1126 5678 σου,
1153 5614 1233 5680 ὡς
1266 5616 1299 5668 ό
1333 5614 1631 5682 εὑρίσκων
1659 5615 1860 5670 σκῦλα

284 5705 506 5772 πολλά.
524 5705 774 5772 Ἀδικίας
796 5705 1061 5777 ἐμίσησα
1084 5705 1180 5761 καί
1207 5703 1636 5784 ἐϐδελυξὰμην,
1669 5706 1771 5765 τὸν
1793 5706 1860 5767 δὲ

1965 4509 2113 4565 enim
2147 4509 2449 4564 secundum
2485 4507 2918 4562 misericordiam
2963 4505 3147 4576 peragi
3174 4505 3411 4572 videtur,
3437 4505 3538 4558 mi-

1965 4599 2266 4655 sericordia
2311 4598 2403 4654 Dei
2439 4597 2692 4654 eﬂicitur.
2749 4596 2892 4663 Quid
2925 4595 3072 4650 enim
3118 4595 3245 4665 quis
3295 4609 3536 4666 unquam

1963 4697 2169 4744 aeterna
2194 4688 2538 4744 beatitudine
2573 4693 2628 4742 et
2660 4701 2827 4758 regno
2871 4686 3135 4741 cmlorum
3163 4685 3388 4756 dignum
3418 4700 3539 4755 ges-

1965 4779 2120 4842 serit,
2156 4778 2263 4834 nisi
2295 4777 2404 4832 Deo
2428 4777 2768 4848 opitulante?
2794 4806 2864 4817 -
2896 4774 3064 4832 Vsus.
3092 4775 3347 4831 157-160.
3374 4773 3538 4830 Multi

1963 4867 2052 4938 qui
2091 4877 2470 4937 persequuntur
2504 4882 2584 4920 me
2609 4874 2658 4920 et
2707 4865 2965 4921 tribulam
2998 4881 3102 4932 me,
3147 4881 3180 4919 a
3225 4862 3536 4918 testimoniis

1964 4958 2068 5011 tuis
2100 4973 2205 5011 non
2236 4957 2514 5011 declinavi.
2580 4955 2697 5009 Vidi
2735 4955 3062 5027 insipientes,
3103 4967 3152 5011 et
3185 4955 3532 5020 tabescebam,

1964 5042 2090 5113 quia
2122 5042 2332 5112 eloquia
2388 5053 2480 5096 tua
2525 5059 2628 5097 non
2677 5045 3056 5100 custodierunt.
3119 5042 3246 5098 Vide
3289 5046 3538 5112 quoniam

1965 5132 2224 5186 mandata
2256 5142 2349 5187 tua
2400 5134 2585 5197 dilexi,
2638 5133 2880 5200 Domine,
2930 5137 2984 5189 in
3032 5133 3398 5188 misericordia
3445 5145 3538 5189 tua

1964 5226 2170 5294 viviﬁca
2205 5243 2306 5280 me.
2341 5225 2671 5294 Principium
2706 5228 2976 5282 verborum
3006 5235 3216 5278 tuorum
3244 5227 3455 5293 veritas,
3485 5235 3538 5281 et

1965 5317 2021 5370 in
2057 5326 2312 5372 asternum
2335 5317 2513 5371 omnia
2533 5316 2744 5386 judicia
2767 5318 2992 5388 justitite
3016 5325 3142 5372 tuas.

2035 5429 2201 5488 Vens.
2222 5431 2473 5486 161-164.
2495 5432 2764 5503 Principes
2779 5431 3036 5500 persecuti
3051 5437 3172 5485 sunt
3188 5431 3470 5500 megratis,
3487 5438 3537 5484 et

1966 5537 1998 5574 a
2031 5521 2200 5576 verbis
2231 5523 2336 5576 tuis
2365 5523 2670 5591 formidavit
2702 5538 2791 5576 cor
2823 5536 3015 5575 meum.
3050 5519 3297 5576 Letabor
3321 5537 3414 5590 ego
3442 5537 3536 5576 su-

1965 5630 2055 5684 per
2080 5613 2290 5683 eloquia
2315 5624 2426 5680 tua,
2459 5617 2595 5670 sicut
2626 5615 2716 5685 qui
2743 5612 2933 5668 invenit
2959 5613 3129 5685 spolia
3168 5613 3357 5667 multa.
3421 5611 3536 5666 Ini-

1963 5682 2194 5780 quitatet
2248 5704 2368 5763 odio
2397 5706 2585 5781 flabui
2604 5682 2654 5761 et
2684 5682 3021 5764 abominatus
3052 5720 3191 5772 sum,
3239 5705 3398 5782 legem
3437 5721 3534 5765 au-
