3994 6424
493 407 629 468 1391

1234 401 1500 458 EUSEBII
1537 399 2013 456 CAESARIENSIS
2050 398 2199 454 OPP.
2229 397 2406 452 PARS
2443 396 2532 452 111.
2575 427 2646 435 —-
2685 389 3120 451 EXEGETICA.'

3604 397 3624 449 1
3637 395 3731 449 ειη

497 535 600 582 tem
643 533 790 577 tuam
823 522 1006 577 dilexi.
1051 518 1248 588 Septies
1297 520 1352 571 in
1399 517 1484 570 die
1535 517 1745 570 laudem
1801 514 1914 568 dixi
1969 514 2057 567 tibi

2165 515 2354 582 νόμον
2373 529 2491 565 σου
2518 510 2826 580 ἠγάπησα.
2845 488 3117 576 ’ἑπτάκις
3143 509 3255 577 τῆς
3291 510 3517 578 ἡμέρας
3557 511 3739 577 ﬁre-ad

493 633 648 685 super
669 617 876 688 judicia
903 615 1132 687 justitiaz
1157 622 1280 667 tute.
1325 611 1439 667 lloc
1479 613 1606 666 item
1647 611 1920 680 intelligas
1959 610 2064 665 hac

493 709 723 772 ratione,
763 708 908 778 quod
939 705 1198 760 nimirum
1229 713 1354 757 ante
1382 704 1551 758 solem
1578 702 1772 757 electo
1809 715 2062 770 surgens,

494 799 794 856 secundum
826 799 957 853 illud
996 817 1009 852 :
1050 797 1126 852 De
1172 805 1318 850 nocte
1348 811 1498 848 mane
1531 795 1798 864 consurgit
1845 794 2064 862 spiritus

493 906 639 946 meus
675 889 744 942 ad
779 898 848 952 te,
895 887 1036 942 Deus
1063 889 1138 952 ¹¹;
1171 894 1223 942 et
1255 904 1267 940 :
1311 885 1483 950 Deus,
1529 883 1667 938 Deus
1705 899 1870 947 meus,
1915 883 1984 936 ad
2015 893 2065 935 te

491 991 557 1041 de
583 985 695 1038 luce
716 982 872 1051 vigilo
891 982 957 1044 “,
990 981 1225 1051 primum
1252 979 1524 1034 emitteret
1549 977 1841 1048 hymnum;
1868 976 2065 1032 deinde

490 1079 733 1132 instante
763 1073 872 1137 die,
931 1071 1103 1141 prima
1153 1070 1284 1124 hora
1329 1069 1460 1132 diei,
1519 1068 1674 1138 quasi
1731 1068 2060 1122 sacriﬁcium

493 1163 846 1224 matutinum,
902 1161 1204 1216 secundum
1238 1159 1500 1230 hymnum
1549 1157 1659 1213 Deo
1688 1158 2058 1228 persolveret;

492 1253 626 1308 hora
681 1252 934 1308 similiter
978 1251 1164 1314 tertia,
1217 1251 1343 1305 item
1404 1251 1656 1316 tertium;
1705 1257 1857 1306 sexta
1908 1248 2059 1312 item,

491 1335 782 1413 quartum;
829 1357 996 1406 nona,
1033 1342 1320 1412 quintum;
1369 1340 1692 1396 duodecima
1728 1340 1883 1404 hora,
1937 1351 2062 1394 sex-

493 1443 609 1488 tum
637 1450 652 1499 ;
687 1426 886 1488 deinde
918 1447 1144 1502 vespera
1172 1439 1297 1502 post
1322 1431 1619 1486 adhibitam
1653 1431 1868 1500 corpori
1901 1443 2064 1484 cura~

491 1521 720 1586 tionem,
765 1520 831 1574 ad
857 1520 1056 1574 lectum
1088 1534 1438 1582 accessurus,
1481 1519 1768 1588 septimum
1800 1519 2061 1589 hymnum

491 1610 795 1666 elfun'deret
821 1628 835 1677 ;
869 1619 1033 1681 atque
1070 1610 1145 1664 ita
1173 1609 1429 1680 implebat
1459 1609 1588 1664 illud
1617 1626 1631 1663 :
1670 1606 1866 1679 Septies
1897 1609 1951 1662 in
1979 1607 2063 1662 die

489 1701 699 1761 laudem
731 1702 845 1758 dixi
872 1701 982 1760 tibi.

2121 616 2134 640 ί
2170 619 2246 657 σε
2266 604 2361 656 ἐπὶ
2391 603 2464 656 τὰ
2487 603 2739 671 κρίματα
2776 599 2884 667 τῆς
2923 601 3320 667 δικαιοσύνης
3343 617 3482 654 σου.
3514 601 3738 671 Neque-.4;
3835 611 3844 616 '

2166 694 2260 747 καὶ
2291 693 2461 756 οὑτως
2486 694 2786 763 ἐπιστήσας
2803 691 2878 754 ὡς
2899 692 3003 762 πρὸ
3030 691 3180 761 ἡλίου
3212 690 3620 761 διανιστάμενος
3647 691 3739 759 τῆς

2167 786 2348 854 κοίτης
2373 784 2513 839 κατά
2547 784 2641 837 τὸν
2678 783 2905 851 λέγοντα
2931 799 2943 813 ·
2987 783 3080 834 Ἐκ
3123 780 3346 847 νυκτὸς
3390 781 3636 848 ὁρθρίζει
3678 783 3736 834 τὸ

2165 876 2401 946 πνεῦμά
2419 894 2540 946 μου
2564 875 2714 943 πρὸς
2741 873 2836 937 σὲ,
2867 877 2900 927 ό
2933 875 3107 939 Θεός·
3143 874 3256 935 καὶ,
3289 877 3323 926 ό
3351 874 3517 939 Θεὸς,
3546 877 3579 927 ό
3600 874 3737 938 Θεός

2159 987 2299 1039 μου,
2318 969 2466 1038 πρὸς
2487 968 2562 1022 σὲ
2580 967 2833 1036 ὀρθρίζω,
2863 967 2953 1020 τὸν
2977 966 3192 1036 πρῶτον
3216 966 3536 1036 ἀνέπεμπεν
3555 966 3732 1035 ῦμνονο

2165 1056 2262 1113 εἶτ’
2277 1059 2574 1127 ἐπιστάσης
2593 1057 2820 1128 ἡμέρας,
2843 1055 2983 1109 κατὰ
3002 1055 3100 1126 τὴν
3123 1053 3344 1127 πρώτην
3363 1055 3535 1126 ὤραν,
3557 1056 3737 1127 ῶσπρ

2165 1148 2331 1202 ἕωθεν
2369 1148 2466 1218 τὴν
2513 1148 2703 1202 θυσίαν
2751 1146 3057 1218 προσέφερε
3095 1146 3173 1216 τῷ
3204 1146 3323 1216 Θεῷ
3353 1147 3445 1198 τὸν
3472 1147 3739 1218 δεύτερον,

2165 1240 2254 1292 καὶ
2283 1239 2423 1292 κατά
2444 1239 2542 1308 τὴν
2574 1238 2763 1308 τρίτην
2799 1236 3061 1300 ὡσαύτως
3085 1229 3196 1305 ’τὴν
3220 1236 3422 1305 τρίτον,
3458 1237 3554 1288 καὶ
3589 1236 3743 1289 πάλιν

2164 1327 2306 1380 κατὰ
2349 1326 2447 1397 τὴν
2493 1326 2658 1396 ἕκτην
2699 1325 2790 1378 τὸν
2839 1325 3115 1396 τέταρτον,
3149 1325 3287 1378 κατά
3337 1325 3393 1378 δὲ
3427 1325 3526 1395 τὴν
3552 1327 3737 1396 ἐνάτην

2163 1415 2312 1486 ὥραν
2343 1415 2433 1469 τὸν
2457 1415 2722 1485 πέμπτον,
2755 1414 2894 1472 κατά
2927 1413 2984 1467 δὲ
3007 1413 3102 1484 τὴν
3123 1414 3430 1484 δωδεκάτην
3449 1416 3541 1467 τὸν
3564 1417 3731 1481 ἕκτον,

2163 1501 2263 1558 εἶθ’
2296 1506 2535 1577 ἑσπέρας
2583 1505 2718 1575 μετά
2764 1505 2862 1575 τὴν
2889 1504 2983 1558 τοῦ
3015 1504 3264 1574 σώματος
3296 1505 3617 1576 θεραπείαν,
3645 1509 3732 1560 ἐπὶ

2163 1597 2348 1667 κοίτην
2378 1595 2583 1667 μέλλων
2609 1595 2903 1667 τρέπεσθαι
2948 1594 3037 1648 τὸν
3082 1595 3308 1666 ἕϐδομον
3355 1595 3525 1665 ὕμνον
3551 1598 3730 1650 ἀπεδί-

2162 1688 2274 1751 δου,
2314 1688 2408 1742 καὶ
2457 1685 2630 1752 οὑτως
2658 1686 2892 1756 ὲπλήρου
2926 1685 3020 1738 τό·
3065 1684 3337 1753 Ἐπτὰκις
3370 1685 3482 1754 τῆς
3516 1687 3733 1756 ἡμέρας

2164 1777 2356 1848 ᾗνεσιί
2393 1793 2486 1830 σε.

561 1874 730 1930 Venis.
764 1873 890 1930 165.
943 1873 1063 1928 Pax
1101 1874 1267 1928 multa
1301 1873 1634 1945 diligentibus
1682 1875 1844 1944 legem
1890 1881 2056 1938 tuam,

2231 1868 2456 1936 Εἰρήνη
2485 1867 2683 1934 πολλὴ
2709 1865 2833 1934 τοῖς
2863 1866 3134 1936 ἀγαπῶσι
3150 1866 3254 1920 τὸν
3276 1867 3466 1936 νόμον
3488 1884 3625 1932 σου,
3641 1870 3734 1922 καὶ

489 1974 540 2024 et
571 1983 674 2021 non
693 1973 771 2020 est
803 1967 913 2020 illis
939 1966 1274 2023 scandalum.
1341 1965 1436 2020 Dei
1475 1979 1672 2020 nomen
1713 1962 1933 2036 [legem]
1977 1963 2060 2016 di-

492 2056 786 2126 ligentibus
812 2071 914 2127 pax
943 2057 1084 2111 inest
1109 2055 1274 2109 inulta
1299 2074 1314 2122 ;
1351 2071 1459 2110 non
1486 2056 1665 2126 qualis
1683 2062 1907 2110 externa
1934 2070 1946 2105 :
1969 2053 2059 2106 illa

491 2151 694 2217 quippe
717 2162 826 2202 non
857 2163 1026 2224 penes
1083 2165 1186 2203 nos
1231 2155 1351 2214 est;
1388 2147 1482 2202 sed
1514 2161 1576 2202 ea
1609 2161 1730 2218 quae
1761 2146 1814 2199 in
1851 2145 2058 2215 cogita-

491 2237 736 2303 tionibus
766 2238 869 2293 sita
903 2245 1008 2303 est,
1045 2254 1110 2292 ex
1141 2253 1249 2308 qua
1292 2238 1625 2292 turbationis
1670 2244 1724 2291 et
1771 2236 2057 2299 tumultus,

489 2345 612 2400 qua:
651 2344 716 2382 ex
760 2329 1053 2384 aﬂectuum
1119 2329 1394 2384 vacuitate
1446 2329 1687 2399 gignitur
1743 2327 2060 2381 immunitas

490 2415 730 2471 exsistit.
763 2415 917 2470 Hanc
943 2431 1052 2470 una
1084 2430 1209 2469 cum
1257 2416 1580 2485 congruenti
1627 2417 1798 2485 gratia
1831 2429 2059 2483 accepe-

489 2513 641 2569 runt,
667 2507 761 2575 qui
795 2520 914 2560 eam
939 2521 968 2558 a
993 2505 1104 2562 Deo
1138 2505 1296 2560 Patre
1325 2515 1378 2560 et
1415 2505 1642 2559 Domino
1677 2505 1807 2560 Jesu
1839 2506 2066 2560 Christo-

491 2595 640 2651 naeti
677 2603 826 2650 sunt.
859 2592 994 2648 Cum
1027 2595 1176 2648 illam
1202 2595 1388 2664 itaque
1427 2595 1479 2648 in
1519 2595 1738 2649 nomine
1761 2593 1854 2648 Dei
1883 2594 2062 2664 possi-

490 2683 680 2748 deant,
709 2689 898 2752 utpote
939 2683 1136 2737 eximie
1171 2681 1418 2752 perfecti.
1473 2681 1790 2737 scandalum
1826 2697 1934 2736 non
1961 2682 2061 2736 ha-

490 2775 621 2831 bent
653 2773 708 2827 in
757 2773 1072 2841 semetipsis
1123 2789 1136 2826 :
1191 2787 1316 2826 nam
1378 2772 1698 2841 pusillorum
1743 2772 1897 2836 illud,
1950 2788 2060 2827 non

488 2878 622 2919 vero
654 2863 1096 2934 prastantiorum
1132 2870 1237 2925 est,
1293 2861 1750 2932 quemadmodum
1807 2863 1883 2916 ait
1934 2862 2059 2918 Scr-

489 2961 649 3008 vator
700 2969 716 3007 :
779 2953 961 3008 Videte
1010 2970 1073 3007 ne
1104 2953 1479 3008 scandalizetis
1530 2969 1690 3006 unum
1738 2952 1803 3007 de
1849 2954 2064 3021 pusillis

489 3047 610 3103 istis
639 3046 705 3100 ”.
747 3044 906 3110 Quod
953 3044 1000 3099 si
1049 3045 1218 3097 multa
1254 3059 1356 3112 pax
1402 3044 1473 3098 sit
1505 3043 1860 3113 diligentibus
1889 3044 2058 3114 legem

2160 1961 2270 2013 οὐκ
2298 1958 2470 2013 ἐστιν
2494 1957 2696 2024 αὐτοῖς
2721 1958 3092 2015 σκάνδαλον.
3131 1959 3256 2022 Τοῖς
3285 1959 3377 2013 τοῦ
3403 1959 3539 2012 Θεοῦ
3568 1960 3733 2031 ὄνομα

2161 2050 2416 2104 ποθοῦσιν
2448 2051 2636 2122 εἰρήνη
2671 2051 2922 2120 τυγχάνει
2956 2050 3145 2121 πολλὴ,
3179 2052 3241 2103 οὑ
3269 2051 3524 2104 τοσοῦτον
3548 2053 3582 2121 ἡ
3609 2052 3734 2116 Eius-

2163 2141 2252 2195 θεν
2271 2160 2284 2171 ·
2316 2142 2376 2194 οὑ
2407 2141 2514 2212 γὰρ
2543 2143 2626 2210 ἐφ’
2651 2143 2784 2211 ἡμῖν
2811 2141 2950 2211 αῦτη
2971 2158 2984 2172 ο
3013 2141 3126 2194 ἀλλ’
3159 2144 3192 2212 ή
3219 2142 3277 2196 ὲν
3299 2144 3409 2205 τοῖς
3432 2142 3728 2212 λογισμοῖς,

2161 2231 2280 2284 καθ’
2311 2233 2374 2301 ἢν
2407 2231 2691 2302 συμϐαίνει
2714 2230 3012 2302 ἀταραξίαν
3037 2231 3129 2283 καὶ
3151 2230 3535 2302 ἁνενοχλησίαν
3562 2230 3661 2300 τῆς
3678 2229 3734 2296 ἐξ

2161 2321 2428 2385 ἀπαθείας
2447 2321 2609 2391 ἔχειν.
2635 2320 2847 2392 Ταύτην
2874 2321 2992 2390 ἃμα
3019 2323 3086 2390 τῇ
3110 2319 3430 2390 καταλλήλῳ
3456 2320 3638 2390 χάριτι
3662 2322 3732 2372 εἰ·

2160 2411 2391 2482 λήφασιν
2417 2413 2464 2464 οἱ
2483 2411 2708 2481 ,ἔχοντες
2731 2411 2839 2464 ἀπὸ
2871 2410 3006 2464 Θεοῦ
3037 2412 3129 2463 καὶ
3159 2410 3370 2480 Πατρὸς
3402 2410 3499 2462 καί
3533 2411 3731 2480 Κυρίου

2172 2499 2345 2571 Ἰησοῦ
2379 2499 2632 2572 Χριστοῦ.
2657 2499 2997 2570 Κεκτημένοι
3029 2499 3160 2568 γοῦν
3185 2500 3352 2570 αὐτὴν
3373 2499 3460 2552 διὰ
3487 2500 3550 2552 τὸ
3569 2499 3732 2570 ὄνομα

2158 2593 2254 2647 τοῦ
2288 2591 2444 2657 Θεοῦ,
2473 2591 2917 2662 ὑπερϐαλλόντως
2945 2591 3278 2663 ὑπάρχοντες
3322 2591 3539 2655 τέλειοι,
3577 2592 3732 2646 σκάν-

2159 2683 2316 2739 δαλον
2357 2683 2457 2735 οὑκ
2487 2680 2699 2751 ἔχουσιν
2738 2683 2795 2733 ὲν
2827 2683 3037 2744 ἑαυτοῖς
3058 2698 3071 2711 ·
3121 2680 3332 2752 μικρῶν
3378 2680 3489 2751 γὰρ
3537 2681 3650 2734 ἀλλ’
3675 2682 3730 2733 οὑ

2165 2774 2414 2842 μεγάλων
2440 2772 2500 2824 τὸ
2535 2772 2678 2842 ἔχειν
2720 2757 2895 2836 τοῦτο,
2923 2770 2998 2834 ὥς
3033 2787 3196 2841 φησιν
3223 2773 3252 2824 ό
3281 2772 3496 2842 Σωτήρ·
3543 2770 3730 2840 Ὁρᾶτε

2153 2863 2240 2933 μὴ
2274 2862 2726 2930 σκανδαλίσητε
2752 2862 2861 2916 ἕνα
2887 2861 3004 2916 τῶν
3023 2860 3252 2932 μικρῶν
3285 2863 3528 2916 τούτων.
3576 2863 3638 2915 Εί
3675 2862 3730 2917 δὲ

2159 2954 2244 3024 εἴη
2273 2955 2458 3024 εἰρήνη
2494 2953 2662 3022 πολλὴ
2691 2955 2802 3015 τοῖς
2831 2951 3083 3020 ἀγαπῶσι
3115 2953 3206 3004 τὸν
3251 2952 3412 3021 νόμον
3453 2951 3548 3005 τοῦ
3572 2951 3727 3014 Θεοῦ,

2160 3047 2378 3116 εἰρήνην
2399 3045 2509 3114 ἔχει
2539 3045 2756 3114 πολλὴν,
2784 3045 3018 3114 πόλεμος
3043 3045 3139 3114 οὐχ
3174 3045 3404 3098 ἅπτεται
3430 3047 3529 3116 τῆς
3558 3047 3731 3116 ψυχῆς

492 3135 608 3197 Dei,
647 3151 834 3205 pacem
869 3135 959 3188 ille
991 3134 1216 3186 multam
1250 3133 1435 3195 habet,
1478 3132 1790 3202 bellumque
1822 3133 2055 3184 animam

2163 3134 2327 3189 αὑτοῦ
2347 3152 2359 3165 ο
2391 3135 2540 3188 οὐδὲν
2567 3135 2672 3205 γὰρ
2704 3135 2810 3187 τῶν
2842 3135 3249 3205 ἁμαρτημάτων
3278 3136 3492 3189 ἐκκαίει
3515 3137 3613 3208 τὴν
3644 3138 3732 3206 ilu-

486 3225 608 3294 ejus
629 3240 735 3278 non
754 3224 967 3295 attingit
986 3243 998 3278 :
1019 3223 1227 3278 nullum
1248 3222 1389 3276 enim
1403 3229 1686 3290 peccatum
1703 3221 1811 3275 urit
1825 3221 2060 3274 animam

488 3314 641 3382 ejus:
675 3321 730 3368 et
754 3312 882 3382 quia
917 3326 1105 3382 pacem
1136 3311 1318 3375 habet,
1338 3311 1462 3364 talis
1482 3311 1680 3375 evasit,
1711 3317 1819 3364 uta
1842 3310 2063 3366 nemine

494 3403 634 3459 ultra
677 3401 1102 3466 scandalizetur,
1137 3401 1369 3456 dicens:
1405 3400 1535 3466 Quis
1588 3417 1682 3455 nos
1723 3399 1988 3469 separabit
2029 3417 2061 3452 a

487 3493 746 3550 sharitate
795 3491 1039 3546 Christi?
1075 3490 1391 3555 Tribulatio,
1431 3508 1500 3545 an
1526 3492 1771 3561 angustia
1791 3493 1856 3554 “,
1888 3498 1994 3545 etc.

564 3579 730 3635 Vsus.
760 3579 885 3634 166.
923 3578 1310 3647 Exspectabam
1341 3580 1591 3634 Salutare
1619 3592 1787 3647 tuum,
1816 3581 2060 3640 Domine,

489 3681 540 3730 et
571 3669 827 3727 mandata
871 3678 965 3723 tua
1019 3669 1205 3724 dilexi.
1268 3669 1407 3726 Cum
1457 3678 1570 3725 ate
1607 3685 1790 3726 veram
1828 3673 2059 3725 salutem

489 3769 887 3836 exspectarem,
937 3776 1044 3816 non
1091 3760 1252 3814 modo
1283 3760 1527 3824 servavi,
1563 3759 1659 3814 sed
1703 3761 1865 3814 etiam
1897 3759 2059 3814 dilexi

500 3853 762 3910 mandata
808 3861 924 3907 tua.
965 3849 1102 3903 Nam
1137 3866 1261 3903 cum
1303 3859 1458 3905 actus
1503 3865 1609 3904 una
1656 3867 1780 3904 cum
1822 3850 2059 3921 perfecta

490 3943 871 4000 mandatorum
899 3941 1190 3995 dilectione
1219 3940 1500 4011 jungetur,
1542 3946 1914 4009 exspectatum
1956 3939 2058 3995 Sa-

491 4039 666 4095 lutare
724 4035 1013 4093 confestim
1064 4043 1344 4104 sequetur,
1394 4033 1537 4104 quod
1595 4051 1704 4088 non
1753 4035 1900 4089 aliud
1952 4045 2056 4101 est,

491 4145 656 4200 quam
690 4129 841 4184 salus
873 4143 1066 4182 eorum
1109 4127 1201 4196 qni
1247 4129 1420 4196 ipsam
1464 4136 1852 4197 assequuntur.
1902 4128 2058 4194 Quod

491 4218 538 4273 si
571 4217 736 4272 etiam
769 4217 1105 4272 Salvatorem
1137 4225 1438 4286 exspectet,
1469 4219 1537 4273 de
1567 4234 1675 4288 quo
1691 4220 1896 4274 dictum
1927 4228 2008 4275 est
2041 4239 2054 4276 :

499 4306 704 4363 Videbit
747 4307 918 4362 omnis
967 4321 1092 4358 caro
1124 4303 1373 4359 Saltttare
1412 4305 1508 4360 Dei
1531 4306 1597 4371 ’³,
1659 4314 2060 4375 consequenter

488 4396 741 4454 mandata
761 4396 854 4452 Dei
883 4395 1076 4466 diligit,
1100 4395 1258 4465 cujus
1282 4397 1444 4450 etiam
1479 4396 1729 4452 Salutare
1770 4407 2056 4466 exspecta-

2163 3224 2261 3294 χὴν
2287 3222 2474 3287 αὑτοῦ,
2506 3224 2600 3276 καὶ⁵
2627 3223 2720 3277 ἅτε
2760 3225 2947 3294 εἰρήνη
2965 3241 2983 3276 ι
3008 3223 3146 3292 ἔχων
3183 3224 3421 3287 τοιοῦτος
3449 3226 3730 3294 γεγένηται

2161 3313 2236 3375 ὡς
2273 3312 2376 3364 ὑπὸ
2422 3311 2648 3382 μηδενὸς
2690 3311 2768 3363 ἔτι
2808 3311 3166 3382 σκανδαλισθῇ
3206 3312 3409 3380 λέγων·
3449 3314 3544 3378 Τίς
3582 3311 3734 3381 ἡμᾶς

2161 3405 2399 3471 χωρίσει
2429 3403 2548 3456 ἀπὸ
2575 3402 2682 3470 τῆς
2707 3402 2943 3471 ἀγάπης
2968 3403 3073 3456 τοῦ
3107 3405 3363 3472 Χριστοῦ
3380 3421 3400 3469 ;
3444 3407 3660 3474 eligi-rc
3699 3405 3732 3473 ἢ

2161 3494 2545 3562 στενοχωρία,
2582 3493 2677 3546 καὶ
2707 3492 2774 3546 τά
2804 3493 2948 3564 ἑξῆς.

2229 3584 2621 3652 Προσεδόκων
2661 3583 2727 3636 τὸ
2769 3584 3067 3654 Σωτήριόν
3108 3599 3245 3649 σου,
3276 3587 3473 3653 Κύριε,
3504 3587 3602 3640 καί
3633 3587 3732 3654 τὰς

2159 3675 2411 3742 ἐντολάς
2435 3689 2549 3729 σου
2570 3673 2874 3743 ἠγάπησα.
2903 3675 3220 3749 Προσδοκῶν
3248 3677 3346 3746 τὴν
3374 3659 3484 3728 ἀπὸ
3514 3677 3609 3729 σοῦ
3637 3695 3734 3730 σω-

2161 3766 2356 3838 τηρίαν
2411 3765 2508 3837 τὴν
2561 3765 2841 3836 ἀληθινὴν,
2868 3767 2928 3819 οὑ
2973 3766 3132 3835 μόνον
3179 3767 3440 3836 ἐτήρησα,
3471 3767 3608 3819 ἀλλά
3644 3767 3734 3818 καὶ

2161 3855 2424 3924 ἠγάπησά
2452 3869 2543 3905 σου
2583 3853 2679 3912 τὰς
2711 3853 2948 3916 ὲντολάς.
2973 3852 3086 3922 Τῆς
3123 3853 3231 3923 γὰρ
3264 3855 3379 3923 μετ’
3409 3856 3733 3925 ἀγαπήσεως

2160 3946 2268 3998 τῶν
2309 3943 2536 3997 ἐντολῶν
2582 3942 3021 4015 κατωρθωμένης
3069 3943 3346 4015 ἐνεργείας
3392 3943 3730 4015 ὑπαρξάσης,

2161 4037 2320 4099 εὐθὺς
2343 4035 2694 4105 ἀκολουθήσει
2727 4034 2788 4086 τὸ
2816 4033 3259 4104 προσδοκώμενον
3304 4035 3605 4106 Σωτήριον,
3635 4035 3732 4104 οὐχ

2159 4126 2343 4196 ἕτερον
2369 4123 2428 4178 ὃν
2460 4124 2559 4194 τῆς
2589 4123 2696 4177 τῶν
2730 4121 3048 4192 σωζομένων
3089 4123 3380 4194 σωτηρίας.
3424 4125 3486 4176 Ei
3535 4123 3592 4176 δὲ
3641 4126 3732 4177 καὶ

2159 4216 2248 4268 τὸν
2279 4215 2501 4286 Σωτῆρα
2530 4213 2820 4284 προσδοκᾷ,
2853 4212 2977 4282 περὶ
3005 4207 3065 4266 οὗ
3093 4211 3303 4283 εἴρηται
3322 4231 3334 4242 ·
3367 4212 3548 4270 Πᾶσα
3578 4213 3730 4281 σὰρξ

2162 4308 2367 4375 ὄψεται
2399 4306 2463 4359 τὸ
2497 4304 2795 4373 Σωτήρων
2840 4305 2946 4358 τοῦ
2985 4304 3152 4366 Θεοῦ,
3204 4303 3512 4367 ἀκολούθως
3545 4305 3730 4374 ἀγαπᾷ

2161 4399 2261 4463 τὰς
2284 4397 2501 4461 ὲντολάς
2530 4395 2623 4449 τοῦ
2646 4395 2802 4458 Θεοῦ,
2827 4390 2888 4449 οὗ
2908 4397 3000 4448 καὶ
3023 4395 3083 4447 τὸ
3107 4396 3377 4465 Σωτήριον
3402 4397 3730 4466 προσεδόκη-

488 4493 585 4554 vit,
618 4498 675 4544 ut
705 4499 759 4544 et
787 4493 1000 4546 actione
1041 4507 1211 4561 purus
1258 4501 1311 4546 et
1359 4490 1767 4561 exspectatione
1813 4495 2057 4542 contem-

2165 4508 2272 4554 σεν,
2306 4491 2391 4542 ἵνα
2434 4489 2526 4543 καὶ
2558 4487 2656 4558 τὴν
2693 4486 2888 4558 πρᾶξιν
2996 4487 3269 4561 καθαρῶς,
3313 4488 3405 4540 καὶ
3437 4487 3535 4558 τὴν
3567 4504 3730 4558 προσ-

489 4580 797 4648 plabundus
845 4583 937 4644 sit,
968 4591 1298 4652 exspectans
1334 4595 1549 4650 semper
1579 4588 1635 4634 ct
1681 4579 2058 4648 contemplans

487 4671 656 4730 Deum
694 4669 930 4724 Verbum
965 4673 1270 4728 venientem
1301 4686 1547 4741 quaerere
1596 4679 1650 4726 et
1710 4671 1922 4726 salvum
1975 4669 2058 4726 fa-

486 4776 611 4818 cere
637 4760 780 4831 quod
822 4761 1078 4828 perierat.

559 4851 724 4906 Vsus.
769 4849 891 4915 £67,
926 4851 1049 4906 168.
1069 4853 1364 4906 Custodiuit
1395 4855 1575 4906 anima
1609 4868 1722 4906 mea
1754 4854 2057 4907 testimonia

487 4953 612 5003 tua,
646 4949 695 4994 et
726 4938 914 4993 dilexit
950 4955 1014 4993 ca
1047 4941 1392 4996 vehementer.
1425 4939 1543 4994 Non
1581 4943 1758 4996 solum
1796 4941 2052 4996 mandata

488 5041 580 5084 tua
607 5028 808 5094 dilexi,
838 5043 1026 5084 verum
1055 5027 1219 5083 etiam
1254 5030 1567 5084 testimonia
1599 5037 1693 5083 tua
1729 5029 1884 5085 valde
1916 5029 2054 5084 dile-

488 5120 568 5175 xit
617 5120 800 5176 anima
847 5134 998 5183 mea,
1045 5125 1100 5175 et
1138 5119 1436 5174 custodivit
1473 5135 1556 5174 ea.
1602 5119 1786 5174 Primo
1833 5120 2054 5190 quidem

489 5208 802 5278 singulatim
844 5210 1094 5274 dicebat,
1124 5207 1429 5278 diligebam,
1453 5219 1543 5276 et,
1590 5209 1754 5264 dilexi
1801 5209 2056 5263 mandata

495 5309 627 5360 tua;
660 5301 902 5355 secundo
936 5312 1148 5362 autem,
1192 5299 1488 5355 Custodivit
1533 5303 1714 5357 anima
1751 5317 1866 5355 mea
1909 5301 2057 5355 testi-

488 5393 666 5447 monia
717 5401 847 5458 tua;
901 5396 1062 5450 tertio
1113 5396 1239 5452 item
1292 5403 1524 5466 utraque
1569 5397 1906 5468 conjungens
1942 5397 2051 5450 ait:

489 5480 703 5536 Servavi
738 5484 990 5538 mandata
1021 5496 1112 5540 tua
1139 5497 1189 5541 et
1222 5485 1525 5541 testimonia
1560 5498 1692 5550 tua;
1721 5488 1846 5558 quia
1877 5503 2053 5541 omnes

490 5573 582 5631 viae
613 5591 740 5630 nacte
766 5576 819 5629 in
843 5588 1118 5646 conspectu
1143 5588 1251 5644 tuo,
1284 5578 1522 5634 Domine.
1547 5577 1808 5634 Pcccator
1834 5593 1943 5634 non
1974 5577 2058 5631 div

2162 4582 2345 4635 δοκίαν
2379 4579 2745 4650 θεωρητικῶς,
2776 4577 3089 4649 προσδοκῶν
3117 4579 3202 4630 ἀεὶ
3240 4579 3333 4631 καὶ
3363 4577 3585 4650 θεωρῶν
3610 4580 3729 4646 ἐλη-

2161 4671 2359 4725 λυθότα
2384 4671 2474 4724 τὸν
2494 4671 2626 4722 Θεὸν
2654 4670 2827 4737 Λόγον
2857 4669 3088 4740 ζητῆσαι
3115 4669 3208 4722 καὶ
3240 4669 3410 4721 σῶσαι
3435 4670 3496 4721 τδ
3523 4670 3724 4722 ἀπολωο

2158 4763 2266 4826 λός.

2244 4852 2570 4921 Ἐφύλαξεν
2603 4852 2640 4918 ή
2675 4849 2842 4919 ψυχή
2865 4867 2984 4919 μου
3028 4847 3097 4903 τὰ
3133 4847 3423 4917 μαρτύριὰ
3465 4865 3604 4912 σου,
3635 4849 3726 4900 καί

2158 4944 2475 5013 ἠγάπησεν
2501 4942 2654 4998 αὐτὰ
2686 4941 2939 5010 σφόδρα.
2975 4941 3049 4993 Οὑ
3079 4940 3236 5010 μόνον
3259 4939 3358 5001 τὰς
3387 4939 3605 5002 ἐντολάς
3635 4957 3724 4991 σου

2157 5034 2439 5104 ἠγάπησα,
2466 5032 2602 5086 ἀλλὰ
2629 5033 2724 5084 καὶ
2750 5031 2818 5084 τά
2848 5029 3122 5101 μαρτύριά
3154 5046 3247 5081 σου
3283 5029 3488 5099 σφόδρα
3509 5031 3725 5098 ἠγάπη-

2159 5143 2249 5179 σεν
2280 5127 2312 5196 ή
2343 5124 2487 5195 ψυχή
2519 5141 2641 5193 μου,
2681 5123 2774 5176 καὶ
2823 5121 3083 5189 ἐφύλαξεν
3130 5121 3287 5173 αὑτά.
3322 5120 3591 5191 Πρότερον
3635 5121 3728 5189 μὲν

2159 5216 2300 5271 κατά
2323 5214 2401 5279 ἓν,
2432 5213 2700 5283 ἠγάπων,
2727 5215 2840 5276 καὶ,
2869 5212 3154 5281 ἠγάπησα
3182 5213 3286 5277 τὰς
3305 5211 3564 5277 ἐντολάς
3590 5227 3722 5266 σοιν

2155 5307 2440 5377 δεύτερον
2504 5304 2833 5372 Ἐφύλαξεν
2871 5305 2908 5369 ἡ
2945 5302 3113 5370 ψυχή
3161 5320 3282 5370 μου
3332 5304 3402 5354 τὰ
3437 5300 3726 5371 μαρτύριά

2157 5413 2272 5450 σου
2292 5413 2304 5425 ·
2327 5395 2468 5448 κατά
2502 5393 2559 5448 δὲ
2585 5394 2644 5446 τὸ
2675 5393 2852 5463 τρίτον
2887 5390 3205 5459 συναγαγὼν
3233 5392 3516 5462 ἀμφότερα
3541 5394 3622 5454 είς
3649 5393 3725 5454 ἓν,

2161 5485 2322 5556 φησίν
2341 5501 2354 5515 ο
2399 5481 2696 5552 Ἑφύλαξα
2726 5482 2830 5546 τὰς
2852 5478 3104 5546 ἐντολάς
3131 5494 3246 5532 σου
3290 5479 3385 5531 καί
3415 5479 3484 5532 τὰ
3509 5478 3726 5547 μαρτύ-

2156 5578 2260 5646 ριὰ
2286 5594 2422 5643 σου,
2454 5571 2540 5630 ὅτι
2567 5575 2750 5630 πᾶσαι
2774 5579 2832 5629 αι
2861 5564 2992 5630 ὁδοί
3013 5592 3131 5642 μου
3160 5572 3437 5626 ἐναντίον
3461 5587 3598 5638 σου,
3617 5571 3724 5627 Κύ-

570 5729 610 5760 "
655 5727 771 5785 lsa.
818 5745 942 5786 xxv!
971 5774 985 5802 ,
1023 5732 1074 5788 9.
1153 5729 1195 5767 "
1237 5731 1382 5790 Psal.
1419 5750 1564 5804 mn,
1601 5701 1654 5788 2—.
1733 5733 1776 5764 ’³
1815 5731 2004 5788 Matth.
2043 5744 2211 5797 xvtu,
2247 5729 2331 5786 it).
2409 5731 2466 5799 “_
2493 5725 2648 5786 Rom.
2687 5744 2816 5794 \ltl,
2852 5729 2939 5784 55.
3022 5728 3065 5760 ”
3105 5729 3212 5783 lsa.
3251 5741 3352 5794 xx,
3390 5726 3441 5781 5.
