3994 6424
219 399 365 456 1593
1379 386 1781 453 (ΣΟΜΜΕΝΤΑΙ

1919 386 1986 442 IN
2025 387 2364 445 PSALMOS.
3355 396 3494 455 1591

204 534 328 586 pte.
343 517 406 569 Ὀ
423 514 744 586 ἁμαρτωλὸς
775 514 876 567 οὐκ
899 514 1014 584 ἐρεῖ
1031 530 1044 542 ο
1063 510 1256 567 Πᾶσαι
1281 513 1342 564 al
1371 510 1500 565 ὁδοί
1514 528 1632 579 μου
1653 510 1781 564 erat

1919 517 2038 573 eet,
2076 508 2269 564 Omnes
2309 509 2410 563 uia:
2459 524 2588 563 mea
2628 508 2683 563 in
2723 518 3004 579 conspectu
3045 518 3181 565 tuo:
3223 528 3347 567 nam
3395 515 3494 570 via:

213 607 355 658 τίον
384 619 501 658 σου
520 621 534 634 ·
562 605 616 656 αἱ
648 604 758 673 γὰρ
789 603 899 655 ὁδοὶ
941 601 1037 654 τοῦ
1082 597 1409 670 ἁμαρτωλοῦ
1441 597 1541 650 οὐκ
1587 597 1724 649 εἰσὶν
1753 597 1778 647 ἐ

1914 601 2222 670 peccatoris
2257 616 2367 655 non
2413 609 2541 656 sunt
2572 599 2625 654 in
2667 611 2966 672 conspectu
3005 603 3137 669 Dei,
3181 604 3278 659 sed
3317 606 3490 662 solum

215 695 523 765 6;Oalp.oi;
560 669 850 755 τοῦΘεοῦ,
885 692 1019 745 ἀλλὰ
1049 669 1211 761 μόνον
1249 692 1304 742 αἱ
1341 687 1436 741 τοῦ
1469 687 1706 740 δικαίουο
1741 685 1781 739 εκ

1911 669 2010 745 viae
2030 691 2191 760 justi.
2219 689 2290 745 Ut
2319 691 2486 761 igitur
2508 705 2698 746 omnes
2746 669 2850 747 via:
2878 701 3078 748 nostra!
3109 695 3163 748 in
3197 705 3491 766 conspectu

215 782 315 838 οὖν
351 788 446 838 καὶ
475 787 534 838 αἱ
562 785 825 856 ἡμέτεραι
851 785 1115 852 γένωνται
1145 781 1317 834 πᾶσαι
1342 782 1398 832 αι
1431 779 1540 832 ὁδοὶ
1572 775 1781 831 ἐναντίο⁴

1911 782 2009 838 Dei
2037 784 2191 847 sint;
2230 783 2486 840 videlicet
2513 784 2695 854 leges,
2735 785 3041 855 prophetae,
3079 784 3318 854 perlecta
3360 786 3489 844 item

217 875 315 928 τοῦ
346 875 503 936 Θεοῦ,
528 878 575 928 οἱ
603 875 777 946 νόμοι,
811 876 860 927 οἱ
888 873 1195 946 προφῆται,
1225 873 1258 942 ἡ
1287 872 1380 924 ἐπὶ
1425 871 1562 924 πᾶσι
1601 869 1781 921 τελεία

1905 889 2033 928 vera
2075 881 2130 928 et
2172 873 2314 928 bona
2354 873 2443 927 illa
2474 876 2595 940 via,
2639 890 2836 945 nempe
2890 874 2983 945 qui
3017 873 3200 940 dixit,
3230 874 3342 946 Ego
3371 892 3494 930 sum

215 965 448 1039 ἀληθινὴ
481 966 573 1019 καὶ
603 965 780 1037 ἀγαθὴ
801 965 938 1031 ὁδὸς,
963 967 992 1018 ὁ
1015 963 1183 1018 εἰπών
1204 981 1218 995 ο
1263 961 1402 1032 Ἐγώ
1425 964 1539 1030 ειμι
1568 960 1606 1027 ἠ
1643 960 1781 1025 ὁδὸς

1904 965 1990 1018 eia
2017 966 2085 1030 “,
2117 964 2376 1021 Christus
2407 962 2600 1032 Jesus,
2649 981 2941 1037 precemur
2976 967 3032 1020 in
3079 966 3168 1021 via
3213 982 3389 1037 usque
3431 967 3488 1022 in

215 1056 458 1126 Χριστὸς
493 1056 720 1126 Ἰησοῦς,
755 1053 1039 1125 εὐξώμεθα
1078 1055 1136 1107 ἐν
1177 1056 1246 1123 τῇ
1290 1052 1394 1123 ὁδῷ
1425 1051 1585 1123 μέχρι
1616 1050 1781 1103 τέλους

1903 1050 2108 1116 linem;
2163 1060 2224 1106 ut
2269 1051 2372 1107 iter
2412 1064 2636 1123 agentes
2681 1055 3069 1124 perveniamus
3114 1056 3182 1110 ad
3225 1054 3395 1112 Deum
3433 1063 3488 1112 et
3547 1072 3552 1078 ’

213 1147 505 1210 ὁδεύοντας
529 1147 728 1216 φθάσαι
752 1147 889 1217 πρὸς
911 1145 1002 1199 τὸν
1024 1146 1154 1199 Θεὸν
1179 1142 1274 1198 καὶ
1297 1141 1515 1215 Πατέρα
1537 1142 1644 1196 τῶν
1664 1142 1781 1196 ὃλωπ

1900 1139 2118 1197 Patrem
2150 1142 2537 1198 universorum
2569 1159 2665 1215 per
2684 1143 2970 1201 Christum
2992 1143 3204 1201 Iesum.

214 1236 308 1291 διὰ
337 1237 574 1304 Χριστοῦ
616 1236 812 1307 Ἰησοῦ.

305 1325 624 1397 ἐγγισάτω
671 1329 710 1395 ἠ
755 1325 965 1395 δέησίς
993 1343 1112 1396 μου
1147 1324 1402 1378 ἐνώπιόν
1431 1337 1567 1388 σου,
1598 1324 1781 1390 Κύριε,

1896 1323 1926 1378 ι
1972 1319 2148 1376 Vns.
2185 1320 2448 1377 Ιθῦ-ΠΞ.
2491 1321 2906 1392 Λρμνορὶιιᾳιιιι,
2933 1319 3232 1391 deprecatio
3276 1335 3392 1373 mea
3432 1318 3488 1373 in

213 1414 372 1468 κατὰ
422 1416 486 1469 τὸ
537 1417 746 1484 λόγιόν
782 1431 898 1470 σου
946 1414 1271 1468 συνέτισόν
1294 1430 1390 1482 με.
1421 1412 1698 1466 Είσέλθοι
1728 1411 1781 1465 τὶ

1897 1423 2176 1480 conspectu
2198 1423 2286 1466 tua
2307 1452 2322 1477 ,
2346 1411 2570 1467 Domine
2586 1453 2602 1480 ,
2620 1413 2784 1482 juxta
2806 1413 3069 1479 eloquium
3092 1420 3238 1464 tuum
3262 1411 3334 1465 da
3356 1400 3487 1465 mihi

212 1503 450 1572 ἀξίωμά
479 1521 598 1572 μου
621 1503 879 1558 ἐνώπιόν
905 1521 1042 1570 σου,
1070 1505 1265 1573 Κύριε,
1305 1501 1454 1558 κατὰ
1491 1501 1556 1556 τὸ
1591 1503 1781 1570 λόγιόν

1899 1503 2246 1557 intellectum.
2285 1501 2456 1556 Intret
2486 1503 2778 1572 postulatio
2811 1518 2927 1557 mea
2957 1503 3010 1555 in
3035 1512 3314 1568 conspectu
3356 1510 3444 1556 tuo
3464 1541 3482 1566 ,

213 1610 336 1647 σου
359 1594 551 1661 ῥῦσαι
565 1613 664 1664 με.
682 1593 1109 1663 Ἐξηρεύξαντο
1135 1595 1206 1647 τὰ
1225 1595 1394 1664 χείλη
1427 1612 1548 1663 μου
1579 1592 1781 1662 ὕμνον1

1903 1593 2157 1660 Domine,
2191 1592 2479 1648 secundum
2506 1593 2769 1663 eloquium
2795 1603 2944 1646 tuum
2966 1594 3106 1662 eripe
3134 1609 3232 1647 me.
3263 1591 3485 1646 Eructa-

212 1683 364 1738 ὅταν
387 1683 636 1753 διδάξῃς
657 1703 733 1754 με
759 1687 832 1740 τὰ
857 1685 1217 1755 δικαιώματὰ
1237 1702 1351 1740 σου
1368 1703 1380 1717 ⁶
1417 1684 1732 1754 φθέγξαιτο
1755 1686 1781 1750 ιῖ

1902 1694 2088 1740 uerunt
2118 1685 2268 1740 labia
2291 1702 2405 1740 mea
2429 1685 2677 1755 hymnum
2699 1723 2714 1749 ,
2743 1701 2861 1738 cum
2898 1684 3140 1738 docueris
3177 1700 3258 1737 me
3285 1683 3484 1753 iustiﬁ-

210 1775 469 1845 γλῶσσά
490 1794 611 1845 μου
639 1777 710 1829 τὰ
733 1777 907 1846 λόγιά
935 1793 1072 1840 σου,
1102 1778 1188 1830 ὅτι
1226 1777 1414 1831 πᾶσαι
1452 1779 1512 1830 αἱ
1551 1777 1781 1829 ἐντολαι

1907 1777 2140 1830 rationes
2174 1784 2316 1834 tuas.
2363 1775 2677 1829 Pronuntiet
2721 1775 2902 1845 lingua
2943 1791 3061 1829 mea
3101 1775 3311 1844 eloquia
3355 1785 3478 1840 tua,

210 1883 334 1920 σου
357 1869 732 1935 δικαιοσύνη.
765 1869 978 1941 Σφόδρα
1005 1869 1313 1935 ἀκολούθως
1349 1869 1488 1939 μετὰ
1509 1868 1612 1922 ,τοῦ
1641 1867 1781 1935 εὖξαι

1903 1867 2027 1936 quia
2055 1868 2232 1920 omnia
2266 1867 2519 1920 mandata
2539 1875 2661 1929 tua,
2675 1865 2916 1934 iustitia.
2949 1865 3256 1920 Admodum
3291 1881 3483 1922 conse-

212 1958 340 2011 σθαι
370 1960 500 2012 περὶ
545 1961 646 2030 τῆς
688 1959 926 2024 διανοίας
945 1979 959 1993 ⁸
988 1962 1048 2014 τὸ
1080 1962 1189 2034 γὰρ
1223 1962 1602 2032 συνετισθλῆναι
1636 1961 1702 2015 τὰ
1725 1961 1781 2014 λό

1906 1967 2140 2028 quenter
2183 1967 2472 2029 postquam
2520 1974 2620 2029 pro
2667 1967 2846 2015 mente
2875 1975 2975 2015 sua
3005 1968 3259 2028 precatus
3291 1966 3476 2022 esset;

208 2063 307 2114 για
335 2047 431 2100 τοῦ
459 2047 596 2102 Θεοῦ
624 2049 723 2102 οὐκ
757 2045 825 2119 ἦν
851 2051 1072 2119 χειλέων
1099 2053 1220 2106 οὐδὲ
1251 2051 1523 2123 γλώσσης,
1549 2051 1686 2106 ἀλλὰ
1709 2052 1781 2105 τοὶ

1904 2065 2012 2104 non
2043 2051 2188 2105 enim
2221 2051 2489 2105 labiorum
2531 2059 2587 2106 et
2618 2051 2819 2122 lingua:
2869 2059 2954 2106 est
2997 2050 3334 2118 eloquiorum
3381 2048 3478 2105 Dei

207 2141 354 2193 κατὰ
374 2139 552 2213 ψυχὴν
575 2137 916 2213 διανοητὶκοῦ
933 2160 945 2173 ·
971 2143 1040 2196 τὰ
1065 2144 1342 2215 ἡγούμενα
1367 2144 1546 2198 τοίνυν
1575 2145 1781 2214 αἰτήσαι

1904 2139 2322 2210 intelligentiam
2356 2141 2634 2209 accipere,
2682 2141 2774 2196 sed
2805 2141 2979 2195 solius
3027 2155 3150 2210 quae
3197 2140 3252 2195 in
3295 2141 3478 2194 anima

206 2228 304 2280 ἐπὶ
337 2228 407 2280 τὰ
434 2228 661 2299 δεύτερα
697 2231 925 2300 μέτεισι,
953 2233 1046 2285 καὶ
1071 2231 1212 2298 ἀξιοῖ
1239 2232 1307 2285 τὰ
1342 2232 1437 2285 τοῦ
1464 2233 1522 2285 ἐν
1547 2231 1695 2301 αὐτῷ
1724 2232 1781 2284 λό

1900 2237 1986 2285 est
2013 2229 2349 2302 intelligendi
2384 2230 2660 2287 facultatis
2688 2249 2702 2298 ;
2737 2247 2862 2286 cum
2888 2231 3070 2302 priora
3106 2233 3474 2302 postulasset,

205 2332 308 2386 γου
335 2317 542 2388 δργανα
587 2319 658 2372 τὰ
681 2320 834 2391 χείλη
864 2322 958 2375 καὶ
1001 2323 1101 2392 τὴν
1130 2321 1375 2390 γλῶτταν
1406 2321 1776 2393 ἀφιερωθῆναι

1900 2321 1968 2376 ad
1999 2324 2239 2378 secunda
2271 2330 2464 2394 postea
2491 2325 2725 2389 transit,
2757 2339 2822 2380 ac
2867 2331 3023 2394 r0gat
3063 2332 3122 2377 ιιι
3170 2325 3323 2379 verbi
3353 2340 3476 2396 qua:

206 2407 282 2471 ὡς
319 2408 385 2462 ἂν
413 2410 706 2476 διαπαντὸς
732 2411 800 2466 τὰ
833 2413 931 2482 μὲν
959 2412 1109 2484 χείλη
1145 2413 1311 2485 ὕμνον
1337 2413 1714 2484 διερεύγοιντο,
1732 2413 1781 2466 δι

1900 2413 1956 2466 in
1988 2429 2046 2468 se
2072 2413 2310 2468 habebat
2338 2415 2702 2470 instrumenta
2722 2455 2738 2480 ,
2772 2430 2966 2485 nempe
3001 2413 3144 2467 labia
3171 2424 3226 2470 et
3253 2415 3436 2486 lingua
3456 2455 3472 2480 ,

206 2501 543 2570 δασκομένον
591 2503 686 2556 τοῦ
739 2504 829 2557 νοῦ
879 2506 970 2558 ὑπ’
1010 2505 1175 2558 αὑτοῦ
1206 2505 1301 2559 τοῦ
1329 2506 1464 2559 Θεοῦ
1490 2506 1559 2560 τὰ
1579 2505 1781 2560 δικαιῶ

1897 2510 2396 2568 consecrarentur;
2430 2511 2488 2557 ut
2516 2505 2657 2558 labia
2705 2504 2923 2574 quidem
2956 2503 3218 2573 hymnum
3260 2519 3474 2573 semper

209 2608 357 2661 ματα
389 2593 554 2646 αὑτοῦ
575 2611 587 2624 ·
621 2599 654 2665 ή
686 2595 743 2648 δὲ
765 2595 980 2664 γλῶττα
1017 2595 1307 2665 φθέγγοιτο
1344 2597 1508 2667 μηδὲν
1534 2597 1718 2666 ἕτερον
1760 2595 1781 2647 i

1896 2600 2245 2657 eructarent,
2280 2601 2568 2662 postquam
2618 2595 2728 2650 Deo
2782 2595 3009 2648 doctore
3047 2593 3473 2662 justiticationes

214 2682 274 2735 τὰ
301 2683 458 2751 λόγια
481 2683 574 2737 τοῦ
598 2685 756 2752 Θεοῦ,
793 2687 886 2738 καὶ
913 2685 1071 2740 τοῦτο
1098 2687 1356 2757 πράσσοι,
1389 2686 1479 2738 ὅτι
1515 2684 1705 2741 πᾶσαι
1735 2701 1781 2738 ιιι

1893 2683 2014 2750 ejus
2041 2698 2196 2736 mens
2227 2683 2587 2749 edidicisset;
2625 2685 2810 2750 lingua
2848 2697 2979 2738 vero
3018 2682 3156 2735 nihil
3189 2681 3338 2736 aliud
3387 2684 3471 2736 lo-

205 2772 334 2828 όδοὶ
358 2777 546 2830 αὐτοῦ
576 2777 972 2832 δικαιοσύναι.

1892 2781 2153 2842 queretur
2197 2788 2360 2843 quam
2383 2773 2600 2841 eloquia
2635 2773 2727 2828 Dei
2755 2793 2767 2827 ε
2792 2781 2956 2844 atque
2988 2773 3041 2826 id
3078 2777 3303 2842 ageret,
3348 2773 3474 2841 quia

917 2865 928 2876 '
1597 2916 1600 2918 γ
1892 2878 2067 2916 omnes
2094 2864 2190 2917 via:
2218 2863 2332 2932 ejus
2353 2863 2604 2932 justitiw.

1962 2951 2130 3008 Vens.
2175 2953 2297 3007 I75.
2338 2952 2468 3007 Fiat
2501 2969 2690 3008 manus
2733 2964 2858 3021 tua,
2904 2964 2962 3008 ut
2995 2958 3160 3012 salvat
3193 2974 3273 3012 me
3293 3000 3308 3026 ,
3339 2976 3472 3030 quo-

1890 3046 2036 3099 niam
2067 3045 2327 3099 mandata
2363 3055 2456 3100 tua
2488 3048 2640 3117 elegi.
2671 3045 2878 3102 Videns
2929 3049 3359 3119 magnitudinem
3406 3052 3469 3106 il-

1891 3135 1998 3190 lius
2031 3133 2174 3204 quod
2209 3135 2263 3188 in
2297 3144 2550 3206 promptu
2580 3144 2726 3198 erat,
2760 3151 2916 3207 opem
2968 3152 2999 3190 a
3048 3137 3159 3194 Deo
3191 3142 3466 3209 postulat,

250 2948 556 3023 ,Γενέσθω
582 2951 619 3017 ἠ
645 2952 774 3020 χείρ
803 2965 918 3004 σου
941 2950 1046 3004 τοῦ
1072 2950 1268 3004 σῶσαί
1289 2969 1386 3022 με,
1429 2951 1520 3006 ὅτι
1565 2953 1670 3019 τὰς
1696 2954 1792 3006 ὲν-

207 3038 392 3105 τολὰς
427 3055 544 3094 σου
599 3041 984 3110 ὴρετισάμην.
1033 3041 1264 3096 Συνιδὼν
1310 3039 1371 3094 τὸ
1417 3043 1644 3113 μέγεθος
1693 3043 1786 3097 τοῦ

205 3129 444 3199 ἑτοίμου,
483 3130 731 3202 βοηθείας
761 3132 929 3185 δεῖται
976 3134 1074 3204 τῆς
1114 3133 1267 3204 παρὰ
1311 3133 1403 3186 τοῦ
1437 3133 1572 3186 Θεοῦ
1613 3138 1694 3198 εἰς
1726 3136 1786 3189 τὸ

203 3220 548 3291 κατορθῶσαι
573 3222 642 3276 τὰ
669 3223 1074 3294 προλελεγμένα
1093 3241 1106 3253 ·
1137 3223 1348 3294 μεγάλα
1373 3224 1428 3276 δέ
1452 3226 1615 3277 αἰτῶν
1639 3226 1786 3297 παρὰ

202 3311 296 3365 τοῦ
319 3312 476 3375 Θεοῦ,
499 3315 592 3365 καὶ
613 3313 673 3365 τὸ
693 3315 823 3384 παρ’
841 3314 1032 3366 ἐαυτοῦ
1064 3314 1408 3384 συνεισφέρει
1427 3314 1601 3383 λέγων
1622 3331 1635 3346 ο
1672 3316 1788 3369 Ὅτι

200 3401 310 3468 τὰς
331 3397 586 3468 ἐντολάς
609 3418 726 3456 σου
763 3402 1338 3472 ᾑρετισάμην.⁶ὐπερ
1366 3402 1473 3473 γὰρ
1508 3399 1575 3472 ἦν
1601 3403 1692 3456 ἐπὶ
1720 3406 1786 3474 τῇ

199 3493 312 3564 ἐμῄ
347 3493 585 3564 ἐξουσία,
605 3494 748 3547 τοῦτ’
775 3495 835 3560 ἐξ
872 3493 1006 3564 ἐμοῦ
1035 3494 1407 3566 πεπλήρωται.
1434 3496 1545 3558 Τὰς
1571 3495 1789 3560 ἐντολάς

200 3602 296 3637 σου
324 3586 682 3655 ᾑρετισάμην,
718 3585 1014 3656 ἀγαπήσας
1061 3585 1231 3649 αὐτὰς
1265 3585 1407 3640 κατὰ
1440 3585 1510 3639 τὰ
1554 3585 1788 3656 πρόσθεν

198 3676 322 3746 είρη
332 3676 490 3746 μένα.
869 3746 872 3749 π

285 3765 662 3831 Ἐπεπόθησα
684 3763 750 3816 τὸ
781 3764 1081 3830 Σωτήριόν
1111 3778 1250 3829 σου,
1276 3763 1373 3816 καί
1406 3763 1646 3832 ό“νόμος
1670 3776 1787 3818 σου

194 3856 416 3924 μελέτη
444 3873 562 3924 μου
590 3855 742 3908 ἐστι.
787 3856 849 3907 Ol
891 3854 1076 3906 πολλοὶ
1106 3854 1213 3906 τῶν
1254 3853 1555 3925 ἀνθρώπων
1597 3855 1789 3906 ἐπιπο-

199 3946 357 4000 θοῦσι
389 3946 683 4015 σωτηρίαν,
707 3943 820 3998 ἀλλ’
845 3944 906 3996 οὐ
932 3943 993 3995 τὸ
1021 3943 1116 3996 τοῦ
1146 3942 1304 4006 Θεοῦ,
1327 3943 1462 3997 ἀλλὰ
1492 3944 1553 3997 τὸ
1586 3947 1788 4017 σαρκὸς

199 4037 467 4106 σωτήριον
494 4034 554 4087 τὸ
585 4036 641 4087 ἐν
675 4033 1093 4104 κόσμῳ.Ἐργον
1117 4033 1173 4085 δέ
1193 4034 1342 4088 ἐστιν
1373 4033 1706 4103 ὲπιποθῆται
1724 4034 1784 4087 τὸ

195 4125 293 4178 τοῦ
327 4125 461 4178 Θεοῦ
495 4125 790 4196 Σωτήριον,
823 4122 963 4175 ὥστε
1004 4124 1061 4176 ἐν
1098 4122 1217 4192 Θεῷ
1263 4122 1522 4192 σωθῆναι,
1550 4124 1606 4174 ἐν
1633 4122 1784 4192 αὑτῷ

196 4211 595 4279 ἀναπαύεσθαι,
622 4215 1026 4285 κληρονομῆσαι
1067 4215 1136 4268 τὰ
1166 4215 1327 4283 ἅγιαο
1371 4214 1432 4266 τὸ
1461 4214 1568 4285 γαρ
1601 4214 1784 4284 Σωτή-

199 4327 317 4383 ριον
340 4307 431 4360 τοῦ
465 4307 600 4360 Θεοῦ
629 4306 785 4359 τοῦτό
814 4308 962 4359 ἐστιν
1002 4307 1035 4376 ἡ
1071 4305 1286 4368 αἰώνιος
1303 4305 1447 4376 ζωή.
1467 4306 1591 4358 Ἐὰν
1621 4305 1781 4379 θέλῃς

197 4397 535 4467 ἐπαναϐῆναι
565 4395 642 4465 τῷ
678 4396 840 4465 λόγῳ,
871 4395 932 4447 τὸ
961 4395 1234 4465 Σωτήριον
1263 4394 1358 4448 τοῦ
1400 4394 1534 4448 Θεοῦ
1578 4397 1607 4449 ὁ
1648 4397 1781 4466 Χρι-

1894 3233 1952 3278 ut
1981 3225 2241 3294 praedicta
2273 3225 2538 3294 perﬁciat.
2570 3226 2708 3279 Cum
2740 3242 2904 3294 porro
2937 3242 3133 3298 magna
3165 3233 3404 3300 postulet
3433 3247 3464 3286 a

1889 3313 2022 3378 Deo,
2054 3317 2214 3369 etiam
2244 3315 2387 3384 quod
2421 3330 2451 3367 a
2481 3329 2540 3370 se
2571 3321 2656 3369 est
2685 3316 2893 3385 profert
2923 3317 3114 3374 dicens
3149 3333 3164 3372 :
3199 3319 3467 3385 Quoniam

1889 3404 2145 3457 mandata
2172 3412 2265 3456 tua
2292 3403 2443 3472 elegi.
2469 3402 2603 3455 Nam
2629 3403 2774 3473 quod
2799 3404 2851 3459 in
2875 3419 2994 3459 mea
3020 3413 3285 3475 potestate
3311 3414 3465 3474 erat,

1889 3494 1940 3548 id
1974 3509 2004 3548 a
2036 3509 2123 3548 me
2153 3494 2432 3564 impletum
2465 3501 2566 3549 est.
2600 3493 2852 3548 Mandata
2885 3507 2977 3549 tua
3009 3495 3184 3568 elegi,
3216 3498 3344 3568 quia
3377 3497 3463 3554 di-

1887 3585 2116 3657 ligebam
2145 3598 2208 3640 ea
2228 3625 2242 3652 ,
2275 3594 2335 3638 ut
2365 3584 2622 3654 superius
2655 3585 2864 3640 dictum
2894 3593 3002 3643 est.

1957 3758 2122 3816 Vens.
2168 3761 2290 3814 174.
2331 3759 2616 3828 Concupivi
2660 3760 2913 3815 Salutare
2955 3771 3134 3828 tuum,
3164 3773 3214 3817 et
3239 3763 3322 3817 lea:
3367 3773 3461 3820 tua

1887 3852 2160 3904 meditatio
2187 3868 2304 3906 mea
2335 3861 2435 3906 est.
2465 3850 2618 3905 Multi
2653 3851 2936 3905 hominum
2977 3853 3208 3908 salutem
3249 3869 3459 3909 concu-

1886 3940 2140 4010 piscunt;
2172 3941 2265 3996 sed
2293 3955 2400 3993 non
2428 3941 2669 3995 salutare
2697 3940 2790 3996 Dei
2809 3981 2824 4003 ,
2855 3942 2950 3996 sed
2983 3943 3167 3998 carnis
3194 3944 3460 4009 salutare,

1883 4031 2029 4101 quod
2064 4032 2116 4084 in
2151 4031 2357 4084 mundo
2387 4038 2491 4085 est.
2545 4029 2695 4101 Opus
2737 4039 2923 4085 autem
2951 4040 3034 4087 est
3065 4035 3460 4104 concupiscere

1886 4122 2136 4176 Salutare
2165 4120 2256 4174 Dei
2283 4138 2298 4186 ;
2331 4128 2392 4174 ιιι
2431 4121 2484 4174 in
2517 4120 2627 4176 Deo
2652 4121 2898 4176 salutem
2947 4124 3354 4189 nanciscamur,
3402 4125 3457 4180 in

1883 4212 2002 4282 ipso
2046 4211 2429 4282 quiescamus,
2477 4220 2667 4266 sancta
2708 4213 2762 4266 in
2804 4212 3173 4269 haereditatem
3217 4216 3456 4285 accipia-

1882 4319 2045 4358 mus:
2097 4316 2222 4355 nam
2252 4301 2506 4356 Salutare
2554 4301 2647 4357 Dei
2689 4309 2774 4357 est
2798 4310 2999 4356 aeterna
3023 4303 3152 4357 vita.
3196 4303 3352 4370 Quod
3407 4307 3456 4365 si

1888 4392 2025 4447 velis
2059 4391 2225 4446 verbo
2256 4391 2546 4446 sublimius
2573 4393 2852 4464 progredi,
2889 4391 3140 4447 Salutare
3172 4392 3266 4448 Dei
3295 4393 3458 4450 Chri-

200 4489 325 4551 στὸς
348 4490 493 4540 ἐστιν
516 4505 529 4517 ·
579 4485 782 4557 Ἰησοῦς
806 4487 913 4556 γὰρ
943 4485 1325 4556 ἑρμηνεύεται,
1353 4485 1488 4538 Θεοῦ
1513 4486 1774 4557 σωτηρία.

1891 4489 2004 4536 stus
2031 4487 2115 4535 est
2148 4497 2161 4535 :
2209 4478 2371 4535 Jesus
2401 4495 2639 4551 namque
2666 4482 2992 4551 explicatur,
3022 4481 3118 4537 Dei
3149 4484 3322 4538 salus.
3356 4483 3458 4542 Hic

196 4573 367 4640 Οὗτος
399 4579 529 4647 ἡμῖν
557 4574 998 4646 ἐπέμφθη.’οδὸς
1029 4574 1122 4626 τοῦ
1153 4573 1540 4636 ἐπιποθοῦντος
1579 4574 1641 4626 τὸ
1669 4575 1782 4628 Σω-

194 4669 384 4738 τήριον
408 4666 500 4719 τοῦ
531 4665 686 4728 Θεοῦ,
714 4665 775 4718 τὸ
811 4665 903 4717 τὸν
931 4665 1091 4736 νόμον
1133 4660 1272 4718 εἶναι
1297 4664 1525 4735 μελέτην
1557 4665 1632 4735 τῷ
1658 4666 1780 4718 ἐπι..

199 4755 475 4818 ποθοῦντι,
504 4754 993 4826 προαναφωνοῦντα
1036 4756 1133 4826 τὴν
1177 4755 1334 4826 δεῦρο
1368 4755 1532 4808 αὐτοῦ
1574 4756 1777 4824 ἄφιξιν.

200 4848 384 4914 Νόμιον
407 4847 463 4899 δὲ
489 4846 722 4901 ἐνταῦθα
742 4846 894 4900 καλεῖ
923 4848 1102 4901 πᾶσαν
1129 4847 1227 4918 τὴν
1251 4847 1484 4902 παλαιὰν
1503 4849 1598 4902 καὶ
1631 4849 1780 4904 θείαν

199 4941 443 5010 Γραφήν.

269 5028 525 5093 Ζήσεται
550 5029 588 5095 ἡ
608 5027 778 5096 ψυχή
797 5045 938 5096 μου,
956 5027 1051 5080 καὶ
1078 5027 1303 5080 αἰνέσει
1327 5045 1420 5091 σε,
1444 5027 1543 5082 καὶ
1566 5028 1638 5082 τὰ
1656 5029 1778 5097 κρί-

195 5116 353 5186 ιιατά
397 5132 513 5170 σου
552 5116 848 5185 βοηθήσει
886 5133 1008 5184 μοι.
1049 5118 1143 5178 Εἰς
1169 5116 1261 5168 τὸν
1296 5116 1555 5186 μέλλοντα
1587 5119 1777 5188 χρόνον

199 5207 468 5260 ἐνέκλειεν
492 5208 592 5278 τὴν
615 5205 762 5278 ζωὴν
786 5207 889 5275 τῆς
909 5206 1106 5276 ψυχῆς.
1125 5207 1186 5261 'H
1210 5207 1318 5278 γὰρ
1358 5205 1469 5275 ζωὴ
1492 5208 1658 5276 ήμῶν
1687 5208 1777 5262 κέ-

197 5314 452 5366 κρυπται
480 5299 601 5352 σὺν
627 5297 859 5366 Χριστῷ
884 5299 952 5351 ὲν
982 5297 1060 5363 τῷ
1091 5297 1230 5363 Θεῷ.
1253 5299 1384 5351 Τότε
1417 5299 1648 5370 ὑμνήσει
1672 5319 1772 5354 κυ-

200 5391 331 5462 ρίως
357 5389 448 5441 τὸν
477 5389 629 5442 Θεόν.
663 5389 771 5443 Καὶ
803 5389 875 5442 τὰ
913 5389 1165 5457 rep/arani
1192 5405 1308 5443 σου
1329 5390 1625 5458 ,ϐοηθήσει
1648 5409 1768 5460 μοι.

211 5478 334 5532 Ἐπὶ
368 5478 586 5549 βοηθείᾳ
613 5478 720 5532 τῶν
756 5480 1088 5550 κρινομένων
1119 5481 1188 5533 τὰ
1221 5479 1459 5552 κρίματα
1500 5481 1594 5534 τοῦ
1637 5483 1771 5536 Θεοῦ

197 5569 426 5637 γίνεται.
473 5567 629 5622 Ἀλλὰ
673 5568 806 5640 ἄλλη
856 5569 1137 5640 παρρησία
1187 5570 1436 5640 βοηθείας
1489 5573 1770 5642 κριμέτων

275 5741 322 5773 ’⁸
360 5738 518 5796 Joan.
556 5755 666 5807 xw,
704 5741 756 5817 6.
831 5744 875 5774 ³⁷
918 5741 1127 5800 Coloss.
1163 5759 1251 5811 Ill;
1284 5744 1337 5801 5.

1884 4580 1970 4626 est
1994 4571 2087 4640 qui
2120 4569 2281 4624 nobis
2334 4569 2538 4625 missus
2581 4579 2684 4626 est.
2727 4569 2824 4624 Via
2869 4571 3316 4640 concupiscentis
3351 4571 3455 4628 Sa~

1883 4665 2061 4718 lutare
2096 4661 2192 4716 Dei
2219 4669 2340 4726 est,
2377 4670 2437 4715 ut
2466 4662 2571 4717 sibi
2615 4663 3027 4732 concupiscenti
3067 4664 3348 4719 meditatio
3379 4664 3454 4721 sit

1882 4756 1963 4810 lex
1986 4794 2002 4819 ,
2035 4769 2157 4824 quae
2185 4753 2305 4822 ejus
2331 4752 2398 4806 ad
2429 4767 2531 4808 nos
2563 4753 2854 4808 adventum
2876 4756 3224 4823 praenuntiat.
3256 4755 3452 4824 Legem

1879 4854 2060 4901 autem
2089 4845 2177 4899 hic
2207 4850 2367 4898 vocat
2409 4850 2576 4898 totam
2628 4853 2863 4899 veterem
2907 4859 2971 4900 ac
3018 4844 3260 4901 divinam
3299 4843 3452 4903 επι-

1879 4945 2115 5005 ptui-am.

1951 5030 2122 5085 Vens.
2162 5029 2295 5093 175,
2338 5027 2463 5084 176.
2514 5028 2660 5082 Vivet
2698 5030 2881 5083 anima
2919 5047 3069 5094 mea,
3119 5038 3168 5084 et
3205 5029 3450 5085 laudabit

1879 5132 1958 5183 te,
1991 5131 2041 5176 et
2067 5120 2273 5190 judicia
2298 5130 2388 5172 tua
2419 5119 2746 5187 adjuvabunt
2779 5137 2878 5174 me.
2911 5120 2966 5173 In
2998 5120 3180 5173 futuro
3203 5129 3450 5189 tempore

1875 5212 2040 5265 vitam
2067 5210 2261 5264 anima:
2290 5209 2543 5264 includit.
2593 5210 2713 5263 Vita
2743 5213 2887 5265 enim
2921 5219 3104 5263 nostra
3134 5211 3449 5266 abscondita

1874 5313 1953 5356 est
1981 5319 2101 5355 cum
2129 5301 2340 5357 Christo
2370 5302 2424 5354 in
2460 5301 2564 5354 Deo
2603 5301 2669 5356 ".
2702 5301 2856 5356 Tunc
2887 5300 3052 5355 Deum
3087 5302 3304 5371 preprie
3332 5304 3448 5358 lau-

1880 5393 2050 5447 dabit.
2088 5391 2155 5446 Et
2205 5391 2414 5461 judicia
2447 5403 2538 5445 tua
2585 5392 2905 5461 adjuvabunt
2939 5408 3039 5445 me.
3075 5393 3154 5446 Ad
3185 5395 3446 5448 auxilium

1874 5499 2062 5538 eorum
2082 5524 2097 5548 ,
2127 5483 2195 5538 de
2219 5484 2420 5554 quibus
2446 5484 2750 5554 judicatur,
2771 5483 2980 5553 judicia
3024 5485 3115 5540 Dei
3145 5485 3296 5540 liunt.
3334 5485 3443 5540 Ve-

1874 5591 1992 5631 rum
2045 5576 2152 5629 alia
2199 5575 2385 5632 auxilii
2441 5577 2496 5632 in
2532 5575 2754 5648 iudieiis
2781 5574 2988 5632 ferendi
3032 5576 3228 5633 ﬁducia
3273 5591 3440 5648 penes
