3818 6328
1181 407 2433 761 ΕΥΞΕΕΙΟΥ

1392 857 1611 940 ΤΟΥ
1670 855 1913 941 11AM
1918 855 2253 941 ΦΙΛΟΥ

293 978 1498 1178 ΥΠΟΜΝΗΜΑΤΑ
1584 1049 1836 1172 ΕΙΣ
1928 1044 2368 1174 ΤΟΥΣ
2441 1046 3299 1183 ΨΑΛΜΟΥΣ.

535 1473 1610 1789 ΕΠδΕΒΙΙδ
1777 1468 2043 1676 ΡΑ

1548 1475 1610 1789 [ὁ
1777 1468 3056 1679 PAMPHILI

951 1820 1758 1975 COMMENTARIA
1862 1822 1989 1971 IN
2098 1820 2651 1976 PSALMOS.

208 2084 307 2146 Ez
345 2102 482 2144 mss.
513 2084 862 2145 codicibus
910 2094 1104 2154 eruta,
1147 2084 1368 2144 Latine
1397 2102 1591 2150 versa,
1631 2102 1699 2142 ac
1726 2082 2272 2162 notis‘illustrata,
2304 2085 2509 2146 studio
2547 2095 2603 2145 et
2633 2104 2819 2162 opera
2847 2088 2922 2145 D.
2962 2086 3266 2149 Bernardi
3295 2092 3386 2150 Βι

320 2164 806 2236 Μοηπλυεοκ,
839 2163 1188 2240 presbyteri
1226 2171 1283 2219 et
1312 2162 1592 2221 monachi
1631 2159 1868 2219 ordinis
1900 2160 1963 2220 S.
2010 2160 2347 2234 Benedicti,
2379 2181 2407 2219 e
2438 2159 2901 2239 congregatione
2926 2166 2989 2225 S.
3030 2167 3262 2225 Mauri.

411 400 685 449 ΕΞ
832 406 843 411 -
1299 405 1307 453 ξ
1462 405 1534 453 is:
1567 405 1694 454 ...ε
1719 406 2003 455 Ennii:
2028 407 3291 462 agamagam

755 2320 1005 2383 (Collectio
1024 2333 1142 2370 nova
1164 2323 1367 2369 Patrum
1395 2325 1439 2369 et
1459 2316 1739 2380 scriptorum
1761 2320 2047 2377 Gracorum,
2074 2319 2286 2379 Parisiis,
2314 2319 2449 2380 i707,
2472 2319 2649 2380 in-fol.,
2675 2328 2787 2369 tom.
2822 2323 2883 2384 Ι.)

1794 2514 1863 2526 .—

913 2594 1457 2655 CLEMENTI
1521 2596 1629 2655 XI
1676 2596 2222 2659 PONTIFICI
2275 2597 2696 2662 MAXIMO.

274 2715 420 2776 Cum
452 2731 575 2790 per
605 2715 966 2772 Romanum
998 2713 1188 2770 otium
1216 2711 1518 2787 colloquio
1547 2729 1670 2771 non
1696 2714 1875 2771 semel
1899 2710 2186 2789 dignatus
2211 2723 2337 2785 tuo,
2362 2716 2753 2776 Sanctissime
2782 2721 3001 2795 Pater,
3032 2725 3380 2787 Gracarum

203 2831 340 2890 quas
368 2814 660 2889 apprime
706 2811 925 2881 calles,
959 2808 1431 2885 disciplinarum
1453 2812 1778 2869 maximam
1805 2812 1871 2869 in
1900 2820 1954 2868 te
1984 2829 2193 2869 curam
2223 2814 2773 2888 animadverterim,
2818 2839 2886 2879 ea
2917 2824 3065 2883 mihi
3107 2844 3241 2884 cum
3268 2828 3380 2886 sti—

207 2913 387 2971 mulos
431 2912 714 2983 addidit,
758 2921 828 2970 ut
851 2915 988 2989 jam
1028 2910 1237 2969 multis
1280 2912 1459 2969 annis
1508 2911 1730 2970 initum
1762 2909 2111 2969 Gracarum
2153 2913 2473 2971 Musarum
2514 2919 2895 2977 curriculum
2933 2940 3376 3000 prosequerer;

210 3021 324 3068 tum
350 3013 591 3070 animos
630 3011 814 3087 fecit,
846 3016 915 3067 ut
942 3009 1121 3067 hasce
1153 3006 1608 3066 lucubrationes
1637 3024 1794 3063 meas
1821 3006 2151 3065 Sanetitati
2190 3010 2332 3066 Tua
2363 3027 2799 3088 nuncuparem.
2825 3014 2939 3074 Est
2967 3020 3190 3096 quippe
3222 3021 3378 3081 illud

212 3110 285 3169 iis
314 3111 416 3185 qui
458 3118 753 3168 veterum
781 3109 1192 3167 monumentis
1228 3104 1507 3165 eruendis
1536 3116 1766 3164 atatem
1796 3114 2140 3174 conterunt,
2175 3124 2280 3165 nec
2314 3106 2614 3168 modicum
2641 3110 2720 3169 ad
2762 3130 3004 3189 operam
3040 3118 3377 3178 navandum

213 3208 696 3277 incitamentum,
731 3224 872 3265 cum
904 3207 954 3265 ii
985 3206 1091 3282 qui
1120 3204 1419 3280 dignitate
1450 3212 1504 3262 et
1532 3203 1933 3280 amplitudine
1966 3204 2199 3262 cateris
2221 3214 2543 3280 praestant,
2590 3226 2799 3283 parem
2849 3212 2914 3269 in
2956 3229 3023 3269 re
3067 3213 3375 3275 litterario

218 3304 457 3381 gradum
499 3313 704 3381 gustu
736 3312 796 3363 et
819 3304 1063 3379 peritia
1097 3320 1301 3360 rerum
1329 3302 1592 3359 assecuti
1632 3310 1795 3361 sunt.
1831 3301 1980 3361 Cum
2018 3312 2241 3373 autem,
2273 3303 2665 3363 Sanctissime
2694 3306 2916 3378 Pater,
2952 3310 3046 3367 rei
3093 3313 3372 3372 ecclesia-

219 3403 584 3479 sticajuxta
614 3420 693 3460 ac
725 3402 1060 3461 litteraria
1074 3397 1277 3478 judex
1304 3398 1647 3473 arbiterque
1693 3396 1920 3468 sedeas,
1953 3416 2210 3474 quorum
2248 3398 2420 3457 aliud
2451 3400 2563 3457 tibi
2610 3418 2839 3457 summa
2879 3404 3077 3461 virtus
3109 3410 3372 3467 omnium

222 3501 533 3577 conjuncta
560 3500 735 3558 votis
767 3498 1020 3567 detulit,
1049 3496 1221 3556 aliud
1260 3497 1485 3555 eaimia
1512 3495 1982 3571 disciplinarum
2013 3495 2277 3551 omnium
2303 3494 2529 3552 notitia
2560 3514 2683 3553 una
2708 3498 3095 3567 conciliavit;
3126 3505 3227 3562 cui
3240 3522 3361 3581 po-

222 3599 332 3656 tius
360 3597 569 3655 labore
596 3594 663 3654 ’et
696 3594 931 3653 sudore
961 3601 1173 3651 nostro
1199 3599 1388 3669 parta
1418 3592 1762 3667 offeramus,
1794 3606 1971 3665 quam
2005 3591 2058 3648 ei
2086 3592 2191 3666 qui
2212 3609 2334 3649 non
2363 3590 2703 3651 eruditione
2729 3596 2927 3653 minus
2958 3614 3134 3674 quam
3162 3598 3368 3677 digni-

225 3704 331 3752 tate
360 3694 596 3754 cateris
635 3692 1031 3752 antecellat?

290 3792 535 3851 Eusebii
576 3794 794 3868 itaque
830 3792 1040 3850 nostri
1072 3790 1515 3851 Commentario
1543 3792 1609 3849 in
1658 3789 1919 3867 psalmos
1951 3790 2281 3851 Sanctitati
2318 3794 2460 3852 Tua
2484 3792 2781 3854 sistimus.
2816 3792 2982 3869 Opus
3023 3814 3163 3854 sane
3207 3815 3373 3874 egre-

226 3892 395 3967 gium,
442 3892 497 3950 si
538 3891 906 3966 Scriptura
936 3905 1127 3947 sacra
1156 3889 1460 3959 notitiam,
1491 3897 1761 3945 veterum
1795 3889 2200 3965 interpretum
2226 3892 2534 3967 copiosam
2568 3890 3025 3967 supellectilem,
3062 3893 3269 3953 doctas
3296 3895 3371 3954 de

228 3988 499 4064 cujusque
523 3989 770 4066 psalmi
801 3995 1063 4045 auctore
1096 3995 1151 4043 et
1180 3995 1444 4062 tempore
1475 3986 1923 4046 observationes
1952 3990 2344 4063 spectaveris.
2377 3989 2515 4048 Huc
2542 3988 2833 4047 accedunt
2861 3991 3201 4067 frequentes
3230 4011 3372 4052 con-

231 4095 319 4142 tra
344 4088 544 4146 atheos
574 4106 649 4145 ac
684 4087 920 4161 impios
951 4086 1358 4149 velitationes,
1397 4102 1466 4142 ac
1515 4082 1584 4141 de
1627 4082 2011 4142 Psalmorum
2054 4086 2372 4156 sententia,
2409 4095 2535 4144 tum
2580 4084 2861 4155 litterali,
2915 4095 3041 4144 tum
3069 4098 3369 4164 mgstago-

229 4183 349 4256 gica
373 4184 875 4241 accuratissima
906 4177 1352 4249 meditationes,
1381 4188 1436 4237 et
1470 4180 1596 4239 alia
1625 4179 1815 4238 multa
1860 4180 2027 4255 queis
2060 4178 2340 4238 rudiores
2370 4182 2558 4241 animi
2587 4180 2666 4239 ad
2701 4182 2989 4257 pietatem
3008 4225 3023 4253 ,
3053 4186 3371 4261 perfectio-

234 4295 317 4337 res
342 4292 551 4350 autem,
582 4280 668 4338 ad
702 4279 1036 4338 sublimem
1063 4276 1398 4352 Scriptura
1427 4294 1612 4335 sacra
1640 4278 1924 4335 notitiam
1951 4276 2277 4354 informari
2302 4278 2519 4339 solent.
2545 4279 2683 4337 Hac
2710 4295 2786 4336 ea:
2812 4276 3111 4337 diuturna
3144 4290 3366 4339 tracta-

233 4379 377 4435 tione
424 4379 783 4447 Eusebius,
850 4375 1167 4451 Pamphili
1208 4374 1499 4449 martyris
1545 4374 2010 4450 Scripturarum
2076 4374 2468 4434 scientissimi
2518 4375 2913 4435 contubernio
2963 4376 3360 4446 nobilitatus,

234 4475 485 4548 apprime
508 4474 760 4541 calluit,
795 4474 929 4532 hac
961 4473 1131 4527 docte
1159 4468 1451 4529 disseruit
1481 4477 1537 4527 et
1564 4471 1955 4545 explanavit;
1990 4468 2149 4527 unde
2177 4474 2391 4531 merito
2424 4491 2565 4530 sane
2590 4464 2998 4550 Hieronymus
3028 4471 3369 4533 eruditissi-

234 4590 342 4629 mos
380 4575 551 4634 hosce
594 4574 1105 4635 Commentarios
1153 4588 1273 4627 esse
1315 4571 1705 4645 pronuntiat.
1738 4569 2011 4641 Quorum
2044 4580 2213 4631 tanta
2255 4573 2376 4648 fuit
2403 4569 2568 4648 apud
2608 4581 2834 4631 veteres
2873 4574 3265 4641 existimatio,
3296 4582 3364 4630 ut

238 4669 616 4734 Occidentalis
671 4673 998 4733 Ecclesia
1041 4672 1235 4729 lumen
1278 4669 1437 4729 illud
1466 4669 1763 4729 Eusebius
1803 4671 2195 4731 Vercellensis
2240 4672 2306 4729 in
2334 4671 2695 4730 Latinorum
2735 4690 2908 4730 usum
2952 4680 3140 4728 totum
3188 4688 3361 4746 opus,

234 4768 493 4831 submotis
526 4781 741 4830 tamen
790 4772 880 4829 iis
915 4786 1049 4844 qua
1085 4768 1493 4827 Arianismum
1536 4768 1787 4837 olerent,
1836 4768 2048 4825 Latine
2081 4770 2317 4845 fecerit.
2369 4769 2565 4845 Hujus
2598 4786 2707 4825 nos
2766 4767 3139 4841 diligentiam
3187 4784 3361 4823 amu-

236 4865 419 4939 lantes,
452 4888 544 4941 ne,
577 4869 853 4949 jamdiu
908 4868 1072 4924 tanti
1100 4868 1218 4925 viri
1260 4866 1765 4940 interpretatione
1795 4867 2035 4935 amissa,
2066 4876 2280 4924 nostra
2310 4876 2452 4925 atas
2480 4869 2589 4926 hoc
2632 4867 2859 4941 insigni
2901 4878 3079 4939 opere
3122 4862 3358 4936 orbata,

233 4967 478 5039 segnitiei
502 4967 687 5025 nobis
720 4973 957 5024 notam
986 4964 1277 5033 inureret,
1317 4981 1396 5021 ea
1424 4962 1803 5021 bibliothecis
1838 4973 2076 5021 erutum
2106 4972 2162 5020 et
2186 4963 2400 5022 Latine
2428 4981 2666 5022 versum
2698 4961 3101 5038 publicamus,
3133 4960 3360 5037 tibique

236 5061 533 5138 offerimus,
566 5075 639 5125 ut
676 5056 849 5133 tuis,
881 5061 1273 5119 Sanctissime
1302 5062 1512 5129 Pater,
1546 5062 1843 5135 auspiciis
1873 5061 2114 5137 felicius
2145 5063 2210 5120 in
2240 5061 2429 5119 lucem
2462 5060 2737 5136 prodeat,
2770 5064 2937 5131 teque
2975 5053 3121 5113 duce
3149 5057 3360 5134 faciles

237 5156 331 5217 sibi
356 5171 513 5235 paret
540 5162 621 5220 ad
654 5156 1131 5234 rempublicam
1159 5156 1519 5215 litterariam
1544 5155 1768 5218 aditus.
2369 5148 2373 5152 ’

303 5258 489 5318 Verum
530 5280 661 5320 non
718 5253 1016 5335 perinde
1048 5254 1379 5315 laudandus
1409 5258 1661 5317 Eusebii
1690 5268 1942 5317 conatus
1971 5258 2299 5317 Sanctitati
2335 5260 2472 5316 Tua
2500 5254 2801 5327 videatur,
2832 5256 2888 5314 si
2914 5252 2992 5313 ad
3019 5252 3362 5313 doctrinam

235 5348 291 5411 de
319 5358 617 5429 Trinitate,
662 5358 731 5417 si
783 5353 877 5413 ad
924 5352 1200 5411 vitiatam
1238 5353 1309 5413 de
1369 5356 1547 5414 Verbo
1585 5358 1698 5417 Dei
1743 5358 2099 5416 sententiam
2131 5357 2395 5415 animum
2422 5353 2772 5415 attenderis.
2804 5355 2918 5413 Est
2946 5354 3102 5413 enim
3132 5370 3359 5423 eorum,

235 5467 317 5527 qui
342 5459 504 5518 nimis
524 5459 807 5535 ingenio
845 5452 1261 5529 doctrinaque
1282 5473 1402 5514 sua
1421 5456 1635 5532 ﬁdunt,
1658 5467 1996 5534 perpetuus
2024 5457 2127 5517 ille
2160 5454 2467 5530 scopulus,
2494 5462 2562 5511 ut
2590 5470 2724 5513 cum
2752 5474 2861 5514 suo
2890 5462 3076 5513 marte
3107 5452 3363 5527 religio-

239 5552 312 5614 nis
351 5556 535 5632 capita
576 5552 883 5630 deﬁnire
916 5548 1201 5614 audeant.
1252 5570 1290 5608 a
1335 5568 1486 5613 vera
1535 5553 1675 5629 ﬁdei
1715 5557 1954 5615 tramite
1994 5555 2223 5630 passim
2257 5552 2558 5611 aberrent.
2603 5553 2846 5612 Possem
2887 5550 3353 5613 innumerabiles

198 5650 201 5653 ’
498 5654 806 5711 Ριτιιοι..
849 5646 971 5704 Gn.
1026 5642 1251 5710 XXIII.

2942 5654 2971 5709 1
