3818 6326
220 402 281 457 t3
977 406 1480 466 COMMENTAPJA
1518 402 1582 459 IN
1624 402 1951 461 PSALMOS.
1992 437 2056 445 -
2094 394 2624 463 manumanu.
3322 418 3387 472 tt

215 533 322 573 rum
343 516 585 572 Ecclesiae
626 535 736 575 usu
768 523 938 585 tritis,
966 534 1025 576 ut
1056 535 1206 592 sunt,
1246 528 1582 594 mortiﬁcare,
1606 527 1769 593 viriﬁ-
1799 531 1840 585 Α
1872 524 2077 583 haberi.
2106 540 2168 579 ac
2185 527 2516 580 maturandae
2547 528 2793 583 editionis
2826 538 3014 583 auctor
3036 530 3158 584 fuit.
3195 529 3388 586 Accer-

212 624 333 669 care,
361 610 668 674 persecutio,
706 612 1013 677 tribulatio,
1033 626 1084 669 et
1108 618 1332 679 similes,
1358 632 1473 686 quae
1497 617 1749 685 quodam-

212 701 353 754 modo
378 710 739 765 consecratae,
783 715 841 759 et
871 708 922 759 in
974 708 1129 761 libris
1166 708 1428 776 frequenti
1469 708 1753 776 Scriptura:

208 790 415 842 lectione
454 790 797 848 iutermistis
846 811 1071 864 prorsus
1125 804 1443 852 necessaria:
1477 808 1618 852 sunt.
1657 798 1751 851 Ubi

206 888 477 932 occurrunt
514 879 838 950 Scriptura:
862 902 1032 940 sacrae
1061 888 1228 951 dicta,
1261 889 1558 959 Vulgatam,
1591 893 1634 945 si
1670 908 1754 945 res

208 972 271 1023 ita
299 970 442 1032 ferat,
474 974 775 1038 sequimur
817 995 829 1027 :
866 977 960 1030 sed
1008 977 1231 1045 quando
1260 994 1322 1032 ex
1366 979 1541 1033 Veteri
1571 980 1756 1035 Testa-

206 1068 374 1112 mento
396 1059 681 1113 sententia:
714 1062 1051 1125 aﬂeruutur,
1076 1068 1202 1132 quia
1227 1067 1539 1135 plerumque
1561 1069 1755 1137 Vulga-

202 1154 285 1207 ta,
314 1163 372 1200 ex
411 1147 636 1201 Hebraeo
659 1165 961 1219 expressa,
1002 1168 1128 1206 cum
1158 1154 1339 1209 Gl‘il‘Ctl
1381 1159 1621 1213 versione
1649 1175 1752 1212 non

202 1234 432 1303 quadrat,
462 1242 579 1289 tum
610 1253 862 1293 necesse
905 1256 1134 1308 prorsus
1163 1252 1244 1297 est
1300 1247 1485 1300 litterae
1512 1250 1751 1316 obsequi,

198 1324 448 1390 aliamque
487 1325 1019 1392 interpretationem
1053 1345 1242 1398 parare
1276 1353 1289 1385 :
1331 1336 1472 1402 quod
1504 1337 1627 1390 item
1663 1354 1756 1391 ne-

197 1414 419 1469 cessario
447 1416 841 1481 praestandum
889 1419 1067 1473 sicubi
1101 1422 1179 1475 vel
1223 1423 1383 1478 lectio
1412 1425 1640 1489 diversa,
1673 1428 1755 1480 vel

199 1504 400 1558 Eusebii
427 1506 711 1558 sententia
755 1509 925 1560 aliam
962 1511 1266 1565 versionem
1290 1518 1541 1580 postulat.
1583 1516 1638 1570 In
1664 1519 1752 1571 de-

195 1606 347 1645 cursu
388 1602 567 1644 autem
609 1596 811 1659 operis
871 1597 1061 1652 breves
1116 1615 1373 1669 rarasque
1409 1612 1563 1657 notas
1612 1605 1758 1658 dedi-

194 1682 499 1748 muszquia
556 1697 639 1734 ett:
692 1684 744 1736 si
815 1685 924 1739 huc
979 1689 1110 1741 illuc
1162 1692 1539 1758 conjiciantur,
1601 1698 1757 1762 vulgo

194 1776 400 1835 pereunt
434 1767 846 1835 inobservata},
888 1774 1124 1829 intactae.
1155 1777 1331 1841 Quane
1353 1780 1398 1832 si
1423 1780 1550 1847 quid
1591 1782 1643 1833 in
1673 1781 1755 1836 bis

190 1860 582 1913 commentariis
616 1869 835 1915 notatu
864 1864 1087 1932 dignum
1122 1870 1380 1934 occurrit,
1409 1844 1459 1923 id
1495 1873 1547 1923 in
1580 1874 1752 1939 praeli-
1787 1844 1825 1896 Β

189 1948 401 1999 minaria
429 1950 814 2016 contulimus,
857 1954 949 2007 ubi
975 1955 1041 2009 de
1070 1958 1231 2023 stylo,
1272 1958 1337 2011 de
1365 1974 1557 2027 genere
1586 1962 1752 2015 inter-

185 2037 441 2104 pretandi,
472 2038 541 2092 de
597 2040 893 2106 doctrina,
932 2044 998 2097 de
1047 2045 1331 2115 disciplina
1391 2049 1560 2117 deque
1611 2051 1749 2113 aliis,

184 2141 300 2195 qua:
326 2128 499 2179 omnia
525 2145 709 2182 unum
738 2132 853 2185 sub
875 2141 1149 2200 aspectum
1183 2137 1453 2203 conjicere
1482 2154 1511 2191 e
1554 2155 1609 2192 re
1642 2140 1752 2192 fore

186 2214 350 2269 visum
380 2224 459 2270 est
491 2236 506 2271 :
541 2234 737 2286 neque
801 2228 1055 2288 putamus
1096 2224 1324 2278 eruditis
1377 2234 1427 2278 et
1474 2229 1751 2295 sagacibus

164 2304 456 2357 consilium
494 2305 956 2375 displiciturum.

691 2416 937 2472 CAPUT
970 2420 1257 2476 PRIMUM.

178 2538 529 2579 ἘΟΠΕΝΤΑΒΙΙ
561 2543 798 2582 EUSEBH
831 2546 897 2584 EX
929 2546 1115 2594 QUIBUS
1142 2550 1412 2589 CODiClBUS
1445 2553 1739 2592 PBODEANT.

190 2614 234 2666 I.
254 2614 323 2666 De
347 2617 527 2669 codice
558 2618 902 2673 Taurinensi
935 2623 1223 2676 cardinalis
1266 2624 1520 2679 Perronii.
1556 2627 1637 2680 11.
1673 2628 1749 2680 De

244 2682 407 2736 codice
435 2687 754 2738 cardinalis
812 2689 1072 2743 Coislim'i.
1108 2692 1220 2745 HI.
1262 2693 1335 2746 De
1352 2695 1652 2748 .Colbcrtiuo
1697 2707 1746 2749 et

246 2755 433 2832 {alapis
467 2754 732 2832 Rggiisll
752 2756 819 2807 γ.
841 2757 1259 2832 βηωεὶ-Εᾳεςεὺέο
1280 2772 1329 2814 et
1357 2764 1476 2815 aliis
1501 2774 1746 2832 suspecta:

249 2821 361 2896 [idet
412 2821 790 2896 scriptoribus
836 2826 1049 2896 infensi.
1093 2828 1153 2880 V.
1188 2828 1396 2883 Catena:
1434 2821 1745 2886 comnienta-

246 2892 364 2966 rios.
396 2892 919 2956 pessumdederunt.
964 2895 1059 2949 VI.
1096 2896 1169 2949 De
1210 2901 1602 2966 praefationibus
1636 2902 1744 2954 Eu-

248 2957 384 3009 acbii.

352 3066 388 3114 Ι.
424 3068 501 3117 De
523 3070 707 3119 codice
732 3072 1031 3122 Taurinensi
1050 3076 1305 3125 cardinalis
1327 3077 1560 3128 Petronii.

251 3169 691 3228 Commentarios
733 3174 956 3230 Eusebii
989 3179 1042 3231 in
1096 3179 1338 3233 Psalmos
1373 3183 1424 3234 in
1458 3183 1739 3237 bibliothe-

186 3253 260 3305 cis
281 3256 436 3311 latere
451 3262 767 3315 multorum
790 3277 1014 3319 narratu
1040 3268 1149 3334 jam
1176 3270 1378 3335 pridem
1402 3286 1735 3339 acceperam:

192 3353 358 3395 verum
389 3346 536 3401 haud
566 3353 747 3406 certis
776 3356 927 3409 notis
958 3356 1309 3425 iudiciisque;
1335 3357 1422 3412 alii
1445 3362 1583 3413 enim
1601 3363 1738 3428 quod

191 3442 388 3485 rumore
434 3438 665 3498 nuntio,
707 3443 1104 3511 nonnullisque
1152 3444 1504 3499 referentibus
1560 3448 1741 3501 audie-

194 3529 318 3583 rant,
349 3525 499 3576 nulla
532 3527 669 3580 data
703 3532 1032 3597 experiundi
1076 3532 1349 3596 facultate,
1391 3535 1737 3601 dictitabant;

200 3608 278 3660 alii
326 3611 604 3668 indicibus
641 3618 906 3671 codicum
964 3619 1192 3689 decepti,
1230 3624 1468 3689 quaedam
1501 3626 1552 3677 in
1593 3624 1741 3680 Psal-

195 3708 298 3750 mos
324 3698 785 3771 ἁποσπασμάτια,
820 3704 1044 3759 Eusebii
1093 3710 1309 3762 nomine
1341 3710 1613 3779 insignita,
1644 3728 1737 3782 pro

194 3787 321 3839 reris
350 3788 567 3843 Eusebii
603 3796 1033 3849 commentariis
1076 3796 1391 3851 habuerant.
1422 3800 1590 3855 Annis
1615 3819 1739 3856 vero

197 3872 256 3924 ab
276 3874 396 3929 hinc
420 3879 648 3934 circiter
682 3883 878 3936 decem
907 3886 1285 3939 renuntiarunt
1312 3890 1519 3943 sodalcs
1567 3894 1734 3944 nostri

200 3958 362 4014 Sancti
394 3964 621 4021 Taurini
662 3969 1026 4025 Ebroicensis
1050 3976 1313 4037 monachi,
1344 3986 1551 4030 exstare
1576 3978 1627 4030 in
1659 3980 1735 4031 bi-

195 4045 439 4106 bliotheca
467 4072 591 4119 sua,
630 4075 760 4127 qua:
792 4061 927 4113 olim
959 4060 1248 4117 cardinalis
1280 4065 1515 4120 Petronii
1543 4067 1733 4129 fuerat,

200 4141 614 4207 antiquissimum
651 4150 910 4203 codicem
966 4155 1469 4209 commentariorum
1524 4157 1732 4212 Eusebii

199 4226 520 4288 Caesariensis
552 4237 608 4288 in
642 4238 976 4306 Evangelia,
1003 4257 1066 4293 ac
1104 4246 1449 4299 recentiorem
1494 4246 1653 4301 alium
1682 4250 1732 4300 in

202 4332 294 4381 quo
318 4327 688 4379 commentarii
729 4325 987 4394 ejusdem
1022 4330 1076 4382 in
1106 4332 1361 4389 Psalmos.
1395 4335 1529 4389 Tum
1558 4340 1734 4391 animo

200 4407 456 4477 utriusque
488 4417 678 4481 operis
712 4417 1065 4483 publicandi,
1097 4425 1274 4489 rogavi
1328 4436 1385 4477 ut
1433 4428 1557 4479 mihi
1593 4430 1732 4480 anti-

1860 614 2233 684 situmitaque
2284 616 2521 669 codicem
2568 617 2889 686 deprehendi
2921 613 3246 687 ips‘issimum
3270 637 3389 676 esse

1851 702 2290 754 commentarium
2328 702 2564 765 Eusebii,
2594 719 2751 771 quem
2772 704 3061 759 cardinalis
3095 703 3392 762 Perronius
3431 750 3433 761 .

1851 791 1904 842 in
1932 789 2078 841 Italia
2108 791 2304 857 degens
2327 807 2390 843 ex
2428 793 2819 861 antiquioribus
2850 795 3125 849 codicibus
3155 795 3389 851 exscribi

1852 889 2150 932 curaverat.
2178 880 2225 934 ls
2258 881 2357 934 etsi
2389 881 2454 932 ad
2486 881 2831 934 centesimum
2856 897 3024 950 usque
3050 891 3102 936 et
3134 884 3391 938 duodecr-

1852 982 1996 1019 mum
2028 970 2290 1036 psalmum
2322 971 2662 1037 pertingeret,
2698 970 2750 1021 in
2777 971 2956 1024 multis
2979 972 3288 1033 deficiebat;
3312 975 3389 1027 ita

1854 1064 1913 1108 ut
1945 1059 2105 1109 etiam
2140 1060 2327 1126 psalmi
2361 1073 2390 1110 a
2422 1059 2829 1126 quadragesimo
2852 1069 3039 1115 octavo
3075 1063 3139 1115 ad
3167 1073 3385 1136 octoge-

1853 1144 2046 1198 simum
2089 1148 2358 1211 abcssent,
2386 1150 2437 1200 in
2478 1148 2788 1215 ueterisque
2818 1165 2924 1201 non
2956 1166 3128 1219 pauca
3175 1152 3383 1207 desideo
3427 1142 3431 1152 ’

1853 1243 2120 1290 rarentur.

2176 1345 2239 1395 II.
2274 1349 2347 1396 De
2370 1350 2534 1397 codice
2556 1349 2808 1398 cardinalis
2831 1350 3060 1401 Coislinii.

1922 1450 2074 1505 Tunc
2104 1451 2348 1505 iteranda
2377 1452 2505 1504 mihi
2534 1452 2805 1521 diligentia
2824 1452 2942 1516 fuit,
2964 1461 3021 1506 ut
3066 1457 3111 1509 si
3147 1454 3268 1523 quid
3324 1459 3377 1510 in

1855 1542 1944 1594 illo
1971 1542 2198 1602 deesset,
2219 1541 2442 1593 aliorum
2471 1541 2706 1594 subsidio
2731 1541 2931 1595 sarcire
2959 1558 3186 1621 possem.
3222 1543 3379 1598 Forte

1855 1631 2065 1683 fortuna
2110 1630 2306 1682 accidit
2346 1638 2400 1682 ut
2430 1630 2485 1682 in
2518 1630 2840 1683 bibliotheca
2887 1629 3207 1699 Segueriana
3248 1634 3379 1686 alter

1852 1719 2017 1772 codex
2044 1718 2254 1773 Eusebii
2286 1718 2339 1771 in
2369 1718 2608 1773 Psalmos
2624 1720 2849 1774 adesset.
2875 1720 3025 1775 Hunc
3044 1722 3110 1776 ab
3138 1723 3378 1777 eminen-

1854 1807 2062 1860 tissimo
2088 1808 2347 1861 cardinali
2398 1808 2654 1862 Coislinio
2681 1810 2979 1877 impetravi,
3003 1813 3092 1880 qui
3127 1827 3231 1881 qua
3262 1813 3379 1880 pol.

1856 1897 1924 1948 let
1947 1896 2274 1950 humanitate
2308 1906 2360 1950 et
2392 1897 2754 1960 beneficentia,
2788 1899 3043 1953 suadente
3066 1914 3128 1953 ac
3159 1914 3381 1953 monen'

1852 1993 1905 2039 te
1946 1985 2159 2038 domino
2199 1986 2264 2039 de
2311 1986 2360 2039 la
2393 1985 2619 2055 Vergne,
2649 1988 2699 2039 in
2736 1987 3005 2055 publicum
3038 2004 3193 2042 nsum
3228 1988 3365 2041 codi-

1852 2089 1967 2127 cem
2016 2075 2320 2142 hujusmodi
2351 2077 2689 2130 commodare
2738 2078 2893 2131 nobis
2933 2078 3246 2147 dedignatus
3267 2093 3374 2132 non

1851 2170 1951 2215 est.
1989 2160 2155 2215 Habet
2183 2165 2228 2217 is
2251 2164 2492 2218 Psahnos
2523 2180 2642 2218 cum
2670 2168 3062 2221 commentariis
3102 2168 3270 2235 plenis
3292 2170 3376 2222 in-

1852 2251 2120 2319 tegrisque
2144 2267 2173 2303 a
2202 2253 2643 2321 quinquagesimo
2671 2255 2735 2307 ad
2772 2256 3175 2323 nonagesimum
3214 2259 3373 2326 quin-

1850 2348 1993 2404 tutu;
2025 2343 2096 2392 ita
2127 2350 2183 2393 ut
2210 2341 2369 2406 hujus
2390 2344 2714 2396 adminiculo
2744 2344 2989 2396 lacunam
3011 2346 3153 2397 illam
3188 2347 3373 2416 ingen—

1849 2434 1953 2478 tem
1985 2427 2230 2495 explendi
2263 2427 2487 2483 facultas
2514 2437 2675 2483 esset.
2709 2429 2858 2493 Quod
2892 2445 3019 2484 sane
3047 2433 3175 2485 mihi
3198 2435 3373 2503 inopi-

1847 2521 2028 2567 natum
2056 2523 2106 2568 et
2139 2523 2345 2584 gratum
2375 2518 2601 2570 accidit:
2626 2534 2746 2570 nam
2783 2518 2954 2571 solent
2979 2534 3097 2573 esse
3126 2537 3242 2589 qua:
3272 2525 3372 2574 mi-

1846 2619 1947 2657 nus
1976 2614 2350 2672 exspectantur
2371 2606 2590 2660 lmtiora.
2618 2608 2710 2662 Est
2739 2624 2895 2677 porro
2922 2609 3089 2663 codex
3118 2611 3204 2664 ille
3231 2612 3373 2666 deci-

1844 2696 1967 2746 cimi
2017 2695 2217 2755 saiculi,
2246 2696 2470 2764 egregia;
2500 2706 2657 2761 noue,
2692 2700 2778 2752 cui
2835 2701 3021 2754 titulus
3064 2701 3370 2766 huiusmodi

1844 2784 2076 2838 secunda
2125 2798 2283 2836 manu
2330 2801 2422 2838 χιιι
2472 2788 2649 2840 saeculi
2692 2789 2938 2856 praelixus
2965 2799 3083 2843 est:
3118 2792 3368 2843 Εὐσεϐίου

1841 2872 1932 2926 τοῦ
1966 2874 2239 2942 Παμφίὶου
2290 2875 2555 2944 Ἀρειανοῦ
2601 2876 2853 2947 ἐξήγησις
2895 2881 2971 2941 εἰς
3015 2881 3135 2942 τοὺς
3174 2887 3214 2931 ν’
3236 2880 3368 2948 ψαλο

1844 2962 1971 3028 μοὺς
2000 2960 2089 3012 τοῦ
2116 2962 2287 3023 Δαυῖδ,
2326 2963 2447 3023 τοὺς
2464 2964 2567 3015 ἀπὸ
2605 2970 2680 3015 να⁹
2716 2966 2817 3026 ἕως
2848 2973 2910 3034 ρ’,
2945 2968 2993 3019 id
3016 2976 3119 3031 est,
3161 2967 3370 3021 Eusebii

1842 3050 2101 3117 Pamphili
2129 3051 2312 3103 Ariani
2343 3055 2594 3119 expositio
2642 3054 2696 3105 in
2746 3058 3117 3125 quinquaginta
3142 3058 3367 3123 psalmos

1770 3140 1811 3195 C
1843 3136 2079 3201 Davidis,
2136 3154 2167 3189 a
2217 3141 2634 3210 quinquagesimo
2688 3144 2853 3209 primo
2894 3143 2959 3195 ad
3017 3148 3364 3200 centesimum.

1843 3225 1975 3279 Nam
2024 3227 2262 3295 plerique
2288 3243 2472 3283 omnes
2514 3229 2679 3283 Grzeci
2724 3231 3029 3297 Eusebium,
3060 3251 3157 3289 nec
3185 3238 3368 3290 imme-

1844 3324 2069 3377 rentem,
2091 3331 2185 3383 pro
2205 3316 2402 3369 Ariano
2425 3320 2621 3385 passim
2647 3320 2962 3374 habuerunt.
2985 3322 3160 3376 Codex
3192 3334 3366 3379 autem

1844 3405 1931 3457 ille
1957 3412 2255 3472 temporum
2306 3407 2501 3472 injuria
2551 3408 2833 3473 postremis
2875 3408 3109 3475 quinque
3147 3413 3364 3477 psalmis

1842 3495 2097 3545 multatus
2152 3502 2267 3546 est;
2308 3510 2426 3545 nam
2468 3495 2520 3545 in
2562 3496 2962 3563 nonagesimum
3002 3498 3244 3566 quintum
3273 3501 3365 3552 de-

1843 3583 1989 3633 sinit.

1984 3709 2065 3761 Ill.
2104 3716 2173 3763 De
2199 3717 2361 3764 codice
2385 3716 2659 3766 Colbertino
2684 3724 2737 3765 et
2763 3719 2824 3766 de
2857 3721 3038 3767 catenis
3060 3720 3245 3783 Regiis.

1906 3815 2104 3870 Caetera
2128 3834 2244 3883 qure
2262 3820 2579 3875 deﬁciebant
2600 3838 2670 3876 ex
2690 3823 2877 3877 codice
2899 3823 3207 3878 Colbertino
3237 3826 3376 3909 616%

1839 3904 2120 3958 admodum
2150 3911 2347 3961 recenti
2368 3917 2501 3963 etex
2525 3913 2727 3964 catenis
2758 3911 2937 3980 Regiis
2971 3913 3105 3967 1807
3126 3922 3178 3967 et
3206 3916 3358 3981 1878,

1839 3995 2088 4045 nonnulla
2132 3995 2255 4048 item
2297 4012 2361 4048 ex
2390 4006 2576 4049 catena
2608 3997 2867 4060 Corderii,
2893 4002 3114 4052 mutuati
3141 4016 3360 4068 sumus;

1838 4091 1962 4133 sunt
1999 4090 2172 4133 autem
2206 4092 2403 4137 catena:
2430 4085 2530 4138 illa}
2557 4101 2685 4139 mss.
2714 4088 2924 4153 Optimae
2964 4094 3100 4140 notat
3123 4098 3171 4140 et
3200 4104 3230 4142 χ
3257 4104 3359 4143 saa-

1838 4170 1966 4224 culi.
2000 4170 2180 4237 Neque
2205 4179 2379 4226 tamen
2430 4174 2479 4225 id
2512 4176 2763 4242 consequi
2812 4175 3078 4242 potuimus
3101 4185 3157 4229 ut
3189 4185 3357 4232 totum

1837 4260 2275 4311 commentarium
2307 4260 2371 4312 ad
2418 4262 2658 4314 ultimum
2701 4279 2867 4331 usque
2894 4266 3153 4331 psalmum
3190 4267 3244 4318 in
3279 4268 3360 4318 lu-

1834 4360 1950 4397 cem
1982 4348 2217 4411 prol‘crre
2247 4348 2428 4401 liceret
2454 4367 2467 4402 :
2498 4351 2550 4402 in
2582 4353 2727 4403 nullo
2766 4353 2905 4404 enim
2956 4368 3019 4405 ex
3053 4358 3358 4407 memoratis

1839 4436 2115 4488 codicibus
2170 4438 2306 4488 ultra
2369 4442 2716 4493 centesimum
2783 4443 3043 4495 decimum
3111 4454 3355 4501 octavum

200 4496 569 4599 quiorisﬁillius
616 4506 845 4571 copiam
888 4506 1148 4561 facerent.
1182 4512 1425 4577 Mittitur,
1454 4518 1657 4577 evolvo,
1690 4528 1739 4572 et
1770 4522 1814 4576 D
1842 4522 2123 4588 psalmum,
2154 4525 2423 4592 quidpiam
2452 4527 2668 4581 olfertur
2702 4530 2792 4596 (lt).
2825 4529 3080 4598 Quodque
3108 4496 3354 4599 permilii

198 4587 355 4638 statim
387 4587 565 4643 fucum
585 4593 819 4645 olfacio.
852 4594 997 4658 Quia
1028 4602 1166 4652 enim
1200 4602 1281 4654 his
1314 4608 1732 4669 commentariis.

202 4684 257 4722 ex
282 4677 535 4730 variorum
572 4682 1139 4749 interpretationibus
1179 4693 1583 4756 consarcinatis,
1622 4698 1733 4748 vu‘l-

196 4762 287 4823 εειιί
312 4764 377 4816 illi
403 4766 621 4821 Eusebii
652 4784 915 4824 canones
940 4781 1095 4825 erant
1115 4779 1333 4843 praefixi,
1362 4782 1483 4835 hinc
1505 4786 1731 4840 Eusebio

203 4856 342 4904 totum
390 4858 696 4923 ascriptum
755 4858 975 4913 fuerat.
1028 4859 1146 4915 Pari
1193 4867 1353 4935 igitur
1395 4886 1479 4924 me
1522 4875 1729 4927 fortuna

198 4951 387 4995 usurum
412 4945 462 4997 in
496 4946 699 5000 codice
732 4948 875 5008 alio,
915 4964 1076 5016 quem
1106 4958 1449 5012 recentiorem
1475 4962 1730 5027 praidica-

203 5024 324 5089 bant,
350 5040 507 5097 ratus,
538 5035 858 5095 consilium
907 5036 1171 5093 intermisi
1207 5060 1219 5093 :
1276 5059 1337 5097 ac
1372 5054 1430 5097 ut
1473 5024 1728 5118 principia

198 5128 296 5166 sese
320 5117 523 5187 dabant,
560 5127 627 5181 de
659 5125 1050 5179 restituendis
1081 5126 1285 5184 Eusebii
1331 5117 1728 5195 commentariis

204 5215 336 5270 prope
361 5209 771 5279 despondebam
814 5214 1087 5266 animum.
1120 5214 1226 5271 Sub
1246 5221 1357 5274 hzec
1387 5228 1505 5277 cum
1552 5229 1630 5279 vir
1660 5231 1723 5280 cl.

203 5286 454 5358 Boivinius,
475 5300 660 5357 Graece
723 5300 1139 5371 pernissimus,
1173 5305 1302 5360 istac
1334 5310 1550 5365 haberet
1608 5317 1725 5378 iter,

204 5386 484 5441 renuntiavit
514 5406 617 5444 non
675 5408 753 5445 ex
822 5389 1006 5442 variis
1050 5393 1412 5460 scriptoribus,
1460 5417 1630 5470 neque
1660 5421 1721 5458 ex

200 5470 369 5525 catenis
393 5477 702 5543 collectum,
742 5479 854 5532 sed
889 5491 1081 5529 verum
1116 5489 1545 5541 commentarium
1570 5492 1726 5549 isthic

260 5622 496 5712 {sibine
540 5631 832 5712 lagunam
889 5627 1483 5701 supplevit‘cardinalis
1532 5642 1727 5712 Angela
1767 5649 1884 5707 Mai.

200 5686 376 5744 dianus.
404 5692 543 5749 EB”.
577 5698 783 5751 ΡΑτιι.

1842 4611 2033 4663 mirum
2055 4613 2226 4665 visum
2252 4623 2352 4676 est,
2385 4626 2585 4670 catena:
2619 4619 2719 4671 illa:
2743 4618 2916 4684 Regia:
2944 4636 3060 4688 quae
3087 4638 3252 4690 usque
3292 4625 3355 4675 ad

1841 4700 2187 4755 centesimum
2217 4702 2479 4758 decimum
2512 4717 2756 4759 octavum
2794 4708 3051 4775 psalmum
3093 4711 3356 4779 interpre-

1845 4787 2136 4841 tationibus
2181 4789 2389 4845 Eusebii
2438 4805 2677 4859 utuntur,
2710 4800 2780 4847 ita
2825 4804 2880 4846 ut
2914 4796 3090 4848 nullus
3120 4805 3354 4852 veterum

1837 4882 2181 4950 interpretum
2205 4884 2336 4935 adeo
2367 4884 2727 4951 frequentatus
2755 4894 3019 4947 occurrat,
3051 4885 3103 4937 in
3127 4892 3358 4942 centesi~

1837 4985 1923 5022 mo
1952 4971 2156 5025 decimo
2185 4982 2374 5028 octavo
2407 4974 2607 5040 psalmo
2632 4975 2702 5026 ita
2745 4974 2899 5027 finem
2949 4975 3152 5030 faciunt
3185 4977 3355 5034 Euse-

1834 5057 1980 5110 bium
2031 5059 2084 5112 in
2115 5060 2345 5113 medium
2385 5061 2655 5123 afferendi,
2688 5069 2745 5113 ut
2774 5077 2839 5114 ne
2890 5056 3107 5117 verbum
3138 5067 3350 5134 quidem

1834 5146 2057 5201 ulterius
2091 5148 2304 5201 Eusebii
2348 5159 2664 5217 compareat.

1832 5254 1911 5301 ιν.
1938 5252 2086 5305 (ἕτεόὶ
2115 5258 2322 5307 Eusebio
2346 5267 2395 5307 et
2415 5261 2779 5368 aliisfgtlizpcctai
2800 5265 2910 5313 fidei
2938 5267 3250 5327 scriptoribus
3279 5272 3355 5318 in-

1903 5412 2056 5470 Unde
2088 5418 2388 5485 conjectare
2415 5421 2549 5473 forte
2572 5421 2771 5476 liceata
2805 5427 2987 5481 multis
3005 5428 3113 5495 jam
3136 5431 3351 5484 saeculis

1833 5502 2043 5559 Eusebii
2100 5508 2511 5560 commentarios
2564 5510 2663 5563 hac
2725 5517 3016 5581 posteriore
3064 5519 3146 5571 sui
3203 5531 3352 5587 parte

1957 5654 2085 5721 Ejus,
2119 5656 2479 5721 praefationem
2534 5661 2634 5722 his.
2658 5642 3115 5732 .praaliminaribus
3152 5672 3335 5725 subite
