3818 6376
485 384 548 438 15

481 502 755 549 truncatos
787 493 1124 548 librariorum
1155 492 1359 546 incuria
1405 490 1591 556 fuisse,
1632 492 1753 561 quia
1799 494 2003 547 scilicet
2032 503 2072 556 Α

481 584 770 652 scriptores
796 586 936 645 illos,
963 585 1053 654 qui
1103 584 1172 637 ob
1215 591 1527 637 temeratam
1561 581 1716 635 tidem
1750 584 1885 637 male
1914 600 2007 637 au-

479 671 718 738 diebant,
738 689 845 727 non
873 675 1097 726 libenter
1111 673 1493 726 exscriberent.
1515 672 1686 741 Atque
1707 672 1829 725 hinc
1850 674 2006 726 etiam

480 760 641 816 fuerit
665 763 808 831 quod
834 762 1100 829 Origenis,
1131 760 1399 815 Theodori
1444 761 1785 822 Heracleotm,
1810 761 2008 828 Apolli-

479 846 638 909 narii,
671 845 899 913 Didymi,
926 852 977 895 et
999 841 1265 896 Theodori
1291 843 1647 912 Mepsuesteni
1680 851 2007 895 commenta-

479 936 544 988 rii
570 937 625 989 in
644 932 1128 1000 Psalmosjamdiu,
1160 934 1396 1000 exceptis
1426 933 1743 985 Catenarum
1778 933 2005 993 laciniis,

480 1039 693 1093 pessum
746 1022 921 1075 ierim.
951 1020 1013 1073 lli
1064 1022 1260 1090 quippe
1310 1023 1618 1091 scriptores,
1654 1022 1860 1075 violatae
1890 1023 2007 1076 ﬁdei

481 1115 592 1167 sive
613 1113 710 1175 rei,
740 1111 853 1165 sive
878 1111 1132 1179 suspecti,
1162 1111 1295 1164 adeo
1325 1112 1499 1180 perosi
1526 1110 1724 1165 Graecis
1751 1120 1936 1174 erant,
1954 1121 2009 1164 ut

480 1219 547 1258 ne
567 1216 757 1256 nomen
778 1200 994 1270 quidem
1021 1198 1319 1268 proferrent
1350 1202 1465 1254 sine
1495 1200 1821 1268 indignantis
1847 1200 2007 1252 animi

481 1290 888 1360 signiﬁcatione.
917 1289 1051 1342 Hinc
1084 1297 1166 1343 est
1196 1290 1338 1359 quod
1373 1291 1683 1359 plerumque
1723 1290 1776 1343 in
1811 1290 2011 1343 codici--

477 1382 578 1437 bus
604 1381 821 1443 Gracis,
856 1380 944 1433 ubi
989 1379 1267 1450 Origenes,
1291 1380 1576 1443 Eusebius,
1623 1381 2006 1450 Apollinarjus,

478 1474 531 1526 in
578 1472 806 1527 medium
845 1470 1156 1536 ali‘eruntur,
1192 1471 1257 1525 ad
1297 1473 1589 1542 marginem
1626 1473 1882 1542 scriptum
1917 1474 2010 1527 ob-

477 1577 678 1625 serves,
729 1561 914 1631 ψεύδῃ,
970 1562 1221 1622 mentiris.
1277 1560 1439 1615 Incidi
1484 1578 1582 1632 ego
1628 1564 1683 1617 in
1728 1569 2008 1618 centonem

474 1653 793 1707 Colbertinte
835 1654 1168 1709 bibliothecae
1204 1655 1649 1724 manuscriptum,
1684 1656 1774 1723 qui
1802 1655 1867 1707 ad
1895 1655 2008 1710 sin-

476 1743 597 1810 gula
631 1741 898 1811 Origenis,
931 1741 1170 1804 Eusebii,
1209 1741 1548 1811 Apollinarii,
1578 1749 1708 1809 etc.,
1729 1742 1865 1807 loca,
1896 1744 2008 1796 sin-

475 1834 710 1903 gularem
734 1833 870 1886 hanc
909 1834 1231 1897 cautionem,
1258 1834 1419 1887 minio
1442 1842 1732 1895 exaratam,
1767 1834 1820 1886 in
1855 1848 1997 1885 mar-
2030 1822 2070 1875 Β

477 1923 599 1991 gine
623 1921 793 1985 aﬁert,
812 1921 1053 1991 ἀνάθεμά
1086 1939 1187 1985 σοι,
1211 1923 1484 1976 anathema
1508 1922 1619 1977 tibi.
1649 1921 2005 1987 Quamobrem

475 2012 643 2065 miror
667 2011 809 2065 hunc
856 2011 1070 2068 Eusebii
1118 2012 1559 2066 commentarium
1603 2011 1667 2065 ad
1714 2025 1811 2064 nos
1841 2024 2009 2077 usque

476 2096 754 2154 devenisse
779 2118 791 2153 :
818 2115 977 2169 quam
1002 2101 1143 2153 enim
1171 2100 1405 2154 interitui
1432 2099 1707 2167 proximus
1738 2097 1900 2151 fuerit
1933 2098 2010 2149 in-

475 2188 619 2241 dicat
654 2189 898 2242 codicum
930 2190 1018 2242 illa
1056 2188 1319 2257 paucitas,
1344 2188 1435 2257 qui
1462 2189 1620 2242 etiam
1650 2202 1756 2240 non
1787 2201 2007 2256 prorsus

476 2280 737 2351 integrum
761 2279 1064 2333 exhibeant.

660 2368 720 2419 ν.
754 2367 947 2417 Catenae
970 2367 1338 2415 commentarios
1360 2365 1817 2426 pessumdedcrunt.

542 2466 651 2522 Nec
691 2481 798 2520 una
848 2481 909 2520 ea
964 2475 1045 2519 est
1083 2472 1244 2518 tantae
1284 2466 1506 2533 jactura:
1552 2480 1713 2519 causa
1760 2483 1772 2518 :
1821 2480 2004 2518 verum

478 2557 690 2626 quando
722 2564 1029 2610 catenarum
1057 2569 1186 2608 usus
1217 2555 1268 2607 in
1308 2554 1489 2607 orbem
1522 2555 1761 2607 invectus
1787 2562 1888 2616 est,
1918 2554 2005 2604 illa

476 2647 826 2715 interpretum
853 2644 1083 2698 varietas
1107 2644 1176 2696 ita
1220 2644 1525 2698 Graecorum
1567 2641 1773 2695 animos
1798 2641 2004 2694 demul-

475 2736 564 2797 sit,
589 2742 647 2787 ut
680 2734 1091 2788 commentarios
1117 2733 1236 2787 illos
1265 2734 1450 2801 plenos
1473 2734 1811 2800 integrosque
1840 2729 2006 2798 negli-

476 2831 696 2893 gerent:
729 2823 869 2876 unde
904 2822 990 2874 vix
1036 2820 1311 2874 ferendum
1361 2819 1614 2873 damnum
1645 2833 1730 2872 res
1769 2834 1891 2870 cum
1917 2832 2004 2871 ec-

476 2912 780 2967 clesiastica
814 2920 926 2964 tum
958 2912 1217 2965 litterario
1250 2912 1433 2966 subiit.
1469 2910 1597 2963 Nam
1628 2911 1660 2962 ii
1692 2920 2001 2964 catenarum

472 3001 804 3064 collectores,
831 3017 951 3054 cum
965 3011 1120 3071 gustu
1151 3011 1202 3056 et
1224 3001 1412 3071 peritia
1426 3015 1601 3053 rerum
1618 3014 1724 3053 non
1746 3000 2000 3060 valerent,

471 3090 651 3144 missis
666 3091 821 3159 vulgo
846 3091 932 3153 iis,
951 3108 1067 3159 qua:
1088 3092 1166 3146 vel
1186 3089 1251 3143 ad
1280 3088 1558 3143 historiam
1581 3090 1662 3141 vel
1688 3088 1751 3140 ad
1770 3086 2001 3155 discipli-

1130 382 1392 438 EUSEIlll
1431 377 1898 435 CESARIENSIS
1936 381 2082 438 OPP.

3582 377 3641 427 Id

2124 382 2299 436 PARS
2339 382 2425 436 ill.
2464 414 2532 424 --
2570 384 2975 440 EXEGETICA.

2103 495 2206 557 θως
2233 498 2554 566 ἐφαρμόσεις
2582 500 2725 569 αὑτῷ
2753 500 2817 552 τὰ
2848 502 2911 552 δι’
2941 499 3058 551 ὃ).ου
3094 498 3190 550 τοῦ
3222 497 3436 565 ψαλμοῦ
3462 499 3643 568 δηλού-

2108 600 2257 651 μενα,
2276 584 2310 636 ἂ
2340 584 2429 635 καὶ
2449 585 2595 636 αὐτοὶ
2626 586 2761 638 κατὰ
2790 588 2879 639 τὸν
2905 588 3099 637 οἰκεῖον
3134 584 3325 653 καιρὸν
3355 584 3650 657 ὲπιθεωρή-

2106 692 2286 745 σομεν,
2318 674 2352 727 i.
2378 689 2449 739 e.,
2477 675 2847 744 Consequenter
2882 678 2948 730 ad
2971 680 3077 730 haec
3108 679 3211 744 ipsi
3241 676 3477 744 (Christo
3511 681 3647 735 scili-

2105 770 2209 831 cet)
2264 764 2528 832 coaptabis
2560 783 2619 818 ea
2647 784 2759 834 qum
2789 770 2842 819 in
2885 777 2992 820 toto
3038 769 3247 836 psalmo
3291 768 3646 830 declarantur,

2106 869 2314 921 qumque
2342 871 2433 907 nos
2463 871 2554 907 suo
2586 866 2805 923 tempore
2862 856 3272 924 speculabintur.
3306 858 3503 910 Verum
3550 877 3652 913 non

2107 944 2481 997 animadvertit
2522 945 2608 998 ille
2655 946 2739 999 hic
2773 948 2855 1015 agi
2886 947 2951 1000 de
2984 947 3193 1000 fusiore
3226 946 3472 1014 ejusdem
3507 952 3652 1014 psal-

2108 1034 2179 1087 mi
2230 1035 2844 1104 interpretatione,qua:
2904 1037 2992 1089 lib.
3063 1053 3117 1089 ix
3177 1036 3655 1089 Demonstralionis

2106 1118 2646 1193 evangelicw'legitnr,
2664 1143 2714 1194 p.
2741 1126 2864 1190 455,
2897 1127 2972 1195 (a)
3008 1126 3095 1179 ubi
3122 1126 3376 1194 pluribus
3393 1125 3659 1193 depugnat

2108 1213 2366 1267 Eusebius
2396 1221 2560 1269 totum
2590 1218 2847 1283 psalmum
2868 1217 2931 1270 ad
2961 1216 3164 1270 Christi
3189 1224 3315 1285 post
3330 1215 3659 1285 baptismum

2109 1305 2450 1359 tentationem
2494 1307 2778 1375 pertinere.
2814 1305 2965 1360 Unde
2992 1306 3129 1359 nihil
3162 1306 3253 1358 hic
3287 1305 3355 1360 de
3386 1321 3661 1359 commen-

2105 1392 2259 1448 tariis
2290 1394 2341 1446 in
2365 1393 2605 1450 Psalmos
2627 1415 2639 1449 :
2665 1410 2837 1464 neque
2856 1410 3083 1464 usquam
3120 1403 3257 1464 puto
3291 1393 3587 1448 Eusebium
3610 1397 3662 1448 in

2107 1484 2173 1538 iis
2195 1500 2311 1553 qute
2331 1484 2439 1553 jam
2490 1495 2777 1554 supersunt
2806 1488 3056 1555 Operibus
3084 1500 3280 1539 eorum
3324 1486 3660 1547 meminisse,

2108 1581 2231 1642 puta
2262 1575 2385 1643 «tuia
2416 1589 2536 1627 cum
2572 1576 2669 1629 hos
2714 1577 3133 1630 commentarios
3190 1575 3494 1644 postremis
3540 1575 3663 1627 vita:

2108 1665 2262 1718 annis
2288 1666 2577 1729 adornarit,
2603 1667 2684 1720 vel
2714 1667 2860 1720 nulla
2888 1669 2968 1722 vel
2998 1683 3170 1736 pauca
3200 1667 3513 1722 secundum
3554 1668 3667 1722 haec

2106 1753 2288 1807 edidit.

2565 1822 2624 1872 11.
2654 1824 2977 1885 Hieronymus
2999 1826 3166 1875 laudat

2175 1924 2272 1990 Qui
2329 1926 2474 1993 prior
2496 1928 2675 1995 itaque
2731 1927 2829 1981 bos
2864 1929 3294 1983 commentarios
3341 1928 3673 1982 memoravit

2107 2020 2189 2067 est
2209 2012 2562 2084 Hieronymus
2599 2015 2650 2067 in
2691 2015 2829 2069 libro
2862 2016 2937 2070 De
2961 2018 3318 2087 scriptoribus
3348 2019 3675 2072 ecclesiasti-

2106 2101 2201 2163 cis,
2235 2102 2323 2155 ubi
2360 2102 2471 2155 haec
2516 2102 2581 2156 de
2620 2102 2889 2158 Eusebio:
2945 2104 3202 2160 Eusebius
3266 2106 3537 2161 Cmsareae
3568 2108 3676 2162 Pa—

2108 2189 2324 2243 ltestinw
2367 2192 2654 2260 episcopus,
2685 2192 2739 2244 in
2778 2192 3060 2261 Scripturis
3085 2195 3290 2248 divinis
3336 2197 3676 2251 studiosissi—

2107 2294 2239 2342 mus,
2268 2290 2314 2332 et
2351 2298 2367 2328 ι
2407 2279 2738 2335 Bibliotheca:
2766 2282 2953 2336 divina:
2982 2302 3000 2333 ι
3039 2300 3157 2337 cum
3194 2284 3497 2353 Pamphilo
3529 2303 3677 2340 mar—

2107 2379 2215 2437 tyre
2245 2369 2667 2438 diligentissimus
2692 2374 3077 2441 pervestigator,
3122 2374 3301 2428 edidit
3338 2378 3560 2444 infinita
3591 2395 3679 2432 vo-

2107 2456 2321 2509 lumina.
2350 2456 2459 2510 Sub
2490 2458 2602 2512 htec
2632 2468 2805 2514 autem
2833 2464 3165 2518 enumeratis
3195 2465 3353 2530 aliis,
3394 2466 3514 2521 haec
3538 2469 3679 2537 adji-

2105 2547 2215 2599 cit:
2252 2546 2316 2597 Et
2344 2548 2395 2599 in
2423 2562 2485 2599 c1.
2531 2550 2757 2617 psalmos
2802 2552 3184 2606 eruditissimos
3226 2560 3677 2623 commentarios,

2103 2642 2151 2686 et
2178 2634 2341 2687 multa
2381 2637 2507 2691 alia.
2540 2635 2596 2715 l_n
2629 2638 2853 2706 epistola
2886 2647 3063 2694 autem
3121 2658 3228 2696 sua
3281 2644 3351 2697 ad
3414 2646 3683 2715 Augusti-

2104 2738 2254 2786 num,
2285 2725 2525 2793 quaajam
2553 2710 2606 2779 in
2635 2727 2791 2780 editis
2811 2727 3092 2797 Augustini
3114 2747 3266 2784 Lxxv
3296 2749 3542 2789 numero
3570 2747 3678 2810 est,

2103 2812 2230 2864 talia
2259 2811 2400 2866 fatur
2436 2832 2447 2866 :
2476 2813 2539 2867 In
2569 2817 2928 2881 explanatione
2960 2817 3335 2885 Psalmorum,
3361 2839 3498 2891 quos
3542 2826 3683 2893 apud

2105 2902 2310 2955 ercos
2340 2904 2663 2972 interpretati
2691 2916 2810 2959 sunt
2842 2908 3014 2962 multis
3048 2910 3444 2976 voluminibus,
3475 2918 3685 2984 primus

2106 2992 2367 3061 Origenes,
2430 2996 2685 3050 secundus
2740 2996 2989 3053 Eusebius
3042 3000 3435 3068 Caesariensis,
3494 3011 3684 3060 tertius

2106 3081 2406 3138 Theodorus
2438 3084 2788 3153 Heracleotes,
2809 3101 3023 3159 quartus
3046 3092 3301 3149 Asterius
3336 3096 3690 3167 Séythopoli-

471 3194 614 3244 nam,
635 3180 792 3233 velad
814 3181 1095 3234 lectionem
1128 3190 1362 3235 veterum
1398 3180 1748 3247 interpretum
1772 3177 2002 3245 pertine-
2030 3190 2072 3252 ς
2106 3181 2279 3238 unus,
2311 3178 2519 3246 quintus
2551 3179 2871 3246 Apollinaris
2900 3180 3256 3249 Laodicenus,
3295 3199 3489 3241 sextus
3516 3189 3691 3258 Didy-

471 3276 610 3333 rent,
666 3284 727 3323 ea
747 3271 917 3324 solum
942 3283 1340 3339 excerpserunt,
1371 3285 1487 3339 qua:
1502 3269 1583 3322 sui
1606 3276 1793 3335 captus
1818 3274 1993 3323 erant.

835 3381 917 3429 Vl.
943 3382 1017 3431 De
1043 3378 1399 3441 prafationibus
1426 3377 1638 3427 Eusebii.

535 3488 880 3542 Prasfationes
917 3485 1017 3537 illae
1042 3482 1237 3536 Graecae
1265 3497 1382 3550 qua:
1411 3481 1809 3534 commentariis
1857 3496 1992 3548 prae-

468 3580 751 3633 mittuntur
776 3591 839 3629 ex
867 3574 1049 3627 codice
1075 3572 1391 3625 Taurinensi
1421 3571 1703 3640 prodeunt,
1728 3571 1996 3625 similiter-

469 3683 571 3738 que
588 3671 897 3735 argumenta
924 3664 1265 3732 psalmorum,
1284 3663 1347 3714 ad
1374 3662 1789 3730 mystagogicum
1813 3661 1993 3728 cujus-

469 3774 572 3828 que
599 3756 786 3826 psalmi
822 3768 1036 3807 sensum
1078 3762 1134 3806 ut
1172 3753 1458 3821 plurimum
1504 3750 1841 3810 concinnata,
1877 3765 1994 3817 quae

470 3848 647 3901 omnia
676 3844 817 3898 haud
850 3844 1009 3897 dubie
1041 3844 1107 3897 ab
1136 3845 1253 3911 ipso
1275 3841 1500 3895 Eusebio
1547 3848 1671 3894 sunt
1712 3839 1987 3893 adornata.

467 3937 600 3990 Nam
630 3934 941 3989 Eusebiante
967 3934 1069 3987 illan
1096 3932 1432 4000 praefationes
1474 3930 1636 3983 variis
1666 3938 1993 3981 commenta-

466 4030 666 4081 riorum
701 4025 836 4079 locis
867 4024 998 4077 adeo
1022 4021 1203 4075 attines
1229 4028 1373 4083 sunt,
1411 4026 1468 4072 ut
1498 4018 1737 4072 eamdem
1787 4018 1991 4070 utrobi—

465 4131 569 4185 que
601 4114 813 4171 Eusebii
838 4126 1052 4165 manmn
1079 4109 1256 4164 statim
1293 4105 1991 4176 deprehendas.Argumen-

466 4211 519 4255 ta
553 4217 679 4256 vero
710 4214 816 4254 non
864 4200 917 4253 in
943 4197 1257 4251 Taurinensi
1288 4195 1447 4249 modo
1479 4195 1681 4253 codice,
1713 4193 1802 4247 sed
1832 4194 1988 4247 etiam

464 4293 519 4346 in
546 4291 715 4361 prima
736 4297 923 4344 catena
956 4287 1140 4356 Regia,
1179 4299 1296 4354 qua:
1323 4285 1511 4337 decimi
1537 4283 1711 4339 saeculi
1748 4290 1847 4345 est,
1886 4281 1989 4333 Eu-

467 4382 599 4436 sebii
628 4380 841 4434 nomine
873 4384 1202 4445 comparent.

1066 4485 1287 4541 CAPUT
1328 4484 1385 4539 11.

463 4588 820 4631 COIIIENTAIII
857 4587 1056 4627 EUSEBII
1104 4588 1152 4624 1ιί
1190 4584 1417 4623 ιτδλωιοε
1460 4585 1487 4621 Δ
1524 4583 1704 4629 QUIBUS
1740 4582 1981 4629 ANTIQUIS

915 4655 1284 4695 δεηιντυιιιιιυδ
1321 4653 1565 4691 ιλυολτι.

2017 4504 2059 4553 1)

470 4760 513 4812 1.
564 4758 810 4811 Eusebius
845 4756 933 4808 hos
985 4753 1374 4805 commentarios
1421 4758 1981 4817 nusquantrmcmcrat.

534 4826 615 4878 II.
657 4826 999 4892 Hieronymus
1025 4819 1278 4892 laudati!
1293 4819 1368 4892 ll.
1399 4816 1647 4870 Eusebius
1664 4816 1986 4892 l’ercetteusis

533 4893 712 4945 Latine
740 4886 1026 4946 transtulit.
1054 4890 1079 4941 Ι
1096 4890 1153 4942 γ.
1180 4889 1518 4941 Theodoretus
1538 4902 1710 4940 eorum
1739 4886 1983 4937 meminit.

548 4961 606 5012 ν.
648 4961 870 5029 Itemque
898 4959 1152 5013 Gelasius.

569 5066 605 5113 1,
632 5065 866 5114 Eusebius
884 5068 973 5115 hos
994 5065 1359 5115 commentarios
1386 5074 1611 5123 nusquam
1641 5064 1892 5107 memorat.

532 5166 793 5235 Opinatur
830 5168 908 5219 vir
935 5168 1003 5221 cl.
1036 5167 1407 5223 Tillemontius
1440 5181 1496 5219 se
1534 5161 1898 5216 commentarii
1930 5161 1981 5212 in

463 5255 704 5311 Psalmos
733 5256 833 5309 sub
864 5255 973 5308 haec
1004 5259 1191 5311 edendi
1234 5267 1409 5311 notam
1458 5262 1510 5307 et
1552 5252 1982 5321 pollicitationem

465 5342 677 5397 Eusebii
694 5341 1104 5408 deprehendisse
1130 5346 1181 5398 in
1211 5342 1651 5398 Demonstratione
1673 5338 1981 5407 evangelica,

464 5430 557 5483 lib.
594 5446 644 5489 ν,
675 5443 724 5480 c.
750 5428 838 5489 21.
870 5428 960 5482 ubi
989 5429 1053 5483 de
1082 5433 1288 5497 psalmo
1334 5432 1434 5497 Qui
1463 5430 1662 5482 habitat
1692 5427 1743 5478 in
1771 5425 1982 5493 adjuto-

463 5518 541 5570 rt'o
570 5517 843 5588 Altissimi,
888 5516 1129 5584 loquens,
1163 5519 1273 5573 Ittec
1301 5521 1483 5573 habet:
1517 5517 1731 5577 Τούτοις
1769 5514 1982 5566 ἀκολού-

2096 3280 2209 3317 rnns
2238 3265 2636 3322 Alexandrinus.
2658 3268 2917 3322 Feruntur
2935 3282 2982 3324 et
3011 3272 3357 3328 diversorum
3393 3278 3452 3330 in
3484 3294 3691 3347 paucos

2092 3356 2317 3419 psalmos
2374 3358 2660 3423 opuscula;
2689 3359 2776 3411 sed
2816 3376 2947 3413 nunc
2976 3361 3036 3413 de
3064 3364 3278 3432 integro
3326 3367 3691 3425 Psalmorum

2094 3462 2301 3512 corpore
2326 3447 2564 3503 dicimus.
2595 3451 2744 3517 Apud
2772 3450 2984 3505 Latinos
3028 3463 3207 3508 autem
3270 3457 3541 3516 Hilarius
3596 3462 3697 3517 Pi-

2092 3539 2383 3600 ctariensis,
2410 3548 2456 3591 et
2511 3539 2758 3593 Eusebius
2796 3539 3124 3594 Vcrcellensis
3156 3546 3434 3616 episcopi,
3496 3551 3696 3622 Orige-

2094 3640 2206 3675 nent
2234 3636 2281 3677 et
2314 3624 2589 3678 Eusebium
2628 3628 3020 3681 transtulerunt.
3051 3629 3306 3694 Quorum
3360 3640 3610 3705 priorem
3641 3652 3695 3696 et

2092 3720 2263 3763 noster
2285 3713 2586 3765 Ambrosius
2627 3715 2681 3765 in
2712 3716 3019 3783 quibusdam
3061 3733 3285 3776 secutus
3319 3736 3429 3782 est.
3460 3729 3573 3785 Ubi
3608 3734 3697 3785 in-

2093 3800 2300 3867 telligas
2333 3799 2400 3852 ab
2434 3799 2635 3852 llilario
2671 3801 2913 3871 Origenis
2947 3812 3403 3869 commentarios
3436 3821 3697 3874 transla-

2090 3897 2175 3943 tos
2203 3905 2340 3949 esse.
2372 3898 2428 3943 ut
2457 3892 2611 3945 habet
2636 3892 2771 3945 idem
2804 3892 3160 3964 Hieronymus
3191 3916 3331 3957 cum
3360 3906 3436 3961 de
3470 3908 3697 3966 Imm-io

2091 3979 2230 4045 agit;
2263 3980 2327 4033 ab
2354 3979 2582 4034 Eusebio
2604 3990 2779 4035 autem
2811 3981 3134 4041 Vercellensi
3158 3994 3404 4058 gentilis
3436 4001 3536 4055 sui
3569 4001 3697 4057 Cm-

2092 4069 2347 4122 sariensis
2373 4073 2785 4128 commentarios
2813 4072 3000 4130 Latine
3029 4078 3191 4135 datos
3222 4084 3437 4144 fuisse.

2211 4158 2289 4208 111.
2314 4158 2552 4209 Eusebius
2574 4162 2901 4213 Vercellensis
2923 4178 3008 4215 eos
3042 4166 3219 4220 Latine
3250 4181 3561 4231 transtulit.

2160 4258 2418 4314 Eusebius
2462 4262 2637 4329 itaque
2668 4261 3021 4322 Vercellensis
3063 4268 3163 4325 bos
3219 4286 3699 4341 commentario;

2088 4347 2274 4404 Latine
2299 4353 2591 4414 transtulit,
2618 4360 2675 4405 ut
2698 4354 2822 4407 alibi
2854 4367 3033 4410 narrat
3066 4360 3212 4414 idem
3232 4363 3649 4442 Hieronymus
3679 4398 3692 4431 :

2092 4440 2288 4504 Edidit,
2340 4441 2531 4510 inquit,
2563 4443 2647 4494 ille
2680 4445 2731 4495 in
2786 4446 3023 4501 Psalmos
3080 4440 3535 4517 commentarios
3575 4466 3702 4520 Eu-

2088 4530 2211 4582 sebii
2250 4531 2603 4595 Ca's'aricnsis,
2639 4551 2763 4603 quos
2818 4536 2880 4590 de
2920 4538 3095 4593 erco
3138 4544 3197 4597 in
3244 4545 3535 4607 Latinum
3572 4575 3701 4611 ver-

2090 4629 2239 4674 terat.
2267 4620 2398 4685 Quia
2440 4637 2567 4676 vero
2598 4623 2650 4676 hi
2690 4630 3061 4682 commentarii
3116 4638 3433 4696 erroribus
3488 4662 3704 4719 asper-

2090 4725 2201 4761 sam
2257 4711 2321 4763 de
2361 4709 2493 4764 Filio
2527 4711 2617 4807 l_)ei
2665 4718 2985 4769 sententiam
3035 4723 3246 4787 passim
3304 4709 3698 4807 praeferrent,

2090 4814 2151 4850 ea
2217 4802 2471 4868 cxpunxit
2537 4801 2889 4860 Vcrcellcnsis
2947 4825 3065 4876 quae
3128 4811 3420 4876 Arianam
3505 4801 3707 4887 hare.

2091 4887 2191 4938 sim
2257 4899 2534 4957 saperent,
2597 4891 2782 4945 eodem
2850 4902 2985 4949 teste
3052 4896 3415 4974 Hieronymo
3470 4913 3703 4975 Contra

2096 4975 2448 5042 Vigilantiam.
2481 4978 2538 5031 Si
2568 4980 2744 5047 igitur,
2776 4982 2869 5049 ait,
2908 5001 3020 5052 qua:
3055 4985 3190 5040 bona
3211 5006 3352 5047 sunt
3382 5009 3703 5075 transtuli,

2076 5073 2134 5147 ‘et
2164 5065 2302 5117 mala
2332 5067 2406 5119 vel
2436 5070 2625 5133 aptari,
2660 5072 2734 5122 rel
2775 5075 2994 5135 correxi,
3024 5075 3099 5127 vel
3133 5082 3310 5145 tacui,
3347 5065 3703 5158 arguendus'

2087 5169 2221 5214 sum,
2244 5170 2336 5206 cur
2358 5171 2448 5245 per
2473 5173 2551 5209 me
2583 5156 2760 5212 Latini
2787 5160 2917 5214 bona
2956 5162 3065 5229 ejus
3098 5162 3371 5240 habeant,
3426 5156 3487 5234 ξι
3533 5193 3706 5245 ,ποια

2085 5245 2354 5311 ignorent?
2383 5244 2469 5298 Sic
2496 5247 2588 5300 hoc
2610 5251 2801 5305 crimen
2837 5260 2941 5315 est,
2986 5263 3244 5320 arguatur
3288 5274 3348 5315 et
3385 5277 3708 5343 confesso,-

2088 5333 2342 5398 Ililarius,
2375 5338 2460 5402 qui
2494 5336 2822 5393 Psalmorum
2864 5342 3360 5407 interpretationem
3395 5371 3456 5413 et
3498 5333 3707 5425 licini.

2086 5425 2183 5478 lias
2210 5430 2258 5477 in
2287 5426 2385 5479 Job
2411 5445 2474 5481 ea:
2514 5429 2659 5484 libris
2691 5432 2822 5499 ejus,
2865 5431 2918 5482 id
2957 5441 3052 5495 est,
3080 5449 3145 5486 ex
3171 5436 3382 5500 erco
3415 5453 3480 5506 in
3530 5457 3710 5516 Lati-

2085 5530 2203 5565 nunt
2232 5518 2534 5581 transtulit;
2584 5520 2652 5570 sit
2696 5521 2750 5571 in
2799 5518 2947 5587 culpa
2998 5520 3231 5587 ejusdem
3287 5539 3707 5604 confessionis

534 5610 609 5679 (a)
635 5609 1121 5695 Hic_,et_tn‘fra‘non
1149 5614 1331 5672 semel,
1360 5621 1640 5695 resecatur
1672 5612 1840 5695 lector
1867 5611 1928 5695 ad
1959 5624 2210 5695 iqtmeros
2256 5611 2551 5695 crassiores
2575 5609 2713 5695 (Lirin
2738 5611 2993 5695 librorum
3042 5613 3588 5690 Demonstratiom;
3644 5651 3712 5695 ει

466 5678 875 5745 Praparation's
903 5684 1065 5733 textui
1096 5682 1403 5736 inseruntur
1432 5682 1741 5749 I’atrologiw
1767 5680 2172 5735 tlostrn’leczl:
2199 5687 2324 5731 tozn.
2358 5679 2470 5731 XXI
2498 5690 2551 5733 et
2585 5679 2735 5734 XXll.
2762 5681 2910 5735 Eon.
3199 5706 3207 5711 -
