3818 6342
177 368 238 417 t7
968 380 1468 438 COMMENTABIA
1508 387 1569 440 IN
1612 387 1940 450 PSALMOS.
1983 427 2047 435 ——
2084 396 2610 454 Pii/ELIMINARIA.
3314 408 3375 459 18

183 479 524 589 Li'ercellensis.
679 495 932 547 omnium
972 494 1313 553 Psalmorum
1352 510 1746 561 commentarios
1776 528 1821 583 Α
1848 513 2002 582 vulgo
2033 515 2084 567 in
2118 518 2422 571 recensione
2455 532 2614 586 opera
2646 532 2751 570 non
2802 532 2969 588 pauca
2998 519 3109 589 ipse
3137 519 3217 574 vel
3246 536 3373 574 cou-

169 570 378 678 heretici
414 575 653 631 hominis
708 588 873 637 vertit
920 585 973 637 in
1025 598 1261 641 nostrum
1291 592 1579 662 eloquium;
1628 598 1743 650 licet
1844 606 1983 656 suito
2010 606 2201 671 mittit;
2239 617 2348 661 tum
2377 607 2499 677 quia
2526 647 2540 669 .
2596 609 2670 661 uti
2703 592 2865 678 supra
2897 611 3095 663 dictum
3140 618 3223 664 est
3250 651 3265 673 ,
3305 628 3370 665 ex

167 661 395 715 heretica
425 672 886 739 pratermittens,
910 676 1111 743 optima
1138 695 1349 749 quisque
1387 661 1705 738 transtulerit

1841 700 2147 747 catenarum
2180 711 2277 749 usu
2314 698 2446 751 bene
2475 700 2642 751 multa
2695 698 2747 751 in
2792 698 3121 768 Scripturam
3164 714 3372 756 sacram

165 749 293 859 Eam.
510 755 756 815 Eusebii
798 762 1162 859 Verceilensis
1195 769 1563 840 interpretatio
1605 776 1743 844 jam-
1840 785 2222 836 commentaria
2252 802 2384 853 pene
2412 787 2800 842 olisoleverant.
2835 749 3069 859 indeque
3088 788 3224 843 forte
3251 788 3372 842 fue-

196 838 207 849 .
283 839 293 850 .
419 841 452 853 ..
1338 837 1353 840 -
1605 837 1622 844 -
2252 837 2309 853 ,-
2365 837 2378 839 -
2421 837 2504 841 ,η
2838 837 3223 859 ---ην----η
3251 837 3337 842 -_-

160 837 246 893 dm
282 847 480 946 mf?"
509 862 524 898 ⁵
556 861 670 899 nec
704 852 942 905 memmi
974 869 1062 908 me
1093 857 1303 924 uspiam
1334 860 1450 927 eius
1481 862 1561 915 νει
1593 863 1741 916 (ῑοάἱ-
1841 872 1909 924 rit
1936 873 2074 941 quod
2106 882 2210 925 lam
2254 874 2563 943 infrequens
2623 876 2761 946 apud
2817 879 3105 946 scriptores
3157 877 3370 932 (ἕτερος

159 944 263 991 ces,
298 934 377 984 vel
406 932 725 1003 fragmenta
762 951 1072 996 memorata
1100 945 1533 1014 deprehendisse.
1840 932 2029 1012 horum
2061 961 2258 1013 mentio
2285 932 2547 1016 occurrat.

2422 1070 2643 1123 CAPUT
2699 1071 2783 1124 111.

1837 1171 1987 1209 RDL-6
2026 1174 2294 1213 EUSEBIANI
2336 1176 2483 1213 STYLI
2522 1176 2587 1212 Ετ
2620 1177 2718 1214 ,ενι
2751 1179 2799 1215 IN
2836 1179 2919 1216 1113
2958 1179 3360 1220 εοιιειετλιιιις.

473 1042 559 1091 IV.
585 1045 959 1100 Theodoretus
983 1064 1160 1102 eorum
1185 1055 1419 1105 meminit.

221 1141 616 1209 Theodorctus,
652 1166 775 1204 non
804 1153 1027 1221 quidem
1059 1167 1119 1209 ut
1140 1158 1296 1212 hodie
1316 1161 1369 1212 in
1409 1160 1737 1217 Psalmorum

158 1231 577 1300 Ezpcsitionibus
618 1239 863 1305 legitur,
898 1260 1020 1313 quae
1070 1248 1267 1314 passim
1308 1257 1565 1305 truncata:
1600 1262 1653 1306 et
1684 1256 1734 1308 in

152 1325 517 1391 compendium
580 1330 843 1385 redactae
897 1343 1058 1397 sunt,
1102 1346 1155 1391 et
1206 1339 1439 1407 quidem,
1472 1353 1528 1395 ut
1557 1346 1738 1412 conje-

152 1420 288 1467 ctare
318 1414 479 1476 licet,
532 1432 564 1469 a
601 1419 894 1478 Graeculis
923 1434 1238 1482 catenarum
1270 1432 1605 1497 auctoribus;
1643 1436 1734 1488 sed

150 1511 205 1553 ut
239 1503 304 1553 ab
351 1504 563 1572 Agellio
625 1510 940 1579 laudatur,
996 1531 1049 1583 p.
1099 1517 1234 1580 486,
1286 1522 1339 1572 in
1390 1521 1499 1575 haec
1546 1524 1733 1591 psalmi

150 1606 378 1646 tnxvm
408 1596 573 1649 verba
600 1617 616 1650 :
658 1599 745 1652 Tu
773 1620 897 1656 vero
927 1607 1166 1671 repulisti
1183 1609 1538 1677 etdespexisti,
1563 1614 1733 1666 distu-

146 1680 249 1732 listi
274 1682 544 1739 Christum
578 1700 747 1741 tuum
775 1710 798 1745 :
828 1697 1064 1749 evertisti
1099 1707 1458 1753 testamentum
1483 1706 1612 1756 servi
1636 1707 1730 1767 tui,

143 1771 425 1839 profanasti
474 1778 533 1829 in
582 1787 743 1833 terra
778 1788 1150 1839 sanctuarium
1183 1789 1330 1856 ejus,
1372 1790 1483 1844 haec
1529 1793 1726 1848 habet:

142 1864 382 1953 Ebaéﬁto;
417 1867 474 1919 δὲ
512 1872 600 1933 si;
629 1872 699 1923 τὸ
744 1874 929 1938 πάθος
959 1878 1052 1929 τοῦ
1076 1879 1312 1948 Χριστοῦ
1345 1882 1510 1933 ταῦτα
1542 1900 1728 1953 πειρα-

138 1952 242 2044 Osi;
284 1954 491 2018 λαϐεῖν,
545 1959 684 2013 οὔτε
734 1963 1010 2018 διασῶσαι
1054 1968 1145 2020 τὸν
1189 1971 1375 2039 εἱρμὸν
1418 1972 1517 2040 τῆς
1560 1952 1728 2044 ἑρμη-

135 2042 269 2105 νείας
295 2045 562 2116 ἠδυνήθη,
614 2049 755 2103 οὔτε
807 2054 1121 2125 δυσφημίας
1167 2060 1436 2122 παντελῶς
1487 2042 1724 2117 ἀπάλλᾴ-

135 2133 309 2202 τῆναι,
354 2137 405 2188 id
432 2146 541 2203 est,
582 2139 873 2197 Eusebius
920 2154 1128 2210 autem,
1189 2165 1306 2200 cum
1356 2149 1463 2203 haec
1512 2152 1574 2202 de
1612 2169 1727 2220 pas-

135 2224 273 2276 sione
295 2223 499 2279 Christi
524 2231 828 2297 explicare
859 2237 1131 2288 tentaverit
1152 2277 1165 2298 ,
1199 2254 1357 2306 neque
1381 2240 1564 2292 seriem
1596 2259 1721 2295 nar-

135 2313 346 2367 rationis
376 2331 633 2383 servare,
706 2338 888 2391 neque
928 2323 1251 2391 blasphemia
1292 2329 1491 2393 penitus
1538 2346 1724 2385 vacuus

133 2417 229 2454 me
267 2406 465 2470 potuit.
518 2406 689 2462 Hanc
734 2419 928 2465 autem
965 2412 1183 2468 Eusebii
1231 2415 1722 2485 interpretationem

132 2488 386 2548 bisissime
408 2506 750 2552 enarratam
789 2501 984 2567 habes,
1023 2505 1159 2572 psal.
1192 2520 1450 2560 Lxxxvm.
1481 2508 1560 2561 An
1596 2525 1722 2564 vero

133 2578 206 2631 hic
234 2575 467 2637 Eusebio
509 2585 844 2654 impietatis
876 2601 1006 2645 nota
1049 2593 1173 2661 jure
1207 2594 1484 2661 inuratur,
1522 2614 1718 2666 necne,

129 2670 411 2734 expendere
456 2673 671 2729 inutile
705 2677 925 2745 fuerit;
964 2695 1088 2735 cum
1121 2685 1235 2751 ipse
1257 2692 1528 2742 temerata:
1555 2689 1719 2744 divini

134 2752 273 2810 Verbi
300 2760 574 2816 doctrina:
607 2773 822 2819 notam
860 2769 911 2821 in
969 2770 1090 2826 aliis
1134 2774 1303 2829 multo
1332 2777 1581 2845 liquidius
1638 2781 1719 2832 in-

130 2854 312 2911 currat,
348 2857 406 2900 ut
430 2864 539 2902 suo
576 2852 713 2906 loco
752 2858 1164 2923 comprobatur.

1840 1268 1887 1322 Ι.
1929 1269 2000 1322 Hi
2036 1274 2387 1324 commentarii
2426 1282 2596 1340 aperte
2646 1273 2856 1327 Eusebii
2902 1284 3039 1328 sunt.
3078 1275 3162 1328 II.
3202 1296 3219 1328 ι
3261 1278 3363 1331 De-

1906 1342 2275 1411 monstr_ationi
2301 1343 2605 1411 euangelica:
2640 1361 2658 1393 ι
2703 1343 2835 1411 stylo
2877 1345 3088 1397 similes.
3128 1344 3243 1398 111.
3286 1346 3363 1400 De

1901 1407 2034 1479 stylo
2072 1407 2298 1462 Eusebii.
2329 1407 2444 1463 ιγξ
2473 1407 3131 1479 Maximinicarniﬁcinam
3158 1423 3213 1466 ut
3239 1430 3362 1467 ocu-

1902 1475 2036 1529 latus
2076 1481 2215 1530 testis
2252 1488 2498 1530 memorat
2546 1479 2814 1532 Eusebius.
2867 1475 2936 1535 νζ
2962 1480 3186 1535 Itemque
3228 1483 3361 1535 alio-

1900 1559 2015 1596 rum
2064 1545 2346 1598 Christiani
2395 1547 2616 1600 nominis
2665 1548 2910 1601 hostium.
2963 1545 3192 1605 V1.0uo
3233 1562 3357 1605 tem-

1899 1628 2019 1678 pore
2044 1614 2133 1667 hos
2159 1616 2551 1668 commentarios
2580 1616 2816 1670 ediderit.

2074 1722 2111 1769 1.
2138 1723 2199 1775 Hi
2219 1723 2554 1773 Commentarii
2575 1730 2743 1785 aperte
2773 1723 2966 1774 Eusebii
2989 1731 3117 1774 sunt.
3147 1780 3149 1782 η

1899 1822 1939 1873 Α
1973 1821 2079 1877 Deo
2102 1824 2381 1877 manifesta
2410 1833 2461 1878 et
2501 1840 2594 1892 per
2626 1840 2683 1879 se
2714 1826 2855 1878 clara
2885 1841 2970 1880 res
3001 1835 3102 1887 est.
3127 1826 3223 1881 bos
3276 1827 3357 1897 ip-

1827 1914 2065 1967 sissimos
2096 1931 2213 1969 esse
2241 1914 2450 1970 Eusebii
2468 1915 2809 1970 Caesariensis
2831 1918 3256 1980 commentarios,
3297 1925 3358 1972 ut

1828 2018 1890 2055 ne
1927 2004 2006 2055 vel
2044 2005 2319 2057 minimum
2350 2004 2497 2059 dubii
2524 2004 2751 2060 eruditis
2770 2013 2822 2058 et
2853 2007 3133 2073 sagacibus
3168 2007 3354 2061 adver-

1825 2107 1941 2144 sum
1996 2093 2227 2147 suboriri
2281 2094 2467 2163 possit.
2532 2091 2727 2148 Verum
2776 2095 2902 2163 quia
2950 2094 3052 2150 hoc
3101 2110 3212 2149 aevo
3244 2111 3354 2152 non

1825 2184 1998 2252 pauci,
2032 2192 2088 2237 ut
2117 2185 2425 2239 criticorum
2475 2201 2664 2238 nomen
2711 2186 2811 2240 sibi
2843 2186 3074 2254 pariant,
3106 2187 3172 2242 de
3199 2187 3353 2244 libris

1824 2287 1956 2340 quos
1994 2288 2061 2326 ne
2107 2274 2187 2326 vel
2220 2273 2541 2339 primoribus
2570 2274 2779 2341 quidem
2813 2274 2975 2329 labris
3024 2278 3346 2345 attigerunt,

1824 2361 2138 2416 sententiam
2169 2362 2306 2415 ferre
2343 2362 2475 2414 nihil
2507 2370 2792 2415 verentur:
2835 2372 2886 2416 et
2915 2365 3086 2431 primo
3122 2380 3349 2435 conspe-

1820 2456 1907 2502 ctu
1945 2451 2015 2502 ita
2050 2452 2392 2519 pronuntiant
2424 2467 2437 2501 :
2481 2451 2593 2504 Non
2622 2451 2760 2519 sapit
2809 2455 3003 2522 stylum
3034 2456 3345 2523 scriptoris,

1821 2538 2092 2607 indignum
2124 2547 2345 2594 auctore
2374 2549 2559 2606 tanto;
2604 2557 2664 2595 ac
2690 2544 3001 2611 plerumque
3040 2544 3093 2597 in
3141 2553 3346 2614 partem

1818 2629 2045 2697 negandi
2074 2630 2421 2699 procliviores
2460 2642 2602 2694 sunt,
2635 2633 2759 2686 hinc
2795 2634 2897 2688 sibi
2922 2644 3235 2688 nasutoruin
3270 2635 3347 2688 ia—

1818 2732 1957 2771 mam
1980 2718 2358 2774 conciliaturos
2381 2737 2501 2777 esse
2539 2723 2675 2785 rati,
2723 2724 2919 2792 quibus
2946 2739 3050 2777 non
3091 2724 3245 2780 facile
3277 2728 3346 2779 sit

1815 2807 1974 2860 verba
2013 2807 2174 2874 dare;
2206 2808 2325 2862 ideo
2355 2810 2509 2864 nobis
2536 2810 2739 2881 aliquid
2765 2812 2831 2865 de
2856 2811 3158 2866 Eusebiano
3209 2815 3345 2884 Stylo

1816 2896 1899 2950 his
1929 2898 1983 2949 in
2010 2900 2411 2953 commentariis
2452 2902 2763 2970 conspicuo,
2797 2901 2966 2971 deque
3018 2902 3343 2957 manifestis-

1814 2986 1965 3041 simis
1996 2987 2189 3041 ibidem
2223 2988 2505 3043 Eusebiani
2538 2991 2634 3044 aevi
2681 2992 2852 3054 notis,
2883 2991 3177 3047 cdisserere
3225 2994 3343 3046 ani-

1814 3089 1932 3130 mus
1960 3084 2059 3130 85L

1988 3165 2048 3214 11.
2074 3166 2478 3217 Demonstrationi
2511 3169 2803 3231 evangelicae
2822 3172 2947 3231 stylo
2964 3173 3166 3220 similes.

528 2960 595 3008 V.
649 2962 900 3012 Gelasius
940 2977 1029 3035 eos
1052 2973 1302 3017 memorat.

187 3073 425 3132 Gelasius
452 3081 523 3136 de
555 3083 797 3139 duabus
825 3088 1041 3142 naturis
1086 3089 1140 3141 in
1169 3090 1402 3155 Christo,
1435 3093 1572 3148 inter
1619 3094 1717 3148 Pa—

132 3175 255 3220 trum
304 3172 631 3228 testimonia
663 3214 680 3237 ,
744 3175 977 3231 Eusebii
1033 3180 1384 3238 Caesariensis
1432 3186 1606 3239 locum
1658 3188 1711 3239 in

133 3257 374 3321 psalmum
407 3261 709 3319 decimum
741 3270 1043 3336 septimum
1082 3271 1256 3335 adert,
1291 3276 1382 3343 qui
1418 3277 1495 3330 sic
1523 3278 1705 3332 habet:

134 3344 255 3400 Deus
272 3352 356 3418 qui
375 3353 666 3407 inclinavit
691 3357 859 3410 caelos
900 3368 953 3411 et
987 3360 1285 3427 descendit,
1335 3367 1609 3420 ascendens
1659 3371 1712 3421 in

131 3430 362 3488 hominem
383 3454 541 3506 quem
571 3447 908 3511 assumpsit,
933 3463 1085 3514 quem
1112 3466 1245 3502 nunc
1267 3452 1525 3515 cherubim
1545 3472 1709 3510 sermo

137 3524 361 3586 nominat,
382 3528 619 3580 evolavit
649 3546 781 3582 cum
826 3548 912 3596 eo,
939 3550 1214 3588 ascensum
1264 3539 1459 3605 faciens
1489 3558 1601 3594 cum
1631 3545 1711 3596 di-

136 3609 285 3673 vinis,
334 3617 770 3682 spiritualibus,
824 3610 1227 3691 obsequentibus
1280 3628 1381 3681 sibi
1426 3646 1707 3697 pennarum

138 3703 292 3767 rantis,
320 3704 447 3771 ipsis
470 3709 646 3760 etiam
693 3712 1013 3777 appellatis.
1062 3713 1164 3767 Ubi
1215 3718 1556 3786 paucioribus
1586 3738 1707 3776 sen-

134 3788 329 3841 tentiam
377 3794 689 3861 exprimit,
746 3811 919 3864 quam
956 3797 1155 3853 ibidem
1193 3802 1259 3853 ab
1285 3797 1512 3857 Eusebio
1539 3820 1707 3860 enun-

136 3873 276 3929 tiatur
292 3920 306 3942 ,
328 3882 428 3934 etsi
458 3883 662 3939 eadem
697 3900 940 3954 prorsus
959 3895 1137 3942 mente
1156 3890 1658 3959 etinterpretatione
1688 3916 1706 3951 :.

137 3976 237 4015 nam
274 3964 541 4026 Eusebius
572 3974 793 4029 ibidem
843 3975 1206 4031 cherubinum
1237 3979 1385 4033 illum
1418 3983 1467 4035 in
1498 3986 1703 4052 psalmo

138 4064 503 4123 memoratum.
570 4080 682 4134 pro
743 4066 1099 4120 humanitate
1154 4067 1351 4123 Christi
1404 4072 1578 4127 habet.
1639 4074 1707 4126 Et

136 4142 270 4204 Paulo
296 4156 415 4212 post
446 4150 595 4205 idem
627 4153 904 4208 Gelasius
963 4169 1031 4208 ex
1079 4157 1263 4212 eodem
1318 4164 1709 4217 commentario

139 4228 231 4285 haec
254 4233 436 4292 aﬂ'ert:
470 4238 534 4293 Si
554 4259 685 4295 vero
724 4243 1015 4311 jumntem
1055 4262 1169 4298 eum
1197 4248 1423 4302 audieris
1456 4266 1543 4317 per
1579 4269 1699 4306 san-

1878 3268 2017 3323 Nulli
2047 3286 2111 3323 ex
2136 3270 2349 3326 Eusebii
2376 3274 2625 3342 operibus
2660 3274 2728 3327 ita
2759 3275 2935 3328 afﬁnis
2975 3276 3162 3328 horum
3193 3290 3339 3329 com-

1811 3359 2189 3412 mentariorum
2240 3362 2409 3430 stylus
2442 3370 2543 3425 est,
2575 3372 2632 3415 ut
2661 3365 2961 3430 evangelica:
3002 3363 3333 3417 Demonstra-

1810 3449 1936 3501 tioni
1963 3464 1982 3500 :
2026 3465 2130 3502 non
2165 3452 2321 3504 modo
2348 3453 2487 3504 enim
2516 3453 2775 3507 dictiones
2817 3463 2868 3506 et
2904 3453 3168 3505 tractandi
3202 3456 3336 3507 ratio

1808 3546 2132 3602 consonant,
2181 3539 2273 3592 sed
2309 3540 2464 3592 etiam
2497 3539 2889 3609 Scripturarum
2940 3540 3336 3609 interpretatio-

1806 3641 1923 3688 nes,
1949 3628 2208 3681 sententia
2257 3644 2483 3696 semper,
2509 3630 2680 3683 verbis
2710 3646 2813 3684 non
2848 3631 3211 3700 iul'requenter
3261 3633 3334 3688 si-

1807 3716 1957 3770 miles
2012 3724 2155 3770 sunt.
2212 3719 2269 3771 In
2316 3719 2762 3773 Demonstratione
2818 3721 2944 3774 item
2992 3721 3283 3790 evangelica
3314 3761 3330 3784 ,

1804 3804 2022 3874 perinde
2051 3814 2209 3874 atque
2237 3807 2289 3858 in
2325 3806 2424 3861 hoc
2447 3808 2829 3863 commentario
2860 3809 3059 3876 passim
3093 3808 3332 3862 offendas

1805 3896 1855 3948 in
1908 3894 2059 3958 illud,
2091 3896 2300 3965 νοήσεις
2339 3898 2667 3966 ἐπιστήσας,
2713 3897 2958 3967 intelliges
3008 3898 3053 3950 si
3100 3898 3332 3950 animum

1802 3984 2130 4049 adhibueris,
2177 3985 2333 4054 inque
2382 3995 2659 4043 sescentas
2704 3989 2834 4043 alias
2871 3987 3079 4043 dicendi
3128 3987 3331 4042 formu-

1800 4075 1916 4137 ias,
2004 4077 2154 4144 queis
2214 4078 2476 4132 sermonis
2555 4079 2623 4133 ab
2679 4080 2783 4133 alio
2845 4079 2909 4133 ad
2961 4080 3105 4134 aliud
3160 4081 3329 4135 series

1799 4166 2157 4220 transfertur:
2202 4182 2360 4221 voces
2406 4167 2633 4223 Eusebio
2691 4169 3069 4238 frequentatas,
3103 4170 3331 4239 aliisque

1799 4254 2149 4323 scriptoribus
2174 4256 2352 4311 minus
2377 4258 2636 4321 usitatas.
2678 4259 2731 4312 in
2766 4267 2990 4328 utroque
3020 4274 3181 4328 opere
3220 4260 3328 4313 ritu

136 4331 250 4374 ctum
274 4335 320 4378 et
344 4327 559 4384 Patrem
589 4350 784 4395 suum,
817 4335 962 4387 audi
976 4336 1242 4402 jurantem
1268 4355 1355 4405 per
1382 4340 1543 4393 Deum
1574 4342 1698 4395 Ver-

1798 4345 1911 4413 pari
1937 4345 2202 4399 adhibitas
2223 4345 2624 4415 deprehendas:
2654 4349 3036 4418 explicationes
3069 4348 3135 4403 de
3168 4346 3326 4403 Verbi

139 4410 254 4477 bum,
276 4418 403 4484 quod
425 4423 679 4475 omnibus
710 4426 938 4477 sweulis
971 4429 1285 4491 prwexsistit
1312 4470 1326 4492 ,
1370 4441 1605 4484 sanctum
1648 4444 1696 4487 et
1728 4450 1770 4504 ι)
1798 4410 2095 4487 substantia
2123 4441 2175 4488 et
2203 4410 2398 4489 deitate
2432 4436 2503 4489 ita
2547 4410 2872 4500 consimiles,
2908 4445 2967 4490 ut
2994 4438 3133 4491 illico
3166 4453 3324 4491 unam

140 4503 425 4569 unigenitum
453 4510 572 4576 ejus
596 4509 822 4564 Filium
850 4552 866 4572 ,
922 4528 1081 4582 quem
1132 4515 1287 4569 Deum
1335 4520 1474 4571 varie
1514 4521 1695 4576 locuta:

140 4601 233 4642 sunt
254 4592 437 4649 dudum
462 4617 495 4650 α
517 4600 679 4653 nobis
701 4601 1015 4667 propositae
1036 4617 1176 4656 voces
1200 4619 1218 4655 :
1247 4620 1334 4672 per
1353 4624 1507 4677 quem
1541 4609 1693 4676 jurat

140 4676 248 4733 Deus
268 4694 313 4735 et
335 4685 490 4739 Pater
512 4689 631 4756 ejus
658 4699 937 4758 tanquam
960 4688 1206 4745 dilectum
1232 4711 1366 4759 eum,
1403 4698 1493 4764 qui
1514 4714 1576 4751 ea:
1614 4716 1695 4752 sc-

139 4769 245 4847 mine
271 4772 426 4826 David
448 4788 547 4841 est,
582 4780 641 4831 in
663 4779 967 4846 inﬁnitum
991 4781 1237 4835 saeculum
1266 4786 1653 4853 gloriﬁcaturus
1674 4828 1689 4852 ,

140 4860 410 4923 quodetiam
448 4869 655 4932 factum
678 4876 790 4929 est,
820 4867 1053 4936 quando
1110 4869 1326 4926 Verbum
1361 4876 1691 4931 incarnatum

138 4958 227 4996 tum
247 4951 325 5015 qui
344 4968 405 5003 es:
432 4956 633 5007 semine
668 4953 861 5007 David
888 4963 977 5006 est
1019 4960 1326 5023 assumpsit,
1371 4970 1522 5029 atque
1545 4965 1693 5034 deiﬁ-

141 5044 232 5093 cst:
249 5040 367 5092 unde
390 5052 438 5094 et
458 5043 663 5096 Filium
689 5060 827 5096 eum
857 5042 1103 5109 appellat
1123 5044 1289 5100 dicens
1312 5065 1329 5101 :
1361 5068 1379 5098 ε
1410 5048 1519 5117 Ego
1540 5068 1625 5106 ero
1645 5054 1701 5107 ei

139 5120 177 5171 in
191 5121 685 5198 Patrem,etipseerit
705 5131 856 5184 mihi
886 5131 945 5182 in
965 5129 1260 5200 Filium(ll
1284 5135 1404 5205 Reg.
1431 5141 1639 5210 '11,”);
1666 5161 1685 5192 ι

141 5212 435 5272 ριὶιιηιηιςι
471 5223 581 5292 Ego
623 5220 1077 5289 primogenitum
1101 5236 1284 5287 ponam
1328 5227 1477 5280 illum
1515 5229 1693 5298 (Psal.

106 5281 350 5384 iitum",
383 5310 492 5376 28).
533 5332 553 5364 ι
610 5313 752 5368 Haec
795 5313 947 5364 item
984 5312 1294 5376 compendio
1322 5317 1688 5384 exprimuntur

144 5403 189 5441 ex
213 5392 620 5465 interpretatione
649 5400 887 5472 psalmi
929 5413 1193 5461 Lxxxvm,
1236 5406 1566 5477 maximeque
1622 5427 1685 5465 ex

143 5492 250 5533 vers.
275 5485 323 5547 4,
348 5489 397 5549 5,
428 5489 512 5552 56,
541 5493 613 5545 37
640 5501 700 5547 et
739 5491 851 5544 '58.

197 5568 286 5627 Etsi
316 5593 432 5633 vero
459 5580 688 5637 Photius
730 5581 910 5633 inter
948 5576 1167 5631 Eusebii
1195 5595 1351 5648 opera
1396 5584 1493 5640 bos
1540 5603 1684 5642 com-

143 5667 379 5723 mentarios
407 5686 509 5724 non
536 5675 858 5727 recenseat
888 5705 906 5732 ,
967 5666 1099 5719 nihil
1146 5670 1366 5737 mirum;
1421 5681 1529 5728 tum
1560 5677 1682 5745 quia

1795 4523 2007 4581 Eusebii
2042 4532 2292 4587 mentem,
2316 4541 2475 4579 unam
2523 4526 2803 4595 utrobique
2834 4542 3049 4581 manum
3080 4528 3319 4581 olfacias.

1791 4612 1991 4669 Verum
2023 4615 2207 4669 isthmc
2233 4617 2611 4670 exercitatione
2632 4618 2801 4685 prius,
2826 4634 2985 4688 quam
3018 4618 3319 4679 ratiocinio,

1795 4705 1967 4772 quivis
2001 4703 2231 4773 experiri
2260 4706 2433 4759 valeat
2467 4725 2481 4760 :
2519 4722 2691 4775 neque
2731 4708 2815 4763 bis
2847 4708 3047 4761 diutius
3077 4707 3321 4761 insistere

1794 4794 1939 4858 libet,
1963 4794 2028 4848 de
2054 4794 2245 4863 quibus
2274 4796 2474 4849 nullam
2525 4811 2681 4863 spero
2705 4837 2719 4860 ,
2754 4798 2892 4866 apud
2919 4796 3165 4849 cordatos
3216 4794 3320 4847 sal-

1793 4890 1918 4949 tem,
1951 4887 2366 4939 controversiam
2397 4886 2650 4941 futuram.

2266 4974 2350 5023 IlI.
2384 4976 2457 5024 De
2475 4977 2602 5036 stylo
2623 4974 2836 5025 Eusebii.

1860 5073 1951 5128 Est
1984 5089 2142 5142 porro
2172 5075 2291 5143 styli
2327 5090 2493 5144 genus
2526 5073 2609 5126 hic
2642 5082 2698 5126 ut
2735 5073 2786 5124 in
2828 5071 2947 5124 aliis
2994 5072 3110 5140 ejus
3140 5074 3317 5141 operi-

1789 5163 1910 5225 bus,
1933 5165 2086 5230 quale
2108 5164 2360 5227 describit
2384 5162 2602 5215 Photius
2625 5163 2677 5213 in
2706 5160 3205 5221 Bibliothecamum.
3232 5164 3312 5216 15:

1790 5254 1897 5323 Τὴν
1937 5255 1992 5305 δὲ
2026 5255 2217 5323 φράσιν
2257 5255 2351 5305 οὐκ
2382 5253 2523 5304 ἔστιν
2564 5252 2794 5319 οὐδαμοῦ
2815 5290 2831 5313 ,
2870 5251 2988 5303 οὔτε
3022 5251 3166 5320 ἡδὺς,
3193 5251 3314 5303 οὔτε

1786 5338 2120 5409 λαμπρότητι
2178 5341 2393 5408 χαίρων.
2453 5337 2765 5407 Πολυμαθὴς
2814 5339 2870 5391 δέ
2906 5342 3047 5392 ἐστιν
3081 5341 3108 5390 ὁ
3152 5340 3310 5407 ἀνήρ,

1785 5429 1887 5483 hoc
1915 5440 1996 5483 est
2022 5449 2033 5483 :
2069 5430 2304 5481 Dictione
2332 5437 2498 5478 autem
2521 5444 2771 5496 nusquam
2789 5432 2973 5486 suavis
2997 5437 3105 5490 est,
3152 5444 3312 5494 neque

1783 5520 2034 5588 elegantia
2063 5530 2292 5572 ornatus.
2326 5516 2722 5572 Eruditissimus
2755 5530 2923 5571 tamen
2950 5519 3025 5570 rir
3051 5527 3145 5569 est.
3189 5516 3311 5587 Sty-

1784 5613 1866 5667 ius
1896 5614 2071 5682 itaque
2092 5612 2208 5679 ejus
2236 5611 2475 5665 nonnihil
2518 5612 2780 5681 strigosus
2808 5620 2859 5666 ct
2892 5612 3172 5682 perplexas
3202 5618 3303 5673 est,

1784 5716 1887 5755 non
1922 5709 2032 5760 arte
2060 5700 2277 5755 limatus
2304 5719 2320 5755 ;
2348 5701 2515 5755 oratio
2563 5700 2758 5757 nedum
2802 5709 3051 5757 excurrat
3100 5701 3300 5763 libere.
