3818 6312
612 408 675 459 19
1283 398 1541 455 EUSEBII
1580 388 2043 449 C/ESARIENSIS
2080 387 2225 442 OPP.
2266 386 2439 438 PARS
2474 381 2558 434 ιιι,
2602 410 2665 419 -—
2703 373 3065 431 EXEGETICA.

610 521 740 573 adeo
765 520 1007 573 intricata
1034 520 1340 587 plerumque
1367 522 1478 577 est,
1511 518 1568 563 ut
1595 508 1874 577 scriptoris
1904 516 2129 559 mentem
2160 513 2199 567 Α
2230 512 2377 565 sunt,
2413 504 2488 553 ita
2513 507 2569 551 ut
2608 496 2851 548 divinitus
2892 491 3122 544 immissum
3145 481 3217 535 sibi

607 612 689 663 vix
718 625 1023 678 assequare.
1059 606 1312 661 Periodos
1350 604 1421 655 ita
1466 601 1699 668 prolixus
1738 599 1917 659 ducit,
1954 603 2013 648 ut
2034 610 2129 648 ex-

606 708 828 753 tractam
858 700 1065 768 longius
1093 696 1302 752 seriem,
1333 693 1377 744 si
1406 692 1529 758 quid
1564 690 1684 743 novi
1724 686 1887 741 menti
1922 701 2134 740 succur-

607 791 770 854 rerit,
817 787 1042 843 subinde
1096 782 1411 849 intercipiat,
1448 781 1570 834 dum
1617 793 1908 846 suspensus
1956 778 2133 828 animo

608 879 791 940 lector,
826 890 922 929 nec
961 888 1067 942 quo
1098 870 1378 930 deducere,
1412 884 1509 921 nec
1560 868 1646 920 ubi
1679 867 1923 919 claudere
1978 881 2134 934 argu-

608 976 845 1021 mentum
866 966 1009 1026 velit,
1033 961 1328 1027 intelligere
1354 962 1511 1013 valet.
1541 958 1691 1023 Quod
1720 957 1946 1009 maxime
1975 956 2056 1009 his
2079 958 2132 1007 in

609 1053 1003 1110 commentariis
1039 1049 1416 1111 observes,ubi
1444 1056 1723 1116 perpetuus
1752 1056 1986 1100 veterum
2016 1060 2133 1098 ver-

611 1147 839 1205 sionum,
869 1155 986 1209 qua:
1010 1150 1065 1192 ut
1099 1139 1383 1207 plurimum
1438 1138 1778 1189 subbarbarre
1809 1142 1952 1195 sunt,
1977 1148 2129 1195 usus,

609 1236 835 1302 aliquam
883 1233 1019 1301 stylo
1068 1231 1185 1297 ejus
1238 1232 1413 1284 intulit
1460 1228 1904 1297 peregrinitatem.
1952 1223 2135 1292 Neque

609 1332 784 1376 tamen
813 1336 908 1389 par
928 1320 1121 1387 ubique
1150 1320 1271 1387 styli
1295 1318 1430 1371 ratio
1471 1324 1587 1369 est:
1625 1328 1744 1365 nam
1788 1311 1878 1364 ubi
1932 1310 1997 1362 ad
2041 1309 2133 1363 de-

609 1410 927 1479 scriptiones
958 1411 1200 1473 vertitur,
1253 1409 1442 1462 sericm
1480 1412 1703 1458 exornat
1747 1402 1923 1455 verbis
1974 1415 2131 1468 quam

606 1509 783 1569 potest
808 1498 1149 1563 lectissimis;
1185 1514 1291 1550 non
1339 1505 1393 1548 ut
1434 1495 1633 1547 otiosos
1681 1491 1823 1544 inani
1867 1486 2133 1557 voluptate

608 1591 923 1649 demulceat,
952 1588 1042 1641 sed
1074 1596 1131 1639 ut
1160 1602 1222 1640 ex
1244 1600 1419 1639 rerum
1449 1599 1567 1651 qua:
1604 1584 1701 1637 sub
1741 1590 2009 1649 aspectum
2044 1592 2134 1630 ca-

608 1680 741 1733 dunt
772 1676 1167 1747 pulchritudine
1219 1684 1270 1727 et
1319 1678 1613 1733 concentu,
1656 1670 1720 1721 ad
1767 1668 1972 1736 opificis
2003 1681 2131 1717 con-

608 1768 1001 1836 templationem
1033 1766 1249 1818 alliciat.
1302 1762 1389 1814 Sic
1438 1760 1503 1813 ad
1550 1761 1812 1828 psalmum
1863 1771 2028 1817 xviii,
2069 1754 2133 1806 de

607 1874 771 1912 cursu
813 1858 941 1911 solis
972 1856 1238 1908 ﬂoridiora
1279 1852 1414 1921 stylo
1441 1851 1662 1903 mirifice
1699 1845 2133 1901 edisseritzalias

608 1948 854 2001 similiter
882 1946 947 1999 de
980 1960 1141 1997 verno
1183 1952 1439 2012 tempore,
1475 1942 1645 2008 deque
1674 1952 1931 2005 aquarum
1959 1935 2135 1988 divor-

609 2036 733 2097 tiis,
764 2051 883 2103 quae
927 2034 1307 2103 sapientissimi
1336 2030 1641 2085 Conditoris
1674 2035 1849 2081 mutus.
1886 2025 1950 2077 ad
1982 2032 2137 2076 terra:

611 2126 825 2179 cultum.
846 2136 897 2178 et
931 2123 1307 2177 fecunditatem
1358 2120 1684 2173 moderatur.
1732 2115 1916 2167 Divine
1963 2122 2135 2166 autem

608 2213 847 2282 loquitur
874 2214 1255 2267 sicubieontra
1302 2224 1395 2263 eos
1444 2209 1743 2273 disceptat,
1798 2204 1886 2272 qui
1935 2204 2135 2270 tempe-

607 2314 761 2360 rante
790 2302 1005 2356 fortuna
1034 2316 1207 2355 rerum
1243 2300 1593 2352 humanarum
1629 2295 1796 2347 aleam
1832 2291 2021 2346 cadere
2049 2305 2137 2343 3P-

607 2395 911 2456 bitrantur;
945 2392 1055 2445 sive
1087 2392 1246 2444 etiam
1269 2428 1284 2449 ,
1331 2388 1422 2455 qui
1458 2400 1544 2439 res
1585 2398 1802 2443 omnes,
1858 2396 1975 2449 qum
2015 2387 2138 2433 sunt

608 2483 813 2538 homini
842 2481 1179 2549 expetendae,
1210 2479 1479 2544 voluptate
1523 2477 1816 2528 metiuntur
1842 2491 1852 2524 :
1887 2472 2136 2538 frequen-

613 2569 815 2623 tissime
855 2583 982 2620 vero
1010 2568 1132 2619 illos
1160 2564 1422 2632 exagitat,
1477 2561 1565 2629 qui
1623 2558 1874 2612 mundum
1923 2557 2139 2609 fortuito

611 2674 676 2711 ac
702 2674 765 2711 ex
798 2657 1081 2711 temerario
1111 2657 1335 2722 partium
1370 2665 1632 2705 concursu
1662 2656 1846 2715 Sponte
1877 2647 2138 2701 coaluisse

613 2746 940 2813 pugnabant,
975 2745 1027 2796 in
1081 2742 1271 2811 hisque
1327 2755 1454 2795 sane
1510 2740 1809 2793 invenimus
1854 2736 2141 2791 Eusebium

613 2833 843 2888 Eusebio
877 2833 1275 2900 elegantiorem.

673 2947 753 2999 ιν.
778 2938 1016 2995 Maximini
1038 2944 1352 3050 carniﬁctrgim
1380 2946 1438 3049 till-il
1456 2944 1672 2989 oculatus
1698 2940 1837 2987 testis
1854 2941 2086 2985 memorat

1291 3016 1375 3050 use
1431 3015 1500 3048 us.

1291 3015 1500 3050 USCD‘IUS.

683 3088 822 3142 Ᾱῖνο
871 3101 970 3141 suo
1028 3091 1358 3154 grassantem
1404 3081 1674 3134 Maximini
1709 3081 1762 3131 in
1814 3077 2146 3131 Christianos

615 3176 979 3233 carniﬁcinam
1009 3183 1066 3227 ut
1098 3173 1343 3226 oculatus
1391 3171 1546 3225 testis
1583 3174 1841 3223 memorat
1902 3165 1967 3218 ad
2007 3165 2141 3233 psal.

617 3283 797 3330 xxxvr,
821 3266 909 3320 ubi
945 3275 1222 3335 postquam
1252 3263 1522 3333 gentilium
1548 3259 1927 3314 immanitatem
1961 3271 2145 3310 recen-

617 3359 744 3424 suit,
776 3359 889 3412 haec
921 3356 1099 3411 subdit
1125 3373 1137 3407 :
1173 3355 1376 3424 Ὥσπερ
1415 3354 1469 3405 δὲ
1496 3352 1663 3405 ταῦτα
1709 3351 2108 3420 ἱστορησάμενοι
2128 3388 2144 3412 ,

615 3447 754 3508 οὓτω
781 3448 873 3501 καὶ
893 3446 986 3517 τὴν
1009 3444 1359 3515 μετελθοῦσαν
1401 3444 1593 3502 αὐτοὺς
1622 3440 1752 3492 Θεοῦ
1785 3436 2149 3507 δίκηντεθεά-

620 3542 789 3612 μεθα,
840 3537 1087 3603 τοιαύτην
1145 3534 1467 3602 γενομένην,
1511 3532 1583 3593 ὡς
1641 3531 1712 3599 μὴ
1772 3532 2028 3599 ἁμαρτεῖν
2060 3530 2148 3581 τὸν

617 3632 858 3697 φήσαντα
889 3626 1115 3693 ἀληθῶς,
1145 3624 1239 3691 τὴν
1268 3620 1529 3691 ῥομφαίαν
1563 3620 1734 3671 αὐτῶν
1760 3618 2149 3688 εἰσεληλυθέναι

616 3721 696 3781 ri;
726 3720 823 3786 τὴν
864 3716 1081 3786 καρδίαν
1128 3713 1329 3773 αὐτῶν,
1374 3713 1465 3762 καὶ
1509 3710 1576 3761 τὰ
1642 3707 1767 3770 τόξα
1817 3707 1989 3759 αὐτῶν
2030 3723 2153 3758 συν-ρ

617 3807 912 3883 τετρίφθαι,
943 3786 998 3857 id
1022 3812 1101 3857 est
1133 3822 1144 3856 :
1172 3801 1421 3855 Utautem
1442 3799 1546 3852 ha'c
1568 3797 1804 3858 vidimus,
1831 3799 1903 3848 ita
1926 3806 1973 3848 et
2002 3797 2153 3847 ultio-

619 3917 731 3953 nem
754 3898 848 3953 Dei
874 3899 1009 3964 ipsos
1041 3892 1359 3947 invadentem
1381 3889 1723 3957 suspeximus,
1754 3902 1867 3955 (μίαν
1891 3885 2012 3936 talis
2044 3884 2152 3936 uti.

618 4004 712 4058 que
758 3988 876 4054 fuit,
904 3994 960 4037 ut
997 3984 1124 4036 nihil
1153 3980 1465 4034 aberraverit
1519 3979 1562 4030 is
1605 3976 1694 4045 qui
1740 3974 1891 4038 dixit,
1921 3973 2150 4042 gladium

618 4093 795 4131 eorum
834 4076 1054 4143 inﬁxum
1080 4074 1134 4125 in
1166 4070 1323 4124 corda
1361 4071 1626 4135 ipsorum,
1683 4075 1730 4118 et
1776 4081 1926 4117 arcus
1977 4079 2151 4116 eorum

620 4168 908 4235 confractos
955 4180 1083 4218 esse.
1121 4163 1183 4215 Et
1211 4161 1335 4214 alibi
1366 4180 1378 4213 :
1414 4159 1541 4222 Quis
1597 4166 1765 4210 autem
1814 4157 1977 4209 oculis
2030 4172 2150 4208 con-

628 4258 903 4321 templatus
966 4254 1150 4319 impios
1213 4252 1355 4320 (nam
1405 4248 1586 4302 Graeca
1640 4246 1939 4318 compendii
1992 4257 2152 4297 causa

621 4342 903 4412 mittimus)
934 4344 1020 4411 qui
1074 4358 1180 4395 wvo
1222 4350 1397 4393 nostro
1428 4355 1489 4392 ea:
1517 4339 1731 4403 divitiis,
1763 4337 1949 4405 gloria,
1979 4333 2154 4402 digni-

624 4432 814 4485 tatibus
846 4432 898 4483 in
935 4430 1280 4482 admiratione
1340 4429 1499 4497 fuere,
1530 4429 1585 4480 in
1644 4426 1933 4493 multasque
1986 4432 2156 4493 gentes

621 4520 891 4587 imperium
922 4518 1200 4580 obtinuere,
1235 4524 1433 4583 repente
1474 4514 1536 4566 ab
1578 4515 1673 4566 hac
1732 4510 2033 4565 celsitudine
2081 4511 2159 4562 la-

622 4626 761 4677 psos,
790 4624 891 4665 non
921 4607 1147 4675 fateatur
1192 4621 1363 4657 verum
1390 4620 1499 4682 esse
1528 4602 1794 4654 oraculum
1816 4598 2112 4668 hujusmodi
2134 4601 2160 4652 2

742 4720 799 4768 ν.
821 4720 1042 4780 Itemque
1069 4718 1271 4767 aliorum
1304 4716 1557 4765 Christiani
1584 4715 1790 4766 nominis
1811 4714 2039 4765 hostium.

690 4821 896 4877 Diserte
920 4837 1046 4875 vero
1098 4820 1165 4873 ad
1213 4821 1371 4887 psals
1416 4831 1560 4871 vau
1608 4817 1826 4885 quinam
1887 4815 1964 4871 illi
2005 4814 2159 4868 Chri-

625 4910 921 4962 stianorum
973 4909 1251 4963 carniﬁces
1312 4909 1697 4975 imperatores,
1751 4913 1804 4959 et
1834 4918 1940 4972 quo
1972 4904 2161 4956 mortis

626 5013 819 5065 genere
850 5001 1044 5052 sublati
1076 5001 1184 5055 sint
1211 5006 1429 5057 enarrat
1469 4999 1550 5053 his
1582 4997 1757 5052 verbis
1790 5016 1802 5050 :
1843 4995 1972 5049 Ha'c
2007 5010 2159 5062 porro

627 5107 773 5158 opere
803 5092 1054 5157 completa
1099 5109 1190 5146 nos
1232 5093 1357 5158 ipsis
1389 5092 1551 5145 oculis
1580 5090 1893 5157 percepimus
1920 5102 1938 5138 :
1977 5084 2160 5155 quibus
2188 5070 2207 5085 ’

628 5201 753 5238 sane
782 5184 1053 5236 verisimile
1080 5195 1153 5236 est
1182 5196 1407 5251 posteros
1443 5193 1643 5237 nostros
1675 5179 1968 5234 incredulos
1988 5217 2003 5239 ,
2046 5192 2161 5228 cum

632 5280 741 5330 hac
768 5272 998 5335 audient,
1027 5273 1180 5338 ﬁdem
1203 5290 1303 5327 non
1330 5276 1591 5329 habituros
1615 5289 1742 5327 esse.
1770 5271 2029 5338 Quotquot
2061 5272 2158 5337 igi-

633 5378 721 5418 tur
752 5381 856 5417 aeto
892 5372 1066 5416 nostra
1097 5362 1235 5428 fuere
1268 5364 1508 5419 Ecclesia:
1537 5366 1627 5418 Dei
1666 5363 1881 5424 inimici,
1908 5361 2158 5427 principes

632 5458 787 5524 hujus
807 5454 985 5511 saculi
1012 5461 1061 5505 et
1099 5455 1306 5521 tyranni
1331 5494 1345 5515 ,
1386 5457 1632 5509 diuinitus
1662 5456 1909 5510 immissis
1939 5452 2160 5520 ﬂagellis

634 5544 856 5605 laniati;
884 5543 977 5596 alii
1019 5541 1222 5611 quidem
1266 5547 1490 5608 corporis
1530 5545 1719 5598 cariem
1762 5541 1986 5611 perpessi
2015 5546 2158 5597 sunt,

634 5634 878 5695 utetiam
910 5631 985 5684 vel
1018 5630 1183 5684 adhuc
1237 5631 1449 5687 viventes
1499 5648 1613 5690 cum
1638 5630 1955 5687 intolerabili
2001 5625 2162 5691 fetore

634 5723 886 5782 rsrmibus
916 5730 1211 5775 scaterent:
1261 5722 1352 5777 alii
1408 5721 1617 5777 virentes
1670 5726 1785 5783 item
1834 5720 1994 5776 oculis
2029 5718 2162 5784 capti

3448 349 3560 401 ηἳο

3250 471 3450 546 ﬂagellum
3464 458 3469 465 ’
3483 465 3571 516 ani-

3314 580 3360 616 ac
3388 557 3576 613 Ecclesia

2235 594 2619 651 madverterent,
2665 584 3052 654 palinodiamque
3072 578 3277 630 caneret“,
3314 580 3360 616 αι
3388 578 3481 613 δίει

2245 686 2391 704 num-
2436 694 2671 704 ----.........
2724 688 2986 704 mnuum...”
3044 677 3079 704 οι
3108 664 3232 704 mlum
3258 672 3341 704 esse
3366 648 3485 704 Βοηιί

3405 660 3580 702 ominum

2234 686 2395 738 Deum
2433 694 2673 748 magnum
2724 688 3011 741 rerumque,
3044 677 3079 721 et
3105 664 3232 718 solum
3258 672 3341 710 esse

2234 774 2617 840 conﬁterentur,
2648 777 2947 831 summaque
2975 774 3071 811 cura
3093 752 3362 819 praciperent,
3383 749 3427 793 ut
3447 737 3580 789 civitas

2232 838 2338 916 illa
2358 861 2468 921 Dei,
2502 857 2563 910 ab
2608 872 2659 907 se
2683 854 2806 905 olim
2863 852 3143 915 impugnata,
3176 838 3510 893 restauraretur,
3552 841 3574 874 α

2233 951 2395 1003 denuo
2419 954 2819 1001 construeretur.
2842 939 3071 992 Videlicet
3086 931 3275 989 Galerius
3296 920 3580 979 Maximianus

2232 1040 2320 1107 qui
2367 1037 2625 1091 vermium
2694 1030 2859 1083 fetore
2919 1024 3202 1094 computruit,
3230 1025 3277 1071 ut
3312 1016 3444 1068 habet
3476 1008 3579 1058 Eust

2232 1102 2350 1181 bins
2385 1125 2525 1177 Hist.
2578 1121 2699 1175 eccl.
2739 1120 2830 1171 lib.
2864 1133 2993 1179 Vlll,
3035 1111 3171 1174 c.16;
3209 1109 3319 1160 alius
3347 1102 3423 1171 qui
3462 1102 3580 1164 capti

2234 1216 2407 1269 oculis
2434 1213 2621 1273 fertur,
2646 1219 2727 1263 est
2758 1206 3056 1260 Maximinus
3076 1199 3260 1254 Orientis
3284 1197 3551 1253 imperator,

2232 1306 2305 1357 ait
2338 1302 2619 1362 Eusebius,
2658 1300 2695 1352 1.
2731 1314 2803 1359 ix,
2835 1311 2883 1349 c.
2921 1295 2997 1346 10.
3041 1290 3277 1355 Utrumque
3301 1295 3409 1334 vero
3454 1276 3578 1346 palin

2232 1394 2371 1446 diam
2403 1390 2663 1445 cecinisse
2690 1393 2875 1440 narrat
2901 1381 3122 1436 Eusebius
3146 1378 3217 1429 hic
3256 1385 3300 1428 et
3347 1375 3391 1423 in
3433 1367 3580 1421 llisto'.

2230 1482 2598 1535 ecclesiastica.
2664 1476 2919 1530 Similiter
2969 1471 3023 1523 ad
3062 1469 3271 1537 psalmum
3298 1473 3510 1517 Lxxvm,
3554 1455 3580 1506 b

2233 1574 2434 1626 habet:
2492 1568 2665 1636 Neque
2717 1566 2883 1619 solum
2937 1563 2995 1614 iis
3048 1559 3146 1628 (qui
3190 1565 3395 1620 tempore
3439 1545 3579 1598 Antio

2234 1663 2381 1732 passi
2426 1661 2573 1729 sunt)
2608 1660 2714 1712 hac
2745 1656 2939 1709 tradita
2967 1653 3110 1719 fuere;
3150 1645 3349 1700 omnibus
3387 1641 3556 1709 quippe

2234 1753 2380 1805 utilia
2401 1750 2710 1818 patientibus
2746 1751 3056 1810 competunt:
3080 1739 3179 1807 quia
3201 1737 3246 1788 in
3261 1729 3580 1801 persecutionit

2232 1858 2345 1911 quae
2373 1850 2549 1893 nostra
2571 1846 2719 1890 astate
2749 1827 3268 1900 contigerunt,sexcenti
3282 1834 3429 1890 supra
3444 1834 3580 1872 recen

2233 1931 2427 1984 similia
2452 1936 2569 1981 sunt
2602 1924 2842 1995 perpessi.
2893 1922 2958 1973 Et
2987 1920 3042 1972 ad
3081 1918 3306 1985 psalmum
3347 1925 3436 1972 xc,
3468 1923 3578 1961 vers

2235 2037 2291 2075 se
2323 2036 2427 2073 non
2457 2019 2618 2071 unius
2648 2023 2850 2069 tantum
2906 2011 2993 2065 sed
3037 2008 3342 2077 plurimarum
3391 2015 3573 2071 persec

2234 2125 2360 2163 num
2392 2116 2577 2161 testem
2607 2104 2777 2157 fuisse
2807 2107 3015 2161 narrat,
3042 2105 3363 2167 tyrannosque
3395 2106 3506 2144 non
3534 2088 3580 2141 di

2235 2201 2382 2253 illata
2412 2193 2731 2251 Christianis
2764 2190 2933 2251 clade,
2982 2187 3172 2241 interitu
3222 2184 3395 2252 plexos
3430 2182 3519 2234 bis
3546 2187 3580 2231 tt

2236 2299 2424 2345 catur:
2464 2286 2574 2341 Nos
2618 2294 2787 2338 autent
2823 2282 3074 2335 veritatem
3112 2279 3212 2345 ipsa
3256 2273 3580 2341 exemplorur

2237 2378 2595 2446 terpretatione
2623 2372 2957 2443 percepimus,
2980 2377 3217 2435 conspecto
3246 2364 3401 2417 uariis
3438 2371 3574 2427 temp

2239 2467 2522 2520 Ecclesium
2548 2461 2741 2516 Christi
2784 2457 3170 2525 impugnantium
3221 2452 3387 2513 exitu,
3437 2450 3534 2518 qui

2239 2559 2362 2610 stim
2381 2594 2396 2619 ,
2431 2571 2492 2607 ne
2522 2554 2765 2605 diuturno
2798 2557 2910 2617 post
2940 2559 3160 2612 tempore,
3188 2541 3427 2595 debellati
3463 2553 3580 2592 sum

2239 2660 2468 2714 namque
2488 2643 2692 2696 viderat
2732 2638 3100 2691 Diocletianum
3122 2672 3136 2695 ,
3187 2631 3580 2684 Maximianum

2239 2737 2398 2797 rium,
2423 2732 2764 2787 Maximinum
2787 2735 2839 2782 et
2865 2726 3117 2778 Licinium
3141 2762 3154 2784 ,
3194 2722 3288 2790 qui
3328 2721 3386 2773 in
3425 2721 3576 2774 Chri

2240 2820 2601 2876 carnificinam
2626 2821 3005 2874 exercuerant,
3061 2808 3290 2862 infausto
3331 2809 3551 2861 mortis

2241 2910 2484 2980 periisse.

2407 3016 2483 3064 VI.
2510 3015 2614 3074 Quo
2635 3020 2853 3074 tempore
2874 3012 2962 3059 hos
2984 3008 3352 3059 commentarios
3371 3007 3575 3055 edider

2172 3135 2216 3196 α
2315 3116 2765 3172 Manifestissimis
2807 3115 2971 3184 igitur
3001 3113 3141 3165 notis
3187 3110 3551 3179 iudiciisque

2248 3225 2365 3263 rum
2396 3207 2898 3263 commentariorum
2940 3212 3215 3258 auctorem
3260 3201 3458 3270 prodit
3528 3203 3575 3253 E

2246 3295 2354 3366 iam
2386 3309 2511 3348 vero
2544 3302 2709 3347 restat
2758 3300 2817 3345 ut
2867 3292 3210 3360 exploremus
3252 3305 3367 3358 quo
3428 3299 3569 3343 tem

2249 3400 2382 3453 opus
2414 3382 2660 3437 ediderit.
2696 3381 2808 3449 Qua
2839 3380 2905 3433 de
2938 3396 2997 3433 re
3038 3395 3104 3433 ex
3153 3394 3267 3431 uno
3307 3385 3565 3431 tantum

2250 3486 2365 3526 cem
2393 3473 2624 3525 mutuari
2660 3471 2801 3523 licet.
2838 3469 2930 3523 Est
2964 3470 3012 3523 is
3070 3469 3125 3519 in
3188 3466 3417 3531 psalmo
3482 3482 3574 3519 ιχ

2252 3563 2392 3616 hunc
2442 3576 2651 3615 versum
2687 3557 2973 3627 :Nunquid
3028 3556 3261 3609 mortuis
3318 3554 3513 3622 facies
3569 3576 3580 3608 ι

2250 3653 2341 3707 ubi
2380 3653 2458 3707 sic
2503 3650 2660 3703 habet
2694 3667 2705 3700 :
2747 3650 2807 3699 El
2839 3648 2895 3699 δέ
2921 3665 3006 3709 τις
3042 3646 3175 3698 νοῦν
3222 3647 3580 3715 ἐπιστήσειε

2250 3745 2393 3812 ἡμᾶς
2422 3742 2558 3809 ἀμφὶ
2582 3740 2641 3790 τὸ
2664 3738 2845 3808 μνῆμα
2862 3738 2950 3788 καὶ
2985 3736 3048 3787 τὺ
3086 3734 3422 3805 μαρτύριον
3464 3738 3580 3788 τοῖ

2253 3828 2403 3898 ἡμῶν
2444 3825 2822 3879 ὲπιτελεσθείσι
2877 3823 3223 3891 θαυμασίοις
3245 3862 3260 3885 ,
3294 3822 3566 3891 ἀληθῶς

2254 3935 2371 3979 πως
2410 3917 2747 3985 πεπλήρωται
2777 3913 2955 3984 ἔργοις
3002 3912 3078 3963 τὰ
3121 3911 3579 3981 τεθεσπισμὲνι

2216 4060 2221 4065 ,
2257 4007 2406 4074 Quod
2434 4009 2478 4060 si
2509 4007 2621 4075 quis
2660 4006 2887 4058 animum
2920 4002 3196 4055 adhibeat
3235 4003 3339 4066 iis,
3372 4018 3519 4071 qua:
3564 4022 3580 4057 ι

2254 4114 2373 4166 pore
2402 4098 2474 4151 ad
2503 4096 2789 4164 sepulcrum
2837 4104 2884 4148 et
2936 4095 3311 4161 martyrium
3379 4092 3577 4147 Salvi

2255 4200 2465 4258 patrata
2497 4197 2637 4252 sunt,
2667 4185 2995 4240 mirabilibus
3022 4223 3042 4249 ,
3102 4186 3157 4237 is
3209 4201 3361 4238 sane
3400 4184 3570 4250 depr

2256 4289 2407 4348 pacto
2434 4296 2495 4334 ea
2520 4294 2632 4347 qua:
2676 4276 3041 4345 prcenuntiata
3082 4275 3345 4342 fuerant
3378 4314 3399 4337 ,
3461 4292 3575 4339 ορε

2258 4371 2381 4423 sint.
2411 4368 2483 4422 De
2514 4367 2789 4420 miraculis
2829 4367 2883 4418 in
2916 4366 3223 4433 sepulcro
3266 4372 3335 4417 et
3391 4375 3575 4416 ιιίειτι

2189 4462 2235 4520 D
2260 4459 2416 4513 editis
2439 4472 2507 4511 ne
2530 4457 2747 4512 verbum
2776 4454 2994 4523 quidem
3027 4453 3376 4507 Eusebius
3409 4454 3486 4505 in
3544 4454 3572 4507 \

2263 4549 2395 4611 tini;
2424 4548 2524 4602 etsi
2546 4547 2833 4605 detectum,
2859 4552 3116 4597 curante
3155 4543 3424 4598 Helena
3452 4582 3470 4603 ,
3544 4560 3576 4598 ε

2260 4637 2575 4706 martyrium
2624 4641 2902 4696 memoret,
2932 4639 3373 4687 exstructam
3451 4646 3574 4684 eor

2258 4728 2666 4783 Constantinum
2696 4722 3408 4792 magniﬁcentissimam
3470 4735 3576 4773 eo

2259 4830 2337 4874 ret
2364 4859 2377 4882 ,
2410 4817 2667 4888 synodum
2692 4816 2745 4868 in
2771 4814 3028 4883 ejusdem
3061 4813 3411 4869 ecclesia:
3449 4826 3576 4864 em

2260 4909 2525 4963 dicatione
2584 4906 2902 4961 celebratam
2975 4918 3178 4957 anno
3260 4903 3414 4957 555
3453 4943 3472 4965 ,

2260 4998 2479 5067 κομψῶς
2507 4996 2791 5050 describat.
2816 4993 3033 5047 Verum
3088 4993 3221 5046 hic
3272 4991 3373 5044 de
3416 4990 3567 5042 mir

2262 5104 2290 5139 a
2344 5086 2553 5147 Ruﬁno,
2588 5084 2819 5153 Sulpicio
2849 5081 3113 5147 Severo,
3156 5082 3481 5135 Socrate
3507 5116 3530 5140 ,

2263 5176 2595 5230 Theodoreto
2627 5181 3001 5236 recensentur,
3044 5188 3142 5226 ne
3191 5169 3541 5234 ambigas

2263 5268 2361 5327 illi,
2397 5268 2605 5320 amante
2632 5266 2852 5318 numine
2911 5265 3138 5317 locum
3207 5259 3525 5327 sepulcr

2264 5358 2477 5417 texisse,
2511 5364 2621 5408 tres
2654 5355 2722 5408 ibi
2758 5368 2943 5407 cruces
2972 5354 3323 5419 repertas
3360 5360 3517 5398 esse

2261 5462 2447 5501 omnes
2472 5461 2711 5514 quaenam
2743 5460 2808 5499 ex
2858 5443 3053 5495 tribus
3097 5436 3393 5492 Christi
3441 5453 3505 5491 sc

2263 5545 2409 5590 crata
2436 5536 2643 5599 fuisset,
2673 5535 2833 5590 dubio
2866 5530 3125 5585 tandem
3178 5528 3479 5581 levatos

2262 5626 2513 5680 extremis
2544 5640 2704 5696 agens
2743 5622 2950 5682 mulier,
2984 5633 3078 5673 ex
3144 5616 3480 5669 aliarum

2268 5714 2480 5770 remedii
2526 5721 2845 5775 consecuta,
2899 5711 3168 5765 admota
3249 5708 3470 5763 demu
