3818 6328
274 382 328 436 ει
998 369 1521 429 COMMENTARIA
1558 372 1619 425 IN
1648 370 1989 434 PSALDWS.
2036 411 2098 420 ——
2135 360 2670 432 PRJELIMINARIA.
3360 385 3428 438 ag

272 509 421 550 cruce.
449 486 613 542 statim
644 498 672 534 a
700 479 893 534 morbo
917 490 1164 552 penitus
1185 501 1455 555 recreata,
1477 502 1530 547 et
1564 490 1809 561 pristina:
1839 502 1882 555 Α
1910 497 2096 549 tentim
2130 511 2257 549 vero
2295 483 2577 546 ratiocinia
2605 490 2826 558 profert,
2872 496 3018 559 nihil,
3051 495 3187 564 quod
3219 496 3282 549 ad
3314 510 3422 548 rem

266 578 514 636 valetudini
544 574 781 630 restituta
805 580 922 628 est.
950 574 1107 633 Cum
1138 587 1314 633 autem
1346 581 1462 635 hth
1505 596 1641 634 anno
1674 581 1801 646 527,
1916 585 2198 653 pertineat,
2224 586 2483 636 intactum
2520 576 2788 649 relinquit.
2824 584 3004 639 Parem
3035 583 3284 654 arguendi
3318 584 3421 637 vim

249 683 344 729 ant
363 666 635 738 insequenti
675 673 824 734 gesta
868 665 995 721 sint
1016 708 1033 732 ,
1094 669 1221 723 hinc
1254 674 1607 742 consequitur
1635 670 1807 727 Euse-
1909 682 1961 726 et
1988 672 2290 725 methodum
2314 666 2724 735 animadvertas,
2753 687 2870 725 cum
2892 688 3071 726 eorum
3102 672 3418 726 sententiam

240 764 395 819 bium
419 777 506 815 sua
528 760 580 812 in
598 756 847 812 Psalmos
884 763 1301 816 commentaria
1349 765 1451 817 sub
1477 765 1587 817 haec
1611 763 1810 818 edidis-
1911 762 2146 830 depellit,
2182 762 2274 828 qui
2320 758 2526 813 numeri
2556 760 2812 813 rationem
2844 761 2907 813 ad
2939 762 3195 831 cujusque
3230 761 3417 830 psalmi

228 866 330 907 se.
360 849 530 918 Neque
557 856 731 901 tamen
765 846 963 900 statim
1018 859 1212 919 postea
1238 890 1253 914 ,
1309 852 1405 906 sed
1460 852 1638 906 multis
1681 852 1808 906 hinc
1910 849 2304 918 intelligentiam
2333 848 2572 901 conferre
2592 849 2894 916 pugnabant
2924 867 2937 902 :
2968 866 3123 918 quam
3148 850 3418 902 Philonia-

222 940 442 1007 elapsis
470 941 616 990 annis
641 937 757 990 haec
785 937 1159 994 elucubrasse
1209 940 1438 996 suadere
1471 941 1677 995 videtur
1706 956 1806 995 vox
1905 953 2025 991 nam
2059 937 2374 1005 explanandi
2409 938 2730 1003 methodum,
2763 945 2818 989 ut
2849 937 3046 991 futilem
3077 947 3127 992 et
3148 936 3417 1009 ἀπροσδιό-

219 1029 372 1084 aut?
401 1031 687 1099 meamque:
718 1038 909 1082 nostra
939 1040 1100 1083 aetate
1132 1030 1429 1100 signiﬁcat;
1456 1046 1626 1100 neque
1661 1032 1773 1085 enir

1903 1044 2075 1090 νυσον,
2110 1026 2342 1095 explodit
2368 1026 2642 1079 Eusebius.

218 1135 346 1193 pro
370 1121 714 1188 praesentibus
739 1131 834 1174 aut
860 1122 941 1175 ita
972 1126 1196 1192 nuperis
1235 1127 1397 1179 rebus
1440 1126 1553 1178 haec
1584 1126 1804 1193 loquen-
2268 1134 2351 1182 Ill.
2379 1134 2451 1182 De
2473 1135 2669 1182 litterali
2689 1138 3040 1196 explanatione.

220 1210 300 1265 ali
329 1212 462 1262 ratio
486 1225 581 1264 usu
606 1210 793 1264 venire
826 1211 989 1265 solet.
1028 1212 1121 1266 Sic
1172 1214 1260 1267 ille
1301 1228 1421 1267 cum
1451 1214 1516 1267 de
1566 1216 1802 1285 tyrannis
1968 1236 2269 1285 Litteralem
2294 1208 2481 1285 psam,

238 1300 369 1369 agit,
402 1300 492 1368 qui
522 1300 639 1366 jam
669 1300 872 1355 multos
912 1309 1042 1356 ante
1078 1316 1251 1356 annos
1297 1302 1405 1357 fato
1434 1302 1597 1357 functi
1626 1313 1798 1367 erant,

1968 1236 2269 1291 Litteralem
2294 1236 2626 1291 Psalmorum
2661 1247 2885 1291 mentem
2917 1239 3003 1291 ubi
3037 1240 3268 1307 explicat
3298 1238 3411 1293 Eu-

1900 1326 2099 1387 sebius,
2129 1327 2413 1395 genuinum
2437 1329 2590 1396 vulgo
2622 1342 2835 1381 sensum
2865 1330 3094 1396 attingit,
3127 1343 3296 1397 neque
3335 1330 3406 1382 ita

254 1404 368 1443 voce
396 1388 513 1441 καθ’
550 1391 703 1460 ἡμᾶς
736 1392 928 1455 utitur,
957 1407 1119 1460 quam
1143 1399 1317 1446 tamen
1347 1409 1607 1461 nusquam
1643 1410 1801 1447 usur-

255 1486 334 1546 ραι
355 1492 478 1530 cum
512 1477 583 1531 de
612 1480 779 1533 rebus
800 1519 814 1540 ,
855 1495 978 1549 qua:
1006 1481 1089 1532 vel
1132 1481 1223 1534 illo
1271 1482 1555 1545 scribente,
1588 1483 1668 1536 vel
1699 1499 1799 1535 nu—

254 1568 471 1637 perrime
498 1575 671 1636 gesta:
697 1576 865 1631 sunt,
914 1571 1111 1638 agitur.
1165 1568 1359 1623 Verum
1397 1581 1452 1624 ut
1484 1571 1595 1625 haec
1627 1574 1798 1640 conje—

248 1658 429 1712 ctando
472 1659 654 1713 solum
688 1660 963 1725 dicimus,
1019 1663 1093 1715 ita
1153 1672 1272 1731 post
1319 1678 1512 1717 annum
1543 1665 1644 1717 ⁸527
1670 1704 1684 1726 ,
1732 1679 1793 1718 ea

246 1763 392 1816 quam
422 1764 595 1816 supra
625 1749 871 1806 diximus
920 1751 987 1805 de
1014 1765 1180 1806 causa
1201 1790 1216 1814 ,
1259 1751 1428 1805 editos
1472 1761 1793 1805 commenta-

1899 1417 2201 1484 frequenter
2227 1415 2434 1468 aberrat
2485 1432 2514 1467 a
2562 1429 2726 1484 scopo
2753 1423 2805 1468 et
2841 1431 2869 1467 a
2913 1430 3035 1468 vera
3076 1414 3406 1469 Psalmorum

1899 1507 2177 1560 sententia.
2209 1504 2403 1558 Aderat
2454 1505 2648 1573 quippe
2694 1506 2867 1573 opima
2915 1504 3005 1557 illa
3056 1503 3406 1573 Hexaplorum

1896 1597 2152 1665 supellex,
2184 1596 2323 1649 unde
2344 1604 2395 1648 et
2424 1594 2738 1649 Hebraicam
2774 1596 3053 1650 lectionem
3086 1604 3138 1649 et
3170 1601 3405 1649 veterum

1894 1686 2232 1752 interpretum
2259 1684 2550 1738 versionem
2571 1684 2799 1737 mutuari
2820 1692 3018 1752 posset.
3038 1682 3219 1751 Neque
3240 1683 3402 1743 enim,

1892 1783 1948 1828 ut
1989 1790 2053 1828 ex
2098 1774 2181 1826 his
2218 1772 2615 1826 commentariis
2661 1771 3055 1840 deprehendere
3107 1772 3250 1831 licet,
3303 1768 3407 1824 lle-

247 1838 344 1930 τξθῗ
376 1836 639 1930 δαίτφίδῗί
676 1854 845 1930 90559
873 1849 1149 1930 pmfmusr
1211 1841 1410 1896 υθίθθιί
1446 1843 1571 1897 item
1612 1841 1790 1894 Domi"
1822 1868 1861 1922 Β
1887 1863 2062 1916 braice
2091 1862 2291 1930 peritus
2322 1861 2423 1914 fuit
2456 1836 2748 1915 Eusebiusi
2775 1860 3034 1929 siquidem
3062 1860 3127 1914 de
3148 1858 3404 1914 Hebraiea

246 1926 336 1979 nici
369 1927 613 1994 sepulcri
663 1928 913 1982 meminit
952 1927 1217 1983 Eusebius
1248 1930 1313 1983 ad
1345 1930 1605 1997 psalmum
1636 1945 1787 1990 cvm,

243 2015 315 2068 his
343 2016 565 2070 verbis:
605 2015 727 2069 Hoc
762 2027 936 2070 autem
958 2018 1198 2080 ediscas,
1244 2020 1293 2071 si
1347 2018 1632 2071 consideres
1691 2034 1791 2087 qua

241 2113 395 2156 ruente
426 2106 536 2156 sint
558 2103 767 2167 Iudici,
791 2107 1019 2159 videntes
1049 2107 1249 2177 quidem
1275 2107 1561 2159 veneranda
1588 2116 1635 2159 et
1665 2124 1788 2159 san-

240 2201 312 2243 cta
340 2208 445 2245 sua
466 2193 714 2260 funditus
745 2193 955 2259 deleta;
981 2197 1124 2249 illius
1154 2214 1268 2250 vero
1294 2198 1381 2265 qui
1411 2196 1474 2248 ab
1498 2198 1619 2262 ipsis
1646 2198 1790 2263 igna-

242 2282 399 2334 minia.
420 2284 672 2350 affectas,
703 2300 766 2336 ac
796 2285 850 2337 in
885 2301 1088 2339 crucem
1117 2295 1164 2339 et
1194 2295 1408 2338 mortem
1438 2284 1657 2337 traditus
1689 2295 1785 2348 est,

239 2372 542 2437 sepulcrum,
573 2373 759 2427 studio
803 2382 854 2426 et
881 2374 1161 2427 honoribus
1198 2374 1479 2436 celebrari,
1529 2374 1785 2427 Ecclesias

239 2470 421 2522 autem,
455 2478 577 2528 qua
614 2463 732 2530 ejus
760 2464 950 2516 virtute
993 2478 1086 2531 per
1130 2473 1294 2516 totum
1341 2464 1508 2518 orbem
1556 2464 1787 2532 fundata

236 2560 365 2612 sunt.
398 2551 593 2604 indies
622 2567 940 2616 accrescere,
972 2560 1078 2607 etc.

839 2659 1067 2715 CAPUT
1111 2659 1201 2714 IV.

234 2788 290 2826 DD
329 2787 536 2827 ςεειειιε
574 2786 1005 2826 INTERPBETANDI
1047 2786 1287 2831 EUSEBII,
1324 2785 1487 2833 παῦε
1526 2786 1779 2836 ANTIQUI:

587 2856 941 2894 VERSIONIBUS
979 2856 1043 2892 AB
1079 2856 1146 2893 EO
1184 2855 1422 2893 ALLATIS.

234 2929 275 2985 L
304 2930 703 2998 lnterpretamli
726 2945 887 2998 genus
921 2928 1201 2981 Eusebium
1231 2930 1579 2982 commentarii
1601 2940 1779 2983 aucto-

289 3015 399 3065 rem
418 2996 620 3065 prodit.
642 2996 731 3050 II.
771 2997 1165 3051 Observationes
1188 2998 1377 3065 critica
1393 2999 1601 3065 egregiee
1623 3008 1776 3052 notw.

292 3063 427 3119 111(
447 3067 526 3119 De
574 3066 802 3119 litterali
845 3065 1225 3131 explanatione.
1259 3063 1359 3118 IV.
1408 3064 1481 3119 lle
1509 3063 1777 3133 ‘mystago-

1890 1952 1977 2005 ille
2005 1952 2228 2006 lectione
2266 1950 2576 2019 plerumque
2600 1964 2706 2003 non
2736 1949 2807 2003 ita
2833 1950 2989 2004 docte
3014 1948 3287 2014 edisserit,
3318 1956 3404 2002 ut-

1888 2046 2008 2107 pote
2036 2037 2124 2106 qui
2169 2036 2425 2090 Hebraica
2478 2037 2675 2092 Graecis
2706 2036 2896 2089 litteris
2921 2049 3191 2104 expressa,
3224 2035 3402 2103 qualia

1888 2127 1939 2179 in
1967 2125 2215 2195 Ilexaplis
2243 2136 2415 2188 erant,
2452 2136 2655 2180 tantum
2700 2126 2921 2195 legerit;
2953 2125 3046 2181 sed
3093 2127 3137 2180 si
3179 2125 3307 2195 quid
3336 2126 3407 2180 da

1884 2217 2101 2270 vocibus
2132 2225 2183 2270 ct
2216 2201 2405 2271 litte'ris
2427 2216 2702 2271 Hebraicis
2722 2216 2848 2268 hinc
2871 2215 2992 2268 inde
3025 2215 3221 2279 tradat,
3254 2214 3307 2269 id
3335 2228 3400 2269 ex

1885 2304 2116 2359 Hebraeis
2162 2313 2438 2359 mutuatus
2462 2312 2563 2359 est.
2610 2303 2675 2355 Et
2711 2302 2905 2355 mirum
2959 2316 3088 2356 sane
3130 2301 3397 2354 hominem

1881 2396 1971 2465 qui
2011 2396 2064 2449 in
2095 2395 2374 2449 Palaestina
2398 2402 2604 2448 aetatem
2630 2394 2753 2463 egit,
2780 2407 2900 2445 cum
2927 2390 3121 2445 Judzeis
3146 2390 3395 2459 frequen-

1881 2493 1961 2538 ter
1988 2498 2283 2539 sermonem
2311 2484 2515 2546 habuit,
2554 2480 2802 2550 Hexaplis
2826 2489 2878 2534 et
2907 2478 3233 2533 Bibliotheca:
3273 2478 3399 2530 divi-

1879 2590 1958 2628 na:
1984 2588 2105 2628 cum
2151 2571 2428 2641 Pamphilo
2460 2578 2692 2640 martyre
2730 2569 3030 2638 digerendis
3060 2583 3273 2636 operam
3305 2568 3396 2621 de-

1876 2662 1975 2725 dit,
2006 2660 2261 2715 Hebraice
2287 2658 2607 2713 ineruditum
2636 2656 2835 2711 fuisse?
2870 2654 3187 2708 Doctoribus
3218 2661 3391 2709 autem

1878 2752 1990 2809 suis
2037 2751 2197 2807 nimis
2226 2750 2498 2805 credulum
2533 2762 2768 2818 persaepe
2795 2744 3179 2814 deprehendas,
3211 2751 3393 2813 utpote

1875 2842 1967 2911 qui
1995 2841 2245 2894 nonnulla
2273 2840 2538 2894 interdum
2579 2837 2781 2900 ail‘erat,
2816 2835 2901 2890 ubi
2930 2833 3227 2889 accuratior
3254 2834 3393 2886 noti-

1875 2932 1947 2985 tia
1990 2930 2349 2995 desideretur;
2395 2927 2621 2997 exempli
2672 2941 2835 2980 causa
2880 2925 2944 2978 ad
2993 2925 3135 2977 hunc
3179 2937 3391 2977 versum

1873 3020 2061 3088 psalmi
2093 3034 2201 3082 cxt,
2240 3018 2320 3070 Ea;
2347 3027 2491 3070 utero
2533 3025 2652 3068 ante
2692 3014 2961 3082 luciferum
3005 3014 3154 3081 genui
3198 3021 3264 3077 te,
3300 3013 3390 3065 ubi

1874 3108 2188 3163 Hebraicum
2220 3118 2428 3170 can-in,
2466 3105 2717 3158 Merehem
2759 3104 2938 3167 habet,
2971 3109 3029 3154 ut
3061 3100 3388 3170 probabilem

322 3136 425 3187 ica.
470 3134 531 3185 V.
572 3133 837 3187 Eusebius
869 3134 1140 3200 Origenem
1196 3134 1455 3201 sequitur,
1490 3135 1582 3185 alii
1612 3133 1775 3187 Euse-
1874 3133 2188 3163 "curawu'"
2222 3133 2428 3170 ΗΗἿων
2466 3133 2717 3158 "‘“w‘m
2760 3133 2938 3167 "“W"
2973 3133 3029 3154 ""
3061 3133 3186 3170 1"“

282 3151 450 3254 aiam.
487 3201 587 3254 VI.
616 3203 862 3254 Antiquis
892 3201 1250 3254 interpretibus
1281 3202 1560 3254 freauenter
1584 3204 1765 3254 utitur.
1798 3177 1841 3235 δ
1873 3198 2149 3254 cuiusdam
2197 3198 2498 3254 Opinionem
2535 3194 2706 3254 affert,
2742 3194 2833 3254 qui
2871 3192 3091 3254 putabat
3134 3190 3186 3243 hi

1798 3177 1841 3235 δ
1873 3198 2149 3267 cujusdam
2197 3198 2498 3268 opinionem
2535 3194 2706 3257 affert,
2742 3194 2833 3261 qui
2870 3192 3091 3262 putabat
3134 3190 3222 3243 hic
3266 3190 3391 3243 bea-

1872 3296 1977 3341 tam
2007 3288 2221 3341 Mariam
2244 3287 2519 3354 Deiparam
2545 3284 2787 3345 indicari,
2811 3281 2951 3349 quod
2974 3296 3100 3335 sane
3115 3277 3391 3348 ἀπροσδιὸ-

1872 3393 2024 3429 νυσον
2054 3384 2136 3429 est
2166 3395 2178 3428 :
2207 3390 2327 3428 nam
2357 3372 2549 3432 Maria,
2588 3385 2776 3424 nomen
2817 3368 2952 3436 apud
3004 3367 3248 3422 Hebraeos
3279 3368 3387 3419 fre-

1871 3464 2274 3536 quentissimum
2299 3470 2485 3525 arma,
2511 3458 2722 3510 Miriam
2745 3457 3108 3520 scribebatur;
3140 3461 3192 3510 et
3229 3452 3387 3510 Mere-

1870 3556 1981 3607 hem
2009 3551 2140 3605 nihil
2169 3549 2308 3602 aliud
2334 3563 2514 3617 quam,
2539 3562 2601 3599 ex
2622 3556 2786 3607 utero,
2816 3543 3101 3613 signiﬁcat.

2353 3658 2431 3707 IV.
2458 3658 2532 3706 De
2554 3657 2889 3718 mystagogica.

1938 3760 2343 3830 Mystagogicam
2374 3757 2691 3826 explanandi
2722 3756 2882 3818 viam,
2926 3772 3030 3825 qua
3074 3755 3140 3809 ad
3187 3756 3386 3812 Christi

1866 3862 2145 3918 personam
2191 3847 2275 3901 vel
2304 3846 2614 3907 Ecclesiam,
2646 3847 2756 3900 sive
2796 3845 2861 3899 ad
2900 3844 3102 3899 ﬁdelem
3130 3845 3381 3908 animam,

1866 3946 1957 3992 aut
1980 3939 2188 3991 demum
2216 3937 2289 3990 ad»
2303 3937 2568 3991 caelestem
2594 3934 2807 3989 Sionem
2831 3936 3004 3988 omnia
3036 3934 3380 3996 reducuntur,

1866 4028 2147 4082 admodum
2181 4026 2531 4095 frequentavit
2556 4025 2846 4079 Eusebius:
2873 4025 2994 4093 quia
3017 4024 3107 4079 illo
3126 4039 3236 4077 aevo
3257 4039 3376 4077 cum

1864 4117 2030 4172 Judaei
2082 4124 2335 4185 perpetuo
2362 4115 2682 4170 Christianis
2729 4114 3096 4184 obgannirent,
3129 4120 3288 4180 atque
3314 4128 3381 4165 ex

1862 4222 2023 4276 prave
2069 4207 2275 4260 detorta
2328 4204 2719 4273 Scripturarum
2755 4203 3038 4266 sententia,
3078 4202 3377 4257 Christiana

1862 4299 1927 4351 de
1957 4296 2236 4352 Servatore
2258 4295 2499 4365 dogmata
2528 4294 2861 4349 traducerent
2887 4295 2940 4347 in
2970 4293 3083 4349 dies
3102 4335 3118 4358 ,
3159 4294 3381 4360 scripto-

1862 4398 1947 4438 res
1992 4382 2338 4437 ecclesiastici
2380 4388 2586 4443 contra,
2624 4390 2680 4434 ut
2726 4381 2983 4449 petulanti
3032 4390 3085 4435 et
3133 4390 3379 4449 protervo

1791 4487 1835 4540 ι)
1863 4472 2043 4541 generi
2072 4478 2434 4537 occurrerent,
2460 4472 2634 4525 omnia
2667 4470 2732 4523 ad
2753 4470 3024 4524 Christum
3054 4478 3107 4525 et
3132 4469 3197 4522 ad
3223 4469 3378 4523 Chri-

1861 4559 1929 4611 sti
1955 4556 2246 4611 Ecclesiam
2277 4558 2577 4611 referebant
2622 4575 2637 4613 :
2690 4573 2786 4611 nec
2833 4557 2991 4611 modo
3034 4572 3096 4612 ea
3147 4572 3265 4625 qua:
3309 4556 3377 4609 de

1858 4645 2070 4699 Christo
2096 4654 2148 4700 et
2183 4645 2250 4701 de
2278 4646 2474 4700 Christi
2507 4646 2753 4700 ﬁdelibus
2781 4646 2979 4703 diserte
3006 4657 3058 4701 et
3098 4647 3373 4701 evidenter

224 3314 254 3363 ι.
276 3313 648 3373 lnterpretandi
700 3326 858 3374 genus
876 3312 1141 3421 Eusggiipm
1171 3315 1496 3363 commentarii
1528 3322 1769 3365 auctorem

916 3386 974 3421 or
1081 3409 1093 3420 .

916 3386 1093 3434 promt.

277 3475 460 3530 Hosce
515 3474 946 3530 commentarios
1019 3488 1325 3542 germanum
1387 3490 1505 3530 esse
1557 3476 1769 3531 Eusebii

206 3580 369 3635 opus,
399 3581 512 3621 non
546 3581 615 3619 ex
647 3564 949 3633 praemissis
974 3564 1156 3627 modo,
1191 3565 1283 3618 sed
1316 3565 1475 3618 etiam
1509 3581 1575 3619 ex
1604 3567 1768 3621 inter-

203 3654 460 3722 pretandi
514 3668 741 3722 genere,
774 3667 838 3725 ex
888 3650 1163 3719 frequente
1195 3653 1287 3705 illo
1338 3658 1568 3705 veterum
1604 3653 1768 3708 inter-

196 3750 420 3809 pretum
454 3758 586 3805 usu,
636 3758 705 3795 ex
744 3737 1037 3809 Scriptura:
1087 3754 1259 3793 sacra}
1307 3740 1492 3807 peritia
1525 3755 1767 3811 compro-

196 3832 385 3886 batur.
414 3830 515 3885 His
549 3846 613 3885 se
658 3830 882 3884 tesseris
912 3838 965 3883 et
1007 3831 1334 3899 argumentis
1361 3831 1571 3885 exhibet
1600 3826 1767 3884 Euse-

193 3922 330 3978 bius
354 3924 445 3977 ille
475 3923 754 3991 Pamphili
806 3924 1057 3991 martyris
1107 3923 1306 3987 socius,
1341 3922 1584 3991 quicum,
1630 3930 1766 3977 teste

193 4010 572 4082 Hieronymo,
633 4011 885 4063 Divinam
937 4011 1309 4063 Bibliothecam
1367 4009 1764 4078 diligentissime

194 4102 628 4170 pervestigarat.
693 4098 823 4153 Tria
882 4107 1212 4167 porrojeum
1288 4098 1470 4165 primis
1527 4106 1764 4153 contem-

193 4190 404 4257 planda
436 4191 601 4244 nobis
633 4189 791 4243 offert
816 4188 1510 4255 celeberrimusinterpres:
1548 4186 1763 4241 criticas

194 4276 261 4329 in
284 4275 636 4331 Psalmorum
673 4276 923 4330 ordinem
960 4284 1136 4338 notas,
1167 4275 1651 4342 interpretationem
1676 4275 1763 4328 lit-

201 4364 465 4426 teralem,
523 4374 579 4417 et
640 4364 1062 4432 mystagogicam
1119 4362 1433 4431 explanandi
1484 4361 1659 4426 viam,
1698 4362 1763 4415 de

211 4452 411 4518 quibus
443 4466 622 4521 pauca
651 4450 940 4521 praelibare
966 4466 999 4504 e
1024 4466 1082 4505 re
1109 4449 1285 4504 fuerit.

435 4558 501 4607 ll.
529 4555 924 4607 Observationes
943 4558 1138 4615 criticze,
1159 4557 1372 4617 egregiae
1392 4560 1534 4605 notae.

270 4658 711 4716 Observationes
776 4657 991 4711 Eusebii
1045 4658 1243 4711 criticae
1272 4696 1286 4718 ,
1350 4657 1572 4725 egregiae
1625 4664 1759 4710 notae

212 4760 334 4804 sunt
377 4771 391 4805 :
420 4766 551 4804 nam
584 4758 787 4819 praeter
814 4763 875 4802 ea
899 4762 1020 4816 quae
1054 4747 1106 4800 in
1142 4747 1542 4815 praefationibus
1572 4747 1755 4800 ferun-

213 4846 313 4897 tur.
343 4854 453 4892 non
483 4837 796 4907 spernenda
831 4852 981 4899 sane,
1013 4837 1181 4889 multa
1207 4835 1625 4902 expositionibus
1646 4836 1757 4890 suis

154 4938 173 4965 ιι
216 4925 274 4977 de
305 4926 495 4979 ordine
524 4935 580 4980 et
608 4926 676 4978 de
723 4931 948 4977 auctore
1000 4923 1264 4991 Cujusque
1311 4923 1493 4990 psalmi
1536 4922 1758 4977 subinde

221 5017 504 5080 praemittit,
530 5031 653 5085 qua:
674 5016 942 5084 judicium
976 5013 1333 5083 peritiamque
1379 5014 1649 5079 scriptoris
1672 5029 1758 5067 ar-

225 5105 377 5160 guant
407 5118 421 5153 :
457 5116 562 5169 qua
594 5102 649 5154 in
697 5117 757 5156 re
787 5116 921 5156 sane
951 5100 1040 5151 vix
1069 5095 1377 5149 accuratius
1410 5101 1757 5166 sagaciusque

228 5182 467 5253 disputari
493 5206 650 5259 posse
671 5191 1026 5248 aestimabunt
1050 5183 1232 5252 periti.
1263 5180 1320 5234 In
1343 5185 1423 5238 his
1451 5197 1622 5240 autem
1654 5190 1758 5243 Eu-

233 5274 410 5341 sebius,
438 5282 527 5349 qui
554 5298 831 5352 nunquam
871 5272 1207 5341 compendio
1243 5272 1460 5333 studuit,
1512 5277 1627 5330 sine
1660 5279 1757 5331 ali-

231 5373 318 5429 quo
344 5364 548 5424 lectoris
571 5372 729 5425 taedio
758 5364 1065 5424 fastidiove
1092 5353 1360 5422 prolixius
1391 5360 1517 5426 agit.
1558 5362 1610 5413 ld
1634 5379 1757 5417 vero

225 5458 486 5513 pra-serum
523 5460 773 5518 observes
804 5458 866 5511 ίη
901 5450 1031 5516 ejus
1060 5442 1133 5494 de
1164 5438 1508 5499 Abimelecho
1553 5449 1755 5505 disser-

218 5544 403 5612 tatione,
434 5551 489 5606 in
514 5540 1022 5623 pel-quisnionibus
1055 5528 1127 5581 de
1157 5540 1290 5623 vera
1316 5527 1648 5591 Psalmorum
1672 5556 1758 5595 se-

211 5634 275 5691 rie
297 5649 341 5695 et
367 5642 427 5699 de
451 5622 700 5717 germano
723 5636 1028 5707 cuiusque
1057 5622 1363 5717 ,θξξξίθτθητ
1416 5626 1755 5696 τηλιὶηιααυε

213 5728 277 5785 υδί
301 5733 352 5789 de
370 5704 569 5806 psalmo
588 5740 639 5794 in
671 5704 961 5807 spelunca
990 5704 1238 5761 miriﬁce
1267 5706 1534 5766 edisserit.
1584 5714 1750 5771 Pede-
1791 5804 1796 5807 1

1857 4734 2125 4788 enuntiata
2151 4733 2379 4795 fuerant,
2400 4732 2492 4788 sed
2522 4734 2680 4787 etiam
2710 4750 2846 4802 quae,
2878 4735 3020 4789 haud
3048 4736 3119 4787 ita
3145 4734 3375 4789 dilucide

1857 4832 2124 4885 enarrata,
2154 4832 2373 4890 possent
2400 4823 2453 4874 in
2478 4822 2735 4876 utramvis
2765 4832 2964 4891 partem
2995 4821 3240 4877 derivari.
3266 4821 3374 4875 Nec

1857 4919 2029 4964 tutum
2087 4920 2201 4964 erat
2252 4912 2357 4965 illis
2409 4910 2735 4978 temporibus
2780 4910 3159 4978 interpretandi
3212 4911 3370 4965 aliam

1855 5002 1991 5055 inire
2034 5002 2291 5054 rationem
2323 5016 2337 5053 :
2371 5007 2515 5053 certe
2561 5015 2669 5053 non
2699 5001 2913 5068 impune
2962 4998 3059 5051 fuit
3089 4998 3372 5055 Theodoro

1856 5089 2245 5159 Mopsuesteno,
2271 5087 2411 5157 quod
2436 5088 2675 5156 neglecta
2696 5090 3052 5160 mystagogica
3082 5091 3191 5154 illa,
3223 5094 3366 5146 litte-

1856 5181 1953 5234 rali
1986 5182 2153 5234 solum
2179 5179 2491 5233 attenderet.

1922 5269 2181 5323 Cazterum
2213 5269 2355 5321 hunc
2381 5268 2697 5335 explanandi
2739 5270 2921 5333 ritum,
2972 5276 3184 5322 auctore
3213 5268 3367 5325 Chri-

1857 5368 1957 5421 sto,
1992 5356 2531 5412 commonslrantibus
2560 5359 2832 5427 apostolis,
2864 5358 3050 5413 sectati
3081 5364 3205 5411 sunt
3262 5354 3366 5409 Ec-

1856 5447 2031 5501 clesiae
2079 5446 2391 5513 scriptores.
2424 5442 2541 5497 Non
2570 5447 2727 5501 modo
2754 5450 2893 5502 enim
2924 5448 3002 5500 lex
3037 5452 3190 5499 vetus
3237 5445 3373 5514 legis

1854 5551 2002 5590 novre
2030 5537 2196 5605 ﬁgura
2228 5531 2465 5596 exstitit;
2497 5537 2591 5589 sed
2625 5540 2781 5592 etiam
2806 5554 2891 5593 res
2923 5539 2975 5590 in
3001 5536 3163 5590 veteri
3190 5534 3367 5589 Eccle—

1853 5626 1932 5679 δία
1988 5634 2168 5696 εεείεει
2229 5621 2529 5690 ιιτωεειηιὶω
2577 5628 2884 5692 nobiliores,
2934 5626 3118 5680 umbra
3170 5623 3365 5677 Christi

1852 5717 2070 5786 eiusque
2096 5707 2489 5775 diSClPulorum
2523 5724 2692 5776 erant.
2718 5716 2848 5772 Nam
2880 5717 2982 5770 hac
3016 5712 3184 5767 omnia
3223 5712 3272 5763 in
3300 5712 3363 5782 ﬁ-
