3818 6344
427 395 494 446 ετ.
1043 386 1338 444 'EUSEBII
1376 383 1844 440 CESAKIENSIS
1875 384 2023 441 OPP.
2062 376 2237 432 PARS
2274 374 2363 428 Ill.
2402 404 2471 413 -—
2507 372 2908 428 EXEGETICA.

3557 351 3634 401 24

431 509 571 576 guris
603 499 956 574 contingebant
980 506 1086 557 it'lis
1114 520 1129 557 :
1173 505 1365 570 scripta
1394 502 1512 554 sunt
1545 511 1716 553 autem
1752 502 1825 553 ad
1868 518 1957 553 no-
1988 505 2030 559 Α
2060 504 2141 547 rat
2178 491 2437 546 Eusebius
2462 488 2525 541 ad
2555 489 2809 557 psalmum
2840 474 3437 575 cxvm.Theodoretus
3464 463 3639 576 illi".

432 612 595 650 stram
625 596 1027 650 admonitionem
1054 588 1106 663 (1
1133 593 1254 648 Cor.
1291 610 1345 653 x,
1374 593 1482 662 il).
1507 590 1657 645 Unde
1688 589 1961 644 Tertullia-

436 705 537 739 nus
585 687 651 741 de
700 686 1095 741 resurrectione
1140 684 1339 745 carnis,
1392 683 1543 736 Talia
1587 682 1813 742 interim,
1865 683 1958 745 ait,

435 779 728 830 divinarum
758 777 940 829 virium
964 775 1296 834 lineamenta,
1344 790 1445 825 non
1488 773 1655 824 minus
1699 771 1961 838 parabolis

438 877 645 933 operato
674 866 799 926 Deo,
823 881 976 934 quam
1011 863 1199 915 locuto.
1231 861 1371 915 Inter
1394 862 1677 930 prephetas
1708 868 1881 913 autem
1911 869 1963 915 et

437 966 754 1024 prrestantes
786 956 948 1017 viros,
995 954 1087 1022 qui
1136 953 1188 1005 in
1222 952 1382 1005 veteri
1413 952 1527 1019 lege
1555 951 1756 1005 Christi
1784 959 1963 1019 typum

440 1060 671 1114 gessere,
705 1057 860 1095 nemo
889 1041 1107 1110 propius
1136 1054 1413 1108 personam
1438 1040 1553 1107 ejus
1582 1038 1783 1097 retulit,
1809 1053 1965 1106 quam

444 1133 632 1193 David,
664 1148 854 1200 genere
886 1132 1009 1185 item
1061 1130 1429 1200 propinquior.
1473 1129 1639 1195 Cujus
1678 1144 1785 1181 non
1810 1129 1968 1181 modo

443 1230 611 1292 gesta,
656 1222 748 1276 sed
796 1222 960 1276 etiam
1004 1221 1145 1273 dicta
1198 1221 1251 1272 in
1301 1218 1527 1273 Psalmis
1558 1219 1872 1287 praisertim,
1903 1218 1968 1270 ad

442 1314 642 1369 Christi
673 1327 953 1382 personam
998 1310 1399 1378 Ecclesiamque
1450 1310 1739 1378 pertinere,
1789 1308 1969 1361 divino

444 1404 612 1473 ipsius
650 1402 847 1456 Christi
874 1416 966 1454 ore
988 1400 1293 1455 didicimus.
1318 1398 1411 1452 Ille
1443 1413 1573 1451 vero
1600 1413 1790 1451 sensus
1810 1397 1971 1466 ἀλλη-

442 1494 781 1564 γορούμενος,
818 1492 929 1545 sive
962 1491 1386 1561 mystagogicus.
1444 1503 1548 1541 non
1583 1502 1611 1539 a
1655 1486 1973 1540 Christianis

444 1584 625 1647 modo,
656 1583 749 1636 scd
775 1583 938 1634 etiam
975 1596 1003 1633 a
1036 1580 1231 1634 Iudaeis
1254 1578 1522 1632 adhibitus
1559 1585 1641 1631 est
1689 1595 1700 1629 :
1741 1577 1839 1631 etsi
1873 1576 1969 1637 illi,

450 1682 510 1727 ut
564 1672 816 1727 obcazcati
851 1679 1010 1739 atque
1063 1670 1335 1725 sensilium
1387 1683 1563 1721 rerum
1606 1667 1743 1720 mole
1795 1667 1973 1719 obruti

447 1772 619 1823 erant,
652 1762 829 1815 omnia
864 1761 926 1814 ad
959 1776 1045 1814 res
1071 1759 1443 1827 temporarias,
1492 1758 1725 1818 divitias,
1774 1755 1969 1808 terreni

2060 586 2151 655 qui
2184 585 2496 653 plerumque
2524 553 2589 632 ab
2616 578 2913 631 Eusebiana
2941 564 3402 638 interpretatione
3457 553 3637 655 defle-

2060 677 2177 737 ctit,
2213 688 2321 726 non
2352 685 2473 723 raro
2507 678 2680 722 tamen
2716 668 2804 719 illa
2834 679 2970 734 pene
3016 661 3083 713 ad
3129 655 3371 710 verbum
3426 645 3641 737 utitur,

2062 766 2166 821 etsi
2188 761 2431 817 breviore
2460 766 2518 812 ut
2546 757 2833 826 plurimum
2865 751 3044 821 stylo:
3082 760 3211 800 nam
3236 736 3552 826 Eusebius,
3579 738 3646 826 ut

2059 855 2168 923 jam
2222 851 2477 911 diximus,
2518 821 2587 900 ita
2623 846 2858 916 prolixas
2890 838 3118 895 subinde
3148 831 3419 903 periodos
3456 821 3648 923 ducit,

2064 944 2153 996 vix
2179 950 2235 995 ut
2265 940 2456 994 seriem
2484 935 2873 1006 deprehendas,
2907 939 2958 985 et
2986 929 3077 982 ubi
3108 920 3454 980 sententiam
3486 912 3654 964 clau-

2066 1034 2155 1086 dat
2187 1046 2294 1084 non
2328 1031 2402 1082 ita
2433 1027 2583 1080 facile
2607 1024 2922 1092 comperias.
2957 1015 3157 1071 Asterii
3187 1024 3326 1065 vero
3356 1007 3657 1092 interpre-

2066 1120 2198 1171 tatio
2244 1115 2435 1184 psalmi
2487 1129 2559 1174 1v,
2618 1126 2778 1180 quam
2830 1101 3225 1163 commentario
3282 1086 3658 1184 Eusebii_in

2069 1202 2312 1261 eumdem
2347 1205 2607 1274 psalmum
2643 1199 3039 1266 subjunximus,
3087 1207 3118 1244 a
3165 1186 3422 1258 quodam
3481 1176 3667 1274 scho-

2067 1299 2224 1350 liaste
2252 1298 2459 1349 invecta
2487 1300 2590 1354 est,
2633 1290 2722 1360 qui
2763 1288 3030 1342 Asterium
3080 1282 3359 1334 Arianum
3400 1283 3542 1324 esse
3573 1269 3668 1360 in-

2069 1387 2234 1449 dicat,
2270 1385 2472 1439 scilicet
2505 1381 2795 1450 sophistam
2821 1378 2967 1431 illum
2998 1372 3433 1427 circulatorem.
3476 1360 3583 1429 qui
3606 1358 3671 1410 in

2071 1479 2206 1549 ipsis
2235 1474 2523 1529 Arianismi
2561 1470 2797 1527 exordiis
2839 1475 3024 1521 contra
3058 1460 3384 1517 catholicos
3424 1448 3676 1506 antisti-

2070 1542 2153 1626 tes
2183 1570 2468 1623 classicum
2509 1565 2753 1626 canebat,
2802 1569 2856 1616 et
2901 1559 3207 1613 doctrinam
3260 1552 3337 1605 de
3374 1547 3534 1600 Filio
3570 1542 3678 1596 Dei

2074 1659 2377 1730 spargebat,
2430 1655 2512 1711 vel
2558 1654 2671 1723 ipsa
2705 1651 2951 1704 Arianica
2984 1644 3348 1701 deteriorem.
3413 1634 3507 1687 Ex
3563 1637 3682 1684 hoc

2074 1723 2248 1804 autem
2274 1747 2561 1817 specimine
2583 1741 2967 1812 deprehendas,
3001 1735 3285 1790 Asterium
3324 1726 3557 1797 partim
3592 1723 3688 1775 lit-

447 1848 599 1916 regni
630 1847 990 1909 latitudinem,
1021 1815 1227 1899 Messias
1270 1844 1353 1898 sui
1400 1815 1719 1912 imperium,
1752 1841 1974 1896 reduce-
2003 1816 2046 1870 Β
2075 1815 2318 1898 teralem,
2354 1836 2545 1906 partim
2580 1831 2999 1901 mystagogicum
3051 1815 3491 1890 interpretandi
3551 1829 3692 1866 mo-

447 1946 567 1992 rent
600 1956 619 1991 τ
643 1953 746 2006 qua
779 1938 833 1990 in
878 1953 937 1991 re
978 1952 1005 1989 a
1032 1936 1178 2004 justa
1209 1936 1471 2004 allegorite
1499 1936 1706 1987 ratione
1748 1933 1978 1985 immane

448 2036 707 2096 quantum
738 2028 1077 2081 aberrabant.
1115 2026 1382 2095 Allegoria
1414 2028 1630 2094 quippe,
1670 2023 1856 2092 figura,
1892 2030 1975 2091 ty-

452 2135 554 2187 pus
577 2126 631 2173 et
662 2120 868 2181 umbra,
897 2120 1046 2187 signa
1074 2124 1197 2171 sunt
1220 2131 1396 2171 rerum
1429 2131 1536 2169 non
1558 2113 1864 2187 earumdem
1897 2120 1977 2163 at-

448 2225 552 2277 que
585 2210 687 2263 illa:
725 2226 841 2278 quae
886 2209 1152 2277 allegoria:
1203 2217 1275 2261 et
1301 2206 1411 2276 typi
1443 2219 1641 2259 munus
1681 2211 1973 2273 praestant:

451 2299 649 2353 atenim
700 2301 782 2353 vel
832 2300 944 2367 ipsa
993 2298 1257 2368 allegoriae
1300 2312 1422 2362 vox,
1454 2297 1604 2365 signa
1646 2293 1973 2361 hujusmodi,

449 2403 566 2442 rem
594 2388 750 2440 aliam
782 2388 933 2455 longe
960 2387 1246 2447 diversam,
1279 2386 1546 2454 disparem
1584 2390 1636 2437 et
1680 2382 1974 2451 digniorem

453 2478 759 2548 significare
810 2478 1131 2532 subindicat.
1173 2476 1338 2529 Multo
1364 2476 1527 2545 igitur
1550 2474 1888 2546 praestantior
1923 2479 1977 2527 et

449 2568 627 2623 verior
668 2569 757 2621 illa
812 2567 1239 2620 Christianorum
1290 2566 1676 2634 interpretatio,
1734 2579 1839 2632 qua
1889 2577 1979 2616 res

449 2672 735 2727 corporeas
783 2666 835 2711 et
865 2657 1167 2719 sensibiles,
1220 2656 1286 2709 ad
1321 2654 1679 2725 intelligibiles
1709 2668 1771 2707 ac
1816 2652 1979 2707 coale-

450 2757 580 2807 stes.
614 2748 865 2801 incolumi
893 2756 1065 2801 tamen
1090 2747 1277 2800 litterae
1298 2760 1478 2805 sensu,
1509 2742 1766 2797 referunt.

525 2837 635 2891 Hoc
662 2853 787 2907 ergo
820 2853 988 2906 genus
1023 2835 1408 2905 interpretandi
1439 2849 1644 2889 summe
1662 2841 1743 2888 est
1774 2832 1839 2886 ab
1868 2831 1976 2885 Eu-

452 2926 603 2980 sebio
628 2925 1038 2994 frequentatum.
1078 2924 1210 2976 Illud
1244 2932 1421 2978 autem
1449 2920 1753 2990 hujusmodi
1785 2927 1887 2983 est,
1919 2926 1979 2973 ut

453 3017 627 3071 sicubi
667 3016 870 3069 inimici
911 3016 1249 3084 insurgentes
1276 3023 1328 3067 et
1375 3013 1761 3065 tumultuantes
1800 3009 1978 3078 expri-

458 3114 696 3169 mantur,
729 3106 867 3174 quod
910 3106 964 3158 in
1006 3104 1227 3174 psalmis
1260 3101 1692 3171 frequentissime
1719 3099 1976 3159 occurrit,

2074 1946 2185 1984 rem
2216 1905 2473 1983 sectatum
2510 1942 2522 1976 :
2557 1937 2655 1975 nec
2702 1922 2770 1974 iis
2820 1918 3014 1987 ingenii
3048 1912 3457 1978 doctrinaeque
3492 1905 3695 1975 parti-

2075 2016 2176 2069 bus
2210 2014 2551 2071 instructum,
2583 2023 2700 2077 quae
2729 2007 2957 2060 fuissent
2987 2002 3055 2056 ad
3088 2009 3313 2055 tantum
3349 2010 3517 2066 Opus
3549 2007 3699 2063 per-

2078 2103 2358 2159 ficiendum
2390 2101 2543 2155 satis.
2597 2097 2921 2151 Scholiastes
2954 2108 3119 2163 porro
3166 2092 3263 2144 ille
3324 2102 3458 2142 non
3507 2087 3697 2138 Aste-

2073 2197 2210 2248 rium
2255 2191 2413 2246 modo
2461 2190 2705 2243 Arianica
2750 2189 2867 2240 labe
2912 2197 3194 2249 aspersum
3247 2179 3539 2235 indicat.
3588 2176 3701 2229 sed

2076 2286 2235 2339 etiam
2264 2281 2573 2341 Eusebium,
2617 2277 2787 2332 sicubi
2833 2276 2899 2328 ad
2952 2271 3347 2326 Arianismum
3387 2266 3699 2328 deﬂectit,

2078 2382 2137 2427 ut
2161 2372 2416 2424 Arianum
2446 2367 2696 2429 traducit,
2730 2373 2787 2419 ut
2819 2379 2917 2419 suo
2938 2364 3057 2416 loco
3079 2361 3300 2414 videas.

2073 2483 2154 2534 Vl.
2173 2479 2402 2540 .Antiquis
2439 2470 3313 2582 interpretibugtl-gquenterutitur.
3338 2466 3491 2517 LXX
3522 2466 3708 2514 Inter-

2739 2548 2773 2582 n
2879 2547 2920 2582 s.

2739 2547 2920 2597 pretes.

2143 2644 2285 2699 Nihil
2334 2651 2509 2696 autem
2561 2641 2648 2695 his
2691 2640 2747 2692 in
2795 2634 3205 2691 commentariis
3259 2632 3710 2702 praestantius,

2079 2736 2211 2790 nihil
2247 2732 2531 2803 pretiosius
2579 2727 3014 2799 frequentissimo
3048 2725 3143 2778 illo
3178 2730 3473 2778 veterum
3512 2725 3716 2776 inter-

2081 2834 2288 2896 pretum
2323 2839 2445 2881 usu.
2475 2823 2683 2876 Atenim
2716 2820 2886 2873 multo
2916 2818 3068 2885 plura
3096 2831 3165 2869 ex
3195 2815 3459 2884 Aquila,
3498 2812 3716 2868 Theo-

2079 2918 2294 2971 dotione
2348 2922 2400 2968 et
2442 2911 2762 2982 Symmacho
2811 2908 2963 2962 affert
3013 2906 3325 2969 Eusebius,
3393 2921 3595 2974 quam
3658 2906 3716 2959 in

2084 3007 2262 3060 Drusii
2313 3005 2397 3058 vel
2438 3000 2634 3055 Nobilii
2683 2998 3090 3053 collectionibus
3132 3012 3401 3066 usquam
3456 3012 3716 3065 compa-

2085 3106 2258 3159 reant,
2289 3096 2360 3147 ita
2389 3099 2448 3145 ut
2480 3091 2598 3160 ejus
2626 3088 2948 3143 adminiculo
2976 3102 3083 3140 non
3123 3102 3256 3140 raro
3284 3088 3593 3156 psalmos
3632 3090 3716 3142 ina

454 3194 510 3247 id
537 3196 619 3248 vel
644 3193 707 3246 ad
729 3192 941 3247 Iudaeos
973 3201 1160 3246 contra
1190 3191 1461 3245 Christum
1495 3189 1780 3243 frementes
1804 3196 1856 3241 et
1874 3201 1986 3239 ma-
2010 3172 2054 3230 C
2087 3196 2287 3257 tegros,
2318 3203 2382 3240 ex
2423 3182 2728 3255 Symmachi
2760 3180 2990 3234 maxime
3016 3178 3303 3240 versione,
3354 3187 3716 3235 restaurare

460 3283 773 3346 chinantes,
804 3284 883 3335 vel
907 3281 972 3334 ad
995 3280 1285 3333 Ecclesiam
1316 3281 1383 3333 ab
1412 3278 1678 3340 hostibus,
1717 3277 1920 3331 scilicet
1955 3289 1984 3326 a

465 3373 802 3442 principibus
826 3371 988 3438 hujus
1014 3369 1214 3431 saeculi,
1268 3377 1358 3419 aut
1396 3382 1424 3418 a
1456 3365 1787 3420 daemonibus
1818 3378 1988 3431 Oppu-

464 3469 699 3532 gnatam,
729 3460 811 3513 vel
839 3459 903 3511 ad
949 3458 1155 3511 fidelem
1200 3456 1428 3508 animam
1459 3461 1702 3508 vexatam
1735 3468 1763 3505 a
1794 3452 1988 3519 spiriti-

465 3551 557 3603 bus
581 3549 890 3611 immundis,
925 3548 1183 3600 referatur
1222 3564 1233 3599 :
1269 3545 1313 3598 si
1347 3546 1465 3597 laeta
1494 3550 1547 3598 et
1591 3543 1825 3610 jucunda
1864 3541 1991 3595 eﬂ'e-

463 3648 674 3701 rantur,
723 3638 927 3692 cceleSti
969 3634 1345 3704 Jerosolymte,
1396 3634 1509 3687 sive
1558 3632 1845 3694 Ecclesiae,
1896 3646 1991 3685 seu

466 3730 759 3785 Christiani
785 3726 1069 3795 cujuslibet
1096 3726 1305 3789 animae,
1330 3731 1498 3776 totum
1529 3722 1863 3776 adscribatur
1894 3738 1907 3772 :
1946 3720 1992 3773 si

472 3818 693 3873 ﬂumina
737 3814 1048 3870 inundantia
1078 3821 1461 3874 memorentur,
1509 3810 1561 3863 id
1601 3810 1666 3863 de
1707 3807 1993 3861 confluenti

468 3909 535 3963 ad
581 3906 777 3961 Christi
830 3904 1124 3959 doctrinam
1169 3902 1400 3971 gentium
1428 3897 1767 3953 multitudine
1797 3897 1993 3951 intelli-

472 4008 645 4068 gatur.
674 3997 843 4061 Quam
870 3994 1184 4064 explanandi
1218 3993 1381 4054 viam,
1404 4006 1513 4044 non
1534 3988 1794 4043 Eusebius
1815 3988 1991 4051 modo,

471 4087 569 4140 sed
608 4086 767 4141 etiam
800 4083 1114 4139 Theodorus
1161 4079 1518 4141 Heracleotes,
1558 4077 1992 4145 Chrysostomus.

473 4175 847 4229 Theodoretus
887 4180 940 4228 et
986 4172 1076 4227 alii
1106 4170 1345 4240 plerique
1377 4166 1564 4222 sectati
1614 4172 1759 4228 sunt,
1804 4177 1909 4231 qua
1939 4164 1994 4215 in

474 4272 629 4335 parte
674 4264 721 4317 si
767 4277 933 4317 unum
981 4261 1151 4329 noris,
1196 4272 1384 4315 omnes
1410 4255 1577 4309 noris.
1605 4252 1787 4321 Neque
1820 4263 1996 4306 tamen

477 4356 627 4408 inter
684 4352 1073 4421 mystagogieas
1144 4345 1608 4415 interpretationes
1660 4342 1999 4406 accensendae

475 4445 600 4505 illae,
628 4457 747 4511 quae
779 4442 1006 4493 litteram
1034 4439 1202 4507 ipsam
1225 4436 1288 4489 ad
1319 4450 1481 4487 unum
1507 4434 1774 4489 Christum
1807 4432 1994 4487 referri

2089 3279 2270 3331 liceat.
2318 3276 2442 3329 Illas
2488 3288 2651 3343 porro
2686 3271 2963 3325 versiones
3013 3267 3178 3321 modo
3210 3267 3285 3320 ad
3344 3268 3706 3325 litteralem

2091 3367 2249 3421 modo
2298 3367 2363 3419 ad
2422 3364 2834 3434 mystagogicam
2899 3358 3253 3413 asserendam
3325 3365 3716 3417 sententia"

2093 3463 2315 3524 usurpat
2347 3474 2359 3508 :
2393 3467 2773 3521 nonnunquam
2803 3450 2867 3503 ad
2907 3449 3087 3502 decem
3116 3462 3334 3503 versus
3381 3466 3522 3505 una
3571 3456 3715 3510 seri.

2092 3546 2243 3600 affert
2276 3565 2287 3597 :
2322 3544 2789 3614 expositionesque
2830 3554 3011 3593 eorum
3068 3533 3483 3608 Septuaginta
3534 3541 3716 3599 Inter

2092 3641 2299 3701 pretum
2333 3632 2568 3686 versioni
2622 3626 3019 3697 anteponendas
3074 3626 3283 3678 asserit
3313 3627 3502 3683 haud
3538 3631 3716 3688 infre

2093 3731 2335 3793 quenter.
2365 3722 2607 3790 Aquilam
2639 3718 2914 3772 Hebraicae
2938 3717 3127 3769 litterae
3152 3717 3590 3785 servientem,
3614 3723 3716 3776 δοι.

2094 3815 2311 3867 λεύοντα
2331 3816 2395 3884 τῇ
2439 3812 2694 3881 Ἐϐραῖκῇ
2724 3809 2885 3874 λέξει,
2917 3807 3002 3860 hic
3024 3815 3077 3861 et
3102 3808 3159 3860 in
3204 3811 3581 3878 evangelica
3632 3813 3716 3867 De

2096 3904 2465 3959 monstratione
2496 3902 2677 3955 multis
2706 3902 2757 3954 in
2789 3900 2923 3953 locis
2956 3905 3267 3965 nuncupat.
3312 3898 3381 3955 Is
3428 3904 3715 3959 nimiru.

2097 4000 2170 4049 ita
2217 3996 2403 4049 littera:
2445 3994 2619 4054 haesit,
2652 3998 2711 4044 ut
2742 3990 2868 4043 dum
2909 3989 3070 4043 verba
3115 3988 3437 4056 redderet,
3483 4004 3716 4051 sentem

2100 4088 2230 4138 tiam
2263 4099 2368 4139 non
2400 4084 2472 4136 ita
2502 4081 2789 4135 curaverit.
2824 4077 3204 4148 Symmachum
3258 4095 3441 4149 saepe
3480 4087 3711 4141 mira},

2101 4173 2201 4225 lem
2218 4172 2345 4225 dicit
2375 4171 2737 4237 interpretem,
2758 4166 2981 4235 ejusque
3002 4164 3261 4219 versione
3288 4170 3520 4224 utitur
3553 4175 3715 4231 liber

2099 4260 2227 4320 tius,
2259 4257 2590 4326 frequentius
2620 4263 2673 4308 et
2700 4254 2989 4322 copiosius.
3024 4251 3234 4307 Ambos
3266 4262 3512 4314 tamen
3561 4266 3665 4318 ait
3709 4269 3716 4321 i

2102 4351 2323 4419 gratiam
2352 4348 2659 4402 Iudaeorum
2704 4346 3012 4416 prophetias
3033 4343 3098 4399 de
3126 4344 3384 4401 Christo
3439 4354 3659 4410 aliam
3711 4360 3716 4411 ξ

2102 4441 2418 4496 sententiam
2474 4440 2745 4493 derivasse
2813 4456 2824 4487 :
2898 4433 3375 4506 Ἰουδαῖκώτερον,
3446 4444 3557 4499 sic
3640 4451 3715 4504 ill

476 4546 578 4586 nec
628 4529 991 4597 infrequenter
1034 4526 1414 4594 comprobant;
1454 4530 1513 4576 ut
1542 4522 1769 4591 exempli
1810 4536 1983 4583 causa,

2115 4531 2339 4593 ,Ακύλας
2370 4531 2464 4582 καὶ
2492 4530 2774 4599 Σύμμαχος
2804 4526 2898 4596 τὴν
2946 4524 3240 4596 ἑρμηνείαν
3296 4531 3716 4593 ὲκτεθείκαε

477 4634 598 4675 cum
622 4617 885 4672 Eusebius
923 4616 1183 4686 psalmum
1214 4630 1344 4675 xvu,
1375 4613 1533 4676 Deus,
1566 4610 1702 4665 Deus
1729 4628 1891 4676 meus,
1918 4628 1999 4666 re:

477 4712 615 4777 apice
640 4710 692 4760 in
725 4723 823 4768 me,
859 4706 913 4759 in
956 4718 1062 4758 uno
1094 4702 1305 4757 Christo
1336 4699 1606 4768 impletum
1636 4713 1755 4753 esse
1781 4713 1995 4753 asseve-

477 4806 562 4851 rat
594 4818 606 4851 ε
641 4798 695 4851 in
727 4797 829 4851 hoc
855 4796 997 4851 enim
1023 4801 1075 4847 et
1102 4793 1156 4845 in
1177 4790 1462 4853 similibus,
1514 4798 1570 4841 ut
1609 4803 1764 4842 nemo
1785 4803 1891 4841 non
1926 4787 2003 4839 fa-

479 4896 676 4951 teatur,
707 4901 899 4943 sensus
920 4887 1033 4954 ipse
1053 4882 1297 4936 litteralis
1325 4879 1597 4933 Christum
1620 4876 1854 4945 respicit.
1880 4876 2001 4930 Haec

481 4979 547 5033 de
578 4976 960 5045 interpretandi
991 4976 1096 5028 ritu
1120 4972 1261 5025 dicta
1290 4977 1470 5024 sunto.

606 5082 664 5130 V.
694 5082 929 5131 Eusebius
947 5081 1207 5143 Origenem
1232 5080 1470 5141 sequitur,
1498 5076 1581 5125 alii
1608 5077 1883 5125 Eusebium.

550 5162 815 5217 Caeterum
864 5160 1125 5216 Eusebius
1174 5160 1416 5229 Origenis
1462 5158 1821 5227 expositiones
1867 5155 2006 5209 haud

483 5257 713 5309 obscure
765 5258 1021 5315 sectatur,
1056 5260 1165 5304 tam
1201 5253 1342 5321 quod
1390 5250 1457 5303 ad
1489 5249 1655 5317 ipsam
1687 5245 2003 5316 explanandi

486 5345 766 5404 rationem,
816 5356 974 5411 quam
1019 5344 1160 5409 quod
1201 5345 1266 5397 ad
1292 5343 1572 5397 verborum
1606 5338 1835 5401 seriem;
1867 5346 1923 5390 ut
1952 5339 2007 5389 in

487 5431 868 5500 manuscriptis
918 5437 971 5483 et
1019 5428 1176 5483 editis
1224 5433 1427 5485 catenis
1481 5428 1657 5482 videre
1695 5433 1775 5479 est
1822 5445 1834 5478 :
1884 5438 2006 5477 nam

489 5520 908 5575 commentarios
940 5517 1187 5587 Origenis
1212 5521 1395 5587 plenos
1429 5521 1766 5587 integrosque
1804 5514 2006 5582 jamdiu

488 5610 766 5673 amisimus
799 5626 811 5661 :
847 5608 963 5676 ejus
995 5623 1154 5678 porro
1178 5608 1583 5663 commentarios
1614 5605 1781 5661 semel
1814 5618 2009 5657 memo-

558 5726 630 5785 (α)
652 5708 779 5784 Ῥυα.
797 5718 921 5775 516.

2105 4619 2154 4672 id
2179 4627 2280 4681 est,
2312 4617 2468 4670 Modo
2510 4617 2575 4668 ad
2616 4614 2894 4667 Iudaicam
2922 4613 3213 4663 doctrinam
3258 4622 3549 4688 propin;
3594 4645 3716 4681 σεε

2104 4708 2272 4769 deme,
2305 4707 2493 4774 Aquila
2524 4714 2571 4758 et
2604 4702 2941 4770 Symmachus
2982 4700 3331 4765 interpretati
3370 4724 3570 4768 sunt.
3616 4716 3716 4771 Na

2104 4798 2159 4850 in
2193 4795 2639 4849 Demonstratione
2682 4789 2971 4858 evangelica
3001 4789 3076 4857 (a)
3119 4789 3193 4841 ait
3230 4800 3626 4870 utrumque
3667 4807 3707 4861 ,ι

2107 4888 2277 4941 datum
2312 4892 2405 4938 aut
2440 4881 2837 4937 semi-Juda-um
2860 4877 3583 4947 fuisse.Tbeodotionem
3634 4915 3716 4953 ευ

2108 4977 2266 5030 laude
2314 4980 2606 5035 memorat,
2663 4978 2715 5023 et
2772 4976 3079 5022 accuratum
3137 4968 3590 5039 interpretem
3680 5006 3716 5043 ε

2110 5066 2305 5130 Quinta
2338 5062 2513 5114 minus
2539 5058 2863 5126 frequenter,
2896 5052 3054 5109 Sexta
3082 5067 3209 5106 vero
3255 5060 3651 5126 rarissime
3699 5079 3716 5130 ί

2108 5149 2578 5221 terpretationibus
2631 5147 2821 5202 utitur.
2854 5144 3018 5199 Notas
3060 5142 3113 5193 in
3161 5140 3573 5212 hujusmodi
3641 5180 3716 5220 γε

2111 5245 2290 5296 siones
2320 5254 2468 5292 raras
2492 5246 2545 5291 et
2568 5237 2915 5291 brevissimas
2935 5233 3177 5287 dedimus
3205 5248 3219 5282 :
3255 5237 3419 5300 quia
3459 5258 3504 5297 ει
3550 5260 3716 5310 In,“

2104 5334 2215 5402 jam
2266 5328 2420 5383 annis
2470 5327 2536 5380 ad
2580 5327 2935 5396 Hexaplorum
2990 5326 3240 5384 excerpta
3272 5336 3356 5378 ex
3399 5337 3716 5403 codicm

2110 5437 2230 5475 cum
2286 5418 2443 5473 editis
2491 5425 2603 5472 tum
2660 5412 3037 5481 manuscriptis
3077 5408 3423 5475 colligenda
3464 5432 3716 5492 anim.

2111 5507 2290 5576 appuli
2339 5525 2354 5559 :
2403 5508 2652 5577 quodque
2706 5502 2869 5559 habui
2928 5498 3135 5553 caeteris
3181 5514 3314 5567 quae
3374 5516 3716 5582 tractat):

2114 5600 2232 5662 otii,
2270 5599 2397 5653 huic
2430 5598 2717 5668 provincia:
2767 5591 3075 5651 consecravi
3109 5610 3122 5645 :
3158 5600 3207 5645 et
3240 5592 3374 5661 jam
3419 5611 3658 5671 tanta
3700 5638 3716 5675 ε

2088 5788 2152 5817 ξ..ιὲ
2214 5804 2226 5809 ε
2293 5804 2298 5808 ·
2358 5797 2363 5801 ”
2396 5798 2407 5803 ⁴
