3818 6440
132 407 204 459 15

951 380 1481 445 COMMENTARIA
1516 385 1579 441 1N
1616 388 1961 453 PSAIMOS.
1994 430 2061 441 -
2089 388 2623 453 PRAELIMINARIA.

150 511 300 567 md‘
323 502 539 548 παῖδεὶο
565 480 717 546 (λεια
748 502 868 560 est,
897 506 970 552 ut
997 503 1314 574 quadruplo
1367 509 1554 563 saltem
1604 508 1746 577 plur:

1869 511 2037 581 Θρασὺ
2068 513 2158 565 καὶ
2188 507 2470 581 προπετές,
2497 504 2720 559 arbitror
2751 507 2885 562 illud
2919 522 3051 574 esse,
3078 518 3409 581 pronuntiare

174 601 345 663 “ges
360 598 452 639 nos
472 582 805 647 habeamus,
832 585 1019 658 quam
1044 593 1302 650 Nobilius
1325 605 1382 649 et
1408 596 1627 651 Drusius
1656 602 1769 655 edi-

174 682 378 739 derint.
424 675 521 731 liis
561 676 888 746 propediem
947 694 1290 752 postremam
1326 688 1611 745 admovere
1646 708 1768 747 ma-

174 783 519 838 num.eaque
537 767 819 837 publicare
851 774 1084 831 animus
1113 778 1421 843 est.Quare
1451 794 1479 832 a
1509 780 1769 848 prolixio-

163 863 343 916 ribus
387 860 442 914 in
490 867 695 915 veteres
752 860 1099 932 interpretes
1136 870 1285 923 notis
1314 871 1562 924 consulto
1600 870 1769 925 absti-

171 953 433 1012 nuimus,
457 968 524 1006 ne
550 952 649 1006 sub
684 951 805 1007 haec
836 964 1026 1010 actum
1065 971 1227 1027 agere
1256 974 1589 1027 cogeremur.

264 1043 351 1096 Ait
380 1041 642 1097 Eusebius
672 1042 1038 1115 Septuaginta
1081 1045 1410 1117 Interpretcs
1445 1064 1564 1103 cum
1586 1048 1766 1105 Ptole-

164 1134 310 1187 mi
327 1133 661 1202 Philadelphi
688 1142 941 1204 tempore
974 1137 1253 1192 vertendis
1283 1136 1573 1206 Scriptura:
1601 1154 1767 1193 sacrae

154 1223 344 1277 libris
374 1238 596 1291 operam
630 1223 854 1289 darent,
880 1228 1004 1281 loca
1053 1228 1324 1296 quaedam,
1359 1231 1513 1297 queis
1565 1226 1766 1283 Christi

152 1322 339 1367 ortus
390 1313 638 1382 apertius
693 1316 1184 1384 praenuntiaretur,
1230 1332 1297 1371 ne
1337 1317 1391 1370 in
1437 1315 1761 1380 Graecorum,

146 1405 386 1471 quibus
415 1404 601 1457 versio
635 1406 960 1473 parabatur,
993 1406 1245 1459 notitiam
1271 1407 1536 1467 venirent,
1571 1406 1764 1459 obscu—

142 1507 300 1547 rius
328 1494 730 1561 interpretatos
786 1512 928 1551 esse.
967 1495 1086 1562 Qua
1128 1498 1194 1550 de
1228 1512 1284 1550 re
1322 1495 1594 1549 adeundus
1628 1496 1758 1564 ipse.

141 1600 307 1637 cum
349 1586 545 1653 psalmi
590 1601 827 1650 Lxuvt,
866 1586 1240 1641 Fundamenta
1282 1587 1393 1655 ejus
1427 1587 1478 1639 in
1507 1586 1761 1639 montibus

142 1678 401 1739 sanctis,
436 1678 848 1746 expositionem
892 1679 1023 1733 edit.
1058 1678 1166 1734 Nec
1196 1680 1408 1733 silentio
1437 1678 1759 1731 mittendum

138 1776 282 1829 est,
310 1766 613 1821 Eusebium
642 1784 893 1838 persaepe
918 1769 1214 1839 Scriptura:
1248 1785 1412 1824 sacrae
1436 1770 1551 1823 loca
1577 1785 1752 1832 secus,

144 1872 343 1924 quam
376 1858 428 1910 in
460 1859 883 1926 exemplaribus
916 1859 1195 1914 hodiernis
1253 1860 1521 1928 leguntur,
1550 1859 1757 1924 afferre,

143 1946 375 2013 partim
438 1948 592 2014 quod
657 1949 992 2017 exemplaria
1055 1965 1149 2003 sua
1208 1952 1410 2002 variam
1467 1948 1748 2002 lectionem

146 2034 523 2100 praeferrent,
569 2036 781 2103 partim
848 2036 991 2105 quod
1050 2038 1139 2091 ille
1200 2052 1580 2106 nonnunquam
1634 2037 1749 2090 sine

150 2123 375 2189 praevia
438 2123 759 2178 monitione
810 2125 1043 2178 aliorum
1098 2126 1444 2195 interpretum
1495 2127 1750 2181 lectiones

162 2209 482 2263 admisceat
520 2230 537 2265 :
574 2212 782 2280 partim
817 2213 977 2266 etiam
1013 2215 1153 2281 quod
1198 2216 1509 2283 plerumque
1551 2230 1750 2267 memo-

164 2302 309 2355 riter
342 2300 773 2371 Scripturarum
807 2304 948 2357 dicta
982 2306 1245 2369 enuntiet,
1277 2321 1340 2360 ac
1378 2321 1670 2376 synonyma
1698 2316 1749 2362 et

168 2398 434 2444 extranea
471 2391 649 2446 verba
686 2391 1000 2447 interscrat.

818 2502 1045 2556 CAPUT
1087 2502 1151 2557 ν.

339 2607 407 2647 ιε
435 2608 614 2649 [IDUS
649 2607 961 2647 DOCTRINAM
995 2609 1380 2649 SPECTANTIBUS
1412 2610 1465 2648 IN
1494 2610 1590 2650 HOC

784 2678 1183 2716 (ΞΟὶΙὶιῐ-ΖΝΪΔΒΙΟ.

180 2766 240 2825 Ι.
268 2770 331 2823 In
367 2772 723 2839 scriptoribus
756 2774 925 2825 sacris
956 2789 1019 2825 nc
1052 2774 1319 2824 minimum
1355 2774 1532 2826 vitiant
1562 2773 1750 2827 admit-

260 2841 321 2891 tit
347 2838 753 2911 Eusebius._ll.
782 2840 1103 2911 Sanctorum,
1124 2842 1307 2911 merita
1341 2842 1483 2894 nobis
1513 2843 1751 2911 prodesse

256 2919 428 2964 vitat.
464 2908 586 2961 III.
633 2909 829 2978 Veram
864 2908 1061 2963 Christi
1089 2910 1140 2978 in
1168 2908 1751 2978 Eucharistia'prtcsen-

256 2979 387 3029 tiam
409 2978 676 3030 declarat.
710 2976 814 3033 IV.
844 2978 983 3042 Quid
1013 2978 1076 3030 de
1109 2977 1266 3029 libero
1296 2976 1747 3033 arbitrio’sentiat.

266 3043 326 3097 γ.
364 3046 615 3098 Gratiam
656 3046 1030 3112 indiﬁ'erentiw
1061 3046 1130 3097 ad
1162 3046 1478 3105 utrumlibet,
1512 3064 1600 3100 seu
1640 3064 1751 3100 ver-

252 3117 486 3194 satilem,
508 3115 693 3194 docet.
715 3113 811 3166 Vl.
849 3114 919 3167 Et
952 3113 1453 3182 prwdcstinationem
1479 3125 1591 3183 post
1616 3130 1751 3194 prte-

249 3193 364 3236 visa
387 3193 604 3236 merita.

247 3291 411 3347 Haud
468 3294 755 3362 ingratum
806 3293 995 3346 lectori
1054 3292 1166 3347 fore
1210 3308 1508 3362 speramus,
1557 3296 1600 3349 si
1633 3311 1751 3365 quae

174 3384 420 3447 sparsim
450 3384 739 3451 variisque
774 3383 828 3435 in
864 3382 1021 3443 locis,
1050 3398 1158 3451 quo
1208 3383 1318 3439 fors
1363 3385 1504 3447 tulit,
1536 3386 1751 3440 inducta

172 3485 301 3525 sunt
357 3473 635 3527 doctrinae
684 3474 887 3541 capita,
935 3472 1023 3524 hic
1076 3472 1130 3525 in
1180 3489 1345 3527 unum
1393 3475 1615 3529 collecta
1652 3476 1751 3544 ipsi

167 3561 505 3623 aderamus,
536 3578 669 3616 cum
710 3562 777 3615 ad
813 3577 1031 3614 manum
1062 3563 1215 3617 nobis
1246 3564 1317 3617 sit
1348 3578 1433 3626 ea,
1465 3580 1583 3632 quin
1617 3566 1753 3619 assi-

166 3644 286 3697 dua
337 3648 676 3702 tractatione
723 3648 851 3701 hinc
887 3646 1013 3701 inde
1040 3647 1426 3718 decerpsimus,
1457 3666 1562 3703 una
1608 3666 1753 3704 com-

165 3736 379 3799 plecti;
424 3744 485 3789 ut
533 3737 731 3790 labore
779 3737 1038 3790 diuturno
1077 3745 1227 3805 parta
1273 3738 1526 3792 harumce
1574 3754 1750 3793 rerum

165 3823 398 3888 notitia,
467 3825 713 3879 eruditis
780 3826 1007 3896 ingrata:
1069 3826 1473 3894 perquisitionis
1537 3828 1750 3882 taedium

162 3909 345 3968 levet.

226 4018 269 4068 ι.
297 4019 362 4068 In
384 4021 721 4085 scriptoribus
746 4021 899 4131 sacri}?
933 4022 1262 4130 nebminimum
1290 4022 1455 4074 vitium
1485 4025 1694 4074 admittit

904 4097 991 4131 use
1028 4097 1118 4131 ius.

904 4097 1118 4132 USCDIUS.

227 4184 522 4240 Estimat
556 4184 830 4240 Eusebius
879 4202 991 4239 non
1042 4188 1159 4240 sine
1208 4187 1429 4241 audacia
1461 4188 1750 4242 eltemeri-

95 4277 281 4329 hate
321 4276 482 4329 credi
514 4290 706 4345 posse,
751 4275 1048 4343 scriptores
1090 4276 1230 4341 illos,
1263 4276 1354 4345 qui
1385 4274 1596 4330 atllante
1642 4275 1751 4330 Nu-

110 4366 317 4419 mine
371 4366 605 4421 divinas
658 4364 819 4419 nobis
874 4365 1085 4419 litteras
1110 4366 1548 4426 transmiserunt,
1581 4365 1660 4419 vel
1694 4366 1750 4418 in

144 4450 425 4508 minimis
464 4470 724 4519 errasse;
762 4454 836 4506 ita
876 4461 936 4505 ut
963 4453 1125 4507 etiam
1158 4469 1350 4507 nomen
1383 4467 1485 4521 pro
1525 4453 1627 4506 alio
1663 4453 1745 4507 vel
1779 4487 1818 4541 ι)

158 4553 223 4592 ex
256 4542 654 4612 imprudentia
688 4543 772 4597 vel
802 4558 865 4597 ex
897 4541 1245 4611 incogitantia
1271 4543 1661 4598 substituerint.
1689 4542 1744 4595 Id

158 4628 374 4687 diserte
430 4634 532 4695 ait,
586 4632 935 4703 explanando
963 4634 1198 4686 ‘titulum
1241 4634 1431 4701 psalmi
1470 4648 1661 4700 χχχιιι,
1692 4634 1745 4687 in

158 4734 266 4785 quo
314 4722 536 4775 dicitur
567 4723 893 4775 immutasse
937 4721 1108 4774 David
1154 4723 1355 4775 vultum
1384 4738 1538 4777 suum
1567 4738 1745 4776 coram

160 4806 494 4864 Abimelech
557 4830 572 4863 :
632 4810 1091 4865 ubiAchimelech
1142 4811 1442 4879 legendum,
1491 4821 1648 4882 atque
1692 4813 1745 4866 in

162 4900 612 4967 exemplaribus,
643 4900 759 4949 beth
822 4913 878 4951 tn
934 4895 1067 4961 caph
1117 4907 1372 4951 mutatum
1408 4900 1572 4955 fuisse
1598 4909 1746 4970 putat

171 4979 449 5042 Eusebius
482 5007 495 5042 :
528 4986 679 5057 quod
731 5002 864 5039 sane
915 4986 990 5038 ob
1042 4986 1335 5041 litterarum
1370 4987 1481 5044 brth
1528 4998 1580 5043 et
1608 4992 1736 5063 cap't

182 5071 315 5131 inter
340 5093 403 5131 se
434 5076 749 5138 aﬂinitatem
775 5074 1049 5143 perfacile
1075 5072 1192 5127 fuit.
1218 5074 1347 5128 Tum
1376 5077 1533 5130 allata
1561 5093 1744 5132 eorum

195 5168 449 5221 sententia
474 5168 567 5237 qui
595 5168 869 5227 dicerent,
908 5158 1258 5215 Achimelech
1286 5181 1378 5231 pro
1412 5168 1574 5223 Achis
1605 5171 1747 5239 posi-

201 5261 289 5311 tum
334 5256 513 5328 fuisse,
549 5260 738 5328 ibique
764 5255 856 5323 agi
890 5251 969 5305 de
1000 5249 1224 5304 Davidis
1263 5252 1314 5304 in
1355 5253 1485 5309 Geth
1515 5260 1747 5328 peregri-

184 5345 393 5419 natione,
426 5353 520 5408 ub,-
549 5364 679 5406 ευιη
710 5338 1054 5414 periculum
1105 5337 1288 5404 capitis
1320 5338 1633 5405 immineret,
1665 5344 1747 5397 ἰιιρ

168 5433 345 5511 ﬁniam
390 5448 487 5506 me
546 5432 879 5501 simulavit,
920 5433 985 5476 et
1042 5424 1337 5478 immutavit
1360 5430 1557 5484 vultum
1589 5448 1744 5487 suum

150 5516 304 5615 “mm
324 5543 496 5606 Ach“
538 5544 681 5600 rege
734 5516 900 5575 Geth
1154 5514 1205 5566 in
1236 5515 1746 5615 adversum-reponit

168 5570 304 5615 ‘tmm
324 5570 494 5606 Acme
538 5570 679 5600 ιυῠν
740 5570 773 5575 ν
932 5570 939 5573 -
1042 5598 1053 5608 ο
1361 5605 1373 5616 .
1410 5570 1415 5571 ,
1484 5570 1487 5571 ν
1542 5570 1745 5589 __r'____

136 5578 215 5707 me
246 5675 257 5686 .
287 5627 344 5706 Α)
370 5652 471 5713 ego
502 5622 713 5684 audax
741 5613 1238 5669 τεπιεναηηηιίιαε
1268 5602 1486 5669 facinus,
1514 5606 1666 5676 ἔργον
1691 5610 1751 5663 δι

186 5711 329 5853 (αισι,
354 5711 433 5812 ﬂe
460 5712 951 5812 Pm’Paratione
974 5720 1196 5774 evang,
1227 5726 1274 5776 p.
1301 5711 1417 5764 575.

1870 602 2185 669 conﬁdenter
2210 601 2437 653 divinam
2481 594 2802 665 Scripturam
2835 599 3043 665 lapsam
3075 620 3203 668 esse,
3234 616 3281 658 et
3304 607 3406 658 tale

1869 691 2045 742 vitium
2087 690 2348 757 pra’ferre,
2373 697 2428 740 ut
2453 704 2545 755 pro
2567 688 2675 741 viro
2699 689 2989 758 alienigena
3026 692 3265 747 sacerdos
3297 694 3402 745 Do-

1868 779 1991 830 mini
2019 788 2258 845 ponatur,
2290 794 2403 829 cum
2450 777 2673 830 maxime
2706 777 2965 831 chraica
3009 778 3158 834 lectio
3199 790 3247 833 et
3278 782 3400 834 reli-

1865 866 1951 934 qui
1982 868 2274 933 interpretes
2315 880 2485 916 omnes
2527 864 2846 918 Achimelech
2878 865 3265 935 circumferant.
3295 858 3395 921 Ubi

1865 962 2017 1009 notes
2078 955 2232 1008 velim
2284 952 2595 1006 Hebraicam
2650 953 2930 1006 lectionem
2982 954 3141 1010 hodie
3178 942 3395 1037 15139;“

1864 1040 2225 1103 circumferre,
2253 1050 2303 1094 et
2331 1041 2384 1094 in
2426 1040 2624 1094 Graecis
2660 1040 2847 1095 Bibliis
2883 1042 3164 1113 Ἀϐιμέλεχ
3202 1061 3214 1075 ·
3253 1044 3394 1098 unde

1863 1137 2005 1199 patet
2031 1130 2241 1185 Eusebii
2265 1130 2587 1198 exemplaria
2617 1130 2880 1183 diversam
2916 1132 2982 1184 ab
3002 1147 3083 1197 ea,
3112 1149 3229 1200 qua:
3251 1149 3395 1187 nunc

1863 1217 2104 1280 habetur,
2141 1217 2421 1271 lectionem
2474 1217 2793 1285 praetulisse.
2867 1212 2991 1268 Utut
3053 1235 3180 1273 vero
3228 1222 3296 1275 sit
3326 1221 3393 1276 de

1863 1305 2076 1360 Eusebii
2110 1306 2162 1359 in
2195 1313 2541 1359 memoratum
2573 1306 2788 1359 titulum
2823 1308 3095 1376 Opinione,
3128 1325 3245 1379 qua!
3276 1310 3387 1363 foro

1860 1397 2020 1450 tassis
2053 1412 2158 1449 non
2204 1397 2449 1450 omnibus
2481 1398 2739 1466 placitura
2788 1406 2889 1460 est,
2940 1406 3090 1467 putat
3118 1416 3246 1455 sane
3302 1401 3392 1455 ille

1860 1483 2011 1537 nefas
2053 1498 2172 1538 esse
2202 1483 2408 1547 vitium,
2442 1485 2486 1538 si
2517 1485 2659 1553 quod
2688 1485 2769 1539 vel
2803 1487 3081 1540 minimum
3112 1490 3303 1555 subsit,
3336 1491 3389 1546 in

1859 1574 2169 1642 scriptorem
2201 1587 2412 1625 sacrum
2443 1572 2745 1627 refundere.

2036 1679 2096 1729 ll.
2121 1681 2399 1729 Sanctorum
2421 1683 2593 1729 merita
2617 1682 2752 1731 nobis
2777 1684 3009 1744 prodesse
3037 1689 3189 1746 putat.

1791 1835 1831 1891 Β
1925 1805 2013 1857 Ait
2051 1820 2157 1858 non
2202 1806 2365 1859 semel
2394 1805 2654 1861 Eusebius
2683 1816 3013 1872 sanctorum,
3044 1810 3156 1864 sive
3185 1819 3388 1882 marty-

1862 1909 1998 1959 rum,
2020 1895 2131 1949 sive
2153 1896 2375 1947 aliorum
2398 1895 2503 1950 Deo
2515 1908 2847 1966 acceptorum
2880 1898 3153 1952 hominum
3174 1900 3385 1963 merita,

1849 1983 2087 2037 subsidio
2123 1984 2261 2052 apud
2306 1984 2468 2038 Deum
2499 1986 2653 2041 nobis
2675 2002 2813 2041 esse.
2866 1987 2954 2042 Sic
2983 1989 3118 2057 psal.
3160 2004 3386 2055 LXXVIII,

1844 2084 1981 2124 vers.
2006 2072 2104 2127 10:
2133 2074 2214 2125 Ad
2236 2073 2343 2128 htec
2362 2075 2415 2127 in
2434 2078 2663 2145 precibus
2687 2080 3288 2145 tempore'persecutionis
3306 2079 3389 2133 di-

1845 2162 2006 2214 cenda
2050 2164 2390 2228 instituimur,
2429 2164 2715 2218 hostiarum
2765 2176 2813 2220 et
2835 2167 3248 2221 holocaustorum
3277 2170 3387 2223 loco

1845 2251 2140 2317 sanguinem
2159 2260 2453 2304 sanctorum
2474 2262 2759 2323 martyrum
2774 2266 3194 2323 proponentes,ac
3204 2256 3387 2324 hujus-

1846 2338 1984 2391 modi
2002 2341 2394 2408 supplicationes
2408 2344 2687 2397 emittentes
2705 2346 2794 2408 ,iet
2811 2360 2949 2399 vers.
2975 2347 3029 2398 11
3053 2365 3065 2399 :
3095 2345 3203 2399 Nos
3227 2348 3387 2415 siqui-

1845 2427 1958 2481 dem
1981 2445 2078 2482 non
2094 2430 2235 2499 digni
2260 2432 2421 2486 habiti
2448 2450 2625 2487 sumus
2644 2437 2730 2502 qui
2748 2436 2815 2487 ad
2845 2437 2999 2503 finem
3021 2452 3176 2505 usque
3189 2446 3409 2490 certare-

1845 2533 1980 2579 mus,
2004 2534 2065 2570 αι
2082 2534 2172 2585 pro
2196 2520 2300 2574 Deo
2330 2524 2625 2591 sanguinem
2643 2524 3005 2591 funderemus;
3033 2527 3120 2578 sed
3140 2527 3259 2595 quia
3285 2527 3386 2595 filii

1845 2620 2022 2658 sumus
2054 2622 2228 2660 eorum
2262 2611 2349 2678 qui
2375 2611 2482 2662 hac
2521 2622 2636 2663 sunt
2670 2613 2920 2681 perpessi,
2952 2614 3139 2665 virtute
3176 2624 3383 2682 patrum

1850 2703 2143 2749 nostrorum
2172 2701 2364 2763 ornati,
2401 2715 2672 2768 precamur
2700 2711 2754 2755 ut
2785 2703 2992 2757 illorum
3031 2705 3200 2773 gratia
3230 2704 3381 2757 mise-

1850 2784 2130 2837 ricordiam
2163 2803 2554 2856 consequamur.

1910 2893 1991 2942 Ill.
2013 2894 2186 2945 Veram
2204 2897 2374 2947 Christi
2394 2900 2441 2947 in
2462 2900 2753 2949 Eucharistia
2774 2903 3077 2964 praesentiam
3090 2905 3318 2952 declarat.

1922 2995 2113 3051 Veram
2160 2997 2359 3054 Christi
2420 3000 2473 3053 in
2521 3001 2857 3058 Eucharistia
2916 3007 3248 3073 praesentiam
3308 3005 3381 3075 (a)

1851 3085 2127 3154 proﬁtetur
2172 3103 2292 3142 cum
2341 3090 2482 3143 hunc
2553 3106 2759 3146 versum
2823 3095 3129 3161 eXplicans.
3182 3094 3383 3149 Cibavit

1776 3170 1931 3231 Ceos
2012 3191 2075 3229 ea:
2137 3177 2285 3245 adipe
2322 3179 2588 3245 frumenti,
2622 3190 2671 3233 et
2718 3181 2780 3234 de
2823 3193 2970 3249 petra
3021 3184 3169 3237 melle
3232 3194 3380 3237 satu-

1849 3267 1982 3317 ravit
2038 3282 2123 3318 eos
2169 3266 2340 3335 (Psal.
2390 3282 2553 3329 LXXX,
2606 3269 2713 3338 17),
2765 3271 2889 3323 ait:
2929 3272 3081 3323 Κατὰ
3143 3273 3294 3325 τοῦτο
3324 3275 3383 3326 δὲ

1850 3355 2078 3424 ἐπλήρου
2129 3353 2460 3417 καταξιώσας
2490 3358 2680 3418 αὐτοὺς
2710 3358 2805 3427 τῆς
2841 3360 3040 3421 οἰκείας
3066 3362 3287 3431 τροφῆς,
3318 3364 3380 3415 οὐ

1852 3444 2005 3513 μόνον
2030 3444 2355 3512 σωματικῆς,
2380 3443 2509 3494 ἀλλὰ
2529 3446 2619 3495 καὶ
2641 3446 2736 3514 τῆς
2767 3447 3073 3517 ἐπουρανίου
3108 3450 3196 3501 καὶ
3224 3467 3381 3502 πνευ-

1852 3533 2098 3601 ματικῆς,
2118 3531 2345 3600 ὁπηνίκα
2371 3531 2598 3603 πρώτοις
2619 3534 2796 3596 αὐτοῖς
2819 3536 3070 3606 ἐπεδήμει
3096 3540 3123 3590 ὁ
3155 3540 3380 3608 Χριστὸς

1848 3618 1936 3670 τοῦ
1974 3617 2124 3681 Θεοῦ,
2156 3619 2352 3692 τροφὴν
2395 3619 2570 3680 αὐτοῖς
2613 3624 2867 3695 παρεῖχεν
2917 3623 3004 3676 τὸν
3067 3625 3380 3695 ἐπουράνιον

1849 3709 2023 3777 ἄρτον,
2052 3709 2269 3760 ΑΥΤΟΣ
2299 3709 2588 3772 ΕΑΥΤΟΝ,
2620 3710 2671 3763 id
2689 3721 2803 3765 est:
2833 3711 2973 3765 Tunc
2994 3729 3147 3781 porro
3170 3718 3381 3785 proprio

1849 3796 1966 3849 illas
2009 3795 2119 3849 cibo
2153 3798 2341 3863 replere
2372 3798 2608 3868 dignatus
2642 3809 2738 3863 cst,
2773 3817 2871 3853 non
2906 3817 3148 3868 corporeo
3187 3804 3376 3869 solum,

1850 3885 1937 3938 sed
1965 3887 2120 3938 etiam
2159 3888 2349 3940 cwlesti
2380 3899 2428 3940 et
2453 3889 2737 3957 spirituali,
2768 3906 2885 3942 cum
2915 3891 2981 3943 ad
3019 3892 3156 3960 ipsos
3186 3895 3378 3961 primos

1849 3972 2083 4028 Christus
2118 3975 2207 4029 Dei
2230 3980 2582 4047 peregrinatus
2613 3989 2711 4043 est,
2747 3990 2896 4048 atque
2941 3982 2992 4033 in
3040 3982 3209 4035 cibum
3250 3985 3377 4050 ipsis

1849 4066 2094 4120 cazlestem
2137 4083 2339 4135 panem,
2368 4070 2474 4131 ipse
2523 4069 2865 4135 semetipsum,
2910 4069 3068 4122 dedit.
3118 4072 3196 4125 Ad
3236 4074 3379 4141 psal-

1848 4170 1993 4207 mum
2027 4170 2153 4209 vero
2194 4172 2373 4219 xxxvi,
2401 4156 2509 4210 haec
2553 4157 2712 4210 habet
2747 4175 2761 4211 :
2797 4159 3153 4230 Κατατρυφᾷν
3189 4161 3244 4214 δὲ
3285 4159 3376 4216 τοῦ

1848 4239 2045 4309 Κυρίου
2058 4241 2332 4311 δυνήσεται
2349 4239 2378 4290 ὁ
2395 4242 2491 4310 τῆς
2510 4242 2682 4311 ψυχῆς
2711 4242 2779 4295 τὰ
2808 4246 3124 4318 αἰσθητήρια
3150 4249 3378 4302 κεκαθα-

1853 4328 2123 4397 ρισμένος,
2157 4328 2229 4391 ὡς
2260 4330 2509 4382 δύνασθαι
2557 4332 2751 4383 ἐσθίειν
2779 4332 2865 4384 τὸν
2891 4331 3062 4395 ζῶντα
3098 4338 3254 4408 ἄρτον
3285 4341 3379 4393 καὶ

1848 4417 1942 4478 τὰς
1973 4416 2256 4480 ζωοποιοὺς
2288 4418 2445 4471 αὐτοῦ
2480 4420 2703 4488 σάρκας,
2738 4423 2907 4475 πίνειν
2943 4440 3001 4475 τε
3032 4426 3090 4478 τὸ
3118 4430 3376 4499 σωτήριον

1846 4505 2005 4557 αὐτοῦ
2054 4501 2205 4575 αἷμα.
2259 4507 2473 4570 Τούτοις
2513 4510 2837 4578 τρεφόμενος
2884 4513 2975 4564 καὶ
3017 4516 3371 4585 πιαινόμενος,

1843 4596 1939 4664 τῆς
1990 4595 2167 4647 ἐνθέου
2222 4595 2387 4667 μέθης
2433 4596 2731 4658 ἀπολαύων,
2772 4601 3223 4667 κατατρύςεησον
3271 4603 3382 4655 τοῦ

1844 4685 2077 4751 Kvplov,
2108 4684 2159 4737 id
2207 4692 2289 4739 est
2316 4706 2327 4739 :
2359 4684 2613 4737 Delectari
2647 4695 2816 4738 autem
2844 4688 2896 4740 in
2928 4688 3144 4743 Domino
3167 4691 3375 4752 valebit,

1843 4778 2071 4846 quisquis
2104 4777 2290 4829 anima?
2314 4775 2542 4829 sensibus
2568 4778 2711 4843 puris
2741 4779 3070 4846 purgatisque
3093 4779 3266 4844 fuerit,
3293 4779 3373 4830 ita

1843 4875 1899 4917 ut
1923 4882 2103 4933 panem
2134 4869 2296 4920 vivum
2321 4877 2368 4920 et
2406 4867 2629 4933 viviﬁcas
2654 4882 2833 4920 carnes
2862 4868 2972 4935 ejus
3004 4867 3149 4920 edere
3185 4870 3367 4936 possit,

1844 4973 1905 5008 ac
1947 4957 2226 5010 salutarem
2259 4961 2369 5023 eius
2409 4954 2573 5007 bibere
2615 4956 2931 5023 sanguinem.
2986 4955 3084 5008 His
3116 4960 3373 5012 enutritus

1842 5058 1887 5100 et
1920 5049 2281 5116 impinguatus,
2308 5049 2479 5103 divina
2511 5050 2686 5119 {ruens
2702 5051 2962 5111 ebrietate,
2994 5065 3012 5098 Ι
3039 5048 3288 5104 delectare
3313 5050 3372 5104 in

1843 5136 2081 5192 Domino.
2121 5158 2138 5190 ι

2138 5246 2219 5296 IV.
2247 5248 2370 5307 Quid
2392 5250 2452 5297 de
2475 5248 2631 5297 libero
2655 5249 2850 5297 arbitrio
2873 5247 3068 5297 sentiat.

1912 5347 2161 5402 Liberum
2179 5348 2455 5402 arbitrium
2482 5348 2537 5400 in
2557 5347 2773 5402 homine
2792 5348 2857 5402 ad
2882 5348 3081 5402 bonum
3106 5347 3368 5402 malumve

1842 5439 2175 5508 deligendum
2225 5438 2303 5491 sic
2350 5437 2579 5504 explicat
2618 5439 2726 5502 ille,
2762 5440 2825 5494 ad
2878 5440 3138 5510 psalmum
3176 5452 3315 5490 xxxx
3348 5454 3363 5491 :

1855 5527 2191 5589 ιΑκαλύπτως
2223 5525 2276 5577 δὲ
2299 5526 2326 5575 ὁ
2352 5523 2581 5589 τοιοῦτος
2612 5527 2862 5592 ἐξέδωκεν
2891 5526 3077 5581 ἑαυτὸν
3101 5528 3166 5596 τῇ
3193 5526 3361 5611 ἔμας)-

1840 5617 1947 5687 τίᾳ,
1967 5617 2040 5679 ὡς
2072 5614 2162 5667 καὶ
2198 5611 2262 5663 τὰ
2297 5612 2511 5679 ῥήματα
2548 5614 2637 5668 τοῦ
2672 5616 2927 5686 στόματος
2951 5611 3111 5667 αὐτοῦ
3142 5610 3367 5681 ἀνομίαν
