3818 6430
155 415 260 490 1‘9

978 413 1489 473 COMMENTARIA
1523 415 1588 470 IN
1631 419 1983 481 PSALMOS.
2022 457 2090 467 —
2127 419 2663 481 PRELIMINARIA.

3360 434 3428 487 50

266 519 1166 615 S‘fﬁmfgfffﬁntfﬁusebii.
1196 530 1522 615 XVI_.£gre
1548 533 1791 615 defendi-
1819 547 1864 599 Α
1890 550 2111 611 occupat
2160 541 2443 602 Eusebius,
2488 536 2619 591 dum
2668 541 2741 593 ait
2798 539 2867 591 ad
2920 541 3183 603 psalmum
3228 545 3424 615 Asaphi

264 590 813 651 tur.XVll.Ariauum
845 601 1086 664 probant
1104 613 1214 655 tam
1237 613 1383 673 gesta
1407 590 1788 675 quamséripta.

210 711 249 760 ι,
282 708 421 755 Varia
438 703 559 753 circa
580 702 797 753 Eusebii
823 706 892 755 de
919 708 1059 758 Filio
1085 711 1182 761 Dei
1214 711 1481 762 doctrinam
1515 714 1788 774 opiniones.

281 789 491 845 Iamdiu
517 790 658 843 inter
705 788 909 845 doctos
957 793 1325 863 disceptatum
1373 806 1475 861 est,
1501 815 1619 868 quae
1665 814 1791 853 vera

206 885 385 940 fuerit
408 883 615 937 Eusebii
649 880 1023 953 Caesariensis
1048 888 1117 941 de
1160 886 1299 943 Filio
1331 890 1427 945 Dei
1455 892 1667 959 opinio;
1701 893 1791 945 alii

212 977 367 1030 enim
405 975 668 1028 catholice
714 976 970 1031 sensisse
1024 978 1348 1043 defendunt,
1376 997 1476 1036 nec
1520 982 1791 1051 quidpiam

214 1066 438 1118 Arianae
468 1065 598 1117 labis
626 1065 681 1118 in
712 1066 944 1135 scriptis
990 1067 1115 1136 ejus
1150 1068 1477 1138 deprehendi
1523 1080 1788 1141 pugnant;

209 1156 304 1209 vel
335 1156 382 1208 si
420 1156 545 1224 quid
579 1156 1055 1224 deprehendatur,
1085 1159 1139 1211 in
1173 1160 1240 1213 iis
1276 1170 1422 1215 certe
1450 1162 1665 1229 scriptis
1695 1162 1792 1216 ob-

203 1246 446 1307 servari,
474 1262 596 1314 quae
623 1256 752 1301 ante
776 1246 1056 1301 Nicaanam
1088 1250 1353 1318 synodum
1382 1252 1575 1317 edidit;
1611 1252 1664 1305 in
1698 1268 1792 1320 po-

202 1336 543 1389 sterioribus
593 1351 707 1389 non
758 1337 890 1391 item
931 1357 943 1390 :
1006 1338 1100 1391 alii
1147 1348 1338 1394 contra
1389 1341 1458 1395 ab
1502 1341 1788 1395 Arianismi

195 1431 430 1484 exortu,
466 1425 535 1477 ad
570 1425 789 1477 obitum
825 1442 1008 1489 suum,
1043 1429 1180 1481 adeo
1214 1429 1524 1483 manifestas
1552 1445 1671 1483 cum
1700 1446 1791 1499 ge-

196 1514 317 1568 stis
344 1522 460 1566 tum
488 1515 721 1582 scriptis
751 1515 869 1569 suis
894 1515 1113 1571 dedisse
1139 1518 1473 1572 contendunt
1499 1519 1787 1574 Arianismi

194 1614 396 1666 notas,
451 1611 511 1656 ut
548 1604 947 1659 incunctanter
990 1607 1134 1661 inter
1176 1608 1499 1662 Arianorum
1548 1610 1788 1678 primipi-

198 1694 359 1749 hres
374 1694 897 1748 conuumerandum
925 1705 1202 1751 censeant.
1222 1696 1492 1764 Talemne,
1518 1699 1785 1767 inquiunt,

196 1785 513 1845 hominem,
549 1785 651 1852 qui
703 1800 922 1854 semper
964 1787 1223 1855 augendae
1257 1788 1521 1842 Arianica:
1560 1789 1637 1842 rei
1679 1796 1785 1842 tam

1890 632 2154 685 decimum
2186 647 2200 682 ι
2234 633 2345 683 Ἵνα
2381 630 2453 699 μή
2494 645 2576 692 τις
2592 631 2747 682 αὑτὸν
2782 628 2936 699 ψιλὸν
2968 631 3219 687 ὑπολάϐοι
3259 635 3423 704 ἄνδρα

1891 723 1981 773 καὶ
2006 724 2116 785 τοῖς
2144 721 2351 783 πολλοῖς
2381 722 2577 789 ὅμοιον,
2606 719 2837 785 Θεολογεῖ
2863 720 3021 773 αὑτὸν
3057 724 3114 774 ὲν
3151 726 3257 785 τοῖς
3287 723 3422 792 μετὰ

1888 814 2086 879 χεῖρας,
2117 812 2290 879 φήσας
2310 826 2322 839 ·
2365 810 2417 859 '0
2451 809 2591 873 Θεὸς
2629 810 2773 875 ἔστη
2800 809 2869 861 ἐν
2913 811 3223 879 συναγωγῇ
3252 810 3418 863 θεῶν.

1890 899 1996 950 Καὶ
2029 899 2171 957 ὅπως
2205 896 2276 966 μὴ
2306 895 2595 965 ταραχθείη
2624 913 2706 957 τις
2743 898 2819 957 εἰς
2858 894 2947 947 τὸν
2977 899 3101 967 περὶ
3130 899 3421 967 μοναρχίας

1888 988 2061 1055 λόγον,
2088 987 2214 1040 Θεὸν
2257 986 2462 1039 ἀκούων
2491 986 2578 1037 τὸν
2618 986 2846 1055 Χριστὸν
2883 985 2974 1037 τοῦ
3005 987 3156 1049 Θεοῦ,
3199 989 3418 1051 εἰκότως

1888 1078 1979 1130 καὶ
2011 1078 2252 1139 πλείονας
2277 1077 2425 1137 θεοὺς
2452 1076 2696 1144 ὀνομάζει
2722 1078 2841 1137 τοὺς
2868 1076 2953 1127 διὰ
2978 1077 3083 1128 τῶν
3112 1078 3235 1146 ἑξῆς
3288 1094 3417 1130 κατ·
3480 1062 3481 1065 Ἴ

1887 1168 2300 1237 ηγορουμένους,
2356 1166 2624 1233 μονονουῇ⁵
2658 1166 3146 1235 παρακελευόμενος
3197 1168 3268 1236 μὴ
3311 1168 3417 1218 ἀπ-

1886 1260 2060 1310 οκνεῖν
2086 1258 2178 1309 καὶ
2197 1257 2285 1309 τὸν
2318 1257 2442 1308 Υἱὸν
2471 1256 2560 1308 τοῦ
2588 1256 2717 1308 Θεοῦ
2741 1254 2867 1307 Θεὸν
2891 1256 3198 1307 ἀποκαλεῖν.
3226 1257 3287 1307 Εἰ
3310 1256 3417 1326 γὰρ

1886 1350 1933 1400 οἱ
1964 1346 2355 1416 διαϐαλλόμενοι
2397 1347 2488 1398 τοῦ
2537 1345 2716 1408 ἔθνους
2746 1345 2997 1414 ἄρχοντες
3039 1343 3148 1395 Θεοὶ
3188 1343 3415 1414 ἠξιώθη-

1888 1454 1982 1490 σαν
2013 1437 2388 1507 ὀνομασθῆναι,
2422 1440 2567 1498 ποῖος
2596 1435 2659 1487 ἂν
2698 1434 2903 1502 γένοιτο
2934 1434 3166 1496 κίνδυνος
3208 1435 3296 1486 τὸν
3329 1436 3415 1488 ἂν.

1883 1528 1982 1598 δρα
2014 1527 2111 1595 τῆς
2134 1527 2309 1591 δεξιᾶς
2335 1526 2423 1578 τοῦ
2462 1524 2594 1577 Θεοῦ
2624 1526 2715 1577 καὶ
2746 1524 2834 1575 τὸν
2864 1525 2988 1575 Υἰὸν
3017 1524 3108 1577 τοῦ
3137 1524 3415 1593 ἀνθρώπου

1883 1616 1970 1666 τὸν
2015 1613 2475 1682 κεκραταιωμένον
2516 1614 2644 1665 Θεὸν
2688 1614 2960 1682 ὁμολογεῖν
2996 1630 3009 1678 ;
3070 1613 3121 1666 id
3168 1621 3249 1667 est
3282 1632 3294 1666 :
3334 1612 3415 1668 Ne

1883 1707 1996 1773 quis
2028 1707 2195 1769 ipsum
2226 1721 2422 1757 merum
2450 1705 2723 1766 hominem,
2747 1712 2793 1755 et
2825 1704 3001 1755 multis
3027 1704 3147 1755 aliis
3174 1703 3414 1765 similem,

1885 1796 2245 1857 arbitraretur,
2285 1796 2453 1861 ipsum
2485 1794 2566 1845 hic
2609 1793 2773 1845 Deum
2815 1794 3067 1861 pra'dicat
3108 1793 3186 1845 his
3216 1791 3415 1845 verbis:

193 1875 413 1929 acriter
436 1874 816 1937 adlaboravit,
864 1876 956 1944 qui
998 1875 1288 1930 diuturnas
1325 1893 1446 1930 cum
1481 1878 1693 1931 Arianis
1721 1878 1786 1931 ad
1816 1871 1857 1924 Β
1890 1905 1908 1937 ι
1960 1886 2097 1940 Deus
2142 1887 2280 1939 stetit
2312 1887 2364 1937 in
2390 1901 2651 1953 synagoga
2691 1885 2923 1937 deorum.
2956 1902 2973 1933 ι
3022 1884 3095 1936 Ac
3126 1900 3186 1936 ne
3212 1884 3325 1951 quis
3354 1882 3416 1935 ob

192 1964 617 2018 restituendum
653 1965 851 2018 Arium
898 1967 1155 2022 excubias
1182 1970 1315 2037 egit,
1348 1969 1439 2037 qui
1467 1971 1787 2039 capitalibus

193 2055 353 2108 odiis
383 2055 684 2110 catholica:
729 2056 808 2109 rei
837 2071 1090 2124 proceres
1117 2059 1335 2114 assidue
1367 2061 1669 2130 exagitavit,
1697 2078 1787 2116 ca-

196 2146 473 2199 tholicum
509 2149 893 2201 censeamus?
924 2146 1063 2202 Hinc
1104 2150 1151 2203 si
1198 2150 1413 2218 scriptis
1456 2152 1572 2220 ejus
1617 2160 1787 2207 atten-

200 2237 328 2296 das,
362 2235 546 2299 aiunt,
581 2236 759 2303 probe
792 2250 915 2288 cum
945 2237 1112 2305 gestis
1157 2252 1460 2291 consonare
1492 2239 1787 2306 deprehen-

204 2326 340 2379 des:
379 2340 518 2377 nam
542 2326 645 2406 qui
682 2324 881 2377 Filium
914 2327 1115 2394 passim
1148 2328 1409 2381 minorem
1438 2327 1615 2391 Patre,
1655 2330 1787 2383 alte-

202 2431 325 2469 rum
355 2414 533 2469 Deum
555 2408 910 2480 inferiorem,
937 2432 1001 2471 ac
1030 2417 1336 2472 ministrum
1368 2434 1556 2487 purum
1582 2420 1674 2481 ait,
1694 2420 1785 2488 qui

205 2506 524 2561 catholicus
557 2506 871 2559 habeatur?
899 2505 1012 2575 Ego
1044 2518 1172 2561 vero
1207 2508 1273 2562 iis
1302 2509 1392 2577 qui
1430 2510 1783 2563 orthodoxum

209 2594 510 2649 Eusebium
550 2603 791 2651 censent
839 2595 907 2648 ad
956 2596 1090 2649 tanti
1118 2597 1217 2650 viri
1256 2598 1622 2666 purgationem
1657 2599 1789 2653 astic

208 2686 381 2755 pulari
434 2673 816 2753 peroptarem,
849 2684 895 2738 si
944 2699 1040 2753 per
1071 2685 1191 2752 ejus
1243 2688 1444 2755 scripta
1487 2688 1702 2751 liceret;
1730 2696 1785 2741 at

209 2792 372 2831 secus
400 2776 642 2830 suadent
671 2789 800 2828 cum
838 2783 1035 2827 caztera
1062 2774 1181 2842 ejus
1203 2790 1386 2845 opera,
1416 2785 1525 2830 tum
1556 2777 1783 2831 maxime

210 2866 265 2919 bi
301 2864 719 2923 commentarii,
753 2862 848 2916 ubi
873 2862 1243 2918 Arianismum
1270 2873 1452 2934 aperte
1482 2866 1779 2934 profitetur.

210 2954 327 3007 Non
357 2972 426 3010 ex
468 2956 661 3023 aliqua
701 2953 871 3020 igitur
904 2954 1254 3023 praejudicata
1284 2955 1534 3023 opinione
1570 2956 1634 3008 ad
1664 2969 1781 3008 eam

1886 1974 2218 2038 monarchiaz,
2252 1975 2357 2026 sive
2396 1975 2548 2025 unius
2593 1973 2851 2041 principii,
2885 1974 3134 2025 rationem
3184 1970 3413 2023 turbare-

1884 2071 1987 2126 tur,
2020 2060 2287 2114 Christum
2329 2060 2423 2113 Dei
2460 2060 2622 2113 Deum
2653 2078 2763 2115 esse
2803 2062 3057 2125 audiens;
3087 2070 3413 2131 congruenter

1882 2148 1964 2200 hic
1992 2150 2179 2202 multos
2218 2149 2337 2203 deos
2372 2152 2603 2202 nominat
2639 2166 2746 2212 eos,
2777 2153 2863 2219 qui
2902 2151 2995 2204 sub
3038 2151 3145 2206 [ια-ε
3184 2152 3412 2203 incusan-

1883 2248 1967 2290 tur
1991 2254 2008 2291 :
2040 2249 2241 2292 tantum
2269 2257 2367 2293 non
2394 2242 2693 2307 prwcipiens
2722 2252 2776 2292 ut
2812 2258 2873 2293 ne
2899 2249 3193 2293 cunctemur
3217 2238 3413 2292 Filium

1881 2345 2076 2397 quoque
2110 2329 2203 2381 Dei
2241 2329 2402 2381 Deum
2445 2346 2643 2383 vocare.
2683 2328 2743 2382 Si
2773 2331 2905 2381 enim
2945 2330 3106 2397 gentis
3138 2330 3412 2395 principes,

1880 2421 1967 2480 qui
2001 2419 2134 2471 male
2170 2419 2465 2480 audiebant,
2498 2420 2593 2473 Dei
2620 2420 2823 2472 nomine
2854 2418 3054 2487 dignati
3087 2424 3224 2481 sunt,
3253 2416 3411 2486 quod,

1878 2524 2070 2575 quasso,
2104 2509 2383 2575 periculum
2410 2509 2585 2576 fuerit,
2616 2510 2663 2561 si
2694 2508 2859 2561 virum
2891 2507 3112 2560 dextera:
3133 2506 3222 2559 Dei
3244 2516 3293 2558 et
3322 2505 3414 2559 Fi-

1882 2599 2005 2650 lium
2035 2598 2253 2652 hominis
2278 2601 2661 2668 confirmatum,
2699 2599 2860 2653 Deum
2884 2599 3180 2666 fateamur?
3205 2595 3415 2652 Clarius

1880 2694 2052 2739 autem
2068 2690 2118 2740 in
2138 2689 2468 2757 expositione
2482 2689 2667 2757 psalmi
2694 2686 3160 2749 Lxxxvul,vers.7,
3182 2686 3411 2754 idipsum

1878 2777 2126 2844 exprimit
2176 2777 2259 2832 bis
2310 2779 2518 2834 verbis:
2550 2781 2706 2831 Δοκεῖ
2751 2778 2805 2830 δέ
2859 2780 3002 2847 μοιὸ
3038 2778 3409 2846 Προφήτης....

1879 2863 2401 2934 ὑπερεκπλήττεσθαι
2433 2868 2523 2919 τὸν
2571 2868 2821 2920 ἐπέκεινα
2871 2856 3099 2927 πάντων,
3137 2866 3229 2917 καὶ
3277 2865 3415 2937 ὑπὲρ

1878 2953 2084 3015 πάντας
2118 2955 2208 3008 τὸν
2248 2957 2523 3026 Μονογενῆ
2553 2958 2643 3009 τοῦ
2677 2957 2809 3009 Θεοῦ
2830 2974 2842 2987 ·
2876 2953 2970 3008 εἶτ’
2998 2959 3060 3008 ὲκ
3082 2955 3172 3008 τοῦ
3206 2954 3413 3024 θαύμα-

209 3047 541 3101 sententiam
584 3044 942 3099 accedimus:
992 3044 1192 3099 nedum
1237 3044 1379 3099 enim
1424 3059 1563 3113 agre
1592 3046 1777 3109 feram,

1880 3061 1965 3107 τος
1998 3046 2471 3117 ἀναπεφωνηκέναι
2499 3048 2577 3111 τὸ,
2615 3050 2739 3101 Ὅτι
2762 3049 2850 3112 τίς
2878 3048 2945 3099 ἐν
2974 3046 3252 3113 νεφέλαις
3278 3048 3409 3097 ἰσω-

208 3152 562 3205 summOpere
596 3134 874 3204 gaudebo,
907 3135 953 3189 si
985 3135 1109 3203 quis
1144 3135 1210 3188 ab
1239 3150 1303 3189 eo
1345 3150 1452 3189 non
1484 3135 1642 3189 modo
1668 3137 1780 3189 cul-

206 3243 352 3295 pam,
395 3229 489 3281 sed
523 3228 697 3280 etiam
735 3225 1126 3293 suspicionem,
1158 3224 1427 3280 dimovere
1459 3226 1661 3294 possit:
1695 3226 1779 3279 id-

202 3332 308 3384 que
338 3317 472 3370 mihi
503 3332 616 3368 non
651 3315 837 3367 minus
862 3329 928 3368 ex
953 3314 1250 3376 voluntate,
1272 3329 1431 3382 quam
1453 3326 1645 3383 praeter
1666 3317 1781 3384 opi-

200 3408 426 3461 nionem
452 3405 639 3459 cadet.
685 3402 896 3457 Vereor
925 3404 1069 3457 enim
1110 3411 1167 3456 ut
1199 3404 1289 3472 qui
1321 3404 1643 3457 catholicum
1674 3404 1778 3458 Eu-

198 3497 421 3550 sebium
466 3496 773 3558 aﬂirmant,
809 3503 1017 3548 tantam
1051 3495 1107 3547 in
1137 3493 1420 3548 adversum
1450 3508 1572 3546 mox
1605 3494 1781 3562 profe-

198 3590 434 3641 rendam
480 3589 737 3642 locorum
770 3588 965 3639 silvam
1012 3599 1368 3653 concoquere,
1397 3592 1450 3636 et
1480 3584 1547 3635 ad
1574 3584 1781 3638 sincera

197 3677 465 3745 dogmata
529 3678 870 3745 detorquere
933 3676 1162 3728 valeant.
1218 3674 1434 3727 Eusebii
1493 3674 1670 3741 itaque
1715 3674 1781 3729 de

194 3765 388 3823 Verbo
425 3777 474 3823 et
512 3767 658 3821 Filio
688 3767 784 3821 Dei
814 3766 1139 3820 sententiam
1185 3765 1239 3817 in
1286 3774 1431 3818 certa
1454 3764 1621 3832 capita
1671 3765 1780 3818 dis-

191 3856 460 3918 tinctam.
522 3869 639 3909 tam
688 3871 755 3909 ex
786 3856 870 3910 liis
905 3853 1336 3915 commentariis,
1370 3868 1531 3922 quam
1564 3868 1628 3906 ex
1661 3854 1779 3909 aliis

185 3944 323 4011 ejus
353 3946 600 4011 scriptis,
632 3944 986 4011 maximeque
1033 3957 1098 3994 ex
1122 3941 1413 4009 evangelica
1444 3940 1781 3995 Demonstra-

188 4032 369 4096 tione,
392 4040 448 4087 et
469 4048 535 4085 ex
570 4032 733 4085 libris
764 4027 967 4083 Contra
996 4027 1303 4081 Marcellum
1326 4029 1379 4080 in
1410 4028 1637 4081 medium
1662 4029 1783 4083 all'o-

183 4136 425 4178 remus:
462 4137 704 4190 eamque
749 4120 1079 4176 sententiam
1112 4119 1516 4187 amplectemur,
1555 4133 1674 4188 qua:
1713 4121 1780 4173 ab

168 4214 315 4284 ipsa
346 4217 425 4269 rei
454 4218 693 4270 veritate
713 4221 769 4267 et
799 4212 1188 4282 perspicuitate
1208 4209 1538 4265 suadebitur.

158 4321 243 4370 ιι.
270 4324 539 4373 Eusebius
558 4325 715 4372 docet
738 4325 981 4371 unitatem
1005 4323 1096 4370 Dei
1132 4324 1182 4370 in
1206 4334 1305 4369 uno
1329 4321 1473 4369 Patre
1502 4324 1695 4371 servari.
1720 4349 1780 4362 --

479 4403 570 4454 lli.
610 4405 796 4452 Filium
820 4406 970 4463 longe
994 4402 1245 4451 minorem
1263 4403 1416 4450 Patri.

1879 3134 2117 3200 θήσεται
2165 3135 2244 3199 τῷ
2284 3138 2571 3206 Κυρίῳ;ῆ
2621 3138 2758 3190 κατὰ
2812 3137 2900 3188 τὸν
2948 3132 3265 3205 Σύμμαχονο
3322 3136 3413 3200 Τίς

1880 3225 1987 3293 γὰρ
2017 3226 2085 3277 ἐν
2130 3224 2312 3292 αἰθέρι
2343 3225 2789 3292 ἀντιπαραθέσει
2833 3225 2909 3289 τῷ
2940 3226 3129 3292 Κυρίῳ
3170 3225 3238 3276 ἐν
3268 3224 3412 3288 υἱοῖς

1882 3314 2057 3377 Θεοῦ;
2083 3312 2260 3365 Ταῦτα
2302 3314 2355 3365 δὲ
2386 3315 2507 3383 περί
2540 3315 2635 3382 μὲν
2674 3315 2764 3365 τοῦ
2799 3314 3127 3379 Μονογενοῦς
3164 3312 3255 3364 τοῦ
3280 3311 3412 3365 Θεοῦ

1880 3403 2135 3471 λεγόμενα
2168 3401 2322 3464 σώζοι
2356 3402 2420 3454 ἂν
2444 3402 2636 3470 εὐσεϐῆ
2666 3402 2761 3470 τὴν
2793 3402 3040 3462 διάνοιαν,
3073 3402 3132 3452 οὐ
3162 3401 3257 3469 μὲν
3286 3400 3413 3471 περὶ

1878 3491 1968 3543 τοῦ
1998 3491 2205 3560 Πατρὸς
2246 3491 2337 3541 καὶ
2365 3490 2496 3541 Θεοῦ
2524 3490 2628 3541 τῶν
2668 3490 2833 3541 ὅλων·
2868 3491 3126 3553 ἀνοίκειος
3172 3491 3278 3559 γὰρ
3317 3490 3412 3544 καὶ

1879 3582 2074 3651 ἀσεϐὴς
2110 3585 2142 3651 ἡ
2187 3581 2494 3651 παράθεσις.
2531 3580 2601 3632 Τὸ
2645 3580 2751 3649 γὰρ
2791 3582 2921 3643 υἱοῖς
2964 3579 3095 3632 Θεοῦ
3140 3580 3411 3649 παραϐάλ-

1878 3670 1986 3722 λειν
2026 3671 2083 3722 τὸ
2137 3671 2345 3723 πάντων
2388 3670 2577 3733 αἴτιον,
2626 3670 2717 3721 καὶ
2761 3669 2821 3721 τὸ
2868 3669 3167 3740 συγκρίνειν
3212 3670 3412 3741 ἑτέροις

1877 3760 2073 3829 τολμᾷν
2101 3759 2189 3811 τὸν
2222 3759 2469 3811 ἐπέκεινα
2513 3758 2617 3810 τῶν
2646 3758 2776 3811 ὅλων
2814 3758 2960 3821 Θεὸν,
2992 3758 3201 3809 πάντων
3225 3756 3290 3809 ἂν
3317 3756 3411 3824 γέ-

1877 3866 2015 3902 νοιτο
2040 3849 2405 3901 ἀνοσιώτατον.
2444 3847 2739 3909 Ἀκίνδυνος
2760 3847 2803 3899 δ’
2838 3847 2900 3899 ἃν
2930 3846 3012 3915 εἴη
3044 3849 3071 3898 ὁ
3101 3846 3251 3913 λόγος
3281 3848 3411 3908 υἱοῖς

1877 3937 2011 3989 Θεοῦ
2056 3937 2357 4006 συγκρίνειν
2396 3936 2519 3988 Υἱὸν
2547 3935 2679 3988 Θεοῦ
2727 3935 3001 4005 μονογενῆ,
3046 3936 3139 3987 καὶ
3176 3936 3232 3987 τὸ
3278 3936 3411 4005 πρὸς

1878 4028 2079 4089 πάντας
2138 4026 2459 4096 ἀσύγκριτον
2510 4025 2670 4077 αὐτοῦ
2726 4026 2817 4077 καὶ
2871 4024 3233 4093 ἀπαράθετον,
3291 4024 3409 4077 καθ’

1879 4114 2175 4184 ὑπερϐολήν
2200 4130 2258 4165 τε
2286 4114 2542 4183 ὑπερέχον
2578 4113 2878 4181 σημαίνειν.
2930 4111 2985 4164 id
3021 4120 3104 4165 cst
3141 4111 3410 4165 :Videtur-

1877 4220 1971 4274 que
1994 4204 2118 4256 mihi
2140 4200 2505 4271 Propheta.....
2539 4219 2654 4256 eum
2681 4203 2768 4271 qui
2796 4219 2967 4255 omnes
2996 4204 3408 4264 exceditmmnes

1878 4302 2106 4358 superat,
2137 4289 2462 4360 Unigenitum
2504 4288 2600 4342 Dei
2645 4305 2760 4341 cum
2802 4299 3006 4356 stupore
3046 4289 3408 4345 considerare:

1878 4381 2057 4434 deinde
2088 4396 2150 4433 ea:
2172 4380 2512 4433 admiratione
2547 4380 2653 4433 hwc
2704 4378 2857 4446 effari
2885 4394 2904 4431 :
2941 4397 2958 4427 ι
3000 4378 3259 4443 Quoniam
3294 4380 3408 4448 quis

254 4484 347 4538 Ab
381 4487 605 4539 unitate
652 4484 747 4538 Dei
782 4484 955 4537 ordiri
986 4499 1164 4551 operte
1204 4484 1433 4551 pretium
1464 4484 1586 4544 erit,
1618 4499 1777 4553 qnam
1808 4487 1850 4540 ι)
1879 4472 1932 4522 in
1976 4470 2193 4523 nubibus
2249 4469 2539 4539 wquabitur
2593 4469 2858 4523 Domino?
2912 4486 2927 4520 ι
2978 4470 3081 4521 sive
3127 4468 3408 4522 secundum

184 4566 476 4627 Eusebius
502 4574 560 4625 in
595 4588 712 4625 uno
741 4572 906 4625 Patre
939 4572 1169 4634 servari,
1200 4587 1372 4640 neque
1397 4570 1611 4637 Filium,
1637 4573 1777 4626 mul-

184 4667 361 4730 toque
399 4666 595 4717 minus
632 4663 901 4732 Spiritum
929 4669 1202 4723 sanctum,
1227 4662 1279 4713 in
1322 4662 1560 4729 ejusdem
1600 4663 1777 4716 unita-

183 4751 251 4805 lis
283 4755 662 4809 consortium
696 4752 887 4806 venire
912 4753 1063 4805 clare
1092 4758 1147 4803 et
1182 4751 1364 4803 multis
1395 4751 1448 4803 in
1480 4752 1611 4806 locis
1638 4751 1777 4805 allir-

182 4852 320 4897 mat.
374 4844 608 4897 Patrem
654 4843 802 4897 enim
838 4843 895 4894 in
926 4857 987 4895 se
1036 4846 1206 4894 totam
1250 4839 1461 4896 deitatis
1489 4841 1778 4910 plenitudi-

189 4944 340 4993 nem,
377 4935 616 4988 excluso
656 4931 817 4994 Filio,
848 4929 1146 4998 complecti
1185 4928 1400 4992 indicat,
1434 4930 1559 4983 dum
1604 4932 1777 4999 ipsum

200 5021 375 5074 solum
414 5023 623 5090 passim
679 5028 859 5083 vocat,
908 5020 1006 5071 τὸν
1055 5016 1167 5067 τῶν
1210 5016 1337 5068 ὅλων
1368 5017 1517 5082 Θεὸν,
1556 5020 1643 5071 τὸν
1688 5022 1779 5073 ἐπὶ

208 5112 418 5165 πάντων
464 5114 619 5173 Θεὸν,
675 5113 769 5165 τὸν
802 5110 1079 5162 ἐπέκεινα
1121 5106 1325 5157 πάντων
1374 5108 1525 5168 Θεὸν,
1574 5108 1626 5161 id
1673 5118 1774 5173 cst,

132 5202 139 5207 '
222 5197 367 5253 Deum
395 5204 779 5264 universorum,
811 5200 999 5252 Deum
1030 5209 1198 5258 supra
1224 5197 1413 5258 omnia,
1440 5196 1600 5249 Deum
1636 5199 1778 5250 ultra

215 5293 397 5363 mnia;
420 5292 734 5363 Filiumque
771 5293 988 5342 contra
1030 5289 1325 5348 nuncupat,
1352 5282 1595 5353 δεύτερον
1626 5284 1775 5348 Θεὸν,

198 5360 415 5461 δεύτερον
445 5360 681 5460 mpm),
714 5370 1047 5435 secundum
1078 5367 1262 5429 Deum,
1298 5372 1567 5423 secundum
1600 5372 1777 5426 Domi-

182 5456 423 5548 ἡὶηιίΝε
469 5456 607 5557 quis
653 5484 797 5530 vero
851 5466 1141 5557 reponat,
1183 5456 1402 5557 Patrem.
1438 5461 1552 5557 ideo
1608 5461 1776 5517 Deum

291 5535 632 5641 nearlutyrab
680 5549 971 5615 Eusebio
1014 5545 1228 5613 νυεδτίν
1264 5546 1405 5613 (Ιυοά
1441 5550 1507 5602 sit
1537 5553 1687 5622 origo
1726 5563 1777 5607 et

186 5580 517 5659 intimorum
553 5580 632 5627 2"
680 5580 1743 5661 εἶυ³ἶ⁵ζὶἴηξῗῖζζζξξῖζζῖἶέζῖῗῖίῗῗἱ

515 5670 585 5711 ἴς,
624 5650 779 5711 etin
826 5640 1094 5692 ratione
1132 5640 1373 5705 principii
1407 5640 1608 5706 primus
1631 5644 1776 5697 εκεῖ..

1880 4558 2265 4627 Symmachum,
2300 4576 2317 4607 ι
2353 4558 2481 4623 Quis
2506 4558 2640 4610 enim
2673 4558 2726 4610 in
2752 4558 2936 4610 adhere
2965 4557 3189 4624 conferet
3219 4572 3272 4609 se
3300 4555 3409 4607 Do-

1880 4653 2017 4703 mino
2051 4652 2103 4703 in
2144 4650 2269 4718 ﬁliis
2300 4650 2435 4704 Dei?
2475 4668 2493 4698 ι
2538 4648 2663 4702 Ηατ
2697 4648 2759 4700 de
2796 4647 3066 4717 Unigenito
3110 4648 3204 4700 Dei
3242 4647 3405 4710 dicta,

1876 4742 2018 4807 piam
2048 4748 2251 4792 servant
2275 4739 2614 4798 sententiam;
2644 4737 2706 4790 de
2734 4737 2896 4789 Patre
2925 4753 3040 4790 vero
3078 4752 3137 4788 ac
3170 4735 3273 4786 Deo
3299 4733 3407 4784 uni-

1878 4845 2135 4881 uersorum
2166 4842 2343 4881 secus:
2374 4827 2652 4894 impropria
2673 4828 2808 4879 enim
2827 4838 2873 4879 et
2901 4826 3059 4892 impia
3091 4824 3406 4890 comparatio

1875 4930 2025 4974 esset.
2070 4918 2211 4971 Nam
2248 4920 2374 4987 ﬁliis
2406 4918 2501 4971 Dei
2549 4919 2778 4969 omnium
2826 4930 3038 4968 causam
3080 4914 3327 4981 conferre,
3357 4923 3407 4968 et

1876 5025 1990 5063 eum
2054 5010 2141 5077 qui
2185 5024 2341 5075 supra
2406 5007 2581 5060 omnia
2628 5016 2705 5059 est
2732 5007 2867 5059 Deus
2923 5004 3043 5056 aliis
3087 5020 3403 5073 comparare,

1875 5097 2284 5166 improbissimus
2315 5100 2543 5151 omnium
2570 5113 2726 5149 ausus
2756 5103 2905 5148 esset.
2939 5095 3006 5145 At
3041 5096 3151 5148 sine
3181 5096 3404 5163 periculo

1878 5184 2063 5243 Filius'
2080 5190 2175 5243 Dei
2204 5191 2520 5258 unigenitus,
2551 5189 2677 5255 ﬁliis
2726 5186 2815 5239 Dei
2848 5198 3201 5252 comparatur,
3239 5204 3298 5238 ac
3331 5186 3407 5239 dio’

1876 5283 2011 5335 citur
2034 5298 2149 5335 eum
2181 5278 2632 5348 incomparabilem
2665 5294 2795 5339 esse,
2828 5294 2942 5330 cum
2967 5278 3110 5330 nullo
3137 5278 3399 5345 confercit.

1875 5370 2017 5435 dum,
2050 5380 2200 5438 atque
2232 5370 2510 5421 admodum
2534 5369 2834 5423 antecellere
2862 5369 3152 5422 asseritur?
3175 5366 3270 5419 Hic
3296 5382 3407 5419 ma-

1878 5462 2069 5515 nifeste
2099 5460 2250 5513 vides
2292 5458 2485 5511 Filium
2530 5459 2687 5528 longe
2724 5460 2974 5514 inferiore
3001 5473 3160 5527 quam
3195 5456 3402 5510 Patrem

1876 5551 2043 5617 gradu
2086 5552 2154 5603 ab
2182 5547 2412 5600 Eusebio
2459 5551 2676 5620 reponi;
2716 5553 2786 5604 ita
2816 5560 2874 5604 ut
2905 5564 3004 5603 nec
3049 5548 3116 5601 ad
3145 5548 3402 5601 unitatem

1878 5642 1990 5707 Dei,
2021 5657 2119 5696 nec
2147 5639 2209 5691 ad
2237 5637 2497 5691 unitatem
2532 5641 2776 5710 principii
2825 5641 3193 5694 universorum
3225 5635 3407 5706 perti-

1879 5742 2021 5798 neat,
2051 5744 2223 5797 neque
2252 5726 2451 5783 deitate
2480 5745 2599 5785 cum
2632 5731 2722 5785 illo
2745 5731 2915 5800 primo
2947 5727 3207 5798 principio
3236 5738 3401 5779 unum
