  <div class='ocr_page' id='page_1' title='image "/cluster/home/n/w/nwhite01/storage/ocr_20150623/23 (Eusebius, pt. 5)/nyp.33433081862363/025.png"; bbox 0 0 1909 3166; ppageno 0'>
   <div class='ocr_carea' id='block_1_1' title="bbox 284 191 1823 228">
    <p class='ocr_par' dir='ltr' id='par_1_1' title="bbox 284 191 1823 228">
     <span class='ocr_line' id='line_1_1' title="bbox 284 191 1823 228; baseline 0.008 -12"><span class='ocrx_word' id='word_1_1' title='bbox 284 193 316 223; x_wconf 68' lang='grc' dir='ltr'>δι</span> <span class='ocrx_word' id='word_1_2' title='bbox 612 191 743 220; x_wconf 70' lang='grc' dir='ltr'>Ευεειςιι</span> <span class='ocrx_word' id='word_1_3' title='bbox 759 191 991 220; x_wconf 66' lang='lat' dir='ltr'><strong>CIESARIENSIS</strong></span> <span class='ocrx_word' id='word_1_4' title='bbox 1010 193 1082 221; x_wconf 82' lang='lat' dir='ltr'><strong>OPP.</strong></span> <span class='ocrx_word' id='word_1_5' title='bbox 1099 194 1186 222; x_wconf 76' lang='lat' dir='ltr'><strong>PARS</strong></span> <span class='ocrx_word' id='word_1_6' title='bbox 1205 195 1248 222; x_wconf 86' lang='lat' dir='ltr'><strong>ill.</strong></span> <span class='ocrx_word' id='word_1_7' title='bbox 1267 211 1301 216; x_wconf 92' lang='lat'><strong>-—</strong></span> <span class='ocrx_word' id='word_1_8' title='bbox 1321 196 1517 224; x_wconf 77' lang='lat' dir='ltr'><strong>EXEGETICA.</strong></span> <span class='ocrx_word' id='word_1_9' title='bbox 1810 202 1823 228; x_wconf 69' lang='grc'>5</span> 
     </span>
    </p>
   </div>
   <div class='ocr_carea' id='block_1_2' title="bbox 285 250 1047 291">
    <p class='ocr_par' dir='ltr' id='par_1_2' title="bbox 285 250 1047 288">
     <span class='ocr_line' id='line_1_2' title="bbox 285 250 1047 288; baseline 0.001 -9"><span class='ocrx_word' id='word_1_10' title='bbox 285 253 331 280; x_wconf 82' lang='lat' dir='ltr'><strong>Iit.</strong></span> <span class='ocrx_word' id='word_1_11' title='bbox 354 251 417 279; x_wconf 79' lang='lat' dir='ltr'><strong>Nam</strong></span> <span class='ocrx_word' id='word_1_12' title='bbox 440 251 483 278; x_wconf 89' lang='lat' dir='ltr'><strong>ubi</strong></span> <span class='ocrx_word' id='word_1_13' title='bbox 500 250 599 277; x_wconf 85' lang='lat' dir='ltr'><strong>dictum</strong></span> <span class='ocrx_word' id='word_1_14' title='bbox 621 251 697 283; x_wconf 89' lang='lat' dir='ltr'><strong>illud,</strong></span> <span class='ocrx_word' id='word_1_15' title='bbox 711 251 779 277; x_wconf 84' lang='lat' dir='ltr'><strong>Deus</strong></span> <span class='ocrx_word' id='word_1_16' title='bbox 797 253 867 278; x_wconf 82' lang='lat' dir='ltr'><strong>stetit</strong></span> <span class='ocrx_word' id='word_1_17' title='bbox 882 253 908 278; x_wconf 84' lang='lat' dir='ltr'><strong>in</strong></span> <span class='ocrx_word' id='word_1_18' title='bbox 921 260 1047 288; x_wconf 79' lang='lat' dir='ltr'><strong>synagoga</strong></span> 
     </span>
    </p>
   </div>
   <div class='ocr_carea' id='block_1_3' title="bbox 1096 250 1822 291">
    <p class='ocr_par' dir='ltr' id='par_1_3' title="bbox 1099 254 1822 291">
     <span class='ocr_line' id='line_1_3' title="bbox 1099 254 1822 291; baseline 0.006 -11"><span class='ocrx_word' id='word_1_19' title='bbox 1099 254 1158 280; x_wconf 77' lang='grc' dir='ltr'>ἐπεὶ</span> <span class='ocrx_word' id='word_1_20' title='bbox 1178 255 1224 281; x_wconf 81' lang='grc' dir='ltr'><strong>καὶ</strong></span> <span class='ocrx_word' id='word_1_21' title='bbox 1246 255 1325 286; x_wconf 71' lang='grc' dir='ltr'>αὑτὸς</span> <span class='ocrx_word' id='word_1_22' title='bbox 1345 258 1360 282; x_wconf 83' lang='grc' dir='ltr'><strong>ό</strong></span> <span class='ocrx_word' id='word_1_23' title='bbox 1375 257 1435 287; x_wconf 68' lang='lat' dir='ltr'><strong>Tib;</strong></span> <span class='ocrx_word' id='word_1_24' title='bbox 1452 256 1535 291; x_wconf 79' lang='grc' dir='ltr'>ἀρχὴν</span> <span class='ocrx_word' id='word_1_25' title='bbox 1552 256 1720 291; x_wconf 67' lang='grc' dir='ltr'><strong>ἐπιγράφεται</strong></span> <span class='ocrx_word' id='word_1_26' title='bbox 1740 258 1781 284; x_wconf 78' lang='grc' dir='ltr'>τὸν</span> <span class='ocrx_word' id='word_1_27' title='bbox 1799 262 1822 285; x_wconf 61' lang='grc' dir='ltr'>αἱ</span> 
     </span>
    </p>
   </div>
   <div class='ocr_carea' id='block_1_4' title="bbox 286 295 1047 330">
    <p class='ocr_par' dir='ltr' id='par_1_4' title="bbox 286 295 1047 330">
     <span class='ocr_line' id='line_1_4' title="bbox 286 295 1047 330; baseline 0.001 -7"><span class='ocrx_word' id='word_1_28' title='bbox 286 296 401 327; x_wconf 80' lang='lat' dir='ltr'><strong>deorum.</strong></span> <span class='ocrx_word' id='word_1_29' title='bbox 417 296 449 323; x_wconf 82' lang='lat' dir='ltr'><strong>de</strong></span> <span class='ocrx_word' id='word_1_30' title='bbox 464 295 531 322; x_wconf 85' lang='lat' dir='ltr'><strong>Filio</strong></span> <span class='ocrx_word' id='word_1_31' title='bbox 546 295 592 323; x_wconf 85' lang='lat' dir='ltr'><strong>Dei</strong></span> <span class='ocrx_word' id='word_1_32' title='bbox 606 296 732 330; x_wconf 83' lang='lat' dir='ltr'><strong>explicat,</strong></span> <span class='ocrx_word' id='word_1_33' title='bbox 751 303 782 323; x_wconf 83' lang='lat' dir='ltr'><strong>ac</strong></span> <span class='ocrx_word' id='word_1_34' title='bbox 799 296 863 322; x_wconf 84' lang='lat' dir='ltr'><strong>nihil</strong></span> <span class='ocrx_word' id='word_1_35' title='bbox 879 299 1047 325; x_wconf 88' lang='lat' dir='ltr'><strong>metuendum</strong></span> 
     </span>
    </p>
   </div>
   <div class='ocr_carea' id='block_1_5' title="bbox 286 333 1049 377">
    <p class='ocr_par' dir='ltr' id='par_1_5' title="bbox 286 333 1049 377">
     <span class='ocr_line' id='line_1_5' title="bbox 286 333 1049 377; baseline 0.005 -10"><span class='ocrx_word' id='word_1_36' title='bbox 286 341 334 372; x_wconf 76' lang='lat' dir='ltr'><strong>ait,</strong></span> <span class='ocrx_word' id='word_1_37' title='bbox 347 333 495 368; x_wconf 55' lang='lat' dir='ltr'><strong>etsi&#39;Filius</strong></span> <span class='ocrx_word' id='word_1_38' title='bbox 511 340 580 367; x_wconf 82' lang='lat' dir='ltr'><strong>Deus</strong></span> <span class='ocrx_word' id='word_1_39' title='bbox 595 345 715 373; x_wconf 75' lang='lat' dir='ltr'><strong>vocetur,</strong></span> <span class='ocrx_word' id='word_1_40' title='bbox 729 348 762 368; x_wconf 91' lang='lat' dir='ltr'><strong>ne</strong></span> <span class='ocrx_word' id='word_1_41' title='bbox 777 341 865 368; x_wconf 89' lang='lat' dir='ltr'><strong>unitas</strong></span> <span class='ocrx_word' id='word_1_42' title='bbox 887 342 1008 377; x_wconf 81' lang='lat' dir='ltr'><strong>principii</strong></span> <span class='ocrx_word' id='word_1_43' title='bbox 1023 349 1049 371; x_wconf 89' lang='lat' dir='ltr'><strong>et</strong></span> 
     </span>
    </p>
   </div>
   <div class='ocr_carea' id='block_1_6' title="bbox 286 386 1049 420">
    <p class='ocr_par' dir='ltr' id='par_1_6' title="bbox 286 386 1049 420">
     <span class='ocr_line' id='line_1_6' title="bbox 286 386 1049 420; baseline 0.003 -7"><span class='ocrx_word' id='word_1_44' title='bbox 286 386 392 413; x_wconf 88' lang='lat' dir='ltr'><strong>deitatis</strong></span> <span class='ocrx_word' id='word_1_45' title='bbox 409 386 532 418; x_wconf 89' lang='lat' dir='ltr'><strong>tollatur;</strong></span> <span class='ocrx_word' id='word_1_46' title='bbox 547 394 601 412; x_wconf 94' lang='lat' dir='ltr'><strong>non</strong></span> <span class='ocrx_word' id='word_1_47' title='bbox 616 393 705 412; x_wconf 81' lang='lat' dir='ltr'><strong>veram</strong></span> <span class='ocrx_word' id='word_1_48' title='bbox 722 386 766 413; x_wconf 91' lang='lat' dir='ltr'><strong>ille</strong></span> <span class='ocrx_word' id='word_1_49' title='bbox 779 393 887 413; x_wconf 81' lang='lat' dir='ltr'><strong>causam</strong></span> <span class='ocrx_word' id='word_1_50' title='bbox 902 387 987 420; x_wconf 76' lang='lat' dir='ltr'><strong>allen,</strong></span> <span class='ocrx_word' id='word_1_51' title='bbox 1001 397 1049 415; x_wconf 88' lang='lat' dir='ltr'><strong>cur</strong></span> 
     </span>
    </p>
   </div>
   <div class='ocr_carea' id='block_1_7' title="bbox 286 430 1049 468">
    <p class='ocr_par' dir='ltr' id='par_1_7' title="bbox 286 430 1049 468">
     <span class='ocr_line' id='line_1_7' title="bbox 286 430 1049 468; baseline 0.005 -11"><span class='ocrx_word' id='word_1_52' title='bbox 286 431 349 458; x_wconf 86' lang='lat' dir='ltr'><strong>hinc</strong></span> <span class='ocrx_word' id='word_1_53' title='bbox 360 430 433 457; x_wconf 88' lang='lat' dir='ltr'><strong>nulla</strong></span> <span class='ocrx_word' id='word_1_54' title='bbox 447 430 631 465; x_wconf 88' lang='lat' dir='ltr'><strong>multiplicitas</strong></span> <span class='ocrx_word' id='word_1_55' title='bbox 650 431 760 458; x_wconf 88' lang='lat' dir='ltr'><strong>deorum</strong></span> <span class='ocrx_word' id='word_1_56' title='bbox 775 433 916 459; x_wconf 87' lang='lat' dir='ltr'><strong>metuenda</strong></span> <span class='ocrx_word' id='word_1_57' title='bbox 930 433 974 466; x_wconf 85' lang='lat' dir='ltr'><strong>sit,</strong></span> <span class='ocrx_word' id='word_1_58' title='bbox 987 435 1049 468; x_wconf 86' lang='lat' dir='ltr'><strong>quia</strong></span> 
     </span>
    </p>
   </div>
   <div class='ocr_carea' id='block_1_8' title="bbox 287 474 1049 513">
    <p class='ocr_par' dir='ltr' id='par_1_8' title="bbox 287 474 1049 513">
     <span class='ocr_line' id='line_1_8' title="bbox 287 474 1049 513; baseline 0.007 -12"><span class='ocrx_word' id='word_1_59' title='bbox 287 475 388 502; x_wconf 76' lang='lat' dir='ltr'><strong>scilicet</strong></span> <span class='ocrx_word' id='word_1_60' title='bbox 402 474 480 502; x_wconf 86' lang='lat' dir='ltr'><strong>Pater</strong></span> <span class='ocrx_word' id='word_1_61' title='bbox 499 478 525 501; x_wconf 89' lang='lat' dir='ltr'><strong>et</strong></span> <span class='ocrx_word' id='word_1_62' title='bbox 545 474 639 508; x_wconf 79' lang='lat' dir='ltr'><strong>Filius,</strong></span> <span class='ocrx_word' id='word_1_63' title='bbox 661 483 730 503; x_wconf 89' lang='lat' dir='ltr'><strong>unus</strong></span> <span class='ocrx_word' id='word_1_64' title='bbox 743 476 822 508; x_wconf 86' lang='lat' dir='ltr'><strong>Deus,</strong></span> <span class='ocrx_word' id='word_1_65' title='bbox 845 485 927 504; x_wconf 93' lang='lat' dir='ltr'><strong>unum</strong></span> <span class='ocrx_word' id='word_1_66' title='bbox 950 479 1049 513; x_wconf 89' lang='lat' dir='ltr'><strong>princi-</strong></span> 
     </span>
    </p>
   </div>
   <div class='ocr_carea' id='block_1_9' title="bbox 286 518 1049 557">
    <p class='ocr_par' dir='ltr' id='par_1_9' title="bbox 286 518 1049 557">
     <span class='ocr_line' id='line_1_9' title="bbox 286 518 1049 557; baseline 0.009 -13"><span class='ocrx_word' id='word_1_67' title='bbox 286 518 358 552; x_wconf 90' lang='lat' dir='ltr'><strong>pium</strong></span> <span class='ocrx_word' id='word_1_68' title='bbox 381 526 470 545; x_wconf 85' lang='lat' dir='ltr'><strong>rerum</strong></span> <span class='ocrx_word' id='word_1_69' title='bbox 484 523 563 551; x_wconf 88' lang='lat' dir='ltr'><strong>sunt;</strong></span> <span class='ocrx_word' id='word_1_70' title='bbox 584 519 641 552; x_wconf 89' lang='lat' dir='ltr'><strong>sed,</strong></span> <span class='ocrx_word' id='word_1_71' title='bbox 657 521 703 551; x_wconf 88' lang='lat' dir='ltr'><strong>ait,</strong></span> <span class='ocrx_word' id='word_1_72' title='bbox 719 522 845 555; x_wconf 88' lang='lat' dir='ltr'><strong>quoniam</strong></span> <span class='ocrx_word' id='word_1_73' title='bbox 862 522 910 557; x_wconf 90' lang='lat' dir='ltr'><strong>ipsi</strong></span> <span class='ocrx_word' id='word_1_74' title='bbox 930 523 1049 552; x_wconf 85' lang='lat' dir='ltr'><strong>homines</strong></span> 
     </span>
    </p>
   </div>
   <div class='ocr_carea' id='block_1_10' title="bbox 286 561 1049 601">
    <p class='ocr_par' dir='ltr' id='par_1_10' title="bbox 286 561 1049 601">
     <span class='ocr_line' id='line_1_10' title="bbox 286 561 1049 601; baseline 0.01 -14"><span class='ocrx_word' id='word_1_75' title='bbox 286 561 323 588; x_wconf 91' lang='lat' dir='ltr'><strong>dii</strong></span> <span class='ocrx_word' id='word_1_76' title='bbox 344 566 484 594; x_wconf 78' lang='lat' dir='ltr'><strong>vocantur,</strong></span> <span class='ocrx_word' id='word_1_77' title='bbox 505 563 569 597; x_wconf 90' lang='lat' dir='ltr'><strong>quin</strong></span> <span class='ocrx_word' id='word_1_78' title='bbox 589 564 642 590; x_wconf 91' lang='lat' dir='ltr'><strong>ulla</strong></span> <span class='ocrx_word' id='word_1_79' title='bbox 660 564 723 591; x_wconf 92' lang='lat' dir='ltr'><strong>hinc</strong></span> <span class='ocrx_word' id='word_1_80' title='bbox 739 565 849 592; x_wconf 88' lang='lat' dir='ltr'><strong>deorum</strong></span> <span class='ocrx_word' id='word_1_81' title='bbox 867 567 1049 601; x_wconf 81' lang='lat' dir='ltr'><strong>multiplicitas</strong></span> 
     </span>
    </p>
   </div>
   <div class='ocr_carea' id='block_1_11' title="bbox 285 605 1047 644">
    <p class='ocr_par' dir='ltr' id='par_1_11' title="bbox 285 605 1047 644">
     <span class='ocr_line' id='line_1_11' title="bbox 285 605 1047 644; baseline 0.01 -12"><span class='ocrx_word' id='word_1_82' title='bbox 285 605 377 633; x_wconf 80' lang='lat' dir='ltr'><strong>inferri</strong></span> <span class='ocrx_word' id='word_1_83' title='bbox 401 608 496 641; x_wconf 86' lang='lat' dir='ltr'><strong>possit,</strong></span> <span class='ocrx_word' id='word_1_84' title='bbox 519 616 597 643; x_wconf 84' lang='lat' dir='ltr'><strong>posse</strong></span> <span class='ocrx_word' id='word_1_85' title='bbox 619 609 719 643; x_wconf 90' lang='lat' dir='ltr'><strong>pariter</strong></span> <span class='ocrx_word' id='word_1_86' title='bbox 744 609 839 637; x_wconf 89' lang='lat' dir='ltr'><strong>Filium</strong></span> <span class='ocrx_word' id='word_1_87' title='bbox 866 611 947 638; x_wconf 87' lang='lat' dir='ltr'><strong>Deum</strong></span> <span class='ocrx_word' id='word_1_88' title='bbox 970 613 1047 644; x_wconf 92' lang='lat' dir='ltr'><strong>dici,</strong></span> 
     </span>
    </p>
   </div>
   <div class='ocr_carea' id='block_1_12' title="bbox 285 652 1049 689">
    <p class='ocr_par' dir='ltr' id='par_1_12' title="bbox 285 652 1049 689">
     <span class='ocr_line' id='line_1_12' title="bbox 285 652 1049 689; baseline 0.01 -12"><span class='ocrx_word' id='word_1_89' title='bbox 285 652 351 686; x_wconf 90' lang='lat' dir='ltr'><strong>quin</strong></span> <span class='ocrx_word' id='word_1_90' title='bbox 366 653 463 679; x_wconf 91' lang='lat' dir='ltr'><strong>multos</strong></span> <span class='ocrx_word' id='word_1_91' title='bbox 485 660 545 680; x_wconf 84' lang='lat' dir='ltr'><strong>esse</strong></span> <span class='ocrx_word' id='word_1_92' title='bbox 561 653 627 681; x_wconf 90' lang='lat' dir='ltr'><strong>deos</strong></span> <span class='ocrx_word' id='word_1_93' title='bbox 649 655 827 689; x_wconf 84' lang='lat' dir='ltr'><strong>suspicemur.</strong></span> <span class='ocrx_word' id='word_1_94' title='bbox 850 656 955 684; x_wconf 84' lang='lat' dir='ltr'><strong>Etenim</strong></span> <span class='ocrx_word' id='word_1_95' title='bbox 972 662 1000 684; x_wconf 86' lang='lat' dir='ltr'><strong>ut</strong></span> <span class='ocrx_word' id='word_1_96' title='bbox 1022 659 1049 685; x_wconf 93' lang='lat' dir='ltr'><strong>in</strong></span> 
     </span>
    </p>
   </div>
   <div class='ocr_carea' id='block_1_13' title="bbox 285 696 1050 736">
    <p class='ocr_par' dir='ltr' id='par_1_13' title="bbox 285 696 1050 736">
     <span class='ocr_line' id='line_1_13' title="bbox 285 696 1050 736; baseline 0.01 -14"><span class='ocrx_word' id='word_1_97' title='bbox 285 696 344 723; x_wconf 88' lang='lat' dir='ltr'><strong>loco</strong></span> <span class='ocrx_word' id='word_1_98' title='bbox 367 696 417 723; x_wconf 88' lang='lat' dir='ltr'><strong>sub</strong></span> <span class='ocrx_word' id='word_1_99' title='bbox 442 697 498 724; x_wconf 82' lang='lat' dir='ltr'><strong>haec</strong></span> <span class='ocrx_word' id='word_1_100' title='bbox 518 698 598 726; x_wconf 89' lang='lat' dir='ltr'><strong>allato</strong></span> <span class='ocrx_word' id='word_1_101' title='bbox 620 699 796 734; x_wconf 82' lang='lat' dir='ltr'><strong>signiﬁcatur,</strong></span> <span class='ocrx_word' id='word_1_102' title='bbox 818 701 895 736; x_wconf 79' lang='lat' dir='ltr'><strong>longe</strong></span> <span class='ocrx_word' id='word_1_103' title='bbox 915 702 1050 731; x_wconf 83' lang='lat' dir='ltr'><strong>inferioris</strong></span> 
     </span>
    </p>
   </div>
   <div class='ocr_carea' id='block_1_14' title="bbox 285 744 1050 779">
    <p class='ocr_par' dir='ltr' id='par_1_14' title="bbox 285 744 1050 779">
     <span class='ocr_line' id='line_1_14' title="bbox 285 744 1050 779; baseline 0.009 -13"><span class='ocrx_word' id='word_1_104' title='bbox 285 745 383 775; x_wconf 73' lang='lat' dir='ltr'><strong>gradus</strong></span> <span class='ocrx_word' id='word_1_105' title='bbox 400 745 452 773; x_wconf 89' lang='lat' dir='ltr'><strong>est,</strong></span> <span class='ocrx_word' id='word_1_106' title='bbox 475 750 555 776; x_wconf 84' lang='lat' dir='ltr'><strong>quam</strong></span> <span class='ocrx_word' id='word_1_107' title='bbox 573 747 601 769; x_wconf 94' lang='lat' dir='ltr'><strong>ut</strong></span> <span class='ocrx_word' id='word_1_108' title='bbox 622 744 706 778; x_wconf 80' lang='lat' dir='ltr'><strong>possit</strong></span> <span class='ocrx_word' id='word_1_109' title='bbox 726 744 758 771; x_wconf 90' lang='lat' dir='ltr'><strong>ad</strong></span> <span class='ocrx_word' id='word_1_110' title='bbox 780 745 891 779; x_wconf 82' lang='lat' dir='ltr'><strong>primam</strong></span> <span class='ocrx_word' id='word_1_111' title='bbox 917 746 988 772; x_wconf 90' lang='lat' dir='ltr'><strong>illam</strong></span> <span class='ocrx_word' id='word_1_112' title='bbox 1004 747 1050 774; x_wconf 89' lang='lat' dir='ltr'><strong>Dei</strong></span> 
     </span>
    </p>
   </div>
   <div class='ocr_carea' id='block_1_15' title="bbox 285 786 1052 826">
    <p class='ocr_par' dir='ltr' id='par_1_15' title="bbox 285 786 1052 826">
     <span class='ocr_line' id='line_1_15' title="bbox 285 786 1052 826; baseline 0.007 -14"><span class='ocrx_word' id='word_1_113' title='bbox 285 786 415 813; x_wconf 89' lang='lat' dir='ltr'><strong>unitatem</strong></span> <span class='ocrx_word' id='word_1_114' title='bbox 430 787 575 820; x_wconf 89' lang='lat' dir='ltr'><strong>pertinere,</strong></span> <span class='ocrx_word' id='word_1_115' title='bbox 590 791 680 821; x_wconf 82' lang='lat' dir='ltr'><strong>utpote</strong></span> <span class='ocrx_word' id='word_1_116' title='bbox 695 796 773 822; x_wconf 87' lang='lat' dir='ltr'><strong>quem</strong></span> <span class='ocrx_word' id='word_1_117' title='bbox 795 790 926 817; x_wconf 86' lang='lat' dir='ltr'><strong>creaturis</strong></span> <span class='ocrx_word' id='word_1_118' title='bbox 946 798 1052 826; x_wconf 87' lang='lat' dir='ltr'><strong>compa-</strong></span> 
     </span>
    </p>
   </div>
   <div class='ocr_carea' id='block_1_16' title="bbox 284 831 1051 869">
    <p class='ocr_par' dir='ltr' id='par_1_16' title="bbox 284 831 1051 869">
     <span class='ocr_line' id='line_1_16' title="bbox 284 831 1051 869; baseline 0.007 -12"><span class='ocrx_word' id='word_1_119' title='bbox 284 837 344 858; x_wconf 88' lang='lat' dir='ltr'><strong>rare</strong></span> <span class='ocrx_word' id='word_1_120' title='bbox 358 831 446 863; x_wconf 87' lang='lat' dir='ltr'><strong>liceat,</strong></span> <span class='ocrx_word' id='word_1_121' title='bbox 460 832 511 859; x_wconf 93' lang='lat' dir='ltr'><strong>etsi</strong></span> <span class='ocrx_word' id='word_1_122' title='bbox 530 832 615 859; x_wconf 91' lang='lat' dir='ltr'><strong>multo</strong></span> <span class='ocrx_word' id='word_1_123' title='bbox 630 833 802 860; x_wconf 80' lang='lat' dir='ltr'><strong>excellentior</strong></span> <span class='ocrx_word' id='word_1_124' title='bbox 813 834 847 860; x_wconf 90' lang='lat' dir='ltr'><strong>iis</strong></span> <span class='ocrx_word' id='word_1_125' title='bbox 866 834 901 860; x_wconf 81' lang='lat' dir='ltr'><strong>sit</strong></span> <span class='ocrx_word' id='word_1_126' title='bbox 913 842 919 860; x_wconf 92' lang='lat'><strong>:</strong></span> <span class='ocrx_word' id='word_1_127' title='bbox 933 835 1004 869; x_wconf 93' lang='lat' dir='ltr'><strong>quod</strong></span> <span class='ocrx_word' id='word_1_128' title='bbox 1017 836 1051 863; x_wconf 89' lang='lat' dir='ltr'><strong>de</strong></span> 
     </span>
    </p>
   </div>
   <div class='ocr_carea' id='block_1_17' title="bbox 285 874 1050 913">
    <p class='ocr_par' dir='ltr' id='par_1_17' title="bbox 285 874 1050 913">
     <span class='ocr_line' id='line_1_17' title="bbox 285 874 1050 913; baseline 0.008 -12"><span class='ocrx_word' id='word_1_129' title='bbox 285 874 362 903; x_wconf 84' lang='lat' dir='ltr'><strong>Patre</strong></span> <span class='ocrx_word' id='word_1_130' title='bbox 377 883 497 904; x_wconf 80' lang='lat' dir='ltr'><strong>asserere</strong></span> <span class='ocrx_word' id='word_1_131' title='bbox 511 876 699 911; x_wconf 85' lang='lat' dir='ltr'><strong>impiissimum</strong></span> <span class='ocrx_word' id='word_1_132' title='bbox 711 882 737 905; x_wconf 89' lang='lat' dir='ltr'><strong>et</strong></span> <span class='ocrx_word' id='word_1_133' title='bbox 752 879 976 913; x_wconf 88' lang='lat' dir='ltr'><strong>improbissimum</strong></span> <span class='ocrx_word' id='word_1_134' title='bbox 992 887 1050 907; x_wconf 85' lang='lat' dir='ltr'><strong>esse</strong></span> 
     </span>
    </p>
   </div>
   <div class='ocr_carea' id='block_1_18' title="bbox 284 914 1086 952">
    <p class='ocr_par' dir='ltr' id='par_1_18' title="bbox 284 914 1086 952">
     <span class='ocr_line' id='line_1_18' title="bbox 284 914 1086 952; baseline 0.007 -7"><span class='ocrx_word' id='word_1_135' title='bbox 284 919 322 946; x_wconf 86' lang='lat' dir='ltr'><strong>ait</strong></span> <span class='ocrx_word' id='word_1_136' title='bbox 332 919 469 947; x_wconf 86' lang='lat' dir='ltr'><strong>Eusebius.</strong></span> <span class='ocrx_word' id='word_1_137' title='bbox 483 920 584 947; x_wconf 85' lang='lat' dir='ltr'><strong>Similia</strong></span> <span class='ocrx_word' id='word_1_138' title='bbox 597 921 676 948; x_wconf 81' lang='lat' dir='ltr'><strong>habet</strong></span> <span class='ocrx_word' id='word_1_139' title='bbox 687 922 715 948; x_wconf 92' lang='lat' dir='ltr'><strong>in</strong></span> <span class='ocrx_word' id='word_1_140' title='bbox 731 922 952 950; x_wconf 83' lang='lat' dir='ltr'><strong>Demonstratione</strong></span> <span class='ocrx_word' id='word_1_141' title='bbox 974 932 1050 952; x_wconf 37' lang='lat' dir='ltr'><strong>evan?</strong></span> <span class='ocrx_word' id='word_1_142' title='bbox 1065 914 1086 942; x_wconf 72' lang='grc' dir='ltr'><strong>Β</strong></span> 
     </span>
    </p>
   </div>
   <div class='ocr_carea' id='block_1_19' title="bbox 283 963 1050 998">
    <p class='ocr_par' dir='ltr' id='par_1_19' title="bbox 283 963 1050 998">
     <span class='ocr_line' id='line_1_19' title="bbox 283 963 1050 998; baseline 0.007 -9"><span class='ocrx_word' id='word_1_143' title='bbox 283 963 374 998; x_wconf 84' lang='lat' dir='ltr'><strong>geliea,</strong></span> <span class='ocrx_word' id='word_1_144' title='bbox 391 964 408 990; x_wconf 91' lang='grc' dir='ltr'>ι.</span> <span class='ocrx_word' id='word_1_145' title='bbox 424 972 461 995; x_wconf 82' lang='lat' dir='ltr'><strong>vr,</strong></span> <span class='ocrx_word' id='word_1_146' title='bbox 478 972 503 998; x_wconf 90' lang='lat' dir='ltr'><strong>p.</strong></span> <span class='ocrx_word' id='word_1_147' title='bbox 520 964 581 996; x_wconf 71' lang='lat'><strong>257,</strong></span> <span class='ocrx_word' id='word_1_148' title='bbox 598 966 642 991; x_wconf 92' lang='lat' dir='ltr'><strong>ubi</strong></span> <span class='ocrx_word' id='word_1_149' title='bbox 658 966 691 993; x_wconf 86' lang='lat' dir='ltr'><strong>de</strong></span> <span class='ocrx_word' id='word_1_150' title='bbox 709 965 788 993; x_wconf 87' lang='lat' dir='ltr'><strong>Patre</strong></span> <span class='ocrx_word' id='word_1_151' title='bbox 806 970 832 994; x_wconf 87' lang='lat' dir='ltr'><strong>et</strong></span> <span class='ocrx_word' id='word_1_152' title='bbox 847 966 913 994; x_wconf 92' lang='lat' dir='ltr'><strong>Filio</strong></span> <span class='ocrx_word' id='word_1_153' title='bbox 933 968 995 994; x_wconf 87' lang='lat' dir='ltr'><strong>talia</strong></span> <span class='ocrx_word' id='word_1_154' title='bbox 1010 967 1050 994; x_wconf 81' lang='lat' dir='ltr'><strong>fa-</strong></span> 
     </span>
    </p>
   </div>
   <div class='ocr_carea' id='block_1_20' title="bbox 285 1008 1051 1046">
    <p class='ocr_par' dir='ltr' id='par_1_20' title="bbox 285 1008 1051 1046">
     <span class='ocr_line' id='line_1_20' title="bbox 285 1008 1051 1046; baseline 0.007 -13"><span class='ocrx_word' id='word_1_155' title='bbox 285 1011 328 1034; x_wconf 86' lang='lat' dir='ltr'><strong>tur</strong></span> <span class='ocrx_word' id='word_1_156' title='bbox 341 1016 347 1032; x_wconf 94' lang='lat'>:</span> <span class='ocrx_word' id='word_1_157' title='bbox 362 1008 456 1042; x_wconf 76' lang='grc' dir='ltr'>Σαφῶς</span> <span class='ocrx_word' id='word_1_158' title='bbox 472 1009 499 1035; x_wconf 81' lang='grc' dir='ltr'>ὲν</span> <span class='ocrx_word' id='word_1_159' title='bbox 515 1010 553 1043; x_wconf 83' lang='grc' dir='ltr'>τῷ</span> <span class='ocrx_word' id='word_1_160' title='bbox 565 1010 677 1045; x_wconf 78' lang='grc' dir='ltr'><strong>πέμπτῳ</strong></span> <span class='ocrx_word' id='word_1_161' title='bbox 692 1011 883 1045; x_wconf 81' lang='grc' dir='ltr'>συγγράμματι</span> <span class='ocrx_word' id='word_1_162' title='bbox 896 1012 943 1045; x_wconf 84' lang='grc' dir='ltr'><strong>τῆς</strong></span> <span class='ocrx_word' id='word_1_163' title='bbox 956 1014 1051 1046; x_wconf 78' lang='grc' dir='ltr'><strong>Εὐαγ-</strong></span> 
     </span>
    </p>
   </div>
   <div class='ocr_carea' id='block_1_21' title="bbox 286 1050 1051 1091">
    <p class='ocr_par' dir='ltr' id='par_1_21' title="bbox 286 1050 1051 1091">
     <span class='ocr_line' id='line_1_21' title="bbox 286 1050 1051 1091; baseline 0.007 -14"><span class='ocrx_word' id='word_1_164' title='bbox 286 1050 406 1085; x_wconf 75' lang='grc' dir='ltr'>τελικῆς</span> <span class='ocrx_word' id='word_1_165' title='bbox 429 1052 609 1085; x_wconf 75' lang='grc' dir='ltr'>Ἀποδείξεως</span> <span class='ocrx_word' id='word_1_166' title='bbox 633 1054 780 1088; x_wconf 81' lang='grc' dir='ltr'><strong>ὡρισμένου</strong></span> <span class='ocrx_word' id='word_1_167' title='bbox 800 1055 844 1081; x_wconf 86' lang='grc' dir='ltr'><strong>τοῦ</strong></span> <span class='ocrx_word' id='word_1_168' title='bbox 867 1056 929 1090; x_wconf 75' lang='grc' dir='ltr'>περὶ</span> <span class='ocrx_word' id='word_1_169' title='bbox 947 1057 1051 1091; x_wconf 83' lang='grc' dir='ltr'>Πατρὸς</span> 
     </span>
    </p>
   </div>
   <div class='ocr_carea' id='block_1_22' title="bbox 284 1095 1050 1133">
    <p class='ocr_par' dir='ltr' id='par_1_22' title="bbox 284 1095 1050 1133">
     <span class='ocr_line' id='line_1_22' title="bbox 284 1095 1050 1133; baseline 0.012 -13"><span class='ocrx_word' id='word_1_170' title='bbox 284 1096 330 1121; x_wconf 83' lang='grc' dir='ltr'><strong>καὶ</strong></span> <span class='ocrx_word' id='word_1_171' title='bbox 347 1095 412 1121; x_wconf 81' lang='grc' dir='ltr'>Υίοῦ</span> <span class='ocrx_word' id='word_1_172' title='bbox 426 1096 513 1130; x_wconf 75' lang='grc' dir='ltr'>λόγου,</span> <span class='ocrx_word' id='word_1_173' title='bbox 535 1098 580 1123; x_wconf 74' lang='grc' dir='ltr'>καὶ</span> <span class='ocrx_word' id='word_1_174' title='bbox 596 1098 660 1124; x_wconf 83' lang='grc' dir='ltr'><strong>Θεοῦ</strong></span> <span class='ocrx_word' id='word_1_175' title='bbox 677 1099 724 1133; x_wconf 80' lang='grc' dir='ltr'>μὲν</span> <span class='ocrx_word' id='word_1_176' title='bbox 747 1100 803 1130; x_wconf 77' lang='grc' dir='ltr'>ἑνὸς</span> <span class='ocrx_word' id='word_1_177' title='bbox 818 1100 863 1126; x_wconf 81' lang='grc' dir='ltr'><strong>τοῦ</strong></span> <span class='ocrx_word' id='word_1_178' title='bbox 881 1101 926 1128; x_wconf 79' lang='grc' dir='ltr'><strong>ἐπὶ</strong></span> <span class='ocrx_word' id='word_1_179' title='bbox 943 1102 1050 1129; x_wconf 80' lang='grc' dir='ltr'>πάντων</span> 
     </span>
    </p>
   </div>
   <div class='ocr_carea' id='block_1_23' title="bbox 282 1138 1050 1181">
    <p class='ocr_par' dir='ltr' id='par_1_23' title="bbox 282 1138 1050 1181">
     <span class='ocr_line' id='line_1_23' title="bbox 282 1138 1050 1181; baseline 0.012 -17"><span class='ocrx_word' id='word_1_180' title='bbox 282 1138 496 1174; x_wconf 83' lang='grc' dir='ltr'>ὡμολογημένου,</span> <span class='ocrx_word' id='word_1_181' title='bbox 510 1141 634 1176; x_wconf 79' lang='grc' dir='ltr'><strong>δευτέρας</strong></span> <span class='ocrx_word' id='word_1_182' title='bbox 647 1143 675 1169; x_wconf 83' lang='grc' dir='ltr'><strong>δὲ</strong></span> <span class='ocrx_word' id='word_1_183' title='bbox 691 1144 747 1177; x_wconf 80' lang='grc' dir='ltr'>μετ’</span> <span class='ocrx_word' id='word_1_184' title='bbox 763 1144 840 1170; x_wconf 83' lang='grc' dir='ltr'>αὑτὸν</span> <span class='ocrx_word' id='word_1_185' title='bbox 853 1145 1050 1181; x_wconf 78' lang='grc' dir='ltr'><strong>ἀποδειχθείσης</strong></span> 
     </span>
    </p>
   </div>
   <div class='ocr_carea' id='block_1_24' title="bbox 282 1183 1050 1225">
    <p class='ocr_par' dir='ltr' id='par_1_24' title="bbox 282 1183 1050 1225">
     <span class='ocr_line' id='line_1_24' title="bbox 282 1183 1050 1225; baseline 0.008 -16"><span class='ocrx_word' id='word_1_186' title='bbox 282 1183 374 1215; x_wconf 76' lang='grc' dir='ltr'>οὐσίας</span> <span class='ocrx_word' id='word_1_187' title='bbox 391 1185 540 1219; x_wconf 79' lang='grc' dir='ltr'><strong>ἡγουμένης</strong></span> <span class='ocrx_word' id='word_1_188' title='bbox 555 1186 608 1212; x_wconf 84' lang='grc' dir='ltr'><strong>τῶν</strong></span> <span class='ocrx_word' id='word_1_189' title='bbox 623 1187 742 1221; x_wconf 83' lang='grc' dir='ltr'><strong>γενητῶν</strong></span> <span class='ocrx_word' id='word_1_190' title='bbox 758 1188 893 1220; x_wconf 82' lang='grc' dir='ltr'>ἁπάντων,</span> <span class='ocrx_word' id='word_1_191' title='bbox 910 1190 943 1225; x_wconf 84' lang='grc' dir='ltr'>ἣν</span> <span class='ocrx_word' id='word_1_192' title='bbox 956 1191 1050 1224; x_wconf 80' lang='grc' dir='ltr'><strong>σοφίαν</strong></span> 
     </span>
    </p>
   </div>
   <div class='ocr_carea' id='block_1_25' title="bbox 283 1228 1051 1268">
    <p class='ocr_par' dir='ltr' id='par_1_25' title="bbox 283 1228 1051 1268">
     <span class='ocr_line' id='line_1_25' title="bbox 283 1228 1051 1268; baseline 0.009 -14"><span class='ocrx_word' id='word_1_193' title='bbox 283 1228 360 1259; x_wconf 86' lang='grc' dir='ltr'>Θεοῦ,</span> <span class='ocrx_word' id='word_1_194' title='bbox 374 1237 400 1255; x_wconf 86' lang='grc' dir='ltr'><strong>κ.</strong></span> <span class='ocrx_word' id='word_1_195' title='bbox 418 1238 442 1255; x_wconf 89' lang='grc' dir='ltr'>τ.</span> <span class='ocrx_word' id='word_1_196' title='bbox 454 1229 479 1256; x_wconf 90' lang='grc' dir='ltr'><strong>λ.</strong></span> <span class='ocrx_word' id='word_1_197' title='bbox 496 1229 553 1257; x_wconf 82' lang='lat' dir='ltr'><strong>Hoc</strong></span> <span class='ocrx_word' id='word_1_198' title='bbox 562 1236 603 1258; x_wconf 85' lang='lat' dir='ltr'><strong>est</strong></span> <span class='ocrx_word' id='word_1_199' title='bbox 613 1239 620 1257; x_wconf 93' lang='lat'><strong>:</strong></span> <span class='ocrx_word' id='word_1_200' title='bbox 632 1231 729 1266; x_wconf 44' lang='lat' dir='ltr'><strong>Cumzin</strong></span> <span class='ocrx_word' id='word_1_201' title='bbox 737 1233 825 1266; x_wconf 88' lang='lat' dir='ltr'><strong>quinto</strong></span> <span class='ocrx_word' id='word_1_202' title='bbox 839 1233 997 1268; x_wconf 74' lang='lat' dir='ltr'><strong>Evangelicte</strong></span> <span class='ocrx_word' id='word_1_203' title='bbox 1006 1235 1051 1262; x_wconf 86' lang='lat' dir='ltr'><strong>de-</strong></span> 
     </span>
    </p>
   </div>
   <div class='ocr_carea' id='block_1_26' title="bbox 282 1272 1050 1312">
    <p class='ocr_par' dir='ltr' id='par_1_26' title="bbox 282 1272 1050 1312">
     <span class='ocr_line' id='line_1_26' title="bbox 282 1272 1050 1312; baseline 0.012 -15"><span class='ocrx_word' id='word_1_204' title='bbox 282 1272 478 1299; x_wconf 82' lang='lat' dir='ltr'><strong>monstrationis</strong></span> <span class='ocrx_word' id='word_1_205' title='bbox 500 1273 576 1306; x_wconf 81' lang='lat' dir='ltr'><strong>libro,</strong></span> <span class='ocrx_word' id='word_1_206' title='bbox 593 1274 662 1301; x_wconf 86' lang='lat' dir='ltr'><strong>clare</strong></span> <span class='ocrx_word' id='word_1_207' title='bbox 674 1275 705 1302; x_wconf 86' lang='lat' dir='ltr'><strong>de</strong></span> <span class='ocrx_word' id='word_1_208' title='bbox 713 1276 791 1303; x_wconf 83' lang='lat' dir='ltr'><strong>Patre</strong></span> <span class='ocrx_word' id='word_1_209' title='bbox 801 1281 825 1303; x_wconf 89' lang='lat' dir='ltr'><strong>et</strong></span> <span class='ocrx_word' id='word_1_210' title='bbox 838 1277 905 1304; x_wconf 88' lang='lat' dir='ltr'><strong>Filio</strong></span> <span class='ocrx_word' id='word_1_211' title='bbox 916 1278 1050 1312; x_wconf 85' lang='lat' dir='ltr'><strong>deﬁnitum</strong></span> 
     </span>
    </p>
   </div>
   <div class='ocr_carea' id='block_1_27' title="bbox 282 1317 1050 1357">
    <p class='ocr_par' dir='ltr' id='par_1_27' title="bbox 282 1317 1050 1357">
     <span class='ocr_line' id='line_1_27' title="bbox 282 1317 1050 1357; baseline 0.012 -16"><span class='ocrx_word' id='word_1_212' title='bbox 282 1319 460 1351; x_wconf 74' lang='lat' dir='ltr'><strong>statutumque</strong></span> <span class='ocrx_word' id='word_1_213' title='bbox 475 1317 566 1351; x_wconf 79' lang='lat' dir='ltr'><strong>fuerit,</strong></span> <span class='ocrx_word' id='word_1_214' title='bbox 589 1327 620 1345; x_wconf 90' lang='lat' dir='ltr'><strong>ac</strong></span> <span class='ocrx_word' id='word_1_215' title='bbox 643 1319 726 1346; x_wconf 86' lang='lat' dir='ltr'><strong>Deum</strong></span> <span class='ocrx_word' id='word_1_216' title='bbox 743 1321 844 1355; x_wconf 84' lang='lat' dir='ltr'><strong>quidem</strong></span> <span class='ocrx_word' id='word_1_217' title='bbox 868 1330 946 1348; x_wconf 87' lang='lat' dir='ltr'><strong>unum</strong></span> <span class='ocrx_word' id='word_1_218' title='bbox 970 1331 1050 1357; x_wconf 87' lang='lat' dir='ltr'><strong>supra</strong></span> 
     </span>
    </p>
   </div>
   <div class='ocr_carea' id='block_1_28' title="bbox 283 1360 1050 1403">
    <p class='ocr_par' dir='ltr' id='par_1_28' title="bbox 283 1360 1050 1403">
     <span class='ocr_line' id='line_1_28' title="bbox 283 1360 1050 1403; baseline 0.013 -17"><span class='ocrx_word' id='word_1_219' title='bbox 283 1360 370 1386; x_wconf 92' lang='lat' dir='ltr'><strong>omnia</strong></span> <span class='ocrx_word' id='word_1_220' title='bbox 389 1368 444 1388; x_wconf 88' lang='lat' dir='ltr'><strong>esse</strong></span> <span class='ocrx_word' id='word_1_221' title='bbox 460 1361 632 1396; x_wconf 80' lang='lat' dir='ltr'><strong>declaratum,</strong></span> <span class='ocrx_word' id='word_1_222' title='bbox 657 1365 794 1392; x_wconf 78' lang='lat' dir='ltr'><strong>secundum</strong></span> <span class='ocrx_word' id='word_1_223' title='bbox 815 1374 873 1393; x_wconf 85' lang='lat' dir='ltr'><strong>vero</strong></span> <span class='ocrx_word' id='word_1_224' title='bbox 894 1372 951 1401; x_wconf 82' lang='lat' dir='ltr'><strong>post</strong></span> <span class='ocrx_word' id='word_1_225' title='bbox 965 1369 1050 1403; x_wconf 87' lang='lat' dir='ltr'><strong>ipsum</strong></span> 
     </span>
    </p>
   </div>
   <div class='ocr_carea' id='block_1_29' title="bbox 283 1405 1049 1447">
    <p class='ocr_par' dir='ltr' id='par_1_29' title="bbox 283 1405 1049 1447">
     <span class='ocr_line' id='line_1_29' title="bbox 283 1405 1049 1447; baseline 0.014 -16"><span class='ocrx_word' id='word_1_226' title='bbox 283 1405 456 1433; x_wconf 73' lang='lat' dir='ltr'><strong>substantiam</strong></span> <span class='ocrx_word' id='word_1_227' title='bbox 466 1416 530 1440; x_wconf 87' lang='lat' dir='ltr'><strong>esse,</strong></span> <span class='ocrx_word' id='word_1_228' title='bbox 546 1417 603 1443; x_wconf 64' lang='lat' dir='ltr'><strong>qua</strong></span> <span class='ocrx_word' id='word_1_229' title='bbox 615 1410 732 1437; x_wconf 81' lang='lat' dir='ltr'><strong>omnibus</strong></span> <span class='ocrx_word' id='word_1_230' title='bbox 743 1412 851 1446; x_wconf 81' lang='lat' dir='ltr'><strong>opiﬁciis</strong></span> <span class='ocrx_word' id='word_1_231' title='bbox 865 1414 964 1447; x_wconf 66' lang='lat' dir='ltr'><strong>praasit,</strong></span> <span class='ocrx_word' id='word_1_232' title='bbox 978 1423 1049 1441; x_wconf 84' lang='lat' dir='ltr'><strong>com-</strong></span> 
     </span>
    </p>
   </div>
   <div class='ocr_carea' id='block_1_30' title="bbox 283 1453 1050 1490">
    <p class='ocr_par' dir='ltr' id='par_1_30' title="bbox 283 1453 1050 1490">
     <span class='ocr_line' id='line_1_30' title="bbox 283 1453 1050 1490; baseline 0.014 -14"><span class='ocrx_word' id='word_1_233' title='bbox 283 1455 453 1478; x_wconf 83' lang='lat' dir='ltr'><strong>monstratum</strong></span> <span class='ocrx_word' id='word_1_234' title='bbox 467 1453 511 1484; x_wconf 84' lang='lat' dir='ltr'><strong>sit,</strong></span> <span class='ocrx_word' id='word_1_235' title='bbox 523 1461 600 1488; x_wconf 86' lang='lat' dir='ltr'><strong>quam</strong></span> <span class='ocrx_word' id='word_1_236' title='bbox 614 1455 769 1488; x_wconf 78' lang='lat' dir='ltr'><strong>sapientiam</strong></span> <span class='ocrx_word' id='word_1_237' title='bbox 783 1456 847 1490; x_wconf 84' lang='lat' dir='ltr'><strong>Dei,</strong></span> <span class='ocrx_word' id='word_1_238' title='bbox 859 1461 923 1490; x_wconf 91' lang='lat' dir='ltr'><strong>etc.,</strong></span> <span class='ocrx_word' id='word_1_239' title='bbox 940 1460 986 1486; x_wconf 91' lang='lat' dir='ltr'><strong>ubi</strong></span> <span class='ocrx_word' id='word_1_240' title='bbox 1007 1460 1050 1486; x_wconf 90' lang='lat' dir='ltr'><strong>in-</strong></span> 
     </span>
    </p>
   </div>
   <div class='ocr_carea' id='block_1_31' title="bbox 282 1496 1049 1536">
    <p class='ocr_par' dir='ltr' id='par_1_31' title="bbox 282 1496 1049 1536">
     <span class='ocr_line' id='line_1_31' title="bbox 282 1496 1049 1536; baseline 0.014 -15"><span class='ocrx_word' id='word_1_241' title='bbox 282 1498 386 1529; x_wconf 87' lang='lat' dir='ltr'><strong>terpres</strong></span> <span class='ocrx_word' id='word_1_242' title='bbox 400 1496 446 1530; x_wconf 89' lang='lat' dir='ltr'><strong>qui</strong></span> <span class='ocrx_word' id='word_1_243' title='bbox 462 1497 529 1524; x_wconf 90' lang='lat' dir='ltr'><strong>solet</strong></span> <span class='ocrx_word' id='word_1_244' title='bbox 541 1497 649 1525; x_wconf 84' lang='lat' dir='ltr'><strong>Eusebii</strong></span> <span class='ocrx_word' id='word_1_245' title='bbox 659 1499 730 1526; x_wconf 84' lang='lat' dir='ltr'><strong>dicta</strong></span> <span class='ocrx_word' id='word_1_246' title='bbox 757 1501 789 1527; x_wconf 91' lang='lat' dir='ltr'><strong>ad</strong></span> <span class='ocrx_word' id='word_1_247' title='bbox 804 1501 874 1536; x_wconf 85' lang='lat' dir='ltr'><strong>piam</strong></span> <span class='ocrx_word' id='word_1_248' title='bbox 890 1504 1049 1531; x_wconf 89' lang='lat' dir='ltr'><strong>sententiam</strong></span> 
     </span>
    </p>
   </div>
   <div class='ocr_carea' id='block_1_32' title="bbox 283 1538 1050 1583">
    <p class='ocr_par' dir='ltr' id='par_1_32' title="bbox 283 1538 1050 1583">
     <span class='ocr_line' id='line_1_32' title="bbox 283 1538 1050 1583; baseline 0.016 -19"><span class='ocrx_word' id='word_1_249' title='bbox 283 1538 310 1564; x_wconf 93' lang='lat' dir='ltr'><strong>in</strong></span> <span class='ocrx_word' id='word_1_250' title='bbox 327 1540 450 1567; x_wconf 87' lang='lat' dir='ltr'><strong>versione</strong></span> <span class='ocrx_word' id='word_1_251' title='bbox 465 1548 513 1567; x_wconf 88' lang='lat' dir='ltr'><strong>sua</strong></span> <span class='ocrx_word' id='word_1_252' title='bbox 529 1541 698 1577; x_wconf 84' lang='lat' dir='ltr'><strong>detorquere,</strong></span> <span class='ocrx_word' id='word_1_253' title='bbox 713 1548 847 1578; x_wconf 86' lang='lat' dir='ltr'><strong>postrema</strong></span> <span class='ocrx_word' id='word_1_254' title='bbox 866 1547 905 1573; x_wconf 88' lang='lat' dir='ltr'><strong>sic</strong></span> <span class='ocrx_word' id='word_1_255' title='bbox 918 1548 1050 1583; x_wconf 85' lang='lat' dir='ltr'><strong>interpre-</strong></span> 
     </span>
    </p>
   </div>
   <div class='ocr_carea' id='block_1_33' title="bbox 282 1583 1050 1622">
    <p class='ocr_par' dir='ltr' id='par_1_33' title="bbox 282 1583 1050 1622">
     <span class='ocr_line' id='line_1_33' title="bbox 282 1583 1050 1622; baseline 0.017 -14"><span class='ocrx_word' id='word_1_256' title='bbox 282 1587 371 1610; x_wconf 87' lang='lat' dir='ltr'><strong>tatur:</strong></span> <span class='ocrx_word' id='word_1_257' title='bbox 388 1583 422 1610; x_wconf 87' lang='lat' dir='ltr'><strong>Et</strong></span> <span class='ocrx_word' id='word_1_258' title='bbox 443 1585 549 1613; x_wconf 85' lang='lat' dir='ltr'><strong>Patrem</strong></span> <span class='ocrx_word' id='word_1_259' title='bbox 563 1587 664 1621; x_wconf 83' lang='lat' dir='ltr'><strong>quidem</strong></span> <span class='ocrx_word' id='word_1_260' title='bbox 681 1588 762 1616; x_wconf 88' lang='lat' dir='ltr'><strong>Deum</strong></span> <span class='ocrx_word' id='word_1_261' title='bbox 779 1599 858 1617; x_wconf 85' lang='lat' dir='ltr'><strong>unum</strong></span> <span class='ocrx_word' id='word_1_262' title='bbox 879 1599 934 1622; x_wconf 76' lang='lat' dir='ltr'><strong>esse</strong></span> <span class='ocrx_word' id='word_1_263' title='bbox 957 1595 1050 1620; x_wconf 74' lang='lat' dir='ltr'><strong>consti-</strong></span> 
     </span>
    </p>
   </div>
   <div class='ocr_carea' id='block_1_34' title="bbox 284 1627 1049 1670">
    <p class='ocr_par' dir='ltr' id='par_1_34' title="bbox 284 1627 1049 1670">
     <span class='ocr_line' id='line_1_34' title="bbox 284 1627 1049 1670; baseline 0.016 -18"><span class='ocrx_word' id='word_1_264' title='bbox 284 1627 332 1658; x_wconf 82' lang='lat' dir='ltr'><strong>tit;</strong></span> <span class='ocrx_word' id='word_1_265' title='bbox 347 1627 459 1655; x_wconf 83' lang='lat' dir='ltr'><strong>alteram</strong></span> <span class='ocrx_word' id='word_1_266' title='bbox 480 1634 566 1656; x_wconf 81' lang='lat' dir='ltr'><strong>autent</strong></span> <span class='ocrx_word' id='word_1_267' title='bbox 582 1636 675 1664; x_wconf 63' lang='lat' dir='ltr'><strong>praeter</strong></span> <span class='ocrx_word' id='word_1_268' title='bbox 689 1633 765 1659; x_wconf 86' lang='lat' dir='ltr'><strong>illum</strong></span> <span class='ocrx_word' id='word_1_269' title='bbox 782 1640 807 1660; x_wconf 94' lang='lat' dir='ltr'><strong>et</strong></span> <span class='ocrx_word' id='word_1_270' title='bbox 829 1643 887 1661; x_wconf 85' lang='lat' dir='ltr'><strong>cum</strong></span> <span class='ocrx_word' id='word_1_271' title='bbox 903 1635 950 1662; x_wconf 84' lang='lat' dir='ltr'><strong>illo</strong></span> <span class='ocrx_word' id='word_1_272' title='bbox 963 1644 1049 1670; x_wconf 85' lang='lat' dir='ltr'><strong>perso-</strong></span> 
     </span>
    </p>
   </div>
   <div class='ocr_carea' id='block_1_35' title="bbox 282 1676 1049 1712">
    <p class='ocr_par' dir='ltr' id='par_1_35' title="bbox 282 1676 1049 1712">
     <span class='ocr_line' id='line_1_35' title="bbox 282 1676 1049 1712; baseline 0.012 -14"><span class='ocrx_word' id='word_1_273' title='bbox 282 1680 343 1698; x_wconf 89' lang='lat' dir='ltr'><strong>nam</strong></span> <span class='ocrx_word' id='word_1_274' title='bbox 363 1681 428 1704; x_wconf 87' lang='lat' dir='ltr'><strong>esse,</strong></span> <span class='ocrx_word' id='word_1_275' title='bbox 441 1681 497 1708; x_wconf 66' lang='lat' dir='ltr'><strong>quae</strong></span> <span class='ocrx_word' id='word_1_276' title='bbox 516 1676 603 1702; x_wconf 85' lang='lat' dir='ltr'><strong>omnia</strong></span> <span class='ocrx_word' id='word_1_277' title='bbox 617 1684 674 1710; x_wconf 64' lang='lat' dir='ltr'><strong>quae</strong></span> <span class='ocrx_word' id='word_1_278' title='bbox 688 1677 759 1712; x_wconf 88' lang='lat' dir='ltr'><strong>facta</strong></span> <span class='ocrx_word' id='word_1_279' title='bbox 773 1684 833 1705; x_wconf 81' lang='lat' dir='ltr'><strong>sunt</strong></span> <span class='ocrx_word' id='word_1_280' title='bbox 847 1680 992 1711; x_wconf 81' lang='lat' dir='ltr'><strong>antecedat,</strong></span> <span class='ocrx_word' id='word_1_281' title='bbox 1009 1681 1049 1707; x_wconf 87' lang='lat' dir='ltr'><strong>de-</strong></span> 
     </span>
    </p>
   </div>
   <div class='ocr_carea' id='block_1_36' title="bbox 283 1719 1047 1757">
    <p class='ocr_par' dir='ltr' id='par_1_36' title="bbox 283 1719 1047 1757">
     <span class='ocr_line' id='line_1_36' title="bbox 283 1719 1047 1757; baseline 0.013 -15"><span class='ocrx_word' id='word_1_282' title='bbox 283 1722 454 1744; x_wconf 86' lang='lat' dir='ltr'><strong>monstratum</strong></span> <span class='ocrx_word' id='word_1_283' title='bbox 471 1723 519 1746; x_wconf 87' lang='lat' dir='ltr'><strong>est.</strong></span> <span class='ocrx_word' id='word_1_284' title='bbox 535 1719 593 1752; x_wconf 85' lang='lat' dir='ltr'><strong>Quo</strong></span> <span class='ocrx_word' id='word_1_285' title='bbox 608 1720 635 1747; x_wconf 87' lang='lat' dir='ltr'><strong>in</strong></span> <span class='ocrx_word' id='word_1_286' title='bbox 659 1721 718 1748; x_wconf 92' lang='lat' dir='ltr'><strong>loco</strong></span> <span class='ocrx_word' id='word_1_287' title='bbox 732 1723 823 1749; x_wconf 83' lang='grc' dir='ltr'>οὐσίαν</span> <span class='ocrx_word' id='word_1_288' title='bbox 843 1723 887 1750; x_wconf 88' lang='lat' dir='ltr'><strong>ille</strong></span> <span class='ocrx_word' id='word_1_289' title='bbox 901 1732 1047 1757; x_wconf 78' lang='lat' dir='ltr'><strong>personam,</strong></span> 
     </span>
    </p>
   </div>
   <div class='ocr_carea' id='block_1_37' title="bbox 281 1762 1048 1801">
    <p class='ocr_par' dir='ltr' id='par_1_37' title="bbox 281 1762 1048 1801">
     <span class='ocr_line' id='line_1_37' title="bbox 281 1762 1048 1801; baseline 0.012 -13"><span class='ocrx_word' id='word_1_290' title='bbox 281 1762 371 1795; x_wconf 78' lang='lat' dir='ltr'><strong>vertit,</strong></span> <span class='ocrx_word' id='word_1_291' title='bbox 396 1763 446 1791; x_wconf 90' lang='lat' dir='ltr'><strong>etsi</strong></span> <span class='ocrx_word' id='word_1_292' title='bbox 470 1764 649 1792; x_wconf 86' lang='lat' dir='ltr'><strong>substantiam</strong></span> <span class='ocrx_word' id='word_1_293' title='bbox 671 1767 801 1801; x_wconf 79' lang='lat' dir='ltr'><strong>signiﬁcet</strong></span> <span class='ocrx_word' id='word_1_294' title='bbox 820 1768 863 1795; x_wconf 91' lang='lat' dir='ltr'><strong>hic</strong></span> <span class='ocrx_word' id='word_1_295' title='bbox 885 1774 913 1796; x_wconf 93' lang='lat' dir='ltr'><strong>et</strong></span> <span class='ocrx_word' id='word_1_296' title='bbox 936 1770 964 1796; x_wconf 90' lang='lat' dir='ltr'><strong>in</strong></span> <span class='ocrx_word' id='word_1_297' title='bbox 988 1771 1048 1798; x_wconf 87' lang='lat' dir='ltr'><strong>aliis</strong></span> 
     </span>
    </p>
   </div>
   <div class='ocr_carea' id='block_1_38' title="bbox 281 1805 1047 1848">
    <p class='ocr_par' dir='ltr' id='par_1_38' title="bbox 281 1805 1047 1848">
     <span class='ocr_line' id='line_1_38' title="bbox 281 1805 1047 1848; baseline 0.012 -16"><span class='ocrx_word' id='word_1_298' title='bbox 281 1805 389 1833; x_wconf 86' lang='lat' dir='ltr'><strong>Eusebii</strong></span> <span class='ocrx_word' id='word_1_299' title='bbox 411 1807 487 1838; x_wconf 84' lang='lat' dir='ltr'><strong>locis.</strong></span> <span class='ocrx_word' id='word_1_300' title='bbox 512 1811 542 1834; x_wconf 91' lang='lat' dir='ltr'><strong>ut</strong></span> <span class='ocrx_word' id='word_1_301' title='bbox 563 1815 596 1835; x_wconf 80' lang='lat' dir='ltr'><strong>ex</strong></span> <span class='ocrx_word' id='word_1_302' title='bbox 622 1810 742 1843; x_wconf 87' lang='lat' dir='ltr'><strong>repetitis</strong></span> <span class='ocrx_word' id='word_1_303' title='bbox 759 1812 811 1838; x_wconf 89' lang='lat' dir='ltr'><strong>sub</strong></span> <span class='ocrx_word' id='word_1_304' title='bbox 838 1812 894 1839; x_wconf 61' lang='lat' dir='ltr'><strong>haec</strong></span> <span class='ocrx_word' id='word_1_305' title='bbox 919 1814 1047 1848; x_wconf 79' lang='lat' dir='ltr'><strong>exemplis</strong></span> 
     </span>
    </p>
   </div>
   <div class='ocr_carea' id='block_1_39' title="bbox 280 1849 1047 1892">
    <p class='ocr_par' dir='ltr' id='par_1_39' title="bbox 280 1849 1047 1892">
     <span class='ocr_line' id='line_1_39' title="bbox 280 1849 1047 1892; baseline 0.014 -18"><span class='ocrx_word' id='word_1_306' title='bbox 280 1849 418 1883; x_wconf 83' lang='lat' dir='ltr'><strong>propalam</strong></span> <span class='ocrx_word' id='word_1_307' title='bbox 438 1851 488 1877; x_wconf 89' lang='lat' dir='ltr'><strong>erit</strong></span> <span class='ocrx_word' id='word_1_308' title='bbox 505 1860 512 1877; x_wconf 85' lang='lat'><strong>:</strong></span> <span class='ocrx_word' id='word_1_309' title='bbox 529 1852 594 1878; x_wconf 93' lang='lat' dir='ltr'><strong>illud</strong></span> <span class='ocrx_word' id='word_1_310' title='bbox 614 1857 702 1880; x_wconf 82' lang='lat' dir='ltr'><strong>autem</strong></span> <span class='ocrx_word' id='word_1_311' title='bbox 726 1856 782 1888; x_wconf 84' lang='grc' dir='ltr'>μετ’</span> <span class='ocrx_word' id='word_1_312' title='bbox 799 1856 889 1888; x_wconf 82' lang='grc' dir='ltr'>αὐτόν,</span> <span class='ocrx_word' id='word_1_313' title='bbox 909 1865 1047 1892; x_wconf 83' lang='lat' dir='ltr'><strong>perperam</strong></span> 
     </span>
    </p>
   </div>
   <div class='ocr_carea' id='block_1_40' title="bbox 280 1893 1047 1936">
    <p class='ocr_par' dir='ltr' id='par_1_40' title="bbox 280 1893 1047 1936">
     <span class='ocr_line' id='line_1_40' title="bbox 280 1893 1047 1936; baseline 0.014 -17"><span class='ocrx_word' id='word_1_314' title='bbox 280 1893 361 1920; x_wconf 76' lang='lat' dir='ltr'><strong>vertit</strong></span> <span class='ocrx_word' id='word_1_315' title='bbox 382 1894 436 1926; x_wconf 83' lang='lat' dir='ltr'><strong>ille,</strong></span> <span class='ocrx_word' id='word_1_316' title='bbox 451 1900 545 1929; x_wconf 62' lang='lat' dir='ltr'><strong>praeter</strong></span> <span class='ocrx_word' id='word_1_317' title='bbox 558 1896 633 1922; x_wconf 84' lang='lat' dir='ltr'><strong>illum</strong></span> <span class='ocrx_word' id='word_1_318' title='bbox 646 1901 670 1922; x_wconf 77' lang='lat' dir='ltr'><strong>et</strong></span> <span class='ocrx_word' id='word_1_319' title='bbox 687 1905 744 1924; x_wconf 88' lang='lat' dir='ltr'><strong>cum</strong></span> <span class='ocrx_word' id='word_1_320' title='bbox 757 1899 813 1931; x_wconf 85' lang='lat' dir='ltr'><strong>illo,</strong></span> <span class='ocrx_word' id='word_1_321' title='bbox 828 1907 889 1927; x_wconf 89' lang='lat' dir='ltr'><strong>cum</strong></span> <span class='ocrx_word' id='word_1_322' title='bbox 903 1905 992 1936; x_wconf 88' lang='lat' dir='ltr'><strong>aperte</strong></span> <span class='ocrx_word' id='word_1_323' title='bbox 1009 1903 1047 1930; x_wconf 87' lang='lat' dir='ltr'><strong>si—</strong></span> 
     </span>
    </p>
   </div>
   <div class='ocr_carea' id='block_1_41' title="bbox 280 1936 1047 1981">
    <p class='ocr_par' dir='ltr' id='par_1_41' title="bbox 280 1936 1047 1981">
     <span class='ocr_line' id='line_1_41' title="bbox 280 1936 1047 1981; baseline 0.016 -19"><span class='ocrx_word' id='word_1_324' title='bbox 280 1936 398 1970; x_wconf 74' lang='lat' dir='ltr'><strong>gniﬁcet,</strong></span> <span class='ocrx_word' id='word_1_325' title='bbox 410 1942 467 1971; x_wconf 87' lang='lat' dir='ltr'><strong>post</strong></span> <span class='ocrx_word' id='word_1_326' title='bbox 483 1939 568 1972; x_wconf 88' lang='lat' dir='ltr'><strong>illum,</strong></span> <span class='ocrx_word' id='word_1_327' title='bbox 585 1948 635 1967; x_wconf 87' lang='lat' dir='ltr'><strong>nec</strong></span> <span class='ocrx_word' id='word_1_328' title='bbox 652 1948 762 1970; x_wconf 93' lang='lat' dir='ltr'><strong>numero</strong></span> <span class='ocrx_word' id='word_1_329' title='bbox 774 1946 887 1977; x_wconf 83' lang='lat' dir='ltr'><strong>tantum,</strong></span> <span class='ocrx_word' id='word_1_330' title='bbox 900 1945 946 1972; x_wconf 91' lang='lat' dir='ltr'><strong>sed</strong></span> <span class='ocrx_word' id='word_1_331' title='bbox 960 1947 1047 1981; x_wconf 77' lang='lat' dir='ltr'><strong>digni-</strong></span> 
     </span>
    </p>
   </div>
   <div class='ocr_carea' id='block_1_42' title="bbox 281 1984 1046 2021">
    <p class='ocr_par' dir='ltr' id='par_1_42' title="bbox 281 1984 1046 2021">
     <span class='ocr_line' id='line_1_42' title="bbox 281 1984 1046 2021; baseline 0.016 -14"><span class='ocrx_word' id='word_1_332' title='bbox 281 1984 336 2008; x_wconf 90' lang='lat' dir='ltr'><strong>tate</strong></span> <span class='ocrx_word' id='word_1_333' title='bbox 358 1985 385 2009; x_wconf 89' lang='lat' dir='ltr'><strong>et</strong></span> <span class='ocrx_word' id='word_1_334' title='bbox 407 1985 576 2017; x_wconf 70' lang='lat' dir='ltr'><strong>praestantia;</strong></span> <span class='ocrx_word' id='word_1_335' title='bbox 596 1989 624 2012; x_wconf 87' lang='lat' dir='ltr'><strong>ut</strong></span> <span class='ocrx_word' id='word_1_336' title='bbox 644 1994 676 2014; x_wconf 80' lang='lat' dir='ltr'><strong>ex</strong></span> <span class='ocrx_word' id='word_1_337' title='bbox 693 1987 749 2021; x_wconf 82' lang='lat' dir='ltr'><strong>jam</strong></span> <span class='ocrx_word' id='word_1_338' title='bbox 770 1989 850 2017; x_wconf 88' lang='lat' dir='ltr'><strong>dictis</strong></span> <span class='ocrx_word' id='word_1_339' title='bbox 876 1991 1046 2020; x_wconf 83' lang='lat' dir='ltr'><strong>manifestum</strong></span> 
     </span>
    </p>
   </div>
   <div class='ocr_carea' id='block_1_43' title="bbox 281 2029 1046 2067">
    <p class='ocr_par' dir='ltr' id='par_1_43' title="bbox 281 2029 1046 2067">
     <span class='ocr_line' id='line_1_43' title="bbox 281 2029 1046 2067; baseline 0.016 -15"><span class='ocrx_word' id='word_1_340' title='bbox 281 2030 332 2058; x_wconf 85' lang='lat' dir='ltr'><strong>est,</strong></span> <span class='ocrx_word' id='word_1_341' title='bbox 355 2030 382 2053; x_wconf 90' lang='lat' dir='ltr'><strong>et</strong></span> <span class='ocrx_word' id='word_1_342' title='bbox 401 2035 434 2054; x_wconf 82' lang='lat' dir='ltr'><strong>ex</strong></span> <span class='ocrx_word' id='word_1_343' title='bbox 455 2029 524 2056; x_wconf 84' lang='lat' dir='ltr'><strong>infra</strong></span> <span class='ocrx_word' id='word_1_344' title='bbox 548 2030 668 2059; x_wconf 90' lang='lat' dir='ltr'><strong>dicendis</strong></span> <span class='ocrx_word' id='word_1_345' title='bbox 689 2032 817 2067; x_wconf 86' lang='lat' dir='ltr'><strong>liquidius</strong></span> <span class='ocrx_word' id='word_1_346' title='bbox 839 2037 982 2064; x_wconf 84' lang='lat' dir='ltr'><strong>constabit.</strong></span> <span class='ocrx_word' id='word_1_347' title='bbox 1003 2037 1046 2065; x_wconf 88' lang='lat' dir='ltr'><strong>Ait</strong></span> 
     </span>
    </p>
   </div>
   <div class='ocr_carea' id='block_1_44' title="bbox 281 2071 1046 2113">
    <p class='ocr_par' dir='ltr' id='par_1_44' title="bbox 281 2071 1046 2113">
     <span class='ocr_line' id='line_1_44' title="bbox 281 2071 1046 2113; baseline 0.016 -16"><span class='ocrx_word' id='word_1_348' title='bbox 281 2071 465 2113; x_wconf 65' lang='lat' dir='ltr'><strong>siquidemlib.</strong></span> <span class='ocrx_word' id='word_1_349' title='bbox 484 2081 502 2101; x_wconf 93' lang='lat' dir='ltr'><strong>ll</strong></span> <span class='ocrx_word' id='word_1_350' title='bbox 519 2074 616 2102; x_wconf 86' lang='lat' dir='ltr'><strong>Contra</strong></span> <span class='ocrx_word' id='word_1_351' title='bbox 626 2076 789 2112; x_wconf 81' lang='lat' dir='ltr'><strong>Marcellum,</strong></span> <span class='ocrx_word' id='word_1_352' title='bbox 801 2086 827 2113; x_wconf 90' lang='lat' dir='ltr'><strong>p.</strong></span> <span class='ocrx_word' id='word_1_353' title='bbox 839 2080 889 2107; x_wconf 79' lang='grc'>109</span> <span class='ocrx_word' id='word_1_354' title='bbox 902 2089 909 2107; x_wconf 92' lang='lat'>:</span> <span class='ocrx_word' id='word_1_355' title='bbox 922 2081 987 2108; x_wconf 83' lang='grc' dir='ltr'><strong>Οὐδὲ</strong></span> <span class='ocrx_word' id='word_1_356' title='bbox 1001 2082 1046 2109; x_wconf 83' lang='grc' dir='ltr'><strong>δύο</strong></span> 
     </span>
    </p>
   </div>
   <div class='ocr_carea' id='block_1_45' title="bbox 281 2106 1043 2157">
    <p class='ocr_par' dir='ltr' id='par_1_45' title="bbox 281 2106 1043 2157">
     <span class='ocr_line' id='line_1_45' title="bbox 281 2106 1043 2157; baseline 0.016 -15"><span class='ocrx_word' id='word_1_357' title='bbox 281 2106 468 2154; x_wconf 54' lang='grc' dir='ltr'>θεοὺξάνάγκη</span> <span class='ocrx_word' id='word_1_358' title='bbox 482 2119 570 2146; x_wconf 84' lang='grc' dir='ltr'>δοῦναι</span> <span class='ocrx_word' id='word_1_359' title='bbox 582 2121 627 2147; x_wconf 80' lang='grc' dir='ltr'>τὸν</span> <span class='ocrx_word' id='word_1_360' title='bbox 639 2122 686 2154; x_wconf 84' lang='grc' dir='ltr'><strong>τὰς</strong></span> <span class='ocrx_word' id='word_1_361' title='bbox 695 2123 740 2149; x_wconf 83' lang='grc' dir='ltr'><strong>δύο</strong></span> <span class='ocrx_word' id='word_1_362' title='bbox 755 2106 912 2157; x_wconf 44' lang='lat' dir='ltr'><strong>astismos,-</strong></span> 
     </span>
    </p>
   </div>
   <div class='ocr_carea' id='block_1_46' title="bbox 280 2162 1045 2207">
    <p class='ocr_par' dir='ltr' id='par_1_46' title="bbox 280 2162 1045 2207">
     <span class='ocr_line' id='line_1_46' title="bbox 280 2162 1045 2207; baseline 0.017 -19"><span class='ocrx_word' id='word_1_363' title='bbox 280 2162 339 2188; x_wconf 79' lang='grc' dir='ltr'><strong>οὐδὲ</strong></span> <span class='ocrx_word' id='word_1_364' title='bbox 356 2163 409 2198; x_wconf 83' lang='grc' dir='ltr'><strong>γὰρ</strong></span> <span class='ocrx_word' id='word_1_365' title='bbox 427 2164 559 2200; x_wconf 82' lang='grc' dir='ltr'>ἰσοτίμους</span> <span class='ocrx_word' id='word_1_366' title='bbox 575 2167 658 2199; x_wconf 83' lang='grc' dir='ltr'>αὐτὰς</span> <span class='ocrx_word' id='word_1_367' title='bbox 672 2168 825 2204; x_wconf 81' lang='grc' dir='ltr'>ὁριζόμεθα,</span> <span class='ocrx_word' id='word_1_368' title='bbox 841 2171 867 2197; x_wconf 93' lang='lat' dir='ltr'><strong>id</strong></span> <span class='ocrx_word' id='word_1_369' title='bbox 880 2176 922 2199; x_wconf 88' lang='lat' dir='ltr'><strong>est</strong></span> <span class='ocrx_word' id='word_1_370' title='bbox 937 2181 942 2198; x_wconf 92' lang='lat'><strong>:</strong></span> <span class='ocrx_word' id='word_1_371' title='bbox 957 2172 1045 2207; x_wconf 81' lang='lat' dir='ltr'><strong>Neque</strong></span> 
     </span>
    </p>
   </div>
   <div class='ocr_carea' id='block_1_47' title="bbox 279 2210 1047 2260">
    <p class='ocr_par' dir='ltr' id='par_1_47' title="bbox 279 2210 1045 2248">
     <span class='ocr_line' id='line_1_47' title="bbox 279 2210 1045 2248; baseline 0.014 -15"><span class='ocrx_word' id='word_1_372' title='bbox 279 2214 380 2234; x_wconf 84' lang='lat' dir='ltr'><strong>necesse</strong></span> <span class='ocrx_word' id='word_1_373' title='bbox 394 2213 432 2235; x_wconf 86' lang='lat' dir='ltr'><strong>est</strong></span> <span class='ocrx_word' id='word_1_374' title='bbox 445 2217 505 2236; x_wconf 89' lang='lat' dir='ltr'><strong>eum</strong></span> <span class='ocrx_word' id='word_1_375' title='bbox 523 2210 587 2237; x_wconf 83' lang='lat' dir='ltr'><strong>duos</strong></span> <span class='ocrx_word' id='word_1_376' title='bbox 603 2211 663 2238; x_wconf 86' lang='lat' dir='ltr'><strong>deos</strong></span> <span class='ocrx_word' id='word_1_377' title='bbox 678 2212 765 2246; x_wconf 79' lang='lat' dir='ltr'><strong>fateri,</strong></span> <span class='ocrx_word' id='word_1_378' title='bbox 777 2215 821 2248; x_wconf 85' lang='lat' dir='ltr'><strong>qui</strong></span> <span class='ocrx_word' id='word_1_379' title='bbox 831 2214 898 2242; x_wconf 86' lang='lat' dir='ltr'><strong>duas</strong></span> <span class='ocrx_word' id='word_1_380' title='bbox 910 2216 1045 2244; x_wconf 70' lang='lat' dir='ltr'><strong>admiserit</strong></span> 
     </span>
    </p>
   </div>
   <div class='ocr_carea' id='block_1_48' title="bbox 1096 2210 1605 2260">
    <p class='ocr_par' dir='ltr' id='par_1_48' title="bbox 1097 2220 1605 2260">
     <span class='ocr_line' id='line_1_48' title="bbox 1097 2220 1605 2260; baseline 0.014 -14"><span class='ocrx_word' id='word_1_381' title='bbox 1097 2220 1159 2251; x_wconf 78' lang='grc' dir='ltr'><strong>Υἱὸς</strong></span> <span class='ocrx_word' id='word_1_382' title='bbox 1177 2221 1245 2248; x_wconf 86' lang='grc' dir='ltr'>κατὰ</span> <span class='ocrx_word' id='word_1_383' title='bbox 1264 2222 1312 2257; x_wconf 83' lang='grc' dir='ltr'>τὴν</span> <span class='ocrx_word' id='word_1_384' title='bbox 1334 2223 1471 2250; x_wconf 79' lang='grc' dir='ltr'>κοινωνίαν</span> <span class='ocrx_word' id='word_1_385' title='bbox 1492 2225 1548 2260; x_wconf 85' lang='grc' dir='ltr'>τῆς</span> <span class='ocrx_word' id='word_1_386' title='bbox 1571 2227 1605 2253; x_wconf 81' lang='grc' dir='ltr'>δύ</span> 
     </span>
    </p>
   </div>
   <div class='ocr_carea' id='block_1_49' title="bbox 279 2251 1046 2296">
    <p class='ocr_par' dir='ltr' id='par_1_49' title="bbox 279 2251 1046 2296">
     <span class='ocr_line' id='line_1_49' title="bbox 279 2251 1046 2296; baseline 0.016 -19"><span class='ocrx_word' id='word_1_387' title='bbox 279 2251 459 2280; x_wconf 82' lang='lat' dir='ltr'><strong>substantias:</strong></span> <span class='ocrx_word' id='word_1_388' title='bbox 479 2262 530 2281; x_wconf 87' lang='lat' dir='ltr'><strong>non</strong></span> <span class='ocrx_word' id='word_1_389' title='bbox 546 2256 613 2282; x_wconf 87' lang='lat' dir='ltr'><strong>enim</strong></span> <span class='ocrx_word' id='word_1_390' title='bbox 628 2256 689 2283; x_wconf 80' lang='lat' dir='ltr'><strong>illas</strong></span> <span class='ocrx_word' id='word_1_391' title='bbox 707 2257 803 2285; x_wconf 84' lang='lat' dir='ltr'><strong>honore</strong></span> <span class='ocrx_word' id='word_1_392' title='bbox 820 2267 894 2293; x_wconf 86' lang='lat' dir='ltr'><strong>pares</strong></span> <span class='ocrx_word' id='word_1_393' title='bbox 911 2268 966 2287; x_wconf 85' lang='lat' dir='ltr'><strong>esse</strong></span> <span class='ocrx_word' id='word_1_394' title='bbox 986 2261 1046 2296; x_wconf 84' lang='lat' dir='ltr'><strong>deli-</strong></span> 
     </span>
    </p>
   </div>
   <div class='ocr_carea' id='block_1_50' title="bbox 280 2297 1045 2335">
    <p class='ocr_par' dir='ltr' id='par_1_50' title="bbox 280 2297 1045 2335">
     <span class='ocr_line' id='line_1_50' title="bbox 280 2297 1045 2335; baseline 0.017 -13"><span class='ocrx_word' id='word_1_395' title='bbox 280 2297 381 2329; x_wconf 81' lang='lat' dir='ltr'><strong>nimus;</strong></span> <span class='ocrx_word' id='word_1_396' title='bbox 395 2298 432 2324; x_wconf 88' lang='lat' dir='ltr'><strong>ita</strong></span> <span class='ocrx_word' id='word_1_397' title='bbox 447 2302 478 2325; x_wconf 93' lang='lat' dir='ltr'><strong>ut</strong></span> <span class='ocrx_word' id='word_1_398' title='bbox 500 2303 610 2328; x_wconf 85' lang='lat' dir='ltr'><strong>eatenus</strong></span> <span class='ocrx_word' id='word_1_399' title='bbox 631 2302 758 2330; x_wconf 88' lang='lat' dir='ltr'><strong>unitatem</strong></span> <span class='ocrx_word' id='word_1_400' title='bbox 777 2304 883 2333; x_wconf 85' lang='lat' dir='ltr'><strong>deitatis</strong></span> <span class='ocrx_word' id='word_1_401' title='bbox 904 2308 985 2333; x_wconf 84' lang='lat' dir='ltr'><strong>statui</strong></span> <span class='ocrx_word' id='word_1_402' title='bbox 1001 2315 1045 2335; x_wconf 89' lang='lat' dir='ltr'><strong>ve-</strong></span> 
     </span>
    </p>
   </div>
   <div class='ocr_carea' id='block_1_51' title="bbox 279 2341 1045 2386">
    <p class='ocr_par' dir='ltr' id='par_1_51' title="bbox 279 2341 1045 2386">
     <span class='ocr_line' id='line_1_51' title="bbox 279 2341 1045 2386; baseline 0.014 -18"><span class='ocrx_word' id='word_1_403' title='bbox 279 2341 320 2374; x_wconf 89' lang='lat' dir='ltr'><strong>lit,</strong></span> <span class='ocrx_word' id='word_1_404' title='bbox 336 2347 469 2377; x_wconf 88' lang='lat' dir='ltr'><strong>quatenus</strong></span> <span class='ocrx_word' id='word_1_405' title='bbox 483 2344 527 2371; x_wconf 90' lang='lat' dir='ltr'><strong>illa</strong></span> <span class='ocrx_word' id='word_1_406' title='bbox 545 2346 632 2380; x_wconf 86' lang='lat' dir='ltr'><strong>prima</strong></span> <span class='ocrx_word' id='word_1_407' title='bbox 649 2348 745 2378; x_wconf 84' lang='lat' dir='ltr'><strong>deitas.</strong></span> <span class='ocrx_word' id='word_1_408' title='bbox 760 2350 929 2385; x_wconf 88' lang='lat' dir='ltr'><strong>primumque</strong></span> <span class='ocrx_word' id='word_1_409' title='bbox 945 2352 1045 2386; x_wconf 86' lang='lat' dir='ltr'><strong>princi-</strong></span> 
     </span>
    </p>
   </div>
   <div class='ocr_carea' id='block_1_52' title="bbox 278 2387 1046 2431">
    <p class='ocr_par' dir='ltr' id='par_1_52' title="bbox 278 2387 1046 2431">
     <span class='ocr_line' id='line_1_52' title="bbox 278 2387 1046 2431; baseline 0.016 -18"><span class='ocrx_word' id='word_1_410' title='bbox 278 2387 352 2421; x_wconf 88' lang='lat' dir='ltr'><strong>pium</strong></span> <span class='ocrx_word' id='word_1_411' title='bbox 376 2388 405 2416; x_wconf 91' lang='lat' dir='ltr'><strong>in</strong></span> <span class='ocrx_word' id='word_1_412' title='bbox 428 2396 483 2417; x_wconf 91' lang='lat' dir='ltr'><strong>uno</strong></span> <span class='ocrx_word' id='word_1_413' title='bbox 506 2389 586 2418; x_wconf 82' lang='lat' dir='ltr'><strong>Patre</strong></span> <span class='ocrx_word' id='word_1_414' title='bbox 610 2398 741 2425; x_wconf 85' lang='lat' dir='ltr'><strong>servatur,</strong></span> <span class='ocrx_word' id='word_1_415' title='bbox 764 2395 807 2421; x_wconf 93' lang='lat' dir='ltr'><strong>cui</strong></span> <span class='ocrx_word' id='word_1_416' title='bbox 833 2395 912 2431; x_wconf 78' lang='lat' dir='ltr'><strong>longe</strong></span> <span class='ocrx_word' id='word_1_417' title='bbox 937 2397 1046 2425; x_wconf 81' lang='lat' dir='ltr'><strong>inferior</strong></span> 
     </span>
    </p>
   </div>
   <div class='ocr_carea' id='block_1_53' title="bbox 256 2431 1043 2475">
    <p class='ocr_par' dir='ltr' id='par_1_53' title="bbox 256 2431 1043 2475">
     <span class='ocr_line' id='line_1_53' title="bbox 256 2431 1043 2475; baseline 0.015 -17"><span class='ocrx_word' id='word_1_418' title='bbox 256 2454 257 2458; x_wconf 57' lang='lat'><strong>.</strong></span> <span class='ocrx_word' id='word_1_419' title='bbox 279 2431 349 2460; x_wconf 88' lang='lat' dir='ltr'><strong>Deus</strong></span> <span class='ocrx_word' id='word_1_420' title='bbox 368 2433 462 2467; x_wconf 86' lang='lat' dir='ltr'><strong>Filius,</strong></span> <span class='ocrx_word' id='word_1_421' title='bbox 483 2436 510 2463; x_wconf 91' lang='lat' dir='ltr'><strong>in</strong></span> <span class='ocrx_word' id='word_1_422' title='bbox 535 2438 637 2465; x_wconf 89' lang='lat' dir='ltr'><strong>unitate</strong></span> <span class='ocrx_word' id='word_1_423' title='bbox 656 2438 703 2466; x_wconf 87' lang='lat' dir='ltr'><strong>illa</strong></span> <span class='ocrx_word' id='word_1_424' title='bbox 722 2447 776 2466; x_wconf 92' lang='lat' dir='ltr'><strong>non</strong></span> <span class='ocrx_word' id='word_1_425' title='bbox 793 2441 1043 2475; x_wconf 81' lang='lat' dir='ltr'><strong>comprehendatur.</strong></span> 
     </span>
    </p>
   </div>
   <div class='ocr_carea' id='block_1_54' title="bbox 279 2475 1044 2523">
    <p class='ocr_par' dir='ltr' id='par_1_54' title="bbox 279 2475 1044 2523">
     <span class='ocr_line' id='line_1_54' title="bbox 279 2475 1044 2523; baseline 0.017 -21"><span class='ocrx_word' id='word_1_426' title='bbox 279 2475 356 2523; x_wconf 61' lang='grc' dir='ltr'><strong>ρυοά</strong></span> <span class='ocrx_word' id='word_1_427' title='bbox 372 2478 416 2505; x_wconf 89' lang='lat' dir='ltr'><strong>ille</strong></span> <span class='ocrx_word' id='word_1_428' title='bbox 431 2480 529 2508; x_wconf 90' lang='lat' dir='ltr'><strong>ibidem</strong></span> <span class='ocrx_word' id='word_1_429' title='bbox 548 2481 661 2509; x_wconf 86' lang='lat' dir='ltr'><strong>alIirmat</strong></span> <span class='ocrx_word' id='word_1_430' title='bbox 680 2483 722 2511; x_wconf 88' lang='lat' dir='ltr'><strong>his</strong></span> <span class='ocrx_word' id='word_1_431' title='bbox 741 2485 848 2512; x_wconf 85' lang='lat' dir='ltr'><strong>verbis:</strong></span> <span class='ocrx_word' id='word_1_432' title='bbox 872 2486 949 2514; x_wconf 81' lang='grc' dir='ltr'><strong>Ἀλλὰ</strong></span> <span class='ocrx_word' id='word_1_433' title='bbox 965 2488 1044 2523; x_wconf 78' lang='grc' dir='ltr'>φοὸῇ,</span> 
     </span>
    </p>
   </div>
   <div class='ocr_carea' id='block_1_55' title="bbox 278 2516 1046 2568">
    <p class='ocr_par' dir='ltr' id='par_1_55' title="bbox 278 2516 1046 2568">
     <span class='ocr_line' id='line_1_55' title="bbox 278 2516 1046 2568; baseline 0.02 -23"><span class='ocrx_word' id='word_1_434' title='bbox 278 2516 306 2568; x_wconf 64' lang='grc' dir='ltr'><strong>ὦ⁸</strong></span> <span class='ocrx_word' id='word_1_435' title='bbox 314 2521 446 2555; x_wconf 83' lang='grc' dir='ltr'>ἄνθρωπε,</span> <span class='ocrx_word' id='word_1_436' title='bbox 463 2525 499 2560; x_wconf 85' lang='grc' dir='ltr'>μὴ</span> <span class='ocrx_word' id='word_1_437' title='bbox 517 2526 562 2553; x_wconf 77' lang='grc' dir='ltr'><strong>δύο</strong></span> <span class='ocrx_word' id='word_1_438' title='bbox 577 2527 735 2560; x_wconf 82' lang='grc' dir='ltr'><strong>ὑποστάσεις</strong></span> <span class='ocrx_word' id='word_1_439' title='bbox 748 2529 923 2566; x_wconf 68' lang='grc' dir='ltr'><strong>ὁμολογήσας,</strong></span> <span class='ocrx_word' id='word_1_440' title='bbox 939 2516 985 2559; x_wconf 79' lang='grc' dir='ltr'>δύο</span> 
     </span>
    </p>
   </div>
   <div class='ocr_carea' id='block_1_56' title="bbox 279 2564 1043 2610">
    <p class='ocr_par' dir='ltr' id='par_1_56' title="bbox 279 2564 1043 2610">
     <span class='ocr_line' id='line_1_56' title="bbox 279 2564 1043 2610; baseline 0.018 -20"><span class='ocrx_word' id='word_1_441' title='bbox 279 2564 328 2599; x_wconf 84' lang='grc' dir='ltr'>χὰς</span> <span class='ocrx_word' id='word_1_442' title='bbox 340 2566 502 2601; x_wconf 78' lang='grc' dir='ltr'>εἰσαγάγοις,</span> <span class='ocrx_word' id='word_1_443' title='bbox 517 2571 563 2597; x_wconf 79' lang='grc' dir='ltr'><strong>καὶ</strong></span> <span class='ocrx_word' id='word_1_444' title='bbox 578 2573 626 2607; x_wconf 84' lang='grc' dir='ltr'>τῆς</span> <span class='ocrx_word' id='word_1_445' title='bbox 641 2575 804 2609; x_wconf 70' lang='grc' dir='ltr'>μοναρχικῆς</span> <span class='ocrx_word' id='word_1_446' title='bbox 820 2564 941 2610; x_wconf 68' lang='grc' dir='ltr'>θεότητος</span> <span class='ocrx_word' id='word_1_447' title='bbox 953 2564 1043 2604; x_wconf 62' lang='grc' dir='ltr'><strong>’ἐκπε-</strong></span> 
     </span>
    </p>
   </div>
   <div class='ocr_carea' id='block_1_57' title="bbox 281 2611 1045 2656">
    <p class='ocr_par' dir='ltr' id='par_1_57' title="bbox 281 2611 1045 2656">
     <span class='ocr_line' id='line_1_57' title="bbox 281 2611 1045 2656; baseline 0.018 -21"><span class='ocrx_word' id='word_1_448' title='bbox 281 2617 346 2642; x_wconf 88' lang='grc' dir='ltr'>σοις.</span> <span class='ocrx_word' id='word_1_449' title='bbox 362 2611 486 2638; x_wconf 84' lang='grc' dir='ltr'>Μάνθανε</span> <span class='ocrx_word' id='word_1_450' title='bbox 507 2616 603 2649; x_wconf 80' lang='grc' dir='ltr'>τοίνυν,</span> <span class='ocrx_word' id='word_1_451' title='bbox 626 2618 672 2650; x_wconf 86' lang='grc' dir='ltr'><strong>ὡς,</strong></span> <span class='ocrx_word' id='word_1_452' title='bbox 690 2619 747 2650; x_wconf 77' lang='grc' dir='ltr'>ἑνὸς</span> <span class='ocrx_word' id='word_1_453' title='bbox 767 2619 840 2651; x_wconf 75' lang='grc' dir='ltr'>ὄντος</span> <span class='ocrx_word' id='word_1_454' title='bbox 862 2621 978 2656; x_wconf 83' lang='grc' dir='ltr'>ἀνάρχου</span> <span class='ocrx_word' id='word_1_455' title='bbox 1000 2624 1045 2649; x_wconf 79' lang='grc' dir='ltr'><strong>καὶ</strong></span> 
     </span>
    </p>
   </div>
   <div class='ocr_carea' id='block_1_58' title="bbox 279 2655 1043 2702">
    <p class='ocr_par' dir='ltr' id='par_1_58' title="bbox 279 2655 1043 2702">
     <span class='ocr_line' id='line_1_58' title="bbox 279 2655 1043 2702; baseline 0.02 -23"><span class='ocrx_word' id='word_1_456' title='bbox 279 2655 427 2702; x_wconf 33' lang='grc' dir='ltr'>ἀγιννήτου.</span> <span class='ocrx_word' id='word_1_457' title='bbox 442 2656 520 2689; x_wconf 80' lang='grc' dir='ltr'>Θεοῦ,</span> <span class='ocrx_word' id='word_1_458' title='bbox 542 2660 586 2686; x_wconf 83' lang='grc' dir='ltr'><strong>τοῦ</strong></span> <span class='ocrx_word' id='word_1_459' title='bbox 607 2661 634 2687; x_wconf 79' lang='grc' dir='ltr'><strong>δὲ</strong></span> <span class='ocrx_word' id='word_1_460' title='bbox 649 2663 713 2690; x_wconf 87' lang='grc' dir='ltr'><strong>Υἱοῦ</strong></span> <span class='ocrx_word' id='word_1_461' title='bbox 730 2663 759 2696; x_wconf 75' lang='grc' dir='ltr'><strong>ἐξ</strong></span> <span class='ocrx_word' id='word_1_462' title='bbox 778 2665 858 2691; x_wconf 79' lang='grc' dir='ltr'>αὑτοῦ</span> <span class='ocrx_word' id='word_1_463' title='bbox 881 2655 1043 2702; x_wconf 51' lang='grc' dir='ltr'>γενεννημὲ-</span> 
     </span>
    </p>
   </div>
   <div class='ocr_carea' id='block_1_59' title="bbox 278 2699 1040 2747">
    <p class='ocr_par' dir='ltr' id='par_1_59' title="bbox 278 2699 1040 2747">
     <span class='ocr_line' id='line_1_59' title="bbox 278 2699 1040 2747; baseline 0.02 -23"><span class='ocrx_word' id='word_1_464' title='bbox 278 2707 334 2732; x_wconf 86' lang='grc' dir='ltr'>νου,</span> <span class='ocrx_word' id='word_1_465' title='bbox 350 2699 398 2734; x_wconf 84' lang='grc' dir='ltr'><strong>μία</strong></span> <span class='ocrx_word' id='word_1_466' title='bbox 414 2700 488 2728; x_wconf 80' lang='grc' dir='ltr'>ἔσται</span> <span class='ocrx_word' id='word_1_467' title='bbox 502 2702 582 2737; x_wconf 83' lang='grc' dir='ltr'>ἀρχὴ,</span> <span class='ocrx_word' id='word_1_468' title='bbox 597 2708 725 2742; x_wconf 83' lang='grc' dir='ltr'>μοναρχία</span> <span class='ocrx_word' id='word_1_469' title='bbox 739 2717 768 2735; x_wconf 84' lang='grc' dir='ltr'><strong>τε</strong></span> <span class='ocrx_word' id='word_1_470' title='bbox 780 2710 826 2736; x_wconf 76' lang='grc' dir='ltr'>καὶ</span> <span class='ocrx_word' id='word_1_471' title='bbox 841 2699 959 2745; x_wconf 81' lang='grc' dir='ltr'>βασιλεία</span> <span class='ocrx_word' id='word_1_472' title='bbox 977 2699 1040 2747; x_wconf 69' lang='grc' dir='ltr'>μία·</span> 
     </span>
    </p>
   </div>
   <div class='ocr_carea' id='block_1_60' title="bbox 313 2764 1041 2808">
    <p class='ocr_par' dir='ltr' id='par_1_60' title="bbox 313 2764 1041 2808">
     <span class='ocr_line' id='line_1_60' title="bbox 313 2764 1041 2808; baseline 0.008 -12"><span class='ocrx_word' id='word_1_473' title='bbox 313 2764 637 2808; x_wconf 43' lang='grc' dir='ltr'><strong>ξαλςεηινῃςῃιπῄιηρεει,</strong></span> <span class='ocrx_word' id='word_1_474' title='bbox 649 2772 737 2808; x_wconf 27' lang='grc' dir='ltr'><strong>ρι’-ξε,</strong></span> <span class='ocrx_word' id='word_1_475' title='bbox 756 2774 816 2805; x_wconf 74' lang='grc' dir='ltr'>διιι,</span> <span class='ocrx_word' id='word_1_476' title='bbox 831 2776 892 2807; x_wconf 80' lang='lat'><strong>551,</strong></span> <span class='ocrx_word' id='word_1_477' title='bbox 905 2776 965 2808; x_wconf 80' lang='lat'><strong>558,</strong></span> <span class='ocrx_word' id='word_1_478' title='bbox 980 2777 1041 2808; x_wconf 77' lang='lat'><strong>372,</strong></span> 
     </span>
    </p>
   </div>
   <div class='ocr_carea' id='block_1_61' title="bbox 278 2798 1040 2841">
    <p class='ocr_par' dir='ltr' id='par_1_61' title="bbox 278 2798 1040 2841">
     <span class='ocr_line' id='line_1_61' title="bbox 278 2798 1040 2841; baseline 0.02 -18"><span class='ocrx_word' id='word_1_479' title='bbox 278 2798 340 2841; x_wconf 51' lang='lat' dir='ltr'><strong>gini,</strong></span> <span class='ocrx_word' id='word_1_480' title='bbox 355 2798 418 2841; x_wconf 63' lang='lat'><strong>317.</strong></span> <span class='ocrx_word' id='word_1_481' title='bbox 435 2800 497 2841; x_wconf 68' lang='lat'><strong>“0,</strong></span> <span class='ocrx_word' id='word_1_482' title='bbox 511 2801 572 2833; x_wconf 72' lang='lat' dir='ltr'><strong>tes,</strong></span> <span class='ocrx_word' id='word_1_483' title='bbox 588 2798 965 2841; x_wconf 52' lang='lat' dir='ltr'><strong>491,_&#39;5§3,f53&#39;tj&#39;5s§&#39;,&#39;5“§i.’</strong></span> <span class='ocrx_word' id='word_1_484' title='bbox 979 2798 1040 2840; x_wconf 66' lang='grc' dir='ltr'><strong>Ξέιῆζ</strong></span> 
     </span>
    </p>
   </div>
   <div class='ocr_carea' id='block_1_62' title="bbox 281 2831 1040 2880">
    <p class='ocr_par' dir='ltr' id='par_1_62' title="bbox 281 2831 1040 2880">
     <span class='ocr_line' id='line_1_62' title="bbox 281 2831 1040 2880; baseline 0.018 -21"><span class='ocrx_word' id='word_1_485' title='bbox 281 2832 346 2866; x_wconf 80' lang='grc'><strong>598;</strong></span> <span class='ocrx_word' id='word_1_486' title='bbox 368 2831 515 2861; x_wconf 76' lang='lat' dir='ltr'><strong>Demonstr.</strong></span> <span class='ocrx_word' id='word_1_487' title='bbox 535 2831 623 2870; x_wconf 82' lang='lat' dir='ltr'><strong>evang.</strong></span> <span class='ocrx_word' id='word_1_488' title='bbox 642 2831 704 2870; x_wconf 68' lang='lat'><strong>“7,</strong></span> <span class='ocrx_word' id='word_1_489' title='bbox 720 2831 960 2877; x_wconf 61' lang='grc' dir='ltr'><strong>⁷ιὶὲ,”ιὶξιζ’2ἷιέξ’</strong></span> 
     </span>
    </p>
   </div>
   <div class='ocr_carea' id='block_1_63' title="bbox 1099 298 1822 335">
    <p class='ocr_par' dir='ltr' id='par_1_63' title="bbox 1099 298 1822 335">
     <span class='ocr_line' id='line_1_63' title="bbox 1099 298 1822 335; baseline 0.007 -11"><span class='ocrx_word' id='word_1_490' title='bbox 1099 298 1144 324; x_wconf 78' lang='grc' dir='ltr'><strong>τοῦ</strong></span> <span class='ocrx_word' id='word_1_491' title='bbox 1159 299 1274 333; x_wconf 81' lang='grc' dir='ltr'>Πατέρα.</span> <span class='ocrx_word' id='word_1_492' title='bbox 1292 301 1403 335; x_wconf 76' lang='grc' dir='ltr'>Κεφαλὴ</span> <span class='ocrx_word' id='word_1_493' title='bbox 1423 302 1474 335; x_wconf 78' lang='grc' dir='ltr'><strong>γὰρ</strong></span> <span class='ocrx_word' id='word_1_494' title='bbox 1493 300 1604 334; x_wconf 78' lang='grc' dir='ltr'>Χριστοῦ</span> <span class='ocrx_word' id='word_1_495' title='bbox 1618 302 1631 326; x_wconf 81' lang='grc' dir='ltr'>ὁ</span> <span class='ocrx_word' id='word_1_496' title='bbox 1644 301 1714 331; x_wconf 71' lang='grc' dir='ltr'>Θεὸς.</span> <span class='ocrx_word' id='word_1_497' title='bbox 1728 304 1791 329; x_wconf 78' lang='grc' dir='ltr'>κατὰ</span> <span class='ocrx_word' id='word_1_498' title='bbox 1805 305 1822 329; x_wconf 70' lang='grc' dir='ltr'><strong>τί</strong></span> 
     </span>
    </p>
   </div>
   <div class='ocr_carea' id='block_1_64' title="bbox 1104 344 1822 378">
    <p class='ocr_par' dir='ltr' id='par_1_64' title="bbox 1104 344 1822 378">
     <span class='ocr_line' id='line_1_64' title="bbox 1104 344 1822 378; baseline 0.006 -9"><span class='ocrx_word' id='word_1_499' title='bbox 1104 344 1267 374; x_wconf 83' lang='grc' dir='ltr'>Ἀπόστολον,</span> <span class='ocrx_word' id='word_1_500' title='bbox 1283 344 1332 371; x_wconf 91' lang='lat' dir='ltr'><strong>hoc</strong></span> <span class='ocrx_word' id='word_1_501' title='bbox 1345 350 1386 372; x_wconf 88' lang='lat' dir='ltr'><strong>est</strong></span> <span class='ocrx_word' id='word_1_502' title='bbox 1397 355 1403 372; x_wconf 84' lang='lat'><strong>:</strong></span> <span class='ocrx_word' id='word_1_503' title='bbox 1416 345 1448 371; x_wconf 81' lang='grc' dir='ltr'>Αι</span> <span class='ocrx_word' id='word_1_504' title='bbox 1458 345 1558 376; x_wconf 70' lang='lat' dir='ltr'><strong>vereris,</strong></span> <span class='ocrx_word' id='word_1_505' title='bbox 1571 346 1604 371; x_wconf 92' lang='lat' dir='ltr'><strong>mi</strong></span> <span class='ocrx_word' id='word_1_506' title='bbox 1615 345 1742 378; x_wconf 77' lang='lat' dir='ltr'><strong>homo,ne,</strong></span> <span class='ocrx_word' id='word_1_507' title='bbox 1756 347 1777 372; x_wconf 87' lang='lat' dir='ltr'><strong>si</strong></span> <span class='ocrx_word' id='word_1_508' title='bbox 1786 348 1822 373; x_wconf 73' lang='lat' dir='ltr'><strong>dut</strong></span> 
     </span>
    </p>
   </div>
   <div class='ocr_carea' id='block_1_65' title="bbox 1098 387 1818 422">
    <p class='ocr_par' dir='ltr' id='par_1_65' title="bbox 1098 387 1818 422">
     <span class='ocr_line' id='line_1_65' title="bbox 1098 387 1818 422; baseline 0.003 -8"><span class='ocrx_word' id='word_1_509' title='bbox 1098 388 1196 422; x_wconf 82' lang='lat' dir='ltr'><strong>fateare</strong></span> <span class='ocrx_word' id='word_1_510' title='bbox 1208 387 1379 420; x_wconf 71' lang='lat' dir='ltr'><strong>substantias,</strong></span> <span class='ocrx_word' id='word_1_511' title='bbox 1394 390 1443 415; x_wconf 85' lang='lat' dir='ltr'><strong>duo</strong></span> <span class='ocrx_word' id='word_1_512' title='bbox 1456 390 1515 415; x_wconf 88' lang='lat' dir='ltr'><strong>item</strong></span> <span class='ocrx_word' id='word_1_513' title='bbox 1529 389 1652 422; x_wconf 82' lang='lat' dir='ltr'><strong>primipia</strong></span> <span class='ocrx_word' id='word_1_514' title='bbox 1668 389 1781 419; x_wconf 81' lang='lat' dir='ltr'><strong>inducas.</strong></span> <span class='ocrx_word' id='word_1_515' title='bbox 1797 396 1818 416; x_wconf 75' lang='grc' dir='ltr'><strong>ιι</strong></span> 
     </span>
    </p>
   </div>
   <div class='ocr_carea' id='block_1_66' title="bbox 1098 432 1824 468">
    <p class='ocr_par' dir='ltr' id='par_1_66' title="bbox 1098 432 1824 468">
     <span class='ocr_line' id='line_1_66' title="bbox 1098 432 1824 468; baseline 0.004 -10"><span class='ocrx_word' id='word_1_516' title='bbox 1098 432 1262 458; x_wconf 73' lang='lat' dir='ltr'><strong>manare/lica</strong></span> <span class='ocrx_word' id='word_1_517' title='bbox 1274 432 1370 459; x_wconf 79' lang='lat' dir='ltr'><strong>deitate</strong></span> <span class='ocrx_word' id='word_1_518' title='bbox 1384 433 1497 460; x_wconf 77' lang='lat' dir='ltr'><strong>excidas.</strong></span> <span class='ocrx_word' id='word_1_519' title='bbox 1514 433 1604 459; x_wconf 80' lang='lat' dir='ltr'><strong>Discus</strong></span> <span class='ocrx_word' id='word_1_520' title='bbox 1620 433 1705 467; x_wconf 78' lang='lat' dir='ltr'><strong>igitur.</strong></span> <span class='ocrx_word' id='word_1_521' title='bbox 1723 435 1785 468; x_wconf 87' lang='lat' dir='ltr'><strong>quod</strong></span> <span class='ocrx_word' id='word_1_522' title='bbox 1797 443 1824 461; x_wconf 81' lang='lat' dir='ltr'><strong>cu</strong></span> 
     </span>
    </p>
   </div>
   <div class='ocr_carea' id='block_1_67' title="bbox 1097 476 1822 511">
    <p class='ocr_par' dir='ltr' id='par_1_67' title="bbox 1097 476 1822 511">
     <span class='ocr_line' id='line_1_67' title="bbox 1097 476 1822 511; baseline 0.003 -9"><span class='ocrx_word' id='word_1_523' title='bbox 1097 484 1163 503; x_wconf 80' lang='lat' dir='ltr'><strong>unus</strong></span> <span class='ocrx_word' id='word_1_524' title='bbox 1179 477 1213 502; x_wconf 83' lang='lat' dir='ltr'><strong>sit</strong></span> <span class='ocrx_word' id='word_1_525' title='bbox 1225 477 1279 502; x_wconf 85' lang='lat' dir='ltr'><strong>sine</strong></span> <span class='ocrx_word' id='word_1_526' title='bbox 1290 477 1419 510; x_wconf 74' lang='lat' dir='ltr'><strong>principio</strong></span> <span class='ocrx_word' id='word_1_527' title='bbox 1431 481 1454 503; x_wconf 92' lang='lat' dir='ltr'><strong>et</strong></span> <span class='ocrx_word' id='word_1_528' title='bbox 1476 477 1602 511; x_wconf 81' lang='lat' dir='ltr'><strong>ingenitus</strong></span> <span class='ocrx_word' id='word_1_529' title='bbox 1622 476 1700 508; x_wconf 85' lang='lat' dir='ltr'><strong>Deus,</strong></span> <span class='ocrx_word' id='word_1_530' title='bbox 1718 477 1796 504; x_wconf 78' lang='lat' dir='ltr'><strong>Filius</strong></span> <span class='ocrx_word' id='word_1_531' title='bbox 1809 487 1822 504; x_wconf 83' lang='grc' dir='ltr'><em>α</em></span> 
     </span>
    </p>
   </div>
   <div class='ocr_carea' id='block_1_68' title="bbox 1099 520 1822 557">
    <p class='ocr_par' dir='ltr' id='par_1_68' title="bbox 1099 520 1822 557">
     <span class='ocr_line' id='line_1_68' title="bbox 1099 520 1822 557; baseline 0.003 -10"><span class='ocrx_word' id='word_1_532' title='bbox 1099 526 1149 548; x_wconf 88' lang='lat' dir='ltr'><strong>tem</strong></span> <span class='ocrx_word' id='word_1_533' title='bbox 1171 529 1201 548; x_wconf 69' lang='lat' dir='ltr'><strong>ex</strong></span> <span class='ocrx_word' id='word_1_534' title='bbox 1223 520 1268 548; x_wconf 84' lang='lat' dir='ltr'><strong>illo</strong></span> <span class='ocrx_word' id='word_1_535' title='bbox 1289 522 1424 556; x_wconf 85' lang='lat' dir='ltr'><strong>gignatur,</strong></span> <span class='ocrx_word' id='word_1_536' title='bbox 1449 529 1526 547; x_wconf 87' lang='lat' dir='ltr'><strong>unum</strong></span> <span class='ocrx_word' id='word_1_537' title='bbox 1550 523 1690 548; x_wconf 84' lang='lat' dir='ltr'><strong>necessario</strong></span> <span class='ocrx_word' id='word_1_538' title='bbox 1707 523 1822 557; x_wconf 73' lang='lat' dir='ltr'><strong>principia</strong></span> 
     </span>
    </p>
   </div>
   <div class='ocr_carea' id='block_1_69' title="bbox 1099 566 1823 600">
    <p class='ocr_par' dir='ltr' id='par_1_69' title="bbox 1099 566 1823 600">
     <span class='ocr_line' id='line_1_69' title="bbox 1099 566 1823 600; baseline 0.004 -9"><span class='ocrx_word' id='word_1_539' title='bbox 1099 566 1186 599; x_wconf 74' lang='lat' dir='ltr'><strong>fuerit,</strong></span> <span class='ocrx_word' id='word_1_540' title='bbox 1204 567 1353 593; x_wconf 72' lang='lat' dir='ltr'><strong>mortarcliia</strong></span> <span class='ocrx_word' id='word_1_541' title='bbox 1369 571 1397 593; x_wconf 71' lang='lat' dir='ltr'><strong>et</strong></span> <span class='ocrx_word' id='word_1_542' title='bbox 1411 574 1513 600; x_wconf 82' lang='lat' dir='ltr'><strong>regnum</strong></span> <span class='ocrx_word' id='word_1_543' title='bbox 1526 574 1621 595; x_wconf 81' lang='lat' dir='ltr'><strong>unum;</strong></span> <span class='ocrx_word' id='word_1_544' title='bbox 1635 567 1696 600; x_wconf 84' lang='lat' dir='ltr'><strong>quia</strong></span> <span class='ocrx_word' id='word_1_545' title='bbox 1710 567 1761 600; x_wconf 83' lang='lat' dir='ltr'><strong>ipse</strong></span> <span class='ocrx_word' id='word_1_546' title='bbox 1775 567 1823 594; x_wconf 83' lang='lat' dir='ltr'><strong>Fili</strong></span> 
     </span>
    </p>
   </div>
   <div class='ocr_carea' id='block_1_70' title="bbox 1099 611 1821 646">
    <p class='ocr_par' dir='ltr' id='par_1_70' title="bbox 1099 611 1821 646">
     <span class='ocr_line' id='line_1_70' title="bbox 1099 611 1821 646; baseline 0.001 -9"><span class='ocrx_word' id='word_1_547' title='bbox 1099 611 1204 637; x_wconf 84' lang='lat' dir='ltr'><strong>Patrem</strong></span> <span class='ocrx_word' id='word_1_548' title='bbox 1218 620 1291 637; x_wconf 82' lang='lat' dir='ltr'><strong>suum</strong></span> <span class='ocrx_word' id='word_1_549' title='bbox 1307 612 1463 646; x_wconf 80' lang='lat' dir='ltr'><strong>principium</strong></span> <span class='ocrx_word' id='word_1_550' title='bbox 1480 611 1605 638; x_wconf 77' lang='lat' dir='ltr'><strong>ascribit:</strong></span> <span class='ocrx_word' id='word_1_551' title='bbox 1621 617 1696 645; x_wconf 73' lang='lat' dir='ltr'><strong>caput</strong></span> <span class='ocrx_word' id='word_1_552' title='bbox 1710 612 1773 638; x_wconf 86' lang='lat' dir='ltr'><strong>enim</strong></span> <span class='ocrx_word' id='word_1_553' title='bbox 1788 612 1821 639; x_wconf 79' lang='lat' dir='ltr'><strong>Cll</strong></span> 
     </span>
    </p>
   </div>
   <div class='ocr_carea' id='block_1_71' title="bbox 1097 656 1823 691">
    <p class='ocr_par' dir='ltr' id='par_1_71' title="bbox 1097 656 1823 691">
     <span class='ocr_line' id='line_1_71' title="bbox 1097 656 1823 691; baseline 0 -9"><span class='ocrx_word' id='word_1_554' title='bbox 1097 657 1132 682; x_wconf 85' lang='lat' dir='ltr'><strong>sti</strong></span> <span class='ocrx_word' id='word_1_555' title='bbox 1148 656 1217 683; x_wconf 83' lang='lat' dir='ltr'><strong>Deus</strong></span> <span class='ocrx_word' id='word_1_556' title='bbox 1234 661 1282 687; x_wconf 81' lang='lat' dir='ltr'><strong>est,</strong></span> <span class='ocrx_word' id='word_1_557' title='bbox 1297 657 1436 683; x_wconf 82' lang='lat' dir='ltr'><strong>secundant</strong></span> <span class='ocrx_word' id='word_1_558' title='bbox 1459 656 1611 691; x_wconf 81' lang='lat' dir='ltr'><strong>Apostolum</strong></span> <span class='ocrx_word' id='word_1_559' title='bbox 1634 656 1659 691; x_wconf 90' lang='grc'><strong>(1</strong></span> <span class='ocrx_word' id='word_1_560' title='bbox 1676 657 1737 683; x_wconf 86' lang='lat' dir='ltr'><strong>Cor.</strong></span> <span class='ocrx_word' id='word_1_561' title='bbox 1758 665 1793 689; x_wconf 73' lang='grc' dir='ltr'>ιι,</span> <span class='ocrx_word' id='word_1_562' title='bbox 1821 659 1823 682; x_wconf 74' lang='lat'><strong>1</strong></span> 
     </span>
    </p>
   </div>
   <div class='ocr_carea' id='block_1_72' title="bbox 1099 700 1822 736">
    <p class='ocr_par' dir='ltr' id='par_1_72' title="bbox 1099 700 1822 736">
     <span class='ocr_line' id='line_1_72' title="bbox 1099 700 1822 736; baseline 0.003 -10"><span class='ocrx_word' id='word_1_563' title='bbox 1099 700 1149 727; x_wconf 90' lang='lat' dir='ltr'><strong>Ubi</strong></span> <span class='ocrx_word' id='word_1_564' title='bbox 1164 701 1254 727; x_wconf 85' lang='lat' dir='ltr'><strong>videas</strong></span> <span class='ocrx_word' id='word_1_565' title='bbox 1266 701 1465 728; x_wconf 87' lang='lat' dir='ltr'><strong>monarchicam</strong></span> <span class='ocrx_word' id='word_1_566' title='bbox 1479 701 1536 728; x_wconf 89' lang='lat' dir='ltr'><strong>sive</strong></span> <span class='ocrx_word' id='word_1_567' title='bbox 1549 708 1629 727; x_wconf 92' lang='lat' dir='ltr'><strong>unam</strong></span> <span class='ocrx_word' id='word_1_568' title='bbox 1644 701 1714 727; x_wconf 89' lang='lat' dir='ltr'><strong>illam</strong></span> <span class='ocrx_word' id='word_1_569' title='bbox 1730 706 1755 728; x_wconf 85' lang='lat' dir='ltr'><strong>et</strong></span> <span class='ocrx_word' id='word_1_570' title='bbox 1770 702 1822 736; x_wconf 85' lang='lat' dir='ltr'><strong>prin</strong></span> 
     </span>
    </p>
   </div>
   <div class='ocr_carea' id='block_1_73' title="bbox 1099 744 1823 778">
    <p class='ocr_par' dir='ltr' id='par_1_73' title="bbox 1099 744 1823 778">
     <span class='ocr_line' id='line_1_73' title="bbox 1099 744 1823 778; baseline 0.001 -8"><span class='ocrx_word' id='word_1_571' title='bbox 1099 744 1167 770; x_wconf 89' lang='lat' dir='ltr'><strong>riam</strong></span> <span class='ocrx_word' id='word_1_572' title='bbox 1184 744 1319 778; x_wconf 84' lang='lat' dir='ltr'><strong>deitatem,</strong></span> <span class='ocrx_word' id='word_1_573' title='bbox 1342 752 1375 771; x_wconf 83' lang='lat' dir='ltr'><strong>ex</strong></span> <span class='ocrx_word' id='word_1_574' title='bbox 1400 744 1515 772; x_wconf 88' lang='lat' dir='ltr'><strong>Eusebio</strong></span> <span class='ocrx_word' id='word_1_575' title='bbox 1539 745 1566 771; x_wconf 90' lang='lat' dir='ltr'><strong>in</strong></span> <span class='ocrx_word' id='word_1_576' title='bbox 1582 744 1660 772; x_wconf 87' lang='lat' dir='ltr'><strong>Patre</strong></span> <span class='ocrx_word' id='word_1_577' title='bbox 1681 746 1738 771; x_wconf 89' lang='lat' dir='ltr'><strong>solo</strong></span> <span class='ocrx_word' id='word_1_578' title='bbox 1752 754 1823 772; x_wconf 76' lang='lat' dir='ltr'><strong>serva</strong></span> 
     </span>
    </p>
   </div>
   <div class='ocr_carea' id='block_1_74' title="bbox 1100 788 1820 823">
    <p class='ocr_par' dir='ltr' id='par_1_74' title="bbox 1100 788 1820 823">
     <span class='ocr_line' id='line_1_74' title="bbox 1100 788 1820 823; baseline 0.003 -8"><span class='ocrx_word' id='word_1_579' title='bbox 1100 788 1168 821; x_wconf 85' lang='lat' dir='ltr'><strong>Quia</strong></span> <span class='ocrx_word' id='word_1_580' title='bbox 1195 797 1258 816; x_wconf 89' lang='lat' dir='ltr'><strong>vero</strong></span> <span class='ocrx_word' id='word_1_581' title='bbox 1281 790 1397 823; x_wconf 78' lang='lat' dir='ltr'><strong>aliquam</strong></span> <span class='ocrx_word' id='word_1_582' title='bbox 1421 789 1510 816; x_wconf 87' lang='lat' dir='ltr'><strong>Patris</strong></span> <span class='ocrx_word' id='word_1_583' title='bbox 1526 794 1553 816; x_wconf 88' lang='lat' dir='ltr'><strong>et</strong></span> <span class='ocrx_word' id='word_1_584' title='bbox 1575 789 1636 815; x_wconf 84' lang='lat' dir='ltr'><strong>Filii</strong></span> <span class='ocrx_word' id='word_1_585' title='bbox 1661 790 1786 817; x_wconf 87' lang='lat' dir='ltr'><strong>unitatem</strong></span> <span class='ocrx_word' id='word_1_586' title='bbox 1806 798 1820 817; x_wconf 90' lang='lat' dir='ltr'><strong>c</strong></span> 
     </span>
    </p>
   </div>
   <div class='ocr_carea' id='block_1_75' title="bbox 1099 834 1823 869">
    <p class='ocr_par' dir='ltr' id='par_1_75' title="bbox 1099 834 1823 869">
     <span class='ocr_line' id='line_1_75' title="bbox 1099 834 1823 869; baseline 0.001 -9"><span class='ocrx_word' id='word_1_587' title='bbox 1099 834 1246 861; x_wconf 85' lang='lat' dir='ltr'><strong>concedere</strong></span> <span class='ocrx_word' id='word_1_588' title='bbox 1261 841 1370 861; x_wconf 87' lang='lat' dir='ltr'><strong>necesse</strong></span> <span class='ocrx_word' id='word_1_589' title='bbox 1387 834 1436 861; x_wconf 80' lang='lat' dir='ltr'><strong>fuit</strong></span> <span class='ocrx_word' id='word_1_590' title='bbox 1449 835 1600 862; x_wconf 82' lang='lat' dir='ltr'><strong>secundum</strong></span> <span class='ocrx_word' id='word_1_591' title='bbox 1613 835 1695 861; x_wconf 89' lang='lat' dir='ltr'><strong>illud:</strong></span> <span class='ocrx_word' id='word_1_592' title='bbox 1714 835 1768 869; x_wconf 88' lang='lat' dir='ltr'><strong>Ego</strong></span> <span class='ocrx_word' id='word_1_593' title='bbox 1781 840 1803 861; x_wconf 93' lang='lat' dir='ltr'><strong>et</strong></span> <span class='ocrx_word' id='word_1_594' title='bbox 1818 836 1823 861; x_wconf 62' lang='grc' dir='ltr'><em>Α</em></span> 
     </span>
    </p>
   </div>
   <div class='ocr_carea' id='block_1_76' title="bbox 1100 878 1823 914">
    <p class='ocr_par' dir='ltr' id='par_1_76' title="bbox 1100 878 1823 914">
     <span class='ocr_line' id='line_1_76' title="bbox 1100 878 1823 914; baseline 0.003 -10"><span class='ocrx_word' id='word_1_595' title='bbox 1100 883 1138 905; x_wconf 88' lang='lat' dir='ltr'><strong>ter</strong></span> <span class='ocrx_word' id='word_1_596' title='bbox 1150 887 1228 905; x_wconf 84' lang='lat' dir='ltr'><strong>unum</strong></span> <span class='ocrx_word' id='word_1_597' title='bbox 1246 887 1334 905; x_wconf 84' lang='lat' dir='ltr'><strong>sumus</strong></span> <span class='ocrx_word' id='word_1_598' title='bbox 1349 879 1439 914; x_wconf 82' lang='lat' dir='ltr'><strong>(Joan.</strong></span> <span class='ocrx_word' id='word_1_599' title='bbox 1453 887 1481 911; x_wconf 74' lang='grc' dir='ltr'>ι,</span> <span class='ocrx_word' id='word_1_600' title='bbox 1492 878 1549 913; x_wconf 84' lang='lat'><strong>&#39;50),</strong></span> <span class='ocrx_word' id='word_1_601' title='bbox 1570 879 1750 906; x_wconf 68' lang='lat' dir='ltr'><strong>animadverte</strong></span> <span class='ocrx_word' id='word_1_602' title='bbox 1771 880 1796 906; x_wconf 93' lang='lat' dir='ltr'><strong>in</strong></span> <span class='ocrx_word' id='word_1_603' title='bbox 1815 888 1823 906; x_wconf 87' lang='lat'><strong>(</strong></span> 
     </span>
    </p>
   </div>
   <div class='ocr_carea' id='block_1_77' title="bbox 1099 923 1823 955">
    <p class='ocr_par' dir='ltr' id='par_1_77' title="bbox 1099 923 1823 955">
     <span class='ocr_line' id='line_1_77' title="bbox 1099 923 1823 955; baseline 0.003 -7"><span class='ocrx_word' id='word_1_604' title='bbox 1099 923 1178 949; x_wconf 88' lang='lat' dir='ltr'><strong>talem</strong></span> <span class='ocrx_word' id='word_1_605' title='bbox 1200 924 1346 950; x_wconf 88' lang='lat' dir='ltr'><strong>constituat</strong></span> <span class='ocrx_word' id='word_1_606' title='bbox 1369 924 1501 950; x_wconf 87' lang='lat' dir='ltr'><strong>unitatem</strong></span> <span class='ocrx_word' id='word_1_607' title='bbox 1524 923 1667 955; x_wconf 84' lang='lat' dir='ltr'><strong>Eusebius,</strong></span> <span class='ocrx_word' id='word_1_608' title='bbox 1681 923 1698 949; x_wconf 89' lang='lat' dir='ltr'><strong>l.</strong></span> <span class='ocrx_word' id='word_1_609' title='bbox 1723 931 1753 950; x_wconf 92' lang='grc' dir='ltr'><strong>ιιι</strong></span> <span class='ocrx_word' id='word_1_610' title='bbox 1773 923 1823 951; x_wconf 85' lang='lat' dir='ltr'><strong>Con</strong></span> 
     </span>
    </p>
   </div>
   <div class='ocr_carea' id='block_1_78' title="bbox 1098 966 1811 1003">
    <p class='ocr_par' dir='ltr' id='par_1_78' title="bbox 1098 966 1811 1003">
     <span class='ocr_line' id='line_1_78' title="bbox 1098 966 1811 1003; baseline 0.004 -11"><span class='ocrx_word' id='word_1_611' title='bbox 1098 966 1261 1000; x_wconf 77' lang='lat' dir='ltr'><strong>Marcellum,</strong></span> <span class='ocrx_word' id='word_1_612' title='bbox 1277 975 1300 994; x_wconf 90' lang='lat' dir='ltr'><strong>c.</strong></span> <span class='ocrx_word' id='word_1_613' title='bbox 1318 968 1359 999; x_wconf 76' lang='lat' dir='ltr'><strong>i9,</strong></span> <span class='ocrx_word' id='word_1_614' title='bbox 1379 976 1404 1002; x_wconf 89' lang='lat' dir='ltr'><strong>p.</strong></span> <span class='ocrx_word' id='word_1_615' title='bbox 1425 968 1491 995; x_wconf 72' lang='lat'><strong>192:</strong></span> <span class='ocrx_word' id='word_1_616' title='bbox 1509 968 1565 994; x_wconf 78' lang='grc' dir='ltr'><strong>Καὶ</strong></span> <span class='ocrx_word' id='word_1_617' title='bbox 1583 968 1615 1003; x_wconf 83' lang='grc' dir='ltr'><strong>δὴ</strong></span> <span class='ocrx_word' id='word_1_618' title='bbox 1630 968 1698 994; x_wconf 69' lang='grc' dir='ltr'>κατὰ</span> <span class='ocrx_word' id='word_1_619' title='bbox 1722 969 1811 995; x_wconf 85' lang='grc' dir='ltr'>τοῦτον</span> 
     </span>
    </p>
   </div>
   <div class='ocr_carea' id='block_1_79' title="bbox 1097 1012 1824 1048">
    <p class='ocr_par' dir='ltr' id='par_1_79' title="bbox 1097 1012 1824 1048">
     <span class='ocr_line' id='line_1_79' title="bbox 1097 1012 1824 1048; baseline 0.003 -11"><span class='ocrx_word' id='word_1_620' title='bbox 1097 1012 1195 1046; x_wconf 80' lang='grc' dir='ltr'>τρόπον</span> <span class='ocrx_word' id='word_1_621' title='bbox 1210 1013 1238 1038; x_wconf 79' lang='grc' dir='ltr'>ἓν</span> <span class='ocrx_word' id='word_1_622' title='bbox 1252 1012 1319 1048; x_wconf 75' lang='grc' dir='ltr'>πρὸς</span> <span class='ocrx_word' id='word_1_623' title='bbox 1335 1013 1379 1039; x_wconf 83' lang='grc' dir='ltr'>τὸν</span> <span class='ocrx_word' id='word_1_624' title='bbox 1393 1013 1502 1048; x_wconf 78' lang='grc' dir='ltr'>Πατέρα</span> <span class='ocrx_word' id='word_1_625' title='bbox 1519 1013 1566 1038; x_wconf 80' lang='grc' dir='ltr'>καὶ</span> <span class='ocrx_word' id='word_1_626' title='bbox 1588 1013 1634 1038; x_wconf 83' lang='grc' dir='ltr'>τὸν</span> <span class='ocrx_word' id='word_1_627' title='bbox 1650 1012 1712 1039; x_wconf 74' lang='grc' dir='ltr'>Υίδν</span> <span class='ocrx_word' id='word_1_628' title='bbox 1729 1015 1753 1039; x_wconf 75' lang='grc' dir='ltr'>οἱ</span> <span class='ocrx_word' id='word_1_629' title='bbox 1776 1014 1824 1039; x_wconf 60' lang='grc' dir='ltr'><strong>πάι.</strong></span> 
     </span>
    </p>
   </div>
   <div class='ocr_carea' id='block_1_80' title="bbox 1097 1057 1815 1093">
    <p class='ocr_par' dir='ltr' id='par_1_80' title="bbox 1097 1057 1815 1093">
     <span class='ocr_line' id='line_1_80' title="bbox 1097 1057 1815 1093; baseline 0.004 -12"><span class='ocrx_word' id='word_1_630' title='bbox 1097 1057 1273 1091; x_wconf 81' lang='grc' dir='ltr'>γενησόμεθα.</span> <span class='ocrx_word' id='word_1_631' title='bbox 1291 1058 1392 1092; x_wconf 83' lang='grc' dir='ltr'>Ὥσπερ</span> <span class='ocrx_word' id='word_1_632' title='bbox 1414 1057 1469 1093; x_wconf 89' lang='grc' dir='ltr'>γὰρ</span> <span class='ocrx_word' id='word_1_633' title='bbox 1495 1058 1576 1089; x_wconf 79' lang='grc' dir='ltr'>αὐτὸς</span> <span class='ocrx_word' id='word_1_634' title='bbox 1601 1059 1697 1084; x_wconf 76' lang='grc' dir='ltr'>ἑαυτὸν</span> <span class='ocrx_word' id='word_1_635' title='bbox 1719 1067 1748 1084; x_wconf 86' lang='grc' dir='ltr'><strong>τε</strong></span> <span class='ocrx_word' id='word_1_636' title='bbox 1771 1060 1815 1085; x_wconf 78' lang='grc' dir='ltr'><strong>καὶ</strong></span> 
     </span>
    </p>
   </div>
   <div class='ocr_carea' id='block_1_81' title="bbox 1098 1100 1821 1138">
    <p class='ocr_par' dir='ltr' id='par_1_81' title="bbox 1098 1100 1821 1138">
     <span class='ocr_line' id='line_1_81' title="bbox 1098 1100 1821 1138; baseline 0.006 -11"><span class='ocrx_word' id='word_1_637' title='bbox 1098 1102 1204 1136; x_wconf 87' lang='grc' dir='ltr'>Πατέρα</span> <span class='ocrx_word' id='word_1_638' title='bbox 1216 1102 1243 1128; x_wconf 78' lang='grc' dir='ltr'>ἓν</span> <span class='ocrx_word' id='word_1_639' title='bbox 1256 1100 1323 1128; x_wconf 79' lang='grc' dir='ltr'>εἶναι</span> <span class='ocrx_word' id='word_1_640' title='bbox 1339 1102 1426 1136; x_wconf 73' lang='grc' dir='ltr'>ἔλεγε,</span> <span class='ocrx_word' id='word_1_641' title='bbox 1443 1103 1557 1136; x_wconf 79' lang='grc' dir='ltr'>φάσκων</span> <span class='ocrx_word' id='word_1_642' title='bbox 1567 1111 1574 1117; x_wconf 89' lang='grc'><strong>·</strong></span> <span class='ocrx_word' id='word_1_643' title='bbox 1598 1104 1670 1138; x_wconf 74' lang='grc' dir='ltr'><strong>Ἐγὼ</strong></span> <span class='ocrx_word' id='word_1_644' title='bbox 1682 1104 1730 1130; x_wconf 75' lang='grc' dir='ltr'><strong>καὶ</strong></span> <span class='ocrx_word' id='word_1_645' title='bbox 1747 1106 1763 1131; x_wconf 84' lang='grc' dir='ltr'><em>ὁ</em></span> <span class='ocrx_word' id='word_1_646' title='bbox 1779 1106 1821 1131; x_wconf 87' lang='grc' dir='ltr'>Πα</span> 
     </span>
    </p>
   </div>
   <div class='ocr_carea' id='block_1_82' title="bbox 1096 1147 1825 1184">
    <p class='ocr_par' dir='ltr' id='par_1_82' title="bbox 1096 1147 1825 1184">
     <span class='ocr_line' id='line_1_82' title="bbox 1096 1147 1825 1184; baseline 0 -10"><span class='ocrx_word' id='word_1_647' title='bbox 1096 1147 1130 1174; x_wconf 81' lang='grc' dir='ltr'><strong>ἓν</strong></span> <span class='ocrx_word' id='word_1_648' title='bbox 1145 1148 1236 1182; x_wconf 84' lang='grc' dir='ltr'>ἐσμεν</span> <span class='ocrx_word' id='word_1_649' title='bbox 1246 1156 1252 1162; x_wconf 90' lang='grc'><strong><em>“</em></strong></span> <span class='ocrx_word' id='word_1_650' title='bbox 1268 1147 1338 1174; x_wconf 79' lang='grc' dir='ltr'>οὕτω</span> <span class='ocrx_word' id='word_1_651' title='bbox 1354 1149 1399 1174; x_wconf 73' lang='grc' dir='ltr'><strong>καὶ</strong></span> <span class='ocrx_word' id='word_1_652' title='bbox 1421 1148 1526 1179; x_wconf 80' lang='grc' dir='ltr'>πάντας</span> <span class='ocrx_word' id='word_1_653' title='bbox 1540 1149 1626 1183; x_wconf 79' lang='grc' dir='ltr'>ἡμᾶς,</span> <span class='ocrx_word' id='word_1_654' title='bbox 1642 1149 1715 1175; x_wconf 77' lang='grc' dir='ltr'>κατὰ</span> <span class='ocrx_word' id='word_1_655' title='bbox 1735 1149 1784 1184; x_wconf 81' lang='grc' dir='ltr'>τὴν</span> <span class='ocrx_word' id='word_1_656' title='bbox 1800 1150 1825 1174; x_wconf 67' lang='grc' dir='ltr'><strong>αἱ</strong></span> 
     </span>
    </p>
   </div>
   <div class='ocr_carea' id='block_1_83' title="bbox 1099 1193 1824 1228">
    <p class='ocr_par' dir='ltr' id='par_1_83' title="bbox 1099 1193 1824 1228">
     <span class='ocr_line' id='line_1_83' title="bbox 1099 1193 1824 1228; baseline 0 -9"><span class='ocrx_word' id='word_1_657' title='bbox 1099 1193 1220 1228; x_wconf 86' lang='grc' dir='ltr'>μίμησιν,</span> <span class='ocrx_word' id='word_1_658' title='bbox 1241 1193 1290 1228; x_wconf 84' lang='grc' dir='ltr'>τῆς</span> <span class='ocrx_word' id='word_1_659' title='bbox 1310 1193 1434 1228; x_wconf 82' lang='grc' dir='ltr'>ὲνότητος</span> <span class='ocrx_word' id='word_1_660' title='bbox 1456 1194 1506 1228; x_wconf 83' lang='grc' dir='ltr'>τῆς</span> <span class='ocrx_word' id='word_1_661' title='bbox 1529 1193 1612 1219; x_wconf 82' lang='grc' dir='ltr'>αὑτοῦ</span> <span class='ocrx_word' id='word_1_662' title='bbox 1639 1195 1785 1228; x_wconf 81' lang='grc' dir='ltr'>μετασχεῖν</span> <span class='ocrx_word' id='word_1_663' title='bbox 1807 1195 1824 1220; x_wconf 62' lang='grc' dir='ltr'><strong>εἶ</strong></span> 
     </span>
    </p>
   </div>
   <div class='ocr_carea' id='block_1_84' title="bbox 1096 1236 1820 1272">
    <p class='ocr_par' dir='ltr' id='par_1_84' title="bbox 1096 1236 1820 1272">
     <span class='ocr_line' id='line_1_84' title="bbox 1096 1236 1820 1272; baseline 0 -9"><span class='ocrx_word' id='word_1_664' title='bbox 1096 1245 1155 1263; x_wconf 71' lang='grc' dir='ltr'>ταιν</span> <span class='ocrx_word' id='word_1_665' title='bbox 1177 1237 1206 1263; x_wconf 77' lang='grc' dir='ltr'>οὐ</span> <span class='ocrx_word' id='word_1_666' title='bbox 1232 1236 1300 1263; x_wconf 80' lang='grc' dir='ltr'>κατὰ</span> <span class='ocrx_word' id='word_1_667' title='bbox 1322 1237 1483 1272; x_wconf 78' lang='grc' dir='ltr'>Μάρκελλον</span> <span class='ocrx_word' id='word_1_668' title='bbox 1511 1237 1558 1263; x_wconf 84' lang='grc' dir='ltr'><strong>τοῦ</strong></span> <span class='ocrx_word' id='word_1_669' title='bbox 1581 1238 1670 1271; x_wconf 77' lang='grc' dir='ltr'>Λόγου</span> <span class='ocrx_word' id='word_1_670' title='bbox 1687 1238 1820 1272; x_wconf 78' lang='grc' dir='ltr'>ἑνωμένου</span> 
     </span>
    </p>
   </div>
   <div class='ocr_carea' id='block_1_85' title="bbox 1097 1281 1825 1321">
    <p class='ocr_par' dir='ltr' id='par_1_85' title="bbox 1097 1281 1825 1321">
     <span class='ocr_line' id='line_1_85' title="bbox 1097 1281 1825 1321; baseline 0 -14"><span class='ocrx_word' id='word_1_671' title='bbox 1097 1281 1163 1316; x_wconf 83' lang='grc' dir='ltr'>Θεῷ,</span> <span class='ocrx_word' id='word_1_672' title='bbox 1178 1281 1224 1307; x_wconf 86' lang='grc' dir='ltr'>καὶ</span> <span class='ocrx_word' id='word_1_673' title='bbox 1237 1282 1268 1315; x_wconf 81' lang='grc' dir='ltr'>τῇ</span> <span class='ocrx_word' id='word_1_674' title='bbox 1283 1281 1360 1316; x_wconf 81' lang='grc' dir='ltr'>οὐσίᾳ</span> <span class='ocrx_word' id='word_1_675' title='bbox 1375 1281 1619 1317; x_wconf 83' lang='grc' dir='ltr'>συναφοησομένου</span> <span class='ocrx_word' id='word_1_676' title='bbox 1630 1290 1638 1297; x_wconf 93' lang='grc'><strong>·</strong></span> <span class='ocrx_word' id='word_1_677' title='bbox 1650 1282 1742 1321; x_wconf 52' lang='lat' dir='ltr'><strong>utsed);</strong></span> <span class='ocrx_word' id='word_1_678' title='bbox 1755 1282 1783 1308; x_wconf 80' lang='grc' dir='ltr'><strong>δὲ</strong></span> <span class='ocrx_word' id='word_1_679' title='bbox 1799 1283 1825 1316; x_wconf 62' lang='grc' dir='ltr'>ἐμ</span> 
     </span>
    </p>
   </div>
   <div class='ocr_carea' id='block_1_86' title="bbox 1097 1326 1826 1361">
    <p class='ocr_par' dir='ltr' id='par_1_86' title="bbox 1097 1326 1826 1361">
     <span class='ocr_line' id='line_1_86' title="bbox 1097 1326 1826 1361; baseline 0 -9"><span class='ocrx_word' id='word_1_680' title='bbox 1097 1326 1210 1361; x_wconf 76' lang='grc' dir='ltr'>τύρησεν</span> <span class='ocrx_word' id='word_1_681' title='bbox 1226 1326 1242 1360; x_wconf 86' lang='grc' dir='ltr'>ὴ</span> <span class='ocrx_word' id='word_1_682' title='bbox 1259 1326 1380 1361; x_wconf 82' lang='grc' dir='ltr'>ἀλήθεια,</span> <span class='ocrx_word' id='word_1_683' title='bbox 1397 1327 1411 1352; x_wconf 86' lang='grc' dir='ltr'><strong>ό</strong></span> <span class='ocrx_word' id='word_1_684' title='bbox 1425 1327 1523 1361; x_wconf 83' lang='grc' dir='ltr'>Σωτὴρ</span> <span class='ocrx_word' id='word_1_685' title='bbox 1540 1327 1625 1358; x_wconf 71' lang='grc' dir='ltr'>αὐτὸς</span> <span class='ocrx_word' id='word_1_686' title='bbox 1644 1326 1730 1353; x_wconf 80' lang='grc' dir='ltr'>είπών</span> <span class='ocrx_word' id='word_1_687' title='bbox 1741 1335 1748 1341; x_wconf 91' lang='grc'><strong>·</strong></span> <span class='ocrx_word' id='word_1_688' title='bbox 1767 1326 1826 1360; x_wconf 83' lang='grc' dir='ltr'><strong>Τὴν</strong></span> 
     </span>
    </p>
   </div>
   <div class='ocr_carea' id='block_1_87' title="bbox 1098 1370 1826 1406">
    <p class='ocr_par' dir='ltr' id='par_1_87' title="bbox 1098 1370 1826 1406">
     <span class='ocr_line' id='line_1_87' title="bbox 1098 1370 1826 1406; baseline 0 -9"><span class='ocrx_word' id='word_1_689' title='bbox 1098 1371 1154 1403; x_wconf 74' lang='grc' dir='ltr'>ξαν</span> <span class='ocrx_word' id='word_1_690' title='bbox 1167 1371 1206 1405; x_wconf 83' lang='grc' dir='ltr'>ἣν</span> <span class='ocrx_word' id='word_1_691' title='bbox 1217 1371 1328 1404; x_wconf 72' lang='grc' dir='ltr'><em>ἔδωκάς</em></span> <span class='ocrx_word' id='word_1_692' title='bbox 1337 1380 1398 1406; x_wconf 79' lang='grc' dir='ltr'>μοι,</span> <span class='ocrx_word' id='word_1_693' title='bbox 1412 1372 1530 1398; x_wconf 82' lang='grc' dir='ltr'><strong>δέδωκα</strong></span> <span class='ocrx_word' id='word_1_694' title='bbox 1550 1372 1657 1405; x_wconf 78' lang='grc' dir='ltr'>αὐτοῖς</span> <span class='ocrx_word' id='word_1_695' title='bbox 1666 1392 1674 1404; x_wconf 85' lang='grc'><strong>,</strong></span> <span class='ocrx_word' id='word_1_696' title='bbox 1690 1372 1741 1398; x_wconf 75' lang='grc' dir='ltr'>ἵνα</span> <span class='ocrx_word' id='word_1_697' title='bbox 1753 1370 1826 1399; x_wconf 84' lang='grc' dir='ltr'>ὦσιν</span> 
     </span>
    </p>
   </div>
   <div class='ocr_carea' id='block_1_88' title="bbox 1097 1415 1828 1452">
    <p class='ocr_par' dir='ltr' id='par_1_88' title="bbox 1097 1415 1828 1452">
     <span class='ocr_line' id='line_1_88' title="bbox 1097 1415 1828 1452; baseline 0.001 -10"><span class='ocrx_word' id='word_1_698' title='bbox 1097 1415 1191 1448; x_wconf 81' lang='grc' dir='ltr'>καθὼς</span> <span class='ocrx_word' id='word_1_699' title='bbox 1203 1417 1250 1442; x_wconf 80' lang='grc' dir='ltr'>καί</span> <span class='ocrx_word' id='word_1_700' title='bbox 1258 1417 1342 1450; x_wconf 75' lang='grc' dir='ltr'>’ἡμεῖς</span> <span class='ocrx_word' id='word_1_701' title='bbox 1350 1417 1384 1443; x_wconf 73' lang='grc' dir='ltr'>ἐν</span> <span class='ocrx_word' id='word_1_702' title='bbox 1396 1417 1502 1451; x_wconf 80' lang='grc' dir='ltr'>ἐσμεν.</span> <span class='ocrx_word' id='word_1_703' title='bbox 1521 1416 1580 1444; x_wconf 85' lang='lat' dir='ltr'><strong>Hoc</strong></span> <span class='ocrx_word' id='word_1_704' title='bbox 1595 1421 1639 1445; x_wconf 82' lang='lat' dir='ltr'><strong>est</strong></span> <span class='ocrx_word' id='word_1_705' title='bbox 1653 1427 1661 1444; x_wconf 86' lang='lat'><strong>:</strong></span> <span class='ocrx_word' id='word_1_706' title='bbox 1676 1417 1763 1452; x_wconf 77' lang='lat' dir='ltr'><strong>Atque</strong></span> <span class='ocrx_word' id='word_1_707' title='bbox 1773 1417 1806 1443; x_wconf 89' lang='lat' dir='ltr'><strong>ad</strong></span> <span class='ocrx_word' id='word_1_708' title='bbox 1824 1427 1828 1443; x_wconf 78' lang='grc' dir='ltr'><strong>ι</strong></span> 
     </span>
    </p>
   </div>
   <div class='ocr_carea' id='block_1_89' title="bbox 1097 1461 1827 1489">
    <p class='ocr_par' dir='ltr' id='par_1_89' title="bbox 1097 1461 1827 1489">
     <span class='ocr_line' id='line_1_89' title="bbox 1097 1461 1827 1489; baseline 0.001 -2"><span class='ocrx_word' id='word_1_709' title='bbox 1097 1461 1200 1487; x_wconf 87' lang='lat' dir='ltr'><strong>modum</strong></span> <span class='ocrx_word' id='word_1_710' title='bbox 1215 1469 1260 1487; x_wconf 85' lang='lat' dir='ltr'><strong>nos</strong></span> <span class='ocrx_word' id='word_1_711' title='bbox 1281 1469 1367 1487; x_wconf 86' lang='lat' dir='ltr'><strong>omnes</strong></span> <span class='ocrx_word' id='word_1_712' title='bbox 1382 1469 1440 1488; x_wconf 85' lang='lat' dir='ltr'><strong>cum</strong></span> <span class='ocrx_word' id='word_1_713' title='bbox 1453 1462 1538 1489; x_wconf 85' lang='lat' dir='ltr'><strong>Patre</strong></span> <span class='ocrx_word' id='word_1_714' title='bbox 1552 1466 1578 1488; x_wconf 85' lang='lat' dir='ltr'><strong>et</strong></span> <span class='ocrx_word' id='word_1_715' title='bbox 1593 1462 1669 1488; x_wconf 83' lang='lat' dir='ltr'><strong>Filio</strong></span> <span class='ocrx_word' id='word_1_716' title='bbox 1682 1470 1768 1488; x_wconf 73' lang='lat' dir='ltr'><strong>unum</strong></span> <span class='ocrx_word' id='word_1_717' title='bbox 1781 1463 1827 1489; x_wconf 71' lang='lat' dir='ltr'><strong>eri)</strong></span> 
     </span>
    </p>
   </div>
   <div class='ocr_carea' id='block_1_90' title="bbox 1099 1504 1824 1540">
    <p class='ocr_par' dir='ltr' id='par_1_90' title="bbox 1099 1504 1824 1540">
     <span class='ocr_line' id='line_1_90' title="bbox 1099 1504 1824 1540; baseline 0.004 -9"><span class='ocrx_word' id='word_1_718' title='bbox 1099 1504 1322 1538; x_wconf 81' lang='lat' dir='ltr'><strong>Quemadmodum</strong></span> <span class='ocrx_word' id='word_1_719' title='bbox 1342 1506 1410 1532; x_wconf 81' lang='lat' dir='ltr'><strong>enim</strong></span> <span class='ocrx_word' id='word_1_720' title='bbox 1422 1507 1479 1540; x_wconf 83' lang='lat' dir='ltr'><strong>ipse</strong></span> <span class='ocrx_word' id='word_1_721' title='bbox 1496 1515 1524 1533; x_wconf 83' lang='lat' dir='ltr'><strong>se</strong></span> <span class='ocrx_word' id='word_1_722' title='bbox 1548 1511 1574 1533; x_wconf 88' lang='lat' dir='ltr'><strong>et</strong></span> <span class='ocrx_word' id='word_1_723' title='bbox 1599 1506 1714 1535; x_wconf 81' lang='lat' dir='ltr'><strong>Patrem</strong></span> <span class='ocrx_word' id='word_1_724' title='bbox 1739 1516 1824 1535; x_wconf 77' lang='lat' dir='ltr'><strong>unum</strong></span> 
     </span>
    </p>
   </div>
   <div class='ocr_carea' id='block_1_91' title="bbox 1062 1550 1828 1598">
    <p class='ocr_par' dir='ltr' id='par_1_91' title="bbox 1062 1550 1828 1598">
     <span class='ocr_line' id='line_1_91' title="bbox 1062 1550 1828 1598; baseline 0.003 -22"><span class='ocrx_word' id='word_1_725' title='bbox 1062 1568 1083 1598; x_wconf 63' lang='grc' dir='ltr'><strong>Ο</strong></span> <span class='ocrx_word' id='word_1_726' title='bbox 1101 1550 1177 1580; x_wconf 72' lang='lat' dir='ltr'><strong>dixit,</strong></span> <span class='ocrx_word' id='word_1_727' title='bbox 1195 1560 1204 1575; x_wconf 85' lang='grc'><strong>‹</strong></span> <span class='ocrx_word' id='word_1_728' title='bbox 1221 1550 1284 1585; x_wconf 86' lang='lat' dir='ltr'><strong>Ego,</strong></span> <span class='ocrx_word' id='word_1_729' title='bbox 1296 1551 1423 1585; x_wconf 82' lang='lat' dir='ltr'><strong>inquiens,</strong></span> <span class='ocrx_word' id='word_1_730' title='bbox 1442 1557 1468 1578; x_wconf 87' lang='lat' dir='ltr'><strong>et</strong></span> <span class='ocrx_word' id='word_1_731' title='bbox 1487 1552 1573 1578; x_wconf 81' lang='lat' dir='ltr'><strong>Pater</strong></span> <span class='ocrx_word' id='word_1_732' title='bbox 1591 1561 1677 1579; x_wconf 88' lang='lat' dir='ltr'><strong>unum</strong></span> <span class='ocrx_word' id='word_1_733' title='bbox 1694 1561 1808 1585; x_wconf 87' lang='lat' dir='ltr'><strong>sumus;</strong></span> <span class='ocrx_word' id='word_1_734' title='bbox 1824 1563 1828 1578; x_wconf 61' lang='grc' dir='ltr'>μ</span> 
     </span>
    </p>
   </div>
   <div class='ocr_carea' id='block_1_92' title="bbox 1099 1594 1817 1629">
    <p class='ocr_par' dir='ltr' id='par_1_92' title="bbox 1099 1594 1817 1629">
     <span class='ocr_line' id='line_1_92' title="bbox 1099 1594 1817 1629; baseline 0.007 -9"><span class='ocrx_word' id='word_1_735' title='bbox 1099 1600 1246 1629; x_wconf 82' lang='lat' dir='ltr'><strong>quoque,ut</strong></span> <span class='ocrx_word' id='word_1_736' title='bbox 1274 1594 1307 1621; x_wconf 89' lang='lat' dir='ltr'><strong>ad</strong></span> <span class='ocrx_word' id='word_1_737' title='bbox 1330 1596 1412 1629; x_wconf 79' lang='lat' dir='ltr'><strong>ipsius</strong></span> <span class='ocrx_word' id='word_1_738' title='bbox 1443 1597 1629 1624; x_wconf 84' lang='lat' dir='ltr'><strong>imitationem</strong></span> <span class='ocrx_word' id='word_1_739' title='bbox 1654 1606 1704 1625; x_wconf 86' lang='lat' dir='ltr'><strong>nos</strong></span> <span class='ocrx_word' id='word_1_740' title='bbox 1723 1606 1817 1625; x_wconf 87' lang='lat' dir='ltr'><strong>omnes</strong></span> 
     </span>
    </p>
   </div>
   <div class='ocr_carea' id='block_1_93' title="bbox 1099 1637 1820 1675">
    <p class='ocr_par' dir='ltr' id='par_1_93' title="bbox 1099 1637 1820 1675">
     <span class='ocr_line' id='line_1_93' title="bbox 1099 1637 1820 1675; baseline 0.01 -12"><span class='ocrx_word' id='word_1_741' title='bbox 1099 1637 1155 1664; x_wconf 83' lang='lat' dir='ltr'><strong>dem</strong></span> <span class='ocrx_word' id='word_1_742' title='bbox 1169 1639 1271 1665; x_wconf 87' lang='lat' dir='ltr'><strong>unionis</strong></span> <span class='ocrx_word' id='word_1_743' title='bbox 1281 1641 1419 1673; x_wconf 82' lang='lat' dir='ltr'><strong>participes</strong></span> <span class='ocrx_word' id='word_1_744' title='bbox 1430 1642 1527 1673; x_wconf 83' lang='lat' dir='ltr'><strong>simus,</strong></span> <span class='ocrx_word' id='word_1_745' title='bbox 1543 1646 1673 1675; x_wconf 79' lang='lat' dir='ltr'><strong>precatus</strong></span> <span class='ocrx_word' id='word_1_746' title='bbox 1688 1647 1739 1670; x_wconf 83' lang='lat' dir='ltr'><strong>est.</strong></span> <span class='ocrx_word' id='word_1_747' title='bbox 1754 1642 1820 1670; x_wconf 84' lang='lat' dir='ltr'><strong>Non</strong></span> 
     </span>
    </p>
   </div>
   <div class='ocr_carea' id='block_1_94' title="bbox 1104 1682 1827 1720">
    <p class='ocr_par' dir='ltr' id='par_1_94' title="bbox 1104 1682 1827 1720">
     <span class='ocr_line' id='line_1_94' title="bbox 1104 1682 1827 1720; baseline 0.01 -13"><span class='ocrx_word' id='word_1_748' title='bbox 1104 1682 1225 1714; x_wconf 81' lang='lat' dir='ltr'><strong>Verbum,</strong></span> <span class='ocrx_word' id='word_1_749' title='bbox 1239 1688 1267 1709; x_wconf 92' lang='lat' dir='ltr'><strong>ut</strong></span> <span class='ocrx_word' id='word_1_750' title='bbox 1283 1683 1424 1712; x_wconf 78' lang='lat' dir='ltr'><strong>Marcellus</strong></span> <span class='ocrx_word' id='word_1_751' title='bbox 1439 1686 1506 1718; x_wconf 81' lang='lat' dir='ltr'><strong>vu!t,</strong></span> <span class='ocrx_word' id='word_1_752' title='bbox 1525 1687 1641 1712; x_wconf 86' lang='lat' dir='ltr'><strong>uniatur</strong></span> <span class='ocrx_word' id='word_1_753' title='bbox 1654 1686 1725 1720; x_wconf 83' lang='lat' dir='ltr'><strong>Deo,</strong></span> <span class='ocrx_word' id='word_1_754' title='bbox 1738 1692 1764 1714; x_wconf 92' lang='lat' dir='ltr'><strong>et</strong></span> <span class='ocrx_word' id='word_1_755' title='bbox 1776 1689 1827 1715; x_wconf 78' lang='lat' dir='ltr'><strong>sub</strong></span> 
     </span>
    </p>
   </div>
   <div class='ocr_carea' id='block_1_95' title="bbox 1100 1727 1830 1766">
    <p class='ocr_par' dir='ltr' id='par_1_95' title="bbox 1100 1727 1830 1766">
     <span class='ocr_line' id='line_1_95' title="bbox 1100 1727 1830 1766; baseline 0.011 -14"><span class='ocrx_word' id='word_1_756' title='bbox 1100 1727 1197 1754; x_wconf 87' lang='lat' dir='ltr'><strong>tialiter</strong></span> <span class='ocrx_word' id='word_1_757' title='bbox 1213 1728 1262 1761; x_wconf 83' lang='lat' dir='ltr'><strong>ipsi</strong></span> <span class='ocrx_word' id='word_1_758' title='bbox 1277 1728 1448 1764; x_wconf 87' lang='lat' dir='ltr'><strong>conjungatur</strong></span> <span class='ocrx_word' id='word_1_759' title='bbox 1459 1739 1468 1757; x_wconf 93' lang='lat'><em>:</em></span> <span class='ocrx_word' id='word_1_760' title='bbox 1484 1731 1533 1757; x_wconf 83' lang='lat' dir='ltr'><strong>sed</strong></span> <span class='ocrx_word' id='word_1_761' title='bbox 1555 1735 1587 1757; x_wconf 87' lang='lat' dir='ltr'><strong>ut</strong></span> <span class='ocrx_word' id='word_1_762' title='bbox 1604 1732 1721 1763; x_wconf 82' lang='lat' dir='ltr'><strong>veritas,</strong></span> <span class='ocrx_word' id='word_1_763' title='bbox 1742 1734 1799 1766; x_wconf 86' lang='lat' dir='ltr'><strong>ipse</strong></span> <span class='ocrx_word' id='word_1_764' title='bbox 1815 1733 1830 1760; x_wconf 76' lang='grc' dir='ltr'><strong>ε</strong></span> 
     </span>
    </p>
   </div>
   <div class='ocr_carea' id='block_1_96' title="bbox 1101 1772 1830 1813">
    <p class='ocr_par' dir='ltr' id='par_1_96' title="bbox 1101 1772 1830 1813">
     <span class='ocr_line' id='line_1_96' title="bbox 1101 1772 1830 1813; baseline 0.01 -16"><span class='ocrx_word' id='word_1_765' title='bbox 1101 1775 1141 1797; x_wconf 82' lang='grc' dir='ltr'><strong>ιον</strong></span> <span class='ocrx_word' id='word_1_766' title='bbox 1157 1772 1266 1804; x_wconf 82' lang='lat' dir='ltr'><strong>scilicet,</strong></span> <span class='ocrx_word' id='word_1_767' title='bbox 1285 1774 1440 1807; x_wconf 82' lang='lat' dir='ltr'><strong>testiﬁcatur</strong></span> <span class='ocrx_word' id='word_1_768' title='bbox 1455 1775 1549 1802; x_wconf 79' lang='lat' dir='ltr'><strong>dicens</strong></span> <span class='ocrx_word' id='word_1_769' title='bbox 1560 1782 1570 1802; x_wconf 93' lang='lat'><strong><em>:</em></strong></span> <span class='ocrx_word' id='word_1_770' title='bbox 1589 1785 1599 1800; x_wconf 72' lang='grc' dir='ltr'><strong>ε</strong></span> <span class='ocrx_word' id='word_1_771' title='bbox 1620 1776 1749 1804; x_wconf 85' lang='lat' dir='ltr'><strong>Gloriam</strong></span> <span class='ocrx_word' id='word_1_772' title='bbox 1764 1786 1830 1813; x_wconf 78' lang='lat' dir='ltr'><strong>qum</strong></span> 
     </span>
    </p>
   </div>
   <div class='ocr_carea' id='block_1_97' title="bbox 1099 1815 1832 1851">
    <p class='ocr_par' dir='ltr' id='par_1_97' title="bbox 1099 1815 1832 1851">
     <span class='ocr_line' id='line_1_97' title="bbox 1099 1815 1832 1851; baseline 0.014 -10"><span class='ocrx_word' id='word_1_773' title='bbox 1099 1815 1162 1842; x_wconf 86' lang='lat' dir='ltr'><strong>disti</strong></span> <span class='ocrx_word' id='word_1_774' title='bbox 1176 1816 1239 1843; x_wconf 88' lang='lat' dir='ltr'><strong>mihi</strong></span> <span class='ocrx_word' id='word_1_775' title='bbox 1251 1817 1311 1844; x_wconf 86' lang='lat' dir='ltr'><strong>dedi</strong></span> <span class='ocrx_word' id='word_1_776' title='bbox 1328 1819 1375 1851; x_wconf 86' lang='lat' dir='ltr'><strong>eis,</strong></span> <span class='ocrx_word' id='word_1_777' title='bbox 1391 1824 1418 1844; x_wconf 88' lang='lat' dir='ltr'><strong>ut</strong></span> <span class='ocrx_word' id='word_1_778' title='bbox 1434 1820 1486 1846; x_wconf 85' lang='lat' dir='ltr'><strong>sint</strong></span> <span class='ocrx_word' id='word_1_779' title='bbox 1503 1828 1595 1847; x_wconf 86' lang='lat' dir='ltr'><strong>unum</strong></span> <span class='ocrx_word' id='word_1_780' title='bbox 1614 1823 1690 1848; x_wconf 84' lang='lat' dir='ltr'><strong>sicut</strong></span> <span class='ocrx_word' id='word_1_781' title='bbox 1708 1828 1735 1849; x_wconf 88' lang='lat' dir='ltr'><strong>et</strong></span> <span class='ocrx_word' id='word_1_782' title='bbox 1755 1832 1806 1850; x_wconf 86' lang='lat' dir='ltr'><strong>nos</strong></span> <span class='ocrx_word' id='word_1_783' title='bbox 1829 1833 1832 1847; x_wconf 59' lang='grc' dir='ltr'><em>τ</em></span> 
     </span>
    </p>
   </div>
   <div class='ocr_carea' id='block_1_98' title="bbox 1098 1861 1830 1897">
    <p class='ocr_par' dir='ltr' id='par_1_98' title="bbox 1098 1861 1830 1897">
     <span class='ocr_line' id='line_1_98' title="bbox 1098 1861 1830 1897; baseline 0.012 -10"><span class='ocrx_word' id='word_1_784' title='bbox 1098 1869 1187 1888; x_wconf 82' lang='lat' dir='ltr'><strong>sumus</strong></span> <span class='ocrx_word' id='word_1_785' title='bbox 1203 1861 1291 1896; x_wconf 84' lang='lat' dir='ltr'><strong>(Joan.</strong></span> <span class='ocrx_word' id='word_1_786' title='bbox 1312 1870 1378 1894; x_wconf 82' lang='lat' dir='ltr'><strong>xvu,</strong></span> <span class='ocrx_word' id='word_1_787' title='bbox 1399 1863 1471 1897; x_wconf 69' lang='grc'>22).»</span> <span class='ocrx_word' id='word_1_788' title='bbox 1491 1864 1546 1892; x_wconf 88' lang='lat' dir='ltr'><strong>Ubi</strong></span> <span class='ocrx_word' id='word_1_789' title='bbox 1563 1867 1707 1894; x_wconf 84' lang='lat' dir='ltr'><strong>unitatem</strong></span> <span class='ocrx_word' id='word_1_790' title='bbox 1729 1869 1811 1895; x_wconf 89' lang='lat' dir='ltr'><strong>illam</strong></span> <span class='ocrx_word' id='word_1_791' title='bbox 1829 1881 1830 1886; x_wconf 56' lang='grc' dir='ltr'><strong>η</strong></span> 
     </span>
    </p>
   </div>
   <div class='ocr_carea' id='block_1_99' title="bbox 1099 1906 1832 1949">
    <p class='ocr_par' dir='ltr' id='par_1_99' title="bbox 1099 1906 1832 1949">
     <span class='ocr_line' id='line_1_99' title="bbox 1099 1906 1832 1949; baseline 0.014 -17"><span class='ocrx_word' id='word_1_792' title='bbox 1099 1906 1236 1933; x_wconf 83' lang='lat' dir='ltr'><strong>tantialem</strong></span> <span class='ocrx_word' id='word_1_793' title='bbox 1267 1906 1355 1935; x_wconf 86' lang='lat' dir='ltr'><strong>Patris</strong></span> <span class='ocrx_word' id='word_1_794' title='bbox 1385 1915 1445 1934; x_wconf 88' lang='lat' dir='ltr'><strong>cum</strong></span> <span class='ocrx_word' id='word_1_795' title='bbox 1483 1909 1560 1936; x_wconf 87' lang='lat' dir='ltr'><strong>Filio</strong></span> <span class='ocrx_word' id='word_1_796' title='bbox 1606 1911 1742 1940; x_wconf 86' lang='lat' dir='ltr'><strong>dilucide</strong></span> <span class='ocrx_word' id='word_1_797' title='bbox 1789 1922 1832 1949; x_wconf 72' lang='lat' dir='ltr'><strong>es]</strong></span> 
     </span>
    </p>
   </div>
   <div class='ocr_carea' id='block_1_100' title="bbox 1098 1949 1831 1986">
    <p class='ocr_par' dir='ltr' id='par_1_100' title="bbox 1098 1949 1831 1986">
     <span class='ocr_line' id='line_1_100' title="bbox 1098 1949 1831 1986; baseline 0.012 -10"><span class='ocrx_word' id='word_1_798' title='bbox 1098 1949 1246 1984; x_wconf 85' lang='lat' dir='ltr'><strong>Eusebius;</strong></span> <span class='ocrx_word' id='word_1_799' title='bbox 1262 1951 1371 1986; x_wconf 90' lang='lat' dir='ltr'><strong>vultque</strong></span> <span class='ocrx_word' id='word_1_800' title='bbox 1395 1956 1501 1979; x_wconf 86' lang='lat' dir='ltr'><strong>tantum</strong></span> <span class='ocrx_word' id='word_1_801' title='bbox 1528 1954 1612 1981; x_wconf 87' lang='lat' dir='ltr'><strong>illam</strong></span> <span class='ocrx_word' id='word_1_802' title='bbox 1639 1956 1787 1984; x_wconf 87' lang='lat' dir='ltr'><strong>unitatem</strong></span> <span class='ocrx_word' id='word_1_803' title='bbox 1814 1966 1831 1985; x_wconf 87' lang='lat' dir='ltr'><strong>c</strong></span> 
     </span>
    </p>
   </div>
   <div class='ocr_carea' id='block_1_101' title="bbox 1098 1995 1834 2033">
    <p class='ocr_par' dir='ltr' id='par_1_101' title="bbox 1098 1995 1834 2033">
     <span class='ocr_line' id='line_1_101' title="bbox 1098 1995 1834 2033; baseline 0.012 -11"><span class='ocrx_word' id='word_1_804' title='bbox 1098 1995 1171 2027; x_wconf 90' lang='lat' dir='ltr'><strong>dere,</strong></span> <span class='ocrx_word' id='word_1_805' title='bbox 1188 2003 1240 2030; x_wconf 90' lang='lat' dir='ltr'><strong>qua</strong></span> <span class='ocrx_word' id='word_1_806' title='bbox 1256 2004 1288 2023; x_wconf 80' lang='lat' dir='ltr'><strong>ex</strong></span> <span class='ocrx_word' id='word_1_807' title='bbox 1303 1998 1455 2032; x_wconf 81' lang='lat' dir='ltr'><strong>dignatione</strong></span> <span class='ocrx_word' id='word_1_808' title='bbox 1468 1999 1607 2033; x_wconf 88' lang='lat' dir='ltr'><strong>quadam&#39;</strong></span> <span class='ocrx_word' id='word_1_809' title='bbox 1621 2001 1714 2030; x_wconf 83' lang='lat' dir='ltr'><strong>Pater</strong></span> <span class='ocrx_word' id='word_1_810' title='bbox 1730 2002 1834 2031; x_wconf 84' lang='lat' dir='ltr'><strong>Filiun</strong></span> 
     </span>
    </p>
   </div>
   <div class='ocr_carea' id='block_1_102' title="bbox 1097 2040 1831 2084">
    <p class='ocr_par' dir='ltr' id='par_1_102' title="bbox 1097 2040 1831 2084">
     <span class='ocr_line' id='line_1_102' title="bbox 1097 2040 1831 2084; baseline 0.015 -18"><span class='ocrx_word' id='word_1_811' title='bbox 1097 2040 1144 2067; x_wconf 73' lang='lat' dir='ltr'><strong>riae</strong></span> <span class='ocrx_word' id='word_1_812' title='bbox 1157 2048 1212 2068; x_wconf 68' lang='lat' dir='ltr'><strong>suae</strong></span> <span class='ocrx_word' id='word_1_813' title='bbox 1227 2042 1383 2077; x_wconf 85' lang='lat' dir='ltr'><strong>participem</strong></span> <span class='ocrx_word' id='word_1_814' title='bbox 1400 2043 1489 2074; x_wconf 81' lang='lat' dir='ltr'><strong>elﬁcit,</strong></span> <span class='ocrx_word' id='word_1_815' title='bbox 1505 2048 1540 2071; x_wconf 85' lang='lat' dir='ltr'><strong>ut</strong></span> <span class='ocrx_word' id='word_1_816' title='bbox 1556 2049 1587 2072; x_wconf 89' lang='lat' dir='ltr'><strong>et</strong></span> <span class='ocrx_word' id='word_1_817' title='bbox 1602 2045 1701 2074; x_wconf 82' lang='lat' dir='ltr'><strong>Filius</strong></span> <span class='ocrx_word' id='word_1_818' title='bbox 1716 2056 1774 2076; x_wconf 92' lang='lat' dir='ltr'><strong>nos</strong></span> <span class='ocrx_word' id='word_1_819' title='bbox 1790 2050 1831 2084; x_wconf 82' lang='lat' dir='ltr'><strong>ejt</strong></span> 
     </span>
    </p>
   </div>
   <div class='ocr_carea' id='block_1_103' title="bbox 1097 2085 1809 2121">
    <p class='ocr_par' dir='ltr' id='par_1_103' title="bbox 1097 2085 1809 2121">
     <span class='ocr_line' id='line_1_103' title="bbox 1097 2085 1809 2121; baseline 0.014 -10"><span class='ocrx_word' id='word_1_820' title='bbox 1097 2085 1188 2119; x_wconf 74' lang='lat' dir='ltr'><strong>gloriae</strong></span> <span class='ocrx_word' id='word_1_821' title='bbox 1209 2091 1347 2115; x_wconf 85' lang='lat' dir='ltr'><strong>consortes</strong></span> <span class='ocrx_word' id='word_1_822' title='bbox 1367 2087 1492 2115; x_wconf 87' lang='lat' dir='ltr'><strong>reddidit.</strong></span> <span class='ocrx_word' id='word_1_823' title='bbox 1513 2089 1580 2117; x_wconf 91' lang='lat' dir='ltr'><strong>Sub</strong></span> <span class='ocrx_word' id='word_1_824' title='bbox 1607 2091 1675 2119; x_wconf 69' lang='lat' dir='ltr'><strong>haec</strong></span> <span class='ocrx_word' id='word_1_825' title='bbox 1704 2098 1809 2121; x_wconf 84' lang='lat' dir='ltr'><strong>autem</strong></span> 
     </span>
    </p>
   </div>
   <div class='ocr_carea' id='block_1_104' title="bbox 1097 2131 1832 2175">
    <p class='ocr_par' dir='ltr' id='par_1_104' title="bbox 1097 2131 1832 2175">
     <span class='ocr_line' id='line_1_104' title="bbox 1097 2131 1832 2175; baseline 0.015 -18"><span class='ocrx_word' id='word_1_826' title='bbox 1097 2131 1301 2165; x_wconf 67' lang='lat' dir='ltr'><strong>comprobanda:</strong></span> <span class='ocrx_word' id='word_1_827' title='bbox 1315 2134 1453 2161; x_wconf 70' lang='lat' dir='ltr'><strong>sententiae</strong></span> <span class='ocrx_word' id='word_1_828' title='bbox 1466 2138 1546 2163; x_wconf 86' lang='lat' dir='ltr'><strong>totus</strong></span> <span class='ocrx_word' id='word_1_829' title='bbox 1563 2136 1697 2171; x_wconf 89' lang='lat' dir='ltr'><strong>insistit,</strong></span> <span class='ocrx_word' id='word_1_830' title='bbox 1711 2144 1806 2175; x_wconf 87' lang='lat' dir='ltr'><strong>atque</strong></span> <span class='ocrx_word' id='word_1_831' title='bbox 1824 2142 1832 2168; x_wconf 92' lang='lat' dir='ltr'><strong>i</strong></span> 
     </span>
    </p>
   </div>
   <div class='ocr_carea' id='block_1_105' title="bbox 1096 2177 1829 2221">
    <p class='ocr_par' dir='ltr' id='par_1_105' title="bbox 1096 2177 1829 2221">
     <span class='ocr_line' id='line_1_105' title="bbox 1096 2177 1829 2221; baseline 0.015 -20"><span class='ocrx_word' id='word_1_832' title='bbox 1096 2182 1169 2202; x_wconf 88' lang='lat' dir='ltr'><strong>mum</strong></span> <span class='ocrx_word' id='word_1_833' title='bbox 1183 2177 1335 2205; x_wconf 87' lang='lat' dir='ltr'><strong>concludit:</strong></span> <span class='ocrx_word' id='word_1_834' title='bbox 1357 2177 1448 2209; x_wconf 81' lang='grc' dir='ltr'>οὕτως</span> <span class='ocrx_word' id='word_1_835' title='bbox 1461 2177 1507 2205; x_wconf 81' lang='grc' dir='ltr'>οὖν</span> <span class='ocrx_word' id='word_1_836' title='bbox 1526 2181 1560 2207; x_wconf 77' lang='grc' dir='ltr'>ἕν</span> <span class='ocrx_word' id='word_1_837' title='bbox 1579 2182 1661 2209; x_wconf 83' lang='grc' dir='ltr'>εἰσιν</span> <span class='ocrx_word' id='word_1_838' title='bbox 1680 2185 1698 2210; x_wconf 83' lang='grc' dir='ltr'>ὁ</span> <span class='ocrx_word' id='word_1_839' title='bbox 1715 2185 1829 2221; x_wconf 80' lang='grc' dir='ltr'>Πατὴρ</span> 
     </span>
    </p>
   </div>
   <div class='ocr_carea' id='block_1_106' title="bbox 1609 2227 1823 2265">
    <p class='ocr_par' dir='ltr' id='par_1_106' title="bbox 1609 2227 1823 2265">
     <span class='ocr_line' id='line_1_106' title="bbox 1609 2227 1823 2265; baseline 0 -2"><span class='ocrx_word' id='word_1_840' title='bbox 1609 2227 1677 2263; x_wconf 75' lang='grc' dir='ltr'><strong>ξης.</strong></span> <span class='ocrx_word' id='word_1_841' title='bbox 1699 2228 1740 2265; x_wconf 78' lang='grc' dir='ltr'>ἧς</span> <span class='ocrx_word' id='word_1_842' title='bbox 1758 2233 1823 2263; x_wconf 83' lang='grc' dir='ltr'>τοῖς</span> 
     </span>
    </p>
   </div>
   <div class='ocr_carea' id='block_1_107' title="bbox 1096 2266 1836 2307">
    <p class='ocr_par' dir='ltr' id='par_1_107' title="bbox 1096 2266 1836 2307">
     <span class='ocr_line' id='line_1_107' title="bbox 1096 2266 1836 2307; baseline 0.018 -16"><span class='ocrx_word' id='word_1_843' title='bbox 1096 2266 1226 2301; x_wconf 77' lang='grc' dir='ltr'>μαθηταῖς</span> <span class='ocrx_word' id='word_1_844' title='bbox 1243 2267 1404 2302; x_wconf 81' lang='grc' dir='ltr'>μεταδιδοὺς,</span> <span class='ocrx_word' id='word_1_845' title='bbox 1415 2268 1464 2303; x_wconf 84' lang='grc' dir='ltr'>τῆς</span> <span class='ocrx_word' id='word_1_846' title='bbox 1475 2269 1567 2305; x_wconf 76' lang='grc' dir='ltr'>αὐτῆς</span> <span class='ocrx_word' id='word_1_847' title='bbox 1583 2273 1732 2307; x_wconf 81' lang='grc' dir='ltr'>ἑνὼσεως</span> <span class='ocrx_word' id='word_1_848' title='bbox 1752 2277 1810 2303; x_wconf 66' lang='grc' dir='ltr'><strong>καὶ</strong></span> <span class='ocrx_word' id='word_1_849' title='bbox 1830 2287 1836 2303; x_wconf 89' lang='grc' dir='ltr'><strong>ι</strong></span> 
     </span>
    </p>
   </div>
   <div class='ocr_carea' id='block_1_108' title="bbox 1094 2310 1829 2348">
    <p class='ocr_par' dir='ltr' id='par_1_108' title="bbox 1094 2310 1829 2348">
     <span class='ocr_line' id='line_1_108' title="bbox 1094 2310 1829 2348; baseline 0.018 -12"><span class='ocrx_word' id='word_1_850' title='bbox 1094 2310 1179 2345; x_wconf 76' lang='grc' dir='ltr'>ἠξίου,</span> <span class='ocrx_word' id='word_1_851' title='bbox 1192 2311 1242 2338; x_wconf 90' lang='lat' dir='ltr'><strong>hoc</strong></span> <span class='ocrx_word' id='word_1_852' title='bbox 1252 2316 1294 2338; x_wconf 88' lang='lat' dir='ltr'><strong>est</strong></span> <span class='ocrx_word' id='word_1_853' title='bbox 1311 2321 1317 2338; x_wconf 92' lang='lat'><strong>:</strong></span> <span class='ocrx_word' id='word_1_854' title='bbox 1335 2312 1380 2339; x_wconf 85' lang='lat' dir='ltr'><strong>Ita</strong></span> <span class='ocrx_word' id='word_1_855' title='bbox 1393 2312 1473 2340; x_wconf 88' lang='lat' dir='ltr'><strong>Pater</strong></span> <span class='ocrx_word' id='word_1_856' title='bbox 1488 2319 1512 2340; x_wconf 91' lang='lat' dir='ltr'><strong>et</strong></span> <span class='ocrx_word' id='word_1_857' title='bbox 1526 2314 1635 2344; x_wconf 78' lang='lat' dir='ltr'><strong>Filius</strong></span> <span class='ocrx_word' id='word_1_858' title='bbox 1651 2327 1752 2347; x_wconf 86' lang='lat' dir='ltr'><strong>unum</strong></span> <span class='ocrx_word' id='word_1_859' title='bbox 1770 2330 1829 2348; x_wconf 80' lang='lat' dir='ltr'><strong>sun</strong></span> 
     </span>
    </p>
   </div>
   <div class='ocr_carea' id='block_1_109' title="bbox 1094 2356 1808 2396">
    <p class='ocr_par' dir='ltr' id='par_1_109' title="bbox 1094 2356 1808 2396">
     <span class='ocr_line' id='line_1_109' title="bbox 1094 2356 1808 2396; baseline 0.018 -15"><span class='ocrx_word' id='word_1_860' title='bbox 1094 2356 1213 2383; x_wconf 87' lang='lat' dir='ltr'><strong>munione</strong></span> <span class='ocrx_word' id='word_1_861' title='bbox 1233 2357 1339 2391; x_wconf 67' lang='lat' dir='ltr'><strong>gloriae:</strong></span> <span class='ocrx_word' id='word_1_862' title='bbox 1359 2366 1437 2391; x_wconf 86' lang='lat' dir='ltr'><strong>quam</strong></span> <span class='ocrx_word' id='word_1_863' title='bbox 1459 2366 1517 2384; x_wconf 88' lang='lat' dir='ltr'><strong>cum</strong></span> <span class='ocrx_word' id='word_1_864' title='bbox 1541 2361 1710 2396; x_wconf 79' lang='lat' dir='ltr'><strong>discipulis</strong></span> <span class='ocrx_word' id='word_1_865' title='bbox 1739 2367 1808 2394; x_wconf 79' lang='lat' dir='ltr'><strong>suis</strong></span> 
     </span>
    </p>
   </div>
   <div class='ocr_carea' id='block_1_110' title="bbox 1095 2401 1834 2444">
    <p class='ocr_par' dir='ltr' id='par_1_110' title="bbox 1095 2401 1834 2444">
     <span class='ocr_line' id='line_1_110' title="bbox 1095 2401 1834 2444; baseline 0.018 -18"><span class='ocrx_word' id='word_1_866' title='bbox 1095 2401 1153 2432; x_wconf 88' lang='lat' dir='ltr'><strong>tiat,</strong></span> <span class='ocrx_word' id='word_1_867' title='bbox 1165 2401 1278 2434; x_wconf 80' lang='lat' dir='ltr'><strong>ejusdem</strong></span> <span class='ocrx_word' id='word_1_868' title='bbox 1294 2409 1337 2428; x_wconf 85' lang='lat' dir='ltr'><strong>eos</strong></span> <span class='ocrx_word' id='word_1_869' title='bbox 1352 2403 1455 2429; x_wconf 85' lang='lat' dir='ltr'><strong>unionis</strong></span> <span class='ocrx_word' id='word_1_870' title='bbox 1470 2405 1629 2440; x_wconf 78' lang='lat' dir='ltr'><strong>participes</strong></span> <span class='ocrx_word' id='word_1_871' title='bbox 1650 2410 1757 2443; x_wconf 76' lang='lat' dir='ltr'><strong>efficit.</strong></span> <span class='ocrx_word' id='word_1_872' title='bbox 1777 2411 1834 2444; x_wconf 78' lang='lat' dir='ltr'><strong>Qu:</strong></span> 
     </span>
    </p>
   </div>
   <div class='ocr_carea' id='block_1_111' title="bbox 1094 2447 1837 2486">
    <p class='ocr_par' dir='ltr' id='par_1_111' title="bbox 1094 2447 1837 2486">
     <span class='ocr_line' id='line_1_111' title="bbox 1094 2447 1837 2486; baseline 0.017 -14"><span class='ocrx_word' id='word_1_873' title='bbox 1094 2447 1188 2481; x_wconf 76' lang='lat' dir='ltr'><strong>grandi</strong></span> <span class='ocrx_word' id='word_1_874' title='bbox 1206 2447 1385 2482; x_wconf 75' lang='lat' dir='ltr'><strong>paralogismo</strong></span> <span class='ocrx_word' id='word_1_875' title='bbox 1406 2448 1491 2474; x_wconf 91' lang='lat' dir='ltr'><strong>utitur</strong></span> <span class='ocrx_word' id='word_1_876' title='bbox 1504 2449 1678 2486; x_wconf 87' lang='lat' dir='ltr'><strong>Eusebius,</strong></span> <span class='ocrx_word' id='word_1_877' title='bbox 1698 2459 1736 2481; x_wconf 82' lang='lat' dir='ltr'><strong>ut.</strong></span> <span class='ocrx_word' id='word_1_878' title='bbox 1753 2456 1837 2485; x_wconf 63' lang='lat' dir='ltr'><strong>inira</strong></span> 
     </span>
    </p>
   </div>
   <div class='ocr_carea' id='block_1_112' title="bbox 1094 2490 1816 2533">
    <p class='ocr_par' dir='ltr' id='par_1_112' title="bbox 1094 2490 1816 2533">
     <span class='ocr_line' id='line_1_112' title="bbox 1094 2490 1816 2533; baseline 0.017 -17"><span class='ocrx_word' id='word_1_879' title='bbox 1094 2490 1175 2524; x_wconf 88' lang='lat' dir='ltr'><strong>bitur,</strong></span> <span class='ocrx_word' id='word_1_880' title='bbox 1190 2491 1253 2518; x_wconf 92' lang='lat' dir='ltr'><strong>dum</strong></span> <span class='ocrx_word' id='word_1_881' title='bbox 1277 2491 1404 2518; x_wconf 89' lang='lat' dir='ltr'><strong>unitatem</strong></span> <span class='ocrx_word' id='word_1_882' title='bbox 1421 2493 1493 2520; x_wconf 86' lang='lat' dir='ltr'><strong>illam</strong></span> <span class='ocrx_word' id='word_1_883' title='bbox 1506 2494 1625 2529; x_wconf 68' lang='lat' dir='ltr'><strong>gloriae,</strong></span> <span class='ocrx_word' id='word_1_884' title='bbox 1650 2498 1685 2525; x_wconf 93' lang='lat' dir='ltr'><strong>in</strong></span> <span class='ocrx_word' id='word_1_885' title='bbox 1712 2507 1816 2533; x_wconf 84' lang='lat' dir='ltr'><strong>quam</strong></span> 
     </span>
    </p>
   </div>
   <div class='ocr_carea' id='block_1_113' title="bbox 1094 2535 1837 2573">
    <p class='ocr_par' dir='ltr' id='par_1_113' title="bbox 1094 2535 1837 2573">
     <span class='ocr_line' id='line_1_113' title="bbox 1094 2535 1837 2573; baseline 0.016 -13"><span class='ocrx_word' id='word_1_886' title='bbox 1094 2535 1219 2569; x_wconf 79' lang='lat' dir='ltr'><strong>gnatione</strong></span> <span class='ocrx_word' id='word_1_887' title='bbox 1245 2539 1348 2562; x_wconf 89' lang='lat' dir='ltr'><strong>tantum</strong></span> <span class='ocrx_word' id='word_1_888' title='bbox 1370 2536 1495 2572; x_wconf 87' lang='lat' dir='ltr'><strong>discipuli</strong></span> <span class='ocrx_word' id='word_1_889' title='bbox 1518 2539 1640 2568; x_wconf 86' lang='lat' dir='ltr'><strong>Christi</strong></span> <span class='ocrx_word' id='word_1_890' title='bbox 1670 2550 1837 2573; x_wconf 78' lang='lat' dir='ltr'><strong>vocantm</strong></span> 
     </span>
    </p>
   </div>
   <div class='ocr_carea' id='block_1_114' title="bbox 1094 2580 1832 2625">
    <p class='ocr_par' dir='ltr' id='par_1_114' title="bbox 1094 2580 1832 2625">
     <span class='ocr_line' id='line_1_114' title="bbox 1094 2580 1832 2625; baseline 0.016 -19"><span class='ocrx_word' id='word_1_891' title='bbox 1094 2580 1172 2607; x_wconf 88' lang='lat' dir='ltr'><strong>modo</strong></span> <span class='ocrx_word' id='word_1_892' title='bbox 1190 2587 1206 2606; x_wconf 90' lang='lat' dir='ltr'><strong>a</strong></span> <span class='ocrx_word' id='word_1_893' title='bbox 1228 2580 1307 2608; x_wconf 88' lang='lat' dir='ltr'><strong>Patre</strong></span> <span class='ocrx_word' id='word_1_894' title='bbox 1326 2583 1518 2610; x_wconf 85' lang='lat' dir='ltr'><strong>communicari</strong></span> <span class='ocrx_word' id='word_1_895' title='bbox 1538 2582 1622 2611; x_wconf 79' lang='lat' dir='ltr'><strong>Filio</strong></span> <span class='ocrx_word' id='word_1_896' title='bbox 1648 2593 1727 2621; x_wconf 86' lang='lat' dir='ltr'><strong>suo,</strong></span> <span class='ocrx_word' id='word_1_897' title='bbox 1748 2594 1832 2625; x_wconf 83' lang='lat' dir='ltr'><strong>atqu</strong></span> 
     </span>
    </p>
   </div>
   <div class='ocr_carea' id='block_1_115' title="bbox 1094 2626 1833 2665">
    <p class='ocr_par' dir='ltr' id='par_1_115' title="bbox 1094 2626 1833 2665">
     <span class='ocr_line' id='line_1_115' title="bbox 1094 2626 1833 2665; baseline 0.019 -14"><span class='ocrx_word' id='word_1_898' title='bbox 1094 2626 1297 2654; x_wconf 88' lang='lat' dir='ltr'><strong>substantialem</strong></span> <span class='ocrx_word' id='word_1_899' title='bbox 1321 2629 1450 2657; x_wconf 87' lang='lat' dir='ltr'><strong>unitatem</strong></span> <span class='ocrx_word' id='word_1_900' title='bbox 1474 2628 1600 2661; x_wconf 75' lang='lat' dir='ltr'><strong>excludi,</strong></span> <span class='ocrx_word' id='word_1_901' title='bbox 1632 2636 1833 2665; x_wconf 74' lang='lat' dir='ltr'><strong>contendit.</strong></span> 
     </span>
    </p>
   </div>
   <div class='ocr_carea' id='block_1_116' title="bbox 1093 2671 1837 2712">
    <p class='ocr_par' dir='ltr' id='par_1_116' title="bbox 1093 2671 1837 2712">
     <span class='ocr_line' id='line_1_116' title="bbox 1093 2671 1837 2712; baseline 0.015 -16"><span class='ocrx_word' id='word_1_902' title='bbox 1093 2678 1174 2705; x_wconf 90' lang='lat' dir='ltr'><strong>porro</strong></span> <span class='ocrx_word' id='word_1_903' title='bbox 1187 2671 1295 2700; x_wconf 88' lang='lat' dir='ltr'><strong>deitatis</strong></span> <span class='ocrx_word' id='word_1_904' title='bbox 1307 2675 1436 2703; x_wconf 79' lang='lat' dir='ltr'><strong>unitatem</strong></span> <span class='ocrx_word' id='word_1_905' title='bbox 1449 2680 1475 2702; x_wconf 92' lang='lat' dir='ltr'><strong>et</strong></span> <span class='ocrx_word' id='word_1_906' title='bbox 1488 2675 1709 2705; x_wconf 84' lang='lat' dir='ltr'><strong>monarchiam</strong></span> <span class='ocrx_word' id='word_1_907' title='bbox 1731 2689 1837 2712; x_wconf 77' lang='lat' dir='ltr'><strong>sexce</strong></span> 
     </span>
    </p>
   </div>
   <div class='ocr_carea' id='block_1_117' title="bbox 1094 2715 1835 2756">
    <p class='ocr_par' dir='ltr' id='par_1_117' title="bbox 1094 2715 1835 2756">
     <span class='ocr_line' id='line_1_117' title="bbox 1094 2715 1835 2756; baseline 0.02 -15"><span class='ocrx_word' id='word_1_908' title='bbox 1094 2715 1160 2743; x_wconf 93' lang='lat' dir='ltr'><strong>locis</strong></span> <span class='ocrx_word' id='word_1_909' title='bbox 1175 2715 1212 2750; x_wconf 89' lang='lat' dir='ltr'><strong>(a)</strong></span> <span class='ocrx_word' id='word_1_910' title='bbox 1226 2716 1304 2746; x_wconf 89' lang='lat' dir='ltr'><strong>docet</strong></span> <span class='ocrx_word' id='word_1_911' title='bbox 1317 2719 1371 2754; x_wconf 87' lang='lat' dir='ltr'><strong>ille,</strong></span> <span class='ocrx_word' id='word_1_912' title='bbox 1389 2728 1448 2756; x_wconf 67' lang='lat' dir='ltr'><strong>quae</strong></span> <span class='ocrx_word' id='word_1_913' title='bbox 1461 2727 1494 2747; x_wconf 87' lang='lat' dir='ltr'><strong>ne</strong></span> <span class='ocrx_word' id='word_1_914' title='bbox 1515 2718 1640 2753; x_wconf 74' lang='lat' dir='ltr'><strong>longius</strong></span> <span class='ocrx_word' id='word_1_915' title='bbox 1665 2724 1835 2756; x_wconf 82' lang='lat' dir='ltr'><strong>abducan</strong></span> 
     </span>
    </p>
   </div>
   <div class='ocr_carea' id='block_1_118' title="bbox 1093 2780 1833 2848">
    <p class='ocr_par' dir='ltr' id='par_1_118' title="bbox 1093 2780 1833 2848">
     <span class='ocr_line' id='line_1_118' title="bbox 1093 2780 1833 2848; baseline 0.024 -44"><span class='ocrx_word' id='word_1_916' title='bbox 1093 2780 1291 2848; x_wconf 50' lang='lat' dir='ltr'><strong>qufrnfiarc.</strong></span> <span class='ocrx_word' id='word_1_917' title='bbox 1303 2786 1346 2820; x_wconf 71' lang='lat'><strong>65,</strong></span> <span class='ocrx_word' id='word_1_918' title='bbox 1361 2787 1406 2822; x_wconf 81' lang='grc'>66,</span> <span class='ocrx_word' id='word_1_919' title='bbox 1420 2788 1462 2822; x_wconf 81' lang='lat'><strong>69,</strong></span> <span class='ocrx_word' id='word_1_920' title='bbox 1477 2786 1520 2820; x_wconf 83' lang='grc'>70,</span> <span class='ocrx_word' id='word_1_921' title='bbox 1531 2785 1577 2818; x_wconf 79' lang='grc'><strong>90.</strong></span> <span class='ocrx_word' id='word_1_922' title='bbox 1600 2787 1661 2820; x_wconf 81' lang='grc'>96,</span> <span class='ocrx_word' id='word_1_923' title='bbox 1687 2791 1769 2825; x_wconf 68' lang='lat'><strong>106,</strong></span> <span class='ocrx_word' id='word_1_924' title='bbox 1787 2795 1833 2822; x_wconf 74' lang='grc'><strong>10</strong></span> 
     </span>
    </p>
   </div>
  </div>
