3818 6352
189 330 282 386 33

958 326 1486 395 COMMENTARIA
1524 338 1588 392 IN
1626 336 1957 397 PSALMOS.
1996 377 2063 386 —
2103 347 2628 407 PRIELIMINARIA.
3325 366 3395 420 δι

188 448 399 500 dicare
426 444 578 498 solum
604 441 855 496 sumi-int.
902 444 1192 505 Caeterum
1235 457 1331 511 ubi
1360 474 1460 512 vox
1488 459 1770 520 ὑπόστασις
1797 479 1842 530 Α
1871 471 2002 514 erat.
2046 463 2112 515 Et
2148 466 2235 517 ille
2277 465 2475 532 quidem
2512 482 2601 534 per
2644 469 2865 537 seipsum
2897 473 3151 543 perfectus
3190 487 3238 531 et
3284 483 3394 547 pri-

191 534 459 597 occurrit,
488 547 581 587 nos
613 532 975 589 substantiam
1028 543 1345 613 vertimus;
1380 556 1491 601 tum
1537 549 1659 617 quia
1692 548 1771 603 sic

186 622 422 678 Eusebii
448 638 550 676 aevo
577 638 638 675 ex
684 633 912 693 recepto
960 643 1125 686 more
1158 638 1549 706 accipiebatur,
1578 646 1634 692 ut
1671 639 1768 692 ha-

183 715 303 769 bet
348 713 691 779 Athanasius;
736 724 858 769 tum
902 720 1064 788 quia,
1110 738 1241 779 eum
1288 726 1554 783 Eusebius
1596 727 1770 781 diver-

180 818 327 857 sam
364 802 416 855 in
445 802 593 857 Patre
632 815 687 859 et
715 804 860 860 Filio
905 811 1287 869 subsmntiam
1321 818 1564 871 admittat
1594 825 1645 871 et
1673 818 1763 871 do-

178 896 352 953 ccat,
394 891 583 946 inutilis
629 908 763 949 sane
806 895 976 953 fuerit
1024 916 1387 970 personarum
1427 916 1477 960 et
1522 907 1771 977 hyposta-

182 984 354 1035 simu
379 983 576 1051 vulgata
601 984 919 1043 distinctio.

198 1132 301 1180 IV.
324 1135 522 1208 Diversa
540 1136 1266 1208 su‘bstantize.-—-.V._In_terpres
1282 1149 1481 1199 Latinus
1503 1152 1763 1205 Demonstr.

281 1195 539 1267 emngelica:
557 1198 856 1267 Eusebium
896 1203 963 1252 de
990 1195 1230 1257 industria
1252 1195 1769 1263 iadéatlidlicamwse'u;

285 1258 465 1303 tentiam
490 1258 714 1306 detorsit.

286 1400 421 1454 Licet
458 1410 647 1457 autem
696 1422 767 1459 ex
816 1410 1121 1475 praemissis
1165 1415 1436 1483 pr0palam
1486 1417 1555 1472 sit
1599 1418 1765 1475 Euse-

194 1491 348 1544 bium
375 1491 650 1549 diversam
698 1510 732 1548 a
766 1506 996 1567 paterna
1035 1502 1390 1557 substantiam
1428 1514 1480 1560 et
1516 1507 1764 1563 deitatem

194 1578 271 1633 in
296 1578 415 1634 Filio
439 1584 788 1641 constituere
814 1605 830 1641 :
864 1603 994 1641 nam
1018 1589 1154 1644 duas
1184 1592 1238 1645 in
1260 1594 1435 1647 allatis
1461 1595 1593 1650 locis
1636 1599 1765 1651 sub-

194 1666 425 1719 stantias
471 1676 666 1737 aperte
729 1673 1061 1740 proﬁtetur:
1105 1685 1157 1731 et
1201 1693 1328 1734 sane
1375 1683 1465 1750 qui
1506 1685 1763 1739 unitatem

188 1757 461 1826 principii-
481 1766 540 1812 et
580 1759 815 1817 deitatis
858 1764 914 1818 in
956 1781 1065 1820 uno
1113 1766 1290 1831 Patre,
1341 1773 1558 1827 excluso
1606 1773 1758 1841 Filio,
1791 1792 1830 1846 Β
1860 1757 2133 1863 διωμένοςξ

188 1856 385 1908 servat,
437 1860 859 1919 consequenter
912 1855 1074 1908 aliam
1119 1859 1173 1910 in
1220 1857 1354 1913 Filio
1402 1868 1455 1913 et
1492 1861 1755 1917 diversam

184 1934 553 1990 substantiam
584 1945 643 1992 et
677 1940 961 2006 deitatem,
1001 1945 1047 1998 si
1085 1947 1299 2014 quidem
1340 1947 1478 2003 Deus
1519 1951 1607 2013 sit,
1651 1962 1759 2006 sta—

185 2027 305 2074 tuat
330 2038 568 2080 necesse
597 2034 728 2094 est;
759 2044 790 2082 e
810 2045 870 2084 re
900 2041 1079 2087 tamen
1112 2033 1271 2089 fuerit
1298 2052 1363 2091 ex
1386 2040 1566 2094 multis
1591 2056 1758 2108 pauca

187 2108 403 2165 Eusebii
438 2113 567 2168 loca
613 2116 675 2170 in
718 2118 964 2172 medium
1006 2122 1214 2188 afferre,
1257 2126 1347 2179 ubi
1397 2127 1484 2181 ille
1513 2128 1759 2183 substan-

190 2200 308 2254 tiam
344 2210 401 2256 et
423 2205 699 2260 deitatem
731 2208 879 2275 Filii,
913 2224 944 2262 a
970 2219 1191 2279 paterna
1214 2217 1373 2270 aliam
1396 2227 1447 2270 et
1472 2217 1755 2284 diversam,

190 2304 515 2361 separatam,
547 2296 772 2367 ipsique
798 2302 970 2355 multo
995 2303 1299 2360 inferiorem
1336 2319 1758 2367 commonstrare

190 2383 397 2437 nititur:
440 2385 597 2440 unde
631 2389 802 2442 etiam
848 2391 1064 2458 planius
1107 2396 1296 2449 evadat
1325 2400 1464 2466 quod
1513 2403 1758 2470 superius

191 2474 473 2539 probatum
508 2484 623 2538 est,
674 2476 974 2533 Eusebium
1019 2483 1266 2538 videlicet
1312 2489 1567 2544 unitatem
1607 2493 1757 2560 prin-

187 2560 303 2627 cipii
336 2573 394 2615 et
447 2562 685 2618 deitatis
715 2566 771 2619 in
815 2584 921 2622 uno
968 2567 1147 2635 Patre,
1185 2573 1404 2629 excluso
1446 2575 1598 2639 Filio,
1649 2588 1759 2634 sta~

189 2657 353 2703 tuere.
397 2651 494 2703 Ait
542 2652 717 2719 igitur
796 2656 852 2707 in
932 2655 1380 2714 Demonstratione
1448 2667 1754 2735 evangelica,

190 2736 324 2800 Ι.1ν,
363 2755 418 2794 c.
462 2743 521 2802 5,
556 2758 611 2810 p.
644 2743 747 2795 147
782 2763 795 2797 :
840 2745 997 2798 Ἀλλὰ
1038 2749 1130 2799 τοῦ
1168 2750 1262 2818 μὲν
1312 2752 1557 2822 αἰσθητοῦ
1589 2756 1759 2823 φωτὸς

184 2830 487 2901 ἀχώριστος
520 2836 553 2903 ὴ
592 2836 764 2906 αὐγὴ,
795 2840 824 2890 6
848 2839 904 2890 δὲ
937 2840 1061 2903 Υἱὸς
1097 2842 1238 2906 ἰδίως
1265 2847 1408 2914 παρά
1434 2848 1520 2899 τὸν
1545 2850 1758 2922 Πατέρα

178 2917 297 2969 ub‘
328 2920 536 2971 ἑαυτὸν
571 2923 877 2993 ὑφέστηκε.
924 2928 1032 2978 Καὶ
1066 2931 1238 2996 φωτὸς
1281 2934 1376 3001 μὲν
1407 2936 1437 3003 ή
1481 2937 1616 3006 αὐγὴ
1650 2917 1757 3006 χῶά

181 3023 275 3073 ραν
322 3010 625 3079 ἐνεργείας
671 3013 880 3081 ἐπέχει,
922 3016 950 3066 6
982 3017 1038 3068 δὲ
1070 3019 1197 3081 Υἱὸς
1242 3021 1421 3091 ’έτερόν
1468 3043 1517 3078 τι
1558 3027 1755 3097 ἦκατὰ

1871 568 2017 615 mus,
2074 565 2245 620 utpote
2293 556 2479 620 Pater,
2515 568 2563 610 et
2609 562 2987 615 constitutionis
3028 563 3158 617 Filii
3210 584 3389 630 causa,

1870 642 2000 694 nihil
2042 643 2109 694 ad
2157 643 2365 696 deitatis
2398 662 2504 698 sua:
2547 648 2966 715 complementum
3003 670 3033 705 a
3067 652 3206 708 Filio
3249 659 3389 709 acci-

1867 733 2042 796 piens;
2070 734 2151 785 hic
2184 743 2353 786 autem
2381 744 2623 804 tanquam
2648 752 2709 790 ex
2738 755 2895 793 causa
2918 742 3085 809 factus
3116 746 3279 812 ﬁlius,
3309 764 3391 801 se-

1868 820 2062 873 cundus
2088 831 2162 873 est
2194 821 2257 873 ab
2284 839 2340 874 eo
2370 824 2514 889 cujus
2548 836 2624 877 est
2659 827 2823 894 ﬁlius,
2851 832 3029 898 quippe
3053 835 3141 901 qui
3169 852 3201 887 a
3229 835 3389 891 Patre

1865 915 1913 959 et
1941 917 1996 959 ut
2026 909 2112 972 sit,
2140 918 2187 960 et
2214 919 2268 960 ut
2301 909 2422 963 talis
2451 913 2539 973 sit,
2575 917 2838 981 acceperit.
2869 917 2943 969 Ac
2970 935 3193 986 rursum,
3219 924 3388 993 splen-

1865 995 1962 1047 dor
2008 996 2207 1064 quidem
2256 1014 2356 1050 non
2401 1014 2463 1051 ea:
2506 1003 2763 1068 proposito
2799 1013 2845 1056 et
2879 1006 3136 1061 voluntate
3178 1010 3386 1065 luminis

1865 1084 2114 1151 splendet,
2140 1085 2226 1137 sed
2256 1087 2528 1138 secundum
2554 1089 2786 1143 accidens
2814 1093 3071 1161 quidpiam
3093 1113 3124 1149 α
3145 1098 3387 1155 substan-

1867 1174 1939 1225 tia
1965 1175 2335 1240 inseparabile;
2367 1175 2533 1230 Filius
2564 1195 2676 1231 vero
2697 1196 2758 1231 ex
2785 1187 3033 1237 sententia
3061 1196 3106 1238 et
3127 1193 3385 1257 proposito

1865 1262 2162 1325 voluntatis,
2192 1264 2361 1332 imago
2393 1265 2570 1320 Patris
2600 1268 2845 1321 substitit.
2879 1270 3060 1326 Valens
3095 1278 3226 1328 enim
3248 1278 3383 1333 Deus

1864 1349 1994 1403 Filii
2026 1352 2181 1404 Pater
2208 1355 2425 1415 ertitit,
2459 1372 2519 1407 ac
2556 1357 2833 1409 secundum
2873 1359 3041 1415 lumen
3088 1380 3177 1430 per
3212 1369 3384 1420 omnia

1863 1440 2029 1492 simile
2057 1442 2155 1492 sibi
2183 1441 2458 1495 subsistere
2487 1444 2560 1515 (a)
2590 1446 2728 1512 fecit.
2761 1447 2862 1501 Ubi
2896 1449 3154 1519 interpres
3184 1455 3293 1508 sive
3318 1472 3383 1511 ex

1863 1530 2024 1584 insito
2068 1544 2191 1599 erga
2236 1530 2521 1585 Eusebium
2573 1535 2796 1601 all‘ectu;
2839 1538 2950 1593 sive
2982 1542 3083 1593 alia
3113 1543 3285 1610 ignota
3318 1545 3384 1600 de

1862 1630 2043 1678 causa,
2075 1619 2237 1671 multa
2257 1633 2413 1673 secus
2440 1621 2609 1688 posita
2636 1624 2700 1676 ad
2732 1625 3045 1680 catholicam
3067 1632 3382 1688 sententiam

1860 1720 1956 1772 pro
1989 1720 2135 1760 more
2170 1722 2265 1760 suo
2301 1708 2511 1762 deﬂexit
2551 1728 2562 1762 :
2593 1725 2713 1764 nam
2743 1713 2888 1776 illud,
2921 1715 3038 1766 καθ’
3066 1717 3252 1770 ἑαυτὸν
3295 1722 3385 1773 οὐ·

2162 1796 2239 1850 sic
2275 1800 2547 1852 transtulit
2574 1819 2586 1852 :
2625 1799 2741 1854 Non
2768 1817 2857 1869 per
2888 1806 3107 1873 seipsum
3141 1808 3382 1863 substan-

1859 1884 1981 1934 tiam
2013 1895 2213 1948 nactus,
2245 1886 2331 1938 sed
2356 1904 2387 1939 a
2420 1886 2612 1951 Patre;
2642 1905 2761 1943 eum
2802 1891 3124 1961 disparatam
3166 1899 3382 1952 omnino

1856 1974 2169 2027 sententiam
2203 1974 2383 2028 efferat
2414 1976 2694 2041 Eusebius,
2726 1980 2949 2042 scilicet,
2971 1997 3060 2048 per
3086 1999 3138 2036 se
3158 1994 3206 2036 et
3239 2002 3381 2038 seor-

1854 2061 1951 2113 sim
1973 2061 2314 2115 substantiam
2346 2064 2555 2119 habens.
2586 2065 2708 2120 Pari
2736 2069 2891 2123 modo
2926 2071 3055 2125 illud
3083 2074 3171 2125 :'O
3200 2074 3254 2126 δὲ
3271 2077 3382 2127 Πα-

1853 2149 1951 2219 τὴρ
2002 2153 2333 2222 προϋπάρχει
2384 2155 2474 2206 τοῦ
2519 2156 2668 2217 Υἱοῦ,
2699 2159 2788 2208 καὶ
2819 2159 2915 2226 τῆς
2939 2161 3194 2227 γενέσεως
3221 2163 3381 2216 αὑτοῦ

1855 2240 2272 2310 προῦφέστηκεν,
2371 2245 2522 2313 μόνος
2546 2245 2828 2315 ἁγέννητος
2850 2244 2936 2316 ἦν’
2984 2250 3059 2302 sic
3082 2251 3167 2304 ille
3191 2253 3375 2305 vertit:

1853 2328 1919 2379 At
1948 2345 1979 2381 a
2004 2328 2162 2381 Patre
2191 2330 2358 2385 Filius
2399 2334 2645 2399 procedit,
2675 2344 2721 2386 et
2751 2336 2898 2387 illum
2934 2348 3161 2405 generat,
3193 2350 3246 2391 at
3274 2342 3382 2407 ipse

1854 2433 1953 2471 non
1985 2421 2183 2487 genitus
2228 2432 2322 2475 est.
2370 2424 2436 2475 At
2469 2438 2592 2476 vera
2626 2427 2886 2478 sententia
2916 2427 3027 2480 haec
3072 2410 3153 2483 est
3184 2428 3382 2485 :Pater

1855 2515 2024 2558 autem
2057 2506 2196 2561 Filio
2223 2510 2631 2575 prwcxsistebat,
2661 2521 2708 2563 et
2747 2522 2862 2565 ante
2904 2524 3071 2566 ortum
3103 2516 3211 2583 ejus
3241 2518 3381 2570 exsi-

1854 2594 2036 2659 stebat,
2059 2607 2304 2665 quatenus
2326 2599 2466 2652 solus
2495 2616 2595 2652 non
2616 2601 2812 2668 genitus
2840 2612 2971 2657 erat.
2997 2603 3085 2656 Sic
3109 2604 3267 2658 etiam
3293 2606 3381 2662 ille

1855 2682 1965 2737 fere
2008 2685 2203 2753 ubique
2250 2685 2463 2740 Eusebii
2505 2688 2646 2741 dicta
2677 2690 2727 2741 in
2758 2690 2914 2743 aliam
2942 2695 3255 2746 sententiam
3288 2693 3381 2747 de-

1854 2769 2031 2833 torsit,
2064 2777 2123 2822 ut
2146 2772 2462 2826 catholicum
2493 2776 2735 2828 redderet
2769 2795 2781 2828 :
2816 2793 2939 2830 nam
2971 2778 3062 2832 lib.
3090 2795 3161 2840 tv,
3207 2796 3255 2834 c.
3289 2781 3376 2847 15,

1853 2874 1905 2928 p.
1942 2860 2056 2923 173,
2088 2862 2197 2914 haec
2226 2862 2437 2917 Eusebii
2461 2867 2640 2932 verba,
2668 2869 2774 2921 Kal.
2804 2870 2957 2939 μόνον
2987 2872 3045 2934 ἐξ
3074 2872 3233 2925 αὑτοῦ
3259 2890 3380 2940 γενι-

1854 2949 2075 3017 νηθέντα
2127 2951 2254 3003 Θεὸν
2299 2952 2486 3019 Λόγον,
2522 2960 2713 3027 μετοχῇ
2760 2974 2818 3009 τε
2872 2958 2963 3011 ττῶ
3012 2963 3376 3031 γεννήσαντος,

1854 3037 2139 3108 ἀγεννήτου
2186 3042 2277 3092 καὶ
2308 3040 2515 3111 πρώτου
2549 3045 2638 3095 καὶ
2673 3046 2926 3114 μείζονος,
2960 3048 3089 3100 Θεὸν
3139 3051 3201 3102 ἐκ
3247 3050 3378 3104 Θεοῦ

174 3094 471 3205 ἐνέργειαν
491 3101 781 3205 regem.
809 3103 1143 3205 καθ”ὲαυτὸν
1156 3110 1501 3205 ξὺσιωιξένος.
1532 3094 1638 3168 Καὶ
1662 3118 1756 3171 πά·
1781 3102 1825 3162 C
1854 3094 2239 3194 ἀποφανθέντα,
2265 3094 2489 3201 Χρὶπδν
2964 3138 3280 3203 ἀπεκάλεσε,
3302 3142 3379 3195 sic

170 3181 271 3248 λιν,
312 3189 350 3254 ἡ
411 3188 517 3255 μὲν
551 3190 702 3259 αὐγὴ
744 3193 1077 3261 συνυπάρχει
1115 3196 1190 3265 τῷ
1233 3199 1384 3265 φωτὶ,
1430 3204 1753 3275 συμπληρω-

165 3279 300 3349 τική
340 3296 430 3342 τις
461 3277 604 3333 οὖσα
645 3282 845 3334 αὑτοῦ·
895 3286 1020 3337 ἄνευ
1053 3287 1161 3356 γὰρ
1193 3290 1361 3359 αὐγῆς
1395 3293 1491 3345 οὐκ
1520 3294 1584 3346 ἂν
1629 3297 1756 3347 ὑπο-

174 3371 345 3438 σταίη
397 3372 539 3439 φῶς,
575 3372 719 3440 ὁμοῦ
746 3390 804 3423 τε
838 3373 934 3424 καὶ
965 3377 1084 3426 κατ’
1111 3377 1239 3429 αὐτὸ
1272 3381 1662 3451 συνυφέστηκεν
1684 3400 1696 3413 ·
1728 3387 1755 3437 6

181 3454 244 3507 δὲ
271 3459 462 3529 Πατὴρ
506 3461 863 3530 προῦπάρχει
907 3462 998 3514 τοῦ
1039 3464 1187 3526 Υἱοῦ,
1223 3468 1315 3517 καὶ
1354 3468 1452 3535 τῆς
1495 3471 1755 3536 γενέσεως

178 3548 347 3601 αὐτοῦ
384 3550 835 3619 προϋφέστηκεν,
948 3553 1104 3620 μόνος
1146 3554 1428 3624 ἀγέννητος
1472 3555 1556 3628 ἦν.
1591 3561 1697 3613 Καὶ
1728 3566 1755 3615 6

156 3640 277 3701 μὲν
320 3642 448 3693 καθ’
484 3640 688 3692 ἑαυτὸν
721 3641 923 3703 τέλειος
952 3642 1042 3693 καὶ
1075 3645 1302 3712 πρῶτος,
1326 3646 1397 3707 ὡς
1426 3648 1627 3717 Πατὴρ,
1663 3651 1756 3703 καὶ

138 3728 264 3798 τῆς
314 3731 418 3783 τοῦ
459 3729 601 3782 Tia?»
651 3729 965 3792 συστάσεως
996 3731 1181 3795 αἴτιος,
1220 3734 1366 3786 οὐδὲν
1414 3737 1491 3798 εἰς
1524 3738 1757 3808 συμπλή-

125 3828 354 3878 ρωσιν
389 3818 491 3885 τῆς
537 3815 744 3868 ἑαυτοῦ
783 3814 1029 3883 Θεότητος
1070 3816 1216 3886 παρὰ
1257 3817 1348 3869 τοῦ
1390 3818 1515 3870 Υἱοῦ
1553 3820 1757 3888 λαμϐά-

112 3916 277 3954 νων
308 3921 327 3934 ³
359 3908 387 3957 6
426 3906 485 3957 δὲ
513 3906 597 3967 ὡς
646 3905 710 3969 ἐξ
757 3907 929 3958 αἰτίου
977 3904 1209 3971 γεγονὼς
1252 3906 1382 3967 υἱὸς,
1424 3907 1665 3976 δεύτερος
1695 3903 1753 3960 οὗ

143 3990 331 4047 ἔστιν
354 3996 473 4057 υἱὸς
499 3996 842 4065 καθέστηκε,
876 3995 1024 4066 παρὰ
1048 3994 1141 4046 τοῦ
1166 3996 1372 4065 Πατρὸς
1393 3996 1484 4049 καὶ
1511 3998 1569 4048 τὸ
1597 3996 1751 4062 εἶναι,

176 4084 273 4133 καὶ
306 4086 518 4137 τοιόσδε
567 4082 716 4136 εἶναι
766 4084 1018 4154 εἰληφώς.
1062 4086 1169 4137 Καὶ
1204 4086 1438 4155 πάλιν,ὴ
1488 4087 1581 4155 μὲν
1617 4089 1753 4157 αὐγὴ

174 4171 237 4219 εὖ
273 4175 419 4225 κατὰ
454 4176 792 4243 προαίρεσιν
828 4174 919 4225 τοῦ
954 4175 1124 4241 φωτὸς
1147 4174 1429 4242 ἐκλάμπει,
1462 4176 1596 4227 κατά
1622 4193 1672 4227 τι
1699 4177 1755 4227 δὲ

174 4258 271 4326 τῆς
313 4263 513 4324 οὐσίας
546 4260 906 4331 συμϐεϐηκὸς
938 4261 1257 4331 ἀχώριστονο
1303 4266 1330 4315 6
1368 4263 1423 4313 δὲ
1464 4262 1587 4324 Υἱὸς
1618 4265 1756 4316 κατὰ

174 4347 407 4419 γνώμην
454 4350 555 4402 καὶ
605 4350 932 4419 προαίρεσιν
977 4349 1134 4402 εἰκὼν
1164 4352 1362 4421 ὑπέστη
1407 4352 1495 4402 τοῦ
1530 4353 1752 4421 Πατρός.

177 4435 479 4510 Βουληθεὶς
507 4440 625 4510 γὰρ
656 4443 686 4492 6
718 4440 851 4502 Θεὸς
881 4439 1097 4505 γέγονεν
1125 4440 1251 4491 Υἱοῦ
1282 4440 1486 4508 Πατὴρ,
1527 4441 1617 4492 καὶ
1643 4442 1753 4508 φῶς

176 4524 436 4599 δεύτερον
478 4530 635 4583 κατὰ
662 4530 842 4582 πάντα
874 4529 1049 4597 ἐαυτῷ
1075 4530 1493 4599 ἀφωμοιωμένον
1526 4532 1755 4598 ὑπεστή-

182 4632 325 4674 σατο.
361 4623 504 4687 Quae
535 4622 625 4675 sic
668 4635 771 4688 ego
803 4619 1154 4686 interpretor:
1190 4620 1290 4672 Sed
1320 4638 1352 4670 a
1381 4620 1609 4672 sensibili
1642 4622 1757 4688 qui-

180 4708 287 4763 dem
319 4713 536 4765 lumine
559 4710 817 4777 splendor
842 4708 1079 4775 separari
1102 4725 1201 4760 non
1222 4717 1406 4775 potest,
1441 4707 1609 4763 Filius
1641 4727 1754 4763 vero

184 4812 427 4855 seorsum
474 4818 508 4853 a
547 4800 720 4853 Patre
746 4816 838 4866 per
880 4800 1103 4865 seipsunt
1134 4799 1390 4851 subsistit.
1432 4798 1504 4849 Ac
1550 4799 1755 4852 luminis

187 4892 397 4955 quidem
425 4890 687 4959 splendor
710 4890 883 4943 locum
913 4889 1191 4956 efﬁcientia:
1221 4887 1437 4948 obtinet,
1470 4885 1640 4942 Filius
1664 4905 1751 4941 au-

195 4984 283 5032 tem
331 4981 494 5033 aliud
521 4979 795 5049 quidpiam
826 4994 985 5046 quam
1012 4976 1289 5029 secundum
1318 4976 1635 5042 eﬂicientiam
1661 4988 1757 5042 est,

202 5079 275 5123 Der
315 5074 548 5139 seipsum
579 5071 888 5125 substantia
929 5066 1201 5135 praeditus.
1241 5064 1489 5128 Rursum,
1522 5067 1760 5132 splendor

211 5162 355 5216 simul
396 5164 601 5218 exsistit
654 5178 776 5217 cum
836 5157 1055 5218 lumine,
1108 5153 1339 5219 illudque
1388 5154 1758 5221 quodammodo

204 5257 440 5328 ’omplet:
476 5276 601 5314 nam
633 5258 753 5312 sine
783 5246 1073 5320 splendore
1105 5245 1277 5295 lumm
1303 5258 1622 5313 nequaquam
1648 5248 1761 5298 sub-

179 5342 341 5417 ‘istat,
372 5355 641 5425 simulque
686 5359 816 5401 eum
864 5336 965 5390 illo
1002 5349 1063 5384 uc
1102 5327 1391 5425 secundum
1431 5333 1558 5384 illud
1585 5334 1753 5388 subsi-

164 5440 285 5507 ‘m-
322 5451 483 5511 pater
534 5419 732 5503 έιαιειη
783 5430 945 5486 Filio
985 5419 1403 5488 prteexsistebat,
1438 5430 1483 5472 et
1519 5432 1639 5474 ante
1673 5440 1757 5475 or-

144 5506 279 5609 ‘um.
302 5506 817 5625 ᾖῖὦηίεωὸαι,
883 5520 1142 5583 quatenus
1193 5506 1342 5555 solus
1400 5513 1755 5577 non—genitus

1852 3218 2123 3270 transtulit
2146 3220 2232 3271 ille
2258 3238 2269 3271 :
2299 3220 2365 3272 Et
2389 3224 2476 3290 qui
2503 3224 2641 3277 solus
2664 3240 2725 3277 ea:
2748 3226 2837 3278 illo
2864 3228 3064 3295 genitus
3087 3227 3223 3281 Deus
3256 3229 3379 3283 Ver-

1851 3307 1988 3366 bum,
2014 3311 2469 3365 communicatione
2484 3315 2736 3382 gignentia
2765 3316 2995 3383 ingeniti,
3019 3316 3155 3370 Deus
3184 3318 3246 3372 de
3268 3318 3375 3372 Deo

1849 3404 1923 3447 est
1956 3395 2269 3459 declaratus,
2302 3398 2563 3451 Christum
2607 3411 2756 3469 atque
2794 3412 3002 3454 unctum
3026 3408 3253 3467 vocavit;
3284 3408 3376 3461 ubi

1850 3498 2007 3536 voces
2052 3484 2170 3537 illas
2210 3486 2420 3554 πρώτου
2465 3488 2557 3539 καὶ
2594 3489 2848 3558 μείζονος,
2881 3493 3035 3558 primi
3065 3503 3111 3546 et
3140 3495 3374 3561 majoris,

1851 3572 2185 3637 prmtermisit
2214 3573 2319 3638 ille,
2354 3576 2431 3627 sic
2470 3584 2645 3630 autem
2677 3581 2987 3633 vertendum
3022 3581 3119 3634 fuit
3151 3601 3162 3635 :
3196 3582 3263 3635 Et
3290 3600 3375 3637 so-

1849 3659 1955 3711 lum
2000 3676 2062 3712 ex
2100 3662 2210 3728 ipso
2240 3664 2467 3731 genitum
2504 3664 2668 3718 Deum
2714 3667 2948 3733 Verbum,
2982 3670 3377 3737 participatione

1849 3748 2096 3815 genitoris
2135 3754 2438 3820 non-geniti,
2463 3755 2616 3820 primi
2644 3764 2690 3808 et
2714 3757 2951 3824 majoris,
2979 3757 3140 3811 Deum
3174 3760 3235 3811 de
3266 3758 3374 3813 Deo

1849 3836 2189 3902 declaratum,
2225 3841 2486 3894 Christum
2530 3854 2576 3896 et
2626 3856 2834 3897 unctum
2865 3849 3078 3900 vocavit.
3107 3847 3170 3900 Et
3196 3863 3246 3916 p.
3274 3849 3368 3904 181

1849 3926 1890 3978 Β
1921 3947 1932 3980 :
1970 3929 2160 3997 Διόπερ
2190 3930 2278 3981 ἐπὶ
2307 3931 2475 3999 τούτῳ
2504 3932 2679 4002 ἔχρισέ
2724 3950 2803 3997 σε,
2836 3929 2879 3987 ὦ
2908 3935 3025 3998 Θεὲ,
3055 3937 3083 3987 6
3123 3938 3375 3991 ἀνωτάτω

1851 4019 1940 4071 καὶ
1990 4018 2181 4088 μείζων
2228 4020 2405 4082 αὐτὸς,
2438 4023 2465 4072 6
2494 4022 2583 4073 καί
2613 4038 2701 4072 σου
2732 4022 2879 4085 Θεὸς,
2908 4023 2980 4085 ὡς
3008 4019 3141 4076 εἶναι
3169 4027 3256 4076 καὶ
3284 4026 3375 4078 τὸν

1851 4106 2124 4176 χριόμενον
2167 4107 2258 4158 καὶ
2301 4108 2387 4158 τὸν
2430 4109 2642 4177 χρίοντα
2688 4110 2814 4160 πολὺ
2862 4111 3135 4180 πρότερον,
3163 4112 3374 4165 πάντων

1854 4196 1951 4264 μὲν
1978 4195 2101 4246 ὄντα
2129 4195 2277 4258 Θεὸν,
2310 4197 2398 4247 καὶ
2440 4196 2596 4249 αὑτοῦ
2637 4198 2984 4270 διαφερόντως
3022 4201 3114 4253 τοῦ
3159 4202 3372 4275 χριομέ-

1852 4300 1960 4343 νου,
1988 4284 2076 4336 ubi
2103 4285 2156 4336 in
2181 4283 2379 4340 Graecis
2402 4289 2705 4341 necessario
2734 4288 2897 4357 legas,
2917 4289 2990 4351 ὡς
3012 4285 3254 4343 εἶναικαὶ
3278 4290 3371 4343 τοῦ

1787 4417 1827 4469 D
1855 4370 2131 4438 χρωμένου
2162 4372 2249 4422 τὸν
2280 4373 2493 4441 χρίοντα
2526 4374 2655 4426 πολὺ
2688 4375 2962 4445 πρότερον,
2997 4376 3129 4430 alias
3159 4387 3373 4431 senten-

1855 4460 1925 4510 tia
1955 4475 2058 4511 non
2086 4462 2365 4515 constabit.
2390 4461 2587 4514 Locum
2622 4463 2692 4515 ita
2722 4467 2896 4527 vertit,
2928 4464 3037 4519 sive
3059 4466 3236 4534 potius
3254 4482 3373 4535 per-

1858 4548 2016 4599 vertit
2049 4548 2311 4617 interpres
2338 4549 2647 4616 :Propterea
2677 4551 2737 4603 ob
2773 4552 2903 4604 hanc
2936 4555 3097 4621 ipsam
3139 4566 3369 4616 causam,

1854 4635 2001 4685 unxit
2034 4643 2101 4695 te,
2127 4650 2156 4687 ο
2182 4633 2339 4697 Deus,
2370 4637 2473 4691 illc.
2508 4637 2594 4704 qui
2636 4647 2751 4687 tuus
2793 4653 2985 4705 quoque
3010 4647 3082 4690 est
3111 4637 3278 4699 Deus;
3314 4648 3367 4688 ut

1856 4721 1922 4773 sit
1963 4730 2010 4773 et
2052 4722 2140 4789 qui
2166 4723 2394 4789 ungitur,
2430 4721 2587 4785 Deus,
2616 4731 2664 4774 et
2707 4726 2793 4791 qui
2833 4726 2975 4792 ungit
3005 4739 3023 4774 :
3055 4724 3140 4791 qui
3169 4723 3370 4804 quidem

1857 4811 1924 4861 sit
1954 4811 2178 4861 omnium
2208 4809 2365 4863 Deus.
2394 4809 2466 4862 Ea
2494 4825 2651 4879 porro
2672 4820 2751 4864 est
2772 4827 2893 4865 vera
2918 4811 3043 4864 dicti
3073 4810 3367 4863 sententia:

1859 4893 1982 4948 Ideo
2012 4897 2158 4947 unxit
2188 4905 2252 4960 te,
2287 4913 2315 4949 o
2340 4897 2494 4959 Deus,
2525 4897 2613 4964 qui
2638 4914 2902 4964 supremus
2930 4907 2977 4949 et
3003 4897 3185 4964 major,
3211 4914 3271 4950 ac
3296 4899 3371 4951 tui

1858 4998 2051 5049 quoque
2082 4982 2219 5036 Deus
2245 4994 2351 5036 est:
2374 4985 2449 5036 ita
2473 4993 2527 5035 ut
2556 5001 2741 5053 ungens
2763 4994 2912 5037 uncto
2936 4986 3094 5038 multo
3120 4978 3260 5053 prior
3280 4988 3367 5051 sit,

1860 5087 1974 5123 cum
2024 5073 2247 5123 omnium
2291 5073 2489 5141 quidem
2533 5075 2600 5125 sit
2629 5074 2784 5138 Deus,
2805 5077 3087 5141 prwsertim
3116 5092 3230 5129 vero
3258 5076 3369 5145 ejus

1862 5161 1947 5227 qui
1972 5161 2196 5227 ungitur.
2228 5160 2288 5213 Et
2317 5177 2367 5229 p.
2398 5160 2500 5213 256
2529 5160 2607 5212 A:
2642 5163 2749 5214 Kal.
2780 5164 2807 5213 6
2836 5162 2963 5224 Θεὸς
3002 5164 3199 5229 Ἰσαὰκ,
3221 5158 3371 5230 ᾧκαὶ

1865 5248 2056 5316 στήλην
2087 5238 2369 5317 ἀνέστησεν
2399 5250 2426 5299 6
2454 5247 2715 5318 Θεοφιλὴς,
2749 5249 2875 5312 Θεὸς
2908 5251 3001 5318 μὲν
3037 5247 3104 5320 ἦν
3141 5254 3233 5303 καὶ
3264 5252 3373 5303 Κύ-

1867 5353 1974 5406 ριος
2019 5337 2202 5406 (αὐτῷ
2229 5338 2334 5407 γὰρ
2358 5336 2559 5402 λέγοντι
2593 5340 2948 5412 πιστευτέον),
2979 5342 3035 5392 οὐ
3069 5341 3169 5410 μὴν
3211 5340 3239 5391 6
3280 5340 3372 5392 ὲπὶ

1861 5426 2087 5490 πάντων,
2120 5427 2226 5477 ἀλλ’
2257 5428 2283 5477 6
2314 5426 2512 5476 ἐκείνου
2540 5426 2801 5500 δεύτερος,
2833 5432 2898 5483 τὰ
2924 5430 3016 5481 τοῦ
3049 5428 3254 5498 Πατρὸς
3292 5429 3371 5490 εἰς

1860 5516 2163 5585 ἀνθρώπους
2192 5514 2586 5592 διακονούμενος
2614 5520 2703 5573 καὶ
2729 5518 3064 5594 διαγγέλλων,
3093 5518 3180 5573 ubi
3206 5518 3372 5573 inter-

208 5679 417 5779 “quo
446 5688 640 5743 smsu
684 5670 803 5734 ρει»
839 5640 1031 5703 omnia
1060 5636 1301 5690 similem
1356 5637 1538 5695 Filium
1590 5643 1765 5711 dicat,
1804 5648 1918 5702 vide
1948 5648 2103 5702 intra.

229 5717 256 5755 υ

1728 6272 1821 6287 ,ρπ-
