3818 6340
631 382 698 437 35
1306 372 1567 433 unseen
1601 364 2065 424 cmsaumusrs
2103 363 2248 418 ore.
2291 363 2470 422 PARS
2511 367 2599 421 ιιι.
2637 399 2706 409 -
2741 365 3139 424 EXEGETICA.

628 510 753 565 pres
803 509 949 549 more
1004 495 1159 548 solito
1192 512 1203 545 :
1245 491 1306 543 Et
1351 490 1485 542 Deus
1534 486 1710 547 Isaac,
1744 485 1827 537 cui
1859 493 1907 536 et
1951 484 2157 535 titulum
2187 495 2231 550 Α
2258 494 2367 533 rem
2400 482 2640 536 Graecum
2668 484 2888 547 vitiavit,
2920 490 2974 537 et
3002 480 3257 535 catliolice
3324 482 3460 551 loqui
3505 499 3677 556 compa

627 587 789 640 erexit
814 585 909 639 Dei
936 587 1153 643 amicus,
1175 583 1311 634 Deus
1342 578 1545 647 quidem
1566 586 1677 629 erat
1703 586 1751 630 et
1775 575 2026 629 Dominus
2048 577 2167 646 (ipsi

627 677 763 729 enim
786 675 978 729 dicenti
1011 670 1314 726 credendum
1337 676 1410 720 est
1434 669 1475 737 ),
1497 684 1597 720 non
1625 676 1792 718 tamen
1825 666 1869 718 is
1901 667 1987 734 qui
2012 665 2168 718 Pater

628 772 703 816 est
734 772 780 815 et
810 780 841 815 a
880 761 1021 814 nullo
1050 768 1162 817 est;
1207 757 1293 808 sed
1319 757 1406 824 qui
1434 772 1515 819 ea,
1540 771 1653 824 qua:
1679 754 1745 805 ad
1777 752 1986 806 Patrem
2011 756 2167 821 perti-

631 862 769 913 nent,
794 848 1081 903 hominibus
1112 844 1469 897 subministrat
1490 854 1537 897 et
1558 844 1785 896 nuntiat.
1829 841 1925 895 Ubi
1959 851 2169 895 verten-

632 942 756 995 dum
784 948 897 993 erat
927 957 938 989 :
966 936 1031 988 Et
1066 934 1203 987 Deus
1235 933 1407 997 Isaac,
1437 936 1522 986 cui
1562 943 1610 986 et
1657 934 1861 986 titulum
1895 933 2052 984 erexit
2093 934 2170 985 vir

632 1031 721 1082 ille
747 1027 1035 1094 religiosus,
1068 1024 1204 1076 Deus
1237 1023 1438 1093 quidem
1489 1032 1601 1076 erat
1648 1031 1696 1075 et
1742 1021 2027 1083 Dominus;
2069 1020 2170 1085 ipsi

630 1120 765 1170 enim
794 1117 983 1167 dicenti
1012 1113 1320 1167 credendum
1354 1123 1465 1175 est;
1494 1130 1582 1165 nec
1615 1122 1782 1165 tamen
1817 1123 1926 1165 erat
1966 1111 2051 1165 ille
2081 1130 2168 1166 su-

628 1223 725 1275 pra
755 1206 928 1259 omnia
958 1202 1163 1275 [Deus],
1197 1204 1285 1256 sed
1318 1204 1399 1255 illi
1427 1202 1699 1263 secundus,
1734 1203 1822 1271 qui
1868 1218 1945 1256 res
1994 1201 2167 1256 Patris

629 1301 684 1352 in
708 1298 997 1351 hominibus
1028 1298 1290 1349 ministrat
1337 1307 1385 1349 et
1434 1298 1660 1350 nuntiat.
1688 1296 1815 1360 Quae
1845 1297 2084 1349 recidunt
2114 1297 2167 1350 in

630 1390 775 1444 illam
809 1388 1054 1456 superius
1087 1394 1556 1439 commonstratam
1588 1386 1800 1439 Eusebii
1829 1387 2165 1452 sententiam,

630 1480 889 1532 unitatem
923 1477 1127 1530 scilicet
1150 1476 1242 1530 Dei
1272 1477 1643 1530 universorum
1674 1476 1725 1528 in
1752 1492 1855 1529 uno
1875 1475 2033 1531 Patre
2056 1492 2168 1531 ser-

630 1567 767 1629 vari,
791 1565 928 1619 Filio
960 1567 1262 1629 excluso,ct
1289 1566 1342 1618 in
1375 1566 1666 1618 secundum
1699 1566 1873 1620 locum
1903 1567 2165 1634 ablegato.

635 1654 891 1709 Similiter
912 1656 1103 1722 p.158,
1133 1656 1194 1717 C,
1234 1655 1344 1707 baac
1372 1653 1583 1709 Eusebii
1611 1656 1770 1709 verba
1804 1656 1950 1710 ε”Οτε
1976 1655 2032 1707 δὲ
2062 1655 2169 1707 Κύ-

636 1761 744 1816 ριον
776 1744 867 1797 καὶ
896 1743 1025 1795 Θεὸν
1048 1740 1153 1795 οἶδε
1183 1743 1271 1796 τὸν
1301 1743 1727 1812 ἐπιφαινόμενον,
1745 1744 1962 1806 ταύταις
1984 1746 2168 1807 αὐταῖς

2340 573 2457 628 1am
2502 590 2608 642 quo
2659 574 3044 628 destinavimus
3075 586 3349 641 pergamus
3386 592 3397 627 :
3431 575 3678 631 substanti

2262 682 2390 731 ergo
2433 664 2551 717 Filii
2584 662 2867 726 Eusebius,
2897 664 3056 714 aliam
3083 669 3136 714 et
3160 661 3416 715 diversam
3449 664 3595 718 docet
3625 683 3650 720 a
3676 714 3677 719 η

2264 758 2363 809 tris
2395 752 2717 812 substantia,
2752 752 2910 818 idque
2938 764 3043 801 non
3068 748 3120 800 in
3150 750 3433 817 prtemissis
3455 753 3603 805 modo
3627 755 3678 806 ιο.

2265 844 2359 897 sed
2396 844 2554 896 etiam
2606 840 2731 892 alibi
2763 841 3110 907 plerumque;
3155 839 3232 890 sic
3266 839 3319 892 in
3348 839 3678 894 Demonstrati

2262 930 2573 999 evangelica,
2591 928 2684 981 lib.
2715 942 2767 990 v,
2798 942 2915 993 cap.
2941 926 2992 987 1,
3018 940 3135 993 pag.
3162 924 3283 989 ‘215,
3312 936 3583 997 postquam
3606 930 3677 983 in!

2263 1021 2487 1089 quadret
2506 1018 2831 1087 comparatio
2854 1015 3027 1068 Patris
3048 1021 3099 1067 et
3119 1014 3238 1068 Filii
3268 1032 3386 1069 cum
3410 1019 3526 1072 luce
3546 1028 3595 1072 et
3617 1024 3677 1088 sp

2263 1113 2412 1173 dore,
2447 1110 2831 1179 explicaverat;
2867 1108 2920 1160 in
2954 1123 3060 1176 quo
3083 1107 3328 1160 dill‘erant
3359 1107 3515 1162 Pater
3550 1120 3599 1162 et
3626 1110 3677 1162 Fi

2264 1216 2293 1253 a
2322 1201 2603 1269 splendore
2631 1206 2683 1252 et
2713 1199 2830 1252 luce
2882 1199 2960 1251 sic
3006 1205 3220 1251 enarrat
3250 1198 3415 1250 :‘An‘
3440 1200 3499 1250 οὺ
3531 1203 3633 1262 τοῖς
3665 1202 3678 1253 ί

2263 1289 2509 1357 δείγμασι
2548 1287 2686 1340 κατὰ
2726 1286 2898 1338 πάντα
2928 1287 3122 1356 τρόπον
3149 1286 3365 1354 ὁμοίως,
3396 1286 3665 1356 ὡσπεροῦν

2265 1379 2524 1448 πρότερον
2551 1376 2875 1447 εἴρηται.Τὰ
2899 1376 2992 1445 μὲν
3025 1376 3130 1446 γὰρ
3155 1376 3332 1445 ἄψυχα
3360 1376 3579 1446 σώματα
3602 1378 3677 1429 τὸι

2265 1466 2491 1537 ϐεϐηκὸς
2524 1468 2578 1517 έν
2617 1466 2859 1534 ποιότησι
2889 1465 3204 1533 κέκτηνται’
3230 1466 3264 1535 ἦ
3286 1483 3344 1516 τε
3372 1466 3479 1535 γὰρ
3501 1467 3658 1534 αὐγὴ,

2264 1572 2423 1621 (puro;
2455 1552 2584 1607 οὖσα
2614 1558 2678 1624 τῇ
2712 1554 2804 1605 τοῦ
2836 1552 3008 1621 φωτὸς
3047 1554 3225 1621 φύσει,
3257 1556 3350 1607 καὶ⁸
3386 1555 3650 1616 οὑσιωδῶς

2264 1646 2576 1716 υπάρχονσα
2602 1645 2677 1713 τῷ
2703 1644 2857 1711 φωτὶ,
2886 1645 2986 1695 οὐκ
3012 1643 3075 1695 ἂν
3100 1643 3313 1695 δύναιτο
3342 1644 3495 1705 ἐκτὸς
3523 1646 3678 1712 ὑφεστ

2266 1736 2356 1787 τοῦ
2391 1737 2447 1787 ὲν
2483 1729 2526 1801 ᾧ
2559 1737 2701 1787 ἐστιν
2724 1750 2736 1762 ·
2775 1736 2802 1785 ὁ
2831 1733 2885 1784 δέ
2910 1749 2971 1799 γε
2995 1731 3087 1783 τοῦ
3114 1731 3248 1783 Θεοῦ
3276 1733 3446 1799 Λόγος
3477 1734 3592 1787 καθ’
3627 1735 3678 1785 ὲα

634 1832 813 1901 σαφῶς
838 1830 1093 1899 κέχρηται
1114 1831 1228 1890 ταῖς
1251 1830 1596 1899 προσρήσεσι.
1629 1828 1826 1898 Κύριον
1851 1829 1903 1880 δὲ
1926 1830 2015 1881 καὶ
2038 1829 2164 1881 Θεὸν
2198 1824 2237 1881 Β
2263 1824 2511 1877 οὑσίωταί
2550 1840 2608 1874 τε
2641 1824 2733 1875 καὶ
2765 1822 3054 1891 ὑφέστηκε,
3085 1822 3179 1872 καὶ
3211 1821 3312 1874 οὐκ
3349 1823 3650 1892 ἀγεννήτως

632 1923 712 1975 ὅτι
738 1920 809 1990 μὴ
835 1920 921 1973 τὸν
940 1920 1107 1973 αἴτιον
1128 1920 1292 1987 λέγοι,
1315 1918 1597 1989 προφανῶς
1619 1917 1888 1980 ἐπέδειξαν
1910 1919 2003 1986 τῆς
2026 1919 2169 1980 Θείας

632 2009 849 2078 Γραφῆς
900 2009 951 2059 αἱ
996 2006 1184 2069 λέξεις,
1216 2005 1437 2072 ἄγγελον
1491 2004 1621 2056 Θεοῦ
1674 2002 2052 2071 προσειποῦσαι
2081 2002 2169 2053 τὸν

633 2098 725 2150 ἐπὶ
747 2098 836 2149 τοῦ
853 2096 1040 2149 Ἰακὼϐ
1059 2096 1256 2164 Κύριον
1273 2095 1365 2147 καὶ
1390 2093 1517 2146 Θεὸν
1534 2092 2027 2162 προωνομασμένον.
2051 2091 2171 2142 Λεί-

633 2190 791 2242 πεταί
822 2207 903 2251 τις
925 2189 1039 2258 ’ἄρα
1062 2188 1134 2240 ὢν
1158 2190 1214 2238 ἐν
1241 2191 1350 2249 τοῖς
1378 2183 1490 2239 οὖσι
1525 2186 1653 2249 Θεὸς
1681 2186 1772 2237 καὶ
1808 2185 2004 2254 Κύριος
2036 2181 2168 2251 μετὰ

630 2275 721 2327 τὸν
754 2274 1089 2343 παμϐασιλὲα
1128 2274 1217 2325 καὶ
1248 2273 1374 2325 Θεὸν
1411 2273 1514 2325 τῶν
1546 2273 1676 2325 ὃλων
1696 2290 1708 2302 ·
1738 2271 1821 2341 εἴη
1852 2272 1894 2324 δ’
1927 2272 1991 2324 ἂν
2019 2264 2169 2331 οἶτος

632 2365 661 2415 ὸ
693 2364 797 2434 πρὸ
827 2364 1032 2415 αἰώνων
1064 2362 1154 2415 τοῦ
1187 2361 1318 2414 Θεοῦ
1344 2362 1527 2429 Λόγος,
1548 2364 1574 2413 ὁ
1599 2362 1850 2429 κρείττων
1879 2360 1975 2429 μὲν
2006 2360 2037 2428 ἢ
2070 2361 2170 2411 πᾶ-

635 2469 701 2504 σα
737 2451 995 2520 ἀγγελικὴ
1028 2451 1203 2519 φύσις,
1240 2452 1400 2519 μείων
1431 2451 1484 2501 δὲ
1515 2452 1545 2518 ἢ
1588 2451 1724 2501 κατὰ
1760 2449 1819 2501 τὸ
1851 2449 2059 2519 πρῶτον
2086 2447 2168 2500 αἶ-

632 2556 763 2603 τιον,
793 2542 868 2592 ita
901 2540 1086 2592 Latine
1118 2540 1242 2592 fecit
1269 2539 1356 2591 ille
1390 2557 1401 2590 :
1435 2539 1643 2601 Quoties
1668 2554 1780 2590 vero
1808 2538 2086 2589 Dominum
2120 2546 2169 2590 et

634 2628 820 2692 Deum,
870 2646 983 2681 eum
1032 2629 1119 2697 qui
1161 2638 1373 2697 apparet
1418 2628 1681 2697 intelligit,
1716 2629 1793 2680 his
1833 2629 1956 2695 ipsis
1994 2629 2169 2694 palam

632 2719 806 2769 utitur
852 2717 1196 2771 locationibus
1228 2734 1245 2770 :
1273 2717 1407 2786 quod
1455 2735 1566 2771 vero
1602 2718 1873 2770 Dominum
1911 2718 2170 2787 Deumque

636 2823 737 2858 non
767 2823 880 2858 eum
908 2808 1159 2876 signiﬁcet
1189 2807 1276 2875 qui
1308 2806 1470 2860 Pater
1498 2816 1594 2870 est,
1631 2808 1755 2875 ipsa:
1785 2806 2066 2875 Scriptura:
2087 2808 2169 2859 di-

636 2898 766 2949 uina:
812 2896 1093 2949 locutiones
1133 2897 1186 2948 in
1220 2897 1564 2962 superioribus
1599 2897 1972 2951 euidentissime
2002 2906 2171 2949 osten-

635 2988 787 3053 dunt,
816 2989 901 3039 ubi
928 2988 1165 3057 angelum
1198 2989 1293 3041 Dei
1319 2989 1578 3056 appellant
1612 3004 1724 3040 eum
1754 2989 1958 3055 quicum
1984 2988 2046 3039 de
2073 2985 2172 3039 Ja-

636 3081 729 3133 cob
757 3097 922 3133 sermo
949 3090 1112 3141 esset;
1142 3088 1367 3148 superest
1404 3081 1562 3148 igitur
1592 3087 1649 3131 ut
1681 3094 1990 3147 quwramus,
2024 3077 2167 3146 quis-

2268 1914 2492 1983 υπάρχει
2543 1912 2618 1981 τῷ
2665 1912 2855 1982 Πατρὶ,
2886 1910 2996 1962 ἀλλ’
3025 1911 3099 1973 ὡς
3154 1912 3448 1981 μονογενὴς
3490 1912 3614 1974 Υἱὸς
3663 1930 3678 1981 ι

2266 2005 2369 2074 πρὸ
2401 2004 2609 2055 πάντων
2640 2003 2745 2054 τῶν
2783 2000 2988 2055 αἰώνων
3019 2002 3082 2053 ὲκ
3122 1999 3218 2053 τοῦ
3250 2000 3467 2071 Πατρὸς
3491 2018 3678 2068 γεγενν

2266 2111 2370 2156 νος,
2396 2093 2498 2145 hoc
2526 2100 2609 2146 est
2634 2111 2645 2145 :
2678 2091 2775 2145 Sed
2801 2108 2901 2144 non
2932 2091 3227 2145 omnimode
3255 2095 3611 2157 exemplorum
3640 2094 3678 2144 si

2268 2184 2389 2235 tudo
2413 2184 2667 2244 convenit,
2694 2182 2884 2250 utjam
2912 2182 3109 2234 dictum
3132 2182 3237 2250 fuit
3266 2198 3285 2233 :
3315 2197 3440 2233 nam
3482 2196 3678 2247 corpori

2268 2273 2502 2324 animata
2559 2272 2795 2324 accidens
2821 2272 2873 2323 in
2903 2271 3250 2341 qualitatibus
3285 2270 3521 2323 obtinent
3547 2286 3564 2321 :
3587 2272 3678 2337 δρία

2266 2364 2400 2415 enim
2427 2379 2539 2413 cum
2567 2372 2767 2414 naturae
2796 2361 2923 2413 lucis
2951 2370 3207 2412 connatus
3246 2360 3341 2421 sit,
3375 2368 3424 2411 et
3467 2359 3678 2412 substan

2268 2459 2345 2502 ter
2368 2465 2482 2502 cum
2512 2450 2622 2500 luce
2655 2449 2957 2511 cocxsistal,
2987 2457 3137 2500 extra
3168 2447 3406 2515 idipsum
3432 2448 3487 2499 in
3512 2465 3612 2516 quo
3640 2466 3678 2501 et

2266 2554 2523 2607 quaquam
2565 2538 2841 2590 subsistere
2869 2541 3067 2605 possit;
3098 2547 3152 2589 at
3183 2536 3287 2589 Dei
3333 2535 3566 2589 Verbum
3588 2553 3678 2604 per

2266 2629 2480 2679 seorsim
2515 2627 2858 2680 substantiam
2881 2626 3071 2679 obtinet
3099 2635 3147 2679 et
3178 2626 3429 2679 subsistit
3453 2643 3472 2690 ;
3513 2644 3673 2694 neque

2267 2715 2370 2767 nite
2399 2714 2455 2783 (i.
2481 2730 2529 2767 e.
2553 2723 2609 2766 ut
2632 2714 3133 2783 non-genitus)Palri
3159 2716 3443 2767 coexsistit
3470 2730 3488 2778 ;
3522 2715 3610 2768 sed
3638 2733 3677 2767 u.

2265 2805 2462 2874 genitus
2498 2801 2689 2865 Filius,
2722 2804 2863 2855 solus
2900 2811 3018 2855 ante
3046 2804 3227 2855 omnia
3252 2804 3458 2857 stecula
3485 2820 3552 2857 ea:
3580 2804 3678 2856 Pal

2268 2896 2426 2948 nitus.
2458 2892 2768 2960 Pariterque
2798 2893 2889 2945 lib.
2922 2907 2972 2946 v1
3004 2892 3158 2945 initio
3190 2894 3480 2960 prommii,
3514 2894 3572 2946 in
3598 2910 3663 2947 eo

2268 2998 2429 3052 supra
2478 2982 2761 3037 retulimus
2814 2982 2951 3043 loco,
2983 2982 3058 3034 ait
3112 2980 3321 3035 Filium
3374 2998 3504 3037 esse
3556 2999 3678 3038 secu

2268 3080 2386 3141 post
2430 3070 2639 3125 Patrem
2688 3071 3064 3133 substantiam,
3106 3086 3232 3140 qua:
3267 3071 3441 3125 rebus
3474 3072 3645 3125 factis

638 3186 759 3222 nam
789 3171 877 3231 sit,
910 3171 962 3222 in
993 3171 1056 3222 iis
1087 3185 1200 3238 qute
1229 3177 1369 3233 sunt,
1405 3168 1540 3220 Deus
1588 3178 1635 3220 et
1689 3167 1955 3230 Dominus,
1981 3176 2166 3235 prwter
2192 3151 2233 3206 (ἶ
2267 3164 2365 3216 bus
2400 3164 2597 3231 praesit.
2635 3159 2699 3212 Et
2734 3161 2825 3216 lib.
2857 3176 2874 3212 ι
2936 3160 3133 3214 Contra
3178 3162 3541 3227 Marcellum,
3584 3179 3641 3230 p.
3675 3197 3678 3209 .

638 3256 848 3311 Patrem
899 3260 1146 3320 omnium,
1200 3266 1247 3309 et
1280 3274 1447 3326 regem
1472 3257 1731 3326 Deumque
1776 3258 1998 3310 universi
2027 3274 2044 3309 :
2072 3258 2170 3309 erit

635 3360 811 3401 autem
838 3349 918 3399 hic
958 3347 1175 3400 Verbum
1212 3349 1325 3411 Dei,
1368 3348 1500 3417 quod
1529 3356 1602 3400 est
1631 3358 1748 3400 ante
1781 3350 1992 3410 swcula,
2023 3363 2171 3415 supe-

640 3436 747 3487 rior
784 3436 987 3503 quidem
1014 3437 1152 3487 omni
1195 3436 1425 3503 angelica
1470 3446 1677 3499 natura,
1709 3436 1967 3501 profectus
2001 3444 2171 3487 autem

639 3525 704 3575 ab
752 3541 830 3581 eo.
858 3524 946 3591 qui
981 3522 1138 3575 Pater
1183 3532 1281 3575 est.
1315 3521 1418 3575 Sed
1459 3525 1610 3591 longe
1641 3525 1741 3575 alia
1774 3522 1975 3590 profert
2005 3523 2171 3577 Eusc-

641 3613 784 3673 bius,
811 3613 1017 3665 scilicet
1043 3630 1055 3664 :
1083 3611 1210 3664 Cum
1237 3628 1352 3664 vero
1386 3612 1661 3663 Dominum
1689 3622 1736 3664 et
1763 3613 1946 3676 Deum,
1970 3614 2057 3680 qui
2082 3629 2174 3680 ap-

637 3711 805 3767 paret,
830 3717 938 3753 esse
966 3703 1215 3769 agnoscit,
1248 3702 1431 3753 iisdem
1484 3703 1608 3769 ipsis
1653 3701 1791 3753 clare
1826 3703 1988 3753 utitur
2009 3703 2176 3769 appel-

642 3791 921 3842 lationibus
944 3806 960 3842 :
983 3791 1117 3858 quod
1149 3807 1262 3843 vero
1292 3789 1567 3842 Dominum
1598 3800 1645 3842 et
1670 3790 1832 3843 Deum
1860 3792 2173 3855 dicens,non

641 3896 777 3943 eum,
800 3882 885 3948 qui
915 3877 1087 3933 Causa
1113 3890 1208 3943 est,
1233 3881 1502 3949 signiﬁcet,
1526 3881 1782 3932 evidenter
1803 3880 2071 3933 ostendunt
2091 3881 2173 3932 di-

641 3972 772 4025 vinae
804 3969 1085 4038 Scriptura:
1114 3988 1275 4034 voces,
1308 3987 1420 4039 qua:
1449 3971 1683 4039 angelum
1722 3969 1818 4022 Dei
1846 3972 2012 4037 ipsum
2045 3987 2175 4022 nun-

643 4073 855 4130 cupant,
885 4062 972 4131 qui
1014 4060 1210 4113 Iacobo
1258 4059 1439 4131 [visus]
1490 4060 1736 4114 Dominus
1781 4069 1829 4112 et
1862 4060 1994 4113 Deus
2024 4072 2174 4114 antea

645 4152 931 4218 appellatus
959 4159 1052 4203 est.
1079 4149 1257 4202 Restat
1286 4166 1402 4217 ergo
1428 4150 1681 4217 quispiam
1701 4149 1831 4200 inter
1859 4164 1920 4200 ea
1947 4163 2060 4216 qua:
2080 4162 2175 4199 ex~

643 4244 833 4295 sistunt
881 4241 1018 4294 Deus
1063 4250 1108 4293 et
1162 4239 1434 4302 Dominus,
1483 4250 1595 4304 post
1638 4238 1865 4291 omnium
1914 4255 2077 4307 regem
2126 4248 2177 4290 et

648 4324 808 4377 Deum
838 4328 1187 4379 universorum
1214 4340 1232 4377 :
1260 4327 1303 4377 is
1331 4335 1499 4377 autent
1523 4324 1700 4392 fuerit,
1731 4325 1817 4394 qui
1840 4337 1959 4378 ante
1986 4325 2177 4379 sarcula

645 4425 744 4478 est,
779 4416 875 4467 Dei
910 4415 1147 4477 Verbum,
1178 4418 1343 4483 major
1367 4415 1567 4483 quidem
1598 4416 1737 4466 omni
1772 4415 2001 4481 angelica
2026 4422 2178 4466 natu-

648 4522 742 4570 ra,
772 4505 941 4557 minor
970 4520 1083 4557 vero
1112 4503 1205 4555 illa
1247 4505 1415 4571 prima
1454 4520 1631 4555 causa.
1669 4502 1769 4557 Ubi
1801 4504 1865 4557 de
1895 4519 2040 4556 more
2070 4501 2175 4556 Eu-

647 4594 828 4650 sebius
853 4593 1045 4646 Filium
1068 4593 1181 4656 Dei,
1206 4608 1234 4645 a
1256 4593 1509 4662 primaria
1536 4594 1621 4645 illa
1640 4593 1833 4648 deitate
1857 4602 1908 4646 et
1934 4593 2172 4647 omnium

649 4698 811 4737 causa
840 4683 1127 4745 seclusum,
1153 4682 1407 4751 dignitate
1433 4693 1484 4736 et
1504 4683 1690 4737 ordine
1715 4698 1813 4736 ceu
1843 4681 2076 4736 medium
2100 4683 2176 4737 in-

651 4780 732 4825 ter
779 4770 943 4824 Deum
982 4779 1034 4823 et
1075 4771 1291 4835 angelos
1337 4770 1629 4825 constituit.
1665 4770 1924 4823 Sexcenta
1959 4771 2061 4824 alia
2107 4786 2174 4826 ex

648 4860 937 4928 evangelica
974 4858 1419 4912 Demonstratione
1473 4859 1587 4913 loca
1634 4858 1818 4911 afferre
1848 4861 1900 4911 in
1928 4868 2174 4928 promptu

652 4954 815 5009 esset,
831 4949 919 5001 ubi
942 4948 1202 5017 interpres
1230 4946 1513 5002 Eusebium
1545 4947 1610 5001 ad
1636 4948 1946 5001 catholicam
1977 4948 2177 5003 doctri-

655 5047 779 5087 nam
806 5036 888 5087 vel
920 5036 1140 5091 invitum
1170 5037 1385 5091 deduxit
1414 5055 1427 5090 :
1453 5038 1542 5092 sed
1576 5037 1689 5089 haec
1718 5037 1901 5091 lectori
1933 5044 2089 5092 erunt
2111 5037 2177 5090 ad

656 5120 921 5176 cautelam
950 5123 1101 5184 satis,
1132 5139 1199 5178 ne
1243 5124 1294 5177 in
1340 5122 1524 5175 Latina
1573 5121 1818 5175 versione
1864 5136 1922 5176 se
1964 5121 2177 5175 Eusebii

656 5206 973 5263 sententiam
1012 5212 1271 5277 expiscari
1315 5226 1472 5281 posse
1505 5209 1752 5265 conﬁdat.
1785 5209 2015 5265 Estimo
2051 5225 2179 5263 sane

658 5297 855 5351 multos
887 5296 1187 5363 interpretis
1218 5302 1438 5355 artiﬁcio
1459 5302 1525 5354 ad
1546 5300 1758 5355 Eusebii
1784 5300 2033 5354 tutandas
2059 5314 2179 5367 par-

659 5394 739 5440 tes
758 5384 1051 5440 accessisse
1080 5401 1096 5437 :
1127 5401 1246 5439 nam
1295 5389 1340 5442 is
1387 5391 1563 5444 sciens
1591 5397 1644 5443 et
1669 5390 1900 5458 prudens
1948 5388 2176 5456 scripto-

2267 3266 2387 3305 eum
2410 3251 2499 3318 qui
2532 3250 2723 3302 dixerit
2754 3248 2965 3302 Patrem
2989 3257 3041 3302 et
3072 3249 3275 3303 Filium
3312 3252 3678 3304 substantiat

2268 3346 2446 3407 aperte
2482 3336 2840 3390 Sabellianum
2868 3352 3020 3400 esse;
3043 3345 3095 3390 et
3123 3353 3174 3406 p.
3206 3340 3284 3393 25
3316 3353 3632 3395 accusatus
3660 3356 3678 3392 ιι

2268 3429 2401 3482 cello
2448 3426 2746 3489 Eusebius,
2783 3427 2921 3494 quod
2970 3435 3104 3481 teste
3156 3428 3442 3483 Narcisso
3506 3430 3678 3485 Nerou

2269 3517 2402 3570 duas
2453 3532 2569 3570 esse
2614 3516 2790 3570 Putris
2829 3524 2881 3570 et
2933 3516 3054 3569 Filii
3084 3518 3450 3574 substantias
3487 3521 3678 3575 dicere

2272 3606 2360 3659 ille
2393 3621 2498 3659 non
2528 3614 2704 3675 negat,
2739 3606 2831 3660 sed
2860 3607 2963 3659 alio
2991 3621 3100 3660 rem
3146 3615 3203 3661 et
3258 3624 3602 3663 sermonem
3630 3613 3678 3664 di

2272 3697 2503 3766 Tempus
2529 3713 2614 3752 me
2641 3697 2909 3761 deficeret,
2938 3700 2982 3753 si
3006 3700 3207 3754 similia
3241 3700 3492 3756 Eusebii
3524 3704 3654 3758 loca

2273 3805 2393 3843 rere
2423 3789 2608 3842 vellem
2639 3808 2650 3840 :
2683 3788 2748 3841 de
2769 3788 3031 3841 industria
3057 3789 3206 3843 enim
3236 3791 3338 3846 ille
3364 3796 3596 3861 passim
3636 3811 3678 3847 ιν

2274 3889 2351 3933 tat
2382 3888 2434 3933 et
2468 3879 2819 3947 comprobare
2846 3880 3037 3932 nititur
3071 3880 3170 3950 (a).

2340 4011 2419 4058 Vl.
2447 4008 2685 4057 Eusebius
2709 4010 2819 4058 Filii
2843 4011 3075 4059 deitatem
3099 4014 3251 4062 aliam
3281 4019 3485 4064 statuit
3522 4031 3551 4065 a
3583 4024 3677 4080 ρει

2342 4132 2476 4185 Cum
2505 4149 2631 4201 ergo
2676 4133 2865 4186 Filium
2900 4134 3123 4187 diversae
3158 4150 3189 4187 a
3229 4149 3501 4206 paterna
3567 4143 3678 4196 sub

2274 4222 2437 4283 dicat,
2469 4222 2594 4274 hinc
2623 4223 2967 4291 consequitur
2994 4230 3051 4274 ut
3076 4223 3354 4279 deitatem
3382 4229 3575 4283 aliam
3610 4245 3646 4283 a

2273 4312 2327 4363 in
2366 4310 2501 4363 Filio
2539 4326 2659 4366 esse
2686 4311 2909 4365 doceat:
2942 4312 3080 4381 quod
3116 4313 3248 4367 licet
3282 4317 3513 4373 eodem
3570 4337 3677 4376 rec

2276 4394 2407 4471 ipsis
2447 4402 2656 4457 Eusebii
2698 4402 2855 4455 dictis
2880 4401 3090 4470 planius
3119 4404 3329 4458 evadet
3362 4426 3376 4460 :
3414 4407 3594 4463 unde
3631 4418 3678 4463 et

2278 4503 2489 4548 seratur
2520 4494 2664 4562 quod
2708 4494 2859 4546 initio
2898 4494 3428 4562 comprobavimus,
3474 4503 3678 4556 scilice

2282 4586 2423 4637 bium
2477 4586 2733 4637 unitatem
2783 4584 2997 4637 deitatis
3040 4586 3093 4637 in
3131 4599 3243 4639 uno
3286 4586 3483 4644 Patre
3537 4607 3678 4646 com

2278 4674 2366 4727 Ait
2396 4675 2555 4743 igitur
2590 4675 2680 4728 lib.
2707 4690 2739 4723 v
2780 4673 2927 4726 Dem.
2958 4691 3163 4742 evang.,
3199 4693 3252 4727 υ.
3298 4680 3411 4742 50,
3471 4698 3538 4749 p.
3579 4686 3678 4737 25!

2277 4765 2382 4834 γὰρ
2426 4765 2491 4816 δι’
2520 4764 2651 4816 ὅλων
2682 4762 2968 4832 τριάκοντα
2998 4766 3377 4832 προφητικῶν
3416 4773 3678 4839 κεφαλα

2278 4871 2430 4924 τερον
2454 4853 2581 4905 Θεὸν
2616 4852 2750 4921 μετὰ
2781 4853 2868 4905 τὸν
2898 4852 3150 4904 ἀνωτάτω
3178 4855 3284 4906 καὶ
3312 4859 3427 4911 ἐπὶ
3466 4864 3660 4927 πᾶσι,

2280 4943 2418 5014 τῆρα
2461 4943 2553 4994 καὶ
2592 4941 2790 5011 Κύριον
2817 4941 2991 5011 ἡμῶν,
3021 4942 3110 4994 τὸν
3156 4943 3254 4995 τοῦ
3318 4946 3490 5000 Θεοῦ
3550 4952 3678 5021 Λόγ

2284 5031 2669 5102 μεμαθηκότες,
2697 5031 2779 5098 ἐφ’
2805 5033 2988 5102 ἑτέραν
3032 5032 3128 5101 τῆς
3169 5035 3303 5084 κατ’
3342 5037 3552 5090 αὑτὸν
3611 5046 3674 5095 οὶ

2282 5121 2529 5173 ὑπόθεσιν
2554 5120 2981 5192 μεταϐησόμεθα.
3004 5120 3103 5174 Ubi
3127 5121 3447 5190 interpres
3478 5142 3605 5195 pro
3638 5147 3678 5185 η

2280 5209 2443 5277 impia
2463 5208 2605 5261 dicta
2640 5210 2706 5262 ad
2732 5211 3047 5264 catholicam
3071 5210 3443 5265 sententiam
3487 5216 3678 5272 detoi

2283 5299 2363 5352 sic
2402 5299 2719 5353 transtulit:
2752 5300 2955 5353 Atenim
3000 5306 3275 5364 postquam
3341 5300 3672 5362 hactenus

2284 5387 2498 5455 triginta
2536 5390 2841 5456 propheticis
2882 5385 3154 5454 capitibus,
3188 5384 3419 5455 Deum,
3461 5393 3677 5453 Salva

739 5593 813 5652 μ)
864 5583 990 5659 V_i_de
1012 5592 1276 5659 comment:
1302 5584 1517 5659 ξιξ-1³891.
1559 5601 1675 5659 ραι.
1712 5586 1838 5644 249.
1876 5584 2009 5641 531ι
2061 5581 2247 5636 Damon

2169 5590 2351 5635 tonstr.
2392 5600 2597 5656 ρίτης..
2667 5588 2783 5651 148,
2834 5582 2949 5645 155,
2997 5580 3120 5645 202,
3175 5579 3322 5645 250,
3384 5586 3555 5659 253,
3637 5597 3677 5648 9

665 5651 845 5705 contra
885 5651 1212 5718 Marcellum,
1249 5651 1299 5713 4,
1324 5652 1409 5717 69,
1443 5653 1525 5718 79,
1560 5651 1683 5708 ’10}.
