3818 6338
45 345 101 399 37
857 349 1413 417 COMMENTARIA
1451 358 1513 414 1N
1555 361 1903 429 PSALMOS.
1946 405 2014 416 —-
2048 375 2587 432 PRELIMINARIA.
3277 391 3343 443 $8

42 460 308 513 Dominum
346 466 632 527 nostrum,
671 462 794 519 Dei
836 464 1077 518 Verbum
1123 484 1261 527 esse
1294 475 1547 531 didicimu

1841 496 1859 539 t
1912 487 2068 543 habet
2118 487 2404 557 Gregorius
2459 489 2864 544 Nazianzenus:
2899 493 2979 549 sic
3024 497 3052 548 6
3101 496 3342 565 θεολὸγος

38 548 246 598 αηεηίω
276 545 389 613 ei”
420 563 550 615 (1⁸0³
587 548 667 601 αδ
704 553 1255 654 εαηιίξςξηᾟετιίηει
1298 566 1702 634 dispensationis
1797 574 2027 632 Joannes
2059 578 2209 631 initio
2263 579 2533 650 Evangelii
2588 579 2673 634 sui
2720 580 2940 637 deorum
2973 545 3342 654 multiplieiia:

40 645 382 737 argumentum
421 643 975 741 transeamut._libi
1009 654 1384 712 vertendum
1429 658 1529 712 fuit
1565 678 1576 712 :
1606 662 1704 714 At-
1796 673 1902 720 tem
1939 668 2223 722 induxerit.
2256 668 2350 723 llic
2399 643 2458 724 se
2505 672 2640 725 mire
2689 678 3005 741 contorquet
3055 643 3336 739 Eusebius,

37 730 157 778 enim
190 738 471 827 postquam
500 745 573 781 ea:
602 735 755 787 totis
778 734 1017 827 triginta
1043 744 1401 809 propheticis
1424 751 1699 816 capitibus,
1797 764 1850 811 et
1889 772 1955 811 ne
1984 757 2121 812 duos
2151 768 2371 827 cogatur
2401 761 2683 816 admittere
2712 762 2841 817 deos
2883 772 2961 817 tot
2998 766 3338 820 circuitioni-

36 818 302 871 secundum
332 817 529 881 Deum,
586 833 724 889 post
773 825 941 878 illum
977 842 1331 897 supremum
1358 848 1406 892 et
1430 842 1518 910 qui

1823 863 1897 902 ius
1937 856 1990 901 et
2035 817 2348 917 ambagibus
2396 852 2581 915 utitur,
2621 859 2680 904 ut
2730 854 3029 921 perplexam
3074 858 3331 926 arguendi

36 911 199 1011 omni:
239 921 337 975 est,
368 909 741 968 Salvatorem
797 918 1032 973 scilicet
1088 922 1403 982 Dominum
1448 943 1699 996 nostrum,
1798 937 2102 991 methodum
2128 940 2310 990 mirari
2341 940 2550 994 subeat.
2583 941 2671 993 Ait
2705 942 2866 1011 igitur
2888 909 3267 1000 Eusebiusolib.
3294 963 3332 1001 tt

36 1000 120 1054 Dei
158 998 399 1063 Verbum,
432 1017 553 1054 esse
585 1004 962 1072 didicimus;
1000 1012 1142 1079 jam
1173 1018 1250 1070 ad
1271 1020 1418 1072 aliud
1440 1022 1544 1089 ejus

1820 1024 1990 1078 Iontra
2016 1026 2317 1079 Marcellum
2342 1028 2416 1097 (α)
2444 1047 2455 1083 :
2482 1029 2606 1082 Δέον
2636 1031 2874 1084 ἐντεῦθεν
2900 1038 3149 1097 συνεῖναι,
3172 1038 3244 1100 ὠς
3271 1040 3328 1093 οὐ

35 1090 209 1142 leniit:
255 1101 642 1159 argumentum
703 1106 1129 1157 transeamus.
1170 1106 1279 1162 Hic
1313 1110 1463 1165 vides
1507 1128 1543 1165 St

1825 1112 1883 1165 ύο
1909 1115 2108 1183 Θεοὺςή
2135 1090 2419 1186 Ἐκκληοία
2440 1117 2531 1169 τοῦ
2561 1118 2692 1170 Θεοῦ
2716 1122 2968 1191 κηρύττει
2988 1139 3005 1154 °
3030 1125 3090 1178 οὐ
3112 1090 3331 1196 γὰρ’δόο

36 1179 170 1240 dum,
199 1179 311 1234 sive
341 1180 592 1235 alterum
636 1182 867 1252 Deum,
898 1205 935 1243 a
973 1208 1267 1263 supremo
1292 1200 1383 1253 illo
1409 1208 1459 1253 et
1490 1218 1541 1269 (ιι

1820 1203 2073 1271 ιγέννητα,
2098 1179 2217 1255 οὐδὲ
2242 1179 2332 1256 δύο
2359 1204 2582 1277 ἅναρχα,
2614 1206 2687 1269 ὼς
2726 1179 2976 1273 πολλάκις
3009 1179 3136 1281 ἡμῖν
3180 1179 3328 1287 εἴρη-

36 1284 117 1339 pra
140 1272 312 1323 omnia
342 1279 450 1335 est,
477 1271 888 1343 distinctum,
922 1286 1255 1349 prastiicari
1289 1306 1303 1343 :
1335 1305 1458 1343 nam
1489 1298 1544 1342 ut

1825 1308 1898 1354 αι,
1924 1292 2041 1343 οὐδὲ
2065 1292 2154 1343 δύο
2182 1293 2363 1356 οὐσίας
2392 1271 2745 1363 ὲξτῐοοτιμίας
2772 1271 3330 1373 ἀντιπάρεξαγομένάς

36 1374 168 1411 suam
199 1358 454 1411 deitatem
507 1362 804 1427 ascribit,
850 1368 1130 1425 alteram
1159 1389 1469 1444 supremam
1497 1384 1544 1431 et

1822 1380 2033 1451 ιλλήλοις
2068 1382 2268 1449 εἰσάγει
2288 1399 2301 1411 '
2330 1383 2407 1435 διὸ
2436 1358 2552 1436 οὐδὲ
2585 1358 2675 1437 bdo
2705 1358 2859 1449 θεούς
2878 1404 2890 1416 ·
2914 1358 3059 1441 ἀὶίλὰ-
3081 1358 3205 1458 μίιίν
3233 1358 3330 1463 ap;

30 1451 203 1515 jurem,
234 1465 353 1517 qua:
382 1451 451 1503 ad
474 1450 724 1507 Patrem
757 1495 777 1518 ,
808 1458 1093 1514 alteram
1128 1480 1263 1519 vero
1284 1467 1538 1521 minorem

1821 1469 1890 1539 ςὴν
1912 1450 2009 1523 Exul.
2032 1471 2159 1523 Θεὸν
2195 1468 2348 1537 εἶναι,
2386 1473 2472 1527 τὸν
2500 1475 2658 1528 αὐτὸν
2684 1477 2897 1547 Πατέρα
2923 1450 3239 1535 διδάσίεουσα
3259 1450 3329 1535 εἴ·

33 1539 89 1592 ad
113 1538 651 1608 Filium,pertineat.
693 1546 782 1599 Et
811 1564 978 1604 vero
1021 1553 1085 1606 in
1121 1555 1265 1608 libro
1298 1557 1468 1624 primo
1502 1556 1540 1610 ϐ

1815 1538 1880 1611 tat
1921 1559 2012 1611 τοῦ
2063 1559 2371 1629 μονογενοῦς
2421 1562 2510 1613 καὶ
2557 1538 2842 1633 ἀγαπητοῦ.
2874 1566 3020 1629 Υἰοῦ,
3064 1568 3164 1622 hoc
3193 1577 3275 1622 est
3308 1587 3323 1624 :

38 1630 337 1695 Marcellum,
371 1631 596 1687 diserte
653 1642 721 1688 et
763 1637 917 1692 sine
956 1643 1213 1713 ambage
1239 1644 1305 1699 de
1333 1645 1488 1699 Patre
1508 1646 1582 1698 ait
1608 1648 1695 1699 :'0
1799 1647 1933 1701 Hinc
1966 1650 2347 1718 intelligendum
2371 1662 2446 1704 est
2480 1630 2764 1706 Ecclesium
2794 1654 2893 1709 Dei
2924 1674 3024 1709 non
3047 1657 3176 1712 duos
3200 1659 3323 1713 deos

34 1720 118 1789 τὴν
156 1720 351 1771 οἰκείαν
394 1721 647 1791 Θεότητα
683 1730 1132 1798 κεκτημένος,
1163 1734 1251 1802 qui
1291 1735 1542 1801 propriam

1818 1738 2077 1792 pradicare
2108 1755 2127 1791 :
2159 1756 2257 1792 non
2281 1742 2415 1793 enim
2443 1742 2545 1795 duo
2575 1760 2675 1796 non
2703 1746 2896 1812 genita,
2924 1764 3014 1800 nec
3041 1749 3142 1802 duo
3180 1751 3326 1818 priu-

38 1812 257 1865 deitatem
290 1812 517 1867 obtinet.
546 1812 779 1884 Neque
822 1820 1040 1882 enim,
1080 1830 1143 1875 ut
1173 1825 1263 1877 ille
1301 1826 1498 1893 passim
1527 1826 1697 1893 loqui-
1725 1806 1766 1858 Β
1794 1828 1923 1891 cipio
1955 1830 2203 1891 carentia,
2249 1841 2303 1882 ut
2354 1848 2486 1898 sccpe
2530 1833 2725 1885 dictum
2770 1852 2802 1887 a
2826 1836 2989 1889 ’nobis
3034 1806 3328 1908 est,-neque

37 1912 125 1965 tur,
155 1900 343 1955 Filium
377 1903 446 1957 ad
484 1904 652 1957 illam
704 1907 1108 1974 primariam
1138 1913 1405 1979 pertinere
1446 1912 1695 1967 deitatem
1792 1915 1924 1969 duas
1945 1918 2283 1985 substantias,
2312 1920 2502 1973 honore
2530 1924 2645 1989 pari
2665 1938 2726 1975 ea:
2750 1925 2962 1977 adverso
3001 1935 3177 1979 mutuo
3215 1929 3324 1981 col-

36 1993 304 2063 putat;sed
337 1995 581 2049 seorsim
616 2010 650 2048 a
683 1995 904 2052 Patre
936 2000 1229 2054 minorem
1251 2017 1371 2055 esse
1391 2001 1552 2055 Deum
1574 2018 1698 2071 pro-
1792 2003 1949 2067 latas,
1995 2007 2222 2069 inducit,
2268 2007 2476 2076 ideoque
2518 2026 2605 2061 nec
2649 2010 2777 2063 duos
2822 2012 2940 2064 deos
2977 2027 2996 2065 :
3035 2014 3122 2065 sed
3168 2030 3324 2067 unum

36 2087 259 2138 nuntiat:
288 2099 415 2137 nam
452 2086 512 2138 in
560 2090 877 2142 secundo
928 2088 1155 2144 Contra
1178 2089 1487 2144 Marcellum
1538 2092 1692 2156 libro,
1752 2141 1755 2145 .
1790 2096 2092 2163 principium
2126 2107 2173 2150 et
2204 2097 2387 2160 Deum,
2424 2101 2590 2166 ipsum
2626 2100 2837 2153 Patrem
2868 2104 3119 2171 unigeniti
3155 2113 3203 2157 et
3239 2105 3322 2158 di-

42 2196 135 2248 cap.
156 2180 218 2232 {6
244 2188 298 2233 et
330 2178 417 2244 17,
443 2194 577 2249 pag.
604 2180 739 2234 126
772 2191 843 2235 et
876 2182 1033 2247 12³7,
1069 2198 1168 2251 pro
1200 2184 1405 2237 viribus
1431 2184 1696 2253 depugnat
1794 2186 1909 2239 lecti
1945 2187 2073 2239 Filii
2101 2205 2208 2241 esse
2230 2188 2392 2242 docet.
2426 2192 2607 2258 Itaque
2639 2199 2861 2246 eatenus
2887 2209 2991 2246 non
3031 2195 3166 2250 duos
3195 2195 3324 2251 deos

42 2270 109 2322 ille
132 2268 334 2323 Patrem
378 2278 433 2324 et
466 2269 703 2324 Filium
744 2287 895 2326 non
930 2273 1204 2327 eumdem
1237 2289 1356 2327 esse
1383 2273 1580 2339 Deum;
1603 2274 1694 2328 sed
1791 2292 1908 2331 esse
1934 2279 2079 2340 dicit,
2101 2291 2361 2348 quatenus
2385 2283 2531 2335 solus
2559 2280 2714 2335 Pater
2740 2298 2844 2335 non
2879 2285 3092 2353 genitus
3120 2294 3174 2339 et
3205 2288 3323 2340 sine

45 2376 94 2414 ex
118 2361 248 2421 inani
274 2362 365 2415 illa
412 2362 876 2427 distinctione,
915 2379 1109 2434 quam
1141 2365 1194 2417 in
1225 2364 1397 2431 primo
1425 2363 1693 2433 Evangelii
1792 2366 2071 2434 principio,
2106 2384 2244 2422 unus
2275 2368 2413 2424 Deus
2445 2376 2497 2423 et
2540 2386 2702 2423 unum
2744 2372 3066 2441 principium
3100 2384 3204 2437 est,
3233 2375 3323 2428 Fi-

43 2448 230 2504 loannis
257 2453 543 2507 versiculo
567 2455 1142 2519 comminiscitur,
1168 2455 1331 2507 alium
1377 2468 1494 2508 esse
1529 2452 1692 2505 Deum
1792 2455 1893 2509 lius
1918 2470 2065 2517 vero,
2093 2464 2273 2525 utpote
2306 2460 2406 2526 ipsi
2436 2461 2734 2529 inaequalis,
2768 2477 2873 2514 non
2909 2464 2961 2515 in
2991 2464 3244 2531 primaria
3269 2475 3321 2520 et

47 2542 114 2607 qui
159 2557 315 2612 supra
365 2544 563 2597 omnia
600 2552 709 2598 est
734 2586 755 2610 ,
807 2544 1027 2595 alium
1068 2557 1197 2597 vero
1226 2541 1411 2603 Deum,
1446 2541 1536 2609 qui
1563 2539 1695 2593 Ver-
1790 2557 1895 2594 una
1937 2543 2025 2594 illa
2070 2543 2262 2598 deitate
2307 2555 2552 2599 censetur
2593 2562 2750 2602 esse:
2784 2552 2929 2616 atqui
2973 2551 3098 2605 hinc
3146 2555 3319 2607 solum

46 2631 145 2684 bum
189 2633 405 2687 dicitur.
444 2632 823 2703 Siquidem,
875 2632 1151 2693 aitille,
1198 2630 1312 2683 haec
1358 2628 1693 2697 evangelista}
1789 2631 2034 2685 concludi
2072 2642 2265 2701 potest,
2296 2650 2401 2688 non
2448 2651 2567 2691 esse
2609 2638 2743 2692 duos
2779 2642 3011 2708 azquales
3039 2641 3188 2705 deos,
3224 2644 3317 2698 sed

47 2722 172 2775 verba
203 2722 319 2778 :‘Ev
350 2723 501 2792 ἀρχῇ
543 2719 625 2793 ἦν
685 2724 723 2774 ὁ
780 2722 1040 2788 Λόγος·
1074 2720 1165 2771 καὶ
1195 2720 1222 2770 ό
1252 2716 1417 2783 Λόγος
1457 2711 1523 2784 ἦν

1806 2735 1951 2773 mum
1977 2719 2184 2776 Patrem
2228 2739 2533 2792 supremum
2577 2741 2697 2781 esse
2742 2726 2910 2781 Deum
2945 2747 3104 2784 :cum
3140 2743 3314 2787 autem

46 2809 110 2860 τὸν
134 2809 286 2861 Θεόνο
339 2812 435 2862 καὶ
473 2809 623 2872 Θεὸς
661 2806 753 2878 ἦν
794 2811 833 2861 ὁ
875 2808 1104 2873 Λόγος,
1136 2804 1300 2858 Deum
1330 2803 1539 2856 Patrem

1809 2807 1975 2870 Vilius,
2008 2810 2131 2862 licet
2158 2810 2328 2879 impar
2357 2820 2408 2866 et
2437 2814 2630 2880 minor,
2650 2814 2791 2870 Deus
2820 2826 2998 2872 tamen
3030 2835 3147 2875 esse
3170 2821 3317 2873 dica-

47 2897 239 2949 arttculo
276 2898 635 2966 exprimunt,
679 2896 870 2966 πρὸς
926 2893 1036 2945 τὸν
1074 2891 1223 2951 Θεὸν,
1253 2889 1417 2943 Deum
1450 2903 1576 2942 vero
1602 2887 1690 2940 Fi-
1789 2906 1907 2958 tur,
1933 2897 2058 2952 hinc
2086 2914 2213 2953 sane
2238 2911 2597 2970 consequetur
2627 2905 2774 2959 duos
2801 2922 2921 2962 esse
2952 2908 3116 2974 deos;
3150 2911 3319 2977 majo~

48 2988 145 3038 lium
179 2988 293 3040 sine
315 2989 582 3048 articulo,
624 2988 749 3040 καὶ
794 2985 977 3046 Θεὸς
1003 2979 1074 3052 ἦν
1098 2985 1124 3033 ὁ
1149 2982 1316 3047 Λόγος
1346 2999 1358 3032 ε
1387 2994 1450 3032 ex
1473 2995 1556 3048 qm

1346 2999 1358 3032 :
1387 2994 1450 3032 ex
1473 2993 1579 3048 quo
1603 2993 1690 3031 ar-
1787 3002 1897 3040 rem
1933 2990 2116 3050 alium,
2147 2991 2367 3045 alterum
2397 3009 2524 3047 vero
2557 2995 2836 3051 minorem.

45 3078 131 3145 guit
173 3078 277 3140 ille,
327 3077 501 3132 Deum
536 3077 851 3132 Verbum
922 3074 1063 3127 sine
1095 3071 1319 3124 articulo
1352 3084 1682 3138 expressum,
1712 3114 1752 3170 Ο
1786 3078 1910 3127 V111.
1931 3078 2271 3170 Nonwobgcure
2293 3082 2639 3170 docetp'lfjlium
2679 3099 2903 3170 nOlLesse
2925 3089 3233 3170 vere-Deum.
3259 3117 3321 3129 -

46 3139 175 3218 mum
201 3184 319 3222 esse
356 3167 535 3225 Deum
572 3166 658 3219 ab
693 3179 785 3219 eo
829 3161 961 3230 qui
1016 3173 1142 3212 cum
1194 3156 1418 3210 articulo
1442 3156 1686 3223 exprimi,
1712 3139 1752 3170 υ
1857 3219 1890 3230 ἡ
1956 3221 1970 3230 “
2024 3139 2227 3230 [Χ..ρυο
2243 3154 2391 3230 sensu
2419 3143 2725 3230 lii—liumesse
2754 3149 2908 3195 Deum
2935 3149 3070 3197 dicit.

44 3265 303 3327 sonatque
328 3259 402 3311 ita
439 3257 703 3313 Sabellii
743 3251 981 3309 errori
1009 3264 1072 3303 se
1094 3261 1376 3302 occurrere
1400 3253 1566 3313 putat,
1590 3245 1683 3313 qui

43 3348 270 3411 crederet,
312 3347 545 3401 Patrem
618 3353 687 3400 et
772 3341 1031 3396 Filium
1076 3352 1184 3390 non
1232 3334 1473 3388 eumdem
1528 3334 1684 3386 modo

46 3433 209 3496 Deum,
238 3438 329 3491 sed
359 3435 636 3490 eamdem
668 3447 840 3488 esse
888 3441 1221 3498 personam,
1250 3438 1366 3492 quae
1393 3423 1681 3477 secundum

46 3528 190 3582 varias
218 3527 569 3597 intelligendi
602 3525 929 3579 rationes
960 3517 1410 3584 distingueretur,
1439 3528 1500 3566 ac
1526 3514 1682 3566 modo
1785 3514 1956 3550 δαιυιι
1980 3514 2149 3585 ,ιιιιυυυ
2177 3514 2355 3552 "eum
2381 3514 2552 3547 υυυειι
2589 3514 2711 3537 ιιιυλ
2754 3514 2852 3539 "cc
2901 3514 3130 3588 "pawn:
3177 3514 3310 3591 uls:-

46 3612 172 3657 pnm
221 3616 381 3657 mm,“
415 3617 613 3657 nunc
645 3622 717 3657 pl
761 3611 1052 3657 verbum
1085 3606 1459 3657 anoeuarewr.
1784 3580 1910 3625 nuat
1935 3571 2124 3625 Filium
2150 3588 2255 3626 non
2287 3590 2406 3627 esse
2427 3589 2546 3628 vere
2569 3573 2754 3629 Deum.
2784 3575 2839 3628 ln
2863 3578 3086 3644 epistola
3115 3595 3310 3648 qmppe

1935 3611 1955 3623 .
2150 3611 2255 3626 ην..
2287 3611 2406 3627 που
2435 3611 2546 3628 ων
2569 3611 2754 3629 νοω...
2863 3611 2889 3629 υ
2932 3611 3086 3630 me...
3115 3611 3127 3629 ι
3154 3611 3200 3631 υ.
3282 3611 3309 3632 υ

46 3612 189 3678 Μετ’
221 3616 381 3671 "mdo
415 3617 613 3670 Filius
645 3622 717 3669 et
761 3611 1052 3664 verbum
1085 3611 1459 3675 appellaretur.
1784 3677 1877 3715 sua
1929 3663 1995 3715 ad
2046 3662 2480 3731 Euphralionem,
2518 3665 2585 3718 ab
2615 3611 2927 3719 Athanasiov
2949 3674 3003 3719 et
3046 3683 3075 3720 a
3100 3611 3309 3722 Nlicdz’iia

303 3745 414 3795 VII.
442 3745 697 3795 Grandis
726 3735 1146 3802 μετειοεὶειηιιε
1166 3732 1385 3781 Ευδθδῖί·
1784 3752 2015 3805 secunda
2038 3753 2241 3822 synodo
2272 3754 2482 3805 laudata
2503 3753 2676 3822 (b),dc
2704 3752 2837 3807 Filio
2863 3756 2985 3808 talia
3015 3754 3154 3808 fatur
3177 3775 3189 3810 :
3209 3757 3311 3808 Τὸν

96 3846 153 3897 At
178 3862 280 3899 non
308 3847 466 3901 videt
494 3843 851 3899 Eusebius
892 3852 963 3891 se
999 3836 1055 3887 in
1080 3835 1399 3903 impietatem
1432 3830 1604 3884 Sabell

1800 3843 1938 3895 ιὺτὸν
1961 3844 2015 3895 δὲ
2047 3844 2136 3895 καὶ
2165 3844 2317 3913 μόνον
2346 3843 2587 3912 ἀληθινὸν
2612 3838 2743 3895 εἶναι
2776 3844 3007 3897 διδάσκει
3032 3846 3094 3897 δι’
3114 3840 3186 3898 ὧν
3209 3863 3308 3915 φη-

42 3951 94 3988 na
130 3937 254 3993 forte
281 3939 664 3992 deteriorem
710 3928 1039 3987 incidere,
1076 3939 1139 3976 ac
1167 3937 1320 3977 sacro
1347 3937 1544 3989 evange

1793 3950 1864 3985 ςιν
1881 3951 1892 3962 °
1927 3936 2046 3986 Ἵνα
2068 3934 2395 4003 γινώσκωσι
2415 3950 2485 3988 σε
2500 3935 2603 3987 τὸν
2620 3937 2808 4003 μόνον
2825 3936 3106 4001 ἀληθινὸν
3130 3938 3272 3989 Θεόν
3287 3953 3301 3967 ⁸

41 4028 257 4093 μαηάεῐη
292 4028 803 4098 paralogismum
850 4016 1147 4085 afﬁngere.
1180 4013 1310 4065 Nam
1351 4013 1415 4077 si,
1445 4024 1500 4066 ut
1532 4029 1549 4081 ι

1796 4024 1896 4093 nixi.
1926 4024 1997 4087 ὡς
2027 4026 2140 4086 ἐνὸς
2169 4024 2314 4086 ὄντος
2342 4026 2499 4093 μόνου
2530 4024 2619 4076 τοῦ
2664 4023 2813 4086 Θεοῦ,
2845 4023 2954 4075 ἀλλ’
2979 4024 3051 4086 ὡς
3080 4026 3193 4087 ἐνὸς
3224 4024 3304 4077 ὅν-

42 4114 288 4182 Eusebius,
318 4117 727 4187 evangelista
768 4110 977 4161 Deum
1015 4104 1179 4156 alium
1229 4104 1478 4171 majorem
1511 4114 1550 4157 el

1796 4129 1865 4174 τος
1893 4113 2047 4181 μόνου
2077 4112 2320 4182 ἀληθινοῦ
2353 4111 2506 4173 Θεοῦ,
2538 4111 2671 4181 μετὰ
2701 4110 3008 4181 προσθήκης
3027 4112 3304 4178 ἀναγκαιο-

40 4221 247 4273 premam
286 4211 374 4264 hic
424 4209 718 4265 indicet,
759 4200 963 4252 alium
1001 4208 1126 4246 vero
1154 4193 1409 4245 minorem
1444 4199 1494 4245 et
1530 4193 1540 4242 Ι

1796 4201 1939 4269 εάτης
1982 4200 2094 4262 τοῦ,
2124 4201 2426 4269 ἀληθινοῦ.
2446 4203 2592 4253 Ἐπεὶ
2640 4201 2732 4253 καὶ
2776 4201 2933 4261 αὐτὸς
2980 4199 3108 4261 Θεὸς
3161 4201 3304 4269 μὲνό

38 4300 352 4369 ἱηᾙιιιοιεηη
388 4299 859 4366 incogitanter
898 4282 1193 4339 admodum
1236 4282 1489 4344 Joannes,
1520 4299 1546 4334 u

1795 4293 1931 4355 Υἱὸς,
1961 4293 2071 4343 ἀλλ’
2088 4293 2183 4343 οὐκ
2212 4290 2453 4360 ἀληθινὸς
2481 4291 2629 4353 Θεός·
2647 4285 2723 4352 εἷς
2754 4292 2858 4359 γάρ
2890 4290 3001 4341 ἐστι
3035 4292 3125 4342 καὶ
3152 4291 3303 4359 μόνος

38 4391 321 4461 plerumque
354 4387 779 4445 Athanasius
814 4424 833 4446 ,
898 4391 997 4429 I’CS
1040 4375 1171 4426 adeo
1219 4374 1513 4441 dispari!las

1793 4382 2028 4449 ἀληθινὸς
2046 4381 2193 4442 Θεὸς,
2224 4380 2307 4433 διὰ
2339 4381 2398 4432 τὸ
2430 4381 2501 4449 μὴ
2522 4380 2662 4448 ἔχειν
2695 4379 2797 4448 πρὸ
2818 4380 2976 4431 αὐτοῦ
3005 4397 3140 4433 τινα.
3167 4381 3227 4431 Εἰ
3246 4380 3301 4432 δὲ

38 4435 125 4531 ulla
144 4435 549 4543 disrinctione,
584 4489 724 4529 uno
750 4469 1088 4532 eodemque
1116 4464 1373 4516 vocabulo
1401 4470 1546 4514 utran

1791 4435 2055 4532 καίαὺτὸς
2073 4474 2100 4522 ὀ
2129 4435 2253 4531 ille;
2277 4435 2677 4540 ἀληθινὸς,’όι)ςλ’
2707 4435 2778 4530 di;
2807 4467 2962 4519 εἰκὼν
2996 4469 3087 4520 τοῦ
3119 4469 3299 4538 ἀληθι-

38 4572 285 4637 copulatis,
315 4564 726 4641 signiﬁcavit
765 4579 781 4613 :
829 4555 913 4609 Ει
951 4552 1193 4617 Verbum,
1241 4553 1331 4610 θῖι-
1379 4561 1489 4604 eral
1543 4581 1546 4601 <

1790 4562 1894 4617 νοῦ,
1920 4564 2000 4631 εἴη
2026 4561 2089 4614 ἂν
2110 4561 2200 4613 καὶ
2220 4560 2363 4622 Θεός·
2388 4561 2504 4611 ἐπεὶ
2526 4561 2615 4611 καὶ
2637 4554 2886 4628 Θεὸςῆνὸ
2908 4558 3089 4624 Λόγος,
3113 4560 3170 4609 οὐ
3197 4554 3298 4626 μὴν

40 4660 193 4725 Deum,
220 4675 267 4717 et
297 4664 460 4717 Deus
518 4666 665 4713 erat
704 4647 975 4707 Verbum
1005 4642 1182 4712 (Joan.
1219 4658 1254 4707 I,
1286 4643 1357 4711 l).
1390 4641 1517 4693 Nam

1788 4651 1856 4713 ὡς
1879 4654 1907 4703 ὁ
1936 4650 2089 4719 μόνος
2116 4648 2355 4717 ἀληθινὸς
2382 4648 2509 4709 Θεὸς
2528 4686 2542 4709 ,
2571 4648 2673 4699 hoc
2701 4656 2780 4699 est
2811 4665 2825 4701 :
2860 4645 3106 4699 Eumdem
3131 4656 3296 4697 autem

40 4764 125 4804 non
154 4755 289 4816 voci,
318 4754 523 4813 Deus,
554 4738 968 4812 coniunctim
995 4732 1252 4801 ΓεΡθῑίῑῖεν
1275 4733 1514 4785 eamdem
1536 4740 1680 4784 1ιινο·
1784 4751 1830 4794 et
1865 4740 2027 4793 solum
2056 4755 2226 4792 verum
2262 4754 2369 4791 esse
2397 4739 2541 4789 docet
2581 4738 2659 4788 his
2690 4737 2849 4790 verbis
2880 4752 2897 4787 :
2930 4754 2946 4785 ι
2992 4734 3055 4788 Ut
3088 4749 3297 4801 cognos-

39 4842 171 4911 bique
200 4842 736 4915 signiﬁcationem
796 4824 1007 4881 statim
1052 4821 1350 4915 apta-verit?
1380 4820 1547 4915 Quis-tl

1786 4839 1903 4883 cant
1942 4840 1989 4882 te
2028 4829 2193 4881 solum
2234 4843 2406 4880 verum
2439 4827 2600 4878 Deum
2633 4824 2810 4895 (Joan.
2854 4840 2992 4881 xvn,
3036 4822 3107 4887 5),
3144 4841 3161 4871 ι
3197 4837 3294 4872 non

37 4906 135 4982 dein
157 4906 364 4987 vocem.
400 4930 521 4985 bis
555 4924 792 4978 eodem
833 4916 971 4967 loco
990 4909 1346 4971 enuntiatam,
1373 4916 1479 4960 tam
1503 4907 1545 4959 di

1787 4916 1923 4984 quasi
1960 4930 2091 4966 unus
2118 4913 2257 4966 solus
2292 4914 2362 4965 sit
2403 4910 2560 4973 Deus,
2592 4909 2679 4963 sed
2716 4910 2864 4978 quasi
2905 4923 3036 4959 unus
3062 4906 3201 4959 solus
3229 4908 3295 4959 sit

535 4974 865 5082 putaverit
885 5000 913 5053 ?
944 4996 1085 5049 Hinc
1116 4996 1238 5048 item
1275 4996 1430 5062 longe
1455 4995 1676 5048 ἀεῑθπί·
1777 5020 1921 5056 verus
1944 5003 2100 5064 Deus,
2118 5018 2229 5054 cum
2262 5002 2355 5054 hoc
2378 5003 2754 5068 pernecessario
2783 4997 3155 5060 additamenta,
3179 5015 3196 5046 ε
3217 5013 3296 5049 ue-

42 5119 111 5156 ma
136 5107 382 5176 impietas
417 5098 883 5169 consequitur.
922 5103 953 5141 ὂ
996 5100 1103 5153 qua
1146 5100 1366 5176 53"‘Pel'_
1393 5092 1499 5136 iam
1528 5093 1679 5176 "illiti
1776 5108 1884 5145 rus.
1914 5111 1933 5142 ι
1966 5090 2105 5144 Nam
2132 5100 2179 5144 et
2206 5092 2313 5159 ipse
2340 5089 2541 5176 quidem
2574 5087 2759 5176 Filius,
2790 5085 2945 5176 Deus,
2973 5085 3060 5138 sed
3095 5102 3192 5137 non
3214 5101 3295 5176 se:

42 5208 177 5260 quam
207 5167 375 5250 mora
451 5167 748 5247 Ecclesia
824 5188 1061 5235 summe
1114 5172 1398 5224 abllormil
1425 5190 1437 5223 ε
1466 5186 1586 5225 nam
1634 5174 1678 5228 si
1776 5196 1863 5231 rus
1891 5178 2023 5232 Deus
2048 5194 2065 5230 :
2090 5194 2221 5230 unus
2249 5186 2322 5229 est
2348 5175 2480 5227 enim
2521 5174 2659 5270 solus
2703 5168 3040 5270 uerus'Deus,
3072 5185 3130 5221 eo
3162 5167 3295 5270 quid

44 5256 210 5338 Piliam
283 5288 467 5340 alium
526 5297 562 5335 a
623 5278 825 5332 Patre
886 5265 1071 5319 Deum
1132 5274 1250 5311 esse
1304 5259 1552 5311 atlmittan

1780 5286 1876 5321 non
1905 5267 2086 5320 habeat
2110 5268 2328 5335 aliquem
2358 5272 2474 5315 ante
2497 5279 2568 5314 se.
2600 5260 2746 5325 Quod
2776 5261 2821 5312 si
2859 5260 2966 5327 ipse
2984 5274 3181 5327 quoque
3206 5256 3288 5308 Ε’ίρ

46 5373 159 5428 duos
182 5391 302 5430 esse
362 5376 512 5429 deos
576 5371 908 5424 fateamur
951 5362 1179 5407 necesse
1225 5352 1334 5405 est,
1365 5347 1524 5400 alium
1569 5364 1681 5401 ma-
1777 5359 1877 5411 lius
1911 5374 2058 5411 verus
2096 5366 2193 5417 est,
2224 5354 2310 5407 sed
2348 5353 2478 5405 sicut
2507 5352 2676 5418 imago
2716 5350 2817 5403 veri
2862 5349 2976 5409 Dei,
3008 5347 3144 5399 Deus
3185 5346 3295 5412 {ue-

42 5463 188 5529 jorem
234 5468 533 5535 atiumque
584 5461 907 5515 minorem
947 5463 961 5497 :
1004 5451 1165 5505 atque
1207 5434 1287 5487 sic
1321 5434 1378 5486 in
1409 5436 1681 5503 pluralita-
1778 5446 1844 5497 rit
1874 5461 1892 5497 :
1921 5444 2163 5513 siquidem
2185 5450 2231 5494 et
2260 5440 2393 5491 Deus
2423 5446 2535 5489 erat
2576 5436 2809 5499 Verbum,
2844 5453 2942 5489 non
2967 5445 3133 5535 tamen
3164 5441 3295 5532 sicut

1149 5522 1411 5575 πολύθεον
1461 5526 1678 5594 ἀθεῖαν,
1779 5535 1865 5589 ille
1907 5534 2044 5587 solus
2084 5546 2223 5584 verus
2274 5527 2427 5579 Deus.
2462 5525 2657 5594 ldipsut

1783 5535 1865 5589 ille
1907 5534 2044 5587 solus
2084 5546 2223 5584 verus
2274 5527 2427 5579 Deus.
2462 5525 2694 5594 ldipsum
2722 5527 2920 5581 diserte
2967 5524 3207 5600 declarat.
3241 5522 3291 5575 in

1854 3219 2020 3274 Probe
2048 3222 2420 3276 animadvertit
2462 3223 2725 3282 Eusebius
2756 3243 2863 3282 non
2897 3246 3055 3297 posse
3102 3234 3315 3286 ratioci-

1786 3306 1873 3359 nia
1904 3322 1997 3360 sua
2043 3308 2337 3362 consistere
2369 3328 2381 3361 :
2417 3312 2785 3378 quamobrem.
2816 3328 2932 3379 quae
2961 3314 3061 3381 ipsi
3092 3330 3194 3367 una
3225 3330 3315 3369 su-

1786 3405 1992 3460 pererat
2022 3394 2263 3448 elabendi
2291 3396 2447 3459 ratio,
2480 3412 2545 3449 ne
2572 3397 2707 3450 duos
2733 3399 3013 3452 admittere
3060 3400 3189 3454 deos
3220 3417 3314 3454 co-

1785 3492 1956 3550 gatur,
1992 3484 2149 3537 modo
2177 3492 2355 3552 aperte
2381 3484 2552 3547 docet,
2589 3500 2711 3537 mox
2754 3500 2852 3539 nec
2901 3487 3130 3542 obscure
3176 3490 3310 3543 insi-

48 5559 135 5605 tem
174 5555 405 5610 deorum
458 5552 844 5607 incidamus.
907 5542 971 5590 εί
1032 5543 1089 5580 ¹¹¹

106 5690 170 5755 (ιι)
210 5690 268 5742 Ρ.
303 5690 431 5742 ut.

1850 5667 1921 5733 (b)
1963 5664 2155 5717 Athan.
2186 5667 2223 5712 t.
2256 5656 2296 5723 l;
2324 5671 2361 5708 ιι
2399 5654 2543 5725 Nic,
2576 5666 2679 5712 act.
2708 5676 2759 5723 ν,
2790 5673 2839 5725 p.
2868 5655 2986 5709 566.
