3818 6328
620 378 688 432 59

624 498 914 551 Dentonstr.
941 509 1140 561 euang,
1167 502 1285 554 cap.
1303 485 1357 545 4,
1382 476 1641 550 pag.226,
1660 474 1743 528 bis
1764 470 1938 524 verbis
1964 487 1978 520 :
2006 467 2140 561 nox-
2168 469 2211 521 Α
2238 461 2333 561 οὐκ

625 584 716 637 οὖν
745 584 829 635 διὰ
856 582 1051 633 τούτων
1068 551 1134 631 νόν
1165 551 1259 645 μὲν
1288 568 1485 639 ἀληθὴς
1508 566 1602 617 καὶ
1639 563 1791 633 μόνος
1825 558 1953 619 Θεὸς
1979 551 2057 618 εἷς
2085 557 2147 608 ἂν

628 675 733 744 εἴη,
765 674 918 743 μόνος
964 668 1156 738 κυρίως
1193 661 1467 730 τυγχάνων
1499 656 1596 724 τῆς
1628 649 1983 721 προσηγορίας
2003 664 2015 675 υ
2047 648 2074 698 ό
2094 646 2150 697 δὲ

628 763 869 832 δεύτερος
899 756 1146 829 μετουσίᾳ
1185 751 1275 803 τοῦ
1322 747 1545 818 ἀληθοῦς
1571 746 1669 814 τῆς
1693 741 1965 801 κοινωνίας
1996 737 2150 806 ἠξίωο

628 872 737 916 ται,
764 853 881 905 οὔτε
910 850 985 901 ὢν
1014 846 1132 900 καθ’
1156 842 1360 903 ἑαυτὸν,
1385 839 1503 891 οὔτε
1529 834 1767 904 ὑφεστὼς
1791 833 1908 900 δίχα
1933 828 2024 882 τοῦ
2049 829 2155 880 Θεο-

630 943 899 1001 ποιοῦντος
941 938 1097 989 αὐτὸν
1129 933 1355 1003 Πατρὸς,
1388 930 1495 982 οὔτ’
1521 929 1643 981 ἄνευ
1673 925 1764 978 τοῦ
1800 923 2004 991 Πατρὸς
2044 921 2156 972 θεο-

634 1031 946 1099 λογούμενος
976 1047 989 1079 :
1027 1026 1188 1078 missa
1221 1037 1345 1076 vero
1367 1019 1670 1088 interpretis
1703 1014 1965 1074 versione,
1996 1024 2154 1079 quam

635 1120 721 1171 ille
747 1129 844 1184 pro
872 1128 1017 1167 more
1049 1126 1149 1166 suo
1175 1110 1241 1164 ad
1266 1108 1583 1162 catholicam
1616 1104 1767 1156 ﬁdem
1797 1098 2156 1161 concinnavit,

634 1207 714 1260 sic
742 1220 840 1260 nos
855 1203 1123 1257 reddimus
1147 1219 1159 1254 :
1183 1199 1361 1267 Itaque
1385 1211 1446 1250 ea:
1488 1195 1564 1246 his
1594 1208 1737 1245 verus
1760 1200 1807 1243 et
1842 1189 1980 1242 solus
2022 1186 2157 1238 Deus

634 1296 732 1367 (a),
763 1312 893 1348 unus
928 1293 1104 1361 fuerit,
1128 1292 1214 1360 qui
1233 1289 1371 1343 solus
1402 1282 1933 1352 hancuppellationem
1963 1278 2161 1347 proprie

634 1388 855 1447 obtinet;
884 1383 1131 1437 secundus
1150 1390 1316 1432 autem
1338 1376 1724 1446 participatione
1736 1372 1857 1435 veri,
1879 1368 2161 1422 communi-

634 1476 836 1529 catione
861 1474 949 1525 illa
976 1473 1216 1540 dignatus
1244 1478 1338 1530 est,
1356 1468 1442 1537 qui
1456 1482 1553 1518 non
1570 1466 1678 1517 sine
1702 1462 1857 1515 Patre
1890 1460 1975 1529 qui
1998 1460 2163 1526 ipsum

640 1567 802 1620 Deum
842 1565 1006 1633 eﬁicit,
1040 1578 1127 1629 per
1168 1578 1220 1613 se
1245 1560 1445 1613 exsistit
1483 1566 1529 1610 et
1569 1553 1833 1613 subsistit;
1860 1565 2014 1619 neque
2057 1549 2166 1600 sine

641 1657 801 1710 Patre
842 1654 979 1708 Deus
1030 1663 1260 1705 vocatur.
1310 1648 1410 1704 Ubi
1441 1648 1583 1702 clare
1625 1644 1753 1698 dicit
1803 1642 1972 1697 solum
2002 1652 2166 1692 unum

644 1748 808 1802 Deum
840 1744 1049 1798 Patrem
1081 1757 1221 1803 esse,
1253 1739 1338 1793 cui
1366 1737 1453 1791 Dei
1482 1750 1673 1789 nomen
1700 1732 1914 1802 proprie
1956 1726 2170 1795 compe—

644 1838 730 1899 tit,
761 1834 1049 1889 secundum
1075 1838 1249 1884 autem
1286 1828 1449 1882 Deum
1485 1822 1886 1894 participatione
1908 1826 2108 1871 tantum
2139 1829 2169 1867 a

645 1924 754 1979 Deo
781 1923 935 1976 Patre
966 1921 1129 1973 Deum
1161 1919 1355 1971 factum
1386 1915 1567 1968 fuisse.
1608 1912 1739 1965 Cum
1771 1918 1944 1963 autem
1974 1907 2047 1959 ait
2088 1919 2172 1959 se-

646 2014 880 2068 cundum
916 2011 1060 2063 illum
1096 2009 1280 2069 Deum,
1309 2004 1393 2058 cui
1446 2003 1650 2058 scilicet
1678 2015 1784 2053 non
1817 2013 1938 2051 vere
1968 2004 2020 2049 et
2050 2008 2173 2063 pro-

648 2104 764 2172 prie
796 2099 1046 2168 competit
1092 2095 1232 2164 quod
1268 2094 1405 2146 Deus
1433 2093 1523 2154 sit,
1559 2105 1663 2143 non
1708 2090 1822 2143 sine
1858 2086 2013 2138 Patre
2036 2083 2177 2136 exsi-

651 2200 810 2257 stere,
827 2191 889 2242 ad
923 2188 1050 2242 illud
1075 2183 1339 2253 Evangelii
1358 2180 1577 2236 Joannis
1596 2178 1841 2246 respicit:
1869 2174 1933 2227 Et
1958 2173 2176 2225 Verbum

647 2293 760 2335 erat
783 2280 914 2349 apud
940 2279 1122 2331 Deum.
1138 2275 1261 2329 Ideo
1286 2282 1460 2327 autem
1479 2270 1670 2323 Filium
1688 2268 1849 2321 Deum
1874 2264 2178 2333 dignatione

651 2373 826 2426 Patris
859 2386 977 2426 esse
996 2369 1097 2439 (vel
1128 2366 1306 2436 potius
1327 2382 1389 2419 ex
1422 2364 1487 2416 iis
1512 2376 1629 2430 qua:
1645 2374 1804 2428 supra
1834 2357 2065 2410 diximus
2085 2369 2179 2407 νος

653 2464 807 2531 cari),
826 2460 1061 2529 ait,quia
1090 2466 1172 2512 est
1200 2458 1372 2524 imago
1406 2453 1613 2506 Patris:
1638 2465 1743 2504 non
1771 2449 1982 2517 quidem
2008 2448 2180 2515 imago

654 2568 775 2622 quas
790 2552 1028 2606 eamdem
1052 2562 1209 2617 quam
1226 2543 1381 2598 Pater
1398 2542 1744 2597 substantiam
1762 2539 2016 2599 obtineat,
2036 2550 2178 2595 nam,

659 2650 718 2697 ut
767 2655 928 2709 supra
979 2637 1377 2706 comprobatum
1435 2640 1539 2694 est,
1571 2631 1833 2683 diversam
1887 2642 1916 2678 a
1964 2635 2183 2693 paterna

661 2728 1014 2785 substantiam
1040 2725 1157 2778 Filii
1184 2721 1491 2785 constituit;
1519 2719 1612 2774 sed
1650 2720 1823 2786 imago
1860 2713 2185 2783 perfectissi-

663 2835 772 2884 ma,
807 2827 1063 2886 quantum
1094 2829 1157 2868 ea
1190 2820 1366 2881 potest
1402 2826 1521 2863 esse
1570 2823 1687 2877 qua:
1731 2808 1832 2859 alia
1874 2820 1903 2857 a
1939 2817 2184 2871 supremo

663 2908 771 2963 Deo
797 2908 975 2961 fuerit.
1008 2905 1346 2972 ldipsutnque
1384 2899 1566 2952 multis
1600 2899 1652 2950 in
1687 2896 1820 2950 locis
1851 2903 1956 2946 tam
1988 2894 2039 2946 in
2084 2892 2188 2945 De-

665 2996 1032 3049 monstratione
1077 2991 1406 3059 evangelica,
1465 3001 1624 3056 quam
1676 2986 1730 3037 in
1793 2983 1945 3036 libris
1993 2979 2187 3035 Contra

1274 354 1533 415 EUSEBll
1568 339 2030 406 CIESARIENSIS
2067 336 2212 392 OPP.
2247 332 2427 391 PARS
2459 330 2546 385 ιιι.
2576 362 2641 370 —-
2666 321 3070 382 EXEGETICA.

2361 457 2644 522 ἰδιὸκτητον
2684 448 2845 516 αὐτὴν
2872 439 3156 511 ἐσχηκότα.
3209 426 3395 522 ὐᾲμὲν
3591 416 3644 468 δί

2246 553 2273 603 ὁ
2317 549 2372 600 δὲ
2407 542 2683 613 λαμϐάνει.
2721 539 2876 589 Ὥστε
2906 530 3105 600 κυρίως
3152 522 3249 575 καὶ
3284 520 3380 570 ’ἑνα
3430 513 3644 565 ἐκεῖνον

2247 600 2397 699 Θεὸν,
2446 600 2536 686 καὶ
2585 631 2737 699 μόνον
2767 626 2872 692 γὰρ
2928 619 3019 672 καὶ
3047 616 3206 683 φύσει
3252 610 3408 667 ὄντα,
3450 600 3557 699 καὶ
3592 614 3640 699 ρ.

2249 690 2430 797 ἐτέρου
2448 690 2675 775 λαϐόντα
2692 736 2703 747 ο
2730 690 2818 767 τὸν
2844 690 2897 765 ob
2922 710 3027 763 τῶν
3044 700 3364 772 δευτερείων
3390 690 3644 797 ἠῗῶσθς

2250 819 2308 870 τὸ
2338 815 2464 868 Θεὸν
2491 809 2625 864 εἶναι
2651 806 2874 858 λαϐόντα
2903 799 3050 869 παρὰ
3080 794 3170 847 τοῦ
3199 788 3419 858 Πατρὸς
3456 783 3639 851 ἔχειν,

2252 910 2429 962 εἰκόνα
2469 905 2559 958 τοῦ
2600 899 2753 961 Θεοῦ,
2800 895 2924 965 μιᾶς
2966 891 3050 941 ἐπ’
3091 885 3295 955 ἀμφοῖν
3348 875 3504 930 κατὰ
3548 873 3615 923 τὸ

2251 999 2442 1066 δειγμα
2460 995 2557 1062 τῆς
2572 961 2816 1056 Θεότητος
2841 975 3243 1045 ὲπινοουμένης,
3267 968 3389 1029 ὲνός
3418 981 3484 1016 τε
3522 961 3644 1066 φτ(

2252 1051 2737 1140 τοῦηκαθδήέαυτὸν
2767 1074 3009 1141 ἀνάρχως
3036 1066 3128 1117 καὶ
3167 1059 3498 1129 ἀγεννήτως
3539 1051 3643 1102 ὅντε

2255 1177 2309 1230 δὲ
2336 1174 2426 1227 τοῦ
2478 1171 2603 1223 Υἱοῦ
2631 1168 2703 1229 ὡς
2749 1165 2812 1216 ἂν
2836 1160 2898 1213 δι’
2926 1157 3186 1224 ἐσόπτρου
3214 1150 3313 1202 καὶ
3346 1144 3575 1202 εἰκόνος
3614 1141 3641 1190 ὲ

2262 1265 2534 1336 ρουμένου.
2561 1258 2718 1311 Missa
2748 1249 2920 1305 Latini
2950 1240 3260 1312 interpretis
3292 1233 3595 1293 versione,
3630 1244 3644 1279 ι

3290 1334 3296 1336 λ
3390 1323 3428 1336 --
3596 1316 3643 1336 λ.

2260 1316 2405 1409 lnoi'e
2427 1365 2525 1407 suo
2555 1349 2666 1401 haec
2707 1343 2774 1396 ad
2806 1336 3123 1394 catholicam
3177 1323 3537 1384 sententiam
3588 1316 3644 1368 dt

2261 1448 2340 1503 sic
2370 1458 2468 1497 nos
2494 1440 2559 1493 ad
2583 1437 2799 1491 verbum
2828 1431 3244 1494 interpretamur
3274 1432 3287 1465 :
3311 1412 3602 1467 Caeterum
3637 1430 3644 1457 t

2263 1546 2451 1593 natura
2491 1527 2777 1599 unigenitus
2809 1520 2977 1572 Filius
3010 1524 3057 1568 et
3105 1512 3244 1564 Deus
3278 1512 3472 1558 noster
3513 1496 3644 1551 celel

2265 1639 2318 1682 at
2351 1643 2452 1679 non
2481 1632 2555 1676 est
2581 1621 2779 1689 primus
2815 1613 2986 1671 Deus;
3017 1605 3104 1659 sed
3129 1602 3341 1670 primus
3399 1592 3502 1645 Dei
3539 1590 3638 1642 uni

2269 1718 2459 1776 Filius,
2505 1722 2553 1766 et
2583 1687 2709 1762 ideo
2760 1705 2918 1757 Deus.
2978 1697 3041 1750 In
3078 1706 3293 1748 summa
3321 1687 3444 1739 haec
3476 1696 3644 1735 causa

2198 1785 2241 1839 Β
2269 1768 2401 1879 quod
2422 1768 2523 1858 ille
2551 1802 2688 1854 Deus
2717 1798 2804 1860 sit,
2839 1792 2961 1861 quia
2989 1786 3131 1841 solus
3166 1788 3375 1833 natura
3406 1772 3597 1825 Filius
3628 1768 3644 1820 l

2270 1862 2329 1952 ac
2366 1894 2664 1964 Unigenitus
2696 1894 2925 1943 vocatur,
2955 1888 3004 1932 et
3023 1876 3148 1946 quia
3178 1872 3352 1925 solius
3392 1865 3500 1919 Dei
3527 1862 3644 1914 ani:

2271 1992 2512 2044 viventem
2537 1994 2584 2037 et
2607 1982 2969 2048 intelligentem
2994 1969 3276 2039 imaginem
3307 1966 3523 2019 servat,
3562 1970 3644 2008 sec

2274 2080 2449 2134 omnia
2480 2074 2629 2128 Patri
2661 2070 2903 2130 similem,
2930 2080 2989 2117 ac
3014 2062 3173 2115 etiam
3206 2056 3393 2124 ipsius
3438 2045 3639 2101 deitati

2273 2172 2439 2240 ginem
2486 2166 2744 2234 ferentem.
2782 2158 2896 2210 Hac
2929 2169 3048 2222 ergo
3094 2149 3157 2201 de
3208 2160 3389 2198 causa
3439 2142 3624 2209 ipsum

2276 2233 2443 2324 utpote
2470 2256 2638 2307 solum
2691 2247 2910 2307 Filium,
2946 2242 3034 2313 qui
3078 2238 3223 2293 solus
3260 2234 3373 2287 Dei
3432 2233 3618 2297 imago

2276 2345 2585 2415 non-genita:
2618 2350 2666 2392 et
2696 2333 2947 2407 principio
2993 2327 3217 2383 carentis
3274 2320 3616 2375 substantia:

2277 2405 2548 2497 virtutibus
2583 2405 2858 2482 secundum
2889 2416 3180 2485 exemplum
3218 2405 3613 2465 similitudinis

2278 2528 2368 2587 sit,
2404 2532 2553 2589 atque
2575 2519 2636 2570 ab
2671 2515 2897 2568 omnium
2927 2505 3246 2578 peritissimo
3281 2517 3346 2552 ac
3392 2496 3643 2552 scientiss

2280 2625 2416 2669 ctare
2448 2629 2507 2664 ac
2534 2612 2650 2663 vita:
2681 2614 2888 2658 auctore
2918 2601 3099 2655 Patre.
3148 2594 3217 2647 ad
3254 2589 3643 2645 accuratissim

2282 2701 2623 2757 militudinem
2650 2696 2858 2763 effectus
2887 2691 2975 2749 sit,
3005 2687 3171 2739 Deum
3212 2681 3418 2735 merito
3451 2678 3629 2730 divini

2283 2812 2369 2847 nes
2395 2791 2686 2860 appellant;
2717 2795 2887 2852 utpote
2916 2782 3005 2849 qui
3039 2795 3155 2831 cum
3198 2777 3330 2829 aliis
3365 2791 3400 2827 a
3432 2774 3605 2827 Patre
3634 2770 3644 2819 l

2282 2884 2555 2953 pellatione
2585 2879 2822 2947 dignatus
2847 2875 2934 2935 sit,
2960 2884 3173 2938 eamque
3203 2866 3507 2933 acceperit,
3547 2878 3644 2916 non

2285 2986 2339 3029 ut
2368 2973 2625 3043 propriam
2655 2967 2753 3020 sibi
2784 2963 3042 3017 habuerit.
3077 2957 3222 3010 Nam
3250 2956 3353 3009 ille
3390 2954 3644 3025 quidemt

666 3083 973 3139 Marcellum
1000 3042 1255 3134 declarat.
1307 3077 1435 3130 Nam
1469 3042 1562 3128 lib.
1609 3090 1625 3127 ι
1656 3072 1851 3127 Contra
1887 3070 2186 3124 Marcellum
2212 3084 2256 3140 ε
2288 3042 2400 3118 vero
2430 3060 2636 3126 accipit.
2671 3055 2757 3108 Ita
2787 3067 2840 3105 ut
2864 3051 3067 3120 proprie
3089 3048 3178 3100 ille
3212 3062 3365 3098 unus
3402 3045 3472 3096 sit
3512 3042 3644 3094 Deut

666 3193 720 3246 p.
763 3177 851 3238 70,
905 3175 969 3228 de
1022 3172 1180 3225 Patre
1210 3171 1353 3224 clare
1383 3176 1435 3222 et
1477 3168 1593 3220 sine
1638 3165 1856 3232 ambage
1890 3163 1981 3225 ait,
2013 3161 2187 3220 Μόνος

668 3265 914 3336 ἀληθινὸς
941 3263 1069 3324 Θεός
1100 3277 1113 3290 ’
1147 3260 1297 3314 Solus
1321 3274 1465 3311 verus
1500 3256 1656 3309 Deus.
1690 3255 1745 3307 ln
1774 3251 2187 3305 Demonstratio-

670 3373 741 3421 ne
770 3364 945 3409 autem
979 3350 1289 3421 evangelica,
1333 3349 1369 3401 l.
1400 3365 1453 3410 v,
1492 3362 1540 3400 c.
1577 3347 1631 3407 4,
1688 3358 1807 3413 pag.
1862 3342 1985 3407 227,
2039 3355 2188 3396 suam

672 3447 903 3502 dilucide
933 3445 998 3499 de
1026 3443 1180 3495 Patre
1214 3451 1265 3495 et
1293 3438 1427 3492 Filio
1456 3436 1774 3492 sententiam
1802 3433 2049 3501 explicat,
2094 3432 2193 3482 ait-

672 3554 777 3609 que
798 3536 988 3590 Filium
1018 3535 1087 3587 ob
1112 3546 1259 3586 suam
1283 3544 1403 3583 cum
1429 3527 1583 3580 Patre
1609 3523 2006 3580 similitudinem
2029 3519 2192 3572 Deum

677 3628 875 3687 vocari,
923 3625 1046 3677 licet
1099 3636 1203 3674 non
1237 3617 1449 3688 proprie
1489 3624 1542 3669 et
1583 3630 1677 3683 per
1707 3629 1763 3667 se
1792 3612 1948 3665 talem
1985 3622 2195 3661 nuncu-

678 3717 939 3785 pationem
969 3710 1204 3765 obtineat
1250 3726 1262 3760 :
1300 3714 1741 3772 nam-postquam
1770 3700 1976 3753 dixerat
2006 3696 2196 3749 Filium

680 3812 870 3858 natura
931 3802 1091 3853 Deum
1144 3811 1263 3851 esse
1296 3835 1311 3858 ,
1373 3801 1600 3846 mentem
1660 3804 1808 3843 suam
1868 3787 1945 3841 sic
1979 3786 2194 3852 aperit:

680 3896 823 3964 Πλὴν
879 3894 926 3944 εἰ
962 3890 1052 3944 καὶ
1095 3887 1249 3956 φύσει
1292 3883 1575 3955 μονογενὴς
1616 3879 1740 3942 Υἱὸς
1767 3879 1857 3931 καὶ
1899 3877 2025 3938 Θεὸς
2050 3874 2201 3947 ἡμῶν

683 3984 1084 4053 ὰνευφημείται,
1118 3978 1225 4029 ἀλλ’
1269 3975 1364 4043 οὐχ
1405 3975 1432 4024 ό
1474 3972 1681 4042 πρῶτος
1710 3969 1858 4031 Θεὸς,
1910 3968 2116 4037 πρῶτος
2147 3966 2203 4018 δὲ

683 4075 775 4130 τοῦ
813 4073 943 4126 Θεοῦ
981 4067 1265 4140 μονογενὴς
1304 4064 1447 4125 Υἱὸς,
1478 4062 1569 4113 καὶ
1613 4059 1698 4112 διὰ
1723 4058 1875 4111 τοῦτο
1916 4057 2063 4118 Θεός.
2096 4056 2204 4107 Καὶ

686 4166 802 4217 ὅλον
850 4178 912 4229 γε
965 4159 1120 4210 τοῦτο
1172 4154 1337 4207 αἴτιον
1391 4150 1453 4202 ἂν
1503 4150 1584 4217 εἴη
1631 4148 1721 4199 τοῦ
1766 4146 1858 4197 καὶ
1885 4144 2041 4197 αὑτὸν
2073 4140 2206 4195 εἶναι

687 4256 837 4319 Θεὸν,
862 4253 920 4305 τὸ
955 4251 1107 4321 μόνον
1139 4243 1274 4299 εἶναι
1303 4243 1457 4312 φύσει
1494 4241 1583 4293 τοῦ
1604 4238 1734 4292 Θεοῦ
1768 4237 1912 4299 Υἱὸν,
1942 4237 2033 4288 καὶ
2060 4251 2208 4304 μονο-

690 4347 819 4416 γενῆ
842 4341 1207 4415 χρηματίζειν,
1237 4336 1325 4388 καὶ¹
1351 4334 1410 4385 τὸ
1457 4333 1521 4384 δι’
1554 4330 1671 4383 ὅλου
1713 4327 1899 4390 σώζειν
1927 4325 2017 4377 τοῦ
2049 4325 2203 4395 μόνου

2292 3156 2371 3207 lus
2421 3148 2624 3219 quidem
2667 3154 2859 3198 natura
2886 3140 3162 3199 exsistens,
3216 3148 3397 3202 neque
3451 3131 3520 3183 ab
3566 3129 3643 3182 ali

2288 3245 2461 3313 piens;
2496 3239 2576 3290 hic
2606 3251 2721 3289 vero
2770 3230 2992 3286 secundo
3027 3229 3137 3279 loco
3177 3223 3453 3290 dignatus
3498 3221 3599 3280 sit,

2293 3334 2448 3386 Patre
2473 3327 2718 3395 acceperit
2748 3334 2803 3376 ut
2842 3321 2979 3374 Deus
3016 3332 3125 3371 esse
3166 3314 3443 3374 obtineat,
3484 3320 3642 3379 utpot

2292 3425 2407 3485 Dei,
2437 3438 2550 3474 cum
2590 3435 2697 3471 una
2726 3418 2777 3468 in
2806 3409 3050 3466 ambobus
3094 3403 3402 3460 secundum
3432 3401 3644 3466 exempl

2294 3527 2373 3569 tas
2393 3513 2728 3580 intelligatur,
2754 3522 2854 3559 uno
2883 3502 2990 3556 Deo
3033 3495 3328 3553 secundum
3368 3512 3428 3549 se
3461 3494 3583 3547 sine
3612 3509 3644 3560 p

2294 3617 2340 3660 et
2368 3603 2691 3673 generatione
2731 3596 3024 3652 exsistente,
3068 3589 3155 3657 qui
3203 3601 3301 3654 per
3352 3584 3576 3636 Filium
3609 3598 3639 3651 q

2296 3695 2554 3762 speculum
2595 3698 2645 3743 et
2686 3685 2957 3753 imaginem
3005 3676 3416 3732 consideratur.
3478 3673 3637 3739 Quor

2298 3797 2504 3840 summa
2561 3778 2737 3839 fuerit,
2793 3783 3013 3828 eatenus
3077 3767 3254 3820 lFilius
3323 3773 3541 3818 natura
3592 3762 3643 3813 ι)

2299 3880 2562 3942 quatenus
2584 3874 2773 3918 natura
2799 3874 2894 3914 sua
2933 3857 2997 3909 ad
3028 3852 3468 3909 similitudinem
3504 3851 3605 3904 Dei
3640 3867 3644 3918 ζ

2300 3963 2387 4016 nia
2411 3959 2629 4013 elTectus
2673 3962 2773 4014 est,
2807 3959 2966 4018 atque
3005 3946 3125 3998 ideo
3153 3942 3396 3997 deitatis
3427 3942 3644 3996 nomint

2302 4061 2390 4105 tus
2422 4057 2523 4110 est,
2553 4060 2670 4115 quae
2701 4053 2876 4095 tamen
2919 4053 3027 4092 non
3082 4035 3186 4104 ipsi
3219 4036 3465 4104 pr0prie
3502 4046 3644 4097 com}

2305 4141 2397 4197 sed
2425 4142 2639 4206 propter
2662 4126 3064 4184 similitudinem
3096 4121 3326 4175 deitatis
3364 4135 3546 4190 quam
3586 4134 3644 4170 re

2306 4231 2471 4290 tabat,
2504 4225 2643 4279 Deus
2665 4225 2886 4273 vocatur
2910 4234 2922 4268 :
2954 4229 3052 4267 nec
3073 4213 3288 4281 primus
3346 4209 3503 4265 Deus
3527 4218 3643 4272 est,

2306 4319 2511 4375 condas
2536 4316 2591 4368 in
2617 4312 2813 4366 deitate
2853 4322 2920 4361 ex
2963 4301 3277 4372 dignatione
3331 4307 3613 4369 occupat,

704 4392 819 4416 I"'l
845 4392 1007 4415 hr'll"'
1089 4392 1105 4403 -
1196 4392 1207 4402 ι
2051 4392 2059 4395 .

690 4435 822 4489 Θεοῦ
843 4435 938 4505 τὴν
982 4428 1212 4499 ἔμψυχον
1238 4424 1329 4477 καὶ
1367 4421 1540 4484 ζῶσαν
1590 4418 1775 4486 νοερὰν
1833 4416 2027 4477 εἰκόνα,
2073 4430 2185 4466 κατε

2198 4433 2210 4466 ι
2244 4412 2284 4464 D
2305 4415 2425 4483 jure
2457 4418 2511 4463 et
2537 4405 2860 4475 prOprietate
2893 4417 2907 4452 :
2942 4410 3067 4449 nam
3098 4392 3245 4447 Deus
3284 4394 3367 4446 ob
3399 4399 3643 4445 accurat

2343 4504 2348 4505 ν
2550 4497 2578 4505 ··
2727 4492 2739 4505 ι
2853 4488 2902 4505 οη
2932 4503 2991 4505 ην
3030 4482 3403 4505 -_..-n...:-_-
3442 4479 3643 4505 4---“:

695 4529 868 4582 πάντα
901 4523 976 4591 τῷ
1003 4519 1166 4588 [Ιατρὶ
1209 4511 1685 4587 παρωμοιωμένην,
1728 4506 1932 4574 καὶτῆς
1963 4505 2207 4575 θεότητος

692 4632 755 4674 τε
791 4616 955 4685 αὐτῆς
1004 4612 1098 4679 τὴν
1137 4607 1385 4678 ὁμοίωσιν
1426 4598 1831 4669 ἐπιφερομένην.
1881 4596 2059 4665 Ταύτῃ
2104 4612 2211 4647 τοι-

694 4705 891 4780 γαροῦν
923 4704 1015 4757 καὶ
1038 4700 1192 4753 αὐτὸν
1219 4698 1290 4759 ὼς
1323 4696 1384 4749 ἂν
1413 4694 1568 4763 μόνον
1599 4691 1722 4742 Υἱὸν
1744 4690 1833 4741 καὶ
1857 4687 2009 4757 μόνον
2037 4687 2213 4738 εἰκόνα

694 4775 819 4856 ὸντα
858 4795 948 4849 τοῦ
985 4791 1136 4855 Θεοῦ,
1171 4789 1258 4840 καὶ
1298 4786 1394 4854 τῆς
1422 4783 1703 4849 ἀγεννήτου
1728 4779 1820 4831 καὶ
1861 4778 2088 4846 ἁνάρχου
2120 4775 2211 4827 τοῦ

698 4888 904 4959 Πατρὸς
935 4883 1116 4942 οὐσίας
1136 4880 1231 4941 τὰς
1251 4876 1498 4944 δυνάμεις
1518 4871 1655 4923 κατὰ
1678 4869 1737 4921 τὸ
1761 4867 2095 4938 παράδειγμα
2117 4866 2213 4934 τῆς

700 4976 997 5046 ὁμοιώσεως
1054 4965 1531 5039 περιϐεϐλημένον,
1585 4961 1685 5013 ὑπό
1740 4976 1798 5011 τε
1860 4957 1950 5010 τοῦ
2005 4957 2213 5008 πάντων

702 5062 1078 5132 τεχνικωτάτου
1109 5059 1199 5112 καὶ
1249 5053 1701 5120 πανεπιστήμονος
1738 5048 2016 5117 ζωγράφου
2046 5061 2103 5096 τε
2124 5046 2215 5097 καὶ

705 5149 959 5215 ζωοποιοῦ
996 5149 1197 5217 Πατρὸς
1229 5148 1306 5207 εἰς
1334 5144 1393 5197 τὸ
1418 5143 1495 5194 ἔτι
1531 5139 1747 5209 ἀκριϐὲς
1789 5138 1884 5206 τῆς
1915 5134 2215 5205 ὁμοιώσεως

706 5237 1145 5307 ἀπειργασμένον,
1183 5236 1310 5286 Θεὸν
1355 5232 1570 5293 εἰκότως
1590 5230 1638 5280 οἱ
1670 5228 1796 5280 θεῖοι
1840 5224 2215 5295 ἀναγορεύουσι

708 5328 885 5393 λόγον
917 5323 990 5386 ὡς
1043 5323 1132 5373 καὶ
1179 5324 1373 5392 ταύτης
1416 5320 1552 5391 μετὰ
1589 5318 1693 5371 τῶν
1734 5318 1899 5371 ἄλλων
1937 5314 2081 5384 παρὰ
2125 5311 2215 5364 τοῦ

711 5414 915 5485 Πατρὸς
968 5411 1254 5479 ⁴ἠξιωμένον
1307 5409 1680 5480 προσηγορίας,
1710 5411 1759 5461 εἰ
1782 5407 1965 5479 ,ηφότα
1994 5419 2069 5465 τε,
2107 5401 2216 5453 ἀλλ’

2310 4479 2706 4557 similitudinem
2727 4492 2827 4543 hac
2853 4488 2999 4541 illum
3027 4482 3408 4552 appellatione
3440 4479 3644 4533 donavi

2308 4594 2476 4647 biana:
2500 4588 2564 4641 de
2586 4584 2703 4637 Filii
2733 4580 2927 4634 deitate
2956 4574 3212 4629 doctrina:
3243 4572 3547 4625 luculenta
3582 4570 3644 4621 ιι(

2311 4682 2487 4735 monia
2509 4677 2659 4729 affert
2683 4670 3014 4740 Nicepltorus
3042 4663 3366 4732 patriarcha
3400 4664 3463 4715 in
3488 4663 3644 4714 Antii

2309 4771 2465 4837 cujus
2488 4765 2666 4835 operis
2692 4776 2796 4815 non
2833 4759 3092 4810 hactenus
3123 4751 3256 4804 editi
3288 4766 3361 4805 ac
3394 4753 3531 4804 luce
3560 4750 3644 4817 dig

2316 4861 2600 4915 editionem
2634 4858 2787 4922 parat
2812 4843 3209 4903 eruditissimus
3233 4839 3553 4893 Anselmus
3587 4838 3644 4890 B:

2318 4960 2516 5003 noster.
2569 4943 2688 5001 Haec
2730 4942 2888 5011 igitur
2919 4941 3167 4999 excerpta
3210 4930 3376 4982 all'ert
3420 4930 3521 4982 ille
3556 4945 3629 4982 cx

2320 5037 2531 5091 Eusebii
2562 5034 2627 5086 ad
2656 5029 3021 5087 Constantiam
3050 5024 3351 5089 Augustam
3381 5038 3396 5073 :
3424 5021 3618 5081 Μόνος

2317 5145 2404 5189 τος
2440 5125 2576 5195 μετὰ
2598 5124 2686 5176 τὸν
2718 5122 2969 5177 ἀνωτάτω
2993 5114 3119 5168 Θεὸν
3150 5110 3244 5161 uati.
3271 5108 3511 5177 Πατέρα
3540 5109 3637 5160 δίκ

2321 5218 2516 5287 Κύριος
2549 5217 2641 5269 καὶ
2671 5212 3001 5272 δικαιοσύνας
3027 5202 3311 5287 ἠγάπησει
3340 5198 3398 5250 id
3427 5208 3557 5251 est:
3597 5198 3644 5250 Η

2321 5286 2461 5363 solus
2508 5320 2626 5377 post
2659 5321 2945 5383 supremum
3000 5298 3156 5350 Deum
3188 5295 3237 5340 ει
3291 5286 3553 5349 Patrem,
3598 5288 3644 5355 jt

2324 5400 2601 5467 Dominus,
2633 5419 2681 5460 ει
2712 5379 2947 5478 iustitia;
2970 5382 3177 5446 dilexit;
3208 5388 3263 5432 et
3301 5379 3508 5446 paucis
3549 5380 3644 5432 inti

784 5589 858 5661 (a)
895 5588 1072 5661 L_ib.‘_t__
1088 5584 1277 5638 Contra
1310 5582 1627 5649 Marcellum,
1664 5600 1765 5655 pag
1831 5585 1899 5651 to,
1934 5582 2085 5652 μόνος
2117 5579 2182 5633 ἀλ

2198 5580 2361 5647 belva;
2389 5582 2554 5647 Θεὸς·
2611 5600 2665 5645 ει
2706 5595 2801 5649 ιη),
2865 5606 2901 5646 ιι
2939 5579 3127 5639 Contra
3163 5556 3508 5621 Marccttum,
3576 5574 3644 5627 μ,

716 5668 767 5714 et
795 5656 853 5728 'p'.
889 5657 975 5724 87,
1010 5656 1094 5709 96.
