3818 6318
40 4944 49 4977 l

60 3242 69 3307 l

160 364 241 420 δι

1010 362 1531 427 COMMENTARIA
1565 375 1634 431 ΙΝ
1661 378 1990 434 PSALMOS.
2030 411 2096 420 —
2132 373 2655 433 PRA‘ILIMINARIA.

3345 391 3411 441 42

149 488 303 539 Ὅτι
361 472 533 573 ἔχομεπς
572 471 666 573 καῖι
700 474 869 573 ἡμξῖς
913 477 1215 573 ἀρχᾈιερέα
1248 489 1416 557 μέγαν
1448 491 1774 562 διεληλυθότα

1892 495 2017 548 illud
2045 495 2311 556 αὑτόθεος,
2334 566 2339 573 Ι
2359 493 2465 560 ipse
2497 497 2631 548 Deus
2656 496 2760 566 (b);
2793 497 2903 550 sive
2928 494 3067 565 quod
3106 497 3231 552 alibi
3260 500 3407 563 dicit,

207 582 295 606 3.,

127 598 287 636 τους

338 562 597 629 οὐρανοὺς,
642 564 859 633 Ἰησοῦν
892 568 1001 621 τὸν
1034 566 1181 629 Υἱὸν
1216 578 1307 629 τοῦ
1336 579 1487 634 Θεοῦο
1518 580 1577 637 οὗ
1604 586 1669 638 τὰ
1696 588 1791 656 μὲν

128 652 429 726 ἀνωτάτω
449 654 539 705 καὶ
572 660 855 723 κορυφαῖα
888 660 1004 729 τῆς
1040 664 1311 739 Θεότητος
1340 671 1589 735 ἐπέκεινα
1616 677 1791 746 πάσης

132 781 196 815 κτ

206 758 399 813 εσεως
443 742 722 811 διήκοντα,
772 748 1141 822 καλύμματι
1192 761 1439 831 πατρικῷ
1483 765 1580 833 τῆς
1615 765 1789 818 ἐνθέου

139 836 467 902 ἀῖδιὸτητος
507 834 601 885 καὶ
647 836 1013 910 ἀγεννησίας
1076 850 1533 918 ὲπικαλύπτεται,
1564 858 1613 910 id
1661 867 1784 911 est:

159 936 324 1005 Quia
359 922 601 978 habemus
630 937 682 980 et
721 947 823 984 nos
854 932 1205 1005 Pontificem
1239 959 1499 1011 magnum,
1530 950 1617 1016 qui
1641 950 1787 1002 caelos

174 1014 489 1090 ντωῐετὶυἱι,
512 1014 697 1070 Iesum
723 1018 945 1077 Filium
973 1027 1105 1091 Dei,
1132 1035 1283 1101 cujus
1316 1014 1790 1104 Deitatissuprema

118 5412 147 5579 il

96 5586 129 5761 /

68 5770 104 5939 λ’

202 1124 251 1164 et
291 1122 501 1169 summa,
528 1124 695 1176 supra
724 1128 946 1168 omnem
982 1131 1296 1176 creaturam
1330 1127 1676 1193 pervadentia,
1696 1144 1790 1195 pa-

222 1212 359 1254 terno
389 1198 564 1252 dicina:
586 1204 920 1260 wternitatis
944 1219 998 1261 ct
1026 1212 1456 1269 innascibilitatis
1482 1220 1789 1285 operimento

226 1299 568 1358 conteguntur.
598 1292 715 1346 Sub
748 1296 869 1350 haec
897 1308 1090 1354 autem
1124 1304 1322 1359 clarius
1357 1324 1370 1358 :
1417 1308 1471 1359 Ὀ
1501 1309 1556 1360 δὲ
1584 1311 1670 1361 ἐπὶ
1698 1311 1786 1363 τοῦ

237 1379 471 1447 μετώπου
514 1382 774 1448 στέφανος
806 1386 912 1453 τῆς
956 1387 1146 1440 ἐνθέου
1179 1393 1270 1442 καὶ
1308 1397 1788 1465 παντοκρατορικῆς

235 1468 494 1535 βασιλείας
522 1487 580 1521 τε
616 1473 709 1523 καὶ
746 1472 1077 1539 δεσποτείας
1107 1478 1291 1547 ἐδήλου
1324 1483 1699 1550 προσηγορίαν,
1723 1484 1787 1553 ἦν

236 1558 386 1627 μόνῳ
414 1558 484 1629 τῷ
514 1561 805 1628 Μονογενεῖ
828 1564 857 1613 ὁ
887 1566 1151 1618 ἀνωτάτω
1188 1568 1277 1620 καὶ
1313 1569 1465 1637 μόνος
1497 1570 1654 1623 αὐτοῦ
1683 1573 1789 1623 Πα-

232 1649 342 1718 τὴρ
370 1650 688 1719 ἐδωρήσατο,
723 1652 859 1705 Θεὸν
910 1656 1009 1707 xui.
1056 1658 1257 1727 Κύριον
1300 1660 1390 1711 καὶ
1423 1661 1641 1728 βασιλέα
1682 1662 1786 1715 τῶν

234 1738 368 1791 ὅλων
389 1740 536 1808 μόνον
562 1743 728 1797 αὐτὸν
762 1746 908 1811 μετά
940 1764 1004 1813 γε
1035 1748 1223 1800 ἑαυτὸν
1254 1750 1546 1815 ἀναδείξας,
1581 1752 1627 1805 id
1662 1762 1780 1807 est:

1888 584 2126 655 ἀληθινὸς
2148 584 2294 645 Θεός,
2322 599 2465 638 verus
2493 585 2662 646 Deus;
2688 586 2893 639 scilicet
2908 595 3211 652 comparate
3235 589 3298 642 ad
3318 589 3411 642 lio-

1888 673 2077 732 mines,
2108 673 2198 739 qui
2222 670 2507 739 aliquando
2538 674 2607 725 dii
2641 674 3009 741 appellantur:
3045 686 3165 728 nam
3192 691 3410 744 compa-

1888 768 2001 814 rate
2034 762 2098 813 ad
2126 761 2357 823 Patrem,
2391 762 2500 815 sive
2529 762 2691 814 Deum
2724 763 3117 827 universorum,
3152 781 3257 819 non
3286 782 3407 820 vere

1887 858 1935 902 et
1964 851 2173 918 proprie
2201 850 2340 905 Deus
2368 850 2582 914 dicitur,
2619 852 2909 906 secundum
2950 853 3160 908 Eusebii
3191 865 3408 924 senten-

1889 941 2032 993 tiam.

1887 1050 1943 1098 X.
1966 1050 2114 1108 Quam
2136 1051 2332 1100 adversa
2356 1054 2528 1101 rationi
2559 1058 2610 1160 ft
2632 1054 2892 1161 gritscorum
2929 1056 3123 1105 Patrum
3145 1058 3403 1109 sententia:

2580 1128 2628 1161 ra
2664 1128 2689 1160 a
2719 1150 2730 1161 .

2580 1128 2730 1161 radat.

1957 1190 2043 1245 Sic
2073 1193 2159 1247 ille
2186 1209 2252 1248 ne
2271 1194 2404 1247 duos
2433 1195 2561 1249 deus
2590 1196 2766 1251 dicere
2790 1205 3028 1266 cogatur,
3057 1198 3243 1252 Filium
3279 1217 3403 1255 vere

1886 1280 2048 1335 Deum
2078 1297 2197 1336 esse
2222 1292 2393 1352 negat,
2430 1284 2831 1353 Evangeliorum
2861 1287 3000 1340 dicta
3034 1288 3347 1357 distorquet,
3373 1306 3401 1342 a

1879 1371 2177 1438 priscorum
2194 1371 2406 1425 Patrum
2425 1373 2665 1427 doctrina
2680 1374 2923 1438 discedit,
2942 1382 2992 1430 et
3005 1376 3068 1429 ad
3085 1377 3402 1432 Arianorum

1885 1465 2060 1521 partes
2075 1457 2295 1511 accedit.
2309 1456 2439 1511 Nam
2460 1468 2515 1513 ut
2533 1461 2817 1529 Evangelia
2835 1468 2942 1515 tres
2962 1478 3080 1518 esse
3099 1465 3153 1517 in
3173 1480 3278 1517 uno
3294 1466 3401 1520 Deo

1884 1559 2139 1611 personas
2160 1547 2301 1600 clare
2332 1547 2594 1613 indicant;
2628 1550 2701 1602 ita
2737 1551 2993 1605 rationem
3024 1552 3115 1607 Dei
3146 1552 3199 1606 in
3231 1556 3399 1609 tribus

1886 1650 2041 1688 unam
2061 1643 2113 1690 et
2134 1636 2367 1690 eamdem
2392 1653 2514 1691 csse
2542 1638 2732 1692 docent
2753 1659 2764 1691 :
2785 1641 3002 1693 stultum
3023 1643 3214 1710 quippe
3237 1652 3320 1698 est
3345 1644 3399 1697 in

1884 1718 1981 1770 hoc
2009 1718 2227 1774 Joannis
2243 1721 2402 1784 dicto,
2433 1740 2469 1785 ι,
2499 1725 2519 1775 1
2550 1743 2561 1776 :
2589 1723 2651 1777 In
2671 1726 2918 1793 principio
2942 1740 3052 1781 erat
3094 1728 3330 1793 Verbum,
3353 1741 3403 1786 et

234 1804 437 1880 Corona
461 1840 631 1883 autem
659 1833 714 1885 in
746 1834 923 1900 {route
953 1838 1145 1902 posita,
1169 1837 1329 1890 divini
1355 1848 1402 1891 et
1426 1842 1781 1903 omnipotentis
1813 1818 1852 1870 Β
1892 1804 2103 1903 verbum
2125 1816 2241 1903 em:
2255 1809 2388 1903 αἶψά
2404 1809 2645 1903 Ρ⁸²“⁷²’θί
2662 1812 2795 1903 Datis
2811 1824 2921 1866 erat
2948 1815 3179 1881 verum"
3197 1818 3330 1872 duas
3348 1828 3399 1872 et

231 1921 375 1986 regni
408 1936 468 1972 ac
502 1921 729 1975 dominii
770 1926 1171 1991 appellationem
1203 1928 1472 1983 declarat:
1494 1947 1647 1998 quam
1684 1934 1783 1986 soli

236 2003 505 2076 Unigenito
523 2027 804 2077 supremus
821 2022 871 2065 et
894 2014 1036 2067 solus
1052 2016 1164 2081 ejus
1184 2016 1339 2070 Pater
1358 2019 1583 2081 donavit,
1598 2021 1778 2085 Deum,

232 2095 507 2149 Dominum
535 2108 587 2150 et
612 2098 803 2168 Regem
834 2103 1193 2156 universorum
1215 2107 1381 2158 solum
1406 2109 1571 2175 ipsum
1592 2122 1702 2177 post
1729 2130 1782 2166 se

235 2182 523 2238 declarans.
560 2184 662 2239 Ubi
695 2186 851 2242 vides
876 2204 943 2241 ex
966 2189 1213 2254 Eusebio,
1240 2190 1454 2256 Filium,
1484 2197 1574 2251 Dei
1599 2208 1651 2253 et
1675 2200 1780 2255 Do-

235 2274 352 2326 mini
370 2276 792 2343 appellationem
811 2293 877 2332 ex
897 2281 1009 2333 sola
1027 2282 1331 2351 dignatione
1343 2285 1510 2343 Patris
1522 2289 1778 2355 obtinere,

238 2375 295 2412 ac
317 2362 612 2415 secundum
638 2379 667 2416 a
698 2363 863 2420 Patre
893 2366 1055 2421 Deum
1079 2384 1217 2433 esse,
1248 2385 1355 2438 quo
1386 2376 1601 2443 respicit
1622 2379 1779 2431 etiam

236 2446 862 2507 illeCommentariorum
883 2455 1112 2519 locus,in
1129 2473 1334 2527 argum.
1352 2463 1482 2529 psal.
1501 2479 1640 2516 Lxxn
1658 2466 1783 2519 Asa-

235 2536 335 2603 phi,
354 2548 407 2591 et
422 2540 488 2591 ad
513 2541 654 2608 psal.
680 2557 714 2594 χ
736 2542 836 2594 εΑσ
856 2560 917 2596 ne
943 2546 1056 2611 quis
1088 2546 1149 2598 ob
1168 2550 1612 2612 monarcltiw,sive
1628 2555 1778 2607 unius

234 2626 483 2695 principii,
504 2631 770 2683 rationem
787 2632 1103 2695 turbaretur,
1124 2635 1386 2690 Christum
1398 2639 1490 2693 Dei
1503 2641 1661 2695 Deum
1673 2660 1780 2697 esse

232 2715 436 2769 audiens
456 2733 475 2778 ;
502 2730 856 2787 congruenter
870 2724 951 2774 hic
971 2725 1159 2777 multos
1176 2727 1296 2780 deos
1315 2731 1539 2782 nominat
1556 2748 1661 2795 eos,
1692 2734 1779 2801 qui

232 2805 310 2855 sub
325 2806 443 2859 lucc
466 2808 787 2863 incusantur
805 2826 823 2863 :
842 2821 1043 2864 tantum
1074 2831 1173 2866 non
1190 2817 1487 2883 prwcipiens
1508 2829 1562 2870 ut
1580 2836 1639 2873 ne
1653 2837 1778 2873 cun-

230 2902 417 2947 ctemur
434 2895 644 2948 Filium
662 2914 865 2967 quoque
884 2900 979 2952 Dei
999 2902 1159 2954 Deum
1183 2920 1378 2958 vocare.
1398 2905 1453 2960 Si
1473 2909 1606 2960 enim
1617 2911 1777 2977 gentis

222 2984 493 3053 principes,
509 2989 599 3055 qui
616 2989 1069 3051 maleaudiebaut,
1101 2992 1191 3045 Dei
1208 2996 1407 3048 nomine
1419 2997 1619 3066 dignati
1637 3010 1773 3064 sunt,

216 3075 364 3136 qlod,
398 3092 607 3143 quaeso,
640 3079 929 3145 periculum
957 3081 1137 3147 luerit,
1160 3084 1207 3135 si
1234 3086 1396 3137 virum
1419 3086 1640 3141 dextera:
1659 3089 1771 3156 Dei,

208 3168 249 3207 ει
272 3164 470 3229 ﬁlium
501 3165 739 3218 hominis
781 3170 1172 3236 conﬁrmatum,
1206 3172 1369 3226 Deum
1408 3176 1689 3243 fateamur,
1721 3179 1772 3232 id

204 3257 291 3311 est,
331 3266 476 3304 cum
516 3252 772 3308 homines
801 3257 961 3308 etiam
996 3258 1070 3311 dii
1103 3270 1374 3322 vocentur,
1410 3266 1573 3319 multo
1604 3270 1774 3335 magis

201 3349 511 3402 possumus
548 3343 831 3397 Christum
857 3348 1126 3415 appellare
1158 3349 1341 3413 Deum,
1370 3355 1496 3423 quin
1526 3356 1650 3410 hinc
1672 3374 1776 3413 me-

196 3432 273 3481 tus
312 3430 404 3482 sit
432 3445 507 3484 ne
538 3431 916 3497 pluralitatem
948 3436 1171 3490 deorum
1200 3448 1252 3492 et
1277 3442 1657 3511 princi;iorum
1691 3447 1773 3499 in-

189 3512 501 3581 ducamus,
538 3521 673 3587 quia
708 3522 917 3577 scilicet
960 3523 1130 3579 Filius
1174 3544 1279 3581 non
1313 3535 1521 3599 proprie
1568 3542 1619 3587 et
1651 3551 1773 3591 vere

189 3603 339 3661 Deus
372 3623 490 3673 est,
523 3610 678 3677 quod
702 3611 791 3664 hic
814 3613 900 3667 ille
924 3615 1182 3681 insinuat,
1205 3627 1256 3672 et
1280 3622 1403 3675 alibi
1426 3623 1565 3676 clare
1586 3631 1637 3677 et
1658 3626 1772 3681 sine

183 3700 431 3768 ambage
460 3699 632 3754 dixit.
663 3700 794 3754 Ideo
812 3711 1006 3769 autem,
1027 3714 1085 3757 ut
1103 3707 1280 3774 ipsein
1299 3711 1458 3763 allato
1480 3712 1614 3776 loco,
1642 3716 1693 3766 in
1711 3716 1771 3768 Ii-

180 3782 299 3840 bris
317 3788 541 3841 Contra
560 3788 959 3850 Marcellumct
976 3794 1027 3845 in
1043 3794 1338 3851 Comment.
1354 3800 1406 3852 in
1429 3802 1559 3867 psal.
1576 3818 1767 3867 Lxxxv,

180 3870 348 3939 κλει
360 3876 563 3944 plicat,
586 3875 736 3930 Deus
753 3878 840 3932 ille
862 3882 1227 3947 przeomnibus
1245 3884 1430 3952 iis,qui
1446 3887 1535 3940 Dei
1558 3892 1770 3946 nomine

173 3958 411 4031 dignati
450 3974 609 4028 sunt,
654 3967 977 4033 appellatur,
1025 3972 1150 4038 quia
1184 3972 1237 4025 in
1281 3974 1397 4042 ipso
1440 3978 1554 4030 solo
1594 3978 1767 4033 Patris

170 4049 509 4107 similitudo
558 4063 854 4121 servatur;
888 4064 937 4110 et
969 4057 1023 4110 in
1064 4070 1184 4112 ortu
1226 4075 1324 4114 suo
1365 4078 1393 4115 a
1431 4063 1587 4120 Patre
1628 4066 1766 4122 Deus

168 4138 378 4197 factus
408 4155 466 4197 et
493 4146 801 4213 deputatus
825 4153 927 4211 est,
964 4146 1293 4218 θεοποιηοείς
1322 4160 1378 4205 ιιι
1410 4168 1590 4221 supra,
1627 4158 1766 4211 unde

162 4234 356 4285 etiam
382 4244 469 4288 est
498 4234 651 4303 quod
679 4222 931 4298 αὺαέὸθεος
952 4246 1173 4292 vocetur
1206 4240 1258 4292 in
1299 4241 1440 4294 Hist.
1492 4245 1613 4297 εει-ι.
1641 4246 1676 4297 1.
1709 4261 1762 4306 x,

162 4331 220 4382 ι).
266 4324 396 4376 575
431 4324 537 4392 (a),
574 4327 989 4393 comparatione
1017 4328 1220 4381 scilicet
1242 4329 1537 4397 hominum,
1569 4335 1659 4400 qui
1688 4333 1761 4385 dii
1864 4324 1915 4359 δι
1947 4324 2647 4407 ⁰¹8η¹ίῗιθηί³ίῖ¹¹ῗί¹ι¹¹³ιί¹¹¹
2688 4324 2770 4407 η’,δ
2815 4324 2939 4407 fer?
2983 4324 3083 4407 co".

160 4419 498 4477 vocantur;
554 4428 661 4466 nec
704 4392 885 4469 tamen
934 4416 1009 4469 dii
1030 4417 1132 4469 dici
1161 4431 1403 4486 possunt,
1433 4422 1477 4475 si
1506 4392 1624 4475 cum
1662 4425 1755 4477 illo
1791 4431 1835 4485 Ι)
1865 4406 2082 4486 pem"?
2111 4392 2176 4445 de
2208 4392 2405 4486 spirit“
2430 4402 2612 4486 iam”
2638 4393 2796 4446 verba
2819 4393 2963 4458 ﬁmi"
2997 4396 3121 4465 quia
3142 4398 3375 4453 nondum

161 4500 584 4564 conferantur,
610 4510 674 4556 ut
703 4503 865 4558 habet
893 4504 947 4557 in
973 4505 1058 4559 bis
1094 4511 1510 4565 commentariis.
1541 4515 1688 4577 Quod
1713 4518 1758 4567 si

164 4586 323 4641 illud
357 4592 661 4659 adjiciatur
690 4593 792 4661 (sic
831 4593 962 4661 ille),
1001 4612 1018 4642 ι
1058 4594 1133 4647 Tu
1160 4612 1213 4648 es
1247 4597 1383 4649 Deus
1407 4600 1546 4653 solus
1587 4604 1755 4671 (Psal.

168 4690 395 4743 Lxxxv,
410 4685 502 4752 10)
520 4703 535 4748 ;
552 4704 572 4734 ι
592 4684 649 4736 id
665 4684 894 4752 applices
918 4685 1204 4747 Saluatori,
1228 4686 1323 4739 hoc
1343 4688 1463 4739 item
1482 4706 1754 4757 apponens,

180 4785 200 4815 ι
232 4768 370 4822 Non
400 4783 478 4824 est
506 4772 707 4824 similis
731 4772 808 4823 tui
834 4773 886 4824 in
909 4772 1034 4834 diis,
1065 4774 1281 4825 Domine
1302 4772 1461 4840 (Ibid.
1480 4775 1555 4843 8):
1583 4797 1600 4827 ι
1627 4781 1758 4832 sicut

183 4861 331 4910 enim
356 4863 404 4913 si
430 4877 480 4914 te
501 4878 625 4914 cum
653 4863 955 4914 memoratis
978 4863 1080 4914 diis
1108 4877 1475 4927 comparemus,
1510 4880 1529 4913 ι
1565 4883 1665 4920 non
1685 4879 1760 4921 est

197 4948 384 5002 similis
417 4953 517 5015 tui,
546 4970 569 5004 ι
604 4952 686 5003 sic
716 4952 764 5003 si
786 4960 833 5003 te
860 4952 1192 5019 conferamus
1214 4968 1330 5002 cum
1358 4951 1555 5016 iisdem,
1594 4967 1678 5009 «tu
1706 4975 1757 5012 es

209 5036 339 5090 Deus
377 5043 543 5094 solus.
579 5061 598 5092 ι
653 5041 926 5110 Siquidem
967 5041 1112 5094 solus
1148 5040 1385 5093 Salvator
1415 5052 1461 5092 et
1503 5042 1757 5101 Dominus

217 5138 374 5178 uoster
410 5146 427 5177 ι
465 5131 518 5181 in
557 5131 818 5196 principio
862 5138 1009 5189 erat,
1052 5128 1151 5179 Dei
1204 5127 1409 5178 Verbum
1436 5140 1571 5193 erat,
1620 5137 1756 5202 apud

230 5212 368 5267 Deum
386 5230 517 5281 erat,
532 5231 580 5272 et
604 5220 746 5272 Deus
762 5227 880 5272 erat
904 5215 1095 5285 (Joan.
1113 5230 1150 5275 ι,
1174 5214 1220 5279 l)
1242 5228 1289 5260 ε)
1308 5218 1633 5277 quamobrem
1656 5239 1756 5274 non

236 5305 483 5356 estsimilis
506 5307 601 5370 ipsi
624 5308 676 5359 in
705 5307 834 5366 diis,
862 5318 928 5355 ac
958 5300 1111 5352 solus
1132 5300 1233 5363 ipse
1258 5300 1397 5362 quasi
1415 5302 1464 5353 in
1478 5306 1591 5358 diis
1616 5308 1755 5363 Deus

240 5387 390 5458 fuerit;
425 5411 539 5448 cum
566 5396 746 5448 nullus
773 5407 843 5446 ea:
866 5389 1059 5442 multis
1108 5385 1233 5443 illis,
1265 5386 1344 5449 qui
1371 5385 1438 5437 dii
1470 5406 1752 5462 vocantur,

235 5488 572 5554 (sulpuratione
597 5486 746 5538 illius
784 5482 930 5533 Deus
959 5475 1070 5525 dici
1099 5472 1272 5532 possit.
1310 5469 1431 5525 Hinc
1468 5478 1751 5552 intelligas

276 5602 330 5669 (α)
350 5599 575 5672 Hujusce
602 5589 948 5672 Patrp-lqgite
972 5588 1178 5635 nostra:
1207 5586 1319 5630 tom.
1370 5580 1474 5636 XX,

270 5660 323 5742 (Vb),
351 5660 493 5723 Dein.
527 5683 606 5719 ev.
643 5680 699 5731 ρ.
740 5660 870 5711 156ο

433 5767 713 5827 Ριτιιοι.
755 5752 883 5810 Gn.
919 5739 1168 5800 XXIII.

1882 1892 2177 1962 disparatas
2211 1895 2299 1950 Dei
2332 1897 2562 1952 rationes
2600 1901 2884 1962 somniare,
2919 1910 2971 1954 et
3014 1903 3398 1971 ineptissimam

1880 1983 2317 2053 aniphibologiam
2340 1987 2585 2055 scriptori
2610 2003 2762 2043 sacro
2789 1989 3051 2059 atlingere,
3077 1995 3216 2048 unde
3234 1997 3397 2064 prisci

1880 2069 2335 2139 EcclesicePatres,
2348 2084 2452 2127 tam
2472 2076 2506 2129 ii
2522 2078 2611 2146 qui
2628 2078 2691 2131 ad
2707 2094 2872 2147 usque
2884 2091 3129 2148 quartum
3144 2087 3394 2139 sceculum

1878 2161 2121 2223 ﬂoruere,
2158 2177 2312 2231 quam
2342 2166 2377 2217 ii
2405 2166 2493 2234 qui
2523 2182 2586 2220 ex
2616 2174 2727 2221 toto
2757 2170 2884 2224 orbe
2920 2175 3089 2225 coacti
3128 2172 3392 2228 Nicanam

1879 2252 2135 2319 synodum
2157 2253 2509 2320 celebrarunt,
2529 2258 2627 2309 etsi
2676 2257 3037 2325 liypostasium
3063 2269 3116 2313 et
3142 2276 3396 2329 persona-

1879 2353 1994 2390 rum
2026 2338 2244 2394 vocibus
2282 2356 2387 2395 non
2420 2349 2712 2407 uterentur,
2754 2344 2936 2399 eadem
2984 2348 3244 2401 sententia
3283 2358 3392 2406 tres

1880 2442 2040 2479 unum
2069 2429 2393 2483 constituere
2428 2430 2613 2495 Deum,
2645 2440 2953 2489 constanter
2983 2434 3259 2491 docebant.
3293 2438 3391 2494 ilic

1878 2521 2115 2585 apposite
2150 2532 2310 2572 aurea
2343 2520 2431 2572 illa
2457 2519 2694 2591 Dionysii
2724 2523 3091 2589 Alexandrini,
3113 2542 3267 2595 quem
3299 2544 3393 2596 pa-

1876 2607 2127 2661 trocinari
2178 2610 2281 2663 sibi
2329 2609 2463 2664 falso
2503 2611 2816 2679 iactitabant
2867 2612 3069 2679 Ariani,
3128 2620 3391 2671 sententia

1878 2695 2047 2748 locum
2090 2697 2281 2751 habeat
2312 2717 2325 2751 :
2361 2698 2514 2752 Οὕτω
2558 2701 2653 2770 μὲν
2685 2704 2839 2771 ἡμεῖς
2875 2705 2951 2765 εἰς
2982 2722 3039 2756 τε
3066 2706 3163 2775 τὴν
3194 2708 3393 2776 Τριόιδα

1875 2784 1969 2853 τὴν
1998 2786 2192 2852 μονάδα
2234 2785 2559 2857 πλατύνομεν
2600 2790 2914 2860 ἀδιαίρετον,
2945 2793 3036 2845 καὶ
3072 2793 3165 2863 τὴν
3197 2796 3392 2865 Τριάδα

1876 2874 2031 2926 πάλιν
2073 2875 2331 2944 ἁμείωτον
2373 2879 2449 2940 εἰς
2488 2878 2583 2947 τὴν
2618 2880 2811 2948 μονάδα
2840 2883 3388 2953 συγκεφαλαιούμεθα,

1877 2964 1976 3017 hoc
2001 2972 2121 3017 est:
2154 2964 2241 3017 Sic
2271 2965 2471 3035 quidem
2503 2983 2593 3019 nos
2646 2968 3005 3023 indivisibilem
3048 2972 3296 3024 unitatem
3335 2975 3389 3025 in

1879 3054 2185 3109 Trinitatem
2226 3057 2530 3121 dilatamus,
2575 3066 2623 3110 et
2675 3057 2978 3113 Trinitatem
3024 3062 3229 3123 iterum,
3276 3078 3390 3132 qua!

1798 3123 1840 3178 C
1872 3146 2108 3199 imminui
2141 3146 2329 3215 nequit,
2368 3148 2420 3198 in
2449 3148 2695 3200 unitatem
2724 3149 3087 3203 contra/timus.
3112 3150 3213 3205 Ubi
3240 3153 3388 3206 vides

1872 3237 2126 3290 unitatem
2161 3235 2273 3297 Dei,
2306 3245 2489 3289 contra
2514 3251 2668 3305 quam
2701 3237 2962 3294 Eusebius
2997 3243 3175 3305 sentit,
3206 3243 3260 3295 in
3289 3244 3388 3296 tri~

1870 3325 1970 3379 bus
2000 3327 2241 3393 personis
2270 3327 2543 3380 constitui.
2575 3325 2848 3394 Siquidem
2874 3329 3108 3386 Trinitas
3144 3334 3228 3385 illa
3254 3335 3386 3388 nihil

1870 3414 2058 3467 unitati
2082 3415 2258 3475 ollicit,
2286 3416 2410 3482 quia
2440 3415 2492 3467 in
2522 3415 2694 3471 tribus
2715 3433 2820 3469 una
2844 3428 3051 3477 natura,
3088 3422 3385 3478 substantia

1869 3509 1920 3554 et
1952 3501 2123 3554 deitas
2165 3502 2395 3554 exsistit.
2441 3501 2513 3555 De
2543 3503 2804 3556 sententia
2844 3521 2968 3559 vero
2997 3506 3209 3562 Eusebii
3241 3510 3383 3564 circa

1871 3589 2121 3657 Spiritum
2151 3601 2409 3653 sanctum,
2437 3607 2541 3645 non
2570 3601 2649 3645 est
2668 3592 2807 3661 quod
2834 3594 3127 3649 disseratur
3155 3601 3385 3653 :etenim

1867 3681 1947 3733 vel
1978 3681 2010 3732 ii
2042 3680 2127 3748 qui
2171 3663 2285 3746 ejus
2329 3680 2393 3733 de
2438 3680 2570 3734 Filio
2609 3682 2905 3736 doctrinam
2937 3687 3069 3739 tueri
3101 3698 3383 3753 conantur,

1869 3783 1972 3822 non
1999 3769 2203 3823 inﬁcias
2225 3778 2351 3823 eunt
2381 3771 2552 3838 ipsum
2582 3772 2647 3825 de
2671 3772 2866 3839 Spiritu
2900 3783 3083 3828 sancto
3110 3792 3213 3829 non
3243 3786 3385 3832 recte

1868 3860 2121 3913 locutum.
2150 3859 2280 3911 Nam
2311 3860 2448 3913 libro
2481 3871 2659 3913 contra
2695 3861 3000 3914 Marcellum
3025 3865 3092 3933 (c)
3136 3867 3226 3929 ait,
3263 3867 3384 3935 Spi-

1865 3951 2023 4003 ritum
2054 3958 2293 4004 sanctum
2324 3966 2494 4017 neque
2520 3952 2679 4005 Deum
2708 3968 2879 4020 neque
2914 3953 2949 4004 F
2956 3955 3101 4007 ilium
3130 3972 3277 4019 esse;
3310 3959 3382 4010 ita

1867 4048 1921 4090 ut
1950 4038 2096 4090 illum
2123 4038 2372 4091 decernat
2396 4037 2529 4092 Filio
2562 4039 2884 4102 inferiorem,
2908 4042 3099 4109 quippe
3126 4058 3282 4111 quem
3313 4060 3383 4098 ne

1864 4145 1924 4182 ex
1960 4129 2263 4197 dignatione
2306 4129 2518 4197 quidem
2556 4128 2721 4183 Deum
2761 4132 3054 4199 nuncupari
3095 4133 3259 4187 velit:
3286 4135 3379 4188 sed

1863 4227 1981 4286 post
2014 4216 2202 4269 Filium
2248 4233 2353 4271 non
2386 4233 2608 4271 numero
2645 4225 2869 4282 tantum,
2904 4220 2995 4273 sed
3026 4221 3181 4273 etiam
3212 4224 3381 4290 gradu

1864 4314 1915 4359 et
1947 4306 2200 4373 dignitate
2238 4306 2548 4359 constituat.
2592 4305 2647 4358 ιη
2688 4307 2770 4359 his
2815 4323 2939 4361 vero
2983 4313 3380 4367 commentariis

1859 4492 2001 4536 mota
2031 4483 2200 4536 fuerat
2223 4483 2286 4535 de
2317 4480 2511 4550 Spiritu
2543 4490 2726 4535 sancto
2752 4486 2994 4551 quaestio.
3020 4486 3149 4539 Nam
3179 4490 3277 4542 etsi
3309 4491 3375 4543 ab

1858 4582 2041 4625 exortu
2078 4572 2383 4635 Arianismi,
2416 4586 2667 4639 sequaces
2706 4571 2815 4625 Arii
2847 4574 2912 4627 de
2946 4573 3146 4642 Spiritu
3186 4586 3373 4629 sancto

1858 4663 2017 4730 impie
2046 4663 2326 4723 sentirent,
2372 4662 2603 4713 nondum
2645 4661 2912 4731 quidpiam
2943 4665 3219 4718 adversum
3250 4679 3375 4733 pro-

1857 4755 2105 4807 tulerant.
2136 4752 2237 4806 Sed
2264 4759 2380 4819 post
2402 4756 2622 4803 mortem
2646 4751 2756 4803 Arii
2775 4760 2827 4805 et
2851 4753 3081 4817 Eusebii,
3108 4755 3195 4805 ubi
3215 4753 3372 4806 Aria-

1857 4858 2045 4897 norum
2079 4850 2201 4896 sunt
2229 4844 2365 4894 facta
2392 4842 2634 4905 divortia,
2661 4840 3017 4896 Macedoniani
3040 4848 3091 4893 et
3110 4843 3365 4894 Pneuma—

1858 4932 2085 4987 tomachi
2118 4932 2374 5000 Spiritum
2421 4940 2684 4997 sanctum,
2723 4932 2940 4999 perinde
2972 4940 3129 4997 atque
3154 4930 3366 4997 Filium,

1858 5025 1995 5077 inter
2024 5024 2233 5092 cpiticia
2263 5031 2315 5077 et
2352 5040 2437 5078 res
2472 5031 2676 5077 creatas
2719 5024 2890 5091 palam
2932 5030 3238 5088 computare
3263 5037 3374 5076 caa-

1857 5124 2064 5181 perunt.
2858 5107 2861 5110 ⁴

2181 5224 2261 5272 XI.
2288 5224 2402 5274 Cum
2419 5221 2605 5271 Arianis
2626 5222 2767 5282 plane
2788 5222 3043 5269 consentit.

1926 5305 1984 5359 In
2018 5307 2081 5359 iis
2108 5320 2266 5374 porro
2308 5318 2424 5372 quae
2457 5318 2614 5370 supra
2658 5302 2951 5363 attulimus,
2996 5316 3115 5352 cum
3161 5301 3288 5353 Ario
3324 5310 3376 5353 et

1854 5395 2062 5448 Arianis
2095 5396 2245 5462 plane
2272 5393 2535 5446 consentit
2581 5391 2836 5445 Eusebius
2885 5390 2959 5459 (ά)
2995 5409 3008 5442 :
3036 5404 3158 5441 nam
3192 5400 3244 5444 et
3278 5391 3379 5455 ipsi

1855 5486 2073 5553 perinde
2092 5490 2247 5551 atque
2274 5482 2617 5535 Caesariensis
2640 5482 2727 5536 ille
2754 5482 2966 5552 pracsul,
2997 5493 3166 5531 unum
3207 5488 3261 5531 et
3291 5492 3379 5531 so-

1925 5598 1989 5664 (ς)
2030 5596 2088 5648 P.
2124 5595 2221 5646 tu
2246 5600 2297 5643 ct
2324 5592 2440 5664 iis,
2482 5663 2489 5664 ί
3236 5644 3251 5655 κ
3394 5581 3401 5588 .

1922 5662 1994 5735 (d)
2026 5665 2219 5717 Athan.
2252 5677 2301 5726 p.
2332 5662 2450 5725 728,
2480 5663 2598 5716 7‘29.
3070 5742 3109 5797 9
