  <div class='ocr_page' id='page_1' title='image "/cluster/home/n/w/nwhite01/storage/ocr_20150623/23 (Eusebius, pt. 5)/nyp.33433081862363/031.png"; bbox 0 0 3818 6344; ppageno 0'>
   <div class='ocr_carea' id='block_1_1' title="bbox 623 410 3082 473">
    <p class='ocr_par' dir='ltr' id='par_1_1' title="bbox 623 410 3082 473">
     <span class='ocr_line' id='line_1_1' title="bbox 623 410 3082 473; baseline -0.004 0"><span class='ocrx_word' id='word_1_1' title='bbox 623 422 690 473; x_wconf 69' lang='grc' dir='ltr'>ιδ</span> <span class='ocrx_word' id='word_1_2' title='bbox 1276 413 1533 468; x_wconf 82' lang='lat' dir='ltr'><strong>EUSEBll</strong></span> <span class='ocrx_word' id='word_1_3' title='bbox 1566 410 2031 466; x_wconf 61' lang='lat' dir='ltr'><strong>CIESAR’IENSIS</strong></span> <span class='ocrx_word' id='word_1_4' title='bbox 2067 411 2213 468; x_wconf 83' lang='lat' dir='ltr'><strong>OPP.</strong></span> <span class='ocrx_word' id='word_1_5' title='bbox 2252 412 2424 466; x_wconf 75' lang='lat' dir='ltr'><strong>PARS</strong></span> <span class='ocrx_word' id='word_1_6' title='bbox 2461 411 2545 465; x_wconf 81' lang='lat' dir='ltr'><strong>Ill.</strong></span> <span class='ocrx_word' id='word_1_7' title='bbox 2587 441 2653 451; x_wconf 90' lang='lat'><strong>-—</strong></span> <span class='ocrx_word' id='word_1_8' title='bbox 2691 412 3082 466; x_wconf 78' lang='lat' dir='ltr'><strong>EXEGETICA.</strong></span> 
     </span>
    </p>
   </div>
   <div class='ocr_carea' id='block_1_2' title="bbox 623 520 3642 599">
    <p class='ocr_par' dir='ltr' id='par_1_2' title="bbox 623 520 3642 599">
     <span class='ocr_line' id='line_1_2' title="bbox 623 520 3642 599; baseline -0.006 -13"><span class='ocrx_word' id='word_1_9' title='bbox 623 536 730 587; x_wconf 87' lang='lat' dir='ltr'><strong>lum</strong></span> <span class='ocrx_word' id='word_1_10' title='bbox 766 546 883 587; x_wconf 69' lang='lat' dir='ltr'><strong>ve.)</strong></span> <span class='ocrx_word' id='word_1_11' title='bbox 916 530 1101 592; x_wconf 87' lang='lat' dir='ltr'><strong>Deum,</strong></span> <span class='ocrx_word' id='word_1_12' title='bbox 1136 530 1341 581; x_wconf 99' lang='lat' dir='ltr'><strong>Patrem</strong></span> <span class='ocrx_word' id='word_1_13' title='bbox 1377 528 1601 589; x_wconf 78' lang='lat' dir='ltr'><strong>scilicet,</strong></span> <span class='ocrx_word' id='word_1_14' title='bbox 1635 527 2013 594; x_wconf 74' lang='lat' dir='ltr'><strong>admittebant;</strong></span> <span class='ocrx_word' id='word_1_15' title='bbox 2043 526 2133 579; x_wconf 81' lang='lat' dir='ltr'><strong>Fi-</strong></span> <span class='ocrx_word' id='word_1_16' title='bbox 2162 546 2207 599; x_wconf 69' lang='grc' dir='ltr'><strong>Α</strong></span> <span class='ocrx_word' id='word_1_17' title='bbox 2232 528 2355 576; x_wconf 75' lang='grc' dir='ltr'><strong>ΧΙΙῙ.</strong></span> <span class='ocrx_word' id='word_1_18' title='bbox 2403 528 2504 585; x_wconf 91' lang='lat' dir='ltr'><strong>Quo</strong></span> <span class='ocrx_word' id='word_1_19' title='bbox 2545 541 2688 577; x_wconf 89' lang='lat' dir='ltr'><strong>sensu</strong></span> <span class='ocrx_word' id='word_1_20' title='bbox 2734 543 2767 584; x_wconf 77' lang='grc' dir='ltr'>ιε</span> <span class='ocrx_word' id='word_1_21' title='bbox 2790 543 2977 599; x_wconf 46' lang='lat' dir='ltr'><strong>sua&quot;...</strong></span> <span class='ocrx_word' id='word_1_22' title='bbox 2998 529 3166 599; x_wconf 78' lang='lat' dir='ltr'><strong>neget,</strong></span> <span class='ocrx_word' id='word_1_23' title='bbox 3206 529 3256 571; x_wconf 87' lang='lat' dir='ltr'><strong>et</strong></span> <span class='ocrx_word' id='word_1_24' title='bbox 3310 520 3527 583; x_wconf 82' lang='lat' dir='ltr'><strong>genitum</strong></span> <span class='ocrx_word' id='word_1_25' title='bbox 3574 522 3642 569; x_wconf 82' lang='lat' dir='ltr'><strong>Fil</strong></span> 
     </span>
    </p>
   </div>
   <div class='ocr_carea' id='block_1_3' title="bbox 622 616 2136 687">
    <p class='ocr_par' dir='ltr' id='par_1_3' title="bbox 622 616 2136 687">
     <span class='ocr_line' id='line_1_3' title="bbox 622 616 2136 687; baseline -0.006 -10"><span class='ocrx_word' id='word_1_26' title='bbox 622 625 751 677; x_wconf 87' lang='lat' dir='ltr'><strong>lium</strong></span> <span class='ocrx_word' id='word_1_27' title='bbox 772 637 896 675; x_wconf 83' lang='lat' dir='ltr'><strong>vero</strong></span> <span class='ocrx_word' id='word_1_28' title='bbox 929 621 1061 673; x_wconf 91' lang='lat' dir='ltr'><strong>alius</strong></span> <span class='ocrx_word' id='word_1_29' title='bbox 1094 635 1119 670; x_wconf 91' lang='lat' dir='ltr'><strong>a</strong></span> <span class='ocrx_word' id='word_1_30' title='bbox 1157 628 1373 687; x_wconf 73' lang='lat' dir='ltr'><strong>paterna</strong></span> <span class='ocrx_word' id='word_1_31' title='bbox 1401 616 1691 670; x_wconf 78' lang='lat' dir='ltr'><strong>substantia</strong></span> <span class='ocrx_word' id='word_1_32' title='bbox 1712 654 1726 677; x_wconf 92' lang='lat'><strong>,</strong></span> <span class='ocrx_word' id='word_1_33' title='bbox 1762 631 1929 682; x_wconf 84' lang='lat' dir='ltr'><strong>neque</strong></span> <span class='ocrx_word' id='word_1_34' title='bbox 1958 632 2136 669; x_wconf 89' lang='lat' dir='ltr'><strong>verum</strong></span> 
     </span>
    </p>
   </div>
   <div class='ocr_carea' id='block_1_4' title="bbox 623 704 2138 775">
    <p class='ocr_par' dir='ltr' id='par_1_4' title="bbox 623 704 2138 775">
     <span class='ocr_line' id='line_1_4' title="bbox 623 704 2138 775; baseline -0.005 -8"><span class='ocrx_word' id='word_1_35' title='bbox 623 729 740 766; x_wconf 88' lang='lat' dir='ltr'><strong>esse</strong></span> <span class='ocrx_word' id='word_1_36' title='bbox 771 711 930 763; x_wconf 85' lang='lat' dir='ltr'><strong>Deum</strong></span> <span class='ocrx_word' id='word_1_37' title='bbox 968 708 1320 775; x_wconf 73' lang='lat' dir='ltr'><strong>przedicabant</strong></span> <span class='ocrx_word' id='word_1_38' title='bbox 1347 724 1358 757; x_wconf 91' lang='lat'>:</span> <span class='ocrx_word' id='word_1_39' title='bbox 1391 707 1511 769; x_wconf 93' lang='lat' dir='ltr'><strong>etsi,</strong></span> <span class='ocrx_word' id='word_1_40' title='bbox 1549 704 1763 772; x_wconf 83' lang='lat' dir='ltr'><strong>perinde</strong></span> <span class='ocrx_word' id='word_1_41' title='bbox 1796 712 1953 772; x_wconf 89' lang='lat' dir='ltr'><strong>atque</strong></span> <span class='ocrx_word' id='word_1_42' title='bbox 1976 704 2138 759; x_wconf 88' lang='lat' dir='ltr'><strong>Euse-</strong></span> 
     </span>
    </p>
   </div>
   <div class='ocr_carea' id='block_1_5' title="bbox 627 792 2137 862">
    <p class='ocr_par' dir='ltr' id='par_1_5' title="bbox 627 792 2137 862">
     <span class='ocr_line' id='line_1_5' title="bbox 627 792 2137 862; baseline -0.005 -9"><span class='ocrx_word' id='word_1_43' title='bbox 627 801 766 860; x_wconf 86' lang='lat' dir='ltr'><strong>bius,</strong></span> <span class='ocrx_word' id='word_1_44' title='bbox 816 799 880 850; x_wconf 86' lang='lat' dir='ltr'><strong>de</strong></span> <span class='ocrx_word' id='word_1_45' title='bbox 924 795 1056 847; x_wconf 86' lang='lat' dir='ltr'><strong>Filio</strong></span> <span class='ocrx_word' id='word_1_46' title='bbox 1102 797 1375 862; x_wconf 86' lang='lat' dir='ltr'><strong>loquentes</strong></span> <span class='ocrx_word' id='word_1_47' title='bbox 1422 810 1451 847; x_wconf 93' lang='lat' dir='ltr'><strong>a</strong></span> <span class='ocrx_word' id='word_1_48' title='bbox 1498 792 1587 844; x_wconf 89' lang='lat' dir='ltr'><strong>Dei</strong></span> <span class='ocrx_word' id='word_1_49' title='bbox 1641 793 1986 861; x_wconf 79' lang='lat' dir='ltr'><strong>appellatione</strong></span> <span class='ocrx_word' id='word_1_50' title='bbox 2033 810 2137 847; x_wconf 91' lang='lat' dir='ltr'><strong>non</strong></span> 
     </span>
    </p>
   </div>
   <div class='ocr_carea' id='block_1_6' title="bbox 628 881 2137 951">
    <p class='ocr_par' dir='ltr' id='par_1_6' title="bbox 628 881 2137 951">
     <span class='ocr_line' id='line_1_6' title="bbox 628 881 2137 951; baseline -0.002 -13"><span class='ocrx_word' id='word_1_51' title='bbox 628 889 1001 949; x_wconf 86' lang='lat' dir='ltr'><strong>abhorrerent;</strong></span> <span class='ocrx_word' id='word_1_52' title='bbox 1034 884 1224 936; x_wconf 84' lang='lat' dir='ltr'><strong>Filium</strong></span> <span class='ocrx_word' id='word_1_53' title='bbox 1260 885 1411 951; x_wconf 83' lang='lat' dir='ltr'><strong>longe</strong></span> <span class='ocrx_word' id='word_1_54' title='bbox 1442 883 1695 949; x_wconf 90' lang='lat' dir='ltr'><strong>imparem</strong></span> <span class='ocrx_word' id='word_1_55' title='bbox 1725 888 1778 934; x_wconf 86' lang='lat' dir='ltr'><strong>et</strong></span> <span class='ocrx_word' id='word_1_56' title='bbox 1829 881 2137 949; x_wconf 75' lang='lat' dir='ltr'><strong>inaequalem</strong></span> 
     </span>
    </p>
   </div>
   <div class='ocr_carea' id='block_1_7' title="bbox 626 969 2140 1043">
    <p class='ocr_par' dir='ltr' id='par_1_7' title="bbox 626 969 2140 1043">
     <span class='ocr_line' id='line_1_7' title="bbox 626 969 2140 1043; baseline -0.002 -15"><span class='ocrx_word' id='word_1_57' title='bbox 626 976 787 1037; x_wconf 81' lang='lat' dir='ltr'><strong>Patri,</strong></span> <span class='ocrx_word' id='word_1_58' title='bbox 810 976 1028 1043; x_wconf 86' lang='lat' dir='ltr'><strong>ipSoque</strong></span> <span class='ocrx_word' id='word_1_59' title='bbox 1053 974 1308 1025; x_wconf 88' lang='lat' dir='ltr'><strong>minorem</strong></span> <span class='ocrx_word' id='word_1_60' title='bbox 1331 970 1657 1023; x_wconf 81' lang='lat' dir='ltr'><strong>atiirmabant</strong></span> <span class='ocrx_word' id='word_1_61' title='bbox 1679 989 1690 1022; x_wconf 91' lang='lat'>:</span> <span class='ocrx_word' id='word_1_62' title='bbox 1718 971 1857 1038; x_wconf 85' lang='lat' dir='ltr'><strong>quod</strong></span> <span class='ocrx_word' id='word_1_63' title='bbox 1883 969 2140 1025; x_wconf 87' lang='lat' dir='ltr'><strong>Eusebius</strong></span> 
     </span>
    </p>
   </div>
   <div class='ocr_carea' id='block_1_8' title="bbox 628 1058 2141 1127">
    <p class='ocr_par' dir='ltr' id='par_1_8' title="bbox 628 1058 2141 1127">
     <span class='ocr_line' id='line_1_8' title="bbox 628 1058 2141 1127; baseline -0.003 -11"><span class='ocrx_word' id='word_1_64' title='bbox 628 1066 855 1117; x_wconf 82' lang='lat' dir='ltr'><strong>in-liisce</strong></span> <span class='ocrx_word' id='word_1_65' title='bbox 904 1061 1318 1123; x_wconf 86' lang='lat' dir='ltr'><strong>commentariis,</strong></span> <span class='ocrx_word' id='word_1_66' title='bbox 1374 1061 1426 1111; x_wconf 91' lang='lat' dir='ltr'><strong>in</strong></span> <span class='ocrx_word' id='word_1_67' title='bbox 1468 1058 1775 1127; x_wconf 70' lang='lat' dir='ltr'><strong>Evangelia:</strong></span> <span class='ocrx_word' id='word_1_68' title='bbox 1813 1059 2141 1111; x_wconf 82' lang='lat' dir='ltr'><strong>Demonstra-</strong></span> 
     </span>
    </p>
   </div>
   <div class='ocr_carea' id='block_1_9' title="bbox 629 1148 2142 1218">
    <p class='ocr_par' dir='ltr' id='par_1_9' title="bbox 629 1148 2142 1218">
     <span class='ocr_line' id='line_1_9' title="bbox 629 1148 2142 1218; baseline -0.004 -10"><span class='ocrx_word' id='word_1_69' title='bbox 629 1158 760 1208; x_wconf 82' lang='lat' dir='ltr'><strong>tione</strong></span> <span class='ocrx_word' id='word_1_70' title='bbox 790 1160 841 1209; x_wconf 90' lang='lat' dir='ltr'><strong>et</strong></span> <span class='ocrx_word' id='word_1_71' title='bbox 886 1155 939 1207; x_wconf 88' lang='lat' dir='ltr'><strong>in</strong></span> <span class='ocrx_word' id='word_1_72' title='bbox 972 1153 1122 1206; x_wconf 85' lang='lat' dir='ltr'><strong>libris</strong></span> <span class='ocrx_word' id='word_1_73' title='bbox 1166 1151 1354 1204; x_wconf 84' lang='lat' dir='ltr'><strong>Contra</strong></span> <span class='ocrx_word' id='word_1_74' title='bbox 1389 1150 1690 1202; x_wconf 80' lang='lat' dir='ltr'><strong>Marcellum</strong></span> <span class='ocrx_word' id='word_1_75' title='bbox 1722 1148 2142 1218; x_wconf 79' lang='lat' dir='ltr'><strong>frequentissime</strong></span> 
     </span>
    </p>
   </div>
   <div class='ocr_carea' id='block_1_10' title="bbox 628 1240 2143 1312">
    <p class='ocr_par' dir='ltr' id='par_1_10' title="bbox 628 1240 2143 1312">
     <span class='ocr_line' id='line_1_10' title="bbox 628 1240 2143 1312; baseline -0.003 -14"><span class='ocrx_word' id='word_1_76' title='bbox 628 1246 755 1299; x_wconf 86' lang='lat' dir='ltr'><strong>dicit</strong></span> <span class='ocrx_word' id='word_1_77' title='bbox 804 1261 865 1299; x_wconf 82' lang='lat' dir='ltr'><strong>ac</strong></span> <span class='ocrx_word' id='word_1_78' title='bbox 920 1244 1131 1312; x_wconf 86' lang='lat' dir='ltr'><strong>repetit,</strong></span> <span class='ocrx_word' id='word_1_79' title='bbox 1168 1258 1265 1295; x_wconf 89' lang='lat' dir='ltr'><strong>nec</strong></span> <span class='ocrx_word' id='word_1_80' title='bbox 1301 1258 1359 1296; x_wconf 89' lang='lat' dir='ltr'><strong>ea</strong></span> <span class='ocrx_word' id='word_1_81' title='bbox 1392 1242 1443 1293; x_wconf 92' lang='lat' dir='ltr'><strong>in</strong></span> <span class='ocrx_word' id='word_1_82' title='bbox 1479 1256 1534 1295; x_wconf 91' lang='lat' dir='ltr'><strong>re</strong></span> <span class='ocrx_word' id='word_1_83' title='bbox 1565 1257 1795 1308; x_wconf 85' lang='lat' dir='ltr'><strong>unquam</strong></span> <span class='ocrx_word' id='word_1_84' title='bbox 1826 1240 2143 1294; x_wconf 84' lang='lat' dir='ltr'><strong>circuitione</strong></span> 
     </span>
    </p>
   </div>
   <div class='ocr_carea' id='block_1_11' title="bbox 628 1334 1166 1400">
    <p class='ocr_par' dir='ltr' id='par_1_11' title="bbox 628 1334 1166 1400">
     <span class='ocr_line' id='line_1_11' title="bbox 628 1334 1166 1400; baseline -0.004 -14"><span class='ocrx_word' id='word_1_85' title='bbox 628 1337 707 1388; x_wconf 89' lang='lat' dir='ltr'><strong>vel</strong></span> <span class='ocrx_word' id='word_1_86' title='bbox 740 1335 958 1400; x_wconf 60' lang='lat' dir='ltr'><strong>ambage</strong></span> <span class='ocrx_word' id='word_1_87' title='bbox 985 1334 1166 1385; x_wconf 88' lang='lat' dir='ltr'><strong>utitur.</strong></span> 
     </span>
    </p>
   </div>
   <div class='ocr_carea' id='block_1_12' title="bbox 630 1460 2144 1530">
    <p class='ocr_par' dir='ltr' id='par_1_12' title="bbox 630 1460 2144 1530">
     <span class='ocr_line' id='line_1_12' title="bbox 630 1460 2144 1530; baseline -0.005 -16"><span class='ocrx_word' id='word_1_88' title='bbox 630 1465 728 1514; x_wconf 79' lang='lat' dir='ltr'><strong>XII.</strong></span> <span class='ocrx_word' id='word_1_89' title='bbox 775 1467 874 1522; x_wconf 84' lang='lat' dir='ltr'><strong>Qua</strong></span> <span class='ocrx_word' id='word_1_90' title='bbox 906 1464 1155 1511; x_wconf 64' lang='lat' dir='ltr'><strong>sententia</strong></span> <span class='ocrx_word' id='word_1_91' title='bbox 1191 1480 1240 1523; x_wconf 77' lang='grc' dir='ltr'><strong>τῷ</strong></span> <span class='ocrx_word' id='word_1_92' title='bbox 1260 1473 1433 1530; x_wconf 54' lang='lat' dir='ltr'><strong>amauit,</strong></span> <span class='ocrx_word' id='word_1_93' title='bbox 1464 1462 1583 1530; x_wconf 71' lang='lat' dir='ltr'><strong>sive</strong></span> <span class='ocrx_word' id='word_1_94' title='bbox 1623 1460 2144 1509; x_wconf 83' lang='lat' dir='ltr'><strong>consubstantiali-sub-</strong></span> 
     </span>
    </p>
   </div>
   <div class='ocr_carea' id='block_1_13' title="bbox 1254 1529 1517 1581">
    <p class='ocr_par' dir='ltr' id='par_1_13' title="bbox 1254 1529 1517 1581">
     <span class='ocr_line' id='line_1_13' title="bbox 1254 1529 1517 1581; baseline -0.008 -12"><span class='ocrx_word' id='word_1_95' title='bbox 1254 1529 1517 1581; x_wconf 80' lang='lat' dir='ltr'><strong>scripserit.</strong></span> 
     </span>
    </p>
   </div>
   <div class='ocr_carea' id='block_1_14' title="bbox 699 1645 2145 1716">
    <p class='ocr_par' dir='ltr' id='par_1_14' title="bbox 699 1645 2145 1716">
     <span class='ocr_line' id='line_1_14' title="bbox 699 1645 2145 1716; baseline -0.004 -14"><span class='ocrx_word' id='word_1_96' title='bbox 699 1649 938 1716; x_wconf 82' lang='lat' dir='ltr'><strong>Objicere</strong></span> <span class='ocrx_word' id='word_1_97' title='bbox 960 1648 1129 1701; x_wconf 91' lang='lat' dir='ltr'><strong>solent</strong></span> <span class='ocrx_word' id='word_1_98' title='bbox 1163 1648 1257 1715; x_wconf 86' lang='lat' dir='ltr'><strong>qui</strong></span> <span class='ocrx_word' id='word_1_99' title='bbox 1287 1646 1496 1700; x_wconf 83' lang='lat' dir='ltr'><strong>Eusebii</strong></span> <span class='ocrx_word' id='word_1_100' title='bbox 1550 1654 1727 1715; x_wconf 86' lang='lat' dir='ltr'><strong>partes</strong></span> <span class='ocrx_word' id='word_1_101' title='bbox 1777 1645 2145 1712; x_wconf 88' lang='lat' dir='ltr'><strong>tntantnr,ip-</strong></span> 
     </span>
    </p>
   </div>
   <div class='ocr_carea' id='block_1_15' title="bbox 633 1735 2147 1806">
    <p class='ocr_par' dir='ltr' id='par_1_15' title="bbox 633 1735 2147 1806">
     <span class='ocr_line' id='line_1_15' title="bbox 633 1735 2147 1806; baseline -0.004 -14"><span class='ocrx_word' id='word_1_102' title='bbox 633 1755 747 1792; x_wconf 87' lang='lat' dir='ltr'><strong>sum</strong></span> <span class='ocrx_word' id='word_1_103' title='bbox 783 1739 834 1790; x_wconf 94' lang='lat' dir='ltr'><strong>in</strong></span> <span class='ocrx_word' id='word_1_104' title='bbox 863 1739 1062 1806; x_wconf 79' lang='lat' dir='ltr'><strong>synodo</strong></span> <span class='ocrx_word' id='word_1_105' title='bbox 1096 1737 1326 1798; x_wconf 64' lang='lat' dir='ltr'><strong>Nictena,</strong></span> <span class='ocrx_word' id='word_1_106' title='bbox 1357 1736 1430 1805; x_wconf 83' lang='grc' dir='ltr'>τῷ</span> <span class='ocrx_word' id='word_1_107' title='bbox 1459 1736 1739 1806; x_wconf 80' lang='grc' dir='ltr'><strong>ὁμοουσίῳ,</strong></span> <span class='ocrx_word' id='word_1_108' title='bbox 1785 1735 1893 1787; x_wconf 83' lang='lat' dir='ltr'><strong>sive</strong></span> <span class='ocrx_word' id='word_1_109' title='bbox 1918 1735 2147 1786; x_wconf 86' lang='lat' dir='ltr'><strong>consub-</strong></span> 
     </span>
    </p>
   </div>
   <div class='ocr_carea' id='block_1_16' title="bbox 634 1822 2148 1895">
    <p class='ocr_par' dir='ltr' id='par_1_16' title="bbox 634 1822 2148 1895">
     <span class='ocr_line' id='line_1_16' title="bbox 634 1822 2148 1895; baseline -0.005 -14"><span class='ocrx_word' id='word_1_110' title='bbox 634 1830 867 1882; x_wconf 89' lang='lat' dir='ltr'><strong>stantiali</strong></span> <span class='ocrx_word' id='word_1_111' title='bbox 897 1828 1295 1895; x_wconf 80' lang='lat' dir='ltr'><strong>subscripsisse.</strong></span> <span class='ocrx_word' id='word_1_112' title='bbox 1325 1825 1389 1878; x_wconf 88' lang='lat' dir='ltr'><strong>Et</strong></span> <span class='ocrx_word' id='word_1_113' title='bbox 1411 1827 1461 1878; x_wconf 90' lang='lat' dir='ltr'><strong>id</strong></span> <span class='ocrx_word' id='word_1_114' title='bbox 1486 1840 1613 1879; x_wconf 88' lang='lat' dir='ltr'><strong>sane</strong></span> <span class='ocrx_word' id='word_1_115' title='bbox 1643 1825 1958 1877; x_wconf 70' lang='lat' dir='ltr'><strong>testificatur</strong></span> <span class='ocrx_word' id='word_1_116' title='bbox 1986 1822 2148 1875; x_wconf 87' lang='lat' dir='ltr'><strong>Euse—</strong></span> 
     </span>
    </p>
   </div>
   <div class='ocr_carea' id='block_1_17' title="bbox 634 1915 2143 1985">
    <p class='ocr_par' dir='ltr' id='par_1_17' title="bbox 634 1915 2143 1985">
     <span class='ocr_line' id='line_1_17' title="bbox 634 1915 2143 1985; baseline -0.006 -14"><span class='ocrx_word' id='word_1_117' title='bbox 634 1919 753 1972; x_wconf 85' lang='lat' dir='ltr'><strong>bius</strong></span> <span class='ocrx_word' id='word_1_118' title='bbox 791 1919 842 1971; x_wconf 92' lang='lat' dir='ltr'><strong>in</strong></span> <span class='ocrx_word' id='word_1_119' title='bbox 880 1918 1100 1985; x_wconf 86' lang='lat' dir='ltr'><strong>epistola</strong></span> <span class='ocrx_word' id='word_1_120' title='bbox 1148 1931 1241 1969; x_wconf 89' lang='lat' dir='ltr'><strong>sua</strong></span> <span class='ocrx_word' id='word_1_121' title='bbox 1298 1915 1363 1968; x_wconf 89' lang='lat' dir='ltr'><strong>ad</strong></span> <span class='ocrx_word' id='word_1_122' title='bbox 1400 1915 1800 1976; x_wconf 66' lang='lat' dir='ltr'><strong>Caesarienses;</strong></span> <span class='ocrx_word' id='word_1_123' title='bbox 1851 1928 1971 1965; x_wconf 91' lang='lat' dir='ltr'><strong>nam</strong></span> <span class='ocrx_word' id='word_1_124' title='bbox 2002 1926 2143 1972; x_wconf 84' lang='lat' dir='ltr'><strong>cum,</strong></span> 
     </span>
    </p>
   </div>
   <div class='ocr_carea' id='block_1_18' title="bbox 636 2000 2150 2077">
    <p class='ocr_par' dir='ltr' id='par_1_18' title="bbox 636 2000 2150 2077">
     <span class='ocr_line' id='line_1_18' title="bbox 636 2000 2150 2077; baseline -0.005 -17"><span class='ocrx_word' id='word_1_125' title='bbox 636 2010 954 2077; x_wconf 88' lang='lat' dir='ltr'><strong>imperatore</strong></span> <span class='ocrx_word' id='word_1_126' title='bbox 993 2015 1271 2074; x_wconf 56' lang='lat' dir='ltr'><strong>praesente,</strong></span> <span class='ocrx_word' id='word_1_127' title='bbox 1302 2007 1523 2059; x_wconf 82' lang='lat' dir='ltr'><strong>instaret</strong></span> <span class='ocrx_word' id='word_1_128' title='bbox 1560 2003 1731 2057; x_wconf 86' lang='lat' dir='ltr'><strong>exsilii</strong></span> <span class='ocrx_word' id='word_1_129' title='bbox 1762 2010 1953 2063; x_wconf 82' lang='lat' dir='ltr'><strong>metus,</strong></span> <span class='ocrx_word' id='word_1_130' title='bbox 1986 2000 2150 2054; x_wconf 88' lang='lat' dir='ltr'><strong>Euse-</strong></span> 
     </span>
    </p>
   </div>
   <div class='ocr_carea' id='block_1_19' title="bbox 637 2088 2151 2165">
    <p class='ocr_par' dir='ltr' id='par_1_19' title="bbox 637 2088 2151 2165">
     <span class='ocr_line' id='line_1_19' title="bbox 637 2088 2151 2165; baseline -0.007 -14"><span class='ocrx_word' id='word_1_131' title='bbox 637 2099 777 2159; x_wconf 83' lang='lat' dir='ltr'><strong>bius,</strong></span> <span class='ocrx_word' id='word_1_132' title='bbox 800 2097 889 2165; x_wconf 90' lang='lat' dir='ltr'><strong>qui</strong></span> <span class='ocrx_word' id='word_1_133' title='bbox 917 2110 1022 2148; x_wconf 93' lang='lat' dir='ltr'><strong>non</strong></span> <span class='ocrx_word' id='word_1_134' title='bbox 1044 2110 1107 2149; x_wconf 84' lang='lat' dir='ltr'><strong>ex</strong></span> <span class='ocrx_word' id='word_1_135' title='bbox 1127 2109 1309 2148; x_wconf 88' lang='lat' dir='ltr'><strong>eorum</strong></span> <span class='ocrx_word' id='word_1_136' title='bbox 1334 2106 1555 2145; x_wconf 81' lang='lat' dir='ltr'><strong>numero</strong></span> <span class='ocrx_word' id='word_1_137' title='bbox 1586 2092 1703 2153; x_wconf 83' lang='lat' dir='ltr'><strong>fuit,</strong></span> <span class='ocrx_word' id='word_1_138' title='bbox 1733 2091 1823 2157; x_wconf 89' lang='lat' dir='ltr'><strong>qui</strong></span> <span class='ocrx_word' id='word_1_139' title='bbox 1848 2090 1911 2142; x_wconf 91' lang='lat' dir='ltr'><strong>de</strong></span> <span class='ocrx_word' id='word_1_140' title='bbox 1942 2088 2151 2142; x_wconf 86' lang='lat' dir='ltr'><strong>civitate</strong></span> 
     </span>
    </p>
   </div>
   <div class='ocr_carea' id='block_1_20' title="bbox 637 2178 2150 2251">
    <p class='ocr_par' dir='ltr' id='par_1_20' title="bbox 637 2178 2150 2251">
     <span class='ocr_line' id='line_1_20' title="bbox 637 2178 2150 2251; baseline -0.007 -13"><span class='ocrx_word' id='word_1_141' title='bbox 637 2186 937 2238; x_wconf 88' lang='lat' dir='ltr'><strong>maluerunt</strong></span> <span class='ocrx_word' id='word_1_142' title='bbox 974 2198 1131 2251; x_wconf 89' lang='lat' dir='ltr'><strong>quam</strong></span> <span class='ocrx_word' id='word_1_143' title='bbox 1164 2183 1227 2235; x_wconf 91' lang='lat' dir='ltr'><strong>de</strong></span> <span class='ocrx_word' id='word_1_144' title='bbox 1259 2180 1520 2235; x_wconf 87' lang='lat' dir='ltr'><strong>sententia</strong></span> <span class='ocrx_word' id='word_1_145' title='bbox 1550 2178 1828 2241; x_wconf 86' lang='lat' dir='ltr'><strong>dimoveri,</strong></span> <span class='ocrx_word' id='word_1_146' title='bbox 1864 2191 2001 2244; x_wconf 68' lang='lat' dir='ltr'><strong>aegre</strong></span> <span class='ocrx_word' id='word_1_147' title='bbox 2029 2183 2150 2228; x_wconf 89' lang='lat' dir='ltr'><strong>tan-</strong></span> 
     </span>
    </p>
   </div>
   <div class='ocr_carea' id='block_1_21' title="bbox 637 2264 2153 2342">
    <p class='ocr_par' dir='ltr' id='par_1_21' title="bbox 637 2264 2153 2342">
     <span class='ocr_line' id='line_1_21' title="bbox 637 2264 2153 2342; baseline -0.007 -14"><span class='ocrx_word' id='word_1_148' title='bbox 637 2276 755 2328; x_wconf 93' lang='lat' dir='ltr'><strong>dem</strong></span> <span class='ocrx_word' id='word_1_149' title='bbox 795 2273 979 2342; x_wconf 78' lang='lat' dir='ltr'><strong>synodi</strong></span> <span class='ocrx_word' id='word_1_150' title='bbox 1020 2271 1231 2340; x_wconf 82' lang='lat' dir='ltr'><strong>placitis</strong></span> <span class='ocrx_word' id='word_1_151' title='bbox 1260 2284 1512 2323; x_wconf 84' lang='lat' dir='ltr'><strong>assensus</strong></span> <span class='ocrx_word' id='word_1_152' title='bbox 1552 2275 1662 2330; x_wconf 86' lang='lat' dir='ltr'><strong>est;</strong></span> <span class='ocrx_word' id='word_1_153' title='bbox 1697 2273 1753 2318; x_wconf 91' lang='lat' dir='ltr'><strong>ut</strong></span> <span class='ocrx_word' id='word_1_154' title='bbox 1791 2266 1902 2334; x_wconf 78' lang='lat' dir='ltr'><strong>ipse</strong></span> <span class='ocrx_word' id='word_1_155' title='bbox 1935 2279 2032 2319; x_wconf 92' lang='lat' dir='ltr'><strong>nec</strong></span> <span class='ocrx_word' id='word_1_156' title='bbox 2059 2264 2153 2318; x_wconf 91' lang='lat' dir='ltr'><strong>ob-</strong></span> 
     </span>
    </p>
   </div>
   <div class='ocr_carea' id='block_1_22' title="bbox 640 2355 2153 2426">
    <p class='ocr_par' dir='ltr' id='par_1_22' title="bbox 640 2355 2153 2426">
     <span class='ocr_line' id='line_1_22' title="bbox 640 2355 2153 2426; baseline -0.009 -8"><span class='ocrx_word' id='word_1_157' title='bbox 640 2378 794 2419; x_wconf 89' lang='lat' dir='ltr'><strong>scure</strong></span> <span class='ocrx_word' id='word_1_158' title='bbox 822 2363 993 2415; x_wconf 91' lang='lat' dir='ltr'><strong>innuit</strong></span> <span class='ocrx_word' id='word_1_159' title='bbox 1022 2362 1075 2413; x_wconf 91' lang='lat' dir='ltr'><strong>in</strong></span> <span class='ocrx_word' id='word_1_160' title='bbox 1103 2360 1285 2413; x_wconf 90' lang='lat' dir='ltr'><strong>eadem</strong></span> <span class='ocrx_word' id='word_1_161' title='bbox 1318 2358 1556 2426; x_wconf 83' lang='lat' dir='ltr'><strong>epistola,</strong></span> <span class='ocrx_word' id='word_1_162' title='bbox 1588 2358 1677 2408; x_wconf 75' lang='grc' dir='ltr'>καὶ</span> <span class='ocrx_word' id='word_1_163' title='bbox 1716 2356 1898 2426; x_wconf 83' lang='grc' dir='ltr'><strong>μέχρις</strong></span> <span class='ocrx_word' id='word_1_164' title='bbox 1927 2355 2153 2423; x_wconf 77' lang='grc' dir='ltr'><strong>ἐσχάτης</strong></span> 
     </span>
    </p>
   </div>
   <div class='ocr_carea' id='block_1_23' title="bbox 640 2439 2152 2523">
    <p class='ocr_par' dir='ltr' id='par_1_23' title="bbox 640 2439 2152 2523">
     <span class='ocr_line' id='line_1_23' title="bbox 640 2439 2152 2523; baseline -0.004 -19"><span class='ocrx_word' id='word_1_165' title='bbox 640 2454 782 2523; x_wconf 80' lang='grc' dir='ltr'>ὥρας</span> <span class='ocrx_word' id='word_1_166' title='bbox 815 2449 1149 2519; x_wconf 79' lang='grc' dir='ltr'><strong>ὲνιστὰμεθα,</strong></span> <span class='ocrx_word' id='word_1_167' title='bbox 1185 2464 1343 2517; x_wconf 86' lang='lat' dir='ltr'><strong>usque</strong></span> <span class='ocrx_word' id='word_1_168' title='bbox 1372 2446 1437 2499; x_wconf 88' lang='lat' dir='ltr'><strong>ad</strong></span> <span class='ocrx_word' id='word_1_169' title='bbox 1473 2458 1751 2498; x_wconf 76' lang='lat' dir='ltr'><strong>extremam</strong></span> <span class='ocrx_word' id='word_1_170' title='bbox 1788 2446 1965 2498; x_wconf 80' lang='lat' dir='ltr'><strong>horam</strong></span> <span class='ocrx_word' id='word_1_171' title='bbox 1993 2439 2152 2499; x_wconf 68' lang='lat' dir='ltr'><strong>obsti-</strong></span> 
     </span>
    </p>
   </div>
   <div class='ocr_carea' id='block_1_24' title="bbox 644 2535 2154 2605">
    <p class='ocr_par' dir='ltr' id='par_1_24' title="bbox 644 2535 2154 2605">
     <span class='ocr_line' id='line_1_24' title="bbox 644 2535 2154 2605; baseline -0.003 -12"><span class='ocrx_word' id='word_1_172' title='bbox 644 2544 814 2593; x_wconf 81' lang='lat' dir='ltr'><strong>timus.</strong></span> <span class='ocrx_word' id='word_1_173' title='bbox 848 2540 1019 2604; x_wconf 85' lang='lat' dir='ltr'><strong>Quare</strong></span> <span class='ocrx_word' id='word_1_174' title='bbox 1053 2539 1104 2591; x_wconf 90' lang='lat' dir='ltr'><strong>id</strong></span> <span class='ocrx_word' id='word_1_175' title='bbox 1135 2552 1241 2590; x_wconf 90' lang='lat' dir='ltr'><strong>non</strong></span> <span class='ocrx_word' id='word_1_176' title='bbox 1276 2546 1402 2605; x_wconf 90' lang='lat' dir='ltr'><strong>puto</strong></span> <span class='ocrx_word' id='word_1_177' title='bbox 1426 2552 1544 2590; x_wconf 89' lang='lat' dir='ltr'><strong>esse</strong></span> <span class='ocrx_word' id='word_1_178' title='bbox 1575 2539 1706 2589; x_wconf 89' lang='lat' dir='ltr'><strong>tanti</strong></span> <span class='ocrx_word' id='word_1_179' title='bbox 1740 2537 1804 2588; x_wconf 86' lang='lat' dir='ltr'><strong>ad</strong></span> <span class='ocrx_word' id='word_1_180' title='bbox 1834 2536 1948 2604; x_wconf 87' lang='lat' dir='ltr'><strong>ejus</strong></span> <span class='ocrx_word' id='word_1_181' title='bbox 1974 2535 2154 2589; x_wconf 85' lang='lat' dir='ltr'><strong>defen-</strong></span> 
     </span>
    </p>
   </div>
   <div class='ocr_carea' id='block_1_25' title="bbox 643 2624 2156 2697">
    <p class='ocr_par' dir='ltr' id='par_1_25' title="bbox 643 2624 2156 2697">
     <span class='ocr_line' id='line_1_25' title="bbox 643 2624 2156 2697; baseline -0.004 -13"><span class='ocrx_word' id='word_1_182' title='bbox 643 2631 842 2684; x_wconf 81' lang='lat' dir='ltr'><strong>sionem</strong></span> <span class='ocrx_word' id='word_1_183' title='bbox 876 2647 887 2681; x_wconf 93' lang='lat'><strong>:</strong></span> <span class='ocrx_word' id='word_1_184' title='bbox 916 2629 1043 2697; x_wconf 90' lang='lat' dir='ltr'><strong>quid</strong></span> <span class='ocrx_word' id='word_1_185' title='bbox 1064 2629 1203 2681; x_wconf 88' lang='lat' dir='ltr'><strong>enim</strong></span> <span class='ocrx_word' id='word_1_186' title='bbox 1226 2633 1543 2680; x_wconf 85' lang='lat' dir='ltr'><strong>exoneratus</strong></span> <span class='ocrx_word' id='word_1_187' title='bbox 1571 2624 1972 2686; x_wconf 85' lang='lat' dir='ltr'><strong>metu‘fecisset,</strong></span> <span class='ocrx_word' id='word_1_188' title='bbox 2002 2640 2156 2692; x_wconf 86' lang='lat' dir='ltr'><strong>expe-</strong></span> 
     </span>
    </p>
   </div>
   <div class='ocr_carea' id='block_1_26' title="bbox 642 2713 2155 2787">
    <p class='ocr_par' dir='ltr' id='par_1_26' title="bbox 642 2713 2155 2787">
     <span class='ocr_line' id='line_1_26' title="bbox 642 2713 2155 2787; baseline -0.006 -14"><span class='ocrx_word' id='word_1_189' title='bbox 642 2720 817 2773; x_wconf 87' lang='lat' dir='ltr'><strong>riundi</strong></span> <span class='ocrx_word' id='word_1_190' title='bbox 846 2726 1080 2787; x_wconf 86' lang='lat' dir='ltr'><strong>potestas</strong></span> <span class='ocrx_word' id='word_1_191' title='bbox 1109 2732 1213 2769; x_wconf 91' lang='lat' dir='ltr'><strong>non</strong></span> <span class='ocrx_word' id='word_1_192' title='bbox 1244 2715 1363 2768; x_wconf 88' lang='lat' dir='ltr'><strong>fuit.</strong></span> <span class='ocrx_word' id='word_1_193' title='bbox 1397 2714 1499 2768; x_wconf 88' lang='lat' dir='ltr'><strong>Sed</strong></span> <span class='ocrx_word' id='word_1_194' title='bbox 1529 2725 1703 2768; x_wconf 87' lang='lat' dir='ltr'><strong>tamen</strong></span> <span class='ocrx_word' id='word_1_195' title='bbox 1740 2714 1813 2766; x_wconf 92' lang='lat' dir='ltr'><strong>ita</strong></span> <span class='ocrx_word' id='word_1_196' title='bbox 1848 2713 2039 2767; x_wconf 89' lang='lat' dir='ltr'><strong>ibidem</strong></span> <span class='ocrx_word' id='word_1_197' title='bbox 2064 2713 2155 2765; x_wconf 78' lang='grc' dir='ltr'><strong>τοῦ</strong></span> 
     </span>
    </p>
   </div>
   <div class='ocr_carea' id='block_1_27' title="bbox 642 2802 2157 2878">
    <p class='ocr_par' dir='ltr' id='par_1_27' title="bbox 642 2802 2157 2878">
     <span class='ocr_line' id='line_1_27' title="bbox 642 2802 2157 2878; baseline -0.005 -17"><span class='ocrx_word' id='word_1_198' title='bbox 642 2810 914 2878; x_wconf 79' lang='grc' dir='ltr'>ὁμοουσῖου</span> <span class='ocrx_word' id='word_1_199' title='bbox 944 2807 1292 2876; x_wconf 83' lang='lat' dir='ltr'><strong>signiﬁcatum</strong></span> <span class='ocrx_word' id='word_1_200' title='bbox 1322 2805 1527 2869; x_wconf 80' lang='lat' dir='ltr'><strong>extulit,</strong></span> <span class='ocrx_word' id='word_1_201' title='bbox 1553 2813 1611 2857; x_wconf 92' lang='lat' dir='ltr'><strong>ut</strong></span> <span class='ocrx_word' id='word_1_202' title='bbox 1631 2805 1731 2858; x_wconf 90' lang='lat' dir='ltr'><strong>sibi</strong></span> <span class='ocrx_word' id='word_1_203' title='bbox 1759 2802 1983 2872; x_wconf 90' lang='lat' dir='ltr'><strong>pristina</strong></span> <span class='ocrx_word' id='word_1_204' title='bbox 2002 2818 2157 2872; x_wconf 66' lang='lat' dir='ltr'><strong>repeo</strong></span> 
     </span>
    </p>
   </div>
   <div class='ocr_carea' id='block_1_28' title="bbox 644 2891 2157 2957">
    <p class='ocr_par' dir='ltr' id='par_1_28' title="bbox 644 2891 2157 2957">
     <span class='ocr_line' id='line_1_28' title="bbox 644 2891 2157 2957; baseline -0.005 -7"><span class='ocrx_word' id='word_1_205' title='bbox 644 2897 981 2957; x_wconf 54' lang='lat' dir='ltr'><strong>tererliccret,</strong></span> <span class='ocrx_word' id='word_1_206' title='bbox 1005 2894 1173 2949; x_wconf 87' lang='lat' dir='ltr'><strong>sicubi</strong></span> <span class='ocrx_word' id='word_1_207' title='bbox 1218 2893 1441 2947; x_wconf 80' lang='lat' dir='ltr'><strong>facultas</strong></span> <span class='ocrx_word' id='word_1_208' title='bbox 1484 2894 1710 2947; x_wconf 87' lang='lat' dir='ltr'><strong>adesset.</strong></span> <span class='ocrx_word' id='word_1_209' title='bbox 1754 2891 1886 2944; x_wconf 87' lang='lat' dir='ltr'><strong>Nam</strong></span> <span class='ocrx_word' id='word_1_210' title='bbox 1925 2891 2035 2945; x_wconf 70' lang='lat' dir='ltr'><strong>haec</strong></span> <span class='ocrx_word' id='word_1_211' title='bbox 2065 2905 2157 2944; x_wconf 90' lang='lat' dir='ltr'><strong>ea-</strong></span> 
     </span>
    </p>
   </div>
   <div class='ocr_carea' id='block_1_29' title="bbox 644 2980 2159 3054">
    <p class='ocr_par' dir='ltr' id='par_1_29' title="bbox 644 2980 2159 3054">
     <span class='ocr_line' id='line_1_29' title="bbox 644 2980 2159 3054; baseline -0.005 -14"><span class='ocrx_word' id='word_1_212' title='bbox 644 2987 760 3041; x_wconf 88' lang='lat' dir='ltr'><strong>dem</strong></span> <span class='ocrx_word' id='word_1_213' title='bbox 790 2988 843 3039; x_wconf 89' lang='lat' dir='ltr'><strong>in</strong></span> <span class='ocrx_word' id='word_1_214' title='bbox 871 2986 1091 3054; x_wconf 90' lang='lat' dir='ltr'><strong>epistola</strong></span> <span class='ocrx_word' id='word_1_215' title='bbox 1121 2984 1321 3053; x_wconf 83' lang='lat' dir='ltr'><strong>profert</strong></span> <span class='ocrx_word' id='word_1_216' title='bbox 1355 3004 1367 3038; x_wconf 93' lang='lat'>:</span> <span class='ocrx_word' id='word_1_217' title='bbox 1402 2984 1801 3053; x_wconf 80' lang='grc' dir='ltr'><strong>Παραστατικὸν</strong></span> <span class='ocrx_word' id='word_1_218' title='bbox 1834 2983 1888 3035; x_wconf 80' lang='grc' dir='ltr'><strong>δὲ</strong></span> <span class='ocrx_word' id='word_1_219' title='bbox 1930 2980 2062 3034; x_wconf 73' lang='grc' dir='ltr'>εἶναι</span> <span class='ocrx_word' id='word_1_220' title='bbox 2102 2980 2159 3033; x_wconf 79' lang='grc' dir='ltr'><strong>τὸ</strong></span> 
     </span>
    </p>
   </div>
   <div class='ocr_carea' id='block_1_30' title="bbox 647 3071 2161 3145">
    <p class='ocr_par' dir='ltr' id='par_1_30' title="bbox 647 3071 2161 3145">
     <span class='ocr_line' id='line_1_30' title="bbox 647 3071 2161 3145; baseline -0.005 -15"><span class='ocrx_word' id='word_1_221' title='bbox 647 3076 957 3145; x_wconf 58' lang='grc' dir='ltr'><strong>ὀμοούσιογ</strong></span> <span class='ocrx_word' id='word_1_222' title='bbox 975 3076 1051 3141; x_wconf 82' lang='grc' dir='ltr'><strong>τῷ</strong></span> <span class='ocrx_word' id='word_1_223' title='bbox 1065 3075 1245 3143; x_wconf 40' lang='grc' dir='ltr'><strong>Πατρὶ,</strong></span> <span class='ocrx_word' id='word_1_224' title='bbox 1260 3076 1316 3126; x_wconf 78' lang='grc' dir='ltr'>τὸ</span> <span class='ocrx_word' id='word_1_225' title='bbox 1347 3073 1603 3143; x_wconf 80' lang='grc' dir='ltr'><strong>μηδεμίαν</strong></span> <span class='ocrx_word' id='word_1_226' title='bbox 1634 3073 1916 3143; x_wconf 78' lang='grc' dir='ltr'><strong>ἐμφέρειαν</strong></span> <span class='ocrx_word' id='word_1_227' title='bbox 1943 3073 2074 3141; x_wconf 84' lang='grc' dir='ltr'>πρὸς</span> <span class='ocrx_word' id='word_1_228' title='bbox 2096 3071 2161 3123; x_wconf 77' lang='grc' dir='ltr'><strong>τὰ</strong></span> 
     </span>
    </p>
   </div>
   <div class='ocr_carea' id='block_1_31' title="bbox 2913 592 3053 637">
    <p class='ocr_par' dir='ltr' id='par_1_31' title="bbox 2913 592 3053 637">
     <span class='ocr_line' id='line_1_31' title="bbox 2913 592 3053 637; baseline -0.014 -1"><span class='ocrx_word' id='word_1_229' title='bbox 2913 592 3053 637; x_wconf 84' lang='lat' dir='ltr'><strong>dicat.</strong></span> 
     </span>
    </p>
   </div>
   <div class='ocr_carea' id='block_1_32' title="bbox 2302 676 3635 751">
    <p class='ocr_par' dir='ltr' id='par_1_32' title="bbox 2302 676 3635 751">
     <span class='ocr_line' id='line_1_32' title="bbox 2302 676 3635 751; baseline -0.008 -12"><span class='ocrx_word' id='word_1_230' title='bbox 2302 687 2433 751; x_wconf 89' lang='lat' dir='ltr'><strong>Quia</strong></span> <span class='ocrx_word' id='word_1_231' title='bbox 2464 702 2587 739; x_wconf 82' lang='lat' dir='ltr'><strong>vero</strong></span> <span class='ocrx_word' id='word_1_232' title='bbox 2627 687 2677 737; x_wconf 93' lang='lat' dir='ltr'><strong>in</strong></span> <span class='ocrx_word' id='word_1_233' title='bbox 2722 686 2929 738; x_wconf 65' lang='lat' dir='ltr'><strong>Nicaena</strong></span> <span class='ocrx_word' id='word_1_234' title='bbox 2968 686 3086 745; x_wconf 86' lang='lat' dir='ltr'><strong>ﬁde,</strong></span> <span class='ocrx_word' id='word_1_235' title='bbox 3119 682 3208 735; x_wconf 90' lang='lat' dir='ltr'><strong>cui</strong></span> <span class='ocrx_word' id='word_1_236' title='bbox 3246 678 3567 745; x_wconf 87' lang='lat' dir='ltr'><strong>subscripsit</strong></span> <span class='ocrx_word' id='word_1_237' title='bbox 3595 676 3635 728; x_wconf 87' lang='lat' dir='ltr'><strong>E</strong></span> 
     </span>
    </p>
   </div>
   <div class='ocr_carea' id='block_1_33' title="bbox 2233 770 3642 840">
    <p class='ocr_par' dir='ltr' id='par_1_33' title="bbox 2233 770 3642 840">
     <span class='ocr_line' id='line_1_33' title="bbox 2233 770 3642 840; baseline -0.01 -7"><span class='ocrx_word' id='word_1_238' title='bbox 2233 779 2375 840; x_wconf 84' lang='lat' dir='ltr'><strong>hius,</strong></span> <span class='ocrx_word' id='word_1_239' title='bbox 2406 779 2684 831; x_wconf 85' lang='lat' dir='ltr'><strong>damnatur</strong></span> <span class='ocrx_word' id='word_1_240' title='bbox 2715 778 2836 829; x_wconf 84' lang='lat' dir='ltr'><strong>item</strong></span> <span class='ocrx_word' id='word_1_241' title='bbox 2866 778 3172 828; x_wconf 84' lang='lat' dir='ltr'><strong>Arianicum</strong></span> <span class='ocrx_word' id='word_1_242' title='bbox 3196 773 3346 833; x_wconf 91' lang='lat' dir='ltr'><strong>illud,</strong></span> <span class='ocrx_word' id='word_1_243' title='bbox 3372 772 3429 835; x_wconf 73' lang='grc' dir='ltr'>ἐξ</span> <span class='ocrx_word' id='word_1_244' title='bbox 3451 771 3549 821; x_wconf 68' lang='grc' dir='ltr'><strong>οἰκ</strong></span> <span class='ocrx_word' id='word_1_245' title='bbox 3578 770 3642 821; x_wconf 63' lang='grc' dir='ltr'><strong>ὃν⁴</strong></span> 
     </span>
    </p>
   </div>
   <div class='ocr_carea' id='block_1_34' title="bbox 2235 862 3641 930">
    <p class='ocr_par' dir='ltr' id='par_1_34' title="bbox 2235 862 3641 930">
     <span class='ocr_line' id='line_1_34' title="bbox 2235 862 3641 930; baseline -0.006 -10"><span class='ocrx_word' id='word_1_246' title='bbox 2235 884 2298 921; x_wconf 77' lang='lat' dir='ltr'><strong>ea:</strong></span> <span class='ocrx_word' id='word_1_247' title='bbox 2324 885 2423 919; x_wconf 92' lang='lat' dir='ltr'><strong>non</strong></span> <span class='ocrx_word' id='word_1_248' title='bbox 2454 867 2835 927; x_wconf 56' lang='lat' dir='ltr'><strong>assistentibus,</strong></span> <span class='ocrx_word' id='word_1_249' title='bbox 2877 875 2926 919; x_wconf 86' lang='lat' dir='ltr'><strong>et</strong></span> <span class='ocrx_word' id='word_1_250' title='bbox 2960 864 3149 916; x_wconf 81' lang='lat' dir='ltr'><strong>Filium</strong></span> <span class='ocrx_word' id='word_1_251' title='bbox 3189 862 3428 930; x_wconf 86' lang='lat' dir='ltr'><strong>genitum</strong></span> <span class='ocrx_word' id='word_1_252' title='bbox 3470 869 3521 911; x_wconf 90' lang='lat' dir='ltr'><strong>et</strong></span> <span class='ocrx_word' id='word_1_253' title='bbox 3552 874 3641 911; x_wconf 83' lang='lat' dir='ltr'><strong>nor</strong></span> 
     </span>
    </p>
   </div>
   <div class='ocr_carea' id='block_1_35' title="bbox 2235 949 3642 1019">
    <p class='ocr_par' dir='ltr' id='par_1_35' title="bbox 2235 949 3642 1019">
     <span class='ocr_line' id='line_1_35' title="bbox 2235 949 3642 1019; baseline -0.009 -10"><span class='ocrx_word' id='word_1_254' title='bbox 2235 964 2376 1009; x_wconf 91' lang='lat' dir='ltr'><strong>ctum</strong></span> <span class='ocrx_word' id='word_1_255' title='bbox 2406 971 2523 1010; x_wconf 87' lang='lat' dir='ltr'><strong>esse</strong></span> <span class='ocrx_word' id='word_1_256' title='bbox 2550 956 2870 1017; x_wconf 87' lang='lat' dir='ltr'><strong>declaratur;</strong></span> <span class='ocrx_word' id='word_1_257' title='bbox 2924 954 3060 1005; x_wconf 90' lang='lat' dir='ltr'><strong>hanc</strong></span> <span class='ocrx_word' id='word_1_258' title='bbox 3103 949 3295 1019; x_wconf 84' lang='lat' dir='ltr'><strong>synodi</strong></span> <span class='ocrx_word' id='word_1_259' title='bbox 3339 949 3642 1000; x_wconf 87' lang='lat' dir='ltr'><strong>doctrinam</strong></span> 
     </span>
    </p>
   </div>
   <div class='ocr_carea' id='block_1_36' title="bbox 2237 1031 3642 1099">
    <p class='ocr_par' dir='ltr' id='par_1_36' title="bbox 2237 1031 3642 1099">
     <span class='ocr_line' id='line_1_36' title="bbox 2237 1031 3642 1099; baseline -0.009 -5"><span class='ocrx_word' id='word_1_260' title='bbox 2237 1052 2391 1097; x_wconf 81' lang='lat' dir='ltr'><strong>tenus</strong></span> <span class='ocrx_word' id='word_1_261' title='bbox 2440 1041 2674 1096; x_wconf 86' lang='lat' dir='ltr'><strong>defendit</strong></span> <span class='ocrx_word' id='word_1_262' title='bbox 2715 1040 2996 1099; x_wconf 74' lang='lat' dir='ltr'><strong>Eusebius.</strong></span> <span class='ocrx_word' id='word_1_263' title='bbox 3040 1052 3108 1091; x_wconf 89' lang='lat' dir='ltr'><strong>ne</strong></span> <span class='ocrx_word' id='word_1_264' title='bbox 3153 1033 3503 1089; x_wconf 83' lang='lat' dir='ltr'><strong>Ctinstantini</strong></span> <span class='ocrx_word' id='word_1_265' title='bbox 3547 1031 3642 1082; x_wconf 87' lang='lat' dir='ltr'><strong>Nic</strong></span> 
     </span>
    </p>
   </div>
   <div class='ocr_carea' id='block_1_37' title="bbox 2236 1124 3620 1197">
    <p class='ocr_par' dir='ltr' id='par_1_37' title="bbox 2236 1124 3620 1197">
     <span class='ocr_line' id='line_1_37' title="bbox 2236 1124 3620 1197; baseline -0.01 -12"><span class='ocrx_word' id='word_1_266' title='bbox 2236 1133 2486 1187; x_wconf 63' lang='lat' dir='ltr'><strong>doctrina:</strong></span> <span class='ocrx_word' id='word_1_267' title='bbox 2515 1132 2838 1186; x_wconf 84' lang='lat' dir='ltr'><strong>tenacissimi</strong></span> <span class='ocrx_word' id='word_1_268' title='bbox 2866 1127 3281 1197; x_wconf 83' lang='lat' dir='ltr'><strong>indignationem</strong></span> <span class='ocrx_word' id='word_1_269' title='bbox 3310 1124 3620 1175; x_wconf 78' lang='lat' dir='ltr'><strong>incurreret</strong></span> 
     </span>
    </p>
   </div>
   <div class='ocr_carea' id='block_1_38' title="bbox 2238 1213 3641 1285">
    <p class='ocr_par' dir='ltr' id='par_1_38' title="bbox 2238 1213 3641 1285">
     <span class='ocr_line' id='line_1_38' title="bbox 2238 1213 3641 1285; baseline -0.009 -12"><span class='ocrx_word' id='word_1_270' title='bbox 2238 1232 2391 1275; x_wconf 91' lang='lat' dir='ltr'><strong>tenus</strong></span> <span class='ocrx_word' id='word_1_271' title='bbox 2413 1222 2544 1282; x_wconf 81' lang='lat' dir='ltr'><strong>dixi,</strong></span> <span class='ocrx_word' id='word_1_272' title='bbox 2596 1236 2794 1274; x_wconf 85' lang='lat' dir='ltr'><strong>non-ex</strong></span> <span class='ocrx_word' id='word_1_273' title='bbox 2821 1219 3204 1285; x_wconf 32' lang='lat' dir='ltr'><strong>conjectura‘et</strong></span> <span class='ocrx_word' id='word_1_274' title='bbox 3230 1213 3495 1281; x_wconf 89' lang='lat' dir='ltr'><strong>opinione</strong></span> <span class='ocrx_word' id='word_1_275' title='bbox 3519 1224 3641 1276; x_wconf 80' lang='lat' dir='ltr'><strong>quat</strong></span> 
     </span>
    </p>
   </div>
   <div class='ocr_carea' id='block_1_39' title="bbox 2239 1302 3637 1376">
    <p class='ocr_par' dir='ltr' id='par_1_39' title="bbox 2239 1302 3637 1376">
     <span class='ocr_line' id='line_1_39' title="bbox 2239 1302 3637 1376; baseline -0.013 -11"><span class='ocrx_word' id='word_1_276' title='bbox 2239 1312 2329 1365; x_wconf 90' lang='lat' dir='ltr'><strong>sed</strong></span> <span class='ocrx_word' id='word_1_277' title='bbox 2358 1325 2421 1363; x_wconf 83' lang='lat' dir='ltr'><strong>ex</strong></span> <span class='ocrx_word' id='word_1_278' title='bbox 2450 1309 2579 1376; x_wconf 90' lang='lat' dir='ltr'><strong>ipsis</strong></span> <span class='ocrx_word' id='word_1_279' title='bbox 2613 1308 2823 1361; x_wconf 87' lang='lat' dir='ltr'><strong>Eusebii</strong></span> <span class='ocrx_word' id='word_1_280' title='bbox 2871 1306 3050 1369; x_wconf 90' lang='lat' dir='ltr'><strong>dictis,</strong></span> <span class='ocrx_word' id='word_1_281' title='bbox 3101 1304 3193 1371; x_wconf 90' lang='lat' dir='ltr'><strong>qui</strong></span> <span class='ocrx_word' id='word_1_282' title='bbox 3226 1317 3290 1355; x_wconf 92' lang='lat' dir='ltr'><strong>ea</strong></span> <span class='ocrx_word' id='word_1_283' title='bbox 3330 1302 3387 1352; x_wconf 89' lang='lat' dir='ltr'><strong>in</strong></span> <span class='ocrx_word' id='word_1_284' title='bbox 3426 1314 3485 1352; x_wconf 89' lang='lat' dir='ltr'><strong>re</strong></span> <span class='ocrx_word' id='word_1_285' title='bbox 3526 1313 3637 1349; x_wconf 90' lang='lat' dir='ltr'><strong>unu</strong></span> 
     </span>
    </p>
   </div>
   <div class='ocr_carea' id='block_1_40' title="bbox 2240 1383 3642 1467">
    <p class='ocr_par' dir='ltr' id='par_1_40' title="bbox 2240 1383 3642 1467">
     <span class='ocr_line' id='line_1_40' title="bbox 2240 1383 3642 1467; baseline -0.011 -16"><span class='ocrx_word' id='word_1_286' title='bbox 2240 1399 2406 1467; x_wconf 88' lang='lat' dir='ltr'><strong>ipsius</strong></span> <span class='ocrx_word' id='word_1_287' title='bbox 2440 1398 2699 1464; x_wconf 88' lang='lat' dir='ltr'><strong>interpres</strong></span> <span class='ocrx_word' id='word_1_288' title='bbox 2728 1410 2848 1449; x_wconf 92' lang='lat' dir='ltr'><strong>esse</strong></span> <span class='ocrx_word' id='word_1_289' title='bbox 2874 1395 3073 1448; x_wconf 76' lang='lat' dir='ltr'><strong>valeat.</strong></span> <span class='ocrx_word' id='word_1_290' title='bbox 3098 1392 3230 1443; x_wconf 86' lang='lat' dir='ltr'><strong>Nam</strong></span> <span class='ocrx_word' id='word_1_291' title='bbox 3272 1388 3433 1448; x_wconf 92' lang='lat' dir='ltr'><strong>illud,</strong></span> <span class='ocrx_word' id='word_1_292' title='bbox 3478 1383 3540 1448; x_wconf 76' lang='grc' dir='ltr'><strong>ἐξ</strong></span> <span class='ocrx_word' id='word_1_293' title='bbox 3567 1386 3642 1435; x_wconf 69' lang='grc' dir='ltr'><strong>οὺς</strong></span> 
     </span>
    </p>
   </div>
   <div class='ocr_carea' id='block_1_41' title="bbox 2239 1475 3641 1554">
    <p class='ocr_par' dir='ltr' id='par_1_41' title="bbox 2239 1475 3641 1554">
     <span class='ocr_line' id='line_1_41' title="bbox 2239 1475 3641 1554; baseline -0.009 -16"><span class='ocrx_word' id='word_1_294' title='bbox 2239 1505 2362 1549; x_wconf 85' lang='grc' dir='ltr'><strong>των,</strong></span> <span class='ocrx_word' id='word_1_295' title='bbox 2391 1486 2597 1540; x_wconf 91' lang='lat' dir='ltr'><strong>duobus</strong></span> <span class='ocrx_word' id='word_1_296' title='bbox 2637 1492 2809 1554; x_wconf 87' lang='lat' dir='ltr'><strong>potest</strong></span> <span class='ocrx_word' id='word_1_297' title='bbox 2841 1482 3011 1536; x_wconf 90' lang='lat' dir='ltr'><strong>modis</strong></span> <span class='ocrx_word' id='word_1_298' title='bbox 3060 1478 3325 1547; x_wconf 76' lang='lat' dir='ltr'><strong>intelligi;</strong></span> <span class='ocrx_word' id='word_1_299' title='bbox 3364 1477 3566 1544; x_wconf 91' lang='lat' dir='ltr'><strong>primo,</strong></span> <span class='ocrx_word' id='word_1_300' title='bbox 3619 1475 3641 1525; x_wconf 63' lang='lat' dir='ltr'><strong>i‘</strong></span> 
     </span>
    </p>
   </div>
   <div class='ocr_carea' id='block_1_42' title="bbox 2241 1563 3635 1644">
    <p class='ocr_par' dir='ltr' id='par_1_42' title="bbox 2241 1563 3635 1644">
     <span class='ocr_line' id='line_1_42' title="bbox 2241 1563 3635 1644; baseline -0.011 -16"><span class='ocrx_word' id='word_1_301' title='bbox 2241 1576 2331 1644; x_wconf 91' lang='lat' dir='ltr'><strong>qui</strong></span> <span class='ocrx_word' id='word_1_302' title='bbox 2356 1589 2459 1628; x_wconf 91' lang='lat' dir='ltr'><strong>non</strong></span> <span class='ocrx_word' id='word_1_303' title='bbox 2484 1582 2636 1627; x_wconf 88' lang='lat' dir='ltr'><strong>antea</strong></span> <span class='ocrx_word' id='word_1_304' title='bbox 2657 1572 2941 1632; x_wconf 84' lang='lat' dir='ltr'><strong>exstiterit,</strong></span> <span class='ocrx_word' id='word_1_305' title='bbox 2966 1570 3174 1622; x_wconf 90' lang='lat' dir='ltr'><strong>initium</strong></span> <span class='ocrx_word' id='word_1_306' title='bbox 3200 1563 3511 1620; x_wconf 76' lang='lat' dir='ltr'><strong>exsistendi</strong></span> <span class='ocrx_word' id='word_1_307' title='bbox 3540 1577 3635 1615; x_wconf 89' lang='lat' dir='ltr'><strong>acc</strong></span> 
     </span>
    </p>
   </div>
   <div class='ocr_carea' id='block_1_43' title="bbox 2242 1658 3639 1719">
    <p class='ocr_par' dir='ltr' id='par_1_43' title="bbox 2242 1658 3639 1719">
     <span class='ocr_line' id='line_1_43' title="bbox 2242 1658 3639 1719; baseline -0.01 -3"><span class='ocrx_word' id='word_1_308' title='bbox 2242 1671 2447 1717; x_wconf 91' lang='lat' dir='ltr'><strong>etcum</strong></span> <span class='ocrx_word' id='word_1_309' title='bbox 2482 1663 2613 1714; x_wconf 89' lang='lat' dir='ltr'><strong>nihil</strong></span> <span class='ocrx_word' id='word_1_310' title='bbox 2656 1669 2810 1714; x_wconf 85' lang='lat' dir='ltr'><strong>antea</strong></span> <span class='ocrx_word' id='word_1_311' title='bbox 2855 1659 3061 1719; x_wconf 87' lang='lat' dir='ltr'><strong>fuisset,</strong></span> <span class='ocrx_word' id='word_1_312' title='bbox 3108 1658 3162 1710; x_wconf 91' lang='lat' dir='ltr'><strong>in</strong></span> <span class='ocrx_word' id='word_1_313' title='bbox 3210 1670 3400 1709; x_wconf 85' lang='lat' dir='ltr'><strong>rerum</strong></span> <span class='ocrx_word' id='word_1_314' title='bbox 3438 1662 3639 1705; x_wconf 89' lang='lat' dir='ltr'><strong>natura</strong></span> 
     </span>
    </p>
   </div>
   <div class='ocr_carea' id='block_1_44' title="bbox 2244 1746 3642 1820">
    <p class='ocr_par' dir='ltr' id='par_1_44' title="bbox 2244 1746 3642 1820">
     <span class='ocr_line' id='line_1_44' title="bbox 2244 1746 3642 1820; baseline -0.009 -14"><span class='ocrx_word' id='word_1_315' title='bbox 2244 1754 2363 1806; x_wconf 87' lang='lat' dir='ltr'><strong>deat</strong></span> <span class='ocrx_word' id='word_1_316' title='bbox 2393 1771 2405 1805; x_wconf 92' lang='lat'><strong>:</strong></span> <span class='ocrx_word' id='word_1_317' title='bbox 2429 1767 2585 1820; x_wconf 91' lang='lat' dir='ltr'><strong>quam</strong></span> <span class='ocrx_word' id='word_1_318' title='bbox 2612 1765 2789 1805; x_wconf 88' lang='lat' dir='ltr'><strong>veram</strong></span> <span class='ocrx_word' id='word_1_319' title='bbox 2815 1749 2979 1802; x_wconf 89' lang='lat' dir='ltr'><strong>fuisse</strong></span> <span class='ocrx_word' id='word_1_320' title='bbox 3008 1746 3494 1816; x_wconf 13' lang='lat' dir='ltr'><strong>putoitArianorum</strong></span> <span class='ocrx_word' id='word_1_321' title='bbox 3523 1758 3642 1795; x_wconf 81' lang='lat' dir='ltr'><strong>men</strong></span> 
     </span>
    </p>
   </div>
   <div class='ocr_carea' id='block_1_45' title="bbox 2179 1833 3637 1926">
    <p class='ocr_par' dir='ltr' id='par_1_45' title="bbox 2179 1833 3637 1926">
     <span class='ocr_line' id='line_1_45' title="bbox 2179 1833 3637 1926; baseline -0.009 -31"><span class='ocrx_word' id='word_1_322' title='bbox 2179 1874 2217 1926; x_wconf 75' lang='grc' dir='ltr'><strong>Β</strong></span> <span class='ocrx_word' id='word_1_323' title='bbox 2245 1850 2297 1894; x_wconf 90' lang='lat' dir='ltr'><strong>et</strong></span> <span class='ocrx_word' id='word_1_324' title='bbox 2325 1841 2448 1893; x_wconf 86' lang='lat' dir='ltr'><strong>huic</strong></span> <span class='ocrx_word' id='word_1_325' title='bbox 2484 1840 2759 1894; x_wconf 73' lang='lat' dir='ltr'><strong>sententiae</strong></span> <span class='ocrx_word' id='word_1_326' title='bbox 2788 1837 3044 1891; x_wconf 89' lang='lat' dir='ltr'><strong>Eusebius</strong></span> <span class='ocrx_word' id='word_1_327' title='bbox 3075 1849 3291 1903; x_wconf 88' lang='lat' dir='ltr'><strong>semper</strong></span> <span class='ocrx_word' id='word_1_328' title='bbox 3324 1833 3553 1895; x_wconf 86' lang='lat' dir='ltr'><strong>institit,</strong></span> <span class='ocrx_word' id='word_1_329' title='bbox 3585 1848 3637 1899; x_wconf 81' lang='lat' dir='ltr'><strong>qi</strong></span> 
     </span>
    </p>
   </div>
   <div class='ocr_carea' id='block_1_46' title="bbox 2249 1921 3642 1993">
    <p class='ocr_par' dir='ltr' id='par_1_46' title="bbox 2249 1921 3642 1993">
     <span class='ocr_line' id='line_1_46' title="bbox 2249 1921 3642 1993; baseline -0.007 -10"><span class='ocrx_word' id='word_1_330' title='bbox 2249 1931 2375 1983; x_wconf 89' lang='lat' dir='ltr'><strong>lium</strong></span> <span class='ocrx_word' id='word_1_331' title='bbox 2400 1938 2521 1983; x_wconf 91' lang='lat' dir='ltr'><strong>ante</strong></span> <span class='ocrx_word' id='word_1_332' title='bbox 2549 1930 2870 1983; x_wconf 89' lang='lat' dir='ltr'><strong>creationem</strong></span> <span class='ocrx_word' id='word_1_333' title='bbox 2900 1942 3005 1980; x_wconf 92' lang='lat' dir='ltr'><strong>non</strong></span> <span class='ocrx_word' id='word_1_334' title='bbox 3031 1926 3431 1993; x_wconf 87' lang='lat' dir='ltr'><strong>sempiternum</strong></span> <span class='ocrx_word' id='word_1_335' title='bbox 3463 1936 3590 1975; x_wconf 86' lang='lat' dir='ltr'><strong>esse</strong></span> <span class='ocrx_word' id='word_1_336' title='bbox 3620 1921 3642 1973; x_wconf 72' lang='grc' dir='ltr'>ἐ</span> 
     </span>
    </p>
   </div>
   <div class='ocr_carea' id='block_1_47' title="bbox 2252 2010 3642 2085">
    <p class='ocr_par' dir='ltr' id='par_1_47' title="bbox 2252 2010 3642 2085">
     <span class='ocr_line' id='line_1_47' title="bbox 2252 2010 3642 2085; baseline -0.005 -16"><span class='ocrx_word' id='word_1_337' title='bbox 2252 2018 2329 2069; x_wconf 91' lang='lat' dir='ltr'><strong>dit</strong></span> <span class='ocrx_word' id='word_1_338' title='bbox 2356 2018 2461 2085; x_wconf 87' lang='lat' dir='ltr'><strong>(a);</strong></span> <span class='ocrx_word' id='word_1_339' title='bbox 2503 2016 2758 2075; x_wconf 90' lang='lat' dir='ltr'><strong>secundo,</strong></span> <span class='ocrx_word' id='word_1_340' title='bbox 2802 2030 2867 2068; x_wconf 87' lang='lat' dir='ltr'><strong>ex</strong></span> <span class='ocrx_word' id='word_1_341' title='bbox 2905 2029 3010 2067; x_wconf 91' lang='lat' dir='ltr'><strong>non</strong></span> <span class='ocrx_word' id='word_1_342' title='bbox 3044 2013 3395 2067; x_wconf 80' lang='lat' dir='ltr'><strong>exstantibus</strong></span> <span class='ocrx_word' id='word_1_343' title='bbox 3440 2010 3642 2079; x_wconf 86' lang='lat' dir='ltr'><strong>aliquid</strong></span> 
     </span>
    </p>
   </div>
   <div class='ocr_carea' id='block_1_48' title="bbox 2249 2100 3641 2172">
    <p class='ocr_par' dir='ltr' id='par_1_48' title="bbox 2249 2100 3641 2172">
     <span class='ocr_line' id='line_1_48' title="bbox 2249 2100 3641 2172; baseline -0.004 -14"><span class='ocrx_word' id='word_1_344' title='bbox 2249 2107 2476 2169; x_wconf 80' lang='lat' dir='ltr'><strong>dicatur,</strong></span> <span class='ocrx_word' id='word_1_345' title='bbox 2497 2120 2616 2158; x_wconf 90' lang='lat' dir='ltr'><strong>cum</strong></span> <span class='ocrx_word' id='word_1_346' title='bbox 2643 2121 2706 2158; x_wconf 82' lang='lat' dir='ltr'><strong>ex</strong></span> <span class='ocrx_word' id='word_1_347' title='bbox 2731 2104 2876 2157; x_wconf 91' lang='lat' dir='ltr'><strong>nullo</strong></span> <span class='ocrx_word' id='word_1_348' title='bbox 2898 2105 3306 2172; x_wconf 79' lang='lat' dir='ltr'><strong>praeexsistente</strong></span> <span class='ocrx_word' id='word_1_349' title='bbox 3328 2100 3641 2170; x_wconf 74' lang='lat' dir='ltr'><strong>originemc</strong></span> 
     </span>
    </p>
   </div>
   <div class='ocr_carea' id='block_1_49' title="bbox 2251 2192 3642 2263">
    <p class='ocr_par' dir='ltr' id='par_1_49' title="bbox 2251 2192 3642 2263">
     <span class='ocr_line' id='line_1_49' title="bbox 2251 2192 3642 2263; baseline -0.003 -16"><span class='ocrx_word' id='word_1_350' title='bbox 2251 2209 2356 2263; x_wconf 92' lang='lat' dir='ltr'><strong>quo</strong></span> <span class='ocrx_word' id='word_1_351' title='bbox 2391 2210 2552 2247; x_wconf 91' lang='lat' dir='ltr'><strong>sensu</strong></span> <span class='ocrx_word' id='word_1_352' title='bbox 2599 2194 2857 2248; x_wconf 84' lang='lat' dir='ltr'><strong>Eusebius</strong></span> <span class='ocrx_word' id='word_1_353' title='bbox 2890 2193 3081 2246; x_wconf 87' lang='lat' dir='ltr'><strong>Filium</strong></span> <span class='ocrx_word' id='word_1_354' title='bbox 3121 2208 3189 2246; x_wconf 81' lang='lat' dir='ltr'><strong>ex</strong></span> <span class='ocrx_word' id='word_1_355' title='bbox 3239 2207 3357 2245; x_wconf 91' lang='lat' dir='ltr'><strong>non</strong></span> <span class='ocrx_word' id='word_1_356' title='bbox 3411 2192 3642 2245; x_wconf 81' lang='lat' dir='ltr'><strong>exsistet</strong></span> 
     </span>
    </p>
   </div>
   <div class='ocr_carea' id='block_1_50' title="bbox 2249 2278 3642 2348">
    <p class='ocr_par' dir='ltr' id='par_1_50' title="bbox 2249 2278 3642 2348">
     <span class='ocr_line' id='line_1_50' title="bbox 2249 2278 3642 2348; baseline -0.001 -17"><span class='ocrx_word' id='word_1_357' title='bbox 2249 2280 2514 2348; x_wconf 89' lang='lat' dir='ltr'><strong>prodiisse</strong></span> <span class='ocrx_word' id='word_1_358' title='bbox 2542 2289 2714 2348; x_wconf 77' lang='lat' dir='ltr'><strong>negat,</strong></span> <span class='ocrx_word' id='word_1_359' title='bbox 2743 2295 2863 2331; x_wconf 93' lang='lat' dir='ltr'><strong>nam</strong></span> <span class='ocrx_word' id='word_1_360' title='bbox 2892 2281 3089 2347; x_wconf 89' lang='lat' dir='ltr'><strong>passim</strong></span> <span class='ocrx_word' id='word_1_361' title='bbox 3118 2278 3252 2332; x_wconf 88' lang='lat' dir='ltr'><strong>dicit</strong></span> <span class='ocrx_word' id='word_1_362' title='bbox 3286 2286 3343 2333; x_wconf 87' lang='lat' dir='ltr'><strong>et</strong></span> <span class='ocrx_word' id='word_1_363' title='bbox 3378 2287 3593 2348; x_wconf 83' lang='lat' dir='ltr'><strong>pugnat</strong></span> <span class='ocrx_word' id='word_1_364' title='bbox 3622 2279 3642 2330; x_wconf 78' lang='grc' dir='ltr'><strong>ι</strong></span> 
     </span>
    </p>
   </div>
   <div class='ocr_carea' id='block_1_51' title="bbox 2252 2369 3636 2436">
    <p class='ocr_par' dir='ltr' id='par_1_51' title="bbox 2252 2369 3636 2436">
     <span class='ocr_line' id='line_1_51' title="bbox 2252 2369 3636 2436; baseline -0.003 -12"><span class='ocrx_word' id='word_1_365' title='bbox 2252 2385 2314 2424; x_wconf 79' lang='lat' dir='ltr'><strong>ex</strong></span> <span class='ocrx_word' id='word_1_366' title='bbox 2344 2369 2498 2422; x_wconf 89' lang='lat' dir='ltr'><strong>Patre</strong></span> <span class='ocrx_word' id='word_1_367' title='bbox 2525 2370 2757 2436; x_wconf 80' lang='lat' dir='ltr'><strong>genitum</strong></span> <span class='ocrx_word' id='word_1_368' title='bbox 2788 2383 2924 2429; x_wconf 88' lang='lat' dir='ltr'><strong>esse,</strong></span> <span class='ocrx_word' id='word_1_369' title='bbox 2956 2370 3077 2421; x_wconf 90' lang='lat' dir='ltr'><strong>licet</strong></span> <span class='ocrx_word' id='word_1_370' title='bbox 3104 2383 3212 2421; x_wconf 92' lang='lat' dir='ltr'><strong>non</strong></span> <span class='ocrx_word' id='word_1_371' title='bbox 3240 2383 3348 2422; x_wconf 90' lang='lat' dir='ltr'><strong>sua</strong></span> <span class='ocrx_word' id='word_1_372' title='bbox 3383 2369 3494 2423; x_wconf 90' lang='lat' dir='ltr'><strong>sibi</strong></span> <span class='ocrx_word' id='word_1_373' title='bbox 3527 2370 3636 2420; x_wconf 89' lang='lat' dir='ltr'><strong>rati</strong></span> 
     </span>
    </p>
   </div>
   <div class='ocr_carea' id='block_1_52' title="bbox 2251 2458 3610 2526">
    <p class='ocr_par' dir='ltr' id='par_1_52' title="bbox 2251 2458 3610 2526">
     <span class='ocr_line' id='line_1_52' title="bbox 2251 2458 3610 2526; baseline -0.003 -13"><span class='ocrx_word' id='word_1_374' title='bbox 2251 2467 2521 2513; x_wconf 86' lang='lat' dir='ltr'><strong>constent:</strong></span> <span class='ocrx_word' id='word_1_375' title='bbox 2556 2459 2812 2526; x_wconf 90' lang='lat' dir='ltr'><strong>siquidem</strong></span> <span class='ocrx_word' id='word_1_376' title='bbox 2844 2458 2897 2510; x_wconf 92' lang='lat' dir='ltr'><strong>in</strong></span> <span class='ocrx_word' id='word_1_377' title='bbox 2935 2458 3035 2511; x_wconf 92' lang='lat' dir='ltr'><strong>hoc</strong></span> <span class='ocrx_word' id='word_1_378' title='bbox 3063 2459 3474 2511; x_wconf 87' lang='lat' dir='ltr'><strong>commentario</strong></span> <span class='ocrx_word' id='word_1_379' title='bbox 3510 2458 3610 2520; x_wconf 85' lang='lat' dir='ltr'><strong>ait,</strong></span> 
     </span>
    </p>
   </div>
   <div class='ocr_carea' id='block_1_53' title="bbox 2254 2545 3642 2612">
    <p class='ocr_par' dir='ltr' id='par_1_53' title="bbox 2254 2545 3642 2612">
     <span class='ocr_line' id='line_1_53' title="bbox 2254 2545 3642 2612; baseline -0.002 -10"><span class='ocrx_word' id='word_1_380' title='bbox 2254 2565 2391 2612; x_wconf 71' lang='lat' dir='ltr'><strong>XLIV,</strong></span> <span class='ocrx_word' id='word_1_381' title='bbox 2423 2547 2683 2611; x_wconf 75' lang='lat' dir='ltr'><strong>2,.Filium</strong></span> <span class='ocrx_word' id='word_1_382' title='bbox 2705 2562 2732 2599; x_wconf 90' lang='lat' dir='ltr'><strong>a</strong></span> <span class='ocrx_word' id='word_1_383' title='bbox 2747 2546 2901 2600; x_wconf 88' lang='lat' dir='ltr'><strong>Patre</strong></span> <span class='ocrx_word' id='word_1_384' title='bbox 2921 2562 2984 2600; x_wconf 86' lang='lat' dir='ltr'><strong>ex</strong></span> <span class='ocrx_word' id='word_1_385' title='bbox 3012 2545 3173 2600; x_wconf 91' lang='lat' dir='ltr'><strong>corde</strong></span> <span class='ocrx_word' id='word_1_386' title='bbox 3188 2554 3244 2599; x_wconf 91' lang='lat' dir='ltr'><strong>et</strong></span> <span class='ocrx_word' id='word_1_387' title='bbox 3262 2563 3334 2600; x_wconf 82' lang='lat' dir='ltr'><strong>ex</strong></span> <span class='ocrx_word' id='word_1_388' title='bbox 3354 2548 3642 2601; x_wconf 89' lang='lat' dir='ltr'><strong>visceribu</strong></span> 
     </span>
    </p>
   </div>
   <div class='ocr_carea' id='block_1_54' title="bbox 2253 2635 3634 2703">
    <p class='ocr_par' dir='ltr' id='par_1_54' title="bbox 2253 2635 3634 2703">
     <span class='ocr_line' id='line_1_54' title="bbox 2253 2635 3634 2703; baseline -0.004 -11"><span class='ocrx_word' id='word_1_389' title='bbox 2253 2638 2393 2691; x_wconf 87' lang='lat' dir='ltr'><strong>duci.</strong></span> <span class='ocrx_word' id='word_1_390' title='bbox 2421 2636 2487 2688; x_wconf 88' lang='lat' dir='ltr'><strong>Et</strong></span> <span class='ocrx_word' id='word_1_391' title='bbox 2552 2638 2606 2688; x_wconf 88' lang='lat' dir='ltr'><strong>in</strong></span> <span class='ocrx_word' id='word_1_392' title='bbox 2637 2635 3083 2688; x_wconf 84' lang='lat' dir='ltr'><strong>Demonstratione</strong></span> <span class='ocrx_word' id='word_1_393' title='bbox 3121 2636 3455 2703; x_wconf 82' lang='lat' dir='ltr'><strong>evangelica,</strong></span> <span class='ocrx_word' id='word_1_394' title='bbox 3503 2637 3541 2689; x_wconf 95' lang='lat' dir='ltr'><strong>l.</strong></span> <span class='ocrx_word' id='word_1_395' title='bbox 3582 2651 3634 2687; x_wconf 87' lang='lat' dir='ltr'><strong>tv</strong></span> 
     </span>
    </p>
   </div>
   <div class='ocr_carea' id='block_1_55' title="bbox 2254 2722 3634 2793">
    <p class='ocr_par' dir='ltr' id='par_1_55' title="bbox 2254 2722 3634 2793">
     <span class='ocr_line' id='line_1_55' title="bbox 2254 2722 3634 2793; baseline -0.002 -15"><span class='ocrx_word' id='word_1_396' title='bbox 2254 2740 2306 2793; x_wconf 88' lang='lat' dir='ltr'><strong>p.</strong></span> <span class='ocrx_word' id='word_1_397' title='bbox 2365 2724 2498 2786; x_wconf 74' lang='lat' dir='ltr'><strong>Ml},</strong></span> <span class='ocrx_word' id='word_1_398' title='bbox 2544 2722 2743 2775; x_wconf 40' lang='lat' dir='ltr'><strong>.Filium</strong></span> <span class='ocrx_word' id='word_1_399' title='bbox 2792 2724 3028 2791; x_wconf 83' lang='lat' dir='ltr'><strong>genitum</strong></span> <span class='ocrx_word' id='word_1_400' title='bbox 3093 2722 3386 2786; x_wconf 89' lang='lat' dir='ltr'><strong>declarat,</strong></span> <span class='ocrx_word' id='word_1_401' title='bbox 3459 2724 3634 2779; x_wconf 88' lang='lat' dir='ltr'><strong>simili</strong></span> 
     </span>
    </p>
   </div>
   <div class='ocr_carea' id='block_1_56' title="bbox 2257 2813 3613 2882">
    <p class='ocr_par' dir='ltr' id='par_1_56' title="bbox 2257 2813 3613 2882">
     <span class='ocr_line' id='line_1_56' title="bbox 2257 2813 3613 2882; baseline -0.001 -14"><span class='ocrx_word' id='word_1_402' title='bbox 2257 2830 2308 2882; x_wconf 92' lang='lat' dir='ltr'><strong>p.</strong></span> <span class='ocrx_word' id='word_1_403' title='bbox 2348 2814 2469 2874; x_wconf 73' lang='grc'><strong>148,</strong></span> <span class='ocrx_word' id='word_1_404' title='bbox 2509 2820 2561 2867; x_wconf 90' lang='lat' dir='ltr'><strong>et</strong></span> <span class='ocrx_word' id='word_1_405' title='bbox 2592 2814 2786 2881; x_wconf 79' lang='lat' dir='ltr'><strong>passim</strong></span> <span class='ocrx_word' id='word_1_406' title='bbox 2826 2813 3024 2880; x_wconf 90' lang='lat' dir='ltr'><strong>ubique</strong></span> <span class='ocrx_word' id='word_1_407' title='bbox 3061 2827 3184 2864; x_wconf 89' lang='lat' dir='ltr'><strong>cum</strong></span> <span class='ocrx_word' id='word_1_408' title='bbox 3227 2813 3292 2865; x_wconf 90' lang='lat' dir='ltr'><strong>in</strong></span> <span class='ocrx_word' id='word_1_409' title='bbox 3328 2814 3441 2866; x_wconf 88' lang='lat' dir='ltr'><strong>hoc</strong></span> <span class='ocrx_word' id='word_1_410' title='bbox 3486 2815 3613 2880; x_wconf 90' lang='lat' dir='ltr'><strong>ipso</strong></span> 
     </span>
    </p>
   </div>
   <div class='ocr_carea' id='block_1_57' title="bbox 2256 2902 3641 2972">
    <p class='ocr_par' dir='ltr' id='par_1_57' title="bbox 2256 2902 3641 2972">
     <span class='ocr_line' id='line_1_57' title="bbox 2256 2902 3641 2972; baseline 0.001 -17"><span class='ocrx_word' id='word_1_411' title='bbox 2256 2913 2365 2955; x_wconf 89' lang='lat' dir='ltr'><strong>tum</strong></span> <span class='ocrx_word' id='word_1_412' title='bbox 2408 2903 2459 2954; x_wconf 91' lang='lat' dir='ltr'><strong>in</strong></span> <span class='ocrx_word' id='word_1_413' title='bbox 2512 2903 2661 2956; x_wconf 86' lang='lat' dir='ltr'><strong>libris</strong></span> <span class='ocrx_word' id='word_1_414' title='bbox 2710 2902 2904 2955; x_wconf 84' lang='lat' dir='ltr'><strong>Contra</strong></span> <span class='ocrx_word' id='word_1_415' title='bbox 2944 2902 3279 2967; x_wconf 79' lang='lat' dir='ltr'><strong>Marcellum,</strong></span> <span class='ocrx_word' id='word_1_416' title='bbox 3327 2904 3587 2972; x_wconf 77' lang='lat' dir='ltr'><strong>genitum</strong></span> <span class='ocrx_word' id='word_1_417' title='bbox 3640 2904 3641 2907; x_wconf 68' lang='grc'>’</span> 
     </span>
    </p>
   </div>
   <div class='ocr_carea' id='block_1_58' title="bbox 2257 2990 3642 3047">
    <p class='ocr_par' dir='ltr' id='par_1_58' title="bbox 2257 2990 3642 3047">
     <span class='ocr_line' id='line_1_58' title="bbox 2257 2990 3642 3047; baseline -0.001 -3"><span class='ocrx_word' id='word_1_418' title='bbox 2257 2991 2529 3045; x_wconf 90' lang='lat' dir='ltr'><strong>contendit</strong></span> <span class='ocrx_word' id='word_1_419' title='bbox 2554 3010 2566 3043; x_wconf 93' lang='lat'>:</span> <span class='ocrx_word' id='word_1_420' title='bbox 2595 3000 2647 3043; x_wconf 89' lang='lat' dir='ltr'><strong>et</strong></span> <span class='ocrx_word' id='word_1_421' title='bbox 2674 2999 2846 3044; x_wconf 86' lang='lat' dir='ltr'><strong>tamen</strong></span> <span class='ocrx_word' id='word_1_422' title='bbox 2872 2992 3025 3043; x_wconf 89' lang='lat' dir='ltr'><strong>aliam</strong></span> <span class='ocrx_word' id='word_1_423' title='bbox 3051 3006 3081 3043; x_wconf 91' lang='lat' dir='ltr'><strong>a</strong></span> <span class='ocrx_word' id='word_1_424' title='bbox 3105 2990 3272 3046; x_wconf 85' lang='lat' dir='ltr'><strong>Patre</strong></span> <span class='ocrx_word' id='word_1_425' title='bbox 3299 2995 3642 3047; x_wconf 78' lang='lat' dir='ltr'><strong>subSIantiat</strong></span> 
     </span>
    </p>
   </div>
   <div class='ocr_carea' id='block_1_59' title="bbox 2258 3082 3642 3151">
    <p class='ocr_par' dir='ltr' id='par_1_59' title="bbox 2258 3082 3642 3151">
     <span class='ocr_line' id='line_1_59' title="bbox 2258 3082 3642 3151; baseline 0 -16"><span class='ocrx_word' id='word_1_426' title='bbox 2258 3097 2393 3143; x_wconf 88' lang='lat' dir='ltr'><strong>esse,</strong></span> <span class='ocrx_word' id='word_1_427' title='bbox 2435 3096 2541 3133; x_wconf 90' lang='lat' dir='ltr'><strong>non</strong></span> <span class='ocrx_word' id='word_1_428' title='bbox 2570 3095 2793 3133; x_wconf 90' lang='lat' dir='ltr'><strong>numero</strong></span> <span class='ocrx_word' id='word_1_429' title='bbox 2853 3089 3077 3141; x_wconf 90' lang='lat' dir='ltr'><strong>tantum,</strong></span> <span class='ocrx_word' id='word_1_430' title='bbox 3111 3082 3202 3133; x_wconf 91' lang='lat' dir='ltr'><strong>sed</strong></span> <span class='ocrx_word' id='word_1_431' title='bbox 3239 3082 3528 3151; x_wconf 80' lang='lat' dir='ltr'><strong>dignitate</strong></span> <span class='ocrx_word' id='word_1_432' title='bbox 3551 3092 3608 3135; x_wconf 86' lang='lat' dir='ltr'><strong>et</strong></span> <span class='ocrx_word' id='word_1_433' title='bbox 3636 3100 3642 3135; x_wconf 92' lang='lat' dir='ltr'><strong>l</strong></span> 
     </span>
    </p>
   </div>
   <div class='ocr_carea' id='block_1_60' title="bbox 646 3157 2156 3241">
    <p class='ocr_par' dir='ltr' id='par_1_60' title="bbox 646 3157 2156 3241">
     <span class='ocr_line' id='line_1_60' title="bbox 646 3157 2156 3241; baseline -0.007 -23"><span class='ocrx_word' id='word_1_434' title='bbox 646 3165 839 3233; x_wconf 70' lang='grc' dir='ltr'><strong>γενητὰ</strong></span> <span class='ocrx_word' id='word_1_435' title='bbox 869 3165 1131 3233; x_wconf 80' lang='grc' dir='ltr'><strong>κτίσματα</strong></span> <span class='ocrx_word' id='word_1_436' title='bbox 1155 3163 1240 3215; x_wconf 80' lang='grc' dir='ltr'><strong>τὸν</strong></span> <span class='ocrx_word' id='word_1_437' title='bbox 1269 3163 1388 3213; x_wconf 83' lang='grc' dir='ltr'>Υἱὸν</span> <span class='ocrx_word' id='word_1_438' title='bbox 1414 3159 1505 3211; x_wconf 79' lang='grc' dir='ltr'><strong>τοῦ</strong></span> <span class='ocrx_word' id='word_1_439' title='bbox 1538 3158 1665 3211; x_wconf 84' lang='grc' dir='ltr'><strong>Θεοῦ</strong></span> <span class='ocrx_word' id='word_1_440' title='bbox 1702 3159 1899 3228; x_wconf 77' lang='grc' dir='ltr'>φέρειν,</span> <span class='ocrx_word' id='word_1_441' title='bbox 1942 3158 2081 3241; x_wconf 74' lang='grc' dir='ltr'><strong>μόνῳ</strong></span> <span class='ocrx_word' id='word_1_442' title='bbox 2106 3157 2156 3208; x_wconf 86' lang='grc' dir='ltr'><strong>δὲ</strong></span> 
     </span>
    </p>
   </div>
   <div class='ocr_carea' id='block_1_61' title="bbox 2179 3157 3642 3241">
    <p class='ocr_par' dir='ltr' id='par_1_61' title="bbox 2186 3168 3642 3241">
     <span class='ocr_line' id='line_1_61' title="bbox 2186 3168 3642 3241; baseline -0.003 -18"><span class='ocrx_word' id='word_1_443' title='bbox 2186 3170 2228 3226; x_wconf 88' lang='lat' dir='ltr'><strong>C</strong></span> <span class='ocrx_word' id='word_1_444' title='bbox 2263 3172 2442 3223; x_wconf 89' lang='lat' dir='ltr'><strong>tudine</strong></span> <span class='ocrx_word' id='word_1_445' title='bbox 2476 3171 2813 3237; x_wconf 86' lang='lat' dir='ltr'><strong>pronuntiat;</strong></span> <span class='ocrx_word' id='word_1_446' title='bbox 2842 3168 2921 3221; x_wconf 86' lang='lat' dir='ltr'><strong>ita</strong></span> <span class='ocrx_word' id='word_1_447' title='bbox 2950 3178 3006 3221; x_wconf 90' lang='lat' dir='ltr'><strong>ut</strong></span> <span class='ocrx_word' id='word_1_448' title='bbox 3035 3185 3131 3223; x_wconf 92' lang='lat' dir='ltr'><strong>nec</strong></span> <span class='ocrx_word' id='word_1_449' title='bbox 3160 3185 3295 3224; x_wconf 85' lang='lat' dir='ltr'><strong>vere</strong></span> <span class='ocrx_word' id='word_1_450' title='bbox 3330 3182 3391 3224; x_wconf 80' lang='lat' dir='ltr'><strong>et</strong></span> <span class='ocrx_word' id='word_1_451' title='bbox 3431 3175 3642 3241; x_wconf 72' lang='lat' dir='ltr'><strong>propri.</strong></span> 
     </span>
    </p>
   </div>
   <div class='ocr_carea' id='block_1_62' title="bbox 645 3240 2162 3323">
    <p class='ocr_par' dir='ltr' id='par_1_62' title="bbox 645 3240 2162 3323">
     <span class='ocr_line' id='line_1_62' title="bbox 645 3240 2162 3323; baseline -0.008 -16"><span class='ocrx_word' id='word_1_452' title='bbox 645 3256 721 3323; x_wconf 79' lang='grc' dir='ltr'><strong>τῷ</strong></span> <span class='ocrx_word' id='word_1_453' title='bbox 743 3256 910 3323; x_wconf 75' lang='grc' dir='ltr'>Πατρὶ</span> <span class='ocrx_word' id='word_1_454' title='bbox 936 3252 1009 3321; x_wconf 79' lang='grc' dir='ltr'>τῷ</span> <span class='ocrx_word' id='word_1_455' title='bbox 1024 3250 1363 3319; x_wconf 78' lang='grc' dir='ltr'><strong>γεγεννηκότι</strong></span> <span class='ocrx_word' id='word_1_456' title='bbox 1390 3247 1786 3316; x_wconf 80' lang='grc' dir='ltr'><strong>ἀφωμοιῶσθαι,</strong></span> <span class='ocrx_word' id='word_1_457' title='bbox 1814 3247 1903 3297; x_wconf 72' lang='grc' dir='ltr'>καὶ</span> <span class='ocrx_word' id='word_1_458' title='bbox 1930 3245 2001 3314; x_wconf 85' lang='grc' dir='ltr'><strong>μὴ</strong></span> <span class='ocrx_word' id='word_1_459' title='bbox 2028 3240 2162 3296; x_wconf 79' lang='grc' dir='ltr'>εῖναι</span> 
     </span>
    </p>
   </div>
   <div class='ocr_carea' id='block_1_63' title="bbox 648 3334 2162 3413">
    <p class='ocr_par' dir='ltr' id='par_1_63' title="bbox 648 3334 2162 3413">
     <span class='ocr_line' id='line_1_63' title="bbox 648 3334 2162 3413; baseline -0.007 -18"><span class='ocrx_word' id='word_1_460' title='bbox 648 3344 705 3407; x_wconf 74' lang='grc' dir='ltr'><strong>ἑξ</strong></span> <span class='ocrx_word' id='word_1_461' title='bbox 743 3344 925 3413; x_wconf 75' lang='grc' dir='ltr'><strong>ἐτέρας</strong></span> <span class='ocrx_word' id='word_1_462' title='bbox 948 3342 1086 3402; x_wconf 78' lang='grc' dir='ltr'><strong>τινὸς</strong></span> <span class='ocrx_word' id='word_1_463' title='bbox 1131 3337 1466 3399; x_wconf 85' lang='grc' dir='ltr'><strong>ὑποστάσεώς</strong></span> <span class='ocrx_word' id='word_1_464' title='bbox 1494 3354 1548 3388; x_wconf 87' lang='grc' dir='ltr'><strong>τε</strong></span> <span class='ocrx_word' id='word_1_465' title='bbox 1581 3336 1673 3387; x_wconf 72' lang='grc' dir='ltr'>καὶ</span> <span class='ocrx_word' id='word_1_466' title='bbox 1708 3336 1907 3397; x_wconf 82' lang='grc' dir='ltr'>οὐσίας,</span> <span class='ocrx_word' id='word_1_467' title='bbox 1951 3334 2057 3386; x_wconf 82' lang='grc' dir='ltr'><strong>ἀλλ’</strong></span> <span class='ocrx_word' id='word_1_468' title='bbox 2102 3336 2162 3385; x_wconf 84' lang='grc' dir='ltr'>ὲκ</span> 
     </span>
    </p>
   </div>
   <div class='ocr_carea' id='block_1_64' title="bbox 646 3424 2164 3501">
    <p class='ocr_par' dir='ltr' id='par_1_64' title="bbox 646 3424 2164 3501">
     <span class='ocr_line' id='line_1_64' title="bbox 646 3424 2164 3501; baseline -0.008 -16"><span class='ocrx_word' id='word_1_469' title='bbox 646 3428 737 3485; x_wconf 73' lang='grc' dir='ltr'><strong>τοῦ</strong></span> <span class='ocrx_word' id='word_1_470' title='bbox 770 3432 994 3501; x_wconf 83' lang='grc' dir='ltr'><strong>Πατρός,</strong></span> <span class='ocrx_word' id='word_1_471' title='bbox 1025 3431 1125 3483; x_wconf 88' lang='lat' dir='ltr'><strong>hoc</strong></span> <span class='ocrx_word' id='word_1_472' title='bbox 1158 3437 1239 3483; x_wconf 87' lang='lat' dir='ltr'><strong>est</strong></span> <span class='ocrx_word' id='word_1_473' title='bbox 1272 3447 1283 3480; x_wconf 85' lang='lat'><strong>:</strong></span> <span class='ocrx_word' id='word_1_474' title='bbox 1321 3427 1503 3479; x_wconf 83' lang='lat' dir='ltr'><strong>Verum</strong></span> <span class='ocrx_word' id='word_1_475' title='bbox 1540 3426 1675 3477; x_wconf 85' lang='lat' dir='ltr'><strong>hisce</strong></span> <span class='ocrx_word' id='word_1_476' title='bbox 1724 3424 1909 3486; x_wconf 83' lang='lat' dir='ltr'><strong>verbis,</strong></span> <span class='ocrx_word' id='word_1_477' title='bbox 1940 3437 2164 3475; x_wconf 66' lang='lat' dir='ltr'><strong>consun-</strong></span> 
     </span>
    </p>
   </div>
   <div class='ocr_carea' id='block_1_65' title="bbox 648 3514 2164 3585">
    <p class='ocr_par' dir='ltr' id='par_1_65' title="bbox 648 3514 2164 3585">
     <span class='ocr_line' id='line_1_65' title="bbox 648 3514 2164 3585; baseline -0.008 -8"><span class='ocrx_word' id='word_1_478' title='bbox 648 3538 976 3577; x_wconf 72' lang='lat' dir='ltr'><strong>STANTIALEI</strong></span> <span class='ocrx_word' id='word_1_479' title='bbox 1017 3522 1203 3585; x_wconf 78' lang='lat' dir='ltr'><strong>PATRI,</strong></span> <span class='ocrx_word' id='word_1_480' title='bbox 1235 3520 1456 3573; x_wconf 88' lang='lat' dir='ltr'><strong>indicari</strong></span> <span class='ocrx_word' id='word_1_481' title='bbox 1503 3519 1700 3570; x_wconf 83' lang='lat' dir='ltr'><strong>nullam</strong></span> <span class='ocrx_word' id='word_1_482' title='bbox 1729 3516 1867 3568; x_wconf 87' lang='lat' dir='ltr'><strong>Filio</strong></span> <span class='ocrx_word' id='word_1_483' title='bbox 1911 3514 2006 3567; x_wconf 83' lang='lat' dir='ltr'><strong>Dei</strong></span> <span class='ocrx_word' id='word_1_484' title='bbox 2051 3530 2164 3565; x_wconf 85' lang='lat' dir='ltr'><strong>cum</strong></span> 
     </span>
    </p>
   </div>
   <div class='ocr_carea' id='block_1_66' title="bbox 648 3603 2165 3679">
    <p class='ocr_par' dir='ltr' id='par_1_66' title="bbox 648 3603 2165 3679">
     <span class='ocr_line' id='line_1_66' title="bbox 648 3603 2165 3679; baseline -0.006 -16"><span class='ocrx_word' id='word_1_485' title='bbox 648 3613 800 3679; x_wconf 80' lang='lat' dir='ltr'><strong>factis</strong></span> <span class='ocrx_word' id='word_1_486' title='bbox 834 3622 881 3664; x_wconf 88' lang='lat' dir='ltr'><strong>et</strong></span> <span class='ocrx_word' id='word_1_487' title='bbox 912 3613 1097 3663; x_wconf 78' lang='lat' dir='ltr'><strong>creatis</strong></span> <span class='ocrx_word' id='word_1_488' title='bbox 1140 3610 1286 3663; x_wconf 84' lang='lat' dir='ltr'><strong>rebus</strong></span> <span class='ocrx_word' id='word_1_489' title='bbox 1332 3625 1440 3661; x_wconf 85' lang='lat' dir='ltr'><strong>esse</strong></span> <span class='ocrx_word' id='word_1_490' title='bbox 1488 3607 1914 3665; x_wconf 78' lang='lat' dir='ltr'><strong>similitudinem;</strong></span> <span class='ocrx_word' id='word_1_491' title='bbox 1950 3603 2035 3657; x_wconf 82' lang='lat' dir='ltr'><strong>sed</strong></span> <span class='ocrx_word' id='word_1_492' title='bbox 2067 3604 2165 3656; x_wconf 83' lang='lat' dir='ltr'><strong>soli</strong></span> 
     </span>
    </p>
   </div>
   <div class='ocr_carea' id='block_1_67' title="bbox 650 3695 2165 3770">
    <p class='ocr_par' dir='ltr' id='par_1_67' title="bbox 650 3695 2165 3770">
     <span class='ocr_line' id='line_1_67' title="bbox 650 3695 2165 3770; baseline -0.005 -16"><span class='ocrx_word' id='word_1_493' title='bbox 650 3703 823 3762; x_wconf 82' lang='lat' dir='ltr'><strong>Patri,</strong></span> <span class='ocrx_word' id='word_1_494' title='bbox 853 3703 938 3770; x_wconf 87' lang='lat' dir='ltr'><strong>qui</strong></span> <span class='ocrx_word' id='word_1_495' title='bbox 980 3703 1145 3768; x_wconf 84' lang='lat' dir='ltr'><strong>ipsum</strong></span> <span class='ocrx_word' id='word_1_496' title='bbox 1192 3700 1384 3767; x_wconf 82' lang='lat' dir='ltr'><strong>genuit,</strong></span> <span class='ocrx_word' id='word_1_497' title='bbox 1427 3698 1565 3749; x_wconf 86' lang='lat' dir='ltr'><strong>omni</strong></span> <span class='ocrx_word' id='word_1_498' title='bbox 1598 3696 1746 3748; x_wconf 84' lang='lat' dir='ltr'><strong>modo</strong></span> <span class='ocrx_word' id='word_1_499' title='bbox 1786 3695 2003 3747; x_wconf 77' lang='lat' dir='ltr'><strong>similem</strong></span> <span class='ocrx_word' id='word_1_500' title='bbox 2037 3711 2165 3757; x_wconf 81' lang='lat' dir='ltr'><strong>esse,</strong></span> 
     </span>
    </p>
   </div>
   <div class='ocr_carea' id='block_1_68' title="bbox 651 3786 2168 3858">
    <p class='ocr_par' dir='ltr' id='par_1_68' title="bbox 651 3786 2168 3858">
     <span class='ocr_line' id='line_1_68' title="bbox 651 3786 2168 3858; baseline -0.003 -17"><span class='ocrx_word' id='word_1_501' title='bbox 651 3806 803 3857; x_wconf 81' lang='lat' dir='ltr'><strong>neque</strong></span> <span class='ocrx_word' id='word_1_502' title='bbox 836 3805 897 3843; x_wconf 80' lang='lat' dir='ltr'><strong>ea:</strong></span> <span class='ocrx_word' id='word_1_503' title='bbox 940 3790 1047 3842; x_wconf 67' lang='lat' dir='ltr'><strong>alia</strong></span> <span class='ocrx_word' id='word_1_504' title='bbox 1094 3806 1245 3858; x_wconf 83' lang='lat' dir='ltr'><strong>quam</strong></span> <span class='ocrx_word' id='word_1_505' title='bbox 1304 3803 1366 3840; x_wconf 78' lang='lat' dir='ltr'><strong>ea:</strong></span> <span class='ocrx_word' id='word_1_506' title='bbox 1408 3786 1584 3840; x_wconf 84' lang='lat' dir='ltr'><strong>Patris</strong></span> <span class='ocrx_word' id='word_1_507' title='bbox 1655 3786 1920 3855; x_wconf 83' lang='lat' dir='ltr'><strong>hypostasi</strong></span> <span class='ocrx_word' id='word_1_508' title='bbox 1962 3797 2009 3838; x_wconf 89' lang='lat' dir='ltr'><strong>et</strong></span> <span class='ocrx_word' id='word_1_509' title='bbox 2052 3786 2168 3841; x_wconf 72' lang='lat' dir='ltr'><strong>sub-</strong></span> 
     </span>
    </p>
   </div>
   <div class='ocr_carea' id='block_1_69' title="bbox 650 3874 2166 3932">
    <p class='ocr_par' dir='ltr' id='par_1_69' title="bbox 650 3874 2166 3932">
     <span class='ocr_line' id='line_1_69' title="bbox 650 3874 2166 3932; baseline -0.001 -1"><span class='ocrx_word' id='word_1_510' title='bbox 650 3880 841 3931; x_wconf 79' lang='lat' dir='ltr'><strong>stantia</strong></span> <span class='ocrx_word' id='word_1_511' title='bbox 882 3895 1017 3932; x_wconf 73' lang='lat' dir='ltr'><strong>esse.</strong></span> <span class='ocrx_word' id='word_1_512' title='bbox 1066 3879 1165 3932; x_wconf 83' lang='lat' dir='ltr'><strong>Ubi</strong></span> <span class='ocrx_word' id='word_1_513' title='bbox 1218 3878 1366 3932; x_wconf 89' lang='lat' dir='ltr'><strong>vides</strong></span> <span class='ocrx_word' id='word_1_514' title='bbox 1412 3874 1840 3931; x_wconf 83' lang='lat' dir='ltr'><strong>eatenusFilium</strong></span> <span class='ocrx_word' id='word_1_515' title='bbox 1861 3875 2004 3928; x_wconf 87' lang='lat' dir='ltr'><strong>Patri</strong></span> <span class='ocrx_word' id='word_1_516' title='bbox 2036 3891 2166 3929; x_wconf 92' lang='lat' dir='ltr'><strong>con-</strong></span> 
     </span>
    </p>
   </div>
   <div class='ocr_carea' id='block_1_70' title="bbox 652 3965 2167 4036">
    <p class='ocr_par' dir='ltr' id='par_1_70' title="bbox 652 3965 2167 4036">
     <span class='ocr_line' id='line_1_70' title="bbox 652 3965 2167 4036; baseline -0.003 -14"><span class='ocrx_word' id='word_1_517' title='bbox 652 3970 1049 4023; x_wconf 89' lang='lat' dir='ltr'><strong>substantialem</strong></span> <span class='ocrx_word' id='word_1_518' title='bbox 1072 3969 1198 4032; x_wconf 88' lang='lat' dir='ltr'><strong>dici,</strong></span> <span class='ocrx_word' id='word_1_519' title='bbox 1224 3976 1485 4036; x_wconf 89' lang='lat' dir='ltr'><strong>quatenus</strong></span> <span class='ocrx_word' id='word_1_520' title='bbox 1511 3983 1615 4019; x_wconf 90' lang='lat' dir='ltr'><strong>non</strong></span> <span class='ocrx_word' id='word_1_521' title='bbox 1651 3966 1847 4020; x_wconf 87' lang='lat' dir='ltr'><strong>creatis</strong></span> <span class='ocrx_word' id='word_1_522' title='bbox 1875 3966 2051 4027; x_wconf 87' lang='lat' dir='ltr'><strong>rebus,</strong></span> <span class='ocrx_word' id='word_1_523' title='bbox 2076 3965 2167 4018; x_wconf 88' lang='lat' dir='ltr'><strong>sed</strong></span> 
     </span>
    </p>
   </div>
   <div class='ocr_carea' id='block_1_71' title="bbox 650 4056 2165 4126">
    <p class='ocr_par' dir='ltr' id='par_1_71' title="bbox 650 4056 2165 4126">
     <span class='ocr_line' id='line_1_71' title="bbox 650 4056 2165 4126; baseline -0.002 -16"><span class='ocrx_word' id='word_1_524' title='bbox 650 4058 793 4112; x_wconf 87' lang='lat' dir='ltr'><strong>Patri</strong></span> <span class='ocrx_word' id='word_1_525' title='bbox 835 4060 980 4113; x_wconf 92' lang='lat' dir='ltr'><strong>omni</strong></span> <span class='ocrx_word' id='word_1_526' title='bbox 1030 4059 1185 4111; x_wconf 86' lang='lat' dir='ltr'><strong>modo</strong></span> <span class='ocrx_word' id='word_1_527' title='bbox 1232 4059 1421 4112; x_wconf 89' lang='lat' dir='ltr'><strong>similis</strong></span> <span class='ocrx_word' id='word_1_528' title='bbox 1470 4066 1572 4113; x_wconf 89' lang='lat' dir='ltr'><strong>est.</strong></span> <span class='ocrx_word' id='word_1_529' title='bbox 1610 4056 1917 4126; x_wconf 78' lang='grc' dir='ltr'><strong>Ὀμοούσιος</strong></span> <span class='ocrx_word' id='word_1_530' title='bbox 1949 4057 2165 4124; x_wconf 89' lang='lat' dir='ltr'><strong>quippe,</strong></span> 
     </span>
    </p>
   </div>
   <div class='ocr_carea' id='block_1_72' title="bbox 652 4146 2166 4212">
    <p class='ocr_par' dir='ltr' id='par_1_72' title="bbox 652 4146 2166 4212">
     <span class='ocr_line' id='line_1_72' title="bbox 652 4146 2166 4212; baseline -0.002 -12"><span class='ocrx_word' id='word_1_531' title='bbox 652 4152 761 4201; x_wconf 78' lang='lat' dir='ltr'><strong>sive</strong></span> <span class='ocrx_word' id='word_1_532' title='bbox 804 4148 1293 4212; x_wconf 84' lang='lat' dir='ltr'><strong>consubstantialis,</strong></span> <span class='ocrx_word' id='word_1_533' title='bbox 1341 4147 1485 4199; x_wconf 90' lang='lat' dir='ltr'><strong>Patri</strong></span> <span class='ocrx_word' id='word_1_534' title='bbox 1535 4146 1700 4201; x_wconf 87' lang='lat' dir='ltr'><strong>Filius</strong></span> <span class='ocrx_word' id='word_1_535' title='bbox 1745 4154 1827 4200; x_wconf 88' lang='lat' dir='ltr'><strong>est</strong></span> <span class='ocrx_word' id='word_1_536' title='bbox 1878 4147 2166 4200; x_wconf 91' lang='lat' dir='ltr'><strong>secundum</strong></span> 
     </span>
    </p>
   </div>
   <div class='ocr_carea' id='block_1_73' title="bbox 651 4233 2166 4303">
    <p class='ocr_par' dir='ltr' id='par_1_73' title="bbox 651 4233 2166 4303">
     <span class='ocr_line' id='line_1_73' title="bbox 651 4233 2166 4303; baseline 0 -18"><span class='ocrx_word' id='word_1_537' title='bbox 651 4234 955 4297; x_wconf 87' lang='lat' dir='ltr'><strong>Eusebium,</strong></span> <span class='ocrx_word' id='word_1_538' title='bbox 986 4236 1108 4303; x_wconf 90' lang='lat' dir='ltr'><strong>quia</strong></span> <span class='ocrx_word' id='word_1_539' title='bbox 1129 4234 1245 4302; x_wconf 87' lang='lat' dir='ltr'><strong>ejus</strong></span> <span class='ocrx_word' id='word_1_540' title='bbox 1270 4235 1588 4296; x_wconf 90' lang='lat' dir='ltr'><strong>substantia,</strong></span> <span class='ocrx_word' id='word_1_541' title='bbox 1614 4233 1794 4287; x_wconf 82' lang='lat' dir='ltr'><strong>Patris</strong></span> <span class='ocrx_word' id='word_1_542' title='bbox 1816 4233 2166 4287; x_wconf 88' lang='lat' dir='ltr'><strong>substantiam</strong></span> 
     </span>
    </p>
   </div>
   <div class='ocr_carea' id='block_1_74' title="bbox 652 4325 2167 4390">
    <p class='ocr_par' dir='ltr' id='par_1_74' title="bbox 652 4325 2167 4390">
     <span class='ocr_line' id='line_1_74' title="bbox 652 4325 2167 4390; baseline -0.001 -14"><span class='ocrx_word' id='word_1_543' title='bbox 652 4325 847 4390; x_wconf 83' lang='lat' dir='ltr'><strong>refert;</strong></span> <span class='ocrx_word' id='word_1_544' title='bbox 884 4326 953 4377; x_wconf 88' lang='lat' dir='ltr'><strong>ita</strong></span> <span class='ocrx_word' id='word_1_545' title='bbox 983 4335 1040 4378; x_wconf 94' lang='lat' dir='ltr'><strong>ut</strong></span> <span class='ocrx_word' id='word_1_546' title='bbox 1067 4328 1272 4379; x_wconf 90' lang='lat' dir='ltr'><strong>ratione</strong></span> <span class='ocrx_word' id='word_1_547' title='bbox 1303 4326 1668 4379; x_wconf 83' lang='lat' dir='ltr'><strong>similitudinis</strong></span> <span class='ocrx_word' id='word_1_548' title='bbox 1698 4339 1799 4377; x_wconf 90' lang='lat' dir='ltr'><strong>una</strong></span> <span class='ocrx_word' id='word_1_549' title='bbox 1833 4325 1902 4377; x_wconf 91' lang='lat' dir='ltr'><strong>sit</strong></span> <span class='ocrx_word' id='word_1_550' title='bbox 1936 4326 1987 4377; x_wconf 90' lang='lat' dir='ltr'><strong>in</strong></span> <span class='ocrx_word' id='word_1_551' title='bbox 2022 4332 2167 4375; x_wconf 88' lang='lat' dir='ltr'><strong>utra-</strong></span> 
     </span>
    </p>
   </div>
   <div class='ocr_carea' id='block_1_75' title="bbox 650 4414 2165 4483">
    <p class='ocr_par' dir='ltr' id='par_1_75' title="bbox 650 4414 2165 4483">
     <span class='ocr_line' id='line_1_75' title="bbox 650 4414 2165 4483; baseline 0.001 -17"><span class='ocrx_word' id='word_1_552' title='bbox 650 4429 754 4480; x_wconf 90' lang='lat' dir='ltr'><strong>que</strong></span> <span class='ocrx_word' id='word_1_553' title='bbox 796 4414 1090 4468; x_wconf 83' lang='lat' dir='ltr'><strong>substantia</strong></span> <span class='ocrx_word' id='word_1_554' title='bbox 1131 4416 1547 4483; x_wconf 71' lang='lat' dir='ltr'><strong>reprresentatio.</strong></span> <span class='ocrx_word' id='word_1_555' title='bbox 1592 4414 1742 4480; x_wconf 85' lang='lat' dir='ltr'><strong>Quod</strong></span> <span class='ocrx_word' id='word_1_556' title='bbox 1793 4416 1915 4467; x_wconf 88' lang='lat' dir='ltr'><strong>alibi</strong></span> <span class='ocrx_word' id='word_1_557' title='bbox 1968 4415 2165 4483; x_wconf 88' lang='lat' dir='ltr'><strong>passim</strong></span> 
     </span>
    </p>
   </div>
   <div class='ocr_carea' id='block_1_76' title="bbox 650 4501 2162 4573">
    <p class='ocr_par' dir='ltr' id='par_1_76' title="bbox 650 4501 2162 4573">
     <span class='ocr_line' id='line_1_76' title="bbox 650 4501 2162 4573; baseline -0.001 -16"><span class='ocrx_word' id='word_1_558' title='bbox 650 4506 908 4565; x_wconf 82' lang='lat' dir='ltr'><strong>enuntiat,</strong></span> <span class='ocrx_word' id='word_1_559' title='bbox 942 4506 1273 4573; x_wconf 77' lang='lat' dir='ltr'><strong>maximeque</strong></span> <span class='ocrx_word' id='word_1_560' title='bbox 1311 4506 1361 4556; x_wconf 86' lang='lat' dir='ltr'><strong>in</strong></span> <span class='ocrx_word' id='word_1_561' title='bbox 1405 4505 1552 4558; x_wconf 88' lang='lat' dir='ltr'><strong>libris</strong></span> <span class='ocrx_word' id='word_1_562' title='bbox 1584 4501 1775 4558; x_wconf 84' lang='lat' dir='ltr'><strong>Contra</strong></span> <span class='ocrx_word' id='word_1_563' title='bbox 1807 4504 2109 4557; x_wconf 75' lang='lat' dir='ltr'><strong>Marcellum</strong></span> <span class='ocrx_word' id='word_1_564' title='bbox 2144 4520 2162 4556; x_wconf 91' lang='lat'><strong><em>:</em></strong></span> 
     </span>
    </p>
   </div>
   <div class='ocr_carea' id='block_1_77' title="bbox 650 4593 2161 4660">
    <p class='ocr_par' dir='ltr' id='par_1_77' title="bbox 650 4593 2161 4660">
     <span class='ocr_line' id='line_1_77' title="bbox 650 4593 2161 4660; baseline 0.001 -17"><span class='ocrx_word' id='word_1_565' title='bbox 650 4594 706 4644; x_wconf 88' lang='lat' dir='ltr'><strong>in</strong></span> <span class='ocrx_word' id='word_1_566' title='bbox 747 4606 853 4660; x_wconf 85' lang='lat' dir='ltr'><strong>quo</strong></span> <span class='ocrx_word' id='word_1_567' title='bbox 885 4600 1059 4645; x_wconf 88' lang='lat' dir='ltr'><strong>autem</strong></span> <span class='ocrx_word' id='word_1_568' title='bbox 1089 4608 1204 4645; x_wconf 89' lang='lat' dir='ltr'><strong>eam</strong></span> <span class='ocrx_word' id='word_1_569' title='bbox 1252 4593 1650 4647; x_wconf 87' lang='lat' dir='ltr'><strong>similitudinem</strong></span> <span class='ocrx_word' id='word_1_570' title='bbox 1688 4594 1996 4655; x_wconf 86' lang='lat' dir='ltr'><strong>constituat,</strong></span> <span class='ocrx_word' id='word_1_571' title='bbox 2042 4606 2161 4644; x_wconf 71' lang='lat' dir='ltr'><strong>mox</strong></span> 
     </span>
    </p>
   </div>
   <div class='ocr_carea' id='block_1_78' title="bbox 651 4680 2164 4750">
    <p class='ocr_par' dir='ltr' id='par_1_78' title="bbox 651 4680 2164 4750">
     <span class='ocr_line' id='line_1_78' title="bbox 651 4680 2164 4750; baseline 0 -17"><span class='ocrx_word' id='word_1_572' title='bbox 651 4682 890 4750; x_wconf 86' lang='lat' dir='ltr'><strong>pluribus</strong></span> <span class='ocrx_word' id='word_1_573' title='bbox 919 4682 1295 4748; x_wconf 79' lang='lat' dir='ltr'><strong>expendemus.</strong></span> <span class='ocrx_word' id='word_1_574' title='bbox 1332 4681 1482 4747; x_wconf 88' lang='lat' dir='ltr'><strong>Quod</strong></span> <span class='ocrx_word' id='word_1_575' title='bbox 1508 4681 1686 4747; x_wconf 82' lang='lat' dir='ltr'><strong>adjicit</strong></span> <span class='ocrx_word' id='word_1_576' title='bbox 1718 4682 1803 4734; x_wconf 91' lang='lat' dir='ltr'><strong>ille</strong></span> <span class='ocrx_word' id='word_1_577' title='bbox 1833 4680 2021 4733; x_wconf 82' lang='lat' dir='ltr'><strong>Filium</strong></span> <span class='ocrx_word' id='word_1_578' title='bbox 2057 4696 2164 4734; x_wconf 93' lang='lat' dir='ltr'><strong>non</strong></span> 
     </span>
    </p>
   </div>
   <div class='ocr_carea' id='block_1_79' title="bbox 653 4771 2164 4840">
    <p class='ocr_par' dir='ltr' id='par_1_79' title="bbox 653 4771 2164 4840">
     <span class='ocr_line' id='line_1_79' title="bbox 653 4771 2164 4840; baseline -0.001 -17"><span class='ocrx_word' id='word_1_579' title='bbox 653 4789 712 4823; x_wconf 80' lang='lat' dir='ltr'><strong>ex</strong></span> <span class='ocrx_word' id='word_1_580' title='bbox 748 4773 871 4834; x_wconf 87' lang='lat' dir='ltr'><strong>alia,</strong></span> <span class='ocrx_word' id='word_1_581' title='bbox 910 4788 1068 4840; x_wconf 87' lang='lat' dir='ltr'><strong>quam</strong></span> <span class='ocrx_word' id='word_1_582' title='bbox 1116 4788 1180 4824; x_wconf 81' lang='lat' dir='ltr'><strong>ex</strong></span> <span class='ocrx_word' id='word_1_583' title='bbox 1230 4771 1402 4826; x_wconf 86' lang='lat' dir='ltr'><strong>Patris</strong></span> <span class='ocrx_word' id='word_1_584' title='bbox 1449 4772 1719 4840; x_wconf 79' lang='lat' dir='ltr'><strong>hypostasi</strong></span> <span class='ocrx_word' id='word_1_585' title='bbox 1765 4778 1816 4825; x_wconf 87' lang='lat' dir='ltr'><strong>et</strong></span> <span class='ocrx_word' id='word_1_586' title='bbox 1866 4772 2164 4825; x_wconf 66' lang='lat' dir='ltr'><strong>substantia</strong></span> 
     </span>
    </p>
   </div>
   <div class='ocr_carea' id='block_1_80' title="bbox 652 4858 2165 4927">
    <p class='ocr_par' dir='ltr' id='par_1_80' title="bbox 652 4858 2165 4927">
     <span class='ocr_line' id='line_1_80' title="bbox 652 4858 2165 4927; baseline 0.001 -18"><span class='ocrx_word' id='word_1_587' title='bbox 652 4875 790 4922; x_wconf 81' lang='lat' dir='ltr'><strong>esse,</strong></span> <span class='ocrx_word' id='word_1_588' title='bbox 824 4877 930 4913; x_wconf 86' lang='lat' dir='ltr'><strong>non</strong></span> <span class='ocrx_word' id='word_1_589' title='bbox 956 4862 1027 4912; x_wconf 89' lang='lat' dir='ltr'><strong>ita</strong></span> <span class='ocrx_word' id='word_1_590' title='bbox 1060 4860 1303 4927; x_wconf 75' lang='lat' dir='ltr'><strong>intelligit</strong></span> <span class='ocrx_word' id='word_1_591' title='bbox 1330 4859 1611 4921; x_wconf 89' lang='lat' dir='ltr'><strong>Eusebius,</strong></span> <span class='ocrx_word' id='word_1_592' title='bbox 1651 4859 1791 4926; x_wconf 90' lang='lat' dir='ltr'><strong>quod</strong></span> <span class='ocrx_word' id='word_1_593' title='bbox 1810 4858 1919 4925; x_wconf 85' lang='lat' dir='ltr'><strong>jam</strong></span> <span class='ocrx_word' id='word_1_594' title='bbox 1949 4859 2165 4925; x_wconf 59' lang='lat' dir='ltr'><strong>conspi-</strong></span> 
     </span>
    </p>
   </div>
   <div class='ocr_carea' id='block_1_81' title="bbox 654 4945 2165 5016">
    <p class='ocr_par' dir='ltr' id='par_1_81' title="bbox 654 4945 2165 5016">
     <span class='ocr_line' id='line_1_81' title="bbox 654 4945 2165 5016; baseline 0.001 -18"><span class='ocrx_word' id='word_1_595' title='bbox 654 4963 753 5000; x_wconf 88' lang='lat' dir='ltr'><strong>cue</strong></span> <span class='ocrx_word' id='word_1_596' title='bbox 781 4951 1054 5014; x_wconf 88' lang='lat' dir='ltr'><strong>probatum</strong></span> <span class='ocrx_word' id='word_1_597' title='bbox 1086 4957 1187 5011; x_wconf 90' lang='lat' dir='ltr'><strong>est,</strong></span> <span class='ocrx_word' id='word_1_598' title='bbox 1231 4956 1288 5001; x_wconf 89' lang='lat' dir='ltr'><strong>ut</strong></span> <span class='ocrx_word' id='word_1_599' title='bbox 1328 4950 1565 5002; x_wconf 85' lang='lat' dir='ltr'><strong>eamdem</strong></span> <span class='ocrx_word' id='word_1_600' title='bbox 1593 4955 1743 5016; x_wconf 85' lang='lat' dir='ltr'><strong>putet</strong></span> <span class='ocrx_word' id='word_1_601' title='bbox 1768 4963 1885 5001; x_wconf 89' lang='lat' dir='ltr'><strong>esse</strong></span> <span class='ocrx_word' id='word_1_602' title='bbox 1911 4945 2085 5000; x_wconf 83' lang='lat' dir='ltr'><strong>Patris</strong></span> <span class='ocrx_word' id='word_1_603' title='bbox 2113 4956 2165 5001; x_wconf 85' lang='lat' dir='ltr'><strong>et</strong></span> 
     </span>
    </p>
   </div>
   <div class='ocr_carea' id='block_1_82' title="bbox 653 5032 2163 5092">
    <p class='ocr_par' dir='ltr' id='par_1_82' title="bbox 653 5032 2163 5092">
     <span class='ocr_line' id='line_1_82' title="bbox 653 5032 2163 5092; baseline 0.003 -7"><span class='ocrx_word' id='word_1_604' title='bbox 653 5032 771 5086; x_wconf 80' lang='lat' dir='ltr'><strong>Filii</strong></span> <span class='ocrx_word' id='word_1_605' title='bbox 801 5038 1146 5090; x_wconf 86' lang='lat' dir='ltr'><strong>substantiam</strong></span> <span class='ocrx_word' id='word_1_606' title='bbox 1181 5058 1195 5092; x_wconf 88' lang='lat'><strong>:</strong></span> <span class='ocrx_word' id='word_1_607' title='bbox 1228 5040 1278 5091; x_wconf 92' lang='lat' dir='ltr'><strong>id</strong></span> <span class='ocrx_word' id='word_1_608' title='bbox 1310 5041 1449 5091; x_wconf 90' lang='lat' dir='ltr'><strong>enim</strong></span> <span class='ocrx_word' id='word_1_609' title='bbox 1487 5038 1753 5091; x_wconf 80' lang='lat' dir='ltr'><strong>sexcentis</strong></span> <span class='ocrx_word' id='word_1_610' title='bbox 1788 5037 1843 5089; x_wconf 88' lang='lat' dir='ltr'><strong>in</strong></span> <span class='ocrx_word' id='word_1_611' title='bbox 1889 5037 2023 5090; x_wconf 86' lang='lat' dir='ltr'><strong>locis</strong></span> <span class='ocrx_word' id='word_1_612' title='bbox 2070 5052 2163 5089; x_wconf 84' lang='lat' dir='ltr'><strong>ex-</strong></span> 
     </span>
    </p>
   </div>
   <div class='ocr_carea' id='block_1_83' title="bbox 654 5124 2164 5190">
    <p class='ocr_par' dir='ltr' id='par_1_83' title="bbox 654 5124 2164 5190">
     <span class='ocr_line' id='line_1_83' title="bbox 654 5124 2164 5190; baseline 0.003 -16"><span class='ocrx_word' id='word_1_613' title='bbox 654 5124 819 5190; x_wconf 76' lang='lat' dir='ltr'><strong>plodit</strong></span> <span class='ocrx_word' id='word_1_614' title='bbox 851 5124 955 5187; x_wconf 90' lang='lat' dir='ltr'><strong>ille,</strong></span> <span class='ocrx_word' id='word_1_615' title='bbox 989 5134 1039 5176; x_wconf 91' lang='lat' dir='ltr'><strong>et</strong></span> <span class='ocrx_word' id='word_1_616' title='bbox 1076 5137 1135 5178; x_wconf 91' lang='lat' dir='ltr'><strong>ut</strong></span> <span class='ocrx_word' id='word_1_617' title='bbox 1176 5127 1391 5182; x_wconf 91' lang='lat' dir='ltr'><strong>Sabellii</strong></span> <span class='ocrx_word' id='word_1_618' title='bbox 1428 5127 1722 5189; x_wconf 79' lang='lat' dir='ltr'><strong>doctrinam</strong></span> <span class='ocrx_word' id='word_1_619' title='bbox 1766 5126 2025 5190; x_wconf 86' lang='lat' dir='ltr'><strong>traducit;</strong></span> <span class='ocrx_word' id='word_1_620' title='bbox 2070 5128 2164 5179; x_wconf 86' lang='lat' dir='ltr'><strong>sed</strong></span> 
     </span>
    </p>
   </div>
   <div class='ocr_carea' id='block_1_84' title="bbox 655 5212 2167 5285">
    <p class='ocr_par' dir='ltr' id='par_1_84' title="bbox 655 5212 2167 5285">
     <span class='ocr_line' id='line_1_84' title="bbox 655 5212 2167 5285; baseline 0.001 -20"><span class='ocrx_word' id='word_1_621' title='bbox 655 5213 795 5281; x_wconf 87' lang='lat' dir='ltr'><strong>quod</strong></span> <span class='ocrx_word' id='word_1_622' title='bbox 840 5212 1188 5268; x_wconf 80' lang='lat' dir='ltr'><strong>substantiam</strong></span> <span class='ocrx_word' id='word_1_623' title='bbox 1227 5232 1256 5269; x_wconf 86' lang='lat' dir='ltr'><strong>a</strong></span> <span class='ocrx_word' id='word_1_624' title='bbox 1301 5229 1538 5285; x_wconf 86' lang='lat' dir='ltr'><strong>paterna,</strong></span> <span class='ocrx_word' id='word_1_625' title='bbox 1582 5215 1754 5283; x_wconf 90' lang='lat' dir='ltr'><strong>quoad</strong></span> <span class='ocrx_word' id='word_1_626' title='bbox 1796 5215 2075 5283; x_wconf 83' lang='lat' dir='ltr'><strong>imaginem</strong></span> <span class='ocrx_word' id='word_1_627' title='bbox 2115 5222 2167 5269; x_wconf 83' lang='lat' dir='ltr'><strong>et</strong></span> 
     </span>
    </p>
   </div>
   <div class='ocr_carea' id='block_1_85' title="bbox 658 5296 2164 5369">
    <p class='ocr_par' dir='ltr' id='par_1_85' title="bbox 658 5296 2164 5369">
     <span class='ocr_line' id='line_1_85' title="bbox 658 5296 2164 5369; baseline 0.003 -20"><span class='ocrx_word' id='word_1_628' title='bbox 658 5296 1077 5357; x_wconf 89' lang='lat' dir='ltr'><strong>similitudinem,</strong></span> <span class='ocrx_word' id='word_1_629' title='bbox 1101 5315 1404 5365; x_wconf 78' lang='lat' dir='ltr'><strong>expressam</strong></span> <span class='ocrx_word' id='word_1_630' title='bbox 1437 5302 1717 5369; x_wconf 75' lang='lat' dir='ltr'><strong>acceperit,</strong></span> <span class='ocrx_word' id='word_1_631' title='bbox 1747 5301 1868 5354; x_wconf 91' lang='lat' dir='ltr'><strong>licet</strong></span> <span class='ocrx_word' id='word_1_632' title='bbox 1907 5302 2164 5356; x_wconf 85' lang='lat' dir='ltr'><strong>minorem</strong></span> 
     </span>
    </p>
   </div>
   <div class='ocr_carea' id='block_1_86' title="bbox 656 5385 2168 5460">
    <p class='ocr_par' dir='ltr' id='par_1_86' title="bbox 656 5385 2168 5460">
     <span class='ocr_line' id='line_1_86' title="bbox 656 5385 2168 5460; baseline 0.007 -25"><span class='ocrx_word' id='word_1_633' title='bbox 656 5397 709 5439; x_wconf 71' lang='lat' dir='ltr'><strong>rt</strong></span> <span class='ocrx_word' id='word_1_634' title='bbox 750 5387 900 5453; x_wconf 75' lang='lat' dir='ltr'><strong>longe</strong></span> <span class='ocrx_word' id='word_1_635' title='bbox 944 5385 1196 5451; x_wconf 88' lang='lat' dir='ltr'><strong>imparem</strong></span> <span class='ocrx_word' id='word_1_636' title='bbox 1243 5407 1255 5440; x_wconf 70' lang='grc' dir='ltr'><strong>ι</strong></span> <span class='ocrx_word' id='word_1_637' title='bbox 1300 5391 1427 5443; x_wconf 88' lang='lat' dir='ltr'><strong>illud</strong></span> <span class='ocrx_word' id='word_1_638' title='bbox 1469 5407 1627 5459; x_wconf 88' lang='lat' dir='ltr'><strong>porro</strong></span> <span class='ocrx_word' id='word_1_639' title='bbox 1668 5391 1885 5460; x_wconf 90' lang='lat' dir='ltr'><strong>perinde</strong></span> <span class='ocrx_word' id='word_1_640' title='bbox 1925 5400 2081 5459; x_wconf 88' lang='lat' dir='ltr'><strong>atque</strong></span> <span class='ocrx_word' id='word_1_641' title='bbox 2111 5394 2168 5445; x_wconf 85' lang='grc' dir='ltr'>τὸ</span> 
     </span>
    </p>
   </div>
   <div class='ocr_carea' id='block_1_87' title="bbox 656 5475 2164 5546">
    <p class='ocr_par' dir='ltr' id='par_1_87' title="bbox 656 5475 2164 5546">
     <span class='ocr_line' id='line_1_87' title="bbox 656 5475 2164 5546; baseline 0.008 -21"><span class='ocrx_word' id='word_1_642' title='bbox 656 5475 948 5542; x_wconf 79' lang='grc' dir='ltr'><strong>ὁμοούσιον,</strong></span> <span class='ocrx_word' id='word_1_643' title='bbox 974 5476 1096 5542; x_wconf 85' lang='lat' dir='ltr'><strong>quia</strong></span> <span class='ocrx_word' id='word_1_644' title='bbox 1124 5476 1173 5526; x_wconf 89' lang='lat' dir='ltr'><strong>in</strong></span> <span class='ocrx_word' id='word_1_645' title='bbox 1206 5475 1411 5530; x_wconf 68' lang='lat' dir='ltr'><strong>Nicaena</strong></span> <span class='ocrx_word' id='word_1_646' title='bbox 1443 5481 1541 5535; x_wconf 81' lang='lat' dir='ltr'><strong>[ide</strong></span> <span class='ocrx_word' id='word_1_647' title='bbox 1572 5483 1951 5546; x_wconf 85' lang='lat' dir='ltr'><strong>contineretur,</strong></span> <span class='ocrx_word' id='word_1_648' title='bbox 1979 5482 2164 5537; x_wconf 58' lang='lat' dir='ltr'><strong>admito</strong></span> 
     </span>
    </p>
   </div>
   <div class='ocr_carea' id='block_1_88' title="bbox 658 5574 1144 5618">
    <p class='ocr_par' dir='ltr' id='par_1_88' title="bbox 658 5574 1144 5618">
     <span class='ocr_line' id='line_1_88' title="bbox 658 5574 1144 5618; baseline 0.002 -1"><span class='ocrx_word' id='word_1_649' title='bbox 658 5575 768 5618; x_wconf 88' lang='lat' dir='ltr'><strong>tere</strong></span> <span class='ocrx_word' id='word_1_650' title='bbox 798 5574 1014 5618; x_wconf 89' lang='lat' dir='ltr'><strong>coactus</strong></span> <span class='ocrx_word' id='word_1_651' title='bbox 1046 5576 1144 5618; x_wconf 86' lang='lat' dir='ltr'><strong>est.</strong></span> 
     </span>
    </p>
   </div>
   <div class='ocr_carea' id='block_1_89' title="bbox 729 5716 1793 5789">
    <p class='ocr_par' dir='ltr' id='par_1_89' title="bbox 729 5716 1793 5789">
     <span class='ocr_line' id='line_1_89' title="bbox 729 5716 1793 5789; baseline 0.008 -21"><span class='ocrx_word' id='word_1_652' title='bbox 729 5720 802 5783; x_wconf 71' lang='lat' dir='ltr'><strong>ta)</strong></span> <span class='ocrx_word' id='word_1_653' title='bbox 843 5716 1019 5772; x_wconf 86' lang='lat' dir='ltr'><strong>Contr.</strong></span> <span class='ocrx_word' id='word_1_654' title='bbox 1055 5717 1282 5771; x_wconf 80' lang='lat' dir='ltr'><strong>Marcell.</strong></span> <span class='ocrx_word' id='word_1_655' title='bbox 1313 5719 1403 5773; x_wconf 87' lang='lat' dir='ltr'><strong>lib.</strong></span> <span class='ocrx_word' id='word_1_656' title='bbox 1435 5734 1474 5784; x_wconf 81' lang='grc' dir='ltr'>ι,</span> <span class='ocrx_word' id='word_1_657' title='bbox 1512 5736 1562 5789; x_wconf 88' lang='lat' dir='ltr'><strong>p.</strong></span> <span class='ocrx_word' id='word_1_658' title='bbox 1591 5722 1676 5787; x_wconf 82' lang='lat' dir='ltr'><strong>G7,</strong></span> <span class='ocrx_word' id='word_1_659' title='bbox 1707 5723 1793 5778; x_wconf 85' lang='lat'><strong>69.</strong></span> 
     </span>
    </p>
   </div>
   <div class='ocr_carea' id='block_1_90' title="bbox 2260 3257 3641 3328">
    <p class='ocr_par' dir='ltr' id='par_1_90' title="bbox 2260 3257 3641 3328">
     <span class='ocr_line' id='line_1_90' title="bbox 2260 3257 3641 3328; baseline 0.001 -16"><span class='ocrx_word' id='word_1_660' title='bbox 2260 3259 2364 3312; x_wconf 91' lang='lat' dir='ltr'><strong>dici</strong></span> <span class='ocrx_word' id='word_1_661' title='bbox 2396 3258 2596 3328; x_wconf 81' lang='lat' dir='ltr'><strong>possit;</strong></span> <span class='ocrx_word' id='word_1_662' title='bbox 2627 3258 2718 3311; x_wconf 90' lang='lat' dir='ltr'><strong>sed</strong></span> <span class='ocrx_word' id='word_1_663' title='bbox 2747 3257 2821 3309; x_wconf 89' lang='lat' dir='ltr'><strong>ait</strong></span> <span class='ocrx_word' id='word_1_664' title='bbox 2850 3257 2999 3310; x_wconf 91' lang='lat' dir='ltr'><strong>illum</strong></span> <span class='ocrx_word' id='word_1_665' title='bbox 3029 3257 3333 3325; x_wconf 77' lang='lat' dir='ltr'><strong>imaginem</strong></span> <span class='ocrx_word' id='word_1_666' title='bbox 3366 3276 3491 3312; x_wconf 87' lang='lat' dir='ltr'><strong>non</strong></span> <span class='ocrx_word' id='word_1_667' title='bbox 3526 3277 3641 3313; x_wconf 78' lang='lat' dir='ltr'><strong>mm</strong></span> 
     </span>
    </p>
   </div>
   <div class='ocr_carea' id='block_1_91' title="bbox 2261 3347 3642 3416">
    <p class='ocr_par' dir='ltr' id='par_1_91' title="bbox 2261 3347 3642 3416">
     <span class='ocr_line' id='line_1_91' title="bbox 2261 3347 3642 3416; baseline 0.002 -15"><span class='ocrx_word' id='word_1_668' title='bbox 2261 3348 2407 3411; x_wconf 87' lang='lat' dir='ltr'><strong>tatis,</strong></span> <span class='ocrx_word' id='word_1_669' title='bbox 2459 3347 2553 3401; x_wconf 86' lang='lat' dir='ltr'><strong>sed</strong></span> <span class='ocrx_word' id='word_1_670' title='bbox 2597 3348 2755 3400; x_wconf 88' lang='lat' dir='ltr'><strong>etiam</strong></span> <span class='ocrx_word' id='word_1_671' title='bbox 2803 3347 3024 3398; x_wconf 79' lang='lat' dir='ltr'><strong>unitatis</strong></span> <span class='ocrx_word' id='word_1_672' title='bbox 3063 3353 3313 3414; x_wconf 62' lang='lat' dir='ltr'><strong>paterna</strong></span> <span class='ocrx_word' id='word_1_673' title='bbox 3362 3350 3642 3416; x_wconf 81' lang='lat' dir='ltr'><strong>perfectis</strong></span> 
     </span>
    </p>
   </div>
   <div class='ocr_carea' id='block_1_92' title="bbox 2262 3435 3633 3508">
    <p class='ocr_par' dir='ltr' id='par_1_92' title="bbox 2262 3435 3633 3508">
     <span class='ocr_line' id='line_1_92' title="bbox 2262 3435 3633 3508; baseline 0.001 -17"><span class='ocrx_word' id='word_1_674' title='bbox 2262 3452 2411 3499; x_wconf 88' lang='lat' dir='ltr'><strong>esse,</strong></span> <span class='ocrx_word' id='word_1_675' title='bbox 2447 3444 2608 3505; x_wconf 89' lang='lat' dir='ltr'><strong>atque</strong></span> <span class='ocrx_word' id='word_1_676' title='bbox 2638 3436 2754 3488; x_wconf 85' lang='lat' dir='ltr'><strong>ideo</strong></span> <span class='ocrx_word' id='word_1_677' title='bbox 2781 3435 3026 3488; x_wconf 41' lang='lat' dir='ltr'><strong>extPatre</strong></span> <span class='ocrx_word' id='word_1_678' title='bbox 3046 3435 3450 3502; x_wconf 80' lang='lat' dir='ltr'><strong>prodeuntem,</strong></span> <span class='ocrx_word' id='word_1_679' title='bbox 3489 3443 3633 3508; x_wconf 85' lang='lat' dir='ltr'><strong>quia</strong></span> 
     </span>
    </p>
   </div>
   <div class='ocr_carea' id='block_1_93' title="bbox 2261 3525 3642 3599">
    <p class='ocr_par' dir='ltr' id='par_1_93' title="bbox 2261 3525 3642 3599">
     <span class='ocr_line' id='line_1_93' title="bbox 2261 3525 3642 3599; baseline 0.001 -19"><span class='ocrx_word' id='word_1_680' title='bbox 2261 3529 2359 3581; x_wconf 86' lang='lat' dir='ltr'><strong>tris</strong></span> <span class='ocrx_word' id='word_1_681' title='bbox 2400 3525 2798 3581; x_wconf 82' lang='lat' dir='ltr'><strong>similitudinem</strong></span> <span class='ocrx_word' id='word_1_682' title='bbox 2841 3526 2910 3579; x_wconf 91' lang='lat' dir='ltr'><strong>sit</strong></span> <span class='ocrx_word' id='word_1_683' title='bbox 2947 3539 3219 3593; x_wconf 81' lang='lat' dir='ltr'><strong>expressa,</strong></span> <span class='ocrx_word' id='word_1_684' title='bbox 3276 3528 3435 3580; x_wconf 78' lang='grc' dir='ltr'>κατὰ</span> <span class='ocrx_word' id='word_1_685' title='bbox 3477 3530 3642 3599; x_wconf 76' lang='grc' dir='ltr'><strong>γνὼμ</strong></span> 
     </span>
    </p>
   </div>
   <div class='ocr_carea' id='block_1_94' title="bbox 2265 3614 3632 3686">
    <p class='ocr_par' dir='ltr' id='par_1_94' title="bbox 2265 3614 3632 3686">
     <span class='ocr_line' id='line_1_94' title="bbox 2265 3614 3632 3686; baseline 0.002 -19"><span class='ocrx_word' id='word_1_686' title='bbox 2265 3616 2592 3686; x_wconf 82' lang='grc' dir='ltr'><strong>προαίρεσιν,</strong></span> <span class='ocrx_word' id='word_1_687' title='bbox 2620 3615 2670 3667; x_wconf 87' lang='lat' dir='ltr'><strong>id</strong></span> <span class='ocrx_word' id='word_1_688' title='bbox 2695 3625 2795 3677; x_wconf 88' lang='lat' dir='ltr'><strong>est,</strong></span> <span class='ocrx_word' id='word_1_689' title='bbox 2822 3630 2887 3667; x_wconf 83' lang='lat' dir='ltr'><strong>ex</strong></span> <span class='ocrx_word' id='word_1_690' title='bbox 2910 3614 3186 3667; x_wconf 82' lang='lat' dir='ltr'><strong>voluntate</strong></span> <span class='ocrx_word' id='word_1_691' title='bbox 3215 3623 3278 3668; x_wconf 84' lang='lat' dir='ltr'><strong>et</strong></span> <span class='ocrx_word' id='word_1_692' title='bbox 3310 3619 3632 3686; x_wconf 82' lang='lat' dir='ltr'><strong>proposito</strong></span> 
     </span>
    </p>
   </div>
   <div class='ocr_carea' id='block_1_95' title="bbox 2264 3705 3642 3778">
    <p class='ocr_par' dir='ltr' id='par_1_95' title="bbox 2264 3705 3642 3778">
     <span class='ocr_line' id='line_1_95' title="bbox 2264 3705 3642 3778; baseline 0.001 -18"><span class='ocrx_word' id='word_1_693' title='bbox 2264 3722 2369 3760; x_wconf 76' lang='lat' dir='ltr'><strong>non</strong></span> <span class='ocrx_word' id='word_1_694' title='bbox 2403 3723 2467 3760; x_wconf 84' lang='lat' dir='ltr'><strong>ex</strong></span> <span class='ocrx_word' id='word_1_695' title='bbox 2494 3714 2697 3758; x_wconf 70' lang='lat' dir='ltr'><strong>natura:</strong></span> <span class='ocrx_word' id='word_1_696' title='bbox 2722 3705 3071 3768; x_wconf 90' lang='lat' dir='ltr'><strong>necessitate;</strong></span> <span class='ocrx_word' id='word_1_697' title='bbox 3099 3718 3219 3771; x_wconf 67' lang='lat' dir='ltr'><strong>qua:</strong></span> <span class='ocrx_word' id='word_1_698' title='bbox 3260 3715 3470 3761; x_wconf 87' lang='lat' dir='ltr'><strong>tamen</strong></span> <span class='ocrx_word' id='word_1_699' title='bbox 3506 3711 3642 3778; x_wconf 61' lang='lat' dir='ltr'><strong>ima;</strong></span> 
     </span>
    </p>
   </div>
   <div class='ocr_carea' id='block_1_96' title="bbox 2265 3794 3639 3870">
    <p class='ocr_par' dir='ltr' id='par_1_96' title="bbox 2265 3794 3639 3870">
     <span class='ocr_line' id='line_1_96' title="bbox 2265 3794 3639 3870; baseline 0.003 -21"><span class='ocrx_word' id='word_1_700' title='bbox 2265 3798 2383 3849; x_wconf 88' lang='lat' dir='ltr'><strong>sita</strong></span> <span class='ocrx_word' id='word_1_701' title='bbox 2402 3804 2625 3863; x_wconf 84' lang='lat' dir='ltr'><strong>paterna</strong></span> <span class='ocrx_word' id='word_1_702' title='bbox 2655 3794 2874 3856; x_wconf 89' lang='lat' dir='ltr'><strong>Deitate,</strong></span> <span class='ocrx_word' id='word_1_703' title='bbox 2910 3794 3103 3853; x_wconf 91' lang='lat' dir='ltr'><strong>minor,</strong></span> <span class='ocrx_word' id='word_1_704' title='bbox 3127 3794 3340 3862; x_wconf 87' lang='lat' dir='ltr'><strong>impar,</strong></span> <span class='ocrx_word' id='word_1_705' title='bbox 3372 3813 3511 3867; x_wconf 74' lang='lat' dir='ltr'><strong>quae</strong></span> <span class='ocrx_word' id='word_1_706' title='bbox 3538 3800 3639 3870; x_wconf 79' lang='lat' dir='ltr'><strong>dig</strong></span> 
     </span>
    </p>
   </div>
   <div class='ocr_carea' id='block_1_97' title="bbox 2264 3878 3641 3957">
    <p class='ocr_par' dir='ltr' id='par_1_97' title="bbox 2264 3878 3641 3957">
     <span class='ocr_line' id='line_1_97' title="bbox 2264 3878 3641 3957; baseline 0.006 -23"><span class='ocrx_word' id='word_1_707' title='bbox 2264 3880 2475 3950; x_wconf 82' lang='lat' dir='ltr'><strong>quidem</strong></span> <span class='ocrx_word' id='word_1_708' title='bbox 2500 3878 2673 3934; x_wconf 91' lang='lat' dir='ltr'><strong>Patris</strong></span> <span class='ocrx_word' id='word_1_709' title='bbox 2694 3880 2749 3932; x_wconf 90' lang='lat' dir='ltr'><strong>in</strong></span> <span class='ocrx_word' id='word_1_710' title='bbox 2776 3887 2897 3932; x_wconf 90' lang='lat' dir='ltr'><strong>ortu</strong></span> <span class='ocrx_word' id='word_1_711' title='bbox 2922 3894 3019 3933; x_wconf 90' lang='lat' dir='ltr'><strong>suo</strong></span> <span class='ocrx_word' id='word_1_712' title='bbox 3039 3881 3130 3935; x_wconf 90' lang='lat' dir='ltr'><strong>Dei</strong></span> <span class='ocrx_word' id='word_1_713' title='bbox 3155 3897 3378 3938; x_wconf 89' lang='lat' dir='ltr'><strong>nomen</strong></span> <span class='ocrx_word' id='word_1_714' title='bbox 3408 3901 3641 3957; x_wconf 54' lang='lat' dir='ltr'><strong>accepe‘</strong></span> 
     </span>
    </p>
   </div>
   <div class='ocr_carea' id='block_1_98' title="bbox 2265 3967 3131 4035">
    <p class='ocr_par' dir='ltr' id='par_1_98' title="bbox 2265 3967 3131 4035">
     <span class='ocr_line' id='line_1_98' title="bbox 2265 3967 3131 4035; baseline -0.001 -13"><span class='ocrx_word' id='word_1_715' title='bbox 2265 3984 2371 4022; x_wconf 87' lang='lat' dir='ltr'><strong>non</strong></span> <span class='ocrx_word' id='word_1_716' title='bbox 2400 3975 2605 4021; x_wconf 79' lang='lat' dir='ltr'><strong>verect</strong></span> <span class='ocrx_word' id='word_1_717' title='bbox 2633 3968 2844 4035; x_wconf 85' lang='lat' dir='ltr'><strong>proprie</strong></span> <span class='ocrx_word' id='word_1_718' title='bbox 2874 3967 3015 4022; x_wconf 89' lang='lat' dir='ltr'><strong>Deus</strong></span> <span class='ocrx_word' id='word_1_719' title='bbox 3043 3970 3131 4022; x_wconf 85' lang='lat' dir='ltr'><strong>sit.</strong></span> 
     </span>
    </p>
   </div>
   <div class='ocr_carea' id='block_1_99' title="bbox 2334 4056 3642 4121">
    <p class='ocr_par' dir='ltr' id='par_1_99' title="bbox 2334 4056 3642 4121">
     <span class='ocr_line' id='line_1_99' title="bbox 2334 4056 3642 4121; baseline 0.009 -11"><span class='ocrx_word' id='word_1_720' title='bbox 2334 4057 2406 4110; x_wconf 72' lang='lat' dir='ltr'><strong>Et</strong></span> <span class='ocrx_word' id='word_1_721' title='bbox 2451 4056 2559 4111; x_wconf 86' lang='lat' dir='ltr'><strong>Deo</strong></span> <span class='ocrx_word' id='word_1_722' title='bbox 2587 4064 2760 4111; x_wconf 88' lang='lat' dir='ltr'><strong>autem</strong></span> <span class='ocrx_word' id='word_1_723' title='bbox 2794 4066 2846 4111; x_wconf 91' lang='lat' dir='ltr'><strong>et</strong></span> <span class='ocrx_word' id='word_1_724' title='bbox 2880 4073 2943 4111; x_wconf 81' lang='lat' dir='ltr'><strong>ex</strong></span> <span class='ocrx_word' id='word_1_725' title='bbox 2980 4058 3296 4114; x_wconf 87' lang='lat' dir='ltr'><strong>substantia</strong></span> <span class='ocrx_word' id='word_1_726' title='bbox 3347 4063 3461 4118; x_wconf 91' lang='lat' dir='ltr'><strong>Dei</strong></span> <span class='ocrx_word' id='word_1_727' title='bbox 3503 4081 3642 4121; x_wconf 88' lang='lat' dir='ltr'><strong>esse</strong></span> 
     </span>
    </p>
   </div>
   <div class='ocr_carea' id='block_1_100' title="bbox 2265 4147 3642 4218">
    <p class='ocr_par' dir='ltr' id='par_1_100' title="bbox 2265 4147 3642 4218">
     <span class='ocr_line' id='line_1_100' title="bbox 2265 4147 3642 4218; baseline 0.005 -15"><span class='ocrx_word' id='word_1_728' title='bbox 2265 4148 2393 4203; x_wconf 89' lang='lat' dir='ltr'><strong>dicit</strong></span> <span class='ocrx_word' id='word_1_729' title='bbox 2423 4149 2629 4201; x_wconf 87' lang='lat' dir='ltr'><strong>ratione</strong></span> <span class='ocrx_word' id='word_1_730' title='bbox 2676 4147 3070 4213; x_wconf 82' lang='lat' dir='ltr'><strong>similitudinis;</strong></span> <span class='ocrx_word' id='word_1_731' title='bbox 3125 4154 3642 4218; x_wconf 82' lang='lat' dir='ltr'><strong>quemadmodum</strong></span> 
     </span>
    </p>
   </div>
   <div class='ocr_carea' id='block_1_101' title="bbox 2266 4238 3637 4307">
    <p class='ocr_par' dir='ltr' id='par_1_101' title="bbox 2266 4238 3637 4307">
     <span class='ocr_line' id='line_1_101' title="bbox 2266 4238 3637 4307; baseline 0.008 -16"><span class='ocrx_word' id='word_1_732' title='bbox 2266 4239 2561 4307; x_wconf 74' lang='lat' dir='ltr'><strong>cuiuspiam</strong></span> <span class='ocrx_word' id='word_1_733' title='bbox 2593 4252 2623 4290; x_wconf 88' lang='lat' dir='ltr'><strong>a</strong></span> <span class='ocrx_word' id='word_1_734' title='bbox 2649 4238 2976 4306; x_wconf 91' lang='lat' dir='ltr'><strong>peritissimo</strong></span> <span class='ocrx_word' id='word_1_735' title='bbox 3008 4239 3212 4306; x_wconf 88' lang='lat' dir='ltr'><strong>pictore</strong></span> <span class='ocrx_word' id='word_1_736' title='bbox 3245 4245 3637 4301; x_wconf 86' lang='lat' dir='ltr'><strong>concinnata</strong></span> 
     </span>
    </p>
   </div>
   <div class='ocr_carea' id='block_1_102' title="bbox 2266 4330 3642 4404">
    <p class='ocr_par' dir='ltr' id='par_1_102' title="bbox 2266 4330 3642 4404">
     <span class='ocr_line' id='line_1_102' title="bbox 2266 4330 3642 4404; baseline 0.009 -23"><span class='ocrx_word' id='word_1_737' title='bbox 2266 4335 2317 4381; x_wconf 91' lang='lat' dir='ltr'><strong>et</strong></span> <span class='ocrx_word' id='word_1_738' title='bbox 2343 4342 2405 4381; x_wconf 82' lang='lat' dir='ltr'><strong>ex</strong></span> <span class='ocrx_word' id='word_1_739' title='bbox 2438 4342 2664 4394; x_wconf 88' lang='lat' dir='ltr'><strong>persona</strong></span> <span class='ocrx_word' id='word_1_740' title='bbox 2696 4330 2811 4395; x_wconf 82' lang='lat' dir='ltr'><strong>ejus</strong></span> <span class='ocrx_word' id='word_1_741' title='bbox 2842 4342 3095 4396; x_wconf 81' lang='lat' dir='ltr'><strong>expressa</strong></span> <span class='ocrx_word' id='word_1_742' title='bbox 3125 4343 3389 4401; x_wconf 90' lang='lat' dir='ltr'><strong>eumque</strong></span> <span class='ocrx_word' id='word_1_743' title='bbox 3424 4339 3642 4404; x_wconf 82' lang='lat' dir='ltr'><strong>perfec</strong></span> 
     </span>
    </p>
   </div>
   <div class='ocr_carea' id='block_1_103' title="bbox 2268 4420 3641 4486">
    <p class='ocr_par' dir='ltr' id='par_1_103' title="bbox 2268 4420 3641 4486">
     <span class='ocr_line' id='line_1_103' title="bbox 2268 4420 3641 4486; baseline 0.009 -13"><span class='ocrx_word' id='word_1_744' title='bbox 2268 4421 2391 4474; x_wconf 90' lang='lat' dir='ltr'><strong>bere</strong></span> <span class='ocrx_word' id='word_1_745' title='bbox 2410 4420 2607 4473; x_wconf 90' lang='lat' dir='ltr'><strong>dicitur</strong></span> <span class='ocrx_word' id='word_1_746' title='bbox 2631 4438 2643 4473; x_wconf 91' lang='lat'><strong>:</strong></span> <span class='ocrx_word' id='word_1_747' title='bbox 2670 4420 2769 4473; x_wconf 90' lang='lat' dir='ltr'><strong>etsi</strong></span> <span class='ocrx_word' id='word_1_748' title='bbox 2795 4420 3011 4473; x_wconf 88' lang='lat' dir='ltr'><strong>alterius</strong></span> <span class='ocrx_word' id='word_1_749' title='bbox 3033 4429 3085 4473; x_wconf 92' lang='lat' dir='ltr'><strong>et</strong></span> <span class='ocrx_word' id='word_1_750' title='bbox 3106 4420 3357 4478; x_wconf 71' lang='lat' dir='ltr'><strong>diversae</strong></span> <span class='ocrx_word' id='word_1_751' title='bbox 3380 4430 3641 4486; x_wconf 83' lang='lat' dir='ltr'><strong>substar</strong></span> 
     </span>
    </p>
   </div>
   <div class='ocr_carea' id='block_1_104' title="bbox 2268 4508 3635 4574">
    <p class='ocr_par' dir='ltr' id='par_1_104' title="bbox 2268 4508 3635 4574">
     <span class='ocr_line' id='line_1_104' title="bbox 2268 4508 3635 4574; baseline 0.009 -11"><span class='ocrx_word' id='word_1_752' title='bbox 2268 4510 2341 4563; x_wconf 89' lang='lat' dir='ltr'><strong>ita</strong></span> <span class='ocrx_word' id='word_1_753' title='bbox 2377 4509 2563 4573; x_wconf 87' lang='lat' dir='ltr'><strong>Filius,</strong></span> <span class='ocrx_word' id='word_1_754' title='bbox 2601 4510 2891 4563; x_wconf 87' lang='lat' dir='ltr'><strong>secundum</strong></span> <span class='ocrx_word' id='word_1_755' title='bbox 2926 4508 3236 4573; x_wconf 87' lang='lat' dir='ltr'><strong>Eusebium,</strong></span> <span class='ocrx_word' id='word_1_756' title='bbox 3287 4528 3369 4567; x_wconf 83' lang='lat' dir='ltr'><strong>ex</strong></span> <span class='ocrx_word' id='word_1_757' title='bbox 3408 4520 3635 4574; x_wconf 85' lang='lat' dir='ltr'><strong>substa</strong></span> 
     </span>
    </p>
   </div>
   <div class='ocr_carea' id='block_1_105' title="bbox 2266 4597 3599 4675">
    <p class='ocr_par' dir='ltr' id='par_1_105' title="bbox 2266 4597 3599 4675">
     <span class='ocr_line' id='line_1_105' title="bbox 2266 4597 3599 4675; baseline 0.006 -24"><span class='ocrx_word' id='word_1_758' title='bbox 2266 4606 2317 4653; x_wconf 91' lang='lat' dir='ltr'><strong>et</strong></span> <span class='ocrx_word' id='word_1_759' title='bbox 2348 4614 2409 4651; x_wconf 81' lang='lat' dir='ltr'><strong>ex</strong></span> <span class='ocrx_word' id='word_1_760' title='bbox 2440 4597 2551 4652; x_wconf 77' lang='lat' dir='ltr'><strong>Deo‘</strong></span> <span class='ocrx_word' id='word_1_761' title='bbox 2576 4614 2694 4652; x_wconf 90' lang='lat' dir='ltr'><strong>esse</strong></span> <span class='ocrx_word' id='word_1_762' title='bbox 2731 4598 2947 4662; x_wconf 91' lang='lat' dir='ltr'><strong>dicitur,</strong></span> <span class='ocrx_word' id='word_1_763' title='bbox 2990 4598 3080 4665; x_wconf 91' lang='lat' dir='ltr'><strong>qui</strong></span> <span class='ocrx_word' id='word_1_764' title='bbox 3129 4607 3213 4653; x_wconf 91' lang='lat' dir='ltr'><strong>est</strong></span> <span class='ocrx_word' id='word_1_765' title='bbox 3265 4601 3487 4675; x_wconf 80' lang='lat' dir='ltr'><strong>imago</strong></span> <span class='ocrx_word' id='word_1_766' title='bbox 3520 4628 3599 4664; x_wconf 77' lang='lat' dir='ltr'><strong>ex</strong></span> 
     </span>
    </p>
   </div>
   <div class='ocr_carea' id='block_1_106' title="bbox 2267 4684 3617 4755">
    <p class='ocr_par' dir='ltr' id='par_1_106' title="bbox 2267 4684 3617 4755">
     <span class='ocr_line' id='line_1_106' title="bbox 2267 4684 3617 4755; baseline 0.001 -16"><span class='ocrx_word' id='word_1_767' title='bbox 2267 4701 2470 4755; x_wconf 87' lang='lat' dir='ltr'><strong>pressa,</strong></span> <span class='ocrx_word' id='word_1_768' title='bbox 2513 4686 2675 4738; x_wconf 90' lang='lat' dir='ltr'><strong>Deum</strong></span> <span class='ocrx_word' id='word_1_769' title='bbox 2707 4684 2939 4752; x_wconf 87' lang='lat' dir='ltr'><strong>perfecte</strong></span> <span class='ocrx_word' id='word_1_770' title='bbox 2973 4694 3429 4753; x_wconf 70' lang='lat' dir='ltr'><strong>repraesentans,</strong></span> <span class='ocrx_word' id='word_1_771' title='bbox 3486 4699 3617 4750; x_wconf 74' lang='grc' dir='ltr'><strong>ριεί</strong></span> 
     </span>
    </p>
   </div>
   <div class='ocr_carea' id='block_1_107' title="bbox 2266 4773 3641 4842">
    <p class='ocr_par' dir='ltr' id='par_1_107' title="bbox 2266 4773 3641 4842">
     <span class='ocr_line' id='line_1_107' title="bbox 2266 4773 3641 4842; baseline 0.003 -15"><span class='ocrx_word' id='word_1_772' title='bbox 2266 4783 2318 4827; x_wconf 93' lang='lat' dir='ltr'><strong>et</strong></span> <span class='ocrx_word' id='word_1_773' title='bbox 2344 4775 2567 4828; x_wconf 64' lang='lat' dir='ltr'><strong>diversae</strong></span> <span class='ocrx_word' id='word_1_774' title='bbox 2600 4773 2911 4827; x_wconf 74' lang='lat' dir='ltr'><strong>substantia:</strong></span> <span class='ocrx_word' id='word_1_775' title='bbox 2951 4773 3036 4827; x_wconf 89' lang='lat' dir='ltr'><strong>sit.</strong></span> <span class='ocrx_word' id='word_1_776' title='bbox 3078 4773 3134 4825; x_wconf 79' lang='lat' dir='ltr'><strong>in</strong></span> <span class='ocrx_word' id='word_1_777' title='bbox 3168 4789 3285 4841; x_wconf 91' lang='lat' dir='ltr'><strong>quo</strong></span> <span class='ocrx_word' id='word_1_778' title='bbox 3335 4795 3505 4837; x_wconf 79' lang='lat' dir='ltr'><strong>sane</strong></span> <span class='ocrx_word' id='word_1_779' title='bbox 3544 4787 3641 4842; x_wconf 74' lang='lat' dir='ltr'><strong>Eu</strong></span> 
     </span>
    </p>
   </div>
   <div class='ocr_carea' id='block_1_108' title="bbox 2267 4863 3642 4940">
    <p class='ocr_par' dir='ltr' id='par_1_108' title="bbox 2267 4863 3642 4940">
     <span class='ocr_line' id='line_1_108' title="bbox 2267 4863 3642 4940; baseline 0.009 -23"><span class='ocrx_word' id='word_1_780' title='bbox 2267 4872 2413 4917; x_wconf 87' lang='lat' dir='ltr'><strong>recto</strong></span> <span class='ocrx_word' id='word_1_781' title='bbox 2450 4863 2798 4916; x_wconf 85' lang='lat' dir='ltr'><strong>ratiocinandi</strong></span> <span class='ocrx_word' id='word_1_782' title='bbox 2841 4877 3034 4930; x_wconf 77' lang='lat' dir='ltr'><strong>genere</strong></span> <span class='ocrx_word' id='word_1_783' title='bbox 3079 4864 3333 4921; x_wconf 86' lang='lat' dir='ltr'><strong>immane</strong></span> <span class='ocrx_word' id='word_1_784' title='bbox 3389 4888 3642 4940; x_wconf 87' lang='lat' dir='ltr'><strong>quantu</strong></span> 
     </span>
    </p>
   </div>
   <div class='ocr_carea' id='block_1_109' title="bbox 2268 4953 3641 5023">
    <p class='ocr_par' dir='ltr' id='par_1_109' title="bbox 2268 4953 3641 5023">
     <span class='ocr_line' id='line_1_109' title="bbox 2268 4953 3641 5023; baseline 0.014 -18"><span class='ocrx_word' id='word_1_785' title='bbox 2268 4961 2395 5008; x_wconf 83' lang='lat' dir='ltr'><strong>rat:</strong></span> <span class='ocrx_word' id='word_1_786' title='bbox 2429 4968 2552 5005; x_wconf 89' lang='lat' dir='ltr'><strong>nam</strong></span> <span class='ocrx_word' id='word_1_787' title='bbox 2596 4968 2661 5006; x_wconf 82' lang='lat' dir='ltr'><strong>ex</strong></span> <span class='ocrx_word' id='word_1_788' title='bbox 2703 4953 2973 5005; x_wconf 91' lang='lat' dir='ltr'><strong>communi</strong></span> <span class='ocrx_word' id='word_1_789' title='bbox 3013 4960 3066 5005; x_wconf 88' lang='lat' dir='ltr'><strong>et</strong></span> <span class='ocrx_word' id='word_1_790' title='bbox 3110 4965 3351 5022; x_wconf 83' lang='lat' dir='ltr'><strong>recepto</strong></span> <span class='ocrx_word' id='word_1_791' title='bbox 3394 4960 3641 5023; x_wconf 83' lang='lat' dir='ltr'><strong>homin</strong></span> 
     </span>
    </p>
   </div>
   <div class='ocr_carea' id='block_1_110' title="bbox 2268 5042 3630 5112">
    <p class='ocr_par' dir='ltr' id='par_1_110' title="bbox 2268 5042 3630 5112">
     <span class='ocr_line' id='line_1_110' title="bbox 2268 5042 3630 5112; baseline 0.01 -17"><span class='ocrx_word' id='word_1_792' title='bbox 2268 5046 2360 5112; x_wconf 87' lang='lat' dir='ltr'><strong>qui</strong></span> <span class='ocrx_word' id='word_1_793' title='bbox 2402 5058 2524 5096; x_wconf 90' lang='lat' dir='ltr'><strong>vere</strong></span> <span class='ocrx_word' id='word_1_794' title='bbox 2569 5042 2820 5109; x_wconf 77' lang='lat' dir='ltr'><strong>gignitur,</strong></span> <span class='ocrx_word' id='word_1_795' title='bbox 2871 5043 3133 5112; x_wconf 76' lang='lat' dir='ltr'><strong>gignentis</strong></span> <span class='ocrx_word' id='word_1_796' title='bbox 3185 5045 3630 5109; x_wconf 79' lang='lat' dir='ltr'><strong>substantiam</strong></span> 
     </span>
    </p>
   </div>
   <div class='ocr_carea' id='block_1_111' title="bbox 2270 5134 3642 5215">
    <p class='ocr_par' dir='ltr' id='par_1_111' title="bbox 2270 5134 3642 5215">
     <span class='ocr_line' id='line_1_111' title="bbox 2270 5134 3642 5215; baseline 0.009 -30"><span class='ocrx_word' id='word_1_797' title='bbox 2270 5135 2634 5200; x_wconf 77' lang='lat' dir='ltr'><strong>integramque</strong></span> <span class='ocrx_word' id='word_1_798' title='bbox 2685 5135 2901 5202; x_wconf 90' lang='lat' dir='ltr'><strong>accipit,</strong></span> <span class='ocrx_word' id='word_1_799' title='bbox 2957 5143 3015 5187; x_wconf 93' lang='lat' dir='ltr'><strong>ut</strong></span> <span class='ocrx_word' id='word_1_800' title='bbox 3058 5134 3198 5186; x_wconf 77' lang='lat' dir='ltr'><strong>filius</strong></span> <span class='ocrx_word' id='word_1_801' title='bbox 3244 5144 3481 5195; x_wconf 80' lang='lat' dir='ltr'><strong>vocari</strong></span> <span class='ocrx_word' id='word_1_802' title='bbox 3552 5162 3642 5215; x_wconf 71' lang='lat' dir='ltr'><strong>po</strong></span> 
     </span>
    </p>
   </div>
   <div class='ocr_carea' id='block_1_112' title="bbox 2270 5221 3588 5294">
    <p class='ocr_par' dir='ltr' id='par_1_112' title="bbox 2270 5221 3588 5294">
     <span class='ocr_line' id='line_1_112' title="bbox 2270 5221 3588 5294; baseline 0.014 -22"><span class='ocrx_word' id='word_1_803' title='bbox 2270 5223 2463 5289; x_wconf 82' lang='lat' dir='ltr'><strong>quippe.</strong></span> <span class='ocrx_word' id='word_1_804' title='bbox 2515 5229 2596 5274; x_wconf 86' lang='lat' dir='ltr'><strong>est</strong></span> <span class='ocrx_word' id='word_1_805' title='bbox 2647 5221 2739 5274; x_wconf 79' lang='lat' dir='ltr'><strong>filii</strong></span> <span class='ocrx_word' id='word_1_806' title='bbox 2788 5226 3002 5294; x_wconf 90' lang='lat' dir='ltr'><strong>proprie</strong></span> <span class='ocrx_word' id='word_1_807' title='bbox 3053 5223 3179 5275; x_wconf 90' lang='lat' dir='ltr'><strong>dicti</strong></span> <span class='ocrx_word' id='word_1_808' title='bbox 3232 5228 3438 5293; x_wconf 78' lang='lat' dir='ltr'><strong>ratio,</strong></span> <span class='ocrx_word' id='word_1_809' title='bbox 3513 5246 3588 5290; x_wconf 75' lang='lat' dir='ltr'><strong>ut</strong></span> 
     </span>
    </p>
   </div>
   <div class='ocr_carea' id='block_1_113' title="bbox 2270 5307 3641 5382">
    <p class='ocr_par' dir='ltr' id='par_1_113' title="bbox 2270 5307 3641 5382">
     <span class='ocr_line' id='line_1_113' title="bbox 2270 5307 3641 5382; baseline 0.011 -22"><span class='ocrx_word' id='word_1_810' title='bbox 2270 5324 2489 5376; x_wconf 90' lang='lat' dir='ltr'><strong>prorsus</strong></span> <span class='ocrx_word' id='word_1_811' title='bbox 2525 5324 2682 5377; x_wconf 87' lang='lat' dir='ltr'><strong>quam</strong></span> <span class='ocrx_word' id='word_1_812' title='bbox 2713 5319 2866 5378; x_wconf 88' lang='lat' dir='ltr'><strong>pater</strong></span> <span class='ocrx_word' id='word_1_813' title='bbox 2898 5324 3135 5366; x_wconf 87' lang='lat' dir='ltr'><strong>naturam</strong></span> <span class='ocrx_word' id='word_1_814' title='bbox 3177 5307 3468 5372; x_wconf 80' lang='lat' dir='ltr'><strong>obtineat</strong></span> <span class='ocrx_word' id='word_1_815' title='bbox 3489 5339 3510 5380; x_wconf 83' lang='lat'><strong>:</strong></span> <span class='ocrx_word' id='word_1_816' title='bbox 3566 5330 3641 5382; x_wconf 32' lang='lat' dir='ltr'><strong>ait</strong></span> 
     </span>
    </p>
   </div>
   <div class='ocr_carea' id='block_1_114' title="bbox 2272 5398 3642 5480">
    <p class='ocr_par' dir='ltr' id='par_1_114' title="bbox 2272 5398 3642 5480">
     <span class='ocr_line' id='line_1_114' title="bbox 2272 5398 3642 5480; baseline 0.01 -32"><span class='ocrx_word' id='word_1_817' title='bbox 2272 5398 2430 5457; x_wconf 85' lang='lat' dir='ltr'><strong>titius,</strong></span> <span class='ocrx_word' id='word_1_818' title='bbox 2465 5398 2555 5451; x_wconf 90' lang='lat' dir='ltr'><strong>sed</strong></span> <span class='ocrx_word' id='word_1_819' title='bbox 2588 5400 2859 5467; x_wconf 85' lang='lat' dir='ltr'><strong>opiﬁcium</strong></span> <span class='ocrx_word' id='word_1_820' title='bbox 2892 5404 3022 5461; x_wconf 88' lang='lat' dir='ltr'><strong>erit;</strong></span> <span class='ocrx_word' id='word_1_821' title='bbox 3060 5398 3342 5466; x_wconf 88' lang='lat' dir='ltr'><strong>eamdem,</strong></span> <span class='ocrx_word' id='word_1_822' title='bbox 3388 5407 3642 5480; x_wconf 74' lang='lat' dir='ltr'><strong>inquar</strong></span> 
     </span>
    </p>
   </div>
   <div class='ocr_carea' id='block_1_115' title="bbox 2272 5487 3642 5573">
    <p class='ocr_par' dir='ltr' id='par_1_115' title="bbox 2272 5487 3642 5573">
     <span class='ocr_line' id='line_1_115' title="bbox 2272 5487 3642 5573; baseline 0.015 -37"><span class='ocrx_word' id='word_1_823' title='bbox 2272 5494 2515 5539; x_wconf 84' lang='lat' dir='ltr'><strong>naturam</strong></span> <span class='ocrx_word' id='word_1_824' title='bbox 2560 5487 2613 5539; x_wconf 89' lang='lat' dir='ltr'><strong>in</strong></span> <span class='ocrx_word' id='word_1_825' title='bbox 2667 5491 2830 5544; x_wconf 71' lang='lat' dir='ltr'><strong>rebus</strong></span> <span class='ocrx_word' id='word_1_826' title='bbox 2881 5489 3093 5550; x_wconf 77' lang='lat' dir='ltr'><strong>creatis.</strong></span> <span class='ocrx_word' id='word_1_827' title='bbox 3141 5502 3260 5555; x_wconf 69' lang='lat' dir='ltr'><strong>qua:</strong></span> <span class='ocrx_word' id='word_1_828' title='bbox 3320 5500 3642 5573; x_wconf 65' lang='lat' dir='ltr'><strong>multiplit</strong></span> 
     </span>
    </p>
   </div>
   <div class='ocr_carea' id='block_1_116' title="bbox 2272 5576 3616 5659">
    <p class='ocr_par' dir='ltr' id='par_1_116' title="bbox 2272 5576 3616 5659">
     <span class='ocr_line' id='line_1_116' title="bbox 2272 5576 3616 5659; baseline 0.017 -34"><span class='ocrx_word' id='word_1_829' title='bbox 2272 5581 2426 5633; x_wconf 84' lang='lat' dir='ltr'><strong>sunt;</strong></span> <span class='ocrx_word' id='word_1_830' title='bbox 2463 5576 2702 5629; x_wconf 87' lang='lat' dir='ltr'><strong>eamdem</strong></span> <span class='ocrx_word' id='word_1_831' title='bbox 2734 5594 2861 5633; x_wconf 86' lang='lat' dir='ltr'><strong>vero</strong></span> <span class='ocrx_word' id='word_1_832' title='bbox 2902 5577 3169 5637; x_wconf 86' lang='lat' dir='ltr'><strong>numericc</strong></span> <span class='ocrx_word' id='word_1_833' title='bbox 3211 5577 3267 5629; x_wconf 88' lang='lat' dir='ltr'><strong>in</strong></span> <span class='ocrx_word' id='word_1_834' title='bbox 3327 5584 3616 5659; x_wconf 84' lang='lat' dir='ltr'><strong>divinis,</strong></span> 
     </span>
    </p>
   </div>
  </div>
