  <div class='ocr_page' id='page_1' title='image "/cluster/home/n/w/nwhite01/storage/ocr_20150623/23 (Eusebius, pt. 5)/nyp.33433081862363/032.png"; bbox 0 0 3818 6328; ppageno 0'>
   <div class='ocr_carea' id='block_1_1' title="bbox 164 374 3391 451">
    <p class='ocr_par' dir='ltr' id='par_1_1' title="bbox 164 374 3391 451">
     <span class='ocr_line' id='line_1_1' title="bbox 164 374 3391 451; baseline 0 -8"><span class='ocrx_word' id='word_1_1' title='bbox 164 388 239 446; x_wconf 66' lang='lat'><strong>15</strong></span> <span class='ocrx_word' id='word_1_2' title='bbox 949 375 1465 437; x_wconf 71' lang='lat' dir='ltr'><strong>COMMENTARIA</strong></span> <span class='ocrx_word' id='word_1_3' title='bbox 1498 374 1567 432; x_wconf 77' lang='lat' dir='ltr'><strong>lN</strong></span> <span class='ocrx_word' id='word_1_4' title='bbox 1610 380 1958 444; x_wconf 75' lang='lat' dir='ltr'><strong>PSALMOS.</strong></span> <span class='ocrx_word' id='word_1_5' title='bbox 2000 421 2064 430; x_wconf 95' lang='lat'><strong><em>—</em></strong></span> <span class='ocrx_word' id='word_1_6' title='bbox 2103 379 2644 444; x_wconf 70' lang='lat' dir='ltr'><strong>PRAELIMINARIA.</strong></span> <span class='ocrx_word' id='word_1_7' title='bbox 3327 399 3391 451; x_wconf 72' lang='grc'><strong>46</strong></span> 
     </span>
    </p>
   </div>
   <div class='ocr_carea' id='block_1_2' title="bbox 179 488 3383 578">
    <p class='ocr_par' dir='ltr' id='par_1_2' title="bbox 179 488 3383 578">
     <span class='ocr_line' id='line_1_2' title="bbox 179 488 3383 578; baseline 0.005 -29"><span class='ocrx_word' id='word_1_8' title='bbox 179 510 293 559; x_wconf 72' lang='lat' dir='ltr'><strong>mra</strong></span> <span class='ocrx_word' id='word_1_9' title='bbox 317 491 396 546; x_wconf 91' lang='lat' dir='ltr'><strong>Dei</strong></span> <span class='ocrx_word' id='word_1_10' title='bbox 426 505 547 543; x_wconf 87' lang='lat' dir='ltr'><strong>cum</strong></span> <span class='ocrx_word' id='word_1_11' title='bbox 575 488 956 559; x_wconf 87' lang='lat' dir='ltr'><strong>multiplicari</strong></span> <span class='ocrx_word' id='word_1_12' title='bbox 998 510 1276 569; x_wconf 82' lang='lat' dir='ltr'><strong>nequeat,</strong></span> <span class='ocrx_word' id='word_1_13' title='bbox 1312 502 1488 567; x_wconf 89' lang='lat' dir='ltr'><strong>utpote</strong></span> <span class='ocrx_word' id='word_1_14' title='bbox 1517 495 1767 568; x_wconf 81' lang='lat' dir='ltr'><strong>inﬁnita,</strong></span> <span class='ocrx_word' id='word_1_15' title='bbox 1800 509 1843 562; x_wconf 76' lang='grc' dir='ltr'>Α</span> <span class='ocrx_word' id='word_1_16' title='bbox 1871 520 1989 558; x_wconf 90' lang='lat' dir='ltr'><strong>men</strong></span> <span class='ocrx_word' id='word_1_17' title='bbox 2016 506 2103 558; x_wconf 84' lang='lat' dir='ltr'><strong>ille</strong></span> <span class='ocrx_word' id='word_1_18' title='bbox 2134 507 2325 574; x_wconf 88' lang='lat' dir='ltr'><strong>ubique</strong></span> <span class='ocrx_word' id='word_1_19' title='bbox 2347 507 2483 559; x_wconf 84' lang='lat' dir='ltr'><strong>alias</strong></span> <span class='ocrx_word' id='word_1_20' title='bbox 2510 516 2631 555; x_wconf 90' lang='lat' dir='ltr'><strong>cum</strong></span> <span class='ocrx_word' id='word_1_21' title='bbox 2662 506 2727 560; x_wconf 87' lang='lat' dir='ltr'><strong>de</strong></span> <span class='ocrx_word' id='word_1_22' title='bbox 2755 507 2887 562; x_wconf 84' lang='lat' dir='ltr'><strong>Filio</strong></span> <span class='ocrx_word' id='word_1_23' title='bbox 2910 508 3141 576; x_wconf 74' lang='lat' dir='ltr'><strong>loquitur</strong></span> <span class='ocrx_word' id='word_1_24' title='bbox 3171 513 3383 578; x_wconf 82' lang='lat' dir='ltr'><strong>respuit,</strong></span> 
     </span>
    </p>
   </div>
   <div class='ocr_carea' id='block_1_3' title="bbox 192 580 1771 661">
    <p class='ocr_par' dir='ltr' id='par_1_3' title="bbox 192 580 1771 661">
     <span class='ocr_line' id='line_1_3' title="bbox 192 580 1771 661; baseline 0.004 -16"><span class='ocrx_word' id='word_1_25' title='bbox 192 603 284 646; x_wconf 88' lang='lat' dir='ltr'><strong>non</strong></span> <span class='ocrx_word' id='word_1_26' title='bbox 304 588 463 651; x_wconf 78' lang='lat' dir='ltr'><strong>potest</strong></span> <span class='ocrx_word' id='word_1_27' title='bbox 486 580 590 634; x_wconf 89' lang='lat' dir='ltr'><strong>nisi</strong></span> <span class='ocrx_word' id='word_1_28' title='bbox 621 596 732 633; x_wconf 88' lang='lat' dir='ltr'><strong>una</strong></span> <span class='ocrx_word' id='word_1_29' title='bbox 764 592 821 636; x_wconf 89' lang='lat' dir='ltr'><strong>et</strong></span> <span class='ocrx_word' id='word_1_30' title='bbox 846 583 985 653; x_wconf 85' lang='lat' dir='ltr'><strong>ipsa</strong></span> <span class='ocrx_word' id='word_1_31' title='bbox 1015 592 1330 661; x_wconf 87' lang='lat' dir='ltr'><strong>eademque</strong></span> <span class='ocrx_word' id='word_1_32' title='bbox 1359 595 1771 651; x_wconf 86' lang='lat' dir='ltr'><strong>communicari.</strong></span> 
     </span>
    </p>
   </div>
   <div class='ocr_carea' id='block_1_4' title="bbox 197 671 1776 743">
    <p class='ocr_par' dir='ltr' id='par_1_4' title="bbox 197 671 1776 743">
     <span class='ocr_line' id='line_1_4' title="bbox 197 671 1776 743; baseline 0.009 -16"><span class='ocrx_word' id='word_1_33' title='bbox 197 678 367 727; x_wconf 82' lang='lat' dir='ltr'><strong>Verum</strong></span> <span class='ocrx_word' id='word_1_34' title='bbox 396 671 502 725; x_wconf 66' lang='lat' dir='ltr'><strong>haec</strong></span> <span class='ocrx_word' id='word_1_35' title='bbox 534 671 768 726; x_wconf 88' lang='lat' dir='ltr'><strong>minime</strong></span> <span class='ocrx_word' id='word_1_36' title='bbox 801 676 1119 743; x_wconf 84' lang='lat' dir='ltr'><strong>quadrare</strong></span> <span class='ocrx_word' id='word_1_37' title='bbox 1160 700 1267 738; x_wconf 91' lang='lat' dir='ltr'><strong>non</strong></span> <span class='ocrx_word' id='word_1_38' title='bbox 1297 681 1565 737; x_wconf 80' lang='lat' dir='ltr'><strong>nesciebat</strong></span> <span class='ocrx_word' id='word_1_39' title='bbox 1603 683 1776 741; x_wconf 86' lang='lat' dir='ltr'><strong>Euse-</strong></span> 
     </span>
    </p>
   </div>
   <div class='ocr_carea' id='block_1_5' title="bbox 204 762 1770 831">
    <p class='ocr_par' dir='ltr' id='par_1_5' title="bbox 204 762 1770 831">
     <span class='ocr_line' id='line_1_5' title="bbox 204 762 1770 831; baseline 0.007 -13"><span class='ocrx_word' id='word_1_40' title='bbox 204 766 327 825; x_wconf 82' lang='lat' dir='ltr'><strong>bius,</strong></span> <span class='ocrx_word' id='word_1_41' title='bbox 360 770 409 817; x_wconf 87' lang='lat' dir='ltr'><strong>et</strong></span> <span class='ocrx_word' id='word_1_42' title='bbox 438 763 562 831; x_wconf 84' lang='lat' dir='ltr'><strong>quia</strong></span> <span class='ocrx_word' id='word_1_43' title='bbox 599 762 844 817; x_wconf 87' lang='lat' dir='ltr'><strong>arduum</strong></span> <span class='ocrx_word' id='word_1_44' title='bbox 876 776 975 821; x_wconf 86' lang='lat' dir='ltr'><strong>est</strong></span> <span class='ocrx_word' id='word_1_45' title='bbox 1018 782 1226 826; x_wconf 88' lang='lat' dir='ltr'><strong>contra</strong></span> <span class='ocrx_word' id='word_1_46' title='bbox 1259 772 1419 827; x_wconf 86' lang='lat' dir='ltr'><strong>animi</strong></span> <span class='ocrx_word' id='word_1_47' title='bbox 1449 776 1770 829; x_wconf 88' lang='lat' dir='ltr'><strong>sententiam</strong></span> 
     </span>
    </p>
   </div>
   <div class='ocr_carea' id='block_1_6' title="bbox 186 849 1772 930">
    <p class='ocr_par' dir='ltr' id='par_1_6' title="bbox 186 849 1772 930">
     <span class='ocr_line' id='line_1_6' title="bbox 186 849 1772 930; baseline 0.006 -22"><span class='ocrx_word' id='word_1_48' title='bbox 186 856 284 911; x_wconf 64' lang='lat' dir='ltr'><strong>alin</strong></span> <span class='ocrx_word' id='word_1_49' title='bbox 324 854 649 921; x_wconf 85' lang='lat' dir='ltr'><strong>multumque</strong></span> <span class='ocrx_word' id='word_1_50' title='bbox 694 849 980 921; x_wconf 79' lang='lat' dir='ltr'><strong>scribere,</strong></span> <span class='ocrx_word' id='word_1_51' title='bbox 1041 864 1186 930; x_wconf 87' lang='lat' dir='ltr'><strong>quin</strong></span> <span class='ocrx_word' id='word_1_52' title='bbox 1222 862 1462 917; x_wconf 88' lang='lat' dir='ltr'><strong>nonnihil</strong></span> <span class='ocrx_word' id='word_1_53' title='bbox 1492 878 1555 915; x_wconf 81' lang='lat' dir='ltr'><strong>ex</strong></span> <span class='ocrx_word' id='word_1_54' title='bbox 1596 872 1772 918; x_wconf 87' lang='lat' dir='ltr'><strong>mente</strong></span> 
     </span>
    </p>
   </div>
   <div class='ocr_carea' id='block_1_7' title="bbox 163 945 1770 1022">
    <p class='ocr_par' dir='ltr' id='par_1_7' title="bbox 163 945 1770 1022">
     <span class='ocr_line' id='line_1_7' title="bbox 163 945 1770 1022; baseline 0.004 -22"><span class='ocrx_word' id='word_1_55' title='bbox 163 947 467 1015; x_wconf 51' lang='lat' dir='ltr'><strong>geriptoris</strong></span> <span class='ocrx_word' id='word_1_56' title='bbox 490 946 575 998; x_wconf 87' lang='lat' dir='ltr'><strong>vel</strong></span> <span class='ocrx_word' id='word_1_57' title='bbox 603 945 1003 1014; x_wconf 78' lang='lat' dir='ltr'><strong>imprudenter</strong></span> <span class='ocrx_word' id='word_1_58' title='bbox 1031 954 1226 1007; x_wconf 84' lang='lat' dir='ltr'><strong>ellluat</strong></span> <span class='ocrx_word' id='word_1_59' title='bbox 1244 994 1259 1018; x_wconf 95' lang='lat'><strong>,</strong></span> <span class='ocrx_word' id='word_1_60' title='bbox 1285 969 1389 1006; x_wconf 92' lang='lat' dir='ltr'><strong>non</strong></span> <span class='ocrx_word' id='word_1_61' title='bbox 1418 952 1530 1020; x_wconf 88' lang='lat' dir='ltr'><strong>pari</strong></span> <span class='ocrx_word' id='word_1_62' title='bbox 1560 969 1770 1022; x_wconf 84' lang='lat' dir='ltr'><strong>semper</strong></span> 
     </span>
    </p>
   </div>
   <div class='ocr_carea' id='block_1_8' title="bbox 166 1036 1769 1106">
    <p class='ocr_par' dir='ltr' id='par_1_8' title="bbox 166 1036 1769 1106">
     <span class='ocr_line' id='line_1_8' title="bbox 166 1036 1769 1106; baseline 0.002 -15"><span class='ocrx_word' id='word_1_63' title='bbox 166 1039 364 1103; x_wconf 58' lang='lat' dir='ltr'><strong>gnodo</strong></span> <span class='ocrx_word' id='word_1_64' title='bbox 386 1036 644 1091; x_wconf 76' lang='lat' dir='ltr'><strong>Eusebius</strong></span> <span class='ocrx_word' id='word_1_65' title='bbox 681 1036 983 1106; x_wconf 86' lang='lat' dir='ltr'><strong>loquitur:</strong></span> <span class='ocrx_word' id='word_1_66' title='bbox 1016 1057 1152 1094; x_wconf 88' lang='lat' dir='ltr'><strong>nam</strong></span> <span class='ocrx_word' id='word_1_67' title='bbox 1185 1045 1241 1097; x_wconf 90' lang='lat' dir='ltr'><strong>in</strong></span> <span class='ocrx_word' id='word_1_68' title='bbox 1272 1043 1561 1096; x_wconf 81' lang='lat' dir='ltr'><strong>Demonstr.</strong></span> <span class='ocrx_word' id='word_1_69' title='bbox 1616 1060 1769 1095; x_wconf 84' lang='lat' dir='ltr'><strong>evan-</strong></span> 
     </span>
    </p>
   </div>
   <div class='ocr_carea' id='block_1_9' title="bbox 195 1126 1768 1203">
    <p class='ocr_par' dir='ltr' id='par_1_9' title="bbox 195 1126 1768 1203">
     <span class='ocr_line' id='line_1_9' title="bbox 195 1126 1768 1203; baseline -0.001 -20"><span class='ocrx_word' id='word_1_70' title='bbox 195 1131 372 1203; x_wconf 65' lang='lat' dir='ltr'><strong>gelica</strong></span> <span class='ocrx_word' id='word_1_71' title='bbox 399 1127 583 1181; x_wconf 80' lang='lat' dir='ltr'><strong>Filium</strong></span> <span class='ocrx_word' id='word_1_72' title='bbox 602 1126 684 1181; x_wconf 89' lang='lat' dir='ltr'><strong>sic</strong></span> <span class='ocrx_word' id='word_1_73' title='bbox 711 1138 1030 1197; x_wconf 88' lang='lat' dir='ltr'><strong>nuncupat,</strong></span> <span class='ocrx_word' id='word_1_74' title='bbox 1068 1130 1149 1183; x_wconf 81' lang='grc' dir='ltr'><strong>Τὸ</strong></span> <span class='ocrx_word' id='word_1_75' title='bbox 1180 1131 1401 1185; x_wconf 78' lang='grc' dir='ltr'><strong>τέλειον</strong></span> <span class='ocrx_word' id='word_1_76' title='bbox 1420 1131 1521 1183; x_wconf 83' lang='grc' dir='ltr'><em>τοῦ</em></span> <span class='ocrx_word' id='word_1_77' title='bbox 1545 1133 1768 1183; x_wconf 77' lang='grc' dir='ltr'><strong>τελείου</strong></span> 
     </span>
    </p>
   </div>
   <div class='ocr_carea' id='block_1_10' title="bbox 216 1205 1766 1288">
    <p class='ocr_par' dir='ltr' id='par_1_10' title="bbox 216 1205 1766 1288">
     <span class='ocr_line' id='line_1_10' title="bbox 216 1205 1766 1288; baseline -0.001 -15"><span class='ocrx_word' id='word_1_78' title='bbox 216 1205 633 1288; x_wconf 47' lang='grc' dir='ltr'><strong>δημιούργημαέ</strong></span> <span class='ocrx_word' id='word_1_79' title='bbox 661 1218 761 1269; x_wconf 77' lang='grc' dir='ltr'><strong>καὶ</strong></span> <span class='ocrx_word' id='word_1_80' title='bbox 806 1219 1012 1285; x_wconf 66' lang='grc' dir='ltr'><em>σοφοῦ</em></span> <span class='ocrx_word' id='word_1_81' title='bbox 1059 1221 1256 1287; x_wconf 69' lang='grc' dir='ltr'><em>σοφὸν</em></span> <span class='ocrx_word' id='word_1_82' title='bbox 1292 1221 1766 1287; x_wconf 79' lang='grc' dir='ltr'><strong>ἀρχιτεκτόνημα,</strong></span> 
     </span>
    </p>
   </div>
   <div class='ocr_carea' id='block_1_11' title="bbox 232 1308 1765 1376">
    <p class='ocr_par' dir='ltr' id='par_1_11' title="bbox 232 1308 1765 1376">
     <span class='ocr_line' id='line_1_11' title="bbox 232 1308 1765 1376; baseline -0.002 -14"><span class='ocrx_word' id='word_1_83' title='bbox 232 1310 506 1376; x_wconf 71' lang='lat' dir='ltr'><strong>Perfectum</strong></span> <span class='ocrx_word' id='word_1_84' title='bbox 535 1308 751 1375; x_wconf 76' lang='lat' dir='ltr'><strong>perfecti</strong></span> <span class='ocrx_word' id='word_1_85' title='bbox 781 1308 1085 1375; x_wconf 81' lang='lat' dir='ltr'><strong>opiﬁcium,</strong></span> <span class='ocrx_word' id='word_1_86' title='bbox 1112 1320 1163 1361; x_wconf 88' lang='lat' dir='ltr'><strong>et</strong></span> <span class='ocrx_word' id='word_1_87' title='bbox 1184 1310 1428 1376; x_wconf 76' lang='lat' dir='ltr'><strong>sapientis</strong></span> <span class='ocrx_word' id='word_1_88' title='bbox 1450 1310 1651 1375; x_wconf 89' lang='lat' dir='ltr'><strong>sapiens</strong></span> <span class='ocrx_word' id='word_1_89' title='bbox 1677 1325 1765 1360; x_wconf 92' lang='lat' dir='ltr'><strong>ar-</strong></span> 
     </span>
    </p>
   </div>
   <div class='ocr_carea' id='block_1_12' title="bbox 239 1396 1766 1467">
    <p class='ocr_par' dir='ltr' id='par_1_12' title="bbox 239 1396 1766 1467">
     <span class='ocr_line' id='line_1_12' title="bbox 239 1396 1766 1467; baseline -0.002 -14"><span class='ocrx_word' id='word_1_90' title='bbox 239 1400 460 1466; x_wconf 77' lang='lat' dir='ltr'><strong>tefactum</strong></span> <span class='ocrx_word' id='word_1_91' title='bbox 490 1413 508 1450; x_wconf 91' lang='lat'><strong><em>:</em></strong></span> <span class='ocrx_word' id='word_1_92' title='bbox 534 1405 589 1452; x_wconf 91' lang='lat' dir='ltr'><strong>et</strong></span> <span class='ocrx_word' id='word_1_93' title='bbox 615 1398 670 1449; x_wconf 91' lang='lat' dir='ltr'><strong>in</strong></span> <span class='ocrx_word' id='word_1_94' title='bbox 699 1396 935 1464; x_wconf 90' lang='lat' dir='ltr'><strong>epistola</strong></span> <span class='ocrx_word' id='word_1_95' title='bbox 974 1398 1044 1451; x_wconf 89' lang='lat' dir='ltr'><strong>ad</strong></span> <span class='ocrx_word' id='word_1_96' title='bbox 1077 1399 1432 1451; x_wconf 83' lang='lat' dir='ltr'><strong>Alexandrum</strong></span> <span class='ocrx_word' id='word_1_97' title='bbox 1455 1397 1550 1467; x_wconf 89' lang='lat' dir='ltr'><strong>(a),</strong></span> <span class='ocrx_word' id='word_1_98' title='bbox 1575 1398 1766 1450; x_wconf 89' lang='lat' dir='ltr'><strong>Filium</strong></span> 
     </span>
    </p>
   </div>
   <div class='ocr_carea' id='block_1_13' title="bbox 234 1487 1765 1554">
    <p class='ocr_par' dir='ltr' id='par_1_13' title="bbox 234 1487 1765 1554">
     <span class='ocr_line' id='line_1_13' title="bbox 234 1487 1765 1554; baseline 0 -12"><span class='ocrx_word' id='word_1_99' title='bbox 234 1504 337 1542; x_wconf 81' lang='lat' dir='ltr'><strong>rem</strong></span> <span class='ocrx_word' id='word_1_100' title='bbox 362 1487 550 1540; x_wconf 78' lang='lat' dir='ltr'><strong>factam</strong></span> <span class='ocrx_word' id='word_1_101' title='bbox 572 1502 696 1541; x_wconf 87' lang='lat' dir='ltr'><strong>esse</strong></span> <span class='ocrx_word' id='word_1_102' title='bbox 717 1487 852 1539; x_wconf 80' lang='lat' dir='ltr'><strong>dicit</strong></span> <span class='ocrx_word' id='word_1_103' title='bbox 881 1506 894 1539; x_wconf 93' lang='lat'>:</span> <span class='ocrx_word' id='word_1_104' title='bbox 919 1493 973 1540; x_wconf 92' lang='lat' dir='ltr'><strong>et</strong></span> <span class='ocrx_word' id='word_1_105' title='bbox 1003 1487 1324 1539; x_wconf 83' lang='lat' dir='ltr'><strong>Arianorum</strong></span> <span class='ocrx_word' id='word_1_106' title='bbox 1351 1502 1567 1541; x_wconf 88' lang='lat' dir='ltr'><strong>causam</strong></span> <span class='ocrx_word' id='word_1_107' title='bbox 1588 1496 1765 1554; x_wconf 88' lang='lat' dir='ltr'><strong>aperte</strong></span> 
     </span>
    </p>
   </div>
   <div class='ocr_carea' id='block_1_14' title="bbox 234 1575 1765 1645">
    <p class='ocr_par' dir='ltr' id='par_1_14' title="bbox 234 1575 1765 1645">
     <span class='ocr_line' id='line_1_14' title="bbox 234 1575 1765 1645; baseline 0.001 -16"><span class='ocrx_word' id='word_1_108' title='bbox 234 1582 534 1645; x_wconf 71' lang='lat' dir='ltr'><strong>propugnat,</strong></span> <span class='ocrx_word' id='word_1_109' title='bbox 576 1576 671 1644; x_wconf 90' lang='lat' dir='ltr'><strong>qui</strong></span> <span class='ocrx_word' id='word_1_110' title='bbox 702 1576 961 1630; x_wconf 82' lang='lat' dir='ltr'><strong>dicebant</strong></span> <span class='ocrx_word' id='word_1_111' title='bbox 992 1576 1191 1628; x_wconf 87' lang='lat' dir='ltr'><strong>Filium</strong></span> <span class='ocrx_word' id='word_1_112' title='bbox 1228 1576 1423 1628; x_wconf 79' lang='lat' dir='ltr'><strong>factum</strong></span> <span class='ocrx_word' id='word_1_113' title='bbox 1460 1575 1643 1642; x_wconf 81' lang='lat' dir='ltr'><strong>fuisse,</strong></span> <span class='ocrx_word' id='word_1_114' title='bbox 1673 1577 1765 1632; x_wconf 86' lang='lat' dir='ltr'><strong>sed</strong></span> 
     </span>
    </p>
   </div>
   <div class='ocr_carea' id='block_1_15' title="bbox 231 1665 1764 1733">
    <p class='ocr_par' dir='ltr' id='par_1_15' title="bbox 231 1665 1764 1733">
     <span class='ocr_line' id='line_1_15' title="bbox 231 1665 1764 1733; baseline -0.001 -14"><span class='ocrx_word' id='word_1_115' title='bbox 231 1682 327 1719; x_wconf 89' lang='lat' dir='ltr'><strong>non</strong></span> <span class='ocrx_word' id='word_1_116' title='bbox 353 1676 408 1718; x_wconf 91' lang='lat' dir='ltr'><strong>ut</strong></span> <span class='ocrx_word' id='word_1_117' title='bbox 437 1667 674 1733; x_wconf 89' lang='lat' dir='ltr'><strong>aliquam</strong></span> <span class='ocrx_word' id='word_1_118' title='bbox 708 1681 775 1719; x_wconf 77' lang='lat' dir='ltr'><strong>ex</strong></span> <span class='ocrx_word' id='word_1_119' title='bbox 808 1667 974 1720; x_wconf 85' lang='lat' dir='ltr'><strong>rebus</strong></span> <span class='ocrx_word' id='word_1_120' title='bbox 1022 1665 1214 1728; x_wconf 79' lang='lat' dir='ltr'><strong>factis;</strong></span> <span class='ocrx_word' id='word_1_121' title='bbox 1262 1673 1315 1718; x_wconf 91' lang='lat' dir='ltr'><strong>et</strong></span> <span class='ocrx_word' id='word_1_122' title='bbox 1361 1672 1595 1718; x_wconf 88' lang='lat' dir='ltr'><strong>creatum</strong></span> <span class='ocrx_word' id='word_1_123' title='bbox 1638 1665 1764 1718; x_wconf 84' lang='lat' dir='ltr'><strong>item</strong></span> 
     </span>
    </p>
   </div>
   <div class='ocr_carea' id='block_1_16' title="bbox 228 1754 1766 1824">
    <p class='ocr_par' dir='ltr' id='par_1_16' title="bbox 228 1754 1766 1824">
     <span class='ocr_line' id='line_1_16' title="bbox 228 1754 1766 1824; baseline -0.001 -15"><span class='ocrx_word' id='word_1_124' title='bbox 228 1757 402 1819; x_wconf 78' lang='lat' dir='ltr'><strong>fuisse,</strong></span> <span class='ocrx_word' id='word_1_125' title='bbox 435 1757 530 1810; x_wconf 88' lang='lat' dir='ltr'><strong>sed</strong></span> <span class='ocrx_word' id='word_1_126' title='bbox 563 1772 675 1809; x_wconf 83' lang='lat' dir='ltr'><strong>non</strong></span> <span class='ocrx_word' id='word_1_127' title='bbox 707 1764 767 1808; x_wconf 88' lang='lat' dir='ltr'><strong>ut</strong></span> <span class='ocrx_word' id='word_1_128' title='bbox 797 1758 1036 1824; x_wconf 85' lang='lat' dir='ltr'><strong>aliquam</strong></span> <span class='ocrx_word' id='word_1_129' title='bbox 1066 1771 1131 1809; x_wconf 87' lang='lat' dir='ltr'><strong>ex</strong></span> <span class='ocrx_word' id='word_1_130' title='bbox 1163 1756 1322 1809; x_wconf 89' lang='lat' dir='ltr'><strong>rebus</strong></span> <span class='ocrx_word' id='word_1_131' title='bbox 1351 1757 1563 1809; x_wconf 86' lang='lat' dir='ltr'><strong>creatis.</strong></span> <span class='ocrx_word' id='word_1_132' title='bbox 1595 1754 1766 1809; x_wconf 73' lang='lat' dir='ltr'><strong>Caete-</strong></span> 
     </span>
    </p>
   </div>
   <div class='ocr_carea' id='block_1_17' title="bbox 224 1843 1759 1898">
    <p class='ocr_par' dir='ltr' id='par_1_17' title="bbox 224 1843 1759 1898">
     <span class='ocr_line' id='line_1_17' title="bbox 224 1843 1759 1898; baseline -0.001 -1"><span class='ocrx_word' id='word_1_133' title='bbox 224 1860 334 1897; x_wconf 89' lang='lat' dir='ltr'><strong>rum</strong></span> <span class='ocrx_word' id='word_1_134' title='bbox 363 1844 577 1897; x_wconf 87' lang='lat' dir='ltr'><strong>etiamsi</strong></span> <span class='ocrx_word' id='word_1_135' title='bbox 620 1860 688 1897; x_wconf 79' lang='lat' dir='ltr'><strong>ex</strong></span> <span class='ocrx_word' id='word_1_136' title='bbox 727 1844 898 1896; x_wconf 89' lang='lat' dir='ltr'><strong>animi</strong></span> <span class='ocrx_word' id='word_1_137' title='bbox 936 1846 1198 1898; x_wconf 85' lang='lat' dir='ltr'><strong>sententia</strong></span> <span class='ocrx_word' id='word_1_138' title='bbox 1243 1843 1504 1898; x_wconf 88' lang='lat' dir='ltr'><strong>Eusebius</strong></span> <span class='ocrx_word' id='word_1_139' title='bbox 1534 1843 1759 1897; x_wconf 86' lang='lat' dir='ltr'><strong>Verbum</strong></span> 
     </span>
    </p>
   </div>
   <div class='ocr_carea' id='block_1_18' title="bbox 222 1933 1760 2002">
    <p class='ocr_par' dir='ltr' id='par_1_18' title="bbox 222 1933 1760 2002">
     <span class='ocr_line' id='line_1_18' title="bbox 222 1933 1760 2002; baseline 0.001 -16"><span class='ocrx_word' id='word_1_140' title='bbox 222 1950 337 1987; x_wconf 81' lang='lat' dir='ltr'><strong>vere</strong></span> <span class='ocrx_word' id='word_1_141' title='bbox 369 1934 610 2002; x_wconf 83' lang='lat' dir='ltr'><strong>genitum</strong></span> <span class='ocrx_word' id='word_1_142' title='bbox 641 1943 696 1987; x_wconf 90' lang='lat' dir='ltr'><strong>et</strong></span> <span class='ocrx_word' id='word_1_143' title='bbox 724 1933 923 1987; x_wconf 86' lang='lat' dir='ltr'><strong>Filium</strong></span> <span class='ocrx_word' id='word_1_144' title='bbox 949 1934 1165 1997; x_wconf 87' lang='lat' dir='ltr'><strong>dixerit,</strong></span> <span class='ocrx_word' id='word_1_145' title='bbox 1198 1935 1360 1988; x_wconf 87' lang='lat' dir='ltr'><strong>verbo</strong></span> <span class='ocrx_word' id='word_1_146' title='bbox 1381 1941 1581 1987; x_wconf 89' lang='lat' dir='ltr'><strong>tantum</strong></span> <span class='ocrx_word' id='word_1_147' title='bbox 1606 1941 1760 1988; x_wconf 91' lang='lat' dir='ltr'><strong>tenus</strong></span> 
     </span>
    </p>
   </div>
   <div class='ocr_carea' id='block_1_19' title="bbox 220 2024 1762 2092">
    <p class='ocr_par' dir='ltr' id='par_1_19' title="bbox 220 2024 1762 2092">
     <span class='ocr_line' id='line_1_19' title="bbox 220 2024 1762 2092; baseline 0 -14"><span class='ocrx_word' id='word_1_148' title='bbox 220 2027 282 2080; x_wconf 84' lang='lat' dir='ltr'><strong>ab</strong></span> <span class='ocrx_word' id='word_1_149' title='bbox 308 2026 529 2079; x_wconf 76' lang='lat' dir='ltr'><strong>Arianis</strong></span> <span class='ocrx_word' id='word_1_150' title='bbox 560 2024 900 2092; x_wconf 84' lang='lat' dir='ltr'><strong>discrepabit</strong></span> <span class='ocrx_word' id='word_1_151' title='bbox 926 2044 939 2079; x_wconf 93' lang='lat'>:</span> <span class='ocrx_word' id='word_1_152' title='bbox 965 2041 1088 2078; x_wconf 88' lang='lat' dir='ltr'><strong>nam</strong></span> <span class='ocrx_word' id='word_1_153' title='bbox 1120 2025 1195 2077; x_wconf 91' lang='lat' dir='ltr'><strong>illi</strong></span> <span class='ocrx_word' id='word_1_154' title='bbox 1229 2025 1447 2092; x_wconf 87' lang='lat' dir='ltr'><strong>perinde</strong></span> <span class='ocrx_word' id='word_1_155' title='bbox 1476 2033 1632 2091; x_wconf 91' lang='lat' dir='ltr'><strong>atque</strong></span> <span class='ocrx_word' id='word_1_156' title='bbox 1654 2024 1762 2079; x_wconf 69' lang='lat' dir='ltr'><strong>Eua</strong></span> 
     </span>
    </p>
   </div>
   <div class='ocr_carea' id='block_1_20' title="bbox 219 2112 1760 2181">
    <p class='ocr_par' dir='ltr' id='par_1_20' title="bbox 219 2112 1760 2181">
     <span class='ocr_line' id='line_1_20' title="bbox 219 2112 1760 2181; baseline -0.003 -13"><span class='ocrx_word' id='word_1_157' title='bbox 219 2116 393 2170; x_wconf 87' lang='lat' dir='ltr'><strong>sebius</strong></span> <span class='ocrx_word' id='word_1_158' title='bbox 424 2114 667 2169; x_wconf 89' lang='lat' dir='ltr'><strong>Verbum</strong></span> <span class='ocrx_word' id='word_1_159' title='bbox 699 2130 730 2167; x_wconf 89' lang='lat' dir='ltr'><strong>a</strong></span> <span class='ocrx_word' id='word_1_160' title='bbox 764 2113 923 2169; x_wconf 91' lang='lat' dir='ltr'><strong>Patre</strong></span> <span class='ocrx_word' id='word_1_161' title='bbox 951 2114 1291 2181; x_wconf 87' lang='lat' dir='ltr'><strong>productum,</strong></span> <span class='ocrx_word' id='word_1_162' title='bbox 1334 2113 1632 2167; x_wconf 87' lang='lat' dir='ltr'><strong>substantia</strong></span> <span class='ocrx_word' id='word_1_163' title='bbox 1677 2112 1760 2165; x_wconf 89' lang='lat' dir='ltr'><strong>di-</strong></span> 
     </span>
    </p>
   </div>
   <div class='ocr_carea' id='block_1_21' title="bbox 217 2201 1758 2271">
    <p class='ocr_par' dir='ltr' id='par_1_21' title="bbox 217 2201 1758 2271">
     <span class='ocr_line' id='line_1_21' title="bbox 217 2201 1758 2271; baseline -0.001 -14"><span class='ocrx_word' id='word_1_164' title='bbox 217 2220 425 2257; x_wconf 82' lang='lat' dir='ltr'><strong>versum</strong></span> <span class='ocrx_word' id='word_1_165' title='bbox 460 2220 525 2257; x_wconf 86' lang='lat' dir='ltr'><strong>ac</strong></span> <span class='ocrx_word' id='word_1_166' title='bbox 556 2205 743 2258; x_wconf 87' lang='lat' dir='ltr'><strong>minus</strong></span> <span class='ocrx_word' id='word_1_167' title='bbox 774 2219 897 2258; x_wconf 89' lang='lat' dir='ltr'><strong>esse</strong></span> <span class='ocrx_word' id='word_1_168' title='bbox 938 2203 1097 2257; x_wconf 87' lang='lat' dir='ltr'><strong>Patre</strong></span> <span class='ocrx_word' id='word_1_169' title='bbox 1126 2203 1414 2271; x_wconf 87' lang='lat' dir='ltr'><strong>putabant;</strong></span> <span class='ocrx_word' id='word_1_170' title='bbox 1452 2216 1518 2254; x_wconf 90' lang='lat' dir='ltr'><strong>an</strong></span> <span class='ocrx_word' id='word_1_171' title='bbox 1552 2216 1676 2256; x_wconf 90' lang='lat' dir='ltr'><strong>vero</strong></span> <span class='ocrx_word' id='word_1_172' title='bbox 1707 2201 1758 2255; x_wconf 92' lang='lat' dir='ltr'><strong>id</strong></span> 
     </span>
    </p>
   </div>
   <div class='ocr_carea' id='block_1_22' title="bbox 216 2292 1762 2363">
    <p class='ocr_par' dir='ltr' id='par_1_22' title="bbox 216 2292 1762 2363">
     <span class='ocr_line' id='line_1_22' title="bbox 216 2292 1762 2363; baseline -0.001 -17"><span class='ocrx_word' id='word_1_173' title='bbox 216 2293 312 2347; x_wconf 85' lang='lat' dir='ltr'><strong>dici</strong></span> <span class='ocrx_word' id='word_1_174' title='bbox 344 2295 518 2362; x_wconf 76' lang='lat' dir='ltr'><strong>possit</strong></span> <span class='ocrx_word' id='word_1_175' title='bbox 546 2294 794 2363; x_wconf 87' lang='lat' dir='ltr'><strong>genitum</strong></span> <span class='ocrx_word' id='word_1_176' title='bbox 834 2308 975 2356; x_wconf 87' lang='lat' dir='ltr'><strong>esse,</strong></span> <span class='ocrx_word' id='word_1_177' title='bbox 1010 2292 1077 2346; x_wconf 90' lang='lat' dir='ltr'><strong>de</strong></span> <span class='ocrx_word' id='word_1_178' title='bbox 1113 2293 1328 2347; x_wconf 88' lang='lat' dir='ltr'><strong>nomine</strong></span> <span class='ocrx_word' id='word_1_179' title='bbox 1370 2299 1572 2346; x_wconf 89' lang='lat' dir='ltr'><strong>tantum</strong></span> <span class='ocrx_word' id='word_1_180' title='bbox 1617 2306 1762 2359; x_wconf 67' lang='lat' dir='ltr'><strong>quae-</strong></span> 
     </span>
    </p>
   </div>
   <div class='ocr_carea' id='block_1_23' title="bbox 218 2385 445 2438">
    <p class='ocr_par' dir='ltr' id='par_1_23' title="bbox 218 2385 445 2438">
     <span class='ocr_line' id='line_1_23' title="bbox 218 2385 445 2438; baseline 0 -2"><span class='ocrx_word' id='word_1_181' title='bbox 218 2385 313 2437; x_wconf 80' lang='lat' dir='ltr'><strong>stio</strong></span> <span class='ocrx_word' id='word_1_182' title='bbox 338 2392 445 2438; x_wconf 91' lang='lat' dir='ltr'><strong>est.</strong></span> 
     </span>
    </p>
   </div>
   <div class='ocr_carea' id='block_1_24' title="bbox 596 2493 1378 2553">
    <p class='ocr_par' dir='ltr' id='par_1_24' title="bbox 596 2493 1378 2553">
     <span class='ocr_line' id='line_1_24' title="bbox 596 2493 1378 2553; baseline -0.005 -12"><span class='ocrx_word' id='word_1_183' title='bbox 596 2494 723 2541; x_wconf 81' lang='lat' dir='ltr'><strong>XIV.</strong></span> <span class='ocrx_word' id='word_1_184' title='bbox 749 2493 929 2541; x_wconf 78' lang='lat' dir='ltr'><strong>Filium</strong></span> <span class='ocrx_word' id='word_1_185' title='bbox 952 2497 1100 2553; x_wconf 84' lang='lat' dir='ltr'><strong>negat</strong></span> <span class='ocrx_word' id='word_1_186' title='bbox 1131 2497 1378 2539; x_wconf 68' lang='lat' dir='ltr'><strong>aeternum.</strong></span> 
     </span>
    </p>
   </div>
   <div class='ocr_carea' id='block_1_25' title="bbox 275 2569 1754 2639">
    <p class='ocr_par' dir='ltr' id='par_1_25' title="bbox 275 2569 1754 2639">
     <span class='ocr_line' id='line_1_25' title="bbox 275 2569 1754 2639; baseline -0.005 -12"><span class='ocrx_word' id='word_1_187' title='bbox 275 2574 429 2639; x_wconf 82' lang='lat' dir='ltr'><strong>Quod</strong></span> <span class='ocrx_word' id='word_1_188' title='bbox 452 2574 519 2627; x_wconf 88' lang='lat' dir='ltr'><strong>ad</strong></span> <span class='ocrx_word' id='word_1_189' title='bbox 557 2574 917 2628; x_wconf 74' lang='lat' dir='ltr'><strong>aeternitatem</strong></span> <span class='ocrx_word' id='word_1_190' title='bbox 955 2587 1086 2625; x_wconf 88' lang='lat' dir='ltr'><strong>vero</strong></span> <span class='ocrx_word' id='word_1_191' title='bbox 1115 2570 1232 2623; x_wconf 86' lang='lat' dir='ltr'><strong>Filii</strong></span> <span class='ocrx_word' id='word_1_192' title='bbox 1267 2578 1388 2623; x_wconf 89' lang='lat' dir='ltr'><strong>ante</strong></span> <span class='ocrx_word' id='word_1_193' title='bbox 1415 2569 1754 2630; x_wconf 87' lang='lat' dir='ltr'><strong>creationem,</strong></span> 
     </span>
    </p>
   </div>
   <div class='ocr_carea' id='block_1_26' title="bbox 215 2660 1757 2732">
    <p class='ocr_par' dir='ltr' id='par_1_26' title="bbox 215 2660 1757 2732">
     <span class='ocr_line' id='line_1_26' title="bbox 215 2660 1757 2732; baseline -0.002 -17"><span class='ocrx_word' id='word_1_194' title='bbox 215 2678 273 2716; x_wconf 87' lang='lat' dir='ltr'><strong>ne</strong></span> <span class='ocrx_word' id='word_1_195' title='bbox 292 2665 461 2716; x_wconf 74' lang='lat' dir='ltr'><strong>latum</strong></span> <span class='ocrx_word' id='word_1_196' title='bbox 490 2678 735 2732; x_wconf 83' lang='lat' dir='ltr'><strong>unguem</strong></span> <span class='ocrx_word' id='word_1_197' title='bbox 766 2663 833 2715; x_wconf 88' lang='lat' dir='ltr'><strong>ab</strong></span> <span class='ocrx_word' id='word_1_198' title='bbox 856 2664 1176 2714; x_wconf 80' lang='lat' dir='ltr'><strong>Arianorum</strong></span> <span class='ocrx_word' id='word_1_199' title='bbox 1201 2660 1459 2714; x_wconf 88' lang='lat' dir='ltr'><strong>sententia</strong></span> <span class='ocrx_word' id='word_1_200' title='bbox 1481 2660 1757 2713; x_wconf 83' lang='lat' dir='ltr'><strong>deﬂectere</strong></span> 
     </span>
    </p>
   </div>
   <div class='ocr_carea' id='block_1_27' title="bbox 210 2748 1757 2819">
    <p class='ocr_par' dir='ltr' id='par_1_27' title="bbox 210 2748 1757 2819">
     <span class='ocr_line' id='line_1_27' title="bbox 210 2748 1757 2819; baseline -0.004 -17"><span class='ocrx_word' id='word_1_201' title='bbox 210 2752 439 2811; x_wconf 76' lang='lat' dir='ltr'><strong>videtur,</strong></span> <span class='ocrx_word' id='word_1_202' title='bbox 474 2754 571 2819; x_wconf 89' lang='lat' dir='ltr'><strong>qui</strong></span> <span class='ocrx_word' id='word_1_203' title='bbox 606 2750 864 2803; x_wconf 89' lang='lat' dir='ltr'><strong>dicebant</strong></span> <span class='ocrx_word' id='word_1_204' title='bbox 902 2749 1099 2801; x_wconf 88' lang='lat' dir='ltr'><strong>Filium</strong></span> <span class='ocrx_word' id='word_1_205' title='bbox 1133 2764 1236 2801; x_wconf 92' lang='lat' dir='ltr'><strong>non</strong></span> <span class='ocrx_word' id='word_1_206' title='bbox 1272 2749 1431 2800; x_wconf 81' lang='grc' dir='ltr'><strong>ἀΐδιον</strong></span> <span class='ocrx_word' id='word_1_207' title='bbox 1470 2748 1580 2801; x_wconf 84' lang='lat' dir='ltr'><strong>sive</strong></span> <span class='ocrx_word' id='word_1_208' title='bbox 1619 2763 1757 2801; x_wconf 89' lang='lat' dir='ltr'><strong>sem-</strong></span> 
     </span>
    </p>
   </div>
   <div class='ocr_carea' id='block_1_28' title="bbox 211 2835 1758 2904">
    <p class='ocr_par' dir='ltr' id='par_1_28' title="bbox 211 2835 1758 2904">
     <span class='ocr_line' id='line_1_28' title="bbox 211 2835 1758 2904; baseline -0.002 -14"><span class='ocrx_word' id='word_1_209' title='bbox 211 2842 472 2904; x_wconf 88' lang='lat' dir='ltr'><strong>piternum</strong></span> <span class='ocrx_word' id='word_1_210' title='bbox 510 2854 639 2892; x_wconf 87' lang='lat' dir='ltr'><strong>esse</strong></span> <span class='ocrx_word' id='word_1_211' title='bbox 671 2857 684 2889; x_wconf 91' lang='lat'>:</span> <span class='ocrx_word' id='word_1_212' title='bbox 730 2837 827 2891; x_wconf 90' lang='lat' dir='ltr'><strong>sed</strong></span> <span class='ocrx_word' id='word_1_213' title='bbox 860 2847 985 2891; x_wconf 87' lang='lat' dir='ltr'><strong>ante</strong></span> <span class='ocrx_word' id='word_1_214' title='bbox 1014 2837 1193 2889; x_wconf 86' lang='lat' dir='ltr'><strong>omnia</strong></span> <span class='ocrx_word' id='word_1_215' title='bbox 1224 2836 1434 2889; x_wconf 86' lang='lat' dir='ltr'><strong>factum.</strong></span> <span class='ocrx_word' id='word_1_216' title='bbox 1474 2835 1563 2887; x_wconf 88' lang='lat' dir='ltr'><strong>Sic</strong></span> <span class='ocrx_word' id='word_1_217' title='bbox 1590 2843 1642 2888; x_wconf 90' lang='lat' dir='ltr'><strong>et</strong></span> <span class='ocrx_word' id='word_1_218' title='bbox 1670 2835 1758 2887; x_wconf 91' lang='lat' dir='ltr'><strong>ille</strong></span> 
     </span>
    </p>
   </div>
   <div class='ocr_carea' id='block_1_29' title="bbox 210 2921 1757 2994">
    <p class='ocr_par' dir='ltr' id='par_1_29' title="bbox 210 2921 1757 2994">
     <span class='ocr_line' id='line_1_29' title="bbox 210 2921 1757 2994; baseline -0.001 -20"><span class='ocrx_word' id='word_1_219' title='bbox 210 2923 398 2978; x_wconf 81' lang='lat' dir='ltr'><strong>Filium</strong></span> <span class='ocrx_word' id='word_1_220' title='bbox 443 2926 672 2993; x_wconf 88' lang='lat' dir='ltr'><strong>quidem</strong></span> <span class='ocrx_word' id='word_1_221' title='bbox 729 2926 939 2994; x_wconf 84' lang='grc' dir='ltr'>πρῶτον</span> <span class='ocrx_word' id='word_1_222' title='bbox 987 2924 1091 2975; x_wconf 82' lang='grc' dir='ltr'>τῶν</span> <span class='ocrx_word' id='word_1_223' title='bbox 1135 2925 1297 2975; x_wconf 78' lang='grc' dir='ltr'>ὅντων</span> <span class='ocrx_word' id='word_1_224' title='bbox 1342 2923 1585 2975; x_wconf 79' lang='grc' dir='ltr'>ἁπάντων</span> <span class='ocrx_word' id='word_1_225' title='bbox 1629 2921 1757 2974; x_wconf 87' lang='lat' dir='ltr'><strong>dicit</strong></span> 
     </span>
    </p>
   </div>
   <div class='ocr_carea' id='block_1_30' title="bbox 211 3013 1755 3083">
    <p class='ocr_par' dir='ltr' id='par_1_30' title="bbox 211 3013 1755 3083">
     <span class='ocr_line' id='line_1_30' title="bbox 211 3013 1755 3083; baseline -0.001 -18"><span class='ocrx_word' id='word_1_226' title='bbox 211 3015 503 3069; x_wconf 84' lang='lat' dir='ltr'><strong>Demonstr.</strong></span> <span class='ocrx_word' id='word_1_227' title='bbox 544 3033 734 3083; x_wconf 75' lang='lat' dir='ltr'><strong>evang.</strong></span> <span class='ocrx_word' id='word_1_228' title='bbox 779 3031 833 3082; x_wconf 88' lang='lat' dir='ltr'><strong>p.</strong></span> <span class='ocrx_word' id='word_1_229' title='bbox 877 3015 998 3076; x_wconf 73' lang='grc'><strong>146,</strong></span> <span class='ocrx_word' id='word_1_230' title='bbox 1030 3014 1081 3065; x_wconf 87' lang='lat' dir='ltr'><strong>id</strong></span> <span class='ocrx_word' id='word_1_231' title='bbox 1115 3022 1216 3076; x_wconf 88' lang='lat' dir='ltr'><strong>est,</strong></span> <span class='ocrx_word' id='word_1_232' title='bbox 1248 3013 1477 3065; x_wconf 81' lang='lat' dir='ltr'><strong>Primum</strong></span> <span class='ocrx_word' id='word_1_233' title='bbox 1532 3013 1755 3064; x_wconf 87' lang='lat' dir='ltr'><strong>omnium</strong></span> 
     </span>
    </p>
   </div>
   <div class='ocr_carea' id='block_1_31' title="bbox 205 3101 1825 3176">
    <p class='ocr_par' dir='ltr' id='par_1_31' title="bbox 205 3101 1825 3176">
     <span class='ocr_line' id='line_1_31' title="bbox 205 3101 1825 3176; baseline -0.004 -18"><span class='ocrx_word' id='word_1_234' title='bbox 205 3120 521 3173; x_wconf 62' lang='lat' dir='ltr'><strong>quicunque</strong></span> <span class='ocrx_word' id='word_1_235' title='bbox 546 3116 711 3167; x_wconf 85' lang='lat' dir='ltr'><strong>sunt;</strong></span> <span class='ocrx_word' id='word_1_236' title='bbox 754 3104 917 3171; x_wconf 90' lang='lat' dir='ltr'><strong>idque</strong></span> <span class='ocrx_word' id='word_1_237' title='bbox 946 3105 1145 3171; x_wconf 90' lang='lat' dir='ltr'><strong>passim</strong></span> <span class='ocrx_word' id='word_1_238' title='bbox 1185 3103 1374 3170; x_wconf 86' lang='lat' dir='ltr'><strong>repetit</strong></span> <span class='ocrx_word' id='word_1_239' title='bbox 1414 3102 1467 3154; x_wconf 94' lang='lat' dir='ltr'><strong>in</strong></span> <span class='ocrx_word' id='word_1_240' title='bbox 1492 3101 1576 3153; x_wconf 90' lang='lat' dir='ltr'><strong>his</strong></span> <span class='ocrx_word' id='word_1_241' title='bbox 1607 3114 1754 3153; x_wconf 91' lang='lat' dir='ltr'><strong>com-</strong></span> <span class='ocrx_word' id='word_1_242' title='bbox 1785 3120 1825 3176; x_wconf 71' lang='grc' dir='ltr'><strong>ο</strong></span> 
     </span>
    </p>
   </div>
   <div class='ocr_carea' id='block_1_32' title="bbox 205 3189 1757 3261">
    <p class='ocr_par' dir='ltr' id='par_1_32' title="bbox 205 3189 1757 3261">
     <span class='ocr_line' id='line_1_32' title="bbox 205 3189 1757 3261; baseline -0.003 -17"><span class='ocrx_word' id='word_1_243' title='bbox 205 3196 512 3255; x_wconf 84' lang='lat' dir='ltr'><strong>mentariis,</strong></span> <span class='ocrx_word' id='word_1_244' title='bbox 553 3195 726 3261; x_wconf 88' lang='lat' dir='ltr'><strong>inque</strong></span> <span class='ocrx_word' id='word_1_245' title='bbox 760 3194 913 3245; x_wconf 85' lang='lat' dir='ltr'><strong>libris</strong></span> <span class='ocrx_word' id='word_1_246' title='bbox 945 3201 1125 3243; x_wconf 89' lang='lat' dir='ltr'><strong>contra</strong></span> <span class='ocrx_word' id='word_1_247' title='bbox 1161 3189 1501 3241; x_wconf 80' lang='lat' dir='ltr'><strong>Marcellum:</strong></span> <span class='ocrx_word' id='word_1_248' title='bbox 1528 3190 1757 3255; x_wconf 88' lang='lat' dir='ltr'><strong>itemque</strong></span> 
     </span>
    </p>
   </div>
   <div class='ocr_carea' id='block_1_33' title="bbox 203 3276 1753 3353">
    <p class='ocr_par' dir='ltr' id='par_1_33' title="bbox 203 3276 1753 3353">
     <span class='ocr_line' id='line_1_33' title="bbox 203 3276 1753 3353; baseline -0.003 -22"><span class='ocrx_word' id='word_1_249' title='bbox 203 3285 269 3334; x_wconf 81' lang='lat' dir='ltr'><strong>ait</strong></span> <span class='ocrx_word' id='word_1_250' title='bbox 300 3282 503 3336; x_wconf 76' lang='lat' dir='ltr'><strong>Filium</strong></span> <span class='ocrx_word' id='word_1_251' title='bbox 538 3284 652 3353; x_wconf 80' lang='grc' dir='ltr'>πρὸ</span> <span class='ocrx_word' id='word_1_252' title='bbox 677 3282 883 3352; x_wconf 80' lang='grc' dir='ltr'>χρόνων</span> <span class='ocrx_word' id='word_1_253' title='bbox 916 3280 1161 3343; x_wconf 75' lang='grc' dir='ltr'>αἰωνίων,</span> <span class='ocrx_word' id='word_1_254' title='bbox 1193 3287 1245 3333; x_wconf 90' lang='lat' dir='ltr'><strong>et</strong></span> <span class='ocrx_word' id='word_1_255' title='bbox 1269 3279 1370 3348; x_wconf 82' lang='grc' dir='ltr'><strong>πρὸ</strong></span> <span class='ocrx_word' id='word_1_256' title='bbox 1399 3279 1608 3331; x_wconf 85' lang='grc' dir='ltr'>πάντων</span> <span class='ocrx_word' id='word_1_257' title='bbox 1634 3276 1753 3328; x_wconf 79' lang='grc' dir='ltr'><strong>αἰώ-</strong></span> 
     </span>
    </p>
   </div>
   <div class='ocr_carea' id='block_1_34' title="bbox 200 3366 1758 3437">
    <p class='ocr_par' dir='ltr' id='par_1_34' title="bbox 200 3366 1758 3437">
     <span class='ocr_line' id='line_1_34' title="bbox 200 3366 1758 3437; baseline -0.004 -14"><span class='ocrx_word' id='word_1_258' title='bbox 200 3388 321 3435; x_wconf 82' lang='grc' dir='ltr'>νων,</span> <span class='ocrx_word' id='word_1_259' title='bbox 367 3374 419 3425; x_wconf 91' lang='lat' dir='ltr'><strong>id</strong></span> <span class='ocrx_word' id='word_1_260' title='bbox 450 3383 559 3435; x_wconf 90' lang='lat' dir='ltr'><strong>est,</strong></span> <span class='ocrx_word' id='word_1_261' title='bbox 594 3381 719 3423; x_wconf 84' lang='lat' dir='ltr'><strong>ante</strong></span> <span class='ocrx_word' id='word_1_262' title='bbox 759 3370 973 3432; x_wconf 74' lang='lat' dir='ltr'><strong>scecula,</strong></span> <span class='ocrx_word' id='word_1_263' title='bbox 1025 3369 1338 3437; x_wconf 91' lang='lat' dir='ltr'><strong>productum</strong></span> <span class='ocrx_word' id='word_1_264' title='bbox 1371 3386 1383 3420; x_wconf 87' lang='lat'><strong>:</strong></span> <span class='ocrx_word' id='word_1_265' title='bbox 1417 3381 1537 3420; x_wconf 89' lang='lat' dir='ltr'><strong>nam</strong></span> <span class='ocrx_word' id='word_1_266' title='bbox 1567 3366 1758 3419; x_wconf 64' lang='lat' dir='ltr'><strong>saacula</strong></span> 
     </span>
    </p>
   </div>
   <div class='ocr_carea' id='block_1_35' title="bbox 200 3454 1759 3526">
    <p class='ocr_par' dir='ltr' id='par_1_35' title="bbox 200 3454 1759 3526">
     <span class='ocr_line' id='line_1_35' title="bbox 200 3454 1759 3526; baseline 0.001 -19"><span class='ocrx_word' id='word_1_267' title='bbox 200 3465 244 3507; x_wconf 83' lang='lat' dir='ltr'><strong>et</strong></span> <span class='ocrx_word' id='word_1_268' title='bbox 276 3468 501 3526; x_wconf 82' lang='lat' dir='ltr'><strong>tempus</strong></span> <span class='ocrx_word' id='word_1_269' title='bbox 532 3472 702 3510; x_wconf 90' lang='lat' dir='ltr'><strong>omne</strong></span> <span class='ocrx_word' id='word_1_270' title='bbox 747 3472 871 3509; x_wconf 90' lang='lat' dir='ltr'><strong>cum</strong></span> <span class='ocrx_word' id='word_1_271' title='bbox 916 3456 1112 3507; x_wconf 90' lang='lat' dir='ltr'><strong>mundo</strong></span> <span class='ocrx_word' id='word_1_272' title='bbox 1155 3455 1381 3523; x_wconf 60' lang='lat' dir='ltr'><strong>coepisse</strong></span> <span class='ocrx_word' id='word_1_273' title='bbox 1427 3468 1545 3507; x_wconf 91' lang='lat' dir='ltr'><strong>cum</strong></span> <span class='ocrx_word' id='word_1_274' title='bbox 1579 3454 1759 3508; x_wconf 87' lang='lat' dir='ltr'><strong>multis</strong></span> 
     </span>
    </p>
   </div>
   <div class='ocr_carea' id='block_1_36' title="bbox 201 3544 1757 3612">
    <p class='ocr_par' dir='ltr' id='par_1_36' title="bbox 201 3544 1757 3612">
     <span class='ocr_line' id='line_1_36' title="bbox 201 3544 1757 3612; baseline -0.001 -15"><span class='ocrx_word' id='word_1_275' title='bbox 201 3549 319 3600; x_wconf 83' lang='lat' dir='ltr'><strong>aliis</strong></span> <span class='ocrx_word' id='word_1_276' title='bbox 366 3548 655 3601; x_wconf 71' lang='lat' dir='ltr'><strong>veteribus</strong></span> <span class='ocrx_word' id='word_1_277' title='bbox 706 3548 1019 3604; x_wconf 89' lang='lat' dir='ltr'><strong>arbitratur,</strong></span> <span class='ocrx_word' id='word_1_278' title='bbox 1074 3560 1172 3599; x_wconf 92' lang='lat' dir='ltr'><strong>nec</strong></span> <span class='ocrx_word' id='word_1_279' title='bbox 1222 3560 1321 3597; x_wconf 79' lang='lat' dir='ltr'><strong>vox</strong></span> <span class='ocrx_word' id='word_1_280' title='bbox 1369 3544 1577 3605; x_wconf 84' lang='grc' dir='ltr'><strong>αἰώνιος</strong></span> <span class='ocrx_word' id='word_1_281' title='bbox 1620 3545 1757 3612; x_wconf 89' lang='lat' dir='ltr'><strong>apud</strong></span> 
     </span>
    </p>
   </div>
   <div class='ocr_carea' id='block_1_37' title="bbox 200 3634 1756 3706">
    <p class='ocr_par' dir='ltr' id='par_1_37' title="bbox 200 3634 1756 3706">
     <span class='ocr_line' id='line_1_37' title="bbox 200 3634 1756 3706; baseline -0.002 -18"><span class='ocrx_word' id='word_1_282' title='bbox 200 3634 524 3700; x_wconf 81' lang='lat' dir='ltr'><strong>Eusebium,</strong></span> <span class='ocrx_word' id='word_1_283' title='bbox 564 3653 671 3706; x_wconf 91' lang='lat' dir='ltr'><strong>pro</strong></span> <span class='ocrx_word' id='word_1_284' title='bbox 703 3637 1003 3689; x_wconf 66' lang='lat' dir='ltr'><strong>aeternitate</strong></span> <span class='ocrx_word' id='word_1_285' title='bbox 1029 3644 1150 3688; x_wconf 88' lang='lat' dir='ltr'><strong>ante</strong></span> <span class='ocrx_word' id='word_1_286' title='bbox 1178 3634 1500 3688; x_wconf 75' lang='lat' dir='ltr'><strong>creationem</strong></span> <span class='ocrx_word' id='word_1_287' title='bbox 1532 3648 1756 3702; x_wconf 90' lang='lat' dir='ltr'><strong>usquam</strong></span> 
     </span>
    </p>
   </div>
   <div class='ocr_carea' id='block_1_38' title="bbox 198 3721 1760 3793">
    <p class='ocr_par' dir='ltr' id='par_1_38' title="bbox 198 3721 1760 3793">
     <span class='ocr_line' id='line_1_38' title="bbox 198 3721 1760 3793; baseline -0.004 -14"><span class='ocrx_word' id='word_1_288' title='bbox 198 3730 435 3781; x_wconf 87' lang='lat' dir='ltr'><strong>sumitur</strong></span> <span class='ocrx_word' id='word_1_289' title='bbox 466 3748 479 3781; x_wconf 87' lang='lat'><strong>:</strong></span> <span class='ocrx_word' id='word_1_290' title='bbox 509 3743 644 3781; x_wconf 90' lang='lat' dir='ltr'><strong>nam</strong></span> <span class='ocrx_word' id='word_1_291' title='bbox 679 3725 987 3793; x_wconf 72' lang='lat' dir='ltr'><strong>huiusmodi</strong></span> <span class='ocrx_word' id='word_1_292' title='bbox 1019 3726 1368 3778; x_wconf 67' lang='lat' dir='ltr'><strong>aeternitatem</strong></span> <span class='ocrx_word' id='word_1_293' title='bbox 1400 3725 1453 3776; x_wconf 93' lang='lat' dir='ltr'><strong>in</strong></span> <span class='ocrx_word' id='word_1_294' title='bbox 1484 3721 1618 3776; x_wconf 91' lang='lat' dir='ltr'><strong>Filio</strong></span> <span class='ocrx_word' id='word_1_295' title='bbox 1648 3723 1760 3775; x_wconf 71' lang='lat' dir='ltr'><strong>evi~</strong></span> 
     </span>
    </p>
   </div>
   <div class='ocr_carea' id='block_1_39' title="bbox 194 3810 1760 3885">
    <p class='ocr_par' dir='ltr' id='par_1_39' title="bbox 194 3810 1760 3885">
     <span class='ocr_line' id='line_1_39' title="bbox 194 3810 1760 3885; baseline -0.003 -18"><span class='ocrx_word' id='word_1_296' title='bbox 194 3816 389 3869; x_wconf 83' lang='lat' dir='ltr'><strong>denter</strong></span> <span class='ocrx_word' id='word_1_297' title='bbox 414 3824 582 3885; x_wconf 80' lang='lat' dir='ltr'><strong>negat</strong></span> <span class='ocrx_word' id='word_1_298' title='bbox 602 3823 659 3869; x_wconf 91' lang='lat' dir='ltr'><strong>et</strong></span> <span class='ocrx_word' id='word_1_299' title='bbox 681 3827 864 3867; x_wconf 90' lang='lat' dir='ltr'><strong>contra</strong></span> <span class='ocrx_word' id='word_1_300' title='bbox 897 3812 1203 3865; x_wconf 79' lang='lat' dir='ltr'><strong>Marcellum</strong></span> <span class='ocrx_word' id='word_1_301' title='bbox 1234 3826 1397 3881; x_wconf 80' lang='lat' dir='ltr'><strong>agens</strong></span> <span class='ocrx_word' id='word_1_302' title='bbox 1430 3812 1653 3864; x_wconf 81' lang='lat' dir='ltr'><strong>aliirmat</strong></span> <span class='ocrx_word' id='word_1_303' title='bbox 1678 3810 1760 3863; x_wconf 73' lang='lat' dir='ltr'><strong>Fi~</strong></span> 
     </span>
    </p>
   </div>
   <div class='ocr_carea' id='block_1_40' title="bbox 194 3903 1759 3974">
    <p class='ocr_par' dir='ltr' id='par_1_40' title="bbox 194 3903 1759 3974">
     <span class='ocr_line' id='line_1_40' title="bbox 194 3903 1759 3974; baseline -0.001 -18"><span class='ocrx_word' id='word_1_304' title='bbox 194 3905 331 3958; x_wconf 89' lang='lat' dir='ltr'><strong>lium</strong></span> <span class='ocrx_word' id='word_1_305' title='bbox 384 3924 493 3960; x_wconf 91' lang='lat' dir='ltr'><strong>non</strong></span> <span class='ocrx_word' id='word_1_306' title='bbox 548 3921 715 3974; x_wconf 89' lang='lat' dir='ltr'><strong>posse</strong></span> <span class='ocrx_word' id='word_1_307' title='bbox 750 3905 856 3957; x_wconf 83' lang='lat' dir='ltr'><strong>dici</strong></span> <span class='ocrx_word' id='word_1_308' title='bbox 908 3905 1071 3956; x_wconf 77' lang='grc' dir='ltr'>ἀΐδιον</span> <span class='ocrx_word' id='word_1_309' title='bbox 1115 3904 1226 3958; x_wconf 84' lang='lat' dir='ltr'><strong>sive</strong></span> <span class='ocrx_word' id='word_1_310' title='bbox 1267 3903 1668 3970; x_wconf 89' lang='lat' dir='ltr'><strong>sempiternum,</strong></span> <span class='ocrx_word' id='word_1_311' title='bbox 1703 3911 1759 3954; x_wconf 94' lang='lat' dir='ltr'><strong>ut</strong></span> 
     </span>
    </p>
   </div>
   <div class='ocr_carea' id='block_1_41' title="bbox 190 3991 1757 4056">
    <p class='ocr_par' dir='ltr' id='par_1_41' title="bbox 190 3991 1757 4056">
     <span class='ocr_line' id='line_1_41' title="bbox 190 3991 1757 4056; baseline 0.001 -14"><span class='ocrx_word' id='word_1_312' title='bbox 190 3994 385 4048; x_wconf 82' lang='lat' dir='ltr'><strong>videre</strong></span> <span class='ocrx_word' id='word_1_313' title='bbox 414 4003 520 4056; x_wconf 87' lang='lat' dir='ltr'><strong>est,</strong></span> <span class='ocrx_word' id='word_1_314' title='bbox 558 3996 595 4046; x_wconf 92' lang='lat' dir='ltr'><strong>l.</strong></span> <span class='ocrx_word' id='word_1_315' title='bbox 630 4009 695 4053; x_wconf 87' lang='grc' dir='ltr'><strong>ιι,</strong></span> <span class='ocrx_word' id='word_1_316' title='bbox 725 4008 776 4045; x_wconf 92' lang='lat' dir='ltr'><strong>c.</strong></span> <span class='ocrx_word' id='word_1_317' title='bbox 809 3992 893 4055; x_wconf 75' lang='grc'><strong>12,</strong></span> <span class='ocrx_word' id='word_1_318' title='bbox 924 4000 977 4044; x_wconf 90' lang='lat' dir='ltr'><strong>et</strong></span> <span class='ocrx_word' id='word_1_319' title='bbox 1005 3994 1150 4046; x_wconf 90' lang='lat' dir='ltr'><strong>alibi.</strong></span> <span class='ocrx_word' id='word_1_320' title='bbox 1184 3992 1292 4046; x_wconf 89' lang='lat' dir='ltr'><strong>Nec</strong></span> <span class='ocrx_word' id='word_1_321' title='bbox 1325 3991 1552 4045; x_wconf 87' lang='lat' dir='ltr'><strong>dilIiteor</strong></span> <span class='ocrx_word' id='word_1_322' title='bbox 1581 4001 1757 4044; x_wconf 83' lang='lat' dir='ltr'><strong>tamen</strong></span> 
     </span>
    </p>
   </div>
   <div class='ocr_carea' id='block_1_42' title="bbox 192 4080 1757 4148">
    <p class='ocr_par' dir='ltr' id='par_1_42' title="bbox 192 4080 1757 4148">
     <span class='ocr_line' id='line_1_42' title="bbox 192 4080 1757 4148; baseline 0.001 -16"><span class='ocrx_word' id='word_1_323' title='bbox 192 4084 245 4133; x_wconf 88' lang='lat' dir='ltr'><strong>in</strong></span> <span class='ocrx_word' id='word_1_324' title='bbox 276 4083 713 4136; x_wconf 74' lang='lat' dir='ltr'><strong>Commentariis</strong></span> <span class='ocrx_word' id='word_1_325' title='bbox 754 4082 806 4133; x_wconf 91' lang='lat' dir='ltr'><strong>in</strong></span> <span class='ocrx_word' id='word_1_326' title='bbox 853 4081 1093 4135; x_wconf 89' lang='lat' dir='ltr'><strong>Psalmos</strong></span> <span class='ocrx_word' id='word_1_327' title='bbox 1136 4080 1199 4132; x_wconf 91' lang='lat' dir='ltr'><strong>ad</strong></span> <span class='ocrx_word' id='word_1_328' title='bbox 1232 4082 1372 4134; x_wconf 90' lang='lat' dir='ltr'><strong>hunc</strong></span> <span class='ocrx_word' id='word_1_329' title='bbox 1400 4082 1535 4148; x_wconf 88' lang='lat' dir='ltr'><strong>psal.</strong></span> <span class='ocrx_word' id='word_1_330' title='bbox 1569 4095 1607 4132; x_wconf 87' lang='grc' dir='ltr'><strong>ιι</strong></span> <span class='ocrx_word' id='word_1_331' title='bbox 1637 4096 1757 4133; x_wconf 92' lang='lat' dir='ltr'><strong>ver-</strong></span> 
     </span>
    </p>
   </div>
   <div class='ocr_carea' id='block_1_43' title="bbox 189 4168 1758 4240">
    <p class='ocr_par' dir='ltr' id='par_1_43' title="bbox 189 4168 1758 4240">
     <span class='ocr_line' id='line_1_43' title="bbox 189 4168 1758 4240; baseline -0.001 -20"><span class='ocrx_word' id='word_1_332' title='bbox 189 4184 347 4231; x_wconf 87' lang='lat' dir='ltr'><strong>sum,</strong></span> <span class='ocrx_word' id='word_1_333' title='bbox 379 4170 491 4238; x_wconf 83' lang='lat' dir='ltr'><strong>Ego</strong></span> <span class='ocrx_word' id='word_1_334' title='bbox 522 4171 681 4223; x_wconf 82' lang='lat' dir='ltr'><strong>hodie</strong></span> <span class='ocrx_word' id='word_1_335' title='bbox 701 4170 938 4240; x_wconf 83' lang='lat' dir='ltr'><strong>genuite,</strong></span> <span class='ocrx_word' id='word_1_336' title='bbox 969 4170 1079 4223; x_wconf 59' lang='lat' dir='ltr'><strong>haec</strong></span> <span class='ocrx_word' id='word_1_337' title='bbox 1106 4170 1288 4221; x_wconf 88' lang='lat' dir='ltr'><strong>haberi</strong></span> <span class='ocrx_word' id='word_1_338' title='bbox 1313 4170 1479 4236; x_wconf 58' lang='lat' dir='ltr'><strong>:‘Ertb</strong></span> <span class='ocrx_word' id='word_1_339' title='bbox 1502 4168 1758 4236; x_wconf 75' lang='grc' dir='ltr'><strong>σήμερον</strong></span> 
     </span>
    </p>
   </div>
   <div class='ocr_carea' id='block_1_44' title="bbox 188 4258 1757 4332">
    <p class='ocr_par' dir='ltr' id='par_1_44' title="bbox 188 4258 1757 4332">
     <span class='ocr_line' id='line_1_44' title="bbox 188 4258 1757 4332; baseline -0.003 -19"><span class='ocrx_word' id='word_1_340' title='bbox 188 4260 535 4327; x_wconf 55' lang='grc' dir='ltr'><strong>γεγέννηκά</strong></span> <span class='ocrx_word' id='word_1_341' title='bbox 564 4277 662 4321; x_wconf 86' lang='grc' dir='ltr'><strong>σε,</strong></span> <span class='ocrx_word' id='word_1_342' title='bbox 685 4260 924 4329; x_wconf 83' lang='grc' dir='ltr'><strong>δηλονότι</strong></span> <span class='ocrx_word' id='word_1_343' title='bbox 956 4261 1081 4332; x_wconf 80' lang='grc' dir='ltr'>περὶ</span> <span class='ocrx_word' id='word_1_344' title='bbox 1110 4261 1206 4328; x_wconf 81' lang='grc' dir='ltr'><strong>τῆς</strong></span> <span class='ocrx_word' id='word_1_345' title='bbox 1236 4258 1482 4329; x_wconf 83' lang='grc' dir='ltr'><strong>χρονικῆς</strong></span> <span class='ocrx_word' id='word_1_346' title='bbox 1510 4258 1609 4326; x_wconf 77' lang='grc' dir='ltr'><strong>ἔφη</strong></span> <span class='ocrx_word' id='word_1_347' title='bbox 1636 4275 1757 4324; x_wconf 87' lang='grc' dir='ltr'>γεν-</span> 
     </span>
    </p>
   </div>
   <div class='ocr_carea' id='block_1_45' title="bbox 186 4346 1751 4425">
    <p class='ocr_par' dir='ltr' id='par_1_45' title="bbox 186 4346 1751 4425">
     <span class='ocr_line' id='line_1_45' title="bbox 186 4346 1751 4425; baseline -0.001 -27"><span class='ocrx_word' id='word_1_348' title='bbox 186 4353 425 4418; x_wconf 76' lang='grc' dir='ltr'>νήσεως·</span> <span class='ocrx_word' id='word_1_349' title='bbox 454 4352 586 4420; x_wconf 77' lang='grc' dir='ltr'>περὶ</span> <span class='ocrx_word' id='word_1_350' title='bbox 624 4351 735 4419; x_wconf 73' lang='grc' dir='ltr'>γὰρ</span> <span class='ocrx_word' id='word_1_351' title='bbox 766 4350 865 4425; x_wconf 76' lang='grc' dir='ltr'><strong>τῇς</strong></span> <span class='ocrx_word' id='word_1_352' title='bbox 896 4350 1125 4417; x_wconf 78' lang='grc' dir='ltr'>ἀνάρχου</span> <span class='ocrx_word' id='word_1_353' title='bbox 1156 4350 1314 4416; x_wconf 72' lang='grc' dir='ltr'>φησὶν</span> <span class='ocrx_word' id='word_1_354' title='bbox 1339 4347 1493 4408; x_wconf 79' lang='grc' dir='ltr'>αὐτὸς</span> <span class='ocrx_word' id='word_1_355' title='bbox 1527 4348 1554 4397; x_wconf 75' lang='grc' dir='ltr'>ὁ</span> <span class='ocrx_word' id='word_1_356' title='bbox 1578 4346 1751 4398; x_wconf 83' lang='grc' dir='ltr'><strong>Δαυῖδ·</strong></span> 
     </span>
    </p>
   </div>
   <div class='ocr_carea' id='block_1_46' title="bbox 201 4434 1827 4507">
    <p class='ocr_par' dir='ltr' id='par_1_46' title="bbox 201 4434 1827 4507">
     <span class='ocr_line' id='line_1_46' title="bbox 201 4434 1827 4507; baseline -0.002 -19"><span class='ocrx_word' id='word_1_357' title='bbox 201 4439 306 4491; x_wconf 84' lang='grc' dir='ltr'><strong>Ἐκ</strong></span> <span class='ocrx_word' id='word_1_358' title='bbox 358 4440 625 4507; x_wconf 75' lang='grc' dir='ltr'><strong>γαστρὸς</strong></span> <span class='ocrx_word' id='word_1_359' title='bbox 669 4438 783 4505; x_wconf 82' lang='grc' dir='ltr'><strong>πρὸ</strong></span> <span class='ocrx_word' id='word_1_360' title='bbox 825 4438 1130 4504; x_wconf 72' lang='grc' dir='ltr'><strong>ἑωσφόρον</strong></span> <span class='ocrx_word' id='word_1_361' title='bbox 1161 4434 1481 4503; x_wconf 75' lang='grc' dir='ltr'><strong>γεγέννηκά</strong></span> <span class='ocrx_word' id='word_1_362' title='bbox 1524 4452 1614 4499; x_wconf 84' lang='grc' dir='ltr'><strong>σε,</strong></span> <span class='ocrx_word' id='word_1_363' title='bbox 1656 4435 1754 4488; x_wconf 90' lang='lat' dir='ltr'><strong>hoc</strong></span> <span class='ocrx_word' id='word_1_364' title='bbox 1785 4441 1827 4495; x_wconf 84' lang='grc' dir='ltr'><strong>Ι)</strong></span> 
     </span>
    </p>
   </div>
   <div class='ocr_carea' id='block_1_47' title="bbox 191 4524 1756 4595">
    <p class='ocr_par' dir='ltr' id='par_1_47' title="bbox 191 4524 1756 4595">
     <span class='ocr_line' id='line_1_47' title="bbox 191 4524 1756 4595; baseline -0.001 -18"><span class='ocrx_word' id='word_1_365' title='bbox 191 4538 280 4579; x_wconf 78' lang='lat' dir='ltr'><strong>est</strong></span> <span class='ocrx_word' id='word_1_366' title='bbox 312 4547 324 4580; x_wconf 89' lang='lat'><strong>:</strong></span> <span class='ocrx_word' id='word_1_367' title='bbox 360 4546 376 4577; x_wconf 78' lang='grc' dir='ltr'><strong>ι</strong></span> <span class='ocrx_word' id='word_1_368' title='bbox 411 4528 526 4595; x_wconf 85' lang='lat' dir='ltr'><strong>Ego</strong></span> <span class='ocrx_word' id='word_1_369' title='bbox 546 4526 702 4579; x_wconf 81' lang='lat' dir='ltr'><strong>hodie</strong></span> <span class='ocrx_word' id='word_1_370' title='bbox 719 4527 871 4594; x_wconf 80' lang='lat' dir='ltr'><strong>genui</strong></span> <span class='ocrx_word' id='word_1_371' title='bbox 908 4536 975 4587; x_wconf 87' lang='lat' dir='ltr'><strong>te,</strong></span> <span class='ocrx_word' id='word_1_372' title='bbox 1016 4543 1033 4575; x_wconf 80' lang='grc' dir='ltr'><strong>ι</strong></span> <span class='ocrx_word' id='word_1_373' title='bbox 1064 4524 1115 4576; x_wconf 79' lang='lat' dir='ltr'><strong>id</strong></span> <span class='ocrx_word' id='word_1_374' title='bbox 1143 4525 1372 4577; x_wconf 80' lang='lat' dir='ltr'><strong>videlicet</strong></span> <span class='ocrx_word' id='word_1_375' title='bbox 1397 4524 1457 4577; x_wconf 89' lang='lat' dir='ltr'><strong>de</strong></span> <span class='ocrx_word' id='word_1_376' title='bbox 1490 4526 1756 4593; x_wconf 79' lang='lat' dir='ltr'><strong>temporali</strong></span> 
     </span>
    </p>
   </div>
   <div class='ocr_carea' id='block_1_48' title="bbox 196 4616 1813 4684">
    <p class='ocr_par' dir='ltr' id='par_1_48' title="bbox 196 4616 1813 4684">
     <span class='ocr_line' id='line_1_48' title="bbox 196 4616 1813 4684; baseline -0.002 -14"><span class='ocrx_word' id='word_1_377' title='bbox 196 4630 535 4684; x_wconf 75' lang='lat' dir='ltr'><strong>generatione</strong></span> <span class='ocrx_word' id='word_1_378' title='bbox 573 4618 798 4678; x_wconf 77' lang='lat' dir='ltr'><strong>dictant,</strong></span> <span class='ocrx_word' id='word_1_379' title='bbox 825 4633 939 4684; x_wconf 72' lang='lat' dir='ltr'><strong>qua:</strong></span> <span class='ocrx_word' id='word_1_380' title='bbox 974 4631 1063 4682; x_wconf 88' lang='lat' dir='ltr'><strong>per</strong></span> <span class='ocrx_word' id='word_1_381' title='bbox 1099 4618 1433 4669; x_wconf 77' lang='lat' dir='ltr'><strong>oeconomiam</strong></span> <span class='ocrx_word' id='word_1_382' title='bbox 1469 4616 1610 4682; x_wconf 79' lang='lat' dir='ltr'><strong>facta</strong></span> <span class='ocrx_word' id='word_1_383' title='bbox 1638 4626 1754 4677; x_wconf 85' lang='lat' dir='ltr'><strong>est;</strong></span> <span class='ocrx_word' id='word_1_384' title='bbox 1806 4668 1813 4681; x_wconf 27' lang='grc' dir='ltr'>γ</span> 
     </span>
    </p>
   </div>
   <div class='ocr_carea' id='block_1_49' title="bbox 198 4684 3374 4777">
    <p class='ocr_par' dir='ltr' id='par_1_49' title="bbox 198 4684 3374 4777">
     <span class='ocr_line' id='line_1_49' title="bbox 198 4684 3374 4777; baseline -0.002 -31"><span class='ocrx_word' id='word_1_385' title='bbox 198 4706 264 4758; x_wconf 72' lang='grc' dir='ltr'><strong>«ιε</strong></span> <span class='ocrx_word' id='word_1_386' title='bbox 290 4708 384 4758; x_wconf 71' lang='lat' dir='ltr'><strong>ma</strong></span> <span class='ocrx_word' id='word_1_387' title='bbox 412 4722 645 4774; x_wconf 58' lang='lat' dir='ltr'><strong>namque</strong></span> <span class='ocrx_word' id='word_1_388' title='bbox 666 4722 783 4773; x_wconf 62' lang='lat' dir='ltr'><strong>qua;</strong></span> <span class='ocrx_word' id='word_1_389' title='bbox 804 4708 913 4758; x_wconf 65' lang='lat' dir='ltr'><strong>sine</strong></span> <span class='ocrx_word' id='word_1_390' title='bbox 938 4705 1191 4771; x_wconf 63' lang='lat' dir='ltr'><strong>principio</strong></span> <span class='ocrx_word' id='word_1_391' title='bbox 1212 4715 1306 4766; x_wconf 64' lang='grc' dir='ltr'><strong>ωε,</strong></span> <span class='ocrx_word' id='word_1_392' title='bbox 1327 4706 1399 4757; x_wconf 59' lang='lat' dir='ltr'><strong>an</strong></span> <span class='ocrx_word' id='word_1_393' title='bbox 1426 4708 1529 4773; x_wconf 66' lang='lat' dir='ltr'><strong>ipse</strong></span> <span class='ocrx_word' id='word_1_394' title='bbox 1552 4707 1716 4759; x_wconf 74' lang='grc' dir='ltr'><em>οαυίά</em></span> <span class='ocrx_word' id='word_1_395' title='bbox 1738 4724 1755 4758; x_wconf 79' lang='grc'><em>;</em></span> <span class='ocrx_word' id='word_1_396' title='bbox 1857 4694 2058 4747; x_wconf 90' lang='lat' dir='ltr'><strong>tudinis</strong></span> <span class='ocrx_word' id='word_1_397' title='bbox 2101 4696 2358 4747; x_wconf 87' lang='lat' dir='ltr'><strong>rationem</strong></span> <span class='ocrx_word' id='word_1_398' title='bbox 2402 4696 2475 4748; x_wconf 90' lang='lat' dir='ltr'><strong>dii</strong></span> <span class='ocrx_word' id='word_1_399' title='bbox 2522 4702 2915 4762; x_wconf 89' lang='lat' dir='ltr'><strong>nuncupentur.</strong></span> <span class='ocrx_word' id='word_1_400' title='bbox 2965 4691 3184 4745; x_wconf 85' lang='lat' dir='ltr'><strong>Genitus</strong></span> <span class='ocrx_word' id='word_1_401' title='bbox 3214 4689 3374 4777; x_wconf 86' lang='lat' dir='ltr'><strong>etiam</strong></span> 
     </span>
    </p>
   </div>
   <div class='ocr_carea' id='block_1_50' title="bbox 208 4792 1749 4863">
    <p class='ocr_par' dir='ltr' id='par_1_50' title="bbox 208 4792 1749 4863">
     <span class='ocr_line' id='line_1_50' title="bbox 208 4792 1749 4863; baseline -0.001 -18"><span class='ocrx_word' id='word_1_402' title='bbox 208 4812 227 4840; x_wconf 75' lang='grc' dir='ltr'><strong>ι</strong></span> <span class='ocrx_word' id='word_1_403' title='bbox 271 4794 351 4845; x_wconf 73' lang='lat' dir='ltr'><strong>Ea:</strong></span> <span class='ocrx_word' id='word_1_404' title='bbox 384 4805 538 4847; x_wconf 83' lang='lat' dir='ltr'><strong>utero</strong></span> <span class='ocrx_word' id='word_1_405' title='bbox 564 4805 689 4846; x_wconf 89' lang='lat' dir='ltr'><strong>ante</strong></span> <span class='ocrx_word' id='word_1_406' title='bbox 717 4794 994 4861; x_wconf 82' lang='lat' dir='ltr'><strong>luciferum</strong></span> <span class='ocrx_word' id='word_1_407' title='bbox 1031 4793 1181 4860; x_wconf 86' lang='lat' dir='ltr'><strong>genui</strong></span> <span class='ocrx_word' id='word_1_408' title='bbox 1217 4802 1261 4844; x_wconf 87' lang='lat' dir='ltr'><strong>te</strong></span> <span class='ocrx_word' id='word_1_409' title='bbox 1291 4792 1581 4859; x_wconf 74' lang='lat' dir='ltr'><strong>(Psal.crx,</strong></span> <span class='ocrx_word' id='word_1_410' title='bbox 1605 4796 1692 4863; x_wconf 80' lang='lat'><strong>5).</strong></span> <span class='ocrx_word' id='word_1_411' title='bbox 1733 4815 1749 4844; x_wconf 83' lang='grc' dir='ltr'><strong>ι</strong></span> 
     </span>
    </p>
   </div>
   <div class='ocr_carea' id='block_1_51' title="bbox 204 4880 1755 4946">
    <p class='ocr_par' dir='ltr' id='par_1_51' title="bbox 204 4880 1755 4946">
     <span class='ocr_line' id='line_1_51' title="bbox 204 4880 1755 4946; baseline 0.001 -13"><span class='ocrx_word' id='word_1_412' title='bbox 204 4881 401 4937; x_wconf 81' lang='lat' dir='ltr'><strong>Verum</strong></span> <span class='ocrx_word' id='word_1_413' title='bbox 429 4884 483 4936; x_wconf 92' lang='lat' dir='ltr'><strong>id</strong></span> <span class='ocrx_word' id='word_1_414' title='bbox 514 4884 651 4936; x_wconf 88' lang='lat' dir='ltr'><strong>nihil</strong></span> <span class='ocrx_word' id='word_1_415' title='bbox 675 4897 815 4935; x_wconf 75' lang='lat' dir='ltr'><strong>verte</strong></span> <span class='ocrx_word' id='word_1_416' title='bbox 837 4880 1058 4934; x_wconf 85' lang='lat' dir='ltr'><strong>Eusebii</strong></span> <span class='ocrx_word' id='word_1_417' title='bbox 1081 4880 1353 4933; x_wconf 72' lang='lat' dir='ltr'><strong>sententiae</strong></span> <span class='ocrx_word' id='word_1_418' title='bbox 1373 4880 1584 4943; x_wconf 70' lang='lat' dir='ltr'><strong>alliciat,</strong></span> <span class='ocrx_word' id='word_1_419' title='bbox 1610 4898 1755 4946; x_wconf 88' lang='lat' dir='ltr'><strong>nam,</strong></span> 
     </span>
    </p>
   </div>
   <div class='ocr_carea' id='block_1_52' title="bbox 211 4966 1756 5040">
    <p class='ocr_par' dir='ltr' id='par_1_52' title="bbox 211 4966 1756 5040">
     <span class='ocr_line' id='line_1_52' title="bbox 211 4966 1756 5040; baseline 0.002 -18"><span class='ocrx_word' id='word_1_420' title='bbox 211 4981 265 5023; x_wconf 91' lang='grc' dir='ltr'><strong>ιιι</strong></span> <span class='ocrx_word' id='word_1_421' title='bbox 291 4974 462 5033; x_wconf 86' lang='lat' dir='ltr'><strong>vides,</strong></span> <span class='ocrx_word' id='word_1_422' title='bbox 497 4974 735 5039; x_wconf 82' lang='grc' dir='ltr'>ἄναρχον</span> <span class='ocrx_word' id='word_1_423' title='bbox 766 4977 927 5022; x_wconf 86' lang='lat' dir='ltr'><strong>vocat</strong></span> <span class='ocrx_word' id='word_1_424' title='bbox 970 4966 1129 5020; x_wconf 83' lang='lat' dir='ltr'><strong>Verbi</strong></span> <span class='ocrx_word' id='word_1_425' title='bbox 1179 4970 1589 5036; x_wconf 71' lang='lat' dir='ltr'><strong>generationem,</strong></span> <span class='ocrx_word' id='word_1_426' title='bbox 1633 4974 1756 5040; x_wconf 90' lang='lat' dir='ltr'><strong>quia</strong></span> 
     </span>
    </p>
   </div>
   <div class='ocr_carea' id='block_1_53' title="bbox 217 5056 1754 5129">
    <p class='ocr_par' dir='ltr' id='par_1_53' title="bbox 217 5056 1754 5129">
     <span class='ocr_line' id='line_1_53' title="bbox 217 5056 1754 5129; baseline 0.003 -20"><span class='ocrx_word' id='word_1_427' title='bbox 217 5071 330 5113; x_wconf 83' lang='lat' dir='ltr'><strong>ante</strong></span> <span class='ocrx_word' id='word_1_428' title='bbox 381 5061 691 5123; x_wconf 84' lang='lat' dir='ltr'><strong>luciferum,</strong></span> <span class='ocrx_word' id='word_1_429' title='bbox 744 5058 799 5111; x_wconf 91' lang='lat' dir='ltr'><strong>id</strong></span> <span class='ocrx_word' id='word_1_430' title='bbox 834 5062 948 5116; x_wconf 90' lang='lat' dir='ltr'><strong>est,</strong></span> <span class='ocrx_word' id='word_1_431' title='bbox 994 5062 1115 5107; x_wconf 89' lang='lat' dir='ltr'><strong>ante</strong></span> <span class='ocrx_word' id='word_1_432' title='bbox 1147 5056 1457 5122; x_wconf 85' lang='lat' dir='ltr'><strong>principium</strong></span> <span class='ocrx_word' id='word_1_433' title='bbox 1502 5062 1754 5129; x_wconf 88' lang='lat' dir='ltr'><strong>temporis</strong></span> 
     </span>
    </p>
   </div>
   <div class='ocr_carea' id='block_1_54' title="bbox 223 5141 1755 5218">
    <p class='ocr_par' dir='ltr' id='par_1_54' title="bbox 223 5141 1755 5218">
     <span class='ocr_line' id='line_1_54' title="bbox 223 5141 1755 5218; baseline 0.003 -20"><span class='ocrx_word' id='word_1_434' title='bbox 223 5149 310 5200; x_wconf 81' lang='lat' dir='ltr'><strong>fuit</strong></span> <span class='ocrx_word' id='word_1_435' title='bbox 340 5169 351 5202; x_wconf 91' lang='lat'><strong>:</strong></span> <span class='ocrx_word' id='word_1_436' title='bbox 385 5152 653 5218; x_wconf 89' lang='lat' dir='ltr'><strong>siquidem</strong></span> <span class='ocrx_word' id='word_1_437' title='bbox 691 5147 967 5203; x_wconf 83' lang='lat' dir='ltr'><strong>Verbum,</strong></span> <span class='ocrx_word' id='word_1_438' title='bbox 1003 5150 1062 5195; x_wconf 94' lang='lat' dir='ltr'><strong>ut</strong></span> <span class='ocrx_word' id='word_1_439' title='bbox 1092 5143 1163 5194; x_wconf 91' lang='lat' dir='ltr'><strong>ait</strong></span> <span class='ocrx_word' id='word_1_440' title='bbox 1187 5141 1431 5207; x_wconf 82' lang='lat' dir='ltr'><strong>Joannes,</strong></span> <span class='ocrx_word' id='word_1_441' title='bbox 1471 5146 1523 5198; x_wconf 89' lang='lat' dir='ltr'><strong>in</strong></span> <span class='ocrx_word' id='word_1_442' title='bbox 1548 5149 1755 5214; x_wconf 82' lang='lat' dir='ltr'><strong>princi-</strong></span> 
     </span>
    </p>
   </div>
   <div class='ocr_carea' id='block_1_55' title="bbox 224 5227 1753 5305">
    <p class='ocr_par' dir='ltr' id='par_1_55' title="bbox 224 5227 1753 5305">
     <span class='ocr_line' id='line_1_55' title="bbox 224 5227 1753 5305; baseline -0.001 -19"><span class='ocrx_word' id='word_1_443' title='bbox 224 5237 297 5301; x_wconf 91' lang='lat' dir='ltr'><strong>pio</strong></span> <span class='ocrx_word' id='word_1_444' title='bbox 332 5246 458 5297; x_wconf 89' lang='lat' dir='ltr'><strong>erat,</strong></span> <span class='ocrx_word' id='word_1_445' title='bbox 492 5236 637 5305; x_wconf 88' lang='lat' dir='ltr'><strong>quod</strong></span> <span class='ocrx_word' id='word_1_446' title='bbox 671 5235 763 5286; x_wconf 89' lang='lat' dir='ltr'><strong>ille</strong></span> <span class='ocrx_word' id='word_1_447' title='bbox 797 5233 871 5283; x_wconf 88' lang='lat' dir='ltr'><strong>de</strong></span> <span class='ocrx_word' id='word_1_448' title='bbox 922 5227 1191 5295; x_wconf 90' lang='lat' dir='ltr'><strong>principio</strong></span> <span class='ocrx_word' id='word_1_449' title='bbox 1222 5231 1463 5295; x_wconf 90' lang='lat' dir='ltr'><strong>temporis</strong></span> <span class='ocrx_word' id='word_1_450' title='bbox 1493 5233 1753 5299; x_wconf 81' lang='lat' dir='ltr'><strong>explicat,</strong></span> 
     </span>
    </p>
   </div>
   <div class='ocr_carea' id='block_1_56' title="bbox 224 5315 1751 5391">
    <p class='ocr_par' dir='ltr' id='par_1_56' title="bbox 224 5315 1751 5391">
     <span class='ocr_line' id='line_1_56' title="bbox 224 5315 1751 5391; baseline 0 -16"><span class='ocrx_word' id='word_1_451' title='bbox 224 5330 360 5391; x_wconf 78' lang='lat' dir='ltr'><strong>atque</strong></span> <span class='ocrx_word' id='word_1_452' title='bbox 408 5324 527 5377; x_wconf 85' lang='lat' dir='ltr'><strong>ideo</strong></span> <span class='ocrx_word' id='word_1_453' title='bbox 577 5324 666 5376; x_wconf 84' lang='lat' dir='ltr'><strong>hic</strong></span> <span class='ocrx_word' id='word_1_454' title='bbox 704 5321 964 5386; x_wconf 79' lang='grc' dir='ltr'><strong>ἄναρχος</strong></span> <span class='ocrx_word' id='word_1_455' title='bbox 1010 5315 1165 5369; x_wconf 83' lang='lat' dir='ltr'><strong>Verbi</strong></span> <span class='ocrx_word' id='word_1_456' title='bbox 1206 5321 1348 5367; x_wconf 87' lang='lat' dir='ltr'><strong>ortus</strong></span> <span class='ocrx_word' id='word_1_457' title='bbox 1385 5316 1597 5382; x_wconf 89' lang='lat' dir='ltr'><strong>dicitur,</strong></span> <span class='ocrx_word' id='word_1_458' title='bbox 1628 5323 1751 5388; x_wconf 86' lang='lat' dir='ltr'><strong>quia</strong></span> 
     </span>
    </p>
   </div>
   <div class='ocr_carea' id='block_1_57' title="bbox 217 5404 1812 5478">
    <p class='ocr_par' dir='ltr' id='par_1_57' title="bbox 217 5404 1812 5478">
     <span class='ocr_line' id='line_1_57' title="bbox 217 5404 1812 5478; baseline -0.003 -13"><span class='ocrx_word' id='word_1_459' title='bbox 217 5427 315 5467; x_wconf 75' lang='lat' dir='ltr'><strong>cum</strong></span> <span class='ocrx_word' id='word_1_460' title='bbox 342 5425 462 5469; x_wconf 83' lang='lat' dir='ltr'><strong>ante</strong></span> <span class='ocrx_word' id='word_1_461' title='bbox 491 5427 658 5468; x_wconf 88' lang='lat' dir='ltr'><strong>omne</strong></span> <span class='ocrx_word' id='word_1_462' title='bbox 690 5418 931 5472; x_wconf 85' lang='lat' dir='ltr'><strong>tempus</strong></span> <span class='ocrx_word' id='word_1_463' title='bbox 977 5413 1031 5456; x_wconf 88' lang='lat' dir='ltr'><strong>et</strong></span> <span class='ocrx_word' id='word_1_464' title='bbox 1060 5413 1175 5455; x_wconf 86' lang='lat' dir='ltr'><strong>ante</strong></span> <span class='ocrx_word' id='word_1_465' title='bbox 1214 5404 1381 5455; x_wconf 91' lang='lat' dir='ltr'><strong>omnia</strong></span> <span class='ocrx_word' id='word_1_466' title='bbox 1416 5409 1609 5460; x_wconf 67' lang='lat' dir='ltr'><strong>saecula</strong></span> <span class='ocrx_word' id='word_1_467' title='bbox 1636 5408 1755 5465; x_wconf 82' lang='lat' dir='ltr'><strong>fue-</strong></span> <span class='ocrx_word' id='word_1_468' title='bbox 1798 5457 1812 5478; x_wconf 74' lang='grc'>,</span> 
     </span>
    </p>
   </div>
   <div class='ocr_carea' id='block_1_58' title="bbox 208 5486 1813 5569">
    <p class='ocr_par' dir='ltr' id='par_1_58' title="bbox 208 5486 1813 5569">
     <span class='ocr_line' id='line_1_58' title="bbox 208 5486 1813 5569; baseline -0.013 -16"><span class='ocrx_word' id='word_1_469' title='bbox 208 5505 274 5569; x_wconf 78' lang='lat' dir='ltr'><strong>rit,</strong></span> <span class='ocrx_word' id='word_1_470' title='bbox 307 5520 409 5559; x_wconf 72' lang='lat' dir='ltr'><strong>non</strong></span> <span class='ocrx_word' id='word_1_471' title='bbox 457 5500 645 5564; x_wconf 51' lang='lat' dir='ltr'><strong>habet‘</strong></span> <span class='ocrx_word' id='word_1_472' title='bbox 670 5488 1043 5561; x_wconf 88' lang='lat' dir='ltr'><strong>principium</strong></span> <span class='ocrx_word' id='word_1_473' title='bbox 1083 5486 1342 5553; x_wconf 87' lang='lat' dir='ltr'><strong>temporis.</strong></span> <span class='ocrx_word' id='word_1_474' title='bbox 1376 5489 1631 5559; x_wconf 82' lang='grc' dir='ltr'>Ἀναρχον</span> <span class='ocrx_word' id='word_1_475' title='bbox 1672 5503 1754 5547; x_wconf 61' lang='grc' dir='ltr'><strong>ια,</strong></span> <span class='ocrx_word' id='word_1_476' title='bbox 1810 5558 1813 5561; x_wconf 8' lang='grc' dir='ltr'><strong>ἢ</strong></span> 
     </span>
    </p>
   </div>
   <div class='ocr_carea' id='block_1_59' title="bbox 236 5654 1257 5758">
    <p class='ocr_par' dir='ltr' id='par_1_59' title="bbox 236 5654 1257 5758">
     <span class='ocr_line' id='line_1_59' title="bbox 236 5654 1257 5758; baseline -0.005 -47"><span class='ocrx_word' id='word_1_477' title='bbox 236 5690 294 5758; x_wconf 62' lang='grc' dir='ltr'><strong>(α)</strong></span> <span class='ocrx_word' id='word_1_478' title='bbox 329 5685 497 5740; x_wconf 49' lang='lat' dir='ltr'><strong><em>Cone.</em></strong></span> <span class='ocrx_word' id='word_1_479' title='bbox 545 5664 789 5734; x_wconf 76' lang='lat' dir='ltr'><strong>Nic._‘n,</strong></span> <span class='ocrx_word' id='word_1_480' title='bbox 820 5660 951 5709; x_wconf 85' lang='lat' dir='ltr'><strong>act.</strong></span> <span class='ocrx_word' id='word_1_481' title='bbox 992 5654 1046 5719; x_wconf 88' lang='lat'><strong>6,</strong></span> <span class='ocrx_word' id='word_1_482' title='bbox 1075 5672 1121 5724; x_wconf 90' lang='lat' dir='ltr'><strong>p.</strong></span> <span class='ocrx_word' id='word_1_483' title='bbox 1149 5657 1257 5710; x_wconf 72' lang='lat'><strong>498.</strong></span> 
     </span>
    </p>
   </div>
   <div class='ocr_carea' id='block_1_60' title="bbox 1873 592 3395 664">
    <p class='ocr_par' dir='ltr' id='par_1_60' title="bbox 1873 592 3395 664">
     <span class='ocr_line' id='line_1_60' title="bbox 1873 592 3395 664; baseline 0.003 -20"><span class='ocrx_word' id='word_1_484' title='bbox 1873 600 1925 644; x_wconf 91' lang='lat' dir='ltr'><strong>et</strong></span> <span class='ocrx_word' id='word_1_485' title='bbox 1950 594 2048 647; x_wconf 90' lang='lat' dir='ltr'><strong>soli</strong></span> <span class='ocrx_word' id='word_1_486' title='bbox 2082 593 2221 645; x_wconf 89' lang='lat' dir='ltr'><strong>Patri</strong></span> <span class='ocrx_word' id='word_1_487' title='bbox 2255 601 2556 661; x_wconf 83' lang='lat' dir='ltr'><strong>competere</strong></span> <span class='ocrx_word' id='word_1_488' title='bbox 2578 592 2707 645; x_wconf 83' lang='lat' dir='ltr'><strong>dicit</strong></span> <span class='ocrx_word' id='word_1_489' title='bbox 2742 614 2753 648; x_wconf 94' lang='lat'>:</span> <span class='ocrx_word' id='word_1_490' title='bbox 2792 596 3011 664; x_wconf 88' lang='lat' dir='ltr'><strong>parique</strong></span> <span class='ocrx_word' id='word_1_491' title='bbox 3047 596 3204 650; x_wconf 92' lang='lat' dir='ltr'><strong>modo</strong></span> <span class='ocrx_word' id='word_1_492' title='bbox 3233 605 3395 651; x_wconf 87' lang='lat' dir='ltr'><strong>tetra-</strong></span> 
     </span>
    </p>
   </div>
   <div class='ocr_carea' id='block_1_61' title="bbox 1872 670 3393 751">
    <p class='ocr_par' dir='ltr' id='par_1_61' title="bbox 1872 670 3393 751">
     <span class='ocr_line' id='line_1_61' title="bbox 1872 670 3393 751; baseline 0.004 -19"><span class='ocrx_word' id='word_1_493' title='bbox 1872 670 2143 750; x_wconf 52' lang='lat' dir='ltr'><strong>gra&#39;mmon</strong></span> <span class='ocrx_word' id='word_1_494' title='bbox 2172 691 2306 747; x_wconf 55' lang='lat' dir='ltr'><strong>mni,</strong></span> <span class='ocrx_word' id='word_1_495' title='bbox 2333 683 2475 751; x_wconf 85' lang='lat' dir='ltr'><strong>quod</strong></span> <span class='ocrx_word' id='word_1_496' title='bbox 2519 683 2714 748; x_wconf 86' lang='lat' dir='ltr'><strong>passim</strong></span> <span class='ocrx_word' id='word_1_497' title='bbox 2748 687 2821 738; x_wconf 90' lang='lat' dir='ltr'><strong>ait</strong></span> <span class='ocrx_word' id='word_1_498' title='bbox 2852 688 2904 738; x_wconf 93' lang='lat' dir='ltr'><strong>in</strong></span> <span class='ocrx_word' id='word_1_499' title='bbox 2946 686 3028 740; x_wconf 90' lang='lat' dir='ltr'><strong>his</strong></span> <span class='ocrx_word' id='word_1_500' title='bbox 3054 687 3393 740; x_wconf 89' lang='lat' dir='ltr'><strong>Commenta-</strong></span> 
     </span>
    </p>
   </div>
   <div class='ocr_carea' id='block_1_62' title="bbox 1873 770 3391 843">
    <p class='ocr_par' dir='ltr' id='par_1_62' title="bbox 1873 770 3391 843">
     <span class='ocr_line' id='line_1_62' title="bbox 1873 770 3391 843; baseline 0.003 -19"><span class='ocrx_word' id='word_1_501' title='bbox 1873 772 1968 825; x_wconf 91' lang='lat' dir='ltr'><strong>riis</strong></span> <span class='ocrx_word' id='word_1_502' title='bbox 2003 772 2086 824; x_wconf 93' lang='lat' dir='ltr'><strong>uni</strong></span> <span class='ocrx_word' id='word_1_503' title='bbox 2118 770 2258 823; x_wconf 87' lang='lat' dir='ltr'><strong>Patri</strong></span> <span class='ocrx_word' id='word_1_504' title='bbox 2290 782 2590 841; x_wconf 85' lang='lat' dir='ltr'><strong>competere</strong></span> <span class='ocrx_word' id='word_1_505' title='bbox 2631 790 2814 843; x_wconf 88' lang='lat' dir='ltr'><strong>posse;</strong></span> <span class='ocrx_word' id='word_1_506' title='bbox 2850 776 3011 829; x_wconf 89' lang='lat' dir='ltr'><strong>semel</strong></span> <span class='ocrx_word' id='word_1_507' title='bbox 3034 776 3084 827; x_wconf 95' lang='lat' dir='ltr'><strong>in</strong></span> <span class='ocrx_word' id='word_1_508' title='bbox 3116 790 3391 829; x_wconf 89' lang='lat' dir='ltr'><strong>commen-</strong></span> 
     </span>
    </p>
   </div>
   <div class='ocr_carea' id='block_1_63' title="bbox 1871 860 3387 932">
    <p class='ocr_par' dir='ltr' id='par_1_63' title="bbox 1871 860 3387 932">
     <span class='ocr_line' id='line_1_63' title="bbox 1871 860 3387 932; baseline 0.002 -20"><span class='ocrx_word' id='word_1_509' title='bbox 1871 860 2007 912; x_wconf 89' lang='lat' dir='ltr'><strong>tario</strong></span> <span class='ocrx_word' id='word_1_510' title='bbox 2036 860 2266 927; x_wconf 87' lang='lat' dir='ltr'><strong>itemque</strong></span> <span class='ocrx_word' id='word_1_511' title='bbox 2295 863 2458 915; x_wconf 88' lang='lat' dir='ltr'><strong>semel</strong></span> <span class='ocrx_word' id='word_1_512' title='bbox 2502 863 2552 913; x_wconf 91' lang='lat' dir='ltr'><strong>in</strong></span> <span class='ocrx_word' id='word_1_513' title='bbox 2609 862 3051 916; x_wconf 82' lang='lat' dir='ltr'><strong>Demonstratioue</strong></span> <span class='ocrx_word' id='word_1_514' title='bbox 3078 864 3387 932; x_wconf 82' lang='lat' dir='ltr'><strong>evangelica,</strong></span> 
     </span>
    </p>
   </div>
   <div class='ocr_carea' id='block_1_64' title="bbox 1870 949 3392 1019">
    <p class='ocr_par' dir='ltr' id='par_1_64' title="bbox 1870 949 3392 1019">
     <span class='ocr_line' id='line_1_64' title="bbox 1870 949 3392 1019; baseline 0.003 -18"><span class='ocrx_word' id='word_1_515' title='bbox 1870 951 1945 1002; x_wconf 89' lang='lat' dir='ltr'><strong>ait</strong></span> <span class='ocrx_word' id='word_1_516' title='bbox 1970 949 2103 1003; x_wconf 91' lang='lat' dir='ltr'><strong>Filio</strong></span> <span class='ocrx_word' id='word_1_517' title='bbox 2132 966 2510 1016; x_wconf 89' lang='lat' dir='ltr'><strong>nonnunquam</strong></span> <span class='ocrx_word' id='word_1_518' title='bbox 2543 954 2829 1019; x_wconf 86' lang='lat' dir='ltr'><strong>ascriptum</strong></span> <span class='ocrx_word' id='word_1_519' title='bbox 2867 952 3052 1013; x_wconf 81' lang='lat' dir='ltr'><strong>fuisse,</strong></span> <span class='ocrx_word' id='word_1_520' title='bbox 3089 968 3392 1007; x_wconf 80' lang='lat' dir='ltr'><strong>accommo-</strong></span> 
     </span>
    </p>
   </div>
   <div class='ocr_carea' id='block_1_65' title="bbox 1870 1040 3388 1110">
    <p class='ocr_par' dir='ltr' id='par_1_65' title="bbox 1870 1040 3388 1110">
     <span class='ocr_line' id='line_1_65' title="bbox 1870 1040 3388 1110; baseline 0 -18"><span class='ocrx_word' id='word_1_521' title='bbox 1870 1041 1989 1093; x_wconf 85' lang='lat' dir='ltr'><strong>date</strong></span> <span class='ocrx_word' id='word_1_522' title='bbox 2015 1040 2236 1101; x_wconf 88' lang='lat' dir='ltr'><strong>scilicet,</strong></span> <span class='ocrx_word' id='word_1_523' title='bbox 2272 1056 2441 1108; x_wconf 88' lang='lat' dir='ltr'><strong>neque</strong></span> <span class='ocrx_word' id='word_1_524' title='bbox 2467 1042 2697 1109; x_wconf 87' lang='lat' dir='ltr'><strong>proprie,</strong></span> <span class='ocrx_word' id='word_1_525' title='bbox 2726 1052 2779 1094; x_wconf 90' lang='lat' dir='ltr'><strong>ut</strong></span> <span class='ocrx_word' id='word_1_526' title='bbox 2798 1042 2921 1095; x_wconf 88' lang='lat' dir='ltr'><strong>alibi</strong></span> <span class='ocrx_word' id='word_1_527' title='bbox 2949 1043 3013 1095; x_wconf 92' lang='lat' dir='ltr'><strong>de</strong></span> <span class='ocrx_word' id='word_1_528' title='bbox 3044 1041 3135 1094; x_wconf 89' lang='lat' dir='ltr'><strong>Dei</strong></span> <span class='ocrx_word' id='word_1_529' title='bbox 3156 1043 3388 1110; x_wconf 87' lang='lat' dir='ltr'><strong>appella-</strong></span> 
     </span>
    </p>
   </div>
   <div class='ocr_carea' id='block_1_66' title="bbox 1868 1128 3388 1197">
    <p class='ocr_par' dir='ltr' id='par_1_66' title="bbox 1868 1128 3388 1197">
     <span class='ocr_line' id='line_1_66' title="bbox 1868 1128 3388 1197; baseline 0.003 -18"><span class='ocrx_word' id='word_1_530' title='bbox 1868 1128 2009 1180; x_wconf 90' lang='lat' dir='ltr'><strong>tione</strong></span> <span class='ocrx_word' id='word_1_531' title='bbox 2040 1128 2241 1180; x_wconf 89' lang='lat' dir='ltr'><strong>dictum</strong></span> <span class='ocrx_word' id='word_1_532' title='bbox 2284 1136 2384 1182; x_wconf 88' lang='lat' dir='ltr'><strong>est.</strong></span> <span class='ocrx_word' id='word_1_533' title='bbox 2433 1128 2547 1182; x_wconf 88' lang='lat' dir='ltr'><strong>Non</strong></span> <span class='ocrx_word' id='word_1_534' title='bbox 2595 1131 2966 1197; x_wconf 88' lang='lat' dir='ltr'><strong>sempiternum</strong></span> <span class='ocrx_word' id='word_1_535' title='bbox 3005 1137 3182 1183; x_wconf 88' lang='lat' dir='ltr'><strong>autem</strong></span> <span class='ocrx_word' id='word_1_536' title='bbox 3222 1130 3388 1184; x_wconf 81' lang='lat' dir='ltr'><strong>fuisse</strong></span> 
     </span>
    </p>
   </div>
   <div class='ocr_carea' id='block_1_67' title="bbox 1867 1216 3387 1288">
    <p class='ocr_par' dir='ltr' id='par_1_67' title="bbox 1867 1216 3387 1288">
     <span class='ocr_line' id='line_1_67' title="bbox 1867 1216 3387 1288; baseline 0.003 -18"><span class='ocrx_word' id='word_1_537' title='bbox 1867 1216 2097 1272; x_wconf 89' lang='lat' dir='ltr'><strong>Verbum</strong></span> <span class='ocrx_word' id='word_1_538' title='bbox 2129 1230 2251 1275; x_wconf 88' lang='lat' dir='ltr'><strong>ante</strong></span> <span class='ocrx_word' id='word_1_539' title='bbox 2282 1222 2601 1274; x_wconf 89' lang='lat' dir='ltr'><strong>creationem</strong></span> <span class='ocrx_word' id='word_1_540' title='bbox 2626 1222 2810 1288; x_wconf 88' lang='lat' dir='ltr'><strong>probat</strong></span> <span class='ocrx_word' id='word_1_541' title='bbox 2833 1221 2932 1274; x_wconf 91' lang='lat' dir='ltr'><strong>hoc</strong></span> <span class='ocrx_word' id='word_1_542' title='bbox 2951 1222 3249 1274; x_wconf 90' lang='lat' dir='ltr'><strong>dilemmate</strong></span> <span class='ocrx_word' id='word_1_543' title='bbox 3278 1221 3387 1274; x_wconf 88' lang='lat' dir='ltr'><strong>Eu-</strong></span> 
     </span>
    </p>
   </div>
   <div class='ocr_carea' id='block_1_68' title="bbox 1868 1308 3387 1377">
    <p class='ocr_par' dir='ltr' id='par_1_68' title="bbox 1868 1308 3387 1377">
     <span class='ocr_line' id='line_1_68' title="bbox 1868 1308 3387 1377; baseline 0.001 -17"><span class='ocrx_word' id='word_1_544' title='bbox 1868 1309 2068 1372; x_wconf 85' lang='lat' dir='ltr'><strong>sebius,</strong></span> <span class='ocrx_word' id='word_1_545' title='bbox 2109 1311 2163 1363; x_wconf 94' lang='lat' dir='ltr'><strong>in</strong></span> <span class='ocrx_word' id='word_1_546' title='bbox 2191 1310 2307 1363; x_wconf 90' lang='lat' dir='ltr'><strong>loco</strong></span> <span class='ocrx_word' id='word_1_547' title='bbox 2337 1310 2528 1362; x_wconf 77' lang='lat' dir='ltr'><strong>Contra</strong></span> <span class='ocrx_word' id='word_1_548' title='bbox 2566 1308 2868 1361; x_wconf 74' lang='lat' dir='ltr'><strong>Marcellum</strong></span> <span class='ocrx_word' id='word_1_549' title='bbox 2897 1310 3143 1377; x_wconf 89' lang='lat' dir='ltr'><strong>superius</strong></span> <span class='ocrx_word' id='word_1_550' title='bbox 3184 1325 3387 1364; x_wconf 84' lang='lat' dir='ltr'><strong>memo-</strong></span> 
     </span>
    </p>
   </div>
   <div class='ocr_carea' id='block_1_69' title="bbox 1866 1397 3384 1467">
    <p class='ocr_par' dir='ltr' id='par_1_69' title="bbox 1866 1397 3384 1467">
     <span class='ocr_line' id='line_1_69' title="bbox 1866 1397 3384 1467; baseline 0.003 -18"><span class='ocrx_word' id='word_1_551' title='bbox 1866 1406 1983 1449; x_wconf 91' lang='lat' dir='ltr'><strong>rato</strong></span> <span class='ocrx_word' id='word_1_552' title='bbox 2008 1397 2094 1451; x_wconf 92' lang='lat' dir='ltr'><strong>:Si</strong></span> <span class='ocrx_word' id='word_1_553' title='bbox 2134 1398 2299 1453; x_wconf 90' lang='lat' dir='ltr'><strong>Filius</strong></span> <span class='ocrx_word' id='word_1_554' title='bbox 2322 1400 2389 1453; x_wconf 87' lang='lat' dir='ltr'><strong>sit</strong></span> <span class='ocrx_word' id='word_1_555' title='bbox 2413 1401 2577 1461; x_wconf 80' lang='grc' dir='ltr'><strong>ἀΐδιος</strong></span> <span class='ocrx_word' id='word_1_556' title='bbox 2607 1401 2716 1453; x_wconf 92' lang='lat' dir='ltr'><strong>sive</strong></span> <span class='ocrx_word' id='word_1_557' title='bbox 2744 1400 3117 1467; x_wconf 89' lang='lat' dir='ltr'><strong>sempiternus,</strong></span> <span class='ocrx_word' id='word_1_558' title='bbox 3162 1400 3245 1453; x_wconf 90' lang='lat' dir='ltr'><strong>vel</strong></span> <span class='ocrx_word' id='word_1_559' title='bbox 3278 1401 3384 1453; x_wconf 89' lang='lat' dir='ltr'><strong>duo</strong></span> 
     </span>
    </p>
   </div>
   <div class='ocr_carea' id='block_1_70' title="bbox 1864 1490 3386 1559">
    <p class='ocr_par' dir='ltr' id='par_1_70' title="bbox 1864 1490 3386 1559">
     <span class='ocr_line' id='line_1_70' title="bbox 1864 1490 3386 1559; baseline 0.002 -18"><span class='ocrx_word' id='word_1_560' title='bbox 1864 1498 2020 1541; x_wconf 88' lang='lat' dir='ltr'><strong>erunt</strong></span> <span class='ocrx_word' id='word_1_561' title='bbox 2058 1491 2401 1559; x_wconf 89' lang='lat' dir='ltr'><strong>sempiterna,</strong></span> <span class='ocrx_word' id='word_1_562' title='bbox 2431 1506 2619 1558; x_wconf 88' lang='lat' dir='ltr'><strong>nempe</strong></span> <span class='ocrx_word' id='word_1_563' title='bbox 2648 1490 2803 1544; x_wconf 87' lang='lat' dir='ltr'><strong>Pater</strong></span> <span class='ocrx_word' id='word_1_564' title='bbox 2837 1497 2889 1544; x_wconf 90' lang='lat' dir='ltr'><strong>et</strong></span> <span class='ocrx_word' id='word_1_565' title='bbox 2918 1490 3104 1554; x_wconf 85' lang='lat' dir='ltr'><strong>Filius,</strong></span> <span class='ocrx_word' id='word_1_566' title='bbox 3133 1492 3272 1558; x_wconf 87' lang='lat' dir='ltr'><strong>quod</strong></span> <span class='ocrx_word' id='word_1_567' title='bbox 3299 1501 3386 1544; x_wconf 89' lang='lat' dir='ltr'><strong>est</strong></span> 
     </span>
    </p>
   </div>
   <div class='ocr_carea' id='block_1_71' title="bbox 1865 1577 3385 1643">
    <p class='ocr_par' dir='ltr' id='par_1_71' title="bbox 1865 1577 3385 1643">
     <span class='ocr_line' id='line_1_71' title="bbox 1865 1577 3385 1643; baseline 0.001 -13"><span class='ocrx_word' id='word_1_568' title='bbox 1865 1593 1893 1630; x_wconf 89' lang='lat' dir='ltr'><strong>a</strong></span> <span class='ocrx_word' id='word_1_569' title='bbox 1933 1580 2031 1633; x_wconf 79' lang='lat' dir='ltr'><strong>(ide</strong></span> <span class='ocrx_word' id='word_1_570' title='bbox 2061 1580 2349 1643; x_wconf 90' lang='lat' dir='ltr'><strong>absonum;</strong></span> <span class='ocrx_word' id='word_1_571' title='bbox 2399 1582 2480 1633; x_wconf 90' lang='lat' dir='ltr'><strong>vel</strong></span> <span class='ocrx_word' id='word_1_572' title='bbox 2521 1578 2678 1633; x_wconf 88' lang='lat' dir='ltr'><strong>Pater</strong></span> <span class='ocrx_word' id='word_1_573' title='bbox 2715 1590 2767 1632; x_wconf 90' lang='lat' dir='ltr'><strong>et</strong></span> <span class='ocrx_word' id='word_1_574' title='bbox 2811 1577 2977 1633; x_wconf 90' lang='lat' dir='ltr'><strong>Filius</strong></span> <span class='ocrx_word' id='word_1_575' title='bbox 3024 1594 3185 1631; x_wconf 93' lang='lat' dir='ltr'><strong>unum</strong></span> <span class='ocrx_word' id='word_1_576' title='bbox 3230 1589 3385 1633; x_wconf 90' lang='lat' dir='ltr'><strong>erunt</strong></span> 
     </span>
    </p>
   </div>
   <div class='ocr_carea' id='block_1_72' title="bbox 1864 1665 3381 1736">
    <p class='ocr_par' dir='ltr' id='par_1_72' title="bbox 1864 1665 3381 1736">
     <span class='ocr_line' id='line_1_72' title="bbox 1864 1665 3381 1736; baseline -0.001 -17"><span class='ocrx_word' id='word_1_577' title='bbox 1864 1670 2265 1735; x_wconf 89' lang='lat' dir='ltr'><strong>sempiternum,</strong></span> <span class='ocrx_word' id='word_1_578' title='bbox 2300 1667 2440 1736; x_wconf 92' lang='lat' dir='ltr'><strong>quod</strong></span> <span class='ocrx_word' id='word_1_579' title='bbox 2479 1674 2560 1721; x_wconf 89' lang='lat' dir='ltr'><strong>est</strong></span> <span class='ocrx_word' id='word_1_580' title='bbox 2590 1665 2969 1721; x_wconf 86' lang='lat' dir='ltr'><strong>Sabellianum.</strong></span> <span class='ocrx_word' id='word_1_581' title='bbox 3000 1667 3135 1721; x_wconf 79' lang='lat' dir='ltr'><strong>Ante</strong></span> <span class='ocrx_word' id='word_1_582' title='bbox 3153 1668 3381 1721; x_wconf 88' lang='lat' dir='ltr'><strong>creatio-</strong></span> 
     </span>
    </p>
   </div>
   <div class='ocr_carea' id='block_1_73' title="bbox 1862 1755 3384 1824">
    <p class='ocr_par' dir='ltr' id='par_1_73' title="bbox 1862 1755 3384 1824">
     <span class='ocr_line' id='line_1_73' title="bbox 1862 1755 3384 1824; baseline -0.001 -17"><span class='ocrx_word' id='word_1_583' title='bbox 1862 1771 1981 1809; x_wconf 90' lang='lat' dir='ltr'><strong>nem</strong></span> <span class='ocrx_word' id='word_1_584' title='bbox 2017 1757 2177 1824; x_wconf 82' lang='lat' dir='ltr'><strong>igitur</strong></span> <span class='ocrx_word' id='word_1_585' title='bbox 2211 1756 2437 1810; x_wconf 88' lang='lat' dir='ltr'><strong>Verbum</strong></span> <span class='ocrx_word' id='word_1_586' title='bbox 2484 1771 2591 1809; x_wconf 91' lang='lat' dir='ltr'><strong>non</strong></span> <span class='ocrx_word' id='word_1_587' title='bbox 2637 1756 3015 1824; x_wconf 88' lang='lat' dir='ltr'><strong>sempiternum</strong></span> <span class='ocrx_word' id='word_1_588' title='bbox 3050 1770 3167 1809; x_wconf 85' lang='lat' dir='ltr'><strong>esse</strong></span> <span class='ocrx_word' id='word_1_589' title='bbox 3200 1755 3384 1809; x_wconf 88' lang='lat' dir='ltr'><strong>docuit</strong></span> 
     </span>
    </p>
   </div>
   <div class='ocr_carea' id='block_1_74' title="bbox 1864 1842 3385 1913">
    <p class='ocr_par' dir='ltr' id='par_1_74' title="bbox 1864 1842 3385 1913">
     <span class='ocr_line' id='line_1_74' title="bbox 1864 1842 3385 1913; baseline 0 -19"><span class='ocrx_word' id='word_1_590' title='bbox 1864 1842 2153 1909; x_wconf 90' lang='lat' dir='ltr'><strong>Eusebius;</strong></span> <span class='ocrx_word' id='word_1_591' title='bbox 2201 1861 2373 1913; x_wconf 86' lang='lat' dir='ltr'><strong>neque</strong></span> <span class='ocrx_word' id='word_1_592' title='bbox 2419 1854 2595 1898; x_wconf 91' lang='lat' dir='ltr'><strong>tamen</strong></span> <span class='ocrx_word' id='word_1_593' title='bbox 2648 1859 2734 1899; x_wconf 91' lang='lat' dir='ltr'><strong>res</strong></span> <span class='ocrx_word' id='word_1_594' title='bbox 2779 1852 2985 1897; x_wconf 89' lang='lat' dir='ltr'><strong>creatas</strong></span> <span class='ocrx_word' id='word_1_595' title='bbox 3036 1844 3214 1897; x_wconf 81' lang='lat' dir='ltr'><strong>statim</strong></span> <span class='ocrx_word' id='word_1_596' title='bbox 3262 1851 3385 1910; x_wconf 87' lang='lat' dir='ltr'><strong>post</strong></span> 
     </span>
    </p>
   </div>
   <div class='ocr_carea' id='block_1_75' title="bbox 1863 1932 3380 2003">
    <p class='ocr_par' dir='ltr' id='par_1_75' title="bbox 1863 1932 3380 2003">
     <span class='ocr_line' id='line_1_75' title="bbox 1863 1932 3380 2003; baseline -0.001 -17"><span class='ocrx_word' id='word_1_597' title='bbox 1863 1932 2022 1988; x_wconf 90' lang='lat' dir='ltr'><strong>Verbi</strong></span> <span class='ocrx_word' id='word_1_598' title='bbox 2065 1944 2241 1989; x_wconf 91' lang='lat' dir='ltr'><strong>ortum</strong></span> <span class='ocrx_word' id='word_1_599' title='bbox 2285 1936 2456 1990; x_wconf 91' lang='lat' dir='ltr'><strong>editas</strong></span> <span class='ocrx_word' id='word_1_600' title='bbox 2499 1951 2617 1989; x_wconf 91' lang='lat' dir='ltr'><strong>esse</strong></span> <span class='ocrx_word' id='word_1_601' title='bbox 2656 1942 2830 2003; x_wconf 87' lang='lat' dir='ltr'><strong>putat;</strong></span> <span class='ocrx_word' id='word_1_602' title='bbox 2886 1934 2979 1988; x_wconf 89' lang='lat' dir='ltr'><strong>sed</strong></span> <span class='ocrx_word' id='word_1_603' title='bbox 3011 1933 3380 2001; x_wconf 91' lang='lat' dir='ltr'><strong>interpositum</strong></span> 
     </span>
    </p>
   </div>
   <div class='ocr_carea' id='block_1_76' title="bbox 1864 2020 3377 2089">
    <p class='ocr_par' dir='ltr' id='par_1_76' title="bbox 1864 2020 3377 2089">
     <span class='ocr_line' id='line_1_76' title="bbox 1864 2020 3377 2089; baseline -0.001 -16"><span class='ocrx_word' id='word_1_604' title='bbox 1864 2021 2091 2087; x_wconf 87' lang='lat' dir='ltr'><strong>spatium</strong></span> <span class='ocrx_word' id='word_1_605' title='bbox 2141 2023 2277 2075; x_wconf 89' lang='lat' dir='ltr'><strong>inter</strong></span> <span class='ocrx_word' id='word_1_606' title='bbox 2320 2021 2481 2075; x_wconf 87' lang='lat' dir='ltr'><strong>Verbi</strong></span> <span class='ocrx_word' id='word_1_607' title='bbox 2523 2030 2575 2075; x_wconf 93' lang='lat' dir='ltr'><strong>et</strong></span> <span class='ocrx_word' id='word_1_608' title='bbox 2615 2021 2942 2089; x_wconf 79' lang='lat' dir='ltr'><strong>Opiﬁciorum</strong></span> <span class='ocrx_word' id='word_1_609' title='bbox 2974 2020 3377 2088; x_wconf 89' lang='lat' dir='ltr'><strong>productionem</strong></span> 
     </span>
    </p>
   </div>
   <div class='ocr_carea' id='block_1_77' title="bbox 1863 2107 3380 2179">
    <p class='ocr_par' dir='ltr' id='par_1_77' title="bbox 1863 2107 3380 2179">
     <span class='ocr_line' id='line_1_77' title="bbox 1863 2107 3380 2179; baseline -0.001 -18"><span class='ocrx_word' id='word_1_610' title='bbox 1863 2110 2139 2162; x_wconf 88' lang='lat' dir='ltr'><strong>constituit</strong></span> <span class='ocrx_word' id='word_1_611' title='bbox 2166 2111 2252 2163; x_wconf 90' lang='lat' dir='ltr'><strong>ille</strong></span> <span class='ocrx_word' id='word_1_612' title='bbox 2282 2128 2294 2163; x_wconf 92' lang='lat'><strong>:</strong></span> <span class='ocrx_word' id='word_1_613' title='bbox 2326 2125 2430 2179; x_wconf 89' lang='lat' dir='ltr'><strong>qua</strong></span> <span class='ocrx_word' id='word_1_614' title='bbox 2461 2112 2514 2163; x_wconf 91' lang='lat' dir='ltr'><strong>in</strong></span> <span class='ocrx_word' id='word_1_615' title='bbox 2540 2125 2598 2164; x_wconf 88' lang='lat' dir='ltr'><strong>re</strong></span> <span class='ocrx_word' id='word_1_616' title='bbox 2622 2111 2832 2178; x_wconf 80' lang='lat' dir='ltr'><strong>paulum</strong></span> <span class='ocrx_word' id='word_1_617' title='bbox 2863 2109 3139 2163; x_wconf 85' lang='lat' dir='ltr'><strong>deﬂectere</strong></span> <span class='ocrx_word' id='word_1_618' title='bbox 3167 2107 3380 2164; x_wconf 88' lang='lat' dir='ltr'><strong>videtur</strong></span> 
     </span>
    </p>
   </div>
   <div class='ocr_carea' id='block_1_78' title="bbox 1861 2199 3373 2270">
    <p class='ocr_par' dir='ltr' id='par_1_78' title="bbox 1861 2199 3373 2270">
     <span class='ocr_line' id='line_1_78' title="bbox 1861 2199 3373 2270; baseline -0.001 -19"><span class='ocrx_word' id='word_1_619' title='bbox 1861 2200 1928 2252; x_wconf 88' lang='lat' dir='ltr'><strong>ab</strong></span> <span class='ocrx_word' id='word_1_620' title='bbox 1948 2199 2155 2254; x_wconf 71' lang='lat' dir='ltr'><strong>Arianae</strong></span> <span class='ocrx_word' id='word_1_621' title='bbox 2183 2209 2337 2255; x_wconf 73' lang='lat' dir='ltr'><strong>sectae</strong></span> <span class='ocrx_word' id='word_1_622' title='bbox 2359 2201 2705 2270; x_wconf 80' lang='lat' dir='ltr'><strong>principibus.</strong></span> <span class='ocrx_word' id='word_1_623' title='bbox 2727 2201 2815 2269; x_wconf 82' lang='lat' dir='ltr'><strong>qui</strong></span> <span class='ocrx_word' id='word_1_624' title='bbox 2842 2200 3071 2254; x_wconf 87' lang='lat' dir='ltr'><strong>Verbum</strong></span> <span class='ocrx_word' id='word_1_625' title='bbox 3102 2199 3166 2251; x_wconf 95' lang='lat' dir='ltr'><strong>ad</strong></span> <span class='ocrx_word' id='word_1_626' title='bbox 3194 2212 3373 2252; x_wconf 87' lang='lat' dir='ltr'><strong>rerum</strong></span> 
     </span>
    </p>
   </div>
   <div class='ocr_carea' id='block_1_79' title="bbox 1860 2286 3376 2357">
    <p class='ocr_par' dir='ltr' id='par_1_79' title="bbox 1860 2286 3376 2357">
     <span class='ocr_line' id='line_1_79' title="bbox 1860 2286 3376 2357; baseline -0.001 -16"><span class='ocrx_word' id='word_1_627' title='bbox 1860 2290 2097 2341; x_wconf 91' lang='lat' dir='ltr'><strong>omnium</strong></span> <span class='ocrx_word' id='word_1_628' title='bbox 2149 2292 2469 2344; x_wconf 87' lang='lat' dir='ltr'><strong>creationem</strong></span> <span class='ocrx_word' id='word_1_629' title='bbox 2519 2290 2835 2357; x_wconf 89' lang='lat' dir='ltr'><strong>productum</strong></span> <span class='ocrx_word' id='word_1_630' title='bbox 2885 2290 3000 2342; x_wconf 83' lang='lat' dir='ltr'><strong>sine</strong></span> <span class='ocrx_word' id='word_1_631' title='bbox 3056 2286 3376 2341; x_wconf 90' lang='lat' dir='ltr'><strong>intermedio</strong></span> 
     </span>
    </p>
   </div>
   <div class='ocr_carea' id='block_1_80' title="bbox 1856 2377 3377 2446">
    <p class='ocr_par' dir='ltr' id='par_1_80' title="bbox 1856 2377 3377 2446">
     <span class='ocr_line' id='line_1_80' title="bbox 1856 2377 3377 2446; baseline 0 -17"><span class='ocrx_word' id='word_1_632' title='bbox 1856 2377 2031 2444; x_wconf 87' lang='lat' dir='ltr'><strong>spatio</strong></span> <span class='ocrx_word' id='word_1_633' title='bbox 2053 2378 2467 2443; x_wconf 86' lang='lat' dir='ltr'><strong>arbitrabantur,</strong></span> <span class='ocrx_word' id='word_1_634' title='bbox 2495 2386 2551 2431; x_wconf 92' lang='lat' dir='ltr'><strong>ut</strong></span> <span class='ocrx_word' id='word_1_635' title='bbox 2579 2380 2669 2432; x_wconf 91' lang='lat' dir='ltr'><strong>illo</strong></span> <span class='ocrx_word' id='word_1_636' title='bbox 2694 2380 2830 2433; x_wconf 91' lang='lat' dir='ltr'><strong>Deus</strong></span> <span class='ocrx_word' id='word_1_637' title='bbox 2853 2379 2917 2431; x_wconf 88' lang='lat' dir='ltr'><strong>ad</strong></span> <span class='ocrx_word' id='word_1_638' title='bbox 2943 2379 3149 2446; x_wconf 87' lang='lat' dir='ltr'><strong>opiﬁcia</strong></span> <span class='ocrx_word' id='word_1_639' title='bbox 3173 2377 3377 2431; x_wconf 87' lang='lat' dir='ltr'><strong>edenda</strong></span> 
     </span>
    </p>
   </div>
   <div class='ocr_carea' id='block_1_81' title="bbox 1861 2467 2622 2522">
    <p class='ocr_par' dir='ltr' id='par_1_81' title="bbox 1861 2467 2622 2522">
     <span class='ocr_line' id='line_1_81' title="bbox 1861 2467 2622 2522; baseline 0.001 -3"><span class='ocrx_word' id='word_1_640' title='bbox 1861 2481 1955 2520; x_wconf 89' lang='lat' dir='ltr'><strong>ceu</strong></span> <span class='ocrx_word' id='word_1_641' title='bbox 1982 2467 2334 2522; x_wconf 89' lang='lat' dir='ltr'><strong>instrumento</strong></span> <span class='ocrx_word' id='word_1_642' title='bbox 2366 2475 2622 2522; x_wconf 85' lang='lat' dir='ltr'><strong>uteretur.</strong></span> 
     </span>
    </p>
   </div>
   <div class='ocr_carea' id='block_1_82' title="bbox 2220 2596 3010 2647">
    <p class='ocr_par' dir='ltr' id='par_1_82' title="bbox 2220 2596 3010 2647">
     <span class='ocr_line' id='line_1_82' title="bbox 2220 2596 3010 2647; baseline 0 -2"><span class='ocrx_word' id='word_1_643' title='bbox 2220 2596 2318 2645; x_wconf 84' lang='lat' dir='ltr'><strong>XV.</strong></span> <span class='ocrx_word' id='word_1_644' title='bbox 2344 2598 2534 2647; x_wconf 90' lang='lat' dir='ltr'><strong>Summa</strong></span> <span class='ocrx_word' id='word_1_645' title='bbox 2552 2600 2780 2647; x_wconf 69' lang='lat' dir='ltr'><strong>doctrinae</strong></span> <span class='ocrx_word' id='word_1_646' title='bbox 2798 2599 3010 2647; x_wconf 85' lang='lat' dir='ltr'><strong>Eusebii.</strong></span> 
     </span>
    </p>
   </div>
   <div class='ocr_carea' id='block_1_83' title="bbox 1930 2718 3373 2789">
    <p class='ocr_par' dir='ltr' id='par_1_83' title="bbox 1930 2718 3373 2789">
     <span class='ocr_line' id='line_1_83' title="bbox 1930 2718 3373 2789; baseline 0 -17"><span class='ocrx_word' id='word_1_647' title='bbox 1930 2718 2010 2772; x_wconf 86' lang='lat' dir='ltr'><strong>En</strong></span> <span class='ocrx_word' id='word_1_648' title='bbox 2042 2735 2168 2789; x_wconf 89' lang='lat' dir='ltr'><strong>ergo</strong></span> <span class='ocrx_word' id='word_1_649' title='bbox 2213 2728 2379 2774; x_wconf 90' lang='lat' dir='ltr'><strong>totam</strong></span> <span class='ocrx_word' id='word_1_650' title='bbox 2431 2720 2741 2774; x_wconf 70' lang='lat' dir='ltr'><strong>Eusebiante</strong></span> <span class='ocrx_word' id='word_1_651' title='bbox 2780 2721 3056 2789; x_wconf 69' lang='lat' dir='ltr'><strong>theologia:</strong></span> <span class='ocrx_word' id='word_1_652' title='bbox 3093 2735 3373 2775; x_wconf 90' lang='lat' dir='ltr'><strong>summam.</strong></span> 
     </span>
    </p>
   </div>
   <div class='ocr_carea' id='block_1_84' title="bbox 1862 2807 3378 2877">
    <p class='ocr_par' dir='ltr' id='par_1_84' title="bbox 1862 2807 3378 2877">
     <span class='ocr_line' id='line_1_84' title="bbox 1862 2807 3378 2877; baseline 0 -16"><span class='ocrx_word' id='word_1_653' title='bbox 1862 2807 2009 2864; x_wconf 89' lang='lat' dir='ltr'><strong>Unus</strong></span> <span class='ocrx_word' id='word_1_654' title='bbox 2036 2825 2194 2863; x_wconf 90' lang='lat' dir='ltr'><strong>verus</strong></span> <span class='ocrx_word' id='word_1_655' title='bbox 2220 2811 2285 2863; x_wconf 88' lang='lat' dir='ltr'><strong>ab</strong></span> <span class='ocrx_word' id='word_1_656' title='bbox 2305 2818 2503 2863; x_wconf 56' lang='lat' dir='ltr'><strong>aeterno</strong></span> <span class='ocrx_word' id='word_1_657' title='bbox 2524 2810 2662 2864; x_wconf 87' lang='lat' dir='ltr'><strong>Deus</strong></span> <span class='ocrx_word' id='word_1_658' title='bbox 2686 2810 2841 2863; x_wconf 90' lang='lat' dir='ltr'><strong>Pater</strong></span> <span class='ocrx_word' id='word_1_659' title='bbox 2867 2810 2986 2873; x_wconf 80' lang='lat' dir='ltr'><strong>fuit,</strong></span> <span class='ocrx_word' id='word_1_660' title='bbox 3013 2810 3103 2877; x_wconf 91' lang='lat' dir='ltr'><strong>qui</strong></span> <span class='ocrx_word' id='word_1_661' title='bbox 3129 2809 3378 2862; x_wconf 85' lang='lat' dir='ltr'><strong>omnibus</strong></span> 
     </span>
    </p>
   </div>
   <div class='ocr_carea' id='block_1_85' title="bbox 1861 2898 3379 2968">
    <p class='ocr_par' dir='ltr' id='par_1_85' title="bbox 1861 2898 3379 2968">
     <span class='ocr_line' id='line_1_85' title="bbox 1861 2898 3379 2968; baseline 0 -17"><span class='ocrx_word' id='word_1_662' title='bbox 1861 2907 2018 2967; x_wconf 89' lang='lat' dir='ltr'><strong>atque</strong></span> <span class='ocrx_word' id='word_1_663' title='bbox 2050 2900 2209 2954; x_wconf 86' lang='lat' dir='ltr'><strong>etiam</strong></span> <span class='ocrx_word' id='word_1_664' title='bbox 2247 2898 2380 2953; x_wconf 85' lang='lat' dir='ltr'><strong>Filio</strong></span> <span class='ocrx_word' id='word_1_665' title='bbox 2411 2915 2508 2955; x_wconf 92' lang='lat' dir='ltr'><strong>suo</strong></span> <span class='ocrx_word' id='word_1_666' title='bbox 2550 2901 2865 2967; x_wconf 65' lang='lat' dir='ltr'><strong>praeexsistit</strong></span> <span class='ocrx_word' id='word_1_667' title='bbox 2899 2919 2910 2953; x_wconf 94' lang='lat'>:</span> <span class='ocrx_word' id='word_1_668' title='bbox 2946 2899 3241 2968; x_wconf 86' lang='lat' dir='ltr'><strong>Filiumque</strong></span> <span class='ocrx_word' id='word_1_669' title='bbox 3274 2899 3379 2952; x_wconf 88' lang='lat' dir='ltr'><strong>sibi</strong></span> 
     </span>
    </p>
   </div>
   <div class='ocr_carea' id='block_1_86' title="bbox 1860 2989 3378 3058">
    <p class='ocr_par' dir='ltr' id='par_1_86' title="bbox 1860 2989 3378 3058">
     <span class='ocr_line' id='line_1_86' title="bbox 1860 2989 3378 3058; baseline -0.002 -14"><span class='ocrx_word' id='word_1_670' title='bbox 1860 2999 2043 3058; x_wconf 88' lang='lat' dir='ltr'><strong>postea</strong></span> <span class='ocrx_word' id='word_1_671' title='bbox 2086 3005 2193 3042; x_wconf 92' lang='lat' dir='ltr'><strong>non</strong></span> <span class='ocrx_word' id='word_1_672' title='bbox 2224 3006 2289 3043; x_wconf 80' lang='lat' dir='ltr'><strong>ex</strong></span> <span class='ocrx_word' id='word_1_673' title='bbox 2333 2992 2649 3044; x_wconf 89' lang='lat' dir='ltr'><strong>necessitate</strong></span> <span class='ocrx_word' id='word_1_674' title='bbox 2692 2999 2911 3051; x_wconf 70' lang='lat' dir='ltr'><strong>naturae,</strong></span> <span class='ocrx_word' id='word_1_675' title='bbox 2956 2989 3048 3043; x_wconf 88' lang='lat' dir='ltr'><strong>sed</strong></span> <span class='ocrx_word' id='word_1_676' title='bbox 3095 3005 3158 3042; x_wconf 81' lang='lat' dir='ltr'><strong>ex</strong></span> <span class='ocrx_word' id='word_1_677' title='bbox 3210 2989 3378 3043; x_wconf 86' lang='lat' dir='ltr'><strong>libero</strong></span> 
     </span>
    </p>
   </div>
   <div class='ocr_carea' id='block_1_87' title="bbox 1860 3078 3379 3148">
    <p class='ocr_par' dir='ltr' id='par_1_87' title="bbox 1860 3078 3379 3148">
     <span class='ocr_line' id='line_1_87' title="bbox 1860 3078 3379 3148; baseline -0.002 -16"><span class='ocrx_word' id='word_1_678' title='bbox 1860 3080 2149 3134; x_wconf 87' lang='lat' dir='ltr'><strong>voluntatis</strong></span> <span class='ocrx_word' id='word_1_679' title='bbox 2186 3080 2405 3133; x_wconf 88' lang='lat' dir='ltr'><strong>arbitrio</strong></span> <span class='ocrx_word' id='word_1_680' title='bbox 2442 3094 2503 3132; x_wconf 90' lang='lat' dir='ltr'><strong>ac</strong></span> <span class='ocrx_word' id='word_1_681' title='bbox 2553 3082 2845 3148; x_wconf 91' lang='lat' dir='ltr'><strong>proposito,</strong></span> <span class='ocrx_word' id='word_1_682' title='bbox 2881 3078 3129 3147; x_wconf 84' lang='lat' dir='ltr'><strong>produxit</strong></span> <span class='ocrx_word' id='word_1_683' title='bbox 3156 3092 3220 3131; x_wconf 84' lang='lat' dir='ltr'><strong>ex</strong></span> <span class='ocrx_word' id='word_1_684' title='bbox 3252 3078 3379 3130; x_wconf 84' lang='lat' dir='ltr'><strong>sub-</strong></span> 
     </span>
    </p>
   </div>
   <div class='ocr_carea' id='block_1_88' title="bbox 1857 3167 3379 3234">
    <p class='ocr_par' dir='ltr' id='par_1_88' title="bbox 1857 3167 3379 3234">
     <span class='ocr_line' id='line_1_88' title="bbox 1857 3167 3379 3234; baseline -0.001 -10"><span class='ocrx_word' id='word_1_685' title='bbox 1857 3170 2051 3224; x_wconf 89' lang='lat' dir='ltr'><strong>stantia</strong></span> <span class='ocrx_word' id='word_1_686' title='bbox 2074 3186 2169 3225; x_wconf 91' lang='lat' dir='ltr'><strong>sua</strong></span> <span class='ocrx_word' id='word_1_687' title='bbox 2194 3188 2205 3222; x_wconf 95' lang='lat'>:</span> <span class='ocrx_word' id='word_1_688' title='bbox 2232 3185 2339 3223; x_wconf 91' lang='lat' dir='ltr'><strong>non</strong></span> <span class='ocrx_word' id='word_1_689' title='bbox 2363 3169 2714 3223; x_wconf 87' lang='lat' dir='ltr'><strong>substantiam</strong></span> <span class='ocrx_word' id='word_1_690' title='bbox 2739 3184 2887 3223; x_wconf 90' lang='lat' dir='ltr'><strong>suam</strong></span> <span class='ocrx_word' id='word_1_691' title='bbox 2910 3170 3021 3222; x_wconf 87' lang='lat' dir='ltr'><strong>sive</strong></span> <span class='ocrx_word' id='word_1_692' title='bbox 3044 3177 3234 3234; x_wconf 91' lang='lat' dir='ltr'><strong>totam,</strong></span> <span class='ocrx_word' id='word_1_693' title='bbox 3266 3167 3379 3224; x_wconf 85' lang='lat' dir='ltr'><strong>sive</strong></span> 
     </span>
    </p>
   </div>
   <div class='ocr_carea' id='block_1_89' title="bbox 1855 3259 3377 3323">
    <p class='ocr_par' dir='ltr' id='par_1_89' title="bbox 1855 3259 3377 3323">
     <span class='ocr_line' id='line_1_89' title="bbox 1855 3259 3377 3323; baseline -0.001 -10"><span class='ocrx_word' id='word_1_694' title='bbox 1855 3260 2108 3323; x_wconf 88' lang='lat' dir='ltr'><strong>decisam,</strong></span> <span class='ocrx_word' id='word_1_695' title='bbox 2136 3260 2271 3313; x_wconf 88' lang='lat' dir='ltr'><strong>Filio</strong></span> <span class='ocrx_word' id='word_1_696' title='bbox 2291 3260 2711 3323; x_wconf 89' lang='lat' dir='ltr'><strong>communicans;</strong></span> <span class='ocrx_word' id='word_1_697' title='bbox 2735 3259 2825 3312; x_wconf 89' lang='lat' dir='ltr'><strong>sed</strong></span> <span class='ocrx_word' id='word_1_698' title='bbox 2851 3259 3199 3313; x_wconf 88' lang='lat' dir='ltr'><strong>substantiam</strong></span> <span class='ocrx_word' id='word_1_699' title='bbox 3219 3261 3377 3312; x_wconf 90' lang='lat' dir='ltr'><strong>aliam</strong></span> 
     </span>
    </p>
   </div>
   <div class='ocr_carea' id='block_1_90' title="bbox 1855 3347 3379 3418">
    <p class='ocr_par' dir='ltr' id='par_1_90' title="bbox 1855 3347 3379 3418">
     <span class='ocr_line' id='line_1_90' title="bbox 1855 3347 3379 3418; baseline 0 -17"><span class='ocrx_word' id='word_1_700' title='bbox 1855 3349 1921 3401; x_wconf 89' lang='lat' dir='ltr'><strong>ad</strong></span> <span class='ocrx_word' id='word_1_701' title='bbox 1959 3350 2041 3402; x_wconf 90' lang='lat' dir='ltr'><strong>sui</strong></span> <span class='ocrx_word' id='word_1_702' title='bbox 2084 3364 2175 3418; x_wconf 90' lang='lat' dir='ltr'><strong>per</strong></span> <span class='ocrx_word' id='word_1_703' title='bbox 2214 3348 2390 3401; x_wconf 90' lang='lat' dir='ltr'><strong>omnia</strong></span> <span class='ocrx_word' id='word_1_704' title='bbox 2420 3347 2821 3401; x_wconf 90' lang='lat' dir='ltr'><strong>similitudinem</strong></span> <span class='ocrx_word' id='word_1_705' title='bbox 2862 3353 2915 3398; x_wconf 87' lang='lat' dir='ltr'><strong>et</strong></span> <span class='ocrx_word' id='word_1_706' title='bbox 2949 3347 3230 3416; x_wconf 85' lang='lat' dir='ltr'><strong>imaginem</strong></span> <span class='ocrx_word' id='word_1_707' title='bbox 3262 3363 3379 3415; x_wconf 83' lang='lat' dir='ltr'><strong>pro-</strong></span> 
     </span>
    </p>
   </div>
   <div class='ocr_carea' id='block_1_91' title="bbox 1856 3436 3376 3505">
    <p class='ocr_par' dir='ltr' id='par_1_91' title="bbox 1856 3436 3376 3505">
     <span class='ocr_line' id='line_1_91' title="bbox 1856 3436 3376 3505; baseline -0.001 -14"><span class='ocrx_word' id='word_1_708' title='bbox 1856 3438 2086 3497; x_wconf 81' lang='lat' dir='ltr'><strong>ducens;</strong></span> <span class='ocrx_word' id='word_1_709' title='bbox 2131 3448 2385 3505; x_wconf 89' lang='lat' dir='ltr'><strong>quantum</strong></span> <span class='ocrx_word' id='word_1_710' title='bbox 2418 3436 2622 3489; x_wconf 88' lang='lat' dir='ltr'><strong>scilicet</strong></span> <span class='ocrx_word' id='word_1_711' title='bbox 2660 3442 2832 3503; x_wconf 83' lang='lat' dir='ltr'><strong>potest</strong></span> <span class='ocrx_word' id='word_1_712' title='bbox 2871 3437 3171 3491; x_wconf 79' lang='lat' dir='ltr'><strong>substantia</strong></span> <span class='ocrx_word' id='word_1_713' title='bbox 3204 3451 3234 3488; x_wconf 88' lang='lat' dir='ltr'><strong>a</strong></span> <span class='ocrx_word' id='word_1_714' title='bbox 3267 3437 3376 3491; x_wconf 90' lang='lat' dir='ltr'><strong>Deo</strong></span> 
     </span>
    </p>
   </div>
   <div class='ocr_carea' id='block_1_92' title="bbox 1856 3525 3378 3595">
    <p class='ocr_par' dir='ltr' id='par_1_92' title="bbox 1856 3525 3378 3595">
     <span class='ocr_line' id='line_1_92' title="bbox 1856 3525 3378 3595; baseline 0 -15"><span class='ocrx_word' id='word_1_715' title='bbox 1856 3527 2063 3581; x_wconf 88' lang='lat' dir='ltr'><strong>diversa</strong></span> <span class='ocrx_word' id='word_1_716' title='bbox 2112 3526 2204 3579; x_wconf 90' lang='lat' dir='ltr'><strong>Dei</strong></span> <span class='ocrx_word' id='word_1_717' title='bbox 2252 3526 2532 3594; x_wconf 81' lang='lat' dir='ltr'><strong>imaginem</strong></span> <span class='ocrx_word' id='word_1_718' title='bbox 2567 3525 2741 3579; x_wconf 75' lang='lat' dir='ltr'><strong>ferre:</strong></span> <span class='ocrx_word' id='word_1_719' title='bbox 2776 3539 2899 3578; x_wconf 86' lang='lat' dir='ltr'><strong>nam</strong></span> <span class='ocrx_word' id='word_1_720' title='bbox 2934 3527 3086 3595; x_wconf 82' lang='lat' dir='ltr'><strong>longe</strong></span> <span class='ocrx_word' id='word_1_721' title='bbox 3117 3527 3288 3594; x_wconf 90' lang='lat' dir='ltr'><strong>impar</strong></span> <span class='ocrx_word' id='word_1_722' title='bbox 3323 3537 3378 3582; x_wconf 88' lang='lat' dir='ltr'><strong>et</strong></span> 
     </span>
    </p>
   </div>
   <div class='ocr_carea' id='block_1_93' title="bbox 1858 3613 3378 3684">
    <p class='ocr_par' dir='ltr' id='par_1_93' title="bbox 1858 3613 3378 3684">
     <span class='ocr_line' id='line_1_93' title="bbox 1858 3613 3378 3684; baseline 0.003 -18"><span class='ocrx_word' id='word_1_723' title='bbox 1858 3616 2030 3668; x_wconf 85' lang='lat' dir='ltr'><strong>minor</strong></span> <span class='ocrx_word' id='word_1_724' title='bbox 2065 3614 2219 3669; x_wconf 88' lang='lat' dir='ltr'><strong>Patre</strong></span> <span class='ocrx_word' id='word_1_725' title='bbox 2264 3614 2432 3668; x_wconf 88' lang='lat' dir='ltr'><strong>Filius</strong></span> <span class='ocrx_word' id='word_1_726' title='bbox 2453 3622 2554 3668; x_wconf 89' lang='lat' dir='ltr'><strong>est.</strong></span> <span class='ocrx_word' id='word_1_727' title='bbox 2587 3613 2718 3667; x_wconf 88' lang='lat' dir='ltr'><strong>Cum</strong></span> <span class='ocrx_word' id='word_1_728' title='bbox 2746 3622 2921 3669; x_wconf 90' lang='lat' dir='ltr'><strong>autem</strong></span> <span class='ocrx_word' id='word_1_729' title='bbox 2953 3615 3124 3684; x_wconf 83' lang='lat' dir='ltr'><strong>imago</strong></span> <span class='ocrx_word' id='word_1_730' title='bbox 3155 3616 3243 3667; x_wconf 86' lang='lat' dir='ltr'><strong>illa</strong></span> <span class='ocrx_word' id='word_1_731' title='bbox 3270 3631 3378 3670; x_wconf 77' lang='lat' dir='ltr'><strong>una</strong></span> 
     </span>
    </p>
   </div>
   <div class='ocr_carea' id='block_1_94' title="bbox 1856 3703 3378 3773">
    <p class='ocr_par' dir='ltr' id='par_1_94' title="bbox 1856 3703 3378 3773">
     <span class='ocr_line' id='line_1_94' title="bbox 1856 3703 3378 3773; baseline 0.002 -17"><span class='ocrx_word' id='word_1_732' title='bbox 1856 3704 2019 3757; x_wconf 91' lang='lat' dir='ltr'><strong>Deum</strong></span> <span class='ocrx_word' id='word_1_733' title='bbox 2054 3704 2454 3773; x_wconf 86' lang='lat' dir='ltr'><strong>perfectissime,</strong></span> <span class='ocrx_word' id='word_1_734' title='bbox 2492 3709 2748 3771; x_wconf 87' lang='lat' dir='ltr'><strong>quantum</strong></span> <span class='ocrx_word' id='word_1_735' title='bbox 2794 3703 2906 3756; x_wconf 88' lang='lat' dir='ltr'><strong>lieri</strong></span> <span class='ocrx_word' id='word_1_736' title='bbox 2952 3712 3140 3772; x_wconf 90' lang='lat' dir='ltr'><strong>potest,</strong></span> <span class='ocrx_word' id='word_1_737' title='bbox 3184 3719 3378 3772; x_wconf 60' lang='lat' dir='ltr'><strong>reprae-</strong></span> 
     </span>
    </p>
   </div>
   <div class='ocr_carea' id='block_1_95' title="bbox 1857 3792 3379 3858">
    <p class='ocr_par' dir='ltr' id='par_1_95' title="bbox 1857 3792 3379 3858">
     <span class='ocr_line' id='line_1_95' title="bbox 1857 3792 3379 3858; baseline -0.001 -9"><span class='ocrx_word' id='word_1_738' title='bbox 1857 3804 2047 3858; x_wconf 91' lang='lat' dir='ltr'><strong>sentet,</strong></span> <span class='ocrx_word' id='word_1_739' title='bbox 2073 3811 2179 3849; x_wconf 90' lang='lat' dir='ltr'><strong>non</strong></span> <span class='ocrx_word' id='word_1_740' title='bbox 2209 3795 2522 3849; x_wconf 76' lang='lat' dir='ltr'><strong>substantiae</strong></span> <span class='ocrx_word' id='word_1_741' title='bbox 2554 3793 2710 3846; x_wconf 90' lang='lat' dir='ltr'><strong>modo</strong></span> <span class='ocrx_word' id='word_1_742' title='bbox 2736 3792 2851 3855; x_wconf 87' lang='lat' dir='ltr'><strong>Dei,</strong></span> <span class='ocrx_word' id='word_1_743' title='bbox 2896 3795 2988 3847; x_wconf 88' lang='lat' dir='ltr'><strong>sed</strong></span> <span class='ocrx_word' id='word_1_744' title='bbox 3012 3796 3170 3848; x_wconf 88' lang='lat' dir='ltr'><strong>etiam</strong></span> <span class='ocrx_word' id='word_1_745' title='bbox 3202 3795 3379 3848; x_wconf 87' lang='lat' dir='ltr'><strong>unita-</strong></span> 
     </span>
    </p>
   </div>
   <div class='ocr_carea' id='block_1_96' title="bbox 1856 3881 3374 3956">
    <p class='ocr_par' dir='ltr' id='par_1_96' title="bbox 1856 3881 3374 3956">
     <span class='ocr_line' id='line_1_96' title="bbox 1856 3881 3374 3956; baseline 0.001 -19"><span class='ocrx_word' id='word_1_746' title='bbox 1856 3885 1925 3938; x_wconf 90' lang='lat' dir='ltr'><strong>tis</strong></span> <span class='ocrx_word' id='word_1_747' title='bbox 1950 3887 2066 3953; x_wconf 86' lang='lat' dir='ltr'><strong>ejus</strong></span> <span class='ocrx_word' id='word_1_748' title='bbox 2095 3887 2266 3956; x_wconf 87' lang='lat' dir='ltr'><strong>imago</strong></span> <span class='ocrx_word' id='word_1_749' title='bbox 2293 3893 2389 3939; x_wconf 91' lang='lat' dir='ltr'><strong>est.</strong></span> <span class='ocrx_word' id='word_1_750' title='bbox 2428 3883 2579 3938; x_wconf 87' lang='lat' dir='ltr'><strong>Unde</strong></span> <span class='ocrx_word' id='word_1_751' title='bbox 2600 3881 2668 3937; x_wconf 86' lang='lat' dir='ltr'><strong>ob</strong></span> <span class='ocrx_word' id='word_1_752' title='bbox 2701 3884 2841 3936; x_wconf 89' lang='lat' dir='ltr'><strong>illam</strong></span> <span class='ocrx_word' id='word_1_753' title='bbox 2870 3885 3082 3937; x_wconf 90' lang='lat' dir='ltr'><strong>unicam</strong></span> <span class='ocrx_word' id='word_1_754' title='bbox 3105 3893 3156 3938; x_wconf 90' lang='lat' dir='ltr'><strong>et</strong></span> <span class='ocrx_word' id='word_1_755' title='bbox 3186 3884 3374 3953; x_wconf 85' lang='lat' dir='ltr'><strong>singu-</strong></span> 
     </span>
    </p>
   </div>
   <div class='ocr_carea' id='block_1_97' title="bbox 1856 3974 3377 4043">
    <p class='ocr_par' dir='ltr' id='par_1_97' title="bbox 1856 3974 3377 4043">
     <span class='ocr_line' id='line_1_97' title="bbox 1856 3974 3377 4043; baseline 0.001 -15"><span class='ocrx_word' id='word_1_756' title='bbox 1856 3977 2017 4030; x_wconf 90' lang='lat' dir='ltr'><strong>larem</strong></span> <span class='ocrx_word' id='word_1_757' title='bbox 2038 3977 2455 4038; x_wconf 88' lang='lat' dir='ltr'><strong>similitudinem,</strong></span> <span class='ocrx_word' id='word_1_758' title='bbox 2483 3976 2646 4029; x_wconf 91' lang='lat' dir='ltr'><strong>Filius</strong></span> <span class='ocrx_word' id='word_1_759' title='bbox 2670 3976 2736 4029; x_wconf 86' lang='lat' dir='ltr'><strong>ab</strong></span> <span class='ocrx_word' id='word_1_760' title='bbox 2774 3975 2976 4043; x_wconf 83' lang='lat' dir='ltr'><strong>origine</strong></span> <span class='ocrx_word' id='word_1_761' title='bbox 2995 3974 3132 4029; x_wconf 90' lang='lat' dir='ltr'><strong>Deus</strong></span> <span class='ocrx_word' id='word_1_762' title='bbox 3156 3982 3377 4029; x_wconf 83' lang='lat' dir='ltr'><strong>vocatus</strong></span> 
     </span>
    </p>
   </div>
   <div class='ocr_carea' id='block_1_98' title="bbox 1855 4066 3374 4136">
    <p class='ocr_par' dir='ltr' id='par_1_98' title="bbox 1855 4066 3374 4136">
     <span class='ocr_line' id='line_1_98' title="bbox 1855 4066 3374 4136; baseline -0.001 -16"><span class='ocrx_word' id='word_1_763' title='bbox 1855 4076 1907 4121; x_wconf 89' lang='lat' dir='ltr'><strong>et</strong></span> <span class='ocrx_word' id='word_1_764' title='bbox 1933 4068 2105 4121; x_wconf 85' lang='lat' dir='ltr'><strong>factus</strong></span> <span class='ocrx_word' id='word_1_765' title='bbox 2141 4075 2242 4129; x_wconf 91' lang='lat' dir='ltr'><strong>est,</strong></span> <span class='ocrx_word' id='word_1_766' title='bbox 2274 4066 2599 4136; x_wconf 85' lang='grc' dir='ltr'><strong>θεοποιηθείς</strong></span> <span class='ocrx_word' id='word_1_767' title='bbox 2629 4086 2642 4119; x_wconf 88' lang='lat'>:</span> <span class='ocrx_word' id='word_1_768' title='bbox 2675 4067 2766 4135; x_wconf 92' lang='lat' dir='ltr'><strong>qui</strong></span> <span class='ocrx_word' id='word_1_769' title='bbox 2799 4067 2899 4120; x_wconf 92' lang='lat' dir='ltr'><strong>etsi</strong></span> <span class='ocrx_word' id='word_1_770' title='bbox 2932 4082 3055 4121; x_wconf 89' lang='lat' dir='ltr'><strong>vere</strong></span> <span class='ocrx_word' id='word_1_771' title='bbox 3089 4066 3229 4120; x_wconf 91' lang='lat' dir='ltr'><strong>Deus</strong></span> <span class='ocrx_word' id='word_1_772' title='bbox 3266 4066 3374 4120; x_wconf 93' lang='lat' dir='ltr'><strong>dici</strong></span> 
     </span>
    </p>
   </div>
   <div class='ocr_carea' id='block_1_99' title="bbox 1854 4154 3375 4225">
    <p class='ocr_par' dir='ltr' id='par_1_99' title="bbox 1854 4154 3375 4225">
     <span class='ocr_line' id='line_1_99' title="bbox 1854 4154 3375 4225; baseline -0.001 -16"><span class='ocrx_word' id='word_1_773' title='bbox 1854 4171 1959 4209; x_wconf 90' lang='lat' dir='ltr'><strong>non</strong></span> <span class='ocrx_word' id='word_1_774' title='bbox 1988 4158 2175 4225; x_wconf 88' lang='lat' dir='ltr'><strong>possit,</strong></span> <span class='ocrx_word' id='word_1_775' title='bbox 2222 4157 2265 4209; x_wconf 90' lang='lat' dir='ltr'><strong>si</strong></span> <span class='ocrx_word' id='word_1_776' title='bbox 2300 4171 2422 4209; x_wconf 91' lang='lat' dir='ltr'><strong>cum</strong></span> <span class='ocrx_word' id='word_1_777' title='bbox 2470 4154 2627 4209; x_wconf 88' lang='lat' dir='ltr'><strong>Patre</strong></span> <span class='ocrx_word' id='word_1_778' title='bbox 2670 4163 3029 4223; x_wconf 90' lang='lat' dir='ltr'><strong>comparetur,</strong></span> <span class='ocrx_word' id='word_1_779' title='bbox 3069 4162 3375 4223; x_wconf 90' lang='lat' dir='ltr'><strong>comparate</strong></span> 
     </span>
    </p>
   </div>
   <div class='ocr_carea' id='block_1_100' title="bbox 1856 4245 3377 4314">
    <p class='ocr_par' dir='ltr' id='par_1_100' title="bbox 1856 4245 3377 4314">
     <span class='ocr_line' id='line_1_100' title="bbox 1856 4245 3377 4314; baseline 0 -15"><span class='ocrx_word' id='word_1_780' title='bbox 1856 4256 2028 4299; x_wconf 90' lang='lat' dir='ltr'><strong>tamen</strong></span> <span class='ocrx_word' id='word_1_781' title='bbox 2059 4246 2124 4299; x_wconf 92' lang='lat' dir='ltr'><strong>ad</strong></span> <span class='ocrx_word' id='word_1_782' title='bbox 2157 4256 2428 4300; x_wconf 91' lang='lat' dir='ltr'><strong>creaturas</strong></span> <span class='ocrx_word' id='word_1_783' title='bbox 2461 4261 2581 4299; x_wconf 89' lang='lat' dir='ltr'><strong>vere</strong></span> <span class='ocrx_word' id='word_1_784' title='bbox 2625 4245 2763 4299; x_wconf 91' lang='lat' dir='ltr'><strong>Deus</strong></span> <span class='ocrx_word' id='word_1_785' title='bbox 2809 4245 3011 4305; x_wconf 55' lang='lat' dir='ltr'><strong>dicitur.</strong></span> <span class='ocrx_word' id='word_1_786' title='bbox 3047 4264 3060 4298; x_wconf 87' lang='lat'><strong>:</strong></span> <span class='ocrx_word' id='word_1_787' title='bbox 3094 4247 3218 4313; x_wconf 90' lang='lat' dir='ltr'><strong>quia</strong></span> <span class='ocrx_word' id='word_1_788' title='bbox 3249 4246 3377 4314; x_wconf 64' lang='lat' dir='ltr'><strong>ipsae</strong></span> 
     </span>
    </p>
   </div>
   <div class='ocr_carea' id='block_1_101' title="bbox 1856 4334 3373 4406">
    <p class='ocr_par' dir='ltr' id='par_1_101' title="bbox 1856 4334 3373 4406">
     <span class='ocr_line' id='line_1_101' title="bbox 1856 4334 3373 4406; baseline -0.001 -18"><span class='ocrx_word' id='word_1_789' title='bbox 1856 4336 2112 4406; x_wconf 89' lang='lat' dir='ltr'><strong>imagines</strong></span> <span class='ocrx_word' id='word_1_790' title='bbox 2144 4336 2236 4391; x_wconf 91' lang='lat' dir='ltr'><strong>Dei</strong></span> <span class='ocrx_word' id='word_1_791' title='bbox 2268 4337 2419 4405; x_wconf 86' lang='lat' dir='ltr'><strong>longe</strong></span> <span class='ocrx_word' id='word_1_792' title='bbox 2448 4334 2869 4404; x_wconf 78' lang='lat' dir='ltr'><strong>imperfectiores</strong></span> <span class='ocrx_word' id='word_1_793' title='bbox 2896 4343 3038 4388; x_wconf 90' lang='lat' dir='ltr'><strong>sunt.</strong></span> <span class='ocrx_word' id='word_1_794' title='bbox 3069 4334 3246 4399; x_wconf 87' lang='lat' dir='ltr'><strong>Quare</strong></span> <span class='ocrx_word' id='word_1_795' title='bbox 3275 4335 3373 4388; x_wconf 81' lang='grc' dir='ltr'><strong>αὑ-</strong></span> 
     </span>
    </p>
   </div>
   <div class='ocr_carea' id='block_1_102' title="bbox 1854 4422 3377 4492">
    <p class='ocr_par' dir='ltr' id='par_1_102' title="bbox 1854 4422 3377 4492">
     <span class='ocr_line' id='line_1_102' title="bbox 1854 4422 3377 4492; baseline -0.002 -14"><span class='ocrx_word' id='word_1_796' title='bbox 1854 4427 2033 4489; x_wconf 84' lang='grc' dir='ltr'><strong>τόθεος</strong></span> <span class='ocrx_word' id='word_1_797' title='bbox 2064 4427 2281 4487; x_wconf 88' lang='lat' dir='ltr'><strong>dieitur,</strong></span> <span class='ocrx_word' id='word_1_798' title='bbox 2317 4426 2449 4487; x_wconf 89' lang='lat' dir='ltr'><strong>sive,</strong></span> <span class='ocrx_word' id='word_1_799' title='bbox 2497 4426 2601 4491; x_wconf 86' lang='lat' dir='ltr'><strong>ipse</strong></span> <span class='ocrx_word' id='word_1_800' title='bbox 2635 4422 2794 4485; x_wconf 87' lang='lat' dir='ltr'><strong>Deus,</strong></span> <span class='ocrx_word' id='word_1_801' title='bbox 2825 4425 2947 4492; x_wconf 88' lang='lat' dir='ltr'><strong>quia</strong></span> <span class='ocrx_word' id='word_1_802' title='bbox 2981 4440 3042 4478; x_wconf 85' lang='lat' dir='ltr'><strong>ex</strong></span> <span class='ocrx_word' id='word_1_803' title='bbox 3075 4423 3377 4476; x_wconf 77' lang='lat' dir='ltr'><strong>omnimoda</strong></span> 
     </span>
    </p>
   </div>
   <div class='ocr_carea' id='block_1_103' title="bbox 1858 4514 3373 4582">
    <p class='ocr_par' dir='ltr' id='par_1_103' title="bbox 1858 4514 3373 4582">
     <span class='ocr_line' id='line_1_103' title="bbox 1858 4514 3373 4582; baseline -0.003 -14"><span class='ocrx_word' id='word_1_804' title='bbox 1858 4516 1946 4568; x_wconf 91' lang='lat' dir='ltr'><strong>illa</strong></span> <span class='ocrx_word' id='word_1_805' title='bbox 1975 4514 2323 4570; x_wconf 90' lang='lat' dir='ltr'><strong>similitudine</strong></span> <span class='ocrx_word' id='word_1_806' title='bbox 2356 4514 2492 4568; x_wconf 89' lang='lat' dir='ltr'><strong>Deus</strong></span> <span class='ocrx_word' id='word_1_807' title='bbox 2522 4514 2588 4565; x_wconf 90' lang='lat' dir='ltr'><strong>ab</strong></span> <span class='ocrx_word' id='word_1_808' title='bbox 2626 4520 2748 4566; x_wconf 91' lang='lat' dir='ltr'><strong>ortu</strong></span> <span class='ocrx_word' id='word_1_809' title='bbox 2786 4515 3082 4582; x_wconf 87' lang='lat' dir='ltr'><strong>appellatus</strong></span> <span class='ocrx_word' id='word_1_810' title='bbox 3111 4521 3219 4577; x_wconf 89' lang='lat' dir='ltr'><strong>est;</strong></span> <span class='ocrx_word' id='word_1_811' title='bbox 3252 4526 3373 4576; x_wconf 83' lang='lat' dir='ltr'><strong>cum</strong></span> 
     </span>
    </p>
   </div>
   <div class='ocr_carea' id='block_1_104' title="bbox 1856 4597 3377 4673">
    <p class='ocr_par' dir='ltr' id='par_1_104' title="bbox 1856 4597 3377 4673">
     <span class='ocr_line' id='line_1_104' title="bbox 1856 4597 3377 4673; baseline -0.005 -15"><span class='ocrx_word' id='word_1_812' title='bbox 1856 4615 2041 4658; x_wconf 87' lang='lat' dir='ltr'><strong>contra</strong></span> <span class='ocrx_word' id='word_1_813' title='bbox 2066 4605 2234 4673; x_wconf 88' lang='lat' dir='ltr'><strong>angeli</strong></span> <span class='ocrx_word' id='word_1_814' title='bbox 2264 4612 2316 4659; x_wconf 86' lang='lat' dir='ltr'><strong>et</strong></span> <span class='ocrx_word' id='word_1_815' title='bbox 2340 4605 2583 4659; x_wconf 88' lang='lat' dir='ltr'><strong>homines</strong></span> <span class='ocrx_word' id='word_1_816' title='bbox 2608 4605 2899 4659; x_wconf 90' lang='lat' dir='ltr'><strong>secundum</strong></span> <span class='ocrx_word' id='word_1_817' title='bbox 2927 4597 3155 4671; x_wconf 86' lang='lat' dir='ltr'><strong>aliquam</strong></span> <span class='ocrx_word' id='word_1_818' title='bbox 3187 4600 3377 4655; x_wconf 33' lang='lat' dir='ltr'><strong>similis</strong></span> 
     </span>
    </p>
   </div>
   <div class='ocr_carea' id='block_1_105' title="bbox 1808 4776 3375 4861">
    <p class='ocr_par' dir='ltr' id='par_1_105' title="bbox 1808 4776 3375 4861">
     <span class='ocr_line' id='line_1_105' title="bbox 1808 4776 3375 4861; baseline -0.004 -26"><span class='ocrx_word' id='word_1_819' title='bbox 1808 4792 1811 4861; x_wconf 45' lang='grc' dir='ltr'><strong>ί</strong></span> <span class='ocrx_word' id='word_1_820' title='bbox 1857 4782 1959 4835; x_wconf 91' lang='lat' dir='ltr'><strong>dici</strong></span> <span class='ocrx_word' id='word_1_821' title='bbox 2004 4791 2175 4851; x_wconf 88' lang='lat' dir='ltr'><strong>potest</strong></span> <span class='ocrx_word' id='word_1_822' title='bbox 2217 4791 2269 4837; x_wconf 90' lang='lat' dir='ltr'><strong>et</strong></span> <span class='ocrx_word' id='word_1_823' title='bbox 2313 4784 2465 4837; x_wconf 89' lang='lat' dir='ltr'><strong>debet</strong></span> <span class='ocrx_word' id='word_1_824' title='bbox 2510 4781 2699 4842; x_wconf 84' lang='lat' dir='ltr'><strong>Filius,</strong></span> <span class='ocrx_word' id='word_1_825' title='bbox 2735 4783 2859 4850; x_wconf 90' lang='lat' dir='ltr'><strong>quia</strong></span> <span class='ocrx_word' id='word_1_826' title='bbox 2903 4781 3000 4834; x_wconf 89' lang='lat' dir='ltr'><strong>etsi</strong></span> <span class='ocrx_word' id='word_1_827' title='bbox 3044 4794 3150 4831; x_wconf 92' lang='lat' dir='ltr'><strong>non</strong></span> <span class='ocrx_word' id='word_1_828' title='bbox 3189 4776 3375 4829; x_wconf 87' lang='lat' dir='ltr'><strong>eadem</strong></span> 
     </span>
    </p>
   </div>
   <div class='ocr_carea' id='block_1_106' title="bbox 1798 4866 3378 4942">
    <p class='ocr_par' dir='ltr' id='par_1_106' title="bbox 1798 4866 3378 4942">
     <span class='ocr_line' id='line_1_106' title="bbox 1798 4866 3378 4942; baseline -0.005 -15"><span class='ocrx_word' id='word_1_829' title='bbox 1798 4866 1811 4875; x_wconf 35' lang='grc' dir='ltr'><strong>λ’</strong></span> <span class='ocrx_word' id='word_1_830' title='bbox 1856 4889 2012 4942; x_wconf 91' lang='lat' dir='ltr'><strong>quam</strong></span> <span class='ocrx_word' id='word_1_831' title='bbox 2042 4872 2198 4926; x_wconf 84' lang='lat' dir='ltr'><strong>Pater</strong></span> <span class='ocrx_word' id='word_1_832' title='bbox 2229 4874 2577 4929; x_wconf 89' lang='lat' dir='ltr'><strong>substantiam</strong></span> <span class='ocrx_word' id='word_1_833' title='bbox 2606 4873 2819 4932; x_wconf 84' lang='lat' dir='ltr'><strong>habeat,</strong></span> <span class='ocrx_word' id='word_1_834' title='bbox 2850 4886 2911 4924; x_wconf 84' lang='lat' dir='ltr'><strong>ex</strong></span> <span class='ocrx_word' id='word_1_835' title='bbox 2947 4868 3246 4923; x_wconf 86' lang='lat' dir='ltr'><strong>substantia</strong></span> <span class='ocrx_word' id='word_1_836' title='bbox 3278 4866 3378 4919; x_wconf 80' lang='lat' dir='ltr'><strong>Pa-</strong></span> 
     </span>
    </p>
   </div>
   <div class='ocr_carea' id='block_1_107' title="bbox 1855 4955 3373 5029">
    <p class='ocr_par' dir='ltr' id='par_1_107' title="bbox 1855 4955 3373 5029">
     <span class='ocr_line' id='line_1_107' title="bbox 1855 4955 3373 5029; baseline -0.004 -16"><span class='ocrx_word' id='word_1_837' title='bbox 1855 4962 1953 5014; x_wconf 89' lang='lat' dir='ltr'><strong>tris</strong></span> <span class='ocrx_word' id='word_1_838' title='bbox 1997 4976 2060 5014; x_wconf 91' lang='lat' dir='ltr'><strong>eo</strong></span> <span class='ocrx_word' id='word_1_839' title='bbox 2103 4977 2207 5028; x_wconf 92' lang='lat' dir='ltr'><strong>quo</strong></span> <span class='ocrx_word' id='word_1_840' title='bbox 2251 4976 2411 5029; x_wconf 88' lang='lat' dir='ltr'><strong>supra</strong></span> <span class='ocrx_word' id='word_1_841' title='bbox 2458 4960 2689 5012; x_wconf 81' lang='lat' dir='ltr'><strong>diximus</strong></span> <span class='ocrx_word' id='word_1_842' title='bbox 2735 4956 2891 5010; x_wconf 90' lang='lat' dir='ltr'><strong>modo</strong></span> <span class='ocrx_word' id='word_1_843' title='bbox 2934 4955 3226 5023; x_wconf 83' lang='lat' dir='ltr'><strong>productus</strong></span> <span class='ocrx_word' id='word_1_844' title='bbox 3272 4964 3373 5009; x_wconf 87' lang='lat' dir='ltr'><strong>est.</strong></span> 
     </span>
    </p>
   </div>
   <div class='ocr_carea' id='block_1_108' title="bbox 1858 5045 3376 5109">
    <p class='ocr_par' dir='ltr' id='par_1_108' title="bbox 1858 5045 3376 5109">
     <span class='ocr_line' id='line_1_108' title="bbox 1858 5045 3376 5109; baseline -0.002 -7"><span class='ocrx_word' id='word_1_845' title='bbox 1858 5049 2110 5105; x_wconf 66' lang='lat' dir='ltr'><strong>IEternus</strong></span> <span class='ocrx_word' id='word_1_846' title='bbox 2147 5060 2317 5104; x_wconf 90' lang='lat' dir='ltr'><strong>autem</strong></span> <span class='ocrx_word' id='word_1_847' title='bbox 2361 5064 2466 5102; x_wconf 91' lang='lat' dir='ltr'><strong>non</strong></span> <span class='ocrx_word' id='word_1_848' title='bbox 2509 5056 2590 5102; x_wconf 91' lang='lat' dir='ltr'><strong>est</strong></span> <span class='ocrx_word' id='word_1_849' title='bbox 2638 5047 2840 5109; x_wconf 85' lang='lat' dir='ltr'><strong>Filius,</strong></span> <span class='ocrx_word' id='word_1_850' title='bbox 2885 5045 2978 5099; x_wconf 88' lang='lat' dir='ltr'><strong>sed</strong></span> <span class='ocrx_word' id='word_1_851' title='bbox 3026 5056 3145 5103; x_wconf 75' lang='lat' dir='ltr'><strong>ante</strong></span> <span class='ocrx_word' id='word_1_852' title='bbox 3190 5058 3376 5099; x_wconf 77' lang='lat' dir='ltr'><strong>omnes</strong></span> 
     </span>
    </p>
   </div>
   <div class='ocr_carea' id='block_1_109' title="bbox 1857 5133 3376 5209">
    <p class='ocr_par' dir='ltr' id='par_1_109' title="bbox 1857 5133 3376 5209">
     <span class='ocr_line' id='line_1_109' title="bbox 1857 5133 3376 5209; baseline -0.003 -18"><span class='ocrx_word' id='word_1_853' title='bbox 1857 5148 2127 5193; x_wconf 86' lang='lat' dir='ltr'><strong>creaturas</strong></span> <span class='ocrx_word' id='word_1_854' title='bbox 2174 5142 2401 5209; x_wconf 85' lang='lat' dir='ltr'><strong>genitus.</strong></span> <span class='ocrx_word' id='word_1_855' title='bbox 2452 5137 2602 5191; x_wconf 86' lang='lat' dir='ltr'><strong>Hanc</strong></span> <span class='ocrx_word' id='word_1_856' title='bbox 2653 5136 2972 5206; x_wconf 87' lang='lat' dir='ltr'><strong>ipsissimam</strong></span> <span class='ocrx_word' id='word_1_857' title='bbox 3007 5149 3124 5188; x_wconf 91' lang='lat' dir='ltr'><strong>esse</strong></span> <span class='ocrx_word' id='word_1_858' title='bbox 3160 5133 3376 5187; x_wconf 87' lang='lat' dir='ltr'><strong>Eusebii</strong></span> 
     </span>
    </p>
   </div>
   <div class='ocr_carea' id='block_1_110' title="bbox 1855 5224 3377 5295">
    <p class='ocr_par' dir='ltr' id='par_1_110' title="bbox 1855 5224 3377 5295">
     <span class='ocr_line' id='line_1_110' title="bbox 1855 5224 3377 5295; baseline -0.003 -14"><span class='ocrx_word' id='word_1_859' title='bbox 1855 5229 1920 5282; x_wconf 89' lang='lat' dir='ltr'><strong>de</strong></span> <span class='ocrx_word' id='word_1_860' title='bbox 1946 5229 2119 5284; x_wconf 81' lang='lat' dir='ltr'><strong>Verbo</strong></span> <span class='ocrx_word' id='word_1_861' title='bbox 2146 5229 2440 5284; x_wconf 86' lang='lat' dir='ltr'><strong>doctrinam</strong></span> <span class='ocrx_word' id='word_1_862' title='bbox 2470 5227 2671 5295; x_wconf 89' lang='lat' dir='ltr'><strong>liquido</strong></span> <span class='ocrx_word' id='word_1_863' title='bbox 2699 5226 3098 5295; x_wconf 88' lang='lat' dir='ltr'><strong>comprobatum</strong></span> <span class='ocrx_word' id='word_1_864' title='bbox 3129 5224 3377 5290; x_wconf 88' lang='lat' dir='ltr'><strong>superius</strong></span> 
     </span>
    </p>
   </div>
   <div class='ocr_carea' id='block_1_111' title="bbox 1855 5311 3379 5383">
    <p class='ocr_par' dir='ltr' id='par_1_111' title="bbox 1855 5311 3379 5383">
     <span class='ocr_line' id='line_1_111' title="bbox 1855 5311 3379 5383; baseline -0.005 -12"><span class='ocrx_word' id='word_1_865' title='bbox 1855 5328 1954 5373; x_wconf 90' lang='lat' dir='ltr'><strong>est.</strong></span> <span class='ocrx_word' id='word_1_866' title='bbox 1988 5318 2135 5383; x_wconf 85' lang='lat' dir='ltr'><strong>Quod</strong></span> <span class='ocrx_word' id='word_1_867' title='bbox 2162 5319 2207 5372; x_wconf 90' lang='lat' dir='ltr'><strong>si</strong></span> <span class='ocrx_word' id='word_1_868' title='bbox 2236 5319 2289 5370; x_wconf 91' lang='lat' dir='ltr'><strong>in</strong></span> <span class='ocrx_word' id='word_1_869' title='bbox 2315 5316 2398 5367; x_wconf 91' lang='lat' dir='ltr'><strong>his</strong></span> <span class='ocrx_word' id='word_1_870' title='bbox 2428 5314 2695 5371; x_wconf 85' lang='lat' dir='ltr'><strong>Eusebius</strong></span> <span class='ocrx_word' id='word_1_871' title='bbox 2721 5330 2898 5370; x_wconf 89' lang='lat' dir='ltr'><strong>secum</strong></span> <span class='ocrx_word' id='word_1_872' title='bbox 2922 5326 3160 5383; x_wconf 88' lang='lat' dir='ltr'><strong>pugnare</strong></span> <span class='ocrx_word' id='word_1_873' title='bbox 3187 5311 3379 5377; x_wconf 82' lang='lat' dir='ltr'><strong>depre—</strong></span> 
     </span>
    </p>
   </div>
   <div class='ocr_carea' id='block_1_112' title="bbox 1856 5397 3380 5472">
    <p class='ocr_par' dir='ltr' id='par_1_112' title="bbox 1856 5397 3380 5472">
     <span class='ocr_line' id='line_1_112' title="bbox 1856 5397 3380 5472; baseline -0.006 -13"><span class='ocrx_word' id='word_1_874' title='bbox 1856 5408 2113 5461; x_wconf 89' lang='lat' dir='ltr'><strong>hendatur</strong></span> <span class='ocrx_word' id='word_1_875' title='bbox 2133 5447 2146 5469; x_wconf 97' lang='lat'><strong>,</strong></span> <span class='ocrx_word' id='word_1_876' title='bbox 2190 5406 2240 5458; x_wconf 90' lang='lat' dir='ltr'><strong>id</strong></span> <span class='ocrx_word' id='word_1_877' title='bbox 2270 5415 2396 5457; x_wconf 84' lang='lat' dir='ltr'><strong>sane</strong></span> <span class='ocrx_word' id='word_1_878' title='bbox 2423 5404 2700 5472; x_wconf 81' lang='lat' dir='ltr'><strong>proprium</strong></span> <span class='ocrx_word' id='word_1_879' title='bbox 2741 5403 2939 5458; x_wconf 89' lang='lat' dir='ltr'><strong>erroris</strong></span> <span class='ocrx_word' id='word_1_880' title='bbox 2978 5407 3078 5461; x_wconf 90' lang='lat' dir='ltr'><strong>est,</strong></span> <span class='ocrx_word' id='word_1_881' title='bbox 3109 5405 3166 5451; x_wconf 89' lang='lat' dir='ltr'><strong>ttt</strong></span> <span class='ocrx_word' id='word_1_882' title='bbox 3198 5397 3380 5451; x_wconf 84' lang='lat' dir='ltr'><strong>consi-</strong></span> 
     </span>
    </p>
   </div>
   <div class='ocr_carea' id='block_1_113' title="bbox 1857 5487 3067 5562">
    <p class='ocr_par' dir='ltr' id='par_1_113' title="bbox 1857 5487 3067 5562">
     <span class='ocr_line' id='line_1_113' title="bbox 1857 5487 3067 5562; baseline -0.009 -13"><span class='ocrx_word' id='word_1_883' title='bbox 1857 5504 1995 5550; x_wconf 88' lang='lat' dir='ltr'><strong>stere</strong></span> <span class='ocrx_word' id='word_1_884' title='bbox 2019 5510 2123 5548; x_wconf 90' lang='lat' dir='ltr'><strong>non</strong></span> <span class='ocrx_word' id='word_1_885' title='bbox 2152 5493 2341 5549; x_wconf 89' lang='lat' dir='ltr'><strong>valeat,</strong></span> <span class='ocrx_word' id='word_1_886' title='bbox 2373 5487 2586 5559; x_wconf 85' lang='lat' dir='ltr'><strong>sibique</strong></span> <span class='ocrx_word' id='word_1_887' title='bbox 2615 5493 2715 5562; x_wconf 92' lang='lat' dir='ltr'><strong>ipsi</strong></span> <span class='ocrx_word' id='word_1_888' title='bbox 2747 5491 3067 5546; x_wconf 58' lang='lat' dir='ltr'><strong>adversetur.</strong></span> 
     </span>
    </p>
   </div>
  </div>
