3818 6346
606 377 675 429 47
1306 365 1563 426 FUSEBII
1600 358 2062 418 CIESARIENSIS
2097 358 2114 412 <

1611 317 2062 418 C/ESARIENSIS
2097 314 2462 414 OPPIPARS
2500 361 2590 417 IH.
2629 391 2695 403 -—
2727 362 3119 419 EXEGETICA.

609 508 730 560 XVI.
755 507 899 570 Egre
935 504 1224 556 defenditur.
1261 531 1318 540 —
1341 501 1495 570 XVll._
1537 497 1766 570 _Arianum
1809 495 2010 558 probant
2043 499 2138 542 tam
2169 499 2210 553 Α
2241 495 2393 549 libuit
2422 466 2705 550 desistere.
2738 498 2847 561 Qua
2881 499 2932 550 in
2968 512 3027 550 re
3057 497 3188 564 quid
3226 498 3425 552 certius
3465 513 3616 568 evang

1077 573 1231 628 gesta,
1249 576 1388 624 quam
1407 561 1597 620 scripta.

681 673 748 726 At
777 672 867 740 qui
898 675 1176 738 purgatum
1209 663 1492 717 Eusebium
1523 661 1729 721 volunt,
1756 675 1874 711 cum
1900 667 2131 720 veteres,

613 772 726 817 tu’m
755 761 1096 818 recentiores,
1128 756 1181 808 in
1202 753 1430 806 medium
1455 751 1570 819 ejus
1589 749 1727 802 dicta
1749 749 1993 811 aﬁerunt,
2019 764 2134 816 qua:

615 850 932 904 catholicum
962 845 1226 898 hominem
1259 855 1478 910 arguere
1515 846 1784 908 pugnant;
1828 837 2133 904 hujusmodi

617 949 761 1005 sunt,
790 939 929 1008 quod
958 935 1152 989 dixerit
1173 934 1260 987 ille
1288 948 1348 986 ex
1384 933 1509 993 Deo,
1544 940 1597 985 et
1625 946 1688 985 ex
1719 929 2014 984 substantia
2041 929 2134 982 Dei

615 1046 732 1085 esse
760 1028 970 1088 Filium,
995 1023 1138 1094 quod
1168 1038 1290 1077 vere
1313 1023 1476 1075 Deum
1509 1029 1562 1074 et
1602 1020 1844 1072 αὑτόοεον
1876 1019 2134 1087 prredica-

614 1120 768 1184 verit,
805 1116 947 1185 quod
989 1122 1266 1170 aeternum.
1298 1111 1437 1180 quod
1466 1109 1759 1179 ὁμοούσιον,
1796 1109 1991 1176 quibus
2035 1121 2132 1160 nos

614 1207 881 1267 omnibus,
906 1205 1022 1273 ipso
1051 1201 1280 1256 Eusebio
1320 1201 1398 1253 usi
1429 1200 1736 1268 interprete,
1760 1197 2131 1266 jam’occurri-

611 1313 748 1352 mus.
772 1295 967 1348 Verum
991 1294 1102 1346 haec
1130 1291 1204 1342 illi
1233 1305 1294 1344 ex
1323 1289 1526 1341 arbitrii
1549 1289 1629 1341 sui
1659 1285 1941 1350 sententia,
1963 1300 2133 1353 neque

612 1401 675 1441 ex
706 1387 819 1454 ipsa
848 1383 1060 1438 Eusebii
1091 1388 1285 1443 mente,
1325 1379 1564 1446 pluribus
1596 1378 1649 1430 in
1687 1378 1820 1430 locis
1859 1389 2130 1444 expressa,

613 1473 960 1542 comprobare
991 1469 1090 1523 nisi
1123 1475 1248 1522 sunt
1281 1487 1294 1520 :
1327 1467 1413 1519 alii
1449 1481 1657 1534 quoque
1687 1465 1988 1531 interpretis
2016 1479 2134 1517 ver-

615 1563 765 1617 sione
797 1558 1020 1626 decepti,
1053 1573 1114 1611 ex
1142 1557 1292 1608 libris
1313 1553 1378 1607 de
1405 1553 1846 1607 Demonstratione
1878 1558 1930 1606 et
1955 1561 2133 1602 contra

616 1650 940 1711 Marcellum,
971 1648 1152 1700 Latine
1181 1653 1382 1698 tantum
1408 1644 1578 1706 lectis,
1601 1643 1666 1695 ad
1690 1656 1802 1695 eam
1833 1641 2133 1707 opinionem

616 1745 978 1799 accesserunt,
1001 1750 1125 1805 pars
1148 1734 1377 1787 Marcelli
1403 1732 1544 1784 dicta
1567 1746 1663 1799 pro
1684 1730 1996 1784 Eusebianis
2017 1729 2137 1780 sub-

617 1832 919 1892 stituentes,
955 1836 1207 1881 aeternum
1253 1826 1319 1878 ab
1359 1824 1584 1877 Eusebio
1620 1822 1809 1875 Filium
1858 1821 2133 1891 praedicari
2161 1817 2205 1871 Β

618 1920 857 1975 arbitrati
889 1926 1011 1972 sunt
1041 1936 1051 1969 :
1084 1916 1213 1969 nulli
1260 1915 1419 1968 hosce
1449 1912 1659 1970 Eusebii
1699 1910 2130 1966 “Commentarios

613 2010 975 2076 inspexerunt,
1009 2005 1094 2057 ubi
1118 2004 1287 2072 palam
1314 2002 1400 2054 ilic
1421 2001 1646 2058 mentem
1672 2013 1819 2052 suam
1853 1999 2041 2065 aperit,
2077 2005 2130 2050 et
2196 2068 2198 2070 ν

614 2097 829 2154 nonnisi
853 2099 1153 2162 comparate
1187 2090 1253 2143 ad
1278 2089 1519 2142 homines
1543 2085 1732 2138 Filium
1757 2085 1938 2138 vocari
1966 2084 2128 2136 Deum

615 2185 865 2238 insinuat.
907 2181 1017 2249 Ego
1045 2192 1171 2232 vero
1217 2191 1299 2229 me
1344 2173 1594 2243 proﬁteor
1626 2173 1725 2225 hac
1762 2173 1815 2223 in
1840 2171 2131 2239 quaestione

614 2274 746 2326 nihil
775 2268 1104 2340 praejudicati
1138 2265 1398 2326 attulisse,
1439 2262 1531 2316 sed
1566 2275 1786 2330 pronum
1821 2275 2029 2329 semper
2064 2259 2128 2311 ad

615 2361 875 2413 mitiorem
907 2355 1175 2410 ferendam
1218 2353 1552 2413 sententiam,
1582 2351 1794 2405 Eusebii
1825 2352 2022 2418 scripta
2045 2365 2131 2404 as-

613 2449 762 2503 sidue
791 2447 1084 2508 lectitasse,
1111 2443 1434 2515 ponderasse
1465 2442 1606 2494 dicta
1639 2448 1692 2494 et
1721 2441 2034 2502 sententias,
2069 2455 2132 2492 ac

613 2540 823 2592 demum
862 2537 937 2590 rei
971 2536 1346 2604 perspicuitate
1374 2535 1592 2594 victum,
1628 2537 1814 2585 contra
1848 2527 2130 2584 Eusebium

612 2629 873 2682 calculum
918 2627 1181 2695 posuisse.
1225 2624 1398 2686 Certe,
1445 2631 1500 2676 ut
1546 2621 1699 2675 initio
1747 2621 1876 2685 dixi,
1917 2618 2129 2672 Eusebii

611 2724 758 2785 gesta
809 2729 930 2768 cum
981 2713 1194 2782 scriptis
1226 2712 1300 2764 ita
1330 2718 1658 2774 consonant;
1701 2715 1758 2760 ut
1804 2707 1928 2760 hinc
1971 2707 2130 2760 etiam

615 2803 857 2860 testatior
901 2805 1110 2858 animus
1146 2802 1512 2869 sententiaque
1557 2800 1700 2854 illius
1723 2798 1968 2852 omnibus
2012 2811 2130 2851 esse

613 2897 803 2950 valeat.
830 2894 910 2948 Ab
933 2892 1152 2948 exordio
1174 2891 1313 2946 enim
1334 2891 1620 2945 Arianismi
1645 2891 1707 2944 ad
1737 2889 1938 2943 obitum
1962 2901 2131 2956 usque

613 3002 734 3041 cum
776 2985 988 3040 Arianis
1024 2981 1442 3038 concordissime
1471 2982 1622 3046 vixit,
1661 2979 1909 3034 nascenti
1940 2977 2131 3032 haeresi

616 3092 808 3131 nomen
847 3075 1018 3140 dedit;
1065 3077 1118 3129 in
1149 3074 1359 3129 Niczena
1407 3073 1627 3142 synodo,
1672 3079 1926 3140 quantum
1959 3069 2128 3131 licuit,

613 3164 901 3219 Catholicis
930 3165 1166 3229 obstitit;
1208 3161 1302 3216 sed
1349 3160 1437 3228 qui
1476 3159 1712 3228 apprime
1739 3158 1956 3212 calleret
2002 3151 2145 3210 con;

614 3254 802 3309 cedere
845 3253 1088 3321 tempori,
1120 3252 1331 3306 demum
1364 3248 1526 3304 cessit
1564 3256 1619 3302 et
1659 3247 1975 3317 subscripsit
2009 3264 2021 3301 :
2055 3247 2134 3301 sic

613 3343 753 3397 enim
782 3342 1037 3396 suadebat
1061 3341 1236 3404 timor,
1267 3354 1373 3392 non
1395 3337 1630 3392 diuturni
1660 3337 1912 3405 magister
1935 3335 2090 3390 ofﬁcii
2116 3355 2128 3390 :

619 3446 724 3501 qua
757 3432 896 3494 enim
939 3436 1116 3484 mente
1141 3428 1191 3483 id
1225 3427 1412 3496 egerit,
1444 3427 1542 3482 sibi
1572 3425 1800 3479 subditis
1823 3425 2031 3496 populis
2053 3425 2133 3478 sic

612 3519 898 3582 enarravit,
927 3525 986 3570 ut
1015 3517 1115 3570 sibi
1155 3516 1379 3584 pristina
1408 3515 1697 3583 repetendi,
1729 3515 1899 3568 sicubi
1930 3515 2129 3576 liceret,

615 3605 817 3658 aditum
845 3603 1136 3670 reliquerit.
1172 3600 1287 3653 Non
1316 3601 1406 3652 diu
1439 3615 1563 3654 vero
1589 3608 1773 3669 postea
1810 3601 1927 3654 ﬁcte
1955 3615 2134 3654 recon-

615 3694 848 3745 ciliatam
901 3705 1023 3744 cum
1075 3690 1365 3745 Catholicis
1413 3690 1634 3758 gratiam
1685 3688 2030 3755 disturbavit;
2077 3697 2133 3742 ut

618 3781 827 3836 nescias
852 3781 1040 3850 plusne
1072 3795 1245 3850 operae
1275 3780 1331 3833 in
1358 3780 1599 3848 pellendo
1627 3779 1920 3833 Athanasio
1940 3794 2126 3847 posue-

615 3874 704 3938 rit,
749 3887 905 3942 quam
943 3872 997 3925 in
1037 3870 1364 3927 restituendo
1411 3870 1555 3924 Ario.
1596 3871 1791 3922 Contra
1829 3868 2130 3922 Marcellum

614 3963 1050 4032 intemperantior
1095 3962 1322 4017 fortasse
1367 3976 1527 4030 quam
1569 3961 1844 4026 debuerat,
1878 3975 1980 4014 non
2011 3960 2131 4028 plus

616 4054 681 4107 ad
713 4053 1125 4125 propulsandum
1156 4052 1323 4116 illum,
1363 4067 1521 4120 quam
1555 4051 1618 4104 ad
1653 4052 1954 4121 purgandos
1976 4052 2131 4105 Aria-

615 4155 804 4194 norum
834 4141 1188 4209 primipilares
1215 4141 1450 4210 scripsit.
1479 4139 1764 4194 Historiam
1795 4139 2017 4194 Nicaeum
2043 4155 2130 4211 sy-

614 4231 738 4284 nodi
772 4229 886 4284 fuse
923 4233 1178 4295 narravit,
1219 4239 1271 4284 et
1319 4231 1469 4300 quasi
1517 4245 1610 4298 per
1652 4230 2128 4285 dissimulationem

614 4317 911 4387 ignorandi,
942 4320 1066 4387 quia
1112 4328 1376 4388 gestorum
1408 4317 1579 4388 pudor
1609 4319 1877 4372 silentium
1905 4320 2130 4389 impera-

2239 585 2502 646 cautione,
2525 585 2607 636 Ex
2619 585 2865 651 fructibus
2887 603 3066 639 eorum
3087 588 3398 654 cognoscetis
3414 591 3530 642 eos?
3551 589 3616 656 (Μ

2238 688 2332 735 vn,
2365 673 2473 742 16.)
2501 673 2661 730 Certe
2686 677 2977 729 secundum
3005 676 3275 728 Niczenam
3301 677 3555 746 synodum
3586 679 3616 730 ft

2237 761 2316 814 die
2341 761 2602 815 Arianice:
2624 764 2696 817 rei
2725 765 2795 814 ita
2821 771 2966 818 totus
2993 764 3241 816 incubuit
3266 765 3373 825 ille,
3399 772 3456 817 ut
3480 766 3606 818 nihil

2237 853 2524 908 termisisse
2557 854 2799 907 videatur
2827 869 2935 923 quo
2967 869 3027 907 se
3057 842 3314 906 AEianum
3349 855 3610 923 proderet.

2813 966 3040 1020 CAPUT
3080 965 3192 1019 VH.

2238 1087 2300 1123 DE
2341 1086 2582 1134 BELIQUIS
2621 1089 2672 1127 IN
2709 1091 2891 1136 QUIBUS
2930 1091 3028 1127 νει,
3084 1093 3112 1127 Α
3156 1091 3274 1128 FIDE
3319 1091 3587 1128 ABERBARE

2305 1155 2408 1192 TUR
2443 1157 2690 1197 EUSEBIUS
2729 1160 2780 1196 IN
2815 1160 2899 1199 1115
2936 1159 3355 1207 ΕΟΜΙΕΝΤΑΚΙΙΞ,
3397 1159 3495 1197 γει,
3535 1161 3616 1198 ΕΧΙ

2307 1225 2461 1263 ἸῚΟΝΕ
2499 1226 2626 1266 OPUS
2664 1227 2851 1265 BABET.

2237 1314 2286 1369 1.
2329 1315 2589 1388 Eusebius
2620 1319 2914 1388 plerumque
2953 1337 3084 1383 sua,
3153 1336 3256 1374 non
3299 1319 3572 1380 Ecclesim,

2305 1385 2483 1456 tradit.
2525 1385 2608 1441 ΙΙ.
2643 1389 2723 1440 Αη
2750 1385 2889 1456 neget
2921 1399 3192 1456 peccatum
3231 1390 3507 1456 originale,
3547 1400 3594 1442 et

2303 1453 2557 1524 dogmatis
2597 1471 2658 1508 ex
2690 1453 3202 1524 Origene'hauserit.
3264 1453 3328 1508 11
3338 1456 3384 1509 Ι.
3415 1459 3496 1510 An
3541 1474 3616 1523 pu.

2315 1521 2572 1592 Virginem
2622 1524 2752 1576 alios
2787 1521 2944 1591 quam
2974 1525 3244 1578 Christum
3289 1526 3429 1592 [ilics
3475 1521 3616 1578 susce

2307 1589 2406 1643 ιγ.
2439 1589 2565 1661 Eam
2624 1609 2723 1644 non
2767 1589 2916 1661 quasi
2969 1610 3154 1654 suam,
3217 1589 3305 1645 sed
3359 1597 3512 1661 quasi
3556 1597 3616 1647 al:

2302 1660 2600 1711 sententiam
2651 1660 2845 1712 attulit.
2904 1662 2964 1713 V.
3001 1661 3122 1713 Non
3152 1662 3341 1713 statuit
3373 1660 3506 1714 duas
3540 1665 3591 1714 in

2304 1736 2382 1777 sto
2407 1743 2669 1805 personas.
2716 1728 2807 1780 V1.
2837 1729 2972 1792 Quid
3003 1729 3066 1782 de
3096 1730 3424 1796 confessione
3452 1744 3616 1798 peccat

2304 1806 2534 1847 senserit.

2229 1903 2265 1950 Ι.
2296 1903 2532 1952 Eusebius
2551 1905 2834 1965 plerumque
2857 1919 2958 1961 sua,
3000 1919 3101 1953 non
3149 1905 3407 1964 Ecclesiae,
3447 1919 3586 1956 sensa
3613 1916 3616 1950 γ

2293 2003 2428 2057 Cum
2463 2005 2582 2072 quis
2618 2021 2681 2058 eo
2716 2005 2926 2059 devenit
2963 2016 3020 2058 ut
3051 2005 3177 2061 ﬁdei
3207 2008 3462 2076 dogmata
3497 2024 3559 2063 ex
3587 2010 3615 2076 j‘

2227 2091 2309 2144 sui
2372 2092 2592 2145 arbitrio
2631 2092 2887 2157 deﬁniat,
2927 2110 2988 2146 ac
3024 2097 3140 2150 sive
3173 2113 3241 2151 ex
3277 2099 3616 2166 praajudicata

2227 2181 2402 2243 nione,
2431 2183 2542 2236 sive
2567 2198 2630 2237 ex
2656 2183 2843 2238 affectu
2873 2187 3219 2256 partiumque
3251 2190 3454 2256 studio,
3479 2190 3616 2243 divin

2228 2284 2404 2322 rerum
2441 2272 2842 2340 explicationem
2886 2277 3269 2343 aggrediatur,
3315 2280 3452 2332 nihil
3490 2282 3616 2332 miru

2228 2359 2532 2427 frequenter
2577 2361 2784 2416 aberret
2825 2381 2837 2415 :
2877 2365 3053 2418 omnia
3111 2370 3311 2436 quippe
3369 2379 3495 2423 sunt
3550 2372 3616 2423 im

2227 2465 2348 2502 cum
2403 2450 2562 2503 semel
2631 2452 2697 2505 ab
2750 2451 2996 2506 Ecclesia:
3058 2458 3280 2510 statutis
3322 2459 3616 2514 discessum

2226 2537 2357 2592 Nam
2393 2553 2511 2593 cum
2545 2554 2737 2594 arcana
2769 2540 2988 2597 Deitatis
3022 2552 3078 2599 et
3115 2547 3419 2617 religionis,
3451 2551 3516 2605 ab
3542 2551 3615 2605 hu.

2227 2645 2387 2682 sensu
2433 2631 2808 2692 remotissima,
2846 2632 3051 2687 Numen
3094 2637 3272 2704 ipsum
3318 2640 3615 2705 tradiderit,

2233 2720 2336 2772 nisi
2392 2719 2626 2786 ejusdem
2685 2719 2928 2776 Numinis
2963 2738 3066 2792 ope
3117 2733 3172 2778 et
3209 2726 3394 2781 atllatu
3447 2745 3510 2783 ea
3551 2747 3616 2799 po

2226 2807 2481 2874 explicari
2522 2822 2584 2860 ac
2621 2818 2764 2862 recte
2803 2811 3002 2879 percipi
3040 2827 3054 2862 :
3095 2828 3160 2867 ac
3215 2831 3342 2868 cum
3402 2819 3496 2871 uni
3523 2819 3616 2872 Ερ(

2226 2896 2530 2949 earumdem
2575 2912 2754 2950 rerum
2802 2900 3086 2953 arbitrium
3118 2902 3264 2960 Deus
3301 2910 3606 2975 permiserit

2227 2986 2324 3039 soli
2365 2985 2546 3038 eadem
2574 2987 2877 3054 explananti
2910 3005 2968 3043 se
3009 2991 3332 3048 adfuturum
3373 2999 3611 3064 pollicitu

2230 3071 2369 3125 Nihil
2412 3074 2588 3142 itaque
2630 3075 2866 3130 insolens
2891 3086 2993 3141 est,
3023 3081 3071 3134 si
3105 3081 3399 3152 Eusebius,
3427 3089 3517 3155 qui
3545 3091 3616 3156 ple

2233 3178 2334 3230 que
2359 3161 2754 3231 Scripturarum
2789 3175 2842 3220 et
2870 3166 3130 3224 Ecclesia:
3157 3172 3411 3242 dogmata
3438 3193 3501 3230 ex
3536 3195 3615 3232 ser

2231 3254 2480 3322 Opinione
2510 3269 2606 3308 sua
2646 3256 2910 3310 aestimare
2943 3271 3113 3315 ausus
3145 3271 3250 3329 est,
3283 3265 3338 3318 in
3373 3268 3558 3321 multis
3594 3269 3616 3318 l;

2232 3345 2318 3398 sit.
2361 3343 2424 3398 Et
2465 3343 2570 3412 jam
2605 3345 2816 3413 quidem
2855 3347 2971 3414 ejus
2996 3350 3260 3407 deVerbo
3292 3354 3386 3410 Dei
3426 3368 3616 3412 mente:

2229 3433 2467 3502 ejusdem
2513 3434 2728 3488 Eusebii
2779 3438 3026 3505 scriptis,
3090 3441 3296 3498 Ariona
3356 3447 3478 3501 labe
3533 3450 3615 3501 vit

2231 3525 2800 3589 commonstravimus;
2837 3537 3083 3595 superest
3118 3541 3177 3585 ut
3207 3546 3408 3590 caetera
3436 3537 3616 3592 Comm

2230 3616 2430 3669 riorum
2463 3617 2597 3677 loca,
2633 3617 2720 3670 ubi
2751 3617 2831 3669 vel
2861 3617 3190 3675 hcterodoxa
3223 3625 3309 3678 vel
3332 3637 3586 3696 suspecta
3613 3644 3616 3660 *

2230 3705 2372 3760 disse
2399 3706 2628 3771 videtur,
2657 3705 2890 3760 breviter
2927 3710 3324 3775 expendamus.

2233 3809 2288 3857 ll.
2332 3809 2408 3858 An
2433 3812 2583 3870 neget
2621 3797 3289 3886 pecalqm-origiriale.-An
3333 3822 3383 3869 id
3428 3824 3616 3886 dogmal

2750 3868 2962 3930 Oi'igene
2975 3868 3236 3926 'hauserit.

2295 3969 2575 4024 Peccatum
2619 3972 2898 4041 originale,
2926 3975 3038 4030 sive
3059 3980 3279 4047 culpam
3322 3986 3390 4038 ab
3418 3986 3616 4041 human

2228 4074 2353 4113 nere
2395 4075 2457 4114 ex
2489 4059 2674 4112 Adami
2713 4063 2861 4130 lapsu
2904 4075 3264 4134 contractam,
3315 4090 3518 4143 negare
3556 4093 3616 4145 pr

2227 4147 2435 4202 videtur
2483 4148 2746 4205 Eusebius
2813 4154 2877 4205 ad
2937 4156 3133 4222 psalm.
3183 4177 3379 4224 vam,
3443 4165 3521 4218 6:
3565 4166 3616 4219 Cl

2227 4235 2369 4289 mebo
2402 4237 2452 4288 in
2475 4235 2557 4289 die
2584 4238 2760 4292 mala?
2795 4237 3052 4308 Iniquitas
3085 4246 3327 4302 calcanei
3356 4254 3456 4305 mei
3483 4255 3616 4305 circa

2229 4325 2298 4378 bit
2342 4342 2419 4379 me
2455 4343 2472 4380 :
2517 4327 2605 4380 ubi
2651 4329 2730 4383 sic
2762 4328 2919 4384 habet
2949 4349 2960 4383 :
2986 4332 3048 4383 El
3075 4332 3134 4384 δὲ
3165 4337 3456 4405 πρόσωπον
3489 4345 3608 4413 Κυρ

612 4407 724 4468 bat,
757 4421 823 4460 ne
852 4408 1066 4460 verbum
1097 4409 1307 4476 quidem
1349 4407 1472 4461 fecit
1504 4407 1570 4460 de
1599 4407 1726 4461 Ario
1759 4415 1810 4462 et
1841 4409 1906 4462 de
1932 4409 2120 4462 Ariana

2107 4425 2128 4462 α
2159 4431 2205 4488 D
2228 4414 2398 4482 λέγον,
2433 4416 2661 4486 πτέρναν
2693 4419 2852 4470 αὐτοῦ
2887 4419 3050 4491 εὕρῃς
3074 4415 3184 4477 τὸν
3203 4427 3430 4496 ἔσχατον
3461 4433 3554 4484 τοῦ
3579 4407 3615 4484 ὀ

614 4496 802 4550 Ιιαξιιθεί
834 4496 1012 4564 :quod
1043 4496 1262 4564 perinde
1285 4505 1367 4550 est
1395 4511 1457 4548 ac
1487 4495 1530 4549 si
1555 4496 1674 4564 quis
1694 4495 2012 4551 Tridentinus
2043 4514 2131 4568 sy—

612 4584 740 4638 nodi
773 4585 1050 4638 historiam
1091 4593 1295 4648 texens,
1327 4585 1392 4639 de
1420 4586 1736 4654 quibusdam
1767 4589 1828 4638 ὲκ
1861 4588 2129 4657 παρέργου

611 4675 774 4744 gestis
801 4681 996 4741 ageret,
1027 4674 1092 4728 de
1119 4673 1351 4728 Luthcro
1381 4675 1532 4728 nihil.
1581 4674 1635 4727 Si
1675 4690 1794 4729 cum
1827 4676 2019 4732 talibus
2042 4693 2133 4746 ge-

615 4761 862 4817 stis'talia
891 4764 1086 4831 scripta
1108 4778 1213 4817 non
1243 4764 1421 4818 obsint
1451 4764 1735 4832 quominus
1759 4764 2018 4824 Eusebius
2043 4781 2132 4820 ca-

613 4852 844 4908 tholicus
883 4853 1094 4908 dicatur
1128 4869 1246 4908 meo
1290 4854 1545 4922 periculo,
1588 4869 1743 4908 nemo
1773 4871 2005 4924 unquam
2034 4857 2133 4910 fuit

616 4946 706 4989 aut
737 4938 946 4995 futurus
981 4953 1081 5005 est,
1124 4943 1251 5012 quin
1283 4941 1596 4996 Eusebianis
1624 4942 2015 4998 conditionibus
2043 4960 2132 4997 or-

615 5025 881 5080 thodoxus
909 5029 1012 5082 dici
1038 5033 1228 5086 valeat.
1258 5030 1396 5084 Nihil
1419 5045 1597 5084 moror
1615 5049 1706 5088 eos
1732 5034 1822 5101 qui
1846 5033 2130 5088 Eusebium

616 5120 738 5166 ante
765 5113 1029 5170 Nicaenam
1064 5122 1276 5188 quidem
1308 5121 1567 5191 synodum
1606 5121 1853 5177 Arianice
1898 5124 2133 5178 sensisse

616 5213 680 5253 ac
706 5201 986 5269 scripsisse
1019 5205 1266 5274 fatentur,
1292 5220 1475 5278 postea
1497 5227 1620 5266 vero
1639 5227 1795 5268 secus
1823 5232 1837 5266 :
1868 5229 1988 5268 nam
2009 5229 2130 5266 cum

619 5289 734 5344 sine
759 5295 1122 5346 controversia
1152 5297 1247 5351 hos
1279 5299 1701 5357 Commentarios
1733 5312 1784 5358 et
1811 5303 1977 5360 libros
1996 5303 2132 5357 Con-

620 5386 702 5430 tra
732 5377 1053 5444 Marcellum,
1080 5383 1219 5436 unde
1241 5390 1548 5456 perspicuas
1576 5401 1626 5446 et
1650 5393 1952 5461 frequentes
1979 5393 2131 5446 Aria-

617 5467 776 5518 nismi
827 5475 981 5522 notas
1030 5471 1286 5535 eruimus,
1335 5477 1486 5545 longe
1529 5490 1650 5548 post
1686 5483 1826 5535 illam
1869 5483 2128 5550 synodum

617 5553 861 5616 ediderit,
911 5555 1116 5611 inutilis
1165 5573 1383 5624 prorsus
1419 5564 1507 5617 illa
1552 5568 1824 5625 distinctio
1869 5589 1880 5624 :
1918 5586 2037 5623 nam
2073 5580 2131 5623 ut

618 5652 741 5690 vere
766 5638 831 5690 de
852 5637 1077 5697 Eusebio
1099 5642 1323 5710 dicatur,
1355 5663 1452 5702 nec
1481 5655 1726 5718 paenituit
1759 5660 2004 5727 coepisse,
2031 5673 2128 5714 nec

2229 4522 2315 4567 τος
2375 4507 2464 4558 καὶ
2509 4509 2573 4576 τῇ
2616 4510 2683 4576 γῇ
2736 4509 3088 4577 πλησιάζοντα
3158 4516 3396 4570 ’ἰούδανο
3466 4521 3616 4591 σῶμα

2229 4595 2427 4663 Κυρίου
2469 4597 2516 4646 οἱ
2556 4597 2856 4650 ἀπόστολοι.
2903 4599 2975 4650 Οὐ
3020 4601 3295 4672 φοϐοῦμαι
3347 4604 3441 4660 οὖν
3478 4609 3575 4678 τὴν

2230 4683 2506 4752 προδοσίαν
2554 4687 2609 4736 ὲν
2660 4684 2734 4753 τῷ
2788 4685 2956 4755 καιρῷ
3009 4685 3101 4739 τοῦ
3157 4693 3395 4760 σταυροῦ
3421 4710 3434 4722 ·
3473 4695 3593 4746 ἐπεὶ

2229 4768 2447 4832 ἕκαστος
2477 4771 2572 4839 τὴν
2599 4769 2686 4822 τοῦ
2720 4770 2883 4839 Ἀδὰμ
2906 4775 3212 4843 παρακοήνο
3251 4778 3459 4848 ταύτην
3509 4781 3616 4849 γὰρ

2228 4857 2516 4928 ῃνιξάμεθα
2545 4857 2770 4927 πτέρναν
2799 4858 3018 4927 ἀνομίας
3051 4854 3211 4914 εἶναι.
3247 4865 3436 4929 Οὐδεὶς
3462 4871 3570 4937 γὰρ
3600 4871 3616 4922 ε

2229 4948 2316 5001 λου
2349 4949 2537 5000 κακίαν
2569 4949 2994 5011 καταδικάζεται,
3012 4949 3066 5003 id
3091 4960 3175 5004 est
3198 4969 3209 5002 :
3234 4954 3295 5008 Si
3319 4973 3545 5023 persona
3569 4961 3616 5012 D

2230 5048 2302 5090 est
2334 5055 2445 5106 qua:
2486 5039 2729 5107 loquitur,
2787 5040 3086 5093 calcaneum
3117 5044 3232 5109 ejus
3267 5045 3616 5114 deprehendat

2228 5127 2441 5188 Judam,
2473 5130 2558 5195 qui
2585 5128 2798 5182 ultimus
2829 5131 2880 5182 in
2913 5146 3139 5198 corpore,
3170 5144 3219 5184 et
3256 5143 3413 5189 [ενι-(ι’
3441 5145 3616 5207 propin

2228 5227 2358 5272 erat.
2378 5216 2517 5268 Nam
2547 5233 2728 5285 corpus
2748 5219 2956 5274 Domini
3000 5228 3117 5272 sunt
3149 5225 3399 5286 apostoli.
3469 5228 3594 5282 Non

2229 5308 2398 5375 itaque
2415 5305 2568 5360 Iuda:
2598 5309 2934 5376 proditionem
2968 5312 3021 5362 iu
3053 5320 3277 5375 tempore
3301 5317 3475 5371 crucis
3502 5336 3520 5371 :
3543 5337 3615 5389 qu.

2227 5394 2427 5462 quidem
2454 5411 2608 5464 neque
2641 5401 2830 5470 singuli
2851 5401 3074 5455 homines
3099 5396 3294 5450 Adami
3329 5403 3615 5474 inobseque

2230 5484 2404 5536 timere
2448 5483 2628 5540 debent
2667 5510 2683 5547 :
2715 5491 2849 5547 hanc
2891 5480 3090 5560 quippe”
3123 5486 3434 5545 calcaneum
3482 5497 3616 5566 im'qn

2228 5587 2334 5624 esse
2373 5571 2836 5637 subindicavimus.
2904 5578 3064 5634 Nemo
3111 5577 3249 5628 enim
3295 5595 3508 5649 propter
3559 5589 3612 5638 al

2228 5661 2504 5731 nequitiam
2547 5671 2937 5728 condemnatur.
2973 5666 3071 5722 Ubi
3105 5665 3282 5719 ίηηυίι
3317 5671 3428 5737 me,
3465 5688 3571 5728 ηοη
3606 5693 3616 5728 1
