3818 6346
140 401 205 461 ιε)
910 386 1424 448 COMMENTAth
1460 389 1528 444 IN
1571 393 1724 448 PSA]

1825 393 1910 451 )s.
1944 427 2010 435 —
2028 387 2565 450 PileLlMlNARlA.
3278 399 3346 457 εςρ

153 503 456 571 damnandum
483 517 660 572 genus
692 501 1041 561 humanum
1067 524 1194 565 esse
1229 507 1296 563 ob
1324 501 1507 558 Adanti
1555 507 1717 563 inob-
1745 512 1789 564 A
1816 523 1906 572 pro
1941 511 2053 562 istis
2083 510 2418 578 accipiamus,
2457 521 2654 561 necesse
2684 519 2758 562 est
2789 527 2879 562 nos
2906 520 3136 563 sanctam
3181 509 3347 579 Virgi-

162 587 461 667 sequenti‘atu,
505 607 674 660 quam
707 604 969 651 caeteros
1022 600 1302 668 apostolos
1330 593 1563 650 obiudte
1600 613 1725 667 pro-

163 689 386 744 ditionem.
428 681 536 747 Qui
574 681 892 752 Origenem
940 687 1025 741 de
1077 696 1300 757 peccato
1333 683 1578 754 originali
1619 702 1724 740 non

171 777 384 831 catholica
417 773 660 829 sensisse
689 783 930 842 putant,
964 777 1276 833 Eusebium
1315 791 1377 831 ex
1401 772 1726 842 Origeniana

95 853 99 860 Α
157 867 429 937 disciplina,
457 865 514 917 in
553 881 668 933 qua
706 865 966 922 eductus
1032 868 1163 933 fuit,
1198 870 1309 922 haec
1337 865 1581 920 hausisse
1610 867 1727 935 opi-

136 959 425 1025 ‘abuntur.
463 952 601 1006 Nam
649 953 738 1016 is,
785 961 852 1007 ut
895 955 1134 1024 ignorat
1182 971 1356 1016 nemo,
1387 952 1724 1021 Origenianis

134 1062 356 1116 gemper
381 1045 618 1115 partibus
641 1043 828 1098 haesit.
846 1042 1072 1099 Verum
1105 1045 1160 1097 in
1189 1042 1457 1097 hodiernis
1483 1040 1724 1110 Origenis

157 1138 372 1206 geriptis
397 1135 524 1189 nihil
550 1149 663 1187 non
697 1149 903 1188 sanum
934 1142 994 1188 et
1015 1134 1375 1188 orthodoxum
1411 1132 1476 1184 de
1507 1139 1723 1201 peccato

177 1224 402 1293 originali
448 1220 700 1275 traditur.
753 1219 869 1274 Sic
929 1219 1226 1275 Comment.
1290 1221 1343 1272 in
1398 1217 1720 1283 Matthwum,

187 1315 328 1368 liuet.
367 1329 414 1381 p.
443 1311 567 1375 591,
595 1313 779 1380 arguit
807 1311 904 1364 ille
935 1327 1002 1364 ex
1041 1312 1260 1364 lavacro
1294 1310 1720 1377 regenerationis,

203 1406 320 1476 quod
346 1407 497 1459 etiam
525 1403 831 1458 infantibus
870 1402 1276 1459 conferebatur,
1309 1401 1572 1453 hominem
1607 1415 1723 1453 sora

198 1498 335 1552 dibus
381 1495 723 1564 inquinatum
775 1492 956 1546 nasci.
1034 1491 1099 1543 Et
1151 1492 1203 1543 in
1247 1490 1518 1554 Joannem,
1568 1488 1722 1542 Huet.

199 1606 242 1656 p.
281 1587 398 1648 500,
459 1585 556 1646 ait,
599 1581 715 1635 Nos
769 1580 1011 1651 quandiu
1067 1594 1334 1646 peccamus
1391 1587 1618 1630 nostram
1663 1592 1725 1629 ea:

188 1679 374 1730 diabolo
401 1675 792 1745 generationem
842 1670 1074 1724 nondum
1106 1671 1306 1722 exuisse
1333 1685 1394 1720 ac
1414 1669 1719 1734 deposuisse.

193 1769 332 1818 Ὅσον
385 1762 647 1830 ποιοῦμεν
681 1759 990 1828 ἁμαρτίας,
1034 1755 1239 1808 οὐδέπω
1275 1756 1369 1823 τὴν
1401 1755 1463 1806 ἐκ
1493 1753 1583 1806 τοῦ
1614 1755 1723 1806 δια-

191 1854 324 1906 ϐόλου
375 1852 590 1918 γένεσιν
642 1846 1086 1915 ἀπεκδυσάμεθα.
1125 1844 1189 1896 In
1247 1843 1464 1897 Leuitico
1522 1852 1718 1904 autem,

187 1945 299 1999 edit.
328 1941 651 1996 Geni-brard
697 1957 753 2008 p.
784 1940 854 1992 90
882 1958 893 1991 :
933 1937 1260 2004 Quwcunque
1290 1936 1464 1987 anima
1493 1936 1544 1986 in
1574 1951 1725 1988 carne

186 2035 432 2096 nascitur,
480 2031 788 2099 iniquitatis
829 2039 881 2081 et
917 2028 1114 2095 peccati
1149 2025 1299 2080 sorde
1342 2026 1625 2093 polluitur;
1673 2035 1725 2079 et

188 2121 402 2175 inferius
429 2141 443 2174 :
471 2118 532 2171 Si
563 2117 700 2170 nihil
742 2125 873 2169 esset
896 2117 948 2167 in
987 2116 1214 2182 parvulis
1235 2155 1249 2177 ,
1282 2113 1415 2182 quod
1445 2113 1512 2164 ad
1545 2114 1724 2165 remis-

184 2213 363 2263 sionem
397 2210 612 2262 deberet
647 2217 696 2259 et
730 2206 1106 2274 indulgentiam
1131 2206 1403 2271 pertinere,
1437 2203 1606 2272 gratia
1634 2202 1724 2256 bas

183 2301 342 2364 ι»ιὶεωὶ
391 2298 670 2364 superﬂua
722 2295 1002 2346 uideretur.
1057 2290 1164 2345 Nec
1197 2287 1721 2359 praetermittendum,

183 2390 279 2442 haec
309 2384 720 2443 Commentaria
763 2383 818 2434 in
852 2381 1135 2433 Leviticum
1179 2393 1276 2447 pro
1308 2378 1502 2446 spuriis
1527 2376 1722 2445 {tussim

184 2478 370 2532 haberi.
440 2476 693 2543 ldipsum
748 2479 931 2524 tamen
979 2469 1105 2522 alibi
1153 2470 1308 2522 docet
1371 2466 1625 2535 Origenes
1671 2468 1725 2519 in

189 2567 307 2628 suis,
357 2579 480 2632 qua:
530 2561 810 2628 hodieque
865 2564 1195 2625 supersunt,
1261 2555 1510 2624 operibus
1545 2574 1556 2608 :
1590 2555 1726 2621 unde

183 2651 430 2704 inferatur
468 2663 569 2703 eos
605 2647 704 2715 qui
754 2645 1039 2712 Urigenem
1091 2643 1194 2694 hac
1239 2643 1293 2695 in
1333 2651 1481 2710 parte
1523 2642 1726 2696 violatae

182 2740 285 2794 ﬁdei
332 2745 639 2797 accusant,
676 2751 744 2789 ex
776 2734 1006 2802 objectis
1050 2733 1345 2800 priscorum
1389 2731 1505 2800 ejus
1539 2731 1726 2785 adver-

180 2830 458 2891 sariorum,
504 2841 621 2879 non
657 2840 725 2878 ex
761 2825 883 2892 ejus
910 2822 1187 2876 hodiernis
1224 2821 1492 2888 operibus,
1530 2821 1582 2874 id
1614 2821 1724 2889 opi-

178 2916 343 2971 nionis
375 2925 661 2968 mutuatos
713 2927 854 2966 esse.
891 2910 956 2962 Et
979 2925 1109 2964 sane
1152 2910 1206 2962 in
1236 2910 1438 2978 synodo
1460 2925 1514 2974 ν,
1544 2907 1728 2978 Orige-

179 3021 256 3060 nes
287 3007 414 3060 ideo
445 3007 747 3056 damnatus
791 3010 846 3055 et
878 2999 1212 3068 proscriptus
1253 3007 1335 3053 est
1363 3019 1375 3052 :
1409 2999 1548 3053 unde
1593 2999 1728 3052 forte

175 3095 381 3149 dicatur
411 3111 537 3165 qua:
579 3095 635 3146 in
672 3089 951 3144 hodiernis
998 3090 1116 3158 ejus
1144 3089 1356 3156 scriptis
1388 3103 1482 3157 pro
1509 3096 1727 3157 peccato
1749 3125 1796 3183 ο

175 3186 419 3256 originali
463 3190 814 3250 comparent,
861 3179 1038 3232 aliena
1095 3193 1253 3230 manu
1302 3179 1506 3231 invecta
1540 3178 1721 3231 fuisse.

176 3269 294 3325 Nam
332 3287 505 3340 opera
531 3266 797 3337 Origenis
831 3266 888 3318 in
917 3263 1247 3332 Scripturam
1269 3303 1282 3327 ,
1315 3265 1480 3318 variis
1513 3265 1564 3316 in
1596 3265 1725 3317 locis

176 3361 521 3432 interpolata,
555 3369 656 3414 aut
698 3358 886 3412 vitiata
917 3355 1002 3409 vel
1045 3363 1291 3407 truncata
1323 3353 1467 3408 fuere
1504 3371 1515 3403 :
1556 3370 1726 3422 neque

173 3450 216 3504 in
235 3463 496 3522 promptu
532 3459 622 3506 est
649 3451 834 3504 dicere
859 3461 1103 3516 quaenam
1140 3445 1191 3496 in
1223 3443 1436 3511 scriptis
1464 3443 1579 3511 ejus
1607 3458 1728 3496 cor-

173 3550 342 3610 rupta,
386 3556 648 3610 quaenam
699 3552 988 3606 germana,
1030 3543 1082 3589 et
1106 3533 1465 3587 Graeculorum
1506 3533 1726 3588 ausibus

174 3630 376 3685 intacta
415 3639 576 3688 sunt.
615 3628 804 3681 Rufini
839 3640 1053 3694 quoque
1078 3624 1252 3678 versio
1278 3623 1436 3692 vulgo
1482 3630 1726 3690 suspecta

169 3718 422 3776 habetur.
474 3718 643 3785 Quod
675 3716 972 3770 Eusebium
1019 3729 1148 3768 vero
1191 3719 1416 3782 spectat,
1456 3710 1561 3764 duo
1593 3710 1727 3764 forte

165 3816 374 3873 possint
401 3811 468 3864 ad
497 3807 888 3878 purgationem
918 3805 1037 3872 ejus
1063 3801 1316 3872 proferri;
1349 3801 1518 3870 primo
1550 3801 1725 3854 locum

163 3895 420 3960 superius
471 3894 738 3954 allatum,
796 3906 907 3944 non
957 3891 1259 3957 integrum,
1296 3889 1389 3941 sed
1422 3895 1728 3940 truncatum

163 3980 335 4038 fuisse
373 4000 385 4034 :
422 3993 481 4037 ut
521 3985 656 4037 hinc
699 3979 990 4034 manifeste
1032 3980 1296 4048 arguitur,
1343 3978 1488 4046 quod
1531 3978 1643 4044 ipse
1670 3993 1728 4031 sc

160 4075 420 4142 superius
471 4072 758 4126 indicasse
794 4069 1137 4131 testiﬁcetur,
1177 4067 1483 4120 calcaneum
1531 4066 1727 4135 iniqui-

156 4168 284 4218 tatis
340 4179 465 4218 esse
507 4159 709 4214 Adami
737 4157 1240 4225 inobsequentiam,
1274 4157 1415 4224 quod
1464 4172 1724 4224 nusquam

155 4253 295 4307 alias
339 4255 394 4306 in
428 4254 514 4307 his
548 4247 966 4304 commentariis
999 4247 1262 4311 habetur;
1311 4245 1546 4300 secundo
1583 4246 1724 4314 quod

152 4344 287 4398 alibi
345 4348 400 4399 in
440 4345 528 4398 his
564 4339 978 4395 commentariis
1025 4345 1302 4405 peccatum
1343 4335 1599 4404 originale
1626 4337 1723 4389 ad-

1825 614 1936 650 nem
1968 600 2276 668 reliquorum
2311 599 2538 665 fratrum
2566 599 2676 663 ejus
2701 610 2912 652 matrem
2935 600 3119 654 dicere.
3159 599 3342 654 Verum

1821 685 2046 740 Jacobus
2064 727 2078 751 ,
2106 688 2193 756 qui
2223 688 2414 739 dicitur
2444 687 2608 755 frater
2629 687 2856 750 Domini,
2896 705 2996 742 non
3027 689 3224 743 videtur
3252 705 3342 758 pe-

1821 779 2054 844 regrinus
2086 778 2182 845 ipsi
2209 777 2400 844 fuisse,
2451 793 2540 830 nec
2569 778 2690 844 ﬁdei
2739 778 2792 829 in
2824 779 2993 844 ipsum
3029 788 3337 846 extraneas;

1823 870 1922 920 imo
1965 884 2079 919 vero
2112 883 2242 918 unus
2291 876 2404 919 erat
2447 881 2509 918 ea:
2553 867 2654 933 iis,
2709 867 2952 936 quicum
2991 870 3171 936 primis
3207 873 3339 925 inter

1821 973 2085 1026 germanos
2113 957 2221 1024 ejus
2251 957 2527 1016 discipulos
2557 956 3015 1024 computabantur;
3042 959 3117 1012 ita
3146 969 3203 1012 ut
3234 962 3338 1028 ipse

1821 1047 2014 1112 primus
2035 1043 2482 1112 Jerosolymitame
2511 1042 2753 1097 Ecclesia:
2800 1044 3036 1098 thronum
3067 1050 3333 1115 acciperet.

1821 1131 2019 1200 Reliqui
2046 1133 2164 1185 item
2194 1132 2303 1199 ejus
2332 1132 2541 1200 fratres,
2571 1133 2665 1184 etsi
2695 1148 2725 1183 a
2754 1133 3002 1200 principio
3032 1137 3335 1190 non-crede-

1822 1230 1932 1273 rent
1968 1222 2019 1272 in
2054 1223 2255 1288 ipsum;
2284 1229 2338 1272 at
2371 1230 2562 1274 certum
2594 1231 2670 1274 est
2705 1237 2789 1274 eos
2828 1233 3001 1288 postea
3040 1224 3332 1279 credidisse.

1824 1309 2022 1364 Narrat
2051 1311 2184 1363 enim
2213 1309 2543 1379 Evangelium
2563 1310 2768 1380 (Matth.
2804 1326 2900 1370 xu,
2932 1311 3024 1364 471
3048 1323 3261 1367 matrem
3287 1324 3336 1367 et

1821 1400 2007 1466 fratres
2041 1400 2150 1467 ejus
2180 1401 2322 1468 foras
2364 1402 2582 1462 stetisse,
2623 1410 2904 1468 qua'rentes
2951 1418 3065 1453 eum
3119 1404 3333 1473 alloqui.

1822 1489 1887 1542 Et
1915 1492 1966 1543 in
1989 1490 2200 1543 Actibus
2227 1491 2575 1557 apostolorum
2613 1489 2806 1542 dicitur
2828 1529 2842 1552 ,
2877 1489 3036 1556 fuisse
3079 1495 3334 1559 apostolos

1821 1596 1923 1631 una
1950 1590 2320 1647 perseverantes
2353 1581 2404 1632 in
2434 1581 2663 1633 oratione
2693 1596 2807 1632 cum
2830 1579 3003 1632 Maria
3032 1591 3194 1634 matre
3225 1585 3336 1650 ejus

1820 1677 1867 1720 et
1912 1669 2162 1735 fratribus
2206 1669 2316 1736 ejus
2352 1669 2488 1738 (Act.
2526 1685 2564 1733 ι,
2593 1668 2696 1738 id).
2733 1669 2833 1733 Qui
2866 1686 2982 1738 ergo
3017 1672 3339 1724 existimetur

1822 1759 1885 1811 iis
1915 1759 2206 1828 peregrinus
2232 1762 2376 1813 esse?
2412 1757 2602 1812 Nullus
2634 1762 2802 1829 itaque
2835 1760 2976 1814 locus
3010 1771 3254 1828 superest,
3281 1772 3336 1814 ut

1819 1844 1882 1897 de
1924 1846 1987 1897 iis
2031 1845 2235 1898 dicatur
2276 1861 2294 1897 :
2338 1865 2355 1896 ‹
2387 1845 2678 1900 Extraneus
2723 1848 2890 1915 factus
2933 1865 3047 1900 sum
3085 1849 3334 1916 fratribus

1821 1936 1966 1997 meis,
1988 1944 2036 1987 et
2056 1937 2350 2003 peregrinus
2374 1936 2498 2003 ﬁliis
2537 1939 2717 1990 matris
2743 1954 2885 1992 metu.
2920 1957 2938 1988 ›
2975 1937 3026 1989 Ν
3031 1956 3096 1990 οη
3115 1940 3246 1992 enim
3273 1941 3334 1992 iis

1819 2027 2142 2094 peregrinus,
2173 2026 2260 2079 sed
2292 2026 2510 2078 multum
2539 2028 2790 2093 pretiosus
2825 2036 2964 2090 erat;
3012 2029 3086 2080 ita
3122 2037 3178 2082 ut
3212 2029 3332 2081 nul—

1823 2117 2020 2168 latenus
2055 2114 2255 2168 credere
2290 2117 2439 2168 liceat
2477 2133 2633 2183 supra
2665 2127 2971 2170 memoratos
3008 2119 3193 2186 fratres
3223 2121 3334 2188 ejus

1821 2206 1957 2272 ﬁlios
1980 2205 2164 2259 Maria:
2189 2207 2366 2273 fuisse.
2415 2207 2522 2259 Alii
2551 2224 2673 2260 sane
2712 2208 2899 2274 fuerint
2932 2209 3019 2275 qui
3057 2210 3110 2262 in
3136 2210 3334 2277 psalmo

1822 2297 1921 2363 ﬁlii
1952 2298 2131 2350 matris
2157 2298 2265 2363 ejus
2289 2296 2546 2360 dicuntur,
2569 2297 2844 2365 quibusque
2871 2306 3143 2350 extraneus
3165 2298 3333 2365 factus

1821 2395 1916 2440 est.
1964 2386 2233 2454 Intelligas
2276 2403 2427 2454 porro
2464 2397 2676 2440 matrem
2709 2386 2908 2455 quidem
2936 2387 3045 2454 ejus
3091 2404 3198 2441 esse
3235 2387 3334 2439 Ju—

1821 2476 2051 2530 dworum
2095 2475 2436 2545 Synagogam,
2471 2485 2572 2530 etc.
2630 2477 2810 2530 Graeca
2853 2477 3130 2531 brevitatis
3173 2493 3335 2531 causa

1823 2565 2136 2627 omittimus,
2167 2565 2290 2632 quia
2313 2566 2458 2617 nulla
2485 2565 2550 2618 de
2578 2564 2644 2618 iis
2673 2573 2848 2633 potest
2876 2565 3008 2618 oriri
3037 2574 3336 2620 controver-

1823 2653 1919 2706 sia.
1952 2651 2046 2706 llic
2075 2660 2270 2714 autem,
2309 2660 2364 2706 ut
2403 2652 2579 2706 videre
2605 2661 2709 2716 est,
2742 2669 2853 2706 rem
2892 2654 3334 2722 προϐληματικὼς

1824 2749 2028 2795 tantum
2061 2745 2339 2810 proponit,
2380 2757 2479 2796 nec
2507 2757 2622 2795 eam
2662 2744 2806 2795 velut
2835 2759 2983 2796 suam
3014 2744 3334 2816 sententiain

1825 2831 1992 2885 affert.
2033 2829 2164 2884 Nam
2205 2833 2277 2884 ita
2314 2832 2486 2899 arguit
2535 2832 2622 2885 ille
2662 2848 2676 2884 :
2723 2832 2778 2885 Si
2810 2832 2946 2886 filios
2995 2835 3183 2888 matris
3217 2833 3334 2899 ejus

1825 2921 1911 2974 hic
1939 2921 2003 2974 ad
2031 2921 2262 2975 litteram
2295 2922 2640 2989 accipiamus,
2680 2921 2804 2974 hinc
2835 2923 3180 2990 consequitur
3212 2936 3335 2975 sane

1825 3017 1964 3060 ctam
1997 3006 2263 3075 Virginem
2294 3006 2621 3075 reliquorum
2655 3007 2878 3062 fratrum
2911 3009 3026 3075 ejus
3069 3024 3188 3063 esse
3224 3025 3334 3061 ma-

1826 3101 1988 3157 trem;
2023 3109 2142 3146 cum
2182 3099 2356 3146 autem
2398 3094 2531 3145 nolit
2561 3093 2648 3145 hic
2678 3107 2958 3162 germanos
3000 3093 3192 3148 fratres
3218 3095 3336 3160 ejus

1823 3179 2145 3249 signiﬁcari,
2191 3195 2363 3250 neque
2411 3181 2678 3247 sequelam
2709 3181 2849 3234 haud
2886 3181 3045 3235 dubie
3089 3183 3334 3235 admittit.

1821 3267 1885 3320 Et
1909 3282 2036 3321 sane
2063 3281 2166 3319 non
2198 3267 2464 3320 nesciebat
2490 3268 2574 3321 ille
2595 3277 2826 3322 veterum
2853 3268 3102 3323 Ecclesiae
3121 3269 3334 3322 Patrqu

1820 3372 1934 3414 eam
1983 3357 2296 3410 sententiam
2329 3355 2515 3419 fuisse,
2541 3355 2762 3408 Mariam
2800 3359 2957 3412 unius
2981 3358 3182 3413 Christi
3217 3375 3336 3413 esse

1821 3453 2073 3508 matrem,
2106 3443 2447 3508 Tertulliani,
2486 3443 2772 3499 Clementis
2804 3446 3177 3511 Alexandrini,
3213 3447 3334 3502 Ori-

1820 3535 1967 3605 genis
1991 3551 2005 3587 :
2029 3536 2119 3604 qui
2147 3543 2322 3588 tamen
2352 3545 2651 3604 postremus
2678 3537 2850 3589 innuit
2882 3539 3164 3592 nonnullos
3185 3554 3336 3594 secus

1821 3626 2105 3688 :estimare,
2159 3633 2211 3678 et
2240 3625 2470 3679 Eusebio
2515 3640 2712 3693 suppar
2750 3626 2975 3680 Basilius
3019 3643 3131 3681 rem
3183 3628 3336 3696 quasi

1822 3712 2058 3768 nondum
2095 3713 2364 3768 definitam
2402 3717 2668 3783 proponit.
2702 3714 2896 3769 Verum
2921 3716 3158 3772 Ecclesia
3188 3718 3335 3772 dein-

1823 3816 1945 3870 ceps
1997 3803 2049 3854 in
2091 3800 2386 3854 Helvidium
2429 3803 2746 3856 sententiam
2790 3804 3022 3869 ferente,
3081 3815 3339 3874 quotquOt

1823 3891 1879 3944 B.
1912 3891 2174 3960 Virginem
2209 3891 2341 3944 alios
2372 3899 2560 3960 praeter
2580 3892 2848 3947 Christum
2875 3894 3014 3950 filios
3039 3897 3339 3964 suscepisse

1824 3981 2090 4043 dixerunt,
2122 3995 2218 4049 pro
2247 3980 2585 4036 heterodoxis
2607 3982 2774 4036 habiti
2806 3989 2952 4037 sunt.

2057 4115 2112 4163 V.
2137 4113 2428 4163 Non-statuit
2447 4116 2563 4163 duas
2582 4117 2630 4163 in
2653 4115 2839 4164 Christo
2862 4127 3104 4176 personas.

1890 4237 2094 4292 Passim
2123 4237 2385 4292 Eusebius
2419 4239 2474 4291 in
2503 4239 2585 4293 his
2625 4240 3019 4294 commentariis
3045 4239 3112 4293 de
3149 4240 3340 4292 buma-

1824 4327 1989 4381 nitate
2012 4327 2240 4393 Christi,
2275 4329 2430 4397 quasi
2469 4328 2533 4383 de
2570 4343 2798 4397 persona
2843 4328 3071 4398 quadam
3106 4331 3338 4398 prOpria,

151 4438 385 4487 mittere
421 4433 722 4486 videatur:
763 4427 845 4480 sic
878 4426 933 4479 in
964 4427 1077 4479 haec
1099 4425 1262 4479 verba
1292 4425 1481 4492 psalmi
1509 4440 1560 4487 L,
1597 4424 1722 4478 Ecce
1753 4422 1796 4476 ι)
1825 4414 1985 4468 verba
2024 4415 2197 4469 facere
2239 4416 2467 4480 videtur.
2520 4417 2644 4470 dum
2691 4419 2986 4472 sexcenties
3032 4417 3338 4481 humanam.

151 4525 298 4574 enim
335 4526 388 4574 in
417 4520 798 4588 iniquitatibus
821 4526 1093 4584 conceptus
1109 4531 1243 4577 sunt,
1272 4517 1342 4567 ait
1370 4514 1595 4569 infantes
1620 4529 1724 4568 nou

152 4607 208 4665 in
238 4616 440 4670 matris
469 4610 884 4681 iniquitatibus,
916 4607 1011 4662 sed
1045 4607 1098 4658 in
1127 4607 1262 4665 suis,
1284 4605 1452 4658 nasci.

158 4738 245 4789 Ill.
277 4746 356 4793 An
379 4749 526 4805 putet
573 4744 656 4805 _[_t_._
679 4740 934 4805 Virginem
977 4735 1098 4805 alios
1121 4741 1296 4795 praeter
1330 4733 1583 4805 Christum
1607 4737 1730 4784 ﬁlios

221 4795 475 4852 habuisse.
505 4827 569 4835 ——
591 4801 676 4849 IV.
723 4795 794 4847 Id
805 4812 904 4846 non
928 4797 1069 4857 quasi
1087 4809 1237 4852 suam,
1261 4795 1346 4841 sed
1372 4798 1502 4854 quasi
1525 4797 1728 4845 alienam

222 4867 526 4913 sententiam
545 4862 731 4911 attulit.

239 4965 340 5020 Est
369 4968 506 5019 alius
538 4961 763 5016 Eusebii
797 4960 980 5017 locus,
1019 4955 1074 5006 in
1104 4968 1209 5020 quo
1244 4953 1413 5020 prima
1450 4952 1623 5007 fronte
1649 4956 1727 5007 vi-

181 5051 365 5108 deatur
392 5054 640 5114 credere,
674 5060 768 5102 aut
795 5043 1087 5116 probabile
1118 5041 1416 5095 existimare
1443 5039 1499 5092 Β.
1532 5040 1592 5092 ν.
1617 5042 1725 5094 Ma-

191 5143 315 5194 riam
353 5145 484 5197 alios
520 5150 717 5211 przeter
742 5138 1041 5192 Christum
1085 5131 1219 5182 ﬁlios
1260 5129 1595 5196 suscepisse;
1641 5147 1727 5183 ve-

201 5243 302 5280 rum
344 5230 650 5284 accuratius
693 5225 1001 5293 esplorata
1046 5215 1327 5267 verborum
1365 5213 1500 5265 serie
1539 5213 1727 5279 depre-

197 5313 428 5374 henditur
451 5322 597 5374 illum
627 5319 774 5370 hanc
805 5303 1157 5364 sententiam
1176 5300 1322 5368 quasi
1347 5301 1587 5364 alienam,
1621 5317 1724 5354 non

195 5415 297 5466 rem
327 5426 507 5475 suam,
548 5413 900 5480 proponere.
956 5392 1144 5443 Locus
1185 5389 1258 5442 sic
1289 5387 1435 5480 habet
1473 5388 1536 5440 ad
1588 5390 1727 5444 hunc

165 5497 286 5564 “sal.
336 5518 506 5561 Lxrttt
547 5475 783 5553 versum
823 5506 838 5538 :
886 5503 905 5532 ‹
938 5479 1244 5532 Extrancus
1281 5475 1438 5542 factus
1472 5493 1584 5528 sum
1613 5480 1724 5544 fra-

153 5592 304 5658 ln'ju,
337 5601 502 5661 ,πείὴ
550 5598 607 5644 ει
634 5574 987 5653 peregrinus
1044 5567 1172 5633 ﬁliis
1217 5565 1386 5616 matris
1429 5581 1616 5620 ntere.»
1667 5571 1726 5622 Si

124 5655 448 5772 \~itar-/ilios
485 5655 702 5739 aratris
756 5665 895 5732 ejus
945 5657 1009 5707 in
1053 5655 1146 5707 hoc
1181 5655 1363 5721 psalmo
1401 5656 1468 5707 sic
1496 5669 1719 5724 vocatos,

165 5735 190 5780 y
1407 5737 1413 5743 .

1827 4518 1983 4572 quam
2014 4503 2257 4558 Christus
2298 4506 2587 4574 assumpsit
2628 4513 2904 4569 naturam,
2945 4507 3197 4560 hominem
3221 4506 3341 4560 Ser-

1828 4592 2046 4655 uatoris,
2088 4600 2140 4645 et
2180 4593 2432 4646 hominem
2471 4594 2664 4648 Christi
2714 4605 3022 4663 nuncupat,
3075 4605 3130 4649 et
3179 4595 3339 4647 alium

1829 4695 1858 4730 a
1887 4677 2060 4733 Verbo
2087 4679 2288 4733 Christi
2329 4681 2595 4734 hominem
2642 4681 2877 4736 indicare
2907 4683 3116 4735 videtur
3150 4699 3164 4734 :
3198 4682 3339 4748 quod

1830 4768 2076 4838 loquendi
2123 4785 2289 4838 genus
2317 4769 2610 4823 secundum
2648 4770 2760 4823 haec
2798 4771 2977 4824 multis
3037 4769 3341 4824 nominibus

1829 4869 2129 4926 suspectum
2153 4873 2269 4913 esse
2309 4861 2488 4926 coepit,
2526 4874 2646 4912 cum
2677 4860 2910 4913 lmretici
2939 4860 3176 4928 quidam,
3209 4859 3342 4915 Ver-

1828 4949 1954 5002 bum
2004 4948 2092 5001 Dei
2133 4947 2187 5000 in
2234 4949 2498 5001 hominem
2534 4963 2595 5000 ex
2638 4947 2802 5000 Maria
2852 4955 3034 5000 natum
3062 4986 3076 5011 ,
3130 4949 3345 5016 perinde

1830 5048 1986 5105 atque
2033 5038 2158 5089 olim
2209 5038 2264 5090 in
2305 5039 2626 5106 prophetas,
2681 5038 2959 5092 advenisse
3003 5049 3342 5107 pugnarent:

1829 5128 2054 5181 maxime
2081 5141 2203 5181 vero
2229 5137 2429 5195 postea,
2459 5141 2580 5178 cum
2615 5128 2802 5180 horum
2823 5127 3060 5196 vestigiis
3091 5128 3348 5183 insistens

1828 5214 2136 5278 Nestorius,
2177 5217 2314 5270 duas
2347 5216 2398 5266 in
2421 5214 2638 5268 Christo
2665 5231 2924 5286 personas
2963 5233 3081 5272 esse
3123 5217 3351 5269 afﬁrma-

1830 5314 1928 5357 ret.
1954 5303 2148 5359 Verum
2178 5313 2457 5372 antequam
2490 5303 2592 5357 hac
2633 5305 2690 5357 in-
2721 5321 2778 5360 re
2808 5317 3059 5360 novareut
3088 5303 3350 5368 haeretici,

1833 5393 1926 5448 SS.
1956 5393 2138 5449 Patres
2169 5395 2341 5447 abhis
2366 5391 2616 5456 loquendi
2653 5397 2932 5464 generibus
2959 5411 3064 5448 non
3091 5394 3354 5447 abhorre~

1831 5485 1975 5538 bant.
2015 5486 2145 5538 Nam
2174 5482 2496 5536 Athanasius
2527 5483 2705 5538 virum
2737 5501 2803 5540 ex
2825 5485 2985 5537 Maria
3025 5489 3229 5542 natum,
3263 5481 3358 5532 ho-

1833 5579 2015 5630 minem
2044 5576 2398 5633 Dominicum,
2438 5584 2545 5623 non
2589 5577 2753 5630 semel
2787 5571 3088 5642 appellavit.
3125 5569 3362 5636 Epipha-

1835 5667 1954 5720 nius
1986 5665 2228 5720 similiter
2260 5661 2361 5713 hac
2387 5657 2646 5726 loquendi
2673 5665 2896 5719 formula
2920 5672 3002 5716 εει
3028 5672 3177 5712 usus.
3219 5654 3364 5717 Quia
