3818 6340
549 372 612 425 51
1202 364 1463 424 EUSEBII
1500 353 1959 418 CESARIENSIS
1992 359 2135 416 OPP.
2174 359 2350 414 PARS
2382 356 2464 409 lll.
2502 385 2572 393 —
2609 327 3022 409 EXEGETICA.
3567 346 3612 397 Si

552 498 683 543 tunc
716 486 971 555 temporis
1008 499 1125 539 cum
1157 483 1288 535 nihil
1312 496 1372 534 ea
1411 480 1465 531 in
1508 492 1565 531 re
1595 476 1740 529 dubii
1768 476 1850 529 vel
1874 476 2074 529 erroris
2102 499 2116 536 λ

2184 476 2283 528 ἴδια
2357 471 2558 525 ἑαυτῶν
2610 472 2835 531 ἕκαστος
2883 468 2951 520 τὰ
3010 465 3213 535 ῥήματα
3258 460 3345 528 τῆς
3393 459 3608 527 μετανοὶα

554 586 699 635 esset
734 578 1002 637 obortum,
1044 575 1155 626 haec
1192 570 1310 623 fidei
1361 569 1535 636 capita
1576 580 1681 619 non
1720 573 1873 619 erant
1917 565 2076 619 cenis

552 671 837 724 verborum
877 664 1137 718 limitibus
1177 658 1604 729 circumscripta.
1652 654 1827 720 Quare
1868 668 1975 707 non
2000 655 2079 707 vi-

554 763 711 815 detur
740 755 1006 810 Eusebius
1024 766 1084 804 ea
1117 749 1183 802 de
1215 762 1379 803 causa
1410 748 1463 800 in
1494 753 1698 799 novata:
1739 743 1861 797 fidei
1893 744 2074 812 suspi-

555 852 762 903 cionem
792 843 967 900 vocari
995 855 1166 908 posse.
1196 839 1362 892 Secus
1387 845 1567 890 tamen
1596 836 1730 889 bene
1755 835 1907 886 multi
1935 834 2081 887 testi-

556 946 737 1002 mant,
772 950 831 987 ac
857 931 1143 985 Eusebium
1177 930 1309 981 duas
1347 930 1403 979 in
1434 926 1651 980 Christo
1678 939 1936 992 personas
1975 931 2084 977 sta-

558 1026 727 1079 tuisse
776 1034 1087 1090 persuasum
1137 1017 1352 1069 habent.
1398 1013 1601 1069 Verum
1651 1028 1779 1065 cum
1827 1027 1889 1065 ea
1921 1012 1986 1064 de
2030 1025 2087 1063 re

558 1110 773 1166 Eusebii
817 1118 1054 1177 tempore
1098 1105 1358 1159 nihildum
1392 1114 1795 1158 controversum
1824 1111 1915 1154 aut
1944 1114 2088 1167 quaa-

559 1204 719 1255 situm
754 1199 959 1260 fuisset,
992 1212 1099 1249 non
1128 1195 1181 1248 in
1206 1202 1448 1264 promptu
1478 1200 1559 1248 est
1584 1193 1760 1245 dicere
1792 1189 2091 1244 novandine

559 1289 738 1344 studio
778 1303 840 1342 ac
871 1288 937 1341 de
970 1286 1269 1363 industria,
1311 1298 1379 1337 an
1427 1281 1786 1351 perfunctorie
1822 1289 1875 1333 et
1908 1278 2081 1332 obiter

561 1385 771 1455 locutus
804 1379 892 1432 sit.
927 1376 1025 1429 Cui
1056 1373 1339 1445 posteriori
1374 1372 1651 1427 sententia:
1681 1370 1934 1424 libentius
1963 1368 2091 1423 asti-

556 1458 797 1543 :pularer,
841 1462 967 1532 quia
1015 1476 1124 1514 non
1179 1460 1340 1513 semel
1394 1459 1483 1512 ille
1528 1457 1588 1512 B.
1613 1456 1885 1526 Virginem
1932 1464 2096 1508 vocat

560 1546 817 1625 Θεοτόκον
859 1566 871 1599 :
918 1564 1077 1617 quam
1123 1561 1300 1601 vocem
1344 1545 1699 1614 respuebant,
1748 1543 1838 1612 qui
1874 1542 2009 1597 duas
2043 1543 2099 1595 in

563 1644 782 1697 Christo
823 1654 1081 1709 personas
1126 1653 1244 1691 esse
1287 1636 1708 1689 arbitrabantur.
1757 1633 1871 1687 Vox
1920 1638 2095 1686 autem

567 1734 654 1786 illa
704 1730 916 1785 Eusebii
978 1735 1217 1797 tempore
1268 1740 1299 1778 a
1338 1725 1589 1778 Patribus
1640 1722 2097 1791 frequentabatur.

510 1871 519 1882 .
572 1821 817 1887 Occurrit
841 1819 980 1897 enim
1012 1819 1067 1870 in
1091 1789 1322 1884 epistola
1349 1814 1637 1868 Alexandri
1660 1789 2001 1866 Alexandrini
2033 1809 2099 1862 ad
2131 1789 2172 1842 Β

570 1912 932 1967 Alexandrum
958 1907 1325 1978 Byzantinum,
1355 1914 1408 1959 et
1445 1904 1586 1974 apud
1606 1902 1954 1956 Athanasium
1995 1899 2099 1954 fre-

569 2000 940 2072 quentissime.

718 2113 804 2161 VI.
829 2111 953 2169 Quid
972 2110 1034 2157 de
1068 2107 1369 2158 confessione
1396 2108 1701 2166 peccatorum
1721 2103 1947 2149 senserit.

642 2216 823 2283 Neque
849 2219 975 2281 puto
1000 2212 1123 2264 item
1162 2211 1215 2263 in
1234 2209 1323 2277 jus
1351 2206 1649 2261 vocandum
1677 2203 1963 2259 Eusebium
1986 2214 2106 2255 esse

571 2306 716 2374 quod
748 2303 812 2356 ad
844 2302 1105 2370 psalmum
1133 2314 1240 2360 xei,
1271 2298 1473 2351 Bonum
1501 2306 1575 2349 est
1608 2293 1841 2363 conﬁteri
1861 2291 2102 2349 Domino,

571 2394 762 2447 dixerit
786 2411 798 2444 :
819 2390 925 2443 Καὶ
956 2389 1061 2458 γὰρ
1086 2390 1344 2457 προσήκει
1377 2387 1448 2455 μὴ
1482 2383 1781 2454 ἀνθρώποις
1813 2380 2107 2432 ἐπιδεικνυ-

574 2484 697 2536 σθαι
740 2483 835 2550 τὴν
865 2479 1267 2548 ἐξομολόγησιν,
1312 2478 1365 2529 id
1392 2483 1477 2529 est
1503 2490 1515 2524 :
1549 2474 1654 2525 Par
1685 2472 1866 2540 quippe
1909 2476 1985 2520 est
2006 2482 2108 2519 non

574 2570 865 2623 hominibus
900 2567 1290 2634 confessionem,
1318 2572 1656 2633 peccatorum
1684 2561 1911 2621 scilicet,
1940 2556 2106 2610 edere.

578 2663 677 2715 llic
728 2664 867 2714 enim
896 2658 1004 2726 agit
1034 2658 1099 2711 de
1130 2657 1319 2725 priscae
1364 2656 1507 2709 illius
1550 2652 1802 2705 Ecclesiae
1839 2651 1967 2714 ritu,
2006 2662 2111 2714 quo

576 2748 859 2802 Dominica
913 2746 997 2799 die
1031 2745 1202 2813 primo
1256 2743 1493 2795 diluculo
1551 2742 1602 2793 in
1656 2737 1883 2793 ecclesia
1941 2736 2109 2789 coacti

575 2836 869 2893 Christiani
894 2834 1094 2903 populi,
1124 2832 1229 2887 Deo
1263 2830 1677 2892 confitebantur,
1708 2842 1828 2880 cum
1866 2833 2113 2895 peccato-

576 2944 698 2985 rum
742 2927 927 2982 sordes
955 2941 1049 2994 per
1080 2924 1341 2977 sincer-am
1380 2921 1444 2974 ad
1476 2920 1639 2973 Deum
1687 2919 1939 2971 emissam
1977 2929 2109 2967 con-

579 3018 870 3097 fessionem
920 3014 1278 3083 deplorantes,
1314 3018 1425 3063 tum
1458 3024 1555 3078 pro
1585 3008 1792 3061 collatis
1839 3004 2112 3059 beneﬁciis

2176 562 2520 632 ποιούμενοι,
2556 560 2658 615 hoc
2702 569 2783 615 est
2818 557 2950 613 :Die
2999 556 3109 622 jam
3157 551 3447 609 illucescente
3486 565 3609 599 omne

2178 655 2363 717 simul,
2416 652 2565 721 quasi
2617 667 2718 702 uno
2762 665 2846 701 ore
2892 655 2939 699 et
2983 660 3084 697 uno
3125 639 3295 703 corde,
3340 639 3614 705 confessioni

2179 747 2437 816 psalmum
2469 742 2686 795 Domino
2716 740 2960 806 referunt,
2991 733 3172 801 singuli
3204 731 3487 798 paenitentia:
3516 728 3613 781 verb

2183 837 2333 906 quasi
2380 851 2475 887 sua
2519 830 2851 898 profcrentes.
2892 826 3014 879 Haec
3055 838 3155 875 una
3187 819 3440 874 confessio
3471 819 3618 879 est,c

2184 941 2289 995 qua
2322 926 2405 977 hic
2434 921 2692 975 Eusebius
2733 918 2857 986 agit.
2901 914 3034 967 Nam
3070 910 3444 965 confessionem
3491 906 3617 962 saltet

2187 1014 2448 1084 publicam
2483 1009 2685 1063 homini
2714 1005 3006 1059 faciendam
3045 1017 3109 1055 ne
3139 996 3431 1054 heterodoxi
3473 996 3616 1064 quide

2188 1103 2431 1159 hodierni
2466 1112 2592 1153 tunc
2634 1100 2686 1151 in
2726 1111 2871 1150 more
2917 1093 3081 1146 fuisse
3126 1094 3330 1158 negant.
3368 1085 3534 1150 Quare
3564 1100 3621 1137 cu

2190 1196 2277 1248 hic
2334 1191 2548 1245 Eusebii
2602 1189 2754 1241 locus
2796 1199 2900 1238 non
2953 1182 3121 1249 magis
3177 1184 3357 1231 contra
3403 1175 3622 1244 privatam

2191 1298 2349 1353 quam
2386 1288 2571 1335 contra
2601 1276 2865 1345 publicam
2890 1271 3276 1326 confessionem
3306 1266 3480 1319 afferri
3509 1266 3626 1317 vale:

2193 1386 2433 1431 neutram
2472 1386 2595 1426 vere
2635 1367 2861 1436 impetit.
2899 1364 3053 1417 Certe
3095 1362 3150 1414 in
3188 1357 3420 1411 Historia
3461 1354 3623 1410 ecclesi

2196 1466 2329 1518 sticc
2364 1463 2529 1531 legem
2561 1454 2843 1511 confitendi
2875 1459 3092 1522 peccata
3123 1450 3209 1511 iis,
3237 1448 3427 1515 quibus
3472 1445 3625 1497 solvet

2199 1555 2424 1609 facultas
2476 1547 2829 1608 conceditur,
2883 1550 3062 1611 aperte
3115 1544 3373 1593 memorat
3420 1534 3622 1587 Eusebii

2198 1659 2320 1699 nam
2381 1644 2447 1696 de
2491 1640 2733 1705 Philippo
2793 1635 3115 1701 imperatore
3163 1642 3327 1696 agens
3383 1626 3493 1678 haec
3536 1624 3627 1676 bal

2201 1738 2236 1789 1.
2258 1749 2340 1795 tu,
2371 1748 2418 1786 c.
2447 1732 2513 1784 54
2537 1728 2758 1783 τΤοῦτον
2785 1722 2999 1790 κατέχει
3027 1720 3201 1785 λόγος,
3229 1714 3545 1786 Χριστιανὸν
3575 1712 3626 1763 ὅν

2198 1826 2255 1876 ὲν
2293 1822 2469 1891 ἡμέρᾳ
2504 1816 2600 1885 τῆς
2643 1816 2869 1880 ὑστάτης
2908 1809 3000 1861 τοῦ
3038 1808 3229 1873 Πάσχα.
3273 1801 3627 1869 παννυχίδος,ι

2197 1911 2287 1964 ἐπὶ
2316 1911 2410 1979 τῆς
2446 1903 2759 1973 Ἐκκλησίας
2782 1899 2949 1968 εὐχῶν
2981 1896 3061 1965 τῷ
3088 1893 3278 1964 πλήθει
3311 1893 3587 1962 μετασχεῖν
3620 1892 3628 1938 l

2198 2004 2386 2072 λῆσαι·
2419 2000 2478 2050 οὐ
2504 1996 2760 2067 πρότερον
2788 1993 2842 2043 δὲ
2874 1989 2977 2042 ὑπὸ
3001 1987 3095 2038 τοῦ
3127 1984 3381 2055 τηνικάδε
3412 1979 3629 2051 προεστῦ

2199 2068 2555 2159 ὲτέιτραπῆναι
2586 2078 2870 2139 εἰσϐαλεῖν,
2902 2078 2936 2146 ἢ
2969 2070 3480 2144 ἐξομολογήσασθαι,
3513 2068 3603 2121 καὶ

2201 2186 2257 2235 ὲν
2286 2173 2711 2247 παραπτώμασιν
2757 2164 3194 2234 ὲξεταζομὲνοις,
3235 2159 3515 2230 μετανοίας
3554 2173 3612 2208 τε

2205 2284 2299 2339 ραν
2334 2246 2586 2333 ἴσχουσιν,
2631 2255 2814 2310 ἑαυτὸν
2860 2251 3156 2313 καταλέξαι
3181 2266 3193 2278 ·
3236 2248 3411 2309 ἄλλως
3434 2247 3542 2315 γὰρ
3579 2246 3631 2314 μῆ

2203 2373 2331 2410 ποτε
2377 2354 2509 2424 πρὸς
2553 2347 2746 2407 αὑτοῦ,
2799 2344 2873 2414 μὴ
2918 2342 3041 2411 οὐχὶ
3091 2340 3250 2393 τοῦτο
3297 2340 3626 2408 ποιήσαντα,

2205 2448 2398 2510 πολλὰς
2417 2445 2520 2498 τῶν
2540 2444 2655 2496 κατ’
2686 2439 2842 2493 αὐτὸν
2864 2436 3064 2497 αἰτίας,
3103 2431 3534 2502 παραδεχθῆναι,
3570 2430 3621 2482 id

2208 2542 2477 2594 Narratur
2520 2536 2685 2595 hunc,
2726 2528 3066 2583 Christianus
3102 2540 3225 2577 cum
3266 2531 3432 2583 esset,
3477 2522 3536 2573 in
3566 2520 3634 2571 dit

2192 2632 2383 2685 stremi
2415 2626 2630 2681 Pascha:
2667 2616 2949 2691 pervigilii,
2977 2616 3352 2685 precationum
3383 2612 3633 2666 Ecclesiae

2208 2723 2407 2790 reliqua
2452 2711 2782 2768 multitudine
2828 2708 3156 2776 participem
3202 2704 3319 2772 ﬁeri
3368 2702 3593 2756 voluisse

2211 2829 2310 2866 non
2343 2810 2485 2878 prius
2516 2806 2563 2858 ei
2600 2802 2661 2855 ab
2692 2817 2770 2862 eo,
2803 2799 2895 2867 qui
2927 2798 3088 2851 isthic
3119 2803 3386 2864 prarerat,
3425 2792 3633 2845 aditum

2213 2917 2407 2957 cessum
2439 2898 2616 2966 fuisse,
2644 2907 2798 2961 quam
2831 2889 3118 2957 confessus
3148 2894 3312 2950 esset,
3351 2901 3413 2937 ac
3443 2884 3512 2936 iis
3546 2882 3633 2951 qui

2215 2996 2421 3063 fuerant
2450 2997 2497 3041 et
2530 2987 2583 3037 in
2614 2980 2979 3051 paenitentiam
3020 2978 3215 3030 ordine
3249 2976 3494 3037 stabant,
3527 2989 3583 3025 se
3614 2988 3638 3021 ο

581 3064 870 3097 σν-τ-ν--ν-τ-
926 3064 1064 3083 ητα
1114 3064 1133 3065 η
1460 3064 1477 3078 ,

581 3112 692 3165 Deo
719 3108 918 3177 gratias
955 3111 1209 3173 agentes:
1246 3117 1363 3156 nam
1418 3109 1641 3168 utroque
1696 3098 1851 3150 modo
1898 3094 2107 3149 confes-
2133 3098 2176 3155 ο
2206 3089 2383 3141 xisset.
2428 3077 2667 3156 Alioquin
2698 3075 2758 3126 ob
2786 3088 2848 3123 ea
2877 3086 3000 3139 qua:
3034 3068 3341 3122 admiserat
3376 3064 3638 3125 crimina,

2447 3168 2457 3177 .
2516 3164 2570 3177 ..ι
2696 3161 2708 3177 ι
2773 3160 2907 3177 9---,-
2964 3158 3160 3177 r_.3__-.
3237 3154 3344 3177 IYL:
3399 3153 3558 3177 --ΞΔΑη
3625 3158 3638 3177 Ι

583 3201 787 3253 sionem
821 3196 915 3249 edi»
935 3210 1040 3248 non
1071 3193 1232 3247 semel
1269 3192 1428 3244 docet
1448 3189 1724 3243 Eusebius.
1759 3185 1909 3250 Quod
1938 3192 2113 3237 autem

583 3290 651 3342 de
680 3287 770 3339 illa
814 3294 1021 3337 tantum
1066 3282 1403 3336 confessione
1448 3277 1730 3338 matutina,
1762 3278 1815 3328 in
1854 3280 1997 3327 coetu
2028 3287 2117 3325 ec-

583 3378 761 3432 clesiae
810 3374 1045 3437 edenda,
1104 3373 1192 3425 hic
1243 3381 1362 3441 agat
1386 3368 1683 3430 Eusebius,
1733 3365 2006 3434 propalam
2052 3376 2117 3415 ex

586 3466 1016 3537 praecedentibus
1050 3472 1153 3517 est.
1185 3461 1317 3514 Nam
1350 3476 1471 3514 cum
1504 3461 1739 3526 psalmus
1787 3457 1895 3520 ille,
1926 3453 2118 3508 inscri-

586 3569 732 3626 ptus,
776 3558 838 3607 In
876 3554 957 3606 die
987 3552 1226 3612 Sabbati,
1269 3551 1346 3605 sic
1380 3548 1656 3602 exordium
1701 3547 1881 3610 ducat,
1919 3545 2119 3597 Bonum

588 3655 666 3700 est
704 3644 941 3712 conﬁteri
982 3642 1232 3703 Domino,
1273 3640 1361 3691 hic
1394 3637 1685 3690 Sabbatum
1721 3649 1818 3703 pro
1848 3633 2123 3686 Dominica

590 3734 827 3803 positum
878 3744 1230 3791 asseverans,
1284 3725 1500 3779 nonnisi
1539 3724 1605 3778 de
1653 3723 1913 3776 matutino
1945 3720 2125 3775 Domi-

590 3824 729 3878 nicze
774 3828 1034 3875 conventu
1091 3823 1381 3887 pertractat-
1439 3814 1567 3878 ille;
1606 3812 1684 3866 sic
1733 3811 1873 3864 enim
1930 3810 2120 3863 habet:

595 3914 767 3977 Quare
804 3918 861 3963 ut
903 3926 964 3963 ea
1001 3909 1082 3962 die
1125 3907 1482 3961 conveniamus
1533 3902 1778 3955 traditum
1832 3899 1977 3954 nobis
2026 3908 2124 3961 est,

593 4010 644 4055 et
677 4018 739 4055 ea
768 4016 882 4071 qua:
914 4000 965 4052 in
993 3997 1194 4065 psalmo
1215 3994 1465 4064 jubentur
1506 3991 1649 4044 nobis
1691 3989 1897 4058 exsequi
1940 4004 2129 4056 praece-

595 4104 741 4161 ptum
788 4099 899 4155 est,
937 4104 1156 4158 quorum
1198 4087 1419 4153 primum
1466 4091 1541 4136 est
1592 4081 1847 4149 conﬁteri.
1906 4078 2130 4147 Moxque

598 4181 855 4250 adjicitur
896 4180 985 4232 illa
1021 4178 1267 4247 superius
1300 4177 1460 4230 allata
1494 4173 1756 4230 clausula.
1802 4185 1905 4239 qua
1934 4164 2131 4223 dicitur

598 4286 699 4341 par
752 4286 860 4324 non
910 4283 1030 4323 esse
1074 4266 1408 4328 hominibus,
1463 4263 1667 4319 scilicet
1705 4259 2131 4315 Christianorum

601 4359 787 4422 emtui,
823 4355 1086 4418 confiteri,
1128 4353 1221 4408 sed
1246 4352 1373 4407 Deo.
1428 4350 1556 4416 Quae
1592 4356 1889 4418 sequuntur
1936 4348 2133 4415 pariter

2213 3188 2367 3245 quam
2408 3168 2469 3220 ab
2509 3153 2602 3217 illo
2643 3160 2911 3214 admissus
2962 3158 3183 3225 fuisset.
3237 3154 3346 3208 Ubi
3399 3153 3583 3214 vides,
3625 3158 3640 3201 t

2217 3242 2371 3316 caute
2406 3254 2669 3319 Eusebio,
2709 3248 3132 3303 confessionem
3180 3252 3553 3315 peccatorum
3610 3242 3638 3294 h

2218 3353 2435 3410 factam,
2481 3340 2847 3397 necessariam
2909 3352 3158 3407 prorsus
3216 3335 3419 3390 fuisse.
3474 3335 3555 3387 Eo
3606 3351 3641 3386 rv

2219 3444 2344 3498 item
2390 3435 2531 3507 quod
2574 3432 2731 3486 habet
2777 3429 2868 3483 his
2923 3428 2985 3481 in
3036 3426 3477 3481 commentariis
3519 3425 3638 3479 Eus

2219 3533 2354 3603 psal.
2389 3541 2593 3587 xxxv”,
2635 3521 2701 3574 ad
2723 3520 3076 3574 versiculum
3105 3518 3141 3572 5
3167 3538 3182 3572 :
3212 3518 3497 3583 Quoniam
3533 3518 3643 3585 iniq

2222 3610 2715 3688 mear'supergressw
2742 3619 2870 3663 sunt
2904 3619 3071 3677 caput
3102 3625 3309 3672 meum,
3346 3609 3489 3662 sicut
3522 3623 3643 3660 onu:

2222 3719 2447 3783 gravatw
2471 3715 2588 3760 sunt
2619 3716 2768 3768 super
2793 3716 2908 3753 me.
2943 3699 3325 3761 Putruerunt,
3345 3711 3459 3753 etc.
3492 3698 3596 3750 Διὰ
3627 3714 3648 3747 τ

2224 3802 2419 3871 inquit,
2451 3797 2682 3849 διδάσκει
2719 3792 2872 3860 ἡμᾶς
2910 3792 2939 3841 ὁ
2967 3790 3163 3857 λόγος,
3204 3791 3285 3860 μὴ
3318 3789 3600 3859 κρύπτειν
3633 3805 3646 3819 ν

2224 3894 2330 3946 τῶν
2372 3887 2545 3948 κακὰ,
2599 3883 2725 3954 μηδ”
2754 3881 2959 3951 ὥσπερ
3010 3882 3144 3935 τινὰ
3199 3883 3478 3950 μελανίαν
3544 3882 3646 3933 καὶ

2226 3974 2364 4030 κατὰ
2410 3969 2597 4040 βάθους
2642 3965 2740 4033 τῆς
2778 3964 2975 4033 ψυχῆς
3029 3965 3297 4034 συνέχειν
3337 3966 3414 4018 τὰ
3448 3967 3646 4035 ἁμαρτ

2227 4069 2329 4121 hoc
2359 4070 2440 4118 est
2475 4080 2487 4114 :
2517 4058 2608 4110 His
2638 4061 2917 4119 docemur,
2966 4073 3035 4109 ne
3082 4056 3243 4109 mala
3267 4057 3616 4113 occultemus

2230 4168 2326 4205 neu
2347 4154 2557 4218 peccata
2587 4160 2676 4197 ceu
2700 4142 2999 4211 quemdam
3043 4146 3335 4214 nigrorem
3382 4154 3436 4198 et
3474 4162 3649 4199 corru

2232 4245 2285 4296 in
2317 4241 2497 4293 intimo
2549 4235 2734 4288 anima:
2796 4236 3247 4291 concludamus.
3312 4236 3446 4291 Non
3500 4237 3621 4292 Deo

2235 4334 2323 4387 cui
2359 4342 2613 4385 arcanum
2658 4324 2834 4386 nihil,
2890 4329 3202 4381 occultare
3250 4339 3498 4397 peccata
3556 4340 3648 4383 vet

610 4449 679 4503 ad
712 4446 1034 4500 matutinum
1072 4443 1220 4495 illum
1264 4415 1583 4495 conventum
1624 4415 1907 4507 pertinent.
1955 4435 2027 4487 Ea
2050 4432 2137 4489 est
2166 4423 2208 4476 Β
2239 4422 2548 4478 hominibus
2578 4415 2670 4485 (ιυί
2702 4421 2759 4467 et
2791 4416 3077 4470 medendi
3111 4427 3174 4471 el
3205 4427 3456 4488 peccata
3498 4421 3654 4476 solve

603 4538 767 4606 igitur
791 4531 1006 4587 Eusebii
1037 4528 1319 4587 sententia,
1346 4542 1451 4579 non
1474 4534 1719 4595 oportere
1746 4526 1799 4577 in
1822 4531 1962 4577 coetu
1984 4522 2136 4575 Chri-

605 4629 924 4686 stianorum,
976 4636 1038 4674 ac
1088 4622 1142 4672 in
1192 4618 1468 4671 matutinis
1524 4616 1874 4671 conventibus
1922 4621 2138 4683 peccata

608 4717 821 4785 publice
854 4721 906 4767 et
953 4712 1054 4764 alta
1094 4724 1224 4763 voce
1275 4706 1536 4769 confiteri,
1569 4707 1661 4760 sed
1710 4706 1801 4758 uni
1839 4705 1945 4758 Deo
1978 4703 2138 4756 corda

610 4804 870 4858 scrutanti
914 4799 1295 4854 conscientiam
1344 4796 1553 4866 aperire
1601 4810 1773 4849 suam.
1816 4795 1913 4847 Cui
1946 4792 2141 4845 accinit

614 4894 845 4947 Basilius
892 4892 944 4944 in
994 4890 1215 4959 epistola
1267 4889 1329 4941 ad
1374 4886 1866 4946 Neocsesarienses,
1920 4884 2011 4936 ubi
2066 4884 2143 4935 sic

610 4982 807 5034 habet:
848 4982 940 5031 Ἐκ
979 4980 1163 5042 νυκτὸς
1186 4976 1315 5048 ’τὰρ
1356 4976 1590 5047 ὀρθρίζει
1633 4976 1757 5043 παρ’
1805 4976 1930 5043 ἡμῖν
1965 4976 1992 5024 ὁ
2023 4973 2144 5034 λαὸς

614 5070 705 5120 ἐπὶ
747 5067 836 5118 τὸν
883 5066 1025 5119 οἶκον
1057 5070 1151 5137 τῆς
1180 5067 1479 5138 προσευχῆς
1500 5106 1513 5127 9
1562 5066 1653 5117 καὶ
1695 5067 1750 5116 ὲν
1783 5065 1925 5133 πόνῳ
1966 5064 2057 5115 καὶ
2088 5064 2144 5113 ἐν

616 5157 788 5224 θλίψει
833 5156 922 5205 καὶ
962 5157 1016 5207 ἐν
1067 5161 1253 5227 συνοχῇ
1294 5155 1535 5226 δακρύων
1580 5154 2043 5222 ἐξομολογούμενοι
2071 5151 2146 5219 τῷ

616 5245 770 5313 Θεῷ,
818 5243 868 5295 id
922 5251 1002 5295 est
1041 5245 1124 5294 :A
1167 5256 1310 5299 nocte
1365 5244 1501 5312 apud
1548 5261 1639 5297 nos
1685 5245 1899 5311 populus
1945 5242 2146 5311 vigilias

619 5338 726 5401 «ait
770 5336 824 5386 in
867 5332 1017 5384 domo
1062 5336 1344 5397 orationis,
1398 5353 1457 5387 ac
1507 5336 1560 5387 in
1609 5335 1801 5396 labore,
1847 5334 2149 5386 contritione

620 5435 669 5477 et
698 5426 1047 5490 lacrymarum
1080 5427 1395 5478 contentione
1424 5428 1731 5493 confitentur
1756 5425 1861 5478 Deo
1891 5442 1907 5477 :
1936 5432 1988 5477 et
2019 5437 2150 5489 pau-

621 5519 705 5567 cis
738 5513 1030 5578 interiectis
1060 5530 1074 5565 :
1111 5513 1344 5581 Ἡμέρας
1364 5517 1460 5585 ήδη
1490 5516 1923 5585 ὑπολαμπούσης,
1958 5513 2151 5571 πάντες

592 5600 773 5669 ’κοινῇ
796 5640 809 5660 ,
855 5601 928 5660 ὡς
958 5600 1013 5664 se
1052 5601 1164 5662 ἑνὸς
1199 5603 1455 5670 στόματος
1503 5607 1591 5656 καὶ
1620 5608 1741 5673 μιᾶς
1790 5604 2027 5674 καρδίας.
2064 5599 2151 5650 τὸν

628 5694 723 5760 τῆς
768 5689 1191 5759 ἑξομολογήσεως
1225 5691 1429 5761 ψαλμὸν
1474 5694 1787 5763 ἀναφέρουσι
1840 5693 1913 5761 τῷ
1947 5690 2148 5759 Κυρίῳ,

2238 4520 2433 4569 testate
2456 4506 2638 4563 donati
2669 4511 2825 4557 sunt.

2824 4635 3084 4693 CAPUT
3120 4642 3273 4699 Vlll.

2239 4771 2303 4810 DE
2336 4768 2400 4807 IIS
2422 4765 2536 4813 QUE
2578 4762 2655 4799 AD.
2696 4758 2999 4801 ECCLESIE
3046 4765 3435 4811 DlSCIPLlNAI
3471 4773 3647 4813 PER'U

2444 4832 2619 4871 VARUS
2663 4828 2857 4866 HORUH
2891 4830 3463 4882 COMMENTARIOBUI
3516 4846 3647 4884 LOCI

2245 4936 2292 4989 ι.
2325 4930 2558 5011 Ecclesia
2589 4941 2885 5011 [nunquam
2909 4934 3109 4986 variat
3136 4935 3199 4989 in
3217 4942 3559 5009 praecipuis.
3592 4944 3654 4997 11

2311 5000 2557 5077 vomitus.
2585 4994 3057 5077 δίηίεείιξηονιιηι
3103 4994 3457 5066 maiutinis.
3491 4994 3621 5066 in

2314 5068 2467 5121 randi
2494 5068 2595 5143 ritu
2618 5064 2668 5115 in
2693 5061 2969 5143 Ecclesia
3004 5058 3619 5143 singular‘is'iuse‘b-ii
3637 5058 3649 5067 .

2313 5136 2565 5214 sententia
2589 5132 2960 5214 explanatur.
2997 5132 3137 5197 1v.’
3170 5143 3425 5213 Infinita
3472 5132 3633 5207 dona

2318 5204 2524 5258 Eusebii
2553 5213 2788 5267 tempore
2816 5207 3066 5263 collata.

2452 5317 2488 5364 Ι.
2524 5315 2749 5364 Ecclesia
2786 5330 3070 5381 nunquam
3110 5327 3287 5376 variat
3316 5330 3373 5378 in
3409 5339 3654 5401 praecipu

2316 5416 2613 5472 Occasione
2654 5416 2855 5471 solum
2890 5437 3086 5489 pauca
3125 5426 3435 5490 Eusebius
3474 5446 3654 5513 tangil

2249 5517 2356 5572 cat,
2380 5524 2497 5599 qua:
2527 5508 2592 5561 ad
2620 5506 2724 5599 aevi
2792 5512 2889 5563 sui
2950 5513 3345 5587 disciplinam
3372 5506 3654 5599 specta?“

2253 5614 2352 5652 nos
2378 5598 2430 5649 in
2456 5597 2673 5650 lectoris
2742 5605 3143 5663 commodum
3186 5630 3308 5669 una
3362 5597 3654 5681 conferen

2257 5688 2394 5743 enim
2422 5686 2472 5739 i“
2506 5685 2667 5739 rebus
2699 5689 3035 5761 Ρτίθεῖριιὶδ
3064 5708 3128 5755 et
3165 5708 3541 5777 capitalibus
3578 5736 3654 5775 un
