3818 6328
624 333 691 386 55
1260 323 1516 382 EUSEBII
1553 317 2009 373 CASSARIENSIS
2047 320 2191 375 OI’l’.
2224 319 2391 374 PARS
2431 320 2513 374 ΙΙΙ.
2549 350 2613 358 -
2652 320 3044 376 EXEGETICA.

622 454 801 506 nullus
832 455 927 505 hac
967 451 1029 503 de
1060 465 1114 501 re
1156 444 1524 501 controversiae
1554 443 1700 495 locus
1723 456 1841 495 esse
1866 442 2055 506 valeat,
2081 443 2144 497 iis
2172 449 2215 501 Α
2242 443 2582 506 servabatur;
2616 440 2892 495 Matthreus
2919 457 3044 494 sane
3077 440 3281 508 propria
3306 441 3601 511 interpretat

622 543 901 597 afferendis
931 541 1351 609 supersedcmus.

681 673 759 721 IV.
788 672 972 720 Inﬁnita
1010 672 1129 718 dona
1156 669 1373 716 ecclesiis
1406 667 1601 715 Eusebii
1647 674 1861 728 tempore
1886 668 2072 719 collata.

690 793 745 846 In
774 795 1025 862 psalmum
1054 808 1196 853 LXXI,
1226 791 1359 844 Deus
1377 792 1630 860 judicium
1659 801 1798 842 tuum
1830 793 1933 860 regi
1962 791 2134 855 da,'ad

622 884 763 937 hunc
787 896 1015 943 versum,
1041 880 1107 931 Et
1136 881 1258 933 vivet
1290 892 1334 932 et
1359 882 1566 932 dabitur
1596 883 1642 934 ei
1659 881 1719 932 de
1758 898 1884 932 auro
1906 882 2130 945 Arabiae,

620 972 693 1023 ait
718 968 973 1023 Eusebius
1002 986 1013 1020 :
1044 966 1111 1017 Et
1133 968 1265 1019 alias
1318 986 1512 1037 quoque
1561 970 1613 1022 in
1652 969 1873 1021 ecclesiis
1920 968 2130 1031 Christi,

618 1061 741 1126 ipsis
764 1058 927 1110 oculis
954 1055 1179 1109 videmus
1212 1057 1418 1124 inﬁnita
1472 1074 1533 1110 ea:
1592 1076 1719 1111 auro
1752 1074 1880 1127 puro
1909 1060 2129 1122 cimelia,

616 1152 670 1202 in
702 1151 809 1217 ejus
831 1148 1072 1201 honorem
1094 1156 1408 1201 consecrata.
1431 1147 1544 1213 Quo
1573 1149 1752 1203 videas
1780 1165 1884 1202 non
1915 1165 2129 1213 novum,

616 1253 784 1305 neque
808 1252 993 1291 recens
1020 1238 1289 1290 inductum
1314 1252 1513 1291 morem
1545 1254 1682 1301 esse,
1716 1238 1855 1291 dona
1878 1248 1929 1291 et
1973 1239 2132 1292 cime-

614 1329 683 1380 lia
716 1329 768 1380 in
823 1327 1065 1382 ecclesiis
1104 1326 1304 1381 Christi
1364 1328 1712 1381 consecrandi
1745 1346 1757 1380 :
1789 1330 1917 1395 quin
1955 1328 2131 1396 potius

612 1418 753 1485 quod
777 1416 1033 1471 Eusebius
1063 1415 1543 1484 frequentissimum
1567 1416 1785 1479 indicat,
1806 1418 1912 1485 jam
1946 1432 2129 1486 perra-

612 1524 732 1561 rum
774 1523 892 1562 esse
934 1508 1535 1576 comprobatur:neque
1584 1507 1723 1559 enim
1759 1509 1827 1559 ita
1878 1509 2037 1560 multa
2066 1522 2129 1561 ex

614 1614 743 1653 auro
784 1614 917 1667 puro
958 1598 1166 1651 cimelia
1204 1598 1257 1649 in
1291 1596 1499 1663 templis
1538 1596 1694 1651 hodie
1744 1596 2125 1665 deprehendas.

612 1686 801 1740 Narrat
845 1702 968 1751 ven)
1016 1687 1153 1741 idem
1204 1686 1462 1740 Eusebius
1494 1685 1922 1748 Constantinum,
1959 1687 2129 1740 eccle-

614 1779 747 1832 siam
779 1778 889 1832 sive
911 1777 1221 1847 martyrium
1246 1776 1536 1829 Salvatoris
1559 1815 1572 1837 ,
1598 1775 1735 1843 quod
1770 1776 1881 1843 ipse
1924 1776 2128 1843 magni-
2157 1782 2197 1834 B

610 1866 1011 1921 ﬁcentissimum
1042 1873 1394 1927 exstruxerat,
1450 1865 1668 1918 infinitis
1713 1864 1948 1918 donariis
1981 1865 2127 1918 locu-

610 1957 860 2024 pletasse,
902 1953 1092 2021 partim
1119 1969 1182 2007 ex
1240 1967 1370 2005 auro
1427 1962 1479 2006 et
1530 1960 1767 2020 argento,
1816 1953 2004 2019 partim
2062 1966 2123 2005 ex

611 2044 833 2112 gemmis
866 2054 917 2097 et
948 2044 1065 2097 aliis
1112 2042 1359 2111 pretiosis
1414 2042 1657 2095 cimeliis.
1712 2041 1811 2105 Qui
1842 2042 2127 2109 imperator

611 2134 731 2186 aliis
758 2132 986 2187 fortasse
1013 2132 1254 2200 exemplo
1295 2146 1357 2184 ac
1393 2129 1606 2183 stimulo
1639 2128 1815 2191 fuerit,
1853 2139 1907 2181 ut
1936 2129 2126 2182 similia

608 2222 747 2275 dona
792 2221 1032 2274 certatim
1079 2221 1131 2273 in
1190 2218 1428 2272 ecclesiis
1468 2223 1861 2272 consecrarent.
1895 2215 2125 2284 ldipsum

608 2310 792 2378 paucis
821 2309 1010 2377 repetit
1040 2310 1103 2360 ad
1141 2308 1400 2376 psalmum
1437 2321 1599 2369 cxvn,
1642 2306 1892 2374 additque
1939 2305 2127 2359 diebus

605 2399 899 2468 praesertim
930 2397 1321 2453 solemnitatum
1366 2396 1646 2450 ecclesiam
1688 2395 1842 2449 donis
1865 2409 2126 2448 exornan-

606 2491 727 2543 dam
748 2504 884 2543 esse.
921 2487 1019 2541 Ubi
1046 2488 1110 2542 ad
1141 2488 1250 2541 haec
1274 2486 1576 2556 Symmachi
1603 2486 1761 2539 verba
1779 2524 1793 2548 ,
1834 2485 2125 2553 Συνδήσατε

606 2582 664 2631 ὲν
711 2578 1004 2647 πανηγύρει
1060 2577 1399 2645 πυκάσματα,
1450 2576 1552 2635 ἕως
1597 2574 1702 2626 τῶν
1746 2574 1982 2639 κεράτων
2034 2573 2124 2625 τοῦ

608 2669 999 2738 Θυσιαστηρίου,
1025 2666 1075 2719 id
1103 2674 1212 2729 est,
1238 2665 1491 2734 Colligate
1511 2667 1563 2718 in
1592 2665 1882 2718 celebritate
1907 2662 2127 2715 densita-

609 2772 679 2813 tes
709 2775 863 2826 usque
889 2758 954 2809 ad
980 2773 1170 2808 cornua
1200 2757 1385 2807 altaris
1408 2775 1425 2817 ;
1472 2756 1582 2808 haec
1608 2755 1763 2808 habet
1792 2776 1801 2805 :
1834 2752 1929 2805 His
1958 2762 2126 2804 autem

607 2849 858 2915 prwcipit,
888 2846 1063 2899 multis
1092 2844 1306 2898 cimeliis
1355 2844 1563 2897 domum
1613 2844 1707 2896 Dei
1736 2842 1946 2911 replere,
1980 2851 2127 2910 atque

607 2940 837 2992 donariis
867 2936 1209 3006 frequentibus
1240 2936 1400 3003 Ipsam
1419 2934 1722 3002 temporibus
1746 2933 2126 2987 solemnitatum

697 3042 870 3083 enare.

1185 3174 1407 3231 CAPUT
1455 3174 1544 3227 IX.

1146 3303 1369 3348 QUEDA!
1421 3302 1750 3340 OBSERVANDA
1804 3301 1853 3337 IN

1162 3370 1568 3409 COﬂﬂEN‘l‘ARllS.

746 3304 1098 3342 IISCELLANEA
1146 3303 1369 3342 OUEDA!
1421 3302 1750 3340 OBSERVANDA
1804 3302 1853 3337 IN
1905 3302 1990 3340 HIS

609 3505 660 3561 1.
695 3504 903 3559 Eusebii
933 3505 993 3557 de
1019 3504 1254 3559 Matthwi
1277 3504 1549 3573 Evangelia
1571 3506 1838 3573 sententia.
1867 3503 1946 3556 II.
1964 3503 2127 3557 Joan-

676 3591 761 3626 nes
800 3573 1052 3625 llebraico
1092 3574 1372 3638 exemplari
1406 3571 1529 3624 usus
1571 3586 1666 3633 est,
1721 3571 1919 3625 Paulus
1958 3584 2125 3625 autem

681 3641 857 3694 Gra'co
907 3639 1056 3691 LXX
1087 3641 1446 3705 Interpretum.
1508 3639 1623 3693 III.
1673 3640 1907 3700 Apostoli
1954 3658 2124 3694 omnes

676 3710 926 3775 martyrio
961 3712 1211 3770 coronati,
1238 3724 1301 3759 ea:
1333 3725 1433 3775 qua
1467 3709 1598 3759 tribu
1624 3708 1812 3775 singuli
1834 3709 2125 3776 fuerintde-

677 3779 919 3844 prehendi
948 3788 1134 3843 potest.
1184 3776 1285 3829 ιν.
1332 3778 1412 3828 An
1460 3776 1821 3842 prophetarum
1872 3779 2124 3829 successio

679 3846 747 3898 ad
790 3847 1042 3900 Joannem
1084 3845 1375 3912 Baptistam
1416 3847 1713 3912 pervenerit.
1761 3844 1819 3895 ν.
1874 3844 2122 3897 Eusebius

677 3916 872 3968 labitur
893 3913 1014 3967 dum
1045 3914 1313 3967 monachos
1346 3931 1377 3966 a
1406 3913 1709 3981 Symmacho
1738 3916 2006 3964 memorari
2037 3930 2124 3979 pu-

679 3995 776 4042 tat.
820 3983 915 4037 VI.
948 3984 1186 4037 Monac/ti
1232 3983 1431 4049 perrari
1469 3992 1688 4049 tempore
1725 3981 1947 4033 Eusebii.
1993 3982 2119 4034 VII.

679 4053 972 4123 Martyrum
1001 4055 1260 4123 cruciatus
1300 4051 1607 4123 singulares:
1656 4049 2124 4123 Vlll._._l‘ud_tei.le-

678 4118 1051 4192 rosolgmorum
1081 4122 1236 4192 aditu,
1255 4118 1537 4192 interclusi.
1574 4120 1770 4192 Quare.»
1802 4118 1904 4171 IX.
1934 4119 2121 4192 Tradi-

681 4187 838 4243 tiones
868 4192 1104 4254 qua'dam
1132 4190 1451 4243 Judworum.
1479 4188 1547 4241 X.
1579 4187 1991 4241 Christianorum
2028 4189 2123 4254 [re-

680 4262 885 4328 quentia
927 4263 981 4311 in
1042 4259 1367 4328 Moabitide,
1394 4257 1737 4328 Antmonitide
1770 4265 1816 4328 et
1864 4256 2117 4312 Idumwa.

681 4326 785 4382 XI.
818 4329 1066 4381 Eusebius
1102 4331 1173 4380 ait
1214 4326 1455 4379 mundum
1488 4326 1738 4392 sphwrica
1772 4326 1940 4390 forma
1984 4342 2119 4385 esse;

678 4409 873 4452 montes
895 4407 943 4452 et
965 4410 1136 4466 petras
1168 4398 1352 4452 δειιεὶιη
1380 4412 1618 4448 crescere.

805 4530 841 4578 Ι.
867 4529 1054 4579 Eusebii
1076 4531 1137 4578 de
1162 4529 1366 4577 lllattbzei
1392 4528 1651 4589 Evangelio
1673 4529 1931 4574 sententia.

678 4677 763 4730 Ait
782 4674 1042 4730 Eusebius
1067 4675 1387 4737 Matthaeum,
1422 4674 1671 4729 llebrzeus
1696 4688 1815 4725 cum
1845 4680 2003 4736 esset,
2036 4673 2129 4725 ubi

611 4766 817 4819 Veteris
841 4764 1163 4819 Testamenti
1185 4768 1359 4819 locum
1382 4765 1571 4826 attulit,
1599 4763 1809 4831 pr0pria
1830 4778 1981 4814 usum
2010 4777 2128 4815 esse

612 4855 1089 4922 interpretatione:
1136 4872 1257 4909 nam
1292 4856 1441 4921 illud,
1480 4863 1725 4939 imp-un
1764 4858 1922 4910 nrun
1958 4860 2128 4912 usus

610 4943 753 5003 quod
773 4944 844 4996 ita
866 4961 895 4997 a
924 4945 1266 5016 Septuaginta
1288 4946 1661 5015 lnterpretibus
1684 4943 1941 5003 redditur,
1965 4941 2129 5008 Φοέγ-

614 5023 772 5089 ξομαι
804 5032 1149 5103 προϐλήματα
1164 5034 1673 5106 ἀπ’ἀρχῆς,ιο(μιαι’
1714 5031 2031 5099 problemata
2062 5030 2124 5081 ab

615 5108 762 5159 initio
784 5112 954 5177 (Psal.
989 5137 1187 5185 Lxxvn,
1216 5126 1293 5191 2),
1329 5129 1379 5180 in
1403 5124 1583 5179 Grieco
1607 5122 1833 5176 Matthazi
1878 5127 2019 5173 textu
2048 5120 2127 5173 his

615 5197 791 5286 verbis
807 5204 1045 5267 vertitur,
1063 5210 1368 5285 Ἐρεύξομαι
1381 5214 1720 5286 κεκρυμμένα
1730 5212 1831 5265 ἀπὸ
1840 5208 2129 5277 καταϐολῆς

616 5283 837 5350 κόσμουν
874 5287 1131 5347 Eructabo
1158 5283 1456 5359 abscondita
1481 5283 1525 5359 va
1553 5283 1916 5359 constitutione
1933 5298 2129 5350 mundi.

618 5370 685 5470 Ah
872 5376 1169 5446 Matthaeus,
1202 5389 1415 5457 Irenaeo,
1459 5396 1711 5466 Origene,
1745 5391 1971 5446 Eusebio
2015 5389 2129 5456 ipso

610 5466 669 5530 ,ει
715 5457 1035 5559 Hieronymo
1062 5475 1305 5538 testibus,
1341 5483 1683 5556 Evangelium
1714 5482 1967 5538 llebraice
1996 5479 2126 5533 scri-

620 5556 845 5645 ξξδετηιΑ
866 5556 1019 5620 cuius
1067 5566 1334 5630 exemplar
1364 5587 1473 5624 aevo
1506 5575 1807 5645 Hieronymi
1856 5574 1907 5625 in
1938 5570 2129 5624 biblio—

619 5635 766 5690 theca
808 5638 1157 5712 Caesariensi,
1207 5667 1232 5701 ιι
1290 5652 1561 5719 Pamphilo
1607 5635 1834 5733 Martyre
1884 5661 2124 5724 collecta,

2235 532 2413 585 Grzeca
2438 547 2566 585 usus
2601 546 2705 583 non
2733 540 2832 593 est,
2880 531 2970 583 sed
3003 529 3114 597 ipsa
3154 528 3410 582 llebraica
3446 533 3595 585 verba

2231 621 2604 675 ro-Chaldaico
2648 636 2912 684 sermone,
2956 620 3126 687 qualis
3171 627 3298 674 tunc
3343 622 3477 689 apud
3524 623 3601 676 Jut

2234 727 2330 762 usu
2364 710 2626 772 veniebat,
2656 709 2935 776 expressit,
2968 715 3023 759 ut
3070 708 3123 760 in
3168 722 3296 761 voce
3330 708 3538 763 Lamma
3566 712 3599 767 S

2232 798 2401 850 cthani
2434 797 2817 865 deprehendas,
2855 798 2908 848 in
2958 797 3179 864 aliisque
3223 813 3326 850 non
3356 800 3602 869 paucis,q

2230 886 2399 954 palam
2448 893 2529 938 est
2576 884 2873 937 Matthzcum
2923 885 2976 937 in
3030 884 3310 954 Evangelio
3356 902 3450 940 suo
3483 887 3601 943 lleb1

2230 973 2550 1041 conscripto,
2586 973 2755 1027 sicubi
2788 974 2901 1025 loca
2942 988 3005 1025 ex
3057 973 3231 1027 Veteri
3280 973 3602 1031 Testamento

2229 1064 2531 1126 currebant,
2562 1080 2621 1116 ea
2653 1062 3086 1132 Syro-Chaldaico
3108 1079 3348 1118 sermone
3375 1071 3598 1134 expressi

2230 1167 2295 1205 an
2324 1168 2449 1207 vero
2482 1154 2689 1222 pr0pria
2723 1153 2808 1207 ille
2830 1153 3255 1221 interpretatione
3290 1155 3359 1208 sit
3395 1171 3539 1220 usus,
3571 1172 3597 1208 a

2229 1244 2331 1295 alia
2374 1244 2520 1311 prius
2576 1243 2827 1298 adornata
2879 1245 3120 1298 versione
3168 1244 3281 1297 loca
3328 1245 3396 1298 sit
3444 1256 3601 1299 mutu:

2230 1332 2367 1385 haud
2419 1333 2547 1387 levis
2594 1335 2813 1402 quaestio
2862 1344 2965 1389 est.
3014 1333 3204 1387 Postea
3251 1341 3422 1386 autem
3478 1335 3601 1387 inter

2229 1422 2459 1485 Graecus,
2482 1424 2603 1491 quis
2628 1425 2713 1478 ille
2740 1424 2898 1478 fuerit
2930 1424 3189 1477 incertum
3209 1438 3329 1478 esse
3360 1432 3533 1476 narrat
3559 1425 3597 1477 ll

2229 1527 2436 1582 nymus,
2494 1514 2603 1567 haec
2656 1515 2872 1584 pr0pria
2918 1514 3350 1582 interpretatione
3382 1512 3602 1577 donavit,

2228 1601 2360 1653 LXX
2393 1603 2821 1671 interpretatione
2843 1612 2923 1657 est
2950 1619 3100 1657 usus.

2229 1750 2287 1798 lI.
2318 1752 2525 1799 Joannes
2561 1751 2792 1799 Hebraico
2814 1753 3076 1813 exemplari
3117 1765 3230 1799 usus
3252 1758 3343 1809 est,
3370 1753 3540 1802 Paulus
3575 1766 3597 1799 a

2657 1813 2817 1859 Graeco
2838 1812 2956 1859 LXX
2977 1812 3315 1873 lnterpretum.

2290 1928 2543 1985 Joannem
2572 1932 2830 1997 similiter,
2870 1941 3051 2002 utpote
3101 1930 3375 1986 llebrmum
3429 1940 3478 1986 et
3521 1948 3580 1986 ex

2221 2019 2377 2073 hmis
2401 2029 2595 2083 ortum,
2641 2024 2713 2074 ait
2738 2023 2997 2077 Eusebius
3027 2023 3092 2076 ad
3121 2025 3382 2092 psalmum
3416 2038 3501 2087 ιιι,
3528 2036 3602 2090 prt

2201 2108 2655 2177 interpretatione
2686 2128 2839 2166 usum
2870 2127 2991 2166 esse
3013 2114 3101 2167 ubi
3133 2114 3385 2183 πτέρναν,
3417 2113 3544 2175 sive,
3574 2128 3596 2162 c

2222 2214 2370 2251 neum
2392 2199 2570 2262 vertit,
2606 2216 2711 2268 quo
2742 2201 2857 2254 loco
2881 2200 3018 2253 LXX
3048 2202 3389 2272 πτερνισμόν,
3420 2200 3471 2253 id
3496 2208 3590 2261 est,

2220 2286 2622 2353 plantationem,
2678 2298 2984 2358 posuerant.
3036 2290 3235 2345 Contra
3294 2304 3419 2342 vero
3470 2296 3602 2355 aposl

2222 2374 2439 2439 Paulus,
2463 2378 2540 2431 sic
2567 2377 2841 2444 Eusebius,
2863 2395 2947 2446 ps.
2967 2380 3107 2443 111,7,
3130 2380 3442 2447 legisperitus
3460 2392 3602 2429 cumt

2222 2464 2278 2520 in
2306 2463 2541 2533 Epistola
2587 2466 2651 2519 ad
2696 2465 2946 2523 Hebraeos
2993 2466 3337 2537 Septuaginta
3395 2464 3602 2531 lnterpn

2223 2552 2463 2607 versione
2482 2560 2560 2606 est
2592 2568 2739 2607 usus.
2775 2553 2897 2609 Haec
2927 2570 3052 2609 vero
3082 2555 3325 2624 pluribus
3353 2554 3405 2605 in
3433 2552 3602 2604 collect

2224 2638 2604 2708 llexaplorum,
2642 2657 2671 2694 a
2694 2643 2849 2698 nobis
2877 2645 3186 2713 propediem
3209 2640 3535 2705 adornanda,
3560 2655 3602 2692 Cl

2223 2729 2387 2783 randa
2409 2731 2635 2785 venient.

2294 2852 2381 2902 Ill.
2401 2854 2621 2915 Apostoli
2639 2869 2807 2904 omnes
2829 2859 3061 2914 martyrio
3079 2858 3305 2905 coronati.
3335 2855 3403 2904 Ex
3424 2867 3515 2914 qua
3537 2850 3602 2898 tril

2500 2958 2503 2961 ν
2533 2918 2710 2976 singuli
2730 2918 2913 2967 fuerint
2935 2918 3235 2979 deprehendi
3254 2921 3426 2977 potest.

2296 3064 2349 3115 in
2381 3063 2525 3115 illum
2547 3064 2731 3131 psalmi
2754 3080 2875 3117 Lxx1
2899 3080 3137 3128 versum,
3160 3063 3227 3117 Et
3254 3059 3546 3113 honorabile
3565 3075 3602 3109 ιιι

2225 3168 2400 3206 eorum
2431 3168 2605 3205 coram
2635 3153 2765 3216 illo;
2800 3155 2914 3209 sive
2938 3153 3228 3209 secundum
3254 3149 3599 3222 Symmachun

2222 3243 2481 3307 pretiosus
2503 3243 2599 3295 erit
2635 3244 2849 3311 sanguis
2888 3261 3069 3297 eorum
3101 3258 3276 3296 coram
3310 3240 3421 3303 illo,
3452 3239 3561 3290 haec
3590 3237 3600 3287 l

2222 3330 2482 3386 Eusebius
2538 3348 2550 3383 :
2609 3332 2763 3397 Queis
2828 3344 3000 3401 aperte
3053 3348 3220 3385 necem
3274 3329 3481 3382 illorum
3519 3326 3600 3393 (ap

2226 3420 2415 3488 lorum)
2474 3420 2832 3484 subindicavit,
2898 3441 3002 3492 qua
3072 3420 3261 3489 singuli
3323 3418 3464 3470 vario
3511 3432 3599 3467 ma

2223 3524 2401 3576 genere
2435 3510 2607 3576 affecti
2642 3524 2782 3575 sunt,
2825 3528 2884 3565 ac
2930 3512 3065 3564 alius
3094 3510 3197 3561 alio
3223 3505 3393 3568 modo,
3425 3502 3485 3556 ob
3521 3510 3600 3553 tes.

2224 3600 2367 3651 nium
2396 3599 2457 3651 de
2488 3599 2821 3675 illoOJatum,
2866 3599 3139 3670 sanguinis
3182 3610 3395 3664 agonem
3442 3592 3594 3645 subiit

2222 3690 2577 3741 monumentis
2605 3700 2777 3741 autem
2794 3692 2978 3753 certis,
2998 3703 3115 3756 qua:
3139 3687 3250 3753 jam
3280 3688 3581 3751 supersunt,

2225 3774 2374 3828 facile
2401 3783 2481 3829 est
2519 3776 2847 3844 singulorum
2871 3776 3237 3845 apostolorum
3270 3768 3579 3837 martyrium

2225 3866 2465 3932 probare.
2503 3863 2695 3915 Verum
2744 3864 3029 3925 Eusebius,
3066 3873 3122 3915 ut
3162 3861 3470 3929 apostolicis
3504 3863 3600 3908 tem

2224 3958 2323 4010 bus
2357 3956 2597 4017 vicinior,
2640 3956 2813 4023 potuit
2844 3955 3073 4010 forsitan
3103 3953 3168 4006 de
3217 3954 3479 4020 cujusque
3528 3962 3600 4013 apt

2223 4045 2474 4114 martyrio
2502 4045 2755 4097 Certiores
2791 4053 2944 4101 notas
2976 4044 3234 4097 invenire.
3270 4042 3365 4095 Est
3385 4052 3509 4091 vero
3542 4035 3600 4085 ill:

2221 4150 2317 4188 usu
2352 4149 2481 4202 pene
2510 4144 2715 4201 recepta
2741 4134 2921 4199 Opinio
2949 4134 3221 4203 apostolos
3252 4145 3438 4184 omnes
3470 4141 3563 4195 pro
3596 4134 3600 4164 ι

2222 4233 2306 4277 sto
2332 4238 2518 4290 passos
2545 4237 2682 4285 esse,
2714 4223 2812 4277 etsi
2840 4239 2950 4277 non
2982 4224 3161 4277 desint
3189 4222 3278 4287 qui
3311 4232 3467 4273 secus
3492 4213 3597 4265 arbi

2222 4325 2326 4369 tur.
2356 4314 2547 4367 Verum
2579 4328 2638 4366 ea
2677 4314 2729 4365 in
2760 4330 2815 4367 re
2861 4329 3118 4384 perquam
3148 4310 3360 4363 diflicile
3390 4314 3470 4359 est
3496 4317 3593 4369 exp

2159 4422 2199 4475 [)
2224 4405 2490 4475 quidpiam
2516 4404 2701 4457 afferre
2735 4424 2746 4457 :
2782 4421 2899 4457 nam
2933 4404 3228 4474 apostolica
3258 4410 3493 4466 tempora
3530 4400 3575 4444 et

2231 4500 2394 4552 tantis
2422 4505 2544 4551 sunt
2575 4497 2811 4551 tenebris
2834 4498 3024 4559 offusa,
3060 4503 3118 4548 ut
3144 4508 3241 4546 nec
3267 4489 3354 4543 ubi
3377 4492 3592 4540 mortem

2228 4597 2333 4642 rint
2362 4588 2608 4657 apostoli,
2658 4590 2842 4657 paucis
2891 4586 3151 4656 exceptis.
3188 4597 3286 4634 nec
3335 4590 3470 4645 quas
3496 4568 3597 4621 01b

2226 4680 2405 4746 gioncs
2428 4678 2773 4745 peragrarint,
2799 4679 2869 4731 ita
2890 4675 3174 4747 perspicue
3198 4667 3405 4723 narrari
3430 4660 3590 4732 possit

2227 4768 2381 4820 modo
2412 4768 2654 4835 quzejam
2683 4768 2964 4821 traduntur
2985 4769 3187 4818 incerta
3218 4766 3377 4821 sunt;
3403 4752 3493 4807 sed
3525 4748 3589 4843 cli

2224 4874 2324 4925 qua
2338 4857 2657 4918 abEnsebio,
2674 4866 2724 4910 et
2744 4873 2775 4910 a
2800 4860 2991 4912 cozevis
3012 4862 3104 4909 aut
3128 4847 3451 4919 supparibus
3482 4848 3598 4898 scrll

2227 4944 2324 4998 bus
2347 4946 2567 5014 carptim
2582 4944 2646 4998 de
2663 4946 2766 4999 illis
2784 4946 3149 5014 proferantur,
3169 4954 3273 4992 non
3302 4937 3373 4986 ita
3406 4930 3547 4982 clare
3571 4937 3594 4971 r

2226 5043 2425 5088 senlur.
2454 5032 2602 5097 Quod
2631 5042 2803 5086 autem
2835 5036 2907 5086 ait
2936 5029 3224 5085 Eusebius,
3251 5024 3303 5073 in
3323 5015 3459 5085 psal.
3486 5020 3598 5105 LXVI

2226 5125 2288 5176 ad
2322 5126 2471 5175 finem
2497 5143 2507 5175 :
2532 5122 2588 5174 Si
2602 5124 2713 5190 quis
2726 5140 2838 5176 vero
2858 5141 2944 5190 per
2968 5122 3127 5174 otium
3148 5114 3390 5165 accurate
3413 5112 3598 5195 pergat:

2226 5214 2708 5281 cujusqueapostoli
2758 5214 2943 5265 tribum
2981 5204 3194 5274 reperiet
3233 5212 3249 5248 :
3290 5206 3411 5287 nam
3441 5196 3598 5285 cuivis

2224 5302 2355 5369 renti
2379 5300 2533 5352 datur
2564 5318 2593 5352 a
2620 5302 2887 5357 Servatore
2916 5288 3207 5352 inveniendi
3241 5288 3553 5351 promissio;
3586 5287 3594 5318 1

2227 5406 2406 5457 quam,
2436 5389 2649 5444 Eusebii
2677 5408 2789 5446 aevo
2823 5393 3051 5446 fortasse
3089 5379 3299 5449 poterat
3333 5384 3398 5422 ex
3445 5374 3595 5414 1110111

2228 5480 2293 5532 tis
2324 5486 2557 5533 veterum
2603 5483 2886 5551 explorari.
2933 5475 3049 5529 Jam
3096 5479 3222 5521 vero
3254 5473 3373 5514 eum
3410 5462 3593 5551 cordi?

2227 5568 2389 5620 multa
2422 5569 2616 5622 fuerint
2644 5540 2903 5623 vetustate
2926 5555 3295 5616 obliterata.et
3318 5540 3577 5597 exstincta

2230 5670 2359 5724 stra,
2408 5670 2463 5715 ut
2509 5664 2757 5728 arbitror,
2792 5662 3061 5731 «immatur
3114 5661 3177 5701 ex
3233 5652 3337 5706 (ιυίι
3393 5628 3530 5685 ιτώυ
3565 5636 3587 5673 ⁵
