3818 6342
144 373 230 439 51

1016 361 1543 427 COMMENTABIA
1578 371 1651 428 IN
1685 377 1799 433 PSA

1907 382 2009 438 OS.
2048 415 2115 422 --
2137 380 2673 444 PRJELIMINARIA:
3374 402 3442 459 58

144 457 436 576 spodii:
454 458 763 576 {ffierth
802 485 816 520 :
851 477 1031 537 quod
1062 485 1253 576 etiam
1286 489 1331 543 si
1363 487 1691 558 deprehendi
1715 509 1832 563 pos-
1855 503 1899 556 Α
1930 498 2127 564 sebius,
2161 500 2370 554 Hilario
2402 512 2454 558 et
2484 504 2714 558 fortasse
2759 506 2846 561 alii
2881 507 3082 576 perrari
3132 512 3183 565 in
3215 514 3440 571 desertis

142 563 226 646 εὶ,
240 563 437 646 ,,‘non
459 565 656 620 magno
689 570 887 625 Opera:
912 569 1129 630 pretio
1171 576 1342 632 ﬁeret,

140 637 226 730 ᾗ(
252 689 278 702 ’
321 637 382 686 An
418 642 790 702 prophetarum
844 663 1166 732 successio.
1189 667 1250 714 ad
1289 669 1520 718 Joannem
1561 669 1823 732 Baptistam

858 725 1210 773 pervenerit.

244 778 453 876 risque
487 785 618 839 item
644 792 902 858 probatu
937 796 1122 858 facile
1145 817 1232 860 est
1259 810 1402 876 quod
1433 809 1507 862 ait
1534 811 1818 876 Eusebius,

159 869 356 970 psal.
384 887 571 970 essm,
603 879 662 943 8,
691 881 751 942 9,
771 882 870 945 10.
892 891 1310 958 prOphetarum
1327 898 1712 952 successionem
1733 915 1822 954 us-

177 960 331 1054 ᾖσε
347 961 413 1054 ad
443 960 711 1021 Joannem
739 970 1078 1043 Baptistam
1104 985 1390 1041 devenisse
1416 1006 1430 1040 :
1457 1002 1576 1040 nam
1605 1004 1668 1041 ex
1702 990 1819 1044 libri

195 1051 657 1123 “achabreorum
725 1069 786 1114 et
857 1061 1048 1120 Flavii
1073 1068 1295 1140 Iosephi
1328 1067 1648 1138 testirnonio',
1694 1074 1818 1130 Per-

220 1156 420 1209 sgrum
450 1149 696 1214 tempore
711 1149 888 1205 desiit
923 1155 1024 1210 illa
1057 1161 1436 1228 prophetarum
1461 1165 1652 1230 series;
1677 1171 1732 1218 ut
1755 1182 1819 1220 ne

239 1237 337 1292 \ze\
349 1246 505 1285 unum
523 1249 552 1287 a
563 1233 851 1295 Nehemize
862 1248 1214 1315 temporibus
1227 1251 1534 1319 prophetam
1549 1255 1820 1323 assignare

257 1322 455 1378 vaieas.
472 1322 646 1388 Quare
667 1329 893 1384 aestimo
911 1332 1144 1390 Eusebii
1161 1338 1362 1391 dictum
1378 1355 1484 1392 non
1500 1342 1564 1394 ad
1589 1322 1815 1398 litteram

276 1412 631 1480 accipiendum
651 1432 814 1485 esse;
843 1423 944 1476 sed
975 1424 1218 1480 indicare
1243 1429 1415 1481 solum
1438 1430 1602 1499 legem
1623 1443 1674 1487 et
1693 1449 1817 1501 pro-

276 1501 454 1567 phetas
486 1502 538 1554 in
571 1502 841 1561 Joannem
871 1510 1178 1580 Baptistam
1201 1515 1468 1579 desinere,
1495 1521 1623 1587 quin
1661 1532 1814 1591 neget

274 1589 624 1646 intermissam
653 1597 962 1666 aliquando
988 1601 1156 1658 fuisse
1185 1606 1560 1674 prophetarum
1599 1627 1816 1667 succes—

270 1695 466 1733 sronem
477 1723 490 1735 .

269 1766 316 1813 ν
333 1768 587 1842 Eusebius
606 1772 802 1842 labitur
822 1779 938 1842 qum
972 1782 1230 1842 monachos
1251 1798 1276 1830 a
1303 1784 1583 1842 Symmacho
1633 1801 1813 1835 memo-

333 1829 420 1874 rari
454 1839 611 1889 putat.
636 1860 702 1869 —
729 1835 816 1883 γι.
839 1838 1063 1886 Monachi
1088 1829 1274 1900 perrari
1302 1829 1753 1904 t’e‘riigjiiié'iiuséiiiil

337 1908 412 1960 Ad
438 1910 583 1965 hunc
611 1930 840 1970 versum
869 1920 1063 1987 psalmi
1096 1937 1262 1985 vau,
1290 1926 1391 1988 Qui
1421 1927 1709 1979 inhabitare
1732 1928 1811 1994 fa-

254 1995 336 2046 cit
385 1999 537 2052 unius
594 2005 766 2057 moris
834 2007 889 2057 in
941 2006 1117 2071 domo,
1175 2018 1414 2064 veterum
1467 2013 1809 2080 interpretum

257 2087 546 2141 lectionem
611 2092 774 2145 affert
822 2093 1108 2159 Eusebius,
1188 2098 1280 2150 ubi
1339 2099 1639 2168 Symmachi
1694 2118 1811 2154 ver-

259 2173 345 2225 sio
395 2177 478 2228 sic
534 2178 696 2233 habet
726 2200 740 2234 :
774 2182 998 2236 Δίδωσιν
1046 2188 1209 2239 οἰκεῖν
1241 2191 1485 2256 μοναχοῖς
1511 2189 1679 2242 οἰκίαν
1709 2208 1722 2219 ·
1758 2192 1808 2245 id

259 2271 380 2317 est:
409 2264 516 2316 Dat
558 2267 965 2322 inhabitandam
998 2275 1266 2327 monachis
1295 2275 1502 2327 domum
1529 2291 1550 2337 ;
1583 2292 1704 2329 nam
1739 2279 1808 2330 ita

263 2365 358 2407 nos
391 2356 659 2410 vertimus
693 2360 823 2426 quia
873 2361 1138 2417 Eusebius
1184 2364 1252 2416 de
1304 2365 1578 2418 monachis
1635 2367 1806 2419 locum

259 2441 491 2508 explicat
527 2461 540 2496 :
593 2447 723 2506 etsi,
756 2461 876 2501 mea
913 2450 1129 2516 quidem
1173 2452 1456 2515 sententia,
1485 2468 1589 2505 non
1621 2468 1806 2506 mona-

256 2528 479 2583 chorum
512 2532 836 2586 institutum
869 2537 958 2589 hic
987 2536 1340 2606 Symmachus
1379 2540 1661 2608 respiciat,
1713 2543 1806 2595 sed

259 2619 532 2673 solitarios
561 2624 868 2690 generatim
895 2627 1185 2692 quoslibet.
1209 2627 1418 2680 Atenim
1442 2645 1546 2696 quo
1568 2636 1802 2697 tempore

259 2703 622 2774 Symmachus
651 2713 960 2766 versionem
991 2730 1146 2768 suam
1205 2719 1560 2780 concinnavit,
1602 2721 1803 2774 scilicet

256 2792 517 2863 Septimio
535 2797 834 2861 Severo,nt
848 2803 1025 2856 verior
1041 2802 1143 2857 fert
1157 2804 1356 2872 opinio,
1376 2805 1682 2874 imperante,
1701 2823 1808 2861 mo-

252 2888 551 2940 nachorum
580 2905 652 2942 ne
669 2905 869 2944 nomen
889 2893 1105 2961 quidem
1124 2902 1304 2946 notum
1326 2905 1457 2960 erat,
1476 2912 1647 2964 neque
1667 2898 1804 2953 ullus

250 2977 452 3029 tuncin
479 2979 614 3032 orbe
648 2980 975 3042 monachus.
1001 2983 1102 3037 nisi
1125 2983 1350 3038 fortasse
1373 2986 1426 3038 in
1456 2986 1803 3053 penitioribus

1927 591 1980 638 et
2009 587 2242 642 latibulis
2273 591 2524 658 agebant.
2549 591 2660 645 Sub
2691 594 2800 647 hinc
2824 604 3000 650 autem
3031 598 3230 656 Hilario
3258 604 3311 656 in
3345 604 3443 656 Pa-

1927 673 2131 728 laestina
2164 685 2215 731 et
2251 677 2400 748 Syria
2441 683 2630 735 mirum
2682 684 2737 737 in
2790 685 3003 739 modum
3059 693 3440 748 monachorum

1927 764 2226 820 institutum
2257 769 2424 834 auxit,
2477 779 2531 824 et
2575 780 2703 826 tunc
2747 779 3072 831 monasteria
3116 781 3250 836 bene
3279 777 3440 838 Inulla

1924 855 2133 908 condita
2165 864 2307 909 sunt.

2189 969 2291 1018 Vl].
2320 970 2578 1032 Martyrum
2614 977 2852 1024 cruciatus
2884 978 3170 1041 singulares.

1990 1067 2277 1138 Martyrum
2289 1072 2369 1125 sui
2384 1075 2633 1140 temporis
2649 1079 2994 1140 cruciatus,in
3007 1079 3116 1134 haec
3127 1081 3282 1134 verba
3300 1085 3411 1150 psal
3423 1111 3442 1126 -

1921 1155 1992 1207 mi
2013 1156 2695 1225 (Psal.va,10):Quoniam
2710 1163 3436 1236 probastinos,Deus,ignenos

1918 1247 2226 1299 examinasti
2271 1249 2404 1300 sicut
2448 1252 2772 1303 examinatur
2815 1264 3098 1321 argentum.
3131 1271 3233 1310 non
3265 1258 3436 1313 obiter

1919 1334 2170 1388 describit
2189 1331 2464 1392 Eusebius.
2484 1339 2558 1392 Ac
2584 1340 2706 1393 licet
2727 1341 2779 1394 in
2794 1341 3030 1396 Historia
3072 1347 3433 1410 ecclesiastica,

1918 1420 1982 1473 de
2005 1420 2271 1475 Maximini
2301 1427 2604 1481 carnificina
2632 1443 2813 1496 agens,
2843 1433 3127 1485 multorum
3148 1443 3433 1504 martyrum

1915 1524 2110 1578 agones
2142 1511 2495 1580 descripserit,
2536 1517 2620 1569 hic
2652 1526 2825 1571 tamen
2856 1521 3109 1573 nonnulla
3138 1524 3298 1591 tangit
3327 1526 3428 1578 sin-

1916 1601 2136 1668 gularia,
2167 1617 2266 1656 nec
2297 1603 2431 1658 forte
2486 1606 2610 1658 alibi
2661 1608 2956 1670 enuntiata,
3015 1627 3066 1662 v.
3104 1611 3274 1679 g.:Et
3321 1630 3437 1666 vero

1912 1687 2208 1756 plerumque
2237 1691 2311 1742 vel
2353 1693 2578 1758 pupillas
2630 1694 2892 1747 oculorum
2940 1697 3288 1760 verberabant,
3313 1700 3435 1753 dum

1843 1819 1884 1872 Β
1913 1775 2082 1840 capita
2108 1774 2415 1828 athletarum
2452 1777 2548 1830 Dei
2594 1781 2758 1848 plagis
2794 1781 3061 1838 crederent.
3091 1785 3434 1840 Atrocitatem

1910 1877 2036 1914 vero
2086 1863 2460 1930 suppliciorum
2518 1868 2734 1934 subjicit
2791 1871 2875 1923 his
2931 1874 3156 1928 verbis:
3215 1875 3434 1928 Ferrum

1910 1951 2108 2018 quippe,
2135 1962 2182 2003 et
2215 1953 2352 2019 ferro
2397 1955 2546 2007 illata
2569 1959 2820 2026 supplicia
2841 1999 2855 2023 ,
2902 1962 3105 2030 aliaque
3133 1967 3311 2018 mortis
3349 1983 3435 2034 ge-

1908 2057 2175 2109 nera,qua:
2204 2045 2429 2097 maxima
2455 2061 2574 2112 pars
2608 2059 2838 2102 nostrum
2859 2053 3122 2116 sustinuit,
3153 2070 3244 2122 pro
3272 2057 3432 2112 nihilo

1907 2140 2268 2196 computantur
2301 2148 2363 2185 ea:
2400 2133 2706 2188 deteriorum
2746 2144 3147 2207 comparatione.
3203 2144 3432 2210 Quanto-

1908 2216 2043 2270 brem
2073 2219 2179 2271 hare
2203 2221 2403 2288 quidem
2445 2231 2688 2276 tacemus.
2737 2227 2873 2290 Quia
2900 2245 3013 2281 vero
3043 2233 3174 2284 inter
3204 2236 3426 2299 atrocia,

1907 2308 2038 2360 nihil
2099 2310 2357 2365 crudelius
2418 2330 2533 2366 nece
2583 2330 2670 2381 per
2716 2317 2879 2384 ignem
2934 2328 2982 2370 et
3037 2336 3222 2388 aquam
3276 2324 3427 2376 illata

1903 2398 2248 2464 existimatur,
2286 2401 2392 2453 ha'c
2447 2420 2537 2455 nos
2583 2420 2842 2470 perpessos
2887 2407 3126 2464 dicimus.
3152 2410 3291 2464 Nam
3331 2415 3424 2465 alii

1904 2494 2135 2538 nostrum
2165 2489 2216 2540 in
2252 2492 2383 2542 mari
2410 2500 2457 2543 et
2488 2493 2538 2544 in
2565 2493 2863 2559 ﬂuminibus
2896 2495 3113 2550 demersi
3158 2511 3297 2563 sunt,
3333 2504 3424 2554 alii

1902 2570 2032 2639 ignis
2057 2577 2356 2641 supplicium
2377 2579 2599 2634 luerunt.
2621 2582 2682 2634 Et
2698 2597 2883 2638 caetera
2903 2604 3020 2655 qua:
3047 2590 3218 2644 fusius
3244 2592 3315 2645 ibi
3340 2593 3426 2646 ille

1903 2661 2259 2728 prosequitur.

1980 2766 2104 2816 Vill.
2127 2769 2278 2819 Judaei
2298 2772 2702 2834 Jerosolymorum
2726 2779 2856 2826 aditu
2877 2779 3143 2840 interclusi,
3161 2795 3329 2843 quare.

1968 2892 2114 2948 Trita
2138 2912 2223 2950 res
2255 2906 2306 2952 et
2325 2900 2454 2952 nulli
2487 2916 2593 2955 non
2625 2910 2746 2955 nota
2774 2911 2875 2965 est,
2905 2903 3102 2958 Judaais
3140 2918 3419 2977 postquam

1899 2983 2268 3040 Barchocheba
2315 2989 2448 3042 duce
2475 3029 2490 3052 ,
2530 2991 2789 3044 seditione
2828 2993 2997 3057 facta,
3051 2997 3152 3049 sub
3188 2997 3420 3055 Adriano

248 3059 470 3133 Egypti
505 3068 843 3130 recessibus,
875 3067 1046 3124 fuisse
1090 3079 1324 3140 putatur.
1377 3074 1552 3138 Quare
1586 3075 1671 3127 hic
1702 3090 1800 3128 vox
1829 3114 1868 3169 Ο
1901 3076 2134 3144 principe
2180 3079 2340 3132 armis
2373 3081 2579 3134 subacti
2610 3097 2671 3134 ac
2702 3099 2832 3151 pene
2860 3086 3220 3143 internecione
3262 3091 3418 3146 deleti

242 3153 481 3220 μοναχός
512 3169 615 3222 pro
653 3156 902 3209 solitario
954 3160 1193 3227 quolibet
1233 3160 1287 3214 in
1334 3176 1547 3216 secessu
1589 3163 1800 3231 degenti

234 3241 607 3309 accipienda;
647 3259 760 3296 non
796 3261 896 3313 pro
929 3249 1228 3312 monachis,
1281 3267 1504 3319 quorum
1551 3267 1579 3305 a
1609 3262 1801 3322 quarto

230 3333 448 3384 saeculo
501 3333 822 3387 institutum
864 3336 1066 3390 ﬂoruit.
1118 3336 1249 3390 Nam
1299 3341 1424 3408 quia
1469 3343 1615 3396 solus
1662 3344 1802 3397 vivat

225 3430 451 3486 Oportet
481 3423 577 3490 qui
611 3424 746 3477 velit
773 3424 968 3478 abesse
989 3439 1018 3476 a
1048 3426 1306 3479 malorum
1331 3429 1622 3492 consortio,
1653 3436 1802 3496 quot-

221 3515 372 3571 Quot
407 3509 758 3563 declinanda:
791 3510 1110 3579 frequentia:
1163 3527 1325 3567 causa
1375 3514 1428 3565 in
1462 3529 1677 3569 secessu
1708 3517 1800 3570 de-

213 3599 459 3660 gebant,
495 3599 728 3668 μοναχοί
759 3598 949 3653 Graece
977 3601 1369 3655 vocitabantur.
1406 3603 1646 3656 Attamen
1684 3619 1800 3672 quae

203 3681 298 3739 de
332 3688 631 3741 monachis
663 3689 754 3742 hic
804 3689 973 3742 habet
1026 3689 1288 3745 Eusebius
1340 3708 1446 3744 non
1489 3696 1800 3760 praetermit—

198 3773 401 3826 tenda
434 3794 448 3828 :
481 3775 710 3828 Primus
742 3778 942 3844 itaque,
975 3777 1070 3840 ait,
1104 3778 1230 3833 ordo
1257 3795 1434 3832 eorum
1460 3781 1546 3847 qui
1576 3781 1626 3831 in
1648 3779 1799 3833 Citri-

188 3875 309 3915 sto
349 3867 666 3932 proﬁciunt,
712 3875 790 3918 est
827 3867 1219 3921 monachorum.
1258 3867 1358 3921 Sed
1393 3868 1502 3919 rari
1546 3879 1663 3920 sunt
1693 3869 1792 3934 illi,

175 3964 399 4020 Quare
426 3954 722 4006 secundum
752 3955 1029 4022 Aquilam,
1061 3953 1318 4024 Unigeniti
1353 3956 1447 4009 Dei
1471 3956 1634 4007 vocati
1655 3967 1792 4020 sunt,

165 4045 432 4098 similes
464 4046 598 4109 facti
629 4047 907 4114 unigenito
944 4043 1088 4097 Filio
1118 4045 1214 4098 Dei
1239 4063 1256 4098 :
1280 4048 1557 4100 secundum
1581 4047 1793 4116 Septua-

153 4135 380 4198 ginta
410 4133 740 4201 Interpretes
778 4143 976 4194 autem,
1012 4134 1188 4197 unius,
1244 4151 1346 4187 non
1401 4136 1584 4189 diversi
1639 4131 1794 4190 mo'ris

150 4232 374 4283 aunt,
411 4239 578 4290 neque
606 4221 836 4274 subinde
867 4237 1063 4273 morem
1114 4224 1358 4284 variant;
1387 4227 1474 4277 sed
1521 4242 1674 4279 unum
1704 4243 1792 4278 co-

167 4311 361 4374 dunt,
393 4314 486 4380 qui
515 4313 586 4365 ad
615 4313 832 4366 virtutis
865 4328 1114 4367 cacumen
1166 4313 1392 4367 advenit.
1433 4313 1581 4382 Ipsos
1620 4327 1791 4370 autent

1899 3171 2044 3228 sunt,
2073 3163 2515 3236 Jerosolymorum
2567 3171 2764 3223 aditum
2823 3172 3166 3228 interclusum
3214 3178 3416 3244 fuisse;

1897 3266 2206 3306 concessum
2258 3264 2433 3309 tamen
2487 3265 2544 3309 ut
2585 3262 2871 3324 quotannis
2907 3263 2971 3315 ad
3009 3274 3184 3320 certos
3222 3269 3416 3324 limites

1898 3341 2108 3410 lugendi
2170 3359 2329 3396 causa
2386 3346 2621 3411 proxime
2680 3350 2864 3401 urbem
2928 3355 3262 3409 accederent.
3315 3357 3408 3412 Ve.

1897 3445 2013 3483 rum
2048 3430 2332 3486 oEusebius
2398 3435 2464 3485 ad
2528 3450 2681 3488 suum
2750 3453 2917 3504 usque
2993 3448 3196 3509 tempus
3272 3445 3413 3500 hunc

1897 3533 2095 3572 morem
2156 3521 2330 3589 vigere
2384 3524 2868 3592 graphicemarrat
2921 3528 3003 3583 his
3060 3533 3233 3585 verbis
3275 3552 3286 3586 :
3328 3533 3414 3585 Ir-

1897 3616 2093 3659 ruentes
2122 3606 2357 3671 Romani,
2403 3610 2552 3664 dictis
2597 3615 2894 3680 propheticis
2927 3618 3077 3684 finem
3097 3619 3410 3674 intulerunt:

1894 3689 2139 3757 siquidem
2179 3693 2422 3746 victorum
2487 3697 2608 3765 lege,
2675 3700 2918 3753 universte
2972 3701 3210 3758 Iudaica:
3273 3711 3411 3776 genti

1895 3776 2039 3828 aditu
2088 3779 2312 3832 locorum
2359 3783 2680 3834 interdictum
2711 3795 2837 3839 est:
2877 3787 3182 3842 inevitabilis
3233 3793 3415 3860 quippe

1895 3867 2015 3934 legis
2042 3871 2500 3936 transgressoribus
2530 3872 2776 3938 impendet
2808 3874 2954 3927 ultio.
2981 3877 3322 3940 Quamobrem
3344 3882 3410 3932 ad

1893 3957 2024 4008 hanc
2049 3973 2200 4027 usque
2229 3957 2379 4021 diem,
2404 3961 2470 4010 ad
2499 3972 2659 4014 certos
2691 3965 2926 4015 terminos
2966 3965 3017 4016 in
3067 3967 3284 4019 circuitu
3324 3985 3411 4020 ac-

1892 4043 2139 4107 cedentes,
2164 4049 2341 4112 procul
2361 4049 2644 4101 consistunt
2669 4063 2687 4099 :
2716 4067 2871 4118 neque
2904 4052 3070 4104 solum
3096 4053 3246 4116 illud,
3276 4057 3408 4122 quod

1892 4151 2096 4188 sacrum
2137 4137 2259 4188 olim
2285 4137 2636 4204 reputabatur.
2660 4142 2735 4191 vel
2763 4142 2942 4207 procul
2973 4145 3256 4209 conspicere
3283 4147 3407 4212 ipsis

1891 4225 2208 4286 conceditur;
2240 4226 2325 4278 sed
2346 4227 2485 4292 foras
2501 4227 2886 4295 circumeuntes,
2912 4229 3212 4298 Scriptura,
3229 4234 3291 4286 de
3306 4253 3408 4304 qna

1883 4310 1996 4378 jam
2029 4312 2216 4378 agitur,
2246 4312 2394 4380 ﬁdem
2427 4315 2718 4378 conciliant,
2749 4316 2975 4370 dicenti:
3002 4337 3018 4367 ε
3045 4317 3410 4377 Convertentur

202 4405 383 4454 maius
414 4420 587 4468 sonte,
611 4402 993 4467 Quintueditio
1025 4403 1244 4466 vocavit,
1265 4414 1318 4454 ut
1357 4415 1470 4472 pote
1492 4407 1577 4474 qui
1609 4408 1790 4460 solita-

1903 4398 1955 4451 τά
1979 4414 2251 4464 vesperam,
2275 4409 2320 4451 et
2351 4400 2537 4464 [amem
2566 4403 2825 4468 patientur
2860 4412 2914 4454 ut
2947 4420 3116 4470 canes,
3140 4417 3188 4457 et
3229 4410 3408 4460 circui-

232 4489 292 4537 rii
313 4503 358 4542 et
377 4493 803 4558 prwcinctisint.
822 4491 887 4542 Et
906 4492 958 4544 in
978 4493 1114 4560 psal.
1132 4508 1364 4556 Lxxmu,
1385 4495 1418 4545 4
1452 4515 1464 4547 :
1489 4495 1531 4547 E
1547 4513 1599 4550 re
1621 4508 1790 4551 autem

229 4575 442 4643 dixeris,
477 4582 753 4648 expeditos
787 4581 906 4633 illos
926 4581 1140 4644 milites,
1168 4583 1258 4648 qui
1278 4587 1612 4639 monasticam
1635 4590 1789 4643 vitam

229 4675 452 4740 amplexi
474 4685 626 4735 sunt.
663 4691 760 4741 pro
781 4674 1080 4740 passeribus
1109 4674 1382 4728 habendos
1416 4694 1555 4742 esse;
1593 4697 1677 4735 eos
1703 4700 1790 4736 au-

232 4766 320 4812 tem
349 4765 442 4830 qui
473 4765 657 4815 liberis
681 4763 813 4814 dant
847 4778 1077 4829 operam,
1104 4778 1167 4814 ac
1185 4763 1399 4831 reliquis
1432 4767 1548 4821 vita:
1573 4771 1786 4838 negotiis

229 4857 270 4896 et
298 4853 440 4903 curis
489 4868 546 4904 se
591 4851 811 4914 dedunt,
845 4854 1068 4905 turturis
1109 4853 1276 4904 vicem
1307 4868 1472 4921 agere.
1513 4858 1627 4920 Quo
1653 4866 1786 4911 tem—

235 4950 349 5001 pore
399 4941 569 5009 igitur
612 4940 884 4994 Eusebius
937 4943 1053 4994 haec
1103 4941 1371 4996 scriberet
1426 4948 1676 5011 perpauci
1730 4949 1783 5002 in

235 5028 347 5082 orbe
375 5029 637 5083 monachi
663 5040 840 5092 erant,
870 5045 934 5082 ac
963 5029 1196 5086 nonnisi
1235 5028 1286 5078 in
1329 5027 1560 5098 A‘ngpto
1598 5050 1783 5088 mona-

240 5115 415 5168 sticum
449 5133 622 5186 genus
660 5117 1139 5185 frequentabatur,
1175 5119 1484 5173 auctoribus
1524 5122 1776 5186 Antonio,

243 5205 337 5268 qui,
372 5221 512 5260 anno
543 5209 669 5273 ΞΠ,
719 5207 973 5260 monachi
1019 5213 1238 5257 statum
1290 5209 1590 5273 amplexus,
1628 5214 1783 5266 innu-

248 5304 400 5348 meros
428 5299 667 5368 exemplo
704 5313 806 5352 suo
856 5294 1086 5364 pellexit
1130 5290 1198 5340 ad
1233 5305 1402 5356 parem
1430 5299 1563 5351 vitae
1594 5304 1780 5357 condi-

252 5381 416 5439 tionem
443 5388 899 5460 amplectendam;
936 5378 1267 5439 Pachomio,
1291 5384 1373 5448 qui
1414 5385 1475 5437 in
1505 5389 1782 5449 Thebaide

246 5481 550 5536 monasticam
589 5495 765 5551 genus
810 5475 1017 5528 mirum
1069 5467 1130 5517 in
1181 5466 1384 5520 modum
1440 5474 1694 5541 adauxit,
1727 5490 1782 5535 et

240 5551 390 5630 dlttune
417 5569 705 5631 Nitriensi,
736 5554 1117 5627 complurium
1153 5559 1617 5614 monasteriorum
1654 5565 1778 5619 fun-

74 5609 122 5782 /
415 5609 809 5722 litui’iilzesiiita
857 5609 1012 5701 \I'ero,
1071 5635 1164 5688 ubi
1199 5638 1347 5698 sedes
1385 5643 1634 5704 habebat
1667 5653 1776 5709 Eu-

1890 4487 2010 4538 bunt
2040 4489 2309 4540 civitatem.
2349 4507 2365 4536 ι
2399 4487 2566 4557 (Psal.
2597 4503 2745 4552 Lvm,
2820 4491 2906 4559 7.)
2944 4491 3177 4561 ldipsum
3215 4497 3407 4562 repetit

1886 4573 1939 4625 in
1955 4574 2086 4640 psal.
2106 4590 2244 4634 LXIX,
2277 4573 2366 4638 9.6,
2393 4575 2682 4644 adjicitque
2724 4578 2925 4630 nullum
2955 4578 3402 4650 Jerosolymislu-

1884 4665 2113 4716 daeorum
2131 4665 2450 4718 domicilium
2469 4682 2760 4734 superesse,
2781 4670 2831 4720 in
2851 4685 2952 4736 quo
2977 4664 3152 4723 Graeci
3171 4672 3403 4724 habitare

1882 4747 2106 4814 possint,
2135 4764 2314 4802 verum
2339 4751 2512 4804 excisa
2539 4753 2713 4804 omnia
2735 4768 2796 4806 ac
2828 4754 3065 4807 funditus
3083 4757 3251 4808 deleta
3283 4757 3400 4808 uni-

1883 4852 2138 4906 versaque
2164 4853 2380 4906 prorsus
2410 4841 2538 4908 ipsis
2561 4841 2765 4894 sublata
2807 4842 2972 4897 fuisse
2997 4861 3010 4909 ;
3037 4843 3106 4894 ita
3134 4851 3190 4895 ut
3223 4859 3402 4898 sacer-

1881 4924 2086 4989 dotum,
2114 4925 2520 4983 Sadducaeorum
2565 4937 2617 4981 ct
2669 4929 3056 4984 Pbarismorum
3101 4947 3167 4984 ne
3209 4947 3400 4987 nomen

1879 5015 2090 5084 quidem
2114 5027 2432 5100 superesset.

2146 5105 2224 5154 IX.
2247 5107 2544 5157 Traditiones
2581 5108 2794 5167 quaedam
2829 5108 3120 5156 Judteorum.

1947 5207 2283 5262 Hebrreorum
2327 5207 2658 5262 traditionem
2690 5207 2763 5259 ait
2789 5222 2939 5274 esse,
2983 5223 3127 5262 mare
3159 5207 3395 5263 Rubrum

1879 5299 1931 5352 in
1959 5299 2223 5352 duodecim
2265 5301 2510 5352 sectiones
2541 5298 2759 5350 divisum
2801 5298 2962 5365 fuisse
2996 5300 3268 5353 secundum
3300 5317 3399 5353 nu-

1879 5410 2072 5446 merum
2093 5392 2355 5446 duodecim
2385 5389 2639 5452 tribuum,
2672 5389 2744 5441 ita
2775 5398 2832 5442 ut
2868 5391 3089 5458 singulae
3144 5390 3314 5443 tribus
3341 5392 3395 5442 in

1878 5477 2147 5546 assignato
2185 5476 2284 5530 sibi
2330 5480 2502 5526 meatu
2549 5477 2962 5542 pertransirent;
3009 5492 3126 5544 quas
3161 5479 3399 5530 narratio

1878 5573 1982 5619 non
2003 5568 2209 5621 Vldt‘lur
2238 5579 2358 5615 cum
2387 5563 2563 5615 divina
2588 5563 2862 5633 Scriptura
2884 5582 3198 5626 consonare,
3235 5575 3398 5633 atque

1880 5659 1996 5714 ideo
2035 5659 2171 5712 inter
2205 5653 2521 5708 Rabbinicas
2573 5655 2777 5712 fabulas
2832 5659 2964 5713 forte
3019 5659 3394 5727 computanda.
