3818 6352
560 326 626 379 59
1218 316 1479 374 EUSEBll
1518 308 1982 365 (Z/ESARIENSIS
2018 307 2166 363 OPP.
2200 304 2376 359 PARS
2408 303 2492 356 ΙΙΙ.
2534 335 2600 345 -—
2631 299 3030 356 EXEGETICA.
3686 289 3700 331 ί

563 438 702 493 Inter
730 437 1067 491 Hebraeorum
1116 434 1423 486 traditiones
1459 428 1658 495 pariter
1704 424 2081 478 recensendum
2113 427 2155 480 Α
2183 426 2326 482 runt,
2372 432 2596 485 quorum
2635 418 2713 469 vis
2744 422 2795 469 et
2843 410 3111 466 sententia
3151 400 3422 457 nondum
3456 398 3699 449 observat

561 537 643 583 est
670 527 809 597 quod
837 527 994 579 habet
1020 524 1297 580 Eusebius,
1323 516 1536 570 Azotios
1558 514 1678 567 ideo
1704 513 1754 565 in
1777 511 2089 581 posteriori-

564 618 665 672 bus
693 626 743 669 et
794 616 1071 686 podicibus
1102 620 1383 679 percussos
1412 620 1551 667 esse,
1583 601 1735 672 quod
1777 602 1842 653 iis
1875 600 1927 652 in
1970 614 2091 667 par-

563 710 704 761 tibus
734 712 1062 776 peccassent.
1098 707 1148 754 et
1181 698 1543 768 ἁρῤενοκοῖται
1594 698 1795 752 essent,
1827 691 1929 744 nisi
1984 690 2092 742 for-

565 807 707 851 tasse
735 814 794 851 ea
830 792 1037 847 Eusebii
1067 789 1253 857 ipsius,
1279 801 1376 839 nec
1423 786 1490 838 ab
1542 783 1659 837 aliis
1691 790 1904 848 accepta
1934 778 2091 831 fuerit

564 890 761 955 opinio.

566 997 619 1047 Χ.
647 996 1013 1045 Christianorum
1040 990 1305 1096 irequerltéia
1330 987 1379 1033 in
1401 984 1676 1041 Moabitide,
1700 981 2019 1030 Ammonitide
2042 984 2093 1026 et

1272 1060 1437 1094 umzea.

1272 1060 1437 1094 umma.

632 1157 685 1209 in
726 1156 835 1208 haec
880 1154 1040 1206 verba
1104 1150 1237 1219 psal.
1287 1163 1415 1212 cvu,
1468 1145 1552 1206 10,
1603 1142 1756 1196 Moab
1810 1141 1945 1203 labes
1986 1142 2092 1208 spei

564 1264 706 1309 mere,
737 1248 788 1298 in
828 1239 1109 1297 Idumaram
1160 1224 1431 1292 extendam
1481 1236 1877 1288 calceamentum
1905 1248 2090 1295 meum,

563 1338 668 1391 duo
713 1336 867 1389 nobis
897 1332 1064 1401 aperit
1094 1330 1376 1389 Eusebius,
1410 1325 1656 1378 nimirum
1683 1322 2015 1375 Ammonitas
2041 1328 2093 1374 ct

566 1426 823 1479 Moabitas
878 1425 1020 1476 inter
1074 1420 1277 1471 Arabas
1326 1430 1438 1469 εενο
1467 1429 1563 1468 suo
1598 1413 1749 1467 sedes
1805 1411 2090 1475 habuisse;

562 1520 794 1587 itemque
843 1530 1005 1584 penes
1054 1512 1402 1575 Ammouitas,
1452 1508 1707 1561 Moabilas
1738 1514 1789 1559 et
1837 1502 2094 1556 ldumzeos

564 1609 822 1662 inﬁnitam
886 1622 1005 1659 esse
1055 1602 1477 1656 Christianorum
1534 1595 1945 1656 multitudinem,
1986 1593 2096 1646 haec

564 1700 680 1767 ejus
720 1698 879 1751 verba
908 1703 1032 1749 sunt
1068 1713 1080 1747 :
1114 1692 1178 1745 Et
1210 1693 1316 1743 ha‘c
1349 1706 1493 1757 opere
1526 1687 1778 1754 completa
1819 1684 1933 1736 licet
1972 1682 2094 1748 ipsis

566 1789 723 1841 oculis
757 1786 1008 1853 percipere
1036 1785 1118 1843 iis,
1175 1782 1263 1850 qui
1296 1781 1349 1831 in
1377 1779 1606 1831 Arabum
1647 1778 1847 1844 regione
1874 1771 2096 1841 peregri-

566 1884 775 1934 nantur,
834 1889 945 1925 cum
986 1871 1184 1923 videant
1242 1866 1503 1919 Moabitas
1533 1875 1579 1917 et
1622 1863 1966 1919 Ammon’itas,
2015 1858 2099 1925 qui

565 1980 711 2030 penes
743 1963 859 2014 illos
894 1977 1077 2028 magno
1114 1972 1321 2010 numero
1374 1965 1513 2014 sunt,
1570 1953 1825 2005 Ecclesias
1880 1948 1974 2000 Dei
2009 1947 2101 1997 im-

566 2056 719 2120 plere.
756 2052 1121 2116 Similiterque,
1159 2066 1175 2097 ‹
1215 2047 1267 2099 in
1303 2044 1610 2103 Iduma’am,
1645 2041 1835 2108 inquit,
1868 2051 2100 2089 conscen-

566 2144 687 2195 dam
736 2143 1075 2195 calceamento
1134 2152 1272 2194 meo,
1338 2153 1355 2184 ›
1393 2131 1671 2185 secundum
1712 2125 2096 2197 Symmachum.

570 2236 736 2298 Quam
781 2234 899 2283 item
936 2226 1313 2296 prazdictionem
1335 2224 1385 2273 in
1407 2230 1640 2289 promptu
1675 2227 1747 2270 est
1794 2215 2100 2283 completam

568 2323 733 2376 videre
781 2322 845 2371 iis
872 2320 955 2385 qui
990 2321 1039 2368 in
1065 2316 1348 2368 Iduma’am
1399 2309 1694 2370 concedunt,
1732 2316 1779 2359 et
1811 2302 2102 2357 multitudi-

568 2428 679 2464 nem
719 2408 1065 2460 Ecclesiarum
1106 2404 1199 2455 Dei
1238 2402 1307 2453 ibi
1345 2399 1698 2466 conspiciunt.
1732 2406 1786 2446 ut
1839 2402 2101 2446 cunctetur

570 2512 713 2547 nemo
738 2493 989 2559 conﬁteri,
1022 2507 1130 2542 rere
1164 2491 1216 2541 in
1266 2491 1378 2539 loca
1402 2486 1496 2537 illa
1550 2498 1875 2536 conscensum
1905 2481 2100 2547 factum

566 2602 619 2638 es
625 2602 693 2638 se.

572 2692 634 2740 XI
678 2689 915 2739 Eusebius
934 2690 1002 2737 ait
1022 2686 1250 2734 mundum
1271 2684 1498 2754 sphaerica
1523 2681 1665 2728 forma
1689 2692 1814 2727 esse.
1844 2678 2030 2727 Montes
2051 2681 2102 2725 et

1024 2754 1184 2808 petras
1207 2757 1384 2792 sensnm
1412 2754 1654 2789 crescere.

639 2851 898 2904 Eusebius
947 2847 1061 2916 qui,
1092 2847 1167 2899 uti
1200 2846 1430 2899 diximus
1452 2885 1466 2910 ,
1511 2840 1957 2910 descriptionibus
1991 2839 2100 2907 ple-

572 2956 792 3009 rumque
824 2939 1032 3009 gaudet,
1053 2938 1115 2989 ad
1141 2938 1408 3005 physicam
1439 2932 1660 2985 subinde
1690 2929 2101 2998 speculationem

2189 506 2564 575 interpretibus
2595 504 2806 559 errandi
2838 502 3055 555 occasio
3096 510 3225 550 esse
3258 487 3517 555 possint.
3559 485 3693 552 Huju

2188 599 2326 653 modi
2352 604 2524 650 autem
2546 610 2711 664 pauca
2733 595 2813 646 his
2830 594 2883 643 in
2906 579 3337 642 commentariis
3365 583 3607 635 exstant,
3630 590 3699 643 qu

2189 704 2304 741 rum
2336 685 2596 755 praecipua
2628 684 2714 735 hic
2756 679 3075 747 consignare
3112 680 3166 726 et
3198 666 3520 735 explanare
3553 664 3700 717 visuu

2190 792 2309 831 nam
2333 775 2616 829 minutiora
2645 771 2707 824 ad
2731 769 2958 823 indicem
2991 777 3178 818 rerum
3212 758 3582 821 allegamus-

2572 881 2608 930 Ι.
2632 883 2773 930 Vocis
2807 893 2883 939 βὶος
2909 888 3025 924 usus
3049 867 3360 931 singularis.

2260 986 2554 1059 Singularis
2576 993 2655 1038 est
2678 980 2816 1049 apud
2842 975 3131 1030 Eusebium
3155 967 3326 1023 vocis
3358 964 3477 1032 βίος
3510 962 3699 1030 εἱςῃίςὶι

2189 1078 2262 1130 tio
2288 1095 2299 1127 :
2334 1053 2529 1143 passim
2558 1072 2749 1139 quippe
2769 1082 2864 1136 pro
2890 1078 3083 1135 genere
3120 1058 3433 1113 hominum
3464 1053 3700 1119 accipitu

2192 1167 2268 1218 sic
2290 1140 2422 1232 psal.
2446 1179 2497 1224 ν,
2518 1162 2550 1213 ‘2
2571 1180 2583 1213 :
2606 1159 2847 1219 Τοιοῦτος
2880 1154 2975 1224 μὲν
2996 1147 3085 1204 οὖν
3108 1148 3435 1214 ἐτύγχανεν
3462 1142 3577 1202 πᾶς
3610 1140 3638 1189 ὀ
3679 1157 3700 1191 τ

2189 1230 2396 1323 τῆς-τοῦ
2418 1252 2655 1321 Σωτῆρος
2678 1247 2826 1319 ἡμῶν
2847 1241 3141 1315 παρουσίας
3166 1237 3313 1306 βίος,
3350 1232 3410 1285 id
3444 1242 3560 1296 est,
3594 1230 3700 1297 Huj

2192 1343 2566 1411 modiprofecto
2596 1347 2836 1394 eratante
2856 1333 3149 1391 Saivatoris
3176 1327 3488 1380 adventum
3509 1331 3680 1375 totum

2188 1435 2384 1486 'minum
2412 1448 2565 1501 genus
2592 1447 2609 1483 :
2636 1427 2834 1498 etpsal.
2857 1441 3019 1489 van,
3042 1438 3189 1477 vers.
3214 1420 3249 1473 5
3283 1436 3296 1470 :
3322 1418 3449 1467 Ἵνα
3484 1414 3601 1483 γὰρ
3623 1415 3695 1463 ἐπ

2195 1526 2369 1588 ὁΘεὸς
2392 1525 2466 1593 τῷ
2492 1526 2596 1576 τῶν
2620 1520 2909 1592 ἀνθρώπων
2939 1518 3054 1586 βίῳ,
3085 1517 3189 1568 hoc
3218 1520 3330 1576 est,
3370 1509 3521 1561 Nam
3558 1520 3616 1558 ut
3648 1509 3699 1557 Di

2200 1617 2265 1669 ad
2296 1616 2554 1667 hominum
2583 1628 2736 1680 genus
2770 1609 3044 1671 accederet,
3078 1614 3129 1656 et
3159 1600 3377 1670 passim
3411 1599 3562 1651 alios
3594 1615 3605 1647 :
3638 1600 3699 1649 ili

2128 1738 2179 1790 BI
2198 1718 2300 1771 que
2334 1704 2383 1754 in
2412 1702 2513 1753 ﬁne
2540 1716 2590 1752 γι
2624 1700 2738 1751 libri
2771 1692 3176 1762 Prceparationis
3207 1688 3572 1757 evangelicar,
3598 1689 3627 1738 ὁ
3653 1703 3700 1736 σε

2200 1808 2309 1853 πας
2336 1791 2440 1842 τῶν
2470 1788 2757 1857 ἀνθρώπων
2792 1786 2917 1855 βίος,
2943 1785 3243 1836 universum
3279 1780 3578 1832 hominum
3608 1794 3700 1844 gen

2203 1880 2456 1934 Similiter
2504 1879 2857 1939 Athanasius,
2904 1885 2943 1929 t.
2977 1874 3027 1938 Ι,
3084 1888 3213 1943 pag.
3257 1872 3436 1931 1253,
3478 1869 3700 1922 καταλα

2201 1970 2470 2038 νευόμενοι
2508 1969 2598 2020 τοῦ
2642 1968 2743 2019 τῶν
2788 1965 3079 2035 ἀνθρώπων
3110 1963 3254 2031 βίου,
3303 1958 3547 2026 superbe
3584 1975 3700 2026 age:

2203 2059 2470 2110 adversum
2502 2072 2654 2124 genus
2697 2056 2997 2106 humanum.
3037 2053 3157 2117 Quo
3196 2052 3380 2105 etiam
3430 2063 3547 2101 usu
3592 2051 3645 2098 in
3684 2061 3699 2097 ε

2201 2148 2325 2200 item
2358 2146 2707 2213 scriptoribus
2743 2145 2994 2207 occurrit,
3040 2154 3089 2196 et
3126 2143 3182 2194 in
3235 2139 3547 2193 Heliodori
3582 2136 3700 2190 ΔΕΗ

2204 2238 2339 2308 picis
2363 2252 2466 2290 nou
2496 2237 2657 2290 semel
2686 2236 3016 2288 observatur.

2670 2336 2730 2384 Il.
2762 2335 2981 2393 Itemque
3007 2347 3070 2381 τοῦ
3095 2339 3220 2380 sua.

2264 2415 2379 2471 Alia
2410 2431 2509 2469 vox
2529 2422 2630 2477 est,
2651 2415 2702 2467 in
2723 2428 2826 2481 qua
2856 2412 2978 2465 item
3009 2409 3205 2462 Latine
3237 2404 3670 2459 transferenda

2197 2508 2350 2575 pauci
2381 2507 2695 2574 interpretes
2742 2503 3014 2561 labuntur,
3059 2498 3281 2553 scilicet
3325 2496 3555 2557 δοκεῖν,
3617 2494 3700 2546 vid

2196 2593 2368 2655 δοκεῖ,
2421 2594 2660 2648 videtur:
2705 2588 2844 2657 quod
2891 2588 3111 2640 verbum
3150 2584 3332 2653 vulgo
3372 2591 3699 2649 usurpatur

2196 2680 2537 2735 minuendam
2554 2678 2951 2730 atlirmationem
2973 2692 2987 2739 ;
3006 2674 3079 2726 ita
3109 2679 3171 2725 ut
3200 2673 3277 2734 si,
3314 2670 3493 2725 verbi
3520 2682 3700 2722 causa

2199 2771 2444 2839 quopiam
2465 2768 2691 2829 dicatur,
2715 2766 2857 2818 δοκεί
2887 2760 3021 2816 εἶναι
3055 2761 3245 2828 σοφός,
3294 2761 3537 2813 videtur
3585 2774 3700 2811 esse

2197 2863 2361 2931 piens,
2393 2860 2445 2912 id
2471 2866 2527 2911 ut
2562 2860 2926 2911 asseveranter
2953 2853 3158 2906 dictum
3200 2865 3327 2903 non
3368 2852 3698 2916 habeatur,

2199 2950 2583 3006 dubitationem
2625 2944 2906 3016 quamdam
2947 2944 3225 3013 praeferat.
3269 2943 3513 2997 Verum
3560 2944 3694 3011 freq

572 3031 813 3083 verum“
850 3028 935 3080 Αίί
961 3042 1085 3081 vero
1115 3042 1219 3079 "0“
1264 3039 1370 3118 “P9
1400 3024 1517 3118 loc?
1562 3020 1817 3118 mm}de
1844 3017 2099 3118 δνιηξετίθθ
2129 3045 2169 3101 C
2201 3041 2405 3118 tissime
2436 3037 2573 3107 apud
2603 3035 2892 3102 scriptores
2920 3033 3055 3086 bene
3088 3034 3310 3086 multos
3344 3033 3521 3086 δοκεῖ
3550 3034 3700 3086 nihil

574 3120 742 3175 forma
797 3134 915 3173 esse
971 3136 984 3170 :
1050 3132 1166 3185 qua:
1214 3115 1394 3183 Opinio
1438 3114 1563 3169 olim
1608 3111 1906 3180 agitabatur
1961 3110 2103 3162 inter

576 3212 900 3279 scriptores;
947 3208 1065 3261 aliis
1111 3208 1342 3275 planam,
1376 3203 1645 3256 montibus
1687 3210 1861 3253 tamen
1910 3199 2103 3253 distin-

575 3313 735 3360 ctam,
761 3306 913 3350 terrae
941 3295 1270 3364 superﬁciem
1327 3290 1755 3361 prmdicantibus,
1799 3304 1829 3342 e
1880 3302 2103 3356 quormn

576 3402 799 3440 numero
841 3386 1168 3453 Augustinus
1218 3390 1269 3437 et
1315 3381 1537 3435 Cosmas
1584 3378 1869 3447 Egyptius
1910 3392 2107 3444 prona-

577 3478 730 3539 chus,
785 3476 874 3544 qui
924 3475 1112 3527 librum
1166 3489 1227 3525 ea
1282 3471 1347 3524 de
1395 3484 1455 3523 re
1503 3468 1665 3521 edidit
1700 3465 2105 3534 Topographiam

579 3564 933 3618 Christianam
965 3554 1317 3627 inscriptum,
1348 3558 1438 3609 ubi
1482 3557 1740 3623 sphaeram
1798 3556 1967 3608 sacris
1998 3553 2108 3606 Lit-

578 3654 709 3705 teris
758 3658 935 3717 aperte
964 3662 1257 3717 repugnare
1282 3646 1553 3699 contendit
1588 3645 1708 3708 ille;
1737 3644 1856 3696 aliis
1903 3658 2103 3705 veram,

580 3750 632 3793 et
659 3740 1015 3808 experimento
1056 3739 1266 3791 demum
1297 3745 1554 3789 assertam
1585 3773 1598 3795 ,
1628 3735 1927 3801 Opinionem
1957 3744 2108 3787 tuen-

582 3831 744 3893 tibus,
802 3830 973 3898 qualis
1020 3827 1296 3888 Eusebius,
1347 3825 1436 3893 qui
1485 3826 1737 3877 mundum
1793 3823 2106 3891 sphmricum

581 3936 699 3974 esse
752 3935 856 3972 non
909 3918 1068 3972 semel
1098 3917 1369 3969 indicavit.
1405 3914 1530 3967 Eam
1563 3922 1737 3967 tamen
1768 3912 2103 3973 sententiam,

583 4026 687 4065 non
716 4017 772 4063 ut
801 4024 951 4062 suam
984 4008 1091 4071 ille,
1122 4005 1214 4059 sed
1244 4012 1303 4057 ut
1333 4006 1558 4058 alienam
1593 4002 1760 4056 aﬁert.
1805 4000 2108 4055 Verisimile

584 4100 705 4153 item
740 4098 1026 4151 arbitratur
1054 4103 1260 4149 montes
1317 4103 1369 4149 et
1400 4101 1574 4163 petras
1608 4092 1803 4146 sensim
1845 4106 2107 4151 crescere,

583 4198 743 4257 atque
772 4188 995 4242 occultis
1025 4187 1332 4255 intimisque
1364 4182 1702 4237 incrementis
1732 4181 1959 4247 majores
1987 4196 2109 4234 eva-

580 4281 741 4344 dere;
768 4294 883 4347 qua
911 4276 1281 4347 quorumdam,
1309 4275 1479 4344 inquit
1501 4274 1606 4334 ille,
1624 4273 1706 4327 sui
1728 4270 1821 4325 aevi
1848 4271 2109 4340 physiolo-

2203 3132 2319 3185 nuit
2350 3127 2773 3189 allirmationem,
2813 3131 2871 3177 ut
2911 3123 3143 3191 exempli
3181 3127 3384 3191 gratia
3435 3127 3500 3178 in
3548 3126 3649 3180 bis
3686 3143 3700 3177 t

2203 3218 2476 3274 mentariis
2512 3217 2575 3269 ad
2596 3215 2855 3284 psalmum
2880 3228 3067 3273 cxvnl,
3099 3228 3252 3267 vers.
3289 3215 3442 3280 156,
3480 3216 3561 3269 de
3604 3215 3700 3269 Dei

2204 3316 2341 3367 citur
2378 3309 2704 3369 δικαιότατος
2737 3302 2870 3359 εἶναι
2910 3306 3072 3367 δοκεῖ,
3108 3305 3202 3358 ubi
3268 3308 3660 3363 vertendum

2204 3406 2384 3468 dubio,
2421 3401 2741 3470 justissimus
2783 3409 2877 3451 cst.
2936 3396 3229 3450 Innumera
3266 3400 3547 3466 proferri
3610 3417 3700 3470 po:

2204 3508 2323 3546 cum
2350 3508 2413 3545 ex
2439 3490 2687 3549 Eusebio,
2727 3496 2835 3539 tum
2861 3501 2926 3539 ex
2952 3485 3070 3538 aliis
3099 3486 3522 3553 scriptoribus
3555 3506 3699 3544 exet

2207 3581 2295 3635 Sic
2322 3581 2457 3650 apud
2487 3578 2858 3637 Athanasium,
2920 3577 3005 3627 ἵνα
3041 3575 3221 3628 τοίνυν
3252 3580 3362 3630 καὶ
3395 3573 3489 3632 ὧν
3536 3583 3700 3633 ὲπιθπ

2204 3671 2546 3740 τετυχηκέναι
2586 3668 2811 3735 δοκοίης,
2856 3674 2913 3717 ut
2956 3666 3113 3733 igitur
3159 3678 3369 3734 aptata
3439 3688 3700 3741 conseqi

2209 3759 2310 3815 Sed
2334 3763 2440 3824 jam
2478 3760 2577 3812 hac
2604 3758 2669 3811 de
2699 3773 2757 3809 re
2787 3763 3071 3808 tractatum
3097 3772 3126 3809 a
3151 3759 3329 3813 nobis
3376 3771 3508 3816 est.

2360 3922 2365 3928 ,
2386 3868 2464 3915 lli.
2488 3872 2716 3929 ὲνωηάνιιν
2732 3866 3109 3925 quidsigniﬁcet
3130 3869 3267 3927 apud
3296 3870 3659 3923 Eusebium.

2274 3971 2331 4025 In
2356 3968 2697 4023 Onomastico
2725 3968 2789 4021 ad
2813 3968 3090 4022 Athanasii
3118 3969 3310 4038 Opera
3351 3981 3700 4033 monuimu

2207 4080 2318 4118 cem
2351 4060 2683 4128 ἐντυγχάνειν
2717 4059 3027 4126 plerumque
3059 4059 3427 4129 signiﬁcare,
3474 4085 3700 4139 conqm

2208 4154 2414 4221 aliquo,
2462 4164 2734 4208 accusare,
2790 4148 3084 4213 petitionem
3154 4150 3445 4206 adversus
3524 4176 3700 4228 quem

2206 4240 2423 4310 principi
2468 4238 2544 4291 vel
2580 4235 2910 4304 magistratui
2946 4237 3132 4303 offerre
3156 4254 3173 4289 :
3217 4248 3277 4292 et
3319 4260 3562 4301 vocem
3599 4253 3700 4304 ὲνπ

584 4324 707 4334 *ν’*
728 4324 741 4344 ν
770 4324 883 4347 Ὶ“”’“’
913 4324 1281 4347 Ί“’⁹““”“’““’”’”’⁷
1310 4324 1476 4344 “““ι“““
1503 4324 1606 4334 "qr
1632 4324 1669 4327 -ν
1736 4324 1761 4325 η
1850 4324 1863 4339 ι
1921 4324 1969 4340 4⁷
2296 4332 2305 4342 .
2340 4332 2351 4343 ,
2594 4332 2595 4335 η
2862 4324 2873 4336 .
3126 4327 3137 4338 ,

582 4386 768 4439 gorum
796 4378 908 4423 erat
927 4368 1211 4436 opinio;ut
1233 4367 1387 4434 jame
1408 4364 1605 4418 nostris
1621 4373 1743 4416 sunt
1765 4362 1853 4430 qui
1880 4363 2106 4429 idipsum
2141 4351 2183 4403 ῐ)
2207 4328 2784 4439 Ρθί¹ί²⁰ηθ¹ηέἀξθτδι¹⁵
2807 4325 3063 4393 ahquem‘
3094 4343 3211 4381 S'Ve
3245 4341 3699 4394 ασσυδατίοηει

2210 4438 2213 4439 ν
2256 4422 2429 4439 μη--
2559 4431 2581 4439 Α
2628 4430 2703 4439 η..
2741 4431 2838 4439 ..-..
2892 4419 3229 4439 -.__-_.--.----,,
3259 4438 3291 4439 ,,
3418 4427 3434 4438 .
3549 4431 3566 4439 -
3603 4432 3617 4439 -

585 4463 935 4527 propugnent,
964 4455 1443 4524 experimentisque
1472 4451 1769 4507 manifestis
1810 4466 1918 4505 rem
1964 4466 2106 4504 com—

586 4548 797 4619 probari
822 4546 1103 4600 aiﬁrment.

1188 4653 1408 4709 CAPUT
1447 4651 1513 4706 X.

587 4782 650 4820 DE
702 4782 985 4821 ιυιοτιεως
1030 4782 1230 4819 ευεεωι
1271 4782 1320 4819 IN
1354 4780 1437 4818 HIS
1472 4777 1893 4823 COMIENTARHS,
1946 4778 2011 4814 ET
2046 4778 2109 4814 DE

751 4851 1018 4891 SlNGULABl
1050 4850 1365 4896 QUARUMDAM
1400 4848 1571 4888 τοίίοκ
1602 4848 1944 4887 SlGNIFlCATU.

590 4938 632 4996 I.
673 4944 818 4997 Vocis
840 4945 974 5009 βίος
1001 4962 1124 4998 usus
1165 4946 1460 5011 singularis.
1506 4941 1587 4995 II.
1623 4942 1847 5011 Itemque
1884 4940 1985 5011 τοῦ
2019 4940 2111 5011 Q0-

834 5013 953 5081 111ἶ
970 5008 1395 5081 ίἘντυγχᾶνειν
1425 5012 1544 5080 quid
1566 5008 1822 5081 signiﬁcat
1844 5009 1979 5081 apud
2017 5008 2115 5060 Eu-

662 5079 872 5161 sebium.
899 5080 925 5130 Ι
941 5080 998 5133 V.
1021 5079 1369 5161 Πείρίστᾳεις
1382 5098 1476 5161 pro
1492 5080 1807 5161 calamitate:
1844 5079 1900 5131 V.
1950 5080 2115 5129 Ὑπα-

665 5149 858 5197 κούειν
884 5150 1199 5213 respondere.
1244 5150 1337 5205 VI.
1374 5150 1659 5217 ΣωτήριΟς
1678 5149 1819 5217 quid,
1846 5157 1941 5200 etc.

664 5255 775 5309 Etsi
804 5271 831 5307 a
858 5255 1034 5309 multis
1070 5260 1353 5331 Graeceque
1382 5261 1716 5330 peritissimis
1738 5260 1889 5320 viris,
1927 5258 1978 5309 in
2006 5258 2115 5309 col-

596 5345 801 5411 ligenda
848 5342 1145 5396 Graecarum
1198 5352 1430 5403 omnium
1493 5365 1684 5405 vocum
1736 5347 2116 5417 signiﬁcatione

596 5439 741 5482 tanta
771 5439 840 5484 Sll.
874 5431 1134 5484 industria
1165 5434 1499 5502 desudatum,
1528 5449 1583 5492 ut
1615 5452 1876 5508 perpauca
1912 5436 2019 5503 jam
2050 5436 2115 5488 ad

600 5520 883 5584 Ροτίυσιυω
918 5518 1214 5571 (ἶνωεοτιιῐη
1253 5525 1570 5592 scriptorum
1601 5522 1994 5593 intelligentiam
2024 5520 2116 5573 de—

601 5605 889 5661 siderentur
917 5623 929 5672 ;
967 5607 1189 5662 subinde
1210 5618 1382 5666 tamen
1412 5615 1625 5669 nomina
1646 5615 1908 5682 verbaque
1929 5625 2115 5665 occuro

2204 4422 2452 4491 primere.
2510 4417 2708 4469 Eodem
2741 4431 2842 4468 usu
2892 4419 3365 4486 κατεντυγχάνειν
3417 4427 3491 4480 in
3549 4431 3664 4487 his

2203 4509 2478 4564 mentariis
2497 4505 2750 4593 occurrit,
2772 4519 2853 4573 ps.
2880 4505 3059 4593 run?
3079 4524 3092 4557 :
3115 4508 3387 4578 Ἧρμοζε
3415 4516 3491 4569 δὲ
3521 4520 3611 4574 τὰ
3636 4541 3699 4593 π,

2208 4613 2338 4665 μενα
2362 4594 2452 4646 καὶ
2495 4592 2568 4661 τῷ
2606 4594 2850 4663 προφήτῃ
2893 4590 3069 4661 Ἠλίᾳ,
3104 4594 3164 4656 ὃς
3211 4596 3387 4667 ἔλεγε
3442 4590 3700 4667 uastare

2204 4701 2307 4737 νων
2358 4683 2446 4735 τοῦ
2487 4681 2645 4734 λαοῦ·
2694 4682 2897 4747 Κύριε,
2948 4680 3090 4745 τοὺς
3133 4689 3503 4760 προφήτας
3567 4718 3699 4756 σοι

2205 4775 2486 4835 ἐκτειναν,
2529 4772 2623 4824 καὶ
2656 4770 2724 4822 τὰ
2755 4769 3145 4836 θυσιαστήριά
3191 4790 3316 4829 σου
3374 4788 3700 4847 κατέσχε

2208 4864 2259 4917 id
2293 4872 2373 4916 est
2412 4878 2425 4913 :
2468 4861 2590 4913 H'wc
2610 4875 2762 4927 porro
2796 4859 2960 4911 Helia:
2988 4862 3258 4928 propheta?
3275 4882 3699 4942 congruebar

2211 4952 2426 5003 Domino
2468 4958 2646 5002 contra
2682 4949 2926 5016 populum
2967 4951 3279 5017 supplicans
3324 4959 3421 5013 ita
3486 4966 3695 5039 (aqua

2217 5058 2234 5091 (
2272 5040 2506 5101 Domine,
2556 5038 2827 5106 prophetas
2867 5047 2979 5091 tuos
3008 5041 3346 5112 occiderunt,
3378 5065 3449 5107 et
3486 5038 3700 5119 altari

2225 5134 2596 5191 subrerterunt,
2624 5137 2731 5183 etc.
2792 5149 2809 5180 ι

2623 5239 2700 5288 IV.
2733 5255 2946 5303 ηιριστσοις
2975 5253 3062 5301 pro
3085 5244 3409 5302 calamitate.

2280 5341 2595 5410 Περίστασις
2670 5345 2809 5399 idem
2858 5344 2957 5398 sibi
2995 5345 3108 5396 Vult
3154 5354 3307 5417 quod
3354 5361 3700 5429 circumsz

2213 5430 2347 5498 apud
2376 5430 2787 5499 Quintilianum,
2823 5433 3077 5488 Senecam
3119 5447 3173 5491 ct
3204 5440 3272 5495 A.
3296 5444 3633 5514 Gellium-
3677 5467 3700 5514 π

2212 5522 2495 5589 aliquando
2537 5524 2798 5592 signiﬁcat
2843 5539 3162 5592 aerumnam,
3211 5506 3695 5610 infaustu—rnnc

2213 5610 2588 5664 calamitatem.
2616 5612 2732 5677 Quo
2758 5629 2918 5669 sensu
2944 5629 3157 5687 semper
3179 5620 3236 5676 in
3264 5625 3351 5681 his
3378 5644 3700 5700 common
