3818 6344
224 368 299 421 σί
1020 349 1573 422 COMMENTARIA
1613 368 1674 424 IN
1714 370 1792 424 PS

1890 372 2039 426 MOS.
2070 405 2136 414 —
2169 372 2691 427 ΡΒΕῌΜΙΝΑΒΙΑ.
3366 378 3431 431 62

228 476 523 538 υςυτριιατ.
541 465 624 559 Sic
639 479 718 559 ps.
741 478 817 559 tv,
835 463 1022 559 9,10}
1060 470 1302 531 Μαθὼν
1318 483 1430 555 γὰρ
1447 488 1593 558 παρά
1609 489 1696 539 τοί
1712 490 1792 539 Σω

1890 487 2068 544 _tenda
2099 498 2179 540 est
2206 490 2317 541 :sic
2366 491 2399 557 ἡ
2435 492 2689 559 σωτήριος
2712 490 3033 552 διδασκαλία,
3057 489 3301 541 salutaris
3332 490 3428 540 do-

223 575 301 640 τῆ
310 579 396 638 ρος
420 560 498 611 καὶ
517 558 617 609 τῶν
642 557 747 608 σῶν
776 557 1166 628 ἐπαγγελιῶν,
1187 568 1307 633 ὅτι,
1326 576 1486 628 εἶκαὶ
1512 578 1577 630 τὰ
1596 578 1792 647 μάλιστι

1919 573 2119 636 ctrina;
2159 576 2331 642 aptius
2366 586 2539 629 autem
2563 557 2788 640 “vertas,
2823 575 3107 630 Saluatoris
3160 577 3426 637 doctrina;

224 653 374 713 κατὰ
402 648 477 699 τὸν
521 645 781 698 ἐνεστῶτα
829 647 944 716 βίον
983 648 1176 707 λύπαι
1223 676 1322 728 μοι
1369 666 1462 716 καὶ
1496 645 1693 733 θλίψεις
1728 683 1792 718 κα

1917 661 2101 713 eodem
2141 665 2295 717 modo
2339 667 2475 733 apud
2505 666 2876 730 Athanasium,
2912 666 2973 717 τὸ
3002 667 3256 733 σωτήριον
3293 681 3426 735 μαρι

227 741 511 813 πειρασμοὶ
552 740 641 791 καὶ
690 741 1059 809 περιστάσεις
1122 750 1192 801 οὐ
1250 752 1645 817 διαλείπουσιν,
1704 756 1792 808 ἀλλ

1917 750 2131 822 τύριον,
2172 759 2473 823 martyrium
2511 757 2621 811 sive
2662 756 2875 808 ecclesia
2919 755 3225 810 Servatoris.
3262 754 3316 807 ln
3347 755 3430 809 his

229 840 391 891 ἔσται
412 848 488 899 μοι
507 829 686 900 καιρὸς
714 830 744 881 ὁ
775 831 877 901 τῆς
903 833 1258 909 ἀπαλλαγῆς
1291 825 1387 895 τοῧ
1416 845 1674 914 σώματος,
1700 845 1792 897 καθ

1917 857 2041 895 vero
2069 847 2458 900 commentariis
2489 848 2567 901 sic
2595 846 2702 900 fere
2733 861 2938 914 semper
2967 846 3244 912 intelligas.

231 930 301 980 ὃν
330 927 385 976 ὲν
409 922 580 992 εἰρήνῃ
604 922 911 992 ποιήσομαι
933 924 1037 995 τὴν
1074 929 1349 1001 κοίμησιν
1371 951 1383 963 ο
1418 934 1517 987 hoc
1537 942 1616 987 est
1642 953 1654 987 :
1687 933 1792 987 Cun

1978 930 2034 982 In
2066 931 2149 983 his
2178 934 2569 987 commentariis
2602 934 2795 1001 passim
2824 934 3093 994 observes,
3116 946 3295 984 vocem
3319 930 3431 982 ἀλλ’

238 1016 377 1069 enim
406 1030 433 1062 a
463 1010 751 1075 Saluatore,
792 1029 965 1083 exque
1006 1023 1304 1085 promissis
1354 1026 1458 1076 tuis
1503 1024 1811 1090 edidicerim,
1912 1021 1966 1089 ἡ.
1997 1034 2113 1088 qua:
2139 1020 2420 1088 signiﬁcat,
2456 1022 2573 1082 nisi,
2606 1024 2688 1075 ubi
2713 1023 2948 1090 sequitur
2984 1020 3203 1080 vocalis,
3233 1020 3430 1074 omissa

243 1102 443 1158 etiamsi
468 1102 584 1153 mihi
613 1101 852 1171 dolores,
882 1123 1171 1175 wrumnw,
1200 1115 1528 1177 tentationes,
1552 1116 1813 1167 calamita-
1911 1109 2167 1176 partiCUIa
2190 1144 2206 1170 ν
2257 1106 2322 1174 ἧι
2399 1109 2641 1179 CXPI'imi-
2720 1108 2806 1162 Sic
2861 1108 2952 1160 “b-
3038 1124 3094 1161 ιιι
3129 1128 3141 1162 ε
3176 1108 3433 1176 Κληρονο-

252 1205 332 1245 us
370 1193 418 1243 in
447 1195 685 1259 presenti
730 1196 844 1248 vita
894 1214 1003 1250 non
1049 1200 1329 1268 deﬁciant,
1378 1204 1608 1271 futurum
1644 1215 1792 1256 tamet

1912 1196 2004 1264 μία
2034 1196 2088 1247 δὲ
2129 1196 2288 1247 αὐτοῦ
2318 1195 2399 1256 τίς
2436 1192 2500 1264 ἦν
2530 1195 2661 1264 μετὰ
2695 1195 2782 1245 τὸν
2814 1199 3063 1267 πρότερον
3103 1197 3224 1248 λαὸν
3252 1197 3360 1249 ἀλλ’
3396 1197 3431 1263 ἡ

250 1284 381 1334 mihi
408 1292 593 1350 tempus
635 1294 735 1343 est,
778 1303 886 1353 quo
928 1305 961 1341 a
994 1305 1220 1358 corpore
1259 1291 1498 1345 decedam
1528 1310 1588 1345 ac
1615 1296 1666 1345 in
1689 1310 1792 1360 pac.

1909 1286 1965 1349 ἐξ
1990 1286 2152 1337 ἐθνῶν
2189 1284 2491 1353 Ἐκκλησία,
2521 1284 2572 1336 id
2602 1292 2681 1338 est
2716 1303 2728 1336 :
2769 1284 3052 1339 ereditas
3089 1303 3241 1355 porro
3265 1287 3428 1343 illius.

245 1373 513 1424 dormiam.
555 1370 670 1427 Etsi
700 1382 891 1429 autem
941 1378 1031 1433 his
1090 1381 1492 1435 commentariis
1530 1398 1632 1435 νοχ
1658 1385 1810 1452 περί-
1905 1389 2140 1441 qua’nam
2169 1381 2279 1425 erat
2301 1383 2413 1439 post
2436 1374 2653 1439 priorem
2673 1373 2820 1424 illum
2839 1373 3100 1440 populum,
3130 1376 3230 1427 nisi
3252 1374 3429 1426 Eccle-

248 1478 427 1523 στασις
454 1463 653 1529 passim
689 1474 979 1531 occurrat,
1013 1469 1107 1521 vix
1138 1470 1345 1537 uspiam
1378 1471 1481 1523 alio
1520 1486 1678 1525 sensu
1708 1487 1792 1525 USt

1906 1459 1984 1511 sia
2009 1460 2272 1527 gentium?
2301 1460 2389 1512 ubi
2432 1458 2541 1511 ἀλλ’
2574 1461 2605 1528 ἠ
2634 1475 2728 1527 pro
2761 1459 2872 1511 ἀλλ’
2902 1459 2934 1528 ἢ
2962 1462 2993 1529 ή
3034 1461 3261 1528 ponitur.
3296 1459 3429 1515 Sex-

240 1551 402 1613 venit,
432 1566 592 1619 quam
628 1568 732 1620 pro
779 1556 1102 1610 calamitate
1132 1576 1146 1609 :
1188 1557 1491 1625 frequenter
1526 1558 1649 1611 item
1677 1559 1808 1612 dici-
1905 1553 2058 1598 centa
2087 1554 2239 1600 notes
2265 1547 2458 1599 similia
2500 1548 2551 1600 in
2583 1548 2666 1601 his
2690 1549 3104 1608 commentariis,
3136 1548 3223 1601 ubi
3250 1549 3427 1603 hiatus

238 1648 329 1693 ω
362 1638 749 1710 περιστατικὸς
796 1646 1021 1714 καιρὸς,
1070 1663 1166 1716 pro
1211 1655 1433 1712 tempore
1476 1648 1792 1712 calamitosa,

1902 1635 2103 1688 vitandi
2125 1652 2283 1691 causa
2310 1638 2345 1705 ἦ
2370 1645 2491 1691 ante
2517 1637 2750 1691 vocalem
2772 1638 3051 1691 omittitur.
3078 1637 3141 1691 Et
3168 1639 3427 1707 principio

230 1737 290 1781 et
313 1732 573 1785 arumnis
609 1733 802 1800 pleno,
1836 1789 1873 1800 __
1903 1729 2111 1793 quidem
2168 1734 2415 1796 putabam
2464 1743 2560 1796 ego
2605 1731 3003 1784 amanuensium
3044 1730 3172 1783 vitio
3221 1731 3252 1799 ἦ
3297 1732 3425 1783 illud

1834 1789 1875 1843 Β
1900 1817 2193 1884 excidisse;
2239 1834 2421 1871 verum
2453 1818 2576 1885 quia
2621 1818 2674 1869 in
2711 1819 2977 1883 omnibus,
3007 1819 3153 1873 nullo
3180 1829 3422 1888 excepto,

1900 1907 2171 1963 codicibus
2202 1910 2358 1961 etiam
2408 1910 2814 1977 antiquissimis,
2864 1911 2937 1964 ita
2973 1912 3168 1979 passim
3206 1912 3418 1980 legitur,

1896 2005 2099 2049 certum
2150 1998 2318 2051 habeo
2366 1999 2432 2051 ab
2463 1998 2579 2065 ipso
2623 2007 2838 2052 auctore
2878 2015 3215 2068 suppressam
3247 2002 3424 2068 εὐφω-

1895 2086 2008 2148 νίας
2033 2102 2156 2154 ergo
2207 2087 2518 2154 particulam
2552 2089 2734 2143 fuisse.
2772 2088 2957 2143 Parem
3003 2091 3237 2142 omnium
3273 2090 3419 2146 codi-

1895 2188 2013 2227 cum
2049 2188 2365 2228 consensum
2413 2175 2657 2230 advertas
2686 2178 2738 2229 in
2774 2191 2900 2231 voce
2940 2177 3294 2232 ἀποκλάεσθαι
3321 2194 3418 2248 pro

1894 2262 2292 2325 ἀποκλαίεσθαι,
2311 2264 2432 2329 ﬂere
2448 2278 2465 2323 ,'
2480 2279 2597 2330 quze
2610 2264 3036 2332 frequentissime
3054 2268 3153 2321 hoc
3184 2269 3236 2320 in
3258 2284 3421 2336 opere

1892 2358 2177 2417 comparet,
2209 2357 2260 2403 et
2302 2349 2538 2412 ἐξέκαιον,
2568 2366 2664 2418 pro
2698 2352 2951 2416 ἐξέκαιον.
2984 2352 3083 2406 Ubi
3119 2369 3298 2406 eorum
3323 2358 3411 2423 qui

1892 2436 2113 2488 antehac
2138 2434 2439 2489 Grazcorum
2480 2439 2795 2506 scriptorum
2826 2454 2983 2507 opera
3032 2440 3239 2507 publica
3277 2440 3415 2496 fece-

1888 2536 2031 2587 runt,
2064 2540 2265 2578 morem
2287 2535 2571 2582 sectamur.
2596 2528 2634 2580 li
2664 2528 2824 2590 enim,
2853 2529 2974 2596 quia
2998 2529 3272 2597 euphoniae
3293 2545 3415 2599 gra-

1888 2618 1960 2669 tia
1988 2619 2203 2686 ταμεῖον
2232 2631 2326 2685 pro
2354 2619 2612 2685 ταμιεῖον,
2632 2616 2787 2684 ὑγεία
2819 2633 2913 2685 pro
2943 2618 3115 2684 ὑγίεια
3147 2619 3417 2687 legebatur

1886 2706 1940 2759 in
1969 2706 2260 2763 codicibus.
2284 2706 2483 2759 omisso
2518 2708 2689 2774 primo
2726 2724 2761 2769 ι,
2800 2709 3017 2776 ταμεῖον
3047 2719 3099 2761 et
3131 2708 3281 2775 ὑγεία
3304 2711 3412 2778 ple-

1885 2810 2106 2863 rumque
2140 2794 2437 2849 ediderunt.
2478 2795 2788 2864 Quanquam
2838 2797 2950 2850 leve
2989 2798 3213 2853 fortasse
3234 2802 3435 2855 vides-7.

721 1863 784 1911 ν.
813 1866 1010 1914 haec“.
1034 1866 1354 1927 respondere.

288 2001 606 2058 Observata
659 2007 799 2061 item
826 2007 1033 2076 dignus
1059 2020 1143 2064 est
1178 2010 1325 2065 vocis
1360 2011 1642 2063 ὑπακούειν
1671 2027 1800 2067 usus

216 2107 313 2161 pro
348 2094 682 2160 respondere
709 2112 739 2147 :'
766 2096 928 2164 cujus
982 2097 1094 2164 jam
1142 2100 1382 2167 exempla
1412 2100 1685 2154 attulimus
1713 2108 1749 2152 t.
1769 2100 1795 2153 Ι

214 2198 453 2250 operum
481 2183 775 2238 Athanasii
794 2201 849 2254 p.
869 2187 992 2240 554.
1019 2186 1140 2239 Fuit
1156 2195 1331 2241 autem
1346 2204 1443 2241 vox
1467 2189 1649 2244 istluec
1666 2191 1798 2243 mul-

216 2278 397 2323 torum
443 2279 557 2325 tam
580 2281 858 2338 veterum,
886 2290 1049 2343 quam
1081 2277 1435 2329 recentiorum
1454 2277 1794 2345 interpretum

220 2362 511 2430 scOpulus,
537 2365 638 2432 qui
665 2364 853 2417 audire
868 2364 955 2417 vel
970 2365 1248 2418 subaudire
1272 2373 1542 2420 verterunt
1563 2386 1575 2420 :
1607 2382 1795 2435 quam~

212 2450 402 2503 obrem
440 2467 553 2504 non
575 2453 680 2506 abs
695 2469 756 2507 re
773 2453 937 2507 fuerit
952 2455 1193 2522 exempla
1209 2456 1448 2525 quzedam
1465 2471 1524 2510 ex
1547 2456 1627 2509 his
1650 2472 1794 2509 com-

212 2542 513 2595 mentariis
537 2542 814 2609 proferre.
830 2543 888 2597 ln
904 2545 1217 2613 praefatione
1230 2545 1444 2599 Eusebii
1465 2547 1517 2599 in
1534 2545 1795 2608 Psalmos,

213 2625 409 2693 (infra,
440 2631 556 2685 col.
598 2631 694 2699 81)
734 2651 748 2685 :
780 2633 971 2686 Ἦνίκα
1021 2635 1195 2687 τοίνυν
1231 2635 1452 2705 ἐσκίρτα
1497 2634 1555 2685 τὸ
1578 2633 1791 2702 Πνεῦμα

204 2718 292 2772 ἐπί
327 2737 467 2773 τινα
494 2722 609 2773 τῶν
647 2723 924 2791 ἀρχόντων
951 2723 1058 2775 τῶν
1085 2723 1388 2792 ψαλτῳδῶν,
1408 2726 1454 2776 οἱ
1482 2723 1647 2777 λοιποὶ
1673 2725 1793 2793 ἡσυ-

200 2808 321 2872 χίαν
353 2806 506 2879 ἦγον
526 2810 884 2881 παρεστῶτες
903 2814 995 2865 καὶ
1018 2813 1373 2875 ὑπακούοντες
1398 2813 1687 2883 συμφώνως
1715 2813 1793 2881 τῷ
1858 2873 1876 2903 ⁸

193 2895 494 2965 ᾁάλλοντι,
534 2900 882 2969 Ἀλληλούῖα,
918 2903 969 2955 id
998 2910 1082 2957 est
1104 2923 1115 2956 :
1140 2903 1264 2955 Cum
1282 2904 1456 2971 itaque
1482 2902 1704 2968 Spiritus
1734 2904 1787 2955 in

1890 2893 1988 2947 tur,
2017 2900 2230 2939 monere
2264 2901 2332 2939 ne
2358 2885 2550 2954 pigeat,
2584 2901 2763 2939 vocem
2800 2887 2977 2949 Δανῖδ,
3023 2903 3141 2956 qua
3177 2890 3332 2959 vulgo
3358 2891 3412 2945 in

190 2991 524 3057 mmpiam
546 2991 852 3058 principum
876 3001 1147 3045 cantorum
1169 2991 1409 3055 insiliret,
1440 2994 1608 3045 caeteri
1625 2992 1786 3061 quiete
1882 2974 2172 3073 COdiciPusf'
2199 2976 2300 3028 Δᾶδ
2345 2975 2567 3069 ιθείιυνε
2613 2975 2784 3071 ξίθηδί
2831 2984 2965 3073 “nam
2986 2978 3321 3073 άθιεοιτίῧξδξυτ
3356 2982 3410 3034 in

188 3078 443 3144 agebant
459 3088 731 3141 astantes,
752 3095 815 3131 ac
847 3095 964 3131 uoce
989 3095 1211 3132 consona
1233 3079 1785 3146 psallentiresponden-

1890 3061 2258 3115 vetustioribus
2283 3060 2682 3127 manuscriptis,
2707 3076 2801 3127 per
2832 3079 2861 3111 υ
2890 3060 3061 3115 eﬂ‘erri
3094 3062 3272 3126 Δαυῖδ,
3304 3079 3407 3117 non

188 3172 293 3230 les,
318 3169 601 3222 Alleluia.
628 3169 888 3237 Apertius
907 3185 1034 3223 vero
1064 3169 1210 3224 Psal.
1243 3185 1387 3233 ικχι,
1417 3185 1536 3223 vers
1564 3170 1627 3222 i9
1648 3188 1658 3223 :
1682 3170 1787 3221 Καὶ

1890 3160 2056 3204 autem
2092 3150 2268 3213 Aa6l6,
2317 3157 2375 3203 ut
2424 3150 2477 3202 in
2513 3148 2672 3203 editis
2704 3148 2990 3203 Bibliorum
3044 3151 3251 3219 legitur.
3285 3154 3408 3220 quia

185 3254 295 3310 ἐπε
308 3259 483 3327 ιδήπε
490 3277 525 3329 ρ
551 3259 731 3311 ταῦτα
747 3260 810 3310 τὸ
826 3258 1047 3328 Πνεῦμα
1063 3260 1121 3310 τὸ
1140 3261 1288 3327 ἆγιον
1306 3259 1643 3330 προφητικῶς
1667 3260 1790 3329 μέλ-

1890 3252 2067 3309 nempe
2093 3241 2146 3292 in
2174 3238 2451 3292 Hebraicis
2473 3237 2885 3305 exemplaribus,
2912 3255 3003 3307 per
3034 3257 3130 3293 vau
3160 3251 3250 3301 ττι
3290 3245 3409 3298 des-

184 3339 370 3398 λοντα
393 3324 632 3399 -ἒσε-σθαι
669 3324 1062 3417 προανεφώνει,
1094 3324 1249 3418 χορδς
1279 3324 1514 3415 ἀγίίέλῶν
1538 3324 1792 3400 ὑπακούει,

1890 3326 2122 3380 cribitur.
2151 3324 2265 3389 Qua
2304 3328 2356 3380 in
2393 3343 2452 3381 re
2479 3336 2718 3380 veterum
2747 3331 2981 3381 omnium
3028 3330 3269 3382 codicum
3302 3346 3409 3383 uio-

191 3436 625 3504 συνευχὸμενος
650 3416 723 3505 τῇ
761 3435 869 3487 τῶν
898 3416 1232 3508 πραγμάτων
1270 3434 1551 3497 τελειώσει,
1586 3435 1789 3486 πιστοῦ·
1880 3432 1991 3517 "3T
2013 3416 2164 3484 εθίιυὶ
2191 3417 2359 3469 Visum
2381 3422 2480 3468 θεία
2794 3505 2805 3516 .
3088 3504 3099 3517 .
3254 3505 3265 3517 O

200 3503 390 3588 laevo:
414 3542 473 3576 τε
509 3523 656 3576 αὐτὰ
800 3503 971 3593 λέγων
990 3543 1003 3555 ο
1037 3503 1264 3586 ένοιτο,
1295 3524 1523 3590 γένοιτο-Ξ
1548 3524 1649 3576 hoc
1672 3532 1785 3577 est:

1947 3505 2229 3568 Cancrum,
2263 3514 2320 3557 ut
2346 3520 2622 3573 speramus
2653 3520 2760 3558 non
2793 3505 3055 3573 ingratum
3088 3504 3269 3558 lectori
3293 3503 3406 3559 fore

207 3611 282 3665 Et
312 3615 441 3677 quia
472 3614 591 3667 haec
624 3614 863 3680 Spiritus
903 3623 1115 3667 sanctus
1143 3613 1431 3681 prophetica
1456 3613 1631 3679 futura
1655 3629 1787 3679 pra-

1890 3595 2165 3649 Eusebium
2195 3602 2434 3648 nostrum
2457 3634 2470 3656 ,
2504 3595 2576 3647 ita
2604 3595 2656 3646 in
2686 3603 2887 3663 partem
2923 3594 3104 3661 gratia:
3135 3594 3404 3649 vocandus

209 3703 449 3767 dixerat,
478 3705 679 3757 chorus
735 3705 1041 3773 angelorum
1082 3706 1350 3771 respondet
1378 3722 1481 3757 una
1514 3704 1783 3772 deprecans

1890 3699 2155 3738 censemus
2203 3699 2316 3747 eos,
2360 3685 2450 3752 qui
2481 3685 2635 3737 nobis
2683 3685 2762 3737 vel
2813 3683 3024 3736 codices
3065 3683 3147 3736 vel
3187 3697 3400 3751 operam

162 3814 171 3823 ε
217 3808 316 3858 pro
338 3798 413 3848 rei
438 3772 923 3859 consummatione,
948 3797 1143 3865 illaque
1156 3797 1469 3862 conﬁrmans
1494 3811 1552 3847 ac
1577 3796 1780 3848 dicens:
1879 3774 2149 3865 CONUICI‘e
2179 3788 2350 3865 suam.
2376 3772 2451 3825 Ex
2481 3772 2643 3865 Regia
2664 3782 2808 3826 certe
2829 3772 3167 3865 bibliotheca,
3184 3772 3403 3865 jubente

228 3880 373 3948 Fiat,
409 3886 547 3952 fiat."
565 3885 774 3940 Eodem
806 3900 1028 3953 quoque
1059 3862 1369 3954 Vsigniﬁcatu
1409 3899 1504 3937 vox
1545 3900 1782 3954 προσυπ-

1890 3863 2234 3917 llustrissimo
2258 3864 2444 3917 abbate
2481 3878 2549 3915 ns.
2578 3862 2826 3926 Louvors,
2859 3862 3097 3929 ejusdem
3132 3863 3401 3930 praefecto.

235 3972 441 4025 ακούειν
478 3977 603 4031 alibi
642 3973 904 4040 occurrit,
937 3973 991 4026 id
1018 3953 1213 4033 est,7ad
1238 3969 1431 4040 aliquid
1465 3970 1777 4037 respondere.

1890 3954 2084 4014 :odices
2124 3953 2277 4008 nobis
2306 3969 2402 4022 pro
2435 3961 2578 4016 voto,
2614 3953 2770 4021 idque
2804 3954 2866 4006 ad
2902 3953 3211 4005 diuturnum
3247 3970 3400 4008 usum

242 4059 398 4130 Huius
428 4065 597 4128 vocis,
648 4064 753 4117 hac
796 4061 1074 4117 sententia
1119 4069 1367 4129 accepta,
1420 4061 1784 4130 ςτεείυεηιίεεί,
1875 4044 2051 4097 traditi
2075 4055 2198 4097 sunt
2228 4057 2256 4094 a
2295 4043 2620 4097 doctissimis
2661 4050 2714 4095 et
2756 4041 3096 4130 amicissimis
3123 4042 3254 4095 viris
3282 4040 3398 4095 Cle-

250 4128 353 4205 nm‘s
392 4165 468 4208 es,
514 4154 656 4225 apud
686 4154 1004 4224 scriptores
1050 4150 1345 4218 pmsemm
1392 4128 1787 4205 eccléﬂasucos‘
1876 4141 2036 4185 mente
2059 4141 2111 4183 et
2138 4131 2391 4194 Boivinio,
2424 4131 2755 4185 custodibus.
2787 4128 2972 4183 Parem
3002 4130 3398 4184 beneﬁcentiam

254 4254 376 4295 usus.
546 4220 564 4225 '
806 4220 824 4224 “
1873 4221 2070 4289 experti
2124 4236 2309 4275 sumus
2354 4236 2518 4289 penes
2562 4221 3040 4274 eminentissimum
3080 4220 3398 4272 cardinalem

1874 4327 1937 4364 nu
1967 4312 2203 4373 Consum,
2235 4312 2325 4379 qui
2357 4312 2509 4365 nobis
2548 4312 2750 4365 codicis
2781 4311 3206 4380 praastantissimi
3239 4322 3396 4378 supra

769 4376 862 4430 νίο
894 4384 1080 4433 ²⁸““ε²⁸⁶⁶
1105 4371 1239 4431 quid’
1261 4376 1361 4421 etc“
1805 4412 1850 4469 ι)
1876 4400 2149 4455 memorati
2189 4371 2395 4468 copiam
2430 4400 2570 4454 fecit.
2619 4398 2682 4451 Et
2731 4371 3144 4452 illustrissimum
3189 4371 3386 4451 archie-

285 4501 447 4561 Parem
479 4506 758 4561 cautelam
798 4496 1090 4554 adhibeas
1132 4492 1186 4545 in
1238 4508 1367 4547 voce
1399 4494 1653 4563 σωτήριος
1677 4508 1773 4562 pro
1874 4492 2148 4561 piscopum
2187 4490 2685 4560 Rothumagensem,
2717 4489 2871 4556 cujus
2893 4489 3223 4543 bibliotheca:
3246 4486 3392 4540 codi-

232 4602 403 4668 utroque
423 4586 1007 4670 genere-masculino
1040 4591 1095 4635 et
1123 4580 1376 4635 feminino
1414 4581 1656 4647 usurpari
1687 4597 1775 4636 so-
1875 4584 2026 4637 cibus
2048 4584 2119 4636 ad
2145 4589 2326 4636 [tutum
2351 4581 2451 4634 frui
2484 4582 2625 4642 licet,
2659 4589 2879 4633 curante
2899 4579 3045 4634 Dom.
3070 4579 3141 4635 du
3165 4579 3392 4640 Chesne,

226 4686 306 4753 ma,
336 4690 477 4759 cujus
507 4689 667 4758 ρι-ίοι·
713 4670 1092 4751 signiﬁcatio
1117 4681 1197 4724 est
1224 4670 1513 4733 salutaris;
1541 4671 1631 4725 sed
1662 4672 1773 4726 fre-
1875 4673 2296 4728 bibliothecario.
2324 4673 2498 4737 Salve,
2535 4671 2741 4725 erudite
2771 4671 2957 4726 lector.

224 4784 426 4848 quenu‘on'
476 4798 579 4837 usu
628 4774 791 4849 apud
852 4761 1308 4825 ecclesiasticos,
1352 4760 1617 4813 salvatoris
1650 4776 1767 4815 vcr-
