3818 6318
605 381 677 434 63
1288 374 1544 432 EUSEBII
1583 369 2049 427 CASSARIENSIS
2087 370 2232 424 OPP.
2265 369 2459 422 PARS.
2503 369 2589 423 Ill.
2630 402 2695 408 --
2735 367 3137 423 EXEGETICA.

614 519 3594 546 ____________—________—__

1792 681 1894 740 DE
1937 679 2577 740 CON'I'INUATIONE

915 853 2035 954 COMMENTARIORUM
2113 853 2577 940 EUSEBII
2664 850 3468 940 CIESARIENSIS

1223 1049 1274 1108 Α
1327 1041 1649 1106 PSALMO
1681 1041 1876 1103 CXIX
1921 1040 2174 1114 USQUE
2227 1039 2338 1099 AD
2382 1039 2826 1101 PSALTERII
2871 1040 3162 1102 FINEM

1649 1212 2123 1290 EDITORIS
2200 1213 2707 1289 MONITUM.

1077 1393 1296 1464 (Angela
1328 1390 1450 1456 ΜΑι,
1489 1387 1808 1443 Bibliotheca
1837 1404 1965 1441 nova
1997 1387 2237 1451 Patrum,
2269 1393 2308 1439 t.
2345 1384 2431 1449 IV,
2477 1402 2528 1456 p.
2583 1386 2668 1440 65.
2704 1388 2882 1438 Romae
2914 1386 3068 1448 18H,
3109 1385 3268 1455 isi-4.)

675 1635 766 1686 Vir
799 1633 1143 1697 doctissimus,
1175 1644 1222 1687 et
1255 1635 1316 1687 de
1359 1633 1520 1687 sacris
1552 1632 1764 1686 Litteris
1793 1634 2153 1689 immortaliter
2195 1636 2422 1696 meritus,
2467 1651 2525 1686 ac
2562 1634 2821 1688 Maurina:
2863 1636 3084 1704 familite
3135 1652 3400 1688 summum
3441 1635 3593 1688 decus

601 1727 794 1778 nardus
837 1726 1254 1795 Montfauconius
1286 1727 1337 1778 in
1377 1727 1678 1794 praefatione
1710 1726 1777 1777 ad
1819 1726 2024 1779 Eusebii
2053 1727 2382 1780 Ca'sariensis
2413 1743 2536 1794 quos
2578 1725 2734 1778 edidit
2771 1725 3188 1780 Commentarios
3229 1727 3298 1777 ad
3325 1723 3589 1778 Psalterii:

599 1833 652 1884 p.
683 1831 740 1868 tu
777 1834 788 1869 :
827 1833 844 1865 ι
889 1813 1062 1883 Neque
1103 1824 1270 1866 tamen
1300 1815 1350 1866 id
1381 1815 1616 1882 consequi
1646 1816 1924 1879 potuimus,
1960 1826 2011 1867 ut
2047 1825 2204 1867 totum
2232 1815 2646 1867 commentarium
2677 1815 2743 1865 ad
2766 1815 3001 1866 ultimum
3035 1832 3198 1882 usque
3237 1816 3501 1881 psalmum
3527 1831 3588 1868 CL

601 1923 704 1958 cem
730 1905 956 1974 proferre
982 1904 1153 1956 ticeret
1181 1921 1197 1956 :
1230 1907 1278 1956 in
1325 1905 1464 1956 nullo
1495 1905 1628 1957 enim
1663 1919 1725 1956 ea:
1763 1906 2055 1956 memoratis
2084 1903 2338 1956 codicibus
2368 1903 2504 1954 ultra
2530 1917 2689 1956 cxvm
2738 1906 2990 1970 psalmum
3021 1904 3296 1972 quidpiam
3331 1904 3566 1971 o/fertur.

600 2014 695 2065 que
721 2014 809 2066 per
841 1997 963 2048 mihi
989 1997 1174 2048 mirum
1215 1997 1374 2048 visum
1395 2003 1490 2058 est,
1527 1994 1728 2048 Catena:
1758 1995 1866 2046 illa?
1888 1993 2054 2062 Regia:
2084 1991 2408 2062 (Parisiacw)
2437 2007 2548 2060 qua:
2579 2008 2735 2060 usque
2763 1994 2828 2044 ad
2850 2009 3010 2045 cxvm
3041 1994 3309 2060 psalmum
3339 1996 3602 2062 interpreti

602 2091 694 2143 bus
737 2090 939 2142 Eusebii
961 2098 1196 2147 utuntur,
1232 2089 1304 2138 ita
1334 2096 1386 2138 ut
1411 2086 1581 2138 nullus
1606 2096 1823 2138 veterum
1852 2087 2179 2150 interpretum
2209 2082 2334 2135 adeo
2362 2083 2704 2150 frequentatus
2743 2094 2999 2145 occurrat,
3029 2086 3081 2136 in
3108 2101 3276 2140 cxvm
3305 2086 3508 2152 psalmo
3531 2088 3602 2138 ita

599 2185 795 2249 faciunt
827 2182 1100 2234 Eusebium
1123 2183 1174 2232 in
1209 2179 1426 2231 medium
1455 2179 1722 2245 a/ferendi,
1750 2187 1805 2230 ut
1834 2194 1894 2230 ne
1915 2179 2117 2230 verbum
2133 2175 2330 2244 quidem
2364 2176 2576 2228 ulterius
2601 2175 2806 2229 Eusebii
2825 2188 3142 2244 compareat.
3171 2177 3318 2231 Unde
3333 2180 3602 2247 conjectari

601 2276 770 2337 liceat,
796 2293 826 2326 a
847 2275 1021 2326 multis
1029 2275 1142 2342 jam
1168 2275 1370 2327 steculis
1394 2270 2021 2324 EusebiiCommentarios
2038 2269 2132 2321 hac
2146 2270 2420 2336 posteriore
2445 2269 2525 2320 sui
2535 2277 2680 2334 parte
2699 2277 2959 2322 truncatas
2978 2269 3319 2323 librariorum
3345 2271 3544 2322 incuria
3560 2271 3602 2338 fi.

602 2364 668 2417 Et
695 2365 896 2435 quidem
936 2365 1353 2432 Montfauconius
1406 2372 1535 2416 recte
1575 2378 1664 2414 nos
1712 2375 1901 2425 monet,
1932 2359 2207 2412 Eusebium
2246 2360 2298 2410 in
2331 2368 2491 2410 totum
2527 2373 2698 2424 reapse
2743 2358 3060 2411 Psalterium
3094 2361 3388 2428 scripsisse,
3427 2370 3549 2412 teste
3590 2361 3604 2410 l

601 2472 751 2525 ngmo
788 2455 858 2509 De
891 2457 1072 2523 script.
1099 2455 1255 2515 ecc|.,
1288 2469 1400 2519 cap.
1431 2453 1488 2504 81
1518 2470 1531 2504 :
1562 2470 1578 2502 ι
1621 2449 1871 2502 Eusebius
1906 2451 1957 2500 in
1984 2464 2046 2501 c1.
2069 2449 2291 2515 psalmos
2331 2446 2706 2500 eruditissimos
2739 2446 3153 2502 Commentarios
3190 2449 3374 2502 edidit.
3415 2468 3433 2500 ι
3473 2448 3538 2499 Ει
3570 2450 3603 2500 it

599 2547 736 2599 stola
779 2547 864 2608 75,
895 2547 960 2598 ad
1000 2547 1386 2614 Augustinum:
1425 2560 1442 2592 ι
1483 2542 1718 2594 Psalmos
1763 2540 2083 2607 interpretati
2115 2549 2234 2592 sunt
2276 2538 2411 2601 apud
2454 2536 2655 2591 Cra'cos
2699 2540 2896 2599 primus
2928 2541 3200 2619 Origenes:
3236 2540 3491 2597 secundus
3524 2539 3604 2597 Eu,

601 2635 957 2702 Ctesariensis,
1001 2674 1012 2689 .
1057 2677 1070 2690 .
1114 2675 1129 2690 .
1167 2635 1230 2690 de
1251 2637 1443 2707 integro
1471 2633 1800 2690 Psalmorum
1839 2653 2047 2704 corpore
2067 2631 2301 2692 dicimus.
2341 2657 2362 2688 ι

673 2749 769 2803 llis
795 2767 885 2820 ego
926 2751 1062 2819 apud
1095 2750 1540 2818 Montfauconium
1587 2750 1750 2811 lectis,
1779 2760 1828 2803 et
1853 2767 1965 2803 cum
2009 2769 2072 2804 ne
2101 2753 2236 2819 apud
2288 2751 2520 2806 Corderii
2549 2752 2747 2821 quidem
2795 2753 3045 2808 Catenam
3094 2755 3378 2809 Eusebium
3432 2755 3606 2822 uspian

601 2841 794 2894 dictant
843 2843 1114 2895 terminum
1164 2841 1368 2894 laudari
1397 2842 1634 2902 viderem,
1667 2842 1876 2909 qua'sivi
1902 2840 2078 2894 sedulo
2111 2835 2162 2894 ili
2202 2842 2460 2896 Vaticanis
2500 2844 2758 2896 codicibus
2791 2848 3020 2915 nunquid
3052 2848 3187 2916 forte
3228 2848 3434 2908 lateret,
3470 2845 3602 2914 quod

603 2934 902 3001 pra’dictam
927 2935 1037 3002 ejus
1063 2934 1334 2987 editionem
1367 2943 1674 2986 excurreret.
1719 2932 1785 2985 Et
1813 2934 2040 2985 continui
2071 2934 2271 3002 quidem
2301 2936 2671 2995 commentarii,
2697 2936 2866 3004 qualis
2904 2938 3043 3006 apud
3070 2937 3522 3006 Montfauconium
3549 2951 3598 2987 es

603 3027 706 3078 vidi
731 3026 925 3078 codices
963 3025 1255 3086 Vaticanos,
1293 3041 1508 3094 quorum
1537 3034 1706 3076 tamen
1753 3023 1924 3076 nullus
1957 3024 2096 3077 ultra
2131 3026 2381 3093 psalmum
2421 3041 2548 3089 cxn,
2590 3037 2776 3094 pra’ter
2816 3029 3113 3098 interjectas
3153 3031 3391 3090 lacunas,
3443 3043 3605 3095 procet

606 3119 742 3189 Ergo
771 3120 838 3172 ad
867 3119 1090 3173 Catenas
1133 3117 1410 3171 Vaticanus
1451 3133 1745 3179 conversus,
1778 3115 1829 3168 in
1856 3115 2038 3183 quibus
2070 3116 2273 3170 Eusebii
2302 3116 2562 3170 abundant
2590 3127 2850 3186 excerpta,
2882 3121 2934 3172 in
2975 3121 3235 3190 plerisque
3262 3121 3434 3188 utique
3473 3133 3601 3186 agno

603 3215 754 3281 [icere
789 3214 994 3265 omnino
1033 3211 1306 3264 Eusebium
1344 3220 1457 3279 post
1491 3209 1742 3277 psalmum
1774 3222 1958 3266 cxvnu,
1991 3223 2101 3275 qute
2132 3224 2207 3260 res
2246 3224 2357 3259 cum
2394 3207 2768 3276 Montfauconii
2805 3209 2867 3262 de
2912 3209 3208 3264 I'arisiacis
3240 3209 3448 3263 Catenis
3476 3223 3608 3258 narrt

603 3304 856 3371 congruit.
892 3303 991 3356 Sed
1040 3310 1205 3353 tamen
1245 3300 1378 3369 quod
1405 3300 1520 3352 huic
1562 3298 1710 3350 docto
1754 3296 1938 3350 editori
1967 3313 2065 3349 non
2098 3297 2293 3366 obtigit,
2325 3308 2379 3349 ut
2425 3298 2562 3350 ultra
2599 3314 2714 3350 eum
2765 3301 3049 3352 terminum
3083 3297 3380 3368 pra’tervehi
3427 3305 3608 3364 posset,

604 3393 866 3447 commode
892 3411 952 3446 ac
995 3394 1211 3461 feliciter
1253 3391 1493 3444 obvenit:
1522 3391 1703 3442 etenim
1733 3389 1866 3441 inter
1912 3397 1982 3440 tot
2028 3387 2321 3450 Vaticanus,
2360 3397 2459 3441 tres
2491 3389 2656 3441 inveni
2687 3387 2932 3452 Calenus,
2971 3391 3022 3442 in
3072 3389 3258 3459 quibus
3295 3386 3501 3440 Eusebii
3534 3400 3608 3436 exi

606 3501 704 3536 non
729 3481 1092 3536 contemnenda
1127 3498 1282 3549 usque
1325 3483 1390 3532 ad
1421 3479 1668 3532 Psalterii
1699 3480 1848 3546 ﬁnem
1877 3477 2128 3547 leguntur.
2176 3477 2354 3530 Prima
2381 3488 2458 3531 est
2497 3488 2675 3530 catena
2703 3481 2975 3546 pervetusti
3014 3479 3338 3533 membranei
3361 3475 3608 3538 codicis,s

605 3575 763 3641 ferme
787 3589 836 3625 χι
860 3589 1005 3641 quem
1035 3573 1088 3623 in
1111 3570 1291 3638 Cyrilli
1315 3570 1534 3624 editione
1557 3571 1628 3638 (in
1653 3586 1750 3636 qua
1788 3557 2067 3620 Vaticanus
2090 3568 2154 3618 ad
2185 3569 2492 3621 Psalterium
2524 3567 2744 3622 Catenas
2775 3571 3058 3638 descripsi)
3090 3569 3352 3638 designavi
3376 3567 3547 3619 littera
3577 3563 3608 3615 ι

607 3667 775 3716 cunda
800 3673 875 3715 est
907 3661 1095 3714 codicis
1130 3663 1247 3713 item
1277 3661 1480 3728 egregii,
1513 3660 1816 3727 bombycini,
1841 3661 2017 3710 steculi
2036 3661 2238 3712 circiter
2265 3675 2382 3721 xm,
2405 3676 2550 3729 quem
2581 3659 2815 3712 denotavi
2854 3661 3026 3712 littera
3079 3661 3141 3715 ϐ.
3183 3659 3358 3714 Tertia
3390 3665 3465 3710 est
3488 3653 3608 3707 cadit

608 3753 882 3804 chartacei.
919 3751 1140 3818 Denique
1177 3751 1330 3802 etiam
1365 3750 1417 3800 in
1449 3748 1706 3800 codicibus
1735 3747 1781 3799 E
1801 3757 1847 3800 ct
1881 3747 1942 3810 L,
1975 3749 2219 3801 nonnulla
2247 3748 2450 3802 Eusebii
2474 3759 2585 3817 post
2623 3764 2784 3802 cxvm
2814 3750 3083 3816 psalmum
3113 3751 3308 3803 scholia
3328 3755 3608 3816 supersunt.

609 3858 722 3893 cum
754 3843 826 3892 ita
856 3857 907 3893 se
933 3840 1191 3900 haberent,
1232 3838 1373 3891 nolui
1405 3837 1635 3906 equidem
1675 3837 1903 3889 oblatam
1943 3839 2234 3905 facultatem
2278 3840 2506 3892 omittere
2545 3839 2808 3906 supplendi
2836 3843 3123 3909 egregiam,
3153 3851 3400 3911 quantum
3446 3836 3565 3889 mihi
3593 3835 3608 3885 l

610 3929 988 3996 Montfauconii
1036 3929 1336 3995 editionem,
1369 3937 1416 3980 et
1451 3929 1495 3980 si
1525 3943 1622 3979 non
1647 3928 1898 3995 integrum
1941 3927 2140 3981 Eusebii
2163 3929 2613 3993 Connnentarium,
2646 3930 2825 3982 saltem
2868 3931 2979 3999 ejus
3014 3943 3266 4000 excerpta
3304 3942 3360 3985 et.
3384 3927 3608 3993 reliquia:

607 4023 747 4074 diose
774 4038 799 4074 e
829 4021 1086 4076 codicibus
1109 4030 1358 4089 sumptas,
1391 4018 1671 4072 Latinitate
1701 4020 1877 4080 etiam,
1910 4021 2196 4072 imminente
2225 4021 2384 4087 prelo,
2419 4038 2448 4072 a
2481 4037 2558 4072 me
2585 4019 2824 4080 donatas,
2860 4020 2926 4072 ad
2951 4021 3210 4076 Ecclesia:
3242 4036 3390 4074 usum
3410 4015 3607 4087 perducc

678 4133 838 4186 Porro
869 4133 1006 4186 haud
1043 4135 1337 4186 continuum
1365 4132 1495 4184 hunc
1515 4148 1622 4185 esse
1652 4131 2104 4193 Commentarium,
2129 4133 2241 4198 jam
2269 4133 2400 4196 dixi,
2435 4133 2553 4201 quia
2594 4133 2795 4184 nonnisi
2829 4150 2856 4185 e
2882 4137 3092 4188 catenis
3123 4144 3386 4201 excerptas
3407 4148 3437 4182 a
3468 4127 3605 4182 nobis

609 4223 744 4284 Quid
769 4226 920 4277 vero?
951 4222 1134 4275 Nonne
1155 4231 1202 4274 et
1230 4221 1502 4274 Athanasii
1531 4223 1582 4273 in
1614 4220 1872 4281 Psalmos,
1909 4236 2073 4272 nonne
2095 4223 2244 4273 etiam
2279 4201 2576 4274 Theodoreti
2608 4223 2658 4273 in
2703 4221 2899 4274 Isaiam
2923 4224 3215 4291 deperdita:
3240 4221 3591 4291 expositiones.

607 4312 681 4363 ris
705 4311 903 4379 quidem
930 4330 959 4364 a
1002 4311 1414 4380 Montfauconio,
1455 4311 1752 4378 posterioris
1787 4326 1817 4362 a
1845 4309 2119 4364 Sirmondo
2140 4327 2165 4364 e
2193 4310 2397 4366 Catenis
2428 4315 2775 4368 tantummodo
2808 4315 3062 4369 delibata:
3089 4319 3337 4387 fuerunt?
3367 4314 3429 4366 Et
3461 4309 3603 4381 auide

604 4400 778 4453 dicare
802 4418 856 4454 se
889 4403 1013 4454 dicit
1042 4401 1370 4462 Sirmondus,
1405 4400 1680 4454 medullam
1708 4401 1845 4453 haud
1883 4399 2031 4454 dubie
2059 4418 2358 4471 succumque
2388 4404 2624 4472 cujusque
2643 4406 2815 4472 scripti
2837 4408 3100 4461 contineri
3131 4411 3180 4460 in
3211 4405 3416 4461 Catenis
3440 4401 3608 4455 solere.

604 4503 773 4546 autem
804 4493 910 4546 ha’c
943 4492 1147 4546 Eusebii
1175 4493 1374 4546 scholia
1403 4494 1452 4545 in
1476 4492 1728 4560 plerisque
1763 4493 1976 4558 psalmis
2008 4494 2237 4546 tenuiora
2276 4504 2413 4557 sunt,
2445 4503 2668 4546 attamen
2699 4495 2750 4546 in
2787 4496 2978 4564 aliquot
3004 4497 3093 4550 ita
3130 4495 3412 4555 abundant,
3452 4500 3504 4541 ut
3528 4503 3608 4555 pro

608 4587 801 4651 intequ
841 4599 986 4651 apere
1031 4599 1292 4652 superesse
1317 4583 1603 4643 videantur,
1645 4584 1688 4634 si
1709 4591 1841 4634 certe
1869 4583 2058 4649 partim
2103 4584 2416 4650 psalmorum
2463 4584 2796 4652 quorumdam
2847 4586 3176 4652 brevitatem,
3215 4587 3402 4654 partim
3451 4579 3606 4634 scholi

606 4675 804 4740 copiam
825 4681 1125 4741 spectemus,
1148 4673 1300 4724 veluti
1329 4673 1395 4724 ad
1433 4671 1657 4740 psalmos
1678 4687 1832 4732 cxxv,
1858 4685 2057 4734 cxxvu,
2085 4687 2282 4734 cxxxu,
2312 4689 2522 4736 cxxxw,
2540 4691 2620 4737 CL,
2656 4685 2701 4726 et
2732 4673 2798 4726 ad
2824 4690 2976 4740 chv,
3008 4692 3166 4740 eux,
3199 4693 3318 4731 cu.
3347 4674 3580 4726 Jamvero

607 4765 798 4830 logicus
821 4765 871 4816 in
899 4763 996 4816 hac
1023 4779 1152 4815 nova
1174 4761 1379 4815 Eusebii
1403 4772 1552 4830 parte
1588 4764 1649 4814 de
1685 4759 1878 4815 Christi
1899 4761 2164 4813 divinitate
2195 4779 2367 4814 sensus
2398 4779 2553 4817 sanus
2587 4765 2991 4834 orthodoxusque
3024 4783 3053 4818 u
3073 4771 3218 4836 bique
3238 4776 3330 4828 est,
3358 4761 3563 4816 moralis
3589 4774 3608 4806 ο

604 4860 652 4904 et
685 4853 985 4908 doctrinalis
1027 4855 1171 4908 valde
1194 4857 1306 4924 pius
1342 4865 1389 4908 et
1419 4855 1582 4918 utilis,
1605 4853 1667 4906 de
1695 4861 1826 4905 recte
1858 4851 2052 4920 agenda
2086 4854 2206 4915 vita,
2240 4853 2302 4904 de
2333 4855 2516 4906 orandi
2551 4871 2664 4916 usu,
2706 4855 2767 4908 de
2808 4857 2995 4908 anima:
3034 4858 3446 4916 immortalitate,
3487 4851 3548 4902 de
3572 4849 3608 4916 [ι

607 4942 732 5002 vita,
764 4943 824 4994 de
849 4944 1200 4997 hcereticorum
1246 4946 1648 5014 reprehensione,
1681 4951 1784 4997 etc.
1819 4941 1897 4994 Ad
1925 4959 2128 4994 sacram
2159 4943 2380 4995 criticem
2409 4951 2454 4995 et
2501 4944 2828 5012 philologiam
2859 4945 2992 5014 quod
3043 4949 3245 5010 attinet,
3281 4943 3458 4998 laudat
3497 4939 3608 4991 Eas.

610 5045 710 5079 non
744 5031 895 5084 semel
925 5035 1180 5101 Aquilam,
1211 5036 1397 5103 sapius
1438 5032 1816 5104 Symmachum,
1847 5031 2145 5099 quandoque
2176 5033 2328 5084 etiam
2357 5032 2764 5097 Theodotionem,
2799 5035 3136 5106 Septuaginta
3167 5037 3489 5100 Interpretes,
3516 5027 3608 5095 qui:

609 5118 898 5182 (ditionem,
923 5131 969 5172 et
1007 5127 1172 5178 varios
1199 5127 1454 5180 interdum
1478 5125 1692 5186 codices,
1716 5123 1926 5191 denique
1959 5121 2286 5174 llebrtvorum
2310 5131 2500 5174 textum
2543 5133 2688 5190 atque
2717 5126 3025 5180 idiotismos.
3058 5128 3230 5192 Quare
3255 5134 3302 5176 et
3334 5136 3462 5174 nova
3484 5117 3608 5168 hera

612 5207 751 5260 ribus
778 5210 1104 5264 varietatibus
1136 5219 1356 5271 accessio
1386 5219 1502 5270 hinc
1527 5216 1639 5285 ﬁeri
1662 5213 1925 5268 videbitur.
1959 5210 2038 5263 Ad
2059 5211 2313 5277 psalmum
2343 5224 2554 5274 cxxxw,
2587 5215 2811 5282 loquitur
2853 5219 3037 5271 diserte
3071 5212 3316 5268 Eusebius
3347 5209 3408 5261 de
3428 5205 3607 5259 ethnici

611 5313 706 5346 sua
742 5307 893 5350 (etate
940 5303 1278 5369 conversione,
1309 5325 1434 5376 quos
1480 5323 1674 5376 reapse,
1708 5303 1968 5371 regnantis
1999 5301 2320 5369 potissimum
2350 5303 2576 5370 exemplo
2615 5305 2958 5371 Constantini,
3001 5306 3246 5372 plurimos
3297 5298 3362 5350 ad
3397 5294 3608 5350 Chrisliﬂ

616 5386 765 5451 ﬁdem
787 5390 1057 5442 accessisse
1076 5392 1280 5446 scimus.
1309 5397 1685 5468 Qualiscunque
1721 5395 1920 5448 demum
1950 5395 2016 5447 sit
2051 5392 2233 5444 horum
2262 5392 2568 5448 scholiorum
2600 5413 2741 5464 usus,
2783 5414 2914 5455 certe
2951 5409 3054 5451 tam
3089 5393 3243 5463 prisci
3271 5381 3496 5456 clariq'ue
3523 5385 3607 5435 hor

615 5474 770 5526 nulla
799 5493 829 5527 a
863 5493 939 5529 me
962 5481 1406 5546 prwtermittendw
1435 5488 1660 5556 reliquid:
1697 5495 1865 5539 erant.

2149 5611 2225 5638 .r“
