3818 6326
250 397 301 451 π,
1326 389 1815 449 COMMENTARIA
1852 397 1914 450 IN
1952 393 2283 454 psalmos.
3350 401 3412 459 τι

252 506 398 578 στῄσας
419 500 565 568 αὐτὴν
587 498 659 559 εἰς
683 493 1100 585 Ἰερουσαλὴμ,
1146 509 1459 582 ὲπιλέγεται
1477 515 1539 567 ἐκ
1564 515 1661 585 τῆς
1692 534 1768 584 φυς

1891 513 2215 584 reposuisset
2236 506 2417 565 illam.
2449 509 2513 551 ex
2545 504 2685 563 tribu
2716 509 2836 567 Levi
2881 517 3194 585 psalmorum
3233 527 3412 573 canto-

248 589 438 665 λῆςἌευῗ
455 589 623 659 κλήρῳ
645 583 964 655 ψαλτῳδοδς
992 591 1303 666 ἄρχοντας
1322 602 1469 673 ᾠδῶν
1501 583 1791 675 τέσσαρας.

247 683 313 739 se}
336 680 521 751 ψάλλειν
549 677 641 729 καὶ
678 675 823 746 ᾄδειν
854 677 1124 736 ἐνώπιον
1177 690 1279 761 τῆς
1317 690 1540 744 κιϐωτοῦ
1565 693 1640 763 τῷ
1676 692 1784 746 Κυ-

251 777 342 846 ρίῳ,
381 772 461 825 καὶ
488 766 764 839 ἀναφέρειν
798 767 996 842 φωνὴν
1034 774 1397 851 εὐφροσύνης
1427 784 1503 846 είς
1546 782 1785 853 ἐξομολό-

250 882 374 933 γησιν
392 863 473 916 καὶ
491 860 679 915 αἴνεσιν
700 861 757 913 ὲν
777 860 1049 930 ὀργάνοις
1071 866 1467 942 ἡρμοσμένοις,
1492 874 1582 927 καὶ
1604 872 1781 943 ᾠδαῖς,

253 958 324 1007 καὶ
346 954 579 1024 κινύραις,
604 952 695 1005 καὶ
730 952 988 1020 νάϐλαις,
1028 964 1135 1013 καὶ
1181 964 1494 1033 τυμπάνοις,
1530 964 1617 1017 καὶ
1650 981 1783 1035 κυμ-

256 1046 421 1107 ϐάλοις,
460 1044 544 1097 καὶ
589 1041 893 1115 ψαλτηρίῳ,
949 1051 1054 1101 καὶ
1122 1054 1402 1123 κερατίνη.
1453 1054 1539 1105 τὸν
1593 1054 1780 1121 Ἀσάφ,

259 1136 418 1203 Αίμὰν,
461 1134 634 1197 Δίθάν,
688 1133 963 1206 ἰδιθοὺμ·
999 1132 1087 1203 οἷς
1134 1142 1361 1211 ἀριθμὸς
1402 1143 1549 1211 ᾠδῶν
1601 1143 1781 1196 ἐπετέ-

259 1241 411 1285 τακτο,
437 1225 653 1294 ᾲῶντων
690 1226 986 1280 διακοσίων
1029 1229 1358 1301 ὀγδοήκοντα
1385 1230 1540 1296 ὀκτὼ,
1577 1234 1781 1301 ἑκάστῳ

251 1310 582 1382 ἐϐδομήκοντα
628 1314 742 1380 δύο,
767 1318 833 1369 ὲκ
865 1317 963 1369 τοῦ
1001 1320 1139 1389 Χὰμ
1169 1320 1265 1384 λ6’,
1299 1321 1388 1373 τοῦ
1428 1322 1541 1392 Σὴμ
1570 1322 1664 1385 κε’,
1689 1322 1779 1374 τοῦ

257 1400 413 1469 ἰἀφεθ
450 1411 524 1455 ιε’.
555 1405 786 1469 Οῖτινες,
824 1406 1061 1471 ἑστῶτες
1094 1410 1393 1480 ἔμπροσθεν
1428 1411 1527 1478 τῆς
1557 1410 1779 1463 κιϐωτοῦ

238 1492 490 1563 Διαθήκης
539 1497 770 1566 Κυρίου.
822 1498 1051 1567 ἔψαλλον
1094 1502 1186 1552 καὶ
1216 1498 1339 1571 ᾖδον
1376 1501 1452 1570 τῷ
1482 1500 1689 1571 Κυρίῳ·
1725 1500 1782 1565 ὃς

240 1577 329 1646 μὶν
355 1584 409 1635 ἐν
438 1584 653 1654 κινύρᾳ,
676 1585 735 1650 ὃς
778 1587 835 1640 δὲ
867 1591 924 1641 ὲν
952 1590 1267 1659 κυμϐάλοις,
1307 1588 1362 1654 ὃς
1393 1590 1447 1643 δὲ
1480 1593 1534 1643 ὲν
1564 1591 1777 1661 κιθάρα.

239 1670 293 1733 ὃς
323 1672 375 1724 δὲ
416 1674 474 1725 ὲν
520 1673 844 1746 ψαλτηρίῳ·
883 1670 957 1730 ὧν
1011 1679 1170 1748 μέσος
1209 1679 1386 1731 ἵστατο
1435 1679 1463 1731 ὁ
1522 1680 1781 1749 μακάριος

247 1760 393 1823 Anan,
418 1763 577 1826 αὐτὸς
606 1766 792 1834 ἄρχων
819 1766 1097 1837 ἀρχόντων
1134 1769 1300 1837 ᾠδῶν,
1330 1769 1540 1839 κρατῶν
1564 1770 1652 1820 ἐπὶ
1673 1772 1780 1838 χεῖ-

244 1870 318 1921 ρας
362 1854 424 1905 τὸ
472 1853 797 1925 ψαλτήριον.
832 1860 1098 1921 Ἕκαστος
1152 1860 1206 1911 δὲ
1250 1857 1373 1932 ᾖδεν
1421 1857 1513 1912 καὶ
1559 1858 1776 1927 ἔψαλλεν
1807 1843 1847 1897 Β

240 1938 393 2006 ὑμνῶν
418 1941 508 1993 τὸν
540 1942 677 1995 Θεὸν
706 1944 846 2014 ἁγίῳ
876 1946 1147 2015 Πνεὺματι
1184 1947 1537 2016 τεταγμένως.
1593 1946 1773 2000 Ἡνίκα

236 2029 387 2081 τοίνυν
408 2032 640 2102 ἐσκίρτα
666 2033 728 2086 τὸ
749 2034 973 2104 Πνεῦμα
992 2035 1083 2089 ὲπί
1103 2054 1220 2089 τινα
1244 2036 1347 2088 τῶν
1376 2038 1641 2106 ἀρχόντων
1666 2039 1772 2090 τῶν

234 2120 525 2191 ψαλτῳδῶν,
548 2127 599 2176 οἱ
624 2127 806 2179 λοιποὶ
854 2127 1081 2197 ἡσυχίαν
1119 2124 1249 2196 ἦγον
1304 2127 1641 2196 παρεστῶτες
1683 2128 1773 2181 καὶ

236 2207 576 2274 ὑπακούοντες
595 2214 673 2281 (1)
694 2218 999 2283 συμφώνως
1012 2214 1088 2285 τῷ
1107 2214 1374 2283 ψάλλοντι,
1404 2214 1771 2279 Ἀλληλσύἲα.

1885 620 1972 659 res
1993 611 2250 674 quatuor,
2289 588 2631 651 canticorum
2662 603 2942 673 principes.
2974 605 3072 660 sibi
3103 616 3244 663 sorte
3270 606 3409 661 dele-

1885 693 1993 763 git;
2037 700 2095 746 ut
2128 694 2181 747 in
2228 688 2527 753 conspectu
2582 702 2717 743 arca
2772 692 2991 747 Domino
3046 696 3324 764 psallerent
3356 703 3407 752 et

1883 789 2183 843 cantarent,
2227 788 2523 842 vocemque
2572 778 2782 843 laetitiae,
2838 782 2891 836 in
2939 785 3323 840 confessionem
3351 790 3405 839 et

1882 872 2093 925 laudem
2126 865 2501 924 instrumentis
2541 871 2821 927 concinnis
2876 874 3189 941 proferrent,
3235 872 3404 929 canti-

1882 961 1982 1024 cis,
2019 960 2238 1030 cyniris,
2285 957 2479 1020 nablls,
2511 963 2793 1031 tympanis.
2823 963 3097 1032 cymbalis,
3130 962 3398 1033 psalterio,

1878 1058 1935 1104 et
1967 1050 2093 1103 tuba
2139 1064 2369 1113 cornea;
2401 1048 2645 1105 videlicet
2692 1051 2888 1119 Asaph,
2928 1051 3140 1115 Aﬂman,
3181 1051 3401 1117 Althau,

1882 1138 2131 1202 ldithum,
2164 1139 2318 1208 queis
2352 1145 2534 1193 certus
2564 1140 2893 1193 canticorum
2922 1156 3172 1195 numerus
3202 1143 3401 1196 consti-

1882 1240 2029 1287 tutus
2063 1243 2175 1287 erat
2198 1250 2211 1298 ;
2244 1233 2512 1301 dcputatis
2535 1233 2844 1285 cantoribus
2868 1232 3107 1285 ducentis
3130 1232 3397 1301 octoginta

1880 1332 2049 1386 octo;
2122 1323 2346 1389 singulis
2416 1322 2665 1375 nimirum
2725 1321 3053 1389 septuaginta
3123 1322 3246 1374 duo.
3322 1320 3397 1373 Ex

1877 1410 2081 1464 Chamo
2146 1413 2256 1465 sive
2316 1411 2499 1464 Chami
2562 1412 2809 1479 progenie
2867 1410 3081 1478 triginta
3138 1411 3278 1476 duo;
3333 1425 3398 1465 ex

1882 1501 2041 1555 Semo
2072 1502 2256 1570 viginti
2290 1503 2558 1571 quinque;
2591 1518 2653 1555 ex
2689 1500 2910 1571 Japhcto
2941 1500 3261 1570 quindecim.
3295 1499 3398 1567 Qui

1878 1598 2080 1647 stantes
2111 1607 2288 1645 coram
2331 1606 2452 1644 arca
2484 1593 2788 1646 testamenti
2818 1591 3047 1653 Domini,
3087 1591 3397 1659 psallebant,

1877 1684 2242 1751 canebantque
2289 1680 2538 1745 Domino;
2590 1681 2678 1733 alii
2731 1681 2933 1751 cinyra,
2984 1680 3072 1733 alii
3120 1680 3396 1749 cymbalis.

1879 1771 2095 1840 quidam
2124 1771 2353 1831 cithara,
2380 1767 2539 1836 aliqui
2567 1768 2817 1836 psalterio
2850 1786 2861 1821 :
2897 1767 2947 1820 in
2969 1781 3194 1836 quorum
3227 1766 3400 1819 mcdio

1880 1860 2205 1913 consistebat
2235 1858 2419 1921 David,
2455 1858 2569 1926 ipse
2598 1857 2843 1926 princeps
2893 1856 3187 1924 principum
3231 1855 3401 1908 canti-

1878 1964 2085 2011 corum,
2118 1963 2277 2002 manu
2311 1958 2546 2002 tractans
2568 1947 2896 2017 psalterium.
2931 1946 3135 2015 Singuli
3163 1960 3291 1999 vero
3311 1959 3401 1996 ca-

1878 2039 2072 2092 nebant
2103 2046 2155 2091 et
2187 2038 2502 2107 psallebant,
2542 2038 2753 2107 hymnis
2788 2036 2950 2089 Deum
2972 2036 3251 2095 concinne,
3278 2031 3400 2101 Spi-

1876 2130 1980 2180 ritu
2017 2137 2199 2182 sancto
2223 2128 2372 2190 moti,
2414 2129 2760 2181 celebrantes.
2785 2127 2916 2180 Cum
2957 2127 3133 2195 itaque
3166 2123 3397 2193 Spiritus

1881 2218 1933 2270 in
1965 2217 2263 2286 quempiam
2290 2217 2587 2285 principum
2619 2209 2895 2270 cantorum
2944 2216 3188 2275 insiliret,
3218 2213 3396 2266 centeri

233 2307 386 2371 quiete
429 2308 667 2376 agebant
707 2315 950 2363 astantes
996 2325 1058 2361 ac
1090 2321 1218 2362 Voce
1247 2323 1484 2362 consona
1519 2310 1763 2376 psallenti
1799 2311 2203 2381 respondentes,
2244 2311 2490 2363 Alleluia.

289 2396 376 2446 'Ev
418 2398 485 2465 τῇ
529 2394 797 2466 Ἑϐραῖκῇ
832 2397 996 2467 βίϐλῳ
1030 2398 1134 2450 τῶν
1158 2397 1381 2467 ψαλμῶν
1414 2399 1537 2452 ἀνευ
1560 2395 1655 2469 τῆς
1684 2399 1774 2451 τοῦ

230 2482 440 2554 ἀριθμοῦ
472 2488 797 2557 προσθήκης
827 2489 1203 2558 ἀνεγράφησαν
1234 2489 1280 2541 oi
1314 2490 1506 2551 πάντες
1542 2487 1631 2541 καὶ
1658 2489 1771 2541 δια-

230 2574 404 2643 qipw;
459 2577 523 2627 Οί
565 2572 669 2645 μέν
708 2580 812 2628 εἱσι
863 2576 1211 2647 συνημμένοι,
1258 2578 1304 2630 oi
1345 2578 1399 2630 δὲ
1442 2578 1767 2649 διῃρημένοι.

235 2660 432 2729 Ἀμέλει
463 2665 493 2714 ὁ
524 2662 627 2731 μὲν
661 2663 878 2733 πρῶτος
907 2662 1000 2716 καὶ
1025 2663 1267 2734 δεύτερος
1312 2664 1635 2734 συνημμένοι
1667 2663 1769 2717 elui.

224 2750 343 2802 κατά
373 2751 435 2803 τὸ
480 2749 805 2820 Ἐϐραῖκόν·
843 2751 935 2804 καὶ
969 2752 1124 2805 πάλιν
1148 2755 1174 2805 ὁ
1206 2753 1405 2815 ἔνατος,
1438 2754 1767 2823 συνημμένος

222 2840 330 2907 παρ’
359 2840 514 2907 ἡμῖν,
563 2840 625 2891 ὲν
649 2838 727 2908 τῷ
767 2840 1039 2909 Ἐϐραῖκῷ
1067 2839 1308 2909 διῄρηται
1341 2844 1419 2903 εἰς
1458 2839 1564 2894 δύο.
1600 2842 1768 2912 Παρα-

219 2929 467 2999 τηρητέον
495 2929 580 2991 δὲ,
626 2930 709 2981 ὅτι
746 2930 820 2997 μὴ
856 2930 995 2981 κατὰ
1024 2930 1331 2982 ἀκολουθίαν
1371 2931 1476 2982 τῶν
1499 2932 1595 2999 τῆς
1630 2932 1765 2984 ίστοο

219 3017 321 3087 βίας
354 3020 575 3092 ’χρδνων
608 3024 640 3091 ἡ
677 3020 786 3073 τῶν
817 3018 1044 3089 ψαλμῶν
1086 3018 1355 3087 σύγκειται
1400 3020 1575 3083 τάξις·
1611 3022 1763 3090 ὲνήλ⁴

215 3112 395 3165 λακται
416 3114 472 3165 δὲ
497 3114 654 3183 παρά
683 3112 838 3174 πολὺ,
874 3107 1052 3173 καθὼς
1080 3112 1111 3180 ή
1137 3107 1311 3179 βίϐλος
1331 3112 1434 3163 τῶν
1457 3110 1761 3174 Βασιλειῶν,

215 3202 289 3252 καὶ
322 3202 466 3270 αὕτη
494 3205 528 3271 ἠ
580 3201 735 3264 τάξις
765 3200 930 3269 δηλοῖ.
965 3199 1169 3266 Πολλῆς
1215 3197 1387 3250 τοίνυν
1434 3214 1765 3270 κατακρατη-

213 3290 375 3358 τάπης
426 3286 875 3357 είδωλολατρείας
920 3286 1014 3339 τοῦ
1055 3284 1313 3339 Ἰουδαίων
1365 3287 1561 3349 ἔθνους,
1603 3286 1765 3357 λήθην

213 3381 400 3443 αὐτούς
447 3398 585 3448 φασι
637 3376 965 3447 πεποιῆσθαι
994 3378 1100 3429 τῶν
1144 3375 1379 3448 πατρίων
1424 3379 1662 3448 γραφῶν,
1692 3378 1765 3441 ὡς

216 3469 337 3537 μηδὲ
389 3466 483 3522 τοῦ
518 3467 802 3529 Μωΰσέως
834 3465 993 3537 νόμου
1023 3465 1196 3535 βίϐλον
1236 3466 1600 3536 ἐπιφέρεσθαι,
1636 3468 1762 3536 μηδὲ

216 3560 429 3627 μνήμην
448 3555 547 3626 τῆς
572 3556 685 3608 τῶν
707 3554 955 3622 πατέρων
978 3553 1249 3616 εὐσεϐείας
1276 3552 1589 3617 ἀποσώζειν.
1613 3552 1764 3606 Οὕτω

213 3646 331 3711 γοῦν
357 3649 483 3709 τοὺς
518 3645 807 3716 προφήτας
830 3642 1054 3713 ἀνῄρουν
1090 3643 1450 3711 διελέγχοντας
1474 3642 1646 3694 αὐτῶν
1668 3642 1763 3705 τὰς

213 3735 541 3799 δυσσεϐείας.
593 3735 729 3789 Οὑδὲ
762 3735 855 3786 νῦν
897 3734 1199 3802 θαυμαστὸν
1241 3734 1297 3783 ὲν
1342 3727 1558 3803 τοιαύτῃ
1599 3749 1762 3784 καταο

216 3826 397 3877 στάσει
427 3824 636 3894 καιρῶν
672 3822 899 3875 καὶτῶν
932 3821 1306 3891 ἐμφερομένων
1333 3821 1478 3882 τινάς
1603 3818 1762 3890 βίϐλῳ

214 3916 314 3968 τῶν
337 3917 566 3987 ψαλμῶν
594 3912 1050 3975 διαπεπτωκέναι,
1085 3913 1222 3984 λήθῃ
1252 3929 1307 3964 τε
1336 3914 1556 3981 μακροῖς
1587 3928 1760 3985 παρα-

213 4000 446 4058 δεδόσθαι
466 4005 869 4076 χρόνοις.’Ύστε
879 4021 965 4074 ρον
978 4000 1033 4056 δὲ
1049 4002 1183 4073 μετά
1195 4001 1381 4064 ταῦτα,
1400 4002 1504 4054 εἴτε
1513 4002 1757 4072 Ἔσδραν,

211 4089 315 4146 εἴτε
367 4097 510 4158 τινας
542 4096 767 4165 ἑτέρους
798 4094 1097 4164 προφήτας,
1149 4095 1273 4163 περὶ
1312 4093 1408 4162 τὴν
1454 4092 1760 4162 συναγωγὴν

210 4182 387 4235 αὑτῶν
411 4183 823 4245 ἐσπουδακέναι,
850 4181 967 4251 μεθ’
993 4174 1064 4234 ὧν
1087 4183 1179 4234 καὶ
1194 4182 1287 4250 τὴν
1309 4180 1481 4250 βίϐλον
1502 4183 1605 4234 τῶν
1629 4181 1760 4250 ψαλο

212 4270 325 4335 μῶν
354 4272 628 4342 ὴγιοχέναι
678 4272 824 4340 (sic),
855 4272 952 4322 οὑκ
999 4269 1205 4339 ἀθρόως
1234 4269 1453 4339 εὑρόντα
1481 4272 1604 4333 τοὺς
1629 4270 1760 4321 πάν-

208 4370 321 4424 τις,
360 4363 487 4416 ἀλλὰ
509 4362 651 4417 κατά
675 4362 960 4431 διαφόρους
991 4361 1227 4429 χρόνους.
1259 4360 1364 4410 Καὶ
1395 4359 1598 4412 τάττειν
1621 4359 1676 4411 δὲ
1703 4362 1760 4410 ὲν

1945 2401 2001 2454 in
2040 2397 2301 2454 ilebraico
2332 2399 2659 2453 Psalmorum
2686 2398 2839 2462 libro,
2868 2397 3251 2466 psalmiomnes
3278 2392 3396 2450 sine

1876 2488 2081 2541 numeri
2109 2488 2378 2541 additione
2409 2488 2554 2541 varie
2584 2487 2824 2554 inscripti
2860 2496 3004 2539 sunt.
3035 2485 3099 2537 Et
3121 2492 3246 2540 sunt
3274 2485 3394 2553 qui.

1872 2580 1990 2634 dem
2020 2581 2106 2634 alii
2139 2580 2432 2650 conjuncti,
2458 2579 2547 2632 alii
2577 2596 2702 2633 vero
2729 2579 2904 2633 divisi.
2940 2577 3078 2631 Sane
3108 2579 3313 2647 primus
3340 2584 3394 2631 et

1872 2672 2137 2726 secundus
2164 2672 2315 2739 juxta
2342 2668 2657 2725 llebraicum
2689 2670 3006 2738 capulantur
3030 2688 3042 2721 :
3070 2682 3243 2722 nonus
3263 2682 3394 2721 con-

1872 2768 1951 2814 tra
1975 2761 2065 2830 qui
2100 2762 2236 2830 apud
2268 2774 2367 2815 nos
2396 2759 2718 2827 conjunctus
2750 2766 2851 2819 est,
2883 2758 2935 2810 in
2959 2756 3094 2812 duos
3114 2757 3252 2826 apud
3281 2754 3389 2811 He-

1870 2850 2105 2904 braicum
2140 2858 2342 2903 textum
2382 2849 2739 2903 distribuitur.
2780 2846 3180 2901 Observandum
3213 2853 3388 2900 autem

1867 2946 1970 3001 est,
2007 2953 2114 2991 non
2146 2937 2211 2990 ad
2240 2938 2431 2990 seriem
2456 2938 2693 2991 historiae
2722 2946 3044 3003 temporum,
3064 2935 3389 3003 psalmorum

1867 3028 2110 3082 ordinem
2130 3028 2479 3080 constitutum
2511 3041 2627 3080 esse
2653 3043 2665 3078 :
2703 3026 2963 3093 siquidem
3002 3024 3224 3077 multum
3245 3037 3392 3075 com-

1868 3124 2119 3177 mutatur,
2144 3116 2221 3169 uti
2245 3114 2548 3184 Regnorum
2572 3115 2704 3168 liber
2736 3129 2795 3167 ac
2824 3114 2903 3167 vel
2924 3114 3035 3182 ipse
3064 3114 3193 3166 ordo
3220 3112 3390 3167 decla-

1865 3210 1965 3257 rat.
1996 3203 2128 3256 Cum
2158 3204 2338 3269 itaque
2364 3201 2530 3253 multo
2561 3201 2875 3255 idololatria:
2922 3214 3111 3268 genere
3133 3197 3389 3252 Judaicus

1865 3293 2092 3360 populus
2123 3293 2468 3353 detineretur,
2502 3291 2688 3344 dicunt
2719 3304 2782 3344 eo
2809 3303 2977 3356 usque
2997 3289 3295 3350 devenisse,
3326 3294 3389 3341 ut

1865 3382 2064 3451 patrias
2093 3383 2387 3452 scripturas
2435 3396 2465 3435 e
2510 3380 2767 3435 memoria
2804 3379 3194 3438 ohlitterarent,
3231 3379 3303 3431 ita
3329 3383 3387 3431 ut

1864 3486 2033 3539 neque
2058 3469 2301 3523 Mosaicae
2332 3468 2462 3537 legis
2489 3468 2623 3521 liber
2670 3467 2807 3518 ultra
2838 3467 3184 3534 reperiretur,
3212 3478 3385 3532 neque

1865 3565 2094 3625 paterna:
2119 3556 2328 3624 pietatis
2354 3554 2663 3608 memoriam
2684 3558 3081 3605 conscrvarcnt.
3105 3550 3385 3604 Enimvero

1862 3646 2148 3714 prophetas
2199 3642 2531 3711 impietatem
2584 3657 2736 3694 suam
2775 3647 3129 3710 coarguentes
3181 3639 3385 3694 interﬂ-

1862 3734 2090 3787 ciebant.
2120 3731 2261 3785 Nihil
2310 3732 2487 3801 itaque
2527 3732 2720 3784 mirum
2754 3739 2836 3784 est
2862 3729 2914 3782 in
2956 3729 3047 3781 tali
3083 3739 3382 3797 temporum

1861 3822 2183 3885 conditione,
2202 3821 2435 3890 psalmos
2453 3821 2655 3888 aliquot
2679 3820 2805 3873 olim
2826 3819 2877 3870 in
2902 3816 3231 3871 Psalmorum
3248 3818 3384 3872 libro

1860 3918 2223 3973 occurrentes,
2258 3911 2415 3980 longo
2448 3923 2712 3963 annorum
2753 3908 3021 3961 curriculo
3050 3906 3255 3961 incuria
3285 3906 3384 3960 ob-

1861 4000 2125 4055 litteratos
2153 3999 2437 4059 excidisse.
2476 3997 2586 4051 Sub
2610 3998 2720 4051 haec
2753 4005 2928 4050 autem
2962 3997 3112 4049 aiunt
3141 3996 3253 4051 sive
3284 3997 3382 4049 Es-

1858 4090 2030 4153 dram,
2050 4090 2161 4145 sive
2183 4091 2318 4144 alios
2338 4089 2595 4159 quosdam
2615 4091 2919 4157 prophetas,
2938 4087 3081 4155 ipsos
3101 4083 3381 4154 colligendi

1857 4195 2039 4233 curam
2075 4180 2377 4248 suscepisse
2403 4214 2418 4243 ,
2458 4187 2745 4248 posteaque
2799 4175 3130 4229 Psalmorum
3186 4174 3380 4227 librum

1857 4282 2223 4333 consecrasse,
2258 4283 2356 4321 nec
2378 4266 2655 4321 confertim
2689 4272 2930 4334 repertos
2974 4278 3158 4317 omnes
3190 4262 3378 4327 fuisse,

1858 4357 1950 4411 sed
1978 4358 2207 4420 diversis
2236 4358 2585 4425 temporibus.
2628 4354 2836 4410 Primos
2879 4362 3054 4408 autem
3086 4355 3381 4407 collocasse

209 4450 439 4520 πρώτοις
461 4454 587 4513 τοὺς
608 4447 860 4519 πρώτους
891 4446 1328 4518 εὑρισκομένους·
1364 4446 1492 4517 μηδὲ
1521 4448 1641 4510 τοὺς
1665 4448 1756 4500 τοῦ

1872 4462 1950 4502 eos
1975 4448 2063 4516 qui
2094 4447 2252 4516 primi
2284 4447 2483 4500 inventi
2521 4446 2729 4499 fuerant
2766 4463 2779 4506 ;
2834 4443 3067 4513 hincque
3094 4442 3289 4497 factum
3319 4450 3379 4495 ut

204 4538 364 4591 Δαυῖδ
392 4541 590 4610 ἐφεξῆς
623 4537 837 4590 κεῖσθαι
877 4539 1114 4599 πάντας
1145 4536 1200 4589 ἔν
1237 4554 1296 4589 τε
1326 4535 1401 4606 τῷ
1433 4535 1627 4605 μεταξὺ
1665 4538 1756 4590 καὶ

1879 4537 2013 4606 iqui
2041 4552 2069 4589 a
2102 4535 2298 4588 Davide
2347 4535 2632 4601 conscripti
2673 4540 2796 4588 sunt
2841 4548 2946 4586 non
2991 4535 3379 4599 consequenter

199 4628 305 4680 τῶν
336 4630 467 4681 υιῶν
490 4628 661 4699 Κορὲ,
699 4626 795 4678 καὶ
821 4624 913 4678 τοῦ
952 4625 1140 4692 Ἀσάφ,
1170 4627 1258 4677 καὶ
1278 4625 1625 4695 Σολομῶντος,
1665 4627 1757 4681 καὶ

1876 4636 2081 4690 aceant,
2139 4625 2233 4681 sed
2266 4624 2526 4679 commisti
2558 4637 2679 4675 cum
2723 4622 2790 4677 iis
2833 4622 2924 4690 qui
2961 4620 3186 4674 filiorum
3217 4618 3374 4678 Core,

200 4714 493 4781 Μωῦσέως,
510 4721 577 4770 Ai
586 4716 696 4785 μάν
720 4732 801 4777 τε,
832 4715 923 4767 καὶ
949 4713 1134 4778 Αίθάν,
1157 4715 1248 4766 καὶ
1280 4715 1523 4784 ⁹ῐδιθοὺμ,
1548 4719 1638 4770 καὶ
1658 4719 1758 4770 πά·-

1872 4718 2073 4787 tsaphi,
2093 4715 2411 4780 Salomonis,
2432 4714 2645 4782 Moysis,
2665 4711 2880 4774 Eman,
2900 4708 3373 4774 Aithaanitbum,

199 4802 278 4859 λεν
312 4807 406 4862 τοῦ
434 4808 603 4862 Δαυτδ
627 4805 974 4876 εὑρίσκεσθαι
1002 4804 1199 4873 ἀναμὶξ
1220 4806 1274 4856 ὲν
1300 4808 1363 4876 τῇ
1402 4805 1564 4876 βίϐλῳ
1592 4824 1743 4861 κατα-

1872 4822 2174 4877 msumque
2200 4804 2416 4860 Davidis
2451 4801 2837 4863 inscribuntur,
2875 4815 2979 4857 non
3012 4797 3215 4850 ratione
3240 4802 3375 4849 tem-

198 4900 586 4971 ῖεταγμένους,
640 4898 700 4949 οὑ
724 4894 843 4948 καθ’
874 4894 970 4955 οὓς
1018 4892 1304 4962 ἐλέχθησαν
1347 4895 1581 4965 χρόνους,
1624 4897 1753 4950 ἀλλὰ

1872 4898 1999 4952 )oris
2026 4911 2131 4965 quo
2161 4894 2391 4964 primum
2420 4891 2543 4945 editi
2567 4898 2620 4943 et
2649 4889 2996 4958 pronuntiati,
3028 4884 3118 4941 sed
3149 4899 3256 4953 quo
3281 4884 3375 4938 de-

203 4988 317 5039 καθ*
340 4989 432 5052 οὓς
455 4985 736 5058 εὕρηνται.
767 4983 959 5036 Ἔνθεν
979 4999 1036 5033 τε
1070 4981 1326 5051 συμϐῆναι
1358 4987 1478 5046 τοὺς
1498 4989 1607 5049 τοῖς
1633 4988 1751 5057 χρό-

1872 4983 2103 5050 prehensi
2124 4989 2267 5037 sunt.
2298 4979 2536 5045 llincque
2562 4978 2873 5044 contigisse,
2921 4983 2977 5028 ut
3015 4972 3107 5043 qui
3134 4980 3375 5043 tempore

205 5092 306 5141 ν’)ις
324 5078 581 5149 ὑστέρους
606 5074 857 5144 πρώτους
884 5068 1220 5139 εὑρεθέντας,
1246 5072 1604 5140 ἀναληφθῆναι
1628 5093 1751 5144 προ-

203 5165 409 5236 τέρους.
443 5170 566 5229 τοὺς
599 5165 655 5217 δὲ
688 5162 989 5234 προτέρους
1024 5157 1156 5224 μετὰ
1182 5158 1343 5212 ταῦτα
1366 5162 1673 5231 εὑρεθέντας
1693 5167 1748 5219 ὲν

207 5252 419 5325 δευτέρᾳ
438 5256 671 5323 “ﬂ”;
698 5250 854 5321 χώρᾳ
872 5266 885 5279 ο
918 5248 984 5299 τὸ
1003 5246 1046 5297 δ’
1076 5245 1196 5295 αὑτὸ
1211 5245 1380 5316 εὕροις
1402 5252 1747 5320 γεγενημένον

219 5339 266 5392 ιν
286 5345 386 5403 τοῖς
410 5343 729 5410 προφήταις.

276 5430 445 5482 Πάντα
465 5430 650 5495 ὥσπερ
684 5429 741 5477 έν
772 5419 1011 5490 μεγάλῳ
1045 5416 1143 5468 τινὶ
1168 5414 1253 5467 καὶ
1275 5420 1437 5487 κοινῷ
1456 5423 1657 5493 ταμείῳ
1680 5428 1744 5498 τῇ

232 5511 361 5587 βίϐλῳ
384 5519 489 5569 τῶν
512 5512 742 5583 ψαλμῶν
771 5498 1215 5572 τεθησαὺρισται.
1244 5503 1479 5558 Κάκεῖνο
1506 5508 1558 5559 δὲ
1590 5514 1752 5582 τηρή-

279 5627 335 5698 ll)
369 5625 736 5698 Ὑπακούξινς
778 5615 1000 5698 ίά,Ξῖι,
1020 5610 1312 5698 ζξξξίῖξξίενε
1365 5616 1566 5670 επιυὶῑε
1600 5619 1759 5689 huius
1796 5623 2191 5697 signiﬁcationis
2240 5618 2477 5685 exempla
2522 5623 2793 5678 attulimus
2845 5623 2897 5676 in
2929 5620 3163 5678 editione
3219 5618 3386 5671 Athan

226 5675 340 5756 assii.
365 5675 505 5752 Vide
530 5675 603 5746 in
619 5675 1002 5743 Onomastico
1034 5675 1230 5734 ibidem,

399 5793 676 5852 ΡΑτιιοι.
711 5775 839 5833 Gn.
900 5762 1139 5826 XXIII.

1855 5072 2177 5142 posteriores
2200 5077 2372 5131 erant,
2405 5082 2525 5120 cum
2554 5066 2711 5132 primi
2733 5065 2925 5134 reperti
2956 5064 3175 5125 fuerint,
3213 5064 3372 5133 primi

1850 5160 2067 5229 repositi
2102 5160 2209 5213 sint
2234 5176 2248 5223 ;
2280 5171 2341 5209 ac
2365 5156 2479 5209 vice
2517 5169 2670 5209 versa
2688 5154 2779 5221 qui
2801 5154 2955 5222 primi
2985 5152 3217 5215 fuerant,
3247 5152 3372 5221 quia

1849 5255 1969 5316 post
1993 5246 2125 5300 alios
2152 5244 2287 5297 eruti
2307 5248 2450 5306 sunt,
2485 5241 2834 5309 posteriorem
2868 5241 3110 5294 inlocum
3126 5240 3374 5292 sintcon-

1848 5335 2016 5391 stituti
2037 5356 2047 5389 :
2067 5335 2206 5404 quod
2230 5335 2398 5400 ipsum
2423 5330 2475 5382 in
2492 5331 2762 5399 prophetis
2777 5330 2972 5386 factum
2988 5328 3371 5397 deprehendas.

1919 5426 1976 5477 ln
2010 5424 2147 5476 libro
2174 5419 2504 5472 Psalmorum
2558 5421 2734 5472 omnia
2771 5435 2866 5474 ceu
2886 5421 2936 5472 in
2965 5429 3156 5486 magno
3182 5430 3249 5469 ac
3278 5430 3377 5485 pu—

1856 5515 1997 5569 blico
2027 5508 2281 5582 penuario
2299 5504 2574 5562 recondita
2599 5518 2740 5564 sunt.
2766 5505 3167 5566 Observandum
3198 5512 3381 5557 autem

3138 5762 3181 5822 3
