3818 6472
1988 72 2037 99 ῗῖἷ
2056 72 2075 99 -ἶ
2100 96 2147 99 ,μ
2188 72 2205 75 ἡ
2222 84 2639 109 ...μάταιε-η...-

592 463 660 517 το
1204 441 1459 498 EUSEBlI
1498 443 1961 500 CESARIENSIS
1997 447 2142 503 OPP.
2184 451 2361 507 PARS
2398 454 2482 511 ill.
2513 486 2579 496 ——
2619 456 3017 512 EXEGETICA.

593 589 692 643 pus
739 588 843 629 non
888 576 986 644 ipsi
1022 575 1325 644 proprium,
1361 575 1453 627 sed
1500 575 1729 628 alienum
1763 583 1873 636 est;
1927 592 2101 645 quam-

2099 607 2118 618 -
2147 584 2187 637 Α
2220 594 2349 629 αιων
2370 593 2384 606 ο
2430 580 2612 645 est:th
2656 593 2746 627 του
2785 588 3039 642 παροντος
3068 571 3161 623 οὐκ
3197 569 3328 622 εστιν
3364 570 3547 633 οἰκεῖος,
3574 574 3607 623 li.

592 661 772 716 obrem
802 662 857 717 in
885 671 1119 731 tempore
1138 677 1232 714 suo
1261 663 1534 728 praesentis
1556 664 1891 731 agriculturae
1912 664 2118 720 fructus

596 749 704 805 Deo
729 751 978 822 proferet.
1008 754 1122 805 Alio
1154 765 1361 819 quoque
1388 751 1543 804 modo
1574 751 1919 823 intelligitur;
1960 756 2118 809 nimi-

593 855 734 903 rum,
766 842 853 895 ille
890 842 976 909 qui
1004 841 1187 894 beatus
1224 839 1576 906 praedicatur,
1629 856 1691 896 ex
1750 844 1960 896 mortali
2011 845 2117 899 vita

591 929 912 988 translatus,
975 925 1379 993 promissionem
1429 927 1643 983 habebit
1684 944 1743 983 se
1776 930 2012 986 futurum
2063 934 2117 989 in

593 1017 839 1084 paradiso
869 1015 954 1067 Dei
985 1015 1134 1082 quasi
1175 1014 1374 1084 lignum
1402 1019 1543 1085 quod
1592 1018 1885 1088 plantatum
1925 1030 2008 1078 est
2035 1038 2120 1077 se-

590 1121 686 1159 cus
709 1105 961 1157 decursus
984 1118 1262 1171 aquarum.

660 1193 820 1248 Vens.
852 1196 905 1248 4.
945 1192 1064 1247 Νοη
1097 1197 1171 1247 sic
1213 1195 1395 1263 impii,
1441 1212 1541 1250 non
1575 1200 1683 1263 sic,
1737 1200 1826 1254 sed
1871 1210 2116 1270 tanquam

584 1284 749 1351 pulvis
780 1298 934 1352 quem
979 1284 1188 1353 proiicit
1225 1297 1399 1341 ventus
1452 1306 1484 1343 a
1531 1290 1663 1356 [acie
1706 1300 1875 1346 terrm.
1922 1292 2115 1347 Beatus

588 1371 675 1426 ille
703 1373 878 1441 qualis
911 1372 997 1426 hic
1047 1372 1370 1429 describitur
1396 1393 1411 1429 :
1434 1386 1483 1431 et
1512 1392 1641 1432 sane
1674 1378 1977 1446 huiusmodi
2020 1382 2117 1433 ho-

584 1461 756 1515 mines
785 1462 1067 1517 admodnm
1097 1462 1202 1514 rari
1246 1464 1507 1530 paucique
1534 1474 1678 1521 sunt.
1727 1466 1794 1520 At
1822 1468 1966 1536 impii
1999 1485 2114 1523 ma-

581 1562 687 1618 gnn
717 1562 970 1613 numero;
1019 1548 1108 1616 qui
1140 1554 1197 1601 ut
1243 1549 1377 1602 nihil
1407 1550 1661 1606 habentes
1707 1551 1844 1620 apud
1902 1553 2113 1607 beatum

585 1639 731 1693 illum
763 1641 898 1693 male
924 1640 1179 1703 audiunt;
1214 1639 1445 1693 fructum
1472 1641 1667 1710 quippe
1693 1652 2111 1711 temporaneum,

584 1732 891 1787 mutabilem
940 1746 1001 1786 ac
1050 1733 1344 1800 periturum
1395 1732 1758 1800 possidentes,
1815 1734 1941 1789 facti
1991 1742 2115 1789 sunt

582 1820 739 1889 quasi
763 1821 929 1888 pulvis
951 1838 1097 1889 quem
1122 1821 1329 1889 projicit
1357 1832 1528 1875 ventus
1555 1840 1587 1876 a
1612 1823 1744 1890 facie
1770 1833 1939 1877 terrm.

2217 667 2513 737 ἀλλότριοςο
2560 665 2637 717 διὸ
2683 667 2738 716 ἐν
2780 663 2966 731 ἐκείνῳ
3003 660 3073 730 τῷ
3102 660 3277 713 ἑαυτοῦ
3317 659 3467 729 καιρῷ
3490 661 3610 729 τῆςέ

2215 754 2384 808 ταῦθα
2433 754 2694 823 γεωργίας
2739 750 3001 815 ἀποδώσει
3044 748 3116 817 τῷ
3154 746 3263 816 Θεῷ
3301 750 3411 810 τοῦς
3455 766 3609 819 mpm

2217 844 2322 898 Καὶ
2372 843 2488 895 καθ’
2531 843 2713 912 ἕτερον
2745 842 2797 892 δέ
2840 840 3053 910 τρόπον,
3094 841 3120 890 6
3159 836 3565 907 μακαριζόμενος,
3604 862 3613 907 ε

2214 931 2562 1001 ταφυτευθεὶς
2610 932 2671 982 ἐκ
2712 928 2803 980 τοῦ
2853 925 3042 997 θνητοῦ
3089 925 3216 993 βίου,
3267 924 3553 991 ἐπαγγελίαν
3591 926 3613 976 ἓ

2215 1024 2270 1075 ἐν
2295 1021 2373 1090 τῷ
2418 1019 2719 1090 παραδείσῳ
2746 1016 2837 1069 τοῦ
2881 1016 3013 1069 Θεοῦ
3057 1014 3278 1077 ἔσεσθαι,
3309 1015 3377 1077 ὡς
3404 1014 3457 1067 τὸ
3483 1014 3609 1078 ξύλον

2218 1110 2613 1180 πεφυτευμένον
2638 1107 2783 1178 παρὰ
2806 1107 2901 1169 τὰς
2925 1105 3178 1171 διεξόδους
3205 1104 3304 1156 τῶν
3328 1105 3534 1158 ὑδάτων.

2291 1202 2410 1267 Οὐχ
2441 1200 2623 1263 οὕτως
2653 1200 2705 1250 οἱ
2729 1195 2985 1259 ἀσεϐεῖς,
3017 1197 3124 1263 οὐχ
3151 1195 3345 1260 οὕτως,
3372 1195 3493 1248 ἀλλ’
3521 1194 3553 1262 ἣ
3584 1196 3621 1247 ὠ

2212 1289 2375 1358 χοῦς,
2418 1289 2487 1341 ὃν
2524 1289 2775 1355 ὲκρίπτει
2808 1290 2840 1339 ό
2885 1286 3103 1354 ἄνεμος
3153 1286 3265 1339 ἀπὸ
3304 1285 3626 1352 προσώπουι

2212 1378 2340 1448 γῆς.
2386 1378 2441 1430 '0
2475 1379 2567 1447 μὲν
2603 1377 2863 1446 μακάριος
2904 1376 3143 1437 τοιοῦτος
3168 1371 3273 1428 οἷον
3310 1377 3336 1426 6
3365 1375 3507 1443 λόγος
3533 1376 3626 1442 διέγ

2211 1468 2338 1535 ipsa!“
2375 1467 2590 1528 σπάνιος
2627 1466 2680 1517 δὲ
2715 1462 2867 1528 οὗτος
2902 1466 2995 1517 καὶ
3030 1467 3085 1516 ἐν
3123 1464 3315 1531 ὀλίγοις
3353 1464 3622 1532 εὑρισκόμεπ

2214 1553 2397 1605 Πολλοὶ
2436 1554 2491 1605 δὲ
2528 1554 2575 1604 οἱ
2608 1552 2840 1615 ἀσεϐεῖς,
2880 1553 3073 1613 οἵτινες
3116 1552 3188 1614 ὼς
3233 1552 3391 1621 μηδὲν
3430 1550 3615 1620 ἔχοντες

2216 1644 2461 1714 μακαρίῳ
2486 1643 2878 1714 ὃιαϐἐὸληνται.
2917 1643 3140 1712 Καρπὸν
3169 1642 3275 1711 γὰρ
3303 1641 3604 1711 πρόσκαιρον

2215 1733 2514 1795 σκεδαστὸν,
2532 1733 2621 1784 καὶ
2641 1732 3002 1802 ἀπολλύμενον
3025 1733 3366 1802 κτησάμενοι,
3387 1731 3624 1798 γεγόνασυ

2214 1824 2245 1874 ό
2260 1821 2402 1889 χοῦς
2421 1821 2491 1872 ὃν
2504 1822 2757 1887 ἐκρίπτει
2772 1824 2803 1874 ὀ
2820 1822 3034 1888 ἄνεμος
3053 1821 3169 1873 ἀπό
3188 1819 3493 1885 προσώπου
3507 1818 3622 1885 τῆςς

650 1910 812 1965 Vens.
856 1912 907 1967 5.
951 1910 1077 1964 Ideo
1128 1929 1227 1965 non
1277 1923 1540 1982 resurgent
1588 1914 1732 1981 impii
1781 1914 1836 1966 in
1878 1896 2158 1980 judicio,l

2144 1896 2185 1948 Β
2281 1912 2379 1964 Διὰ
2406 1911 2577 1963 τοῦτο
2608 1913 2716 1963 οὐκ
2738 1911 3182 1975 ἀναστήσονται
3211 1911 3438 1975 ἀσεϐεῖς
3458 1911 3520 1962 ἐν
3542 1913 3622 1976 κρῖ

583 2017 740 2070 neque
764 2012 1054 2068 peccatores
1080 2003 1133 2055 in
1160 2004 1380 2057 concilio
1406 2003 1692 2071 justorum.
1719 2001 1776 2056 ln
1810 2003 2112 2065 communi,

586 2089 753 2151 illud,
799 2090 851 2142 in
900 2090 1120 2143 concilio
1168 2090 1424 2154 iustorum
1469 2090 1733 2159 accipias,
1778 2089 1852 2141 ita
1899 2098 1955 2142 ut
2005 2090 2114 2142 haec

581 2179 850 2233 sententia
879 2179 1037 2235 fuerit
1061 2198 1072 2232 :
1108 2178 1548 2247 Quandoquidem
1573 2179 1706 2231 nihil
1736 2179 1928 2240 fertile,
1954 2178 2115 2232 vitale

580 2269 747 2332 nihil,
778 2284 949 2337 neque
974 2269 1204 2324 fructum
1230 2269 1332 2324 Deo
1352 2268 1569 2338 dignum
1588 2308 1603 2331 ,
1628 2269 1837 2338 qualem
1857 2267 2116 2323 dederunt

576 2356 739 2427 justi,
773 2359 922 2429 impii
948 2361 1250 2429 protulere;
1282 2361 1401 2415 ideo
1428 2361 1483 2414 in
1510 2359 1698 2428 judicii
1726 2367 1996 2427 tempore,
2027 2373 2115 2410 ne-

578 2464 674 2517 que
701 2459 993 2516 peccatores
1028 2451 1082 2502 in
1113 2448 1334 2504 concilio
1360 2451 1625 2517 justorum
1660 2455 1964 2517 resurgent.
2010 2445 2115 2499 Pro

579 2538 812 2591 concilio
841 2547 1016 2593 autem
1047 2540 1236 2609 Aquila
1271 2548 1323 2594 et
1352 2539 1649 2593 Tlieodotio
1681 2553 2002 2607 synagogam
2032 2536 2115 2589 in-

578 2628 854 2695 terpretati
882 2635 1041 2693 sunt;
1076 2628 1429 2698 Symmachus
1450 2642 1598 2689 vero,
1627 2635 1947 2679 conventum.
1972 2624 2116 2679 Con-

580 2717 764 2770 cilium
800 2716 959 2785 igitur
994 2715 1080 2768 hic
1114 2716 1380 2786 intelligas
1414 2722 1737 2770 conventum
1768 2722 2075 2767 sanctorum
2096 2752 2111 2775 ,

583 2815 641 2858 ut
679 2805 734 2859 in
769 2804 1033 2873 principio
1067 2804 1267 2858 dictum
1307 2813 1409 2861 est.
1448 2804 1815 2874 Oppositoque
1848 2818 2011 2857 sensu
2050 2804 2115 2856 il-

580 2893 671 2948 lud
690 2936 706 2961 ,
738 2896 793 2948 in
823 2896 1040 2949 concilio
1070 2896 1345 2963 impiorum
1364 2934 1378 2958 ,
1408 2910 1505 2964 pro
1533 2903 1798 2948 conventu
1828 2893 2114 2963 impiorum

579 2983 837 3052 accipias.
870 2983 1132 3038 Ceterum
1167 2992 1451 3053 resurgant
1485 2984 1583 3053 ipsi
1621 2998 1833 3053 quoque
1855 3022 1870 3046 ,
1908 2982 2000 3038 sed
2047 2983 2113 3037 ad

581 3088 792 3143 pmnam
820 3082 979 3142 atque
1009 3074 1363 3145 supplicium:
1400 3073 1539 3127 Nam
1577 3084 1763 3128 cuncta
1794 3089 1909 3144 qua?
1940 3074 2110 3141 ﬁunt,

581 3161 800 3217 adducet
836 3162 975 3216 Deus
1026 3164 1081 3217 in
1116 3161 1379 3232 judicium
1426 3179 1519 3231 pro
1570 3179 1708 3216 0mm
1755 3172 1963 3226 errato,
2012 3163 2114 3215 sive

579 3252 769 3306 bonum
807 3254 912 3306 sive
939 3254 1138 3306 malum
1164 3253 1296 3307 illud
1324 3253 1484 3322 fuerit
1516 3255 1555 3307 ³.
1596 3252 1899 3307 Notandum
1938 3259 2114 3306 autem

579 3350 688 3403 est,
726 3343 957 3410 primum
1007 3342 1257 3397 Davidem
1307 3343 1754 3398 resurrectionem
1795 3350 1847 3397 et
1880 3342 2117 3398 futurum

577 3438 697 3497 post
742 3428 1188 3484 resurrectionem
1222 3429 1506 3497 judicium,
1538 3446 1746 3485 necnon
1776 3430 1965 3484 futura:
1999 3431 2118 3487 vitae

577 3519 1025 3588 promissionem,
1083 3528 1264 3588 aperte
1308 3520 1606 3575 docuisse:
1662 3519 1870 3591 Moyses
1924 3519 2118 3589 quippe

578 3609 709 3661 nihil
744 3607 1047 3676 hujusmodi
1080 3609 1285 3676 uspiam
1316 3608 1554 3661 tradidit.

653 3696 815 3752 Vens.
854 3698 905 3749 6.
947 3698 1210 3760 Quoniam
1262 3698 1401 3753 novit
1450 3698 1710 3752 Dominus
1756 3700 1893 3752 viam
1940 3699 2115 3767 justo-

486 3836 495 3845 ,
578 3798 735 3847 rum,
804 3796 851 3838 et
907 3787 1005 3839 iter
1060 3788 1335 3854 impiorum
1389 3786 1595 3854 peribit.
1650 3785 1747 3840 Hic
1818 3786 2113 3856 generatim

580 3882 733 3929 notes
786 3875 980 3937 velim,
1044 3873 1240 3928 bonum
1292 3872 1507 3944 quidem
1558 3874 1784 3929 Domino
1839 3874 2111 3944 cognitum

580 3981 733 4028 esse,
768 3964 861 4019 sed
894 3964 1093 4018 malum
1132 3966 1465 4033 neutiquam.
1501 3962 1646 4017 Bona
1681 3965 1874 4033 quippe
1905 3971 1988 4018 est
2020 3965 2111 4032 ju-

581 4061 788 4109 storum
823 4054 938 4119 via,
969 4068 1143 4123 neque
1188 4052 1425 4111 dicitur:
1468 4051 1625 4106 Novit
1670 4051 1926 4108 Dominus
1977 4054 2115 4106 viam

580 4145 868 4215 impiorum
892 4182 907 4205 .
935 4143 1183 4197 videlicet
1207 4159 1394 4198 eorum
1427 4144 1516 4213 qui
1549 4144 1599 4196 in
1632 4142 1919 4212 perniciem
1951 4151 2112 4207 eunt;

583 4235 679 4289 sed
706 4254 719 4288 :
756 4233 913 4287 Novit
945 4232 1200 4286 Dominus
1229 4234 1316 4303 qui
1347 4243 1464 4286 sunt
1493 4234 1604 4301 ejus
1642 4233 1680 4287 ‘.
1713 4231 1989 4287 Justorum
2023 4247 2118 4286 au-

583 4334 686 4380 tem
722 4325 805 4379 via
837 4334 919 4380 est
951 4326 999 4381 is
1029 4324 1121 4393 qui
1151 4326 1287 4378 dixit
1317 4343 1331 4379 :
1370 4324 1478 4394 Ego
1507 4342 1623 4379 sum
1653 4325 1735 4379 via
1764 4326 1783 4355 ⁸
1814 4340 1830 4389 ;
1859 4333 1911 4377 et
1940 4324 2070 4378 illud
2100 4345 2112 4379 ;

593 4413 767 4469 Videte
794 4431 908 4482 qua:
938 4416 1007 4469 sit
1038 4417 1121 4469 via
1152 4415 1286 4469 bona
1305 4417 1346 4470 ⁸.
1377 4415 1501 4471 Haec
1534 4417 1752 4487 respicit
1786 4417 2047 4485 psalmus.

993 4524 1311 4581 PSALMUS
1375 4525 1579 4579 DAVlD
1637 4526 1701 4579 Il.

1027 4634 1345 4703 Explanalio
1376 4636 1566 4704 psalmi
1606 4651 1665 4689 ιι.

647 4747 815 4805 Vatis.
842 4751 892 4801 i.
926 4748 1100 4813 Quare
1129 4749 1448 4816 fremuerunt
1475 4757 1681 4818 gentes,
1718 4759 1769 4801 et
1807 4747 1984 4816 populi
2014 4763 2118 4799 me—

580 4839 887 4895 ditatisunt
920 4838 1146 4892 inania?
1177 4838 1516 4908 Prophctiam
1552 4837 1735 4900 aﬂcrt,
1767 4853 1870 4907 qua
1915 4836 2117 4890 Christi

583 4927 842 4983 adventus
870 4929 1179 4987 enuntiatur
1203 4946 1217 4994 ;
1246 4944 1352 4998 qun
1373 4935 1527 4997 pacto
1554 4927 1759 4981 scilicet
1788 4928 2022 4981 futurum
2051 4926 2122 4980 sit

586 5021 646 5067 ut
689 5013 992 5070 Iudaeorum
1040 5016 1248 5073 insidiis
1297 5023 1594 5087 appetatur,
1634 5014 1975 5084 gentiumque
2004 5028 2119 5065 om—

589 5101 736 5154 nium
766 5103 1090 5170 dominetur,
1122 5114 1175 5160 et
1205 5112 1466 5175 quotquot
1497 5104 1551 5156 in
1582 5116 1703 5155 eum
1740 5100 1984 5155 fiduciam
2020 5100 2116 5153 ha-

588 5189 820 5250 bebunt.
852 5193 969 5258 ejus
1000 5210 1162 5263 opera
1197 5196 1378 5250 felices
1407 5193 1659 5248 evadant.
1693 5190 1906 5245 Primus
1937 5192 2117 5260 itaque

584 5279 828 5350 psalmus
863 5295 1019 5346 parce
1051 5284 1274 5354 loquens
1323 5300 1488 5340 unum
1528 5285 1787 5338 duntaxat
1833 5283 1924 5352 qui
1969 5282 2115 5334 salu-

580 5381 691 5425 tem
747 5376 1071 5424 consecutus
1113 5384 1193 5427 est
1244 5378 1454 5432 beatum
1509 5374 1799 5444 praedicat;
1850 5372 1937 5425 hic
1987 5386 2115 5425 vero

584 5459 830 5529 psalmus
863 5455 930 5509 ad
964 5456 1267 5517 felicitatem
1298 5466 1694 5520 multitudinem
1728 5472 1899 5516 vocat.
1937 5460 2114 5531 Siqui-

579 5546 701 5602 dem
736 5546 978 5601 omnium
1008 5561 1115 5600 una
1159 5554 1394 5619 gentium
1435 5557 1768 5612 vocationem
1809 5552 2117 5621 complecti-

581 5649 693 5699 tur,
732 5650 1004 5704 regnaque
1027 5644 1186 5692 terra:
1211 5639 1397 5696 invitat
1425 5646 1491 5699 ad
1518 5647 1763 5700 salutem.
1800 5643 1923 5698 Haec
1950 5655 2112 5709 porro

581 5736 719 5782 bona
774 5737 868 5792 per
912 5723 1185 5777 Christum
1227 5727 1531 5787 hominibus
1578 5735 1875 5789 obventura
1920 5743 2110 5783 conse-

2213 1997 2349 2052 οῠδὲ
2378 1998 2701 2065 ἁμαρτωλοὶ
2729 1999 2797 2051 ἐν
2838 1995 3044 2063 ,ϐουλῇ
3088 1997 3345 2049 δικαίων.
3388 1998 3532 2050 Κατὰ
3576 2014 3624 2048 xc

2211 2087 2288 2150 τὸ,
2320 2088 2387 2139 ἐν
2418 2085 2616 2153 βουλῇ
2638 2086 2893 2149 δικαίων,
2924 2084 3176 2147 ἀκούσεις
3195 2102 3208 2115 ⁸
3244 2086 3317 2148 ὡς
3348 2081 3479 2138 εἶναι
3516 2085 3602 2154 τὴν

2211 2194 2354 2230 νοιαν
2382 2174 2626 2245 τοιαύτην
2649 2191 2661 2204 °
2691 2176 2839 2227 Ἐπεὶ
2875 2174 3041 2244 μηδὲν
3095 2175 3311 2244 γόνιμον
3356 2175 3483 2243 μηδέ
3518 2174 3626 2236 Cum

2212 2268 2321 2319 ἀλλ’
2353 2266 2471 2319 ούδέ
2509 2266 2713 2334 καρπὸν
2745 2264 2879 2318 Θεοῦ
2911 2266 3059 2331 ἄξιον
3098 2269 3210 2328 τοῖς
3242 2266 3461 2332 δικαίοις
3493 2282 3626 2333 παρα

2214 2358 2339 2419 σίως
2364 2359 2414 2410 οἱ
2453 2357 2667 2419 ἀσεὸεῖς
2716 2357 3150 2427 προηνέγκαντο,
3181 2356 3268 2409 διὰ
3302 2356 3455 2408 τοῦτο
3492 2358 3543 2407 ἐν
3568 2355 3625 2423 τᾷ

2212 2446 2439 2516 κρίσεως
2483 2445 2675 2516 καιρῷ,
2714 2447 2851 2499 οὔτε
2894 2450 2949 2499 cl
2998 2446 3331 2513 ἁμαρτωλοὶ
3361 2444 3428 2496 ἐν
3458 2441 3628 2509 βουλῇ

2211 2539 2391 2588 καίων
2422 2537 2832 2605 ἀναστήσονται.
2880 2536 3029 2588 Ἀντὶ
3061 2537 3118 2589 δέ
3148 2535 3339 2605 βουλῆς
3361 2538 3388 2587 6
3422 2536 3515 2604 μὲν
3551 2536 3628 2584 ‘Au

2214 2626 2305 2679 καὶ
2333 2627 2360 2678 6
2385 2625 2668 2677 Θεοδοτίων
2692 2625 3057 2694 συναγωγὴν
3080 2625 3473 2695 ἡρμηνεύκασι,
3500 2626 3627 2675 cura”

2211 2730 2312 2768 σιν
2340 2713 2395 2766 δὲ
2431 2716 2460 2767 6
2490 2715 2797 2785 Σύμμαχος.
2832 2716 3041 2784 Βουλὴν
3072 2716 3252 2769 τοίνυν
3300 2718 3522 2785 ἡγητέον
3552 2716 3630 2765 ἐντ

2212 2805 2455 2877 εἰρῆσθαι
2494 2806 2588 2876 τὴν
2622 2805 2836 2858 σύνοδον
2861 2806 2969 2858 τῶν
3001 2806 3195 2873 ἁγίων,
3224 2806 3299 2869 ὡς
3339 2806 3431 2858 καὶ
3457 2807 3510 2856 ἐν
3541 2805 3627 2873 ἀρ)

2218 2915 2393 2970 ρηται.
2428 2897 2579 2950 Κατὰ
2611 2896 2868 2966 δευτέραν
2891 2898 3132 2952 διάνοιαν
3162 2898 3260 2967 τὴν
3292 2898 3504 2950 σύνοδον
3531 2896 3628 2948 τῶν

2212 2990 2320 3041 ϐῶν
2352 2988 2634 3060 δηλοῦσθαι
2667 2989 2730 3040 ἐκ
2758 2988 2857 3042 τοῦ
2887 2991 2959 3043 ἐν
2980 2989 3189 3057 ,ϐουλῇ
3219 2988 3472 3043 ἀσεϐῶν.
3496 2988 3629 3057 Πλὴν

2215 3082 2495 3150 στήσονται
2541 3080 2630 3132 ἐπὶ
2675 3079 2898 3134 κολάσει
2949 3083 3048 3136 καὶ
3100 3082 3365 3153 τιμωρίᾳ·
3410 3080 3535 3134 Πᾶν
3574 3081 3629 3148 γε

2215 3171 2434 3238 ποίημα
2453 3168 2577 3232 ἄξει
2603 3172 2633 3223 6
2666 3169 2811 3234 Θεὸς
2840 3174 2929 3236 εὶς
2959 3172 3170 3239 κρίσιν
3194 3172 3254 3223 ἐν
3298 3170 3475 3222 παντὶ
3503 3183 3632 3234 παρέ

2210 3262 2386 3330 μένῳ,
2415 3260 2521 3314 ἐάν
2543 3277 2603 3314 τε
2643 3261 2875 3328 ἀγαθὸν
2901 3259 2963 3333 ᾗ,
3003 3265 3116 3317 ἐάν
3146 3283 3209 3317 τε
3251 3265 3533 3331 πονηρόν.
3564 3262 3631 3330 Ση

2218 3373 2304 3407 σαι
2339 3354 2414 3415 δέ,
2456 3355 2534 3406 ὅτι
2581 3354 2794 3422 πρῶτος
2829 3356 2996 3408 Δαυῒδ
3037 3359 3134 3409 καὶ
3162 3357 3459 3410 ἀνάστασιν
3503 3355 3631 3408 xei:

2220 3442 2353 3513 μετὰ
2378 3444 2474 3512 τὴν
2507 3443 2798 3495 ἀνάστασιν
2830 3445 3133 3514 ἐσομένην,
3169 3448 3263 3499 καὶ
3296 3445 3618 3513 ἐπαγγελίαν

2219 3534 2508 3606 μελλούσης
2540 3533 2720 3600 σαφῶς
2761 3535 2996 3601 ἐδίδαξε,
3040 3538 3327 3600 Μωῦσέως
3363 3537 3525 3607 μηδὲν
3571 3551 3632 3587 τοι

2217 3643 2290 3678 πα
2299 3625 2666 3687 οαδεδωκότος.

2288 3717 2403 3766 Ὅτι
2452 3714 2723 3781 γινώσκει
2772 3717 2996 3783 Κύριος
3030 3718 3181 3772 ὁδὸν
3222 3720 3491 3781 δικαίων,
3534 3718 3625 3771 καὶ

2215 3804 2445 3858 ἀσεϐῶν
2475 3802 2805 3856 ἀπολεῖται.
2854 3807 3181 3877 Σημείωσαι
3222 3810 3550 3873 καθολικῶς,
3598 3810 3632 3862 ὃ·

2216 3894 2303 3946 λὸν
2353 3895 2447 3963 μὲν
2493 3890 2823 3960 γινώσκεται
2880 3897 2990 3950 ὑπὸ
3034 3901 3272 3971 Κυρίου,
3324 3900 3527 3971 φαῦλον
3570 3900 3623 3951 δέ

2216 3985 2481 4035 οὐδέποτε.
2540 3981 2714 4033 Καλὸν
2759 3986 2875 4056 γὰρ
2926 3989 3048 4053 ὁδὸς
3098 3991 3349 4055 δικαίων,
3381 3993 3477 4045 καὶ¹
3517 3992 3613 4045 οὐκ

2216 4071 2468 4125 Γινώσκει
2509 4068 2710 4138 Κύριος
2738 4073 2870 4127 ὁδὸν
2918 4079 3163 4142 ἀσεϐῶν,
3206 4083 3326 4152 ἤτοι
3368 4081 3476 4135 τῶν
3519 4081 3632 4135 ἀπο]

2216 4179 2346 4215 verr
2379 4160 2539 4213 ἀλλά·
2570 4162 2676 4213 Καὶ
2717 4160 2887 4231 ἔγνω
2938 4172 3164 4236 Κύριος
3207 4174 3354 4239 τοὺς
3398 4174 3575 4239 ὄντας
3615 4190 3632 4226 ι

2229 4253 2370 4315 Ὁδὸς
2410 4252 2465 4304 δὲ
2505 4250 2749 4313 δικαίων,
2786 4256 2817 4306 6
2848 4258 3059 4312 εἰπών·
3106 4264 3251 4331 Ἐγώ
3289 4269 3406 4334 ειμι
3443 4268 3480 4333 ἡ
3525 4266 3632 4319 ὀδό.

2214 4344 2275 4394 τό
2294 4359 2307 4372 ο
2339 4340 2512 4394 Ἴδετε
2536 4339 2674 4392 ποία
2703 4342 2887 4397 ἐστὶν
2910 4348 2951 4416 ἡ
2978 4348 3126 4417 ὁδὸς
3151 4356 3190 4422 ἢ
3218 4356 3439 4425 ἀγαθή,
3470 4359 3592 4411 Ἐπὶ
3618 4375 3632 4407 ἰ

2224 4432 2564 4500 ἀναφέρεται.

2636 4541 2944 4601 ΨΑΛΜΟΣ
2972 4554 3064 4622 Τῼ
3092 4548 3303 4609 ΔΑΥΪΔ
3336 4560 3410 4611 B'.

2644 4630 2987 4705 Ἐξήγνησις
3030 4646 3291 4715 ψαλμοῦ
3317 4650 3401 4711 β’.

2291 4745 2413 4834 Ἵνα
2455 4744 2511 4797 τί
2553 4745 2872 4811 ἐφρύαξαν
2910 4752 3087 4822 ἔθνη,
3139 4752 3245 4813 καὶ
3279 4765 3423 4819 λαοὶ
3460 4762 3632 4834 ἐμελέ

2221 4833 2410 4897 κενά;
2472 4835 2821 4928 Προφητείαν
2893 4843 3147 4918 ἐντίθησι
3217 4853 3462 4927 Χριστοῦ
3495 4833 3499 4834 ί
3531 4874 3630 4928 παι

2216 4923 2715 4995 προσαγορευτικήν
2737 4943 2750 4954 ·
2790 4932 2891 4983 καὶ
2920 4934 3001 5000 ὡς
3033 4939 3146 4994 ὑπὸ
3179 4945 3459 5001 Ἰουδαίων
3492 4950 3591 5020 μὲν
3620 4952 3632 5003 ἐ

2217 5012 2550 5082 λευθήσεται,
2599 5018 2879 5084 κρατήσει
2924 5022 2984 5075 δέ
3037 5028 3150 5083 τῶν
3194 5034 3374 5091 ἐθνῶν
3420 5012 3629 5094 ἀπάντα

2215 5106 2289 5167 ὼς
2313 5103 2376 5157 δι’
2419 5102 2580 5155 αὑτοῦ
2611 5102 2818 5171 πάντες
2872 5119 3149 5190 μακάριοι
3182 5127 3409 5185 ἔσονται
3439 5135 3488 5187 οἱ
3518 5151 3630 5186 πεπ

2215 5196 2299 5247 ἐπ’
2328 5193 2490 5263 αὐτῷ.
2534 5195 2591 5244 '0
2623 5192 2723 5261 μὲν
2752 5194 2852 5252 οὖν
2880 5207 3109 5276 πρῶτος
3138 5216 3367 5290 ψαλμὸς
3416 5223 3515 5278 ἕνα
3555 5242 3628 5277 “tu

2219 5283 2671 5389 νίιιιςρωζόμεέθον
2704 5288 3058 5366 ἐμακάριζεν
3078 5321 3091 5333 ο
3117 5283 3237 5363 ὁγδὲ
3265 5283 3469 5386 παρὼν
3493 5318 3628 5389 ὁμοῦ

2222 5372 2372 5475 3‘3le
2412 5371 2516 5475 ἔπι.
2545 5371 2635 5423 τὸν
2690 5388 3060 5453 μακαρισμόν
3088 5407 3101 5420 ⁵
3156 5395 3284 5450 ἐπεὶ
3338 5371 3436 5455 καὶ
3496 5371 3626 5475 κλῆο

2222 5460 2661 5560 ξθῗῶνιὰπάντων
2689 5471 2986 5560 ,περιέχειν
3022 5482 3123 5532 καὶ
3154 5485 3256 5548 τὰς
3292 5460 3626 5560 βασιλείαςϊτ

2222 5549 2311 5600 ἐπὶ
2353 5548 2450 5620 τὴν
2494 5552 2773 5620 σωτηρίαν
2825 5560 3009 5616 καλεῖ.
3060 5569 3257 5627 Ταῦτα
3292 5548 3357 5632 δέ

2221 5640 2448 5709 Χριστοῦ
2470 5643 2988 5716 προξενηθήσεσθαι
3016 5659 3117 5714 ἀνθ
3128 5665 3191 5716 eti

2216 5729 2534 5792 ἀκολούθως.
2582 5727 2743 5786 Ἔδει
2790 5739 2907 5812 γὰρ
2953 5722 3626 5841 ἡμᾶξπρομεειάθοξκὶζς

651 5839 671 5869 ³
710 5835 892 5890 Eccle.
923 5852 1018 5896 xu,
1044 5839 1126 5892 14.
1201 5842 1221 5870 δ
1256 5839 1299 5893 ιι
1330 5840 1464 5900 Tim.
1501 5861 1567 5910 ιι,
1604 5847 1686 5901 19.
1764 5849 1786 5881 ³
1821 5844 1974 5901 Joan.
2007 5859 2121 5906 xw.

1296 5884 1299 5892 .
1330 5840 1464 5900 Tim.
1501 5861 1567 5910 ιι,
1604 5847 1686 5901 19.
1764 5849 1786 5881 ³
1821 5844 1974 5901 Joan.
2007 5859 2121 5906 xw,
2159 5840 2212 5896 6.
2290 5844 2310 5875 ⁸
2345 5843 2535 5899 Jerem.
2578 5859 2659 5907 vr,
2707 5849 2804 5906 16.
