3818 6318
90 419 124 473 il
469 454 480 467 .
1282 404 1768 461 COMMENTARIA
1808 406 1873 461 lN
1911 404 2240 458 PSALMOS.
3277 407 3355 460 δεῖ

90 532 153 586 τὼ.
176 518 279 579 δύο
482 499 630 593 ἑξῆς
678 503 786 557 κά
832 501 918 561 τὰ
964 514 1127 586 περὶ
1162 521 1266 574 τοῦ
1308 523 1551 593 Σωτῆρος
1594 540 1721 576 παι-

1829 534 2045 593 quenter
2083 522 2365 576 admodum
2406 517 2748 573 vaticinatur.
2788 516 2893 572 Par
2924 522 3063 574 enim
3100 529 3209 575 erat
3246 537 3352 576 nos

90 582 293 683 gum-avg:
452 582 519 640 οὗ
550 592 777 657 πάντες
812 596 928 650 ἄνθ
940 582 1151 671 ρωποι
1198 611 1298 681 τὴν
1328 614 1421 682 μὲν
1446 582 1553 664 litos
1594 614 1717 665 ἀσε-

92 678 307 765 σῶνέδδν
333 678 629 772 ἐξέφυγον,
660 684 881 756 ἔτυχον
914 690 983 745 δὲ
1020 698 1144 768 τῆς
1180 678 1303 754 ὁδοῦ
1330 678 1434 771 ’τῆς
1456 702 1716 772 σωτηρίου

92 798 250 862 ne:
289 771 374 831 εἰς
404 772 573 862 αὑῖδν
614 776 922 844 πίστεωςο
963 784 1000 836 ὃ
1038 786 1113 859 δὴ
1146 792 1471 862 παρίστησιν
1500 792 1717 860 φάσκων

74 860 289 967 λλένρςο
316 860 611 967 Μαῗιιξριοι
630 864 892 967 πάντες
912 876 977 927 οὶ
1002 860 1370 946 πεποιθότες
1402 883 1486 945 εἰς
1517 882 1713 934 αὐτόν.

1821 613 1887 667 de
1939 613 2151 668 duabus
2210 613 2312 665 viis
2363 611 2511 679 prius
2564 610 2891 672 instructos,
2947 625 3008 663 ea
3064 626 3181 681 qua:
3230 610 3347 663 Sal-

1820 712 2056 758 vatorem
2120 707 2365 771 spectant
2419 698 2666 766 deinec-ps
2717 697 2992 764 ediscere;
3047 714 3139 768 per
3188 713 3356 769 quem-

1824 808 2010 847 omnes
2061 793 2302 845 homines
2349 805 2468 843 cum
2516 790 2797 856 impiorum
2840 790 2975 841 viam
3020 790 3358 859 elIugerunt,

1822 890 1933 935 tum
1974 882 2111 935 viam
2157 882 2441 936 salutarem
2470 894 2562 947 per
2602 877 2755 932 ﬁdem
2803 877 2857 931 in
2901 878 3073 947 ipsum
3118 876 3353 948 ingressi:

50 950 247 1068 Qui;
292 950 427 1019 ‘1“0d
466 952 633 1009 hisce
680 958 895 1016 verbis
949 964 1322 1023 declaratur:
1357 969 1500 1022 Beati
1532 986 1704 1023 omnes
1739 974 1826 1038 qui
1864 970 2133 1041 conﬁdunt
2172 972 2225 1023 in
2263 986 2340 1023 eo.

100 1066 573 1175 Ἆβὲστησμνη
598 1074 659 1123 οὶ
703 1074 1033 1175 ,ϐασιλεῖς
1070 1082 1183 1149 τῆς
1225 1080 1352 1151 τῆς,
1395 1084 1487 1136 καὶ
1539 1087 1593 1137 cl
1622 1084 1721 1151 ἅρ-

334 1157 761 1262 θῖυνήζέῖησαν
813 1167 931 1221 ἐπὶ
982 1171 1054 1223 τὸ
1087 1173 1235 1224 αὐτὸ
1276 1173 1420 1226 κατὰ
1464 1174 1567 1226 τοῦ
1608 1178 1721 1227 Κυ-

121 1252 213 1341 km
290 1249 375 1303 καὶ
407 1251 561 1305 κατὰ
593 1254 709 1307 τοῦ
743 1258 1033 1324 Χριστοῦ
1068 1261 1271 1316 αὑτοῦ.
1306 1263 1488 1332 Σωτὴρ
1521 1263 1725 1334 ἀνθρώ-

170 1378 256 1418 πς
285 1344 668 1415 ἐπιδεδήμηκεν
702 1348 735 1400 ὁ
780 1349 1038 1418 Χριστὸς
1082 1351 1175 1402 τοῦ
1202 1351 1364 1403 Θεοῦ·
1402 1353 1587 1422 Σωτὴρ
1628 1355 1720 1406 καὶ

191 1441 362 1510 eum“
389 1436 489 1488 τῶν
520 1436 694 1489 ὲθνῶν
726 1439 1026 1502 ἁπάντων,
1073 1441 1383 1504 διδάσκαλος
1428 1442 1721 1507 εὐσεϐείας,

200 1526 489 1599 σωφροσύνης
508 1527 877 1596 καθηγεμὼν,
904 1528 1248 1599 δικαιοσύνης
1262 1531 1513 1600 ἀρχηγὸς,
1531 1532 1724 1601 ἀρετῆς

202 1618 371 1684 ἀπάσης
397 1617 484 1667 καί
529 1615 870 1681 θεογνωσίας
910 1616 1146 1686 ἀληθοῦς
1186 1617 1372 1680 αἴτιος.
1423 1620 1485 1671 Τί
1517 1620 1570 1671 δὲ
1604 1617 1718 1683 οῦν,

202 1706 315 1774 φησι,
343 1705 662 1773 ταράττεται
687 1703 756 1755 τὰ
787 1704 923 1775 ἔθνη
956 1707 1047 1757 ἐπὶ
1079 1708 1143 1776 τῇ
1168 1704 1271 1758 τῶν
1292 1706 1551 1759 τοσούτων
1586 1709 1721 1774 ἀγα-

196 1794 280 1846 θῶν
320 1794 618 1864 παρουσίᾳά
667 1795 731 1847 El.
780 1794 839 1846 δὲ
890 1794 985 1847 καὶ
1032 1795 1316 1865 πληρωτὴς
1369 1796 1586 1866 ἐλήλυθε
1633 1798 1723 1851 τοῦ

195 1884 419 1945 Μωῦσέως
454 1884 643 1953 νόμου,
682 1884 880 1954 ῶσπερ
921 1880 1013 1936 οὖν
1059 1884 1218 1946 αὐτὸς
1259 1884 1492 1938 διδάσκει
1523 1886 1719 1953 λέγων·

193 1976 288 2027 Dive
312 1970 500 2041 ἦλθον
542 1972 890 2025 καταλῦσαι
923 1974 1027 2025 τὸν
1062 1974 1265 2041 νόμον,
1304 1972 1459 2027 ἀλλὰ
1495 1975 1725 2041 πληρῶ-

186 2080 284 2123 σαι,
323 2066 418 2116 καὶ
460 2064 530 2115 τὰ
562 2064 671 2114 τῶν
706 2063 1003 2133 προφητῶν
1046 2064 1197 2130 λόγια
1231 2065 1296 2116 δι’
1341 2064 1502 2116 αὐτοῦ
1545 2065 1725 2126 τέλους

186 2154 449 2222 ἑτᾶγχανε·
485 2154 538 2204 τί
576 2153 633 2204 δὲ
666 2154 717 2204 oi
757 2152 930 2204 ταῦτα
972 2152 1316 2222 μελετῶντες,
1352 2156 1441 2206 κα)⁸
1485 2156 1569 2208 διὰ
1620 2158 1727 2209 στό-

180 2259 319 2309 ματός
360 2242 508 2295 αὐτὰ
558 2243 755 2312 φέρειν
801 2241 1203 2305 σπουδάζοντες,
1243 2245 1289 2296 oi
1337 2245 1427 2296 τοῦ
1465 2245 1724 2298 Ἰουδαίων

175 2332 329 2391 ἔθνους
358 2333 484 2383 λαοὶ
508 2332 753 2400 ματαίαν
778 2331 1098 2400 ἐποιήσαντο
1130 2332 1253 2401 περὶ
1276 2332 1437 2384 αὐτοῦ
1464 2333 1720 2403 μελέτην;

180 2420 317 2473 Ἀλλὰ
357 2421 454 2472 καὶ
488 2423 538 2472 οἱ
582 2420 708 2472 καθ’
747 2420 877 2486 ὅλης
914 2420 1014 2487 τῆς
1056 2420 1372 2490 οἰκουμένης
1414 2422 1519 2474 τῶν
1559 2422 1723 2475 ἐθνῶν

168 2510 424 2579 ἄρχοντες,
456 2511 511 2561 οἵ
536 2527 597 2561 τε
626 2511 770 2563 κατὰ
801 2512 1026 2579 χρόνους
1053 2510 1286 2579 βασιλεῖς
1316 2511 1413 2579 τῆς
1439 2512 1558 2580 γῆς,
1585 2513 1634 2564 τί
1660 2512 1722 2583 δὴ

162 2599 411 2662 παθόντες
431 2600 634 2663 δεινὸν,
668 2600 702 2668 ἦ
742 2600 793 2652 τί
836 2600 1011 2667 λέγειν
1045 2599 1253 2669 ἔχοντες
1283 2600 1525 2670 διαϐολῆς
1558 2600 1721 2665 ἄξιον,

156 2688 270 2755 ὁμοῦ
314 2692 415 2742 καὶ
464 2690 615 2742 κατὰ
660 2690 723 2740 τὸ
759 2689 890 2741 αὐτὸ
923 2690 1094 2758 κακὴν
1134 2690 1331 2758 ταύτην
1380 2690 1723 2753 συνετάξαντο

159 2780 499 2846 συμειςωνίαν,
532 2778 614 2839 ὼς
664 2778 797 2847 μίαν
848 2778 1134 2847 ἐπιϐουλὴν
1180 2779 1404 2848 ἀρτῦσαι
1458 2781 1548 2832 καὶ
1598 2782 1723 2850 μίαν

152 2869 308 2939 ἀσεϐῆ
344 2869 588 2938 γνώμην
631 2867 1023 2937 βουλεύσασθαι
1054 2868 1194 2920 κατὰ
1226 2867 1317 2919 τοῦ
1346 2867 1449 2919 τῶν
1477 2868 1609 2919 ὅλων
1638 2870 1723 2921 δε-

150 2957 335 3010 σπότου
374 2975 439 3009 τε
468 2959 566 3009 καὶ
600 2955 866 3025 βασιλέως
901 2956 1055 3027 Θεοῦ,
1082 2957 1170 3007 καὶ
1203 2956 1343 3007 κατὰ
1374 2954 1464 3006 τοῦ
1494 2955 1723 3025 Χριστοῦ

148 3046 335 3109 αὐτοῦς
375 3048 443 3099 Οἱ
482 3046 619 3112 γοῦν
661 3047 755 3097 τὸν
782 3046 887 3097 ὑπὸ
920 3046 1012 3097 τοῦ
1051 3046 1264 3097 πάντων
1294 3045 1490 3115 Κυρῗου
1536 3062 1592 3096 τε
1634 3045 1725 3097 καὶ

145 3135 265 3189 Θεοῦ
299 3141 418 3190 ἀπε
428 3136 735 3206 σταλμένον
764 3135 1069 3205 ἀνθρώποις
1096 3135 1318 3205 Σωτῆρα
1353 3134 1722 3203 πολεμοῦντες,

148 3225 465 3288 ελαῦνοντές
491 3244 553 3278 τε
582 3224 748 3277 αὑτοῦ
771 3226 870 3294 τὴν
897 3224 1239 3277 διδασκαλίαν
1261 3225 1351 3276 καὶ
1378 3222 1472 3292 τὴν
1505 3224 1726 3293 Ἐκκλη-

154 3319 257 3370 σίαν
304 3316 482 3369 αὑτοῦ
510 3316 656 3368 κατὰ
690 3314 913 3383 χρόνους
943 3312 1223 3375 διώκοντες
1251 3313 1484 3381 βασιλεῖς
1512 3314 1604 3365 καὶ
1631 3314 1725 3384 ἄρ-

157 3422 331 3472 χοντες
357 3408 463 3475 τῆς
502 3407 609 3475 γῆς
649 3404 936 3473 λελήθασιν
968 3405 1029 3456 οῦ
1067 3404 1221 3473 μόνον
1251 3406 1328 3466 εἰς
1359 3403 1447 3455 τὸν
1476 3402 1725 3472 Χριστὸν,

168 3497 285 3551 ἀλλὰ
314 3500 415 3551 καὶ
463 3500 549 3559 είς
593 3497 688 3549 τὸν
716 3494 1095 3549 ἀπεσταλκότα
1117 3494 1274 3546 αὐτὸν
1308 3494 1624 3555 ἐκτείνοντες
1659 3491 1726 3545 τὰ

166 3586 247 3655 τῆς
272 3587 556 3648 ἀσεϐείας.
586 3585 824 3655 Χριστὸν
861 3584 957 3652 μὲν
984 3580 1076 3636 οὖν
1102 3584 1353 3653 ὀνομαστὶ
1385 3582 1489 3635 ὑπὸ
1521 3580 1724 3651 ἀνθρώ-

180 3690 271 3727 πων
308 3678 799 3745 ἐπιϐουλευόμενον
841 3674 1027 3742 σαφῶς
1058 3676 1112 3725 ἐν
1152 3674 1357 3735 τούτοις
1383 3674 1410 3723 ό
1446 3673 1597 3739 λόγος
1639 3671 1725 3723 θε-

186 3767 363 3829 σπίζει.
403 3767 614 3836 Προϊὼν
645 3766 702 3816 δὲ
732 3765 825 3816 καὶ
862 3764 986 3815 Υἱὸν
1011 3763 1100 3815 τοῦ
1130 3762 1260 3815 Θεοῦ
1285 3762 1562 3830 ὀνομάζειο
1596 3761 1727 3814 ἀλλὰ

192 3856 260 3905 καί
288 3857 485 3924 κλῆρον
508 3855 659 3924 αὐτῷ
685 3854 833 3923 παρὰ
865 3853 957 3905 τοῦ
989 3852 1194 3922 Πατρδς
1219 3850 1528 3919 δοθήσεσθαι
1560 3853 1729 3904 πάντα

198 3943 247 3993 τὰ
276 3945 401 4013 ἔθνη
434 3946 525 3997 καὶ
566 3945 634 3996 τὰ
670 3943 884 4012 πέρατα
910 3942 1009 4010 τῆς
1044 3942 1144 4009 γῆς
1186 3940 1453 3992 διδάσκει·
1487 3941 1521 3993 ἃ.
1548 3940 1609 4009 δὴ
1638 3940 1728 3991 ἐπὶ

209 4033 319 4099 paup
361 4034 435 4103 τῷ
464 4034 719 4104 ἡμετέρῳ
754 4032 983 4107 Σωτῆρι,
1005 4031 1399 4099 πεπληρωμένα
1443 4029 1724 4082 δείκνυται.

219 4118 335 4174 Ἐπεὶ
377 4124 429 4176 δὲ
458 4124 716 4190 γεγόνασι
767 4120 917 4190 παρὰ
956 4120 1221 4181 Ἰουδαίοις
1262 4120 1352 4170 καὶ
1383 4119 1553 4188 ἕτεροι
1595 4120 1726 4187 Χρι-

217 4211 314 4271 mi,
345 4214 499 4281 ἱερεῖς
525 4211 726 4281 δηλαδὴ
756 4212 850 4262 καὶ
884 4209 1119 4276 βασιλεῖς
1156 4207 1249 4260 τοῦ
1280 4208 1483 4268 ἔθνους,
1528 4206 1730 4273 σκοπή-

216 4311 291 4361 σεις
328 4302 414 4353 ἐπὶ
450 4304 594 4364 τίνος
633 4301 840 4353 τούτων
876 4299 943 4351 τὰ
974 4298 1329 4365 θεσπιζόμενα
1359 4294 1690 4364 συμϐέϐηκεν
1712 4311 1725 4324 ·

212 4383 327 4450 εἴτις
367 4391 454 4442 καὶ
477 4390 636 4451 ἄλλος
679 4386 1107 4447 ἐπιϐουλεύεται,
1142 4387 1193 4438 εἷ
1217 4403 1298 4446 τις
1326 4384 1450 4446 Υἱὸς
1480 4382 1611 4435 Θεοῦ
1638 4383 1728 4434 κέ-

212 4473 381 4545 κληται,
410 4480 462 4532 εἴ
500 4497 587 4543 τις
637 4478 748 4531 τῶν
778 4476 949 4529 ἐθνῶν
989 4476 1237 4528 ἁπάντων
1276 4475 1609 4543 κεκράτηκεν
1634 4490 1647 4502 ο
1683 4472 1736 4524 εί

208 4575 260 4628 τις
308 4569 420 4620 καθ’
473 4570 605 4637 ὅλης
662 4567 899 4637 Χριστὸς
953 4564 1193 4633 ἐγνώσθη
1243 4564 1343 4632 τῆς
1394 4564 1728 4632 οἰκουμένης.

357 4660 452 4710 οὐκ
503 4658 574 4711 ἂν
616 4657 734 4725 ἔχοι
771 4674 857 4718 τις
892 4657 1062 4708 εἰπεῖν
1088 4672 1100 4684 ·
1152 4655 1307 4722 μόνος
1341 4653 1447 4722 γὰρ
1479 4655 1507 4704 ὁ
1546 4651 1731 4721 Σωτὴρ

205 4740 327 4810 ἡμῶν
370 4749 571 4817 Ἰησοῦς
606 4747 848 4816 Χριστὸς
880 4746 976 4813 τῆς
1015 4745 1213 4807 οἰκείας
1244 4742 1605 4813 προσηγορίας
1643 4742 1731 4793 τὸν

200 4833 455 4904 νόμπαντα
498 4837 818 4907 κατέπλησε
862 4836 1078 4903 κόσμον,
1116 4832 1449 4905 Χριστιανῶν
1481 4831 1537 4896 ἐξ
1571 4829 1730 4883 αὑτοῦ

1896 1085 2053 1145 Vens.
2093 1086 2143 1138 2.
2183 1086 2464 1139 Astiterunt
2489 1100 2625 1153 reges
2655 1094 2836 1146 teme,
2866 1092 2913 1137 et
2944 1084 3199 1152 principes
3225 1100 3356 1138 cono

1824 1186 2066 1230 venerunt
2103 1178 2159 1229 in
2199 1192 2393 1237 unum,
2430 1174 2679 1228 adversus
2716 1173 2988 1227 Dominum
3019 1182 3067 1227 et
3104 1174 3345 1228 adversus

1823 1264 2085 1318 Christum
2105 1264 2234 1332 ejus.
2264 1262 2506 1315 Salvator
2544 1261 2846 1316 hominibus
2874 1261 3084 1316 advenit
3104 1261 3348 1317 Christus

1824 1354 1954 1418 Dei;
1990 1352 2251 1415 Salvator,
2284 1353 2519 1421 inquam,
2543 1359 2596 1403 et
2641 1351 2903 1404 luminare
2947 1351 3191 1419 gentibus
3228 1352 3349 1405 uni-

1822 1442 1989 1496 versis
2011 1482 2024 1506 ,
2056 1443 2242 1495 doctor
2266 1440 2508 1511 pietatis,
2542 1446 2727 1493 auctor
2762 1439 3152 1507 temperantiae,
3185 1438 3347 1507 justi-

1826 1532 1909 1585 tiae
1944 1532 2168 1586 antistes
2191 1571 2204 1591 ,
2234 1530 2472 1583 omnium
2502 1528 2760 1583 virtutum
2796 1543 2858 1581 ac
2890 1528 3083 1581 divina:
3110 1543 3357 1596 veraque

1822 1619 2143 1687 cognitionis
2174 1632 2356 1671 causa.
2396 1616 2506 1671 Cur
2532 1632 2694 1686 ergo,
2738 1617 2944 1685 inquit,
2984 1631 3080 1686 pro
3121 1626 3197 1670 tot
3234 1624 3349 1668 tan-

1826 1716 2105 1776 torumque
2138 1708 2400 1761 honorum
2432 1706 2664 1760 adventu
2698 1714 2884 1775 gentes
2918 1706 3354 1759 tumultuantur?

1827 1797 1880 1849 Si
1914 1795 1959 1850 is
1994 1796 2209 1850 advenit
2244 1796 2334 1864 qui
2370 1792 2568 1863 Moysis
2600 1793 2767 1864 legem
2801 1794 2985 1862 implet
3017 1808 3077 1847 ac
3110 1794 3348 1861 perlicit,

1824 1895 1883 1940 ut
1922 1887 2034 1955 ipse
2070 1886 2302 1939 declarat
2345 1885 2427 1938 his
2467 1885 2644 1939 verbis
2680 1900 2694 1938 ι
2727 1883 2847 1936 Non
2888 1884 3000 1937 veni
3042 1884 3236 1937 solvere
3266 1882 3345 1937 le-

1822 1992 1968 2045 gem,
2003 1974 2090 2027 sed
2122 1972 2398 2041 adimplere
2429 1974 2472 2039 7',
2517 1974 2560 2027 si
2610 1989 2700 2041 per
2747 1973 2921 2041 ipsum
2959 1973 3177 2025 oracula
3227 1986 3359 2042 pro.

1825 2065 2103 2132 phetarum
2140 2064 2294 2116 linem
2328 2071 2481 2116 nacta
2514 2070 2641 2116 sunt
2671 2081 2685 2123 ;
2716 2062 2843 2131 quid
2874 2077 3052 2116 causa:
3078 2071 3160 2115 est
3189 2076 3287 2116 cur
3313 2061 3355 2116 ii

1824 2154 1915 2221 qui
1950 2154 2061 2207 hac
2091 2154 2441 2213 meditantur,
2475 2153 2586 2207 haec
2620 2153 2673 2205 in
2716 2168 2807 2207 ore
2854 2152 2991 2206 ferre
3023 2158 3351 2221 procurant,

1824 2242 2032 2297 Judaici
2062 2242 2308 2297 videlicet
2340 2243 2557 2311 populi,
2582 2257 2773 2295 vanam
2806 2242 3064 2298 adversus
3091 2258 3213 2298 eum
3241 2258 3354 2296 me-

1827 2334 2134 2387 ditationem
2165 2342 2217 2387 et
2243 2349 2423 2386 curam
2454 2333 2834 2401 susceperint?
2865 2332 2976 2386 imo
3002 2347 3129 2387 vero
3158 2332 3354 2404 princi-

1828 2439 1921 2492 pes
1948 2423 2180 2491 gentium
2212 2438 2306 2491 per
2338 2424 2650 2477 universum
2684 2423 2866 2477 orbem
2890 2462 2906 2483 ,
2932 2430 2987 2476 et
3016 2437 3168 2491 reges
3198 2429 3353 2477 terra:
3435 2452 3443 2464 -

1828 2513 1917 2580 qui
1952 2513 2114 2566 variis
2145 2512 2474 2581 temporibus
2504 2511 2834 2565 dominatum
2875 2512 3154 2567 obtinuere
3174 2550 3189 2573 ,
3222 2513 3350 2581 q’tid

1828 2617 1986 2671 grave
2026 2602 2296 2671 perpessi,
2336 2617 2563 2671 quamve
2604 2602 2966 2656 calumniandi
3007 2609 3058 2656 et
3099 2602 3353 2671 querendi

1826 2705 2042 2745 causam
2086 2690 2378 2755 habentes,
2423 2705 2528 2743 una
2575 2705 2762 2746 omnes
2803 2692 2857 2745 in
2892 2692 3026 2744 hanc
3060 2691 3353 2760 improbam

1827 2780 2165 2835 concordiam
2200 2781 2412 2834 adducti
2443 2788 2588 2843 sunt,
2620 2789 2675 2833 ut
2722 2780 2946 2835 insidias
2981 2780 3140 2836 simul
3181 2789 3356 2836 strue-

1829 2877 1975 2930 rent,
2010 2869 2341 2937 impiumque
2371 2868 2659 2922 consilium
2707 2867 2902 2921 inirent
2943 2868 3196 2922 adversus
3236 2868 3357 2921 uni-

1827 2974 2039 3013 versum
2090 2957 2365 3011 dominum
2415 2972 2475 3009 ac
2521 2972 2695 3026 regem
2748 2956 2949 3022 Deum,
2999 2965 3052 3011 et
3100 2956 3357 3011 adversus

1826 3048 2096 3103 Christum
2128 3048 2245 3116 ejus
2266 3046 2338 3101 ?li
2370 3062 2495 3116 ergo
2524 3047 2615 3115 qui
2648 3046 2901 3100 adversus
2920 3044 3268 3109 Salvatorem,
3291 3047 3358 3099 ab

1827 3138 2063 3192 omnium
2096 3136 2321 3191 Domino
2359 3152 2421 3190 ac
2460 3135 2567 3190 Deo
2598 3136 2900 3189 hominibus
2930 3136 3149 3190 missum
3171 3174 3186 3198 ,
3220 3135 3356 3189 bella

1829 3235 2139 3297 gesserunt,
2188 3226 2386 3294 quique
2429 3225 2725 3278 doctrinam
2772 3223 2889 3291 eius
2924 3224 3165 3278 insectati
3194 3228 3355 3281 sunt,

1830 3316 2228 3383 Ecclesiamque
2261 3314 2489 3368 diversis
2528 3313 2859 3381 temporibus
2883 3322 3174 3375 vexarunt,
3205 3326 3358 3380 reges

1829 3404 2080 3458 nimirum
2121 3416 2184 3455 ac
2222 3401 2490 3469 principes
2528 3408 2713 3463 terrae,
2750 3400 3126 3466 ignoraverunt
3155 3413 3212 3451 se
3245 3413 3351 3450 non

1830 3491 1985 3545 modo
2016 3497 2201 3544 contra
2229 3488 2531 3549 Christum,
2569 3486 2661 3540 sed
2690 3485 2847 3539 etiam
2878 3485 3136 3539 adversus
3164 3498 3289 3538 eum
3323 3498 3355 3536 a

1828 3596 1934 3651 quo
1978 3580 2176 3634 missus
2205 3578 2450 3632 Christus
2501 3584 2619 3635 est.
2676 3574 2997 3643 impietatem
3044 3572 3354 3628 extendisse

1827 3685 1997 3726 suam.
2024 3668 2290 3723 Christum
2320 3668 2479 3737 igitur
2506 3665 2815 3719 nominatim
2842 3663 3047 3718 insidiis
3079 3663 3355 3717 hominum

1827 3760 2117 3828 appetitum
2141 3798 2155 3819 ,
2190 3764 2370 3826 aperte
2405 3756 2506 3809 hoc
2538 3754 2592 3808 in
2625 3754 2877 3808 vaticinio
2917 3768 3227 3821 expressum
3265 3751 3357 3805 ha-

1826 3850 2013 3902 bemus
2037 3867 2050 3913 ;
2074 3850 2125 3901 in
2153 3846 2494 3915 sequentibus
2519 3856 2693 3899 autem
2712 3842 2877 3897 Filius
2894 3842 2984 3897 Dei
3014 3844 3355 3905 nominatur;

1828 3938 1920 3991 sed
1964 3937 2121 3990 etiam
2161 3937 2414 3989 docemur
2458 3941 2641 4004 gentes
2683 3948 2870 3986 omnes
2915 3931 3153 4000 ﬁnesque
3199 3939 3355 3986 terrae

1830 4027 1882 4079 in
1914 4026 2272 4079 haereditatem
2306 4025 2406 4093 ipsi
2439 4038 2467 4075 a
2493 4022 2653 4075 Patre
2675 4020 2954 4075 donandos
2981 4038 2994 4074 :
3026 4036 3145 4089 quae
3176 4021 3354 4074 omnia

1828 4115 1883 4168 in
1919 4128 2025 4166 uno
2060 4112 2334 4166 Salvatore
2365 4119 2549 4163 nostro
2579 4110 2840 4177 completa
2871 4123 2991 4161 esse
3020 4108 3357 4161 demonStra-

1828 4213 1935 4257 tur.
1992 4202 2125 4267 Quia
2167 4216 2297 4255 vero
2340 4199 2481 4271 apud
2522 4198 2735 4253 Judzros
2778 4197 2867 4250 alii
2915 4196 3113 4251 Christi
3172 4196 3352 4260 fuere,

1831 4292 2137 4346 sacerdotes
2163 4289 2407 4343 videlicet
2430 4295 2483 4341 et
2510 4302 2661 4358 rcges
2686 4287 2863 4357 gentis
2890 4285 3064 4352 illius;
3093 4286 3357 4356 perpende

1829 4382 1958 4435 mihi
1977 4419 1991 4443 ,
2018 4393 2218 4448 quaeso,
2240 4379 2325 4431 cui
2356 4392 2563 4440 eorum,
2594 4377 2787 4446 quaein
2816 4375 3067 4429 vaticinio
3092 4375 3354 4439 feruntur,

1830 4470 2136 4538 contigere:
2172 4482 2298 4521 num
2332 4468 2454 4536 quis
2495 4467 2631 4519 alius
2680 4464 2893 4520 insidiis
2939 4464 3205 4533 appetitus
3245 4465 3353 4526 sit;

1832 4575 1958 4613 num
1993 4559 2112 4627 quis
2143 4556 2309 4612 Filius
2342 4555 2431 4610 Dei
2462 4555 2736 4621 audierit;
2785 4570 2914 4608 num
2954 4557 3077 4624 quis
3110 4553 3354 4624 gentibus

1832 4647 2096 4702 universis
2127 4645 2401 4713 imperarit
2428 4661 2441 4708 ;
2478 4658 2604 4695 num
2637 4644 2758 4710 quis
2790 4658 2884 4711 per
2926 4642 3231 4697 universum
3267 4655 3357 4693 or-

1834 4739 1947 4792 bem
1980 4746 2035 4790 ut
2066 4735 2312 4788 Christus
2343 4733 2557 4787 habitus
2593 4731 2770 4784 fuerit.
2820 4730 2922 4784 Sed
2960 4730 3221 4783 neminem
3254 4728 3355 4780 hu-

1831 4825 2067 4896 jusmodi
2109 4825 2374 4895 quispiam
2429 4820 2668 4892 proferre
2710 4821 2920 4885 valeat;
2953 4819 3100 4873 solus
3129 4830 3356 4885 namque

199 4927 347 4979 πᾶσαν
392 4930 491 4998 τὴν
539 4926 870 4996 οἰκουμένην
924 4924 1228 4994 πληρώσας,
1294 4922 1389 4977 καὶ
1444 4923 1533 4974 ἐπὶ
1586 4922 1725 4991 μόνῳ

1835 4916 2074 4969 Salvator
2091 4922 2270 4965 noster
2283 4908 2439 4963 Jesus
2455 4908 2697 4963 Christus
2721 4946 2735 4970 ,
2768 4908 2868 4960 hoc
2908 4920 3006 4960 suo
3036 4905 3247 4957 nomine
3275 4912 3354 4956 to-

198 5014 318 5084 αὺτῷ
340 5018 565 5079 ἕκαστος
590 5016 704 5069 τῶν
730 5015 1033 5084 εἰρημένων
1063 5015 1243 5075 τέλους
1274 5014 1479 5079 ἔτυχεν.

1837 5014 1948 5058 tum
1979 5001 2285 5070 adimplevit
2318 5000 2518 5063 orbem,
2551 4997 2675 5049 dum
2691 4994 3008 5055 Christianis
3027 4991 3353 5047 suouomine

197 5083 464 5165 devocatis
478 5083 797 5163 universam
830 5114 1027 5158 terram
1065 5106 1282 5174 replevit
1313 5120 1325 5154 :
1352 5110 1507 5168 atque
1538 5103 1590 5156 in
1620 5104 1720 5156 hoc
1748 5100 1861 5157 solo
1890 5110 2008 5166 qua:
2032 5094 2170 5148 dicta
2194 5098 2319 5146 sunt
2335 5088 2510 5143 omnia
2537 5086 2603 5139 ad
2637 5086 2921 5139 terminum
2949 5083 3175 5139 deducta
3206 5092 3350 5135 sunt.

787 5218 1117 5285 Δίὰψαλμα.

248 5328 316 5381 Τὸ
338 5330 610 5401 διὰψαλμα
629 5328 780 5399 παρὰ
806 5330 918 5388 τοῖς
948 5324 1339 5393 Ἐϐδομήκοντα
1383 5326 1575 5383 κεῖται,
1605 5327 1727 5376 οῦκ-

196 5413 259 5468 ἐτι
289 5418 340 5470 δὲ
391 5420 539 5491 παρὰ
602 5418 915 5471 Θεοδστίωνι
960 5414 1050 5464 καὶ
1093 5408 1392 5478 Συμμάχῳ·
1437 5411 1627 5465 Καίτοι
1667 5430 1729 5480 γε

199 5504 391 5557 cum”;
442 5506 695 5567 πολλάκις
727 5500 978 5579 χρῆσθαι
1017 5500 1076 5565 τῇ
1121 5494 1258 5556 λέξει
1310 5493 1478 5565 ταύτῃ
1525 5498 1728 5565 ὁμοίως

197 5594 286 5653 τοῖς
321 5595 729 5663 Ἐϐδομήκοντα.
767 5591 859 5643 Διὸ
910 5584 1068 5647 είκδς,
1094 5588 1136 5636 εί
1178 5581 1276 5634 καὶ
1330 5580 1388 5631 τὸ
1439 5586 1727 5654 πρόσωπον

263 5746 278 5773 '
316 5745 489 5800 ilath.
527 5762 571 5809 γ,
616 5746 692 5799 17.

2428 5194 2754 5261 Βὶαρεαιηια.

1896 5311 1955 5365 In
2007 5308 2351 5380 Septuaginta
2398 5302 2783 5372 lnterpretihus
2827 5305 2977 5359 adest
3024 5300 3351 5369 diapsalma,

1830 5403 1921 5457 sed
1941 5416 2049 5454 non
2068 5397 2207 5469 apud
2228 5393 2643 5447 Theodotionem
2660 5401 2712 5448 et
2731 5388 3354 5463 Symmachum,etiamsi

1830 5494 1931 5563 ipsi
1964 5492 2277 5562 plerumque
2305 5481 2407 5535 hac
2439 5497 2570 5537 voce
2607 5484 2922 5541 uti.soleant
2950 5479 3169 5551 perinde
3194 5486 3357 5545 atque

1834 5582 2178 5654 Septuaginta
2212 5573 2551 5639 Interpretes.
2583 5574 2937 5644 Quapropter,
2970 5572 3071 5627 etsi
3114 5571 3199 5623 his
3234 5583 3358 5637 per-
