  <div class='ocr_page' id='page_1' title='image "/cluster/home/n/w/nwhite01/storage/ocr_20150623/23 (Eusebius, pt. 5)/nyp.33433081862363/051.png"; bbox 0 0 3818 6342; ppageno 0'>
   <div class='ocr_carea' id='block_1_1' title="bbox 685 356 2193 422">
    <p class='ocr_par' dir='ltr' id='par_1_1' title="bbox 685 356 2192 422">
     <span class='ocr_line' id='line_1_1' title="bbox 685 356 2192 422; baseline 0.007 -17"><span class='ocrx_word' id='word_1_1' title='bbox 685 374 753 422; x_wconf 62' lang='grc' dir='ltr'>κ,</span> <span class='ocrx_word' id='word_1_2' title='bbox 1373 358 1626 414; x_wconf 77' lang='lat' dir='ltr'><strong>EllSEBll</strong></span> <span class='ocrx_word' id='word_1_3' title='bbox 1655 356 2115 414; x_wconf 64' lang='lat' dir='ltr'><strong>CALSARIENSIS</strong></span> <span class='ocrx_word' id='word_1_4' title='bbox 2151 365 2192 416; x_wconf 87' lang='lat'><strong>0</strong></span> 
     </span>
    </p>
   </div>
   <div class='ocr_carea' id='block_1_2' title="bbox 1649 356 3157 422">
    <p class='ocr_par' dir='ltr' id='par_1_2' title="bbox 1655 356 3157 422">
     <span class='ocr_line' id='line_1_2' title="bbox 1655 356 3157 422; baseline 0.007 -12"><span class='ocrx_word' id='word_1_5' title='bbox 1655 356 2115 414; x_wconf 67' lang='lat' dir='ltr'><strong>CALSARIENSIS</strong></span> <span class='ocrx_word' id='word_1_6' title='bbox 2151 365 2292 416; x_wconf 80' lang='grc' dir='ltr'><strong>ΟΡΡ.</strong></span> <span class='ocrx_word' id='word_1_7' title='bbox 2330 366 2502 416; x_wconf 66' lang='lat' dir='ltr'><strong>PARS</strong></span> <span class='ocrx_word' id='word_1_8' title='bbox 2541 369 2623 418; x_wconf 84' lang='grc' dir='ltr'>ιιι.</span> <span class='ocrx_word' id='word_1_9' title='bbox 2661 396 2727 408; x_wconf 86' lang='lat'><strong>-</strong></span> <span class='ocrx_word' id='word_1_10' title='bbox 2763 368 3157 422; x_wconf 67' lang='lat' dir='ltr'><strong>EXEGETICA.</strong></span> 
     </span>
    </p>
   </div>
   <div class='ocr_carea' id='block_1_3' title="bbox 686 453 2194 532">
    <p class='ocr_par' dir='ltr' id='par_1_3' title="bbox 686 453 2187 532">
     <span class='ocr_line' id='line_1_3' title="bbox 686 453 2187 532; baseline -0.004 -22"><span class='ocrx_word' id='word_1_11' title='bbox 686 475 869 532; x_wconf 70' lang='lat' dir='ltr'><strong>sonam</strong></span> <span class='ocrx_word' id='word_1_12' title='bbox 893 457 1191 518; x_wconf 86' lang='lat' dir='ltr'><strong>mutaverit,</strong></span> <span class='ocrx_word' id='word_1_13' title='bbox 1219 471 1311 524; x_wconf 81' lang='lat' dir='ltr'><strong>par</strong></span> <span class='ocrx_word' id='word_1_14' title='bbox 1335 458 1429 506; x_wconf 88' lang='lat' dir='ltr'><strong>tuit</strong></span> <span class='ocrx_word' id='word_1_15' title='bbox 1455 453 1693 505; x_wconf 83' lang='lat' dir='ltr'><strong>eumdem</strong></span> <span class='ocrx_word' id='word_1_16' title='bbox 1723 453 1950 505; x_wconf 83' lang='lat' dir='ltr'><strong>musices</strong></span> <span class='ocrx_word' id='word_1_17' title='bbox 1980 454 2187 506; x_wconf 85' lang='lat' dir='ltr'><strong>modum</strong></span> 
     </span>
    </p>
   </div>
   <div class='ocr_carea' id='block_1_4' title="bbox 1991 453 3499 532">
    <p class='ocr_par' dir='ltr' id='par_1_4' title="bbox 1991 454 3499 526">
     <span class='ocr_line' id='line_1_4' title="bbox 1991 454 3499 526; baseline 0.001 -22"><span class='ocrx_word' id='word_1_18' title='bbox 1991 454 2187 506; x_wconf 80' lang='lat' dir='ltr'><strong>nodum</strong></span> <span class='ocrx_word' id='word_1_19' title='bbox 2225 464 2262 515; x_wconf 75' lang='grc' dir='ltr'>Α</span> <span class='ocrx_word' id='word_1_20' title='bbox 2297 458 2674 525; x_wconf 72' lang='grc' dir='ltr'>μεταϐέϐληκε,</span> <span class='ocrx_word' id='word_1_21' title='bbox 2692 458 2778 508; x_wconf 80' lang='grc' dir='ltr'><strong>τὸν</strong></span> <span class='ocrx_word' id='word_1_22' title='bbox 2798 472 3044 526; x_wconf 85' lang='grc' dir='ltr'>μουσικον</span> <span class='ocrx_word' id='word_1_23' title='bbox 3061 456 3499 526; x_wconf 61' lang='grc' dir='ltr'>ρυθμοντετηρεῖσῦαι</span> 
     </span>
    </p>
   </div>
   <div class='ocr_carea' id='block_1_5' title="bbox 685 539 2196 615">
    <p class='ocr_par' dir='ltr' id='par_1_5' title="bbox 685 539 2196 615">
     <span class='ocr_line' id='line_1_5' title="bbox 685 539 2196 615; baseline -0.004 -13"><span class='ocrx_word' id='word_1_24' title='bbox 685 548 906 607; x_wconf 71' lang='lat' dir='ltr'><strong>Servari.</strong></span> <span class='ocrx_word' id='word_1_25' title='bbox 953 555 1109 615; x_wconf 86' lang='lat' dir='ltr'><strong>atque</strong></span> <span class='ocrx_word' id='word_1_26' title='bbox 1136 545 1276 606; x_wconf 68' lang='lat' dir='ltr'><strong>{ideo</strong></span> <span class='ocrx_word' id='word_1_27' title='bbox 1319 559 1347 594; x_wconf 88' lang='lat' dir='ltr'><strong>a</strong></span> <span class='ocrx_word' id='word_1_28' title='bbox 1390 539 1746 594; x_wconf 87' lang='lat' dir='ltr'><strong>Theodolione</strong></span> <span class='ocrx_word' id='word_1_29' title='bbox 1784 549 1836 593; x_wconf 87' lang='lat' dir='ltr'><strong>ct</strong></span> <span class='ocrx_word' id='word_1_30' title='bbox 1885 540 2196 610; x_wconf 80' lang='lat' dir='ltr'><strong>Symmacho</strong></span> 
     </span>
    </p>
   </div>
   <div class='ocr_carea' id='block_1_6' title="bbox 686 628 2197 706">
    <p class='ocr_par' dir='ltr' id='par_1_6' title="bbox 686 628 2197 706">
     <span class='ocr_line' id='line_1_6' title="bbox 686 628 2197 706; baseline -0.002 -18"><span class='ocrx_word' id='word_1_31' title='bbox 686 629 789 696; x_wconf 85' lang='lat' dir='ltr'><strong>non</strong></span> <span class='ocrx_word' id='word_1_32' title='bbox 820 637 1047 706; x_wconf 88' lang='lat' dir='ltr'><strong>positum</strong></span> <span class='ocrx_word' id='word_1_33' title='bbox 1077 634 1239 687; x_wconf 81' lang='lat' dir='ltr'><strong>fuisse</strong></span> <span class='ocrx_word' id='word_1_34' title='bbox 1259 629 1546 697; x_wconf 87' lang='lat' dir='ltr'><strong>diapsalma</strong></span> <span class='ocrx_word' id='word_1_35' title='bbox 1580 628 1802 682; x_wconf 85' lang='lat' dir='ltr'><strong>videtur.</strong></span> <span class='ocrx_word' id='word_1_36' title='bbox 1835 628 2197 697; x_wconf 84' lang='lat' dir='ltr'><strong>Dirumpamus</strong></span> 
     </span>
    </p>
   </div>
   <div class='ocr_carea' id='block_1_7' title="bbox 686 718 2198 787">
    <p class='ocr_par' dir='ltr' id='par_1_7' title="bbox 686 718 2198 787">
     <span class='ocr_line' id='line_1_7' title="bbox 686 718 2198 787; baseline 0.002 -18"><span class='ocrx_word' id='word_1_37' title='bbox 686 727 884 778; x_wconf 63' lang='lat' dir='ltr'><strong>vincula</strong></span> <span class='ocrx_word' id='word_1_38' title='bbox 925 739 1117 784; x_wconf 85' lang='lat' dir='ltr'><strong>eorum,</strong></span> <span class='ocrx_word' id='word_1_39' title='bbox 1164 729 1210 773; x_wconf 87' lang='lat' dir='ltr'><strong>et</strong></span> <span class='ocrx_word' id='word_1_40' title='bbox 1237 718 1566 785; x_wconf 82' lang='lat' dir='ltr'><strong>projiciamus</strong></span> <span class='ocrx_word' id='word_1_41' title='bbox 1601 735 1632 768; x_wconf 89' lang='lat' dir='ltr'><strong>a</strong></span> <span class='ocrx_word' id='word_1_42' title='bbox 1673 718 1815 770; x_wconf 84' lang='lat' dir='ltr'><strong>nobis</strong></span> <span class='ocrx_word' id='word_1_43' title='bbox 1847 718 2028 786; x_wconf 84' lang='lat' dir='ltr'><strong>jugum</strong></span> <span class='ocrx_word' id='word_1_44' title='bbox 2064 722 2198 787; x_wconf 81' lang='lat' dir='ltr'><strong>ipso-</strong></span> 
     </span>
    </p>
   </div>
   <div class='ocr_carea' id='block_1_8' title="bbox 686 806 2200 882">
    <p class='ocr_par' dir='ltr' id='par_1_8' title="bbox 686 806 2200 882">
     <span class='ocr_line' id='line_1_8' title="bbox 686 806 2200 882; baseline -0.005 -16"><span class='ocrx_word' id='word_1_45' title='bbox 686 832 816 871; x_wconf 77' lang='lat' dir='ltr'><strong>rum.</strong></span> <span class='ocrx_word' id='word_1_46' title='bbox 870 814 969 882; x_wconf 81' lang='lat' dir='ltr'><strong>Qui</strong></span> <span class='ocrx_word' id='word_1_47' title='bbox 1014 811 1212 862; x_wconf 82' lang='lat' dir='ltr'><strong>habitat</strong></span> <span class='ocrx_word' id='word_1_48' title='bbox 1256 809 1310 859; x_wconf 80' lang='lat' dir='ltr'><strong>in</strong></span> <span class='ocrx_word' id='word_1_49' title='bbox 1355 806 1492 861; x_wconf 68' lang='lat' dir='ltr'><strong>caelis</strong></span> <span class='ocrx_word' id='word_1_50' title='bbox 1551 806 1783 862; x_wconf 77' lang='lat' dir='ltr'><strong>irridebit</strong></span> <span class='ocrx_word' id='word_1_51' title='bbox 1828 823 1950 868; x_wconf 86' lang='lat' dir='ltr'><strong>eos,</strong></span> <span class='ocrx_word' id='word_1_52' title='bbox 2008 818 2055 860; x_wconf 86' lang='lat' dir='ltr'><strong>et</strong></span> <span class='ocrx_word' id='word_1_53' title='bbox 2095 809 2200 860; x_wconf 89' lang='lat' dir='ltr'><strong>Do-</strong></span> 
     </span>
    </p>
   </div>
   <div class='ocr_carea' id='block_1_9' title="bbox 686 897 2201 966">
    <p class='ocr_par' dir='ltr' id='par_1_9' title="bbox 686 897 2201 966">
     <span class='ocr_line' id='line_1_9' title="bbox 686 897 2201 966; baseline -0.001 -11"><span class='ocrx_word' id='word_1_54' title='bbox 686 907 853 956; x_wconf 84' lang='lat' dir='ltr'><strong>minus</strong></span> <span class='ocrx_word' id='word_1_55' title='bbox 908 899 1237 953; x_wconf 78' lang='lat' dir='ltr'><strong>subsannabit</strong></span> <span class='ocrx_word' id='word_1_56' title='bbox 1283 915 1387 950; x_wconf 83' lang='lat' dir='ltr'><strong>eos.</strong></span> <span class='ocrx_word' id='word_1_57' title='bbox 1437 897 1630 950; x_wconf 86' lang='lat' dir='ltr'><strong>Primis</strong></span> <span class='ocrx_word' id='word_1_58' title='bbox 1665 898 1908 951; x_wconf 85' lang='lat' dir='ltr'><strong>versibus</strong></span> <span class='ocrx_word' id='word_1_59' title='bbox 1952 899 2041 966; x_wconf 90' lang='lat' dir='ltr'><strong>qui</strong></span> <span class='ocrx_word' id='word_1_60' title='bbox 2083 907 2201 953; x_wconf 88' lang='lat' dir='ltr'><strong>ante</strong></span> 
     </span>
    </p>
   </div>
   <div class='ocr_carea' id='block_1_10' title="bbox 683 985 2199 1056">
    <p class='ocr_par' dir='ltr' id='par_1_10' title="bbox 683 985 2199 1056">
     <span class='ocr_line' id='line_1_10' title="bbox 683 985 2199 1056; baseline 0 -15"><span class='ocrx_word' id='word_1_61' title='bbox 683 989 971 1056; x_wconf 87' lang='lat' dir='ltr'><strong>diapsalma</strong></span> <span class='ocrx_word' id='word_1_62' title='bbox 1003 986 1092 1040; x_wconf 90' lang='lat' dir='ltr'><strong>siti</strong></span> <span class='ocrx_word' id='word_1_63' title='bbox 1119 993 1291 1049; x_wconf 87' lang='lat' dir='ltr'><strong>erant,</strong></span> <span class='ocrx_word' id='word_1_64' title='bbox 1323 993 1568 1054; x_wconf 87' lang='lat' dir='ltr'><strong>putamus</strong></span> <span class='ocrx_word' id='word_1_65' title='bbox 1613 985 1774 1040; x_wconf 89' lang='lat' dir='ltr'><strong>hosce</strong></span> <span class='ocrx_word' id='word_1_66' title='bbox 1812 1001 2024 1054; x_wconf 89' lang='lat' dir='ltr'><strong>quoque</strong></span> <span class='ocrx_word' id='word_1_67' title='bbox 2055 986 2199 1055; x_wconf 86' lang='lat' dir='ltr'><strong>adje-</strong></span> 
     </span>
    </p>
   </div>
   <div class='ocr_carea' id='block_1_11' title="bbox 685 1072 1015 1127">
    <p class='ocr_par' dir='ltr' id='par_1_11' title="bbox 685 1072 1015 1127">
     <span class='ocr_line' id='line_1_11' title="bbox 685 1072 1015 1127; baseline 0.003 -3"><span class='ocrx_word' id='word_1_68' title='bbox 685 1084 796 1127; x_wconf 80' lang='lat' dir='ltr'><strong>(&#39;IOS</strong></span> <span class='ocrx_word' id='word_1_69' title='bbox 831 1072 1015 1125; x_wconf 79' lang='lat' dir='ltr'><strong>fuisse.</strong></span> 
     </span>
    </p>
   </div>
   <div class='ocr_carea' id='block_1_12' title="bbox 754 1160 2202 1230">
    <p class='ocr_par' dir='ltr' id='par_1_12' title="bbox 754 1160 2202 1230">
     <span class='ocr_line' id='line_1_12' title="bbox 754 1160 2202 1230; baseline 0.001 -18"><span class='ocrx_word' id='word_1_70' title='bbox 754 1160 913 1214; x_wconf 72' lang='lat' dir='ltr'><strong>Vens.</strong></span> <span class='ocrx_word' id='word_1_71' title='bbox 945 1163 1015 1214; x_wconf 77' lang='grc'><strong>5.,</strong></span> <span class='ocrx_word' id='word_1_72' title='bbox 1041 1161 1412 1228; x_wconf 85' lang='lat' dir='ltr'><strong>Dirumpamus</strong></span> <span class='ocrx_word' id='word_1_73' title='bbox 1444 1161 1645 1214; x_wconf 84' lang='lat' dir='ltr'><strong>vincula</strong></span> <span class='ocrx_word' id='word_1_74' title='bbox 1671 1176 1870 1223; x_wconf 89' lang='lat' dir='ltr'><strong>eorum,</strong></span> <span class='ocrx_word' id='word_1_75' title='bbox 1894 1171 1939 1214; x_wconf 78' lang='lat' dir='ltr'><strong>et</strong></span> <span class='ocrx_word' id='word_1_76' title='bbox 1958 1160 2202 1230; x_wconf 80' lang='lat' dir='ltr'><strong>projicia-</strong></span> 
     </span>
    </p>
   </div>
   <div class='ocr_carea' id='block_1_13' title="bbox 685 1249 2201 1318">
    <p class='ocr_par' dir='ltr' id='par_1_13' title="bbox 685 1249 2201 1318">
     <span class='ocr_line' id='line_1_13' title="bbox 685 1249 2201 1318; baseline 0 -17"><span class='ocrx_word' id='word_1_77' title='bbox 685 1265 795 1302; x_wconf 84' lang='lat' dir='ltr'><strong>mus</strong></span> <span class='ocrx_word' id='word_1_78' title='bbox 825 1266 856 1302; x_wconf 90' lang='lat' dir='ltr'><strong>a</strong></span> <span class='ocrx_word' id='word_1_79' title='bbox 884 1249 1026 1302; x_wconf 84' lang='lat' dir='ltr'><strong>nobis</strong></span> <span class='ocrx_word' id='word_1_80' title='bbox 1045 1250 1231 1318; x_wconf 87' lang='lat' dir='ltr'><strong>jugum</strong></span> <span class='ocrx_word' id='word_1_81' title='bbox 1259 1252 1504 1318; x_wconf 87' lang='lat' dir='ltr'><strong>ipsorum.</strong></span> <span class='ocrx_word' id='word_1_82' title='bbox 1536 1249 1732 1303; x_wconf 90' lang='lat' dir='ltr'><strong>Gentes</strong></span> <span class='ocrx_word' id='word_1_83' title='bbox 1755 1251 1981 1304; x_wconf 86' lang='lat' dir='ltr'><strong>vinculis</strong></span> <span class='ocrx_word' id='word_1_84' title='bbox 2013 1266 2201 1318; x_wconf 85' lang='lat' dir='ltr'><strong>pecca-</strong></span> 
     </span>
    </p>
   </div>
   <div class='ocr_carea' id='block_1_14' title="bbox 685 1338 2204 1405">
    <p class='ocr_par' dir='ltr' id='par_1_14' title="bbox 685 1338 2204 1405">
     <span class='ocr_line' id='line_1_14' title="bbox 685 1338 2204 1405; baseline 0.001 -17"><span class='ocrx_word' id='word_1_85' title='bbox 685 1347 856 1388; x_wconf 90' lang='lat' dir='ltr'><strong>torum</strong></span> <span class='ocrx_word' id='word_1_86' title='bbox 895 1351 1112 1391; x_wconf 92' lang='lat' dir='ltr'><strong>suorum</strong></span> <span class='ocrx_word' id='word_1_87' title='bbox 1139 1339 1464 1396; x_wconf 76' lang='lat' dir='ltr'><strong>constrictze,</strong></span> <span class='ocrx_word' id='word_1_88' title='bbox 1508 1352 1677 1404; x_wconf 87' lang='lat' dir='ltr'><strong>neque</strong></span> <span class='ocrx_word' id='word_1_89' title='bbox 1709 1338 1904 1398; x_wconf 72' lang='lat' dir='ltr'><strong>liberae,</strong></span> <span class='ocrx_word' id='word_1_90' title='bbox 1940 1339 2050 1391; x_wconf 90' lang='lat' dir='ltr'><strong>suis</strong></span> <span class='ocrx_word' id='word_1_91' title='bbox 2080 1339 2204 1405; x_wconf 61' lang='lat' dir='ltr'><strong>ipsa;</strong></span> 
     </span>
    </p>
   </div>
   <div class='ocr_carea' id='block_1_15' title="bbox 685 1425 2202 1495">
    <p class='ocr_par' dir='ltr' id='par_1_15' title="bbox 685 1425 2202 1495">
     <span class='ocr_line' id='line_1_15' title="bbox 685 1425 2202 1495; baseline -0.001 -14"><span class='ocrx_word' id='word_1_92' title='bbox 685 1425 840 1481; x_wconf 83' lang='lat' dir='ltr'><strong>malis</strong></span> <span class='ocrx_word' id='word_1_93' title='bbox 867 1426 1204 1494; x_wconf 80' lang='lat' dir='ltr'><strong>colligantur.</strong></span> <span class='ocrx_word' id='word_1_94' title='bbox 1227 1426 1418 1493; x_wconf 82' lang='lat' dir='ltr'><strong>Aitqne</strong></span> <span class='ocrx_word' id='word_1_95' title='bbox 1443 1427 1711 1488; x_wconf 81' lang='lat' dir='ltr'><strong>Christus,</strong></span> <span class='ocrx_word' id='word_1_96' title='bbox 1741 1428 1851 1479; x_wconf 88' lang='lat' dir='ltr'><strong>sive</strong></span> <span class='ocrx_word' id='word_1_97' title='bbox 1875 1429 2074 1495; x_wconf 76' lang='lat' dir='ltr'><strong>angelis</strong></span> <span class='ocrx_word' id='word_1_98' title='bbox 2104 1429 2202 1481; x_wconf 87' lang='lat' dir='ltr'><strong>sibi</strong></span> 
     </span>
    </p>
   </div>
   <div class='ocr_carea' id='block_1_16' title="bbox 686 1514 2202 1582">
    <p class='ocr_par' dir='ltr' id='par_1_16' title="bbox 686 1514 2202 1582">
     <span class='ocr_line' id='line_1_16' title="bbox 686 1514 2202 1582; baseline 0.003 -17"><span class='ocrx_word' id='word_1_99' title='bbox 686 1516 1132 1577; x_wconf 86' lang='lat' dir='ltr'><strong>ministrantibus,</strong></span> <span class='ocrx_word' id='word_1_100' title='bbox 1170 1515 1282 1568; x_wconf 86' lang='lat' dir='ltr'><strong>sive</strong></span> <span class='ocrx_word' id='word_1_101' title='bbox 1325 1515 1469 1566; x_wconf 83' lang='lat' dir='ltr'><strong>Patri</strong></span> <span class='ocrx_word' id='word_1_102' title='bbox 1496 1522 1548 1568; x_wconf 89' lang='lat' dir='ltr'><strong>et</strong></span> <span class='ocrx_word' id='word_1_103' title='bbox 1576 1514 1790 1582; x_wconf 86' lang='lat' dir='ltr'><strong>Spiritui</strong></span> <span class='ocrx_word' id='word_1_104' title='bbox 1847 1527 2050 1574; x_wconf 80' lang='lat' dir='ltr'><strong>sancto.</strong></span> <span class='ocrx_word' id='word_1_105' title='bbox 2093 1518 2202 1570; x_wconf 88' lang='lat' dir='ltr'><strong>sive</strong></span> 
     </span>
    </p>
   </div>
   <div class='ocr_carea' id='block_1_17' title="bbox 688 1603 2205 1674">
    <p class='ocr_par' dir='ltr' id='par_1_17' title="bbox 688 1603 2205 1674">
     <span class='ocr_line' id='line_1_17' title="bbox 688 1603 2205 1674; baseline 0.002 -20"><span class='ocrx_word' id='word_1_106' title='bbox 688 1605 843 1658; x_wconf 72' lang='lat' dir='ltr'><strong>tertio</strong></span> <span class='ocrx_word' id='word_1_107' title='bbox 873 1605 1130 1674; x_wconf 83' lang='lat' dir='ltr'><strong>apostolis</strong></span> <span class='ocrx_word' id='word_1_108' title='bbox 1177 1609 1290 1659; x_wconf 92' lang='lat' dir='ltr'><strong>suis</strong></span> <span class='ocrx_word' id='word_1_109' title='bbox 1324 1613 1376 1658; x_wconf 92' lang='lat' dir='ltr'><strong>et</strong></span> <span class='ocrx_word' id='word_1_110' title='bbox 1414 1603 1681 1672; x_wconf 78' lang='lat' dir='ltr'><strong>Evangelii</strong></span> <span class='ocrx_word' id='word_1_111' title='bbox 1719 1606 2067 1672; x_wconf 76' lang='lat' dir='ltr'><strong>prtecombus.</strong></span> <span class='ocrx_word' id='word_1_112' title='bbox 2115 1620 2205 1657; x_wconf 91' lang='lat' dir='ltr'><strong>co-</strong></span> 
     </span>
    </p>
   </div>
   <div class='ocr_carea' id='block_1_18' title="bbox 688 1693 2202 1762">
    <p class='ocr_par' dir='ltr' id='par_1_18' title="bbox 688 1693 2202 1762">
     <span class='ocr_line' id='line_1_18' title="bbox 688 1693 2202 1762; baseline 0.004 -20"><span class='ocrx_word' id='word_1_113' title='bbox 688 1693 906 1748; x_wconf 85' lang='lat' dir='ltr'><strong>hortaus</strong></span> <span class='ocrx_word' id='word_1_114' title='bbox 933 1709 1024 1748; x_wconf 86' lang='lat' dir='ltr'><strong>eos</strong></span> <span class='ocrx_word' id='word_1_115' title='bbox 1053 1695 1116 1748; x_wconf 90' lang='lat' dir='ltr'><strong>ad</strong></span> <span class='ocrx_word' id='word_1_116' title='bbox 1140 1693 1390 1747; x_wconf 85' lang='lat' dir='ltr'><strong>solvenda</strong></span> <span class='ocrx_word' id='word_1_117' title='bbox 1413 1694 1870 1761; x_wconf 85' lang='lat' dir='ltr'><strong>dirumpendaque</strong></span> <span class='ocrx_word' id='word_1_118' title='bbox 1899 1694 2202 1762; x_wconf 82' lang='lat' dir='ltr'><strong>hujnsmodi</strong></span> 
     </span>
    </p>
   </div>
   <div class='ocr_carea' id='block_1_19' title="bbox 2298 542 3502 614">
    <p class='ocr_par' dir='ltr' id='par_1_19' title="bbox 2298 542 3502 614">
     <span class='ocr_line' id='line_1_19' title="bbox 2298 542 3502 614; baseline -0.002 -18"><span class='ocrx_word' id='word_1_119' title='bbox 2298 546 2381 596; x_wconf 78' lang='grc' dir='ltr'><strong>διὰ</strong></span> <span class='ocrx_word' id='word_1_120' title='bbox 2405 544 2554 598; x_wconf 78' lang='grc' dir='ltr'>τοῦτο</span> <span class='ocrx_word' id='word_1_121' title='bbox 2589 548 2660 614; x_wconf 80' lang='grc' dir='ltr'>μὴ</span> <span class='ocrx_word' id='word_1_122' title='bbox 2690 545 3120 613; x_wconf 82' lang='grc' dir='ltr'>προστεθεικέναι</span> <span class='ocrx_word' id='word_1_123' title='bbox 3143 543 3188 593; x_wconf 84' lang='grc' dir='ltr'>τὸ</span> <span class='ocrx_word' id='word_1_124' title='bbox 3212 542 3419 610; x_wconf 52' lang='lat' dir='ltr'><strong>aucupa</strong></span> <span class='ocrx_word' id='word_1_125' title='bbox 3436 544 3502 594; x_wconf 77' lang='grc' dir='ltr'><strong>τὸν</strong></span> 
     </span>
    </p>
   </div>
   <div class='ocr_carea' id='block_1_20' title="bbox 2295 631 3511 702">
    <p class='ocr_par' dir='ltr' id='par_1_20' title="bbox 2295 631 3511 702">
     <span class='ocr_line' id='line_1_20' title="bbox 2295 631 3511 702; baseline -0.002 -17"><span class='ocrx_word' id='word_1_126' title='bbox 2295 635 2457 686; x_wconf 80' lang='grc' dir='ltr'>τίωνα</span> <span class='ocrx_word' id='word_1_127' title='bbox 2499 635 2590 688; x_wconf 68' lang='grc' dir='ltr'><strong>κού⁸</strong></span> <span class='ocrx_word' id='word_1_128' title='bbox 2637 635 2725 685; x_wconf 79' lang='grc' dir='ltr'><strong>τὸν</strong></span> <span class='ocrx_word' id='word_1_129' title='bbox 2773 634 3079 702; x_wconf 81' lang='grc' dir='ltr'><strong>Σύμμαχον.</strong></span> <span class='ocrx_word' id='word_1_130' title='bbox 3125 631 3440 698; x_wconf 64' lang='grc' dir='ltr'>Διαρῤιήξωιιεγ</span> <span class='ocrx_word' id='word_1_131' title='bbox 3465 649 3511 683; x_wconf 83' lang='lat' dir='ltr'><strong>to</strong></span> 
     </span>
    </p>
   </div>
   <div class='ocr_carea' id='block_1_21' title="bbox 2298 720 3516 789">
    <p class='ocr_par' dir='ltr' id='par_1_21' title="bbox 2298 720 3516 789">
     <span class='ocr_line' id='line_1_21' title="bbox 2298 720 3516 789; baseline 0.003 -15"><span class='ocrx_word' id='word_1_132' title='bbox 2298 722 2483 789; x_wconf 74' lang='grc' dir='ltr'>σμοὺς</span> <span class='ocrx_word' id='word_1_133' title='bbox 2523 721 2734 784; x_wconf 77' lang='grc' dir='ltr'>αὐτῶν,</span> <span class='ocrx_word' id='word_1_134' title='bbox 2775 723 2870 774; x_wconf 79' lang='grc' dir='ltr'>καὶ</span> <span class='ocrx_word' id='word_1_135' title='bbox 2910 721 3286 787; x_wconf 63' lang='grc' dir='ltr'>ἀποῤῥίψωμειι⁶</span> <span class='ocrx_word' id='word_1_136' title='bbox 3321 720 3396 788; x_wconf 67' lang='grc' dir='ltr'><strong>ἀφ’</strong></span> 
     </span>
    </p>
   </div>
   <div class='ocr_carea' id='block_1_22' title="bbox 2299 809 3517 878">
    <p class='ocr_par' dir='ltr' id='par_1_22' title="bbox 2299 809 3517 878">
     <span class='ocr_line' id='line_1_22' title="bbox 2299 809 3517 878; baseline -0.003 -14"><span class='ocrx_word' id='word_1_137' title='bbox 2299 811 2469 878; x_wconf 80' lang='grc' dir='ltr'>ζυγὸν</span> <span class='ocrx_word' id='word_1_138' title='bbox 2499 811 2706 864; x_wconf 77' lang='grc' dir='ltr'><strong>αὐτῶν.</strong></span> <span class='ocrx_word' id='word_1_139' title='bbox 2759 812 2819 863; x_wconf 86' lang='lat'><strong>&#39;0</strong></span> <span class='ocrx_word' id='word_1_140' title='bbox 2847 809 3129 864; x_wconf 80' lang='grc' dir='ltr'><em>κατοικῶν</em></span> <span class='ocrx_word' id='word_1_141' title='bbox 3180 811 3234 861; x_wconf 75' lang='grc' dir='ltr'>ἐν</span> <span class='ocrx_word' id='word_1_142' title='bbox 3263 809 3471 874; x_wconf 74' lang='grc' dir='ltr'>οὐρανοῖς</span> <span class='ocrx_word' id='word_1_143' title='bbox 3500 812 3517 860; x_wconf 80' lang='grc' dir='ltr'><strong>ἑ</strong></span> 
     </span>
    </p>
   </div>
   <div class='ocr_carea' id='block_1_23' title="bbox 2301 899 3519 965">
    <p class='ocr_par' dir='ltr' id='par_1_23' title="bbox 2301 899 3519 965">
     <span class='ocr_line' id='line_1_23' title="bbox 2301 899 3519 965; baseline -0.002 -14"><span class='ocrx_word' id='word_1_144' title='bbox 2301 915 2464 952; x_wconf 78' lang='grc' dir='ltr'>σεται</span> <span class='ocrx_word' id='word_1_145' title='bbox 2502 901 2736 964; x_wconf 81' lang='grc' dir='ltr'>αὐτοὺς,</span> <span class='ocrx_word' id='word_1_146' title='bbox 2771 900 2865 950; x_wconf 81' lang='grc' dir='ltr'>καὶ</span> <span class='ocrx_word' id='word_1_147' title='bbox 2892 903 2922 952; x_wconf 84' lang='grc' dir='ltr'><em>ὀ</em></span> <span class='ocrx_word' id='word_1_148' title='bbox 2951 900 3159 964; x_wconf 78' lang='grc' dir='ltr'>Κύριος</span> <span class='ocrx_word' id='word_1_149' title='bbox 3179 899 3483 965; x_wconf 74' lang='grc' dir='ltr'>ἐκμυκτηριεῐ</span> <span class='ocrx_word' id='word_1_150' title='bbox 3507 918 3519 949; x_wconf 74' lang='grc' dir='ltr'><strong>ι</strong></span> 
     </span>
    </p>
   </div>
   <div class='ocr_carea' id='block_1_24' title="bbox 2301 987 3508 1059">
    <p class='ocr_par' dir='ltr' id='par_1_24' title="bbox 2301 987 3508 1059">
     <span class='ocr_line' id='line_1_24' title="bbox 2301 987 3508 1059; baseline -0.002 -19"><span class='ocrx_word' id='word_1_151' title='bbox 2301 991 2438 1059; x_wconf 82' lang='grc' dir='ltr'>Πρὸς</span> <span class='ocrx_word' id='word_1_152' title='bbox 2465 991 2586 1050; x_wconf 81' lang='grc' dir='ltr'>τοὺς</span> <span class='ocrx_word' id='word_1_153' title='bbox 2619 989 2858 1059; x_wconf 82' lang='grc' dir='ltr'><strong>πρώτους</strong></span> <span class='ocrx_word' id='word_1_154' title='bbox 2888 988 3094 1056; x_wconf 72' lang='grc' dir='ltr'>στίχους</span> <span class='ocrx_word' id='word_1_155' title='bbox 3122 989 3226 1048; x_wconf 83' lang='grc' dir='ltr'>τοὺς</span> <span class='ocrx_word' id='word_1_156' title='bbox 3253 987 3336 1055; x_wconf 84' lang='grc' dir='ltr'>πρὸ</span> <span class='ocrx_word' id='word_1_157' title='bbox 3357 987 3428 1038; x_wconf 80' lang='grc' dir='ltr'>τοῦ</span> <span class='ocrx_word' id='word_1_158' title='bbox 3452 987 3508 1039; x_wconf 73' lang='grc' dir='ltr'><strong>διε</strong></span> 
     </span>
    </p>
   </div>
   <div class='ocr_carea' id='block_1_25' title="bbox 2300 1075 3279 1146">
    <p class='ocr_par' dir='ltr' id='par_1_25' title="bbox 2300 1075 3279 1146">
     <span class='ocr_line' id='line_1_25' title="bbox 2300 1075 3279 1146; baseline -0.003 -16"><span class='ocrx_word' id='word_1_159' title='bbox 2300 1095 2386 1140; x_wconf 85' lang='grc' dir='ltr'><strong>τος</strong></span> <span class='ocrx_word' id='word_1_160' title='bbox 2416 1077 2684 1146; x_wconf 81' lang='grc' dir='ltr'><strong>ἡγούμεθα</strong></span> <span class='ocrx_word' id='word_1_161' title='bbox 2717 1077 2929 1138; x_wconf 83' lang='grc' dir='ltr'>τούτους</span> <span class='ocrx_word' id='word_1_162' title='bbox 2957 1075 3279 1128; x_wconf 81' lang='grc' dir='ltr'><strong>ἀποδίδοσθαι.</strong></span> 
     </span>
    </p>
   </div>
   <div class='ocr_carea' id='block_1_26' title="bbox 2369 1163 3510 1233">
    <p class='ocr_par' dir='ltr' id='par_1_26' title="bbox 2369 1163 3510 1233">
     <span class='ocr_line' id='line_1_26' title="bbox 2369 1163 3510 1233; baseline -0.003 -15"><span class='ocrx_word' id='word_1_163' title='bbox 2369 1166 2768 1233; x_wconf 74' lang='grc' dir='ltr'><strong>Διαρῤήξωμεν</strong></span> <span class='ocrx_word' id='word_1_164' title='bbox 2814 1165 2951 1229; x_wconf 80' lang='grc' dir='ltr'>τοὺς</span> <span class='ocrx_word' id='word_1_165' title='bbox 2985 1165 3221 1232; x_wconf 80' lang='grc' dir='ltr'>δεσμοὺς</span> <span class='ocrx_word' id='word_1_166' title='bbox 3251 1163 3429 1224; x_wconf 77' lang='grc' dir='ltr'>αὐτῶν,</span> <span class='ocrx_word' id='word_1_167' title='bbox 3455 1181 3510 1215; x_wconf 83' lang='grc' dir='ltr'><strong>κα</strong></span> 
     </span>
    </p>
   </div>
   <div class='ocr_carea' id='block_1_27' title="bbox 2294 1249 3509 1323">
    <p class='ocr_par' dir='ltr' id='par_1_27' title="bbox 2294 1249 3509 1323">
     <span class='ocr_line' id='line_1_27' title="bbox 2294 1249 3509 1323; baseline -0.005 -15"><span class='ocrx_word' id='word_1_168' title='bbox 2294 1258 2558 1323; x_wconf 65' lang='grc' dir='ltr'><strong>ῥίψωμεν</strong></span> <span class='ocrx_word' id='word_1_169' title='bbox 2580 1256 2676 1323; x_wconf 67' lang='grc' dir='ltr'><strong>ἀφ’</strong></span> <span class='ocrx_word' id='word_1_170' title='bbox 2697 1255 2857 1323; x_wconf 69' lang='grc' dir='ltr'><strong>ἡμῶν</strong></span> <span class='ocrx_word' id='word_1_171' title='bbox 2882 1255 2986 1308; x_wconf 80' lang='grc' dir='ltr'><strong>τὸν</strong></span> <span class='ocrx_word' id='word_1_172' title='bbox 3017 1251 3182 1319; x_wconf 73' lang='grc' dir='ltr'>ζυγὸν</span> <span class='ocrx_word' id='word_1_173' title='bbox 3206 1249 3384 1304; x_wconf 78' lang='grc' dir='ltr'>αὐτῶν.</span> <span class='ocrx_word' id='word_1_174' title='bbox 3403 1251 3509 1304; x_wconf 73' lang='grc' dir='ltr'><strong>Τάἒ</strong></span> 
     </span>
    </p>
   </div>
   <div class='ocr_carea' id='block_1_28' title="bbox 2304 1340 3489 1416">
    <p class='ocr_par' dir='ltr' id='par_1_28' title="bbox 2304 1340 3489 1416">
     <span class='ocr_line' id='line_1_28' title="bbox 2304 1340 3489 1416; baseline -0.005 -19"><span class='ocrx_word' id='word_1_175' title='bbox 2304 1349 2420 1416; x_wconf 85' lang='grc' dir='ltr'>ραῖς</span> <span class='ocrx_word' id='word_1_176' title='bbox 2462 1346 2566 1397; x_wconf 82' lang='grc' dir='ltr'><strong>τῶν</strong></span> <span class='ocrx_word' id='word_1_177' title='bbox 2603 1345 2750 1396; x_wconf 73' lang='grc' dir='ltr'>ἰδίων</span> <span class='ocrx_word' id='word_1_178' title='bbox 2793 1341 3067 1412; x_wconf 84' lang='grc' dir='ltr'>ἁμαρτιῶν</span> <span class='ocrx_word' id='word_1_179' title='bbox 3101 1340 3388 1408; x_wconf 83' lang='grc' dir='ltr'><strong>σφιγγόμενα</strong></span> <span class='ocrx_word' id='word_1_180' title='bbox 3411 1341 3489 1392; x_wconf 68' lang='grc' dir='ltr'><strong>καὶ</strong></span> 
     </span>
    </p>
   </div>
   <div class='ocr_carea' id='block_1_29' title="bbox 2303 1430 3512 1505">
    <p class='ocr_par' dir='ltr' id='par_1_29' title="bbox 2303 1430 3512 1505">
     <span class='ocr_line' id='line_1_29' title="bbox 2303 1430 3512 1505; baseline -0.005 -18"><span class='ocrx_word' id='word_1_181' title='bbox 2303 1435 2574 1505; x_wconf 79' lang='grc' dir='ltr'>ἐλεύθερα,</span> <span class='ocrx_word' id='word_1_182' title='bbox 2627 1434 2826 1486; x_wconf 76' lang='grc' dir='ltr'><strong>δέδεται</strong></span> <span class='ocrx_word' id='word_1_183' title='bbox 2873 1436 2982 1494; x_wconf 75' lang='grc' dir='ltr'>τοῖς</span> <span class='ocrx_word' id='word_1_184' title='bbox 3028 1432 3164 1492; x_wconf 76' lang='grc' dir='ltr'>ἰδίοις</span> <span class='ocrx_word' id='word_1_185' title='bbox 3201 1430 3355 1482; x_wconf 79' lang='grc' dir='ltr'>αὐτῶν</span> <span class='ocrx_word' id='word_1_186' title='bbox 3396 1447 3512 1482; x_wconf 82' lang='grc' dir='ltr'>κακο</span> 
     </span>
    </p>
   </div>
   <div class='ocr_carea' id='block_1_30' title="bbox 2301 1516 3509 1590">
    <p class='ocr_par' dir='ltr' id='par_1_30' title="bbox 2301 1516 3509 1590">
     <span class='ocr_line' id='line_1_30' title="bbox 2301 1516 3509 1590; baseline -0.005 -18"><span class='ocrx_word' id='word_1_187' title='bbox 2301 1521 2524 1590; x_wconf 80' lang='grc' dir='ltr'>Χριστός</span> <span class='ocrx_word' id='word_1_188' title='bbox 2568 1535 2746 1588; x_wconf 82' lang='grc' dir='ltr'>φησιν,</span> <span class='ocrx_word' id='word_1_189' title='bbox 2796 1520 2911 1588; x_wconf 75' lang='grc' dir='ltr'>ἦτοι</span> <span class='ocrx_word' id='word_1_190' title='bbox 2961 1521 3092 1586; x_wconf 64' lang='grc' dir='ltr'>προς</span> <span class='ocrx_word' id='word_1_191' title='bbox 3119 1518 3225 1579; x_wconf 79' lang='grc' dir='ltr'>τοὺς</span> <span class='ocrx_word' id='word_1_192' title='bbox 3267 1516 3509 1569; x_wconf 56' lang='grc' dir='ltr'>διακονοῦνη</span> 
     </span>
    </p>
   </div>
   <div class='ocr_carea' id='block_1_31' title="bbox 2303 1604 3512 1677">
    <p class='ocr_par' dir='ltr' id='par_1_31' title="bbox 2303 1604 3512 1677">
     <span class='ocr_line' id='line_1_31' title="bbox 2303 1604 3512 1677; baseline -0.002 -17"><span class='ocrx_word' id='word_1_193' title='bbox 2303 1608 2574 1675; x_wconf 77' lang='grc' dir='ltr'>ἀγγέλους,</span> <span class='ocrx_word' id='word_1_194' title='bbox 2596 1609 2627 1677; x_wconf 86' lang='grc' dir='ltr'>ἦ</span> <span class='ocrx_word' id='word_1_195' title='bbox 2653 1609 2781 1676; x_wconf 83' lang='grc' dir='ltr'>πρὸς</span> <span class='ocrx_word' id='word_1_196' title='bbox 2803 1607 2889 1659; x_wconf 82' lang='grc' dir='ltr'><strong>τὸν</strong></span> <span class='ocrx_word' id='word_1_197' title='bbox 2915 1608 3124 1676; x_wconf 74' lang='grc' dir='ltr'>Πατέρα</span> <span class='ocrx_word' id='word_1_198' title='bbox 3144 1607 3228 1659; x_wconf 66' lang='grc' dir='ltr'><strong>κού⁵</strong></span> <span class='ocrx_word' id='word_1_199' title='bbox 3246 1607 3300 1657; x_wconf 81' lang='grc' dir='ltr'><strong>τδ</strong></span> <span class='ocrx_word' id='word_1_200' title='bbox 3317 1604 3512 1674; x_wconf 65' lang='grc' dir='ltr'>Πνεῦμα</span> 
     </span>
    </p>
   </div>
   <div class='ocr_carea' id='block_1_32' title="bbox 2303 1695 3508 1768">
    <p class='ocr_par' dir='ltr' id='par_1_32' title="bbox 2303 1695 3508 1768">
     <span class='ocr_line' id='line_1_32' title="bbox 2303 1695 3508 1768; baseline -0.003 -18"><span class='ocrx_word' id='word_1_201' title='bbox 2303 1699 2336 1768; x_wconf 79' lang='grc' dir='ltr'><strong>ἢ</strong></span> <span class='ocrx_word' id='word_1_202' title='bbox 2372 1699 2547 1767; x_wconf 80' lang='grc' dir='ltr'>τρίτον</span> <span class='ocrx_word' id='word_1_203' title='bbox 2572 1698 2690 1760; x_wconf 73' lang='grc' dir='ltr'>τοὺς</span> <span class='ocrx_word' id='word_1_204' title='bbox 2737 1697 3056 1760; x_wconf 80' lang='grc' dir='ltr'>ἀποστόλους</span> <span class='ocrx_word' id='word_1_205' title='bbox 3097 1698 3180 1749; x_wconf 81' lang='grc' dir='ltr'><strong>καὶ</strong></span> <span class='ocrx_word' id='word_1_206' title='bbox 3211 1695 3456 1765; x_wconf 82' lang='grc' dir='ltr'><strong>ὑπηρέτας</strong></span> <span class='ocrx_word' id='word_1_207' title='bbox 3494 1714 3508 1746; x_wconf 72' lang='grc' dir='ltr'><strong>ιι</strong></span> 
     </span>
    </p>
   </div>
   <div class='ocr_carea' id='block_1_33' title="bbox 691 1768 2199 1855">
    <p class='ocr_par' dir='ltr' id='par_1_33' title="bbox 691 1780 2199 1849">
     <span class='ocr_line' id='line_1_33' title="bbox 691 1780 2199 1849; baseline 0.003 -20"><span class='ocrx_word' id='word_1_208' title='bbox 691 1781 938 1834; x_wconf 80' lang='lat' dir='ltr'><strong>vincula:</strong></span> <span class='ocrx_word' id='word_1_209' title='bbox 969 1781 1338 1849; x_wconf 81' lang='lat' dir='ltr'><strong>Dirumpamus</strong></span> <span class='ocrx_word' id='word_1_210' title='bbox 1390 1780 1590 1833; x_wconf 80' lang='lat' dir='ltr'><strong>vincula</strong></span> <span class='ocrx_word' id='word_1_211' title='bbox 1643 1796 1836 1833; x_wconf 84' lang='lat' dir='ltr'><strong>eorum.</strong></span> <span class='ocrx_word' id='word_1_212' title='bbox 1878 1780 2063 1848; x_wconf 84' lang='lat' dir='ltr'><strong>Populi</strong></span> <span class='ocrx_word' id='word_1_213' title='bbox 2111 1797 2199 1833; x_wconf 92' lang='lat' dir='ltr'><strong>au-</strong></span> 
     </span>
    </p>
   </div>
   <div class='ocr_carea' id='block_1_34' title="bbox 1993 1768 3501 1855">
    <p class='ocr_par' dir='ltr' id='par_1_34' title="bbox 1993 1768 3501 1855">
     <span class='ocr_line' id='line_1_34' title="bbox 1993 1768 3501 1855; baseline 0.002 -22"><span class='ocrx_word' id='word_1_214' title='bbox 1993 1782 2063 1833; x_wconf 94' lang='lat' dir='ltr'><strong>uli</strong></span> <span class='ocrx_word' id='word_1_215' title='bbox 2111 1797 2205 1833; x_wconf 92' lang='lat' dir='ltr'><strong>au-</strong></span> <span class='ocrx_word' id='word_1_216' title='bbox 2235 1768 2277 1820; x_wconf 73' lang='grc' dir='ltr'><strong>Β</strong></span> <span class='ocrx_word' id='word_1_217' title='bbox 2306 1787 2499 1854; x_wconf 85' lang='grc' dir='ltr'>γελίου,</span> <span class='ocrx_word' id='word_1_218' title='bbox 2534 1785 2852 1855; x_wconf 76' lang='grc' dir='ltr'><strong>παρακαλῶν</strong></span> <span class='ocrx_word' id='word_1_219' title='bbox 2895 1786 3088 1848; x_wconf 75' lang='grc' dir='ltr'>αὐτοὺς</span> <span class='ocrx_word' id='word_1_220' title='bbox 3127 1786 3212 1837; x_wconf 62' lang='grc' dir='ltr'><strong>ἐπὶ</strong></span> <span class='ocrx_word' id='word_1_221' title='bbox 3249 1785 3331 1837; x_wconf 77' lang='grc' dir='ltr'><strong>τδν</strong></span> <span class='ocrx_word' id='word_1_222' title='bbox 3356 1785 3501 1837; x_wconf 83' lang='grc' dir='ltr'>διασπ</span> 
     </span>
    </p>
   </div>
   <div class='ocr_carea' id='block_1_35' title="bbox 690 1869 2202 1941">
    <p class='ocr_par' dir='ltr' id='par_1_35' title="bbox 690 1869 2202 1941">
     <span class='ocr_line' id='line_1_35' title="bbox 690 1869 2202 1941; baseline 0.001 -23"><span class='ocrx_word' id='word_1_223' title='bbox 690 1877 792 1921; x_wconf 88' lang='lat' dir='ltr'><strong>tem</strong></span> <span class='ocrx_word' id='word_1_224' title='bbox 845 1869 936 1937; x_wconf 89' lang='lat' dir='ltr'><strong>qui</strong></span> <span class='ocrx_word' id='word_1_225' title='bbox 984 1870 1083 1923; x_wconf 89' lang='lat' dir='ltr'><strong>sub</strong></span> <span class='ocrx_word' id='word_1_226' title='bbox 1126 1870 1254 1937; x_wconf 78' lang='lat' dir='ltr'><strong>jugo</strong></span> <span class='ocrx_word' id='word_1_227' title='bbox 1303 1870 1433 1938; x_wconf 80' lang='lat' dir='ltr'><strong>legis</strong></span> <span class='ocrx_word' id='word_1_228' title='bbox 1479 1874 1825 1941; x_wconf 72' lang='lat' dir='ltr'><strong>corporaliter</strong></span> <span class='ocrx_word' id='word_1_229' title='bbox 1862 1870 2202 1932; x_wconf 84' lang='lat' dir='ltr'><strong>detinentur;</strong></span> 
     </span>
    </p>
   </div>
   <div class='ocr_carea' id='block_1_36' title="bbox 687 1957 2207 2031">
    <p class='ocr_par' dir='ltr' id='par_1_36' title="bbox 687 1957 2207 2031">
     <span class='ocr_line' id='line_1_36' title="bbox 687 1957 2207 2031; baseline 0 -23"><span class='ocrx_word' id='word_1_230' title='bbox 687 1957 843 2025; x_wconf 84' lang='lat' dir='ltr'><strong>cujus</strong></span> <span class='ocrx_word' id='word_1_231' title='bbox 868 1958 1224 2031; x_wconf 68' lang='lat' dir='ltr'><strong>despicienda:</strong></span> <span class='ocrx_word' id='word_1_232' title='bbox 1253 1969 1439 2012; x_wconf 80' lang='lat' dir='ltr'><strong>auctor</strong></span> <span class='ocrx_word' id='word_1_233' title='bbox 1469 1961 1581 2030; x_wconf 88' lang='lat' dir='ltr'><strong>ipse</strong></span> <span class='ocrx_word' id='word_1_234' title='bbox 1610 1969 1712 2022; x_wconf 81' lang='lat' dir='ltr'><strong>est,</strong></span> <span class='ocrx_word' id='word_1_235' title='bbox 1754 1967 1934 2027; x_wconf 88' lang='lat' dir='ltr'><strong>utpote</strong></span> <span class='ocrx_word' id='word_1_236' title='bbox 1965 1973 2081 2026; x_wconf 67' lang='lat' dir='ltr'><strong>quae</strong></span> <span class='ocrx_word' id='word_1_237' title='bbox 2112 1959 2207 2009; x_wconf 79' lang='lat' dir='ltr'><strong>in—</strong></span> 
     </span>
    </p>
   </div>
   <div class='ocr_carea' id='block_1_37' title="bbox 689 2047 2207 2118">
    <p class='ocr_par' dir='ltr' id='par_1_37' title="bbox 689 2047 2207 2118">
     <span class='ocr_line' id='line_1_37' title="bbox 689 2047 2207 2118; baseline 0.001 -20"><span class='ocrx_word' id='word_1_238' title='bbox 689 2047 874 2099; x_wconf 89' lang='lat' dir='ltr'><strong>stituta</strong></span> <span class='ocrx_word' id='word_1_239' title='bbox 927 2061 989 2100; x_wconf 89' lang='lat' dir='ltr'><strong>ac</strong></span> <span class='ocrx_word' id='word_1_240' title='bbox 1026 2057 1289 2115; x_wconf 63' lang='lat' dir='ltr'><strong>prateepta</strong></span> <span class='ocrx_word' id='word_1_241' title='bbox 1330 2065 1434 2101; x_wconf 91' lang='lat' dir='ltr'><strong>non</strong></span> <span class='ocrx_word' id='word_1_242' title='bbox 1488 2051 1627 2102; x_wconf 89' lang='lat' dir='ltr'><strong>bona</strong></span> <span class='ocrx_word' id='word_1_243' title='bbox 1672 2051 2072 2118; x_wconf 81' lang='lat' dir='ltr'><strong>complectatur,</strong></span> <span class='ocrx_word' id='word_1_244' title='bbox 2111 2063 2207 2116; x_wconf 86' lang='lat' dir='ltr'><strong>per</strong></span> 
     </span>
    </p>
   </div>
   <div class='ocr_carea' id='block_1_38' title="bbox 687 2135 2205 2207">
    <p class='ocr_par' dir='ltr' id='par_1_38' title="bbox 687 2135 2205 2207">
     <span class='ocr_line' id='line_1_38' title="bbox 687 2135 2205 2207; baseline 0.001 -19"><span class='ocrx_word' id='word_1_245' title='bbox 687 2135 955 2190; x_wconf 77' lang='lat' dir='ltr'><strong>Lhristum</strong></span> <span class='ocrx_word' id='word_1_246' title='bbox 981 2136 1194 2189; x_wconf 87' lang='lat' dir='ltr'><strong>adducti</strong></span> <span class='ocrx_word' id='word_1_247' title='bbox 1210 2137 1275 2189; x_wconf 87' lang='lat' dir='ltr'><strong>ad</strong></span> <span class='ocrx_word' id='word_1_248' title='bbox 1300 2139 1463 2206; x_wconf 78' lang='lat' dir='ltr'><strong>legem</strong></span> <span class='ocrx_word' id='word_1_249' title='bbox 1483 2138 1836 2207; x_wconf 81' lang='lat' dir='ltr'><strong>spiritualem.</strong></span> <span class='ocrx_word' id='word_1_250' title='bbox 1865 2136 2119 2190; x_wconf 88' lang='lat' dir='ltr'><strong>institutis</strong></span> <span class='ocrx_word' id='word_1_251' title='bbox 2143 2151 2205 2189; x_wconf 87' lang='lat' dir='ltr'><strong>ac</strong></span> 
     </span>
    </p>
   </div>
   <div class='ocr_carea' id='block_1_39' title="bbox 688 2225 2210 2296">
    <p class='ocr_par' dir='ltr' id='par_1_39' title="bbox 688 2225 2210 2296">
     <span class='ocr_line' id='line_1_39' title="bbox 688 2225 2210 2296; baseline 0.001 -19"><span class='ocrx_word' id='word_1_252' title='bbox 688 2225 962 2292; x_wconf 72' lang='lat' dir='ltr'><strong>przeceptis</strong></span> <span class='ocrx_word' id='word_1_253' title='bbox 1009 2225 1164 2278; x_wconf 91' lang='lat' dir='ltr'><strong>bonis</strong></span> <span class='ocrx_word' id='word_1_254' title='bbox 1199 2227 1531 2291; x_wconf 87' lang='lat' dir='ltr'><strong>instructam,</strong></span> <span class='ocrx_word' id='word_1_255' title='bbox 1584 2243 1744 2296; x_wconf 81' lang='lat' dir='ltr'><strong>grave</strong></span> <span class='ocrx_word' id='word_1_256' title='bbox 1789 2227 2084 2282; x_wconf 82' lang='lat' dir='ltr'><strong>occidentis</strong></span> <span class='ocrx_word' id='word_1_257' title='bbox 2119 2229 2210 2280; x_wconf 84' lang='lat' dir='ltr'><strong>lit-</strong></span> 
     </span>
    </p>
   </div>
   <div class='ocr_carea' id='block_1_40' title="bbox 688 2313 2204 2386">
    <p class='ocr_par' dir='ltr' id='par_1_40' title="bbox 688 2313 2204 2386">
     <span class='ocr_line' id='line_1_40' title="bbox 688 2313 2204 2386; baseline 0.002 -21"><span class='ocrx_word' id='word_1_258' title='bbox 688 2323 812 2366; x_wconf 68' lang='lat' dir='ltr'><strong>tera:</strong></span> <span class='ocrx_word' id='word_1_259' title='bbox 835 2313 1020 2382; x_wconf 75' lang='lat' dir='ltr'><strong>jugum</strong></span> <span class='ocrx_word' id='word_1_260' title='bbox 1055 2313 1347 2382; x_wconf 92' lang='lat' dir='ltr'><strong>deponunt,</strong></span> <span class='ocrx_word' id='word_1_261' title='bbox 1376 2314 1650 2370; x_wconf 87' lang='lat' dir='ltr'><strong>Salvatore</strong></span> <span class='ocrx_word' id='word_1_262' title='bbox 1681 2317 1958 2386; x_wconf 72' lang='lat' dir='ltr'><strong>praedictos</strong></span> <span class='ocrx_word' id='word_1_263' title='bbox 1988 2317 2204 2370; x_wconf 85' lang='lat' dir='ltr'><strong>commi-</strong></span> 
     </span>
    </p>
   </div>
   <div class='ocr_carea' id='block_1_41' title="bbox 687 2402 2204 2472">
    <p class='ocr_par' dir='ltr' id='par_1_41' title="bbox 687 2402 2204 2472">
     <span class='ocr_line' id='line_1_41' title="bbox 687 2402 2204 2472; baseline 0.005 -23"><span class='ocrx_word' id='word_1_264' title='bbox 687 2402 886 2457; x_wconf 82' lang='lat' dir='ltr'><strong>nistros</strong></span> <span class='ocrx_word' id='word_1_265' title='bbox 923 2416 1049 2455; x_wconf 90' lang='lat' dir='ltr'><strong>suos</strong></span> <span class='ocrx_word' id='word_1_266' title='bbox 1077 2403 1155 2456; x_wconf 88' lang='lat' dir='ltr'><strong>sic</strong></span> <span class='ocrx_word' id='word_1_267' title='bbox 1195 2403 1546 2471; x_wconf 87' lang='lat' dir='ltr'><strong>compellante</strong></span> <span class='ocrx_word' id='word_1_268' title='bbox 1573 2423 1585 2457; x_wconf 92' lang='lat'>:</span> <span class='ocrx_word' id='word_1_269' title='bbox 1612 2404 1958 2472; x_wconf 83' lang='lat' dir='ltr'><strong>Projiciamus</strong></span> <span class='ocrx_word' id='word_1_270' title='bbox 2001 2422 2031 2456; x_wconf 90' lang='lat' dir='ltr'><strong>a</strong></span> <span class='ocrx_word' id='word_1_271' title='bbox 2062 2405 2204 2456; x_wconf 84' lang='lat' dir='ltr'><strong>nobis</strong></span> 
     </span>
    </p>
   </div>
   <div class='ocr_carea' id='block_1_42' title="bbox 683 2489 2206 2560">
    <p class='ocr_par' dir='ltr' id='par_1_42' title="bbox 683 2489 2206 2560">
     <span class='ocr_line' id='line_1_42' title="bbox 683 2489 2206 2560; baseline 0.004 -22"><span class='ocrx_word' id='word_1_272' title='bbox 683 2489 865 2557; x_wconf 72' lang='lat' dir='ltr'><strong>jugum</strong></span> <span class='ocrx_word' id='word_1_273' title='bbox 904 2491 1150 2556; x_wconf 86' lang='lat' dir='ltr'><strong>ipsorum.</strong></span> <span class='ocrx_word' id='word_1_274' title='bbox 1182 2490 1310 2543; x_wconf 88' lang='lat' dir='ltr'><strong>illud</strong></span> <span class='ocrx_word' id='word_1_275' title='bbox 1345 2501 1542 2554; x_wconf 89' lang='lat' dir='ltr'><strong>autem,</strong></span> <span class='ocrx_word' id='word_1_276' title='bbox 1572 2509 1604 2545; x_wconf 77' lang='grc' dir='ltr'><strong>α</strong></span> <span class='ocrx_word' id='word_1_277' title='bbox 1644 2493 1807 2552; x_wconf 86' lang='lat' dir='ltr'><strong>nobis,</strong></span> <span class='ocrx_word' id='word_1_278' title='bbox 1839 2494 1914 2545; x_wconf 87' lang='lat' dir='ltr'><strong>sic</strong></span> <span class='ocrx_word' id='word_1_279' title='bbox 1957 2493 2206 2560; x_wconf 82' lang='lat' dir='ltr'><strong>explicari</strong></span> 
     </span>
    </p>
   </div>
   <div class='ocr_carea' id='block_1_43' title="bbox 691 2578 2206 2649">
    <p class='ocr_par' dir='ltr' id='par_1_43' title="bbox 691 2578 2206 2649">
     <span class='ocr_line' id='line_1_43' title="bbox 691 2578 2206 2649; baseline 0.003 -19"><span class='ocrx_word' id='word_1_280' title='bbox 691 2583 882 2644; x_wconf 84' lang='lat' dir='ltr'><strong>potest.</strong></span> <span class='ocrx_word' id='word_1_281' title='bbox 944 2578 1120 2647; x_wconf 88' lang='lat' dir='ltr'><strong>Ipsum</strong></span> <span class='ocrx_word' id='word_1_282' title='bbox 1167 2580 1353 2648; x_wconf 88' lang='lat' dir='ltr'><strong>procul</strong></span> <span class='ocrx_word' id='word_1_283' title='bbox 1401 2595 1430 2632; x_wconf 89' lang='lat' dir='ltr'><strong>a</strong></span> <span class='ocrx_word' id='word_1_284' title='bbox 1475 2582 1629 2635; x_wconf 90' lang='lat' dir='ltr'><strong>nobis</strong></span> <span class='ocrx_word' id='word_1_285' title='bbox 1675 2582 2013 2649; x_wconf 83' lang='lat' dir='ltr'><strong>abjiciamus,</strong></span> <span class='ocrx_word' id='word_1_286' title='bbox 2077 2583 2206 2634; x_wconf 86' lang='lat' dir='ltr'><strong>nihil</strong></span> 
     </span>
    </p>
   </div>
   <div class='ocr_carea' id='block_1_44' title="bbox 689 2669 2208 2739">
    <p class='ocr_par' dir='ltr' id='par_1_44' title="bbox 689 2669 2208 2739">
     <span class='ocr_line' id='line_1_44' title="bbox 689 2669 2208 2739; baseline 0.002 -19"><span class='ocrx_word' id='word_1_287' title='bbox 689 2675 1003 2725; x_wconf 82' lang='lat' dir='ltr'><strong>cunctantes</strong></span> <span class='ocrx_word' id='word_1_288' title='bbox 1032 2683 1202 2736; x_wconf 90' lang='lat' dir='ltr'><strong>neque</strong></span> <span class='ocrx_word' id='word_1_289' title='bbox 1225 2669 1354 2722; x_wconf 88' lang='lat' dir='ltr'><strong>moti</strong></span> <span class='ocrx_word' id='word_1_290' title='bbox 1383 2671 1762 2739; x_wconf 86' lang='lat' dir='ltr'><strong>supplicatione</strong></span> <span class='ocrx_word' id='word_1_291' title='bbox 1789 2685 1971 2722; x_wconf 83' lang='lat' dir='ltr'><strong>eorum</strong></span> <span class='ocrx_word' id='word_1_292' title='bbox 1995 2671 2085 2738; x_wconf 83' lang='lat' dir='ltr'><strong>qui</strong></span> <span class='ocrx_word' id='word_1_293' title='bbox 2119 2672 2208 2724; x_wconf 93' lang='lat' dir='ltr'><strong>illo</strong></span> 
     </span>
    </p>
   </div>
   <div class='ocr_carea' id='block_1_45' title="bbox 691 2757 2209 2829">
    <p class='ocr_par' dir='ltr' id='par_1_45' title="bbox 691 2757 2209 2829">
     <span class='ocr_line' id='line_1_45' title="bbox 691 2757 2209 2829; baseline 0.001 -19"><span class='ocrx_word' id='word_1_294' title='bbox 691 2757 858 2828; x_wconf 67' lang='lat' dir='ltr'><strong>[iugo]</strong></span> <span class='ocrx_word' id='word_1_295' title='bbox 893 2767 1202 2812; x_wconf 85' lang='lat' dir='ltr'><strong>onerantur.</strong></span> <span class='ocrx_word' id='word_1_296' title='bbox 1237 2759 1348 2814; x_wconf 82' lang='lat' dir='ltr'><strong>Hac</strong></span> <span class='ocrx_word' id='word_1_297' title='bbox 1387 2777 1597 2829; x_wconf 90' lang='lat' dir='ltr'><strong>quoque</strong></span> <span class='ocrx_word' id='word_1_298' title='bbox 1627 2761 1834 2814; x_wconf 83' lang='lat' dir='ltr'><strong>ratione</strong></span> <span class='ocrx_word' id='word_1_299' title='bbox 1866 2761 2014 2824; x_wconf 88' lang='lat' dir='ltr'><strong>illud,</strong></span> <span class='ocrx_word' id='word_1_300' title='bbox 2047 2777 2076 2812; x_wconf 93' lang='lat' dir='ltr'><strong>a</strong></span> <span class='ocrx_word' id='word_1_301' title='bbox 2119 2777 2209 2811; x_wconf 84' lang='lat' dir='ltr'><strong>no-</strong></span> 
     </span>
    </p>
   </div>
   <div class='ocr_carea' id='block_1_46' title="bbox 691 2847 2208 2919">
    <p class='ocr_par' dir='ltr' id='par_1_46' title="bbox 691 2847 2208 2919">
     <span class='ocr_line' id='line_1_46' title="bbox 691 2847 2208 2919; baseline 0.003 -21"><span class='ocrx_word' id='word_1_302' title='bbox 691 2847 790 2910; x_wconf 85' lang='lat' dir='ltr'><strong>bis,</strong></span> <span class='ocrx_word' id='word_1_303' title='bbox 838 2847 1130 2917; x_wconf 80' lang='lat' dir='ltr'><strong>intelligere</strong></span> <span class='ocrx_word' id='word_1_304' title='bbox 1179 2849 1326 2903; x_wconf 82' lang='lat' dir='ltr'><strong>licet.</strong></span> <span class='ocrx_word' id='word_1_305' title='bbox 1380 2849 1488 2919; x_wconf 80' lang='lat' dir='ltr'><strong>Ego</strong></span> <span class='ocrx_word' id='word_1_306' title='bbox 1524 2850 1634 2918; x_wconf 91' lang='lat' dir='ltr'><strong>ipse</strong></span> <span class='ocrx_word' id='word_1_307' title='bbox 1686 2850 1776 2918; x_wconf 86' lang='lat' dir='ltr'><strong>qui</strong></span> <span class='ocrx_word' id='word_1_308' title='bbox 1827 2865 1946 2902; x_wconf 86' lang='lat' dir='ltr'><strong>cum</strong></span> <span class='ocrx_word' id='word_1_309' title='bbox 2001 2850 2208 2918; x_wconf 88' lang='lat' dir='ltr'><strong>populis</strong></span> 
     </span>
    </p>
   </div>
   <div class='ocr_carea' id='block_1_47' title="bbox 691 2933 2209 3005">
    <p class='ocr_par' dir='ltr' id='par_1_47' title="bbox 691 2933 2209 3005">
     <span class='ocr_line' id='line_1_47' title="bbox 691 2933 2209 3005; baseline 0.002 -19"><span class='ocrx_word' id='word_1_310' title='bbox 691 2948 826 2986; x_wconf 85' lang='lat' dir='ltr'><strong>vana</strong></span> <span class='ocrx_word' id='word_1_311' title='bbox 867 2933 1245 2991; x_wconf 82' lang='lat' dir='ltr'><strong>meditantibus</strong></span> <span class='ocrx_word' id='word_1_312' title='bbox 1276 2952 1459 2991; x_wconf 79' lang='lat' dir='ltr'><strong>versor</strong></span> <span class='ocrx_word' id='word_1_313' title='bbox 1503 2953 1566 2990; x_wconf 87' lang='lat' dir='ltr'><strong>ac</strong></span> <span class='ocrx_word' id='word_1_314' title='bbox 1601 2940 1758 2990; x_wconf 84' lang='lat' dir='ltr'><strong>vitam</strong></span> <span class='ocrx_word' id='word_1_315' title='bbox 1798 2951 1916 3004; x_wconf 82' lang='lat' dir='ltr'><strong>ago,</strong></span> <span class='ocrx_word' id='word_1_316' title='bbox 1959 2937 2058 2990; x_wconf 85' lang='lat' dir='ltr'><strong>sub</strong></span> <span class='ocrx_word' id='word_1_317' title='bbox 2081 2936 2209 3005; x_wconf 82' lang='lat' dir='ltr'><strong>jngo</strong></span> 
     </span>
    </p>
   </div>
   <div class='ocr_carea' id='block_1_48' title="bbox 690 3025 2208 3096">
    <p class='ocr_par' dir='ltr' id='par_1_48' title="bbox 690 3025 2208 3096">
     <span class='ocr_line' id='line_1_48' title="bbox 690 3025 2208 3096; baseline 0.001 -19"><span class='ocrx_word' id='word_1_318' title='bbox 690 3038 876 3077; x_wconf 89' lang='lat' dir='ltr'><strong>eorum</strong></span> <span class='ocrx_word' id='word_1_319' title='bbox 919 3037 1058 3091; x_wconf 82' lang='lat' dir='ltr'><strong>sum,</strong></span> <span class='ocrx_word' id='word_1_320' title='bbox 1103 3034 1285 3096; x_wconf 85' lang='lat' dir='ltr'><strong>utpote</strong></span> <span class='ocrx_word' id='word_1_321' title='bbox 1332 3027 1702 3080; x_wconf 89' lang='lat' dir='ltr'><strong>circumcisus.</strong></span> <span class='ocrx_word' id='word_1_322' title='bbox 1767 3025 1833 3078; x_wconf 84' lang='lat' dir='ltr'><strong>Et</strong></span> <span class='ocrx_word' id='word_1_323' title='bbox 1876 3025 2208 3093; x_wconf 65' lang='lat' dir='ltr'><strong>proficiamus</strong></span> 
     </span>
    </p>
   </div>
   <div class='ocr_carea' id='block_1_49' title="bbox 679 3116 2211 3187">
    <p class='ocr_par' dir='ltr' id='par_1_49' title="bbox 679 3116 2211 3187">
     <span class='ocr_line' id='line_1_49' title="bbox 679 3116 2211 3187; baseline -0.004 -15"><span class='ocrx_word' id='word_1_324' title='bbox 679 3123 868 3187; x_wconf 72' lang='lat' dir='ltr'><strong>jugum</strong></span> <span class='ocrx_word' id='word_1_325' title='bbox 891 3121 1136 3186; x_wconf 86' lang='lat' dir='ltr'><strong>ipsorum,</strong></span> <span class='ocrx_word' id='word_1_326' title='bbox 1175 3117 1228 3170; x_wconf 87' lang='lat' dir='ltr'><strong>id</strong></span> <span class='ocrx_word' id='word_1_327' title='bbox 1257 3125 1339 3170; x_wconf 90' lang='lat' dir='ltr'><strong>est</strong></span> <span class='ocrx_word' id='word_1_328' title='bbox 1385 3133 1415 3169; x_wconf 92' lang='lat' dir='ltr'><strong>a</strong></span> <span class='ocrx_word' id='word_1_329' title='bbox 1452 3131 1536 3170; x_wconf 91' lang='lat' dir='ltr'><strong>me</strong></span> <span class='ocrx_word' id='word_1_330' title='bbox 1583 3125 1635 3170; x_wconf 90' lang='lat' dir='ltr'><strong>et</strong></span> <span class='ocrx_word' id='word_1_331' title='bbox 1679 3116 1744 3168; x_wconf 85' lang='lat' dir='ltr'><strong>ab</strong></span> <span class='ocrx_word' id='word_1_332' title='bbox 1786 3117 1851 3170; x_wconf 91' lang='lat' dir='ltr'><strong>iis</strong></span> <span class='ocrx_word' id='word_1_333' title='bbox 1879 3117 1969 3184; x_wconf 91' lang='lat' dir='ltr'><strong>qui</strong></span> <span class='ocrx_word' id='word_1_334' title='bbox 2005 3130 2211 3169; x_wconf 89' lang='lat' dir='ltr'><strong>mecum</strong></span> 
     </span>
    </p>
   </div>
   <div class='ocr_carea' id='block_1_50' title="bbox 697 3213 2214 3283">
    <p class='ocr_par' dir='ltr' id='par_1_50' title="bbox 697 3213 2214 3283">
     <span class='ocr_line' id='line_1_50' title="bbox 697 3213 2214 3283; baseline 0 -17"><span class='ocrx_word' id='word_1_335' title='bbox 697 3215 1060 3276; x_wconf 82' lang='lat' dir='ltr'><strong>consentiunt,</strong></span> <span class='ocrx_word' id='word_1_336' title='bbox 1098 3221 1150 3267; x_wconf 88' lang='lat' dir='ltr'><strong>et</strong></span> <span class='ocrx_word' id='word_1_337' title='bbox 1179 3213 1366 3283; x_wconf 77' lang='lat' dir='ltr'><strong>legem,</strong></span> <span class='ocrx_word' id='word_1_338' title='bbox 1407 3228 1524 3282; x_wconf 74' lang='lat' dir='ltr'><strong>quae</strong></span> <span class='ocrx_word' id='word_1_339' title='bbox 1571 3214 1793 3267; x_wconf 87' lang='lat' dir='ltr'><strong>salutem</strong></span> <span class='ocrx_word' id='word_1_340' title='bbox 1831 3213 2046 3267; x_wconf 89' lang='lat' dir='ltr'><strong>minime</strong></span> <span class='ocrx_word' id='word_1_341' title='bbox 2087 3229 2214 3268; x_wconf 78' lang='lat' dir='ltr'><strong>con-</strong></span> 
     </span>
    </p>
   </div>
   <div class='ocr_carea' id='block_1_51' title="bbox 697 3300 2209 3371">
    <p class='ocr_par' dir='ltr' id='par_1_51' title="bbox 697 3300 2209 3371">
     <span class='ocr_line' id='line_1_51' title="bbox 697 3300 2209 3371; baseline 0.002 -19"><span class='ocrx_word' id='word_1_342' title='bbox 697 3300 821 3366; x_wconf 83' lang='lat' dir='ltr'><strong>l‘crt,</strong></span> <span class='ocrx_word' id='word_1_343' title='bbox 853 3303 1008 3371; x_wconf 81' lang='lat' dir='ltr'><strong>quasi</strong></span> <span class='ocrx_word' id='word_1_344' title='bbox 1039 3301 1397 3357; x_wconf 80' lang='lat' dir='ltr'><strong>conferentem</strong></span> <span class='ocrx_word' id='word_1_345' title='bbox 1421 3303 1725 3357; x_wconf 85' lang='lat' dir='ltr'><strong>observant.</strong></span> <span class='ocrx_word' id='word_1_346' title='bbox 1761 3302 1882 3357; x_wconf 83' lang='lat' dir='ltr'><strong>Sive</strong></span> <span class='ocrx_word' id='word_1_347' title='bbox 1904 3304 2004 3357; x_wconf 90' lang='lat' dir='ltr'><strong>hoc</strong></span> <span class='ocrx_word' id='word_1_348' title='bbox 2024 3303 2209 3359; x_wconf 89' lang='lat' dir='ltr'><strong>modo:</strong></span> 
     </span>
    </p>
   </div>
   <div class='ocr_carea' id='block_1_52' title="bbox 697 3392 2213 3465">
    <p class='ocr_par' dir='ltr' id='par_1_52' title="bbox 697 3392 2213 3465">
     <span class='ocr_line' id='line_1_52' title="bbox 697 3392 2213 3465; baseline 0.001 -21"><span class='ocrx_word' id='word_1_349' title='bbox 697 3392 820 3459; x_wconf 70' lang='lat' dir='ltr'><strong>quia</strong></span> <span class='ocrx_word' id='word_1_350' title='bbox 843 3392 1168 3447; x_wconf 83' lang='lat' dir='ltr'><strong>arbitramur</strong></span> <span class='ocrx_word' id='word_1_351' title='bbox 1201 3393 1505 3465; x_wconf 87' lang='lat' dir='ltr'><strong>impositum</strong></span> <span class='ocrx_word' id='word_1_352' title='bbox 1551 3393 1706 3447; x_wconf 91' lang='lat' dir='ltr'><strong>nobis</strong></span> <span class='ocrx_word' id='word_1_353' title='bbox 1755 3407 1891 3446; x_wconf 89' lang='lat' dir='ltr'><strong>onus</strong></span> <span class='ocrx_word' id='word_1_354' title='bbox 1918 3392 2046 3446; x_wconf 92' lang='lat' dir='ltr'><strong>illud</strong></span> <span class='ocrx_word' id='word_1_355' title='bbox 2075 3407 2213 3458; x_wconf 88' lang='lat' dir='ltr'><strong>esse,</strong></span> 
     </span>
    </p>
   </div>
   <div class='ocr_carea' id='block_1_53' title="bbox 691 3480 2215 3557">
    <p class='ocr_par' dir='ltr' id='par_1_53' title="bbox 691 3480 2215 3557">
     <span class='ocr_line' id='line_1_53' title="bbox 691 3480 2215 3557; baseline -0.001 -23"><span class='ocrx_word' id='word_1_356' title='bbox 691 3481 877 3549; x_wconf 64' lang='lat' dir='ltr'><strong>jugvm</strong></span> <span class='ocrx_word' id='word_1_357' title='bbox 900 3481 1136 3557; x_wconf 85' lang='lat' dir='ltr'><strong>ipsorum</strong></span> <span class='ocrx_word' id='word_1_358' title='bbox 1169 3481 1531 3548; x_wconf 83' lang='lat' dir='ltr'><strong>projiciamus.</strong></span> <span class='ocrx_word' id='word_1_359' title='bbox 1557 3480 1706 3534; x_wconf 89' lang='lat' dir='ltr'><strong>liunc</strong></span> <span class='ocrx_word' id='word_1_360' title='bbox 1729 3483 1868 3535; x_wconf 90' lang='lat' dir='ltr'><strong>enim</strong></span> <span class='ocrx_word' id='word_1_361' title='bbox 1891 3481 2135 3535; x_wconf 80' lang='lat' dir='ltr'><strong>aﬂ‘ectum</strong></span> <span class='ocrx_word' id='word_1_362' title='bbox 2162 3482 2215 3534; x_wconf 88' lang='lat' dir='ltr'><strong>in</strong></span> 
     </span>
    </p>
   </div>
   <div class='ocr_carea' id='block_1_54' title="bbox 695 3567 2218 3639">
    <p class='ocr_par' dir='ltr' id='par_1_54' title="bbox 695 3567 2218 3639">
     <span class='ocr_line' id='line_1_54' title="bbox 695 3567 2218 3639; baseline 0.002 -19"><span class='ocrx_word' id='word_1_363' title='bbox 695 3568 910 3621; x_wconf 85' lang='lat' dir='ltr'><strong>Christo</strong></span> <span class='ocrx_word' id='word_1_364' title='bbox 937 3583 1056 3622; x_wconf 87' lang='lat' dir='ltr'><strong>esse</strong></span> <span class='ocrx_word' id='word_1_365' title='bbox 1091 3567 1353 3627; x_wconf 81' lang='lat' dir='ltr'><strong>aliirmare</strong></span> <span class='ocrx_word' id='word_1_366' title='bbox 1376 3568 1655 3632; x_wconf 86' lang='lat' dir='ltr'><strong>audemus,</strong></span> <span class='ocrx_word' id='word_1_367' title='bbox 1686 3569 1755 3622; x_wconf 86' lang='lat' dir='ltr'><strong>ob</strong></span> <span class='ocrx_word' id='word_1_368' title='bbox 1783 3570 1950 3637; x_wconf 90' lang='lat' dir='ltr'><strong>ipsius</strong></span> <span class='ocrx_word' id='word_1_369' title='bbox 1972 3584 2095 3639; x_wconf 81' lang='lat' dir='ltr'><strong>erga</strong></span> <span class='ocrx_word' id='word_1_370' title='bbox 2125 3584 2218 3623; x_wconf 89' lang='lat' dir='ltr'><strong>eos</strong></span> 
     </span>
    </p>
   </div>
   <div class='ocr_carea' id='block_1_55' title="bbox 696 3656 2219 3726">
    <p class='ocr_par' dir='ltr' id='par_1_55' title="bbox 696 3656 2219 3726">
     <span class='ocr_line' id='line_1_55' title="bbox 696 3656 2219 3726; baseline 0.002 -18"><span class='ocrx_word' id='word_1_371' title='bbox 696 3658 786 3725; x_wconf 68' lang='lat' dir='ltr'><strong>qui</strong></span> <span class='ocrx_word' id='word_1_372' title='bbox 815 3657 943 3725; x_wconf 77' lang='lat' dir='ltr'><strong>jugo</strong></span> <span class='ocrx_word' id='word_1_373' title='bbox 965 3657 1340 3724; x_wconf 88' lang='lat' dir='ltr'><strong>opprimuntur</strong></span> <span class='ocrx_word' id='word_1_374' title='bbox 1363 3656 1674 3710; x_wconf 86' lang='lat' dir='ltr'><strong>charitatem</strong></span> <span class='ocrx_word' id='word_1_375' title='bbox 1699 3675 1714 3724; x_wconf 84' lang='lat'><strong>;</strong></span> <span class='ocrx_word' id='word_1_376' title='bbox 1741 3659 1912 3726; x_wconf 87' lang='lat' dir='ltr'><strong>qualis</strong></span> <span class='ocrx_word' id='word_1_377' title='bbox 1935 3661 2093 3711; x_wconf 88' lang='lat' dir='ltr'><strong>etiam</strong></span> <span class='ocrx_word' id='word_1_378' title='bbox 2124 3659 2219 3711; x_wconf 87' lang='lat' dir='ltr'><strong>ha-</strong></span> 
     </span>
    </p>
   </div>
   <div class='ocr_carea' id='block_1_56' title="bbox 703 3745 2217 3817">
    <p class='ocr_par' dir='ltr' id='par_1_56' title="bbox 703 3745 2217 3817">
     <span class='ocr_line' id='line_1_56' title="bbox 703 3745 2217 3817; baseline 0.001 -18"><span class='ocrx_word' id='word_1_379' title='bbox 703 3749 859 3800; x_wconf 73' lang='lat' dir='ltr'><strong>betur</strong></span> <span class='ocrx_word' id='word_1_380' title='bbox 914 3746 969 3800; x_wconf 89' lang='lat' dir='ltr'><strong>in</strong></span> <span class='ocrx_word' id='word_1_381' title='bbox 1020 3745 1267 3800; x_wconf 89' lang='lat' dir='ltr'><strong>omnibus</strong></span> <span class='ocrx_word' id='word_1_382' title='bbox 1321 3746 1684 3800; x_wconf 74' lang='lat' dir='ltr'><strong>misericordia:</strong></span> <span class='ocrx_word' id='word_1_383' title='bbox 1722 3749 1863 3814; x_wconf 82' lang='lat' dir='ltr'><strong>viris,</strong></span> <span class='ocrx_word' id='word_1_384' title='bbox 1911 3749 2001 3817; x_wconf 91' lang='lat' dir='ltr'><strong>qui</strong></span> <span class='ocrx_word' id='word_1_385' title='bbox 2047 3750 2217 3803; x_wconf 86' lang='lat' dir='ltr'><strong>aliena</strong></span> 
     </span>
    </p>
   </div>
   <div class='ocr_carea' id='block_1_57' title="bbox 700 3842 1427 3910">
    <p class='ocr_par' dir='ltr' id='par_1_57' title="bbox 700 3842 1427 3910">
     <span class='ocr_line' id='line_1_57' title="bbox 700 3842 1427 3910; baseline 0.004 -22"><span class='ocrx_word' id='word_1_386' title='bbox 700 3843 914 3909; x_wconf 81' lang='lat' dir='ltr'><strong>peccata</strong></span> <span class='ocrx_word' id='word_1_387' title='bbox 946 3844 1004 3888; x_wconf 89' lang='lat' dir='ltr'><strong>ut</strong></span> <span class='ocrx_word' id='word_1_388' title='bbox 1030 3851 1126 3889; x_wconf 86' lang='lat' dir='ltr'><strong>sua</strong></span> <span class='ocrx_word' id='word_1_389' title='bbox 1158 3842 1427 3910; x_wconf 83' lang='lat' dir='ltr'><strong>reputant.</strong></span> 
     </span>
    </p>
   </div>
   <div class='ocr_carea' id='block_1_58' title="bbox 773 3921 2218 3992">
    <p class='ocr_par' dir='ltr' id='par_1_58' title="bbox 773 3921 2218 3992">
     <span class='ocr_line' id='line_1_58' title="bbox 773 3921 2218 3992; baseline 0.005 -20"><span class='ocrx_word' id='word_1_390' title='bbox 773 3921 935 3977; x_wconf 75' lang='lat' dir='ltr'><strong>Vens.</strong></span> <span class='ocrx_word' id='word_1_391' title='bbox 973 3923 1026 3976; x_wconf 77' lang='grc'><strong>4.</strong></span> <span class='ocrx_word' id='word_1_392' title='bbox 1066 3921 1187 3976; x_wconf 83' lang='lat' dir='ltr'><strong>Haec</strong></span> <span class='ocrx_word' id='word_1_393' title='bbox 1217 3922 1282 3976; x_wconf 89' lang='lat' dir='ltr'><strong>de</strong></span> <span class='ocrx_word' id='word_1_394' title='bbox 1313 3921 1616 3976; x_wconf 88' lang='lat' dir='ltr'><strong>hominibus</strong></span> <span class='ocrx_word' id='word_1_395' title='bbox 1649 3923 1758 3977; x_wconf 87' lang='lat' dir='ltr'><strong>sive</strong></span> <span class='ocrx_word' id='word_1_396' title='bbox 1780 3924 2083 3992; x_wconf 88' lang='lat' dir='ltr'><strong>gentilibus,</strong></span> <span class='ocrx_word' id='word_1_397' title='bbox 2109 3926 2218 3979; x_wconf 80' lang='lat' dir='ltr'><strong>sive</strong></span> 
     </span>
    </p>
   </div>
   <div class='ocr_carea' id='block_1_59' title="bbox 697 4009 2220 4080">
    <p class='ocr_par' dir='ltr' id='par_1_59' title="bbox 697 4009 2220 4080">
     <span class='ocr_line' id='line_1_59' title="bbox 697 4009 2220 4080; baseline 0.001 -14"><span class='ocrx_word' id='word_1_398' title='bbox 697 4011 893 4067; x_wconf 65' lang='lat' dir='ltr'><strong>indicis</strong></span> <span class='ocrx_word' id='word_1_399' title='bbox 932 4012 1069 4066; x_wconf 91' lang='lat' dir='ltr'><strong>dicta</strong></span> <span class='ocrx_word' id='word_1_400' title='bbox 1115 4013 1240 4066; x_wconf 89' lang='lat' dir='ltr'><strong>sint.</strong></span> <span class='ocrx_word' id='word_1_401' title='bbox 1288 4009 1401 4066; x_wconf 86' lang='lat' dir='ltr'><strong>Jam</strong></span> <span class='ocrx_word' id='word_1_402' title='bbox 1443 4026 1566 4066; x_wconf 87' lang='lat' dir='ltr'><strong>vero</strong></span> <span class='ocrx_word' id='word_1_403' title='bbox 1613 4011 1762 4075; x_wconf 89' lang='lat' dir='ltr'><strong>illud,</strong></span> <span class='ocrx_word' id='word_1_404' title='bbox 1804 4013 1892 4080; x_wconf 86' lang='lat' dir='ltr'><strong>qui</strong></span> <span class='ocrx_word' id='word_1_405' title='bbox 1931 4013 2126 4066; x_wconf 80' lang='lat' dir='ltr'><strong>habitat</strong></span> <span class='ocrx_word' id='word_1_406' title='bbox 2167 4016 2220 4068; x_wconf 84' lang='lat' dir='ltr'><strong>in</strong></span> 
     </span>
    </p>
   </div>
   <div class='ocr_carea' id='block_1_60' title="bbox 699 4100 2219 4178">
    <p class='ocr_par' dir='ltr' id='par_1_60' title="bbox 699 4100 2219 4178">
     <span class='ocr_line' id='line_1_60' title="bbox 699 4100 2219 4178; baseline 0.001 -24"><span class='ocrx_word' id='word_1_407' title='bbox 699 4102 837 4154; x_wconf 72' lang='lat' dir='ltr'><strong>caelis</strong></span> <span class='ocrx_word' id='word_1_408' title='bbox 883 4101 1135 4166; x_wconf 82' lang='lat' dir='ltr'><strong>irridebit,</strong></span> <span class='ocrx_word' id='word_1_409' title='bbox 1180 4115 1300 4154; x_wconf 92' lang='lat' dir='ltr'><strong>cum</strong></span> <span class='ocrx_word' id='word_1_410' title='bbox 1365 4100 1466 4154; x_wconf 89' lang='lat' dir='ltr'><strong>hoc</strong></span> <span class='ocrx_word' id='word_1_411' title='bbox 1515 4101 1900 4178; x_wconf 86' lang='lat' dir='ltr'><strong>c0pulandum,</strong></span> <span class='ocrx_word' id='word_1_412' title='bbox 1951 4105 2219 4156; x_wconf 81' lang='lat' dir='ltr'><strong>astiterunt</strong></span> 
     </span>
    </p>
   </div>
   <div class='ocr_carea' id='block_1_61' title="bbox 701 4190 2220 4262">
    <p class='ocr_par' dir='ltr' id='par_1_61' title="bbox 701 4190 2220 4262">
     <span class='ocr_line' id='line_1_61' title="bbox 701 4190 2220 4262; baseline 0.001 -15"><span class='ocrx_word' id='word_1_413' title='bbox 701 4209 837 4262; x_wconf 70' lang='lat' dir='ltr'><strong>rcges</strong></span> <span class='ocrx_word' id='word_1_414' title='bbox 867 4203 1035 4255; x_wconf 67' lang='lat' dir='ltr'><strong>terrae,</strong></span> <span class='ocrx_word' id='word_1_415' title='bbox 1068 4207 1200 4261; x_wconf 89' lang='lat' dir='ltr'><strong>quos</strong></span> <span class='ocrx_word' id='word_1_416' title='bbox 1237 4190 1475 4244; x_wconf 90' lang='lat' dir='ltr'><strong>irridebit</strong></span> <span class='ocrx_word' id='word_1_417' title='bbox 1498 4191 1636 4244; x_wconf 88' lang='lat' dir='ltr'><strong>Deus</strong></span> <span class='ocrx_word' id='word_1_418' title='bbox 1665 4193 1755 4260; x_wconf 91' lang='lat' dir='ltr'><strong>qui</strong></span> <span class='ocrx_word' id='word_1_419' title='bbox 1793 4193 1993 4244; x_wconf 85' lang='lat' dir='ltr'><strong>habitat</strong></span> <span class='ocrx_word' id='word_1_420' title='bbox 2024 4193 2074 4247; x_wconf 90' lang='lat' dir='ltr'><strong>in</strong></span> <span class='ocrx_word' id='word_1_421' title='bbox 2108 4209 2220 4247; x_wconf 78' lang='lat' dir='ltr'><strong>cm-</strong></span> 
     </span>
    </p>
   </div>
   <div class='ocr_carea' id='block_1_62' title="bbox 700 4280 2220 4350">
    <p class='ocr_par' dir='ltr' id='par_1_62' title="bbox 700 4280 2220 4350">
     <span class='ocr_line' id='line_1_62' title="bbox 700 4280 2220 4350; baseline 0.001 -17"><span class='ocrx_word' id='word_1_422' title='bbox 700 4281 788 4344; x_wconf 91' lang='lat' dir='ltr'><strong>lis,</strong></span> <span class='ocrx_word' id='word_1_423' title='bbox 836 4289 1016 4350; x_wconf 88' lang='lat' dir='ltr'><strong>utpote</strong></span> <span class='ocrx_word' id='word_1_424' title='bbox 1062 4289 1271 4335; x_wconf 88' lang='lat' dir='ltr'><strong>terrena</strong></span> <span class='ocrx_word' id='word_1_425' title='bbox 1321 4285 1497 4334; x_wconf 90' lang='lat' dir='ltr'><strong>mente</strong></span> <span class='ocrx_word' id='word_1_426' title='bbox 1547 4280 1814 4348; x_wconf 69' lang='lat' dir='ltr'><strong>praeditos.</strong></span> <span class='ocrx_word' id='word_1_427' title='bbox 1862 4281 2039 4348; x_wconf 73' lang='lat' dir='ltr'><strong>Neque</strong></span> <span class='ocrx_word' id='word_1_428' title='bbox 2079 4284 2220 4335; x_wconf 89' lang='lat' dir='ltr'><strong>enim</strong></span> 
     </span>
    </p>
   </div>
   <div class='ocr_carea' id='block_1_63' title="bbox 2306 1871 3506 1944">
    <p class='ocr_par' dir='ltr' id='par_1_63' title="bbox 2306 1871 3506 1944">
     <span class='ocr_line' id='line_1_63' title="bbox 2306 1871 3506 1944; baseline -0.003 -20"><span class='ocrx_word' id='word_1_429' title='bbox 2306 1874 2400 1944; x_wconf 81' lang='grc' dir='ltr'><strong>τὴν</strong></span> <span class='ocrx_word' id='word_1_430' title='bbox 2420 1872 2689 1942; x_wconf 77' lang='grc' dir='ltr'>διάρρηξιν</span> <span class='ocrx_word' id='word_1_431' title='bbox 2711 1873 2902 1935; x_wconf 78' lang='grc' dir='ltr'>αὐτῶν,</span> <span class='ocrx_word' id='word_1_432' title='bbox 2918 1872 2994 1923; x_wconf 75' lang='grc' dir='ltr'><strong>τόο</strong></span> <span class='ocrx_word' id='word_1_433' title='bbox 3010 1871 3388 1939; x_wconf 76' lang='grc' dir='ltr'><strong>Διαῤῥήξωμεν</strong></span> <span class='ocrx_word' id='word_1_434' title='bbox 3405 1871 3506 1923; x_wconf 81' lang='grc' dir='ltr'>τοὺ.</span> 
     </span>
    </p>
   </div>
   <div class='ocr_carea' id='block_1_64' title="bbox 2307 1958 3506 2029">
    <p class='ocr_par' dir='ltr' id='par_1_64' title="bbox 2307 1958 3506 2029">
     <span class='ocr_line' id='line_1_64' title="bbox 2307 1958 3506 2029; baseline -0.002 -15"><span class='ocrx_word' id='word_1_435' title='bbox 2307 1962 2516 2014; x_wconf 81' lang='grc' dir='ltr'>αὐτῶν.</span> <span class='ocrx_word' id='word_1_436' title='bbox 2553 1964 2612 2014; x_wconf 82' lang='lat' dir='ltr'><strong>Oi</strong></span> <span class='ocrx_word' id='word_1_437' title='bbox 2653 1961 2706 2012; x_wconf 83' lang='grc' dir='ltr'>δὲ</span> <span class='ocrx_word' id='word_1_438' title='bbox 2751 1961 2884 2024; x_wconf 68' lang='grc' dir='ltr'>λαοὶ,</span> <span class='ocrx_word' id='word_1_439' title='bbox 2932 1960 3035 2012; x_wconf 78' lang='grc' dir='ltr'><strong>ὑπὸ</strong></span> <span class='ocrx_word' id='word_1_440' title='bbox 3074 1962 3158 2013; x_wconf 84' lang='grc' dir='ltr'><strong>τὸν</strong></span> <span class='ocrx_word' id='word_1_441' title='bbox 3201 1958 3348 2028; x_wconf 74' lang='grc' dir='ltr'>ζυγὸν</span> <span class='ocrx_word' id='word_1_442' title='bbox 3378 1977 3506 2029; x_wconf 63' lang='lat' dir='ltr'><strong>amp:</strong></span> 
     </span>
    </p>
   </div>
   <div class='ocr_carea' id='block_1_65' title="bbox 2308 2046 3510 2121">
    <p class='ocr_par' dir='ltr' id='par_1_65' title="bbox 2308 2046 3510 2121">
     <span class='ocr_line' id='line_1_65' title="bbox 2308 2046 3510 2121; baseline -0.003 -16"><span class='ocrx_word' id='word_1_443' title='bbox 2308 2053 2467 2121; x_wconf 76' lang='grc' dir='ltr'>νόμου</span> <span class='ocrx_word' id='word_1_444' title='bbox 2520 2051 2887 2119; x_wconf 80' lang='grc' dir='ltr'><strong>τυγχάνοντες,</strong></span> <span class='ocrx_word' id='word_1_445' title='bbox 2941 2046 3000 2104; x_wconf 75' lang='grc' dir='ltr'>οὗ</span> <span class='ocrx_word' id='word_1_446' title='bbox 3054 2051 3277 2103; x_wconf 84' lang='grc' dir='ltr'>διδάσκει</span> <span class='ocrx_word' id='word_1_447' title='bbox 3328 2067 3510 2118; x_wconf 68' lang='grc' dir='ltr'>καταφ(</span> 
     </span>
    </p>
   </div>
   <div class='ocr_carea' id='block_1_66' title="bbox 2310 2137 3502 2210">
    <p class='ocr_par' dir='ltr' id='par_1_66' title="bbox 2310 2137 3502 2210">
     <span class='ocr_line' id='line_1_66' title="bbox 2310 2137 3502 2210; baseline -0.003 -17"><span class='ocrx_word' id='word_1_448' title='bbox 2310 2141 2643 2210; x_wconf 82' lang='grc' dir='ltr'>περιέχοντος</span> <span class='ocrx_word' id='word_1_449' title='bbox 2673 2137 3005 2209; x_wconf 84' lang='grc' dir='ltr'>δικαιώματα</span> <span class='ocrx_word' id='word_1_450' title='bbox 3047 2140 3105 2190; x_wconf 78' lang='grc' dir='ltr'><strong>οὐ</strong></span> <span class='ocrx_word' id='word_1_451' title='bbox 3130 2139 3283 2204; x_wconf 80' lang='grc' dir='ltr'>καλὰ,</span> <span class='ocrx_word' id='word_1_452' title='bbox 3309 2141 3398 2192; x_wconf 59' lang='grc' dir='ltr'><strong>καὶ⁸</strong></span> <span class='ocrx_word' id='word_1_453' title='bbox 3431 2157 3502 2209; x_wconf 85' lang='grc' dir='ltr'><strong>πρ</strong></span> 
     </span>
    </p>
   </div>
   <div class='ocr_carea' id='block_1_67' title="bbox 2309 2229 3509 2301">
    <p class='ocr_par' dir='ltr' id='par_1_67' title="bbox 2309 2229 3509 2301">
     <span class='ocr_line' id='line_1_67' title="bbox 2309 2229 3509 2301; baseline -0.001 -18"><span class='ocrx_word' id='word_1_454' title='bbox 2309 2232 2365 2283; x_wconf 87' lang='grc' dir='ltr'><strong>οὑ</strong></span> <span class='ocrx_word' id='word_1_455' title='bbox 2397 2231 2549 2294; x_wconf 80' lang='grc' dir='ltr'>καλὰ,</span> <span class='ocrx_word' id='word_1_456' title='bbox 2586 2232 2969 2301; x_wconf 83' lang='grc' dir='ltr'>προσαγόμενοι</span> <span class='ocrx_word' id='word_1_457' title='bbox 2994 2231 3080 2282; x_wconf 83' lang='grc' dir='ltr'><strong>διὰ</strong></span> <span class='ocrx_word' id='word_1_458' title='bbox 3103 2229 3193 2282; x_wconf 80' lang='grc' dir='ltr'>τοῦ</span> <span class='ocrx_word' id='word_1_459' title='bbox 3224 2229 3449 2299; x_wconf 79' lang='grc' dir='ltr'>Χριστοῦ</span> <span class='ocrx_word' id='word_1_460' title='bbox 3478 2248 3509 2281; x_wconf 89' lang='grc' dir='ltr'><strong>τ</strong></span> 
     </span>
    </p>
   </div>
   <div class='ocr_carea' id='block_1_68' title="bbox 2309 2319 3506 2391">
    <p class='ocr_par' dir='ltr' id='par_1_68' title="bbox 2309 2319 3506 2391">
     <span class='ocr_line' id='line_1_68' title="bbox 2309 2319 3506 2391; baseline -0.003 -17"><span class='ocrx_word' id='word_1_461' title='bbox 2309 2322 2442 2391; x_wconf 83' lang='grc' dir='ltr'>τικῷ</span> <span class='ocrx_word' id='word_1_462' title='bbox 2470 2323 2613 2391; x_wconf 81' lang='grc' dir='ltr'>νόμῳ</span> <span class='ocrx_word' id='word_1_463' title='bbox 2652 2322 2820 2389; x_wconf 73' lang='grc' dir='ltr'>ἔχοντι</span> <span class='ocrx_word' id='word_1_464' title='bbox 2860 2319 2925 2372; x_wconf 87' lang='grc' dir='ltr'><strong>τά</strong></span> <span class='ocrx_word' id='word_1_465' title='bbox 2955 2320 3093 2372; x_wconf 84' lang='grc' dir='ltr'><strong>καλά</strong></span> <span class='ocrx_word' id='word_1_466' title='bbox 3120 2319 3446 2389; x_wconf 83' lang='grc' dir='ltr'>δικαιώματα</span> <span class='ocrx_word' id='word_1_467' title='bbox 3480 2337 3506 2370; x_wconf 71' lang='grc' dir='ltr'><strong>ν</strong></span> 
     </span>
    </p>
   </div>
   <div class='ocr_carea' id='block_1_69' title="bbox 2310 2409 3512 2480">
    <p class='ocr_par' dir='ltr' id='par_1_69' title="bbox 2310 2409 3512 2480">
     <span class='ocr_line' id='line_1_69' title="bbox 2310 2409 3512 2480; baseline -0.003 -18"><span class='ocrx_word' id='word_1_468' title='bbox 2310 2427 2488 2480; x_wconf 78' lang='grc' dir='ltr'>γματα</span> <span class='ocrx_word' id='word_1_469' title='bbox 2513 2411 2668 2471; x_wconf 79' lang='grc' dir='ltr'>καλὰ,</span> <span class='ocrx_word' id='word_1_470' title='bbox 2697 2409 3036 2462; x_wconf 78' lang='grc' dir='ltr'>ἀποτίθενται</span> <span class='ocrx_word' id='word_1_471' title='bbox 3067 2409 3155 2460; x_wconf 76' lang='grc' dir='ltr'>τὸν</span> <span class='ocrx_word' id='word_1_472' title='bbox 3190 2409 3354 2479; x_wconf 76' lang='grc' dir='ltr'>βαρὺν</span> <span class='ocrx_word' id='word_1_473' title='bbox 3384 2409 3475 2461; x_wconf 79' lang='grc' dir='ltr'>τοῦ</span> <span class='ocrx_word' id='word_1_474' title='bbox 3505 2432 3512 2457; x_wconf 69' lang='grc' dir='ltr'><em>ε</em></span> 
     </span>
    </p>
   </div>
   <div class='ocr_carea' id='block_1_70' title="bbox 2309 2499 3510 2571">
    <p class='ocr_par' dir='ltr' id='par_1_70' title="bbox 2309 2499 3510 2571">
     <span class='ocr_line' id='line_1_70' title="bbox 2309 2499 3510 2571; baseline -0.001 -19"><span class='ocrx_word' id='word_1_475' title='bbox 2309 2518 2397 2563; x_wconf 79' lang='grc' dir='ltr'><strong>τος</strong></span> <span class='ocrx_word' id='word_1_476' title='bbox 2427 2501 2736 2571; x_wconf 80' lang='grc' dir='ltr'>γράμματος</span> <span class='ocrx_word' id='word_1_477' title='bbox 2762 2501 2937 2566; x_wconf 78' lang='grc' dir='ltr'>ζυγὸν,</span> <span class='ocrx_word' id='word_1_478' title='bbox 2970 2499 3068 2551; x_wconf 80' lang='grc' dir='ltr'>τοῦ</span> <span class='ocrx_word' id='word_1_479' title='bbox 3110 2500 3356 2571; x_wconf 73' lang='grc' dir='ltr'>Σωτῆρος</span> <span class='ocrx_word' id='word_1_480' title='bbox 3387 2500 3510 2568; x_wconf 57' lang='lat' dir='ltr'><strong>cpia:</strong></span> 
     </span>
    </p>
   </div>
   <div class='ocr_carea' id='block_1_71' title="bbox 2309 2588 3514 2658">
    <p class='ocr_par' dir='ltr' id='par_1_71' title="bbox 2309 2588 3514 2658">
     <span class='ocr_line' id='line_1_71' title="bbox 2309 2588 3514 2658; baseline -0.002 -17"><span class='ocrx_word' id='word_1_481' title='bbox 2309 2591 2432 2651; x_wconf 71' lang='grc' dir='ltr'>τοὺς</span> <span class='ocrx_word' id='word_1_482' title='bbox 2487 2588 2902 2657; x_wconf 81' lang='grc' dir='ltr'>προειρημένους</span> <span class='ocrx_word' id='word_1_483' title='bbox 2948 2589 3249 2658; x_wconf 74' lang='grc' dir='ltr'>συνεργοὺς</span> <span class='ocrx_word' id='word_1_484' title='bbox 3289 2588 3369 2650; x_wconf 85' lang='grc' dir='ltr'><strong>τὸ,</strong></span> <span class='ocrx_word' id='word_1_485' title='bbox 3429 2589 3514 2641; x_wconf 74' lang='lat' dir='ltr'><strong>‘Aa</strong></span> 
     </span>
    </p>
   </div>
   <div class='ocr_carea' id='block_1_72' title="bbox 2310 2676 3489 2746">
    <p class='ocr_par' dir='ltr' id='par_1_72' title="bbox 2310 2676 3489 2746">
     <span class='ocr_line' id='line_1_72' title="bbox 2310 2676 3489 2746; baseline -0.003 -15"><span class='ocrx_word' id='word_1_486' title='bbox 2310 2680 2406 2745; x_wconf 61' lang='grc' dir='ltr'><strong>ἀφ’</strong></span> <span class='ocrx_word' id='word_1_487' title='bbox 2452 2677 2614 2746; x_wconf 66' lang='grc' dir='ltr'><strong>ἡμῶν</strong></span> <span class='ocrx_word' id='word_1_488' title='bbox 2660 2677 2761 2728; x_wconf 79' lang='grc' dir='ltr'><strong>τὸν</strong></span> <span class='ocrx_word' id='word_1_489' title='bbox 2805 2676 2977 2744; x_wconf 71' lang='grc' dir='ltr'>ζυγὸν</span> <span class='ocrx_word' id='word_1_490' title='bbox 3025 2677 3244 2733; x_wconf 75' lang='grc' dir='ltr'><strong>αὐτῶν.</strong></span> <span class='ocrx_word' id='word_1_491' title='bbox 3297 2677 3368 2728; x_wconf 83' lang='grc' dir='ltr'><strong>Τὸ</strong></span> <span class='ocrx_word' id='word_1_492' title='bbox 3416 2677 3489 2739; x_wconf 83' lang='grc' dir='ltr'>δὲ,</span> 
     </span>
    </p>
   </div>
   <div class='ocr_carea' id='block_1_73' title="bbox 2310 2762 3506 2835">
    <p class='ocr_par' dir='ltr' id='par_1_73' title="bbox 2310 2762 3506 2835">
     <span class='ocr_line' id='line_1_73' title="bbox 2310 2762 3506 2835; baseline -0.002 -15"><span class='ocrx_word' id='word_1_493' title='bbox 2310 2768 2522 2820; x_wconf 83' lang='grc' dir='ltr'>δύναται</span> <span class='ocrx_word' id='word_1_494' title='bbox 2553 2765 2784 2818; x_wconf 76' lang='grc' dir='ltr'>τοιοῦτον</span> <span class='ocrx_word' id='word_1_495' title='bbox 2813 2762 2972 2818; x_wconf 79' lang='grc' dir='ltr'>εἶναι·</span> <span class='ocrx_word' id='word_1_496' title='bbox 3030 2767 3148 2835; x_wconf 79' lang='grc' dir='ltr'><strong>Ἀφ’</strong></span> <span class='ocrx_word' id='word_1_497' title='bbox 3191 2767 3400 2820; x_wconf 78' lang='grc' dir='ltr'>ἑαυτῶν</span> <span class='ocrx_word' id='word_1_498' title='bbox 3434 2785 3506 2818; x_wconf 91' lang='grc' dir='ltr'><strong>πο</strong></span> 
     </span>
    </p>
   </div>
   <div class='ocr_carea' id='block_1_74' title="bbox 2313 2854 3510 2924">
    <p class='ocr_par' dir='ltr' id='par_1_74' title="bbox 2313 2854 3510 2924">
     <span class='ocr_line' id='line_1_74' title="bbox 2313 2854 3510 2924; baseline 0.005 -22"><span class='ocrx_word' id='word_1_499' title='bbox 2313 2856 2713 2924; x_wconf 77' lang='grc' dir='ltr'>περιμείναντες</span> <span class='ocrx_word' id='word_1_500' title='bbox 2753 2854 2848 2923; x_wconf 76' lang='grc' dir='ltr'><strong>τὴν</strong></span> <span class='ocrx_word' id='word_1_501' title='bbox 2877 2854 3061 2923; x_wconf 77' lang='grc' dir='ltr'>δέησιν</span> <span class='ocrx_word' id='word_1_502' title='bbox 3085 2855 3196 2906; x_wconf 85' lang='grc' dir='ltr'><strong>τῶν</strong></span> <span class='ocrx_word' id='word_1_503' title='bbox 3240 2855 3510 2924; x_wconf 77' lang='grc' dir='ltr'>βαρουμέν</span> 
     </span>
    </p>
   </div>
   <div class='ocr_carea' id='block_1_75' title="bbox 2312 2940 3483 3009">
    <p class='ocr_par' dir='ltr' id='par_1_75' title="bbox 2312 2940 3483 3009">
     <span class='ocr_line' id='line_1_75' title="bbox 2312 2940 3483 3009; baseline 0 -13"><span class='ocrx_word' id='word_1_504' title='bbox 2312 2945 2366 2996; x_wconf 79' lang='grc' dir='ltr'>δὲ</span> <span class='ocrx_word' id='word_1_505' title='bbox 2395 2943 2473 3005; x_wconf 83' lang='grc' dir='ltr'><strong>τὸ,</strong></span> <span class='ocrx_word' id='word_1_506' title='bbox 2503 2944 2601 3008; x_wconf 59' lang='grc' dir='ltr'><strong>ἀφ’</strong></span> <span class='ocrx_word' id='word_1_507' title='bbox 2637 2940 2818 3009; x_wconf 75' lang='grc' dir='ltr'>ἡμῶν,</span> <span class='ocrx_word' id='word_1_508' title='bbox 2868 2943 2962 2993; x_wconf 77' lang='grc' dir='ltr'><strong>καὶ</strong></span> <span class='ocrx_word' id='word_1_509' title='bbox 3005 2943 3152 2994; x_wconf 77' lang='grc' dir='ltr'>οὓτω</span> <span class='ocrx_word' id='word_1_510' title='bbox 3204 2944 3483 2997; x_wconf 74' lang='grc' dir='ltr'>νοεῖσθαι·</span> 
     </span>
    </p>
   </div>
   <div class='ocr_carea' id='block_1_76' title="bbox 2313 3030 3507 3102">
    <p class='ocr_par' dir='ltr' id='par_1_76' title="bbox 2313 3030 3507 3102">
     <span class='ocr_line' id='line_1_76' title="bbox 2313 3030 3507 3102; baseline 0.004 -19"><span class='ocrx_word' id='word_1_511' title='bbox 2313 3036 2419 3094; x_wconf 85' lang='grc' dir='ltr'>τοῖς</span> <span class='ocrx_word' id='word_1_512' title='bbox 2462 3032 2602 3094; x_wconf 80' lang='grc' dir='ltr'>λαοῖς</span> <span class='ocrx_word' id='word_1_513' title='bbox 2642 3034 2750 3093; x_wconf 84' lang='grc' dir='ltr'>τοῖς</span> <span class='ocrx_word' id='word_1_514' title='bbox 2795 3030 3062 3100; x_wconf 83' lang='grc' dir='ltr'>μελετῶσι</span> <span class='ocrx_word' id='word_1_515' title='bbox 3101 3032 3171 3086; x_wconf 85' lang='grc' dir='ltr'><strong>τὰ</strong></span> <span class='ocrx_word' id='word_1_516' title='bbox 3221 3032 3358 3087; x_wconf 86' lang='grc' dir='ltr'><strong>κενά</strong></span> <span class='ocrx_word' id='word_1_517' title='bbox 3405 3052 3507 3102; x_wconf 72' lang='grc' dir='ltr'><strong>γεγ</strong></span> 
     </span>
    </p>
   </div>
   <div class='ocr_carea' id='block_1_77' title="bbox 2313 3120 3518 3196">
    <p class='ocr_par' dir='ltr' id='par_1_77' title="bbox 2313 3120 3518 3196">
     <span class='ocr_line' id='line_1_77' title="bbox 2313 3120 3518 3196; baseline 0.001 -21"><span class='ocrx_word' id='word_1_518' title='bbox 2313 3123 2733 3192; x_wconf 66' lang='grc' dir='ltr'>ἀνατρεφόμενος</span> <span class='ocrx_word' id='word_1_519' title='bbox 2757 3121 2861 3172; x_wconf 76' lang='grc' dir='ltr'>ὑπὸ</span> <span class='ocrx_word' id='word_1_520' title='bbox 2888 3120 2986 3172; x_wconf 82' lang='grc' dir='ltr'><strong>τὸν</strong></span> <span class='ocrx_word' id='word_1_521' title='bbox 3035 3122 3208 3190; x_wconf 79' lang='grc' dir='ltr'>ζυγόν</span> <span class='ocrx_word' id='word_1_522' title='bbox 3243 3126 3365 3196; x_wconf 72' lang='grc' dir='ltr'>εἰμι</span> <span class='ocrx_word' id='word_1_523' title='bbox 3399 3125 3518 3178; x_wconf 61' lang='grc' dir='ltr'>αὐτὰ</span> 
     </span>
    </p>
   </div>
   <div class='ocr_carea' id='block_1_78' title="bbox 2312 3209 3518 3277">
    <p class='ocr_par' dir='ltr' id='par_1_78' title="bbox 2312 3209 3518 3277">
     <span class='ocr_line' id='line_1_78' title="bbox 2312 3209 3518 3277; baseline 0.002 -13"><span class='ocrx_word' id='word_1_524' title='bbox 2312 3212 2440 3274; x_wconf 73' lang='grc' dir='ltr'>θεὶς,</span> <span class='ocrx_word' id='word_1_525' title='bbox 2477 3212 2580 3263; x_wconf 76' lang='grc' dir='ltr'><strong>Καὶ</strong></span> <span class='ocrx_word' id='word_1_526' title='bbox 2622 3209 3049 3277; x_wconf 70' lang='grc' dir='ltr'>ἀποῤῥίψωμεν</span> <span class='ocrx_word' id='word_1_527' title='bbox 3097 3211 3307 3265; x_wconf 80' lang='grc' dir='ltr'>αὐτῶν</span> <span class='ocrx_word' id='word_1_528' title='bbox 3342 3213 3454 3266; x_wconf 81' lang='grc' dir='ltr'><strong>τὸν</strong></span> <span class='ocrx_word' id='word_1_529' title='bbox 3498 3213 3518 3272; x_wconf 73' lang='grc' dir='ltr'>ζ</span> 
     </span>
    </p>
   </div>
   <div class='ocr_carea' id='block_1_79' title="bbox 2311 3298 3520 3368">
    <p class='ocr_par' dir='ltr' id='par_1_79' title="bbox 2311 3298 3520 3368">
     <span class='ocr_line' id='line_1_79' title="bbox 2311 3298 3520 3368; baseline -0.001 -15"><span class='ocrx_word' id='word_1_530' title='bbox 2311 3302 2452 3354; x_wconf 78' lang='grc' dir='ltr'>ἐστιν</span> <span class='ocrx_word' id='word_1_531' title='bbox 2479 3301 2568 3352; x_wconf 80' lang='grc' dir='ltr'>ἀπ’</span> <span class='ocrx_word' id='word_1_532' title='bbox 2606 3298 2734 3368; x_wconf 77' lang='grc' dir='ltr'>ἐμοῦ</span> <span class='ocrx_word' id='word_1_533' title='bbox 2767 3298 2860 3350; x_wconf 76' lang='grc' dir='ltr'><strong>καὶ</strong></span> <span class='ocrx_word' id='word_1_534' title='bbox 2906 3299 3028 3351; x_wconf 82' lang='grc' dir='ltr'><strong>ἀπὸ</strong></span> <span class='ocrx_word' id='word_1_535' title='bbox 3070 3300 3188 3353; x_wconf 78' lang='grc' dir='ltr'><strong>τῶν</strong></span> <span class='ocrx_word' id='word_1_536' title='bbox 3241 3318 3520 3368; x_wconf 64' lang='grc' dir='ltr'>συγκαταπ</span> 
     </span>
    </p>
   </div>
   <div class='ocr_carea' id='block_1_80' title="bbox 2312 3386 3517 3460">
    <p class='ocr_par' dir='ltr' id='par_1_80' title="bbox 2312 3386 3517 3460">
     <span class='ocr_line' id='line_1_80' title="bbox 2312 3386 3517 3460; baseline 0.003 -19"><span class='ocrx_word' id='word_1_537' title='bbox 2312 3393 2400 3443; x_wconf 71' lang='grc' dir='ltr'>τὸν</span> <span class='ocrx_word' id='word_1_538' title='bbox 2430 3389 2500 3460; x_wconf 82' lang='grc' dir='ltr'><strong>μὴ</strong></span> <span class='ocrx_word' id='word_1_539' title='bbox 2531 3386 2762 3450; x_wconf 79' lang='grc' dir='ltr'>σώζοντα</span> <span class='ocrx_word' id='word_1_540' title='bbox 2793 3387 2959 3456; x_wconf 84' lang='grc' dir='ltr'>νόμον</span> <span class='ocrx_word' id='word_1_541' title='bbox 3001 3389 3086 3452; x_wconf 84' lang='grc' dir='ltr'>ὡς</span> <span class='ocrx_word' id='word_1_542' title='bbox 3134 3390 3395 3452; x_wconf 76' lang='grc' dir='ltr'>σώζοντα</span> <span class='ocrx_word' id='word_1_543' title='bbox 3439 3394 3517 3444; x_wconf 78' lang='grc' dir='ltr'>ἁσ-</span> 
     </span>
    </p>
   </div>
   <div class='ocr_carea' id='block_1_81' title="bbox 2312 3474 3513 3550">
    <p class='ocr_par' dir='ltr' id='par_1_81' title="bbox 2312 3474 3513 3550">
     <span class='ocr_line' id='line_1_81' title="bbox 2312 3474 3513 3550; baseline 0.002 -18"><span class='ocrx_word' id='word_1_544' title='bbox 2312 3479 2631 3549; x_wconf 77' lang='grc' dir='ltr'>Νομίζοντες</span> <span class='ocrx_word' id='word_1_545' title='bbox 2647 3474 2780 3529; x_wconf 79' lang='grc' dir='ltr'>εἶναι</span> <span class='ocrx_word' id='word_1_546' title='bbox 2797 3476 2966 3544; x_wconf 79' lang='grc' dir='ltr'>βάρος</span> <span class='ocrx_word' id='word_1_547' title='bbox 3000 3479 3382 3550; x_wconf 69' lang='grc' dir='ltr'>ἐπικείμενον</span> <span class='ocrx_word' id='word_1_548' title='bbox 3407 3483 3513 3534; x_wconf 59' lang='grc' dir='ltr'>καὶ</span> 
     </span>
    </p>
   </div>
   <div class='ocr_carea' id='block_1_82' title="bbox 2315 3566 3512 3640">
    <p class='ocr_par' dir='ltr' id='par_1_82' title="bbox 2315 3566 3512 3640">
     <span class='ocr_line' id='line_1_82' title="bbox 2315 3566 3512 3640; baseline 0.004 -20"><span class='ocrx_word' id='word_1_549' title='bbox 2315 3568 2406 3636; x_wconf 75' lang='grc' dir='ltr'><strong>γὺν</strong></span> <span class='ocrx_word' id='word_1_550' title='bbox 2437 3568 2609 3620; x_wconf 83' lang='grc' dir='ltr'>αὐτῶν</span> <span class='ocrx_word' id='word_1_551' title='bbox 2627 3566 2908 3636; x_wconf 73' lang='grc' dir='ltr'>ἀπορρίψω</span> <span class='ocrx_word' id='word_1_552' title='bbox 2916 3583 3048 3636; x_wconf 87' lang='grc' dir='ltr'>μεν.</span> <span class='ocrx_word' id='word_1_553' title='bbox 3068 3570 3412 3640; x_wconf 83' lang='grc' dir='ltr'>Τολμητέον</span> <span class='ocrx_word' id='word_1_554' title='bbox 3431 3574 3512 3640; x_wconf 86' lang='grc' dir='ltr'><strong>γά</strong></span> 
     </span>
    </p>
   </div>
   <div class='ocr_carea' id='block_1_83' title="bbox 2316 3657 3523 3734">
    <p class='ocr_par' dir='ltr' id='par_1_83' title="bbox 2316 3657 3523 3734">
     <span class='ocr_line' id='line_1_83' title="bbox 2316 3657 3523 3734; baseline 0.003 -20"><span class='ocrx_word' id='word_1_555' title='bbox 2316 3659 2448 3714; x_wconf 80' lang='grc' dir='ltr'>εἶναι</span> <span class='ocrx_word' id='word_1_556' title='bbox 2478 3664 2532 3712; x_wconf 79' lang='grc' dir='ltr'>ὲν</span> <span class='ocrx_word' id='word_1_557' title='bbox 2559 3657 2855 3728; x_wconf 80' lang='grc' dir='ltr'>τῴΧριστῷ</span> <span class='ocrx_word' id='word_1_558' title='bbox 2871 3660 2968 3711; x_wconf 81' lang='grc' dir='ltr'>διὰ</span> <span class='ocrx_word' id='word_1_559' title='bbox 2986 3661 3094 3730; x_wconf 76' lang='grc' dir='ltr'>τὴν</span> <span class='ocrx_word' id='word_1_560' title='bbox 3114 3662 3268 3732; x_wconf 64' lang='grc' dir='ltr'>πρὸς</span> <span class='ocrx_word' id='word_1_561' title='bbox 3290 3666 3433 3727; x_wconf 55' lang='grc' dir='ltr'>τοὺς</span> <span class='ocrx_word' id='word_1_562' title='bbox 3447 3664 3523 3734; x_wconf 62' lang='grc' dir='ltr'>βα</span> 
     </span>
    </p>
   </div>
   <div class='ocr_carea' id='block_1_84' title="bbox 2313 3745 3526 3816">
    <p class='ocr_par' dir='ltr' id='par_1_84' title="bbox 2313 3745 3526 3816">
     <span class='ocr_line' id='line_1_84' title="bbox 2313 3745 3526 3816; baseline 0.003 -16"><span class='ocrx_word' id='word_1_563' title='bbox 2313 3749 2403 3800; x_wconf 76' lang='grc' dir='ltr'>τοῦ</span> <span class='ocrx_word' id='word_1_564' title='bbox 2431 3746 2590 3814; x_wconf 76' lang='grc' dir='ltr'>ζυγοῦ</span> <span class='ocrx_word' id='word_1_565' title='bbox 2618 3746 2850 3812; x_wconf 80' lang='grc' dir='ltr'>ἀγάπην,</span> <span class='ocrx_word' id='word_1_566' title='bbox 2890 3745 3052 3816; x_wconf 71' lang='grc' dir='ltr'>ἅπερ</span> <span class='ocrx_word' id='word_1_567' title='bbox 3080 3749 3215 3801; x_wconf 73' lang='grc' dir='ltr'>ἐστὶ</span> <span class='ocrx_word' id='word_1_568' title='bbox 3252 3751 3358 3802; x_wconf 73' lang='grc' dir='ltr'>καὶ</span> <span class='ocrx_word' id='word_1_569' title='bbox 3402 3753 3468 3803; x_wconf 82' lang='grc' dir='ltr'><strong>ὲν</strong></span> <span class='ocrx_word' id='word_1_570' title='bbox 3497 3771 3526 3804; x_wconf 82' lang='grc' dir='ltr'><strong>τ</strong></span> 
     </span>
    </p>
   </div>
   <div class='ocr_carea' id='block_1_85' title="bbox 2318 3831 3528 3911">
    <p class='ocr_par' dir='ltr' id='par_1_85' title="bbox 2318 3831 3528 3911">
     <span class='ocr_line' id='line_1_85' title="bbox 2318 3831 3528 3911; baseline 0.005 -22"><span class='ocrx_word' id='word_1_571' title='bbox 2318 3837 2656 3905; x_wconf 73' lang='grc' dir='ltr'>πλίὶγχνοις,</span> <span class='ocrx_word' id='word_1_572' title='bbox 2670 3833 2735 3885; x_wconf 79' lang='grc' dir='ltr'><strong>τὰ</strong></span> <span class='ocrx_word' id='word_1_573' title='bbox 2754 3831 2858 3884; x_wconf 86' lang='grc' dir='ltr'><strong>τῶν</strong></span> <span class='ocrx_word' id='word_1_574' title='bbox 2877 3833 3075 3888; x_wconf 73' lang='grc' dir='ltr'>ἄλλων</span> <span class='ocrx_word' id='word_1_575' title='bbox 3095 3838 3528 3911; x_wconf 65' lang='grc' dir='ltr'>ἁμαρτῆματσ.</span> 
     </span>
    </p>
   </div>
   <div class='ocr_carea' id='block_1_86' title="bbox 2385 3917 3531 3996">
    <p class='ocr_par' dir='ltr' id='par_1_86' title="bbox 2385 3917 3531 3996">
     <span class='ocr_line' id='line_1_86' title="bbox 2385 3917 3531 3996; baseline 0.005 -20"><span class='ocrx_word' id='word_1_576' title='bbox 2385 3925 2560 3976; x_wconf 76' lang='grc' dir='ltr'>Ταῦτα</span> <span class='ocrx_word' id='word_1_577' title='bbox 2608 3924 2702 3992; x_wconf 85' lang='grc' dir='ltr'><strong>μὲν</strong></span> <span class='ocrx_word' id='word_1_578' title='bbox 2746 3917 2837 3974; x_wconf 77' lang='grc' dir='ltr'><strong>οὖν</strong></span> <span class='ocrx_word' id='word_1_579' title='bbox 2867 3924 3016 3994; x_wconf 71' lang='grc' dir='ltr'>περὶ</span> <span class='ocrx_word' id='word_1_580' title='bbox 3056 3927 3409 3996; x_wconf 80' lang='grc' dir='ltr'>ἀνθρώπων</span> <span class='ocrx_word' id='word_1_581' title='bbox 3462 3932 3531 3984; x_wconf 69' lang='grc' dir='ltr'>τᾶ</span> 
     </span>
    </p>
   </div>
   <div class='ocr_carea' id='block_1_87' title="bbox 2318 4011 3534 4081">
    <p class='ocr_par' dir='ltr' id='par_1_87' title="bbox 2318 4011 3534 4081">
     <span class='ocr_line' id='line_1_87' title="bbox 2318 4011 3534 4081; baseline 0.005 -13"><span class='ocrx_word' id='word_1_582' title='bbox 2318 4016 2479 4068; x_wconf 76' lang='grc' dir='ltr'>ἐθνῶν</span> <span class='ocrx_word' id='word_1_583' title='bbox 2504 4015 2595 4067; x_wconf 69' lang='grc' dir='ltr'><strong>καὶ</strong></span> <span class='ocrx_word' id='word_1_584' title='bbox 2609 4013 2712 4066; x_wconf 84' lang='grc' dir='ltr'><strong>ἀπὸ</strong></span> <span class='ocrx_word' id='word_1_585' title='bbox 2729 4011 2817 4064; x_wconf 78' lang='grc' dir='ltr'><strong>τοῦ</strong></span> <span class='ocrx_word' id='word_1_586' title='bbox 2839 4011 3022 4066; x_wconf 76' lang='grc' dir='ltr'>λαοῦ.</span> <span class='ocrx_word' id='word_1_587' title='bbox 3053 4016 3142 4067; x_wconf 78' lang='grc' dir='ltr'>Τὸ</span> <span class='ocrx_word' id='word_1_588' title='bbox 3170 4015 3262 4081; x_wconf 70' lang='grc' dir='ltr'><strong>δὲ,</strong></span> <span class='ocrx_word' id='word_1_589' title='bbox 3278 4019 3352 4071; x_wconf 82' lang='lat' dir='ltr'><strong>&#39;O</strong></span> <span class='ocrx_word' id='word_1_590' title='bbox 3386 4037 3534 4074; x_wconf 74' lang='grc' dir='ltr'>κατι</span> 
     </span>
    </p>
   </div>
   <div class='ocr_carea' id='block_1_88' title="bbox 2318 4100 3478 4176">
    <p class='ocr_par' dir='ltr' id='par_1_88' title="bbox 2318 4100 3478 4176">
     <span class='ocr_line' id='line_1_88' title="bbox 2318 4100 3478 4176; baseline 0.013 -28"><span class='ocrx_word' id='word_1_591' title='bbox 2318 4105 2441 4169; x_wconf 73' lang='grc' dir='ltr'><strong>νοῖς</strong></span> <span class='ocrx_word' id='word_1_592' title='bbox 2473 4100 2876 4171; x_wconf 76' lang='grc' dir='ltr'>ἐκτελάσεται,</span> <span class='ocrx_word' id='word_1_593' title='bbox 2947 4110 3478 4176; x_wconf 82' lang='grc' dir='ltr'>προσαρμοστέον</span> 
     </span>
    </p>
   </div>
   <div class='ocr_carea' id='block_1_89' title="bbox 2319 4190 3523 4265">
    <p class='ocr_par' dir='ltr' id='par_1_89' title="bbox 2319 4190 3523 4265">
     <span class='ocr_line' id='line_1_89' title="bbox 2319 4190 3523 4265; baseline 0.01 -24"><span class='ocrx_word' id='word_1_594' title='bbox 2319 4196 2580 4254; x_wconf 73' lang='grc' dir='ltr'>ἐστησαν</span> <span class='ocrx_word' id='word_1_595' title='bbox 2625 4193 2674 4241; x_wconf 78' lang='lat' dir='ltr'><strong>oi</strong></span> <span class='ocrx_word' id='word_1_596' title='bbox 2695 4190 3003 4256; x_wconf 66' lang='grc' dir='ltr'>,ϐασιλεῖς</span> <span class='ocrx_word' id='word_1_597' title='bbox 3041 4193 3176 4261; x_wconf 83' lang='grc' dir='ltr'>τῆς</span> <span class='ocrx_word' id='word_1_598' title='bbox 3206 4195 3366 4265; x_wconf 72' lang='grc' dir='ltr'>τῆς,</span> <span class='ocrx_word' id='word_1_599' title='bbox 3409 4199 3523 4262; x_wconf 65' lang='grc' dir='ltr'><strong>οὓς</strong></span> 
     </span>
    </p>
   </div>
   <div class='ocr_carea' id='block_1_90' title="bbox 2321 4280 3519 4362">
    <p class='ocr_par' dir='ltr' id='par_1_90' title="bbox 2321 4280 3519 4362">
     <span class='ocr_line' id='line_1_90' title="bbox 2321 4280 3519 4362; baseline 0.009 -28"><span class='ocrx_word' id='word_1_600' title='bbox 2321 4285 2446 4344; x_wconf 78' lang='grc' dir='ltr'>Θεὸς</span> <span class='ocrx_word' id='word_1_601' title='bbox 2477 4284 2530 4333; x_wconf 82' lang='grc' dir='ltr'>ὲν</span> <span class='ocrx_word' id='word_1_602' title='bbox 2558 4280 2795 4350; x_wconf 81' lang='grc' dir='ltr'>οὐρανοῖς</span> <span class='ocrx_word' id='word_1_603' title='bbox 2835 4285 3173 4337; x_wconf 77' lang='grc' dir='ltr'>κατοικῶν</span> <span class='ocrx_word' id='word_1_604' title='bbox 3213 4290 3519 4362; x_wconf 83' lang='grc' dir='ltr'>φρόνημα</span> 
     </span>
    </p>
   </div>
   <div class='ocr_carea' id='block_1_91' title="bbox 699 4369 2207 4446">
    <p class='ocr_par' dir='ltr' id='par_1_91' title="bbox 699 4369 2207 4426">
     <span class='ocr_line' id='line_1_91' title="bbox 699 4369 2207 4426; baseline -0.001 -2"><span class='ocrx_word' id='word_1_605' title='bbox 699 4371 932 4424; x_wconf 73' lang='lat' dir='ltr'><strong>divinam</strong></span> <span class='ocrx_word' id='word_1_606' title='bbox 959 4372 1100 4423; x_wconf 85' lang='lat' dir='ltr'><strong>circa</strong></span> <span class='ocrx_word' id='word_1_607' title='bbox 1129 4370 1548 4422; x_wconf 85' lang='lat' dir='ltr'><strong>incarnationem</strong></span> <span class='ocrx_word' id='word_1_608' title='bbox 1571 4369 1769 4424; x_wconf 89' lang='lat' dir='ltr'><strong>Christi</strong></span> <span class='ocrx_word' id='word_1_609' title='bbox 1796 4372 2145 4424; x_wconf 69' lang='lat' dir='ltr'><strong>oeconomiam</strong></span> <span class='ocrx_word' id='word_1_610' title='bbox 2167 4382 2207 4426; x_wconf 90' lang='lat' dir='ltr'><strong>el</strong></span> 
     </span>
    </p>
   </div>
   <div class='ocr_carea' id='block_1_92' title="bbox 2031 4369 3539 4446">
    <p class='ocr_par' dir='ltr' id='par_1_92' title="bbox 2031 4369 3539 4446">
     <span class='ocr_line' id='line_1_92' title="bbox 2031 4369 3539 4446; baseline 0.007 -24"><span class='ocrx_word' id='word_1_611' title='bbox 2031 4372 2145 4424; x_wconf 76' lang='lat' dir='ltr'><strong>liam</strong></span> <span class='ocrx_word' id='word_1_612' title='bbox 2167 4382 2219 4426; x_wconf 89' lang='lat' dir='ltr'><strong>et</strong></span> <span class='ocrx_word' id='word_1_613' title='bbox 2252 4387 2294 4439; x_wconf 75' lang='grc' dir='ltr'><strong>ῃ</strong></span> <span class='ocrx_word' id='word_1_614' title='bbox 2323 4373 2393 4424; x_wconf 73' lang='grc' dir='ltr'><strong>Οὐ</strong></span> <span class='ocrx_word' id='word_1_615' title='bbox 2423 4369 2527 4441; x_wconf 77' lang='grc' dir='ltr'><strong>γὰρ</strong></span> <span class='ocrx_word' id='word_1_616' title='bbox 2557 4369 2835 4437; x_wconf 82' lang='grc' dir='ltr'>νενοήκασι</span> <span class='ocrx_word' id='word_1_617' title='bbox 2861 4370 2984 4440; x_wconf 78' lang='grc' dir='ltr'>τὴν</span> <span class='ocrx_word' id='word_1_618' title='bbox 3015 4375 3396 4446; x_wconf 74' lang='grc' dir='ltr'>οἰκονομίαν</span> <span class='ocrx_word' id='word_1_619' title='bbox 3425 4382 3539 4434; x_wconf 65' lang='grc' dir='ltr'><strong>καὶ</strong></span> 
     </span>
    </p>
   </div>
   <div class='ocr_carea' id='block_1_93' title="bbox 700 4459 2220 4532">
    <p class='ocr_par' dir='ltr' id='par_1_93' title="bbox 700 4459 2220 4532">
     <span class='ocr_line' id='line_1_93' title="bbox 700 4459 2220 4532; baseline 0.001 -20"><span class='ocrx_word' id='word_1_620' title='bbox 700 4461 1012 4532; x_wconf 78' lang='lat' dir='ltr'><strong>sapientiam</strong></span> <span class='ocrx_word' id='word_1_621' title='bbox 1055 4461 1466 4514; x_wconf 85' lang='lat' dir='ltr'><strong>intellexerunt:</strong></span> <span class='ocrx_word' id='word_1_622' title='bbox 1496 4459 1624 4512; x_wconf 85' lang='lat' dir='ltr'><strong>illud</strong></span> <span class='ocrx_word' id='word_1_623' title='bbox 1663 4469 1858 4524; x_wconf 84' lang='lat' dir='ltr'><strong>autem,</strong></span> <span class='ocrx_word' id='word_1_624' title='bbox 1896 4470 1943 4512; x_wconf 80' lang='lat' dir='ltr'><strong>et</strong></span> <span class='ocrx_word' id='word_1_625' title='bbox 1973 4460 2220 4514; x_wconf 76' lang='lat' dir='ltr'><strong>Dominus</strong></span> 
     </span>
    </p>
   </div>
   <div class='ocr_carea' id='block_1_94' title="bbox 701 4549 2220 4616">
    <p class='ocr_par' dir='ltr' id='par_1_94' title="bbox 701 4549 2220 4616">
     <span class='ocr_line' id='line_1_94' title="bbox 701 4549 2220 4616; baseline 0.001 -16"><span class='ocrx_word' id='word_1_626' title='bbox 701 4549 1039 4607; x_wconf 80' lang='lat' dir='ltr'><strong>subsannabt&#39;t</strong></span> <span class='ocrx_word' id='word_1_627' title='bbox 1077 4566 1182 4613; x_wconf 81' lang='lat' dir='ltr'><strong>eos,</strong></span> <span class='ocrx_word' id='word_1_628' title='bbox 1218 4549 1550 4603; x_wconf 83' lang='lat' dir='ltr'><strong>referendum</strong></span> <span class='ocrx_word' id='word_1_629' title='bbox 1584 4551 1648 4602; x_wconf 88' lang='lat' dir='ltr'><strong>ad</strong></span> <span class='ocrx_word' id='word_1_630' title='bbox 1689 4550 1788 4602; x_wconf 92' lang='lat' dir='ltr'><strong>hoc</strong></span> <span class='ocrx_word' id='word_1_631' title='bbox 1823 4551 2045 4611; x_wconf 90' lang='lat' dir='ltr'><strong>dictum,</strong></span> <span class='ocrx_word' id='word_1_632' title='bbox 2074 4550 2220 4616; x_wconf 83' lang='lat' dir='ltr'><strong>prin-</strong></span> 
     </span>
    </p>
   </div>
   <div class='ocr_carea' id='block_1_95' title="bbox 701 4639 2224 4706">
    <p class='ocr_par' dir='ltr' id='par_1_95' title="bbox 701 4639 2224 4706">
     <span class='ocr_line' id='line_1_95' title="bbox 701 4639 2224 4706; baseline 0.001 -16"><span class='ocrx_word' id='word_1_633' title='bbox 701 4641 834 4706; x_wconf 76' lang='lat' dir='ltr'><strong>cipes</strong></span> <span class='ocrx_word' id='word_1_634' title='bbox 858 4647 1195 4692; x_wconf 81' lang='lat' dir='ltr'><strong>convenerunt</strong></span> <span class='ocrx_word' id='word_1_635' title='bbox 1212 4639 1262 4698; x_wconf 83' lang='lat' dir='ltr'><strong>in</strong></span> <span class='ocrx_word' id='word_1_636' title='bbox 1290 4656 1468 4702; x_wconf 89' lang='lat' dir='ltr'><strong>unum,</strong></span> <span class='ocrx_word' id='word_1_637' title='bbox 1497 4649 1555 4692; x_wconf 92' lang='lat' dir='ltr'><strong>ut</strong></span> <span class='ocrx_word' id='word_1_638' title='bbox 1578 4639 1782 4694; x_wconf 88' lang='lat' dir='ltr'><strong>scilicet</strong></span> <span class='ocrx_word' id='word_1_639' title='bbox 1808 4656 1836 4693; x_wconf 89' lang='lat' dir='ltr'><strong>a</strong></span> <span class='ocrx_word' id='word_1_640' title='bbox 1861 4640 2074 4694; x_wconf 88' lang='lat' dir='ltr'><strong>Christo</strong></span> <span class='ocrx_word' id='word_1_641' title='bbox 2099 4641 2224 4693; x_wconf 40' lang='lat' dir='ltr'><strong>sub?</strong></span> 
     </span>
    </p>
   </div>
   <div class='ocr_carea' id='block_1_96' title="bbox 700 4729 2220 4800">
    <p class='ocr_par' dir='ltr' id='par_1_96' title="bbox 700 4729 2220 4800">
     <span class='ocr_line' id='line_1_96' title="bbox 700 4729 2220 4800; baseline 0.001 -19"><span class='ocrx_word' id='word_1_642' title='bbox 700 4737 1056 4788; x_wconf 82' lang='lat' dir='ltr'><strong>sannarentur</strong></span> <span class='ocrx_word' id='word_1_643' title='bbox 1083 4729 1371 4800; x_wconf 84' lang='lat' dir='ltr'><strong>principes,</strong></span> <span class='ocrx_word' id='word_1_644' title='bbox 1403 4729 1495 4799; x_wconf 86' lang='lat' dir='ltr'><strong>qui</strong></span> <span class='ocrx_word' id='word_1_645' title='bbox 1534 4731 1839 4800; x_wconf 79' lang='lat' dir='ltr'><strong>congregati</strong></span> <span class='ocrx_word' id='word_1_646' title='bbox 1871 4743 1998 4783; x_wconf 86' lang='lat' dir='ltr'><strong>sunt</strong></span> <span class='ocrx_word' id='word_1_647' title='bbox 2035 4730 2220 4785; x_wconf 86' lang='lat' dir='ltr'><strong>adver-</strong></span> 
     </span>
    </p>
   </div>
   <div class='ocr_carea' id='block_1_97' title="bbox 701 4819 2225 4890">
    <p class='ocr_par' dir='ltr' id='par_1_97' title="bbox 701 4819 2225 4890">
     <span class='ocr_line' id='line_1_97' title="bbox 701 4819 2225 4890; baseline -0.001 -17"><span class='ocrx_word' id='word_1_648' title='bbox 701 4835 794 4874; x_wconf 83' lang='lat' dir='ltr'><strong>sus</strong></span> <span class='ocrx_word' id='word_1_649' title='bbox 812 4819 1088 4873; x_wconf 85' lang='lat' dir='ltr'><strong>Dominum</strong></span> <span class='ocrx_word' id='word_1_650' title='bbox 1118 4827 1169 4872; x_wconf 91' lang='lat' dir='ltr'><strong>et</strong></span> <span class='ocrx_word' id='word_1_651' title='bbox 1197 4819 1450 4876; x_wconf 86' lang='lat' dir='ltr'><strong>adversus</strong></span> <span class='ocrx_word' id='word_1_652' title='bbox 1471 4821 1739 4875; x_wconf 90' lang='lat' dir='ltr'><strong>Christum</strong></span> <span class='ocrx_word' id='word_1_653' title='bbox 1763 4821 1897 4888; x_wconf 85' lang='lat' dir='ltr'><strong>ejus.</strong></span> <span class='ocrx_word' id='word_1_654' title='bbox 1917 4821 2225 4890; x_wconf 74' lang='lat' dir='ltr'><strong>Congruen-</strong></span> 
     </span>
    </p>
   </div>
   <div class='ocr_carea' id='block_1_98' title="bbox 703 4911 2216 4979">
    <p class='ocr_par' dir='ltr' id='par_1_98' title="bbox 703 4911 2216 4979">
     <span class='ocr_line' id='line_1_98' title="bbox 703 4911 2216 4979; baseline 0.001 -18"><span class='ocrx_word' id='word_1_655' title='bbox 703 4918 784 4962; x_wconf 86' lang='lat' dir='ltr'><strong>tes</strong></span> <span class='ocrx_word' id='word_1_656' title='bbox 828 4921 1001 4964; x_wconf 87' lang='lat' dir='ltr'><strong>autem</strong></span> <span class='ocrx_word' id='word_1_657' title='bbox 1052 4912 1174 4966; x_wconf 91' lang='lat' dir='ltr'><strong>boni</strong></span> <span class='ocrx_word' id='word_1_658' title='bbox 1218 4911 1308 4966; x_wconf 83' lang='lat' dir='ltr'><strong>Dei</strong></span> <span class='ocrx_word' id='word_1_659' title='bbox 1351 4912 1484 4966; x_wconf 88' lang='lat' dir='ltr'><strong>Filio</strong></span> <span class='ocrx_word' id='word_1_660' title='bbox 1515 4918 1640 4966; x_wconf 91' lang='lat' dir='ltr'><strong>sunt</strong></span> <span class='ocrx_word' id='word_1_661' title='bbox 1683 4911 1795 4964; x_wconf 73' lang='lat' dir='ltr'><strong>ista:</strong></span> <span class='ocrx_word' id='word_1_662' title='bbox 1842 4927 2030 4975; x_wconf 89' lang='lat' dir='ltr'><strong>voces;</strong></span> <span class='ocrx_word' id='word_1_663' title='bbox 2071 4912 2216 4979; x_wconf 87' lang='lat' dir='ltr'><strong>quia,</strong></span> 
     </span>
    </p>
   </div>
   <div class='ocr_carea' id='block_1_99' title="bbox 704 5000 2225 5073">
    <p class='ocr_par' dir='ltr' id='par_1_99' title="bbox 704 5000 2225 5073">
     <span class='ocr_line' id='line_1_99' title="bbox 704 5000 2225 5073; baseline 0.001 -22"><span class='ocrx_word' id='word_1_664' title='bbox 704 5000 911 5057; x_wconf 81' lang='lat' dir='ltr'><strong>etiamsi</strong></span> <span class='ocrx_word' id='word_1_665' title='bbox 940 5003 1252 5057; x_wconf 80' lang='lat' dir='ltr'><strong>fremuerint</strong></span> <span class='ocrx_word' id='word_1_666' title='bbox 1287 5015 1490 5071; x_wconf 82' lang='lat' dir='ltr'><strong>gentes,</strong></span> <span class='ocrx_word' id='word_1_667' title='bbox 1540 5013 1592 5064; x_wconf 84' lang='lat' dir='ltr'><strong>et</strong></span> <span class='ocrx_word' id='word_1_668' title='bbox 1634 5003 1810 5073; x_wconf 89' lang='lat' dir='ltr'><strong>p0puli</strong></span> <span class='ocrx_word' id='word_1_669' title='bbox 1841 5003 2076 5058; x_wconf 88' lang='lat' dir='ltr'><strong>meditati</strong></span> <span class='ocrx_word' id='word_1_670' title='bbox 2117 5002 2225 5056; x_wconf 91' lang='lat' dir='ltr'><strong>sint</strong></span> 
     </span>
    </p>
   </div>
   <div class='ocr_carea' id='block_1_100' title="bbox 707 5077 2223 5150">
    <p class='ocr_par' dir='ltr' id='par_1_100' title="bbox 707 5077 2223 5150">
     <span class='ocr_line' id='line_1_100' title="bbox 707 5077 2223 5150; baseline 0.002 -10"><span class='ocrx_word' id='word_1_671' title='bbox 707 5089 903 5150; x_wconf 86' lang='lat' dir='ltr'><strong>inania,</strong></span> <span class='ocrx_word' id='word_1_672' title='bbox 937 5099 989 5140; x_wconf 88' lang='lat' dir='ltr'><strong>at</strong></span> <span class='ocrx_word' id='word_1_673' title='bbox 1015 5107 1112 5145; x_wconf 90' lang='lat' dir='ltr'><strong>nos</strong></span> <span class='ocrx_word' id='word_1_674' title='bbox 1145 5093 1478 5148; x_wconf 79' lang='lat' dir='ltr'><strong>frementium</strong></span> <span class='ocrx_word' id='word_1_675' title='bbox 1518 5077 1848 5148; x_wconf 89' lang='lat' dir='ltr'><strong>ethnicorum</strong></span> <span class='ocrx_word' id='word_1_676' title='bbox 1888 5094 2098 5146; x_wconf 83' lang='lat' dir='ltr'><strong>vincula</strong></span> <span class='ocrx_word' id='word_1_677' title='bbox 2140 5091 2223 5143; x_wconf 85' lang='lat' dir='ltr'><strong>di-</strong></span> 
     </span>
    </p>
   </div>
   <div class='ocr_carea' id='block_1_101' title="bbox 707 5182 2226 5253">
    <p class='ocr_par' dir='ltr' id='par_1_101' title="bbox 707 5182 2226 5253">
     <span class='ocr_line' id='line_1_101' title="bbox 707 5182 2226 5253; baseline 0 -22"><span class='ocrx_word' id='word_1_678' title='bbox 707 5192 1038 5245; x_wconf 85' lang='lat' dir='ltr'><strong>rumpamus,</strong></span> <span class='ocrx_word' id='word_1_679' title='bbox 1077 5188 1129 5232; x_wconf 85' lang='lat' dir='ltr'><strong>et</strong></span> <span class='ocrx_word' id='word_1_680' title='bbox 1163 5182 1346 5252; x_wconf 82' lang='lat' dir='ltr'><strong>jugum</strong></span> <span class='ocrx_word' id='word_1_681' title='bbox 1389 5185 1703 5253; x_wconf 81' lang='lat' dir='ltr'><strong>populorum</strong></span> <span class='ocrx_word' id='word_1_682' title='bbox 1737 5183 1914 5242; x_wconf 86' lang='lat' dir='ltr'><strong>inania</strong></span> <span class='ocrx_word' id='word_1_683' title='bbox 1967 5182 2226 5234; x_wconf 88' lang='lat' dir='ltr'><strong>meditan-</strong></span> 
     </span>
    </p>
   </div>
   <div class='ocr_carea' id='block_1_102' title="bbox 706 5266 1664 5334">
    <p class='ocr_par' dir='ltr' id='par_1_102' title="bbox 706 5266 1664 5334">
     <span class='ocr_line' id='line_1_102' title="bbox 706 5266 1664 5334; baseline 0.009 -16"><span class='ocrx_word' id='word_1_684' title='bbox 706 5268 840 5325; x_wconf 83' lang='lat' dir='ltr'><strong>tium</strong></span> <span class='ocrx_word' id='word_1_685' title='bbox 874 5266 1236 5334; x_wconf 86' lang='lat' dir='ltr'><strong>projiciamus.</strong></span> <span class='ocrx_word' id='word_1_686' title='bbox 1657 5326 1664 5334; x_wconf 85' lang='grc'><strong>,</strong></span> 
     </span>
    </p>
   </div>
   <div class='ocr_carea' id='block_1_103' title="bbox 778 5356 2223 5425">
    <p class='ocr_par' dir='ltr' id='par_1_103' title="bbox 778 5356 2223 5425">
     <span class='ocr_line' id='line_1_103' title="bbox 778 5356 2223 5425; baseline 0.001 -18"><span class='ocrx_word' id='word_1_687' title='bbox 778 5356 844 5409; x_wconf 79' lang='lat' dir='ltr'><strong>At</strong></span> <span class='ocrx_word' id='word_1_688' title='bbox 887 5357 1012 5425; x_wconf 89' lang='lat' dir='ltr'><strong>quia</strong></span> <span class='ocrx_word' id='word_1_689' title='bbox 1055 5371 1161 5409; x_wconf 92' lang='lat' dir='ltr'><strong>non</strong></span> <span class='ocrx_word' id='word_1_690' title='bbox 1202 5360 1308 5425; x_wconf 83' lang='lat' dir='ltr'><strong>jam</strong></span> <span class='ocrx_word' id='word_1_691' title='bbox 1343 5363 1414 5417; x_wconf 88' lang='lat' dir='ltr'><strong>ita</strong></span> <span class='ocrx_word' id='word_1_692' title='bbox 1452 5363 1606 5420; x_wconf 83' lang='lat' dir='ltr'><strong>facile</strong></span> <span class='ocrx_word' id='word_1_693' title='bbox 1637 5361 1892 5419; x_wconf 87' lang='lat' dir='ltr'><strong>medelam</strong></span> <span class='ocrx_word' id='word_1_694' title='bbox 1937 5357 2223 5414; x_wconf 80' lang='lat' dir='ltr'><strong>admittunt</strong></span> 
     </span>
    </p>
   </div>
   <div class='ocr_carea' id='block_1_104' title="bbox 711 5442 2225 5521">
    <p class='ocr_par' dir='ltr' id='par_1_104' title="bbox 711 5442 2225 5521">
     <span class='ocr_line' id='line_1_104' title="bbox 711 5442 2225 5521; baseline 0.003 -26"><span class='ocrx_word' id='word_1_695' title='bbox 711 5442 944 5509; x_wconf 66' lang='lat' dir='ltr'><strong>pnedicti</strong></span> <span class='ocrx_word' id='word_1_696' title='bbox 991 5459 1144 5511; x_wconf 85' lang='lat' dir='ltr'><strong>reges</strong></span> <span class='ocrx_word' id='word_1_697' title='bbox 1187 5452 1340 5501; x_wconf 76' lang='lat' dir='ltr'><strong>terra:</strong></span> <span class='ocrx_word' id='word_1_698' title='bbox 1385 5461 1438 5504; x_wconf 90' lang='lat' dir='ltr'><strong>et</strong></span> <span class='ocrx_word' id='word_1_699' title='bbox 1481 5451 1950 5521; x_wconf 84' lang='lat' dir='ltr'><strong>principes;jubet</strong></span> <span class='ocrx_word' id='word_1_700' title='bbox 1995 5447 2225 5514; x_wconf 87' lang='lat' dir='ltr'><strong>Spiritus</strong></span> 
     </span>
    </p>
   </div>
   <div class='ocr_carea' id='block_1_105' title="bbox 714 5533 2222 5612">
    <p class='ocr_par' dir='ltr' id='par_1_105' title="bbox 714 5533 2222 5612">
     <span class='ocr_line' id='line_1_105' title="bbox 714 5533 2222 5612; baseline 0.007 -28"><span class='ocrx_word' id='word_1_701' title='bbox 714 5542 950 5595; x_wconf 77' lang='lat' dir='ltr'><strong>sanctus,</strong></span> <span class='ocrx_word' id='word_1_702' title='bbox 984 5533 1218 5602; x_wconf 71' lang='lat' dir='ltr'><strong>gentium</strong></span> <span class='ocrx_word' id='word_1_703' title='bbox 1257 5544 1310 5588; x_wconf 85' lang='lat' dir='ltr'><strong>et</strong></span> <span class='ocrx_word' id='word_1_704' title='bbox 1347 5542 1680 5607; x_wconf 87' lang='lat' dir='ltr'><strong>populorum.</strong></span> <span class='ocrx_word' id='word_1_705' title='bbox 1726 5554 1907 5609; x_wconf 75' lang='lat' dir='ltr'><strong>regum</strong></span> <span class='ocrx_word' id='word_1_706' title='bbox 1935 5546 1988 5595; x_wconf 73' lang='lat' dir='ltr'><strong>et</strong></span> <span class='ocrx_word' id='word_1_707' title='bbox 2026 5535 2222 5612; x_wconf 73' lang='lat' dir='ltr'><strong>princi-</strong></span> 
     </span>
    </p>
   </div>
   <div class='ocr_carea' id='block_1_106' title="bbox 781 5643 1988 5720">
    <p class='ocr_par' dir='ltr' id='par_1_106' title="bbox 781 5643 1988 5720">
     <span class='ocr_line' id='line_1_106' title="bbox 781 5643 1988 5720; baseline 0.007 -25"><span class='ocrx_word' id='word_1_708' title='bbox 781 5643 857 5713; x_wconf 79' lang='grc'><strong>(1)</strong></span> <span class='ocrx_word' id='word_1_709' title='bbox 903 5645 1283 5712; x_wconf 74' lang='grc' dir='ltr'>Τετηρεῖσθαι.</span> <span class='ocrx_word' id='word_1_710' title='bbox 1316 5647 1449 5720; x_wconf 76' lang='lat' dir='ltr'><strong>Lege</strong></span> <span class='ocrx_word' id='word_1_711' title='bbox 1474 5653 1805 5720; x_wconf 65' lang='grc' dir='ltr'>τετηρῆσθαι.</span> <span class='ocrx_word' id='word_1_712' title='bbox 1836 5651 1988 5704; x_wconf 78' lang='lat' dir='ltr'><strong>Eutr.</strong></span> 
     </span>
    </p>
   </div>
   <div class='ocr_carea' id='block_1_107' title="bbox 2325 4455 3542 4534">
    <p class='ocr_par' dir='ltr' id='par_1_107' title="bbox 2325 4455 3542 4534">
     <span class='ocr_line' id='line_1_107' title="bbox 2325 4455 3542 4534; baseline 0.012 -22"><span class='ocrx_word' id='word_1_713' title='bbox 2325 4461 2456 4513; x_wconf 86' lang='grc' dir='ltr'><strong>Θεοῦ</strong></span> <span class='ocrx_word' id='word_1_714' title='bbox 2487 4460 2581 4528; x_wconf 82' lang='grc' dir='ltr'>τὴν</span> <span class='ocrx_word' id='word_1_715' title='bbox 2607 4457 2731 4526; x_wconf 69' lang='grc' dir='ltr'>περὶ</span> <span class='ocrx_word' id='word_1_716' title='bbox 2753 4455 2852 4524; x_wconf 82' lang='grc' dir='ltr'>τὴν</span> <span class='ocrx_word' id='word_1_717' title='bbox 2879 4459 3394 4534; x_wconf 81' lang='grc' dir='ltr'>ὲνανθρώπησιν</span> <span class='ocrx_word' id='word_1_718' title='bbox 3421 4473 3542 4524; x_wconf 77' lang='grc' dir='ltr'>τοῦ</span> 
     </span>
    </p>
   </div>
   <div class='ocr_carea' id='block_1_108' title="bbox 2324 4545 3531 4627">
    <p class='ocr_par' dir='ltr' id='par_1_108' title="bbox 2324 4545 3531 4627">
     <span class='ocr_line' id='line_1_108' title="bbox 2324 4545 3531 4627; baseline 0.013 -28"><span class='ocrx_word' id='word_1_719' title='bbox 2324 4550 2430 4602; x_wconf 74' lang='grc' dir='ltr'><strong>Καὶ</strong></span> <span class='ocrx_word' id='word_1_720' title='bbox 2453 4552 2482 4600; x_wconf 89' lang='grc' dir='ltr'><em>ό</em></span> <span class='ocrx_word' id='word_1_721' title='bbox 2503 4548 2707 4613; x_wconf 79' lang='grc' dir='ltr'>Κύριος</span> <span class='ocrx_word' id='word_1_722' title='bbox 2730 4545 3178 4617; x_wconf 81' lang='grc' dir='ltr'>ἐκμυκτηριεῒ</span> <span class='ocrx_word' id='word_1_723' title='bbox 3223 4559 3531 4627; x_wconf 80' lang='grc' dir='ltr'>αὐτοὺς,</span> 
     </span>
    </p>
   </div>
   <div class='ocr_carea' id='block_1_109' title="bbox 2323 4635 3521 4708">
    <p class='ocr_par' dir='ltr' id='par_1_109' title="bbox 2323 4635 3521 4708">
     <span class='ocr_line' id='line_1_109' title="bbox 2323 4635 3521 4708; baseline 0.011 -17"><span class='ocrx_word' id='word_1_724' title='bbox 2323 4654 2526 4708; x_wconf 76' lang='grc' dir='ltr'>χον-τες</span> <span class='ocrx_word' id='word_1_725' title='bbox 2554 4635 2987 4703; x_wconf 74' lang='grc' dir='ltr'>συνήχθησαν·</span> <span class='ocrx_word' id='word_1_726' title='bbox 3013 4641 3138 4694; x_wconf 80' lang='grc' dir='ltr'><strong>ἐπὶ</strong></span> <span class='ocrx_word' id='word_1_727' title='bbox 3176 4647 3262 4698; x_wconf 86' lang='grc' dir='ltr'>τὸ</span> <span class='ocrx_word' id='word_1_728' title='bbox 3297 4652 3488 4704; x_wconf 82' lang='grc' dir='ltr'>αὑτό</span> <span class='ocrx_word' id='word_1_729' title='bbox 3504 4671 3521 4681; x_wconf 93' lang='grc'><strong>·</strong></span> 
     </span>
    </p>
   </div>
   <div class='ocr_carea' id='block_1_110' title="bbox 2321 4725 3548 4807">
    <p class='ocr_par' dir='ltr' id='par_1_110' title="bbox 2321 4725 3548 4807">
     <span class='ocr_line' id='line_1_110' title="bbox 2321 4725 3548 4807; baseline 0.013 -27"><span class='ocrx_word' id='word_1_730' title='bbox 2321 4747 2408 4781; x_wconf 85' lang='grc' dir='ltr'><strong>ται</strong></span> <span class='ocrx_word' id='word_1_731' title='bbox 2453 4730 2499 4779; x_wconf 86' lang='grc' dir='ltr'>οἱ</span> <span class='ocrx_word' id='word_1_732' title='bbox 2545 4726 2793 4796; x_wconf 82' lang='grc' dir='ltr'>ἄρχοντες</span> <span class='ocrx_word' id='word_1_733' title='bbox 2825 4725 2962 4778; x_wconf 73' lang='grc' dir='ltr'>ὑπὸ</span> <span class='ocrx_word' id='word_1_734' title='bbox 3019 4731 3142 4783; x_wconf 78' lang='grc' dir='ltr'>τοῦ</span> <span class='ocrx_word' id='word_1_735' title='bbox 3209 4735 3548 4807; x_wconf 73' lang='grc' dir='ltr'>Χριστοῦ,</span> 
     </span>
    </p>
   </div>
   <div class='ocr_carea' id='block_1_111' title="bbox 2324 4812 3562 4903">
    <p class='ocr_par' dir='ltr' id='par_1_111' title="bbox 2324 4812 3562 4903">
     <span class='ocr_line' id='line_1_111' title="bbox 2324 4812 3562 4903; baseline 0.017 -37"><span class='ocrx_word' id='word_1_736' title='bbox 2324 4817 2461 4869; x_wconf 85' lang='grc' dir='ltr'><strong>κατά</strong></span> <span class='ocrx_word' id='word_1_737' title='bbox 2491 4815 2582 4866; x_wconf 82' lang='grc' dir='ltr'>τοῦ</span> <span class='ocrx_word' id='word_1_738' title='bbox 2613 4812 2813 4882; x_wconf 84' lang='grc' dir='ltr'>Κυρίου</span> <span class='ocrx_word' id='word_1_739' title='bbox 2853 4817 2974 4868; x_wconf 74' lang='grc' dir='ltr'><strong>καὶ</strong></span> <span class='ocrx_word' id='word_1_740' title='bbox 3013 4822 3199 4875; x_wconf 78' lang='grc' dir='ltr'>κατὰ</span> <span class='ocrx_word' id='word_1_741' title='bbox 3235 4827 3360 4880; x_wconf 72' lang='grc' dir='ltr'>τοῦ</span> <span class='ocrx_word' id='word_1_742' title='bbox 3392 4832 3562 4903; x_wconf 77' lang='grc' dir='ltr'>Χριε</span> 
     </span>
    </p>
   </div>
   <div class='ocr_carea' id='block_1_112' title="bbox 2324 4900 3556 4989">
    <p class='ocr_par' dir='ltr' id='par_1_112' title="bbox 2324 4900 3556 4989">
     <span class='ocr_line' id='line_1_112' title="bbox 2324 4900 3556 4989; baseline 0.016 -33"><span class='ocrx_word' id='word_1_743' title='bbox 2324 4921 2514 4956; x_wconf 85' lang='grc' dir='ltr'>πουσαι</span> <span class='ocrx_word' id='word_1_744' title='bbox 2559 4903 2613 4954; x_wconf 76' lang='grc' dir='ltr'>δὲ</span> <span class='ocrx_word' id='word_1_745' title='bbox 2649 4900 2857 4968; x_wconf 74' lang='grc' dir='ltr'>ἀγαθοῦ</span> <span class='ocrx_word' id='word_1_746' title='bbox 2911 4905 3089 4961; x_wconf 80' lang='grc' dir='ltr'>Θεοῦ</span> <span class='ocrx_word' id='word_1_747' title='bbox 3149 4914 3304 4986; x_wconf 78' lang='grc' dir='ltr'><strong>Υιῷ</strong></span> <span class='ocrx_word' id='word_1_748' title='bbox 3366 4900 3556 4989; x_wconf 59' lang='lat' dir='ltr'><strong>(Quive</strong></span> 
     </span>
    </p>
   </div>
   <div class='ocr_carea' id='block_1_113' title="bbox 2323 4990 3565 5079">
    <p class='ocr_par' dir='ltr' id='par_1_113' title="bbox 2323 4990 3565 5079">
     <span class='ocr_line' id='line_1_113' title="bbox 2323 4990 3565 5079; baseline -0.001 -33"><span class='ocrx_word' id='word_1_749' title='bbox 2323 4994 2443 5063; x_wconf 83' lang='grc' dir='ltr'>ἔθνη</span> <span class='ocrx_word' id='word_1_750' title='bbox 2490 4990 2775 5062; x_wconf 75' lang='grc' dir='ltr'>ἐφρύαξαν,</span> <span class='ocrx_word' id='word_1_751' title='bbox 2809 4995 2934 5046; x_wconf 73' lang='grc' dir='ltr'>καὶ</span> <span class='ocrx_word' id='word_1_752' title='bbox 2984 5000 3051 5050; x_wconf 86' lang='grc' dir='ltr'>οἱ</span> <span class='ocrx_word' id='word_1_753' title='bbox 3107 5001 3270 5058; x_wconf 68' lang='grc' dir='ltr'>λαοὶ</span> <span class='ocrx_word' id='word_1_754' title='bbox 3302 5009 3565 5079; x_wconf 71' lang='grc' dir='ltr'><strong>ἐμελέτ.</strong></span> 
     </span>
    </p>
   </div>
   <div class='ocr_carea' id='block_1_114' title="bbox 2323 5081 3563 5170">
    <p class='ocr_par' dir='ltr' id='par_1_114' title="bbox 2323 5081 3563 5170">
     <span class='ocr_line' id='line_1_114' title="bbox 2323 5081 3563 5170; baseline 0.022 -38"><span class='ocrx_word' id='word_1_755' title='bbox 2323 5101 2384 5151; x_wconf 87' lang='grc' dir='ltr'><strong>γε</strong></span> <span class='ocrx_word' id='word_1_756' title='bbox 2411 5083 2533 5143; x_wconf 80' lang='grc' dir='ltr'>τοὺς</span> <span class='ocrx_word' id='word_1_757' title='bbox 2557 5081 2780 5150; x_wconf 82' lang='grc' dir='ltr'>δεσμοὺς</span> <span class='ocrx_word' id='word_1_758' title='bbox 2812 5083 3053 5142; x_wconf 71' lang='grc' dir='ltr'>αὐτῶν</span> <span class='ocrx_word' id='word_1_759' title='bbox 3099 5093 3244 5148; x_wconf 83' lang='grc' dir='ltr'>τῶν</span> <span class='ocrx_word' id='word_1_760' title='bbox 3281 5103 3563 5170; x_wconf 74' lang='grc' dir='ltr'>φρυαξά</span> 
     </span>
    </p>
   </div>
   <div class='ocr_carea' id='block_1_115' title="bbox 2327 5171 3576 5266">
    <p class='ocr_par' dir='ltr' id='par_1_115' title="bbox 2327 5171 3576 5266">
     <span class='ocr_line' id='line_1_115' title="bbox 2327 5171 3576 5266; baseline 0.021 -44"><span class='ocrx_word' id='word_1_761' title='bbox 2327 5172 2632 5239; x_wconf 81' lang='grc' dir='ltr'>σπάσωμεν,</span> <span class='ocrx_word' id='word_1_762' title='bbox 2675 5171 2765 5223; x_wconf 70' lang='grc' dir='ltr'><strong>καὶ</strong></span> <span class='ocrx_word' id='word_1_763' title='bbox 2818 5173 2945 5228; x_wconf 76' lang='grc' dir='ltr'><strong>τὸν</strong></span> <span class='ocrx_word' id='word_1_764' title='bbox 3018 5179 3235 5251; x_wconf 72' lang='grc' dir='ltr'>ζυγὸν</span> <span class='ocrx_word' id='word_1_765' title='bbox 3297 5191 3441 5245; x_wconf 80' lang='grc' dir='ltr'>τῶν</span> <span class='ocrx_word' id='word_1_766' title='bbox 3509 5213 3576 5266; x_wconf 65' lang='grc' dir='ltr'><strong>μ.»</strong></span> 
     </span>
    </p>
   </div>
   <div class='ocr_carea' id='block_1_116' title="bbox 2323 5259 2937 5330">
    <p class='ocr_par' dir='ltr' id='par_1_116' title="bbox 2323 5259 2937 5330">
     <span class='ocr_line' id='line_1_116' title="bbox 2323 5259 2937 5330; baseline 0.002 -15"><span class='ocrx_word' id='word_1_767' title='bbox 2323 5261 2460 5320; x_wconf 82' lang='grc' dir='ltr'>λαῶν</span> <span class='ocrx_word' id='word_1_768' title='bbox 2489 5259 2769 5330; x_wconf 75' lang='grc' dir='ltr'>ἀπορρίψω</span> <span class='ocrx_word' id='word_1_769' title='bbox 2776 5277 2937 5330; x_wconf 70' lang='grc' dir='ltr'>μεν.</span> 
     </span>
    </p>
   </div>
   <div class='ocr_carea' id='block_1_117' title="bbox 2404 5351 3583 5444">
    <p class='ocr_par' dir='ltr' id='par_1_117' title="bbox 2404 5351 3583 5444">
     <span class='ocr_line' id='line_1_117' title="bbox 2404 5351 3583 5444; baseline 0.027 -47"><span class='ocrx_word' id='word_1_770' title='bbox 2404 5351 2551 5411; x_wconf 82' lang='grc' dir='ltr'>Ἐπεὶ</span> <span class='ocrx_word' id='word_1_771' title='bbox 2576 5351 2631 5402; x_wconf 82' lang='grc' dir='ltr'>δὲ</span> <span class='ocrx_word' id='word_1_772' title='bbox 2667 5351 2875 5410; x_wconf 67' lang='grc' dir='ltr'>οὐκέτι</span> <span class='ocrx_word' id='word_1_773' title='bbox 2934 5358 3270 5436; x_wconf 66' lang='grc' dir='ltr'>εὐχερῶς</span> <span class='ocrx_word' id='word_1_774' title='bbox 3334 5369 3583 5444; x_wconf 77' lang='grc' dir='ltr'>ὂὲχοντ</span> 
     </span>
    </p>
   </div>
   <div class='ocr_carea' id='block_1_118' title="bbox 2327 5440 3565 5539">
    <p class='ocr_par' dir='ltr' id='par_1_118' title="bbox 2327 5440 3565 5539">
     <span class='ocr_line' id='line_1_118' title="bbox 2327 5440 3565 5539; baseline 0.023 -51"><span class='ocrx_word' id='word_1_775' title='bbox 2327 5442 2377 5492; x_wconf 74' lang='grc' dir='ltr'><strong>οἵ</strong></span> <span class='ocrx_word' id='word_1_776' title='bbox 2415 5458 2472 5491; x_wconf 84' lang='grc' dir='ltr'><strong>τε</strong></span> <span class='ocrx_word' id='word_1_777' title='bbox 2502 5440 2816 5509; x_wconf 70' lang='grc' dir='ltr'><strong>¹ιτηλικοῦιιτοι.</strong></span> <span class='ocrx_word' id='word_1_778' title='bbox 2858 5457 3394 5522; x_wconf 70' lang='grc' dir='ltr'>προειρημένοι</span> 
     </span>
    </p>
   </div>
   <div class='ocr_carea' id='block_1_119' title="bbox 2328 5529 3594 5634">
    <p class='ocr_par' dir='ltr' id='par_1_119' title="bbox 2328 5529 3594 5634">
     <span class='ocr_line' id='line_1_119' title="bbox 2328 5529 3594 5634; baseline 0.006 -53"><span class='ocrx_word' id='word_1_779' title='bbox 2328 5534 2374 5584; x_wconf 71' lang='grc' dir='ltr'>οἱ</span> <span class='ocrx_word' id='word_1_780' title='bbox 2411 5530 2679 5604; x_wconf 83' lang='grc' dir='ltr'>ἄρχοντες,</span> <span class='ocrx_word' id='word_1_781' title='bbox 2709 5529 2842 5588; x_wconf 74' lang='grc' dir='ltr'><strong>τῶν</strong></span> <span class='ocrx_word' id='word_1_782' title='bbox 2903 5538 3102 5591; x_wconf 68' lang='grc' dir='ltr'>κατὰ</span> <span class='ocrx_word' id='word_1_783' title='bbox 3157 5545 3290 5598; x_wconf 71' lang='grc' dir='ltr'><strong>τοῦ</strong></span> <span class='ocrx_word' id='word_1_784' title='bbox 3335 5529 3594 5634; x_wconf 50' lang='grc' dir='ltr'><strong>Κυρξδ»</strong></span> 
     </span>
    </p>
   </div>
  </div>
