3818 6340
175 422 246 475 85
1325 419 1815 475 COMMENTANA
1857 421 1918 474 IN
1950 413 2286 475 PSALMOS.
3315 444 3377 487 δι,
3393 468 3404 478 .

170 527 324 591 £5705
359 519 681 590 συναχθέντων
713 513 884 567 ἐθνῶν
914 533 986 572 τε
1020 531 1150 586 καὶ
1191 536 1383 608 λαῶν,
1416 547 1671 615 βασιλέων
1699 562 1748 597 τε

1859 561 2005 614 pum,
2041 541 2339 599 visibilium
2377 536 2432 590 et
2470 530 2836 610 invisibinum,
2867 562 2953 616 qut
2992 560 3244 601 adversus
3275 546 3381 599 Do-

164 606 840 713 καὶάρξίδντωγχὸρωμένξθν
872 623 938 707 ’ξε
970 619 1091 670 καὶ
1139 606 1426 698 ἀφανῶν,
1445 637 1748 705 προστάττει

1856 635 2056 688 minum
2106 640 2161 688 et
2203 631 2463 686 adversus
2513 629 2783 690 Christum
2839 637 2952 704 ejus
2998 641 3374 699 convenerant,

158 715 221 770 τδ
250 704 435 804 Πνεῦμα
456 699 509 751 τὺ
532 699 675 806 ἆγιιοέθ
703 699 827 806 τοὺς
852 699 965 806 ’Ζῆς
984 699 1511 806 ἱεὶδωλολατρείας
1533 723 1748 791 δεσμοὺς

1855 723 2168 778 idololatriae
2209 720 2421 774 vincula
2464 716 2785 791 dirumpere,
2837 699 2889 777 et
2931 739 3170 793 quosque
3215 739 3376 794 grave

157 786 665 892 staéianﬁvat._x°fl
709 783 801 888 τδξ
858 783 1061 892 βξλρὶζν
1118 805 1242 875 τῆς
1293 783 1560 880 ἁμαρτίας
1599 783 1748 879 ζυγὸν

1855 815 2056 882 peccati
2076 815 2266 883 jugum
2291 813 2358 866 ab
2386 811 2559 864 anima
2582 783 2677 868 sua
2710 783 2970 883 projicere
2993 783 3243 885 aquibus,
3255 814 3374 870 sub-

159 883 480 984 ἁπθρῥνὶπτεεν
632 877 844 984 ὲαυτέΝ
873 877 1090 956 ψυχῆς
1109 906 1128 920 ⁸
1168 891 1266 959 οἷς
1296 877 1748 968 καταδεδουλωμέ-

1851 877 2020 973 iugali
2049 877 2199 971 prius
2229 902 2347 956 aliis
2385 877 3096 972 principibus-suberamusj:
3128 911 3187 958 ut
3215 904 3281 959 iis
3310 904 3372 956 li-

161 996 245 1037 νοι
270 973 488 1042 πρότερον
514 969 716 1040 ἑτέροις
755 969 1050 1062 ὅξρχουσιν
1088 981 1454 1057 ὑπεκείμεθα
1473 1005 1484 1017 ·
1515 988 1598 1040 ἵνα
1620 988 1748 1039 ὲκεί-

1851 969 2019 1043 berati
2052 969 2170 1044 leve
2217 969 2504 1044 Salvatoris
2533 969 2716 1059 jugum
2765 992 3108 1061 accipiamus,
3142 1008 3247 1062 quo
3271 1007 3372 1047 nos

168 1082 274 1125 νων
304 1059 720 1152 ἐλευθερωθέντεῄς
745 1057 842 1111 τὸν
872 1059 1148 1136 ὲλαιρρδν
1178 1072 1278 1124 τοῦ
1313 1075 1559 1145 Σωτῆρος
1596 1073 1748 1143 ζυγὸν

1853 1087 2105 1147 provocat
2129 1079 2211 1133 his
2233 1079 2408 1133 verbis
2437 1098 2452 1132 :
2493 1057 2672 1134 Venite.
2693 1083 2763 1134 ad
2788 1057 2897 1144 me,
2917 1057 3204 1152 omnesut-ti
3235 1083 3372 1137 labo-

172 1151 538 1222 ἀναδεξώμεθα,
563 1150 646 1217 ἐφ’
674 1150 734 1203 ὃν
757 1153 1159 1221 προκαλεῖται
1184 1161 1360 1229 λέγων
1380 1180 1393 1192 ·
1415 1163 1586 1216 Δεῦτε
1609 1171 1748 1232 πρὸς

1852 1169 1982 1220 ratis
2003 1178 2050 1220 et
2081 1168 2452 1230 onerati-estis,
2484 1177 2532 1220 et
2564 1184 2652 1236 ego
2683 1170 2910 1237 reﬁciam
2944 1187 3029 1223 vos
3053 1150 3260 1224 :-tollite
3279 1171 3372 1238 ju-

177 1255 251 1323 μέ
274 1245 467 1309 πάντες
493 1245 546 1295 οἱ
581 1242 928 1311 κοπιῶντες
953 1248 1065 1300 καὶ
1097 1254 1575 1322 πεφορτισμένοι,
1601 1254 1748 1321 κάγὼ

1851 1273 1970 1326 gum
1998 1272 2164 1309 meum
2185 1272 2336 1324 super
2365 1273 2471 1319 vos,
2495 1265 2542 1309 et
2572 1257 2732 1310 videte
2751 1259 2871 1325 quia
2902 1268 3220 1312 mansuetum
3241 1260 3368 1314 est“.

185 1335 475 1396 ἀναπαύσω
497 1331 671 1402 ὑμᾶς.
702 1335 920 1402 Ἄρατε
954 1337 1072 1391 τὸν
1101 1340 1284 1410 ζυγόν·
1304 1360 1442 1410 μου,
1465 1344 1558 1395 καὶ
1583 1343 1748 1409 ἴδετε,

1853 1343 1973 1398 Haec
2009 1359 2173 1412 porro
2199 1344 2351 1398 dicta
2371 1352 2498 1398 sunt
2519 1345 2765 1414 gentibus
2787 1345 3004 1399 Christo
3030 1361 3059 1398 a
3083 1345 3238 1400 Patre
3263 1353 3371 1399 tra-

196 1432 272 1484 ὅτι
293 1427 538 1495 χρηστός
597 1425 756 1482 ἐστι.
786 1428 1074 1483 Λέλεκται
1101 1431 1162 1484 δὲ
1187 1432 1357 1485 ταῦτα
1380 1434 1510 1503 πρὸς
1537 1434 1600 1486 τὰ
1631 1433 1748 1504 ἔθνη

1851 1435 1998 1498 ditis,
2038 1434 2314 1502 pmmissa
2354 1434 2558 1488 scilicet
2607 1450 2792 1488 eorum
2821 1435 2910 1504 qui
2940 1434 3004 1487 ad
3041 1434 3234 1490 Christi
3272 1437 3370 1490 do-

199 1519 257 1572 τὰ
279 1514 346 1584 τῷ
370 1515 579 1586 Χριστῷ
606 1516 715 1568 ὑπὸ
738 1516 837 1569 τοῦ
868 1509 1099 1589 nam;
1132 1521 1407 1592 δεδομένα,
1444 1521 1748 1590 προλαμϐά-

1851 1523 2078 1577 ctrinam
2105 1524 2376 1577 accessuri
2407 1531 2535 1576 sunt
2571 1524 2898 1587 narratione,
2931 1525 3158 1594 dataque
3186 1525 3369 1578 admo-

202 1623 350 1668 νοντος
377 1606 461 1658 τοῦ
488 1606 652 1673 λόγου
686 1607 822 1671 τοὺς
862 1609 1166 1679 μέλλοντας
1214 1612 1490 1682 προσιέναι
1519 1616 1582 1681 τῇ
1624 1613 1748 1682 Χρι-

1851 1611 2078 1671 ιιίιίοηε,.
2121 1617 2179 1663 ut
2221 1625 2287 1664 ne
2328 1611 2468 1663 ultra
2514 1620 2666 1665 vetus
2687 1611 2871 1680 jugum
2910 1610 3145 1666 humeris
3173 1610 3365 1674 ferant,

208 1698 305 1752 στοῦ
330 1697 658 1769 διδασκαλίᾳ,
693 1698 792 1751 καὶ
839 1700 1240 1768 παραινοῦντος
1293 1701 1481 1770 μηκέτι
1525 1702 1611 1752 τὸν
1645 1717 1751 1754 πα-

209 1789 324 1844 λαιὸν
346 1788 496 1856 ζυγὸν
525 1791 619 1841 ἐπὶ
652 1788 769 1842 τῶν
797 1789 970 1859 ὤμων
999 1791 1207 1862 φέρειν,
1244 1791 1374 1860 μηδὲ
1401 1794 1519 1853 ταῖς
1549 1794 1749 1861 σειραῖς

1851 1715 2022 1770 neque
2063 1700 2267 1755 catenis
2312 1700 2549 1768 priorum
2596 1699 2908 1753 delictorum
2950 1699 3222 1754 constricti
3260 1715 3370 1753 ma—

1851 1797 2030 1845 neant.
2062 1788 2165 1844 Sed
2205 1788 2410 1844 etiamsi
2461 1789 2674 1858 quidam
2709 1789 2838 1856 ipsis
2877 1799 2998 1844 ante
3041 1789 3251 1844 fuerant
3282 1791 3370 1843 do-

211 1881 291 1933 τῶν
336 1880 611 1950 προτέρων
658 1881 1091 1951 ἁμαρτημάτων
1132 1882 1336 1934 ἑαυτῶν
1384 1882 1747 1952 παραμένειν⁹

1851 1877 1998 1940 mini,
2034 1877 2302 1946 principes
2337 1877 2535 1938 acerbi,
2564 1877 2812 1931 videlicet
2833 1877 3048 1946 maligni
3078 1879 3367 1941 daamones.

211 1969 297 2023 ἀλλ’
327 1971 374 2021 εί
393 1969 483 2022 καί
511 1987 659 2033 τινες
682 1966 835 2040 ἦσαν
870 1971 1050 2024 αὐτῶν
1080 1972 1339 2041 πρότερον
1370 1971 1542 2042 κύριοι
1571 1971 1751 2041 ἄρχον-

210 2061 278 2123 τές
299 2077 358 2112 τε
385 2061 588 2130 πικροὶ,
615 2062 666 2112 οἱ
694 2060 871 2114 πάλαι
898 2059 1007 2112 τῶν
1036 2060 1202 2112 ἐθνῶν
1235 2060 1749 2130 κατατυραννοῦντες

206 2149 434 2217 δαίμονες
461 2150 709 2218 πονηροὶ,
739 2147 839 2210 οὒς
870 2148 934 2216 δὴ
952 2147 1106 2210 θεοὺς
1133 2147 1427 2217 ὠνόμαζον,
1468 2147 1624 2216 ζυγὸν
1655 2150 1752 2201 αὐ-

203 2243 299 2302 τοῖς
324 2239 729 2308 ἐπαιωροῦντες
767 2237 938 2308 βαρὺν
966 2238 1060 2289 καὶ
1108 2237 1433 2305 συγκόπτειν
1456 2237 1550 2308 τὴν
1576 2239 1754 2308 ψυχὴν

204 2329 274 2379 ἐπὶ
301 2329 361 2380 τὸ
394 2329 540 2380 κάτω
574 2327 886 2389 ποιοῦντες,
923 2327 1140 2395 δεσμοῖς
1169 2343 1227 2377 τε
1272 2326 1465 2388 αὐτοὺς
1497 2326 1745 2389 ἀσεϐείας

205 2419 684 2490 καταδεσμοῦντεςο
740 2418 948 2471 τούτων
1002 2417 1251 2470 ἁπάντων
1297 2415 1392 2485 τὴν
1441 2415 1749 2468 δυναστείαν

200 2511 401 2578 φεύγειν
434 2509 898 2582 παρακελεύεται·
927 2507 1280 2577 προσφεύγειν
1305 2505 1360 2557 δὲ
1393 2505 1468 2575 τῷ
1494 2507 1744 2576 Λυτρωτῇ

200 2602 274 2652 καὶ
313 2601 550 2671 Σωτῆρι,
591 2599 691 2652 καὶ
721 2599 788 2670 δὴ
820 2599 1018 2667 κλῆρον
1051 2597 1246 2652 αὐτοὺς
1293 2593 1451 2664 παρὰ·
1485 2595 1576 2645 τοῦ
1622 2593 1746 2645 ἰδίου

199 2691 388 2761 Πατρὸς
405 2692 671 2762 εἰληφότι.
688 2689 874 2742 Ταῦτα
891 2689 968 2746 δὲ,
986 2689 1136 2756 φησι,
1152 2683 1435 2755 πράξωμεν
1461 2685 1507 2736 οἱ
1537 2685 1630 2753 τῆς
1655 2684 1746 2735 τοῦ

196 2781 415 2855 Χριστοῦ
449 2781 825 2853 κληρονομίας
855 2779 992 2845 ἄξιοι
1027 2777 1322 2846 γενόμενοι,
1349 2775 1656 2838 είδότες,ὄτι
1687 2776 1748 2825 '0

196 2873 480 2928 κατοικῶν
542 2875 614 2925 ἐν
657 2869 938 2938 οὐρανοῖς
980 2867 1359 2936 ὲκγε.ιῖάσεται
1404 2865 1638 2928 αὐτοὺς,
1681 2864 1748 2916 τά

193 2965 310 3035 ἔθνη
351 2963 553 3034 δηλαδὴ
583 2962 680 3015 καὶ
710 2962 840 3020 τοὺς
870 2959 1032 3019 λαοὺς
1067 2958 1190 3019 τοὺς
1236 2954 1634 3016 ὲπαναστάντας
1674 2953 1748 3022 τῷ

193 3054 404 3125 Χριστῷ
433 3051 622 3115 αὑτοῦ,
653 3052 750 3103 καί
793 3052 826 3102 ὁ
855 3049 1069 3114 Κύριος
1113 3043 1484 3112 ἑκμυκτηριεῖ
1506 3044 1742 3107 αὐτούς.

190 3142 371 3196 Ταῦτα
408 3143 576 3195 πάλαι
621 3141 726 3210 μὲν
766 3135 1114 3208 προφητικῶς
1135 3135 1488 3202 ἁνειρωνεῖτο·
1521 3131 1747 3183 πέπονθε

1847 1965 1972 2018 alim
2005 1981 2102 2034 pro
2127 1966 2231 2020 diis
2253 1966 2440 2027 habiti,
2463 1965 2551 2034 qui
2579 1966 2907 2034 tyrannidem
2936 1967 2989 2020 in
3016 1977 3197 2033 gentes
3217 1983 3366 2022 exer-

1847 2055 2059 2117 cebant,
2093 2066 2144 2109 et
2170 2056 2355 2124 jugum
2387 2056 2519 2124 ipsis
2563 2071 2723 2124 grave
2764 2071 3154 2124 onerosumque
3197 2057 3372 2126 impo-

1846 2144 2069 2208 nehant,
2101 2151 2156 2197 ut
2185 2145 2414 2196 animam
2463 2159 2646 2198 eorum
2689 2143 2754 2196 ad
2794 2145 2973 2197 inﬁma
3003 2145 3372 2208 incurvarent,

1845 2231 2269 2299 colligabantque
2319 2231 2463 2298 ipsos
2511 2231 2797 2298 impietatis
2861 2230 3118 2296 vinculis;
3172 2232 3369 2287 borum

1846 2321 2082 2376 omnim
2129 2321 2408 2390 imperium
2459 2319 2707 2388 effugere,
2755 2326 2808 2373 et
2862 2319 2927 2373 ad
2960 2319 3361 2390 Redemptorem

1847 2411 2282 2480 Salvatoremque
2341 2410 2630 2481 confugere
2676 2412 2966 2479 jubentur,
3031 2420 3216 2481 utpote
3271 2415 3362 2482 qui

1845 2499 1990 2570 ipsos
2022 2516 2051 2553 a
2081 2500 2240 2556 Patre
2271 2516 2370 2555 suo
2407 2503 2460 2554 in
2508 2503 2866 2556 hmreditatem
2901 2505 3183 2572 acceperit.
3217 2503 3360 2566 llaec,

1846 2591 2037 2660 inquit,
2069 2606 2288 2659 agamus
2324 2592 2412 2660 qui
2443 2591 2643 2645 Christi
2676 2591 2982 2645 haereditate
3019 2592 3160 2661 digni
3191 2593 3364 2646 ellecti

1845 2695 2052 2744 sumus,
2096 2682 2246 2750 gnari
2283 2683 2530 2737 videlicet
2571 2682 2871 2746 illius:Qui
2902 2681 3100 2733 habitat
3144 2681 3196 2733 in
3227 2683 3364 2736 caelis

1843 2768 2074 2821 irridebit
2098 2785 2203 2831 eos,
2235 2770 2486 2822 nimirum
2522 2771 2745 2840 populos
2771 2770 2861 2838 qui
2894 2770 3150 2824 adversus
3185 2768 3365 2823 Domi-

1846 2859 2047 2910 minum
2098 2865 2150 2910 et
2191 2859 2446 2913 adversus
2485 2858 2752 2913 Christum
2793 2859 2910 2926 ejus
2940 2859 3363 2922 insurrexerunt,

1842 2956 1893 2998 ct
1925 2946 2172 3000 Dominus
2196 2947 2532 3000 subsannabit
2566 2964 2671 3002 eos.
2705 2947 2826 3001 Haec
2850 2949 2975 3001 olim
2995 2948 3208 3019 quidem
3243 2965 3368 3019 pro-

1844 3038 2052 3106 phetica
2101 3039 2623 3106 praenuntiabantur;
2678 3043 2732 3091 at
2768 3044 2952 3106 postea
2981 3037 3232 3094 Judaicus
3273 3053 3368 3107 po-

1847 3129 2004 3197 pulus
2029 3142 2091 3180 ca
2126 3128 2239 3195 ipsa
2279 3142 2566 3196 perpessus
2603 3135 2704 3190 est,
2736 3128 2987 3183 obsessus
3012 3135 3065 3181 ct
3101 3143 3368 3197 expugna-

188 3232 236 3285 δὲ
278 3233 420 3286 αὐτὰ
449 3233 510 3284 τὸ
555 3229 830 3284 Ἰουδαίων
858 3227 1007 3288 ἔθνος
1035 3222 1379 3291 πολιορκηθὲν
1422 3221 1748 3290 παραχρῆμα

1851 3225 1933 3270 tus
1953 3232 2058 3270 non
2089 3217 2258 3269 multo
2287 3224 2568 3284 postquam
2606 3215 2827 3270 insidias
2867 3217 3154 3271 struxisset
3179 3225 3366 3270 contra

194 3322 327 3390 μετὰ
361 3322 458 3392 τὴν
502 3320 650 3374 κατὰ
692 3317 788 3371 τοῦ
830 3315 1076 3385 Σωτῆρος
1114 3310 1428 3380 ἐπιϐουλήνο
1475 3311 1566 3362 καὶ⁸
1609 3309 1746 3361 κατὰ

192 3415 411 3484 κράνους
433 3413 490 3464 δὲ
525 3414 574 3463 oi
609 3409 709 3476 τῆς
755 3405 1078 3474 Ἐκκλησίας
1103 3401 1194 3452 τοῦ
1225 3397 1454 3469 Χριστοῦ
1486 3397 1745 3467 πολέμιοι,

195 3505 430 3574 κρυφαία
456 3503 544 3556 ἀεὶ
577 3500 725 3572 χειρὶ
754 3495 1166 3566 πολεμούμενοι,
1197 3491 1300 3544 ὑπὸ
1328 3491 1418 3542 τοῦ
1445 3489 1749 3542 κατοικοῦν-

196 3611 277 3657 τος
313 3597 371 3648 ἐν
411 3594 666 3665 οὐρανοῖς
703 3588 930 3658 Κυρίου,
959 3584 1050 3638 τοῦ
1097 3583 1232 3652 πρὸς
1277 3580 1451 3633 αὐτῶν
1489 3579 1746 3649 πολεμου-

201 3685 376 3752 μένου.

265 3778 397 3830 Τότε
435 3771 703 3837 λαλήσει
743 3767 891 3835 πρὸς
915 3763 1131 3828 αὐτοὺς
1155 3763 1224 3815 ἐν
1248 3758 1392 3830 ὀργῇ
1420 3757 1618 3816 αὐτοῦ.
1652 3758 1747 3809 καὶ

193 3865 261 3917 ἐν
287 3865 364 3930 τῷ
395 3862 564 3933 θυμῷ
598 3858 789 3915 αὐτοῦ
822 3853 1058 3923 ταράξει
1085 3852 1322 3915 αὐτούς.
1367 3847 1523 3904 Ἀλλὰ
1557 3847 1649 3899 καὶ
1692 3847 1747 3896 ὲν

195 3955 270 4025 τῷ
299 3955 390 4025 τῆς
424 3952 668 4024 κρίσεως
703 3944 882 4017 καιρῷ
924 3942 1094 4014 ὀργῆς
1136 3938 1269 3992 θεοῦ
1321 3935 1746 4025 πειραθήσονται,

195 4023 284 4097 καὶ
442 4039 607 4110 θυμῷ
645 4035 813 4090 αὐτοῦ
861 4031 1286 4103 ταραχθήσονται
1330 4027 1524 4087 πάντες
1567 4025 1614 4076 oi
1656 4023 1748 4076 τοῦ

198 4134 455 4205 σωτηρίου
477 4132 642 4198 λόγου
672 4126 940 4195 πολέμιοι.
969 4120 1225 4188 Ἐπείπερ
1246 4117 1399 4178 αὐτὸς
1417 4118 1445 4168 ὁ
1469 4117 1556 4166 ὑπ’
1578 4113 1749 4205 αὐτῶν

198 4204 557 4293 προσηλωθεὶς
606 4218 707 4270 καὶ
761 4212 977 4281 θανάτῳ
1010 4207 1326 4280 παραδοθεὶς
1346 4245 1360 4268 ,
1393 4204 1653 4258 κατοικῶν
1695 4204 1750 4293 έν

197 4291 431 4382 ούρανοῖς
464 4309 563 4362 καὶ
595 4305 670 4358 τά
718 4304 896 4357 πάντα
937 4299 1222 4370 περιέχων,
1269 4295 1609 4362 έκγελάσεται
1654 4291 1749 4343 αύ-

198 4404 331 4464 τοὺς,
365 4401 458 4452 καὶ
485 4401 516 4451 ὁ
539 4395 738 4449 τούτου
766 4392 824 4444 δὲ
853 4391 1039 4460 Πατὴρ
1064 4392 1091 4442 ό
1124 4390 1218 4440 σὺν
1242 4385 1318 4454 τῷ
1351 4382 1567 4454 Χριστῷ
1590 4382 1750 4433 πολε-

205 4489 454 4558 μούμενος
510 4481 881 4554 ἐκμυκτηριεῖ
902 4478 1115 4538 αὐτοὺς,
1143 4475 1234 4527 καὶ
1254 4473 1348 4543 τὴν
1374 4471 1527 4534 ἀξίαν
1560 4471 1750 4532 αὐτοὺς

203 4577 545 4647 εἰσπράξεται
592 4573 784 4641 δίκην
839 4570 887 4620 εἰ
919 4568 967 4618 oi
999 4566 1143 4633 λόγοι
1191 4563 1295 4614 τῶν
1338 4561 1568 4614 ἀπειλῶν
1603 4561 1746 4628 λόγοι

206 4668 326 4719 εἰσιν
359 4670 415 4720 ὲν
445 4667 590 4736 ὀργῇ
621 4657 1104 4727 άπαγγελλόμενοι.

278 4757 415 4825 Ἐγὼ
469 4755 540 4808 δὲ
575 4748 952 4812 κατεστάθην
978 4744 1271 4809 ,ϐασιλεὺς
1303 4743 1399 4796 ὑπ’
1437 4739 1616 4794 αὐτοῦ
1652 4739 1747 4791 ἐπὶ

206 4847 343 4902 Σιὼν
372 4846 509 4914 ὄρος
542 4843 612 4896 τὸ
651 4842 824 4908 ἅγιον
855 4835 1061 4896 αὐτοῦ,
1101 4833 1457 4901 διαγγέλλων
1477 4829 1542 4882 τὸ
1571 4830 1748 4895 πρόσω

208 4948 378 5000 τάγμα
414 4930 664 4998 Κυρίου.
742 4925 863 4978 Οἵδε
907 4923 1004 4991 μὲν
1029 4959 1044 4982 ,
1085 4920 1212 4988 φησι
1239 4958 1252 4978 ,
1317 4919 1438 4972 τάδε
1478 4918 1748 4968 πείσονται

209 5023 250 5074 οἱ
294 5024 428 5074 κατὰ
476 5018 577 5072 τοῦ
633 5015 845 5084 Κυρίου
891 5013 986 5064 καὶ
1025 5009 1161 5060 κατὰ
1195 5009 1283 5060 τοῦ
1320 5004 1550 5079 Χριστοῦ
1589 5003 1750 5056 αὑτοῦ

213 5111 534 5172 συνελθόντες
554 5147 570 5170 ,
594 5107 690 5160 καὶ
715 5103 954 5156 τοιοῦτον
999 5099 1096 5167 μὲν
1121 5099 1333 5170 ἐκείνων
1359 5097 1420 5150 τὸ
1447 5095 1596 5156 τέλος
1615 5110 1628 5122 ·
1656 5093 1752 5162 ἐμὲ

212 5201 259 5254 δὲ
302 5203 415 5254 τότε
470 5198 611 5268 μετὰ
661 5197 761 5265 τὴν
789 5189 1061 5255 τοσαύτην
1093 5187 1369 5257 ἐπιϐουλὴν
1401 5186 1494 5239 καὶ
1523 5183 1752 5236 τοσαῦτα

215 5291 342 5359 πάθη
391 5289 614 5360 βασιλέα
644 5286 781 5355 πρὸς
810 5277 980 5334 αὐτοῦ
1017 5274 1108 5326 τοῦ
1140 5275 1346 5343 Πατρὸς
1373 5271 1751 5335 καθεστάσθαι,

218 5383 297 5434 καὶ
320 5381 376 5434 τὸ
407 5379 668 5450 πατρικὸν
701 5377 729 5428 ὑ
738 5376 829 5443 μίν
861 5368 1187 5436 πρόσταγμα
1211 5365 1537 5432 διαγγέλλειν
1558 5379 1570 5391 ·
1599 5362 1752 5414 τοῦτο

216 5471 252 5522 δ’
276 5471 334 5524 ἂν
363 5471 444 5540 εἴη
476 5470 536 5521 τὸ
568 5460 918 5533 εὐαγγελικὸν
949 5454 1222 5540 κήρυγμα.
1295 5457 1356 5507 Ei
1381 5454 1438 5505 δέ
1467 5454 1608 5504 ἐστιν
1631 5452 1750 5522 ὅρος

224 5563 352 5628 Ξιγιον
380 5538 510 5614 Θεοῦ
546 5560 604 5611 τὸ
637 5551 964 5622 ἐπουράνιον
995 5542 1112 5609 περὶ
1136 5538 1199 5595 οὗ
1253 5560 1416 5614 φησιν
1445 5545 1474 5594 ό
1506 5542 1705 5604 Παῦλος
1733 5561 1746 5572 ·

228 5651 684 5716 Προσεληλύθατε
709 5641 866 5696 Σιὼν
901 5633 1025 5698 ὄρει
1043 5645 1056 5658 '
1091 5631 1181 5682 καὶ
1217 5635 1382 5687 πάλιν
1403 5650 1415 5661 ⁸
1460 5632 1530 5684 Ἠ
1553 5629 1615 5682 δὲ
1633 5631 1752 5687 ἄνω

284 5763 301 5790 ⁸
335 5760 502 5813 Matth.
540 5775 608 5823 xi,
639 5751 822 5808 28—50.
910 5742 934 5772 '
972 5737 1124 5797 Hebr.
1166 5758 1274 5808 ιιι,
1304 5746 1394 5798 22,

1846 3305 2212 3368 Salvatorem;
2246 3305 2515 3373 variisque
2547 3305 2792 3358 similiter
2822 3306 3149 3374 temporibus
3182 3306 3366 3358 eadem

1844 3394 2048 3462 experti
2075 3400 2200 3448 sunt
2223 3392 2425 3444 inimici
2451 3392 2701 3446 Ecclesiae
2729 3392 2947 3456 Christi,
2985 3394 3191 3447 occulta
3226 3409 3369 3447 sem-

1846 3497 1937 3552 per
1965 3498 2124 3535 manu
2146 3482 2439 3552 impugnati
2470 3497 2497 3534 a
2528 3482 2751 3536 Domino
2778 3481 2868 3551 qui
2891 3481 3095 3534 habitat
3121 3483 3174 3534 in
3194 3482 3365 3544 caelis.

1843 3586 2000 3640 quem
2035 3571 2135 3638 ipsi
2165 3570 2308 3624 bello
2336 3570 2685 3640 impetchant.

1914 3745 2076 3800 Vens.
2112 3745 2164 3798 5.
2205 3743 2346 3798 Tunc
2377 3743 2609 3812 loquetur
2652 3742 2718 3795 ad
2749 3758 2834 3795 eos
2879 3742 2930 3794 in
2963 3742 3043 3794 ira
3074 3757 3190 3803 sua,
3223 3750 3270 3793 et
3313 3741 3368 3792 in

1843 3837 2020 3904 furore
2047 3850 2140 3888 suo
2169 3831 2494 3886 conturbabit
2514 3847 2620 3885 eos.
2658 3828 2798 3884 Sane
2821 3829 2878 3884 in
2903 3837 3138 3898 tempore
3155 3828 3365 3896 jndicii.

1845 3925 1937 3979 ira:
1962 3924 2155 3977 divina:
2183 3921 2476 3992 periculum
2517 3920 2732 3981 facient,
2764 3934 2826 3972 ac
2847 3919 3014 3987 ipsius
3046 3919 3224 3972 furore
3254 3925 3370 3970 tur-

1846 4014 2117 4068 babuntur
2147 4027 2332 4066 omnes
2371 4010 2518 4065 verbi
2557 4009 2808 4063 salutaris
2839 4007 3062 4062 inimici.
3097 4006 3370 4075 Siquidem

1847 4105 1893 4158 is
1926 4103 2040 4172 ipse
2082 4101 2174 4170 qui
2211 4099 2396 4153 afﬁxus
2444 4099 2511 4153 ab
2542 4099 2648 4151 illis
2681 4105 2782 4160 est,
2824 4111 2887 4150 ac
2929 4096 3083 4149 morti
3123 4095 3368 4156 traditus,

1846 4195 1938 4264 qui
1968 4190 2170 4246 habitat
2196 4191 2253 4242 in
2275 4189 2426 4243 coalis
2454 4195 2509 4241 et
2551 4186 2729 4241 omnia
2761 4183 3150 4254 complectitur,
3183 4183 3374 4241 irridet.-

1846 4281 1922 4336 bit
1949 4295 2061 4343 eos,
2095 4279 2319 4348 ejusque
2350 4276 2504 4331 Pater
2528 4277 2618 4345 qui
2667 4289 2788 4328 cum
2814 4274 2931 4342 ipso
2957 4272 3179 4328 Christo
3202 4281 3374 4341 oppu-

1848 4381 2041 4442 gnatur
2079 4370 2430 4426 subsannabit
2476 4384 2588 4433 eos,
2632 4369 2924 4436 dignasque
2960 4366 3027 4420 ah
3066 4366 3144 4422 eis
3186 4379 3374 4434 poenas

1851 4470 2082 4531 expetet,
2119 4460 2382 4530 siquidem
2405 4461 2568 4514 verba
2597 4457 2826 4512 minacia
2867 4457 2960 4512 ira:
2988 4463 3222 4531 tempore
3246 4469 3373 4523 pro-

1783 4528 1823 4581 D
1853 4528 1958 4607 lata
1984 4560 2129 4608 sunt.

1920 4727 2080 4780 Vens.
2101 4725 2154 4780 6.
2177 4724 2280 4795 Ego
2311 4737 2475 4777 autem
2506 4725 2812 4777 constitutus
2831 4739 2942 4776 sum
2959 4735 3047 4781 rex
3061 4718 3122 4778 ab
3146 4735 3204 4772 eo
3226 4733 3374 4785 super

1853 4819 1978 4874 Sion
1997 4829 2218 4873 montem
2241 4829 2474 4873 sanctum
2494 4817 2625 4884 ejus,
2647 4817 2932 4886 praedicans
2947 4821 3251 4880 prmeptum
3275 4811 3375 4864 Do-

1855 4911 2004 4963 mini.
2042 4909 2164 4963 Ηωο
2203 4919 2254 4963 et
2280 4910 2497 4972 similia,
2535 4908 2728 4974 inquit,
2757 4905 3022 4974 patientur
3051 4900 3145 4968 qui
3178 4915 3368 4954 conve-

1853 5009 2049 5054 nerunt
2087 5001 2344 5054 adversus
2391 4997 2671 5056 Dominum
2705 5002 2758 5047 et
2806 4993 3060 5046 adversus
3102 4990 3375 5044 Christum

1850 5091 1989 5159 ejus,
2021 5101 2070 5144 et
2102 5089 2407 5158 huiusmodi
2438 5087 2541 5140 erit
2569 5085 2785 5136 illorum
2817 5082 2957 5136 ﬁnis.
3005 5079 3156 5146 QuOd
3196 5091 3374 5135 autem

1853 5201 1952 5254 ego
2002 5193 2122 5254 post
2163 5191 2336 5239 tantas
2376 5179 2602 5241 insidias
2637 5185 2689 5230 et
2722 5185 2829 5229 tam
2879 5175 3074 5229 multos
3103 5172 3376 5226 cruciatus

1850 5292 1941 5330 rex
1989 5277 2055 5329 ab
2106 5276 2221 5343 ipso
2265 5273 2417 5324 Patre
2464 5267 2870 5323 constituendus
2930 5265 3054 5328 sim,
3095 5269 3375 5330 paternum

1853 5364 2003 5418 vobis
2037 5367 2352 5430 praeceptum
2385 5357 2749 5418 nuntiaturus,
2786 5370 2847 5409 ea
2879 5361 3023 5409 certe
3064 5346 3372 5414 evangelica

1857 5452 2162 5521 pradicatio
2196 5447 2372 5500 fuerit.
2421 5446 2574 5521 Quod
2612 5443 2658 5498 si
2691 5459 2843 5498 mons
2874 5447 3092 5498 sanctus
3116 5434 3232 5494 Dei,
3261 5445 3374 5521 etB-

1855 5519 2006 5610 lestis
2037 5541 2124 5593 ille
2153 5536 2313 5605 fuerit
2341 5534 2407 5587 de
2446 5519 2553 5602 quo
2585 5532 2658 5586 ait
2706 5533 2939 5586 Paulus:
2979 5522 3280 5581 Accessistis
3307 5519 3373 5573 ad

1860 5630 1986 5698 Sion
2010 5627 2379 5688 montem’3ac
2401 5637 2622 5679 rursus;
2664 5622 2775 5678 Ιιια
2808 5633 2980 5677 autem
3033 5629 3146 5686 qua:
3167 5623 3376 5665 sursum
