3818 6318
528 359 592 417 8¹ἳ
1205 348 1462 405 ευςΕΒη
1501 339 1966 401 CASSARIENSIS
1994 338 2138 395 OPP.
2175 336 2351 391 PARS
2382 336 2465 388 ill.
2499 364 2568 376 -
2593 335 2990 388 EXEGL'I'ILA.
3587 332 3636 381 89

528 482 604 529 est
628 469 940 538 Jerusalem,
967 472 1128 526 libera
1154 478 1230 524 est
1245 470 1308 530 ³⁸,
1336 463 1598 535 atque-hic
1627 469 1804 515 tamen
1835 472 2036 528 regnun

2166 453 2551 521 Ἰερουσαλὴμ
2598 453 2872 518 ἐλευθέρα
2919 442 3088 498 ἐστὶν
3111 485 3126 508 ,
3185 441 3405 495 ἐνταῦθά
3449 459 3568 510 φησι
3595 446 3635 497 τὲ

532 559 636 616 sibi
660 531 1009 613 constitutum
1046 558 1151 621 ait;
1186 569 1309 624 pars
1358 531 1489 622 ergo
1533 563 1777 618 supernae
1805 546 2040 600 Ecclesia

2156 543 2400 614 βασίλεια
2451 540 2595 609 αὑτῴ
2655 536 2992 591 συνεστάναι⁸
3058 532 3216 602 μέρος
3263 531 3304 582 δ’
3337 531 3398 583 ἂν
3435 531 3527 599 τῆς
3559 534 3635 587 ἀνα

537 647 699 703 fuerit
724 649 884 702 etiam
928 662 990 702 ea
1021 661 1138 715 quae
1169 645 1223 697 in
1272 650 1414 714 terra
1449 649 1711 699 versatur,
1751 651 1876 690 cum
1905 650 2045 689 euin-

2169 633 2488 703 Ἐκκλησίας
2521 631 2612 684 καὶ
2649 633 2682 701 ή
2709 631 2799 682 ἐπὶ
2821 629 2924 698 γῆς
2954 628 3032 687 εἰς
3063 625 3233 675 ἐκεῖνο
3256 621 3432 685 τέλους
3472 624 3558 677 καὶ
3580 626 3635 677 αὖ

537 737 654 793 dem
699 737 765 791 ad
799 735 956 791 ﬁnem
987 712 1101 806 ipsa
1151 712 1457 789 contendat.
1510 727 1789 796 Quomodo
1820 733 1995 780 autem
2025 739 2045 777 ε

2159 730 2226 797 τῇ
2258 725 2553 780 σπεύδουσα
2584 722 2680 792 (1).
2711 723 2895 780 Ὅπως
2937 717 2993 768 δὲ
3018 715 3120 768 ὑπὸ
3165 712 3256 766 τοῦ
3283 713 3486 782 Πατρδς
3509 716 3561 767 ἐν
3606 733 3634 766 τη

535 827 695 885 Patre
721 827 775 880 in
819 825 946 878 Sion
980 801 1184 880 scelesti
1228 823 1550 878 constitutus
1589 819 1748 874 fuerit
1774 831 1866 870 rex
1906 813 2043 868 Chri-

2155 813 2454 884 ἐπουρανίῳ
2470 811 2602 863 Σιὼν
2627 806 2924 874 κατεστάθη
2945 803 3194 873 βασιλεὺς
3214 805 3240 854 ὁ
3257 801 3478 871 Χριστὸς
3499 804 3635 856 arb-.02

538 928 672 979 stus,
699 916 991 985 intelligere
1021 916 1164 977 licet,
1195 914 1336 984 quod
1364 913 1565 968 dictum
1603 910 1680 963 illi
1721 907 1789 962 sit
1814 926 1826 959 :
1864 903 1993 958 Sede
2023 920 2046 956 ιι

2157 905 2383 974 πάρεστι
2409 902 2600 971 γνῶναι
2632 900 2722 952 καὶ
2746 897 2851 950 ἀπὺ
2882 895 2975 947 τοῦ
3005 893 3252 963 λέγεσθαι
3281 892 3453 960 αὐτῷ·
3497 893 3635 946 Κὰθο

537 1008 731 1063 dextris
769 1007 914 1069 meis,
947 1005 1107 1058 donec
1137 1021 1322 1073 ponam
1356 1003 1592 1056 inimicos
1629 1015 1744 1053 tuos
1777 996 2045 1051 scabellum

2153 999 2219 1051 ἐκ
2247 993 2452 1059 δεξιῶν
2476 1010 2591 1062 μου
2611 1030 2624 1052 ,
2649 991 2750 1054 ἕως
2783 987 2858 1041 ἂν
2884 983 2966 1037 θῶ
2997 984 3129 1048 τοὺς
3159 983 3401 1050 ἐχθρούς
3426 998 3534 1034 σου
3557 985 3630 1033 ὑπ

535 1097 720 1172 pedum
752 1094 1034 1150 tuorum“.
1080 1093 1226 1160 Quos
1254 1107 1442 1163 nempe
1473 1092 1738 1152 inimicos,
1763 1087 1863 1141 nisi
1898 1100 2043 1155 supra

2158 1087 2364 1140 πόδιον
2394 1082 2508 1137 τῶν
2539 1081 2733 1135 ποδῶν
2762 1093 2895 1130 σου.
2951 1075 3146 1136 ΙῘοίους
3173 1073 3228 1124 δέ
3260 1072 3479 1142 ἐχθροὺς
3508 1071 3537 1140 ἦ
3568 1074 3635 1124 τοξ

535 1159 883 1251 memoratos,
912 1186 1002 1256 qui
1033 1183 1339 1254 congregati
1379 1189 1505 1237 sunt
1533 1181 1792 1235 adversus
1819 1191 1962 1238 eum,
2006 1186 2043 1230 el

2158 1175 2579 1247 προλεχθέντας,
2614 1171 2735 1233 τοὺς
2763 1168 2824 1238 δὴ
2865 1163 3220 1232 συναχθέντας
3269 1161 3385 1213 κατ’
3411 1159 3565 1212 αὑτοῦ
3595 1177 3635 1212 κε

536 1276 818 1332 astiterunt
855 1249 1164 1342 principes:
1184 1249 1355 1340 reges,
1397 1277 1582 1341 gentes
1635 1276 1794 1336 atque
1841 1264 2044 1334 populii

2157 1265 2528 1337 παραστάντας
2560 1262 2816 1332 ἄρχοντας
2843 1257 2934 1310 καὶ
2961 1252 3216 1323 βασιλεῖς,
3244 1251 3337 1302 καὶ
3387 1249 3562 1312 λαοὺς,
3602 1267 3634 1301 κ

537 1367 698 1421 hosce
725 1340 868 1419 enini
895 1363 994 1419 sub
1031 1362 1254 1435 pedibus
1279 1340 1829 1431 ejussubstmtururn
1856 1371 1913 1410 se
1934 1369 2045 1425 pro.

2158 1356 2321 1425 ἕθνης
2371 1353 2588 1411 τούτους
2635 1350 2740 1420 γάρ
2788 1344 3073 1410 ὑποτάξειν
3124 1345 3236 1404 τοῖς
3285 1340 3444 1394 αὑτοῦ
3489 1341 3631 1394 ποσὶν

539 1457 684 1514 misit
726 1457 900 1510 Pater.

2159 1445 2343 1516 Πατὴρ
2373 1441 2744 1514 ἐπηγγείλατο.
2957 1435 2967 1447 ’

611 1545 770 1600 Vens.
801 1546 853 1601 7.
890 1543 1138 1596 Dominus
1181 1541 1314 1594 dixit
1355 1537 1422 1590 ad
1466 1553 1580 1590 me:
1622 1535 1793 1588 Filius
1828 1549 1968 1587 meus
2006 1548 2060 1585 es

2226 1538 2435 1603 Κύριος
2479 1531 2606 1587 εἷπε
2655 1533 2801 1598 πρὸς
2831 1532 2911 1596 μέ
2936 1545 2948 1556 ·
3005 1525 3134 1589 Υἱός
3168 1539 3286 1591 μου
3325 1517 3383 1574 εἴ
3429 1520 3545 1581 σὺ,
3591 1519 3635 1586 ἐ]

539 1645 614 1698 tu,
659 1651 749 1704 ego
782 1634 930 1688 hodie
979 1633 1131 1703 genui
1160 1639 1226 1686 te.
1273 1628 1425 1691 Illud,
1475 1626 1645 1690 hodie,
1691 1639 1882 1678 nomen
1924 1630 2047 1677 tem-

2159 1626 2415 1695 σήμερον
2442 1617 2761 1693 γεγέννηκὰ
2786 1632 2876 1669 σε.
2925 1614 3000 1666 Τὸ
3031 1611 3299 1679 σήμερον
3325 1609 3491 1678 ὄνομα
3522 1608 3635 1678 χρὸν

538 1698 706 1795 poris-
729 1737 828 1789 est,
867 1698 1110 1793 idemque
1151 1721 1410 1792 signiﬁcat
1451 1726 1610 1787 atque
1665 1715 1910 1786 praesenti
1948 1713 2046 1766 die.

2161 1717 2341 1769 ἐστίν·
2401 1713 2701 1781 ίσοδυναμεῖ
2729 1709 2783 1762 δὲ
2831 1709 2894 1777 τῇ
2945 1702 3226 1772 ἐνεστὼσῃ
3254 1700 3470 1795 ἡιιέρᾳ·
3528 1698 3628 1768 me

540 1785 662 1871 Dies
721 1823 896 1870 autem
945 1785 1412 1871 est-interstitium
1473 1785 1742 1879 quoddam
1785 1805 2048 1874 temporis,

2127 1805 2215 1860 ῐδέ
2263 1803 2531 1874 διάστημά
2573 1819 2623 1855 τι
2679 1798 2922 1870 κρονικόν
2957 1797 3097 1847 ἐστι.
3185 1792 3251 1843 Τί
3282 1785 3376 1852 οὖν
3414 1805 3544 1856 φησι
3580 1803 3635 1856 πε

539 1903 649 1958 Cur
671 1903 832 1973 igitur
853 1903 926 1958 ait
953 1904 1026 1956 illi
1057 1901 1344 1956 Dominus:
1390 1876 1505 1969 Ego
1527 1897 1677 1951 hodie
1701 1895 1853 1965 genui
1894 1891 1977 1946 te?
2011 1893 2047 1946 ἰ(

2163 1898 2319 1951 αὑτὸν
2339 1899 2366 1949 ὁ
2393 1895 2589 1965 Κύριος
2608 1911 2622 1922 ·
2671 1888 2807 1958 Ἐγὼ
2837 1886 3106 1955 σήμερον
3139 1877 3466 1952 γεγέννηκά
3493 1892 3592 1938 σε;
3621 1876 3635 1928 ε

537 1969 788 2050 videlicet
818 1992 885 2048 de
914 1991 1189 2062 temporali
1213 1990 1554 2060 generatione
1580 1987 1804 2047 dictum,
1831 1999 1949 2053 quae
1971 1999 2045 2052 pel

2161 1988 2330 2041 λονότι
2383 1985 2509 2054 περὶ
2564 1984 2660 2052 τῆς
2718 1979 2972 2052 χρονικῆς
3025 1975 3129 2046 ἔφη
3172 1973 3446 2043 γενήσεως
3474 1969 3568 2037 τῆς
3599 1983 3631 2019 κ

539 2082 888 2137 mconomiam
915 2057 1073 2135 facta.
1127 2079 1200 2134 De
1218 2057 1318 2133 illa
1350 2091 1580 2147 namque
1615 2092 1732 2146 qua:
1770 2074 1886 2129 sine
1913 2074 2047 2143 prin-

2162 2073 2492 2144 οἰκονομίανο
2555 2070 2678 2141 περὶ
2732 2067 2837 2137 γὰρ
2888 2066 2990 2135 τῆς
3021 2064 3261 2133 ἀνάρχου
3295 2058 3457 2129 φησὶν
3510 2057 3631 2108 αὐτὸ

539 2171 682 2242 cipio
714 2177 816 2230 est,
845 2171 918 2224 ait
951 2173 1065 2239 ipse
1099 2169 1298 2222 David:
1350 2167 1432 2221 Ex
1457 2145 1601 2221 utero
1637 2145 1765 2219 fante
1795 2165 2047 2232 luciferun

2163 2164 2348 2216 Δαυῖδο
2409 2165 2499 2215 Ἐκ
2533 2158 2785 2230 γαστρὸς
2813 2154 2926 2223 πρὸ
2957 2154 3274 2220 ἑωσφόρον
3306 2145 3599 2217 ἐγέννησά
3629 2166 3635 2198 ι

538 2239 690 2330 genui
720 2262 848 2314 te".
897 2259 1145 2330 Gignitur
1173 2266 1352 2312 autem
1393 2258 1572 2321 hodie,
1604 2273 1708 2312 non
1739 2256 2046 2325 principiun'

2165 2255 2414 2306 Γεννᾶται
2443 2253 2497 2304 δὲ
2528 2253 2759 2320 σήμερον
2797 2247 2918 2315 οὐχὶ
2976 2244 3152 2315 ἀρχὴν
3191 2241 3502 2300 συστάσεως
3551 2239 3603 2288 ἐν

538 2351 834 2406 exsistendi
862 2351 917 2408 in
941 2359 1063 2404 ortu
1093 2350 1383 2418 accipiens,
1413 2347 1506 2403 sed
1537 2348 1832 2403 secundum
1871 2361 2038 2400 carna

2165 2341 2447 2410 γεννᾶσθαι
2496 2338 2776 2408 λαμϐάνων
2795 2375 2809 2397 ,
2846 2332 2988 2387 κατὰ
3026 2332 3084 2384 δὲ
3110 2331 3211 2400 τὴν
3236 2327 3502 2400 σαρκικὴν
3533 2327 3635 2377 οἶκε

541 2442 644 2499 lem
687 2441 1040 2495 oeconomiam
1079 2439 1132 2491 in
1163 2414 1501 2506 adoptionem
1524 2437 1763 2490 veniens.
1818 2434 1882 2486 Et
1915 2435 2049 2503 quis-

2168 2431 2292 2504 μίαν
2322 2432 2400 2490 είς
2421 2426 2682 2480 υἱοθεσίαν
2711 2423 2898 2476 ἐλθών.
2935 2422 3048 2474 Καὶ
3069 2423 3098 2474 ὁ
3122 2420 3253 2490 παρ’
3282 2416 3446 2472 αὐτοῦ
3472 2415 3528 2466 δὲ
3555 2414 3635 2465 λαε

542 2529 667 2600 quis
715 2528 782 2583 ab
823 2543 888 2581 eo
935 2527 1128 2596 accipit
1163 2531 1496 2595 potestatem
1543 2531 1601 2581 ut
1645 2523 1785 2578 (ilius
1822 2522 1907 2576 Dei
1956 2522 2045 2575 f-at

2165 2521 2402 2588 ἐξουσίαν
2426 2518 2607 2572 τέκνον
2633 2513 2763 2567 Θεοῦ
2783 2512 3036 2581 γενέσθαι
3054 2551 3070 2574 ,
3095 2512 3186 2564 ὅτε
3209 2509 3422 2578 γίνεται
3441 2507 3620 2559 τέγνον

541 2592 753 2688 quando
780 2615 938 2674 ﬁlius.
962 2592 1392 2685 per—baptismum
1421 2620 1779 2682 regeneratus,
1812 2611 2036 2664 eﬂicitur

2164 2609 2255 2662 τοῦ
2291 2606 2650 2678 βαπτίσματος
2679 2598 3128 2672 ἀναγεννώμενος
3158 2637 3176 2660 ,
3207 2596 3397 2668 ἔτερόν
3427 2612 3477 2647 τι
3508 2592 3609 2661 πρὸ

543 2681 634 2776 qui
690 2713 865 2762 tamen
906 2681 1110 2772 aliquid
1143 2681 1330 2757 iuerat
1369 2681 1652 2770 antequam
1711 2700 1852 2752 lilius
1901 2706 2044 2753 esset

2165 2693 2299 2750 εἶναι
2331 2694 2512 2746 τέκνον
2545 2690 2798 2760 ὑπάρχων
2823 2727 2838 2752 ,
2881 2686 3309 2755 ἐξευγενίζεται.
3355 2681 3410 2737 ’0
3456 2684 3632 2754 μέντοι

544 2774 671 2856 tunc
726 2795 839 2866 ipse
894 2793 1225 2849 nobilitatur.
1274 2791 1480 2845 Dicitur
1525 2791 1790 2860 propriam
1821 2788 2045 2842 Hebraic

2176 2785 2420 2855 Ἐϐραῖος
2453 2782 2661 2848 ἐλέγετο
2693 2778 2880 2849 κύριον
2916 2774 3060 2831 εἶναι
3098 2778 3200 2846 τῆς
3230 2775 3434 2841 λέξεως
3462 2815 3477 2838 ,
3513 2774 3635 2826 Etsi:

545 2892 723 2942 textus
749 2864 1194 2950 signiﬁcationem
1224 2895 1344 2936 esse
1366 2881 1556 2948 peperi,
1583 2895 1686 2949 qua
1715 2879 1906 2948 Aquila
1937 2891 2053 2932 usus

2165 2875 2298 2944 ὅπερ
2317 2874 2407 2927 καί⁸
2438 2870 2661 2932 Ἀκύλας
2687 2867 3006 2938 πεποίηκεν.
3051 2864 3111 2918 Ὀ
3134 2866 3194 2918 δὲ
3227 2865 3572 2926 Ἀπόστολος,
3596 2880 3635 2914 νς

543 2986 646 3034 est.
698 2974 986 3045 Apostolus
1021 2979 1196 3026 autem
1247 2971 1586 3040 legisperitus
1629 2985 1750 3022 cum
1804 2976 1967 3030 esset,
2014 2970 2051 3021 ir

2170 2963 2342 3035 μαθὴς
2370 2962 2623 3032 ὑπάρχων
2643 3000 2656 3023 ,
2682 2960 2737 3012 ἐν
2759 2961 2824 3029 τῇ
2851 2959 2992 3030 πρὸς
3029 2958 3323 3028 Ἐϐραίους
3343 2959 3410 3028 τῇ
3432 2957 3538 3009 τῶν
3572 2957 3635 3008 'El

544 3065 780 3136 Epistola
809 3063 874 3118 ad
901 3063 1150 3118 Hebraeos
1183 3061 1527 3134 Septuaginta
1549 3059 1904 3133 lnterpretum
1947 3074 2052 3114 ver-

1204 3062 1527 3134 ieptuaginta
1549 3059 1904 3133 lnterpretum
1947 3074 2067 3114 ver-
2096 3111 2137 3168 Ω
2171 3055 2404 3126 μήκοντα
2435 3050 2712 3121 ἐχρήσατο.

545 3159 696 3213 sione
729 3169 857 3212 usus
890 3161 991 3213 est.

611 3245 763 3315 Quod
796 3252 972 3300 autem
998 3243 1111 3297 haec
1149 3243 1202 3297 in
1233 3240 1508 3297 Salvatore
1535 3247 1721 3296 nostro
1749 3237 1876 3294 Jesu
1910 3238 2070 3293 Chri.

2235 3230 2341 3284 Καὶ
2371 3229 2452 3281 ὅτι
2483 3243 2544 3294 γε
2590 3225 2668 3286 είς
2698 3222 2786 3275 τὸν
2821 3221 3103 3293 ἡμέτερον
3136 3221 3374 3290 Σωτῆρα
3417 3215 3623 3307 Ἰησοῦν

547 3311 651 3400 sto,
685 3345 738 3391 et
763 3349 874 3392 non
897 3334 952 3390 in
981 3333 1107 3401 alio,
1130 3333 1394 3406 completa
1423 3332 1552 3396 sint,
1583 3330 1915 3395 declaratur;
1942 3331 2055 3385 illum

2167 3319 2429 3392 Χριστὸν,
2479 3317 2572 3369 καὶ
2623 3313 2720 3365 οὐκ
2748 3313 2826 3375 εἰς
2897 3311 3102 3377 ἄλλον,
3161 3311 3526 3383 πεπλήρωται
3569 3325 3635 3362 τα

546 3430 724 3486 enim:

1256 3401 1274 3406 ὴ
2172 3408 2460 3480 παρίστησι
2475 3421 2488 3433 “
2520 3403 2579 3456 τὸ
2610 3401 2716 3471 γάρ
2734 3415 2747 3429 ·

616 3515 848 3574 Vens.8.
881 3513 1101 3569 Postula
1123 3530 1154 3566 α
1174 3527 1270 3574 me,
1310 3521 1359 3564 et
1395 3510 1529 3564 dabo
1554 3509 1647 3564 tibi
1666 3521 1839 3579 gentes
1863 3506 2083 3564 Iiwredi-

2235 3499 2478 3565 Αἴτησαι
2500 3493 2628 3562 παρ’
2649 3489 2812 3559 ἐμοῦ,
2839 3490 2945 3547 καί
2965 3489 3146 3544 δώσω
3177 3506 3279 3544 σοι
3305 3490 3456 3556 ἔθνη
3488 3487 3603 3554 τὴν
3633 3513 3635 3537 ς

549 3613 706 3661 tatem
744 3613 908 3667 tuam,
932 3613 983 3656 et
1022 3603 1394 3671 possessionem
1433 3609 1575 3652 tuam
1619 3601 1863 3653 terminos
1904 3609 2052 3653 terra,

2161 3590 2444 3658 ρονομίαν
2463 3601 2595 3649 σου,
2619 3585 2712 3638 καὶ
2737 3582 2854 3650 τὴν
2872 3580 3269 3649 κατάσχεσίν
3297 3596 3418 3633 σου
3447 3578 3520 3630 τὰ
3547 3575 3635 3644 πέλ

550 3708 708 3756 nemo
728 3693 923 3747 dixerit
952 3669 1140 3745 invalio
1169 3690 1418 3760 quopiam
1464 3697 1704 3743 veterum
1726 3687 1820 3742 Dei
1847 3689 2058 3757 prophe-

2171 3680 2274 3746 τῆς
2321 3679 2450 3749 γῆς,
2501 3676 2672 3738 οὐδεὶς
2723 3673 2788 3726 ἂν
2837 3673 2956 3746 ἐχοι
3002 3673 3176 3742 φάναι
3253 3671 3340 3738 ἐφ’
3407 3669 3594 3742 ἐτέρου

549 3795 724 3838 tarum
748 3783 921 3838 visum
942 3796 1004 3835 ac
1018 3781 1336 3852 completum
1356 3793 1494 3834 esse.
1523 3777 1655 3835 Nam
1677 3793 1845 3847 neque
1867 3777 2057 3850 Moyses

2173 3772 2338 3826 πάλαι
2361 3768 2453 3822 τοῦ
2480 3765 2611 3822 Θεοῦ
2641 3764 2940 3834 προφητῶν
2977 3761 3420 3834 πεφανερῶσθαι
3447 3761 3544 3814 καὶ
3568 3776 3634 3812 πε

551 3872 798 3928 omnibus
833 3872 1080 3942 gentibus
1109 3871 1406 3939 imperavit,
1453 3883 1626 3938 neque
1674 3866 1859 3930 David,
1905 3883 2059 3936 neque

2174 3860 2392 3933 ρῶσθαι.
2424 3856 2558 3910 Οὔτε
2585 3854 2690 3923 γάρ
2711 3854 2961 3924 Μωῦσῆς
2988 3853 3102 3906 τῶν
3121 3852 3300 3908 ἐθνῶν
3329 3854 3588 3906 ἁπάντων
3611 3853 3635 3902 ἐ

553 3962 826 4025 Salomon,
859 3977 1028 4030 neque
1054 3961 1191 4016 alius
1212 3959 1474 4028 quispiam
1503 3971 1688 4012 eorum
1710 3957 1801 4025 qui
1830 3971 1859 4008 a
1882 3958 2061 4010 smcult

2171 3967 2332 4021 τησεν
2351 3987 2366 4012 ,
2409 3945 2530 4000 οὒτε
2579 3942 2734 3997 Δαυῒδ
2757 3981 2772 4004 ,
2817 3942 2950 3995 οὔτε
2979 3942 3246 4011 Σολομὼν
3268 3985 3282 4005 ,
3314 3942 3444 3996 οὔτε
3475 3958 3562 4003 τις
3595 3940 3634 3991 ’ἑ-

551 4053 700 4106 fuere
724 4053 1101 4122 prephetarum
1133 4059 1226 4103 aut
1257 4063 1480 4117 regum:
1525 4047 1625 4101 soli
1670 4053 1852 4099 autem
1895 4045 2059 4099 Salva-

2174 4037 2459 4112 προφητῶν
2502 4036 2535 4106 ἢ
2581 4031 2841 4104 βασιλέων
2887 4034 3003 4088 τῶν
3068 4033 3133 4097 ἐξ
3185 4033 3389 4097 αἰῶνος
3436 4030 3635 4102 γενομέ

550 4141 656 4194 ι.οεί
693 4147 878 4195 nostro
923 4140 1034 4194 hrec
1063 4147 1364 4207 competere
1399 4136 1482 4190 vel
1510 4136 1623 4204 ipsa
1651 4149 1832 4188 rerum
1863 4134 2058 4204 perspi-

2179 4131 2320 4202 μόνῳ
2339 4130 2394 4182 δὲ
2414 4125 2489 4197 τῷ
2516 4122 2759 4194 ἡμετέρῳ
2789 4123 3016 4196 Σωτῆρι
3039 4127 3075 4194 ὴ
3105 4125 3218 4177 τῶν
3249 4125 3600 4195 πραγμάτων
3630 4123 3635 4171 ἐ

551 4227 719 4283 cuitas
740 4227 1082 4282 testiﬁcatur:
1109 4223 1538 4295 quandoquidem
1560 4224 1614 4277 in
1646 4238 1855 4277 onmem
1881 4234 2059 4278 terran

2176 4239 2296 4290 γεια
2342 4217 2626 4290 μαρτυρεῖ·
2661 4212 2966 4285 ἐπειδήπερ
3021 4217 3107 4278 εἰς
3144 4218 3336 4270 πᾶσαν
3369 4215 3473 4287 τὴν
3503 4214 3609 4285 γῆν

550 4318 713 4376 exivit
733 4333 896 4373 sonus
927 4318 1291 4388 apostolorum
1314 4315 1453 4382 ejus,
1479 4321 1532 4369 et
1565 4314 1618 4369 in
1649 4313 1782 4371 lines
1805 4314 1952 4369 orbis
1981 4322 2058 4370 ter

2179 4311 2268 4364 θεν
2317 4313 2345 4364 ὁ
2393 4307 2622 4376 φθόγγος
2660 4302 2763 4355 τῶν
2817 4305 3151 4360 ἀποστόλων
3205 4308 3380 4360 αὑτοῦ
3403 4348 3419 4370 ,
3468 4307 3567 4362 καὶ
3616 4323 3635 4358 ε

551 4422 625 4463 ra:
659 4407 819 4462 verba
845 4421 1028 4467 eorum
1057 4405 1420 4472 pervasere".

2127 4427 2155 4480 Β
2183 4401 2388 4470 πέρατα
2414 4398 2509 4467 ’τῆς
2530 4393 2854 4464 οἰκουμένης
2885 4395 2960 4450 τὰ
2997 4398 3230 4468 ῥήματα
3265 4398 3456 4452 αὐτῶν
3489 4398 3635 4468 διῆλθ

620 4497 782 4554 Vens.
820 4497 873 4552 9.
905 4498 1095 4552 Pasees
1120 4514 1204 4551 eos
1231 4498 1284 4553 in
1305 4498 1446 4566 virga
1468 4496 1658 4564 ferrea,
1686 4506 1929 4566 tanquam
1950 4513 2078 4550 vasa

2251 4488 2557 4559 Ποιμα-νεῖς
2583 4483 2806 4549 αὐτοὺς
2838 4486 2913 4538 ἐν
2933 4481 3148 4552 ῥάϐδῳ
3182 4490 3414 4559 σιδηρᾷ
3441 4532 3458 4556 ,
3494 4491 3578 4556 ὡς
3605 4507 3635 4543 ο

551 4589 700 4660 ﬁguli
747 4588 1036 4658 confringes
1077 4605 1182 4643 eos.
1211 4587 1438 4656 Accepta
1483 4588 1535 4640 in
1576 4602 1763 4643 omnes
1795 4595 2055 4656 potestate.

2185 4580 2471 4650 κεραμέως
2523 4575 2883 4641 συντρίψας
2933 4579 3195 4646 αὐτούς.
3278 4581 3484 4637 Λαϐὼν
3523 4583 3621 4654 τὴν

551 4679 759 4752 priores
784 4679 904 4733 illos
929 4679 1020 4748 qui
1051 4678 1331 4734 adversum
1381 4685 1433 4730 te
1478 4675 1812 4732 fremuerunt
1853 4686 1906 4731 et
1944 4693 2059 4731 van:

2185 4673 2396 4727 πάντων
2447 4666 2724 4734 ἐξουσίαν.
2785 4666 2921 4727 τοὺς
2975 4671 3294 4741 προτέρους
3359 4675 3611 4738 ἐκείνους

554 4769 790 4828 meditati
815 4776 960 4832 sunt,
991 4767 1084 4821 sed
1121 4767 1282 4822 etiam
1310 4766 1401 4836 qui
1442 4767 1748 4830 astiterunt,
1775 4777 1828 4821 et
1878 4782 2062 4822 conve-

2186 4764 2323 4819 κατὰ
2363 4761 2455 4814 σοῦ
2487 4755 2828 4826 φρυάξαντας
2861 4756 2962 4811 καὶ
2997 4759 3141 4814 κενὰ
3177 4763 3635 4838 μελετήσαντας,

553 4866 749 4914 nerunt
766 4859 1049 4914 adversum
1070 4865 1122 4912 te
1141 4873 1292 4928 reges
1313 4865 1469 4912 terra:
1488 4863 1540 4910 et
1555 4857 1841 4926 principes,
1865 4872 2055 4927 pasces

2185 4857 2277 4913 καὶ
2324 4855 2445 4914 τοὺς
2475 4847 2858 4918 παραστάντας
2905 4849 3009 4902 καὶ
3069 4855 3458 4924 συναχθέντας
3513 4858 3635 4912 κατέ

558 4959 663 5002 non
686 4949 940 5013 pastorali
978 4955 1378 5004 mansuetarum
1422 4948 1601 5004 ovium
1627 4949 1796 5018 virgea,
1823 4965 1942 5019 quae
1969 4964 2066 5004 scr-

2187 4947 2420 5018 βασιλεῖς
2443 4960 2504 4996 τε
2537 4942 2636 5009 γῆς
2676 4941 2767 4992 καὶ
2811 4941 3100 5014 ἄρχοντας
3132 4953 3464 5018 ποιμανεῖς,
3516 4952 3578 5004 οὺ
3606 4969 3635 5004 τ

559 5036 809 5091 monibus
839 5039 1269 5110 salutaribusque
1303 5039 1604 5110 disciplinis
1627 5048 1839 5095 constat
1864 5058 1879 5107 ;
1904 5041 2062 5108 hujus

2186 5037 2402 5107 ἡμέρων
2429 5031 2708 5103 προϐάτων
2735 5039 3092 5107 ποιμαντικῇ
3132 5038 3325 5109 ῥάϐδῳ
3346 5080 3362 5101 ,
3411 5045 3482 5112 τῇ
3517 5042 3609 5094 διὰ

558 5124 703 5180 modi
730 5138 960 5193 namque
988 5128 1134 5198 virga
1164 5131 1471 5185 rationabili
1499 5130 1704 5186 Christi
1732 5146 1859 5187 oves
1887 5133 1940 5186 in
1962 5132 2066 5202 ejus

2297 5094 2572 5192 σωτηρίων
2600 5094 2949 5190 μαθημάτων
2969 5141 2983 5156 ·
3008 5094 3248 5200 τοίαύτῃ
3271 5094 3388 5204 γὰρ
3411 5094 3615 5206 λδγικῇ

559 5219 811 5280 ovilibus,
841 5218 954 5272 sive
979 5218 1031 5270 in
1051 5219 1306 5278 Ecclesiis
1333 5231 1386 5278 et
1407 5221 1780 5296 spiritualibus
1807 5237 2067 5277 sacrarun

2186 5215 2253 5268 τὰ
2287 5190 2518 5283 Χριστοῦ
2575 5209 2824 5280 πρόϐατα
2865 5214 2927 5266 ἐν
2966 5219 3097 5280 ταῖς
3143 5190 3428 5291 μάνδραις
3469 5190 3635 5278 οἷο-τὲέ

563 5305 962 5378 scripturarum
985 5309 1220 5374 pascuis,
1263 5324 1550 5382 reguntur;
1592 5313 1685 5369 sed
1711 5314 1765 5367 in
1785 5313 1934 5383 virga
1975 5311 2071 5366 fer-

2184 5307 2302 5365 ταῖς
2344 5299 2678 5369 Ἑκκλησίαις
2709 5299 2807 5352 καὶ
2851 5305 2980 5367 ταῖς
3011 5304 3127 5360 τῶν
3166 5308 3340 5379 ἱερῶν
3366 5311 3612 5384 Γραφῶν

563 5414 686 5466 rea;
716 5413 821 5469 qua
844 5405 897 5452 et
924 5397 1042 5452 illos
1069 5405 1120 5452 et
1138 5401 1484 5468 cogitationes
1509 5419 1696 5459 eorum
1721 5403 2071 5474 confringere1

2191 5393 2442 5464 ματικαῖς
2468 5391 2656 5461 νομαῖς
2679 5406 2770 5443 ποι
2781 5391 3050 5460 μαίνεται
3076 5413 3088 5427 ·
3129 5397 3250 5453 ἀλλ’
3287 5403 3350 5455 ἐν
3383 5405 3576 5479 ῥάϐδῳ
3604 5423 3635 5461 σ

634 5527 679 5564 ⁸⁸
714 5525 887 5583 Galat.
919 5541 1004 5594 IV,
1031 5524 1120 5584 26.
1196 5527 1238 5558 ⁸⁸
1276 5525 1554 5600 cu,
1593 5533 1640 5596 Ι,
1677 5532 1732 5587 2.
1807 5533 1849 5564 "
1944 5534 2070 5590 ibid.
2136 5565 2142 5580 ι

1340 5530 1554 5595 ιιιςιι.
1593 5533 1640 5596 l,
1677 5532 1732 5587 ε.
1807 5533 1849 5564 η
1944 5534 2070 5590 ibid.
2136 5534 2189 5592 ι.
2324 5525 2366 5556 ³⁸
2403 5522 2753 5586 Ρεαιοινιιιι
2791 5523 2848 5578 5-

631 5679 714 5756 (ι)
737 5677 917 5750 Auri.
962 5691 1069 5736 σπ.
1099 5677 1400 5752 Legendum
1425 5683 1578 5754 αὐτή,
1607 5700 1796 5755 nempe
1820 5685 1851 5755 ἡ
1877 5685 1965 5740 ἐπὶ
1992 5683 2092 5750 γῆς

1125 5679 1400 5752 legendum
1425 5683 1578 5754 αὐτή,
1607 5700 1796 5755 nempe
1820 5685 1851 5755 ἡ
1877 5685 1965 5740 ἐπὶ
1992 5683 2092 5750 γῆς
2141 5676 2448 5748 Ἐκκλησία.
2481 5676 2633 5734 Eb".
