3818 6332
166 387 226 442 ⁸9
1228 393 1732 456 COMMENTARH

1832 399 1856 452 Ἰ
1891 397 2232 458 PSALMOS.
3285 422 3354 477 90

160 502 227 556 δι’
251 489 314 564 ἧς
331 485 586 578 εὐπρεψειγ
609 481 818 578 “ﬁmo
849 487 952 578 κέλ
982 494 1059 547 τδ
1091 504 1315 578 atque:
1339 517 1519 570 air:th
1547 519 1739 572 κατεά-

156 596 270 661 55w
296 583 414 652 δίκην
449 576 646 645 ἀγγείου
689 574 1034 644 ὀστρακίνου
1073 574 1368 664 λέγεται.
1443 607 1656 660 Ῥάὃδον
1682 608 1739 660 δὲ

155 673 357 767 σιδηρᾶν
384 669 469 740 τὴν
507 665 777 767 Ῥξυὲλαίων
807 667 999 767 ξρᾎῆν
1034 675 1218 740 εἶναι
1262 709 1434 765 φησιν
1457 736 1470 760 ,
1516 699 1740 767 ἐπικρα-

151 760 383 830 τεστέραν
399 756 666 854 γξχξιεξένον
705 757 842 854 μετᾲ
861 759 982 854 τὴῖ
1002 769 1121 823 τοῦ
1151 756 1430 853 Σωτῆρος
1453 756 1600 854 μῶν
1625 756 1740 838 ὲΙπι-

151 861 374 943 φάνειαξι
429 846 506 912 Ἐξ
526 846 726 943 Fui?“
759 847 877 943 τᾲς)
908 851 1037 907 τῶν
1069 867 1219 917 κατ’
1250 846 1381 942 ἔθνη
1407 846 1738 943 πολυαρχιῶν

156 947 247 1003 ut,
425 936 551 1034 κατὰ
578 935 768 1034 ,χώρας
806 937 1159 1034 ξθναρχιῶν
1206 960 1654 1026 καταλυθεισῶν,
1705 967 1736 1034 ἡ

168 1027 422 1122 Ῥωμαίων
444 1028 768 1122 {privignos
803 1027 1109 1103 βασιλεία,
1143 1044 1221 1113 ἢν
1264 1050 1359 1102 καὶ
1381 1052 1412 1119 ή
1433 1049 1521 1102 τοῦ
1545 1027 1739 1122 Δανιὴλ

163 1119 432 1200 προφητεία
463 1118 680 1188 σιδηρᾶν
713 1124 1040 1191 προσεῖπεν
1080 1171 1097 1195 ,
1137 1135 1242 1188 ἐπὶ
1286 1138 1382 1206 μὲν
1403 1118 1508 1207 τῆς
1537 1118 1738 1202 εἰκόνος

166 1221 384 1289 φήσασα·
405 1210 455 1262 αἱ
485 1209 689 1279 κνῆμαι
719 1211 816 1263 xui.
843 1215 896 1265 οἱ
930 1219 1110 1286 πόδες
1147 1227 1395 1297 σιδηροῖ,
1425 1228 1516 1280 καὶ
1541 1230 1638 1299 τὴν
1657 1231 1739 1300 ὲρ-

176 1301 367 1377 μηνεὶαν
404 1301 661 1372 ὲκθεμὲνη
684 1302 778 1356 διὰ
803 1305 904 1358 τοῦ
932 1309 1116 1374 φάναι
1141 1331 1155 1344 ·
1182 1318 1469 1370 Βασιλεία
1494 1317 1735 1385 τετάρτη

181 1402 321 1454 ἔσται
334 1393 530 1461 ισχυρὰ
542 1395 621 1458 ὡς
633 1397 665 1446 ό
675 1394 958 1464 σίδηρος·
981 1400 1058 1453 ὃν
1072 1408 1302 1470 τρόπον
1316 1406 1418 1473 γὰρ
1432 1409 1464 1459 ό
1477 1407 1735 1474 σίδηρος,

185 1485 530 1544 munimina)
553 1485 817 1554 δαμάσει
833 1505 846 1518 ·
889 1490 989 1542 ἐπὶ
1009 1491 1070 1544 δὲ
1095 1493 1202 1562 τῆς
1223 1495 1461 1564 ὁράσεως
1491 1494 1580 1546 τοῦ
1609 1512 1738 1565 προ-

187 1581 356 1648 φῆτιν
385 1575 484 1629 Καὶ
515 1574 647 1628 ίδοὺ
668 1616 684 1639 ,
722 1577 896 1645 φησὶν
918 1619 933 1640 ,
986 1579 1136 1639 ζῶον
1167 1582 1444 1649 τέταρτον
1468 1584 1733 1650 φοϐερὸν,

190 1666 270 1720 καὶ
294 1667 341 1716 οι
366 1663 599 1729 ὀδόντες
625 1667 821 1720 αὐτοῦ
851 1669 1125 1736 σιδηροῖ,
1159 1673 1364 1737 ἐσθίον
1394 1675 1489 1727 καί
1525 1676 1737 1727 λεπτύ-

193 1774 300 1818 ror,
319 1755 409 1808 καί
422 1755 492 1809 τὰ
510 1757 810 1810 ἐπίλοιπα
834 1759 964 1825 τοῖς
986 1761 1173 1814 ποσὶν
1191 1764 1374 1816 αὐτοῦ
1395 1763 1729 1817 συνεπάτει.

1768 532 1810 587 Α
1838 530 1890 576 ει
1921 529 2175 592 ta"tiliam
2237 533 2333 574 νοῦ
2365 511 2510 586 ﬂEii
2535 531 2814 584 conterere
2849 530 2960 600 ipse
2997 531 3209 587 dicitur.
3251 532 3370 586 Vir-

1839 624 1958 676 gam
2004 620 2184 665 autem
2234 607 2465 662 ferream
2506 602 2807 670 Romanum
2864 618 3140 686 imperiunm
3191 627 3364 682 vocat,

1837 701 1977 768 quod
2000 701 2299 755 secundum
2328 697 2630 757 Salvatoris
2657 706 2825 760 nostri
2857 705 3144 759 adventum
3173 714 3365 775 poten-

1838 791 1943 843 tius
1971 792 2160 845 evasit.
2207 789 2341 844 Nam
2386 807 2507 845 cum
2536 795 2725 850 exinde
2768 795 2922 848 multi
2956 796 3197 865 variique
3237 813 3366 866 gen-

1837 879 1971 934 tium
1999 881 2354 950 principatus,
2376 890 2429 936 et
2450 893 2543 952 per
2571 885 2810 940 diversas
2838 885 3078 951 regiones
3118 886 3363 940 domina-

1835 973 1921 1022 tus
1948 968 2235 1022 multorum
2267 971 2505 1039 abrogati
2538 971 2663 1034 sint,
2683 988 2846 1025 unum
2875 971 3230 1026 Romanorum
3261 974 3362 1026 im-

1837 1057 2038 1126 perium
2069 1057 2319 1119 obtinuit,
2342 1059 2482 1127 quod
2506 1061 2556 1113 in
2577 1060 2806 1115 Danielis
2833 1062 3106 1130 prophetia
3131 1061 3358 1116 ferreum

1835 1155 2084 1201 vocatur:
2112 1163 2234 1201 nam
2284 1149 2354 1202 ibi
2391 1150 2456 1202 de
2486 1156 2661 1204 statua
2693 1151 2908 1212 dicitur,
2940 1151 3083 1205 tibia:
3109 1159 3162 1204 et
3198 1151 3360 1220 pedes

1834 1237 1950 1305 ejus
1982 1237 2170 1292 ferrei:
2200 1237 2422 1306 ejusque
2455 1239 2530 1292 rei
2568 1239 3053 1306 interpretationem
3095 1239 3247 1294 aﬁ‘ert
3275 1240 3360 1295 his

1834 1327 2044 1383 verbis:
2091 1327 2316 1395 Regnum
2355 1339 2595 1397 quartum
2625 1330 2892 1382 robustum
2949 1330 3044 1383 erit
3069 1330 3202 1382 sicut
3248 1330 3356 1397 fer-

1834 1432 1982 1471 rum:
2015 1417 2440 1484 quemadmodum
2460 1419 2594 1471 enim
2621 1418 2835 1485 ferrum,
2861 1419 3172 1471 comminuet
3195 1427 3244 1472 et
3265 1417 3362 1472 do-

1834 1503 1993 1556 mabit
2009 1505 2056 1536 “
2098 1503 2371 1574 Perpende
2399 1507 2546 1567 mibi,
2563 1521 2761 1573 quaeso.
2780 1505 3049 1574 prophetae
3063 1506 3354 1558 visionem:

1836 1589 1902 1642 Et
1929 1607 2060 1650 ecce,
2096 1591 2283 1660 inquit,
2311 1592 2472 1646 bestia
2494 1603 2679 1661 quarta
2715 1592 2984 1656 terribilis,
3009 1593 3156 1660 cujus
3184 1592 3356 1647 dentes

1832 1681 2007 1749 ferrei,
2032 1681 2298 1735 comedens
2339 1693 2490 1751 atque
2515 1685 2888 1748 comminuens,
2911 1692 2962 1738 et
2987 1685 3184 1752 reliqua
3215 1682 3358 1750 pedi-

1835 1768 1926 1822 bus
1966 1771 2074 1824 suis
2121 1772 2540 1827 conculcabat".
2590 1771 2701 1826 Hoc
2733 1772 2914 1842 itaque
2945 1788 3167 1841 regnum
3211 1773 3360 1826 hisce

195 1845 371 1912 Ταύτην
399 1846 572 1898 τοίνυν
604 1848 703 1898 καὶ
737 1849 836 1900 ἐπὶ
861 1849 960 1901 τοῦ
1001 1851 1265 1920 παρόντος
1313 1851 1596 1921 δηλοῦσθαι
1622 1855 1722 1921 φά-

1832 1859 2005 1914 verbis
2026 1860 2314 1929 signiﬁcari
2353 1861 2618 1916 creditur:
2648 1861 2843 1916 Pasce:
2869 1878 2954 1916 eos
2983 1863 3035 1916 in
3065 1864 3210 1932 uirga
3250 1863 3356 1932 [eh-

197 1952 376 1998 σκοπος
394 1935 547 2004 λόγου
566 1953 581 1970 ο
603 1937 929 2006 Hamae-87c
946 1939 1165 2004 αὐτοὺς
1193 1940 1260 1992 ἐν
1274 1940 1468 2008 ῥάϐδῳ
1498 1941 1729 2009 σδδη-Ρᾷο

197 2027 449 2094 ὠςσκεύη
476 2027 786 2095 κεραμέως
824 2030 1178 2096 συν-τρίψεις
1209 2031 1445 2095 αὐτούς.
1500 2032 1732 2102 Δυνάμει

196 2117 278 2184 γὰρ
303 2117 496 2184 ἀφανεῖ
520 2120 616 2170 καὶ
642 2117 871 2186 ἀοράτῳ
898 2117 1047 2187 παρὰ
1071 2118 1160 2170 τοῦ
1184 2119 1391 2189 Πατρὺς
1412 2119 1606 2190 κλῆρον
1630 2139 1732 2175 πα-

195 2206 416 2276 ραλαϐὼν
475 2207 541 2259 τὰ
571 2207 698 2260 καθ’
735 2208 867 2276 ὅλης
917 2208 1013 2277 τῆς
1049 2209 1364 2278 οἰκουμένης
1394 2209 1516 2280 ἔθνη
1547 2213 1574 2263 ὁ
1604 2213 1734 2282 Χρι-

193 2300 289 2362 στὸς
312 2338 327 2360 ,
397 2300 520 2360 τοὺς
560 2299 658 2368 μὲν
701 2299 1084 2365 ἐπεγνωκότας
1123 2299 1283 2352 αὑτὸν
1308 2338 1322 2361 ,
1377 2300 1469 2352 καὶ
1501 2300 1603 2352 ὑπὸ
1635 2301 1731 2371 τὴν

191 2388 325 2440 αὐτοῦ
355 2388 593 2460 μάνδραν
636 2387 971 2457 γενομένους
998 2390 1246 2456 ποιμανεῖ
1284 2389 1512 2455 εἰσάγων
1540 2391 1630 2442 καὶ
1649 2390 1734 2456 ἐξ-

189 2480 306 2546 άγων
321 2480 400 2541 είς
412 2479 624 2546 ἀγαθὰς
639 2477 834 2547 νομὰς,
853 2477 990 2530 ὥστε
1020 2477 1193 2544 λέγειν
1213 2477 1306 2547 τὴν
1320 2477 1479 2531 αὑτοῦ
1507 2480 1732 2549 ποίμνην

190 2569 372 2640 (Amici)
401 2572 508 2642 γὰρ
532 2567 646 2642 ἦν)·
678 2558 896 2640 Κύριος
908 2575 1197 2642 ποιμαίνει
1220 2592 1315 2642 με,
1343 2575 1438 2628 καὶ
1463 2576 1636 2630 οὐδέν
1658 2593 1732 2645 με

188 2661 503 2729 ὑπερήσει.
567 2667 673 2728 Εις
706 2665 896 2715 τόπον
913 2664 1101 2730 χλόης
1124 2663 1248 2720 ἐκεῖ
1262 2682 1337 2732 με
1365 2666 1733 2732 κατεσκήνω-

186 2765 275 2804 σεν
295 2769 309 2782 ·
351 2751 452 2805 ἐπὶ
481 2753 706 2819 ὕδατος
736 2753 1132 2820 ἀναπαύσεως
1158 2753 1436 2823 ἐξέθρεψέ
1480 2773 1586 2824 με,
1620 2755 1732 2823 τὴν

187 2843 381 2911 ψυχήν
427 2862 547 2912 μου
596 2844 969 2912 ἐπέστρεψε·
1006 2846 1131 2908 τοὺς
1161 2845 1216 2897 δὲ
1245 2845 1578 2914 ἀφηνιῶντας
1627 2845 1732 2898 τῶν

183 2933 335 2986 ἐθνῶν
370 2935 461 2987 καὶ
491 2935 994 3004 κατεπαιρομένους
1023 2935 1130 2987 τῶν
1161 2934 1320 2988 αὐτοῦ
1355 2934 1630 3005 προϐάτων
1663 2937 1728 3004 τῇ

182 3018 347 3094 ῥάὸδῳ
385 3027 450 3094 τῇ
502 3025 716 3096 σιδηρᾷ.
749 3025 1144 3079 καθυποτάττει
1187 3024 1434 3094 δαμάζων
1481 3025 1573 3077 καὶ
1609 3041 1732 3078 συν-

181 3116 369 3181 τρίϐων
397 3115 482 3168 διὰ
533 3117 635 3186 τῆς
677 3116 990 3185 Ῥωμαῖκῆς
1016 3115 1344 3176 δυναστείας.
1426 3113 1576 3168 Οὕτω
1604 3114 1731 3182 γοῦν

181 3206 454 3274 συμϐαίνει
478 3208 588 3260 τῶν
620 3207 912 3277 ἀπλήστων
943 3205 1107 3258 ἐθνῶν
1134 3204 1256 3267 τοὺς
1283 3205 1482 3275 θυμοὺς
1510 3206 1599 3258 καὶ
1635 3205 1730 3267 τὰς

180 3293 342 3364 ὀρμάς
397 3296 493 3360 τὰς
542 3297 687 3348 κατά
740 3296 840 3366 τῆς
884 3293 1204 3362 Ἐκκλησίας
1252 3294 1340 3346 τοῦ
1368 3293 1501 3346 Θεοῦ
1522 3293 1607 3346 διὰ
1631 3296 1726 3365 τῆς

190 3381 490 3454 Ῥωμαῖκῆς
523 3384 758 3454 ἀπειλῆς
809 3382 1236 3452 ἀνακρούεσθαι,
1292 3383 1388 3434 οὐκ
1421 3383 1484 3434 ἂν
1514 3384 1727 3452 ἐπιτρε-

185 3471 384 3538 ψάντων
415 3476 524 3528 τῶν
559 3476 704 3527 κατὰ
735 3473 916 3535 πόλεις
940 3473 1212 3543 ἀρχόντων
1232 3488 1290 3524 τε
1319 3471 1410 3524 καὶ
1441 3470 1641 3540 δήμων,
1672 3474 1730 3524 ἐν

189 3564 358 3629 μίσοις
398 3567 580 3618 αὐτῶν
631 3564 892 3632 συστῆναι
934 3562 1028 3614 τοῦ
1082 3562 1313 3632 Χριστοῦ
1369 3561 1726 3621 διδασκαλίαν,

189 3652 568 3728 ἀνατρεπτικὴν
600 3656 702 3724 τῆς
729 3653 986 3706 πολυθέου
1020 3653 1223 3722 πλάνης
1244 3651 1419 3704 αὐτῶν
1443 3651 1729 3719 τυγχάνουυ

193 3757 294 3805 σαν,
320 3748 366 3798 εί
396 3751 468 3816 μὴ
506 3749 533 3798 ὁ
579 3743 893 3813 Ῥωμαϊκὸς
917 3743 1094 3805 αὐτοῖς
1124 3737 1190 3809 ἦν
1235 3738 1602 3810 ὲπηρτημένος
1641 3737 1731 3806 φό-

189 3830 286 3899 ὣς,
309 3837 401 3889 καὶ
424 3838 490 3889 τὰ
523 3834 884 3904 συντρίϐοντα
912 3833 1106 3894 αὐτοὺς
1131 3831 1224 3883 καὶ
1255 3830 1326 3900 μὴ
1363 3829 1531 3881 ἐῶντα
1565 3843 1730 3894 κεφα-

188 3917 272 3993 λὴν
300 3927 495 3996 ἐπᾶραι
525 3924 887 3991 διατάγματα
906 3922 1029 3983 τοὺς
1061 3920 1259 3989 θυμοὺς
1290 3917 1462 3972 αὐτῶν
1487 3916 1726 3987 ἐχαλίνου

182 4014 269 4065 καὶ
293 4013 589 4086 συνέτριϐε.
623 4013 736 4064 Καὶ
757 4009 890 4080 ἄλλῃ
923 4009 980 4062 δὲ
1005 4009 1155 4079 θεῖκῇ
1191 4009 1284 4060 καὶ
1325 4007 1611 4077 ἀπορρήτῳ
1640 4005 1729 4057 δυ-

179 4103 328 4172 νάμει
357 4106 384 4156 ὁ
408 4103 647 4173 Χριστὸς
681 4099 752 4152 τὰ
779 4099 876 4168 μὲν
910 4097 1070 4150 αὑτοῦ
1099 4095 1339 4166 πρόϐατα
1369 4095 1581 4164 ἡμέρως
1615 4111 1731 4146 ποι-

175 4193 369 4256 μαίνει,
407 4194 682 4264 μηδέποτε
717 4187 1012 4258 ἀναχωρῶν
1045 4188 1135 4239 ἀπ’
1168 4184 1360 4246 αὐτῶν,
1395 4184 1512 4237 καθ’
1537 4186 1602 4255 ἢν
1633 4201 1731 4238 πε-

169 4283 384 4352 ποίηται
425 4281 766 4350 ἐπαγγελίαν
818 4281 1024 4347 φήσαςο
1068 4278 1249 4330 Ὅπου
1300 4273 1375 4328 ἂν
1412 4270 1532 4328 εἷεν
1554 4274 1660 4327 δύο
1691 4273 1728 4342 ἢ

167 4371 324 4436 τρεῖς
349 4369 722 4439 συνηγμένοι
747 4369 817 4420 ἐν
842 4365 922 4430 τῷ
947 4365 1188 4433 ὀνόματί
1212 4380 1349 4431 μου,
1385 4362 1510 4415 ἐκεῖ
1527 4366 1639 4430 ειμι
1663 4363 1733 4416 ἐν

167 4460 332 4528 {iam
359 4460 559 4515 αὐτῶν
579 4476 593 4489 ·
622 4459 722 4512 καὶ
750 4457 910 4510 πάλιν
931 4472 944 4485 ⁸
984 4454 1124 4508 Ἰδοὺ
1152 4453 1264 4521 ἐγὼ
1280 4455 1405 4521 μεθ’
1432 4451 1594 4520 ὑμῶν
1617 4455 1730 4520 εἰμι

1837 1965 1942 2013 rea,
1970 1959 2211 2019 tanquam
2250 1967 2372 2004 vasa
2401 1952 2547 2020 ﬁguli
2586 1952 2874 2022 confringet
2903 1969 3010 2006 eos.
3048 1953 3181 2008 Cum
3213 1953 3378 2009 enim.

1830 2038 2026 2093 latente
2075 2047 2235 2108 atque
2276 2041 2527 2095 invisibili
2555 2049 2815 2111 potestate
2842 2042 3090 2098 Christus
3121 2057 3152 2095 a
3199 2041 3358 2098 Patre

1830 2125 2088 2180 universae
2108 2135 2264 2182 terra:
2292 2128 2514 2197 populos
2545 2129 2600 2182 in
2626 2129 2988 2185 haereditatem
3023 2130 3355 2200 accepisset;

1830 2213 1950 2266 illos
1979 2214 2193 2282 quidem
2240 2214 2330 2283 qui
2371 2230 2429 2268 se
2465 2227 2746 2280 noverunt,
2777 2226 2828 2272 et
2863 2210 3067 2272 in'ovili
3099 2234 3196 2274 suo
3224 2234 3354 2273 con-

1830 2301 2045 2366 sistunt,
2092 2303 2284 2369 pascit,
2334 2302 2388 2355 in
2419 2317 2620 2371 pascua
2648 2305 2786 2358 bona
2829 2306 3064 2361 educens
3098 2321 3162 2360 ac
3195 2306 3355 2361 redu-

1829 2406 1994 2457 cens;
2030 2393 2101 2445 ita
2129 2403 2184 2445 ut
2211 2393 2328 2461 ejus
2356 2393 2520 2456 ovile,
2549 2401 2730 2462 utpote
2756 2396 3091 2456 rationabile,
3129 2397 3238 2450 haec
3268 2398 3352 2450 lo-

1830 2489 2059 2549 quatur:
2092 2481 2344 2535 Dominus
2371 2485 2538 2550 pascit
2583 2500 2681 2546 me,
2706 2494 2754 2538 et
2791 2485 2919 2539 nihil
2943 2486 3068 2538 mihi
3095 2485 3276 2550 deerit,
3300 2487 3354 2540 in

1830 2570 1938 2622 loco
1959 2586 2165 2638 pascua:
2188 2570 2259 2622 ibi
2289 2587 2368 2625 me
2405 2572 2694 2628 collocavit.
2739 2573 2904 2642 Super
2942 2591 3130 2643 aquam
3167 2577 3354 2645 quieti:

1829 2659 2061 2712 educavit
2089 2676 2187 2722 me,
2229 2662 2459 2714 animam
2498 2679 2660 2716 meam
2691 2664 2937 2717 convertit
2958 2665 3021 2718 ⁸⁸.
3072 2665 3148 2718 Ex
3181 2668 3355 2735 genti-

1829 2750 1930 2804 bus
1977 2765 2140 2820 porro
2168 2767 2261 2806 eos
2287 2753 2376 2822 qui
2404 2769 2526 2807 cum
2564 2755 2760 2824 impetu
2796 2753 3060 2818 feruntur,
3087 2763 3140 2810 et
3163 2756 3354 2810 adver-

1829 2853 1948 2892 sum
2007 2839 2126 2906 ejus
2159 2855 2288 2895 oves
2321 2841 2627 2911 insurgunt,
2666 2842 2830 2910 virgae
2875 2841 3064 2896 ferrea:
3113 2843 3355 2912 subjicit,

1829 2943 1922 2999 per
1937 2927 2230 2982 Romanam
2249 2938 2562 2999 potestatem
2581 2931 2804 3012 domans
2815 2939 2973 3000 atque
2993 2941 3248 2988 atterens.
3270 2931 3346 2986 lta

1829 3019 2030 3072 scilicet
2049 3019 2308 3088 contingit
2333 3021 2660 3076 insatiabiles
2684 3022 2916 3090 gentiqu
2961 3022 3168 3074 animos
3195 3030 3354 3091 atque

1828 3108 2059 3177 impetus
2081 3109 2336 3163 adversus
2353 3109 2645 3164 Ecclesiam
2667 3110 2780 3173 Dei,
2803 3125 2898 3179 per
2921 3111 3064 3165 solas
3081 3109 3353 3165 Romano-

1831 3211 1949 3249 mm
1981 3197 2156 3252 minas
2190 3199 2506 3267 propulsari.
2545 3198 2727 3267 Neque
2753 3201 2895 3253 enim
2927 3201 3196 3270 principes
3223 3200 3356 3253 civi-

1837 3293 2008 3340 tatum
2065 3301 2130 3340 ac
2178 3288 2541 3355 populorum,
2593 3287 2792 3341 Christi
2847 3277 3144 3340 doctrinam
3177 3327 3192 3352 ,
3245 3302 3352 3355 qua

1827 3389 2012 3428 eorum
2058 3374 2124 3429 de
2169 3376 2324 3428 turba
2356 3377 2634 3428 numinum
2663 3390 2814 3431 error
2843 3381 3118 3442 evertitur,
3148 3378 3202 3430 in
3237 3393 3352 3432 me—

1827 3461 1917 3514 dio
1949 3461 2034 3516 sui
2078 3463 2374 3515 consistere
2405 3462 2681 3524 sinerent,
2729 3461 2834 3514 nisi
2876 3463 3187 3516 imminente
3220 3462 3353 3531 ipsis

1829 3548 2188 3603 Romanorum
2234 3558 2414 3613 metu,
2462 3565 2524 3604 ac
2570 3548 2673 3604 nisi
2707 3549 2891 3617 jussa,
2932 3551 3133 3620 quibus
3161 3558 3348 3606 conte—

1828 3648 2038 3703 runtur,
2084 3648 2144 3693 ut
2187 3655 2362 3708 neque
2403 3641 2699 3695 concedant
2749 3639 2883 3708 ipsis
2922 3641 3005 3694 vel
3047 3651 3206 3710 caput
3246 3639 3352 3695 eri-

1826 3743 1986 3798 gere,
2025 3729 2232 3784 animos
2259 3743 2446 3783 eorum
2479 3727 2713 3784 frenaret
2757 3739 2915 3798 atque
2959 3731 3353 3798 comprimeret.

1827 3818 1944 3870 Alia
1995 3833 2208 3888 quoque
2254 3819 2436 3873 divina
2498 3833 2561 3872 ac
2607 3828 2814 3874 secreta
2859 3819 3058 3872 virtute
3108 3819 3354 3874 Christus

1828 3922 1954 3962 oves
1995 3922 2122 3963 suas
2154 3908 2344 3963 leniter
2385 3909 2588 3978 pascit,
2638 3923 2911 3977 nunquam
2951 3909 3017 3961 ab
3046 3909 3178 3976 ipsis
3204 3923 3355 3963 rece-

1827 4001 1959 4055 dens
1988 3999 2283 4055 sccundum
2319 4001 2729 4069 promissionem
2759 4015 2863 4069 qua
2894 4015 2952 4054 se
2981 3999 3236 4068 obligavit
3267 4000 3353 4054 his

1829 4091 2005 4147 verbis
2037 4109 2050 4144 :
2097 4073 2199 4144 Ubi
2231 4090 2334 4144 duo
2365 4090 2441 4144 vel
2477 4100 2578 4144 tres
2614 4090 2907 4158 congregati
2940 4089 3138 4156 fuerint
3171 4088 3220 4139 in
3260 4104 3353 4141 no-

1828 4179 1963 4231 mine
1986 4193 2094 4232 meo
2113 4216 2126 4239 ,
2159 4177 2266 4229 illic
2290 4193 2404 4228 sum
2431 4177 2484 4229 in
2507 4176 2674 4230 medio
2701 4192 2874 4229 eorum
2906 4175 2946 4206 ³⁷
2971 4190 2987 4238 ;
3018 4182 3070 4227 ct
3097 4188 3306 4227 rursum
3336 4191 3350 4226 :

1830 4266 1962 4321 Ecce
1999 4283 2090 4335 ego
2135 4264 2386 4320 vobiscum
2429 4283 2544 4319 sum
2585 4265 2819 4318 omnibus
2865 4264 3044 4318 diebus
3083 4278 3241 4333 usque
3281 4263 3352 4314 ad

1831 4357 2327 4410 consummationem
2365 4356 2545 4410 seculi
2580 4356 2642 4408 ⁸⁸.
2675 4354 2779 4410 Eos
2817 4361 2992 4408 autem
3035 4354 3127 4422 qui
3169 4361 3353 4404 contra

1833 4444 1973 4498 ovile
2003 4458 2158 4496 suum
2188 4443 2355 4498 variis
2382 4442 2710 4511 temporibus
2741 4441 3051 4509 insurgunt,
3089 4439 3202 4507 ipse
3232 4453 3355 4490 rur-

175 4549 370 4614 -ιάσας
388 4551 493 4614 τὰς
508 4547 740 4616 ἡμέρας
762 4547 872 4609 ἕως
893 4542 1003 4610 τῆς
1021 4543 1366 4606 συντελείας
1381 4539 1484 4594 τοῦ
1503 4539 1726 4603 αἰῶνος*

1835 4550 1952 4589 sum
1984 4535 2184 4588 latente
2211 4541 2370 4603 atque
2399 4533 2649 4587 invisibili
2678 4537 2938 4600 potestate
2965 4528 3166 4584 invadit
3194 4534 3354 4596 atque

175 4643 301 4705 τοὺς
319 4643 360 4695 δ’
388 4637 860 4707 ἐπανισταμένους
889 4633 1050 4686 αὐτοῦ
1077 4636 1141 4702 τῇ
1163 4631 1359 4703 ποίμνῃ
1387 4632 1442 4682 ἐν
1463 4631 1574 4691 τοῖς
1596 4628 1732 4680 κατὰ

1835 4626 2066 4693 castigat
2112 4624 2164 4676 in
2215 4623 2362 4690 virga
2409 4622 2613 4685 ferrea,
2675 4621 2782 4674 imo
2830 4621 2989 4676 etiam
3045 4617 3351 4686 superbiam

181 4734 392 4804 χρόνους
417 4733 684 4801 διωγμοῖς
711 4727 873 4780 πάλιν
903 4726 1067 4788 αὐτὸς
1095 4723 1405 4793 μετέρχεται
1428 4722 1619 4788 ἀφανεῖ
1639 4718 1731 4770 καὶ

404 4821 637 4888 δυνάμει
668 4815 912 4876 κολάζων
941 4815 998 4865 ἐν
1028 4811 1205 4883 ῥάϐδῳ
1236 4809 1443 4880 σιδηρᾷ,
1479 4806 1610 4860 ἀλλὰ
1641 4807 1734 4858 καὶ

183 4913 282 4982 ’τὴν
304 4911 676 4984 ὑπερηφανίαν
706 4906 884 4960 αὐτῶν
923 4904 1016 4957 καί
1047 4901 1107 4953 τὸ
1149 4900 1363 4969 ἔπαρμα
1404 4899 1500 4968 τῆς
1538 4893 1732 4958 ἀλαζο-

197 5005 326 5066 νείας
353 5006 426 5066 ὡς
450 5001 624 5069 σκεύη
654 4998 898 5068 κεράμια
933 4991 1202 5062 συντρίϐει
1223 5009 1234 5019 ι
1265 4991 1336 5053 ὼς
1372 4990 1471 5061 ⁸ἢδη
1511 4987 1730 5057 μυρίους

211 5094 357 5145 αὐτῶν
384 5093 488 5146 ὑπὸ
515 5090 626 5144 τῶν
652 5087 925 5156 θεηλὰτων
954 5080 1116 5134 αὐτοῦ
1145 5079 1410 5148 μαστίγων
1447 5075 1732 5144 ἐλαυνομέ-

213 5201 308 5246 νους
325 5185 498 5237 δοῦναι
525 5180 687 5244 δόξαν
709 5175 786 5246 τῷ
806 5172 928 5242 Θεῴ
951 5210 966 5234 ,
997 5169 1094 5222 καὶ
1134 5165 1616 5238 ἐξομολογήσασθαι
1638 5163 1736 5227 τὰς

214 5272 489 5334 δυσσεϐείας
529 5268 728 5321 αὐτῶν.
777 5265 870 5326 Ὠς
921 5257 1116 5320 σκεύη
1159 5257 1444 5323 κεραμέως
1502 5253 1738 5318 συντρί-

216 5363 327 5425 ψας
347 5359 558 5422 αὐτούς
575 5372 589 5386 ο
623 5356 721 5423 οὐχ
751 5352 894 5405 ὥστε
922 5341 1181 5396 ἀπολέσαι
1204 5343 1294 5393 καὶ
1323 5340 1592 5394 ἀναλῶσαι
1619 5355 1739 5393 συν-

219 5447 380 5518 τρίϐει,
410 5447 522 5500 ἀλλ’
551 5445 684 5498 ὥστε
717 5435 1065 5496 ἀναπλάσαιο
1112 5429 1242 5497 πρὸς
1279 5433 1438 5484 τοῦτο
1483 5429 1591 5499 γὰρ
1619 5446 1741 5518 σκο-

319 5539 388 5610 τῷ
412 5539 638 5610 κεραμεῖ
658 5526 966 5599 συντρίϐειν
990 5519 1060 5569 τὰ
1100 5518 1268 5572 οἰκεῖα
1294 5520 1460 5589 σκεύη
1479 5559 1493 5582 ,
1517 5519 1637 5572 ὅταν
1665 5517 1743 5570 ἐτι

285 5713 321 5743 ⁸⁸
354 5711 475 5767 Dan.
541 5729 600 5776 ιι.
651 5709 728 5768 40.

1838 4727 2022 4766 eorum
2068 4711 2456 4780 elationemque
2510 4711 2857 4780 arrogantia,
2919 4719 3170 4775 tanquam
3227 4718 3352 4756 vasa

1833 4808 2068 4854 testacea
2097 4799 2420 4869 confringit;
2463 4799 2534 4852 ita
2566 4807 2624 4852 ut
2656 4799 2767 4867 jam
2809 4797 3002 4852 inﬁniti
3049 4808 3234 4849 eorum
3281 4793 3351 4848 ob

1835 4891 2099 4945 divinitus
2154 4891 2394 4945 immissa
2439 4889 2507 4943 ab
2559 4889 2676 4956 ipso
2724 4886 2928 4957 ﬂagella
2982 4882 3234 4938 couunoti
3289 4897 3355 4938 ac

1832 4981 2102 5051 perculsi,
2153 4980 2376 5050 gloriam
2426 4977 2534 5032 Deo
2581 4977 2851 5042 referant,
2901 4984 2954 5031 et
2999 4973 3353 5028 conﬁteantur

1833 5073 2129 5142 impietates
2177 5086 2323 5126 suas.
2377 5069 2645 5137 Tanquam
2695 5085 2819 5122 vasa
2866 5066 3010 5137 ﬁguli
3062 5066 3351 5135 confringet

1836 5178 1925 5216 eos
1953 5177 1971 5215 :
2002 5162 2094 5231 qui
2127 5176 2231 5214 non
2265 5157 2518 5229 perdendi
2558 5171 2620 5210 ac
2645 5155 2990 5211 consumendi
3032 5169 3195 5209 causa
3223 5169 3354 5208 con—

1834 5253 1994 5317 terit,
2024 5251 2118 5306 sed
2146 5245 2495 5304 reformandi.
2529 5245 2627 5299 ilic
2654 5255 2736 5300 est
2763 5248 2902 5302 enim
2935 5245 3080 5314 ﬁguli
3115 5257 3312 5310 scapus
3333 5279 3352 5307 ,

1835 5356 1956 5394 cum
1999 5356 2126 5393 vasa
2171 5338 2382 5409 propria
2423 5335 2689 5399 conterit,
2730 5335 2944 5404 quando
2971 5333 3176 5390 scilicet
3213 5332 3355 5385 inte-

1835 5445 1980 5500 gram
2022 5430 2199 5484 adhuc
2238 5436 2292 5482 et
2338 5439 2520 5479 sanam
2565 5426 2841 5480 materiam
2884 5439 3034 5482 suam
3082 5436 3187 5475 non
3228 5426 3355 5473 ante

1836 5519 1944 5590 igni
1983 5519 2232 5574 traditam
2269 5523 2566 5570 conservat.
2604 5513 2729 5570 Haec
2756 5514 3068 5571 testiﬁcatur
3094 5509 3358 5564 Ieremia:

827 5699 874 5730 η
920 5691 1058 5747 Dan.
1089 5704 1192 5757 vn,
1235 5693 1293 5750 ’1.
1369 5695 1414 5727 ⁸⁸
1453 5691 1601 5746 Psal.
1632 5705 1732 5745 ur

1832 5693 1928 5748 1-3.
2007 5693 2045 5768 ί]
2085 5687 2268 5745 Matth.
2303 5700 2463 5750 XVIII,
2497 5687 2583 5741 20.
2662 5687 2704 5719 ³⁸
2744 5685 2928 5742 Matth.
2962 5693 3163 5743 uvm,
3191 5675 3288 5730 εί).
