3818 6368
647 350 704 403 9|
1321 348 1578 402 EUSEBII
1615 347 2081 404 CAESA'RlENSIS
2119 351 2263 406 OPP.
2283 353 2479 409 PARS.
2515 355 2599 410 111.
2638 389 2708 398 -
2734 359 3135 414 EXEGETICA.

644 463 932 532 propheta,
963 463 1086 517 dum
1119 466 1272 532 quasi
1300 480 1361 517 ex
1394 477 1618 530 persona
1652 462 1743 517 Dei
1773 461 1852 517 sic
1881 463 2117 531 loquitur
2142 482 2152 518 :

2093 479 2117 515 r
2142 482 2155 518 :
2191 475 2231 525 Α
2262 467 2385 534 ὑγιη
2413 470 2501 517 καὶ
2525 469 2774 535 ἀκέραιον
2797 470 2938 540 σώζῃ
2959 469 3051 520 τοῦ
3080 467 3347 536 κεραμέως
3375 469 3466 540 τὴν
3489 473 3601 526 ὀιὰπ

647 550 894 621 Nunquid
929 555 1062 606 sicut
1091 554 1278 622 ﬁgulus
1308 570 1405 604 non
1443 561 1616 618 potero
1652 553 1791 605 vobis
1825 551 2019 620 facere,
2055 552 2148 605 do-

644 658 757 693 mus
792 642 956 694 Israel
980 682 993 704 ,
1028 645 1156 694 dicit
1185 642 1437 694 Dominus
1466 643 1551 695 '9?
1579 643 1630 696 id
1661 651 1770 705 est,
1803 645 1881 697 sic
1906 652 1959 697 et
1991 645 2166 712 lapSos

643 731 960 794 reformare,
1000 747 1061 784 ac
1100 746 1289 784 rursus
1330 731 1381 784 in
1423 732 1702 799 pristinam
1742 732 1969 788 formam
2011 738 2169 790 resti-

644 831 807 874 tuere.

714 1100 868 1156 Vsus.
918 1102 1093 1156 10-12.
1140 1102 1205 1155 Et
1253 1121 1410 1168 nunc,
1468 1122 1635 1174 reges,
1695 1108 1996 1177 mtelligite,
2057 1127 2168 1162 eru-

641 1191 824 1243 dimini
849 1193 937 1260 qui
958 1193 1210 1259 judicatis
1243 1204 1454 1247 terram.
1489 1196 1685 1249 Serrite
1736 1198 1954 1252 Domino
1998 1201 2049 1252 in
2097 1204 2164 1253 ti-

640 1297 810 1343 more,
863 1290 912 1334 et
953 1282 1209 1335 exsultate
1253 1285 1300 1336 ei
1342 1300 1458 1335 cum
1500 1295 1735 1340 tremore.
1792 1289 2164 1356 Apprehendite

636 1369 999 1437 disciplinam,
1031 1387 1092 1424 ne
1131 1372 1336 1441 quando
1371 1374 1632 1427 irascatur
1671 1376 1942 1430 Dominus.
1985 1379 2163 1432 Evan-

637 1459 859 1526 gelicam
895 1459 1144 1513 videlicet
1189 1461 1355 1530 legem
1420 1464 1668 1532 exponit,
1717 1466 1838 1519 inde
1897 1465 2160 1522 translato

637 1553 882 1604 serlnone
905 1589 918 1612 ,
950 1549 1283 1620 principibus
1313 1567 1372 1606 ac
1413 1553 1627 1622 regibus
1650 1593 1662 1615 ,
1713 1555 1765 1607 in
1803 1557 1950 1625 virga
1991 1557 2159 1611 ferrea

636 1637 1213 1707 pascendis;aitque:
1265 1638 1446 1694 Heus!
1501 1657 1622 1704 vos,
1674 1645 1823 1712 gnari
1871 1655 1923 1697 et
1966 1646 2162 1699 intelli-

636 1736 821 1796 gentes
847 1735 1043 1796 quanta
1072 1737 1309 1796 potestas
1341 1730 1457 1798 ejus
1489 1731 1559 1784 sit
1586 1733 1675 1800 qui
1707 1748 1734 1784 a
1767 1732 1923 1788 Patre
1955 1737 2159 1804 accepit

635 1825 820 1885 gentes
848 1817 901 1870 in
935 1817 1297 1872 haereditatem
1322 1857 1336 1882 ,
1367 1827 1418 1872 et
1444 1822 1618 1889 qualis
1648 1823 1718 1875 sit
1755 1824 1901 1892 virga
1934 1824 2021 1875 illa
2051 1824 2158 1877 fer-
2195 1788 2230 1839 Β

635 1919 727 1958 rea
774 1912 960 1960 contra
1007 1921 1098 1960 vos
1148 1915 1344 1970 erecta,
1376 1907 1531 1962 ﬁnem
1572 1917 1757 1962 contra
1784 1926 1902 1963 eum
1934 1912 2162 1964 bellandi

639 1993 828 2057 facite,
876 1995 968 2049 sed
1015 1997 1194 2064 potius
1242 2004 1458 2065 accepta
1497 1998 1881 2067 intelligentia,
1927 2001 2166 2054 rationa-

641 2081 737 2136 bili
769 2082 1068 2139 disciplinas
1094 2099 1189 2140 vos
1218 2085 1577 2141 instituendos
1608 2088 1817 2142 tradite.

700 2250 863 2306 Vens.
902 2253 984 2306 15.
1029 2253 1160 2307 Cum
1194 2256 1447 2310 exarserit
1485 2256 1542 2308 in
1570 2257 1704 2311 brevi
1736 2259 1816 2312 ira
1842 2261 1993 2328 ejus:
2028 2261 2163 2315 beati

634 2360 808 2398 omnes
847 2345 934 2412 qui
971 2343 1235 2412 conﬁdunt
1274 2345 1325 2397 in
1357 2361 1434 2398 eo.
1470 2345 1620 2410 Quod
1653 2356 1830 2401 autem
1863 2351 1914 2402 in
1945 2350 2054 2405 Deo
2085 2353 2161 2404 ira

635 2444 688 2486 et
716 2433 866 2486 furor
894 2448 998 2486 non
1030 2435 1136 2487 sint
1162 2436 1427 2500 passiones
1450 2474 1464 2498 ,
1494 2435 1786 2488 declaravit
1814 2438 1998 2493 beatus
2023 2439 2162 2494 Pau-

635 2525 718 2578 lus
747 2523 832 2577 his
859 2523 1074 2577 verbis:
1107 2521 1397 2576 Secundum
1435 2533 1607 2576 autem
1644 2525 1893 2586 duritiam
1926 2538 2076 2580 tuam
2110 2540 2158 2581 et

633 2614 948 2682 impmniteus
987 2629 1094 2670 cor.
1140 2613 1460 2665 thesaurizas
1492 2612 1584 2665 tibi
1617 2615 1749 2665 iram
1782 2615 1833 2666 in
1862 2614 1944 2666 die
1965 2616 2059 2668 ira:
2089 2619 2154 2672 ²⁰.

632 2703 794 2768 Queis
821 2702 1104 2770 signiﬁcat,
1135 2709 1472 2767 peccatorum
1502 2701 1828 2768 punitionem
1858 2704 2034 2756 vocari
2063 2703 2161 2756 fu—

634 2807 809 2846 rorem
838 2799 890 2845 et
917 2792 1068 2844 iram.
1099 2789 1220 2858 Ipsi,
1247 2791 1435 2859 inquit,
1459 2790 1672 2844 Christo
1701 2791 2048 2857 conﬁdentes,
2067 2796 2157 2862 qui

637 2895 730 2948 per
754 2887 920 2933 totum
953 2879 1092 2931 hunc
1123 2877 1383 2960 psalmum
1422 2880 1725 2946 propltclice
1751 2882 2155 2948 praenuntiatum

631 2987 736 3025 non
775 2971 940 3023 multo
968 2979 1170 3037 postea,
1201 2967 1376 3020 brevis
1409 2982 1637 3036 namque
1667 2985 1898 3036 praesens
1923 2971 2028 3023 vita
2053 2980 2153 3036 est,

631 3062 770 3115 beati
798 3061 1148 3129 reperientur.
1187 3057 1281 3110 llis
1311 3066 1486 3112 autem
1509 3060 1686 3113 verbis
1708 3075 1769 3113 ea
1794 3060 1986 3116 litteris
2016 3077 2160 3115 con—
2185 3071 2225 3138 ε

633 3152 828 3220 signat,
864 3165 982 3219 quae
1021 3149 1072 3201 in
1107 3148 1278 3216 primo
1304 3147 1509 3216 psalmo
1538 3148 1775 3202 deerant.
1810 3149 1924 3202 Non
1967 3151 2159 3205 sullicit

630 3243 770 3297 enim
809 3243 861 3296 in
901 3224 1180 3296 consilium
1217 3241 1500 3308 impiorum
1541 3253 1648 3292 non
1688 3240 1960 3303 accedere,
1993 3242 2048 3294 in
2077 3243 2158 3296 ria

630 3338 970 3401 peccatorum
1001 3349 1104 3384 non
1131 3340 1294 3393 stare,
1331 3339 1383 3384 et
1411 3331 1463 3383 in
1495 3330 1608 3398 lege
1641 3331 1920 3396 meditari;
1957 3340 2010 3384 at
2053 3347 2157 3384 non

632 3425 831 3477 brustra
859 3422 1222 3475 meditandum
1249 3429 1350 3484 est,
1374 3422 1465 3475 sed
1486 3435 1548 3474 ex
1575 3420 1641 3474 iis
1667 3420 1732 3473 ad
1757 3419 1954 3474 Christi
1978 3423 2160 3490 cogni-

630 3513 827 3567 tionem
869 3513 1049 3566 venire
1082 3527 1174 3580 par
1211 3517 1312 3572 est,
1354 3511 1408 3563 in
1451 3509 1688 3575 ejusdem
1748 3518 1948 3578 partem
2000 3519 2158 3579 atque

631 3601 987 3654 haredilatem
1039 3598 1310 3659 accedere,
1347 3611 1408 3647 ac
1452 3612 1544 3664 per
1580 3596 1734 3648 ﬁdem
1771 3606 1824 3650 et
1862 3613 2020 3665 opera
2055 3598 2153 3666 ipsi

630 3690 915 3744 conlidere.
942 3688 1073 3741 Cum
1101 3690 1274 3755 itaque
1297 3686 1523 3739 duorum
1547 3686 1801 3740 horumce
1831 3690 2152 3756 psalmorum

631 3794 734 3832 una
772 3779 844 3832 sit
881 3776 1164 3838 sententia,
1191 3775 1312 3842 jure
1355 3774 1392 3827 ii
1431 3775 1568 3842 apud
1603 3774 1853 3830 Hebraeos
1883 3777 2154 3844 conjuncti

629 3880 774 3926 Sllﬂl.

1003 3967 1391 4022 ENARRATIO
1429 3965 1672 4020 PSALMI
1703 3967 1768 4020 lll

631 4064 874 4118 Psalmus
919 4060 1106 4124 David,
1145 4056 1374 4194 (μιαηὲρο
1397 4057 1622 4136 fugiebat
1663 4074 1693 4108 a
1733 4057 1867 4124 facie
1907 4056 2149 4111 Absalom

1337 4142 1373 4178 ιι
1409 4142 1509 4180 sui.

699 4236 856 4291 Vsus.
881 4237 928 4291 l.
952 4235 1264 4290 Necessario
1289 4242 1498 4303 tempus
1520 4238 1758 4298 adnotat,
1781 4243 1837 4288 ut
1858 4234 2015 4288 dictis
2038 4236 2148 4290 suis

629 4324 930 4393 Regnorum
955 4323 1228 4376 historiam
1253 4330 1554 4388 connectat,
1573 4331 1736 4391 utque
1754 4324 2076 4387 ediscamus,
2093 4341 2148 4380 se

2269 554 2473 605 οὐδέπω
2503 555 2630 622 πυρὶ
2681 557 3141 625 προσωμιληκότα.
3183 556 3385 617 Τούτοις
3421 557 3472 609 δὲ
3513 577 3602 629 μσς

2268 644 2355 695 καὶ
2381 647 2408 695 ό
2435 645 2693 712 μακάριος
2730 646 2987 715 Ἱερεμίας
3010 646 3037 695 ὁ
3076 645 3340 713 προφήτης
3361 683 3374 707 ,
3416 646 3572 711 λέγων
3598 669 3602 693 ι

2265 730 2354 782 τοῦ
2384 731 2514 783 Θεοῦ
2533 747 2546 760 °
2586 732 2650 785 Ἢ
2678 732 2866 797 καθὼς
2893 737 2924 786 ό
2956 733 3254 800 κεραμεὺς,
3301 733 3469 798 οὕτως
3494 738 3559 788 οὐ
3591 741 3602 789 ἐ

2264 835 2436 886 σομαι
2465 820 2568 871 τοῦ
2589 820 2827 885 ποιῆσαι
2851 821 3008 887 ὑμῖν,
3032 822 3190 885 οἶκος
3221 821 3461 888 Ἰσραὴλ,
3485 824 3602 892 λέγε

2255 924 2418 974 plac;
2451 909 2736 972 τουτέστιν,
2800 910 2938 962 οὕτω
2969 913 3062 962 καὶ
3095 911 3430 973 διαπεσόντας
3462 913 3602 966 ὰναπζ

2264 997 2354 1049 καὶ
2389 998 2544 1050 πάλιν
2576 1001 2652 1060 είς
2681 1001 2742 1052 τὸ
2777 1002 2995 1069 ἀρχαῖον
3027 1000 3474 1068 ἀποκαταστῆσαι.

2330 1087 2435 1138 Καὶ
2465 1086 2594 1148 νῦν,
2619 1088 2909 1152 βασιλεῖς,
2939 1089 3167 1150 σύνετε,
3193 1089 3529 1157 παιδεύθητε
3568 1109 3602 1144 ,π

2261 1181 2313 1230 οἱ
2345 1181 2641 1245 κρίνοντες
2673 1180 2782 1246 τὴν
2806 1180 2937 1248 γῆν.
2982 1181 3345 1233 Δουλεύσατε
3382 1181 3457 1245 τῷ
3505 1187 3602 1249 K11

2261 1269 2434 1333 φόϐῳ,
2464 1270 2555 1321 καὶ
2591 1269 2952 1337 ἀγαλλιᾶσθε
2989 1269 3146 1333 αὐτῷ
3170 1270 3236 1321 ἐν
3261 1272 3461 1337 τρόμῳ.
3498 1273 3602 1337 Apa'

2261 1354 2540 1419 παιδείας,
2561 1356 2783 1423 μήποτε
2807 1357 3048 1424 ὀργισθῇ
3068 1359 3292 1424 Κύριος.
3323 1359 3429 1426 Τῆς
3447 1360 3602 1427 εὐαγγ

2259 1444 2491 1512 δηλονότι
2520 1446 2845 1514 νομοθεσίας.
2885 1446 3156 1498 Ἐντεῦθεν
3204 1447 3602 1515 μεταδατικῶςί

2257 1532 2590 1586 διδασκαλίαν
2607 1535 2866 1587 ἐκτίθεται
2883 1538 2991 1596 τοῖς
3018 1537 3240 1605 ἄρχουσι
3273 1538 3482 1598 καὶτοῖς
3508 1537 3602 1605 βασ

2258 1622 2367 1681 τοῖς
2411 1621 2513 1673 ὑπὸ
2555 1624 2618 1691 τῇ
2661 1622 2850 1692 σιδηρᾷ
2895 1623 3072 1693 ῥάϐδῳ
3119 1623 3602 1693 ποιμανθησομένοι

2260 1725 2416 1776 φησιν
2433 1726 2446 1738 ·
2468 1711 2546 1761 ὅτι
2572 1711 2825 1774 Γνῶντες,
2856 1707 2899 1763 ὧ
2927 1708 3089 1772 οὗτοι,
3122 1713 3214 1764 καὶ
3237 1714 3482 1775 συνόντες
3521 1718 3602 1767 όπι

2259 1799 2534 1868 ἡδύναμις
2563 1800 2654 1852 τοῦ
2697 1801 2843 1871 παρὰ
2872 1800 2962 1852 τοῦ
3001 1802 3212 1870 Πατρδς
3254 1802 3529 1871 εἰληφότος
3568 1822 3596 1856 τ

2262 1886 2631 1957 κληρονομίαν,
2655 1889 2746 1942 καὶ¹
2765 1890 2921 1941 ὁποία
2948 1907 3030 1950 τις
3060 1891 3365 1962 τυγχάνειή
3401 1893 3588 1963 σιδηρᾶ

2261 1977 2294 2045 ἡ
2329 1977 2446 2029 καθ’
2487 1978 2635 2047 ὑμῶν
2669 1980 3076 2049 ὲπεγειρομένη,
3125 1981 3406 2032 παύσασθε
3453 1983 3602 2052 πόλει

2261 2068 2430 2137 αὐτῷ’
2452 2069 2801 2132 ἀπολαϐόντες
2823 2071 2876 2121 δὲ
2906 2071 3102 2140 μᾶλλον
3127 2071 3602 2126 σύνεσινὲπίδοτεέ

2259 2161 2323 2228 τῇ
2356 2159 2539 2227 λογικῇ
2572 2160 2802 2228 παιδεία.

2332 2249 2502 2300 Ὅταν
2527 2249 2786 2315 ἐκκαυθῂ
2813 2250 2880 2300 ἐν
2912 2249 3077 2317 τάχει
3099 2254 3132 2303 ὀ
3167 2251 3356 2319 θυμὸς
3381 2253 3566 2305 αὐτοῦ
3584 2270 3595 2282 °

2251 2353 2366 2402 pros
2397 2336 2611 2401 πάντες
2655 2341 2706 2389 ol
2735 2340 3078 2404 πεποιθότες
3130 2341 3224 2392 ἐπ’
3272 2341 3434 2406 αὺτῷ
3454 2360 3468 2373 ·
3500 2343 3601 2395 ’οτ

2260 2426 2412 2492 πάθη
2439 2425 2567 2477 Θεοῦ
2587 2427 2719 2496 ὀργὴ
2752 2427 2840 2478 καὶ
2860 2427 3050 2496 θυμὸς,
3074 2432 3102 2480 ό
3127 2430 3400 2500 μακάριος
3425 2431 3601 2500 ὲδήλω

2260 2514 2345 2576 λος
2372 2515 2534 2566 είπών
2551 2533 2562 2544 ·
2592 2518 2751 2568 Κατὰ
2770 2516 2835 2568 δὲ
2859 2518 2972 2584 τὴν
2997 2517 3394 2587 σκληρότητά
3416 2538 3532 2576 σου
3562 2541 3602 2575 κα

2259 2605 2541 2670 τανόητον
2586 2606 2850 2672 καρδίαν,
2879 2609 3263 2675 θησαιιρίζεις
3301 2611 3496 2677 ἐαυτῷ
3537 2616 3602 2680 ὀρ

2261 2693 2440 2758 ἡμέρᾳ
2472 2693 2676 2760 όργῆς’
2704 2695 2769 2746 δι’
2815 2689 2887 2746 ὧν
2939 2698 3200 2765 σημαίνει
3249 2700 3352 2770 τὴν
3400 2703 3486 2770 ἐφ’
3537 2705 3602 2772 ἅμ

2259 2778 2470 2830 κόλασιν
2507 2781 2756 2848 εἰρῆσθαι
2804 2781 2971 2850 θυμὸν
3025 2787 3122 2837 καὶ
3159 2787 3355 2857 ὀργήν.
3407 2791 3524 2842 Ἐπ’
3569 2810 3601 2843 α

2257 2865 2418 2945 λέγει,
2469 2869 2776 2931 πεποιθότες
2823 2870 2899 2940 τῷ
2952 2878 3432 2951 προφητευομένῳ
3477 2882 3602 2951 Χριε

2258 2956 2450 3016 παντὸς
2477 2955 2566 3007 τοῦ
2592 2956 2820 3026 ψαλμοῦ,
2865 2962 2912 3010 οἱ
2941 2963 3145 3032 μικρὸν
3182 2963 3414 3036 ὕστερον
3456 2969 3602 3040 (βραθ

2257 3045 2398 3108 ἄπας
2428 3048 2455 3097 ό
2506 3047 2688 3116 παρὼν
2731 3048 2860 3116 βίος)
2897 3051 3299 3122 εὑρεθήσονται
3352 3061 3601 3129 μακάριοι

2258 3133 2433 3186 λεῖπον
2455 3138 2563 3197 τοῖς
2587 3138 2642 3187 ἐν
2669 3136 2743 3205 τῷ
2778 3137 2979 3208 πρώτῳ
3011 3142 3222 3212 ψαλμῷ
3262 3146 3354 3198 διὰ
3393 3148 3602 3202 τούτων

2258 3243 2367 3278 κεν.
2399 3227 2471 3279 Οὐ
2508 3225 2610 3296 γὰρ
2637 3227 2791 3296 ἀρκεῖ
2817 3228 2978 3297 μόνον
3006 3233 3070 3283 τὸ
3105 3233 3182 3302 μὴ
3218 3236 3557 3307 πορεύεσθαι
3593 3244 3602 3292 ἑ

2257 3315 2481 3378 ἀσεϐῶν,
2525 3316 2640 3368 οῦδὲ
2683 3316 2742 3366 τὸ
2773 3318 2843 3386 μὴ
2876 3320 3082 3388 στῆναι
3119 3325 3181 3375 ἑν
3209 3324 3318 3394 ὁδῷ
3366 3328 3602 3400 ἁμαρτω

2259 3407 2476 3476 μελετᾷν
2503 3409 2558 3459 ἐν
2588 3406 2662 3475 τῷ
2717 3409 2890 3477 νόμῳο
2924 3410 3064 3462 ἀλλὰ
3093 3413 3206 3483 γὰρ
3259 3416 3325 3485 δὴ
3361 3420 3458 3471 καὶ
3494 3422 3569 3490 μὴ
3598 3448 3602 3466 ι

2259 3497 2514 3566 μελετᾷν,
2550 3497 2680 3549 ἀλλὰ
2723 3498 2922 3564 γνῶναι
2969 3503 3216 3572 Χριστὸν
3259 3507 3321 3572 ἐξ
3375 3511 3581 3576 αὐτῶν,

2255 3588 2412 3640 αὐτοῦ
2445 3589 2686 3655 γενέσθαι
2720 3589 2934 3659 μερίδος
2967 3609 3028 3643 τε
3066 3594 3165 3645 καὶ
3208 3596 3602 3669 κληρονομίας.

2256 3675 2482 3738 πίστεως
2512 3677 2602 3729 καὶ
2651 3677 2819 3746 ἔργων
2868 3681 2957 3732 ἐπ’
3009 3676 3185 3751 αὐτῷ’
3218 3688 3571 3744 πεποιθέναι.

2251 3765 2375 3833 ἄρα,
2440 3767 2564 3834 μιᾶς
2615 3765 2776 3834 οὔσης
2807 3767 2908 3836 τῆς
2965 3769 3255 3838 διανοίας,
3323 3783 3602 3850 συνημμέι

2262 3853 2524 3924 Ἑϐραίοις
2550 3857 2682 3907 εἰσὶν
2703 3857 2749 3906 οἱ
2775 3856 2868 3908 δύο
2895 3859 3134 3930 ψαλμοί.

2612 3969 2946 4022 ΕΞΗΓΗΣΙΣ
2980 3976 3127 4029 ΤΟΥ
3162 3981 3477 4036 ΨΛΛΜΟΥ
3509 3984 3549 4034 Γ
3551 3993 3584 4039 ⁸.

2257 4058 2587 4139 Ψαλμόςοτῷ
2606 4059 2805 4139 Δαμῒηδ,
2829 4064 3026 4139 ὁπότε
3055 4068 3530 4139 ἀπεδίδρασκεν
3546 4077 3602 4128 ἀς

2473 4127 2632 4180 ώπου
2672 4129 3065 4202 Ἀϐεσσαλὼμ
3088 4140 3202 4192 τοῦ
3235 4127 3384 4194 υἱοῦ

2329 4242 2656 4311 Ἀναγκαίως
2681 4243 2770 4294 τὸν
2790 4246 2992 4317 καιρὸν
3014 4251 3191 4323 ἑπιση
3202 4257 3488 4324 μειοῦται,
3509 4260 3587 4322 ὼς

2251 4332 2399 4401 μόσοι
2445 4332 2539 4400 μὲν
2597 4335 2706 4394 τοῖς
2761 4331 3092 4403 λεγομένοις
3128 4342 3234 4412 τὴν
3268 4345 3384 4398 ἀπὸ
3416 4347 3532 4400 τῶν
3577 4350 3602 4399 I

629 4423 749 4484 post
775 4413 1064 4467 admissum
1098 4428 1217 4465 cum
1253 4427 1420 4466 uxore
1447 4409 1586 4465 Urizr
1616 4421 1914 4480 peccatum,
1948 4421 2134 4466 tantun

2093 4430 2152 4466 [ιιι
2187 4421 2229 4476 D
2261 4421 2512 4492 ἱστορίαν,
2548 4421 2638 4472 καὶ
2663 4419 2734 4482 ὡς
2768 4419 2832 4472 ἂν
2873 4409 3197 4496 μάθοιμεν,
3216 4433 3327 4498 ὅτι,
3371 4437 3518 4505 μετὰ
3551 4440 3601 4492 τί

628 4503 874 4558 retulisse
904 4503 1226 4570 poenitentia:
1256 4501 1510 4562 fructum,
1543 4507 1601 4553 ut
1629 4517 1838 4555 rursum
1869 4500 2047 4554 divino
2076 4501 2156 4554 af—

628 4594 784 4648 ﬂatus
814 4591 1010 4660 Spiritu
1039 4591 1306 4658 psalleret.
1336 4591 1624 4645 Historiam
1655 4591 1793 4644 enim
1817 4605 1933 4659 qua:
1961 4607 2070 4645 rem
2101 4593 2152 4644 in

633 4681 810 4737 Uriam
839 4688 1040 4750 gestam
1084 4680 1322 4748 respicit,
1351 4679 1695 4748 consequitur
1735 4680 1952 4734 rebellio
1979 4681 2150 4733 Absa-

630 4775 766 4828 lonis
798 4773 852 4826 in
882 4781 1102 4842 patrem.
1139 4769 1261 4824 Inde
1301 4772 1441 4825 enim
1474 4771 1540 4822 ab
1573 4770 1690 4822 aliis
1729 4771 2024 4838 exemplum
2060 4787 2152 4824 su-

630 4872 804 4916 matur
842 4861 1240 4930 resipiscentiaa,
1273 4870 1431 4929 atque
1481 4859 1784 4913 mutationis
1832 4875 1862 4911 a
1908 4860 2149 4927 pristinis

631 4953 785 5005 malis
814 4952 868 5004 in
897 4953 1164 5004 meliorem
1191 4950 1431 5020 frugem;
1461 4950 1808 5018 doctrinaque
1839 4949 2021 5002 isthtec
2050 4951 2150 5002 erit

632 5043 850 5096 sincera:
881 5042 944 5092 ad
975 5042 1136 5095 Deum
1171 5043 1560 5096 conversionis.
1601 5039 1849 5107 Aliasque
1880 5040 2148 5108 proprium

626 5128 892 5196 justorum
919 5135 1001 5180 est
1027 5131 1278 5185 aerumnis
1306 5130 1469 5196 aﬂici;
1493 5129 1835 5198 quamobrem
1867 5128 1941 5180 ait
1971 5127 2154 5180 Salva-

632 5227 762 5272 tor:
803 5216 864 5269 In
899 5216 1084 5267 mundo
1131 5232 1422 5282 pressuram
1467 5220 1718 5274 habebitis
1739 5220 1812 5278 ";
1846 5228 1892 5270 et
1932 5229 2152 5287 angusta

627 5317 679 5363 et
703 5315 848 5359 arcta
875 5305 956 5360 via
975 5312 1051 5357 est
1076 5320 1187 5370 qua:
1205 5308 1342 5361 ducit
1371 5311 1438 5362 ad
1463 5313 1619 5364 vitam
1641 5313 1704 5360 ²².

701 5393 862 5448 Vens.
915 5393 1028 5446 24.
1069 5390 1301 5459 Domine,
1345 5400 1466 5466 quid
1515 5399 1842 5465 multiplicati
1889 5405 2006 5450 sunt
2061 5397 2146 5463 qui

631 5481 882 5537 tribulam
923 5481 1041 5536 me?
1074 5480 1220 5532 multi
1258 5483 1524 5551 insurgunt
1555 5488 1823 5542 adversum
1853 5501 1946 5538 me.
1991 5483 2146 5536 Multi

702 5675 743 5708 δ’
779 5673 970 5728 Jcrem.
1006 5684 1165 5738 xvut,
1197 5670 1246 5725 6.
1324 5671 1368 5702 "
1404 5669 1558 5729 Rom.
1592 5693 1661 5741 ιι,

2254 4512 2410 4579 τῆσαι
2436 4513 2510 4572 εἰς
2541 4509 2638 4581 τὴν
2668 4509 2759 4561 τοῦ
2792 4512 3026 4582 Οὐρίου,
3053 4521 3324 4575 τοσοῦτον
3365 4529 3597 4598 εἰσηνέγ

2251 4601 2461 4662 τανοίας
2494 4599 2719 4669 καρπὸν,
2751 4599 2825 4659 ὡς
2845 4602 3022 4655 πάλιν
3050 4607 3112 4658 ὲν
3145 4609 3286 4681 θείῳ
3308 4615 3602 4688 Πνεύματι

2256 4692 2477 4742 Ἔπεται
2497 4689 2602 4758 γὰρ
2629 4692 2692 4758 τῇ
2715 4688 2857 4740 κατὰ
2875 4691 2975 4742 τὸν
3000 4696 3079 4746 Οὐ
3091 4699 3218 4766 ρίαν
3255 4705 3481 4778 ἱστορία
3497 4711 3531 4778 ἡ
3570 4728 3602 4762 τ

2253 4779 2440 4848 σαλὼμ
2471 4779 2606 4831 κατὰ
2637 4776 2728 4829 τοῦ
2763 4781 2987 4848 πατρὸς
3015 4776 3438 4860 ἐπανάστασις.
3459 4776 3468 4778 ἡ
3490 4776 3601 4854 ιέένι

2250 4869 2316 4958 ἐκ
2336 4865 2544 4958 τούτων.
2567 4863 2656 4914 καὶ
2686 4863 2900 4958 ετέρρις
2946 4875 3138 4944 τροπὴ
3168 4881 3276 4949 τῆς
3305 4885 3424 4936 ἀπὸ
3459 4905 3602 4958 προτ

2249 4952 2356 5005 κῶν
2377 4953 2467 5002 ἐπὶ
2495 4950 2558 5002 τὰ
2588 4951 2818 5020 κρείττώ
2853 4960 3186 5036 μεταϐολῆς
3207 5009 3222 5032 ,
3266 4950 3602 5031 διδασκαλία

2251 5041 2366 5102 σίας
2391 5041 2522 5108 πρὸς
2554 5041 2643 5092 τὸν
2672 5041 2802 5092 Θεὸν
2833 5044 3227 5125 ἐπιστροφῆς.
3279 5064 3400 5116 Καὶ
3435 5066 3602 5122 ἄλλωι

2247 5128 2460 5180 δικαίων
2501 5129 2614 5180 ἐστὶ
2658 5129 2718 5180 τὸ
2755 5128 3059 5194 θλίϐεσθαι
3080 5159 3094 5172 ο
3132 5145 3220 5200 διὸ
3253 5155 3358 5206 καὶ
3381 5156 3412 5208 ὁ
3447 5159 3602 5214 Σωτὶ

2262 5217 2360 5316 Ἐν
2380 5216 2458 5316 τάξ
2489 5216 2688 5316 “iw
2711 5219 2939 5316 W597
2989 5228 3207 5296 έκετεο
3246 5241 3354 5292 και
3388 5250 3592 5316 στενὴ

2252 5304 2534 5402 agat-1&3»;
2562 5304 2730 5402 εστὶις
2750 5306 2806 5402 ἡ.
2827 5309 2982 5402 cecc
3004 5318 3045 5384 ἠ
3071 5320 3424 5391 ἀπάγουσα
3453 5337 3549 5402 είς

2317 5395 2506 5498 res
2534 5393 2589 5498 τι
2614 5393 3124 5498 ἐπληθωςθτισςινε
3142 5415 3201 5462 οί
3225 5393 3602 5498 .

2249 5483 2341 5535 .102
2382 5483 2808 5536 ἐπανίστανται
2860 5486 2962 5540 ἐπ’
3013 5494 3164 5562 ἐμέ·
3227 5510 3468 5566 πολλοὶ

1824 5678 1865 5707 ²¹
1905 5674 2055 5731 Joan.
2093 5689 2208 5741 xw,
2243 5673 2326 5728 33.
2405 5677 2447 5708 ³³
2488 5674 2670 5728 Matth.
2705 5688 2808 5742 vn,
2851 5680 2943 5735 η,
