3818 6332
174 406 244 464 93
1324 396 1813 457 COMMENTARIA
1856 405 1919 458 IN
1956 395 2294 457 pstuos.
3321 408 3393 463 ω

169 532 328 615 ψυχῇ
354 542 465 599 μων
490 516 778 615 ἐστι
816 527 1137 615 ξτωτηρία
1188 539 1375 603 αὐτῷ
1414 541 1484 593 ἐν
1512 541 1587 603 τῷ
1624 537 1743 601 Θεῷ

1849 538 2019 590 dicunt
2047 545 2243 588 anima:
2272 539 2397 580 mete
2431 533 2451 573 ρ’
2486 523 2534 573 Ν
2542 543 2606 582 οη
2644 544 2718 587 est
2739 536 2879 588 salus
2912 537 3007 603 ipsi
3040 537 3091 589 in
3112 535 3217 590 Deo
3251 539 3385 606 ejus.

162 605 350 692 £10105-
375 619 443 672 Σὺ
477 614 554 674 δέν
588 611 773 676 κύβδ’
798 605 1263 693 ἀντι-λήπτωρ
1309 648 1429 697 μου
1475 627 1560 693 εἴ,
1602 630 1748 691 δόξα

1850 628 1933 681 Tu
1968 637 2157 689 autent,
2193 621 2432 678 Domine,
2472 633 2735 691 susceptor
2768 644 2904 679 meus
2933 644 2983 680 es
3016 644 3032 679 :
3063 629 3231 696 gloria
3276 647 3386 683 mea

156 732 295 796 μου,
324 711 401 761 καί
432 698 726 796 ὑψῶνΑτὴΪ
770 700 1082 796 κεφαλήν
1140 729 1311 777 μου.
1361 719 1567 779 Πάντας
1622 717 1747 768 διω-

1851 729 1897 768 et
1927 719 2164 769 exaltans
2206 722 2362 779 caput
2404 726 2590 766 meum.
2631 714 3034 771 Persecutiones
3075 727 3385 786 exspectare

159 791 323 887 Σίμοκ
344 799 435 871 χρὴ
454 791 743 887 προσᾷοκξν
929 797 1107 851 κατὰ
1137 803 1296 859 Θεὸν
1320 809 1416 878 ζῇν
1439 824 1643 879 προῃρη
1653 808 1747 875 μέ-

1849 816 2063 875 Oportet
2096 820 2284 861 omnes
2320 802 2411 871 qui
2450 804 2740 857 secundum
2771 804 2933 858 Deum
2976 808 3153 861 vivere
3182 810 3383 861 consti-

163 882 303 961 ξνρυς.
334 889 466 944 Ἐπεὶ
492 883 625 939 κατὰ
649 882 739 933 τδν
767 882 1137 943 Ἀπόστολον
1163 911 1179 923 ⁸
1216 897 1453 963 Πάντες
1480 902 1531 949 οἱ
1558 898 1749 950 θέλον-

1849 898 2068 950 tuerint.
2108 895 2381 963 Siquidem
2418 901 2475 944 ιιι
2503 895 2576 946 ait
2600 896 2888 963 Apostolus
2919 914 2929 947 :
2972 895 3157 949 Omnes
3186 898 3272 965 qui
3305 899 3384 963 pie

168 1009 270 1054 τες
295 982 382 1049 (ἦν
411 974 654 1039 εὐσεϐῶς
695 973 764 1025 ἐν
809 974 1071 1041 Χριστῷ
1136 985 1350 1051 Ἰησοῦ
1386 986 1744 1055 διωχθήσον-

1849 987 2023 1038 volunt
2064 988 2223 1039 vivere
2264 986 2315 1036 in
2357 983 2559 1037 Christo
2594 988 2718 1036 Jesu
2750 985 3147 1049 persecutionem
3185 987 3384 1053 patien-

173 1096 284 1140 ται.
315 1073 433 1125 Ἀλλ’
460 1072 511 1121 ὲν
539 1068 671 1120 πᾶσι
706 1066 994 1135 προσήκει
1023 1072 1108 1123 τὰ
1145 1074 1306 1129 δεινὰ
1334 1076 1607 1146 καρτερῶς
1629 1078 1749 1129 ὑπο-

1849 1076 2015 1126 tur”.
2048 1073 2114 1126 At
2144 1073 2197 1125 in
2231 1072 2480 1126 onmibus
2510 1087 2607 1140 par
2634 1083 2714 1126 est
2743 1072 2923 1140 gravia
2958 1072 3169 1126 fortiter
3201 1073 3339 1127 ferre
3365 1093 3377 1128 :

182 1173 371 1249 μένειν·
424 1162 537 1214 ἐπεὶ
579 1158 716 1229 μηδὲ
761 1159 906 1228 πρὸς
956 1163 1167 1232 ὀλίγον
1195 1168 1345 1219 ἐστὶν
1370 1169 1494 1236 ἡμῖν
1523 1168 1550 1217 ὁ
1581 1165 1746 1232 ἁγὼν,

189 1258 306 1337 μηδέ
330 1254 450 1325 πρὸς
480 1251 735 1322 μικροὺς,
785 1250 931 1303 ἀλλὰ
980 1254 1136 1325 πρὸς
1182 1257 1430 1317 πλείονας
1454 1256 1546 1308 καὶ
1581 1253 1748 1323 μεγά-

190 1358 317 1410 λους,
364 1346 418 1397 ου
453 1344 604 1413 μόνον
636 1344 764 1404 τοῦς
796 1343 856 1393 ὲν
905 1343 1273 1415 ἀνθρώποις,
1323 1344 1455 1398 ἀλλὰ
1492 1345 1583 1395 καὶ
1626 1342 1750 1404 τοὺς

200 1438 427 1511 ἀοράτους
448 1432 693 1503 ἐχθρούς.
721 1433 837 1484 Καὶ
864 1434 1020 1486 κατὰ
1053 1436 1119 1487 τὸ
1152 1436 1311 1505 ῥητὸν
1341 1434 1427 1497 δὲ,
1460 1432 1617 1485 Δαυῗδ
1636 1471 1650 1493 ,
1684 1434 1747 1485 ἐκ

204 1532 308 1590 νέας
332 1527 526 1597 ἡλικίας
554 1525 662 1576 ὑπὸ
700 1523 800 1575 τοῦ
846 1525 1032 1578 Σαοὺλ
1076 1525 1434 1594 πολεμηθεὶς,
1487 1525 1577 1576 καὶ
1617 1524 1750 1592 μετὰ

208 1616 352 1673 ταῦτα
370 1614 462 1666 ὑπὸ
492 1613 700 1683 μυρίων
730 1611 937 1676 ἄλλων,
971 1614 1070 1665 καὶ
1090 1614 1242 1675 τέλος
1263 1613 1364 1665 ὑπὸ
1388 1611 1477 1663 τοῦ
1510 1610 1623 1663 υἱοῦ
1656 1611 1751 1679 τῆς

214 1704 445 1777 βασιλείας
478 1702 845 1772 ἐλαυνόμενος
883 1704 981 1755 καὶ
1029 1703 1263 1769 φεύγων,
1295 1700 1461 1753 ταῦτα
1502 1700 1639 1753 κατὰ
1662 1700 1751 1753 τὸν

214 1799 367 1867 καιρὸν
389 1795 485 1864 τῆς
518 1794 702 1864 φυγῆς
724 1793 939 1861 ἔλεγεν.
980 1794 1222 1864 Ἐχθρῶν
1249 1794 1306 1847 δέ
1335 1796 1447 1845 ἐστι
1489 1791 1549 1845 τὸ
1586 1793 1755 1861 ἔπεμ-

1847 1163 2277 1230 quaudoquidem
2321 1176 2491 1229 neque
2527 1160 2591 1213 ad
2628 1162 2787 1215 breve
2819 1169 3048 1230 tempus,
3080 1178 3256 1235 neque
3289 1163 3383 1215 ad-

1848 1261 2037 1303 versus
2062 1263 2260 1318 paucos
2289 1255 2556 1301 certamen
2588 1248 2741 1301 nobis
2766 1256 2880 1312 est;
2910 1249 3001 1302 sed
3033 1257 3218 1302 contra
3246 1252 3384 1301 mul-

1848 1345 1934 1393 tos
1961 1355 2023 1392 ac
2054 1339 2238 1397 fortes,
2274 1354 2379 1391 non
2421 1339 2592 1393 solum
2633 1339 2897 1402 homines,
2934 1339 3025 1393 sed
3054 1342 3212 1393 etiam
3247 1340 3385 1392 invi-

1848 1426 2032 1480 sibiles
2062 1427 2326 1480 inimicos.
2359 1426 2422 1477 Et
2453 1436 2509 1478 ut
2535 1425 2599 1478 ad
2623 1440 2732 1477 rem
2760 1428 3081 1493 propositam
3114 1427 3379 1485 veniatur.

1849 1515 2013 1571 David
2051 1534 2080 1571 a
2109 1518 2386 1586 juventute
2421 1532 2515 1571 sua
2549 1532 2642 1586 per
2675 1516 2888 1571 Saulem
2919 1518 3056 1571 bello
3084 1518 3380 1587 impetitus,

1851 1623 1912 1661 ac
1956 1607 2205 1676 deinceps
2252 1622 2279 1659 a
2327 1606 2593 1660 sexcentis
2642 1606 2783 1669 aliis,
2825 1606 3145 1674 demumque
3193 1623 3221 1659 a
3276 1608 3384 1661 ﬁlio

1849 1698 2037 1766 pulsus
2081 1712 2278 1766 regno,
2321 1706 2479 1764 atque
2521 1695 2763 1764 fugatus,
2809 1695 2921 1749 hare
2965 1704 3203 1765 tempore
3248 1696 3384 1766 fugae

1849 1786 2077 1841 dicebat.
2121 1785 2463 1839 lnimicorum
2511 1793 2686 1839 autem
2730 1786 3004 1855 praprium
3046 1794 3149 1849 est,
3180 1786 3386 1841 irruere

215 1884 382 1936 ϐαίνειν
402 1884 493 1936 καὶ
508 1883 913 1936 ἐπανίστασθαι
934 1886 1047 1945 τοῖς
1072 1886 1256 1945 κακοῖς
1281 1882 1385 1934 τῶν
1404 1882 1468 1934 δι’
1490 1881 1749 1944 ἐναντίας*

1852 1884 2012 1946 atque
2042 1877 2319 1945 insurgere
2352 1878 2405 1930 in
2433 1877 2634 1938 hostes,
2656 1876 2781 1929 dum
2818 1877 2871 1929 in
2896 1878 3033 1929 mala
3058 1878 3381 1931 inciderunt.

214 1972 369 2039 διόπερ
396 1970 581 2040 καὶτῷ
609 1970 779 2022 Δαυῖδ
811 1970 1153 2039 ἡμαρτηκότι
1190 1971 1279 2022 ἐπὶ
1309 1970 1404 2039 τῆς
1436 1969 1528 2021 τοῦ
1559 1969 1749 2038 Οὐρίου

217 2061 370 2113 πολλοὶ
386 2062 747 2114 ἐπανίσταντο
773 2060 1241 2129 ὲπιχαιρεσίκακοι
1266 2060 1442 2129 ἐχθροί
1463 2077 1621 2121 τινες.
1644 2059 1751 2111 Πά-

216 2151 281 2202 λαι
303 2152 395 2202 καὶ¹
415 2152 476 2202 ὲκ
502 2152 718 2221 μακροῦ
744 2153 837 2205 διὰ
859 2152 1050 2220 φθόνου
1080 2148 1302 2216 ὑψοῦται
1327 2148 1530 2217 κεφαλὴ
1545 2148 1634 2199 τοῦ
1662 2166 1752 2200 κα-

214 2240 264 2291 τὰ
286 2239 440 2308 σῶμα
470 2241 893 2311 μεγεθισμένου,
924 2238 1073 2309 παρὰ
1098 2238 1197 2299 τὰς
1225 2237 1330 2290 τῶν
1361 2237 1750 2306 ὑποδεεστέρων

214 2328 427 2396 κεφαλάς
455 2330 605 2383 κάτω
637 2330 920 2398 κειμένας.
950 2329 1103 2381 Οῦτω
1143 2326 1493 2395 διαναστάσης
1526 2328 1620 2395 τῆς
1660 2326 1749 2378 τοῦ

215 2417 458 2486 μακαρίου
499 2418 682 2488 ψυχῆς
720 2419 817 2472 καὶ
852 2419 931 2479 εἰς
963 2417 1195 2469 ἐπίδοσιν
1231 2415 1617 2483 ἁναόεόηκυίας
1653 2415 1748 2467 τοῦ

210 2506 265 2570 t3;
309 2510 364 2558 ὲν
412 2508 613 2576 ψυχαῖς
665 2508 963 2575 μεγέθους,
1016 2509 1048 2575 ή
1098 2504 1300 2573 κεφαλὴ
1351 2505 1570 2572 ὑψοῦται
1618 2504 1748 2555 Θεοῦ

212 2596 576 2667 συνεργοῦντος
605 2598 749 2665 αὐτῇ
778 2598 872 2648 καὶ
902 2596 1035 2666 πρὸς
1059 2596 1244 2647 ἑαυτὸν
1269 2596 1345 2657 είς
1376 2595 1594 2662 οὐρανὸν
1624 2595 1750 2647 ἀνά-

208 2702 395 2750 γοντος,
422 2687 514 2739 τὸν
545 2687 929 2756 ἐμπαρέχοντα
958 2686 1115 2737 αὑτὸν
1147 2688 1212 2755 τῇ
1248 2685 1378 2753 πρὸς
1407 2684 1465 2735 τὸ
1497 2684 1750 2736 ἀνωτάτω

206 2775 495 2844 ἀκολουθία.
540 2774 699 2826 Ἐπεὶ
753 2774 809 2825 δὲ
846 2772 1021 2841 πολλῴ
1062 2772 1217 2825 πλέον
1251 2772 1346 2841 τῆς
1393 2771 1751 2841 προαιρέσεως

204 2863 289 2932 τῆς
318 2862 643 2932 τάνθρώπου
679 2864 978 2933 χαρίζεται,
1012 2861 1171 2913 νικῶν
1207 2862 1263 2913 ὲν
1298 2860 1375 2929 τῷ
1411 2860 1689 2932 δωρεῖσθαι
1721 2863 1750 2914 ὁ

204 2950 481 3020 εὐεργέτης
507 2952 600 3002 τὸν
630 2950 769 3003 κατὰ
793 2950 1016 3018 δύναμιν
1048 2948 1296 3001 ποιοῦντα
1339 2948 1398 3000 τὸ
1438 2948 1613 3000 καλόν·
1657 2949 1750 3002 καὶ

201 3037 276 3092 διὰ
310 3039 469 3091 τοῦτο
500 3038 704 3100 παντὸς
734 3036 897 3090 καλοῦ
934 3036 1031 3107 τὴν
1062 3037 1236 3089 αἰτίαν
1270 3037 1298 3086 ὁ
1334 3035 1535 3098 Παῦλος
1566 3037 1746 3090 ἀνατι-

200 3124 306 3188 Θεὶς
350 3126 426 3195 τῷ
468 3125 587 3193 Θεῷ
629 3140 813 3193 φησιν·
863 3125 943 3176 Οὐ
982 3123 1085 3175 τοῦ
1132 3123 1425 3187 θέλοντος,
1467 3123 1606 3177 οὐδὲ
1644 3125 1745 3177 τσῦ

1850 1965 2204 2030 Quamobrem
2229 1975 2345 2033 post
2370 1977 2641 2035 peccatum
2660 1965 2877 2019 Davidis
2896 1981 3016 2019 cum
3039 1982 3203 2020 uxore
3225 1966 3382 2028 Uriae,

1848 2056 2003 2108 multi
2033 2055 2083 2108 in
2113 2071 2255 2119 eum,
2284 2072 2348 2109 ex
2393 2058 2459 2110 iis
2501 2058 2707 2110 scilicet
2743 2058 2835 2125 qui
2866 2058 3053 2112 alienis
3082 2057 3385 2127 gaudebant

1848 2143 2023 2204 malis,
2051 2141 2474 2197 insurrexerunt.
2505 2142 2717 2197 Jamdiu
2742 2146 2882 2198 enim
2906 2153 2958 2198 et
2988 2161 3017 2197 a
3045 2147 3217 2214 longis
3242 2154 3385 2200 retro

1850 2233 2177 2299 temporibus
2210 2248 2303 2301 per
2344 2232 2594 2285 invidiam
2626 2234 2889 2286 exaltatur
2927 2245 3086 2303 caput
3116 2236 3255 2303 ejus,
3290 2236 3384 2303 qui

1848 2321 2137 2374 secundum
2184 2337 2376 2389 corpus
2407 2322 2471 2374 ad
2502 2323 2703 2390 majora
2741 2323 3003 2386 evehitur,
3046 2331 3099 2376 et
3144 2324 3385 2377 imminet

1847 2408 2110 2476 capitibus
2162 2408 2495 2473 intimorum,
2553 2425 2670 2477 qua).
2720 2409 2969 2463 deorsum
3027 2412 3381 2465 inclinantur.

1848 2495 2043 2549 Eodem
2080 2495 2237 2549 modo
2261 2497 2383 2548 dum
2417 2497 2557 2550 beati
2610 2498 2708 2550 viri
2755 2499 2931 2552 anima
2986 2501 3202 2564 crescit,
3234 2509 3286 2555 et
3318 2504 3382 2555 ad

1848 2586 2111 2647 altiorem,
2152 2586 2325 2653 qualis
2356 2587 2635 2642 animabus
2676 2589 2950 2656 competit,
3002 2592 3383 2659 magnitudinis

1847 2674 2066 2743 gradum
2099 2677 2360 2741 evehitur,
2394 2676 2500 2732 Deo
2530 2679 2775 2732 videlicet
2822 2681 3042 2747 juvante
3068 2689 3121 2734 et
3149 2682 3213 2734 ad
3239 2698 3297 2736 se
3330 2684 3381 2736 in

1848 2764 2038 2817 coelum
2081 2765 2334 2819 evehente
2366 2782 2486 2819 eum
2536 2768 2626 2834 qui
2657 2782 2776 2821 sese
2810 2768 3011 2835 praebet
3056 2769 3119 2821 ad
3152 2786 3383 2838 superna

1846 2851 2165 2906 ducendum.
2224 2853 2483 2918 Quoniam
2555 2871 2699 2918 vero,
2754 2857 3037 2910 munilicus
3110 2872 3232 2911 cum
3290 2861 3382 2921 sit,

1845 2942 2014 2994 multo
2037 2942 2189 3010 plura
2226 2942 2427 2996 homini
2467 2945 2668 3014 praebet
2698 2960 2855 3013 quam
2888 2949 3003 3016 ipse
3031 2948 3113 3001 vel
3146 2958 3267 3002 voto
3297 2964 3385 3003 as-

1845 3039 2115 3098 sequatur,
2139 3040 2458 3100 superatque
2490 3034 2645 3088 donis
2673 3036 2785 3089 suis
2814 3052 2931 3091 eum
2954 3078 2969 3102 ,
3006 3039 3096 3107 qui
3130 3055 3226 3107 pro
3251 3040 3382 3093 viri-

1848 3120 2172 3175 busbonum
2193 3131 2477 3190 operatur;
2511 3125 2627 3178 ideo
2663 3126 2839 3181 omnis
2872 3127 2995 3180 boni
3029 3143 3246 3183 causam
3276 3129 3384 3184 Deo

199 3215 527 3283 τρέχοντος,
554 3214 716 3268 ἀλλὰ
748 3208 853 3267 τοῦ
870 3212 1183 3276 ἐλεοῦντος
1212 3211 1374 3266 Θεοῦ.
1414 3214 1468 3264 Ὀ
1495 3213 1620 3275 Θεὸς
1655 3213 1749 3282 μὲν

1852 3212 2161 3267 adscribens
2184 3212 2381 3267 Paulus
2419 3214 2492 3266 ait
2525 3234 2535 3266 :
2574 3214 2692 3267 Non
2714 3218 2957 3279 volentis,
2992 3235 3147 3287 neque
3174 3235 3385 3273 curren-

198 3299 284 3356 υῦν
318 3304 409 3354 καὶ
445 3305 477 3368 ἡ
506 3301 679 3371 ἀρετὴ
717 3299 1017 3368 μεγεθύνει,
1054 3298 1144 3350 καὶ
1179 3298 1242 3349 δι’
1278 3299 1409 3351 ὅλων
1438 3302 1643 3352 ἐπαινεῖ
1674 3301 1745 3372 (l)

201 3392 292 3463 τὴν
322 3393 411 3445 τοῦ
437 3392 592 3459 ἁγίου
620 3392 815 3460 ψυχήν·
853 3389 1015 3441 κακία
1043 3388 1097 3439 δὲ
1127 3388 1216 3439 καὶ
1242 3390 1272 3456 ἡ
1315 3389 1562 3457 συνεργὸς
1582 3390 1747 3459 ταύτῃ

202 3483 362 3553 ἐχθρὰ
400 3484 512 3543 τοῖς
564 3480 871 3550 ἀνθρώποις
906 3478 1156 3547 δύναμις,
1216 3478 1483 3529 συστέλλει
1534 3478 1624 3531 καὶ
1673 3482 1750 3541 είς

205 3572 377 3623 στενὸν
431 3570 652 3637 συνάγει
701 3570 799 3638 τὴν
859 3568 932 3637 μὴ
977 3567 1239 3637 ἑπομένην
1296 3566 1430 3635 Θεῷ,
1480 3569 1569 3619 καὶ
1612 3568 1749 3621 οὕτω

208 3657 421 3727 βραχεῖα
457 3658 667 3725 γίνεται
717 3658 810 3709 καὶ
853 3656 1064 3725 κολοϐὴ,
1110 3656 1246 3708 ὥστε
1281 3656 1376 3725 τῆς
1413 3656 1615 3725 χύσεως
1653 3658 1751 3728 τῆς

207 3751 388 3812 κακίας
408 3748 793 3817 ἐπιγινομένης
811 3749 889 3808 εἰς
910 3748 967 3797 τὸ
997 3746 1176 3816 μηδὲν,
1198 3746 1291 3816 τὴν
1312 3746 1559 3815 τοιαύτην
1579 3746 1749 3817 ψυχὴν

204 3838 498 3909 λογισθῆναι
528 3838 676 3890 κατὰ
713 3838 803 3888 τὸν
842 3837 1083 3887 Ἥσαῖαψ
1124 3839 1170 3887 ot
1217 3836 1320 3906 γὰρ
1360 3837 1751 3906 ἁμαρτάνοντες

204 3932 274 3989 εἰς
305 3930 449 3981 οὐδὲν
485 3925 867 3993 ἐλογίσθησαν.
903 3924 1009 3975 Καὶ
1048 3923 1228 3993 ὥσπερ
1274 3926 1531 3991 σωμάτων
1576 3924 1749 3993 ἐλάχιο

210 4019 318 4070 στάν
345 4022 486 4070 ἐστιν
510 4019 541 4068 ὁ
569 4015 723 4084 χοῦς,
741 4014 912 4075 οὕτως
944 4015 997 4064 αἱ
1055 4014 1222 4082 πάντη
1257 4014 1517 4084 μοχθηραὶ
1546 4013 1710 4083 ψυχαὶ
1730 4053 1745 4075 ,

208 4111 286 4161 ἐπὶ
309 4109 436 4161 πολὺ
460 4106 899 4178 σμικρυνθείσαι,
927 4104 1057 4155 εἰσιν
1073 4106 1150 4169 ὡς
1165 4107 1196 4155 ὁ
1246 4102 1389 4170 χοῦς
1412 4103 1749 4171 ὃνέκρίπτει

207 4202 235 4250 ό
258 4199 484 4267 ἄνεμος.
511 4194 777 4265 Κεφαλήν
815 4193 872 4245 δὲ
909 4194 1002 4262 τῆς
1038 4193 1210 4261 ψυχῆς
1249 4193 1459 4261 νοητέον
1495 4193 1590 4264 τὴν
1637 4194 1749 4246 δια-

206 4291 440 4360 νοητικὴν
510 4289 767 4355 δύναμιν·
816 4284 1014 4352 ταύτης
1066 4285 1168 4353 γὰρ
1226 4284 1572 4353 διαφέρουσαν
1632 4284 1748 4336 οὐδὲ

212 4381 353 4451 μέχρι
383 4379 477 4431 τὸῦ
505 4377 792 4445 ἐπινοῆσαι
824 4374 1057 4426 δυνατόν’
1090 4374 1140 4425 εἴ
1167 4390 1229 4441 γε
1262 4372 1354 4424 καὶ
1384 4373 1473 4425 τοῦ
1507 4375 1748 4444 σώματος

211 4471 235 4537 ἡ
265 4468 461 4537 κεφαλὴ
492 4466 818 4536 τιμιωτέρα.
846 4463 989 4531 Αῦτη
1013 4463 1185 4513 τοίνυν
1206 4465 1237 4531 ἡ
1260 4463 1475 4533 νοητικὴ
1505 4464 1744 4533 δύναμις,

1847 3303 1933 3365 tis,
1960 3302 2047 3355 sed
2084 3304 2371 3356 miseremis
2400 3314 2474 3355 est
2502 3303 2594 3356 Dei
2619 3304 2683 3357 ".
2718 3304 2856 3357 Deus
2907 3306 3067 3373 igitur
3097 3319 3253 3376 atque
3275 3308 3385 3361 vir-

1849 3399 1934 3444 tus
1967 3392 2135 3445 sancti
2182 3392 2281 3444 viri
2307 3392 2537 3443 animam
2568 3394 2898 3447 incremento
2929 3396 3151 3458 donant,
3182 3404 3235 3450 et
3268 3412 3385 3449 om-

1847 3481 1975 3533 nino
2001 3481 2067 3533 ad
2100 3482 2288 3533 altiora
2320 3482 2549 3534 evehunt
2579 3498 2592 3534 :
2626 3483 2928 3552 malignitas
2962 3493 3135 3539 autem
3159 3487 3383 3556 ejusque

1847 3569 2079 3637 adjutrix
2114 3571 2327 3624 inimica
2361 3573 2664 3628 hominibus
2716 3582 2950 3642 poteStas
2994 3578 3283 3639 contrahit,
3326 3581 3381 3633 in

1847 3666 2233 3727 angustumque
2282 3662 2473 3729 redigit
2501 3662 2732 3715 animam
2779 3663 2886 3718 Deo
2937 3681 3039 3717 non
3083 3667 3383 3735 obsequen-

1849 3755 1979 3812 tem;
2015 3756 2173 3816 atque
2198 3748 2269 3801 ita
2300 3751 2575 3814 minuitur,
2607 3761 2678 3814 et,
2708 3761 2766 3805 ut
2808 3753 2877 3805 ita
2905 3753 3098 3817 dicam,
3134 3756 3381 3809 decurta-

1848 3844 1961 3901 tur;
1994 3844 2050 3889 ut
2082 3837 2371 3892 inundante
2408 3841 2630 3903 malitia,
2684 3840 2988 3909 hujusmodi
3030 3844 3243 3907 anima,
3298 3861 3382 3899 se-

1847 3926 2079 3978 cundum
2129 3928 2339 3988 Isaiam,
2378 3945 2471 3997 pro
2503 3930 2669 3984 nihilo
2717 3939 2991 3999 reputetur
3022 3950 3035 3986 :
3069 3944 3381 4002 peccatores

1848 4033 2079 4086 namque
2126 4033 2218 4085 pro
2270 4019 2435 4074 nihilo
2486 4020 2766 4074 habentur.
2806 4022 2884 4075 Ac
2931 4026 3391 4091 quemadmodum

1847 4108 2081 4161 omnium
2112 4122 2392 4175 corporum
2424 4110 2700 4163 minimum
2735 4112 2908 4180 pulvis
2943 4123 3047 4177 est;
3091 4114 3163 4167 ita
3191 4094 3383 4170 animi:

1849 4197 2103 4266 improba:
2136 4198 2359 4250 multum
2411 4200 2723 4263 imminutae,
2765 4212 2888 4255 sunt
2938 4212 3184 4271 tanquam
3214 4206 3379 4271 pulvis

1847 4303 1992 4355 quem
2017 4286 2221 4352 proiicit
2240 4296 2431 4340 ventus.
2457 4287 2629 4355 Caput
2650 4298 2822 4342 autem
2846 4290 3036 4343 animae
3067 4292 3381 4347 aestimanda

1848 4382 1929 4429 est
1962 4375 2285 4443 intelligendi
2336 4377 2415 4430 vis
2448 4395 2462 4429 :
2495 4376 2625 4429 nihil
2653 4378 2794 4431 enim
2823 4393 2885 4431 ea
2919 4380 3263 4447 praestantius
3296 4382 3381 4434 vel

1851 4464 2083 4532 cogitare
2105 4464 2260 4528 licet;
2292 4464 2548 4532 siquidem
2579 4472 2629 4518 et
2667 4473 2825 4534 caput
2849 4468 3059 4536 corpori
3092 4469 3378 4521 antecellit.

213 4527 593 4629 τροπίκώτεφν
628 4527 835 4625 κεφαλὴ
882 4527 1126 4622 λεχθεῖσα
1166 4527 1262 4621 τῆς
1526 4549 1606 4616 οἷς
1639 4527 1746 4623 ’μὲν

1851 4527 1973 4607 Haec
2022 4554 2182 4618 igitur
2231 4527 2555 4621 intelligendi
2596 4527 2887 4624 vim-qua:
2939 4527 3092 4624 tropo
3151 4557 3378 4624 quodam

218 4644 397 4711 δψωταε
428 4646 545 4698 ἄνω
583 4642 876 4711 βλέπουσα,
910 4640 969 4690 οὐ
1015 4639 1166 4707 μόνον
1198 4639 1290 4709 τὴν
1330 4640 1452 4708 γῆν,
1493 4640 1623 4692 ἀλλὰ
1663 4640 1754 4693 καὶ

219 4736 369 4787 πάντα
405 4736 472 4787 τά
518 4732 752 4801 σώματα
798 4728 1170 4798 ὑπερκύψασα,
1222 4729 1294 4791 ὠς
1324 4730 1537 4796 φθάνειν
1596 4732 1751 4801 μέχρι

218 4827 348 4878 Θεοῦ.
372 4821 796 4895 Παρατηρητέον
820 4821 874 4872 δὲ
902 4820 1099 4889 τριχῶς
1127 4820 1223 4887 τῆς
1256 4821 1480 4889 σχέσεως
1508 4820 1599 4872 τοῦ
1620 4822 1750 4874 Θεοῦ

219 4913 536 4982 ὑμνουμένης
564 4910 672 4962 ὑπὸ
694 4908 787 4959 τοῦ
819 4908 1065 4973 λέγοντος
1095 4906 1189 4976 τὴν
1221 4908 1367 4972 τάξιν
1404 4908 1496 4960 τοῦ
1538 4910 1748 4979 πρώτου

218 5001 492 5069 λεχθέντος,
516 5014 520 5019 ·
546 4999 639 5052 καί
691 4995 784 5049 τοῦ
831 4995 957 5063 ἑξῆς
1008 4995 1099 5046 καὶ
1150 4996 1237 5048 τοῦ
1279 4997 1479 5049 λοιποῦ.
1536 4998 1749 5067 Πρῶτον

219 5092 308 5160 γάρ
337 5108 495 5159 φησιν
523 5084 664 5140 εἶναι
695 5087 784 5139 τὸν
808 5086 941 5137 Θεὸν
968 5084 1319 5161 ἁντιλήπτορα
1345 5087 1507 5142 αὑτοῦ
1529 5127 1542 5151 ,
1568 5089 1752 5144 ἔπειτα

220 5181 371 5244 δόξαν,
406 5181 597 5232 ἔπειτα
637 5176 871 5245 eaeam
906 5174 1006 5241 τὴν
1036 5173 1280 5243 κεφαλήν.
1309 5181 1415 5231 Καὶ
1447 5181 1577 5247 ἡμῖν
1607 5182 1753 5233 ἀντι-

221 5262 440 5333 λήπτωρ,
482 5264 575 5316 καὶ
607 5263 668 5313 τὸ
706 5261 877 5329 ὄνομα
915 5256 1069 5323 δηλοῖ
1102 5257 1631 5333 ἀντιλαμϐανόμενον,
1671 5268 1755 5319 ἵνα

225 5348 344 5418 ῥύσῃ
385 5366 441 5400 τε
477 5350 586 5401 ἀπὸ
631 5346 836 5398 πολλῶν
882 5341 1167 5393 Ολιόὁντων
1202 5350 1289 5400 καὶ
1323 5353 1756 5420 ἐπανισταμένων

226 5439 305 5488 καὶ
318 5436 783 5505 ἀπογινωσκόντων
798 5433 901 5500 τὴν
920 5430 1016 5481 τοῦ
1040 5431 1277 5500 λέγοντος
1287 5441 1454 5492 ταῦτα
1478 5444 1756 5511 σωτηρίαν,

288 5590 326 5621 ’³
364 5588 401 5639 ll
436 5590 571 5645 Tim.
610 5606 692 5651 ιη,
732 5588 813 5639 1‘3.
901 5582 951 5615 "
992 5579 1134 5635 Βοηι-
1175 5599 1270 5653 lx,
1312 5591 1390 5643 16.

296 5739 467 5802 “fit.
504 5744 715 5810 ἐπαίρει.

1852 4651 2011 4711 caput
2030 4643 2220 4697 anima:
2246 4643 2457 4707 dicitur,
2480 4643 2531 4696 in
2558 4643 2876 4712 quibusdam
2900 4661 3111 4700 sursum
3134 4646 3376 4714 erigitur,

1852 4732 1977 4786 dum
2010 4747 2241 4801 superne
2272 4733 2506 4801 respicit,
2537 4740 2695 4801 atque
2717 4749 2822 4787 non
2854 4737 3009 4789 modo
3036 4741 3254 4798 terram,
3287 4734 3379 4788 sed

1850 4821 2024 4874 omnia
2060 4822 2221 4875 etiam
2255 4836 2478 4891 corpora
2515 4824 2877 4887 transcendit,
2910 4825 2981 4876 ita
3017 4829 3073 4876 ut
3120 4838 3287 4891 usque
3314 4824 3380 4876 ad

1852 4910 2014 4965 Deum
2048 4912 2337 4981 perveniat.
2391 4912 2792 4966 Observandum
2839 4920 3014 4968 autem
3063 4920 3184 4975 est,
3216 4912 3379 4967 Deum

1854 5000 1940 5055 hic
1986 5002 2178 5071 triplici
2214 5003 2369 5056 modo
2413 5003 2691 5063 celebrari,
2733 5016 2795 5054 ac
2828 5001 3019 5070 primo,
3058 5000 3250 5056 dehinc
3295 5018 3382 5058 se-

1852 5092 2047 5155 cundo,
2100 5091 2311 5146 demum
2361 5090 2518 5145 tertio
2563 5090 2751 5145 ordine
2803 5090 3049 5158 exprimi.
3093 5091 3182 5145 Ait
3238 5094 3378 5147 enim

1853 5180 2025 5249 primo
2056 5180 2218 5236 Deum
2249 5196 2369 5235 esse
2401 5187 2764 5248 susceptorem
2811 5195 2987 5240 suum,
3040 5180 3232 5236 deinde
3267 5184 3381 5252 glo-

1855 5269 2007 5330 riam,
2034 5268 2261 5338 denique
2300 5270 2617 5322 exaltantem
2648 5276 2824 5337 caput.
2854 5269 2963 5325 Cur
2989 5279 3164 5324 autem
3195 5288 3381 5326 susce-

1857 5368 1976 5428 ptor
2010 5360 2121 5413 sive
2151 5366 2405 5428 patronus
2445 5358 2535 5418 sit,
2568 5357 2649 5410 vel
2700 5359 2816 5427 ipso
2841 5359 3053 5413 nomine
3083 5358 3381 5429 deprehen-

1859 5448 2041 5501 ditur:
2071 5447 2193 5515 quia
2228 5443 2607 5515 patrocinatur,
2646 5454 2704 5498 ut
2744 5446 2927 5501 liberet
2956 5461 2985 5499 a
3024 5446 3202 5499 multis
3245 5452 3381 5501 mala
