3818 6332
450 368 460 383 ’
550 392 619 445 95
1174 393 1426 449 susse"
1466 382 1930 443 cassamsusrs
1957 378 2104 435 ore.
2148 379 2341 434 psus.
2382 378 2471 431 ill.
2514 404 2584 417 ο-
2619 373 3017 429 EXEGETICA.

551 503 935 567 lnl'erentibus,
991 498 1388 569 insurgentibus
1440 501 1491 547 et
1537 492 1603 546 ad
1644 491 2062 560 desperationem

2175 492 2328 561 Ἑξῆς
2375 491 2429 543 δὲ
2468 493 2546 559 τῳ
2625 488 2967 559 ἅντιλήπτορι
3008 490 3041 556 ἡ
3083 482 3240 544 δόξα
3290 475 3425 569 esse
3473 470 3604 569 πρόη

550 591 741 646 salutis
772 591 1143 645 inducentibus
1174 600 1292 640 eum
1327 582 1417 651 qui
1447 582 1568 633 talia
1596 578 1754 634 fatur.
1786 578 2068 647 Postquam

550 665 914 750 susceptorem
946 680 1098 739 dixit,
1129 675 1392 742 sequitur,
1434 671 1601 740 gloria
1634 684 1651 722 :
1681 671 1829 737 prius
1852 670 2074 739 suscipit

549 768 722 829 Deus.
760 770 947 824 deinde
997 766 1160 836 gloria
1204 762 1389 823 allicit,
1430 762 1641 814 demum
1692 761 1858 828 gloria
1902 759 2073 813 aﬂ‘ecti

549 876 709 929 caput
737 862 950 914 exaltat.
994 855 1122 907 Nam
1152 854 1198 907 si
1232 852 1566 907 consurrexit
1617 866 1736 903 cum
1761 849 1995 914 Christo,
2022 858 2074 903 et

549 966 667 1018 qum
716 963 926 1003 sursum
973 952 1097 999 sunt
1147 943 1304 1011 sapit,
1353 958 1458 996 non
1509 956 1625 1010 qua:
1673 954 1832 1007 super
1856 947 2072 1004 terram,

548 1039 866 1092 exaltabitur
890 1042 1048 1105 caput
1070 1034 1187 1103 ejus
1210 1048 1238 1085 a
1263 1032 1507 1093 Domino,
1533 1032 1723 1100 quiest
1748 1029 1999 1091 Verbum,
2023 1037 2075 1082 et

545 1128 711 1197 gloria
748 1126 864 1193 ejus
910 1126 999 1194 qui
1047 1140 1105 1179 se
1150 1124 1357 1193 recipit,
1407 1138 1565 1191 quam
1595 1136 1622 1174 a
1657 1122 1771 1176 solo
1815 1117 2070 1190 [Christo]

546 1217 761 1284 expetit,
793 1215 1037 1283 quisquis
1074 1215 1297 1284 gloriam
1344 1228 1449 1265 non
1508 1212 1699 1277 accipit
1745 1211 1812 1262 ah
1841 1209 2071 1262 homine.

545 1304 819 1367 Quomodo
845 1312 1018 1356 autem
1052 1302 1340 1355 exaltatum
1379 1302 1448 1355 sit
1477 1300 1692 1353 Davidis
1728 1305 1885 1365 caput
1914 1296 2074 1365 probe

545 1394 828 1463 intelliges,
851 1394 895 1446 si
927 1394 1335 1454 animadvertas,
1358 1390 1569 1444 Davidis
1600 1404 1790 1442 nomen
1833 1402 1925 1457 per
1956 1386 2075 1439 uni-

544 1497 754 1535 versum
798 1482 977 1535 orbem
1027 1491 1080 1535 et
1134 1481 1190 1535 in
1251 1481 1502 1535 omnibus
1553 1479 1798 1547 gentibus
1862 1482 2076 1544 propter

542 1573 812 1626 Christum
839 1571 927 1625 Dei
955 1570 1245 1633 Filium,ex
1273 1571 1474 1625 semine
1504 1570 1619 1637 cjus
1649 1567 1937 1622 secundum
1964 1580 2077 1617 car-

542 1676 662 1715 nem
715 1669 926 1724 ortum,
984 1660 1261 1714 celebrari.
1316 1659 1431 1712 Non
1504 1666 1651 1710 tanta
1709 1657 1848 1709 enim
1907 1654 2073 1723 gloria

543 1748 793 1812 affectus,
838 1764 1009 1817 neque
1038 1750 1111 1802 ita
1140 1750 1405 1801 exaltatus
1456 1756 1557 1807 est,
1589 1761 1707 1800 cum
1734 1746 1871 1798 inter
1905 1742 2077 1795 homi-

2171 582 2277 652 γὰρ
2322 580 2764 650 ἁντιλαμὸἀνεται
2805 583 2834 631 6
2873 578 3019 639 Θεὸς,
3060 571 3182 625 εἶτα
3227 562 3446 629 δοξάζει
3481 561 3604 613 stall

2171 671 2291 739 ὑψοῖ
2309 669 2397 722 τοῦ
2417 656 2787 739 δεδοξασμένου
2803 668 2898 737 τὴν
2915 664 3176 732 κεφαλήν.
3203 659 3271 711 Et
3296 657 3409 724 γὰρ
3431 666 3604 719 συνῆγε

2170 758 2401 831 Χριστῷ,
2440 756 2632 811 καὶτὰ
2675 758 2783 811 ἄνω
2833 756 3033 825 φρονεῖ,
3086 751 3147 803 οὑ
3201 747 3276 800 τὰ
3331 745 3425 796 ἐπὶ
3466 742 3556 810 τῆς

2172 836 2503 920 ὑψωθήσεται
2528 846 2683 901 αὑτοῦ
2709 849 2740 916 ή
2774 843 2977 913 κεφαλὴ
3005 841 3110 895 ἀπὸ
3130 838 3227 891 τοῦ
3252 833 3488 905 Κυρίου,
3508 832 3563 893 ὃς
3589 832 3604 883 ἔ

2170 942 2197 991 6
2228 938 2415 1005 Λόγος,
2448 936 2571 999 δόξα
2592 934 2665 987 ὣν
2692 934 2783 987 τοῦ
2820 935 3159 1003 χωρήσαντος
3186 925 3386 984 αὑτὸν,
3423 923 3487 991 ἣν
3513 923 3604 974 ἀπὶ

2175 1027 2332 1094 μόνου
2366 1024 2616 1094 ἐξῄτησεν
2660 1026 2687 1076 ὁ
2721 1023 2793 1093 μὴ
2830 1021 3115 1090 λαμϐάνων
3150 1016 3319 1079 δόξαν
3351 1010 3503 1082 παρὰ
3536 1012 3603 1063 av‘

2173 1132 2291 1166 που.
2325 1116 2506 1175 Ὅπως
2535 1113 2589 1165 δὲ
2623 1111 2805 1180 ὑψώθη
2836 1111 2927 1163 τοῦ
2965 1108 3127 1161 Δαυῖδ
3156 1110 3190 1176 ἡ
3230 1103 3491 1172 κεφαλὴ,
3534 1114 3604 1153 νοτ

2173 1205 2481 1272 ἐπιστήσας,
2507 1204 2579 1265 ὼς
2599 1202 2712 1254 καθ’
2727 1202 2850 1271 ὅλης
2879 1200 2973 1268 τῆς
2998 1200 3105 1251 τῶν
3138 1195 3463 1267 ἀνθρώπων
3493 1194 3604 1244 οὶκο

2172 1312 2265 1363 νης
2304 1294 2396 1345 καί
2432 1295 2486 1344 ὲν
2522 1294 2649 1344 πᾶσι
2682 1295 2789 1354 τοῖς
2822 1290 2996 1342 ἔθνεσι
3034 1289 3094 1340 τὸ
3138 1286 3237 1339 τοῦ
3281 1283 3459 1337 Δαυῒδ
3496 1281 3604 1351 βεδε

2171 1386 2354 1453 ὄνομα,
2377 1383 2459 1435 διὰ
2483 1382 2571 1434 τὸν
2596 1382 2660 1433 ἐκ
2687 1381 2989 1451 σπέρματος
3012 1377 3178 1431 αὑτοῦ
3206 1373 3369 1429 κατὰ
3395 1372 3577 1441 σάρκα
3601 1391 3604 1400 ’

2176 1492 2331 1545 μενον
2360 1473 2583 1542 Χριστὸν
2620 1471 2707 1524 τὸν
2738 1472 2830 1523 τοῦ
2859 1470 2991 1522 Θεοῦ
3024 1468 3173 1520 Υἱόν·
3208 1468 3315 1534 οὑχ
3353 1464 3533 1525 οὕτως
3560 1480 3604 1530 γι

2174 1562 2470 1633 ἀνθρώποις
2520 1560 2611 1624 ὢν,
2659 1562 2750 1614 καὶ
2802 1561 2961 1630 μόνου
3005 1557 3099 1610 τοῦ
3137 1555 3377 1627 Ἰσραὴλ
3436 1553 3604 1623 βασιλι

2171 1652 2440 1716 δεδόξαστο
2463 1652 2553 1704 καὶ
2588 1651 2781 1718 ὑψωτο,
2811 1651 2901 1702 καὶ
2934 1649 3169 1718 μάλιστα
3205 1645 3361 1716 μετὰ
3408 1642 3510 1713 τὴν
3557 1644 3604 1694 ὲτ

2175 1761 2354 1796 στασιν
2387 1742 2475 1794 τοῦ
2529 1738 2869 1809 Ἀϐεσσαλὼμ
2894 1738 2995 1809 τὴν
3036 1739 3155 1790 κατ’
3203 1733 3394 1788 αὑτοῦ
3424 1751 3603 1803 γενομς

543 1854 639 1892 nes
686 1846 1013 1901 versaretur,
1068 1846 1119 1892 et
1174 1839 1344 1892 solum
1402 1838 1612 1891 lsraelis
1668 1848 1889 1903 regnum
1934 1832 2069 1886 obti-

2172 1834 2245 1895 ὡς
2266 1832 2353 1884 διὰ
2381 1833 2475 1901 τῆς
2500 1831 2761 1899 σωτηρίου
2783 1828 3096 1896 θεοφανείας
3125 1830 3192 1879 ὲκ
3220 1825 3563 1897 σπέρματος
3597 1844 3604 1874 ς

541 1936 711 1989 ncret,
740 1928 1073 1995 maximeque
1107 1935 1229 1996 post
1272 1928 1557 1981 Absalonis
1608 1926 1972 1987 rebellionem,
2010 1922 2074 1973 il-

2171 1920 2528 1991 προελθούσης
2553 1935 2623 1971 κα
2633 1918 2690 1970 τὰ
2719 1918 2911 1986 σάρκα.

540 2016 813 2083 latumque
838 2014 1058 2078 bellum,
1089 2022 1288 2085 quanta
1327 2020 1617 2068 exornatus
1665 2018 1748 2065 est
1783 2010 1952 2080 gloria
1991 2023 2084 2077 per
2119 2010 2404 2062 salutarem
2427 2007 2520 2060 Dci
2555 2022 2617 2061 ex
2647 2005 2849 2061 semine
2876 2006 2993 2074 ejus
3017 2006 3336 2061 secundum
3408 2020 3603 2059 carne:

537 2113 774 2159 ventum.

608 2244 768 2300 Vens.
808 2246 861 2299 5.
918 2244 1049 2297 Voce
1105 2259 1218 2296 mea
1274 2241 1340 2294 ad
1388 2241 1665 2295 Dominum
1723 2239 1974 2304 clamavi,
2027 2248 2075 2292 et

534 2335 795 2389 exaudivit
828 2352 906 2388 me
953 2338 1014 2388 de
1066 2344 1233 2386 monte
1286 2342 1463 2386 sancto
1505 2332 1635 2400 ejus.
1665 2330 1817 2384 Hunc
1842 2337 2073 2385 montem

536 2432 795 2478 memorat
838 2424 1144 2493 praecedens
1168 2425 1403 2491 psalmus
1448 2439 1569 2476 cum
1603 2423 1676 2474 ait
1706 2442 1718 2475 :
1754 2420 1862 2490 Ego
1905 2430 2074 2473 autem

536 2512 841 2563 constitutus
869 2526 980 2562 sum
1012 2525 1100 2563 rex
1137 2509 1199 2561 ab
1248 2526 1306 2562 eo
1343 2525 1495 2576 super
1525 2509 1653 2562 Sion
1684 2519 1903 2561 montem
1950 2525 2071 2560 san-

535 2610 673 2650 ctum
698 2598 829 2665 ejus.
862 2596 1105 2651 Christus
1132 2605 1308 2648 autem
1339 2604 1453 2649 erat
1505 2597 1595 2665 qui
1618 2597 1695 2650 sic
1729 2597 2072 2665 loquebatur;

537 2693 592 2740 at
620 2702 763 2740 nunc
787 2686 970 2749 David,
1020 2702 1078 2740 se
1110 2702 1139 2738 a
1180 2687 1393 2740 Christo
1423 2685 1489 2739 de
1538 2694 1717 2739 monte
1744 2692 1929 2739 sancto
1955 2686 2072 2753 ejus

535 2773 925 2829 exaudiendum
957 2773 1295 2828 testiﬁcatur.
1328 2772 1493 2837 Quem
1519 2787 1678 2840 porro
1697 2773 2070 2841 exauditurum

539 2877 597 2916 se
647 2862 799 2926 dicit,
853 2862 958 2915 nisi
1004 2861 1284 2915 Dominum
1335 2861 1425 2929 qui
1467 2860 1791 2914 constitutus
1839 2867 1920 2913 est
1977 2875 2069 2913 rex

534 2964 685 3018 super
726 2947 851 3003 Sion
890 2958 1108 3002 montem
1157 2957 1390 3003 sanctum
1428 2946 1580 3015 ejus?
1626 2946 1726 3000 Per
1758 2947 1898 2999 hunc
1927 2946 2070 3000 enim

536 3041 707 3093 solum
772 3040 1023 3095 credebat
1083 3055 1140 3093 sc
1201 3040 1569 3094 remissionem
1628 3044 2071 3103 consecuturum;

534 3130 883 3198 eumdemque
910 3144 1027 3183 esse
1057 3128 1277 3198 gloriam
1300 3142 1471 3190 suam,
1496 3136 1548 3180 et
1573 3128 1888 3180 cxaltantem
1912 3134 2071 3195 caput
2098 3113 2139 3168 (ἶ

536 3234 715 3273 suum.
746 3218 876 3271 Cum
926 3219 1086 3288 igitur
1136 3220 1337 3273 diserte
1383 3218 1794 3287 ργαξηυηιίεεεει
1821 3230 1879 3270 se
1903 3216 2069 3285 gloria

535 3308 866 3364 adiciendum
886 3350 899 3373 ,
929 3318 982 3363 et
1005 3320 1333 3379 caputsuum
1358 3308 1693 3363 exaltandum
1722 3323 1871 3373 esse;
1901 3322 2070 3375 quan-

535 3399 726 3453 donam
777 3400 827 3453 id
874 3401 975 3453 sibi
1010 3401 1289 3469 contigerit
1321 3400 1429 3467 jam
1476 3399 1711 3452 declarat
1744 3398 1826 3450 his
1854 3399 2066 3452 verbis:

548 3488 675 3542 Voce
707 3506 819 3541 mea
848 3488 914 3540 ad
944 3488 1221 3541 Dominum
1265 3489 1506 3552 clamavi,
1532 3498 1580 3541 et
1607 3487 1869 3540 exaudivit
1906 3503 1982 3539 me
2009 3485 2070 3538 de

537 3585 703 3630 monte
729 3584 905 3629 sancto
937 3593 1049 3629 suo.

606 3682 767 3738 Vens.
799 3684 853 3737 6.
882 3681 990 3752 Ego
1029 3683 1244 3737 dormivi
1270 3693 1317 3734 et
1345 3692 1616 3751 soporatus
1644 3700 1778 3747 sum,
1804 3686 2068 3739 exsurrexi

535 3774 662 3841 quia
686 3771 934 3824 Dominus
983 3772 1220 3839 suscipiet
1267 3788 1363 3825 me.
1422 3771 1621 3825 Futura
1653 3772 1758 3835 hic,
1812 3781 2066 3842 tanquam

536 3863 800 3930 praeterita
832 3862 1169 3925 vaticinatur;
1200 3862 1339 3916 sicut
1358 3862 1499 3916 enim
1528 3863 1581 3916 in
1612 3864 1847 3917 secundo
1865 3866 2069 3931 psalmo

537 3952 735 4020 dictum
757 3960 841 4007 est
867 3970 880 4007 :
912 3951 1085 4017 Quare
1114 3952 1430 4019 fremuerunt
1458 3961 1656 4022 gentes,
1699 3963 1746 4006 et
1773 3956 1949 4021 populi
1973 3972 2071 4009 mc-

535 4040 691 4096 ditati
743 4051 861 4093 sunt
920 4042 1135 4096 inania?
1165 4042 1448 4094 Astiterunt
1499 4053 1546 4095 et
1593 4054 1929 4096 convenerunt
1974 4045 2069 4096 ad-

537 4145 707 4182 versus
742 4128 1014 4182 Dominum
1035 4138 1083 4181 et
1115 4127 1357 4182 adversus
1390 4127 1651 4182 Christum
1685 4114 1798 4197 ejus
1826 4145 1843 4182 :
1876 4137 1929 4183 et
1956 4130 2067 4184 haec

538 4228 715 4272 tamen
768 4218 834 4272 de
875 4218 1056 4272 futuro
1103 4217 1571 4286 intelligebantur;
1623 4218 1807 4272 eadem
1862 4220 2068 4274 ratione

532 4309 643 4377 jam
678 4308 809 4361 illud
836 4327 848 4361 :
874 4307 981 4377 Ego
1016 4307 1234 4361 dormivi
1262 4317 1308 4361 et
1356 4317 1627 4375 soporatus
1656 4324 1791 4371 sum,
1838 4311 2066 4379 prophe-

2243 2226 2411 2293 Φωνῇ
2427 2243 2541 2293 μου
2559 2225 2703 2292 πρὸς
2723 2226 2937 2292 Κύριοι·
2959 2225 3286 2293 ἐκέκραξα,
3312 2229 3428 2281 καὶ
3454 2228 3604 2295 sum

2170 2336 2284 2387 μου
2309 2318 2374 2380 ἐξ
2404 2317 2574 2383 ὅρους
2591 2316 2756 2383 ἁγίου
2783 2316 2986 2369 αὑτοῦ.
3010 2317 3116 2368 Τοῦ
3158 2317 3331 2387 ὅρους
3388 2321 3604 2391 ἐμνημέ

2174 2406 2360 2459 τούτου
2392 2406 2482 2457 καὶ
2511 2406 2541 2456 ὁ
2568 2404 2670 2472 πρὸ
2693 2402 2877 2455 τούτου
2896 2404 3127 2474 ψαλμὸς,
3151 2409 3210 2459 ὲν
3243 2402 3334 2471 οἷς
3371 2410 3592 2478 ἔλεγεν·

2173 2499 2239 2550 δὲ
2262 2496 2625 2563 κατεστάθην
2645 2497 2940 2561 ,βασιλεὺς
2967 2500 3068 2550 ὑπ’
3088 2501 3286 2554 αὑτοῦ
3310 2502 3424 2556 ἐπὶ
3458 2504 3603 2558 Σιὼι

2175 2588 2239 2640 τὸ
2278 2587 2441 2655 ἅγιον
2487 2587 2687 2639 αὑτοῦ.
2731 2582 2834 2637 Ἦν
2883 2587 2938 2638 δὲ
2988 2588 3079 2639 καὶ
3121 2591 3150 2641 6
3189 2590 3388 2657 λέγων
3440 2595 3505 2645 ἐν
3549 2598 3604 2647 ἐν

2175 2678 2342 2729 ταῦτα
2379 2680 2407 2730 ό
2453 2678 2698 2747 Χριστόςο
2743 2678 2836 2729 καὶ
2872 2677 2962 2729 νῦν
3000 2680 3298 2750 τοιγαροῦν
3354 2686 3604 2739 ὲπακοὺς

2177 2764 2339 2816 αὑτοῦ
2370 2781 2527 2832 φησιν
2560 2766 2586 2817 6
2622 2764 2780 2816 Δαυῒδ
2811 2763 2867 2828 ἐξ
2898 2765 3053 2834 ὅρους
3086 2768 3244 2833 ἁγίου
3291 2772 3510 2829 αὑτοῦ.
3552 2776 3597 2826 Τ

2176 2853 2564 2906 ὲπακούσεσθαι
2613 2853 2796 2913 αὑτοῦ,
2841 2853 2951 2906 ἀλλ’
2995 2856 3028 2925 ἢ
3072 2857 3164 2909 τὸν
3190 2858 3422 2931 Κύριον
3472 2864 3572 2916 τὸν

2170 2944 2364 2997 στάντα
2396 2942 2607 3012 βασιλέα
2638 2944 2732 2996 ἐπὶ
2762 2944 2912 2997 Σιὼν
2936 2946 3070 3013 ὄρος
3097 2948 3165 3000 τὸ
3199 2949 3398 3019 ἅγιον
3420 2958 3604 3009 aurai

2171 3033 2357 3086 τούτου
2390 3032 2496 3104 γὰρ
2531 3034 2685 3103 μόνου
2726 3035 2969 3102 ἀφέσεως
3006 3038 3299 3102 τεύξεσθαι
3357 3047 3604 3099 πεπίστε

2172 3126 2327 3178 αὑτὸν
2357 3125 2411 3177 δὲ
2443 3120 2576 3207 εἶναι
2604 3124 2754 3188 δόξαν
2780 3128 2963 3190 αὑτοῦ,
3004 3131 3097 3181 καὶ
3125 3132 3219 3184 τὸν
3243 3134 3523 3203 ὑψοῦντα
3557 3144 3604 3193 τέ

2172 3217 2340 3287 φαλὴν
2358 3216 2536 3269 αὑτοῦ.
2570 3217 2777 3286 Σφόδρα
2804 3218 2979 3273 τοίνυν
3010 3224 3296 3291 προειπὼν
3319 3226 3603 3303 δοξασθὴι

2171 3308 2261 3358 καὶ
2290 3307 2658 3378 ὑψωθήσεσθαι
2688 3308 2782 3378 τὴν
2816 3309 3001 3362 ἑαυτοῦ
3031 3314 3304 3385 κεφαλὴν,
3344 3319 3583 3375 ὁπόθεν

2172 3395 2257 3459 ξεν
2300 3394 2444 3465 αὑτῷ
2484 3395 2638 3447 τοῦτο
2676 3396 2906 3450 διδάσκει
2953 3399 3145 3467 λέγων’
3191 3406 3391 3475 Φωνῇ
3450 3428 3593 3477 μου

2168 3487 2383 3551 Κύριον
2428 3484 2732 3552 ἐκέκραξα,
2779 3488 2876 3540 καὶ
2925 3488 3233 3555 ἐπήκουσέ
3272 3514 3419 3563 μου
3466 3503 3552 3566 ἐξ

2170 3577 2336 3642 ἁγίου
2368 3576 2569 3629 αὐτοῦ.
3226 3590 3235 3595 “

2250 3684 2393 3755 Ἐγὼ
2437 3686 2754 3754 ἐκοιμήθην
2794 3689 2888 3740 καὶ
2938 3689 3223 3756 ὕπνωσα,
3270 3696 3604 3772 ἐξηγέρθτ

2168 3775 2375 3841 Κύριος
2412 3773 2798 3840 ἀντιλήψεται
2834 3792 2969 3842 μου.
3002 3776 3082 3830 Τὰ
3125 3779 3417 3847 μέλλοντα.
3470 3793 3542 3843 ὲν
3587 3811 3604 3842 v.

2167 3863 2239 3926 ὡς
2267 3865 2622 3933 παρῳχηκότα
2650 3864 2906 3925 θεσπίζει·
2936 3865 3010 3926 ὡς
3031 3867 3140 3937 γάρ
3171 3871 3230 3922 ὲν
3259 3874 3347 3941 τῷ
3379 3878 3604 3954 δευτέε

2166 3969 2314 4019 γετο·
2338 3954 2458 4005 Ἵνα
2476 3954 2528 4005 τί
2550 3953 2848 4019 ἐφρύαξαν
2872 3954 3034 4021 59m,
3063 3958 3163 4010 καὶ
3194 3964 3346 4015 λαοὶ
3378 3953 3603 4034 ἐμελέ

2167 4042 2339 4103 κενά;
2377 4042 2767 4109 Παρέστησαν
2818 4045 2912 4095 καὶ
2963 4046 3387 4117 συνέστησαν
3463 4079 3604 4116 κατ

2166 4135 2380 4202 Κυρίου
2413 4134 2508 4187 καὶ
2551 4136 2695 4186 κατὰ
2747 4134 2851 4186 τοῦ
2896 4137 3153 4202 Χριστοῦ
3196 4145 3457 4212 αὐτοῦ,
3504 4159 3604 4207 ταὲ

2166 4226 2360 4275 ἐνοεῖτο
2402 4221 2756 4292 μελλητικῶς⁶
2786 4222 2926 4275 οὕτω
2971 4226 3066 4278 καὶ
3098 4227 3194 4281 νῦν
3239 4232 3343 4296 τὸ,
3410 4239 3604 4310 Ἐγὼ

2160 4310 2357 4379 μήθην
2382 4311 2475 4362 καὶ
2506 4311 2769 4373 ὕπνωσα,
2804 4315 3151 4382 προφητικῶς
3184 4321 3465 4391 εἴρηται,
3525 4334 3604 4386 ἀν

536 4401 640 4454 tice
680 4398 879 4452 dictum
908 4406 1011 4460 est,
1058 4399 1319 4461 videlicet,
1350 4400 1631 4461 dormiam,
1688 4400 1982 4467 soporabor
2013 4410 2064 4455 et

2166 4400 2599 4495 {(Otyijﬂrjo'oyac
2640 4401 3062 4495 real-dara'iaw,
3117 4409 3215 4495 καί
3261 4412 3449 4483 ἐξεγε
3467 4421 3603 4495 ρθὴ

534 4504 839 4559 exsurgam,
877 4488 1125 4558 quoniam
1175 4496 1253 4551 tu,
1297 4489 1537 4551 Domine,
1584 4497 1865 4558 susceptor
1916 4506 2066 4545 meus

535 4594 615 4641 es,
655 4578 820 4648 gloria
864 4592 998 4640 mea,
1032 4585 1086 4631 et
1107 4579 1346 4634 exaltans
1368 4588 1529 4648 caput
1559 4594 1753 4634 meum.
1804 4579 1901 4634 Hic
1926 4582 2067 4634 enim

537 4677 746 4737 tempus
783 4666 1070 4736 signiﬁcat,
1103 4681 1207 4735 quo
1254 4667 1355 4722 sibi
1413 4668 1523 4721 haec
1554 4667 1845 4721 obventura
1898 4679 2021 4722 sunt
2052 4686 2066 4723 :

538 4767 818 4830 postquam
856 4757 1153 4821 dormierit,
1185 4759 1379 4828 inquit,
1408 4756 1938 4828 exsurget,quoniam
1961 4758 2067 4813 Do-

539 4846 713 4899 minus
736 4845 989 4915 suscipiet
1012 4860 1155 4899 eum.
1172 4844 1272 4900 Per
1300 4846 1656 4899 dormitionem
1685 4845 1824 4899 enim
1843 4854 2066 4901 mortem

542 4930 824 4996 signiﬁcat,
859 4933 1151 4987 secundum
1180 4949 1339 5003 quam
1368 4935 1480 4989 haec
1520 4933 1618 4989 sibi
1650 4932 1827 4986 futura
1873 4934 2064 4988 vatici-

541 5021 926 5088 natur:idque
963 5024 1128 5076 refert
1177 5024 1244 5078 ad
1303 5032 1514 5093 tempus
1559 5021 1680 5075 vitae
1739 5020 2064 5087 Salvatoris,

540 5125 645 5180 qua
686 5122 896 5178 peracta
943 5113 1225 5167 terminum
1281 5114 1558 5184 prOpbetia
1601 5121 1892 5169 consecuta
1944 5122 2063 5179 est;

540 5196 753 5268 quando
782 5196 987 5251 scilicet
1025 5198 1192 5255 Filius
1230 5203 1459 5258 hominis
1498 5202 1746 5256 Christus
1791 5201 1857 5254 ad
1902 5201 2066 5254 infer-

541 5302 666 5341 num
713 5299 884 5354 usque
930 5284 1220 5354 descendit,
1248 5299 1300 5343 et
1353 5292 1702 5360 captivorum,
1733 5292 1824 5359 qui
1863 5289 2063 5341 exitum

540 5376 942 5444 exspectabant,
980 5372 1225 5430 Salvator
1252 5388 1697 5437 commonstratus
1727 5387 1845 5444 est;
1880 5379 1952 5432 ita
2006 5386 2064 5432 ut

541 5464 948 5521 resurrectionis
1006 5462 1123 5531 ejus
1185 5480 1248 5518 ex
1310 5472 1531 5526 mortuis
1592 5479 1829 5542 tempore
1897 5470 2064 5524 multa

540 5567 763 5622 corpora
819 5560 1125 5607 sanctorum
1166 5554 1259 5622 qui
1300 5556 1624 5615 dormierant
1654 5577 1758 5616 una
1787 5575 1908 5615 cum
1947 5559 2063 5629 ipso

545 5643 855 5708 revixerint,
886 5642 940 5697 in
991 5642 1140 5711 queis
1180 5642 1591 5720 verisimileest
1637 5651 1802 5709 fuisse
1833 5650 2060 5706 animam

2166 4492 2353 4583 6st.ch
2383 4490 2585 4583 Κύριος
2634 4490 2971 4561 ἁντιλήπτωρ
3025 4510 3128 4557 μου
3177 4494 3249 4561 εἷ,
3307 4490 3477 4570 δόξαν

2168 4580 2314 4649 ὑψῶν
2344 4579 2440 4649 τὴν
2472 4580 2708 4650 κεφαλήν
2753 4598 2871 4650 μου.
2908 4583 2995 4635 Ἐν
3039 4587 3217 4654 τούτῳ
3262 4594 3395 4667 γάρ
3433 4579 3567 4657 τὸν

2166 4669 2577 4739 ἐπισημαίνεται
2613 4668 2729 4721 καθ’
2773 4669 2831 4720 ὃν
2857 4669 3085 4741 ὑπάρξει
3132 4678 3286 4749 αὑτῷ
3336 4688 3604 4748 ταῦτα.

2165 4759 2271 4850 γᾴρ
2299 4758 2357 4810 τὸ
2384 4758 2703 4850 κοιμηθῆναι
2730 4759 2889 4811 αὑτὸν
2940 4761 3409 4841 ἐξεγερθήσεται,
3465 4799 3604 4850 φης

2164 4848 2361 4941 Κύριος
2382 4847 2721 4941 άντιληιξεται
2745 4850 2924 4941 αὑτοῦ.
2949 4830 3244 4922 Κοίμὴσιν
3269 4862 3330 4915 δὲ

2167 4937 2409 5002 θάνατον,
2441 4940 2558 5007 μεθ’
2590 4937 2647 4990 ὂν
2676 4937 2840 4991 ταῦτα
2874 4940 3089 4996 ἔσεσθαι
3122 4950 3252 5017 περὶ
3297 4937 3524 5014 ain—0:3
3594 4986 3604 5000 .

2164 5025 2326 5089 τεὺει,
2355 5024 2684 5094 ἀναπέμπων
2720 5027 2808 5078 ἐπὶ
2845 5028 2932 5081 τὸν
2961 5030 3149 5099 χρόνον
3189 5037 3291 5105 τῆς
3338 5046 3475 5098 τοῦ
3544 5055 3603 5103 Σ

2166 5114 2482 5207 παρουσίας,
2517 5114 2633 5207 μεθ’
2664 5115 2722 5167 ὃν
2752 5117 2933 5179 τέλους
2960 5119 3147 5189 ἔτυχεν
3181 5125 3215 5193 ἡ
3251 5143 3604 5207 προφητεε

2163 5203 2255 5301 ξαὶ
2301 5202 2486 5301 μέχρις
2517 5204 2654 5301 ’ᾀδομυ
2703 5210 2941 5272 καταϐὰς
2983 5213 3015 5301 6r
3056 5212 3184 5275 Υἱὸς
3231 5218 3331 5270 τοῦ
3369 5202 3521 5281 civ-6
3537 5252 3604 5301 ρ(

2162 5294 2410 5365 Χριστὸς,
2448 5296 2538 5349 καὶ
2571 5298 2677 5350 τῶν
2710 5301 2824 5354 ἐκεῖ
2863 5300 3285 5373 προσδοκώντων
3318 5294 3583 5383 ἄφιξιξι

2162 5384 2459 5456 ἐπεδείχθη,
2489 5387 2562 5450 ὡς
2598 5389 2711 5461 ἅμα
2743 5396 2807 5464 τῇ
2849 5390 3008 5445 αὑτοῦ
3060 5392 3122 5443 ὲκ
3167 5400 3394 5468 νεκρῶν
3467 5411 3604 5469 ἀνε

2163 5473 2326 5525 πολλὰ
2357 5474 2578 5545 σώματα
2614 5482 2722 5536 τῶν
2778 5482 2939 5550 ἁγίων
2988 5479 3093 5531 τῶν
3125 5498 3604 5560 κεκοιμημένω

2162 5564 2449 5632 αναστῆναι
2479 5567 2646 5638 αὑτῷ,
2667 5575 2723 5627 ὲν
2752 5572 2829 5637 οἷς
2860 5569 2999 5632 εἰκὸς
3024 5568 3158 5623 εἶναι
3178 5577 3278 5628 καὶ
3311 5580 3441 5649 τὴν
3498 5607 3595 5644 το

2105 5731 2111 5736 ⁸
2161 5654 2353 5723 ψυχήν.
2380 5654 2605 5725 Θαρσῶν
2645 5665 2702 5719 δὲ
2730 5672 2793 5739 τῇ
2826 5663 3042 5731 δυνάμει
3084 5661 3179 5731 τῆς
3230 5667 3595 5736 datast-6.3:
