3818 6342
270 347 289 390 ⁷
1422 374 1915 430 COMMENTARIA
1953 375 2017 431 1N
2058 373 2386 429 PSALMUS.
3419 380 3487 434 es

333 473 576 568 ᾔτης’,ᾶὶ
633 472 709 550 ἧς
1039 493 1147 546 καὶ
1198 494 1359 559 αὐτὸς
1412 497 1687 568 κοιμηθεὶς
1742 498 1848 563 ἑξε-

1955 497 2184 551 Davidis.
2226 494 2418 549 Fidens
2453 501 2628 546 autem
2656 493 2835 545 virtuti
2867 492 3274 549 resurrectionis
3306 492 3486 548 Salva.

143 563 603 679 ytpoqsscﬁat,
633 573 826 641 φησιν
850 593 865 603 ·

307 748 379 799 Οὺ
410 749 854 820 φοϐηθήσομαι
869 756 1005 811 ἀπὸ
1034 761 1344 829 μυριάδων
1365 762 1512 815 λαοῦ
1534 760 1645 814 τῶν
1660 763 1856 827 κύκλῳ

204 841 802 915 συνεπιτιθεμένων·
831 864 968 914 μοι.
1024 852 1293 923 Προεὼρα
1336 856 1441 924 γὰρ
1483 854 1564 905 ὅτι
1605 854 1855 923 μυριάδες

228 932 641 1002 αντικειμένων
696 932 1012 1006 δυνάμεων
1077 940 1424 1011 βουλήσονται
1476 943 1712 1010 ἐπισχεῖν
1759 940 1853 1009 τὴν

248 1023 374 1082 τῶν
422 1024 586 1090 ἁγίων
649 1024 971 1080 ἀναϐίωσιν
1001 1070 1016 1093 ,
1072 1031 1519 1101 διαφθονούμεναι
1566 1035 1630 1102 τῇ
1679 1032 1853 1084 αὐτῶν

261 1114 540 1185 σωτηρίῳ
577 1107 655 1167 ὧν
701 1115 845 1183 ἐγὼ,
881 1119 1079 1189 φησὶν,
1114 1120 1268 1187 λόγον
1318 1121 1502 1173 οὐδένα
1543 1121 1850 1190 ποιήσομαι,

271 1204 486 1276 Θαῤῥῶν
510 1204 588 1273 τῷ
618 1206 1026 1279 ὑπερασπιστῇ
1058 1227 1180 1279 μου,
1206 1210 1284 1279 τῷ
1319 1210 1410 1263 τοῦ
1448 1210 1671 1263 Θανάτου
1701 1226 1852 1277 νικη-

270 1301 346 1366 τῇ
366 1314 378 1327 ·
408 1297 464 1359 ὃς
492 1297 555 1366 δὴ
586 1296 653 1348 Θύ
664 1315 768 1367 ρας
800 1300 1017 1367 χαλκᾶς
1043 1301 1330 1369 συντρίψας
1356 1302 1445 1353 καὶ
1474 1300 1695 1369 μοχλοὺς
1712 1301 1853 1370 σιδη-

276 1386 406 1456 ροῦς
436 1387 759 1450 συνθλάσας,
784 1388 888 1451 τὰς
913 1388 975 1452 ἐξ
1000 1389 1190 1452 αίῶνος
1226 1389 1714 1457 ὰποκεκλεισμένας
1760 1389 1851 1441 τοῦ

273 1478 502 1531 Θανάτου
528 1478 706 1539 πύλας
738 1479 981 1547 ἀνέῳξεν
998 1496 1009 1507 ·
1039 1479 1153 1530 ὀδόν
1178 1497 1232 1531 τε
1256 1480 1593 1541 ἀναστάσεως
1616 1480 1851 1548 παρέσχε

276 1574 395 1633 τοῖς
412 1569 590 1621 αὐτόθι
618 1570 932 1638 γνωρίμοις
962 1568 1144 1629 αὑτοῦ,
1175 1563 1247 1620 ὧν
1268 1564 1346 1631 εἷς
1375 1569 1547 1621 αὐτῶν
1588 1565 1652 1639 ἦν
1694 1571 1722 1620 ὁ
1751 1571 1851 1621 Δα-

275 1660 385 1713 υἲδ.
436 1662 522 1712 Διὸ
551 1663 611 1712 ἐν
655 1659 839 1730 ἑτέρῳ
866 1658 1068 1728 ψαλμῷ
1099 1660 1310 1726 ἔλεγεν
1364 1659 1713 1729 Ἑγνώρισάς
1751 1676 1849 1724 μοι

268 1750 455 1815 ὀδοὺς
489 1749 660 1816 ζῑωῆς·
698 1750 1046 1815 πληρώσεις
1061 1767 1135 1817 με
1153 1752 1524 1817 εὐφροσύνης
1558 1748 1701 1818 μετὰ
1748 1747 1849 1801 τοῦ

260 1840 608 1906 προσώπου
645 1857 782 1893 σου.

368 1930 654 1993 Ἀνάστα,
686 1933 890 1998 Κύριε,
924 1930 1131 1983 σῶσόν
1150 1948 1258 1997 με,
1302 1933 1333 1984 ὀ
1373 1931 1513 1993 Θεός
1548 1947 1683 1996 μου.
1728 1930 1851 1981 Ὅτι

264 2022 364 2075 σὺ
396 2023 711 2089 ἐπάταξας
734 2023 969 2088 πάντας
996 2024 1135 2087 τοὺς
1164 2020 1581 2090 ἐχθραίνοντάς
1616 2038 1714 2088 μοι
1738 2039 1848 2088 μα-

261 2112 481 2176 ταίως·
521 2111 780 2177 ὀδόντας
808 2113 1171 2181 ἁμαρτωλῶν
1197 2111 1576 2177 συνέτριψας.
1618 2111 1723 2162 Τοῦ
1749 2115 1853 2163 Κυ-

248 2204 418 2269 ρίου
440 2205 479 2270 ἡ
515 2204 806 2269 σωτηρία,
827 2204 922 2256 καὶ
944 2204 1039 2255 ἐπὶ
1075 2203 1178 2255 τὸν
1217 2202 1368 2255 λαόν
1405 2216 1518 2253 σου
1549 2201 1586 2267 ἡ
1612 2202 1852 2268 εὐλογία

262 2312 417 2348 σου.
447 2293 760 2356 Πιστεύσας
790 2296 857 2363 τῇ
885 2292 1189 2363 προγνώσει
1210 2293 1305 2362 τῆς
1326 2291 1684 2360 γενησομένης
1708 2291 1852 2359 αὑτῷ

278 2386 421 2454 μετὰ
462 2385 579 2451 τὴν
615 2386 906 2452 κοίμησιν
940 2383 1181 2434 τουτέστι
1232 2381 1322 2433 τοῦ
1375 2381 1599 2433 θανάτου
1637 2381 1721 2433 διὰ
1756 2380 1852 2448 τῆς

280 2477 554 2545 σωτηρίου
590 2475 816 2544 χάριτος
844 2475 936 2526 καὶ
968 2471 1310 2542 εὐεργεσίας·
1351 2471 1430 2523 ὅτι
1466 2486 1524 2521 τε
1553 2469 1649 2520 οὐκ
1682 2469 1850 2530 ἄλλως

278 2565 435 2619 ἔσται
470 2566 504 2635 ἢ
558 2567 658 2618 σὺν
690 2567 757 2634 τῇ
788 2563 951 2615 αὐτοῦ
974 2562 1066 2615 τοῦ
1094 2562 1337 2631 Σωτῆρος
1378 2558 1685 2620 ἀναστάσει,
1728 2558 1852 2609 άκο-

280 2655 489 2717 λούθως
518 2656 741 2724 εὔχεται
771 2653 1092 2722 ἐπιταχῦναι
1132 2651 1223 2703 τοῦ
1257 2649 1456 2719 Κυρίου
1484 2647 1581 2717 τὴν
1623 2648 1822 2699 ἀνάστα

295 2762 394 2807 σιν,
426 2746 572 2806 ὅπως
612 2745 679 2796 δι’
720 2742 888 2811 αὐτῆς
920 2741 1059 2812 τύχῃ
1098 2742 1188 2793 καὶ
1244 2738 1401 2800 αὐτὸς
1427 2738 1523 2806 τῆς
1549 2736 1811 2805 σωτηρίας
1833 2753 1845 2765 ⁸

291 2834 372 2886 διό
409 2849 594 2901 φησιν·
642 2830 916 2891 Ἀνάστα,
947 2831 1140 2895 Κύριε,
1162 2825 1364 2879 σῶσόν
1377 2841 1472 2894 με.
1503 2828 1533 2876 ό
1563 2826 1700 2887 Θεός
1712 2841 1847 2890 μου.

296 2923 532 2990 Νικητὴν
558 2921 615 2972 δὲ
646 2920 739 2970 τον
763 2918 992 2987 Σωτῆρα
1010 2914 1161 2976 εἰδὼς
1195 2914 1403 2965 πάντων
1428 2911 1533 2963 τῶν
1565 2909 1851 2963 ἐπιϐουλῶν

298 3011 385 3063 τοῦ
422 3012 528 3063 τῶν
560 3008 867 3079 ἀνθρώπων
904 3005 1127 3072 γένους,
1169 3003 1431 3071 δαιμόνων
1476 2999 1718 3069 πονηρῶν
1760 2998 1852 3050 καὶ

299 3100 568 3169 δυνάμεων
612 3096 1004 3165 ἀντικειμένων
1026 3133 1040 3155 ,
1067 3092 1227 3162 φησιν
1245 3108 1257 3121 ’
1305 3092 1421 3142 ’Ότι
1449 3090 1528 3141 σὺ
1557 3087 1852 3153 ἐπάταξας

301 3191 519 3254 πάντας
548 3190 693 3253 τοὺς
717 3181 1144 3254 ἐχθραίνοντάς
1167 3198 1265 3249 μοι
1286 3179 1563 3248 ματαίως.
1598 3176 1777 3237 Οὕτως
1791 3174 1848 3226 τὸ

311 3280 586 3349 Ἐὁραῑκὸν
640 3279 718 3345 (i)
762 3278 863 3328 οὐκ
892 3274 1001 3343 ἔχει
1028 3311 1041 3335 ,
1068 3271 1345 3339 ματαίως,
1380 3266 1534 3331 ἀλλὰ,
1569 3265 1844 3333 σιαγόνα·

299 3370 344 3418 οι
372 3370 427 3421 δὲ
468 3368 894 3436 Ἑϐδομήκοντα,
921 3378 1078 3431 ματα
1090 3362 1199 3425 η’ως,
1229 3357 1490 3422 ἐξέδωκαν
1510 3394 1525 3415 ,
1564 3354 1596 3423 ἦ
1622 3353 1758 3406 κατὰ
1785 3354 1849 3405 τά

297 3459 488 3529 ἀρχαῖα
522 3452 836 3526 ἀντίγραφα
867 3452 1067 3523 ἑτέρως
1087 3450 1369 3519 ἐσχηκότα,
1395 3445 1535 3499 καθά
1561 3444 1687 3511 φασί
1714 3460 1850 3505 τινες

294 3551 399 3601 τῶν
435 3548 738 3619 Ἐϐραίων,
766 3546 799 3613 ἢ
836 3543 935 3611 τῆς
959 3540 1153 3603 λέξεως
1184 3537 1243 3589 τὸ
1280 3534 1487 3594 εὐτελὲς
1517 3532 1847 3598 ἀποφεύγον-

288 3655 399 3704 τες.
431 3638 609 3692 Οἱονεὶ
641 3637 702 3687 δὲ
738 3632 1078 3702 κοιμώμενον
1094 3628 1303 3686 δεικνὺς
1330 3623 1416 3675 τὸν
1443 3621 1591 3680 Θεὺν,
1623 3622 1709 3671 ὅτε
1738 3620 1851 3670 πεί-

295 3744 389 3795 ρας
420 3731 582 3791 ἕνεκα
618 3724 937 3795 παρέδωκεν
966 3720 1111 3789 ἡμᾶς
1136 3719 1252 3776 ταῖς
1270 3709 1661 3779 ἀντικειμέναις
1694 3708 1850 3759 δυνά-

303 3834 412 3884 μεσι
435 3861 450 3884 ,
478 3818 825 3883 διανίστησιν
870 3811 1046 3864 αὐτόν.
1095 3808 1244 3875 Τάχα
1270 3804 1325 3856 δὲ
1368 3802 1459 3854 καὶ
1494 3802 1580 3851 ὅτε
1614 3799 1703 3851 τὸν
1743 3798 1851 3847 Σω-

298 3910 423 3985 τῆρα
446 3912 590 3980 ὑπὲρ
613 3907 778 3977 ἡμῶν
803 3904 1018 3956 πάντων
1049 3899 1376 3969 παρέδωκεν,
1400 3888 1679 3943 ἐκάθευδεν
1706 3884 1849 3954 αὐτῷ

291 3997 314 4046 ὁ
340 4002 528 4069 Πατήρ
548 4016 563 4027 ·
622 3994 936 4047 Ἀνίσταται
966 3987 1023 4040 δὲ
1054 3985 1237 4048 σώζων
1262 3982 1419 4034 αὑτὸν
1447 3977 1730 4030 πατάσσων
1754 3974 1848 4025 αὺ-

289 4093 373 4144 τοῦ
407 4093 535 4152 τοὺς
568 4085 826 4157 ἐχθροὺς,
858 4083 891 4151 ἢ
920 4082 1046 4139 τοὺς
1089 4075 1390 4134 Ἰουδαίους.
1422 4070 1455 4140 ἢ
1487 4070 1609 4129 τοὺς
1635 4065 1849 4134 νοητοὺς

286 4180 492 4248 ἀλόγως
541 4154 952 4247 ἐχνθραίνοντας.
1014 4165 1165 4219 Μετὰ
1201 4164 1305 4232 γὰρ
1352 4159 1458 4211 τῶν
1506 4155 1793 4227 μισούντων
1822 4154 1848 4203 ὁ

286 4243 437 4341 ᾶγιός
467 4243 620 4323 ἐστιν
649 4243 955 4334 εἰρηνικὸς,
990 4254 1211 4324 ἀγαπῶν
1239 4254 1362 4312 τοὺς
1382 4247 1616 4317 ἐχθρούς·
1650 4243 1850 4312 ἀνθρω-

286 4332 565 4430 πινότερον
595 4360 625 4409 ὁ
662 4332 737 4423 μη
772 4348 1013 4419 ματαίως
1045 4342 1334 4412 ὲχθραίνων
1369 4334 1664 4407 ἀμύνεσθαι
1689 4332 1842 4383 θέλει·

287 4416 701 4513 θεοσεϐέπεῷν
812 4436 902 4488 διὰ
928 4435 988 4484 τὸ
1010 4429 1306 4500 ἀληθεύειν.
1339 4426 1479 4492 Ἔφη
1509 4422 1614 4490 γὰρ
1644 4421 1671 4518 ό
1703 4416 1845 4518 Παῦ-
1885 4464 1926 4518 D

288 4535 373 4600 λος
392 4556 404 4566 ’
448 4508 693 4604 Ὲκθ-ῥὸς
713 4528 855 4596 ὑμῖν
883 4523 1097 4604 ΤέὶὉνα
1130 4517 1438 4584 ἀληθεύειν
1458 4514 1529 4581 (‘2)
1566 4509 1701 4579 ὑμῖν
1724 4525 1736 4537 -
1770 4508 1850 4558 νο-

296 4600 550 4681 τεοίονκαί⁵
584 4627 644 4675 ἐν
675 4618 927 4686 Ψαλμοῖς
952 4600 1033 4676 τὸ,
1073 4609 1213 4676 Οὐχὶ
1242 4606 1381 4669 τοὺς
1406 4600 1727 4672 μισοῦντάς
1754 4612 1847 4660 σε,

296 4718 484 4781 Κύριε,
542 4684 819 4780 ἐμίσησα
837 4722 854 4766 ;
917 4703 1053 4754 Ἀλλ’
1072 4699 1169 4752 οὐκ
1194 4690 1625 4757 ἐπιδουλευτικὴν
1657 4684 1848 4754 ἔχθραν

294 4806 528 4873 νοητέον,
565 4799 705 4853 ἀλλά
732 4792 1036 4859 κωλυτικὴν
1057 4827 1069 4850 ,
1098 4784 1351 4855 χεομένης
1392 4779 1581 4839 κακίας
1612 4776 1690 4836 εἰς
1723 4772 1849 4823 πολ-

296 4862 437 4956 λους.
469 4862 543 4944 Δι’
566 4885 763 4942 ἑαυτοῦ
794 4883 901 4953 γὰρ
924 4881 957 4949 ἦ
979 4877 1073 4932 καὶ
1101 4876 1164 4928 δι’
1188 4874 1342 4925 ἄλλου
1376 4869 1478 4938 χρὴ
1505 4866 1598 4935 τὴν
1626 4862 1850 4930 δυνατὴν

305 4985 641 5053 προσάγοντα
700 4974 947 5045 βοήθειαν
999 4963 1345 5037 Θεραπεύειν·
1389 4961 1422 5029 ἢ
1454 4958 1512 5011 τὸ
1553 4956 1850 5009 τελευταῖον

310 5042 547 5141 τυχεσθαι
589 5042 717 5138 περί
760 5042 855 5116 τοῦ
907 5054 1236 5121 κολασθῆναι
1262 5049 1355 5118 τὴν
1404 5046 1675 5141 μοχθηρὰν
1713 5042 1843 5106 ἕξιν,

315 5164 467 5232 ἤγουν
489 5157 845 5231 ὲκριζωθῆναι
887 5150 996 5203 ἀπὸ
1034 5144 1128 5197 τοῦ
1180 5142 1411 5209 ἔχοντοςο
1454 5132 1513 5190 οὗ
1552 5133 1846 5188 διδακτικὸν

322 5223 407 5303 πίναξ
432 5251 508 5310 τό,
554 5223 966 5314 Ῐιροσεῦχεσθε
1013 5230 1168 5296 ὑπὲρ
1221 5228 1331 5314 τῷν
1377 5223 1811 5293 ἐπηρεαζόντων
1829 5260 1842 5285 ,

326 5339 411 5389 καὶ
433 5340 521 5400 τὸ,
563 5310 845 5403 ’Ᾰγαπᾱτε
882 5324 1029 5386 τοὺς
1073 5312 1329 5403 ἐχθροὺς,
1366 5313 1545 5379 ὑμῶν·
1578 5313 1655 5403 ΫὈ
1685 5310 1738 5361 δὲ
1772 5310 1846 5378 μὴ

332 5427 479 5494 ψιλῶς
504 5400 743 5493 ἁγατοῶν,
783 5421 876 5476 καὶ
929 5412 1064 5482 περὶ
1104 5407 1165 5457 τὸ
1204 5402 1371 5463 καλῶς
1411 5402 1657 5469 γενέσθαι
1705 5400 1846 5470 αὐτῷ

395 5578 452 5606 ’δ’
490 5573 622 5628 Psal.
650 5589 735 5635 xv,
764 5572 845 5624 10.

399 5727 464 5791 (ll
499 5727 549 5781 ln
579 5727 817 5783 llebraico
852 5717 1085 5784 legitur,
1132 5688 1218 5765 ’ΠΒ
1242 5704 1380 5763 quod
1404 5708 1489 5759 est
1516 5700 1746 5755 maxilla.

1956 589 2107 652 toris,
2141 602 2233 654 per
2261 599 2420 654 quam
2459 592 2511 636 et
2540 582 2653 650 ipse
2679 581 2949 637 dormiens
2978 582 3320 637 suscitandas
3352 594 3485 648 erat,

1954 678 2030 730 ait
2063 697 2072 728 :

2024 765 2185 820 Vens.
2216 766 2268 817 7.
2304 762 2422 814 Non
2454 759 2635 814 timebo
2677 761 2844 813 millia
2896 760 3072 829 populi
3116 762 3487 815 circumdantis

1953 869 2050 905 me.
2078 849 2405 904 Prmvidebat
2427 847 2566 900 enim
2598 847 2761 898 multa
2792 844 2904 899 fore
2937 846 3360 901 adversariarum
3391 861 3487 916 po-

1953 948 2207 996 testatum
2239 938 2424 999 millia,
2474 951 2592 1004 qua:
2638 943 2944 989 sanctorum
3001 936 3482 995 resurrectionem.

1951 1049 2135 1087 eorum
2168 1030 2325 1086 saluti
2358 1026 2672 1088 invidentes,
2708 1025 3043 1093 interpellare
3075 1027 3307 1079 vellent:
3351 1041 3485 1095 quos

1950 1139 2068 1194 ego,
2124 1120 2317 1189 inquit,
2365 1118 2517 1171 nihili
2573 1116 2788 1177 faciam,
2823 1114 3055 1168 conlisus
3104 1117 3483 1183 propugnatori

1953 1226 2089 1274 meo,
2120 1209 2307 1262 mortis
2332 1206 2557 1270 victori;
2582 1204 2669 1272 qui
2700 1204 2946 1256 contritis
2975 1204 3127 1256 aereis
3157 1203 3361 1257 foribus
3394 1218 3485 1258 ve-

1958 1299 2241 1367 ctibusque
2300 1296 2487 1350 ferreis
2548 1294 2858 1351 confractis,
2909 1291 3153 1345 occlusas
3199 1307 3227 1344 a
3288 1293 3484 1344 smculo

1950 1395 2132 1456 portas
2156 1385 2340 1438 mortis
2360 1382 2584 1453 aperuit,
2619 1382 2863 1448 notisque
2893 1380 3006 1433 suis
3042 1379 3112 1432 ibi
3146 1380 3479 1447 degentibus,

1949 1492 1978 1529 e
2007 1489 2231 1544 quorum
2266 1487 2488 1526 numero
2528 1469 2691 1522 David
2739 1480 2884 1530 erat,
2937 1468 3001 1521 ad
3037 1468 3480 1521 resurrectionem

1948 1568 2089 1619 viam
2141 1564 2366 1634 paravit.
2428 1562 2781 1627 Quamobrem
2836 1560 2887 1611 in
2921 1552 3024 1610 alio
3068 1559 3272 1626 psalmo
3303 1558 3480 1613 dixit:

1951 1655 2119 1710 Notas
2151 1658 2275 1709 mihi
2298 1656 2464 1723 fecisti
2519 1654 2628 1707 vias
2664 1652 2780 1704 vita:
2810 1665 2827 1702 :
2856 1648 3160 1716 adimplebis
3194 1663 3271 1700 me
3300 1647 3483 1701 ltetitia

1950 1765 2063 1801 cum
2096 1749 2237 1802 vultu
2267 1757 2354 1800 tua
2379 1747 2465 1799 Ψ.

2028 1924 2167 1977 Vens
2220 1920 2272 1976 8.
2303 1920 2555 1989 Exsurge,
2584 1919 2819 1981 Domine,
2862 1916 3063 1969 salvum
3107 1931 3186 1967 me
3214 1908 3483 1981 fac,'Deus

1956 2031 2117 2068 meus.
2189 2013 2443 2077 Quoniam
2489 2021 2541 2062 tu
2593 2007 2891 2076 percussiin
2934 2021 3107 2057 omnes
3156 2000 3482 2057 adversantes

1956 2103 2081 2155 mihi
2113 2102 2222 2153 sine
2254 2116 2434 2159 causa,
2468 2097 2643 2149 dentes
2673 2102 2996 2162 peccatorum
3023 2090 3333 2145 contrivisti.
3379 2090 3484 2141 Do-

1956 2191 2081 2243 mini
2128 2198 2203 2242 est
2239 2188 2405 2250 salus,
2457 2194 2504 2238 et
2533 2199 2684 2251 super
2719 2182 2963 2251 populum
3007 2192 3151 2234 tuum
3203 2178 3483 2231 benedictio

1956 2288 2066 2334 tua.
2104 2278 2241 2332 Cum
2274 2276 2605 2347 prospiceret
2638 2273 2865 2327 salutem
2898 2270 3022 2329 sibi,
3055 2276 3176 2337 post
3205 2268 3483 2320 dormitio-

1956 2388 2068 2426 nem
2114 2371 2227 2424 sive
2271 2368 2498 2427 obitum,
2532 2363 2756 2418 salutari
2799 2361 2968 2431 gratia
3011 2367 3172 2427 atque
3219 2357 3484 2411 beneﬁcio

1956 2459 2355 2520 conferendam,
2391 2454 2597 2525 ipsique
2636 2451 2789 2504 fidem
2836 2450 3088 2511 haberet;
3122 2456 3302 2501 certus
3339 2446 3481 2498 hanc

1956 2547 2167 2602 nonnisi
2202 2546 2256 2599 in
2298 2542 2689 2596 resurrectione
2742 2537 3038 2592 Salvatoris
3064 2552 3221 2604 posse
3255 2536 3358 2589 sibi
3396 2537 3486 2588 ob-

1954 2638 2155 2699 venire,
2194 2638 2588 2699 consequenter
2638 2637 2897 2699 precatur
2938 2625 3223 2680 accelerari
3272 2622 3483 2677 Domini

1955 2723 2424 2793 resurrectionem,
2454 2727 2513 2772 ut
2540 2733 2632 2787 per
2660 2731 2777 2771 eam
2812 2723 2864 2769 et
2890 2715 3003 2783 ipse
3036 2714 3262 2768 salutem
3296 2726 3485 2766 conse—

1954 2823 2167 2887 quatur.
2204 2811 2559 2878 Quamobrem
2588 2809 2697 2861 ait:
2745 2805 2993 2874 Exsurge,
3019 2804 3254 2865 Domine,
3282 2802 3481 2856 salvum

1955 2922 2035 2959 me
2055 2906 2161 2971 fac,
2187 2902 2324 2956 Deus
2349 2913 2524 2952 meus:
2561 2910 2867 2967 gnarusquc
2898 2893 3131 2946 futurum
3153 2890 3481 2945 Salvatorem

1955 2996 2195 3050 omnium
2247 2992 2458 3062 generis
2510 2988 2728 3041 humani
2783 2985 3120 3045 insidiarum,
3183 2984 3480 3037 daemonum

1957 3087 2080 3139 item
2130 3093 2181 3139 et
2219 3079 2646 3135 adversariarum
2703 3083 3027 3145 potestatum
3058 3074 3338 3134 victorem,
3368 3072 3477 3124 ait:

1959 3172 2218 3238 Quoniam
2245 3177 2298 3220 tu
2326 3165 2622 3235 percussisti
2655 3178 2827 3215 omnes
2866 3158 3189 3212 adversantes
3220 3157 3344 3208 mihi
3375 3155 3483 3208 site

1959 3277 2137 3316 causa.
2168 3256 2487 3310 Hebraicum
2535 3251 2804 3317 exemplar
2852 3264 2959 3301 non
3008 3248 3087 3300 sic
3140 3246 3320 3305 habet,
3372 3244 3484 3297 sine

1953 3366 2136 3412 causa,
2168 3348 2284 3407 sed,
2314 3346 2368 3397 in
2414 3341 2728 3401 maxillam;
2761 3337 3104 3405 Septuaginta
3149 3350 3277 3388 vero
3313 3331 3482 3386 Inter-

1952 3446 2149 3508 pretes,
2187 3437 2295 3488 sine
2321 3424 2501 3491 causa,
2532 3427 2835 3488 ediderunt,
2869 3424 2980 3479 sive
3019 3423 3144 3492 quia
3186 3422 3479 3475 vetustiora

1952 3524 2273 3594 exemplaria
2306 3521 2601 3579 variabant.
2630 3524 2687 3569 ut
2708 3516 2923 3584 quidam
2952 3512 3295 3566 Hebraeorum
3327 3513 3479 3565 testi-

1954 3614 2212 3673 ﬁcantur;
2274 3610 2386 3663 sive
2442 3615 2493 3660 ut
2554 3621 2581 3657 a
2648 3604 2796 3658 vocis
2870 3602 3071 3655 vilitate
3124 3598 3475 3653 declinarent.

1953 3702 2117 3756 Deum
2150 3713 2275 3754 vero
2309 3697 2460 3766 quasi
2494 3703 2604 3747 tum
2637 3690 2988 3746 dormientem
3012 3688 3478 3745 adumbrans,cutn

1953 3791 2189 3847 tentandi
2228 3801 2391 3841 causa
2421 3784 2745 3839 adversariis
2774 3796 2872 3835 nos
2913 3778 3269 3848 potestatibus
3313 3776 3480 3829 tradi-

1953 3879 2051 3943 dit,
2108 3878 2283 3945 ipsum
2329 3888 2357 3926 a
2391 3885 2581 3927 somno
2638 3869 2859 3921 excitat.
2909 3863 2974 3915 Et
3024 3861 3271 3916 fortassis
3317 3859 3477 3913 etiam

1951 3976 2081 4020 tunc
2138 3958 2292 4016 Pater
2332 3950 2631 4019 dormierit,
2679 3970 2802 4009 cum
2857 3951 3187 4006 Salvatorem
3234 3954 3477 4019 nostrum

1953 4071 2050 4126 pro
2093 4053 2248 4106 nobis
2290 4048 2541 4104 omnibus
2581 4043 2828 4099 tradidit:
2874 4040 3138 4095 excitatur
3194 4042 3369 4089 autem
3419 4039 3477 4087 ut

1953 4124 2177 4199 salutem
2208 4141 2307 4210 ipsi
2340 4138 2603 4198 conferat,
2654 4132 3024 4204 percutiatque
3060 4128 3309 4181 inimicos
3335 4124 3475 4193 ejus,

1955 4252 2074 4289 cum
2106 4233 2335 4309 Judazos,
2391 4241 2503 4285 tum
2561 4224 2923 4293 intelligibiles
2970 4220 3172 4285 hostes,
3230 4217 3321 4287 qui
3362 4216 3476 4270 sine

1954 4343 2115 4382 causa
2146 4305 2317 4395 ipsum
2348 4322 2593 4376 oderunt.
2629 4316 2760 4369 Nam
2786 4314 2867 4367 vel
2898 4327 3019 4367 cum
3052 4311 3120 4365 iis
3150 4309 3242 4376 qui
3276 4322 3333 4362 se
3354 4305 3477 4359 odio

1955 4419 2150 4472 habent
2179 4415 2260 4468 vir
2291 4420 2509 4467 sanctus
2540 4408 2796 4478 pacificus
2850 4409 2955 4465 est,
3006 4398 3360 4466 inimicosque
3391 4395 3474 4448 di-

1954 4509 2098 4578 ligit:
2136 4498 2425 4559 humanius
2474 4510 2651 4554 autem
2688 4495 2849 4551 sentit
2901 4491 2996 4561 qui
3043 4504 3166 4542 cum
3215 4501 3322 4540 non
3356 4484 3477 4539 sine

1952 4613 2116 4652 causa
2165 4596 2323 4648 alicui
2353 4592 2603 4647 inimicus
2632 4588 2720 4652 sit,
2767 4586 3023 4639 ultionem
3075 4579 3312 4649 expetit;
3354 4576 3475 4628 reli-

1953 4687 2155 4755 giosius
2194 4697 2355 4753 porro
2383 4680 2494 4735 veri
2534 4674 2743 4731 dicendi
2778 4686 2941 4726 causa
2992 4670 3148 4742 [tales
3186 4662 3475 4718 inimicitia:

1952 4751 2368 4845 suscipiunturj
2430 4768 2517 4822 Ait
2564 4766 2706 4819 enim
2754 4761 2989 4815 Paulus:
3043 4756 3291 4810 Inimicus
3337 4751 3472 4804 vobis

1951 4838 2120 4934 factus
2146 4879 2261 4916 sum
2284 4838 2456 4913 verum
2476 4855 2649 4907 dicens
2665 4853 2732 4904 ²⁸;
2763 4850 2921 4921 quale
2946 4847 3104 4900 etiam
3156 4842 3209 4893 in
3246 4838 3473 4893 Psalmis

1950 4925 2079 5005 illud
2105 4960 2219 5003 est:
2252 4947 2435 4999 Nonne
2461 4941 2548 5009 qui
2575 4937 2789 4991 oderunt
2810 4945 2880 4996 te,
2909 4931 3144 4992 Domine,
3172 4927 3382 4980 oderam
3397 4925 3475 4976 ’σῖ

1949 5040 2017 5093 At
2050 5053 2157 5092 non
2190 5032 2530 5089 insidiantem
2565 5022 2899 5079 inimicitiam
2948 5019 3035 5071 hic
3076 5016 3341 5084 intelligas
3381 5028 3472 5067 ve~

1951 5128 2063 5187 lim,
2094 5123 2189 5178 sed
2236 5117 2650 5187 impedientem;
2700 5105 2901 5160 malitia
2946 5103 3151 5157 scilicet
3189 5101 3244 5153 in
3276 5096 3472 5150 multos

1948 5216 2159 5270 diffusa.
2210 5212 2306 5265 Sui
2339 5217 2570 5272 namque
2601 5200 2683 5255 vel
2730 5198 2889 5250 etiam
2925 5193 3147 5247 alterius
3192 5201 3355 5243 causa
3381 5200 3472 5239 co-

1947 5304 2135 5360 lendus
2167 5294 2637 5360 observandusque
2664 5297 2749 5343 est
2800 5286 2890 5356 qui
2919 5285 3173 5339 auxilium
3222 5282 3470 5349 praestat;

1949 5398 2061 5452 sive
2096 5394 2307 5448 demum
2338 5380 2666 5455 precandum
2691 5388 2795 5442 est,
2823 5386 2880 5431 ut
2908 5376 2974 5430 de
3007 5370 3250 5444 improbo
3281 5365 3473 5419 aliectu

925 5562 974 5593 ’⁸
1016 5554 1202 5608 Galat.
1236 5565 1311 5608 tv,
1350 5549 1438 5603 16.
1512 5551 1555 5581 ’⁸
1588 5547 1725 5604 Psal.
1760 5561 2029 5611 cxxxvm,
2066 5544 2145 5600 2|.

1998 5692 2081 5765 (Ξ)
2117 5688 2275 5769 Forte
2302 5678 2581 5751 legendum
2621 5678 2913 5748 ὰληθευων.
2949 5676 3103 5727 Eutr.
