3818 6342
646 375 718 430 99
1317 375 1575 429 unseen
1615 335 2084 429 ausumausus
2122 374 2267 430 om).
2308 373 2504 433 psus.
2545 372 2628 428 ιιι.
2663 376 3136 433 —EXEGETICA.

649 492 782 545 ultio
811 502 1092 555 sumatur;
1123 492 1203 544 vel
1239 498 1297 542 ut
1345 491 1606 542 radicitus
1641 491 1860 543 tollatur
1898 492 1964 542 ab
1994 507 2057 544 eo
2095 509 2157 560 qu

2052 513 2057 539 ι
2095 495 2190 560 qui
2222 505 2263 553 Α
2294 495 2552 562 συνεργεῖ,
2588 494 2678 545 καὶ
2711 493 2770 544 τὸ
2797 495 2853 544 ἐν
2875 493 3082 561 ἑϐδόμῳ
3109 492 3164 543 δὲ
3182 488 3404 558 ψαλμῷ
3437 484 3560 551 λεγ

647 583 728 635 sic
745 580 964 634 allectus
986 590 1083 634 est.
1111 581 1278 646 Quam
1297 594 1405 633 rem
1424 580 1577 632 docet
1595 579 1721 632 illud
1743 598 1756 632 :
1779 579 2068 632 Precamini
2090 597 2155 647 pr.

2059 583 2180 647 ipro
2285 582 2665 635 ἀνταπέδωκα
2703 582 2822 646 τοῖς
2851 580 3327 635 ἁντιιποδιδοῦσί
3355 594 3488 645 μοι
3526 592 3567 626 κ

645 674 708 724 ris
745 672 830 740 qui
877 687 962 724 vos
1009 672 1243 723 molestia
1291 670 1617 737 afﬁciunt";
1677 678 1728 724 et
1772 671 1938 724 illud:
1977 672 2150 740 Diligit

2064 673 2181 740 igite
2286 673 2518 740 πέσοιμι
2553 673 2664 739 ἄρα
2701 674 2814 725 ἀπὸ
2845 673 2959 725 τῶν
2987 671 3218 739 ἐχθρῶν
3254 687 3384 739 μου
3444 684 3566 720 κει

648 761 880 813 inimicos
926 771 1119 812 vestros
1150 762 1220 813 ".
1274 760 1373 824 Qui
1423 775 1587 828 porro
1633 776 1740 813 non
1791 761 1974 815 leviter
2017 773 2156 814 amat

2052 773 2178 825 Inat,
2284 761 2516 812 διδάσκει
2543 761 2740 830 μηδένα
2764 765 2955 830 μισεῖν.
2987 763 3108 823 Πῶς
3133 757 3226 813 οὖν
3259 762 3516 828 εἴρηται
3542 770 3557 784 ⁸

650 859 900 920 procurat
939 852 1100 905 etiam
1137 859 1194 904 ut
1249 852 1482 906 inimicis
1528 853 1665 908 bene
1704 855 1996 922 conlingat.
2030 853 2152 908 lnsu

2035 853 2182 908 lnsu-
2281 849 2603 916 μισοῦντάς
2626 866 2718 913 σε,
2742 852 2932 916 Κύριε.
2958 851 3253 918 cytorum;
3275 847 3543 901 Μᾶλλον

653 951 850 1003 perque
888 938 1009 991 illud
1053 954 1103 989 in
1132 940 1356 1006 septimo
1382 943 1586 1008 psalmo
1612 945 1812 998 dictum
1843 965 1854 999 :
1885 947 1942 1000 Si
1969 949 2161 1000 reddidi

2045 949 2170 1000 (didi
2284 937 2451 1000 οὕτως
2479 938 2650 1001 ἄθεος,
2683 940 2756 1002 ῶς
2792 942 2963 1010 μισεῖν
2992 940 3049 991 ὃν
3082 942 3300 1009 ἡγεῖται
3337 936 3510 988 Θεὸν
3538 952 3553 997 ;

653 1024 1042 1076 retribuentibus
1063 1027 1187 1078 mihi
1212 1030 1368 1093 malo,
1393 1031 1624 1084 decidam
1648 1037 1830 1086 merito
1854 1036 1916 1088 ab
1943 1038 2161 1090 inimicis

1992 1039 2166 1090 :imicis
2283 1029 2356 1091 ὡς
2398 1032 2444 1082 οἱ
2480 1031 2757 1100 μισοῦντες
2798 1032 2888 1083 καὶ
2937 1029 3500 1100 καταθεματξζοντες

647 1111 768 1162 meis
789 1112 956 1164 inanis
983 1115 1047 1176 “,
1067 1115 1341 1183 perspicue
1361 1117 1514 1173 docet
1539 1122 1800 1176 neminem
1823 1124 1945 1177 odio
1969 1125 2155 1180 haben-

2059 1140 2166 1180 ten-
2287 1119 2436 1174 σοῦσι
2467 1123 2556 1175 τὸν
2585 1121 2713 1175 Θεόν
2734 1139 2746 1153 ο
2790 1124 2851 1175 '0
2883 1123 2985 1193 γὰρ
3008 1123 3130 1191 ἐμὲ,
3180 1122 3318 1192 φησὶ
3345 1160 3360 1183 ν
3414 1119 3567 1187 δεκ⁴

653 1205 778 1258 dum
800 1222 938 1260 esse.
977 1207 1085 1260 Cur
1112 1208 1288 1277 itaque
1311 1209 1514 1263 dictum
1534 1220 1616 1265 est
1635 1229 1648 1264 :
1665 1207 1946 1280 Nonnequi
1966 1213 2156 1265 oderun

2034 1224 2180 1265 erunt
2285 1230 2447 1283 χεται
2486 1213 2589 1265 τὸν
2636 1213 3078 1267 ἀποστείλαντά
3103 1228 3207 1281 με·
3265 1213 3408 1275 καὶ,
3473 1211 3542 1262 '0

649 1304 716 1357 te,
770 1296 1002 1359 Domine,
1045 1299 1254 1352 oderam
1274 1301 1358 1352 2°?
1390 1299 1498 1354 lmo
1527 1301 1708 1370 potius
1741 1303 1862 1370 quis
1899 1303 2032 1356 adeo
2078 1305 2157 1356 iur

2078 1305 2177 1356 im-
2302 1305 2405 1356 τὸν
2441 1303 2594 1367 Υἱὸν,
2625 1303 2719 1355 καὶ
2755 1303 2858 1356 τὸν
2887 1304 3115 1372 Πατέρα
3157 1303 3319 1370 ἔχει’
3361 1301 3567 1354 οἱ)κοῦ

648 1385 789 1452 pius,
828 1395 884 1438 ut
920 1403 1040 1439 eum
1067 1387 1192 1440 odio
1222 1387 1432 1450 habeat,
1478 1403 1633 1456 quem
1660 1387 1822 1442 Deum
1856 1388 2145 1442 arbitratur

2061 1389 2182 1442 tur?
2283 1395 2409 1448 σῶν
2424 1393 2526 1445 τὸν
2535 1392 2680 1456 Υἱὸν,
2689 1393 2782 1445 καὶ
2805 1394 2908 1446 τὸν
2922 1395 3149 1459 Πατέρα
3157 1391 3495 1461 μισεῖ.Και
3519 1409 3567 1442 π

647 1475 748 1540 Qui
783 1477 946 1544 igitur
973 1475 1248 1530 Christum
1293 1477 1417 1530 odio
1469 1477 1665 1531 habent
1714 1493 1775 1531 ac
1824 1478 2155 1533 detestantur

2032 1487 2176 1538 ntur,
2281 1485 2450 1536 τάνων
2481 1486 2626 1552 μισεῖ
2645 1484 2732 1535 τὸν
2758 1482 2886 1534 Θεόν
2907 1500 2918 1512 ·
2961 1484 3106 1552 μισεῖ
3142 1483 3252 1552 γὰρ
3298 1482 3533 1550 σοφίαν

649 1564 815 1620 Deum
838 1566 1070 1620 oderunt
1096 1585 1109 1620 :
1145 1582 1290 1629 nam,
1331 1569 1420 1635 qui
1446 1584 1523 1621 me
1546 1569 1745 1635 recipit,
1775 1567 1968 1637 inquit,
2000 1569 2157 1636 recipi

2057 1569 2176 1636 cipit
2285 1570 2468 1640 σύνην,
2501 1572 2637 1640 ἇπερ
2662 1571 2774 1622 ἐστι
2803 1569 3052 1639 Χριστός.
3089 1569 3198 1622 Καὶ
3226 1567 3280 1619 τί
3331 1567 3561 1636 θαυμα

645 1671 761 1707 eum
798 1657 883 1724 qui
929 1672 1007 1709 me
1064 1659 1202 1710 misit
1227 1658 1294 1721 ⁸¹;
1341 1667 1413 1719 et,
1463 1658 1548 1726 qui
1573 1659 1845 1724 conﬁtetur
1872 1655 2088 1718 Filium,
2129 1673 2153 1708 e

2059 1673 2088 1718 ι,
2129 1666 2177 1708 et
2283 1658 2468 1711 ἐαυτὸν
2501 1660 2528 1710 ὁ
2554 1658 2874 1728 ἁμαρτάνων
2900 1660 3045 1727 μισεῖ
3067 1673 3081 1721 ;
3106 1657 3263 1708 Κατὰ
3287 1655 3412 1726 γὰρ
3445 1654 3567 1707 Σολ

648 1745 861 1799 Patrem
905 1747 1054 1800 habet
1090 1748 1154 1812 ³³,
1190 1762 1252 1801 ac
1295 1747 1412 1800 vice
1458 1762 1634 1809 versa,
1681 1747 1768 1816 qui
1813 1745 2006 1799 Filium
2047 1746 2153 1798 odit

2059 1746 2174 1812 adit,
2280 1747 2689 1816 ἀπωθοΰμενος
2741 1746 3012 1799 παιδείαν
3051 1744 3226 1814 μισεῖ
3286 1745 3567 1796 ἑαυτόν.

647 1833 757 1886 odit
775 1845 826 1904 et
859 1835 1069 1889 Patrem
1095 1836 1158 1889 ³³.
1185 1834 1438 1904 Quisquis
1465 1851 1588 1890 vero
1612 1843 1814 1906 peccat,
1840 1836 1950 1890 odit
1979 1836 2139 1889 Deum

2053 1852 2139 1888 um
2167 1854 2179 1890 :
2215 1841 2255 1895 Β
2287 1837 2454 1906 μισῶν
2481 1839 2602 1900 τοὺς
2631 1837 2915 1907 μισοῦντας
2941 1837 3028 1888 τὸν
3059 1836 3191 1889 Θεὸν
3225 1834 3379 1904 πλὴν
3413 1835 3561 1902 λογί

644 1926 754 1978 odit
784 1927 978 1994 quippe
1011 1926 1330 1994 sapientiam
1360 1924 1752 1994 iustitiamque,
1781 1926 1987 1980 scilicet
2021 1923 2147 1978 Chri

2059 1923 2177 1976 hri-
2283 1927 2612 1979 σεϐεστάτων
2641 1927 2840 1988 πάντας
2863 1928 3082 1996 μισήσει
3109 1927 3202 1979 καὶ
3225 1925 3440 1979 ἐαυτὸν
3478 1927 3567 1995 ἀμ

647 2033 809 2074 stum.
887 2019 1090 2090 Ecquid
1147 2019 1392 2074 mirum?
1434 2022 1650 2089 quando
1697 2036 1755 2074 se
1784 2021 1897 2089 ipse
1931 2027 2155 2089 peccato

2029 2027 2179 2072 calor
2285 2017 2440 2068 Ὥστε
2469 2017 2528 2068 οὐ
2566 2015 2677 2079 ζῶα
2709 2015 2985 2084 νομιστέον
3013 2015 3080 2066 τὰ
3109 2015 3385 2085 μισοῦντα
3419 2014 3532 2068 τὸν

649 2111 788 2164 mlit.
839 2109 998 2173 Nam,
1033 2126 1099 2163 ex
1149 2110 1450 2175 Salomone,
1485 2113 1572 2180 qui
1598 2111 1786 2164 deserit
1829 2111 2154 2177 disciplinam

2059 2126 2178 2173 tam,
2275 2109 2384 2167 τοῖς
2415 2106 2645 2173 λογικοῖς
2673 2105 2814 2158 κακὰ
2857 2105 3262 2175 συμϐεϐηκότα,
3288 2101 3418 2159 οἷον
3468 2109 3508 2176 ἡ
3551 2110 3567 2159 c'

645 2198 752 2250 odit
787 2198 1099 2265 seipsum“.
1149 2196 1330 2268 itaque
1357 2198 1449 2268 qui
1482 2197 1595 2252 odit
1623 2213 1715 2253 eos
1733 2198 1825 2267 qui
1855 2197 2021 2251 Deum
2055 2197 2153 2252 ode

2059 2197 2182 2252 ode-
2275 2197 2302 2246 ὁ
2338 2195 2513 2258 ἄδικος
2558 2195 2690 2248 καθὸ
2734 2195 2915 2258 ἄδικος
2971 2199 3117 2266 μισεῖ
3144 2197 3236 2248 τὸν
3268 2196 3419 2249 Θεὸν
3444 2238 3462 2263 ,
3501 2198 3567 2249 τί

649 2293 797 2348 runt,
831 2302 1036 2351 omnes,
1073 2288 1310 2357 exceptis
1360 2302 1488 2342 sane
1537 2287 1666 2340 viris
1714 2287 2070 2356 prudentibus
2119 2302 2157 2340 ιιι

2058 2303 2070 2342 5
2119 2302 2182 2340 ac
2276 2285 2484 2346 ἀδικίας
2506 2285 2659 2337 τοῦτο
2693 2285 2963 2355 ποιούσης.
3009 2285 3117 2337 Καὶ
3147 2285 3229 2337 δεῖ
3250 2285 3444 2338 ταῦτα
3484 2303 3566 2356 μιι

645 2376 934 2445 religiosis.
987 2376 1110 2430 odio
1147 2375 1398 2439 habebit;
1435 2377 1541 2429 imo
1577 2376 1812 2445 seipsum
1845 2383 2153 2444 peccantem

2059 2384 2176 2428 Lem.
2275 2376 2600 2444 τυγχάνοντα
2648 2376 3064 2444 προηγουμένως
3121 2376 3302 2446 ἡμῶν.
3361 2377 3496 2430 Καὶ
3555 2396 3567 2428 ι

643 2465 824 2534 Neque
863 2482 991 2520 sane
1039 2467 1355 2535 putandum,
1390 2467 1639 2520 animalia
1689 2481 1808 2519 esse
1857 2480 1976 2534 qua:
2011 2465 2151 2518 Deun

2056 2480 2173 2518 eum
2275 2465 2602 2535 τελειότητος
2629 2464 2840 2535 ἔρχεται
2861 2465 3168 2536 δικαιοσύνη
3205 2467 3305 2520 καὶ
3342 2484 3564 2538 σωφρο

643 2556 903 2610 oderunt:
963 2556 1055 2610 sed
1113 2559 1248 2610 mala
1301 2557 1415 2624 ipsa
1457 2555 1764 2610 hominibus
1811 2554 2149 2607 obvenientia

2059 2554 2172 2615 ilia,
2277 2557 2368 2608 καὶ
2399 2555 2457 2607 τὸ
2484 2554 2676 2607 τοιόνδε
2707 2555 2875 2624 μῖσος.
2905 2555 3111 2608 Οὐκοῦν
3135 2557 3246 2618 πᾶς
3271 2557 3567 2628 ἐχθραίνει

642 2646 819 2715 qualis
863 2655 944 2699 est
983 2646 1206 2708 malitia,
1247 2645 1363 2715 [Dei
1408 2647 1587 2700 odium
1631 2645 1896 2716 pariunt.]
1949 2646 2150 2713 lpseqw

2057 2657 2173 2712 Eque
2277 2645 2438 2707 ταίως
2486 2644 2783 2714 ἐχθραίνει·
2821 2646 2848 2698 ὂ
2884 2645 2946 2716 δὴ
2996 2636 3292 2717 προῦκειτο
3339 2648 3565 2714 δεῖξαι.

644 2735 896 2804 iniustus,
933 2743 1198 2805 quatenus
1265 2737 1496 2804 injustus
1553 2746 1654 2796 est,
1711 2735 1874 2790 Deum
1927 2734 2074 2798 odit;
2123 2735 2152 2786 ἰι

1863 2752 1874 2788 ι
1927 2734 2074 2798 odit;
2123 2735 2172 2786 id
2279 2736 2390 2786 ἐστι
2425 2734 2619 2795 καὶτὸ,
2661 2733 2988 2801 Ἐμίσησάν
3013 2753 3090 2803 με
3117 2734 3371 2803 δωρεάν.

641 2836 832 2898 egente
865 2829 1066 2881 malitia
1105 2843 1222 2897 quae
1253 2828 1394 2881 inest
1439 2826 1612 2882 eidem
1642 2846 1654 2881 :
1690 2839 1848 2895 atque
1913 2826 2024 2879 haec
2052 2824 2200 2885 vitia,
2243 2831 2428 2893 utpote
2489 2825 2726 2887 inimica,
2766 2840 2964 2893 perosa
3018 2836 3235 2896 oportet
3281 2846 3423 2886 esse
3476 2845 3568 2903 po:

641 2933 740 2973 nos
773 2919 934 2988 ipsos.
989 2917 1128 2974 Sane
1161 2927 1276 2972 uta
1319 2915 1644 2987 perfectione
1708 2919 1972 2981 prodeunt
2028 2917 2237 2984 justitia
2275 2925 2328 2968 et
2357 2919 2742 2985 temperantia,
2780 2919 2852 2971 ita
2905 2921 3089 2975 odium
3142 2922 3492 2991 hujusmodi
3555 2947 3568 2980 ι

642 3013 788 3067 fonte
836 3012 1096 3080 procedit.
1141 3010 1396 3080 Quisquis
1437 3027 1563 3082 ergo
1591 3009 1713 3065 odio
1744 3009 1973 3078 aliquem
2008 3007 2186 3066 habet,
2228 3015 2427 3060 temere
2488 3021 2551 3059 ac
2581 3023 2714 3062 vane
2751 3009 2898 3064 odit:
2947 3011 3089 3081 quod
3143 3016 3308 3071 nobis
3359 3018 3567 3087 proba?

639 3099 873 3165 cumbit;
913 3099 1219 3166 hujusmodi
1249 3100 1373 3153 item
1407 3099 1537 3153 illud
1580 3106 1682 3159 est,
1716 3097 1833 3151 odio
1880 3097 2161 3150 habuerunt
2192 3114 2270 3150 me
2286 3096 2448 3165 gratis
2471 3096 2533 3149 ³⁸.
3075 3125 3080 3130 -

707 3188 904 3242 Eorum
935 3203 1061 3240 vero
1095 3202 1257 3240 causa
1290 3189 1380 3257 qui
1413 3187 1659 3256 superius
1700 3186 1948 3241 dixerant
1981 3188 2173 3239 anima:
2202 3205 2215 3257 ς

2057 3188 2173 3239 ima:
2202 3203 2242 3259 ε
2354 3184 2509 3237 Ἀλλὰ
2533 3185 2624 3236 καὶ
2650 3183 2734 3237 διὰ
2773 3186 2894 3248 τοὺς
2934 3185 3191 3258 ἀνωτέρω
3241 3190 3565 3262 εἰρηκότας

638 3281 774 3349 ejus,
807 3296 907 3332 non
939 3288 1014 3332 est
1047 3278 1192 3331 salus
1216 3276 1312 3346 ipsi
1339 3280 1390 3330 in
1423 3277 1526 3331 Deo
1551 3277 1687 3345 ejus,
1722 3291 1865 3331 nunc
1889 3279 1980 3340 ait,
2034 3275 2143 3330 Den

2057 3276 2173 3330 9en-
2273 3275 2458 3339 αὑτοῦ,
2497 3277 2614 3328 οὐκ
2645 3276 2774 3328 ἐστι
2805 3278 3065 3344 σωτηρία
3089 3277 3252 3344 αὑτῷ
3276 3282 3352 3333 ἐν
3375 3283 3470 3349 τῷ
3505 3289 3565 3338 Θι

640 3379 714 3425 tes
769 3381 1101 3436 peccatorum
1159 3367 1469 3430 contrivisti,
1520 3369 1620 3421 hoc
1657 3375 1760 3430 est,
1810 3382 2084 3421 sermones
2121 3383 2148 3418 ε

2059 3383 2084 3420 s
2121 3376 2174 3420 et
2273 3365 2364 3419 νῦν
2391 3382 2551 3434 φησιν
2573 3381 2586 3394 ·
2634 3364 2898 3430 Ὁδόντας
2917 3363 3278 3434 ἁμαρτωλῶν
3304 3374 3564 3444 avt-etp

639 3458 948 3528 blasphema
987 3458 1128 3510 dicta
1158 3458 1440 3512 adversum
1493 3473 1574 3512 me
1615 3456 1845 3527 prolata
1871 3457 2134 3512 abstulisti

2051 3458 2134 3511 isti
2157 3473 2172 3520 ;
2270 3455 2551 3516 τέστιτοὺς
2569 3454 2754 3521 λόγους
2778 3455 2869 3506 καὶ
2896 3455 2992 3518 τὰς
3014 3458 3132 3510 κατ’
3151 3459 3287 3527 ἐμοῦ
3312 3461 3553 3538 βλασφη

640 3549 748 3600 imo
773 3563 922 3612 vero,
960 3562 1053 3600 eos
1093 3547 1181 3616 qui
1228 3547 1354 3598 talia
1382 3547 1664 3599 adversum
1697 3563 1780 3600 me
1828 3547 2147 3617 spargebant

2060 3555 2170 3609 ant,
2270 3548 2437 3610 εῖλας·
2475 3545 2608 3599 ἀλλὰ
2649 3546 2741 3599 καὶ
2774 3547 2966 3610 αὐτοὺς
3006 3550 3132 3612 τοὺς
3174 3555 3298 3604 κατ’
3336 3556 3492 3625 ἐμοῦ
3538 3577 3563 3611 τ

639 3639 830 3706 impios
860 3625 1110 3689 homines
1137 3636 1326 3690 alienis
1364 3637 1520 3689 malis
1553 3637 1864 3705 gaudentes,
1911 3637 2141 3690 contrivi

2055 3637 2174 3689 'ivia
2273 3635 2688 3705 φθεγξαμένους,
2715 3635 2927 3699 ἀσεϐεῖς
2955 3637 3114 3700 ὄντας
3157 3641 3252 3694 καὶ
3303 3645 3563 3720 ἐπιχαιρι

643 3727 734 3788 sti,
791 3739 1058 3793 vocesque
1098 3739 1283 3776 eorum
1344 3724 1657 3778 confudisti.
1705 3725 1888 3793 Neque
1920 3727 2050 3779 mihi
2083 3743 2150 3780 un

2083 3728 2172 3780 uni
2274 3727 2613 3796 συνέτριψας,
2653 3726 2745 3779 καὶ
2773 3726 2869 3791 τὰς
2893 3727 3074 3796 φωνὰς
3107 3731 3286 3785 αὐτῶν
3314 3737 3560 3809 κατῄσχπ

639 3823 762 3886 post
791 3815 996 3868 obitum
1025 3855 1040 3877 ,
1072 3815 1164 3869 sed
1193 3817 1349 3868 etiam
1382 3816 1652 3877 universo,
1684 3817 1775 3884 qui
1807 3826 1930 3871 tuus
1961 3817 2139 3871 futuru

2019 3825 2172 3872 turus
2271 3817 2330 3868 οὐ
2362 3815 2516 3886 μόνον
2546 3830 2608 3883 γε
2637 3813 2756 3884 ἐμοὶ
2785 3815 2920 3886 μετὰ
2951 3817 3010 3868 τὸ
3037 3821 3378 3891 κοιμηθῆναι
3421 3831 3523 3882 καὶ

637 3913 773 3966 erat,
804 3906 996 3973 popqu
1021 3908 1468 3959 resurrectionem
1507 3905 1726 3972 parasti.
1763 3903 2145 3959 Observandun

2053 3906 2171 3960 dum
2272 3907 2559 3976 παρέσχου,
2586 3905 2717 3958 ἀλλὰ
2748 3907 2840 3958 καὶ
2871 3907 3031 3960 παντὶ
3052 3909 3128 3978 τῷ
3175 3912 3444 3980 μέλλοντι
3498 3934 3561 3990 χε

637 4000 814 4048 autem
847 4002 950 4056 est,
969 3994 1087 4046 loco
1117 3994 1258 4047 illius
1285 3993 1451 4057 vocis,
1479 3992 1643 4054 salus,
1675 3989 1987 4047 llebraicam
2011 4009 2144 4049 usur

2051 4009 2174 4049 sur-
2273 4013 2364 4047 σου
2397 3995 2525 4065 λαῷ.
2574 3995 2847 4065 Τηρητέον
2888 3997 2943 4048 δὲ
2969 4035 2982 4060 ,
3019 3997 3127 4062 ὡς,
3165 4003 3287 4054 ἀντὶ
3321 4007 3432 4060 τοῦ
3471 3989 3559 4062 Σα

639 4091 821 4151 patam
877 4099 999 4138 esse
1046 4099 1252 4146 vocem,
1308 4099 1425 4152 qua:
1463 4099 1657 4137 nomen
1695 4082 1824 4136 Iesu
1877 4085 2126 4153 exprimit

2040 4085 2166 4140 mit:
2281 4085 2536 4156 Ἑϐραῖκὴ
2568 4087 2714 4156 φωνὴ
2743 4085 2817 4156 (1)
2844 4085 2904 4138 τὸ
2950 4089 3054 4141 τοῦ
3109 4093 3308 4158 Ἰησοῦ
3353 4096 3548 4169 ὄνομα

637 4181 798 4242 atque
824 4175 990 4228 totius
1023 4175 1212 4243 psalmi
1239 4176 1542 4237 terminum,
1575 4175 1682 4228 duo
1709 4175 1881 4243 capita
1917 4176 2145 4229 doctrinm

2051 4176 2172 4229 rinze
2270 4190 2399 4228 πται
2418 4193 2430 4204 ⁸
2463 4178 2555 4229 και
2586 4175 2649 4246 δὴ
2678 4176 2736 4228 τὸ
2767 4177 3136 4249 συμπέρασμα
3160 4183 3254 4236 τοῦ
3279 4189 3504 4254 παντὸς
3542 4191 3559 4242 ε

636 4263 952 4332 complecti;
1008 4265 1257 4318 nimirum
1307 4265 1554 4318 virtutem
1617 4264 1824 4318 Domini
1877 4266 2144 4319 salutarcu

2048 4281 2167 4319 ιιέιιι
2271 4283 2351 4336 χει
2381 4265 2745 4330 διδασκαλίας·
2784 4269 2862 4320 ὅτι
2895 4287 2951 4322 τε
2980 4272 3013 4338 ἡ
3046 4271 3139 4324 τοῦ
3173 4275 3390 4344 Κυρίου
3417 4282 3556 4333 δύνα

634 4365 789 4416 esse;
823 4353 1100 4422 ipsumque
1129 4355 1322 4424 populo
1357 4370 1474 4414 suo.
1502 4355 1592 4424 qui
1615 4371 1709 4424 per
1737 4357 1907 4424 ipsum
1943 4356 2142 4408 saluteu

2049 4363 2169 4408 item
2273 4357 2383 4426 ριός
2409 4357 2541 4418 ἐστι,
2573 4358 2664 4408 και
2686 4357 2766 4409 ὅτι
2797 4355 2955 4420 αὐτὸς
2981 4359 3057 4428 τῷ
3086 4358 3250 4415 αὐτοῦ
3285 4365 3433 4437 λαῷ,
3475 4372 3557 4440 τῷ

637 4450 961 4497 consecutus
1005 4453 1108 4506 est,
1151 4445 1570 4500 benedictionem
1605 4446 2020 4514 impertiturum.
2072 4445 2142 4499 Bc

2072 4445 2169 4499 Bc-
2273 4446 2610 4515 σεσωσμένῳ,
2641 4447 2738 4516 τὴν
2762 4447 3004 4514 εὐλογίαν
3035 4448 3283 4520 παρέξει.
3340 4457 3552 4528 Εὐλογί

637 4532 870 4587 nedictio
939 4541 1115 4586 autem
1162 4535 1457 4604 spiritualis
1514 4549 1733 4604 prorsus
1783 4541 1890 4594 est,
1945 4549 2010 4587 ex
2066 4535 2145 4587 hoc

2066 4535 2165 4588 hoc
2200 4533 2238 4586 D
2268 4552 2372 4596 τως
2416 4535 2752 4604 πνευματικὴ
2789 4533 2928 4588 κατὰ
2959 4537 3046 4588 τὸν
3088 4540 3422 4600 Ἀπόστολον
3454 4553 3557 4602 eis?

640 4625 876 4695 Apostoli
911 4626 1091 4678 dicto:
1127 4625 1435 4679 Benedictus
1483 4625 1620 4677 Deus
1652 4634 1700 4676 ct
1751 4623 1910 4676 Pater
1958 4623 2144 4676 Domiti

2047 4626 2168 4676 mini
2271 4624 2520 4692 .Iomtbc
2551 4628 2582 4676 ό
2613 4626 2753 4688 Θεὸς
2784 4625 2880 4677 καὶ
2912 4626 3112 4694 Πατὴρ
3135 4629 3243 4684 τοῦ
3265 4637 3510 4704 Κυρίου
3547 4661 3555 4693 ι

636 4720 802 4772 nostri
827 4718 954 4772 Jesu
987 4716 1204 4780 Christi,
1227 4720 1314 4785 qui
1339 4718 1599 4771 benedixit
1631 4733 1724 4768 nos
1755 4717 1807 4767 in
1841 4717 1978 4769 omni
2015 4717 2135 4768 bene

2047 4730 2166 4768 ene.
2272 4713 2386 4766 σοῦ
2413 4715 2664 4781 Χριστοῦ
2683 4731 2696 4744 ο
2723 4717 2754 4767 ό
2779 4716 3115 4784 εὐλογήσας
3150 4722 3310 4790 ἡμεῖς
3351 4729 3432 4781 ἐν
3471 4731 3555 4784 πά

635 4806 855 4860 dictione
878 4806 1141 4874 spirituali
1167 4807 1218 4858 in
1251 4806 1537 4859 caelestibus
1567 4806 1618 4857 in
1647 4803 1855 4855 Christo
1873 4801 1936 4854 ".
1969 4800 2131 4854 Proin

2047 4803 2165 4854 nin-
2271 4803 2366 4870 γίᾳ
2398 4806 2768 4874 πνευματικῇ
2802 4809 2872 4859 ἐν
2913 4811 3035 4874 τοῖς
3072 4809 3467 4888 ἐπουρανίοις
3501 4825 3555 4875 ἐι

637 4895 808 4963 deque
833 4897 886 4950 in
919 4897 1117 4952 Christi
1150 4905 1270 4950 ortu
1311 4896 1547 4967 Josepho
1577 4897 1778 4949 dictum
1825 4893 1924 4946 fuit
1967 4895 2033 4945 ab
2073 4908 2138 4945 an

2073 4908 2166 4945 an-
2275 4893 2459 4945 Ἔνθεν
2487 4894 2578 4946 ἐπὶ
2607 4891 2704 4964 τῆς
2748 4896 2841 4948 τοῦ
2870 4898 3115 4970 Σωτῆρος
3161 4906 3442 4974 γενέσεως
3482 4912 3553 4966 λέ]

639 4984 786 5051 gelo:
825 4984 891 5036 Et
923 4987 1129 5039 vocabis
1159 5003 1342 5040 nomen
1375 4988 1485 5056 ejus
1519 4985 1719 5047 Iesum,
1753 4983 1860 5051 ipse
1891 4981 2027 5034 enim
2057 4981 2140 5035 sal

2003 4999 2027 5033 ιι
2057 4981 2167 5035 sal-
2284 4982 2473 5053 Ἰωσὴφ
2507 4983 2608 5036 ὑπὸ
2629 4983 2718 5036 τοῦ
2753 4987 2982 5054 ἀγγέλου
3004 5005 3017 5019 ⁸
3066 4991 3178 5044 Καὶ
3212 4999 3511 5067 καλέσεις

638 5087 754 5125 eum
782 5073 936 5138 faciet
954 5077 1195 5143 populum
1225 5095 1375 5132 suum
1393 5079 1458 5142 ³⁷,
1491 5078 1583 5146 qui
1606 5076 1762 5131 etiam
1786 5074 1986 5142 populi,
2021 5071 2139 5125 beat

2044 5073 2160 5125 beati
2265 5071 2447 5123 αὑτοῦ
2509 5071 2771 5139 Ἰησοῦν
2816 5077 2996 5144 αὐτὸς
3022 5080 3130 5148 γὰρ
3172 5083 3361 5140 σώσει
3397 5093 3552 5146 τὸν.

638 5168 915 5215 vocantur.
951 5162 1074 5216 Haec
1115 5170 1494 5232 speculationis
1527 5182 1671 5220 more
1697 5165 1838 5218 dicta
1877 5171 2023 5217 sunt.
2056 5159 2146 5214 Po-

2056 5159 2159 5214 Ρο-
2267 5160 2389 5220 τοῦ,
2421 5159 2510 5224 οὓς
2539 5163 2630 5215 καὶ
2663 5166 2962 5237 μακαρίους
2989 5172 3017 5222 ό
3046 5171 3200 5238 λόγος
3246 5174 3484 5243 ἔφασκε.
3528 5184 3551 5233 Ἷ

638 5259 743 5304 test
773 5252 934 5305 etiam
969 5251 1074 5304 dici
1123 5255 1326 5321 isthzec,
1387 5278 1504 5330 qua:
1547 5267 1722 5312 tamen
1775 5252 2084 5324 prophetico
2133 5268 2146 5304 ι

2035 5268 2084 5306 :e
2133 5268 2162 5304 a
2267 5245 2357 5302 οὖν
2385 5266 2466 5312 τις
2485 5251 2622 5305 κατὰ
2645 5253 2871 5326 θεωρίαν
2898 5258 3003 5313 τῶν
3041 5263 3443 5333 προκειμένων.
3505 5273 3543 5323 Ε

641 5339 836 5394 Davide
867 5340 1214 5410 praenuntiata
1264 5345 1492 5414 fuerant,
1539 5348 1604 5402 ad
1662 5348 1892 5400 litteram
1944 5342 2149 5410 impleta

2042 5342 2160 5394 ileta
2267 5353 2348 5430 τις
2371 5341 2622 5430 και-πρὸς
2639 5342 2780 5410 λέξιν
2815 5346 3196 5419 πεπληρῶσθαι
3241 5355 3419 5410 αὐτάο
3469 5379 3550 5430 πρ

639 5428 803 5482 fuisse
840 5430 929 5482 illo
955 5439 1192 5497 tempore
1221 5446 1282 5484 ac
1314 5451 1490 5491 rerqu
1520 5437 1847 5497 conditione,
1867 5447 1988 5487 cum
2019 5430 2147 5484 ﬁlius

2041 5430 2159 5484 ilius
2272 5428 2367 5498 μὲν
2393 5428 2493 5485 ὑπὸ
2525 5432 2617 5486 τοῦ
2634 5433 2792 5489 Δαυῒδ
2821 5440 3165 5509 προφητικῶς
3197 5443 3256 5496 ἐν
3301 5451 3488 5521 καιρῷ
3518 5428 3549 5502 -νι

705 5539 746 5618 ζ’
790 5537 917 5592 Luc.
951 5537 1201 5618 “#28.”
1230 5541 1276 5618 ξ
1316 5543 1496 5599 Matth.
1518 5567 1599 5618 ivi,
1633 5549 1719 5602 ιι.
1753 5616 1770 5618 ᾗ
1796 5544 2016 5618 "_Psal.
2050 5558 2120 5596 vn
2143 5540 2213 5618 με

2009 5589 2016 5596 .
2050 5540 2243 5618 νιιερὃ.
2289 5541 2540 5618 __'°_Psal.
2575 5561 2852 5612 cxxxvln,
2879 5551 2965 5603 21.
3043 5552 3085 5583 ³¹
3123 5552 3313 5613 Matth.
3357 5564 3506 5618 x.40

647 5606 858 5659 "Joan.
887 5624 974 5665 xv,
1004 5607 1090 5659 23.
1167 5609 1210 5638 "
1230 5608 1383 5663 Prov.
1406 5629 1490 5675 xv,
1513 5605 1597 5671 32:
1675 5619 1716 5649 ⁸⁸
1750 5616 1889 5671 Psal.
1929 5629 2106 5675 xxxw,
2139 5613 2155 5663 1

2017 5629 2106 5675 ἱιν.
2139 5612 2221 5665 19·
2287 5610 2330 5641 ³⁸
2366 5610 2558 5680 Ειιιιοεο
2585 5633 2622 5684 ι,
2650 5625 2699 5678 3.
2765 5628 2806 5658 ιτ
2841 5605 3084 5692 ὶιειιιιω,
3118 5605 3313 5698 ειξ’“”
3357 5605 3525 5630 “””’

703 5695 780 5754 (il
807 5696 1061 5751 llebraica
1096 5713 1194 5752 vox
1223 5709 1306 5755 est
1339 5719 1348 5752 :
1383 5713 1571 5766 nam».
2567 5717 2582 5723 “
